  <div class='ocr_page' id='page_1' title='image "/cluster/home/n/w/nwhite01/storage/ocr_20150623/154:no.2/coo.31924054870591/176.png"; bbox 0 0 4056 6482; ppageno 0'>
   <div class='ocr_carea' id='block_1_1' title="bbox 471 352 2517 474">
    <p class='ocr_par' dir='ltr' id='par_1_1' title="bbox 471 352 2517 474">
     <span class='ocr_line' id='line_1_1' title="bbox 471 352 2517 474; baseline 0 -2"><span class='ocrx_word' id='word_1_1' title='bbox 471 409 538 472; x_wconf 80' lang='lat'><strong>31</strong></span> <span class='ocrx_word' id='word_1_2' title='bbox 1458 352 1481 363; x_wconf 23' lang='grc' dir='ltr'><strong>λ</strong></span> <span class='ocrx_word' id='word_1_3' title='bbox 1568 376 2112 471; x_wconf 76' lang='lat' dir='ltr'><strong>HISTORIARUM</strong></span> <span class='ocrx_word' id='word_1_4' title='bbox 2153 408 2384 471; x_wconf 79' lang='lat' dir='ltr'><strong>LIBER</strong></span> <span class='ocrx_word' id='word_1_5' title='bbox 2424 370 2517 474; x_wconf 79' lang='lat' dir='ltr'><strong>tv.</strong></span> 
     </span>
    </p>
   </div>
   <div class='ocr_carea' id='block_1_2' title="bbox 3564 387 3675 483">
    <p class='ocr_par' dir='ltr' id='par_1_2' title="bbox 3564 387 3675 483">
     <span class='ocr_line' id='line_1_2' title="bbox 3564 387 3675 483; baseline 0 -1"><span class='ocrx_word' id='word_1_6' title='bbox 3564 387 3675 483; x_wconf 68' lang='lat' dir='ltr'><strong>33a</strong></span> 
     </span>
    </p>
   </div>
   <div class='ocr_carea' id='block_1_3' title="bbox 433 488 2006 604">
    <p class='ocr_par' dir='ltr' id='par_1_3' title="bbox 433 488 2000 590">
     <span class='ocr_line' id='line_1_3' title="bbox 433 488 2000 590; baseline 0.003 -21"><span class='ocrx_word' id='word_1_7' title='bbox 433 516 675 588; x_wconf 64' lang='grc' dir='ltr'>ἠδυνήθη</span> <span class='ocrx_word' id='word_1_8' title='bbox 705 516 811 570; x_wconf 83' lang='grc' dir='ltr'><strong>τῶν</strong></span> <span class='ocrx_word' id='word_1_9' title='bbox 833 513 1064 571; x_wconf 81' lang='grc' dir='ltr'>δεόντων</span> <span class='ocrx_word' id='word_1_10' title='bbox 1094 488 1313 571; x_wconf 83' lang='grc' dir='ltr'>πάντων</span> <span class='ocrx_word' id='word_1_11' title='bbox 1339 532 1476 586; x_wconf 87' lang='grc' dir='ltr'>προς</span> <span class='ocrx_word' id='word_1_12' title='bbox 1504 517 1562 570; x_wconf 83' lang='grc' dir='ltr'><strong>ἐν</strong></span> <span class='ocrx_word' id='word_1_13' title='bbox 1584 515 1836 590; x_wconf 78' lang='grc' dir='ltr'><strong>ὁρώντων</strong></span> <span class='ocrx_word' id='word_1_14' title='bbox 1852 519 2000 582; x_wconf 87' lang='grc' dir='ltr'>ὅπως</span> 
     </span>
    </p>
   </div>
   <div class='ocr_carea' id='block_1_4' title="bbox 2107 488 3681 604">
    <p class='ocr_par' dir='ltr' id='par_1_4' title="bbox 2108 517 3681 604">
     <span class='ocr_line' id='line_1_4' title="bbox 2108 517 3681 604; baseline 0.011 -32"><span class='ocrx_word' id='word_1_15' title='bbox 2108 517 2477 575; x_wconf 87' lang='lat' dir='ltr'><strong>Barbarorum</strong></span> <span class='ocrx_word' id='word_1_16' title='bbox 2524 522 2780 591; x_wconf 99' lang='lat' dir='ltr'><strong>permulti</strong></span> <span class='ocrx_word' id='word_1_17' title='bbox 2829 523 2883 578; x_wconf 90' lang='lat' dir='ltr'><strong>in</strong></span> <span class='ocrx_word' id='word_1_18' title='bbox 2940 518 3171 583; x_wconf 66' lang='lat' dir='ltr'><strong>transitu</strong></span> <span class='ocrx_word' id='word_1_19' title='bbox 3219 528 3362 599; x_wconf 90' lang='lat' dir='ltr'><strong>apud</strong></span> <span class='ocrx_word' id='word_1_20' title='bbox 3396 524 3681 604; x_wconf 74' lang='lat' dir='ltr'><strong>Philippr</strong></span> 
     </span>
    </p>
   </div>
   <div class='ocr_carea' id='block_1_5' title="bbox 434 608 2000 681">
    <p class='ocr_par' dir='ltr' id='par_1_5' title="bbox 434 608 2000 681">
     <span class='ocr_line' id='line_1_5' title="bbox 434 608 2000 681; baseline 0 -18"><span class='ocrx_word' id='word_1_21' title='bbox 434 611 501 680; x_wconf 79' lang='grc' dir='ltr'><strong>τῇ</strong></span> <span class='ocrx_word' id='word_1_22' title='bbox 531 612 676 678; x_wconf 78' lang='grc' dir='ltr'>φυγῇ</span> <span class='ocrx_word' id='word_1_23' title='bbox 728 609 994 664; x_wconf 84' lang='grc' dir='ltr'>σωθῶσιν.</span> <span class='ocrx_word' id='word_1_24' title='bbox 1041 608 1381 677; x_wconf 82' lang='grc' dir='ltr'>Ἀναγκαίως</span> <span class='ocrx_word' id='word_1_25' title='bbox 1415 609 1471 664; x_wconf 87' lang='grc' dir='ltr'><strong>δέ</strong></span> <span class='ocrx_word' id='word_1_26' title='bbox 1498 609 1661 673; x_wconf 81' lang='grc' dir='ltr'>αὐτὸς</span> <span class='ocrx_word' id='word_1_27' title='bbox 1716 609 1809 665; x_wconf 74' lang='grc' dir='ltr'>καὶ</span> <span class='ocrx_word' id='word_1_28' title='bbox 1838 609 2000 681; x_wconf 80' lang='grc' dir='ltr'>μόνος</span> 
     </span>
    </p>
   </div>
   <div class='ocr_carea' id='block_1_6' title="bbox 434 699 2001 774">
    <p class='ocr_par' dir='ltr' id='par_1_6' title="bbox 434 699 2001 774">
     <span class='ocr_line' id='line_1_6' title="bbox 434 699 2001 774; baseline 0.001 -20"><span class='ocrx_word' id='word_1_29' title='bbox 434 699 798 754; x_wconf 67' lang='grc' dir='ltr'><strong>συνεπλέκετο</strong></span> <span class='ocrx_word' id='word_1_30' title='bbox 827 704 941 763; x_wconf 78' lang='grc' dir='ltr'>τοῖς</span> <span class='ocrx_word' id='word_1_31' title='bbox 971 702 1207 764; x_wconf 75' lang='grc' dir='ltr'>ἐπιοῦσι,</span> <span class='ocrx_word' id='word_1_32' title='bbox 1248 704 1342 756; x_wconf 59' lang='grc' dir='ltr'><strong>καὶ¹</strong></span> <span class='ocrx_word' id='word_1_33' title='bbox 1366 704 1586 772; x_wconf 83' lang='grc' dir='ltr'><strong>ἀνεῖργε</strong></span> <span class='ocrx_word' id='word_1_34' title='bbox 1618 703 1713 756; x_wconf 81' lang='grc' dir='ltr'><strong>τοῦ</strong></span> <span class='ocrx_word' id='word_1_35' title='bbox 1747 702 1823 774; x_wconf 75' lang='grc' dir='ltr'>μὴ</span> <span class='ocrx_word' id='word_1_36' title='bbox 1875 705 2001 766; x_wconf 76' lang='grc' dir='ltr'>τοὺς</span> 
     </span>
    </p>
   </div>
   <div class='ocr_carea' id='block_1_7' title="bbox 435 793 2004 867">
    <p class='ocr_par' dir='ltr' id='par_1_7' title="bbox 435 793 2004 867">
     <span class='ocr_line' id='line_1_7' title="bbox 435 793 2004 867; baseline 0.003 -21"><span class='ocrx_word' id='word_1_37' title='bbox 435 793 738 862; x_wconf 76' lang='grc' dir='ltr'>φεύγοντας</span> <span class='ocrx_word' id='word_1_38' title='bbox 796 795 1133 866; x_wconf 75' lang='grc' dir='ltr'><strong>διαφθείρειν</strong></span> <span class='ocrx_word' id='word_1_39' title='bbox 1200 795 1485 849; x_wconf 72' lang='grc' dir='ltr'>ἐπι-πλέον.</span> <span class='ocrx_word' id='word_1_40' title='bbox 1544 796 1740 867; x_wconf 83' lang='grc' dir='ltr'><strong>Ὅμως</strong></span> <span class='ocrx_word' id='word_1_41' title='bbox 1781 795 2004 865; x_wconf 81' lang='grc' dir='ltr'>διεφθά-</span> 
     </span>
    </p>
   </div>
   <div class='ocr_carea' id='block_1_8' title="bbox 436 885 1999 956">
    <p class='ocr_par' dir='ltr' id='par_1_8' title="bbox 436 885 1999 956">
     <span class='ocr_line' id='line_1_8' title="bbox 436 885 1999 956; baseline 0.003 -20"><span class='ocrx_word' id='word_1_42' title='bbox 436 901 607 956; x_wconf 78' lang='grc' dir='ltr'>ρησαν</span> <span class='ocrx_word' id='word_1_43' title='bbox 634 887 727 939; x_wconf 78' lang='grc' dir='ltr'>καὶ</span> <span class='ocrx_word' id='word_1_44' title='bbox 789 885 1081 955; x_wconf 85' lang='grc' dir='ltr'>Ῥωμαίων</span> <span class='ocrx_word' id='word_1_45' title='bbox 1143 889 1237 941; x_wconf 76' lang='grc' dir='ltr'><strong>καὶ</strong></span> <span class='ocrx_word' id='word_1_46' title='bbox 1277 887 1580 956; x_wconf 76' lang='grc' dir='ltr'>Βαρὸἀρων</span> <span class='ocrx_word' id='word_1_47' title='bbox 1638 890 1737 941; x_wconf 87' lang='grc' dir='ltr'>οὐκ</span> <span class='ocrx_word' id='word_1_48' title='bbox 1788 889 1999 955; x_wconf 76' lang='grc' dir='ltr'>ὀλίγοιο</span> 
     </span>
    </p>
   </div>
   <div class='ocr_carea' id='block_1_9' title="bbox 439 978 2001 1052">
    <p class='ocr_par' dir='ltr' id='par_1_9' title="bbox 439 978 2001 1052">
     <span class='ocr_line' id='line_1_9' title="bbox 439 978 2001 1052; baseline 0.001 -20"><span class='ocrx_word' id='word_1_49' title='bbox 439 979 675 1050; x_wconf 81' lang='grc' dir='ltr'>μάλιστα</span> <span class='ocrx_word' id='word_1_50' title='bbox 714 979 771 1033; x_wconf 85' lang='grc' dir='ltr'>δὲ</span> <span class='ocrx_word' id='word_1_51' title='bbox 805 979 949 1034; x_wconf 86' lang='grc' dir='ltr'><strong>κατά</strong></span> <span class='ocrx_word' id='word_1_52' title='bbox 970 979 1070 1051; x_wconf 79' lang='grc' dir='ltr'>τὴν</span> <span class='ocrx_word' id='word_1_53' title='bbox 1089 980 1261 1034; x_wconf 90' lang='grc' dir='ltr'>δίοδον</span> <span class='ocrx_word' id='word_1_54' title='bbox 1294 980 1393 1052; x_wconf 83' lang='grc' dir='ltr'>τὴν</span> <span class='ocrx_word' id='word_1_55' title='bbox 1427 983 1482 1034; x_wconf 85' lang='grc' dir='ltr'><strong>ἐν</strong></span> <span class='ocrx_word' id='word_1_56' title='bbox 1532 978 1824 1034; x_wconf 75' lang='grc' dir='ltr'>Φιλίππου.</span> <span class='ocrx_word' id='word_1_57' title='bbox 1863 980 2001 1050; x_wconf 83' lang='grc' dir='ltr'>Ἤδη</span> 
     </span>
    </p>
   </div>
   <div class='ocr_carea' id='block_1_10' title="bbox 433 1071 2004 1143">
    <p class='ocr_par' dir='ltr' id='par_1_10' title="bbox 433 1071 2004 1143">
     <span class='ocr_line' id='line_1_10' title="bbox 433 1071 2004 1143; baseline 0.001 -18"><span class='ocrx_word' id='word_1_58' title='bbox 433 1074 543 1143; x_wconf 73' lang='grc' dir='ltr'><strong>γὰρ</strong></span> <span class='ocrx_word' id='word_1_59' title='bbox 574 1071 669 1125; x_wconf 75' lang='grc' dir='ltr'>καὶ</span> <span class='ocrx_word' id='word_1_60' title='bbox 702 1072 1062 1143; x_wconf 75' lang='grc' dir='ltr'>Φιλιππήσιοι</span> <span class='ocrx_word' id='word_1_61' title='bbox 1122 1072 1231 1125; x_wconf 80' lang='grc' dir='ltr'><strong>τῶν</strong></span> <span class='ocrx_word' id='word_1_62' title='bbox 1280 1071 1588 1143; x_wconf 74' lang='grc' dir='ltr'>Βαρϐάρων</span> <span class='ocrx_word' id='word_1_63' title='bbox 1648 1072 1750 1140; x_wconf 80' lang='grc' dir='ltr'>τῆς</span> <span class='ocrx_word' id='word_1_64' title='bbox 1795 1073 2004 1142; x_wconf 81' lang='grc' dir='ltr'>τροπῆς</span> 
     </span>
    </p>
   </div>
   <div class='ocr_carea' id='block_1_11' title="bbox 436 1161 2002 1234">
    <p class='ocr_par' dir='ltr' id='par_1_11' title="bbox 436 1161 2002 1234">
     <span class='ocr_line' id='line_1_11' title="bbox 436 1161 2002 1234; baseline -0.001 -17"><span class='ocrx_word' id='word_1_65' title='bbox 436 1162 752 1233; x_wconf 74' lang='grc' dir='ltr'>αίσθόμενοι</span> <span class='ocrx_word' id='word_1_66' title='bbox 819 1163 1106 1216; x_wconf 78' lang='grc' dir='ltr'><strong>ἐπέκειντο</strong></span> <span class='ocrx_word' id='word_1_67' title='bbox 1160 1163 1257 1217; x_wconf 73' lang='grc' dir='ltr'>καὶ</span> <span class='ocrx_word' id='word_1_68' title='bbox 1309 1162 1615 1234; x_wconf 55' lang='grc' dir='ltr'>διέᾳθειρον</span> <span class='ocrx_word' id='word_1_69' title='bbox 1667 1161 2002 1231; x_wconf 79' lang='grc' dir='ltr'><strong>ἁπανταχοῦ.</strong></span> 
     </span>
    </p>
   </div>
   <div class='ocr_carea' id='block_1_12' title="bbox 437 1253 2004 1326">
    <p class='ocr_par' dir='ltr' id='par_1_12' title="bbox 437 1253 2004 1326">
     <span class='ocr_line' id='line_1_12' title="bbox 437 1253 2004 1326; baseline -0.003 -18"><span class='ocrx_word' id='word_1_70' title='bbox 437 1253 703 1318; x_wconf 76' lang='grc' dir='ltr'>Βασιλεὺς</span> <span class='ocrx_word' id='word_1_71' title='bbox 732 1255 788 1309; x_wconf 81' lang='grc' dir='ltr'>δὲ</span> <span class='ocrx_word' id='word_1_72' title='bbox 848 1255 1218 1325; x_wconf 76' lang='grc' dir='ltr'><strong>ἀμυνόμενος,</strong></span> <span class='ocrx_word' id='word_1_73' title='bbox 1274 1254 1371 1308; x_wconf 64' lang='grc' dir='ltr'><strong>καλ⁵</strong></span> <span class='ocrx_word' id='word_1_74' title='bbox 1412 1253 1733 1326; x_wconf 84' lang='grc' dir='ltr'>περισώζων</span> <span class='ocrx_word' id='word_1_75' title='bbox 1789 1254 2004 1320; x_wconf 69' lang='grc' dir='ltr'>ἑαυτὸν,</span> 
     </span>
    </p>
   </div>
   <div class='ocr_carea' id='block_1_13' title="bbox 438 1345 2006 1420">
    <p class='ocr_par' dir='ltr' id='par_1_13' title="bbox 438 1345 2006 1420">
     <span class='ocr_line' id='line_1_13' title="bbox 438 1345 2006 1420; baseline -0.001 -19"><span class='ocrx_word' id='word_1_76' title='bbox 438 1347 527 1420; x_wconf 74' lang='grc' dir='ltr'>ᾔει</span> <span class='ocrx_word' id='word_1_77' title='bbox 560 1349 654 1401; x_wconf 78' lang='grc' dir='ltr'>καὶ</span> <span class='ocrx_word' id='word_1_78' title='bbox 693 1348 859 1409; x_wconf 70' lang='grc' dir='ltr'>αὐτὸς</span> <span class='ocrx_word' id='word_1_79' title='bbox 889 1349 990 1419; x_wconf 80' lang='grc' dir='ltr'>τὴν</span> <span class='ocrx_word' id='word_1_80' title='bbox 1055 1351 1136 1411; x_wconf 85' lang='grc' dir='ltr'><strong>είς</strong></span> <span class='ocrx_word' id='word_1_81' title='bbox 1174 1348 1470 1402; x_wconf 73' lang='grc' dir='ltr'>Φιλίππου.</span> <span class='ocrx_word' id='word_1_82' title='bbox 1519 1348 1915 1417; x_wconf 75' lang='grc' dir='ltr'>’Δπειρηκότος</span> <span class='ocrx_word' id='word_1_83' title='bbox 1948 1345 2006 1400; x_wconf 78' lang='grc' dir='ltr'>δὲ</span> 
     </span>
    </p>
   </div>
   <div class='ocr_carea' id='block_1_14' title="bbox 442 1440 2007 1511">
    <p class='ocr_par' dir='ltr' id='par_1_14' title="bbox 442 1440 2007 1511">
     <span class='ocr_line' id='line_1_14' title="bbox 442 1440 2007 1511; baseline -0.001 -16"><span class='ocrx_word' id='word_1_84' title='bbox 442 1440 590 1511; x_wconf 86' lang='grc' dir='ltr'><strong>αὐτῷ</strong></span> <span class='ocrx_word' id='word_1_85' title='bbox 645 1440 740 1494; x_wconf 82' lang='grc' dir='ltr'><strong>τοῦ</strong></span> <span class='ocrx_word' id='word_1_86' title='bbox 767 1441 937 1494; x_wconf 76' lang='grc' dir='ltr'>ἵππου</span> <span class='ocrx_word' id='word_1_87' title='bbox 973 1441 1094 1504; x_wconf 83' lang='grc' dir='ltr'>ταῖς</span> <span class='ocrx_word' id='word_1_88' title='bbox 1118 1442 1343 1510; x_wconf 76' lang='grc' dir='ltr'>συχναῖς</span> <span class='ocrx_word' id='word_1_89' title='bbox 1373 1441 1588 1508; x_wconf 75' lang='grc' dir='ltr'><strong>ἐφόδοις</strong></span> <span class='ocrx_word' id='word_1_90' title='bbox 1613 1441 1708 1492; x_wconf 61' lang='grc' dir='ltr'><strong>καὶ⁵</strong></span> <span class='ocrx_word' id='word_1_91' title='bbox 1739 1440 2007 1508; x_wconf 74' lang='grc' dir='ltr'>ἐπεκδρα-</span> 
     </span>
    </p>
   </div>
   <div class='ocr_carea' id='block_1_15' title="bbox 444 1530 2010 1603">
    <p class='ocr_par' dir='ltr' id='par_1_15' title="bbox 444 1530 2010 1603">
     <span class='ocr_line' id='line_1_15' title="bbox 444 1530 2010 1603; baseline -0.002 -18"><span class='ocrx_word' id='word_1_92' title='bbox 444 1535 591 1602; x_wconf 86' lang='grc' dir='ltr'>μαῖς,</span> <span class='ocrx_word' id='word_1_93' title='bbox 618 1533 714 1586; x_wconf 82' lang='grc' dir='ltr'>καὶ</span> <span class='ocrx_word' id='word_1_94' title='bbox 758 1535 815 1584; x_wconf 86' lang='grc' dir='ltr'>ὲν</span> <span class='ocrx_word' id='word_1_95' title='bbox 863 1531 1151 1603; x_wconf 78' lang='grc' dir='ltr'><strong>ἀμηχανίᾳ</strong></span> <span class='ocrx_word' id='word_1_96' title='bbox 1202 1530 1303 1602; x_wconf 80' lang='grc' dir='ltr'><strong>ήδη</strong></span> <span class='ocrx_word' id='word_1_97' title='bbox 1360 1530 1497 1596; x_wconf 76' lang='grc' dir='ltr'>ὄντι,</span> <span class='ocrx_word' id='word_1_98' title='bbox 1540 1531 2010 1599; x_wconf 78' lang='grc' dir='ltr'>Κυπαρισσιώτης</span> 
     </span>
    </p>
   </div>
   <div class='ocr_carea' id='block_1_16' title="bbox 439 1622 2008 1697">
    <p class='ocr_par' dir='ltr' id='par_1_16' title="bbox 439 1622 2008 1697">
     <span class='ocr_line' id='line_1_16' title="bbox 439 1622 2008 1697; baseline -0.003 -18"><span class='ocrx_word' id='word_1_99' title='bbox 439 1622 521 1688; x_wconf 71' lang='grc' dir='ltr'>εἷς</span> <span class='ocrx_word' id='word_1_100' title='bbox 546 1626 655 1679; x_wconf 83' lang='grc' dir='ltr'><strong>τῶν</strong></span> <span class='ocrx_word' id='word_1_101' title='bbox 694 1626 947 1691; x_wconf 75' lang='grc' dir='ltr'>οἰκετῶν,</span> <span class='ocrx_word' id='word_1_102' title='bbox 979 1625 1111 1697; x_wconf 79' lang='grc' dir='ltr'>περὶ</span> <span class='ocrx_word' id='word_1_103' title='bbox 1164 1624 1456 1696; x_wconf 74' lang='grc' dir='ltr'>στρατείας</span> <span class='ocrx_word' id='word_1_104' title='bbox 1480 1623 1581 1694; x_wconf 81' lang='grc' dir='ltr'>μὲν</span> <span class='ocrx_word' id='word_1_105' title='bbox 1620 1624 1715 1676; x_wconf 77' lang='grc' dir='ltr'>καὶ</span> <span class='ocrx_word' id='word_1_106' title='bbox 1750 1623 1929 1693; x_wconf 78' lang='grc' dir='ltr'>μάγας</span> <span class='ocrx_word' id='word_1_107' title='bbox 1946 1623 2008 1676; x_wconf 85' lang='grc' dir='ltr'>οὐ</span> 
     </span>
    </p>
   </div>
   <div class='ocr_carea' id='block_1_17' title="bbox 442 1714 2010 1789">
    <p class='ocr_par' dir='ltr' id='par_1_17' title="bbox 442 1714 2010 1789">
     <span class='ocr_line' id='line_1_17' title="bbox 442 1714 2010 1789; baseline -0.002 -18"><span class='ocrx_word' id='word_1_108' title='bbox 442 1718 675 1789; x_wconf 86' lang='grc' dir='ltr'>μάλιστα</span> <span class='ocrx_word' id='word_1_109' title='bbox 703 1716 1101 1788; x_wconf 70' lang='grc' dir='ltr'>ἠσχολημένος,</span> <span class='ocrx_word' id='word_1_110' title='bbox 1129 1715 1311 1785; x_wconf 81' lang='grc' dir='ltr'>λόγοις</span> <span class='ocrx_word' id='word_1_111' title='bbox 1336 1715 1394 1770; x_wconf 77' lang='grc' dir='ltr'><strong>δέ</strong></span> <span class='ocrx_word' id='word_1_112' title='bbox 1416 1714 1752 1789; x_wconf 83' lang='grc' dir='ltr'>ἐσχολακὼς,</span> <span class='ocrx_word' id='word_1_113' title='bbox 1783 1714 2010 1780; x_wconf 79' lang='grc' dir='ltr'>διέσωζε</span> 
     </span>
    </p>
   </div>
   <div class='ocr_carea' id='block_1_18' title="bbox 438 1804 2011 1881">
    <p class='ocr_par' dir='ltr' id='par_1_18' title="bbox 438 1804 2011 1881">
     <span class='ocr_line' id='line_1_18' title="bbox 438 1804 2011 1881; baseline -0.004 -17"><span class='ocrx_word' id='word_1_114' title='bbox 438 1811 499 1864; x_wconf 85' lang='grc' dir='ltr'><strong>τό</strong></span> <span class='ocrx_word' id='word_1_115' title='bbox 535 1826 597 1878; x_wconf 87' lang='grc' dir='ltr'><strong>γε</strong></span> <span class='ocrx_word' id='word_1_116' title='bbox 629 1804 766 1881; x_wconf 79' lang='grc' dir='ltr'>ἧκον</span> <span class='ocrx_word' id='word_1_117' title='bbox 801 1811 882 1874; x_wconf 85' lang='grc' dir='ltr'><strong>είς</strong></span> <span class='ocrx_word' id='word_1_118' title='bbox 898 1809 1084 1863; x_wconf 80' lang='grc' dir='ltr'>αὐτόν.</span> <span class='ocrx_word' id='word_1_119' title='bbox 1120 1807 1358 1871; x_wconf 80' lang='grc' dir='ltr'>Ἀποδάς</span> <span class='ocrx_word' id='word_1_120' title='bbox 1379 1808 1490 1878; x_wconf 80' lang='grc' dir='ltr'><strong>γὰρ</strong></span> <span class='ocrx_word' id='word_1_121' title='bbox 1514 1807 1680 1871; x_wconf 76' lang='grc' dir='ltr'>αὐτὸς</span> <span class='ocrx_word' id='word_1_122' title='bbox 1696 1806 1794 1861; x_wconf 89' lang='grc' dir='ltr'><strong>τοῦ</strong></span> <span class='ocrx_word' id='word_1_123' title='bbox 1811 1806 2011 1872; x_wconf 82' lang='grc' dir='ltr'>ῐππου,</span> 
     </span>
    </p>
   </div>
   <div class='ocr_carea' id='block_1_19' title="bbox 443 1900 2007 2000">
    <p class='ocr_par' dir='ltr' id='par_1_19' title="bbox 443 1900 2007 2000">
     <span class='ocr_line' id='line_1_19' title="bbox 443 1900 2007 2000; baseline 0 -42"><span class='ocrx_word' id='word_1_124' title='bbox 443 1923 517 1959; x_wconf 90' lang='grc' dir='ltr'><strong>πα</strong></span> <span class='ocrx_word' id='word_1_125' title='bbox 527 1902 743 1985; x_wconf 36' lang='grc' dir='ltr'>ρείχετο,</span> <span class='ocrx_word' id='word_1_126' title='bbox 765 1906 842 1976; x_wconf 83' lang='grc' dir='ltr'>τῷ</span> <span class='ocrx_word' id='word_1_127' title='bbox 878 1904 1113 1976; x_wconf 81' lang='grc' dir='ltr'>βασιλεῖ,</span> <span class='ocrx_word' id='word_1_128' title='bbox 1135 1907 1216 1969; x_wconf 74' lang='grc' dir='ltr'><strong>εἰς</strong></span> <span class='ocrx_word' id='word_1_129' title='bbox 1236 1900 1375 1976; x_wconf 82' lang='grc' dir='ltr'><strong>προῦ</strong></span> <span class='ocrx_word' id='word_1_130' title='bbox 1386 1921 1517 1958; x_wconf 88' lang='grc' dir='ltr'>πτον</span> <span class='ocrx_word' id='word_1_131' title='bbox 1545 1902 1794 2000; x_wconf 50' lang='grc' dir='ltr'>κᾶνδυνο]</span> <span class='ocrx_word' id='word_1_132' title='bbox 1813 1903 2007 1958; x_wconf 71' lang='grc' dir='ltr'>ἑαυτὸν</span> 
     </span>
    </p>
   </div>
   <div class='ocr_carea' id='block_1_20' title="bbox 446 1996 2006 2069">
    <p class='ocr_par' dir='ltr' id='par_1_20' title="bbox 446 1996 2006 2069">
     <span class='ocr_line' id='line_1_20' title="bbox 446 1996 2006 2069; baseline -0.004 -16"><span class='ocrx_word' id='word_1_133' title='bbox 446 2000 618 2059; x_wconf 68' lang='grc' dir='ltr'>ἑκοντὶ</span> <span class='ocrx_word' id='word_1_134' title='bbox 640 1999 1108 2069; x_wconf 83' lang='grc' dir='ltr'>καταπροέμενος.</span> <span class='ocrx_word' id='word_1_135' title='bbox 1146 1998 1355 2052; x_wconf 83' lang='grc' dir='ltr'>Λύτίκα</span> <span class='ocrx_word' id='word_1_136' title='bbox 1404 1998 1514 2069; x_wconf 78' lang='grc' dir='ltr'><strong>γὰρ</strong></span> <span class='ocrx_word' id='word_1_137' title='bbox 1544 1997 1651 2051; x_wconf 78' lang='grc' dir='ltr'><strong>ὑπὸ</strong></span> <span class='ocrx_word' id='word_1_138' title='bbox 1680 1996 1790 2051; x_wconf 69' lang='grc' dir='ltr'><strong>τῶν</strong></span> <span class='ocrx_word' id='word_1_139' title='bbox 1827 1996 2006 2050; x_wconf 88' lang='grc' dir='ltr'>ἐπιόν.</span> 
     </span>
    </p>
   </div>
   <div class='ocr_carea' id='block_1_21' title="bbox 442 2076 2011 2163">
    <p class='ocr_par' dir='ltr' id='par_1_21' title="bbox 442 2076 2011 2163">
     <span class='ocr_line' id='line_1_21' title="bbox 442 2076 2011 2163; baseline -0.001 -19"><span class='ocrx_word' id='word_1_140' title='bbox 442 2109 546 2145; x_wconf 85' lang='grc' dir='ltr'><strong>των</strong></span> <span class='ocrx_word' id='word_1_141' title='bbox 569 2091 857 2163; x_wconf 75' lang='grc' dir='ltr'>Τριϐαλῶν</span> <span class='ocrx_word' id='word_1_142' title='bbox 889 2076 1352 2160; x_wconf 56' lang='grc' dir='ltr'>συνελαμβάνετο.</span> <span class='ocrx_word' id='word_1_143' title='bbox 1387 2091 1491 2145; x_wconf 76' lang='grc' dir='ltr'><strong>Καὶ</strong></span> <span class='ocrx_word' id='word_1_144' title='bbox 1523 2089 1902 2161; x_wconf 85' lang='grc' dir='ltr'>δεσμωτήριον</span> <span class='ocrx_word' id='word_1_145' title='bbox 1929 2089 2011 2143; x_wconf 77' lang='lat' dir='ltr'><strong>oi-</strong></span> 
     </span>
    </p>
   </div>
   <div class='ocr_carea' id='block_1_22' title="bbox 441 2178 2004 2252">
    <p class='ocr_par' dir='ltr' id='par_1_22' title="bbox 441 2178 2004 2252">
     <span class='ocr_line' id='line_1_22' title="bbox 441 2178 2004 2252; baseline -0.001 -16"><span class='ocrx_word' id='word_1_146' title='bbox 441 2185 612 2252; x_wconf 86' lang='grc' dir='ltr'>κήσας</span> <span class='ocrx_word' id='word_1_147' title='bbox 641 2183 733 2236; x_wconf 72' lang='grc' dir='ltr'>ἐπὶ</span> <span class='ocrx_word' id='word_1_148' title='bbox 759 2183 971 2251; x_wconf 85' lang='grc' dir='ltr'>χρόνον,</span> <span class='ocrx_word' id='word_1_149' title='bbox 996 2178 1151 2245; x_wconf 72' lang='grc' dir='ltr'>αὖθις</span> <span class='ocrx_word' id='word_1_150' title='bbox 1179 2182 1399 2235; x_wconf 76' lang='grc' dir='ltr'>ἐλέλυτο</span> <span class='ocrx_word' id='word_1_151' title='bbox 1430 2181 1537 2234; x_wconf 76' lang='grc' dir='ltr'>ὑπὸ</span> <span class='ocrx_word' id='word_1_152' title='bbox 1561 2182 1668 2234; x_wconf 85' lang='grc' dir='ltr'>τῶν</span> <span class='ocrx_word' id='word_1_153' title='bbox 1693 2179 2004 2250; x_wconf 81' lang='grc' dir='ltr'>κατασχόν-</span> 
     </span>
    </p>
   </div>
   <div class='ocr_carea' id='block_1_23' title="bbox 438 2272 2010 2346">
    <p class='ocr_par' dir='ltr' id='par_1_23' title="bbox 438 2272 2010 2346">
     <span class='ocr_line' id='line_1_23' title="bbox 438 2272 2010 2346; baseline -0.002 -17"><span class='ocrx_word' id='word_1_154' title='bbox 438 2294 546 2329; x_wconf 89' lang='grc' dir='ltr'><strong>των</strong></span> <span class='ocrx_word' id='word_1_155' title='bbox 582 2276 669 2329; x_wconf 76' lang='grc' dir='ltr'><strong>διὰ</strong></span> <span class='ocrx_word' id='word_1_156' title='bbox 694 2273 792 2346; x_wconf 84' lang='grc' dir='ltr'>τὴν</span> <span class='ocrx_word' id='word_1_157' title='bbox 818 2276 949 2344; x_wconf 64' lang='grc' dir='ltr'><strong>περλ⁵</strong></span> <span class='ocrx_word' id='word_1_158' title='bbox 993 2276 1095 2344; x_wconf 81' lang='grc' dir='ltr'>τὴν</span> <span class='ocrx_word' id='word_1_159' title='bbox 1148 2276 1332 2327; x_wconf 86' lang='grc' dir='ltr'>πίστιν</span> <span class='ocrx_word' id='word_1_160' title='bbox 1384 2274 1686 2328; x_wconf 85' lang='grc' dir='ltr'>κοινωνίαν.</span> <span class='ocrx_word' id='word_1_161' title='bbox 1740 2272 2010 2336; x_wconf 81' lang='grc' dir='ltr'>Βασιλεὺς</span> 
     </span>
    </p>
   </div>
   <div class='ocr_carea' id='block_1_24' title="bbox 440 2365 2007 2439">
    <p class='ocr_par' dir='ltr' id='par_1_24' title="bbox 440 2365 2007 2439">
     <span class='ocr_line' id='line_1_24' title="bbox 440 2365 2007 2439; baseline -0.003 -17"><span class='ocrx_word' id='word_1_162' title='bbox 440 2367 497 2422; x_wconf 76' lang='grc' dir='ltr'><strong>δέ</strong></span> <span class='ocrx_word' id='word_1_163' title='bbox 522 2368 811 2439; x_wconf 84' lang='grc' dir='ltr'>γενόμενος</span> <span class='ocrx_word' id='word_1_164' title='bbox 864 2367 992 2438; x_wconf 74' lang='grc' dir='ltr'>ἄχρι</span> <span class='ocrx_word' id='word_1_165' title='bbox 1030 2367 1130 2436; x_wconf 80' lang='grc' dir='ltr'>τῆς</span> <span class='ocrx_word' id='word_1_166' title='bbox 1159 2367 1431 2420; x_wconf 79' lang='grc' dir='ltr'>Φιλίππου</span> <span class='ocrx_word' id='word_1_167' title='bbox 1469 2366 1651 2438; x_wconf 80' lang='grc' dir='ltr'>μόνος,</span> <span class='ocrx_word' id='word_1_168' title='bbox 1680 2367 1804 2420; x_wconf 77' lang='grc' dir='ltr'>ἐπεὶ</span> <span class='ocrx_word' id='word_1_169' title='bbox 1830 2365 1929 2435; x_wconf 87' lang='grc' dir='ltr'><strong>τήν</strong></span> <span class='ocrx_word' id='word_1_170' title='bbox 1948 2381 2007 2418; x_wconf 87' lang='grc' dir='ltr'><strong>τε</strong></span> 
     </span>
    </p>
   </div>
   <div class='ocr_carea' id='block_1_25' title="bbox 437 2454 2009 2529">
    <p class='ocr_par' dir='ltr' id='par_1_25' title="bbox 437 2454 2009 2529">
     <span class='ocr_line' id='line_1_25' title="bbox 437 2454 2009 2529; baseline -0.002 -18"><span class='ocrx_word' id='word_1_171' title='bbox 437 2458 609 2512; x_wconf 83' lang='grc' dir='ltr'>δίοδον</span> <span class='ocrx_word' id='word_1_172' title='bbox 668 2458 817 2529; x_wconf 84' lang='grc' dir='ltr'>έώρα</span> <span class='ocrx_word' id='word_1_173' title='bbox 866 2459 1158 2528; x_wconf 77' lang='grc' dir='ltr'>ἐχομένην,</span> <span class='ocrx_word' id='word_1_174' title='bbox 1233 2460 1327 2510; x_wconf 73' lang='grc' dir='ltr'>καὶ</span> <span class='ocrx_word' id='word_1_175' title='bbox 1373 2455 1499 2510; x_wconf 72' lang='grc' dir='ltr'>οὗτε</span> <span class='ocrx_word' id='word_1_176' title='bbox 1546 2454 1830 2526; x_wconf 73' lang='grc' dir='ltr'>βιάζεσθαι</span> <span class='ocrx_word' id='word_1_177' title='bbox 1880 2455 2009 2526; x_wconf 79' lang='grc' dir='ltr'>ἐνῆν</span> 
     </span>
    </p>
   </div>
   <div class='ocr_carea' id='block_1_26' title="bbox 436 2549 2010 2619">
    <p class='ocr_par' dir='ltr' id='par_1_26' title="bbox 436 2549 2010 2619">
     <span class='ocr_line' id='line_1_26' title="bbox 436 2549 2010 2619; baseline -0.001 -15"><span class='ocrx_word' id='word_1_178' title='bbox 436 2551 721 2614; x_wconf 78' lang='grc' dir='ltr'>τοσούτους</span> <span class='ocrx_word' id='word_1_179' title='bbox 752 2551 935 2617; x_wconf 73' lang='grc' dir='ltr'>ὄντας,</span> <span class='ocrx_word' id='word_1_180' title='bbox 987 2550 1100 2603; x_wconf 75' lang='grc' dir='ltr'>οὔτ’</span> <span class='ocrx_word' id='word_1_181' title='bbox 1134 2549 1219 2619; x_wconf 77' lang='grc' dir='ltr'>ἐφ’</span> <span class='ocrx_word' id='word_1_182' title='bbox 1259 2550 1447 2619; x_wconf 69' lang='grc' dir='ltr'>ἕτερόν</span> <span class='ocrx_word' id='word_1_183' title='bbox 1470 2567 1523 2603; x_wconf 89' lang='grc' dir='ltr'><strong>τι</strong></span> <span class='ocrx_word' id='word_1_184' title='bbox 1561 2549 1770 2619; x_wconf 74' lang='grc' dir='ltr'>βέλτιον</span> <span class='ocrx_word' id='word_1_185' title='bbox 1800 2550 2010 2619; x_wconf 87' lang='grc' dir='ltr'>τραπέ-</span> 
     </span>
    </p>
   </div>
   <div class='ocr_carea' id='block_1_27' title="bbox 439 2641 2007 2715">
    <p class='ocr_par' dir='ltr' id='par_1_27' title="bbox 439 2641 2007 2715">
     <span class='ocr_line' id='line_1_27' title="bbox 439 2641 2007 2715; baseline -0.004 -16"><span class='ocrx_word' id='word_1_186' title='bbox 439 2646 586 2704; x_wconf 87' lang='grc' dir='ltr'>σθαι.</span> <span class='ocrx_word' id='word_1_187' title='bbox 617 2647 710 2698; x_wconf 74' lang='grc' dir='ltr'>ἐπὶ</span> <span class='ocrx_word' id='word_1_188' title='bbox 753 2645 814 2699; x_wconf 78' lang='grc' dir='ltr'>τὸ</span> <span class='ocrx_word' id='word_1_189' title='bbox 842 2644 965 2709; x_wconf 71' lang='grc' dir='ltr'>ἕλος</span> <span class='ocrx_word' id='word_1_190' title='bbox 1009 2644 1209 2715; x_wconf 77' lang='grc' dir='ltr'>ἐχώρει</span> <span class='ocrx_word' id='word_1_191' title='bbox 1248 2643 1522 2713; x_wconf 81' lang='grc' dir='ltr'>καλάμοις</span> <span class='ocrx_word' id='word_1_192' title='bbox 1563 2642 1624 2697; x_wconf 79' lang='grc' dir='ltr'>ὃν</span> <span class='ocrx_word' id='word_1_193' title='bbox 1680 2641 2007 2713; x_wconf 79' lang='grc' dir='ltr'>συνηρεφὲς,</span> 
     </span>
    </p>
   </div>
   <div class='ocr_carea' id='block_1_28' title="bbox 437 2730 2007 2813">
    <p class='ocr_par' dir='ltr' id='par_1_28' title="bbox 437 2730 2007 2813">
     <span class='ocr_line' id='line_1_28' title="bbox 437 2730 2007 2813; baseline -0.004 -21"><span class='ocrx_word' id='word_1_194' title='bbox 437 2740 626 2813; x_wconf 67' lang='grc' dir='ltr'>λήσειν</span> <span class='ocrx_word' id='word_1_195' title='bbox 655 2737 902 2807; x_wconf 77' lang='grc' dir='ltr'>οἰόμενος</span> <span class='ocrx_word' id='word_1_196' title='bbox 962 2737 1125 2806; x_wconf 83' lang='grc' dir='ltr'>ἄχρις</span> <span class='ocrx_word' id='word_1_197' title='bbox 1176 2735 1242 2789; x_wconf 81' lang='grc' dir='ltr'>ἂν</span> <span class='ocrx_word' id='word_1_198' title='bbox 1290 2735 1618 2804; x_wconf 74' lang='grc' dir='ltr'>ἐπιγένηται</span> <span class='ocrx_word' id='word_1_199' title='bbox 1658 2735 1691 2802; x_wconf 84' lang='grc' dir='ltr'>ὴ</span> <span class='ocrx_word' id='word_1_200' title='bbox 1747 2732 1865 2798; x_wconf 76' lang='grc' dir='ltr'>νύξ.</span> <span class='ocrx_word' id='word_1_201' title='bbox 1898 2730 2007 2786; x_wconf 85' lang='grc' dir='ltr'>Τοῦ</span> 
     </span>
    </p>
   </div>
   <div class='ocr_carea' id='block_1_29' title="bbox 437 2824 2008 2899">
    <p class='ocr_par' dir='ltr' id='par_1_29' title="bbox 437 2824 2008 2899">
     <span class='ocr_line' id='line_1_29' title="bbox 437 2824 2008 2899; baseline -0.002 -18"><span class='ocrx_word' id='word_1_202' title='bbox 437 2830 702 2899; x_wconf 74' lang='grc' dir='ltr'>τέλματος</span> <span class='ocrx_word' id='word_1_203' title='bbox 734 2829 793 2882; x_wconf 82' lang='grc' dir='ltr'>δὲ</span> <span class='ocrx_word' id='word_1_204' title='bbox 845 2829 936 2882; x_wconf 78' lang='grc' dir='ltr'>τὸν</span> <span class='ocrx_word' id='word_1_205' title='bbox 968 2828 1141 2881; x_wconf 73' lang='grc' dir='ltr'>ἵππον</span> <span class='ocrx_word' id='word_1_206' title='bbox 1189 2828 1251 2881; x_wconf 82' lang='grc' dir='ltr'><strong>ού</strong></span> <span class='ocrx_word' id='word_1_207' title='bbox 1289 2826 1585 2896; x_wconf 80' lang='grc' dir='ltr'>δυναμένου</span> <span class='ocrx_word' id='word_1_208' title='bbox 1626 2826 1859 2894; x_wconf 84' lang='grc' dir='ltr'>στέγειν,</span> <span class='ocrx_word' id='word_1_209' title='bbox 1893 2824 2008 2878; x_wconf 85' lang='grc' dir='ltr'>ἀλλ’</span> 
     </span>
    </p>
   </div>
   <div class='ocr_carea' id='block_1_30' title="bbox 442 2917 2009 2993">
    <p class='ocr_par' dir='ltr' id='par_1_30' title="bbox 442 2917 2009 2993">
     <span class='ocr_line' id='line_1_30' title="bbox 442 2917 2009 2993; baseline -0.005 -18"><span class='ocrx_word' id='word_1_210' title='bbox 442 2919 856 2993; x_wconf 80' lang='grc' dir='ltr'>ὑποχωροῦντος</span> <span class='ocrx_word' id='word_1_211' title='bbox 915 2922 1039 2983; x_wconf 85' lang='grc' dir='ltr'>ταῖς</span> <span class='ocrx_word' id='word_1_212' title='bbox 1071 2920 1270 2982; x_wconf 80' lang='grc' dir='ltr'>ὁπλαῖς</span> <span class='ocrx_word' id='word_1_213' title='bbox 1319 2920 1417 2971; x_wconf 78' lang='grc' dir='ltr'>καὶ</span> <span class='ocrx_word' id='word_1_214' title='bbox 1451 2919 1779 2988; x_wconf 79' lang='grc' dir='ltr'>κατέχοντος</span> <span class='ocrx_word' id='word_1_215' title='bbox 1823 2917 2009 2988; x_wconf 77' lang='grc' dir='ltr'>ἐμπη-</span> 
     </span>
    </p>
   </div>
   <div class='ocr_carea' id='block_1_31' title="bbox 439 3011 2010 3085">
    <p class='ocr_par' dir='ltr' id='par_1_31' title="bbox 439 3011 2010 3085">
     <span class='ocr_line' id='line_1_31' title="bbox 439 3011 2010 3085; baseline -0.001 -18"><span class='ocrx_word' id='word_1_216' title='bbox 439 3016 733 3085; x_wconf 82' lang='grc' dir='ltr'>γνυμένας,</span> <span class='ocrx_word' id='word_1_217' title='bbox 761 3014 1061 3069; x_wconf 77' lang='grc' dir='ltr'>ἀπέϐαινεν</span> <span class='ocrx_word' id='word_1_218' title='bbox 1091 3015 1118 3068; x_wconf 85' lang='grc' dir='ltr'><strong>ό</strong></span> <span class='ocrx_word' id='word_1_219' title='bbox 1151 3011 1432 3084; x_wconf 81' lang='grc' dir='ltr'>βασιλεὺς,</span> <span class='ocrx_word' id='word_1_220' title='bbox 1463 3012 1560 3065; x_wconf 80' lang='grc' dir='ltr'>καὶ</span> <span class='ocrx_word' id='word_1_221' title='bbox 1602 3013 2010 3084; x_wconf 83' lang='grc' dir='ltr'>συνεκρύπτετο</span> 
     </span>
    </p>
   </div>
   <div class='ocr_carea' id='block_1_32' title="bbox 443 3104 2010 3176">
    <p class='ocr_par' dir='ltr' id='par_1_32' title="bbox 443 3104 2010 3176">
     <span class='ocr_line' id='line_1_32' title="bbox 443 3104 2010 3176; baseline -0.003 -15"><span class='ocrx_word' id='word_1_222' title='bbox 443 3107 546 3162; x_wconf 73' lang='grc' dir='ltr'>ὑπὸ</span> <span class='ocrx_word' id='word_1_223' title='bbox 592 3107 812 3169; x_wconf 80' lang='grc' dir='ltr'>τὺέλος.</span> <span class='ocrx_word' id='word_1_224' title='bbox 845 3105 1203 3176; x_wconf 76' lang='grc' dir='ltr'>Φιλιππήσιοι</span> <span class='ocrx_word' id='word_1_225' title='bbox 1245 3105 1301 3158; x_wconf 83' lang='grc' dir='ltr'>δὲ</span> <span class='ocrx_word' id='word_1_226' title='bbox 1355 3104 1776 3174; x_wconf 88' lang='grc' dir='ltr'>ἐπιδραμόντες·</span> <span class='ocrx_word' id='word_1_227' title='bbox 1810 3105 1869 3158; x_wconf 87' lang='grc' dir='ltr'>οὐ</span> <span class='ocrx_word' id='word_1_228' title='bbox 1898 3105 2010 3174; x_wconf 76' lang='grc' dir='ltr'><strong>γὰρ</strong></span> 
     </span>
    </p>
   </div>
   <div class='ocr_carea' id='block_1_33' title="bbox 2104 611 3678 693">
    <p class='ocr_par' dir='ltr' id='par_1_33' title="bbox 2104 611 3678 693">
     <span class='ocr_line' id='line_1_33' title="bbox 2104 611 3678 693; baseline 0.011 -29"><span class='ocrx_word' id='word_1_229' title='bbox 2104 611 2407 681; x_wconf 89' lang='lat' dir='ltr'><strong>perierunt.</strong></span> <span class='ocrx_word' id='word_1_230' title='bbox 2453 612 2570 669; x_wconf 82' lang='lat' dir='ltr'><strong>J’am</strong></span> <span class='ocrx_word' id='word_1_231' title='bbox 2600 614 2746 668; x_wconf 90' lang='lat' dir='ltr'><strong>enim</strong></span> <span class='ocrx_word' id='word_1_232' title='bbox 2790 626 2841 670; x_wconf 87' lang='lat' dir='ltr'><strong>et</strong></span> <span class='ocrx_word' id='word_1_233' title='bbox 2866 614 3249 689; x_wconf 85' lang='lat' dir='ltr'><strong>Philippenscs</strong></span> <span class='ocrx_word' id='word_1_234' title='bbox 3300 637 3397 678; x_wconf 87' lang='lat' dir='ltr'><strong>eos</strong></span> <span class='ocrx_word' id='word_1_235' title='bbox 3436 625 3559 693; x_wconf 76' lang='lat' dir='ltr'><strong>fuga</strong></span> <span class='ocrx_word' id='word_1_236' title='bbox 3586 614 3678 681; x_wconf 81' lang='lat' dir='ltr'><strong>co—</strong></span> 
     </span>
    </p>
   </div>
   <div class='ocr_carea' id='block_1_34' title="bbox 2103 702 3678 774">
    <p class='ocr_par' dir='ltr' id='par_1_34' title="bbox 2103 702 3678 774">
     <span class='ocr_line' id='line_1_34' title="bbox 2103 702 3678 774; baseline 0.011 -20"><span class='ocrx_word' id='word_1_237' title='bbox 2103 704 2251 772; x_wconf 80' lang='lat' dir='ltr'><strong>gnita</strong></span> <span class='ocrx_word' id='word_1_238' title='bbox 2297 702 2478 759; x_wconf 80' lang='lat' dir='ltr'><strong>infesti</strong></span> <span class='ocrx_word' id='word_1_239' title='bbox 2524 706 2866 774; x_wconf 86' lang='lat' dir='ltr'><strong>premebant,</strong></span> <span class='ocrx_word' id='word_1_240' title='bbox 2901 719 2956 765; x_wconf 84' lang='lat' dir='ltr'><strong>et</strong></span> <span class='ocrx_word' id='word_1_241' title='bbox 2993 710 3118 766; x_wconf 81' lang='lat' dir='ltr'><strong>liinc</strong></span> <span class='ocrx_word' id='word_1_242' title='bbox 3151 710 3276 767; x_wconf 80' lang='lat' dir='ltr'><strong>inde</strong></span> <span class='ocrx_word' id='word_1_243' title='bbox 3310 715 3678 773; x_wconf 71' lang='lat' dir='ltr'><strong>trucidabant“.</strong></span> 
     </span>
    </p>
   </div>
   <div class='ocr_carea' id='block_1_35' title="bbox 2106 792 3680 879">
    <p class='ocr_par' dir='ltr' id='par_1_35' title="bbox 2106 792 3680 879">
     <span class='ocr_line' id='line_1_35' title="bbox 2106 792 3680 879; baseline 0.012 -32"><span class='ocrx_word' id='word_1_244' title='bbox 2106 792 2413 863; x_wconf 73' lang='lat' dir='ltr'><strong>Imperator</strong></span> <span class='ocrx_word' id='word_1_245' title='bbox 2449 804 2626 851; x_wconf 76' lang='lat' dir='ltr'><strong>semet</strong></span> <span class='ocrx_word' id='word_1_246' title='bbox 2665 812 2761 853; x_wconf 89' lang='lat' dir='ltr'><strong>sua</strong></span> <span class='ocrx_word' id='word_1_247' title='bbox 2803 813 2968 856; x_wconf 90' lang='lat' dir='ltr'><strong>manu</strong></span> <span class='ocrx_word' id='word_1_248' title='bbox 3000 801 3206 858; x_wconf 86' lang='lat' dir='ltr'><strong>salvum</strong></span> <span class='ocrx_word' id='word_1_249' title='bbox 3244 817 3528 875; x_wconf 60' lang='lat' dir='ltr'><strong>praestans,</strong></span> <span class='ocrx_word' id='word_1_250' title='bbox 3561 811 3680 879; x_wconf 90' lang='lat' dir='ltr'><strong>ipse</strong></span> 
     </span>
    </p>
   </div>
   <div class='ocr_carea' id='block_1_36' title="bbox 2105 890 3679 971">
    <p class='ocr_par' dir='ltr' id='par_1_36' title="bbox 2105 890 3679 971">
     <span class='ocr_line' id='line_1_36' title="bbox 2105 890 3679 971; baseline 0.013 -34"><span class='ocrx_word' id='word_1_251' title='bbox 2105 900 2325 955; x_wconf 69' lang='lat' dir='ltr'><strong>quoque</strong></span> <span class='ocrx_word' id='word_1_252' title='bbox 2356 902 2551 944; x_wconf 84' lang='lat' dir='ltr'><strong>versus</strong></span> <span class='ocrx_word' id='word_1_253' title='bbox 2591 890 2875 961; x_wconf 81' lang='lat' dir='ltr'><strong>Philippus</strong></span> <span class='ocrx_word' id='word_1_254' title='bbox 2908 896 3192 966; x_wconf 82' lang='lat' dir='ltr'><strong>pergebat,</strong></span> <span class='ocrx_word' id='word_1_255' title='bbox 3229 899 3314 952; x_wconf 76' lang='lat' dir='ltr'><strong>cui</strong></span> <span class='ocrx_word' id='word_1_256' title='bbox 3351 912 3474 955; x_wconf 90' lang='lat' dir='ltr'><strong>cum</strong></span> <span class='ocrx_word' id='word_1_257' title='bbox 3502 917 3679 971; x_wconf 83' lang='lat' dir='ltr'><strong>equus</strong></span> 
     </span>
    </p>
   </div>
   <div class='ocr_carea' id='block_1_37' title="bbox 2107 977 3681 1061">
    <p class='ocr_par' dir='ltr' id='par_1_37' title="bbox 2107 977 3681 1061">
     <span class='ocr_line' id='line_1_37' title="bbox 2107 977 3681 1061; baseline 0.01 -28"><span class='ocrx_word' id='word_1_258' title='bbox 2107 977 2318 1033; x_wconf 83' lang='lat' dir='ltr'><strong>crebris</strong></span> <span class='ocrx_word' id='word_1_259' title='bbox 2365 978 2420 1033; x_wconf 90' lang='lat' dir='ltr'><strong>in</strong></span> <span class='ocrx_word' id='word_1_260' title='bbox 2473 977 2681 1036; x_wconf 82' lang='lat' dir='ltr'><strong>hostem</strong></span> <span class='ocrx_word' id='word_1_261' title='bbox 2735 984 3050 1042; x_wconf 88' lang='lat' dir='ltr'><strong>incursibus</strong></span> <span class='ocrx_word' id='word_1_262' title='bbox 3116 999 3172 1043; x_wconf 91' lang='lat' dir='ltr'><strong>et</strong></span> <span class='ocrx_word' id='word_1_263' title='bbox 3222 988 3681 1061; x_wconf 81' lang='lat' dir='ltr'><strong>impressionibus</strong></span> 
     </span>
    </p>
   </div>
   <div class='ocr_carea' id='block_1_38' title="bbox 2107 1068 3679 1151">
    <p class='ocr_par' dir='ltr' id='par_1_38' title="bbox 2107 1068 3679 1151">
     <span class='ocr_line' id='line_1_38' title="bbox 2107 1068 3679 1151; baseline 0.012 -28"><span class='ocrx_word' id='word_1_264' title='bbox 2107 1068 2416 1127; x_wconf 86' lang='lat' dir='ltr'><strong>delassatus</strong></span> <span class='ocrx_word' id='word_1_265' title='bbox 2445 1073 2798 1141; x_wconf 87' lang='lat' dir='ltr'><strong>concidisset,</strong></span> <span class='ocrx_word' id='word_1_266' title='bbox 2845 1093 2955 1147; x_wconf 90' lang='lat' dir='ltr'><strong>quo</strong></span> <span class='ocrx_word' id='word_1_267' title='bbox 2992 1088 3312 1151; x_wconf 59' lang='lat' dir='ltr'><strong>schrLerct</strong></span> <span class='ocrx_word' id='word_1_268' title='bbox 3340 1084 3679 1141; x_wconf 80' lang='lat' dir='ltr'><strong>nescientem</strong></span> 
     </span>
    </p>
   </div>
   <div class='ocr_carea' id='block_1_39' title="bbox 2107 1157 3683 1244">
    <p class='ocr_par' dir='ltr' id='par_1_39' title="bbox 2107 1157 3683 1244">
     <span class='ocr_line' id='line_1_39' title="bbox 2107 1157 3683 1244; baseline 0.013 -31"><span class='ocrx_word' id='word_1_269' title='bbox 2107 1157 2348 1216; x_wconf 82' lang='lat' dir='ltr'><strong>famulus</strong></span> <span class='ocrx_word' id='word_1_270' title='bbox 2373 1162 2618 1233; x_wconf 88' lang='lat' dir='ltr'><strong>quidam,</strong></span> <span class='ocrx_word' id='word_1_271' title='bbox 2652 1165 3018 1237; x_wconf 83' lang='lat' dir='ltr'><strong>Cyparissiota</strong></span> <span class='ocrx_word' id='word_1_272' title='bbox 3041 1172 3282 1238; x_wconf 85' lang='lat' dir='ltr'><strong>nomine,</strong></span> <span class='ocrx_word' id='word_1_273' title='bbox 3317 1177 3683 1244; x_wconf 84' lang='lat' dir='ltr'><strong>expeditioni-</strong></span> 
     </span>
    </p>
   </div>
   <div class='ocr_carea' id='block_1_40' title="bbox 2107 1251 3679 1329">
    <p class='ocr_par' dir='ltr' id='par_1_40' title="bbox 2107 1251 3679 1329">
     <span class='ocr_line' id='line_1_40' title="bbox 2107 1251 3679 1329; baseline 0.011 -22"><span class='ocrx_word' id='word_1_274' title='bbox 2107 1251 2211 1308; x_wconf 87' lang='lat' dir='ltr'><strong>bus</strong></span> <span class='ocrx_word' id='word_1_275' title='bbox 2254 1265 2310 1310; x_wconf 91' lang='lat' dir='ltr'><strong>et</strong></span> <span class='ocrx_word' id='word_1_276' title='bbox 2357 1256 2553 1326; x_wconf 84' lang='lat' dir='ltr'><strong>pugnis</strong></span> <span class='ocrx_word' id='word_1_277' title='bbox 2591 1272 2699 1312; x_wconf 92' lang='lat' dir='ltr'><strong>non</strong></span> <span class='ocrx_word' id='word_1_278' title='bbox 2749 1260 2907 1316; x_wconf 86' lang='lat' dir='ltr'><strong>valde</strong></span> <span class='ocrx_word' id='word_1_279' title='bbox 2938 1272 3209 1329; x_wconf 89' lang='lat' dir='ltr'><strong>assuetus,</strong></span> <span class='ocrx_word' id='word_1_280' title='bbox 3255 1268 3450 1324; x_wconf 88' lang='lat' dir='ltr'><strong>studiis</strong></span> <span class='ocrx_word' id='word_1_281' title='bbox 3497 1279 3679 1326; x_wconf 87' lang='lat' dir='ltr'><strong>autem</strong></span> 
     </span>
    </p>
   </div>
   <div class='ocr_carea' id='block_1_41' title="bbox 2107 1345 3680 1424">
    <p class='ocr_par' dir='ltr' id='par_1_41' title="bbox 2107 1345 3680 1424">
     <span class='ocr_line' id='line_1_41' title="bbox 2107 1345 3680 1424; baseline 0.012 -25"><span class='ocrx_word' id='word_1_282' title='bbox 2107 1345 2415 1402; x_wconf 87' lang='lat' dir='ltr'><strong>litterarum</strong></span> <span class='ocrx_word' id='word_1_283' title='bbox 2447 1351 2718 1415; x_wconf 74' lang='lat' dir='ltr'><strong>excultus,</strong></span> <span class='ocrx_word' id='word_1_284' title='bbox 2767 1362 3031 1423; x_wconf 87' lang='lat' dir='ltr'><strong>quantum</strong></span> <span class='ocrx_word' id='word_1_285' title='bbox 3067 1356 3121 1410; x_wconf 90' lang='lat' dir='ltr'><strong>in</strong></span> <span class='ocrx_word' id='word_1_286' title='bbox 3155 1372 3213 1412; x_wconf 89' lang='lat' dir='ltr'><strong>se</strong></span> <span class='ocrx_word' id='word_1_287' title='bbox 3249 1359 3375 1424; x_wconf 81' lang='lat' dir='ltr'><strong>fuit,</strong></span> <span class='ocrx_word' id='word_1_288' title='bbox 3423 1356 3680 1418; x_wconf 71' lang='lat' dir='ltr'><strong>servavit.</strong></span> 
     </span>
    </p>
   </div>
   <div class='ocr_carea' id='block_1_42' title="bbox 2106 1435 3682 1520">
    <p class='ocr_par' dir='ltr' id='par_1_42' title="bbox 2106 1435 3682 1520">
     <span class='ocr_line' id='line_1_42' title="bbox 2106 1435 3682 1520; baseline 0.011 -29"><span class='ocrx_word' id='word_1_289' title='bbox 2106 1435 2243 1505; x_wconf 84' lang='lat' dir='ltr'><strong>Nam</strong></span> <span class='ocrx_word' id='word_1_290' title='bbox 2270 1454 2392 1494; x_wconf 90' lang='lat' dir='ltr'><strong>cum</strong></span> <span class='ocrx_word' id='word_1_291' title='bbox 2417 1443 2672 1511; x_wconf 65' lang='lat' dir='ltr'><strong>praisenti</strong></span> <span class='ocrx_word' id='word_1_292' title='bbox 2696 1445 2892 1511; x_wconf 84' lang='lat' dir='ltr'><strong>capitis</strong></span> <span class='ocrx_word' id='word_1_293' title='bbox 2912 1447 2996 1499; x_wconf 92' lang='lat' dir='ltr'><strong>sui</strong></span> <span class='ocrx_word' id='word_1_294' title='bbox 3022 1449 3271 1516; x_wconf 86' lang='lat' dir='ltr'><strong>periculo</strong></span> <span class='ocrx_word' id='word_1_295' title='bbox 3295 1466 3496 1520; x_wconf 88' lang='lat' dir='ltr'><strong>equum</strong></span> <span class='ocrx_word' id='word_1_296' title='bbox 3519 1468 3682 1508; x_wconf 87' lang='lat' dir='ltr'><strong>suum</strong></span> 
     </span>
    </p>
   </div>
   <div class='ocr_carea' id='block_1_43' title="bbox 2110 1528 3685 1613">
    <p class='ocr_par' dir='ltr' id='par_1_43' title="bbox 2110 1528 3685 1613">
     <span class='ocr_line' id='line_1_43' title="bbox 2110 1528 3685 1613; baseline 0.008 -28"><span class='ocrx_word' id='word_1_297' title='bbox 2110 1528 2429 1598; x_wconf 73' lang='lat' dir='ltr'><strong>imperatori</strong></span> <span class='ocrx_word' id='word_1_298' title='bbox 2449 1531 2702 1604; x_wconf 86' lang='lat' dir='ltr'><strong>subjecit.</strong></span> <span class='ocrx_word' id='word_1_299' title='bbox 2732 1534 2975 1605; x_wconf 79' lang='lat' dir='ltr'><strong>Repente</strong></span> <span class='ocrx_word' id='word_1_300' title='bbox 2995 1539 3265 1608; x_wconf 78' lang='lat' dir='ltr'><strong>siquidem</strong></span> <span class='ocrx_word' id='word_1_301' title='bbox 3296 1541 3364 1596; x_wconf 88' lang='lat' dir='ltr'><strong>ab</strong></span> <span class='ocrx_word' id='word_1_302' title='bbox 3389 1534 3685 1613; x_wconf 86' lang='lat' dir='ltr'><strong>insequen-</strong></span> 
     </span>
    </p>
   </div>
   <div class='ocr_carea' id='block_1_44' title="bbox 2113 1620 3683 1704">
    <p class='ocr_par' dir='ltr' id='par_1_44' title="bbox 2113 1620 3683 1704">
     <span class='ocr_line' id='line_1_44' title="bbox 2113 1620 3683 1704; baseline 0.01 -30"><span class='ocrx_word' id='word_1_303' title='bbox 2113 1620 2258 1675; x_wconf 85' lang='lat' dir='ltr'><strong>tibus</strong></span> <span class='ocrx_word' id='word_1_304' title='bbox 2288 1622 2546 1679; x_wconf 85' lang='lat' dir='ltr'><strong>Triballis</strong></span> <span class='ocrx_word' id='word_1_305' title='bbox 2590 1627 3043 1696; x_wconf 83' lang='lat' dir='ltr'><strong>comprehensus,</strong></span> <span class='ocrx_word' id='word_1_306' title='bbox 3093 1642 3150 1686; x_wconf 85' lang='lat' dir='ltr'><strong>et</strong></span> <span class='ocrx_word' id='word_1_307' title='bbox 3196 1630 3263 1687; x_wconf 85' lang='lat' dir='ltr'><strong>ad</strong></span> <span class='ocrx_word' id='word_1_308' title='bbox 3311 1640 3527 1704; x_wconf 83' lang='lat' dir='ltr'><strong>tempus</strong></span> <span class='ocrx_word' id='word_1_309' title='bbox 3560 1636 3683 1689; x_wconf 74' lang='lat' dir='ltr'><strong>viii-</strong></span> 
     </span>
    </p>
   </div>
   <div class='ocr_carea' id='block_1_45' title="bbox 2110 1711 3682 1793">
    <p class='ocr_par' dir='ltr' id='par_1_45' title="bbox 2110 1711 3682 1793">
     <span class='ocr_line' id='line_1_45' title="bbox 2110 1711 3682 1793; baseline 0.01 -27"><span class='ocrx_word' id='word_1_310' title='bbox 2110 1711 2252 1767; x_wconf 89' lang='lat' dir='ltr'><strong>culis</strong></span> <span class='ocrx_word' id='word_1_311' title='bbox 2285 1715 2596 1781; x_wconf 89' lang='lat' dir='ltr'><strong>mandatus,</strong></span> <span class='ocrx_word' id='word_1_312' title='bbox 2647 1727 2872 1788; x_wconf 84' lang='lat' dir='ltr'><strong>propter</strong></span> <span class='ocrx_word' id='word_1_313' title='bbox 2908 1723 3190 1793; x_wconf 80' lang='lat' dir='ltr'><strong>religionis</strong></span> <span class='ocrx_word' id='word_1_314' title='bbox 3236 1726 3682 1782; x_wconf 83' lang='lat' dir='ltr'><strong>communionem</strong></span> 
     </span>
    </p>
   </div>
   <div class='ocr_carea' id='block_1_46' title="bbox 2111 1804 3684 1890">
    <p class='ocr_par' dir='ltr' id='par_1_46' title="bbox 2111 1804 3684 1890">
     <span class='ocr_line' id='line_1_46' title="bbox 2111 1804 3684 1890; baseline 0.013 -32"><span class='ocrx_word' id='word_1_315' title='bbox 2111 1804 2372 1862; x_wconf 85' lang='lat' dir='ltr'><strong>dimissus</strong></span> <span class='ocrx_word' id='word_1_316' title='bbox 2396 1817 2499 1863; x_wconf 86' lang='lat' dir='ltr'><strong>est.</strong></span> <span class='ocrx_word' id='word_1_317' title='bbox 2529 1808 2833 1880; x_wconf 84' lang='lat' dir='ltr'><strong>Imperator</strong></span> <span class='ocrx_word' id='word_1_318' title='bbox 2856 1818 3248 1873; x_wconf 81' lang='lat' dir='ltr'><strong>cunrvcnisset</strong></span> <span class='ocrx_word' id='word_1_319' title='bbox 3278 1817 3560 1890; x_wconf 81' lang='lat' dir='ltr'><strong>Philippos</strong></span> <span class='ocrx_word' id='word_1_320' title='bbox 3591 1838 3684 1877; x_wconf 82' lang='lat' dir='ltr'><strong>so-</strong></span> 
     </span>
    </p>
   </div>
   <div class='ocr_carea' id='block_1_47' title="bbox 2111 1896 3684 1983">
    <p class='ocr_par' dir='ltr' id='par_1_47' title="bbox 2111 1896 3684 1983">
     <span class='ocr_line' id='line_1_47' title="bbox 2111 1896 3684 1983; baseline 0.011 -32"><span class='ocrx_word' id='word_1_321' title='bbox 2111 1896 2221 1965; x_wconf 85' lang='lat' dir='ltr'><strong>lus,</strong></span> <span class='ocrx_word' id='word_1_322' title='bbox 2274 1909 2330 1953; x_wconf 91' lang='lat' dir='ltr'><strong>et</strong></span> <span class='ocrx_word' id='word_1_323' title='bbox 2375 1902 2667 1956; x_wconf 89' lang='lat' dir='ltr'><strong>transitum</strong></span> <span class='ocrx_word' id='word_1_324' title='bbox 2716 1903 3003 1962; x_wconf 87' lang='lat' dir='ltr'><strong>obsessum</strong></span> <span class='ocrx_word' id='word_1_325' title='bbox 3042 1912 3435 1979; x_wconf 78' lang='lat' dir='ltr'><strong>conspexisset,</strong></span> <span class='ocrx_word' id='word_1_326' title='bbox 3470 1914 3684 1983; x_wconf 77' lang='lat' dir='ltr'><strong>nitique</strong></span> 
     </span>
    </p>
   </div>
   <div class='ocr_carea' id='block_1_48' title="bbox 2109 1992 3685 2072">
    <p class='ocr_par' dir='ltr' id='par_1_48' title="bbox 2109 1992 3685 2072">
     <span class='ocr_line' id='line_1_48' title="bbox 2109 1992 3685 2072; baseline 0.01 -29"><span class='ocrx_word' id='word_1_327' title='bbox 2109 1998 2305 2043; x_wconf 86' lang='lat' dir='ltr'><strong>contra</strong></span> <span class='ocrx_word' id='word_1_328' title='bbox 2359 1996 2471 2044; x_wconf 82' lang='lat' dir='ltr'><strong>tam</strong></span> <span class='ocrx_word' id='word_1_329' title='bbox 2522 1992 2724 2051; x_wconf 83' lang='lat' dir='ltr'><strong>mult‘os</strong></span> <span class='ocrx_word' id='word_1_330' title='bbox 2776 2010 2887 2050; x_wconf 90' lang='lat' dir='ltr'><strong>non</strong></span> <span class='ocrx_word' id='word_1_331' title='bbox 2936 2009 3143 2067; x_wconf 82' lang='lat' dir='ltr'><strong>posset,</strong></span> <span class='ocrx_word' id='word_1_332' title='bbox 3185 2016 3288 2055; x_wconf 87' lang='lat' dir='ltr'><strong>nec</strong></span> <span class='ocrx_word' id='word_1_333' title='bbox 3320 2003 3454 2072; x_wconf 90' lang='lat' dir='ltr'><strong>quid</strong></span> <span class='ocrx_word' id='word_1_334' title='bbox 3487 2004 3685 2059; x_wconf 82' lang='lat' dir='ltr'><strong>melius</strong></span> 
     </span>
    </p>
   </div>
   <div class='ocr_carea' id='block_1_49' title="bbox 2108 2081 3683 2162">
    <p class='ocr_par' dir='ltr' id='par_1_49' title="bbox 2108 2081 3683 2162">
     <span class='ocr_line' id='line_1_49' title="bbox 2108 2081 3683 2162; baseline 0.011 -29"><span class='ocrx_word' id='word_1_335' title='bbox 2108 2090 2315 2148; x_wconf 77' lang='lat' dir='ltr'><strong>ageret,</strong></span> <span class='ocrx_word' id='word_1_336' title='bbox 2364 2081 2614 2149; x_wconf 87' lang='lat' dir='ltr'><strong>haberet,</strong></span> <span class='ocrx_word' id='word_1_337' title='bbox 2658 2084 2719 2139; x_wconf 84' lang='lat' dir='ltr'><strong>in</strong></span> <span class='ocrx_word' id='word_1_338' title='bbox 2746 2087 3000 2157; x_wconf 79' lang='lat' dir='ltr'><strong>palude</strong></span> <span class='ocrx_word' id='word_1_339' title='bbox 3037 2105 3142 2161; x_wconf 86' lang='lat' dir='ltr'><strong>qua</strong></span> <span class='ocrx_word' id='word_1_340' title='bbox 3177 2092 3410 2162; x_wconf 89' lang='lat' dir='ltr'><strong>plurima</strong></span> <span class='ocrx_word' id='word_1_341' title='bbox 3447 2095 3683 2161; x_wconf 76' lang='lat' dir='ltr'><strong>arundo,</strong></span> 
     </span>
    </p>
   </div>
   <div class='ocr_carea' id='block_1_50' title="bbox 2109 2172 3688 2255">
    <p class='ocr_par' dir='ltr' id='par_1_50' title="bbox 2109 2172 3688 2255">
     <span class='ocr_line' id='line_1_50' title="bbox 2109 2172 3688 2255; baseline 0.01 -29"><span class='ocrx_word' id='word_1_342' title='bbox 2109 2172 2393 2244; x_wconf 78' lang='lat' dir='ltr'><strong>ingressus</strong></span> <span class='ocrx_word' id='word_1_343' title='bbox 2424 2185 2530 2241; x_wconf 88' lang='lat' dir='ltr'><strong>est,</strong></span> <span class='ocrx_word' id='word_1_344' title='bbox 2569 2178 2738 2234; x_wconf 81' lang='lat' dir='ltr'><strong>latere</strong></span> <span class='ocrx_word' id='word_1_345' title='bbox 2770 2195 2829 2235; x_wconf 88' lang='lat' dir='ltr'><strong>se</strong></span> <span class='ocrx_word' id='word_1_346' title='bbox 2876 2197 3035 2250; x_wconf 80' lang='lat' dir='ltr'><strong>posse</strong></span> <span class='ocrx_word' id='word_1_347' title='bbox 3080 2185 3332 2248; x_wconf 85' lang='lat' dir='ltr'><strong>credens,</strong></span> <span class='ocrx_word' id='word_1_348' title='bbox 3366 2188 3541 2255; x_wconf 76' lang='lat' dir='ltr'><strong>quoad</strong></span> <span class='ocrx_word' id='word_1_349' title='bbox 3574 2201 3688 2242; x_wconf 73' lang='lat' dir='ltr'><strong>nox</strong></span> 
     </span>
    </p>
   </div>
   <div class='ocr_carea' id='block_1_51' title="bbox 2107 2269 3685 2349">
    <p class='ocr_par' dir='ltr' id='par_1_51' title="bbox 2107 2269 3685 2349">
     <span class='ocr_line' id='line_1_51' title="bbox 2107 2269 3685 2349; baseline 0.009 -30"><span class='ocrx_word' id='word_1_350' title='bbox 2107 2269 2449 2336; x_wconf 85' lang='lat' dir='ltr'><strong>appetiisset.</strong></span> <span class='ocrx_word' id='word_1_351' title='bbox 2487 2270 2624 2325; x_wconf 88' lang='lat' dir='ltr'><strong>Cum</strong></span> <span class='ocrx_word' id='word_1_352' title='bbox 2665 2281 2848 2327; x_wconf 88' lang='lat' dir='ltr'><strong>autem</strong></span> <span class='ocrx_word' id='word_1_353' title='bbox 2891 2274 3137 2344; x_wconf 82' lang='lat' dir='ltr'><strong>palustre</strong></span> <span class='ocrx_word' id='word_1_354' title='bbox 3166 2292 3386 2332; x_wconf 79' lang='lat' dir='ltr'><strong>caenum</strong></span> <span class='ocrx_word' id='word_1_355' title='bbox 3422 2280 3685 2349; x_wconf 64' lang='lat' dir='ltr'><strong>equinu»</strong></span> 
     </span>
    </p>
   </div>
   <div class='ocr_carea' id='block_1_52' title="bbox 2108 2358 3683 2434">
    <p class='ocr_par' dir='ltr' id='par_1_52' title="bbox 2108 2358 3683 2434">
     <span class='ocr_line' id='line_1_52' title="bbox 2108 2358 3683 2434; baseline 0.007 -23"><span class='ocrx_word' id='word_1_356' title='bbox 2108 2358 2262 2428; x_wconf 76' lang='lat' dir='ltr'><strong>gulas</strong></span> <span class='ocrx_word' id='word_1_357' title='bbox 2291 2373 2401 2414; x_wconf 91' lang='lat' dir='ltr'><strong>non</strong></span> <span class='ocrx_word' id='word_1_358' title='bbox 2440 2361 2758 2430; x_wconf 79' lang='lat' dir='ltr'><strong>sustineret,</strong></span> <span class='ocrx_word' id='word_1_359' title='bbox 2801 2376 2857 2418; x_wconf 86' lang='lat' dir='ltr'><strong>et</strong></span> <span class='ocrx_word' id='word_1_360' title='bbox 2886 2365 3080 2420; x_wconf 82' lang='lat' dir='ltr'><strong>inﬁxas</strong></span> <span class='ocrx_word' id='word_1_361' title='bbox 3113 2367 3398 2434; x_wconf 87' lang='lat' dir='ltr'><strong>retineret,</strong></span> <span class='ocrx_word' id='word_1_362' title='bbox 3452 2370 3683 2424; x_wconf 57' lang='lat' dir='ltr'><strong>desecti.</strong></span> 
     </span>
    </p>
   </div>
   <div class='ocr_carea' id='block_1_53' title="bbox 2108 2449 3685 2528">
    <p class='ocr_par' dir='ltr' id='par_1_53' title="bbox 2108 2449 3685 2528">
     <span class='ocr_line' id='line_1_53' title="bbox 2108 2449 3685 2528; baseline 0.006 -23"><span class='ocrx_word' id='word_1_363' title='bbox 2108 2449 2211 2516; x_wconf 88' lang='lat' dir='ltr'><strong>dit,</strong></span> <span class='ocrx_word' id='word_1_364' title='bbox 2240 2465 2468 2522; x_wconf 80' lang='lat' dir='ltr'><strong>seseque</strong></span> <span class='ocrx_word' id='word_1_365' title='bbox 2499 2454 2761 2510; x_wconf 89' lang='lat' dir='ltr'><strong>occuluit.</strong></span> <span class='ocrx_word' id='word_1_366' title='bbox 2795 2455 3173 2527; x_wconf 78' lang='lat' dir='ltr'><strong>Fhilippcnses</strong></span> <span class='ocrx_word' id='word_1_367' title='bbox 3201 2475 3364 2528; x_wconf 89' lang='lat' dir='ltr'><strong>porro</strong></span> <span class='ocrx_word' id='word_1_368' title='bbox 3398 2461 3685 2515; x_wconf 33' lang='lat' dir='ltr'><strong>incur‘ana</strong></span> 
     </span>
    </p>
   </div>
   <div class='ocr_carea' id='block_1_54' title="bbox 2111 2543 3686 2621">
    <p class='ocr_par' dir='ltr' id='par_1_54' title="bbox 2111 2543 3686 2621">
     <span class='ocr_line' id='line_1_54' title="bbox 2111 2543 3686 2621; baseline 0.008 -26"><span class='ocrx_word' id='word_1_369' title='bbox 2111 2550 2195 2598; x_wconf 87' lang='lat' dir='ltr'><strong>tes</strong></span> <span class='ocrx_word' id='word_1_370' title='bbox 2229 2543 2361 2613; x_wconf 91' lang='lat' dir='ltr'><strong>(non</strong></span> <span class='ocrx_word' id='word_1_371' title='bbox 2397 2544 2545 2599; x_wconf 89' lang='lat' dir='ltr'><strong>enim</strong></span> <span class='ocrx_word' id='word_1_372' title='bbox 2590 2545 2919 2617; x_wconf 80' lang='lat' dir='ltr'><strong>ignorabant</strong></span> <span class='ocrx_word' id='word_1_373' title='bbox 2951 2549 3075 2619; x_wconf 87' lang='lat' dir='ltr'><strong>quis</strong></span> <span class='ocrx_word' id='word_1_374' title='bbox 3105 2561 3270 2615; x_wconf 86' lang='lat' dir='ltr'><strong>esset,</strong></span> <span class='ocrx_word' id='word_1_375' title='bbox 3300 2551 3444 2621; x_wconf 85' lang='lat' dir='ltr'><strong>quod</strong></span> <span class='ocrx_word' id='word_1_376' title='bbox 3472 2551 3686 2608; x_wconf 81' lang='lat' dir='ltr'><strong>Gauras</strong></span> 
     </span>
    </p>
   </div>
   <div class='ocr_carea' id='block_1_55' title="bbox 2110 2634 3684 2717">
    <p class='ocr_par' dir='ltr' id='par_1_55' title="bbox 2110 2634 3684 2717">
     <span class='ocr_line' id='line_1_55' title="bbox 2110 2634 3684 2717; baseline 0.01 -30"><span class='ocrx_word' id='word_1_377' title='bbox 2110 2635 2331 2704; x_wconf 89' lang='lat' dir='ltr'><strong>quidam</strong></span> <span class='ocrx_word' id='word_1_378' title='bbox 2363 2634 2430 2691; x_wconf 92' lang='lat' dir='ltr'><strong>de</strong></span> <span class='ocrx_word' id='word_1_379' title='bbox 2459 2634 2834 2709; x_wconf 80' lang='lat' dir='ltr'><strong>famulisejus</strong></span> <span class='ocrx_word' id='word_1_380' title='bbox 2864 2656 2930 2695; x_wconf 82' lang='lat' dir='ltr'><strong>ex</strong></span> <span class='ocrx_word' id='word_1_381' title='bbox 2961 2642 3190 2697; x_wconf 82' lang='lat' dir='ltr'><strong>vulnere</strong></span> <span class='ocrx_word' id='word_1_382' title='bbox 3222 2645 3367 2714; x_wconf 90' lang='lat' dir='ltr'><strong>apud</strong></span> <span class='ocrx_word' id='word_1_383' title='bbox 3410 2646 3560 2717; x_wconf 80' lang='lat' dir='ltr'><strong>ipsos</strong></span> <span class='ocrx_word' id='word_1_384' title='bbox 3586 2646 3684 2702; x_wconf 86' lang='lat' dir='ltr'><strong>de-</strong></span> 
     </span>
    </p>
   </div>
   <div class='ocr_carea' id='block_1_56' title="bbox 2109 2726 3687 2808">
    <p class='ocr_par' dir='ltr' id='par_1_56' title="bbox 2109 2726 3687 2808">
     <span class='ocr_line' id='line_1_56' title="bbox 2109 2726 3687 2808; baseline 0.008 -26"><span class='ocrx_word' id='word_1_385' title='bbox 2109 2726 2397 2791; x_wconf 85' lang='lat' dir='ltr'><strong>cumbens,</strong></span> <span class='ocrx_word' id='word_1_386' title='bbox 2425 2729 2611 2797; x_wconf 85' lang='lat' dir='ltr'><strong>etjam</strong></span> <span class='ocrx_word' id='word_1_387' title='bbox 2637 2730 2747 2784; x_wconf 82' lang='lat' dir='ltr'><strong>vita</strong></span> <span class='ocrx_word' id='word_1_388' title='bbox 2776 2730 3059 2799; x_wconf 87' lang='lat' dir='ltr'><strong>delicicns,</strong></span> <span class='ocrx_word' id='word_1_389' title='bbox 3092 2737 3280 2805; x_wconf 86' lang='lat' dir='ltr'><strong>procul</strong></span> <span class='ocrx_word' id='word_1_390' title='bbox 3310 2737 3486 2806; x_wconf 86' lang='lat' dir='ltr'><strong>ipsum</strong></span> <span class='ocrx_word' id='word_1_391' title='bbox 3517 2753 3687 2808; x_wconf 73' lang='lat' dir='ltr'><strong>agno-</strong></span> 
     </span>
    </p>
   </div>
   <div class='ocr_carea' id='block_1_57' title="bbox 2109 2819 3687 2896">
    <p class='ocr_par' dir='ltr' id='par_1_57' title="bbox 2109 2819 3687 2896">
     <span class='ocr_line' id='line_1_57' title="bbox 2109 2819 3687 2896; baseline 0.008 -23"><span class='ocrx_word' id='word_1_392' title='bbox 2109 2819 2299 2885; x_wconf 81' lang='lat' dir='ltr'><strong>visset,</strong></span> <span class='ocrx_word' id='word_1_393' title='bbox 2329 2828 2384 2874; x_wconf 90' lang='lat' dir='ltr'><strong>et</strong></span> <span class='ocrx_word' id='word_1_394' title='bbox 2415 2819 2805 2889; x_wconf 81' lang='lat' dir='ltr'><strong>imperatorem</strong></span> <span class='ocrx_word' id='word_1_395' title='bbox 2841 2839 2983 2889; x_wconf 83' lang='lat' dir='ltr'><strong>esse,</strong></span> <span class='ocrx_word' id='word_1_396' title='bbox 3013 2827 3105 2896; x_wconf 88' lang='lat' dir='ltr'><strong>qui</strong></span> <span class='ocrx_word' id='word_1_397' title='bbox 3144 2827 3374 2892; x_wconf 79' lang='lat' dir='ltr'><strong>veniret,</strong></span> <span class='ocrx_word' id='word_1_398' title='bbox 3409 2828 3545 2884; x_wconf 91' lang='lat' dir='ltr'><strong>citra</strong></span> <span class='ocrx_word' id='word_1_399' title='bbox 3575 2830 3687 2886; x_wconf 71' lang='lat' dir='ltr'><strong>lite-</strong></span> 
     </span>
    </p>
   </div>
   <div class='ocr_carea' id='block_1_58' title="bbox 2110 2909 3685 2996">
    <p class='ocr_par' dir='ltr' id='par_1_58' title="bbox 2110 2909 3685 2996">
     <span class='ocr_line' id='line_1_58' title="bbox 2110 2909 3685 2996; baseline 0.011 -32"><span class='ocrx_word' id='word_1_400' title='bbox 2110 2909 2426 2965; x_wconf 86' lang='lat' dir='ltr'><strong>sitationcm</strong></span> <span class='ocrx_word' id='word_1_401' title='bbox 2467 2912 2714 2984; x_wconf 77' lang='lat' dir='ltr'><strong>dixisset)</strong></span> <span class='ocrx_word' id='word_1_402' title='bbox 2759 2923 2816 2970; x_wconf 86' lang='lat' dir='ltr'><strong>et</strong></span> <span class='ocrx_word' id='word_1_403' title='bbox 2857 2918 3092 2988; x_wconf 78' lang='lat' dir='ltr'><strong>virgulta</strong></span> <span class='ocrx_word' id='word_1_404' title='bbox 3130 2922 3358 2979; x_wconf 66' lang='lat' dir='ltr'><strong>canibu:t</strong></span> <span class='ocrx_word' id='word_1_405' title='bbox 3389 2924 3685 2996; x_wconf 67' lang='lat' dir='ltr'><strong>diligenter</strong></span> 
     </span>
    </p>
   </div>
   <div class='ocr_carea' id='block_1_59' title="bbox 2112 3008 3686 3079">
    <p class='ocr_par' dir='ltr' id='par_1_59' title="bbox 2112 3008 3686 3079">
     <span class='ocr_line' id='line_1_59' title="bbox 2112 3008 3686 3079; baseline 0.013 -26"><span class='ocrx_word' id='word_1_406' title='bbox 2112 3008 2444 3068; x_wconf 78' lang='lat' dir='ltr'><strong>Si-rutantes,</strong></span> <span class='ocrx_word' id='word_1_407' title='bbox 2481 3017 2607 3056; x_wconf 91' lang='lat' dir='ltr'><strong>eum</strong></span> <span class='ocrx_word' id='word_1_408' title='bbox 2649 3016 2939 3073; x_wconf 86' lang='lat' dir='ltr'><strong>ceperunt,</strong></span> <span class='ocrx_word' id='word_1_409' title='bbox 2980 3017 3143 3079; x_wconf 84' lang='lat' dir='ltr'><strong>atque</strong></span> <span class='ocrx_word' id='word_1_410' title='bbox 3178 3012 3231 3066; x_wconf 89' lang='lat' dir='ltr'><strong>in</strong></span> <span class='ocrx_word' id='word_1_411' title='bbox 3276 3015 3469 3070; x_wconf 88' lang='lat' dir='ltr'><strong>urbem</strong></span> <span class='ocrx_word' id='word_1_412' title='bbox 3506 3015 3686 3073; x_wconf 86' lang='lat' dir='ltr'><strong>intro-</strong></span> 
     </span>
    </p>
   </div>
   <div class='ocr_carea' id='block_1_60' title="bbox 2115 3089 3685 3171">
    <p class='ocr_par' dir='ltr' id='par_1_60' title="bbox 2115 3089 3685 3171">
     <span class='ocr_line' id='line_1_60' title="bbox 2115 3089 3685 3171; baseline 0.013 -26"><span class='ocrx_word' id='word_1_413' title='bbox 2115 3089 2410 3148; x_wconf 83' lang='lat' dir='ltr'><strong>duxerunt.</strong></span> <span class='ocrx_word' id='word_1_414' title='bbox 2444 3092 2733 3150; x_wconf 72' lang='lat' dir='ltr'><strong>Mattliaeus</strong></span> <span class='ocrx_word' id='word_1_415' title='bbox 2773 3097 2942 3168; x_wconf 83' lang='lat' dir='ltr'><strong>igitur</strong></span> <span class='ocrx_word' id='word_1_416' title='bbox 2988 3098 3287 3171; x_wconf 87' lang='lat' dir='ltr'><strong>imperator</strong></span> <span class='ocrx_word' id='word_1_417' title='bbox 3315 3120 3382 3160; x_wconf 91' lang='lat' dir='ltr'><strong>eo</strong></span> <span class='ocrx_word' id='word_1_418' title='bbox 3429 3108 3685 3167; x_wconf 56' lang='lat' dir='ltr'><strong>adactus</strong></span> 
     </span>
    </p>
   </div>
   <div class='ocr_carea' id='block_1_61' title="bbox 440 3187 2006 3271">
    <p class='ocr_par' dir='ltr' id='par_1_61' title="bbox 440 3196 2006 3268">
     <span class='ocr_line' id='line_1_61' title="bbox 440 3196 2006 3268; baseline -0.003 -16"><span class='ocrx_word' id='word_1_419' title='bbox 440 3198 671 3268; x_wconf 77' lang='grc' dir='ltr'>ἠγνόουν</span> <span class='ocrx_word' id='word_1_420' title='bbox 694 3198 841 3261; x_wconf 78' lang='grc' dir='ltr'>ὅστις</span> <span class='ocrx_word' id='word_1_421' title='bbox 873 3197 985 3268; x_wconf 75' lang='grc' dir='ltr'>εἴη,</span> <span class='ocrx_word' id='word_1_422' title='bbox 1023 3197 1214 3268; x_wconf 84' lang='grc' dir='ltr'>Γαυρᾶ</span> <span class='ocrx_word' id='word_1_423' title='bbox 1242 3213 1389 3260; x_wconf 88' lang='grc' dir='ltr'>τινος</span> <span class='ocrx_word' id='word_1_424' title='bbox 1424 3196 1532 3250; x_wconf 86' lang='grc' dir='ltr'>τῶν</span> <span class='ocrx_word' id='word_1_425' title='bbox 1567 3196 1836 3266; x_wconf 81' lang='grc' dir='ltr'>βασιλέως</span> <span class='ocrx_word' id='word_1_426' title='bbox 1861 3198 2006 3250; x_wconf 86' lang='grc' dir='ltr'>οἰκε-</span> 
     </span>
    </p>
   </div>
   <div class='ocr_carea' id='block_1_62' title="bbox 2107 3187 3689 3271">
    <p class='ocr_par' dir='ltr' id='par_1_62' title="bbox 2113 3187 3689 3271">
     <span class='ocr_line' id='line_1_62' title="bbox 2113 3187 3689 3271; baseline 0.01 -31"><span class='ocrx_word' id='word_1_427' title='bbox 2113 3197 2197 3241; x_wconf 90' lang='lat' dir='ltr'><strong>est</strong></span> <span class='ocrx_word' id='word_1_428' title='bbox 2223 3187 2578 3253; x_wconf 78' lang='lat' dir='ltr'><strong>infelicitatis,</strong></span> <span class='ocrx_word' id='word_1_429' title='bbox 2602 3200 2653 3246; x_wconf 88' lang='lat' dir='ltr'><strong>et</strong></span> <span class='ocrx_word' id='word_1_430' title='bbox 2676 3192 2879 3249; x_wconf 84' lang='lat' dir='ltr'><strong>talibus</strong></span> <span class='ocrx_word' id='word_1_431' title='bbox 2900 3194 3133 3252; x_wconf 86' lang='lat' dir='ltr'><strong>at&#39;llictus</strong></span> <span class='ocrx_word' id='word_1_432' title='bbox 3152 3209 3235 3253; x_wconf 91' lang='lat' dir='ltr'><strong>est</strong></span> <span class='ocrx_word' id='word_1_433' title='bbox 3258 3201 3689 3271; x_wconf 70' lang='lat' dir='ltr'><strong>calamitatibus,</strong></span> 
     </span>
    </p>
   </div>
   <div class='ocr_carea' id='block_1_63' title="bbox 436 3277 2007 3361">
    <p class='ocr_par' dir='ltr' id='par_1_63' title="bbox 436 3277 2007 3361">
     <span class='ocr_line' id='line_1_63' title="bbox 436 3277 2007 3361; baseline -0.004 -14"><span class='ocrx_word' id='word_1_434' title='bbox 436 3294 548 3347; x_wconf 81' lang='grc' dir='ltr'><strong>τῶν</strong></span> <span class='ocrx_word' id='word_1_435' title='bbox 578 3292 830 3361; x_wconf 82' lang='grc' dir='ltr'>κειμένου</span> <span class='ocrx_word' id='word_1_436' title='bbox 893 3277 1233 3361; x_wconf 81' lang='grc' dir='ltr'>τραυματίου</span> <span class='ocrx_word' id='word_1_437' title='bbox 1294 3288 1426 3359; x_wconf 86' lang='grc' dir='ltr'>παρ’</span> <span class='ocrx_word' id='word_1_438' title='bbox 1475 3289 1678 3353; x_wconf 84' lang='grc' dir='ltr'>αὐτοῖς,</span> <span class='ocrx_word' id='word_1_439' title='bbox 1742 3289 1836 3342; x_wconf 76' lang='grc' dir='ltr'>καὶ</span> <span class='ocrx_word' id='word_1_440' title='bbox 1882 3289 2007 3342; x_wconf 84' lang='grc' dir='ltr'>ὅσον</span> 
     </span>
    </p>
   </div>
   <div class='ocr_carea' id='block_1_64' title="bbox 436 3377 2008 3454">
    <p class='ocr_par' dir='ltr' id='par_1_64' title="bbox 436 3377 2008 3454">
     <span class='ocr_line' id='line_1_64' title="bbox 436 3377 2008 3454; baseline -0.004 -18"><span class='ocrx_word' id='word_1_441' title='bbox 436 3383 648 3437; x_wconf 82' lang='grc' dir='ltr'>οὐδέπω</span> <span class='ocrx_word' id='word_1_442' title='bbox 680 3382 1079 3445; x_wconf 85' lang='grc' dir='ltr'>ἀπολείποντος</span> <span class='ocrx_word' id='word_1_443' title='bbox 1123 3379 1411 3454; x_wconf 79' lang='grc' dir='ltr'>πόρρωθεν</span> <span class='ocrx_word' id='word_1_444' title='bbox 1462 3380 1852 3450; x_wconf 86' lang='grc' dir='ltr'>γνωρίσαντος,</span> <span class='ocrx_word' id='word_1_445' title='bbox 1909 3377 2008 3431; x_wconf 79' lang='grc' dir='ltr'>καὶ</span> 
     </span>
    </p>
   </div>
   <div class='ocr_carea' id='block_1_65' title="bbox 441 3469 2008 3543">
    <p class='ocr_par' dir='ltr' id='par_1_65' title="bbox 441 3469 2008 3543">
     <span class='ocr_line' id='line_1_65' title="bbox 441 3469 2008 3543; baseline -0.002 -17"><span class='ocrx_word' id='word_1_446' title='bbox 441 3474 685 3537; x_wconf 78' lang='grc' dir='ltr'>εἰπόντος</span> <span class='ocrx_word' id='word_1_447' title='bbox 721 3473 858 3543; x_wconf 82' lang='grc' dir='ltr'>πρὸς</span> <span class='ocrx_word' id='word_1_448' title='bbox 886 3472 1084 3537; x_wconf 80' lang='grc' dir='ltr'>αὐτοὺς</span> <span class='ocrx_word' id='word_1_449' title='bbox 1108 3472 1479 3543; x_wconf 79' lang='grc' dir='ltr'>ἀπεριέργως,</span> <span class='ocrx_word' id='word_1_450' title='bbox 1529 3470 1605 3534; x_wconf 84' lang='grc' dir='ltr'>ὡς</span> <span class='ocrx_word' id='word_1_451' title='bbox 1636 3469 1724 3540; x_wconf 76' lang='grc' dir='ltr'>εἴη</span> <span class='ocrx_word' id='word_1_452' title='bbox 1750 3469 2008 3541; x_wconf 78' lang='grc' dir='ltr'>βασιλεὺς</span> 
     </span>
    </p>
   </div>
   <div class='ocr_carea' id='block_1_66' title="bbox 439 3561 2009 3636">
    <p class='ocr_par' dir='ltr' id='par_1_66' title="bbox 439 3561 2009 3636">
     <span class='ocr_line' id='line_1_66' title="bbox 439 3561 2009 3636; baseline -0.003 -17"><span class='ocrx_word' id='word_1_453' title='bbox 439 3564 754 3636; x_wconf 79' lang='grc' dir='ltr'><strong>δπροσιὼν⁹</strong></span> <span class='ocrx_word' id='word_1_454' title='bbox 813 3565 909 3619; x_wconf 76' lang='grc' dir='ltr'>καὶ</span> <span class='ocrx_word' id='word_1_455' title='bbox 965 3564 1452 3635; x_wconf 81' lang='grc' dir='ltr'>διερευνησάμενοι</span> <span class='ocrx_word' id='word_1_456' title='bbox 1513 3562 1611 3633; x_wconf 83' lang='grc' dir='ltr'>τὴν</span> <span class='ocrx_word' id='word_1_457' title='bbox 1661 3561 1797 3633; x_wconf 81' lang='grc' dir='ltr'>ὕλην</span> <span class='ocrx_word' id='word_1_458' title='bbox 1850 3562 2009 3630; x_wconf 84' lang='grc' dir='ltr'>ἀκρι-</span> 
     </span>
    </p>
   </div>
   <div class='ocr_carea' id='block_1_67' title="bbox 442 3650 2007 3727">
    <p class='ocr_par' dir='ltr' id='par_1_67' title="bbox 442 3650 2007 3727">
     <span class='ocr_line' id='line_1_67' title="bbox 442 3650 2007 3727; baseline -0.002 -16"><span class='ocrx_word' id='word_1_459' title='bbox 442 3658 554 3722; x_wconf 76' lang='grc' dir='ltr'><strong>ϐῶς</strong></span> <span class='ocrx_word' id='word_1_460' title='bbox 581 3659 685 3712; x_wconf 80' lang='grc' dir='ltr'><strong>ύπδ</strong></span> <span class='ocrx_word' id='word_1_461' title='bbox 720 3658 870 3724; x_wconf 75' lang='grc' dir='ltr'>κυσὶ,</span> <span class='ocrx_word' id='word_1_462' title='bbox 936 3656 1349 3724; x_wconf 77' lang='grc' dir='ltr'>συνελάμϐανόν</span> <span class='ocrx_word' id='word_1_463' title='bbox 1373 3672 1459 3720; x_wconf 89' lang='grc' dir='ltr'><strong>τε,</strong></span> <span class='ocrx_word' id='word_1_464' title='bbox 1490 3656 1584 3709; x_wconf 78' lang='grc' dir='ltr'>καὶ</span> <span class='ocrx_word' id='word_1_465' title='bbox 1615 3650 1751 3727; x_wconf 82' lang='grc' dir='ltr'>ἦγον</span> <span class='ocrx_word' id='word_1_466' title='bbox 1783 3655 1863 3718; x_wconf 86' lang='grc' dir='ltr'><strong>είς</strong></span> <span class='ocrx_word' id='word_1_467' title='bbox 1908 3652 2007 3726; x_wconf 78' lang='grc' dir='ltr'>τὴν</span> 
     </span>
    </p>
   </div>
   <div class='ocr_carea' id='block_1_68' title="bbox 360 3726 2010 3820">
    <p class='ocr_par' dir='ltr' id='par_1_68' title="bbox 360 3726 2010 3820">
     <span class='ocr_line' id='line_1_68' title="bbox 360 3726 2010 3820; baseline -0.002 -16"><span class='ocrx_word' id='word_1_468' title='bbox 360 3726 365 3733; x_wconf 23' lang='grc'><strong><em>1</em></strong></span> <span class='ocrx_word' id='word_1_469' title='bbox 445 3750 619 3806; x_wconf 89' lang='grc' dir='ltr'>πόλιν.</span> <span class='ocrx_word' id='word_1_470' title='bbox 659 3750 723 3804; x_wconf 78' lang='lat'><strong>&#39;0</strong></span> <span class='ocrx_word' id='word_1_471' title='bbox 776 3751 875 3820; x_wconf 83' lang='grc' dir='ltr'>μὲν</span> <span class='ocrx_word' id='word_1_472' title='bbox 923 3749 1016 3803; x_wconf 73' lang='grc' dir='ltr'>οὖν</span> <span class='ocrx_word' id='word_1_473' title='bbox 1067 3748 1320 3818; x_wconf 83' lang='grc' dir='ltr'>βασιλεὺς</span> <span class='ocrx_word' id='word_1_474' title='bbox 1380 3726 1661 3810; x_wconf 83' lang='grc' dir='ltr'>Ματθαῖος</span> <span class='ocrx_word' id='word_1_475' title='bbox 1707 3749 1788 3811; x_wconf 87' lang='grc' dir='ltr'><strong>είς</strong></span> <span class='ocrx_word' id='word_1_476' title='bbox 1851 3745 2010 3800; x_wconf 87' lang='grc' dir='ltr'>τοῦτο</span> 
     </span>
    </p>
   </div>
   <div class='ocr_carea' id='block_1_69' title="bbox 438 3837 2010 3915">
    <p class='ocr_par' dir='ltr' id='par_1_69' title="bbox 438 3837 2010 3915">
     <span class='ocr_line' id='line_1_69' title="bbox 438 3837 2010 3915; baseline -0.004 -18"><span class='ocrx_word' id='word_1_477' title='bbox 438 3837 571 3915; x_wconf 74' lang='grc' dir='ltr'>ἦλθε</span> <span class='ocrx_word' id='word_1_478' title='bbox 606 3841 1014 3910; x_wconf 72' lang='grc' dir='ltr'>κακοπραγίας,</span> <span class='ocrx_word' id='word_1_479' title='bbox 1065 3842 1160 3894; x_wconf 78' lang='grc' dir='ltr'>καὶ</span> <span class='ocrx_word' id='word_1_480' title='bbox 1191 3840 1476 3903; x_wconf 84' lang='grc' dir='ltr'>τοιαύταις</span> <span class='ocrx_word' id='word_1_481' title='bbox 1507 3842 1818 3909; x_wconf 82' lang='grc' dir='ltr'>συμφοραῖς</span> <span class='ocrx_word' id='word_1_482' title='bbox 1844 3841 2010 3912; x_wconf 75' lang='grc' dir='ltr'>ἐχρή·</span> 
     </span>
    </p>
   </div>
   <div class='ocr_carea' id='block_1_70' title="bbox 439 3931 2010 4004">
    <p class='ocr_par' dir='ltr' id='par_1_70' title="bbox 439 3931 2010 4004">
     <span class='ocr_line' id='line_1_70' title="bbox 439 3931 2010 4004; baseline -0.001 -16"><span class='ocrx_word' id='word_1_483' title='bbox 439 3952 593 4000; x_wconf 88' lang='grc' dir='ltr'>σατο,</span> <span class='ocrx_word' id='word_1_484' title='bbox 629 3937 743 3997; x_wconf 80' lang='grc' dir='ltr'>τοῖς</span> <span class='ocrx_word' id='word_1_485' title='bbox 801 3932 1024 3986; x_wconf 85' lang='grc' dir='ltr'>πώποτε</span> <span class='ocrx_word' id='word_1_486' title='bbox 1061 3932 1188 4001; x_wconf 76' lang='grc' dir='ltr'>περὶ</span> <span class='ocrx_word' id='word_1_487' title='bbox 1248 3931 1518 4003; x_wconf 78' lang='grc' dir='ltr'>πολέμους</span> <span class='ocrx_word' id='word_1_488' title='bbox 1573 3932 1878 4004; x_wconf 83' lang='grc' dir='ltr'>ἀτυχήσασι</span> <span class='ocrx_word' id='word_1_489' title='bbox 1937 3931 2010 3987; x_wconf 81' lang='grc' dir='ltr'><strong>τὰ</strong></span> 
     </span>
    </p>
   </div>
   <div class='ocr_carea' id='block_1_71' title="bbox 439 4024 2009 4097">
    <p class='ocr_par' dir='ltr' id='par_1_71' title="bbox 439 4024 2009 4097">
     <span class='ocr_line' id='line_1_71' title="bbox 439 4024 2009 4097; baseline -0.001 -18"><span class='ocrx_word' id='word_1_490' title='bbox 439 4026 674 4096; x_wconf 88' lang='grc' dir='ltr'>μέγιστα</span> <span class='ocrx_word' id='word_1_491' title='bbox 702 4024 1049 4096; x_wconf 84' lang='grc' dir='ltr'>ἁμιλληθείς.</span> <span class='ocrx_word' id='word_1_492' title='bbox 1074 4024 1305 4096; x_wconf 80' lang='grc' dir='ltr'>Βοῖχνας</span> <span class='ocrx_word' id='word_1_493' title='bbox 1332 4026 1389 4079; x_wconf 80' lang='grc' dir='ltr'><strong>δέ</strong></span> <span class='ocrx_word' id='word_1_494' title='bbox 1412 4025 1439 4079; x_wconf 87' lang='grc' dir='ltr'><strong>ό</strong></span> <span class='ocrx_word' id='word_1_495' title='bbox 1466 4025 1703 4097; x_wconf 87' lang='grc' dir='ltr'>Καῖσαρ,</span> <span class='ocrx_word' id='word_1_496' title='bbox 1730 4026 1855 4078; x_wconf 75' lang='grc' dir='ltr'>ἐπεὶ</span> <span class='ocrx_word' id='word_1_497' title='bbox 1873 4024 2009 4078; x_wconf 88' lang='grc' dir='ltr'>ἐπύ-</span> 
     </span>
    </p>
   </div>
   <div class='ocr_carea' id='block_1_72' title="bbox 437 4117 2009 4192">
    <p class='ocr_par' dir='ltr' id='par_1_72' title="bbox 437 4117 2009 4192">
     <span class='ocr_line' id='line_1_72' title="bbox 437 4117 2009 4192; baseline -0.002 -20"><span class='ocrx_word' id='word_1_498' title='bbox 437 4119 564 4172; x_wconf 83' lang='grc' dir='ltr'>θετο</span> <span class='ocrx_word' id='word_1_499' title='bbox 600 4121 1012 4192; x_wconf 84' lang='grc' dir='ltr'>φρουρούμενον</span> <span class='ocrx_word' id='word_1_500' title='bbox 1044 4118 1274 4189; x_wconf 81' lang='grc' dir='ltr'>βασιλέα</span> <span class='ocrx_word' id='word_1_501' title='bbox 1331 4119 1390 4172; x_wconf 83' lang='grc' dir='ltr'><strong>ἐν</strong></span> <span class='ocrx_word' id='word_1_502' title='bbox 1441 4117 1736 4182; x_wconf 79' lang='grc' dir='ltr'>Φιλίππου,</span> <span class='ocrx_word' id='word_1_503' title='bbox 1793 4119 1877 4180; x_wconf 80' lang='grc' dir='ltr'><strong>είς</strong></span> <span class='ocrx_word' id='word_1_504' title='bbox 1907 4118 2009 4185; x_wconf 74' lang='grc' dir='ltr'>τὴν</span> 
     </span>
    </p>
   </div>
   <div class='ocr_carea' id='block_1_73' title="bbox 437 4206 2007 4284">
    <p class='ocr_par' dir='ltr' id='par_1_73' title="bbox 437 4206 2007 4284">
     <span class='ocr_line' id='line_1_73' title="bbox 437 4206 2007 4284; baseline -0.002 -17"><span class='ocrx_word' id='word_1_505' title='bbox 437 4212 736 4284; x_wconf 81' lang='grc' dir='ltr'>ὑστεραίαν</span> <span class='ocrx_word' id='word_1_506' title='bbox 766 4211 978 4267; x_wconf 73' lang='grc' dir='ltr'>ἐκεῖθεν</span> <span class='ocrx_word' id='word_1_507' title='bbox 1006 4210 1317 4274; x_wconf 77' lang='grc' dir='ltr'>ἀναλαϐὼν,</span> <span class='ocrx_word' id='word_1_508' title='bbox 1348 4206 1556 4281; x_wconf 68' lang='grc' dir='ltr'>ἤγαγεν</span> <span class='ocrx_word' id='word_1_509' title='bbox 1587 4209 1668 4272; x_wconf 83' lang='grc' dir='ltr'><strong>είς</strong></span> <span class='ocrx_word' id='word_1_510' title='bbox 1696 4209 1797 4281; x_wconf 77' lang='grc' dir='ltr'>τὴν</span> <span class='ocrx_word' id='word_1_511' title='bbox 1826 4208 2007 4264; x_wconf 75' lang='grc' dir='ltr'>οἰκίαν</span> 
     </span>
    </p>
   </div>
   <div class='ocr_carea' id='block_1_74' title="bbox 434 4301 2008 4379">
    <p class='ocr_par' dir='ltr' id='par_1_74' title="bbox 434 4301 2008 4379">
     <span class='ocr_line' id='line_1_74' title="bbox 434 4301 2008 4379; baseline -0.003 -20"><span class='ocrx_word' id='word_1_512' title='bbox 434 4306 530 4359; x_wconf 73' lang='grc' dir='ltr'><strong>ἐπὶ</strong></span> <span class='ocrx_word' id='word_1_513' title='bbox 577 4307 808 4379; x_wconf 83' lang='grc' dir='ltr'>Δράμαν</span> <span class='ocrx_word' id='word_1_514' title='bbox 845 4304 942 4358; x_wconf 82' lang='grc' dir='ltr'>καὶ</span> <span class='ocrx_word' id='word_1_515' title='bbox 976 4303 1177 4374; x_wconf 82' lang='grc' dir='ltr'>πολλῆς</span> <span class='ocrx_word' id='word_1_516' title='bbox 1214 4302 1420 4374; x_wconf 70' lang='grc' dir='ltr'>ἠξίωσε</span> <span class='ocrx_word' id='word_1_517' title='bbox 1488 4301 1746 4373; x_wconf 87' lang='grc' dir='ltr'>προνοίας</span> <span class='ocrx_word' id='word_1_518' title='bbox 1778 4301 1876 4356; x_wconf 74' lang='grc' dir='ltr'>καὶ</span> <span class='ocrx_word' id='word_1_519' title='bbox 1927 4316 2008 4355; x_wconf 79' lang='grc' dir='ltr'>τι·</span> 
     </span>
    </p>
   </div>
   <div class='ocr_carea' id='block_1_75' title="bbox 2109 3280 3687 3358">
    <p class='ocr_par' dir='ltr' id='par_1_75' title="bbox 2109 3280 3687 3358">
     <span class='ocr_line' id='line_1_75' title="bbox 2109 3280 3687 3358; baseline 0.011 -24"><span class='ocrx_word' id='word_1_520' title='bbox 2109 3280 2262 3335; x_wconf 87' lang='lat' dir='ltr'><strong>nullo</strong></span> <span class='ocrx_word' id='word_1_521' title='bbox 2291 3294 2484 3335; x_wconf 85' lang='lat' dir='ltr'><strong>eorum</strong></span> <span class='ocrx_word' id='word_1_522' title='bbox 2517 3283 2766 3354; x_wconf 79' lang='lat' dir='ltr'><strong>inferior,</strong></span> <span class='ocrx_word' id='word_1_523' title='bbox 2810 3303 2947 3358; x_wconf 87' lang='lat' dir='ltr'><strong>quos</strong></span> <span class='ocrx_word' id='word_1_524' title='bbox 2978 3289 3180 3344; x_wconf 82' lang='lat' dir='ltr'><strong>bellum</strong></span> <span class='ocrx_word' id='word_1_525' title='bbox 3225 3293 3465 3349; x_wconf 82' lang='lat' dir='ltr'><strong>reddidit</strong></span> <span class='ocrx_word' id='word_1_526' title='bbox 3491 3298 3687 3352; x_wconf 87' lang='lat' dir='ltr'><strong>miser-</strong></span> 
     </span>
    </p>
   </div>
   <div class='ocr_carea' id='block_1_76' title="bbox 2107 3370 3697 3453">
    <p class='ocr_par' dir='ltr' id='par_1_76' title="bbox 2107 3370 3697 3453">
     <span class='ocr_line' id='line_1_76' title="bbox 2107 3370 3697 3453; baseline 0.013 -30"><span class='ocrx_word' id='word_1_527' title='bbox 2107 3370 2299 3425; x_wconf 84' lang='lat' dir='ltr'><strong>rimos.</strong></span> <span class='ocrx_word' id='word_1_528' title='bbox 2334 3371 2603 3429; x_wconf 89' lang='lat' dir='ltr'><strong>Boichnas</strong></span> <span class='ocrx_word' id='word_1_529' title='bbox 2657 3376 2837 3431; x_wconf 63' lang='lat' dir='ltr'><strong>Caesar</strong></span> <span class='ocrx_word' id='word_1_530' title='bbox 2883 3389 2940 3433; x_wconf 92' lang='lat' dir='ltr'><strong>ut</strong></span> <span class='ocrx_word' id='word_1_531' title='bbox 2969 3395 3094 3435; x_wconf 86' lang='lat' dir='ltr'><strong>eum</strong></span> <span class='ocrx_word' id='word_1_532' title='bbox 3123 3382 3390 3453; x_wconf 85' lang='lat' dir='ltr'><strong>Philippis</strong></span> <span class='ocrx_word' id='word_1_533' title='bbox 3415 3387 3697 3443; x_wconf 63' lang='lat' dir='ltr'><strong>custodiri</strong></span> 
     </span>
    </p>
   </div>
   <div class='ocr_carea' id='block_1_77' title="bbox 2109 3462 3807 3551">
    <p class='ocr_par' dir='ltr' id='par_1_77' title="bbox 2109 3462 3807 3551">
     <span class='ocr_line' id='line_1_77' title="bbox 2109 3462 3807 3551; baseline 0.009 -35"><span class='ocrx_word' id='word_1_534' title='bbox 2109 3462 2354 3529; x_wconf 89' lang='lat' dir='ltr'><strong>audivit,</strong></span> <span class='ocrx_word' id='word_1_535' title='bbox 2386 3465 2654 3534; x_wconf 88' lang='lat' dir='ltr'><strong>postridie</strong></span> <span class='ocrx_word' id='word_1_536' title='bbox 2675 3477 2986 3537; x_wconf 86' lang='lat' dir='ltr'><strong>acceptum,</strong></span> <span class='ocrx_word' id='word_1_537' title='bbox 3013 3470 3235 3527; x_wconf 90' lang='lat' dir='ltr'><strong>domum</strong></span> <span class='ocrx_word' id='word_1_538' title='bbox 3255 3488 3408 3529; x_wconf 88' lang='lat' dir='ltr'><strong>suam</strong></span> <span class='ocrx_word' id='word_1_539' title='bbox 3428 3473 3701 3551; x_wconf 63' lang='lat' dir='ltr'><strong>Dramam:</strong></span> <span class='ocrx_word' id='word_1_540' title='bbox 3802 3466 3807 3473; x_wconf 81' lang='grc'><em>’</em></span> 
     </span>
    </p>
   </div>
   <div class='ocr_carea' id='block_1_78' title="bbox 2110 3545 3689 3627">
    <p class='ocr_par' dir='ltr' id='par_1_78' title="bbox 2110 3545 3689 3627">
     <span class='ocr_line' id='line_1_78' title="bbox 2110 3545 3689 3627; baseline 0.009 -18"><span class='ocrx_word' id='word_1_541' title='bbox 2110 3545 2352 3622; x_wconf 86' lang='lat' dir='ltr'><strong>abducit,</strong></span> <span class='ocrx_word' id='word_1_542' title='bbox 2386 3558 2611 3627; x_wconf 78' lang='lat' dir='ltr'><strong>provide</strong></span> <span class='ocrx_word' id='word_1_543' title='bbox 2643 3558 2936 3616; x_wconf 88' lang='lat' dir='ltr'><strong>admodum</strong></span> <span class='ocrx_word' id='word_1_544' title='bbox 2971 3571 3026 3616; x_wconf 91' lang='lat' dir='ltr'><strong>et</strong></span> <span class='ocrx_word' id='word_1_545' title='bbox 3059 3563 3368 3621; x_wconf 75' lang='lat' dir='ltr'><strong>honor-ilice</strong></span> <span class='ocrx_word' id='word_1_546' title='bbox 3402 3566 3556 3622; x_wconf 91' lang='lat' dir='ltr'><strong>illum</strong></span> <span class='ocrx_word' id='word_1_547' title='bbox 3591 3545 3689 3624; x_wconf 76' lang='lat' dir='ltr'><strong>ha-</strong></span> 
     </span>
    </p>
   </div>
   <div class='ocr_carea' id='block_1_79' title="bbox 2109 3644 3682 3726">
    <p class='ocr_par' dir='ltr' id='par_1_79' title="bbox 2109 3644 3682 3726">
     <span class='ocr_line' id='line_1_79' title="bbox 2109 3644 3682 3726; baseline 0.01 -26"><span class='ocrx_word' id='word_1_548' title='bbox 2109 3644 2224 3709; x_wconf 90' lang='lat' dir='ltr'><strong>bet,</strong></span> <span class='ocrx_word' id='word_1_549' title='bbox 2253 3656 2309 3703; x_wconf 93' lang='lat' dir='ltr'><strong>et</strong></span> <span class='ocrx_word' id='word_1_550' title='bbox 2350 3657 2412 3703; x_wconf 90' lang='lat' dir='ltr'><strong>ut</strong></span> <span class='ocrx_word' id='word_1_551' title='bbox 2441 3649 2736 3721; x_wconf 80' lang='lat' dir='ltr'><strong>diligenter</strong></span> <span class='ocrx_word' id='word_1_552' title='bbox 2779 3664 3095 3711; x_wconf 86' lang='lat' dir='ltr'><strong>asservetur</strong></span> <span class='ocrx_word' id='word_1_553' title='bbox 3125 3657 3468 3726; x_wconf 89' lang='lat' dir='ltr'><strong>perstudiose</strong></span> <span class='ocrx_word' id='word_1_554' title='bbox 3503 3672 3682 3724; x_wconf 77' lang='lat' dir='ltr'><strong>curat;</strong></span> 
     </span>
    </p>
   </div>
   <div class='ocr_carea' id='block_1_80' title="bbox 2110 3740 3681 3818">
    <p class='ocr_par' dir='ltr' id='par_1_80' title="bbox 2110 3740 3681 3818">
     <span class='ocr_line' id='line_1_80' title="bbox 2110 3740 3681 3818; baseline 0.011 -26"><span class='ocrx_word' id='word_1_555' title='bbox 2110 3740 2464 3809; x_wconf 88' lang='lat' dir='ltr'><strong>promittens,</strong></span> <span class='ocrx_word' id='word_1_556' title='bbox 2509 3742 2556 3798; x_wconf 89' lang='lat' dir='ltr'><strong>si</strong></span> <span class='ocrx_word' id='word_1_557' title='bbox 2599 3743 2671 3798; x_wconf 88' lang='lat' dir='ltr'><strong>sit</strong></span> <span class='ocrx_word' id='word_1_558' title='bbox 2704 3759 2873 3814; x_wconf 75' lang='lat' dir='ltr'><strong>penes</strong></span> <span class='ocrx_word' id='word_1_559' title='bbox 2901 3760 2981 3814; x_wconf 87' lang='lat' dir='ltr'><strong>se,</strong></span> <span class='ocrx_word' id='word_1_560' title='bbox 3028 3748 3082 3802; x_wconf 91' lang='lat' dir='ltr'><strong>in</strong></span> <span class='ocrx_word' id='word_1_561' title='bbox 3116 3751 3453 3818; x_wconf 79' lang='lat' dir='ltr'><strong>provinciam</strong></span> <span class='ocrx_word' id='word_1_562' title='bbox 3486 3755 3681 3810; x_wconf 85' lang='lat' dir='ltr'><strong>remis-</strong></span> 
     </span>
    </p>
   </div>
   <div class='ocr_carea' id='block_1_81' title="bbox 2110 3831 3685 3904">
    <p class='ocr_par' dir='ltr' id='par_1_81' title="bbox 2110 3831 3685 3904">
     <span class='ocr_line' id='line_1_81' title="bbox 2110 3831 3685 3904; baseline 0.008 -15"><span class='ocrx_word' id='word_1_563' title='bbox 2110 3847 2324 3889; x_wconf 87' lang='lat' dir='ltr'><strong>surum.</strong></span> <span class='ocrx_word' id='word_1_564' title='bbox 2352 3831 2706 3889; x_wconf 87' lang='lat' dir='ltr'><strong>Formidabat</strong></span> <span class='ocrx_word' id='word_1_565' title='bbox 2734 3837 2965 3904; x_wconf 70' lang='lat' dir='ltr'><strong>etenim,</strong></span> <span class='ocrx_word' id='word_1_566' title='bbox 2990 3853 3057 3893; x_wconf 81' lang='lat' dir='ltr'><strong>ne</strong></span> <span class='ocrx_word' id='word_1_567' title='bbox 3082 3840 3326 3895; x_wconf 66' lang='lat' dir='ltr'><strong>Cralmna</strong></span> <span class='ocrx_word' id='word_1_568' title='bbox 3357 3842 3459 3898; x_wconf 85' lang='lat' dir='ltr'><strong>sibi</strong></span> <span class='ocrx_word' id='word_1_569' title='bbox 3487 3844 3685 3900; x_wconf 85' lang='lat' dir='ltr'><strong>adver-</strong></span> 
     </span>
    </p>
   </div>
   <div class='ocr_carea' id='block_1_82' title="bbox 2109 3927 3701 4005">
    <p class='ocr_par' dir='ltr' id='par_1_82' title="bbox 2109 3927 3701 4005">
     <span class='ocr_line' id='line_1_82' title="bbox 2109 3927 3701 4005; baseline 0.009 -25"><span class='ocrx_word' id='word_1_570' title='bbox 2109 3933 2348 3990; x_wconf 90' lang='lat' dir='ltr'><strong>saretur,</strong></span> <span class='ocrx_word' id='word_1_571' title='bbox 2382 3927 2796 3998; x_wconf 85' lang='lat' dir='ltr'><strong>postnlaretque</strong></span> <span class='ocrx_word' id='word_1_572' title='bbox 2826 3929 2952 4000; x_wconf 79' lang='lat' dir='ltr'><strong>jure</strong></span> <span class='ocrx_word' id='word_1_573' title='bbox 2980 3946 3099 3994; x_wconf 88' lang='lat' dir='ltr'><strong>suo,</strong></span> <span class='ocrx_word' id='word_1_574' title='bbox 3144 3940 3205 3987; x_wconf 88' lang='lat' dir='ltr'><strong>ut</strong></span> <span class='ocrx_word' id='word_1_575' title='bbox 3234 3932 3361 3989; x_wconf 84' lang='lat' dir='ltr'><strong>belli</strong></span> <span class='ocrx_word' id='word_1_576' title='bbox 3403 3936 3701 4005; x_wconf 87' lang='lat' dir='ltr'><strong>quoddam-</strong></span> 
     </span>
    </p>
   </div>
   <div class='ocr_carea' id='block_1_83' title="bbox 2109 4016 3684 4098">
    <p class='ocr_par' dir='ltr' id='par_1_83' title="bbox 2109 4016 3684 4098">
     <span class='ocr_line' id='line_1_83' title="bbox 2109 4016 3684 4098; baseline 0.009 -28"><span class='ocrx_word' id='word_1_577' title='bbox 2109 4016 2367 4085; x_wconf 79' lang='lat' dir='ltr'><strong>Spolium,</strong></span> <span class='ocrx_word' id='word_1_578' title='bbox 2395 4017 2540 4087; x_wconf 89' lang='lat' dir='ltr'><strong>apud</strong></span> <span class='ocrx_word' id='word_1_579' title='bbox 2565 4032 2623 4072; x_wconf 86' lang='lat' dir='ltr'><strong>se</strong></span> <span class='ocrx_word' id='word_1_580' title='bbox 2647 4019 3040 4090; x_wconf 86' lang='lat' dir='ltr'><strong>imperatorem</strong></span> <span class='ocrx_word' id='word_1_581' title='bbox 3072 4023 3302 4080; x_wconf 88' lang='lat' dir='ltr'><strong>habere.</strong></span> <span class='ocrx_word' id='word_1_582' title='bbox 3334 4025 3461 4083; x_wconf 83' lang='lat' dir='ltr'><strong>Ideo</strong></span> <span class='ocrx_word' id='word_1_583' title='bbox 3482 4029 3684 4098; x_wconf 77' lang='lat' dir='ltr'><strong>quant-</strong></span> 
     </span>
    </p>
   </div>
   <div class='ocr_carea' id='block_1_84' title="bbox 2108 4108 3681 4189">
    <p class='ocr_par' dir='ltr' id='par_1_84' title="bbox 2108 4108 3681 4189">
     <span class='ocr_line' id='line_1_84' title="bbox 2108 4108 3681 4189; baseline 0.01 -27"><span class='ocrx_word' id='word_1_584' title='bbox 2108 4108 2350 4177; x_wconf 89' lang='lat' dir='ltr'><strong>primum</strong></span> <span class='ocrx_word' id='word_1_585' title='bbox 2389 4108 2460 4163; x_wconf 84' lang='lat' dir='ltr'><strong>ab</strong></span> <span class='ocrx_word' id='word_1_586' title='bbox 2501 4123 2566 4164; x_wconf 87' lang='lat' dir='ltr'><strong>ea</strong></span> <span class='ocrx_word' id='word_1_587' title='bbox 2593 4109 2973 4180; x_wconf 85' lang='lat' dir='ltr'><strong>deposcendus</strong></span> <span class='ocrx_word' id='word_1_588' title='bbox 2993 4114 3310 4185; x_wconf 86' lang='lat' dir='ltr'><strong>videbatur;</strong></span> <span class='ocrx_word' id='word_1_589' title='bbox 3342 4120 3504 4174; x_wconf 87' lang='lat' dir='ltr'><strong>simul</strong></span> <span class='ocrx_word' id='word_1_590' title='bbox 3535 4123 3681 4189; x_wconf 81' lang='lat' dir='ltr'><strong>qqu</strong></span> 
     </span>
    </p>
   </div>
   <div class='ocr_carea' id='block_1_85' title="bbox 2108 4198 3681 4272">
    <p class='ocr_par' dir='ltr' id='par_1_85' title="bbox 2108 4198 3681 4272">
     <span class='ocr_line' id='line_1_85' title="bbox 2108 4198 3681 4272; baseline 0.01 -20"><span class='ocrx_word' id='word_1_591' title='bbox 2108 4198 2178 4254; x_wconf 90' lang='lat' dir='ltr'><strong>ab</strong></span> <span class='ocrx_word' id='word_1_592' title='bbox 2211 4214 2280 4254; x_wconf 88' lang='lat' dir='ltr'><strong>eo</strong></span> <span class='ocrx_word' id='word_1_593' title='bbox 2310 4200 2601 4268; x_wconf 89' lang='lat' dir='ltr'><strong>pecuniam</strong></span> <span class='ocrx_word' id='word_1_594' title='bbox 2637 4203 2916 4272; x_wconf 84' lang='lat' dir='ltr'><strong>sperabat,</strong></span> <span class='ocrx_word' id='word_1_595' title='bbox 2965 4214 3022 4261; x_wconf 90' lang='lat' dir='ltr'><strong>et</strong></span> <span class='ocrx_word' id='word_1_596' title='bbox 3070 4218 3413 4265; x_wconf 82' lang='lat' dir='ltr'><strong>constantem</strong></span> <span class='ocrx_word' id='word_1_597' title='bbox 3440 4213 3681 4268; x_wconf 89' lang='lat' dir='ltr'><strong>amicum</strong></span> 
     </span>
    </p>
   </div>
   <div class='ocr_carea' id='block_1_86' title="bbox 2109 4288 3679 4374">
    <p class='ocr_par' dir='ltr' id='par_1_86' title="bbox 2109 4288 3679 4374">
     <span class='ocr_line' id='line_1_86' title="bbox 2109 4288 3679 4374; baseline 0.01 -31"><span class='ocrx_word' id='word_1_598' title='bbox 2109 4288 2248 4357; x_wconf 80' lang='lat' dir='ltr'><strong>fore,</strong></span> <span class='ocrx_word' id='word_1_599' title='bbox 2282 4289 2448 4361; x_wconf 75' lang='lat'><strong>892</strong></span> <span class='ocrx_word' id='word_1_600' title='bbox 2476 4299 2538 4344; x_wconf 92' lang='lat' dir='ltr'><strong>ut</strong></span> <span class='ocrx_word' id='word_1_601' title='bbox 2570 4291 2614 4348; x_wconf 88' lang='lat' dir='ltr'><strong>si</strong></span> <span class='ocrx_word' id='word_1_602' title='bbox 2643 4293 2829 4360; x_wconf 89' lang='lat' dir='ltr'><strong>priora</strong></span> <span class='ocrx_word' id='word_1_603' title='bbox 2859 4311 3050 4351; x_wconf 87' lang='lat' dir='ltr'><strong>rursus</strong></span> <span class='ocrx_word' id='word_1_604' title='bbox 3075 4302 3457 4371; x_wconf 72' lang='lat' dir='ltr'><strong>aggrediundrr</strong></span> <span class='ocrx_word' id='word_1_605' title='bbox 3473 4305 3679 4374; x_wconf 82' lang='lat' dir='ltr'><strong>forent,</strong></span> 
     </span>
    </p>
   </div>
   <div class='ocr_carea' id='block_1_87' title="bbox 438 4382 2006 4469">
    <p class='ocr_par' dir='ltr' id='par_1_87' title="bbox 438 4391 2006 4469">
     <span class='ocr_line' id='line_1_87' title="bbox 438 4391 2006 4469; baseline -0.004 -15"><span class='ocrx_word' id='word_1_606' title='bbox 438 4399 564 4469; x_wconf 82' lang='grc' dir='ltr'>μῆς.</span> <span class='ocrx_word' id='word_1_607' title='bbox 591 4396 869 4468; x_wconf 74' lang='grc' dir='ltr'>Φρουροὺς</span> <span class='ocrx_word' id='word_1_608' title='bbox 890 4395 948 4449; x_wconf 76' lang='grc' dir='ltr'>δὲ</span> <span class='ocrx_word' id='word_1_609' title='bbox 984 4395 1289 4465; x_wconf 75' lang='grc' dir='ltr'>ἐπέστησεν</span> <span class='ocrx_word' id='word_1_610' title='bbox 1317 4391 1655 4464; x_wconf 82' lang='grc' dir='ltr'>ἀγρύπνους,</span> <span class='ocrx_word' id='word_1_611' title='bbox 1694 4392 1791 4447; x_wconf 77' lang='grc' dir='ltr'>καὶ</span> <span class='ocrx_word' id='word_1_612' title='bbox 1821 4391 2006 4447; x_wconf 77' lang='grc' dir='ltr'>πᾶσαν</span> 
     </span>
    </p>
   </div>
   <div class='ocr_carea' id='block_1_88' title="bbox 2107 4382 3683 4469">
    <p class='ocr_par' dir='ltr' id='par_1_88' title="bbox 2109 4382 3683 4462">
     <span class='ocr_line' id='line_1_88' title="bbox 2109 4382 3683 4462; baseline 0.013 -27"><span class='ocrx_word' id='word_1_613' title='bbox 2109 4391 2367 4452; x_wconf 86' lang='lat' dir='ltr'><strong>potenter</strong></span> <span class='ocrx_word' id='word_1_614' title='bbox 2398 4382 2469 4437; x_wconf 90' lang='lat' dir='ltr'><strong>ab</strong></span> <span class='ocrx_word' id='word_1_615' title='bbox 2521 4397 2589 4439; x_wconf 90' lang='lat' dir='ltr'><strong>eo</strong></span> <span class='ocrx_word' id='word_1_616' title='bbox 2643 4383 3017 4456; x_wconf 73' lang='lat' dir='ltr'><strong>adiuvaretur.</strong></span> <span class='ocrx_word' id='word_1_617' title='bbox 3075 4389 3249 4462; x_wconf 82' lang='lat' dir='ltr'><strong>Capto</strong></span> <span class='ocrx_word' id='word_1_618' title='bbox 3299 4394 3404 4450; x_wconf 84' lang='lat' dir='ltr'><strong>hoc</strong></span> <span class='ocrx_word' id='word_1_619' title='bbox 3449 4399 3683 4456; x_wconf 77' lang='lat' dir='ltr'><strong>consilio</strong></span> 
     </span>
    </p>
   </div>
   <div class='ocr_carea' id='block_1_89' title="bbox 435 4473 2006 4559">
    <p class='ocr_par' dir='ltr' id='par_1_89' title="bbox 435 4479 2006 4554">
     <span class='ocr_line' id='line_1_89' title="bbox 435 4479 2006 4554; baseline -0.006 -12"><span class='ocrx_word' id='word_1_620' title='bbox 435 4485 780 4542; x_wconf 80' lang='grc' dir='ltr'>ἐπεδείκνυτο</span> <span class='ocrx_word' id='word_1_621' title='bbox 814 4482 1052 4554; x_wconf 85' lang='grc' dir='ltr'>σπουδὴν</span> <span class='ocrx_word' id='word_1_622' title='bbox 1079 4482 1210 4552; x_wconf 76' lang='grc' dir='ltr'>περὶ</span> <span class='ocrx_word' id='word_1_623' title='bbox 1242 4482 1343 4553; x_wconf 77' lang='grc' dir='ltr'>τὴν</span> <span class='ocrx_word' id='word_1_624' title='bbox 1387 4480 1658 4551; x_wconf 81' lang='grc' dir='ltr'>φυλακήν.</span> <span class='ocrx_word' id='word_1_625' title='bbox 1706 4479 2006 4549; x_wconf 81' lang='grc' dir='ltr'>Ἐπηγγέλ-</span> 
     </span>
    </p>
   </div>
   <div class='ocr_carea' id='block_1_90' title="bbox 2107 4473 3681 4559">
    <p class='ocr_par' dir='ltr' id='par_1_90' title="bbox 2107 4473 3681 4559">
     <span class='ocr_line' id='line_1_90' title="bbox 2107 4473 3681 4559; baseline 0.011 -30"><span class='ocrx_word' id='word_1_626' title='bbox 2107 4473 2315 4529; x_wconf 85' lang='lat' dir='ltr'><strong>Pheras</strong></span> <span class='ocrx_word' id='word_1_627' title='bbox 2371 4489 2695 4544; x_wconf 88' lang='lat' dir='ltr'><strong>properans,</strong></span> <span class='ocrx_word' id='word_1_628' title='bbox 2749 4479 2943 4534; x_wconf 87' lang='lat' dir='ltr'><strong>morbo</strong></span> <span class='ocrx_word' id='word_1_629' title='bbox 2997 4480 3060 4537; x_wconf 73' lang='lat' dir='ltr'><strong>in</strong></span> <span class='ocrx_word' id='word_1_630' title='bbox 3106 4483 3305 4542; x_wconf 87' lang='lat' dir='ltr'><strong>itinere</strong></span> <span class='ocrx_word' id='word_1_631' title='bbox 3357 4487 3681 4559; x_wconf 85' lang='lat' dir='ltr'><strong>implicitus,</strong></span> 
     </span>
    </p>
   </div>
   <div class='ocr_carea' id='block_1_91' title="bbox 433 4545 2006 4649">
    <p class='ocr_par' dir='ltr' id='par_1_91' title="bbox 433 4545 2005 4644">
     <span class='ocr_line' id='line_1_91' title="bbox 433 4545 2005 4644; baseline -0.006 -14"><span class='ocrx_word' id='word_1_632' title='bbox 433 4576 556 4630; x_wconf 89' lang='grc' dir='ltr'>λετό</span> <span class='ocrx_word' id='word_1_633' title='bbox 586 4593 668 4643; x_wconf 84' lang='grc' dir='ltr'><strong>τε,</strong></span> <span class='ocrx_word' id='word_1_634' title='bbox 702 4575 752 4628; x_wconf 80' lang='grc' dir='ltr'>εἰ</span> <span class='ocrx_word' id='word_1_635' title='bbox 778 4545 1125 4644; x_wconf 46' lang='grc' dir='ltr'>γένοιτο-ἐπ’</span> <span class='ocrx_word' id='word_1_636' title='bbox 1153 4545 1365 4633; x_wconf 66' lang='grc' dir='ltr'>ἀύτδν,</span> <span class='ocrx_word' id='word_1_637' title='bbox 1399 4545 1728 4640; x_wconf 25' lang='grc' dir='ltr'>ϋὲκπέμψειν</span> <span class='ocrx_word' id='word_1_638' title='bbox 1772 4545 1868 4632; x_wconf 70' lang='grc' dir='ltr'>εἰς</span> <span class='ocrx_word' id='word_1_639' title='bbox 1897 4545 2005 4639; x_wconf 26' lang='grc' dir='ltr'>*τὴν</span> 
     </span>
    </p>
   </div>
   <div class='ocr_carea' id='block_1_92' title="bbox 2107 4545 3683 4649">
    <p class='ocr_par' dir='ltr' id='par_1_92' title="bbox 2109 4545 3683 4649">
     <span class='ocr_line' id='line_1_92' title="bbox 2109 4545 3683 4649; baseline 0.013 -30"><span class='ocrx_word' id='word_1_640' title='bbox 2109 4565 2297 4636; x_wconf 85' lang='lat' dir='ltr'><strong>quinis</strong></span> <span class='ocrx_word' id='word_1_641' title='bbox 2345 4575 2402 4622; x_wconf 85' lang='lat' dir='ltr'><strong>et</strong></span> <span class='ocrx_word' id='word_1_642' title='bbox 2442 4567 2654 4623; x_wconf 76' lang='lat' dir='ltr'><strong>vicenis</strong></span> <span class='ocrx_word' id='word_1_643' title='bbox 2680 4568 2877 4624; x_wconf 85' lang='lat' dir='ltr'><strong>diebus</strong></span> <span class='ocrx_word' id='word_1_644' title='bbox 2910 4570 3283 4631; x_wconf 61' lang='lat' dir='ltr'><strong>imbecillitate</strong></span> <span class='ocrx_word' id='word_1_645' title='bbox 3303 4545 3553 4649; x_wconf 67' lang='lat' dir='ltr'><strong>corporis</strong></span> <span class='ocrx_word' id='word_1_646' title='bbox 3578 4545 3683 4638; x_wconf 56' lang='lat' dir='ltr'><strong>ini:</strong></span> 
     </span>
    </p>
   </div>
   <div class='ocr_carea' id='block_1_93' title="bbox 435 4658 2006 4736">
    <p class='ocr_par' dir='ltr' id='par_1_93' title="bbox 435 4660 2000 4736">
     <span class='ocr_line' id='line_1_93' title="bbox 435 4660 2000 4736; baseline -0.006 -13"><span class='ocrx_word' id='word_1_647' title='bbox 435 4668 635 4724; x_wconf 81' lang='grc' dir='ltr'>οἰκίαν.</span> <span class='ocrx_word' id='word_1_648' title='bbox 716 4666 1039 4721; x_wconf 78' lang='grc' dir='ltr'>’Υπώπτευε</span> <span class='ocrx_word' id='word_1_649' title='bbox 1074 4665 1183 4736; x_wconf 83' lang='grc' dir='ltr'><strong>γὰρ</strong></span> <span class='ocrx_word' id='word_1_650' title='bbox 1213 4661 1528 4732; x_wconf 85' lang='grc' dir='ltr'>Κράλαιναν</span> <span class='ocrx_word' id='word_1_651' title='bbox 1557 4660 2000 4728; x_wconf 80' lang='grc' dir='ltr'>ἐναντιώσεσθαι,</span> 
     </span>
    </p>
   </div>
   <div class='ocr_carea' id='block_1_94' title="bbox 2107 4658 3683 4736">
    <p class='ocr_par' dir='ltr' id='par_1_94' title="bbox 2111 4658 3683 4730">
     <span class='ocr_line' id='line_1_94' title="bbox 2111 4658 3683 4730; baseline 0.01 -18"><span class='ocrx_word' id='word_1_652' title='bbox 2111 4658 2333 4728; x_wconf 88' lang='lat' dir='ltr'><strong>peditus</strong></span> <span class='ocrx_word' id='word_1_653' title='bbox 2362 4669 2467 4727; x_wconf 92' lang='lat' dir='ltr'><strong>est,</strong></span> <span class='ocrx_word' id='word_1_654' title='bbox 2504 4673 2572 4714; x_wconf 89' lang='lat' dir='ltr'><strong>ne</strong></span> <span class='ocrx_word' id='word_1_655' title='bbox 2598 4675 2669 4715; x_wconf 89' lang='lat' dir='ltr'><strong>eo</strong></span> <span class='ocrx_word' id='word_1_656' title='bbox 2697 4666 3027 4730; x_wconf 84' lang='lat' dir='ltr'><strong>perveniret.</strong></span> <span class='ocrx_word' id='word_1_657' title='bbox 3062 4666 3166 4721; x_wconf 78' lang='lat' dir='ltr'><strong>Per</strong></span> <span class='ocrx_word' id='word_1_658' title='bbox 3198 4668 3298 4723; x_wconf 89' lang='lat' dir='ltr'><strong>hos</strong></span> <span class='ocrx_word' id='word_1_659' title='bbox 3328 4671 3445 4727; x_wconf 86' lang='lat' dir='ltr'><strong>dies</strong></span> <span class='ocrx_word' id='word_1_660' title='bbox 3476 4674 3683 4730; x_wconf 73' lang='lat' dir='ltr'><strong>Palam-</strong></span> 
     </span>
    </p>
   </div>
   <div class='ocr_carea' id='block_1_95' title="bbox 429 4749 2006 4833">
    <p class='ocr_par' dir='ltr' id='par_1_95' title="bbox 429 4752 2004 4833">
     <span class='ocr_line' id='line_1_95' title="bbox 429 4752 2004 4833; baseline -0.007 -17"><span class='ocrx_word' id='word_1_661' title='bbox 429 4761 570 4833; x_wconf 77' lang='grc' dir='ltr'>αὐτῇ</span> <span class='ocrx_word' id='word_1_662' title='bbox 598 4763 898 4830; x_wconf 72' lang='grc' dir='ltr'>προσήκειν</span> <span class='ocrx_word' id='word_1_663' title='bbox 927 4757 1185 4824; x_wconf 81' lang='grc' dir='ltr'>ἀξιοῦσαν</span> <span class='ocrx_word' id='word_1_664' title='bbox 1215 4754 1403 4825; x_wconf 81' lang='grc' dir='ltr'>ὥσπερ</span> <span class='ocrx_word' id='word_1_665' title='bbox 1427 4771 1478 4808; x_wconf 87' lang='grc' dir='ltr'><strong>τι</strong></span> <span class='ocrx_word' id='word_1_666' title='bbox 1509 4754 1602 4809; x_wconf 89' lang='grc' dir='ltr'><strong>τοῦ</strong></span> <span class='ocrx_word' id='word_1_667' title='bbox 1641 4753 1881 4823; x_wconf 80' lang='grc' dir='ltr'>πολέμου</span> <span class='ocrx_word' id='word_1_668' title='bbox 1903 4752 2004 4806; x_wconf 59' lang='grc' dir='ltr'><strong>λά.</strong></span> 
     </span>
    </p>
   </div>
   <div class='ocr_carea' id='block_1_96' title="bbox 2107 4749 3680 4833">
    <p class='ocr_par' dir='ltr' id='par_1_96' title="bbox 2109 4749 3680 4824">
     <span class='ocr_line' id='line_1_96' title="bbox 2109 4749 3680 4824; baseline 0.012 -21"><span class='ocrx_word' id='word_1_669' title='bbox 2109 4749 2268 4820; x_wconf 77' lang='lat' dir='ltr'><strong>lngus</strong></span> <span class='ocrx_word' id='word_1_670' title='bbox 2294 4751 2596 4820; x_wconf 82' lang='lat' dir='ltr'><strong>imperator</strong></span> <span class='ocrx_word' id='word_1_671' title='bbox 2627 4763 2853 4824; x_wconf 84' lang='lat' dir='ltr'><strong>prepter</strong></span> <span class='ocrx_word' id='word_1_672' title='bbox 2892 4754 3160 4813; x_wconf 80' lang='lat' dir='ltr'><strong>Orchauis</strong></span> <span class='ocrx_word' id='word_1_673' title='bbox 3191 4758 3362 4816; x_wconf 80' lang='lat' dir='ltr'><strong>ﬁlium</strong></span> <span class='ocrx_word' id='word_1_674' title='bbox 3395 4765 3462 4817; x_wconf 86' lang='lat' dir='ltr'><strong>ad</strong></span> <span class='ocrx_word' id='word_1_675' title='bbox 3500 4765 3680 4823; x_wconf 83' lang='lat' dir='ltr'><strong>Tene-</strong></span> 
     </span>
    </p>
   </div>
   <div class='ocr_carea' id='block_1_97' title="bbox 431 4840 2006 4923">
    <p class='ocr_par' dir='ltr' id='par_1_97' title="bbox 431 4844 2006 4923">
     <span class='ocr_line' id='line_1_97' title="bbox 431 4844 2006 4923; baseline -0.006 -18"><span class='ocrx_word' id='word_1_676' title='bbox 431 4868 601 4923; x_wconf 75' lang='grc' dir='ltr'>φυρον</span> <span class='ocrx_word' id='word_1_677' title='bbox 630 4850 774 4921; x_wconf 75' lang='grc' dir='ltr'>ἔχειν</span> <span class='ocrx_word' id='word_1_678' title='bbox 806 4849 1052 4920; x_wconf 85' lang='grc' dir='ltr'>βασιλέα.</span> <span class='ocrx_word' id='word_1_679' title='bbox 1090 4848 1179 4902; x_wconf 78' lang='grc' dir='ltr'>Δίδ</span> <span class='ocrx_word' id='word_1_680' title='bbox 1210 4848 1274 4920; x_wconf 82' lang='grc' dir='ltr'>δὴ</span> <span class='ocrx_word' id='word_1_681' title='bbox 1318 4847 1493 4900; x_wconf 80' lang='grc' dir='ltr'>ἐδόκει</span> <span class='ocrx_word' id='word_1_682' title='bbox 1520 4846 1677 4917; x_wconf 73' lang='grc' dir='ltr'>ήκειν</span> <span class='ocrx_word' id='word_1_683' title='bbox 1717 4845 1804 4898; x_wconf 78' lang='grc' dir='ltr'>ἐπ’</span> <span class='ocrx_word' id='word_1_684' title='bbox 1861 4844 2006 4898; x_wconf 79' lang='grc' dir='ltr'>ἐκεί-</span> 
     </span>
    </p>
   </div>
   <div class='ocr_carea' id='block_1_98' title="bbox 2107 4840 3682 4923">
    <p class='ocr_par' dir='ltr' id='par_1_98' title="bbox 2107 4840 3682 4916">
     <span class='ocr_line' id='line_1_98' title="bbox 2107 4840 3682 4916; baseline 0.012 -21"><span class='ocrx_word' id='word_1_685' title='bbox 2107 4840 2239 4895; x_wconf 90' lang='lat' dir='ltr'><strong>dum</strong></span> <span class='ocrx_word' id='word_1_686' title='bbox 2283 4843 2599 4898; x_wconf 87' lang='lat' dir='ltr'><strong>triremibus</strong></span> <span class='ocrx_word' id='word_1_687' title='bbox 2637 4844 2964 4912; x_wconf 74' lang='lat' dir='ltr'><strong>subsistens,</strong></span> <span class='ocrx_word' id='word_1_688' title='bbox 3003 4856 3062 4903; x_wconf 89' lang='lat' dir='ltr'><strong>ut</strong></span> <span class='ocrx_word' id='word_1_689' title='bbox 3091 4851 3157 4904; x_wconf 89' lang='lat' dir='ltr'><strong>de</strong></span> <span class='ocrx_word' id='word_1_690' title='bbox 3186 4850 3429 4909; x_wconf 68' lang='lat' dir='ltr'><strong>Matthmi</strong></span> <span class='ocrx_word' id='word_1_691' title='bbox 3460 4855 3682 4916; x_wconf 73' lang='lat' dir='ltr'><strong>fortuna</strong></span> 
     </span>
    </p>
   </div>
   <div class='ocr_carea' id='block_1_99' title="bbox 432 4930 2006 5012">
    <p class='ocr_par' dir='ltr' id='par_1_99' title="bbox 432 4935 2001 5012">
     <span class='ocr_line' id='line_1_99' title="bbox 432 4935 2001 5012; baseline -0.008 -14"><span class='ocrx_word' id='word_1_692' title='bbox 432 4961 531 5010; x_wconf 87' lang='grc' dir='ltr'><strong>νην</strong></span> <span class='ocrx_word' id='word_1_693' title='bbox 559 4942 794 5012; x_wconf 81' lang='grc' dir='ltr'>τάχιστα</span> <span class='ocrx_word' id='word_1_694' title='bbox 818 4938 1266 5009; x_wconf 77' lang='grc' dir='ltr'>ἐξαιτησάμενον,</span> <span class='ocrx_word' id='word_1_695' title='bbox 1295 4936 1411 5006; x_wconf 70' lang='grc' dir='ltr'>ἅμα</span> <span class='ocrx_word' id='word_1_696' title='bbox 1438 4935 1538 5006; x_wconf 79' lang='grc' dir='ltr'>μὲν</span> <span class='ocrx_word' id='word_1_697' title='bbox 1592 4936 1689 4989; x_wconf 76' lang='grc' dir='ltr'>καὶ</span> <span class='ocrx_word' id='word_1_698' title='bbox 1739 4935 2001 5005; x_wconf 81' lang='grc' dir='ltr'>χρήματα</span> 
     </span>
    </p>
   </div>
   <div class='ocr_carea' id='block_1_100' title="bbox 2107 4930 3679 5012">
    <p class='ocr_par' dir='ltr' id='par_1_100' title="bbox 2108 4930 3679 5003">
     <span class='ocr_line' id='line_1_100' title="bbox 2108 4930 3679 5003; baseline 0.012 -19"><span class='ocrx_word' id='word_1_699' title='bbox 2108 4930 2291 4987; x_wconf 81' lang='lat' dir='ltr'><strong>factus</strong></span> <span class='ocrx_word' id='word_1_700' title='bbox 2321 4941 2404 4987; x_wconf 88' lang='lat' dir='ltr'><strong>est</strong></span> <span class='ocrx_word' id='word_1_701' title='bbox 2432 4933 2661 5000; x_wconf 89' lang='lat' dir='ltr'><strong>certior,</strong></span> <span class='ocrx_word' id='word_1_702' title='bbox 2691 4935 2906 4990; x_wconf 87' lang='lat' dir='ltr'><strong>solvere</strong></span> <span class='ocrx_word' id='word_1_703' title='bbox 2935 4940 3251 4995; x_wconf 85' lang='lat' dir='ltr'><strong>maturavit.</strong></span> <span class='ocrx_word' id='word_1_704' title='bbox 3280 4943 3679 5003; x_wconf 87' lang='lat' dir='ltr'><strong>Peritheorium</strong></span> 
     </span>
    </p>
   </div>
   <div class='ocr_carea' id='block_1_101' title="bbox 372 5022 2006 5102">
    <p class='ocr_par' dir='ltr' id='par_1_101' title="bbox 372 5025 2002 5102">
     <span class='ocr_line' id='line_1_101' title="bbox 372 5025 2002 5102; baseline -0.006 -14"><span class='ocrx_word' id='word_1_705' title='bbox 372 5094 375 5097; x_wconf 28' lang='grc' dir='ltr'>λ</span> <span class='ocrx_word' id='word_1_706' title='bbox 431 5034 668 5099; x_wconf 79' lang='grc' dir='ltr'>ἐλπίζων</span> <span class='ocrx_word' id='word_1_707' title='bbox 699 5032 831 5102; x_wconf 75' lang='grc' dir='ltr'>παρ’</span> <span class='ocrx_word' id='word_1_708' title='bbox 860 5030 1071 5085; x_wconf 72' lang='grc' dir='ltr'>ἐκείνου</span> <span class='ocrx_word' id='word_1_709' title='bbox 1103 5028 1393 5101; x_wconf 80' lang='grc' dir='ltr'>λήψεσθαι,</span> <span class='ocrx_word' id='word_1_710' title='bbox 1429 5028 1546 5097; x_wconf 80' lang='grc' dir='ltr'>ἅμα</span> <span class='ocrx_word' id='word_1_711' title='bbox 1588 5025 1646 5081; x_wconf 75' lang='grc' dir='ltr'>δὲ</span> <span class='ocrx_word' id='word_1_712' title='bbox 1701 5028 1796 5080; x_wconf 68' lang='grc' dir='ltr'>καὶ</span> <span class='ocrx_word' id='word_1_713' title='bbox 1847 5026 2002 5093; x_wconf 83' lang='grc' dir='ltr'>φίλον</span> 
     </span>
    </p>
   </div>
   <div class='ocr_carea' id='block_1_102' title="bbox 2107 5022 3680 5102">
    <p class='ocr_par' dir='ltr' id='par_1_102' title="bbox 2109 5022 3680 5102">
     <span class='ocr_line' id='line_1_102' title="bbox 2109 5022 3680 5102; baseline 0.012 -26"><span class='ocrx_word' id='word_1_714' title='bbox 2109 5022 2281 5086; x_wconf 86' lang='lat' dir='ltr'><strong>venit,</strong></span> <span class='ocrx_word' id='word_1_715' title='bbox 2330 5022 2568 5093; x_wconf 79' lang='lat' dir='ltr'><strong>indeque</strong></span> <span class='ocrx_word' id='word_1_716' title='bbox 2609 5024 2970 5092; x_wconf 86' lang='lat' dir='ltr'><strong>Cumutzena,</strong></span> <span class='ocrx_word' id='word_1_717' title='bbox 3021 5030 3167 5099; x_wconf 91' lang='lat' dir='ltr'><strong>quod</strong></span> <span class='ocrx_word' id='word_1_718' title='bbox 3220 5034 3493 5102; x_wconf 67' lang='lat' dir='ltr'><strong>oppidum</strong></span> <span class='ocrx_word' id='word_1_719' title='bbox 3532 5036 3680 5095; x_wconf 85' lang='lat' dir='ltr'><strong>haud</strong></span> 
     </span>
    </p>
   </div>
   <div class='ocr_carea' id='block_1_103' title="bbox 431 5114 2055 5194">
    <p class='ocr_par' dir='ltr' id='par_1_103' title="bbox 431 5114 2055 5194">
     <span class='ocr_line' id='line_1_103' title="bbox 431 5114 2055 5194; baseline -0.006 -17"><span class='ocrx_word' id='word_1_720' title='bbox 431 5124 577 5194; x_wconf 73' lang='grc' dir='ltr'>ἔχειν</span> <span class='ocrx_word' id='word_1_721' title='bbox 608 5119 825 5192; x_wconf 80' lang='grc' dir='ltr'>βέϐαιον</span> <span class='ocrx_word' id='word_1_722' title='bbox 851 5136 870 5154; x_wconf 78' lang='grc' dir='ltr'><strong>ο</strong></span> <span class='ocrx_word' id='word_1_723' title='bbox 911 5119 1065 5184; x_wconf 76' lang='grc' dir='ltr'>ὥστ’,</span> <span class='ocrx_word' id='word_1_724' title='bbox 1101 5121 1152 5173; x_wconf 78' lang='grc' dir='ltr'><strong>εί</strong></span> <span class='ocrx_word' id='word_1_725' title='bbox 1180 5118 1289 5172; x_wconf 86' lang='grc' dir='ltr'>δέοι</span> <span class='ocrx_word' id='word_1_726' title='bbox 1342 5114 1501 5180; x_wconf 79' lang='grc' dir='ltr'>αὖθις</span> <span class='ocrx_word' id='word_1_727' title='bbox 1531 5119 1647 5180; x_wconf 89' lang='grc' dir='ltr'>τοῖς</span> <span class='ocrx_word' id='word_1_728' title='bbox 1709 5118 2001 5189; x_wconf 83' lang='grc' dir='ltr'>προτέροις</span> <span class='ocrx_word' id='word_1_729' title='bbox 2050 5148 2055 5153; x_wconf 92' lang='grc'><strong>-</strong></span> 
     </span>
    </p>
   </div>
   <div class='ocr_carea' id='block_1_104' title="bbox 430 5208 2000 5285">
    <p class='ocr_par' dir='ltr' id='par_1_104' title="bbox 430 5208 2000 5285">
     <span class='ocr_line' id='line_1_104' title="bbox 430 5208 2000 5285; baseline -0.004 -17"><span class='ocrx_word' id='word_1_730' title='bbox 430 5215 756 5285; x_wconf 78' lang='grc' dir='ltr'>ἐπιχειρεῖν,</span> <span class='ocrx_word' id='word_1_731' title='bbox 790 5211 1035 5283; x_wconf 85' lang='grc' dir='ltr'>μεγάλην</span> <span class='ocrx_word' id='word_1_732' title='bbox 1089 5211 1236 5281; x_wconf 80' lang='grc' dir='ltr'>ἔχειν</span> <span class='ocrx_word' id='word_1_733' title='bbox 1261 5209 1394 5281; x_wconf 84' lang='grc' dir='ltr'>παρ’</span> <span class='ocrx_word' id='word_1_734' title='bbox 1426 5210 1622 5280; x_wconf 85' lang='grc' dir='ltr'>ἐκείνῳ</span> <span class='ocrx_word' id='word_1_735' title='bbox 1645 5208 1895 5278; x_wconf 86' lang='grc' dir='ltr'>δύναμιν.</span> <span class='ocrx_word' id='word_1_736' title='bbox 1940 5208 2000 5262; x_wconf 87' lang='lat'><strong>&#39;0</strong></span> 
     </span>
    </p>
   </div>
   <div class='ocr_carea' id='block_1_105' title="bbox 435 5300 1998 5378">
    <p class='ocr_par' dir='ltr' id='par_1_105' title="bbox 435 5300 1998 5378">
     <span class='ocr_line' id='line_1_105' title="bbox 435 5300 1998 5378; baseline -0.007 -18"><span class='ocrx_word' id='word_1_737' title='bbox 435 5307 534 5378; x_wconf 72' lang='grc' dir='ltr'>μὶν</span> <span class='ocrx_word' id='word_1_738' title='bbox 558 5303 651 5358; x_wconf 76' lang='grc' dir='ltr'>οὖν</span> <span class='ocrx_word' id='word_1_739' title='bbox 675 5303 937 5374; x_wconf 76' lang='grc' dir='ltr'>τοιαύτην</span> <span class='ocrx_word' id='word_1_740' title='bbox 953 5301 1094 5372; x_wconf 77' lang='grc' dir='ltr'>ἔχων</span> <span class='ocrx_word' id='word_1_741' title='bbox 1123 5300 1369 5373; x_wconf 83' lang='grc' dir='ltr'>γνώμην,</span> <span class='ocrx_word' id='word_1_742' title='bbox 1399 5301 1657 5372; x_wconf 80' lang='grc' dir='ltr'>ἠπείγετο</span> <span class='ocrx_word' id='word_1_743' title='bbox 1685 5300 1778 5354; x_wconf 80' lang='grc' dir='ltr'>ἐπὶ</span> <span class='ocrx_word' id='word_1_744' title='bbox 1801 5301 1998 5371; x_wconf 82' lang='grc' dir='ltr'>Φεράς.</span> 
     </span>
    </p>
   </div>
   <div class='ocr_carea' id='block_1_106' title="bbox 433 5394 1998 5468">
    <p class='ocr_par' dir='ltr' id='par_1_106' title="bbox 433 5394 1998 5468">
     <span class='ocr_line' id='line_1_106' title="bbox 433 5394 1998 5468; baseline -0.004 -16"><span class='ocrx_word' id='word_1_745' title='bbox 433 5398 596 5468; x_wconf 84' lang='grc' dir='ltr'>Νόσῳ</span> <span class='ocrx_word' id='word_1_746' title='bbox 626 5397 684 5450; x_wconf 87' lang='grc' dir='ltr'><strong>δέ</strong></span> <span class='ocrx_word' id='word_1_747' title='bbox 716 5414 823 5451; x_wconf 89' lang='grc' dir='ltr'>τινι</span> <span class='ocrx_word' id='word_1_748' title='bbox 849 5395 1049 5450; x_wconf 69' lang='grc' dir='ltr'>ὁδεύων</span> <span class='ocrx_word' id='word_1_749' title='bbox 1083 5395 1286 5464; x_wconf 74' lang='grc' dir='ltr'>μεταξὺ</span> <span class='ocrx_word' id='word_1_750' title='bbox 1319 5395 1696 5466; x_wconf 70' lang='grc' dir='ltr'>κατασχεθεὶς,</span> <span class='ocrx_word' id='word_1_751' title='bbox 1736 5394 1998 5467; x_wconf 30' lang='grc' dir='ltr'>ἐναπέντε</span> 
     </span>
    </p>
   </div>
   <div class='ocr_carea' id='block_1_107' title="bbox 432 5484 1998 5562">
    <p class='ocr_par' dir='ltr' id='par_1_107' title="bbox 432 5484 1998 5562">
     <span class='ocr_line' id='line_1_107' title="bbox 432 5484 1998 5562; baseline -0.006 -16"><span class='ocrx_word' id='word_1_752' title='bbox 432 5491 752 5561; x_wconf 43' lang='grc' dir='ltr'>καὶιείκοσιν</span> <span class='ocrx_word' id='word_1_753' title='bbox 776 5490 1013 5562; x_wconf 80' lang='grc' dir='ltr'>ἡμέραις</span> <span class='ocrx_word' id='word_1_754' title='bbox 1044 5487 1291 5558; x_wconf 83' lang='grc' dir='ltr'>ἐκωλύθη</span> <span class='ocrx_word' id='word_1_755' title='bbox 1324 5489 1408 5550; x_wconf 89' lang='grc' dir='ltr'><strong>είς</strong></span> <span class='ocrx_word' id='word_1_756' title='bbox 1436 5486 1614 5556; x_wconf 80' lang='grc' dir='ltr'>Φεράς</span> <span class='ocrx_word' id='word_1_757' title='bbox 1645 5485 1851 5561; x_wconf 73' lang='grc' dir='ltr'>ἐλθεῖν,</span> <span class='ocrx_word' id='word_1_758' title='bbox 1871 5484 1998 5538; x_wconf 83' lang='grc' dir='ltr'>ἀδυ-</span> 
     </span>
    </p>
   </div>
   <div class='ocr_carea' id='block_1_108' title="bbox 433 5575 1997 5652">
    <p class='ocr_par' dir='ltr' id='par_1_108' title="bbox 433 5575 1997 5652">
     <span class='ocr_line' id='line_1_108' title="bbox 433 5575 1997 5652; baseline -0.004 -16"><span class='ocrx_word' id='word_1_759' title='bbox 433 5580 609 5645; x_wconf 84' lang='grc' dir='ltr'>νάτως</span> <span class='ocrx_word' id='word_1_760' title='bbox 642 5580 782 5652; x_wconf 76' lang='grc' dir='ltr'>ἔχων</span> <span class='ocrx_word' id='word_1_761' title='bbox 811 5578 1047 5651; x_wconf 84' lang='grc' dir='ltr'>χρῆσθαι</span> <span class='ocrx_word' id='word_1_762' title='bbox 1074 5577 1276 5649; x_wconf 80' lang='grc' dir='ltr'>ἐαυτῷ.</span> <span class='ocrx_word' id='word_1_763' title='bbox 1310 5577 1679 5645; x_wconf 85' lang='grc' dir='ltr'>Παλαιολόγος</span> <span class='ocrx_word' id='word_1_764' title='bbox 1736 5576 1793 5630; x_wconf 82' lang='grc' dir='ltr'>δὲ</span> <span class='ocrx_word' id='word_1_765' title='bbox 1839 5577 1868 5628; x_wconf 84' lang='grc' dir='ltr'><strong>ὁ</strong></span> <span class='ocrx_word' id='word_1_766' title='bbox 1899 5575 1997 5646; x_wconf 80' lang='grc' dir='ltr'><strong>βα-</strong></span> 
     </span>
    </p>
   </div>
   <div class='ocr_carea' id='block_1_109' title="bbox 433 5667 1996 5741">
    <p class='ocr_par' dir='ltr' id='par_1_109' title="bbox 433 5667 1996 5741">
     <span class='ocr_line' id='line_1_109' title="bbox 433 5667 1996 5741; baseline -0.004 -15"><span class='ocrx_word' id='word_1_767' title='bbox 433 5673 635 5737; x_wconf 67' lang='grc' dir='ltr'>σιλεὺς,</span> <span class='ocrx_word' id='word_1_768' title='bbox 674 5673 731 5726; x_wconf 74' lang='grc' dir='ltr'><strong>ἐν</strong></span> <span class='ocrx_word' id='word_1_769' title='bbox 755 5672 982 5734; x_wconf 87' lang='grc' dir='ltr'>ταύταις</span> <span class='ocrx_word' id='word_1_770' title='bbox 1019 5672 1140 5734; x_wconf 84' lang='grc' dir='ltr'>ταῖς</span> <span class='ocrx_word' id='word_1_771' title='bbox 1166 5670 1405 5741; x_wconf 83' lang='grc' dir='ltr'>ἡμέραις</span> <span class='ocrx_word' id='word_1_772' title='bbox 1437 5668 1533 5723; x_wconf 86' lang='grc' dir='ltr'><strong>τοῦ</strong></span> <span class='ocrx_word' id='word_1_773' title='bbox 1577 5667 1813 5739; x_wconf 84' lang='grc' dir='ltr'>Ὀρχάνη</span> <span class='ocrx_word' id='word_1_774' title='bbox 1833 5667 1996 5720; x_wconf 67' lang='grc' dir='ltr'>ἕνεκα</span> 
     </span>
    </p>
   </div>
   <div class='ocr_carea' id='block_1_110' title="bbox 433 5756 1998 5834">
    <p class='ocr_par' dir='ltr' id='par_1_110' title="bbox 433 5756 1998 5834">
     <span class='ocr_line' id='line_1_110' title="bbox 433 5756 1998 5834; baseline -0.006 -16"><span class='ocrx_word' id='word_1_775' title='bbox 433 5763 622 5827; x_wconf 81' lang='grc' dir='ltr'>παιδὸς</span> <span class='ocrx_word' id='word_1_776' title='bbox 661 5763 789 5834; x_wconf 73' lang='grc' dir='ltr'>περὶ</span> <span class='ocrx_word' id='word_1_777' title='bbox 819 5762 1044 5819; x_wconf 85' lang='grc' dir='ltr'>Τένεδον</span> <span class='ocrx_word' id='word_1_778' title='bbox 1074 5763 1328 5834; x_wconf 85' lang='grc' dir='ltr'>τριήρεσι</span> <span class='ocrx_word' id='word_1_779' title='bbox 1345 5758 1668 5831; x_wconf 78' lang='grc' dir='ltr'>διατρίϐων,</span> <span class='ocrx_word' id='word_1_780' title='bbox 1709 5758 1836 5811; x_wconf 71' lang='grc' dir='ltr'>ἐπεὶ</span> <span class='ocrx_word' id='word_1_781' title='bbox 1894 5756 1998 5810; x_wconf 84' lang='grc' dir='ltr'>πύ-</span> 
     </span>
    </p>
   </div>
   <div class='ocr_carea' id='block_1_111' title="bbox 433 5847 1994 5925">
    <p class='ocr_par' dir='ltr' id='par_1_111' title="bbox 433 5847 1994 5925">
     <span class='ocr_line' id='line_1_111' title="bbox 433 5847 1994 5925; baseline -0.002 -18"><span class='ocrx_word' id='word_1_782' title='bbox 433 5851 579 5907; x_wconf 81' lang='grc' dir='ltr'>θοιτο</span> <span class='ocrx_word' id='word_1_783' title='bbox 606 5852 674 5908; x_wconf 85' lang='grc' dir='ltr'><strong>τά</strong></span> <span class='ocrx_word' id='word_1_784' title='bbox 695 5852 833 5908; x_wconf 79' lang='grc' dir='ltr'><strong>κατά</strong></span> <span class='ocrx_word' id='word_1_785' title='bbox 856 5853 1138 5911; x_wconf 83' lang='grc' dir='ltr'>Ματθαῖον</span> <span class='ocrx_word' id='word_1_786' title='bbox 1180 5853 1273 5908; x_wconf 85' lang='grc' dir='ltr'>τὸν</span> <span class='ocrx_word' id='word_1_787' title='bbox 1303 5852 1553 5925; x_wconf 79' lang='grc' dir='ltr'>βασιλέα,</span> <span class='ocrx_word' id='word_1_788' title='bbox 1601 5853 1741 5916; x_wconf 78' lang='grc' dir='ltr'>ἄρας</span> <span class='ocrx_word' id='word_1_789' title='bbox 1763 5850 1841 5917; x_wconf 82' lang='grc' dir='ltr'>ὡς</span> <span class='ocrx_word' id='word_1_790' title='bbox 1881 5847 1994 5922; x_wconf 82' lang='grc' dir='ltr'>εἶχε</span> 
     </span>
    </p>
   </div>
   <div class='ocr_carea' id='block_1_112' title="bbox 2109 5111 3678 5191">
    <p class='ocr_par' dir='ltr' id='par_1_112' title="bbox 2109 5111 3678 5191">
     <span class='ocr_line' id='line_1_112' title="bbox 2109 5111 3678 5191; baseline 0.011 -25"><span class='ocrx_word' id='word_1_791' title='bbox 2109 5111 2298 5168; x_wconf 69' lang='lat' dir='ltr'><strong>noli-ns</strong></span> <span class='ocrx_word' id='word_1_792' title='bbox 2328 5127 2387 5168; x_wconf 87' lang='lat' dir='ltr'><strong>se</strong></span> <span class='ocrx_word' id='word_1_793' title='bbox 2413 5112 2644 5169; x_wconf 86' lang='lat' dir='ltr'><strong>dedidit.</strong></span> <span class='ocrx_word' id='word_1_794' title='bbox 2672 5113 2867 5170; x_wconf 86' lang='lat' dir='ltr'><strong>Postea</strong></span> <span class='ocrx_word' id='word_1_795' title='bbox 2890 5125 2945 5171; x_wconf 89' lang='lat' dir='ltr'><strong>et</strong></span> <span class='ocrx_word' id='word_1_796' title='bbox 2971 5116 3429 5191; x_wconf 66' lang='lat' dir='ltr'><strong>Gratianopolim,</strong></span> <span class='ocrx_word' id='word_1_797' title='bbox 3462 5123 3678 5184; x_wconf 86' lang='lat' dir='ltr'><strong>civibus</strong></span> 
     </span>
    </p>
   </div>
   <div class='ocr_carea' id='block_1_113' title="bbox 2106 5207 3681 5286">
    <p class='ocr_par' dir='ltr' id='par_1_113' title="bbox 2106 5207 3681 5286">
     <span class='ocr_line' id='line_1_113' title="bbox 2106 5207 3681 5286; baseline 0.011 -30"><span class='ocrx_word' id='word_1_798' title='bbox 2106 5218 2232 5256; x_wconf 89' lang='lat' dir='ltr'><strong>eum</strong></span> <span class='ocrx_word' id='word_1_799' title='bbox 2272 5212 2522 5272; x_wconf 85' lang='lat' dir='ltr'><strong>prompte</strong></span> <span class='ocrx_word' id='word_1_800' title='bbox 2571 5212 2627 5259; x_wconf 86' lang='lat' dir='ltr'><strong>et</strong></span> <span class='ocrx_word' id='word_1_801' title='bbox 2660 5207 2947 5263; x_wconf 84' lang='lat' dir='ltr'><strong>communi</strong></span> <span class='ocrx_word' id='word_1_802' title='bbox 2975 5209 3233 5277; x_wconf 86' lang='lat' dir='ltr'><strong>consilio,</strong></span> <span class='ocrx_word' id='word_1_803' title='bbox 3266 5213 3416 5269; x_wconf 72' lang='lat' dir='ltr'><strong>nulla</strong></span> <span class='ocrx_word' id='word_1_804' title='bbox 3443 5217 3681 5286; x_wconf 84' lang='lat' dir='ltr'><strong>amplius</strong></span> 
     </span>
    </p>
   </div>
   <div class='ocr_carea' id='block_1_114' title="bbox 2106 5294 3674 5377">
    <p class='ocr_par' dir='ltr' id='par_1_114' title="bbox 2106 5294 3674 5377">
     <span class='ocr_line' id='line_1_114' title="bbox 2106 5294 3674 5377; baseline 0.01 -28"><span class='ocrx_word' id='word_1_805' title='bbox 2106 5309 2202 5362; x_wconf 87' lang='lat' dir='ltr'><strong>spe</strong></span> <span class='ocrx_word' id='word_1_806' title='bbox 2242 5295 2310 5349; x_wconf 90' lang='lat' dir='ltr'><strong>de</strong></span> <span class='ocrx_word' id='word_1_807' title='bbox 2342 5294 2595 5351; x_wconf 71' lang='lat' dir='ltr'><strong>Millth</strong></span> <span class='ocrx_word' id='word_1_808' title='bbox 2624 5296 2840 5362; x_wconf 83' lang='lat' dir='ltr'><strong>relicta,</strong></span> <span class='ocrx_word' id='word_1_809' title='bbox 2887 5299 3312 5371; x_wconf 83' lang='lat' dir='ltr'><strong>accipientibus,</strong></span> <span class='ocrx_word' id='word_1_810' title='bbox 3342 5309 3674 5377; x_wconf 81' lang='lat' dir='ltr'><strong>occupavit:</strong></span> 
     </span>
    </p>
   </div>
   <div class='ocr_carea' id='block_1_115' title="bbox 2107 5387 3680 5460">
    <p class='ocr_par' dir='ltr' id='par_1_115' title="bbox 2107 5387 3680 5460">
     <span class='ocr_line' id='line_1_115' title="bbox 2107 5387 3680 5460; baseline 0.009 -18"><span class='ocrx_word' id='word_1_811' title='bbox 2107 5387 2161 5442; x_wconf 89' lang='lat' dir='ltr'><strong>in</strong></span> <span class='ocrx_word' id='word_1_812' title='bbox 2191 5402 2299 5456; x_wconf 83' lang='lat' dir='ltr'><strong>qua</strong></span> <span class='ocrx_word' id='word_1_813' title='bbox 2320 5397 2375 5443; x_wconf 88' lang='lat' dir='ltr'><strong>et</strong></span> <span class='ocrx_word' id='word_1_814' title='bbox 2397 5387 2718 5458; x_wconf 83' lang='lat' dir='ltr'><strong>imperatrix</strong></span> <span class='ocrx_word' id='word_1_815' title='bbox 2740 5388 2919 5454; x_wconf 73' lang='lat' dir='ltr'><strong>Irene,</strong></span> <span class='ocrx_word' id='word_1_816' title='bbox 2947 5393 3185 5453; x_wconf 67' lang='grc' dir='ltr'>Μαιηιωὶ</span> <span class='ocrx_word' id='word_1_817' title='bbox 3213 5412 3370 5460; x_wconf 78' lang='lat' dir='ltr'><strong>uxor,</strong></span> <span class='ocrx_word' id='word_1_818' title='bbox 3396 5401 3680 5456; x_wconf 84' lang='lat' dir='ltr'><strong>cumduo-</strong></span> 
     </span>
    </p>
   </div>
   <div class='ocr_carea' id='block_1_116' title="bbox 2105 5478 3675 5563">
    <p class='ocr_par' dir='ltr' id='par_1_116' title="bbox 2105 5478 3675 5563">
     <span class='ocr_line' id='line_1_116' title="bbox 2105 5478 3675 5563; baseline 0.01 -29"><span class='ocrx_word' id='word_1_819' title='bbox 2105 5478 2209 5534; x_wconf 83' lang='lat' dir='ltr'><strong>bus</strong></span> <span class='ocrx_word' id='word_1_820' title='bbox 2259 5478 2386 5534; x_wconf 83' lang='lat' dir='ltr'><strong>ﬁliis</strong></span> <span class='ocrx_word' id='word_1_821' title='bbox 2434 5479 2772 5551; x_wconf 85' lang='lat' dir='ltr'><strong>totidemque</strong></span> <span class='ocrx_word' id='word_1_822' title='bbox 2816 5482 3032 5541; x_wconf 78' lang='lat' dir='ltr'><strong>ﬁliabus</strong></span> <span class='ocrx_word' id='word_1_823' title='bbox 3097 5498 3252 5558; x_wconf 83' lang='lat' dir='ltr'><strong>capta</strong></span> <span class='ocrx_word' id='word_1_824' title='bbox 3300 5500 3387 5547; x_wconf 89' lang='lat' dir='ltr'><strong>est</strong></span> <span class='ocrx_word' id='word_1_825' title='bbox 3465 5492 3675 5563; x_wconf 83' lang='lat' dir='ltr'><strong>(Theo-</strong></span> 
     </span>
    </p>
   </div>
   <div class='ocr_carea' id='block_1_117' title="bbox 2103 5569 3674 5651">
    <p class='ocr_par' dir='ltr' id='par_1_117' title="bbox 2103 5569 3674 5651">
     <span class='ocr_line' id='line_1_117' title="bbox 2103 5569 3674 5651; baseline 0.009 -27"><span class='ocrx_word' id='word_1_826' title='bbox 2103 5569 2236 5624; x_wconf 86' lang='lat' dir='ltr'><strong>dora</strong></span> <span class='ocrx_word' id='word_1_827' title='bbox 2265 5572 2412 5624; x_wconf 89' lang='lat' dir='ltr'><strong>enim</strong></span> <span class='ocrx_word' id='word_1_828' title='bbox 2459 5571 2648 5625; x_wconf 86' lang='lat' dir='ltr'><strong>senior</strong></span> <span class='ocrx_word' id='word_1_829' title='bbox 2694 5572 2830 5640; x_wconf 79' lang='lat' dir='ltr'><strong>(ilia,</strong></span> <span class='ocrx_word' id='word_1_830' title='bbox 2855 5576 3000 5645; x_wconf 90' lang='lat' dir='ltr'><strong>apud</strong></span> <span class='ocrx_word' id='word_1_831' title='bbox 3038 5577 3217 5635; x_wconf 84' lang='lat' dir='ltr'><strong>aviam</strong></span> <span class='ocrx_word' id='word_1_832' title='bbox 3248 5592 3528 5651; x_wconf 81' lang='lat' dir='ltr'><strong>paternam</strong></span> <span class='ocrx_word' id='word_1_833' title='bbox 3563 5583 3674 5638; x_wconf 80' lang='lat' dir='ltr'><strong>Eu-</strong></span> 
     </span>
    </p>
   </div>
   <div class='ocr_carea' id='block_1_118' title="bbox 2101 5662 3674 5741">
    <p class='ocr_par' dir='ltr' id='par_1_118' title="bbox 2101 5662 3674 5741">
     <span class='ocr_line' id='line_1_118' title="bbox 2101 5662 3674 5741; baseline 0.011 -26"><span class='ocrx_word' id='word_1_834' title='bbox 2101 5664 2314 5733; x_wconf 78' lang='lat' dir='ltr'><strong>geniam</strong></span> <span class='ocrx_word' id='word_1_835' title='bbox 2366 5662 2609 5733; x_wconf 84' lang='lat' dir='ltr'><strong>Byzantii</strong></span> <span class='ocrx_word' id='word_1_836' title='bbox 2641 5667 3023 5738; x_wconf 83' lang='lat' dir='ltr'><strong>educabatur),</strong></span> <span class='ocrx_word' id='word_1_837' title='bbox 3068 5686 3211 5741; x_wconf 85' lang='lat' dir='ltr'><strong>quos</strong></span> <span class='ocrx_word' id='word_1_838' title='bbox 3256 5673 3572 5732; x_wconf 77' lang='lat' dir='ltr'><strong>humaniter</strong></span> <span class='ocrx_word' id='word_1_839' title='bbox 3613 5686 3674 5733; x_wconf 84' lang='lat' dir='ltr'><strong>et</strong></span> 
     </span>
    </p>
   </div>
   <div class='ocr_carea' id='block_1_119' title="bbox 2104 5755 3667 5837">
    <p class='ocr_par' dir='ltr' id='par_1_119' title="bbox 2104 5755 3667 5837">
     <span class='ocr_line' id='line_1_119' title="bbox 2104 5755 3667 5837; baseline 0.008 -29"><span class='ocrx_word' id='word_1_840' title='bbox 2104 5755 2313 5824; x_wconf 74' lang='lat' dir='ltr'><strong>absque</strong></span> <span class='ocrx_word' id='word_1_841' title='bbox 2341 5755 2449 5810; x_wconf 86' lang='lat' dir='ltr'><strong>ulla</strong></span> <span class='ocrx_word' id='word_1_842' title='bbox 2482 5755 2682 5824; x_wconf 82' lang='lat' dir='ltr'><strong>injuria</strong></span> <span class='ocrx_word' id='word_1_843' title='bbox 2716 5766 3001 5822; x_wconf 85' lang='lat' dir='ltr'><strong>tractatos.</strong></span> <span class='ocrx_word' id='word_1_844' title='bbox 3035 5776 3099 5817; x_wconf 90' lang='lat' dir='ltr'><strong>ac</strong></span> <span class='ocrx_word' id='word_1_845' title='bbox 3121 5764 3269 5817; x_wconf 84' lang='lat' dir='ltr'><strong>nulla</strong></span> <span class='ocrx_word' id='word_1_846' title='bbox 3301 5780 3379 5827; x_wconf 87' lang='lat' dir='ltr'><strong>re,</strong></span> <span class='ocrx_word' id='word_1_847' title='bbox 3414 5767 3496 5821; x_wconf 86' lang='lat' dir='ltr'><strong>vel</strong></span> <span class='ocrx_word' id='word_1_848' title='bbox 3531 5769 3667 5837; x_wconf 81' lang='lat' dir='ltr'><strong>ipsa,</strong></span> 
     </span>
    </p>
   </div>
   <div class='ocr_carea' id='block_1_120' title="bbox 2104 5846 3668 5923">
    <p class='ocr_par' dir='ltr' id='par_1_120' title="bbox 2104 5846 3668 5923">
     <span class='ocr_line' id='line_1_120' title="bbox 2104 5846 3668 5923; baseline 0.008 -21"><span class='ocrx_word' id='word_1_849' title='bbox 2104 5847 2191 5902; x_wconf 89' lang='lat' dir='ltr'><strong>vel</strong></span> <span class='ocrx_word' id='word_1_850' title='bbox 2227 5846 2543 5904; x_wconf 82' lang='lat' dir='ltr'><strong>domesticis</strong></span> <span class='ocrx_word' id='word_1_851' title='bbox 2572 5848 2696 5918; x_wconf 82' lang='lat' dir='ltr'><strong>ejus</strong></span> <span class='ocrx_word' id='word_1_852' title='bbox 2717 5850 2986 5923; x_wconf 79' lang='lat' dir='ltr'><strong>spoliatis,</strong></span> <span class='ocrx_word' id='word_1_853' title='bbox 3020 5851 3299 5912; x_wconf 84' lang='lat' dir='ltr'><strong>Tenedum</strong></span> <span class='ocrx_word' id='word_1_854' title='bbox 3331 5857 3668 5920; x_wconf 81' lang='lat' dir='ltr'><strong>amandavit.</strong></span> 
     </span>
    </p>
   </div>
  </div>
