4056 6464
305 323 415 390 339

1476 331 1807 396 JOANNIS
1844 335 2373 405 CANTACUZENI

3453 355 3565 422 340

304 437 438 502 Urbi
491 437 752 510 praefecto
784 440 1100 514 designato,
1143 450 1196 499 et
1224 443 1451 505 reliquis
1486 445 1630 532 bene
1654 462 1874 517 compo-

1989 452 2215 522 τάχους,
2248 451 2386 528 ἧκεν
2433 455 2514 522 εἰς
2557 454 2944 532 Περιθεώριον,
2975 459 3233 520 κάκεῖθεν
3288 463 3372 530 είς
3418 465 3567 522 Kon-

305 531 454 600 sitis,
483 532 890 590 Perithcorium
919 551 1196 604 reversus,
1232 524 1560 608 legationem
1590 541 1656 595 ad
1685 541 1882 596 Boich-

307 639 436 680 nam
461 626 575 697 jam
629 623 820 684 Pheris
855 628 1178 708 redeuntem
1226 645 1350 686 cum
1382 631 1642 689 facultate
1673 634 1726 688 in
1755 635 1882 690 Mat-

307 720 510 774 thaeum
546 729 606 774 ut
650 720 847 778 liberet
883 707 1102 792 agendi,
1145 722 1328 788 misit;
1385 723 1572 780 addita
1608 726 1880 796 pollicita-

304 805 456 861 tione
479 806 788 864 immodicae
813 811 1084 879 pecuniae,
1113 811 1158 867 si
1187 812 1339 866 illum
1367 813 1472 868 sibi
1502 814 1744 871 vinctum
1773 825 1880 870 tra-

304 899 483 955 deret.
508 899 780 957 Boiehnas
799 903 911 974 jam
936 913 1063 958 ante
1089 904 1394 974 cupiverat,
1421 907 1566 976 quod
1588 923 1713 962 cum
1732 909 1882 979 jura-

306 999 497 1045 rnento
551 993 920 1058 asseverabat,
960 993 1273 1052 Matthzeum
1309 995 1536 1050 domum
1576 998 1877 1061 remittere.

302 1093 358 1140 et
385 1100 509 1140 eum
547 1083 883 1158 Pal-.eologus
912 1105 1036 1143 eum
1070 1089 1175 1144 sibi
1211 1090 1368 1160 prodi
1404 1103 1654 1161 cuperet,
1688 1093 1880 1147 audire

301 1176 639 1248 legationem
672 1194 782 1237 non
815 1181 1102 1237 sustinuit.
1145 1180 1252 1242 Sed
1291 1192 1350 1237 ut
1385 1181 1581 1238 didicit
1606 1191 1663 1238 et
1693 1185 1878 1250 urbes,

306 1280 363 1324 et
397 1269 604 1326 liberos
641 1273 761 1341 ejus
809 1281 864 1326 et
893 1288 1118 1327 uxorem
1151 1282 1343 1343 captos
1387 1288 1532 1340 esse,
1563 1275 1878 1345 nullamque

305 1375 459 1430 spem
498 1371 705 1417 restare
741 1364 1075 1432 accipiendae
1104 1364 1172 1419 ab
1206 1365 1398 1420 eodem
1431 1365 1684 1422 Matthzeo
1715 1381 1879 1438 pecu-

305 1453 432 1518 niae,
463 1465 559 1508 aut
584 1454 1062 1511 commodaturum
1091 1457 1160 1512 ad
1193 1457 1454 1512 meditata
1487 1458 1554 1514 ab
1590 1457 1723 1528 ipsis
1753 1474 1880 1529 per-

302 1544 564 1610 ﬁciunda,
615 1547 710 1617 qui
753 1548 868 1617 jam
900 1547 1023 1604 sine
1071 1549 1212 1606 urbe
1273 1559 1323 1604 et
1373 1549 1494 1606 foco
1523 1551 1615 1615 sit,
1666 1560 1875 1606 mutata

298 1638 569 1694 sententia
604 1653 634 1693 a
665 1639 971 1711 Palaeologo
998 1642 1296 1712 pecuniam
1336 1658 1435 1712 pro
1461 1658 1527 1698 eo
1555 1644 1872 1714 paciscitur.

299 1728 417 1797 Qua
453 1731 578 1786 data
609 1733 820 1789 veritus
849 1749 918 1789 ne
954 1735 1186 1790 Joannis
1217 1735 1445 1806 gratiam
1475 1747 1784 1804 assecutus,
1815 1753 1875 1793 se

298 1823 646 1892 postmodum
676 1833 900 1896 propter
924 1802 1294 1896 proditionem
1319 1827 1649 1894 vindicaret,
1682 1802 1871 1885 oculos
1903 1802 1949 1860 Β

299 1915 350 1970 ei
373 1931 570 2008 eruere
595 1917 877 1988 cogitavit,
898 1933 1125 1989 sperans
1142 1920 1197 1976 id
1221 1923 1388 1976 etiam
1409 1921 1608 1978 Joanni
1641 1923 1878 1994 impera-

300 2005 406 2060 tori
437 2005 654 2076 3ratum
686 2009 824 2074 fore,
855 2011 902 2064 si
931 2010 998 2065 ab
1028 2010 1169 2076 aliis,
1203 2026 1310 2066 non
1333 2012 1403 2067 ab
1425 2013 1544 2083 ipso
1565 2014 1874 2070 luminibus

297 2097 612 2162 orbaretur,
649 2101 979 2172 mitteusquc
1015 2103 1263 2174 rogabat,
1301 2113 1360 2158 ut
1391 2105 1538 2176 quod
1567 2106 1873 2163 deliberas-

298 2198 404 2254 set,
441 2192 666 2261 exsequi
708 2192 920 2248 liceret.
968 2194 1273 2263 Imperator
1304 2196 1409 2252 hoc
1452 2198 1678 2253 verbum
1713 2217 1874 2256 aver-

296 2291 468 2346 satus,
499 2282 601 2336 nisi
626 2283 846 2350 penitus
871 2286 1141 2354 integrum
1174 2287 1575 2344 etincolumem
1598 2290 1871 2357 redderet,

295 2382 649 2438 recepturum
703 2375 946 2442 negavit,
982 2384 1040 2430 et
1086 2377 1233 2430 omni
1289 2393 1392 2448 ope
1442 2381 1775 2442 enitebatur.
1811 2391 1874 2439 ut

227 2463 229 2466 ‘
295 2455 543 2515 Triballo
567 2463 1006 2530 persuaderetne
1031 2467 1160 2535 quid
1189 2484 1314 2522 eum
1340 2469 1871 2538 lmderetﬂuamob-

295 2567 413 2606 rem
475 2568 706 2623 corpore
752 2555 891 2612 nihil
933 2559 1190 2614 mutiiato
1235 2560 1302 2615 ad
1333 2561 1485 2616 illutn
1537 2563 1737 2618 missus
1767 2574 1871 2619 cst.

294 2643 365 2699 Ut
413 2646 468 2698 in
505 2646 827 2702 triremibus
863 2649 1241 2720 imperatoriis
1289 2652 1416 2718 fuit,
1459 2655 1714 2710 certatim
1763 2655 1873 2712 Ro-

293 2738 446 2792 mani
498 2740 890 2811 imperatorem
939 2743 1142 2800 hortati
1197 2754 1348 2813 sunt,
1386 2755 1446 2802 ut
1495 2747 1650 2802 fratri
1687 2748 1874 2803 uxoris

293 2831 485 2884 oculos
530 2830 696 2887 eil‘odi
745 2834 930 2901 vellet,
974 2836 1138 2907 893
1169 2851 1280 2907 quo
1329 2839 1412 2894 sic
1445 2840 1634 2896 multis
1679 2839 1875 2895 defun-

293 2932 518 2991 geretur
546 2925 838 2990 molestiis,
885 2937 1041 2983 etne
1077 2945 1275 2986 rursus
1305 2933 1668 2986 certaminum
1723 2931 1874 3002 peri-

293 3014 656 3086 culorumque
688 3017 814 3084 sibi,
861 3019 1078 3074 caeteris
1110 3019 1372 3076 Romanis
1410 3021 1669 3077 omnibus
1696 3021 1874 3076 civilis

1987 547 2265 620 μουτζηνὰ
2297 555 2767 626 προσχωρήσαντα
2794 557 3049 626 ἑτοίμως.
3083 557 3318 613 Ἔπειτα
3347 563 3442 617 καὶ
3461 561 3562 633 τὴν

1985 639 2284 711 Γρατιανοῦ
2315 647 2470 700 πόλιν
2497 640 2640 701 εἷλεν
2675 648 2866 714 ἐλθὼν,
2897 648 3110 714 οὐδενὸς
3135 650 3557 721 ἀνθισταμένων

1987 740 2190 804 πάντες
2254 740 2357 814 γὰρ
2412 742 2656 813 ἐδέχοντο
2706 742 3007 814 προθύμως
3060 746 3126 797 ἐκ
3185 747 3556 816 συνθήματος,

1988 833 2247 903 οὐδεμιᾶς
2282 833 2495 898 ἐλπίδος
2527 834 2606 889 ἐτι
2661 835 3100 907 ὑπολειπομένης
3148 837 3212 891 ἐκ
3271 839 3557 895 Ματθαίου

1985 925 2274 996 βασιλέως·
2306 921 2553 999 ἐνῇκαὶ
2615 927 2888 998 βασιλίδος
2941 929 3178 998 Εἰρήνης
3233 929 3349 1000 ἅμα
3402 931 3557 986 δυσὶν

1983 1017 2149 1083 υἱέσι,
2182 1022 2279 1072 καὶ
2311 1017 2604 1078 τοσαύταις
2656 1018 2965 1088 θυγατράσι
3017 1019 3206 1092 κύριος
3243 1022 3548 1091 γενόμενος,

1981 1104 2238 1177 Θεοδώρα
2285 1106 2393 1176 γὰρ
2427 1108 2460 1178 ή
2498 1107 2847 1180 πρεσϐυτέρα
2874 1107 2984 1162 τῶν
3011 1110 3295 1164 Ματθαίου
3325 1110 3416 1164 τοῦ
3461 1109 3548 1180 βαι

1972 1197 2175 1263 -σιλέως
2237 1197 2576 1268 θυγατέρων,
2639 1200 2792 1266 παρὰ
2843 1203 2909 1272 τῇ
2958 1200 3162 1273 μάμμῃ
3215 1203 3452 1272 Εύγενίᾳ
3489 1205 3553 1273 τῇ

1981 1288 2218 1360 βασιλίδι
2281 1291 2543 1360 ἐτρέφετο
2597 1291 2657 1343 ἐν
2711 1290 3016 1362 Βυζαντίῳ,
3058 1296 3152 1349 καὶ
3206 1294 3558 1364 χρησάμενος

1981 1381 2405 1452 φιλανθρώπως.
2443 1382 2614 1438 Οὐδὲν
2640 1383 2751 1454 γὰρ
2790 1384 3073 1457 ἠδίκησεν,
3123 1386 3245 1440 οὐδὲ
3303 1385 3555 1454 ἀφείλετο

1979 1473 2134 1526 οὐδὲν
2163 1474 2272 1527 τῶν
2311 1474 2482 1528 ὄντων
2510 1472 2628 1528 οὕτ’
2663 1474 2904 1544 ἐκείνην,
2929 1473 3052 1528 οὔτε
3086 1475 3216 1538 τοὺς
3259 1475 3391 1545 περὶ
3454 1475 3551 1528 αύ-

1978 1565 2101 1634 τὴν,
2131 1566 2210 1630 τίς
2243 1565 2470 1619 Τένεδον
2502 1566 2782 1638 ἐξέπεμψε
2832 1567 2929 1638 τὴν
2955 1567 3142 1634 νῆσον.
3171 1567 3340 1632 Αὐτὸς
3384 1566 3439 1620 δέ
3482 1569 3549 1636 τῇ

1978 1657 2138 1710 πόλει
2179 1658 2480 1728 ἐπιστήσας
2512 1658 2776 1730 ἄρχοντα,
2812 1659 2908 1712 καὶ
2949 1659 3115 1712 τᾶλλα
3157 1655 3215 1712 εὖ
3273 1658 3554 1727 διοικησά-

1984 1761 2166 1812 μενος,
2203 1747 2284 1810 είς
2319 1747 2690 1818 Περιθεώριυν
2725 1749 3058 1814 ἐπανελθὼν,
3089 1749 3388 1819 πρεσϐείαν
3416 1747 3551 1816 πρὸς

1977 1837 2210 1908 Βοϊχναν
2241 1839 2481 1895 ἐποιεῖτο
2505 1838 2661 1903 αὖθις
2691 1841 3034 1913 ἐπανήκοντα
3068 1843 3170 1913 ἢδη
3224 1841 3289 1894 ἐκ
3341 1839 3548 1910 Φερῶν,

1977 1930 2072 1983 καὶ
2101 1929 2287 1993 ἀδείας
2332 1931 2568 2000 τυχόντα
2593 1930 2733 1985 ὥστε
2763 1935 3002 2004 χρῆσθαι
3037 1935 3067 1987 ὃ
3104 1950 3158 1988 τι
3199 1933 3443 2002 βούλοιτο
3473 1931 3554 2001 τῷ

1978 2019 2190 2090 βασιλεῖ
2226 2020 2517 2092 Ματθαίῳ.
2569 2021 2849 2092 Χρήματά
2873 2040 2932 2077 τε
2963 2023 3332 2093 ἐπηγγέλλετο
3384 2021 3553 2076 πολλά

1977 2111 2258 2182 παρέξειν,
2293 2112 2342 2164 εί
2367 2112 2457 2164 τὸν
2483 2113 2742 2180 γυναικὸς
2771 2112 3000 2182 ἀδελφὸν
3034 2114 3319 2184 δεδεμένον
3373 2131 3555 2184 παρα-

1973 2202 2113 2272 δοίη.
2145 2202 2374 2274 Βοΐχνας
2428 2203 2485 2256 δὲ
2536 2205 2798 2275 πρότερον
2842 2205 2942 2275 μὲν
2991 2205 3156 2267 αὐτός
3189 2222 3249 2258 τε
3304 2205 3547 2276 ὥρμητο,

1975 2296 2166 2367 ὥσπερ
2191 2297 2378 2366 ὅρκοις
2400 2296 2796 2363 διεόεσαιοῦτο,
2858 2301 2951 2348 τὸν
2985 2295 3214 2366 βασιλέα
3270 2297 3550 2350 Ματθαῖον

1975 2388 2286 2458 ἐκπέμπειν
2317 2389 2398 2453 είς
2420 2387 2518 2460 τὴν
2551 2390 2729 2444 οἰκίαν
2749 2406 2764 2420 ·
2799 2391 2892 2443 καὶ
2911 2389 3176 2458 βασιλέως
3194 2388 3289 2442 τοῦ
3323 2389 3555 2442 Παλαιο-

1975 2478 2134 2546 λόγου
2169 2480 2656 2549 πρεσϐευσαμένου
2695 2480 2832 2551 πρὸς
2878 2481 3042 2534 αὐτὸν
3094 2483 3186 2534 ἐπὶ
3221 2481 3299 2549 τῷ
3361 2481 3553 2550 προδιο

1974 2568 2144 2633 δόναι,
2174 2569 2284 2624 οὐδ’
2320 2571 2514 2642 ἄκροις
2563 2570 2701 2624 ὠσὶν
2727 2571 2988 2642 ἠνέσχετο
3036 2571 3147 2624 τῶν
3197 2570 3391 2640 λόγων·
3424 2570 3547 2624 τότε

1975 2661 2031 2715 δέ
2055 2661 2156 2733 ἤδη
2185 2663 2534 2731 πεπυσμένος
2563 2663 2639 2724 ὼς
2668 2663 2856 2727 πόλεις
2889 2679 2948 2716 τε
2983 2664 3038 2716 αἱ
3066 2663 3158 2716 ὑπ’
3202 2665 3410 2717 ἐκεῖνον
3456 2663 3549 2714 καὶ

1977 2753 2166 2816 παῖδες
2198 2754 2294 2807 καὶ
2351 2753 2490 2822 γυνὴ
2553 2753 2822 2816 ἑάλωσαν,
2883 2753 3038 2817 ἐλπίς
3075 2770 3134 2806 τε
3196 2753 3421 2822 οὐδεμία
3472 2751 3551 2804 ἐτι

1977 2841 2328 2908 ὑπελείπετο,
2387 2842 2525 2896 ὥστε
2575 2843 2711 2911 παρ’
2755 2843 2966 2896 ἐκείνου
3019 2843 3278 2913 χρήματα
3343 2841 3552 2906 λαϐεῖν,

1977 2935 2010 3007 ἦ
2044 2936 2180 3006 πρὸς
2201 2935 2300 3006 τὴν
2323 2936 2430 2989 τῶν
2467 2934 2862 3006 μελετωμένων
2891 2935 3254 3006 ἐπιχείρησιν
3280 2937 3553 3006 χρήσιμος

1977 3031 2200 3085 ἔσεσθαι
2228 3031 2431 3094 αὐτοῖς,
2468 3030 2659 3092 ἄπολις
2686 3029 2776 3083 τὸν
2802 3029 2904 3100 ἤδη
2935 3028 3031 3083 καὶ
3080 3028 3346 3095 ἀνέστιος,
3386 3045 3556 3099 μεταο

291 3104 420 3160 beili
452 3109 800 3164 occasionem
859 3110 1222 3181 relinqueret.
1254 3112 1366 3168 Nec
1398 3121 1577 3168 tamen
1604 3129 1730 3168 cum
1755 3129 1874 3168 om-

1978 3121 2157 3176 ϐαλὼν
2191 3122 2467 3192 ἐτράπετο
2499 3123 2591 3175 ἐπὶ
2631 3121 2938 3193 σημὸάσεις
2997 3121 3134 3191 πρὸς
3185 3120 3556 3187 Παλαιολόγον

291 3215 392 3256 nes
425 3201 570 3258 idem
604 3202 876 3271 dicerent,
914 3220 1106 3260 omnes
1137 3206 1335 3260 eadem
1369 3215 1556 3263 mente
1589 3206 1871 3273 dicebant,

291 3293 388 3350 sed
422 3295 476 3349 hi
512 3295 738 3366 quidem
772 3296 1034 3353 ardentes
1069 3299 1190 3368 ejus
1212 3297 1342 3353 odio
1375 3300 1503 3354 talia
1542 3301 1872 3368 suadebant,

292 3390 407 3440 min
454 3386 746 3442 ferendum
778 3388 1118 3459 judicantes,
1165 3389 1271 3445 nisi
1313 3391 1484 3445 etiam
1532 3406 1700 3462 supra
1738 3393 1875 3447 alias

290 3493 571 3534 aerumnas
606 3481 800 3534 oculos
829 3481 1124 3550 perderet:
1155 3489 1218 3537 ut
1249 3481 1413 3538 simul
1447 3483 1679 3538 meliora
1710 3498 1873 3554 pror-

291 3588 389 3628 sus
432 3572 770 3643 desperaret,
797 3582 854 3630 et
875 3599 878 3602 ’
903 3575 1157 3646 praesenti
1193 3576 1502 3632 calamitate
1531 3577 1704 3633 multo
1735 3592 1874 3632 mm-

291 3677 421 3719 rore
485 3663 890 3733 conﬁceretur;
927 3668 1020 3723 alii
1081 3668 1222 3723 nihil
1273 3683 1468 3724 eorum
1530 3670 1874 3740 cogitantes,

291 3756 621 3828 simpliciter
645 3759 771 3817 aliis
800 3762 1285 3827 assentiebantur;
1320 3777 1423 3816 nec
1456 3763 1596 3832 parti
1625 3761 1876 3832 corporis

291 3852 529 3905 maxime
555 3853 879 3908 necessariae
903 3863 1217 3924 parcentes,
1237 3862 1292 3908 et
1316 3854 1469 3909 illum
1491 3854 1874 3910 emculatione

290 3943 640 4013 damnantes,
693 3948 841 4017 quod
887 3948 1252 4015 conﬁderent,
1302 3960 1362 4004 se
1409 3949 1482 4005 ob
1512 3949 1617 4004 hoc
1666 3951 1874 4006 amicos

287 4035 538 4094 habitum
571 4039 635 4094 iri
667 4039 992 4111 PaIawIOgo,
1021 4049 1078 4097 et
1108 4041 1270 4111 hujus
1306 4041 1702 4098 benevolentiae
1753 4044 1872 4098 fru-

287 4139 438 4185 ctum
487 4147 845 4202 permagnum
879 4133 1257 4201 eximiamque
1303 4144 1684 4203 percepturos.
1737 4137 1872 4202 Qui-

287 4223 416 4278 dam
467 4223 571 4278 etsi
624 4223 774 4279 iiiius
822 4223 1066 4279 miseriis
1102 4221 1380 4288 dolerent,
1427 4236 1873 4300 arrqerenturque

288 4317 671 4382 vehementer,
690 4327 749 4374 et
771 4317 838 4372 ad
867 4318 1042 4374 solam
1064 4318 1403 4374 auditionem
1423 4318 1584 4391 hujus
1613 4319 1872 4376 immani-

291 4411 420 4464 tatis
452 4411 829 4474 tristarentur,
863 4417 920 4468 et
948 4411 1335 4465 cruciarentur
1365 4411 1592 4480 perinde
1619 4413 1869 4483 atquein

1977 3214 2227 3286 βασιλέα,
2269 3214 2408 3269 ὥστε
2445 3212 2782 3285 παραδοῦναι
2811 3214 2906 3267 ἐπὶ
2963 3216 3265 3285 χρήμασιν.
3313 3212 3466 3266 Ἐπεὶ
3496 3212 3554 3265 δὲ

1973 3306 2127 3369 τέλος
2156 3301 2301 3376 εἶχον
2330 3305 2654 3376 συμϐάσεις,
2727 3305 2822 3358 καὶ
2875 3305 2944 3359 τὰ
2991 3306 3254 3374 χρήματα
3312 3305 3553 3373 ἐδέχετο,

1976 3401 2326 3462 ὑποπτεύσας
2378 3399 2456 3467 μὴ
2491 3396 2672 3469 τυχών
2725 3415 2870 3460 τινος
2932 3396 3344 3468 φιλανθρωπίας
3397 3398 3552 3464 παρΞι

1979 3492 2538 3564 βασιλέωςλιωάννου
2560 3490 2831 3560 ἀμύναιτό
2869 3508 2996 3543 ποτε
3027 3490 3151 3543 ὖστε
3163 3509 3252 3560 ρον
3270 3490 3554 3553 Ματθαῖος

1974 3585 2004 3639 ό
2042 3584 2300 3656 βασιλεὺς
2321 3585 2420 3654 τῆς
2461 3583 2752 3654 προδοσίας
2807 3581 2973 3636 ἕνεκα
3028 3583 3214 3648 αύτὸν,
3275 3583 3554 3653 ἐσκέψατο

1974 3676 2302 3746 ἀποστερεῖν
2330 3677 2440 3729 τῶν
2469 3675 2670 3751 ὄψεων,
2703 3674 2823 3744 ἄμα
2879 3677 3128 3745 οἰόμενος
3184 3675 3408 3728 ἔσεσθαι
3461 3678 3556 3729 καὶ

1977 3769 2194 3839 βασιλεῖ
2223 3769 2300 3838 τῷ
2354 3769 2578 3840 Ἰωάννῃ
2617 3769 2759 3820 κατὰ
2816 3768 3070 3838 γνώμην,
3109 3769 3159 3821 εί
3200 3769 3290 3836 ὑφ’
3325 3769 3554 3836 ἐτέρων,

1973 3861 2110 3915 ἀλλά
2145 3861 2220 3932 μὴ
2249 3859 2419 3915 αὑτοῦ,
2465 3861 2492 3911 ὁ
2536 3859 2792 3929 πολέμιος
2826 3859 3223 3931 ἐκτυφλωθείη.
3261 3861 3369 3913 Καὶ
3402 3861 3554 3928 πέμ-

1973 3952 2082 4023 ψας
2115 3954 2252 4022 πρὸς
2278 3951 2526 4022 βασιλέα,
2561 3951 2717 4022 ἠξίου
2775 3953 3040 4024 πράττειν
3080 3950 3115 4006 ἃ
3155 3953 3447 4022 ἐσκέψατο.
3491 3951 3553 4007 ὐ

1973 4043 2017 4098 δ’
2037 4044 2136 4097 οὐκ
2160 4043 2420 4114 ἠνέσχετο
2449 4041 2558 4095 τῶν
2587 4041 2787 4110 λόγων,
2824 4041 2939 4096 ἀλλ’
2969 4043 3019 4096 εί
3049 4043 3123 4114 μὴ
3169 4042 3308 4095 σῶον
3347 4043 3556 4096 παντά-

1973 4152 2142 4189 πασιν
2170 4135 2422 4205 ἀποδοίη,
2449 4134 2603 4204 ἠξίου
2637 4135 2712 4205 μὴ
2746 4135 3161 4203 ἀπολαμϐάνειν
3188 4151 3204 4167 ·
3245 4137 3338 4188 καὶ
3367 4138 3552 4188 πᾶσαν

1973 4226 2291 4292 ἐπεδείξατο
2351 4223 2588 4295 σπουδὴν
2656 4222 2802 4280 ὥστε

1975 4315 2145 4386 μηδὲν
2202 4317 2408 4369 ἐκεῖνον
2477 4314 2712 4377 ἀδικεῖν,
2757 4313 3036 4384 ἐπέμπετό
3089 4331 3145 4368 τε
3201 4315 3336 4383 πρὸς
3391 4313 3556 4366 αὐτὸν

1977 4407 2143 4478 μηδὲν
2176 4408 2238 4459 τὸ
2268 4405 2428 4476 σῶμα
2458 4405 2837 4475 διαλωδηθείς.
2886 4406 3041 4460 Ἐπεὶ
3091 4404 3149 4457 δὲ
3202 4402 3276 4479 ἦν
3324 4407 3383 4459 ἐν
3435 4407 3554 4468 ταῖς

290 4516 350 4556 se
382 4504 496 4557 haec
530 4501 656 4556 faba
691 4500 1016 4566 cuderetur,
1051 4510 1235 4557 tamen
1271 4517 1339 4557 ne
1378 4502 1432 4557 in
1479 4503 1866 4573 imperatorem

1979 4498 2293 4570 βασιλικαῖς
2319 4497 2630 4568 τριήρεσιν,
2661 4497 2866 4568 ἅμιλλα
2895 4498 3064 4568 πολλὴ
3109 4497 3400 4567 Ῥωμαίων
3421 4497 3552 4569 πρὸς

289 4592 547 4647 malevoli
569 4593 916 4656 viderentur,
942 4591 989 4647 si
1017 4592 1296 4647 diversum
1331 4594 1628 4650 suaderent
1654 4594 1724 4649 ab
1751 4595 1870 4665 ejus

290 4683 858 4748 benevolentissimis,
913 4683 984 4739 ad
1037 4683 1183 4740 idem
1238 4694 1297 4742 et
1335 4685 1440 4755 ipsi
1487 4685 1866 4743 hortabantur.

289 4772 404 4830 liae
451 4775 507 4829 in
553 4786 708 4845 parte
739 4774 1079 4846 Palaeologus
1125 4776 1426 4846 imperator
1470 4791 1582 4832 non
1611 4776 1870 4832 humaui-

287 4866 418 4921 tatis
431 4867 608 4922 solum
627 4875 684 4922 et
700 4867 1006 4923 clementia:
1027 4879 1373 4939 argumenta,
1398 4869 1494 4925 sed
1513 4879 1567 4924 et
1585 4870 1871 4941 magnani-

291 4959 520 5022 mitatis,
570 4975 636 5016 ac
662 4961 1027 5025 fortitudinis,
1064 4969 1121 5016 et
1148 4961 1454 5031 prudentia:
1485 4961 1689 5017 indicia
1717 4962 1871 5018 dedit

291 5052 766 5110 manifestissima.
814 5054 1032 5109 Etenim
1084 5070 1212 5109 cum
1246 5055 1393 5110 bello
1434 5070 1503 5110 eo
1535 5071 1708 5125 usque
1745 5071 1872 5125 pro-

288 5157 505 5200 cessum
539 5154 708 5211 esset,
746 5153 1016 5217 tantaeque
1047 5146 1192 5202 inter
1219 5162 1317 5202 eos
1351 5147 1654 5202 inimicitia:
1695 5148 1870 5203 exsti-

289 5237 507 5302 tissent,
566 5247 629 5294 ut
679 5246 864 5294 essent
913 5238 1326 5310 implacabiles,
1354 5247 1410 5294 et
1457 5241 1596 5295 alter
1631 5241 1867 5296 alterum

291 5343 407 5383 non
455 5328 690 5398 imperio
738 5330 925 5399 modo,
979 5332 1073 5387 sed
1118 5332 1163 5386 si
1206 5332 1496 5402 potuisset,
1547 5333 1714 5387 etiam
1756 5334 1869 5388 vita

289 5433 523 5478 exutum
558 5423 884 5492 cupiviSSet,
940 5439 1246 5496 omnesque
1294 5441 1495 5481 nervos
1525 5425 1597 5482 ad
1640 5427 1869 5482 exitium

291 5515 601 5571 adversarii
631 5518 979 5584 contulisset,
1008 5528 1197 5586 postea
1223 5518 1511 5585 victorem,
1545 5521 1748 5574 vietum
1779 5520 1872 5574 ha-

290 5607 517 5664 bentem
554 5610 610 5664 in
661 5625 850 5677 manu,
901 5610 970 5666 ad
1022 5620 1340 5681 antegressa
1377 5627 1485 5667 non
1539 5613 1867 5681 respexisse,

293 5716 397 5756 nec
427 5702 762 5772 anquisisse,
795 5703 1073 5773 quomodo
1109 5706 1353 5773 puniret,
1380 5721 1409 5758 a
1442 5720 1552 5773 quo
1586 5705 1748 5759 hesus
1784 5708 1869 5757 vi-

293 5789 569 5848 debatur:
600 5794 695 5849 sed
731 5797 836 5850 hoc
867 5792 1126 5850 Barbaris
1163 5797 1520 5866 quibusdam,
1557 5797 1729 5851 nihilo
1763 5795 1867 5850 mi-

1977 4591 2242 4663 ἀλλήλους
2293 4592 2585 4661 ἀνεφύετο,
2635 4591 2854 4644 πάντων
2889 4590 3302 4659 παραινούντων
3347 4589 3561 4661 βασιλεί

1977 4685 2069 4738 τὸν
2109 4685 2371 4752 γυναικὸς
2427 4683 2659 4753 ἀδελφὺν
2714 4681 2822 4735 τῶν
2854 4681 3029 4750 δᾴδων
3075 4683 3420 4753 ἀποστερεῖν,
3480 4681 3562 4746 ἀς

1976 4775 2122 4832 οὕτω
2178 4776 2391 4830 πολλῶν
2431 4774 2776 4845 πραγμάτων
2821 4773 3276 4845 ἀπαλλαξομένῳ,
3328 4774 3421 4827 καὶ
3479 4774 3560 4847 μὴ

1980 4869 2138 4934 αὖθις
2169 4868 2350 4937 ἐαυτῷ
2387 4867 2494 4938 μὴν
2524 4867 2753 4935 ἀγώνων
2795 4867 2890 4919 καλ⁵
2927 4867 3214 4934 κινδύνων,
3254 4871 3366 4931 τοῖς
3390 4868 3435 4921 δ’
3461 4869 3560 4921 ἄλ-

1978 4963 2092 5027 λοις
2120 4964 2254 5016 πᾶσι
2289 4961 2602 5030 »Ῥωμαίοις
2656 4961 2932 5030 πρόφασιν
3008 4959 3249 5030 πολέμου
3287 4960 3559 5031 ἐμφυλίου

1981 5055 2360 5110 καταλείπειν.
2399 5050 2560 5123 Εἶχον
2587 5053 2646 5105 δὲ
2676 5051 2737 5104 ού
2781 5053 2986 5116 πάντες
3022 5052 3120 5122 τὴν
3157 5053 3277 5122 ἴσην
3325 5052 3559 5124 γνώμην

1979 5150 2036 5202 ἐν
2067 5151 2179 5211 τοῖς
2211 5145 2534 5217 λεγομένοις
2558 5161 2573 5176 ’
2608 5144 2726 5199 ἀλλ’
2756 5146 2803 5199 oi
2841 5144 2941 5213 μὲν
2967 5145 3074 5200 ὑπὸ
3099 5149 3200 5216 τῆς
3217 5146 3391 5215 ἄκρας
3423 5147 3564 5201 ἀπε-

1978 5239 2166 5312 χθείας
2195 5241 2275 5303 είς
2297 5241 2507 5292 ἐκεῖνον
2534 5239 2760 5292 τοιαῦτα
2803 5237 3210 5302 συνεϐούλευον,
3257 5238 3560 5309 ἡγούμενοι
3653 5261 3668 5266 ’

1976 5332 2078 5385 οὐκ
2099 5329 2350 5397 ἀνεκτὸν,
2390 5329 2440 5380 ει
2461 5327 2535 5398 μὴ
2565 5327 2701 5398 πρὸς
2725 5329 2847 5390 ταῖς
2898 5325 3088 5389 ἄλλαις
3150 5327 3561 5399 κακοπραγίαις

1979 5421 2074 5477 καὶ
2099 5421 2161 5475 τὸ
2202 5420 2421 5491 βλέπειν
2449 5421 2758 5492 ἀφαιροῖτο,
2791 5419 2866 5482 ὡς
2903 5418 3020 5489 ἅμα
3041 5437 3099 5472 τε
3131 5420 3324 5474 ἐλπίδα
3347 5421 3563 5494 εὐπρα-

1978 5514 2108 5582 γίας
2146 5513 2421 5584 μηδεμίαν
2456 5513 2594 5583 ἔχοι,
2629 5514 2723 5566 καὶ
2761 5512 2962 5582 πολλὴν
2998 5513 3097 5583 τὴν
3141 5518 3206 5568 ἐκ
3255 5515 3363 5568 τῶν
3403 5533 3561 5585 περι-

1981 5607 2220 5678 σχόντων
2238 5606 2520 5678 δυσχερῶν
2545 5606 2704 5674 ἀγίαν
2736 5609 2999 5677 ὑπομένοι
3023 5625 3036 5638 ·
3063 5609 3113 5661 οἱ
3141 5609 3189 5662 δ’
3211 5609 3365 5663 οὐδὲν
3389 5611 3558 5662 τοιοῢς

1979 5718 2073 5753 τον
2107 5699 2371 5754 ἐνενόουνο
2395 5699 2515 5753 ἀλλ’
2555 5700 2744 5764 ἁπλῶς
2793 5701 2938 5754 οὓτω
2971 5704 3085 5764 τοῖς
3127 5702 3309 5766 ἄλλοις
3346 5718 3554 5769 συμφε-

1985 5795 2226 5866 ρόμενοι,
2257 5792 2512 5864 ἠφείδουν
2545 5797 2637 5848 καὶ
2669 5795 2778 5850 τῶν
2807 5797 3280 5863 ἀναγκαιοτάτων,
3335 5797 3427 5848 καὶ
3459 5795 3554 5847 τύ-

2879 4224 3088 4276 πείθειν
3136 4223 3227 4276 τὸν
3283 4222 3554 4294 Τριϐαλὸν
3647 4214 3660 4222 λ
