4056 6456
2181 234 2387 245 -οει-.“--σ

242 364 249 367 ’
309 357 406 425 341
1488 365 1903 431 HISTORIAB

2003 369 2031 428 ll
2078 368 2307 429 LIBER
2344 370 2446 433 Ν.
2940 440 2945 445 ἢ
3269 426 3273 430 .
3461 366 3566 431 342

311 478 517 546 φλωσιν
549 478 990 549 κατεψηφίζοντο
1012 479 1253 547 ἐκείνου,
1294 479 1536 553 οἰόμενοι
1585 486 1648 537 ὲκ
1687 483 1882 537 τούτου

2003 482 2227 541 :ioribus
2282 494 2339 540 et
2365 482 2910 556 intelligentioribus,
2946 495 3112 556 quam
3141 488 3276 537 sunt
3295 481 3569 540 humues

308 568 454 623 εὖνοι
481 569 916 640 νομισθήσεσθαι
946 573 1306 645 Παλαιολόγῳ
1362 575 1596 646 βασιλεῖ,
1639 577 1734 631 καὶ
1781 576 1893 648 τῆς

250 676 259 681 “
312 662 526 728 εὐνοίας
575 662 782 736 ταύτης
822 665 884 719 οὐ
933 666 1149 735 φαύλας
1174 668 1355 733 τινὰς,
1383 669 1495 724 οὐδ’
1537 672 1886 740 εὐκαταφρο-

318 754 514 826 νήτους
545 756 773 825 σχήσειν
821 757 923 821 τὰς
947 758 1314 830 ἐπικαρπίας.
1355 760 1531 814 Ἔνιοι
1570 760 1628 815 δὲ
1681 760 1887 827 αὐτῶν,

318 849 417 901 καὶ
447 848 654 917 σφόδρα
683 848 982 917 ἀλγοῦντες
1008 853 1105 904 καὶ
1150 851 1475 922 δακνόμενοι
1507 854 1627 917 ταῖς
1677 852 1888 907 ἐκείνου

331 940 670 1009 συμφοραῖς,
706 940 968 1010 καὶπρὸς
993 942 1161 1012 μόνην
1186 932 1371 1010 ’ἀκοὴν
1420 942 1530 997 τῶν
1574 943 1889 1013 λεγομένων

317 1030 634 1101 ἀνιώμενοι,
660 1032 757 1087 καὶ
785 1033 1134 1102 ἀγωνιῶντες
1159 1034 1313 1089 οὐδὲν
1331 1027 1494 1107 ἦττον
1525 1035 1558 1107 ἢ
1584 1038 1634 1089 εί
1658 1035 1780 1092 κατ’
1797 1034 1894 1090 αύ-

319 1119 427 1175 τῶν
451 1121 753 1191 ὲμελετᾶτο
779 1124 849 1177 τὰ
898 1123 1069 1188 δεινὰ.
1116 1125 1266 1194 ὅμως
1296 1123 1410 1180 δέει
1451 1125 1548 1179 τοῦ
1598 1127 1674 1198 μὴ
1713 1126 1893 1181 δοκεῖν

321 1214 572 1284 πολέμιοι
636 1214 849 1283 βασιλεῖ
904 1215 982 1285 τῷ
1038 1216 1261 1289 Ἰωάννῃ
1305 1214 1469 1284 εἶναι,
1510 1219 1622 1282 τοῖς
1658 1218 1893 1287 μάλιστα

320 1302 568 1358 ῖοκοῦσιν
592 1303 772 1368 εὔνοις
797 1305 1017 1359 ἐναντία
1061 1307 1550 1376 συμϐουλεύοντες,
1601 1308 1892 1381 παρῄνουν
1938 1352 1943 1355 τ

324 1396 415 1449 καὶ
438 1397 592 1449 αὐτοὶ
625 1398 694 1450 τὰ
723 1396 834 1451 ῐσα.
879 1397 1143 1452 Ἐνταῦθα
1173 1399 1240 1470 δὴ
1280 1399 1648 1469 Παλσιολόγος
1672 1402 1703 1455 ὁ
1735 1400 1894 1471 βασι-

319 1490 444 1553 λεὺς
493 1490 555 1543 οὗ
586 1490 999 1560 φιλανθρωπίας
1052 1492 1217 1563 μόνον
1273 1493 1371 1547 καὶ
1424 1493 1729 1558 “uetusta;
1781 1495 1895 1549 δεί-

320 1598 506 1652 γματα
526 1582 788 1653 ἐξήνεγκε
827 1585 1158 1653 σαφέστατα,
1189 1583 1326 1638 ἀλλὰ
1351 1585 1447 1638 καὶ
1465 1584 1896 1657 μεγαλοψυχίας,

322 1674 420 1729 καὶ
446 1675 687 1744 ἀνδρίας,
715 1676 812 1730 καὶ
845 1679 1187 1748 φρονήσεως.
1220 1677 1297 1732 Τὸ
1330 1677 1432 1748 μὲν
1460 1679 1569 1749 γὰρ
1597 1678 1692 1753 ἐπὶ
1709 1677 1899 1734 τοσοῦ-

320 1785 416 1821 τον
441 1771 790 1840 προηγμένου
813 1769 912 1824 τοῦ
942 1770 1211 1843 πολέμου,
1242 1774 1336 1825 καὶ
1359 1771 1640 1843 τοσαύτης
1687 1772 1893 1843 μεταξὺ

1988 574 2205 640 bellum,
2247 573 2572 645 reliquisse:
2606 574 2786 645 ipsum
2829 588 2964 629 vero
3003 573 3283 642 sapienter
3336 584 3394 628 et
3417 576 3567 644 juste

1987 666 2437 734 ratiocinantem,
2464 665 2877 735 humanamque
2904 675 3159 719 naturam
3187 664 3568 730 misermntem,

1991 765 2072 813 tot
2114 758 2336 815 casibus
2381 767 2438 813 et
2485 757 2887 812 mutationibus
2956 757 3273 819 obnoxiam,
3329 757 3395 811 ad
3444 757 3573 812 vitae

1991 851 2348 906 securitatem
2384 850 2687 906 credidisse
2734 850 3008 916 sullicere,
3062 849 3573 916 hostes~devicisse,

1991 950 2048 996 et
2093 941 2233 996 nihil
2284 942 2432 996 ultro
2479 940 2850 1007 desiderasse,
2891 955 3070 1011 operer
3095 941 3412 1004 docentem,
3441 940 3579 995 Bart-

1994 1031 2162 1087 baros
2188 1032 2388 1088 decere
2414 1047 2659 1103 pugnare
2683 1031 2931 1101 quandiu
2960 1033 3194 1105 possint,
3220 1031 3576 1104 honzophylis

1994 1137 2181 1178 autem
2209 1138 2385 1193 usque
2415 1123 2544 1178 dum
2576 1132 2869 1192 przestcnt,
2901 1126 3183 1194 quomodo
3237 1123 3439 1178 excelsi
3480 1139 3577 1193 pc-

1993 1214 2164 1272 ctoris
2194 1230 2303 1270 non
2330 1215 2404 1270 sit
2440 1223 2824 1283 argumentum
2854 1206 3274 1269 certissimum?
3309 1215 3576 1273 Rursum.

1995 1319 2119 1374 quae
2146 1304 2262 1359 sola
2295 1303 2371 1358 illi
2422 1302 2616 1357 fuisset
2655 1304 2877 1358 maximi
2910 1302 3141 1357 honoris
3190 1304 3432 1367 occasio,
3465 1318 3574 1357 non

1995 1409 2124 1450 eum
2173 1408 2207 1449 e
2242 1394 2427 1449 medio
2478 1394 2796 1457 sustn‘iisse.
2838 1395 2933 1450 sed
2984 1405 3373 1450 conservatum
3423 1409 3579 1448 com-

1997 1488 2161 1544 mode
2214 1497 2478 1553 tractare,
2531 1498 2588 1543 et
2623 1489 2769 1558 apud
2820 1497 3087 1559 posteros
3122 1500 3344 1543 me,er
3388 1488 3580 1554 gloria:

1998 1590 2420 1638 monumentum
2452 1581 2557 1638 sibi
2592 1581 2926 1651 relinquere,
2951 1580 3186 1649 sapienti
3211 1578 3444 1635 consilio
3468 1596 3577 1633 neu

1998 1673 2275 1729 immerito
2329 1673 2455 1744 quis
2502 1672 2840 1741 ascripserit.
2890 1671 3058 1743 394
3101 1673 3278 1725 Porro
3323 1671 3582 1725 omnibus

2000 1760 2145 1816 idem
2182 1760 2560 1827 hortantibus,
2611 1771 2669 1816 et
2712 1768 2982 1831 quantum
3025 1769 3273 1829 possent,
3320 1758 3582 1813 adniten-

323 1859 567 1930 ἀλλήλων
600 1861 701 1933 τῆς
753 1862 1021 1934 διαφορᾶς
1059 1864 1454 1935 κεκινημένης,
1505 1864 1650 1919 ὥστε
1682 1864 1894 1935 ἀκηρύ-

2003 1853 2173 1918 tibus,
2222 1863 2283 1907 ut
2317 1867 2408 1907 res
2448 1851 2690 1922 expetita
2741 1860 3003 1908 eventum
3040 1850 3358 1913 sortiretur,
3401 1851 3580 1918 ipsum

327 1969 471 2016 κτως
498 1952 666 2023 ἔχειν,
684 1953 782 2008 καὶ⁵
816 1953 986 2024 ἡδέως
1012 1955 1079 2010 ἂν
1107 1956 1375 2028 ἑκάτερον
1400 1957 1463 2011 οὐ
1484 1958 1583 2027 τῆς
1607 1958 1787 2031 ἀρχῆς
1807 1959 1904 2028 μόο

337 2059 438 2105 νον,
462 2041 597 2096 ἀλλά
620 2041 716 2096 καὶ
746 2041 844 2111 τῆς
868 2043 1036 2113 ζωῆς,
1070 2038 1259 2099 ειιοῖόν
1287 2062 1368 2109 τε,
1410 2049 1503 2099 τὸν
1547 2045 1738 2117 ἕτερον
1770 2048 1900 2102 ἰδεῖν

335 2134 690 2200 ἐκπίπτοντα,
742 2134 840 2188 καὶ
890 2136 1075 2188 πᾶσαν
1130 2136 1372 2208 σπουδὴν
1448 2138 1902 2210 ἐπιδεικνύμενον

328 2224 467 2295 ὑπὲρ
494 2225 588 2278 τοῦ
626 2225 983 2296 διαφθείρειν,
1017 2225 1211 2281 ἔπειτα
1248 2230 1784 2301 περιγεγενημένον.
1807 2230 1905 2302 καὶ

328 2316 625 2386 δυνάμενον
681 2317 918 2388 χρῆσθαι
958 2320 985 2373 ὃ
1037 2336 1092 2374 τι
1145 2319 1213 2374 ἂν
1273 2320 1473 2386 ἐθέλοι,
1522 2322 1596 2393 μὴ
1646 2323 1787 2394 πρὸς
1835 2323 1905 2377 τὰ

327 2406 655 2478 ὑπηργμένα
708 2409 940 2476 ἀπιδεῖν,
994 2411 1118 2484 μηδ’
1174 2412 1327 2476 ὅπως
1377 2413 1629 2468 κακώσει
1680 2417 1905 2470 σκοπεῖν

323 2501 419 2554 τὸν
449 2500 673 2565 δόξαντα
699 2502 1022 2573 ἠδικηκέναι
1050 2520 1064 2536 ⁸
1104 2503 1241 2559 ἀλλὰ
1266 2504 1424 2559 τοῦτο
1466 2505 1565 2576 μὲν
1599 2507 1907 2577 Βαρϐἀροις

324 2593 472 2645 τισὶν
501 2593 810 2663 ἡγήσασθαι
842 2596 1165 2665 προσήκειν,
1233 2595 1443 2668 θηρίων
1497 2597 1620 2651 οὐδὲ
1683 2600 1906 2669 ἄμεινον

328 2680 691 2752 διακειμένοις
740 2684 841 2753 τήν
880 2684 1142 2755 ὠμότητα
1197 2687 1292 2741 καλ⁵
1345 2686 1593 2755 ἀλογίαν,
1632 2688 1798 2744 αὐτὸν
1848 2689 1905 2743 δὲ

246 2791 253 2797 ’
333 2776 676 2847 χρησάμενον
706 2775 947 2848 ἔμφροσι
983 2778 1076 2832 καὶ
1098 2776 1330 2843 δικαίοις
1360 2780 1667 2851 λογισμοῖς,
1697 2781 1792 2836 καὶ
1807 2781 1906 2852 τὴν
1958 2834 1965 2840 ,

333 2865 675 2940 ἀνθρωπίνην
721 2866 911 2936 φύσιν
951 2869 1431 2942 κατοικτείραντα,
1490 2872 1575 2925 ὅτι
1627 2871 1907 2934 τοσούτοις

336 2960 562 3014 πάθεσιν
587 2960 892 3027 ὑπόκειται,
928 2962 1025 3015 καὶ
1081 2962 1432 3032 μεταϐολαῖς,
1466 2963 1658 3035 ἀρκεῖν
1693 2965 1908 3035 ήγήσα-

342 3048 458 3101 σθαι
482 3048 619 3119 πρὸς
651 3049 953 3119 ἀσφάλειαν
996 3050 1091 3103 τοῦ
1120 3049 1238 3121 βίον
1267 3051 1330 3105 τὸ
1359 3051 1470 3106 τῶν
1500 3052 1781 3122 πολεμίων
1810 3070 1908 3107 πε-

348 3140 719 3211 ριγεγενῆσθαι
781 3142 878 3195 καὶ
914 3142 1234 3211 περαιτέρω
1294 3141 1461 3213 μηδὲν
1500 3142 1706 3212 ζητεῖν,
1757 3142 1906 3215 ἔργῳ

337 3231 576 3300 δείξαντα
605 3232 679 3297 ώς
710 3235 817 3298 τοῖς
851 3233 948 3304 μὲν
978 3234 1286 3306 Βαρϐάροις
1345 3236 1474 3305 ἄχρι
1527 3233 1620 3289 τοῦ
1679 3236 1905 3289 δυνατοῦ

336 3326 608 3398 προσῆκον
657 3326 940 3397 πολεμεῖν,
992 3330 1107 3393 τοῖς
1168 3327 1213 3382 δ’
1272 3326 1567 3398 ὁμοφύλοις
1634 3327 1764 3399 ἄχρι
1811 3325 1907 3381 τοῦ

336 3418 659 3488 κρείττονος,
689 3418 850 3473 ποίαν
871 3418 1156 3474 ἀπολείπει
1201 3419 1611 3491 μεγαλοψυχίας
1667 3419 1911 3489 φανερὰν

332 3511 637 3579 ἀπόδειξινς
668 3512 740 3567 Τὸ
797 3512 843 3568 δ’
907 3511 974 3567 αὖ
1029 3512 1193 3568 πάλιν
1240 3512 1341 3585 τὴν
1401 3513 1572 3584 μόνην
1633 3512 1909 3583 πρόφασιν

334 3600 499 3658 οὖσαν
534 3605 800 3677 μεγίστης
837 3605 1019 3675 ἐαυτῷ
1052 3604 1373 3675 φιλοτιμίας
1431 3604 1509 3676 μὴ
1563 3606 1907 3676 προανελεῖν,

334 3692 472 3748 ἀλλὰ
503 3693 914 3766 διατηρήσαντα
961 3695 1201 3768 χρῆσθαι
1234 3696 1558 3770 ὲπικαίρως,
1592 3697 1689 3751 καὶ
1752 3697 1911 3767 δόξης

336 3782 395 3838 ιν
417 3787 528 3850 τοῖς
558 3783 784 3857 ὕστερον
815 3784 1104 3857 ἐσομένοις
1122 3786 1435 3858 ἀείμνηστα
1467 3789 1712 3858 μνημεῖα
1743 3804 1913 3841 κατα-

333 3878 545 3931 λείπειν
575 3877 781 3950 ἑαυτῷ,
814 3879 1135 3950 φρονήσεως
1194 3881 1290 3933 καὶ
1343 3877 1634 3943 εὐϐουλίας
1684 3878 1913 3942 δικαίως

335 3969 578 4040 ἀντιθείη
609 3989 716 4035 τις.
756 3971 920 4026 Ἀλλά
951 3971 1059 4044 μὴν
1089 3971 1150 4025 τὸ
1178 3973 1248 4027 τὰ
1296 3971 1387 4027 ίσα
1430 3956 1651 4028 πάντων
1711 3991 1913 4045 παραι-

335 4058 591 4123 νούντων,
614 4060 707 4115 καὶ
728 4060 896 4133 μηδὲν
924 4061 1402 4130 παραλειπόντων,
1428 4061 1488 4114 τό
1515 4077 1578 4129 γε
1605 4054 1742 4132 ἧκον
1774 4059 1913 4130 πρὸς

336 4150 552 4217 αὐτοὺς,
590 4152 651 4207 τὺ
686 4152 1132 4224 σπουδαζόμενον
1166 4154 1246 4217 είς
1278 4150 1441 4225 ἔργον
1461 4152 1688 4221 ἀγαγεῖν
1728 4150 1910 4216 αὐτὸν,

340 4247 480 4316 μήτε
502 4244 642 4318 πρὸς
676 4251 774 4318 τήν
796 4244 1050 4312 ἀξίωσιν,
1087 4246 1164 4310 ώς
1192 4244 1487 4313 λυσιτελὴς
1518 4244 1614 4299 καὶ
1646 4241 1833 4298 δικαία
1854 4241 1915 4294 τὸ

2002 1958 2182 2015 neque
2213 1942 2283 1999 ad
2331 1943 2675 2012 petitionem,
2729 1952 2992 2013 tanquam
3030 1942 3222 1997 utilem
3252 1950 3309 1997 et
3353 1943 3583 2012 justam,

2003 2043 2067 2088 ut
2097 2031 2406 2099 videretur,
2435 2048 2616 2103 neque
2643 2033 2710 2088 ad
2746 2033 2967 2089 tarb'am'
3000 2031 3469 2090 consentientium
3501 2041 3588 2084 at—

2007 2122 2261 2189 tendere,
2281 2124 2536 2193 nihilque
2561 2131 2774 2179 terrore
2795 2123 2982 2194 aliquo
3006 2138 3357 2194 percussum,
3378 2131 3586 2191 praeter
3657 2172 3663 2179 .

2004 2214 2228 2271 decreta
2257 2230 2357 2271 sua
2385 2216 2755 2279 committere,
2788 2224 2847 2271 et
2874 2216 2931 2270 in
2978 2215 3045 2270 iis
3073 2214 3313 2270 deﬁxum
3351 2214 3603 2279 haerere,

2003 2308 2138 2377 quid
2169 2307 2321 2364 aliud
2356 2324 2525 2379 quam
2554 2308 2718 2365 fertis
2751 2324 2817 2365 ac
2846 2310 3111 2364 robustus
3142 2309 3361 2364 animus
3384 2307 3600 2362 (dicit?

2004 2398 2186 2461 Quare
2237 2400 2489 2455 aliorum
2520 2399 2837 2455 rationibus
2908 2400 3184 2455 universis
3232 2399 3587 2470 posthabitis,

2008 2492 2233 2547 fratrem
2270 2492 2458 2548 uxoris
2491 2492 2810 2547 Matthmum
2842 2492 3176 2547 inoffensum
3203 2491 3370 2562 (quod
3398 2500 3609 2545 contrm

2007 2583 2168 2639 multi
2199 2584 2533 2654 suadebant)
2570 2585 2627 2638 in
2675 2582 2963 2640 Tenedum
2997 2583 3337 2654 deportavit,
3374 2592 3430 2637 et
3463 2598 3591 2636 eum

2008 2691 2179 2732 uxore
2214 2692 2280 2732 ac
2336 2676 2532 2733 liberis
2564 2677 2641 2732 ibi
2676 2676 3002 2747 aliquandiu
3029 2677 3198 2731 vitam
3231 2674 3441 2745 agitare
3469 2691 3593 2743 per-

2007 2766 2175 2824 misit.
2212 2767 2405 2823 Postea
2437 2768 2739 2832 mandavit,
2775 2776 2837 2822 ut
2867 2768 3059 2824 liberis
3108 2775 3162 2822 et
3193 2782 3367 2822 uxore
3400 2766 3452 2820 in
3484 2765 3591 2821 Te-

2006 2857 2151 2911 nedo
2176 2857 2612 2919 remanentihus,
2636 2855 2927 2911 Matthqu
2952 2856 3009 2910 in
3031 2854 3271 2910 Lesbum
3297 2854 3591 2917 abductus,

2007 2948 2062 3003 in
2108 2948 2351 3004 vinculis
2381 2948 2681 3004 haberetur
2706 2990 2722 3015 ,
2756 2948 2902 3019 quod
2949 2947 3152 3004 factum
3185 2956 3305 3017 est;
3342 2947 3460 3018 ipse
3483 2946 3584 2999 Τοέ

2006 3039 2154 3095 nedo
2200 3040 2441 3107 solvens,
2481 3039 2804 3111 Byzantium
2843 3040 3020 3106 venit,
3060 3047 3117 3094 et
3157 3037 3212 3093 in
3252 3041 3588 3095 monasterio

2013 3131 2367 3204 Manganensi
2409 3144 2605 3188 socero
2647 3148 2764 3187 rem
2816 3148 3039 3188 omnem
3079 3133 3354 3202 exposuit,
3397 3133 3592 3202 paulo-

2012 3238 2119 3295 que
2152 3233 2275 3293 post
2320 3223 2634 3278 Matthaeum
2674 3224 2926 3279 custodia
2970 3224 3338 3279 liberaturum
3369 3240 3430 3280 se
3468 3241 3593 3295 pro-

2011 3314 2183 3369 misit.
2238 3313 2520 3385 Optimum
2565 3314 2790 3386 quidem
2833 3314 3029 3382 fuisse,
3077 3308 3150 3369 si"
3169 3331 3451 3385 nunquam
3487 3317 3592 3371 hoc

2010 3405 2303 3462 dissidium
2359 3406 2687 3471 exstitisset,
2740 3421 2921 3478 neque
2975 3416 3327 3477 tantoperea
3379 3418 3595 3465 natura:

2010 3500 2291 3556 limitibus
2339 3516 2626 3557 recessum
2661 3509 2837 3566 esset,
2886 3511 2947 3556 ut
2978 3500 3071 3572 qui
3122 3517 3223 3572 pro
3259 3517 3318 3558 se
3352 3502 3591 3559 invicem

2012 3596 2150 3649 mori
2175 3594 2301 3666 jure
2328 3593 2661 3659 debuerant,
2688 3595 2957 3666 capitales
2985 3595 3198 3650 inimici
3227 3595 3444 3662 ﬁerent,
3477 3612 3597 3651 oms

2011 3697 2224 3753 nesque
2265 3682 2321 3736 in
2373 3692 2624 3737 mutuam
2674 3682 2982 3754 perniciem
3037 3683 3326 3740 machinas
3370 3685 3594 3754 excogi-

2019 3783 2225 3831 tarent.
2258 3773 2395 3842 Quia
2416 3790 2547 3829 vero
2579 3773 2660 3830 sic
2690 3777 2992 3841 evenisset,
3025 3787 3083 3830 et
3106 3775 3197 3829 ille
3219 3774 3442 3832 fortuna
3465 3792 3597 3831 cru-

2011 3865 2123 3923 deli
2157 3882 2314 3935 usus,
2369 3884 2399 3923 a
2432 3865 2695 3923 Triballis
2722 3877 2952 3938 captus,
2972 3877 3029 3924 et
3058 3868 3128 3925 ad
3165 3885 3224 3927 se
3259 3870 3316 3925 in
3360 3869 3598 3926 vinculis

2011 3960 2327 4033 perductus
2376 3968 2548 4027 esset,
2593 3976 2654 4016 se
2690 3961 2913 4031 quidem
2971 3964 3159 4017 statim
3192 3962 3310 4017 solo
3347 3963 3467 4032 ejus
3509 3977 3597 4021 as-

2014 4062 2177 4124 pectu
2209 4051 2541 4118 indoluisse,
2574 4050 2880 4122 positisque
2910 4050 3141 4107 omnino
3172 4052 3448 4107 veteribus
3490 4052 3595 4107 ini-

2014 4141 2265 4209 micitiis,
2301 4150 2512 4196 natura:
2536 4141 2933 4197 communione
2959 4141 3169 4196 victum
3198 4156 3344 4198 esse.
3379 4142 3449 4196 Se
3474 4143 3599 4213 qui-

2012 4232 2139 4290 dem
2192 4232 2252 4288 in
2291 4246 2550 4304 praesens
2596 4232 2741 4286 velle
2790 4247 2919 4287 eum
2970 4242 3208 4288 tractare
3253 4232 3594 4300 humaniter,

337 4335 514 4389 δοκεῖν
543 4337 694 4405 ἰδεῖν,
724 4338 865 4408 μήτε
896 4337 1035 4410 πρὸς
1062 4336 1125 4390 τὸ
1156 4334 1362 4407 πλῆθος
1418 4335 1512 4388 καὶ
1532 4334 1631 4406 τὴν
1686 4349 1903 4404 συμφω-

2015 4324 2174 4381 brevi
2220 4338 2254 4380 e
2287 4336 2513 4380 carcere
2562 4322 2950 4378 dimissurum.
2988 4324 3134 4391 Quin
3183 4324 3239 4380 id
3290 4324 3456 4380 modo
3510 4326 3609 4379 l'ao.

338 4430 483 4498 νίαν,
516 4430 651 4485 ἀλλά
685 4432 858 4486 πάντα
892 4429 1192 4502 παριδόντα
1217 4428 1333 4489 τοῖς
1359 4426 1704 4498 δεδογμένοις
1729 4423 1903 4488 καλῶς

2015 4427 2236 4475 cturum
2275 4415 2471 4482 fuisse,
2497 4415 2603 4471 nisi
2642 4414 2785 4470 male
2816 4425 2982 4485 gestae
3012 4415 3333 4488 reipublicae
3364 4432 3598 4474 accusa-

337 4523 719 4595 ὲγκαρτερεῖν,
774 4510 869 4579 καὶ
947 4521 1119 4595 μηδὲν
1176 4517 1600 4588 καταπλαγέντα
1647 4516 1903 4589 πράττειν

2017 4506 2224 4564 tionem
2266 4521 2297 4562 a
2331 4505 2524 4560 multis
2544 4515 2852 4560 vereretur.
2888 4504 3056 4561 Paulo
3092 4517 3255 4577 post,
3284 4515 3344 4561 ut
3376 4517 3598 4563 maturo

337 4616 489 4684 παρὰ
516 4615 582 4669 τά
627 4615 1001 4686 ἐψηφισμένα,
1058 4612 1211 4667 οὐδὲν
1256 4608 1472 4681 ἕτερον,
1522 4610 1571 4662 εἰ
1620 4607 1696 4680 μή
1726 4607 1903 4679 ψυχῆς

2016 4599 2253 4657 consilio
2305 4607 2365 4655 et
2392 4598 2582 4655 debita
2621 4613 2757 4654 cura
2788 4598 2975 4653 omnia
3005 4597 3122 4655 ﬁeri
3160 4610 3445 4671 appareat,
3479 4601 3601 4655 vin-

340 4703 550 4773 ἀνδρία,
580 4703 675 4758 καὶ
700 4704 810 4759 τῶν
845 4703 1125 4775 λογισμῶν
1165 4701 1469 4773 στερῤότης
1499 4695 1903 4767 παρεσκεύαζε.

2018 4692 2162 4765 curis
2190 4693 2602 4748 absoluturum.
2642 4688 2766 4746 Haec
2792 4691 3137 4764 Pahcologus
3164 4691 3459 4748 socero-de
3487 4692 3601 4748 lilio

339 4791 419 4846 Δι’
444 4793 481 4848 ἃ
509 4795 571 4866 δή
597 4796 794 4864 πάντα,
832 4795 1049 4850 πάντων
1069 4792 1181 4848 τῶν
1224 4790 1401 4845 ἄλλων
1461 4788 1767 4860 ἀμελήσας,
1814 4788 1896 4848 είς

2017 4786 2310 4841 liberando
2346 4785 2626 4854 pollicitus
2654 4790 2759 4839 est.

341 4886 565 4943 Τένεδον
592 4890 767 4960 ἤγαγε
831 4888 925 4946 τδν
985 4886 1248 4956 γυναικὸς
1278 4884 1529 4954 ἀδελφὸν,
1579 4883 1732 4937 οὐδὲν
1786 4874 2090 4952 ἠδικηκὼς,
2128 4879 2319 4947 ὥσπερ
2384 4877 2663 4951 παρῄνουν
2709 4879 2759 4932 ot
2808 4877 3039 4935 nonor?
3102 4880 3199 4935 καὶ
3237 4879 3459 4949 γυναικὶ
3509 4878 3601 4932 καὶ

343 4985 551 5049 τέκνοις
608 4984 781 5055 ἐφῆκε
838 4983 1148 5053 συνδιάγειν
1222 4979 1417 5054 χρόνον
1484 4977 1608 5032 τινὰ
1675 4975 1904 5048 βραχύν.
1946 4975 2180 5028 Ἔπειτα
2219 4974 2440 5026 ἐκέλευε
2508 4973 2675 5026 τέκνα
2749 4971 2849 5043 μὲν
2883 4973 3094 5027 ἐκείνου
3122 4976 3223 5029 καῖ’
3268 4974 3501 5044 γυναῖκα
3524 4968 3604 5026 εἴ·

349 5097 430 5135 θαι
483 5080 542 5133 έν
611 5076 861 5151 Τενέδῳ·
933 5076 1099 5133 αὑτὸν
1144 5075 1204 5130 δὲ
1254 5076 1335 5140 είς
1390 5072 1601 5129 Λέσϐον
1648 5069 1990 5140 ἀπαχθέντα,
2029 5065 2391 5138 φρουρεῖσθαι
2421 5067 2482 5122 ἐν
2527 5066 2768 5137 δεσμοῖς,
2817 5065 2914 5120 καὶ
2963 5066 3266 5139 ἐπράττετο
3333 5067 3513 5121 πάντα

341 5173 715 5240 προσέταττεν
747 5171 777 5225 ὁ
807 5162 1085 5241 βασιλεύς.
1108 5165 1282 5231 Αύτδς
1307 5165 1366 5220 δὲ
1403 5166 1544 5237 ἄρας
1576 5164 1641 5219 ὲκ
1658 5162 1910 5222 Τενέδου,
1948 5156 2116 5232 ἦλθεν
2179 5161 2260 5224 εἰς
2325 5159 2771 5227 Βυζάντιον,.κοιλ⁸
2791 5158 3082 5227 γενόμενος
3114 5157 3174 5212 ὲν
3199 5161 3264 5232 τῇ
3289 5158 3605 5228 Μαγκάνων

308 5264 313 5269 ’
349 5267 481 5336 ειονῇ
522 5263 659 5326 πρὸς
720 5261 947 5333 βασιλέα
988 5260 1081 5314 τὸν
1104 5257 1395 5330 κηδεστήν,
1441 5257 1541 5311 δσα
1588 5271 1653 5310 τε
1704 5252 1949 5326 συμϐαίη
1988 5251 2249 5325 διηγεῖτο,
2293 5250 2389 5305 καὶ
2450 5249 2827 5322 ἐπηγγέλλετο
2870 5250 2945 5314 ὡς
3012 5249 3238 5324 ὕστερον
3289 5252 3457 5324 ὀλίγῳ
3510 5257 3605 5311 τὸν

343 5355 597 5427 γυναικὸς
625 5353 854 5424 ἀδελφὺν
881 5352 1098 5424 ἀνήσων
1154 5351 1264 5405 τῶν
1303 5347 1542 5418 δεσμῶν.
1608 5342 1915 5417 Κράτιστον
1957 5342 2056 5414 μὲν
2118 5343 2229 5415 γὰρ
2294 5339 2434 5397 εῖναι
2473 5342 2615 5414 μηδὲ
2638 5341 2958 5412 κεκινῆσθαι
3004 5342 3213 5415 ἔφασκε
3270 5344 3370 5419 τήν
3427 5349 3605 5420 ἀρχὴν

345 5451 443 5523 τήν
507 5447 642 5521 πρὸς
689 5447 951 5519 ἀλλήλους
1008 5442 1307 5515 διαφοράν·
1377 5439 1513 5513 μηδὲ
1570 5438 1665 5493 ἐπὶ
1714 5435 1974 5491 τοσοῦτον
2009 5435 2109 5506 τὴν
2155 5433 2331 5506 φύσιν
2354 5434 2710 5505 ἠγνοηκέναι,
2764 5433 2905 5488 ὥστε
2959 5436 3088 5498 τοὺς
3143 5434 3285 5506 ὑπὲρ
3356 5436 3605 5510 ἀλλήλων

347 5544 717 5615 ἀποθνήσκειν
776 5541 937 5605 ὄντας
997 5537 1240 5604 δικαίους
1269 5535 1567 5608 πολεμίους
1624 5532 1978 5598 καθεστάναι,
2020 5532 2119 5587 καὶ
2172 5533 2355 5586 πᾶσαν
2406 5530 2750 5602 ἐξευρίσκειν
2803 5530 3052 5603 μηχανὴν
3109 5532 3168 5600 ἐξ
3212 5526 3288 5588 ὧν
3339 5534 3605 5606 ἀλλήλους

348 5638 770 5712 διαφθεροῦμεν.
812 5635 966 5692 Ἐπεὶ
993 5636 1040 5691 δ’
1070 5633 1213 5690 οὕτω
1244 5632 1579 5706 συνηνέχθη,
1607 5631 1702 5684 καὶ
1722 5627 1912 5700 τύχαις
1952 5632 2160 5694 ἐκεῖνος
2222 5625 2573 5702 χρησάμενος
2604 5626 2909 5693 δυσκόλοις,
2940 5629 3045 5681 ὑπὸ
3099 5624 3387 5699 Τριϐαλῶν
3419 5632 3604 5695 ἁλοὺς,

347 5731 488 5804 ήχθη
511 5727 798 5802 δεσμώτης
841 5728 922 5790 είς
977 5725 1102 5795 ιμὲ,
1142 5725 1255 5793 ἐγὼ
1315 5724 1416 5796 μὲν
1473 5721 1637 5785 εὐθὺς
1689 5721 1785 5774 ml
1841 5721 1979 5805 πρὸς
2021 5721 2195 5791 μόνην
2256 5720 2596 5791 ὲδυσχέρκνα
2641 5719 2743 5789 τὴν
2795 5718 2941 5807 ὅφιν,
3007 5721 3102 5772 καὶ
3179 5719 3281 5790 τὴν
3327 5722 3604 5792 προτέραν

354 5827 572 5885 ἃπασαν
634 5823 959 5898 δυσμένειαν
1015 5820 1286 5890 ἐκϐαλὼν,
1328 5819 1575 5894 ήττήθην
1640 5820 1775 5890 πρὸς
1820 5816 1921 5890 τήν
1959 5818 2143 5890 φύσιν.
2187 5820 2294 5874 Καὶ
2331 5820 2392 5873 τό
2426 5833 2493 5889 γε
2546 5816 2642 5873 νῦν
2696 5818 2820 5889 ἕχον
2854 5816 3174 5888 ἐσκεψάμην
3199 5816 3600 5895 φιλανθρώπως
