4056 6480
354 300 462 366 343
1559 308 1806 381 JOANN
1813 311 1887 374 IS
1924 311 2459 381 CANTACUZENI
3524 331 3636 401 3ίᾶ

369 419 638 493 χρῆσθαι,
680 419 777 475 καὶ
810 419 1008 493 μικρίον
1073 419 1302 522 ὕστερον
1329 420 1592 480 ἀπολύειν
1649 424 1760 482 τῶν
1788 427 2028 500 δεσμῶν.
2077 431 2296 505 Ἀφῆκα
2315 435 2362 491 δ’
2400 437 2468 491 ἀν
2493 437 2589 493 καὶ
2615 437 2732 506 νῦν,
2784 439 2834 495 εί
2881 440 2957 514 μή
3000 438 3102 515 τὴν
3143 443 3240 500 ἐπὶ
3284 444 3344 501 τὸ
3389 449 3631 522 χρῆσθαι

348 515 466 580 τοῖς
499 516 826 588 πράγμασιν
870 514 1300 587 ἀπερισκέπτως
1349 517 1503 589 παρά
1556 519 1669 575 τῶν
1726 521 1942 578 πολλῶν
1983 523 2314 584 ὑπώπτευον
2380 534 2627 603 γραφήν.
2663 532 2880 605 Μικρὸν
2939 535 2999 589 δὲ
3029 536 3258 608 ὕστερον
3283 538 3360 605 ὡς
3482 514 3631 616 ’μετ’

348 606 641 674 εύσουλίας
669 610 767 664 καὶ
798 609 1086 682 φροντίδος
1111 609 1258 707 δοκῶ
1316 611 1427 707 ⁸μὲν
1461 613 1644 668 πάντα
1665 703 1687 707 ξ
1707 614 1995 687 πράττειν,
2035 620 2225 692 ἀνήσω
2248 623 2357 679 τῶν
2384 626 2622 696 δεσμῶν.
2657 623 2896 683 Τοιαῦτα
2923 628 3025 699 μὲν
3061 606 3431 699 Παλαιολόγος
3471 606 3630 707 ὀνβα-

350 700 536 765 σιλεὺς
561 703 699 774 πρὸς
729 701 959 774 βασιλέα
984 701 1080 757 τδν
1106 701 1377 775 κηδεστὴν
1434 703 1810 776 ἐπηγγείλατο
1837 710 1930 763 ἐπὶ
1967 711 2027 765 τὸ
2054 710 2320 771 ἀπολύειν
2354 717 2448 773 τὸν
2482 718 2622 776 υίὸν.

1764 801 1993 862 CAPUT
2029 806 2216 866 XLVI.

352 885 757 972 Captae-naeuus
784 887 848 972 de
875 887 987 972 ﬁlio
1038 905 1146 972 non
1201 889 1481 972 cruentato
1511 895 1715 972 gratias
1774 898 1908 972 agit.
1947 898 2164 972 Quanta
2213 905 2271 959 in
2326 903 2688 963 sollicitudine
2740 925 2805 965 ac
2853 925 3079 965 maerore
3134 911 3407 968 amborum
3458 931 3623 972 causa

418 956 1430 1055 {lieritﬂcistﬂulifiAgnontnaiaibimet
1466 956 1780 1036 piofuturus
1805 956 1895 1036 ἕίι,
1950 956 2000 1025 3i
2052 956 2285 1028 magna.
2329 956 2802 1035 insignire;
2843 956 3622 1055 5&5;Zinafa'iiiizaij'ii

420 1026 662 1082 custodia
699 1026 983 1084 llatthams
1012 1030 1271 1086 solvatur.

415 1119 839 1176 Cantacuzenus
869 1120 956 1177 his
993 1122 1283 1192 promissis
1311 1124 1658 1193 laetissimus.
1682 1127 1929 1184 Primum

2112 1135 2576 1207 Καντακουζηνδς
2617 1138 2676 1193 δέ
2717 1139 2746 1192 ὁ
2792 1138 3073 1209 βασιλεὺς,
3120 1140 3314 1214 ἡδιστα
3343 1143 3614 1209 διατεθεὶς

345 1212 572 1282 quidem
610 1214 838 1305 (inquit
868 1215 936 1270 ad
977 1220 1291 1291 generum)
1332 1221 1547 1292 amplas
1604 1223 1705 1279 tibi
1734 1224 1929 1295 gratias

2043 1226 2184 1297 πρὸς
2212 1227 2316 1292 τὰς
2345 1229 2703 1298 ἐπαγγελίας,
2738 1231 2951 1301 ,Πρῶτα
2982 1232 3105 1304 μὲν,
3146 1212 3267 1287 εἷπε
3296 1234 3435 1305 πρὸς
3465 1233 3622 1305 βασι-

345 1321 469 1376 ago,
514 1304 663 1377 quod
707 1322 1028 1378 quanquam
1081 1312 1274 1368 multis
1334 1315 1703 1374 suadentibus
1744 1328 1802 1375 et
1837 1318 1929 1374 im-

2041 1315 2139 1370 λέα
2166 1317 2260 1372 τὸν
2276 1319 2550 1391 γαμσρδν,
2571 1321 2775 1386 πολλὰς
2801 1322 2967 1387 αὑτός
2996 1340 3075 1378 σοι
3102 1304 3621 1397 χάριταςίόμολογῶ,

295 1391 308 1405 ⁸
346 1399 707 1469 pollentibus,
752 1409 815 1455 ut
850 1399 1026 1457 ﬁlium
1057 1417 1245 1460 meum
1277 1408 1457 1462 oculis
1494 1409 1747 1477 orbares,
1778 1418 1836 1467 et
1878 1411 1937 1468 in

344 1490 402 1546 id
445 1492 792 1562 argumentis
827 1493 896 1549 ad
933 1497 1386 1565 persuadendum
1423 1503 1598 1559 ﬁrmis
1627 1505 1935 1571 utentibus,

340 1583 507 1657 395
537 1592 592 1638 tu
624 1585 898 1655 sapientia
936 1598 996 1644 et
1024 1588 1273 1647 bonitate
1328 1602 1418 1649 tua
1451 1596 1602 1652 velut
1634 1612 1736 1669 pro
1756 1600 1936 1655 amico

342 1675 602 1744 plurimis
631 1678 755 1746 ejus
788 1678 1126 1736 adversariis
1164 1690 1218 1737 te
1260 1697 1573 1754 opponens,
1604 1688 1817 1744 salvum
1848 1691 1936 1747 in-

343 1754 1147 1841 columemque'conservaris.
1180 1775 1389 1833 Deinde
1426 1789 1481 1834 et
1513 1780 1660 1837 Deus
1695 1782 1764 1839 de
1792 1785 1935 1842 coelo

343 1858 416 1913 ob
450 1858 594 1914 hanc
622 1862 940 1931 {equitatem
982 1873 1040 1919 et
1072 1869 1581 1927 mansuetudinem
1614 1889 1718 1945 pro
1764 1890 1834 1932 eo
1870 1892 1937 1934 ac

344 1952 583 2007 utereris
623 1961 677 2008 te
727 1956 1202 2024 remunerabitur,
1248 1969 1306 2016 et
1351 1962 1489 2017 mihi
1538 1963 1664 2021 imis
1713 1980 1936 2038 semper

342 2044 601 2101 medullis
654 2046 882 2102 inﬁxum
931 2048 1043 2104 erit
1089 2049 1196 2107 hoc
1245 2050 1599 2110 beneﬁcium.
1661 2056 1932 2128 Equidem

342 2135 489 2191 bello
528 2137 674 2192 inter
706 2154 804 2194 vos
850 2139 1121 2211 gliscente
1155 2143 1343 2199 multis
1378 2147 1629 2215 iactabar
1663 2150 1927 2206 sollicitu-

340 2227 569 2284 dinibus
613 2230 884 2301 quotidie,
935 2241 992 2288 et
1031 2233 1087 2290 in
1125 2234 1480 2295 incommoda
1511 2242 1777 2311 (quaedam
1813 2260 1936 2316 gra-

338 2322 566 2379 vissima
625 2325 946 2381 necessario
1010 2326 1420 2388 devolvendum
1486 2349 1573 2389 me
1644 2336 1932 2394 timebam.

342 2416 479 2473 Nam
509 2419 562 2473 in
591 2419 807 2475 exteris
833 2420 1095 2476 omnibus
1126 2424 1498 2495 utriscunque
1539 2426 1686 2482 inter
1727 2443 1788 2484 se
1833 2445 1936 2499 pu-

344 2511 633 2581 gnantium
694 2512 1000 2581 adhaereas,
1050 2525 1145 2570 aut
1190 2518 1457 2588 gratulari
1501 2519 1688 2587 datur,
1741 2521 1785 2577 si
1850 2522 1933 2577 vi-

343 2603 563 2670 cerint,
613 2613 711 2659 aut
756 2604 1050 2661 infortunii
1102 2623 1226 2665 esse
1282 2613 1630 2683 participem,
1695 2615 1740 2670 si
1799 2613 1931 2671 victi

342 2695 569 2751 fuerint.
605 2698 687 2752 At‘
706 2712 840 2753 vero
868 2700 1032 2773 patri,
1065 2701 1195 2757 ﬁliis
1228 2702 1376 2759 inter
1401 2720 1460 2761 se
1488 2704 1928 2773 decertantibus,

340 2786 565 2842 unicum
607 2789 742 2845 illud
801 2791 1059 2847 solatium
1113 2794 1478 2866 relinquitur,
1530 2797 1576 2852 si
1620 2801 1789 2853 armis
1838 2800 1933 2854 ab-

335 2880 521 2949 iectis,
555 2882 620 2936 ad
648 2898 839 2953 pacem
875 2899 935 2941 se
966 2887 1120 2953 dent,
1153 2896 1209 2943 et
1231 2872 1377 2943 alter
1407 2890 1567 2945 alteri
1598 2891 1737 2947 bene
1773 2892 1933 2947 velit.

338 2971 437 3026 Sin
485 2988 583 3030 eos
630 2976 814 3032 redire
852 2993 1042 3034 secum
1075 2980 1131 3034 in
1166 2981 1400 3050 gratiam
1445 2983 1587 3040 nolle
1628 2983 1832 3049 videat,
1874 2993 1930 3040 et

336 3068 487 3124 ferro
536 3072 729 3140 magis,
776 3088 943 3143 quam
994 3075 1184 3130 verbis
1238 3076 1433 3132 conari
1492 3076 1654 3133 ﬁnire
1700 3090 1928 3133 contro-

335 3163 570 3227 versias,
635 3165 775 3219 nihil
819 3174 904 3221 est
952 3168 1103 3237 quod
1155 3166 1402 3223 dolorem
1453 3179 1509 3224 et
1557 3170 1927 3227 calamitatem

334 3254 456 3324 eius
484 3248 736 3327 mitigare
796 3272 860 3311 ac
900 3257 1089 3314 levare
1130 3269 1318 3329 queat.
1353 3260 1572 3317 Utervis
1606 3263 1752 3317 enim
1792 3262 1931 3318 ﬁlio-

336 3363 459 3401 rum
493 3347 714 3413 vicerit,
765 3363 877 3402 non
931 3356 1145 3403 tantum
1194 3350 1490 3415 recreabit,
1533 3354 1625 3424 qui
1676 3364 1929 3411 servatus

337 3439 530 3503 fuerit,
559 3449 831 3508 quantum
882 3439 1181 3504 cruciabit,
1223 3441 1319 3510 qui
1374 3443 1599 3499 fratrem
1638 3446 1924 3517 jugularit.

333 3529 495 3596 Quod
519 3530 565 3583 si
596 3529 894 3600 contigerit
923 3531 1090 3585 etiam
1131 3532 1325 3587 ambos
1361 3536 1567 3591 mutuis
1601 3537 1929 3596 vulneribus

337 3635 601 3696 oppetere
676 3625 862 3696 (quod
937 3635 993 3681 et
1053 3627 1183 3682 olim
1249 3627 1582 3698 quibusdam
1651 3635 1923 3691 accidisse

333 3717 594 3790 legimus)
623 3718 770 3790 (45),
802 3728 918 3773 tum
942 3735 1076 3775 vero
1107 3728 1292 3776 tantus
1317 3720 1570 3777 hauritur
1596 3741 1825 3794 mceror,
1870 3737 1927 3785 et

334 3817 488 3866 tanta
542 3820 753 3880 patrem
805 3810 992 3866 obruit
1035 3812 1341 3879 calamitas,
1409 3824 1468 3870 ut
1515 3815 1583 3871 ad
1637 3816 1998 3898 immensi-3

333 3912 500 3959 tatem
528 3904 649 3973 ejus
684 3902 951 3959 accedere
977 3903 1116 3959 nihil
1156 3906 1350 3976 possit.
1381 3906 1514 3974 Quae
1543 3909 1759 3981 singula
1789 3910 1923 3966 dum

332 3999 763 4070 contemplarer,
825 3997 1038 4055 turbari
1078 4000 1298 4057 animus
1357 4018 1515 4058 meus
1581 4009 1637 4060 et.
1699 4005 1925 4061 tristitia

329 4092 575 4148 suﬁ‘undi
615 4080 925 4164 coepit;ae
947 4093 1099 4150 velut
1120 4095 1370 4167 jacentes
1399 4108 1455 4154 et
1506 4099 1791 4155 exanimes
1809 4100 1925 4173 jam

330 4186 478 4242 ﬁlios
528 4185 742 4253 ambos,
798 4193 918 4253 aut,
971 4186 1121 4259 quod
1185 4190 1370 4247 minus
1422 4190 1650 4248 crudele
1699 4194 1925 4259 est,'al-

329 4290 511 4338 terum
537 4291 716 4346 certe,
748 4281 916 4337 etiam
952 4291 1250 4355 antequam
1281 4286 1348 4340 ad
1387 4303 1586 4344 manus
1612 4287 1922 4352 veniretur,

327 4373 620 4430 deﬂebam.
655 4374 768 4431 Hoc
792 4377 940 4431 enim
992 4375 1222 4434 credere
1259 4395 1347 4435 me
1379 4379 1634 4452 cogebat,
1675 4381 1822 4451 quod
1854 4379 1925 4435 de

328 4482 464 4539 pace
516 4467 661 4523 inter
710 4484 807 4524 vos
856 4470 1179 4541 neutiquam
1228 4472 1527 4528 convenire
1572 4486 1736 4542 posse
1797 4486 1925 4527 cer-

326 4559 574 4626 nebam;
622 4567 679 4614 et
724 4559 875 4632 quod
915 4560 1199 4617 obstinate
1239 4563 1319 4617 ira
1367 4573 1562 4619 mutua
1604 4561 1922 4628 ferveretis,

327 4653 658 4724 velletisque
703 4653 853 4708 ferro
904 4655 1321 4711 contentionem
1382 4657 1452 4711 de
1500 4655 1736 4723 imperio
1782 4654 1925 4710 diri-

327 4758 504 4798 mere.
544 4742 704 4798 Nuuc
732 4743 864 4814 quia
903 4745 986 4800 sic
1029 4744 1141 4801 Deo
1164 4744 1370 4806 visum,
1412 4752 1467 4800 et
1506 4744 1661 4799 illum
1698 4743 1923 4814 quidem

328 4849 512 4904 pugna
539 4842 733 4891 contra
768 4833 1041 4891 Triballos
1073 4844 1317 4906 captum,
1344 4845 1510 4905 atque
1540 4850 1571 4889 a
1616 4834 1926 4891 victoribus

330 4924 430 4980 tibi
479 4924 740 4980 traditum
790 4924 1024 4996 benigne
1081 4926 1506 4995 bumaniterque
1566 4924 1921 4994 tractavisti,

327 5023 391 5072 et
437 5017 576 5072 nihil
611 5032 717 5088 pro
744 5018 981 5088 pristino
1012 5019 1067 5074 iu
1103 5018 1257 5073 illum
1290 5017 1420 5072 odio
1444 5015 1646 5081 fecisti,
1679 5017 1921 5086 primum

329 5109 577 5203 quidem.
602 5111 671 5166 de
715 5110 1007 5181 utriusque
1055 5111 1234 5166 salute
1275 5108 1511 5165 Numini
1549 5109 1759 5179 gratias
1792 5124 1917 5180 ago,

2039 1406 2124 1463 δτι
2174 1409 2356 1464 καίτοι
2391 1410 2607 1467 πολλῶν
2647 1412 3038 1485 ἐπικειμένων,
3079 1416 3173 1470 καὶ
3205 1415 3624 1489 παραινούντων

2039 1498 2446 1568 ἐκτυφλώττιιν
2491 1500 2583 1555 τὸν
2615 1502 2752 1570 υίὺν,
2801 1504 2894 1559 καὶ
2944 1505 3151 1577 πολλὴν
3194 1523 3319 1562 τινα
3362 1507 3623 1579 ἐχούσαις

2037 1588 2139 1661 τήν
2168 1590 2345 1645 πειθὼ
2394 1591 2702 1664 χρωμένων
2745 1594 3111 1664 ἀποδείξεσιν,
3162 1591 3250 1659 αἷς
3292 1597 3390 1650 καὶ
3439 1596 3626 1650 πάντα

2037 1681 2284 1738 ὁντινοῦν
2314 1682 2383 1739 ἂν
2411 1683 2637 1740 ἔπεισαν
2663 1687 2786 1752 ταῖς
2821 1689 3216 1758 παραινέσεσιν
3247 1686 3429 1743 αὐτῶν
3455 1705 3630 1760 προσ-

2036 1775 2209 1848 έχειν,
2259 1776 2426 1842 αὐτὸς
2475 1777 2758 1852 ἐπιεικείᾳ
2804 1779 2976 1853 πολλῇ
3020 1781 3371 1854 χρησάμενος
3402 1782 3497 1836 καὶ
3528 1782 3628 1836 εύ-

2037 1868 2232 1943 δουλίᾳ
2280 1870 2376 1925 καὶ
2424 1860 2665 1938 συνέσετζ
2738 1871 2880 1927 σῶον
2921 1874 3268 1945 διετήρησας,
3319 1876 3507 1945 ῶσπερ
3555 1874 3627 1929 ἀν

2039 1961 2182 2033 ὑπὲρ
2205 1960 2364 2034 φίλου
2397 1962 2536 2034 πρὸς
2568 1962 2861 2029 πλείστους
2888 1965 3017 2029 τοὺς
3053 1965 3625 2038 ἀντικαθισταμένους

2037 2055 2454 2128 ἀγωνισάμενος
2512 2055 2656 2127 ὑπὲρ
2709 2056 2959 2110 ἐκείνου·
3012 2056 3208 2111 ἔπειτα
3263 2057 3322 2112 δέ
3381 2059 3476 2115 καὶ
3521 2060 3623 2128 τῆς

2037 2149 2343 2214 ἐπιεικείας
2367 2147 2591 2220 ταύτης,
2622 2149 2716 2203 καὶ
2743 2149 2844 2220 τῆς
2870 2151 3210 2223 ἡμερότητος
3233 2151 3366 2216 Θεὸς
3393 2168 3454 2206 τε
3481 2150 3621 2207 ἀνω-

2037 2239 2130 2296 θεν
2163 2241 2462 2313 ἀμείψεται
2512 2240 2695 2310 ἀξίαις
2741 2241 2992 2315 δωρεαῖς,
3041 2243 3138 2297 καὶ
3178 2243 3310 2317 παρ’
3352 2245 3476 2315 ἐμοὶ
3515 2244 3614 2315 τὴν

2035 2335 2199 2407 χάριν
2231 2335 2377 2402 ἔξεις
2423 2335 2775 2406 ἀνάγραπτον
2822 2334 2880 2398 ἐς
2922 2334 3031 2391 ἀεί.
3081 2334 3224 2404 Ἐγὼ
3259 2335 3315 2390 δὲ
3355 2336 3618 2406 πρότερον

2040 2427 2144 2498 μὲν
2173 2426 2340 2498 ἡνίκα
2372 2427 2505 2496 ύμῖν
2532 2428 2561 2480 ὁ
2589 2426 2728 2497 πρὸς
2758 2425 3026 2498 ἀλλήλους
3058 2426 3303 2497 πόλεμος.
3324 2426 3621 2497 ἀνήπτετο,

2041 2519 2267 2582 πολλαῖς
2289 2518 2599 2590 ἐσαλλόμην
2625 2518 2898 2590 ὁσημέραι
2926 2523 3048 2584 ταῖς
3084 2518 3353 2590 φροντίσι,
3383 2520 3479 2573 καὶ
3509 2518 3624 2573 δει-

2042 2615 2153 2676 νοῖς
2219 2628 2363 2666 τισιν
2422 2611 2748 2682 ἀνηκέστοις
2819 2611 3144 2667 ὑπώπτευον
3203 2609 3623 2684 περιπεσεῖσθαι

2039 2702 2362 2772 ἀναγκαίως
2382 2718 2400 2734 ο
2427 2702 2522 2756 ἐπὶ
2550 2702 2661 2774 γάρ
2686 2702 2797 2759 τῶν
2825 2702 3001 2759 ἄλλων
3028 2704 3309 2769 ἀπάντων,
3339 2703 3626 2774 ὁποτέροις

2039 2790 2106 2845 ἂν
2134 2791 2480 2861 πρόσοωνται
2507 2790 2616 2843 τῶν
2664 2790 2803 2861 πρὸς
2843 2792 3113 2865 ἀλλήλους
3150 2793 3551 2864 πολεμούντων,
3584 2793 3619 2864 ἢ

2040 2879 2368 2950 συνήδεσθαι
2415 2880 2741 2951 συμϐαίνει,
2794 2880 2861 2936 ἀν
2908 2883 3162 2948 νικῶσιν,
3207 2883 3241 2955 ἢ
3285 2883 3623 2949 τούναντίον,

2040 2976 2410 3047 συμμετέχειν
2453 2974 2553 3042 τῆς
2585 2976 2991 3047 κακοπραγίας,
3035 2973 3102 3030 ἂν
3153 2975 3429 3046 ἡττῶνται
3458 2991 3472 3009 ⁸
3513 2993 3625 3030 παο

2035 3071 2127 3141 τρὶ
2148 3069 2227 3133 δὲ,
2258 3067 2645 3138 πολεμούντων
2688 3068 2825 3139 πρὸς
2871 3066 3140 3138 ἀλλήλους
3172 3067 3284 3121 τῶν
3321 3067 3476 3135 υἱῶν,
3522 3067 3627 3139 μία

2040 3161 2179 3231 μόνη
2228 3159 2576 3232 παραμυθία,
2620 3158 2680 3214 τδ
2725 3159 3165 3224 καταλύσαντας,
3210 3160 3483 3226 λείπεται,
3526 3160 3625 3214 τὸν

2037 3253 2299 3323 πόλεμον,
2344 3253 2574 3326 είρήνην
2615 3252 2793 3323 ἄγειν,
2832 3255 2927 3308 καὶ
2975 3254 3230 3326 ἀλλήλοις
3260 3254 3487 3307 εὐνοεῖν.
3520 3253 3626 3305 Ἂν

2034 3346 2080 3400 δ’
2114 3344 2446 3417 ἀσυμϐάτως
2489 3344 2714 3417 ἔχοντας
2757 3346 2927 3421 ὁρώῃ,
2986 3348 3083 3402 καὶ
3125 3346 3304 3417 ξίφεσι
3350 3344 3552 3417 μᾶλλον
3585 3344 3622 3417 ἡ

2035 3440 2215 3510 λόγοις
2259 3439 2639 3519 πειρωμένους
2672 3439 2933 3495 ’διαλύειν
2981 3440 3082 3503 τὰς
3129 3437 3415 3507 διαφορὰς,
3463 3436 3625 3491 οὐδέν

2036 3534 2153 3589 ἐστι
2174 3534 2204 3590 δ
2231 3535 2329 3606 τὴν
2363 3534 2542 3607 λύπην
2568 3533 2809 3591 διαλύειν
2836 3533 3041 3589 δύναιτ’
3071 3532 3137 3589 ἀν
3171 3535 3366 3605 ἐκείνῳ
3395 3533 3490 3586 καὶ
3520 3531 3625 3605 τὴν

2037 3628 2353 3699 συμφοράν.
2402 3628 2697 3698 Ὀπὸτερος
2742 3627 2852 3701 γὰρ
2897 3626 2983 3698 ἂν⁸
3012 3625 3187 3700 νικῴη
3222 3627 3332 3680 τῶν
3373 3625 3529 3689 υἱῶν,
3554 3625 3622 3679 οὐ

2034 3720 2292 3776 τοσοῦτον
2341 3721 2611 3792 εὐφρανεῖ
2659 3720 3025 3791 περισωθεὶς,
3078 3720 3204 3774 ὅσον
3257 3719 3473 3774 ἀνιάσει
3526 3717 3624 3774 τὸν

2034 3812 2261 3882 ἀδελφὸν
2290 3812 2629 3877 ἀπεκτονώς.
2660 3813 2759 3868 Ἂν
2786 3813 2845 3867 δέ
2876 3830 3006 3867 ποτε
3047 3812 3289 3885 συμϐαίη
3318 3810 3413 3867 καὶ
3435 3814 3622 3882 ἀμφο-

2029 3907 2227 3975 τέρους
2258 3903 2353 3958 ὑπ’
2384 3903 2634 3974 ἀλλήλων
2685 3907 2874 3958 πεσεῖν
2915 3906 3059 3959 κατὰ
3087 3905 3188 3976 τὴν
3223 3904 3427 3977 μάχην,
3457 3903 3486 3957 δ
3520 3905 3625 3959 καὶ

2028 3997 2299 4070 πρότερον
2334 3998 2466 4051 ποτέ
2505 4014 2653 4051 τισιν
2700 3997 2976 4069 ἀκούομεν
3022 3996 3454 4069 συμϐεϐηκέναι,
3504 3996 3624 4052 οὐδ’

2028 4091 2272 4162 ἀθυμίας
2306 4089 2618 4163 ὑπερϐολὴν
2659 4088 2923 4156 ἐλλείπει,
2969 4088 3093 4144 ούδέ
3141 4088 3427 4160 συμφορᾶς
3458 4087 3622 4141 οὐδε-

2030 4186 2184 4259 μιᾶς.
2220 4185 2288 4239 ’Δ
2316 4186 2494 4240 πάντα
2527 4201 2649 4261 μοι,
2674 4185 2940 4256 πρότερον
2992 4182 3262 4239 ἐννοοῦντι
3304 4182 3396 4235 καὶ
3440 4180 3617 4251 αύτῷ,

2030 4279 2295 4351 σύγχυσις
2323 4277 2474 4347 δεινὴ
2512 4276 2608 4332 καὶ
2643 4274 2855 4345 ἀθυμία
2900 4274 3000 4348 τὴν
3029 4275 3207 4346 ψυχὴν
3242 4275 3482 4345 κατεῖχε,
3516 4275 3620 4327 καὶ

2028 4371 2220 4442 ὥσπερ
2262 4369 2555 4441 κειμένους
2608 4368 2878 4441 ἐθρήνουν
2926 4367 3053 4433 τοὺς
3104 4367 3295 4433 υἱοὺς,
3343 4369 3437 4422 καὶ
3478 4366 3615 4437 πρὶν

2030 4465 2211 4519 ἐλθεῖν
2245 4466 2327 4528 είς
2358 4465 2569 4537 χεῖρας.
2599 4462 2634 4535 ἢ
2674 4462 2736 4516 τό
2763 4479 2825 4529 γε
2863 4460 3254 4533 μετριώτερον,
3279 4461 3370 4516 τὸν
3398 4460 3605 4530 ἕτερον.

2030 4555 2188 4610 Οὕτω
2218 4557 2326 4628 γὰρ
2358 4554 2641 4626 ἠνάγκαζε
2672 4554 2885 4609 πείθειν
2914 4555 2974 4608 τό
3002 4571 3062 4607 τε
3096 4552 3431 4623 ἀσυμϐάτως
3459 4554 3617 4626 ἐχονο

2028 4663 2124 4711 τας
2147 4648 2280 4719 ὁρᾷν
2305 4648 2451 4719 ὑμᾶς
2486 4649 2624 4718 προς
2669 4647 2771 4718 τὴν
2823 4648 3072 4719 εξρήνην,
3113 4650 3207 4701 καὶ
3246 4647 3308 4702 τὸ
3352 4646 3622 4717 καθάπαξ

2025 4735 2165 4808 ὀργῇ
2187 4739 2324 4809 πρὸς
2358 4738 2621 4812 ἀλλήλους
2648 4737 2930 4809 φέρεσθαι,
2961 4739 3054 4792 καὶ
3084 4737 3372 4808 βούλεσθαι
3402 4741 3621 4813 σιδήρῳ

2025 4830 2125 4900 τὴν
2166 4831 2298 4902 περὶ
2329 4830 2430 4900 τῆς
2485 4831 2663 4901 ἀρχῆς
2712 4829 3046 4898 φιλονεικίαν
3082 4830 3343 4886 διαλύειν.
3380 4832 3520 4889 Νυνὶ
3564 4835 3619 4889 δ’

2024 4921 2170 4976 οὕτω
2201 4923 2488 4993 κρίναντος
2515 4922 2608 4976 τοῦ
2637 4920 2814 4986 Θείου,
2850 4921 3107 4976 κάκείνου
3146 4923 3246 4992 μὲν
3268 4925 3327 4978 ἐν
3363 4926 3429 4997 τῇ
3468 4926 3618 4996 πρδς

2024 5014 2333 5085 Τριόαλοὺς
2357 5014 2582 5078 ἁλόντος
2607 5013 2779 5087 μάχῃ,
2807 5012 2904 5068 καὶ
2929 5016 3362 5087 παραδεδομένου
3392 5033 3474 5071 σοι
3499 5019 3623 5077 ὑπὸ

2022 5108 2132 5162 τῶν
2164 5110 2583 5178 κρατησάντων,
2618 5106 2712 5160 σοῦ
2746 5107 2802 5160 δὲ
2844 5107 3065 5180 ἡμέρως
3104 5111 3458 5180 χρησαμένου
3505 5116 3617 5169 καὶ

330 5216 459 5256 cum
486 5195 576 5257 res
605 5212 824 5257 nostras
863 5202 1004 5257 adeo
1049 5204 1353 5258 clementer
1393 5201 1746 5270 temperavit,
1776 5201 1918 5255 mul-

2033 5201 2442 5273 φιλανθρώπως,
2484 5201 2581 5256 καὶ
2616 5201 2772 5255 οὐδὲν
2815 5205 2913 5273 τῆς
2948 5203 3077 5274 πρὶν
3106 5202 3370 5276 δοκούσης
3398 5205 3617 5275 δυσμε-

332 5302 554 5365 tamque
621 5292 1053 5351 sollicitudinem
1089 5302 1146 5349 et
1208 5307 1493 5362 angorem,
1536 5306 1699 5360 quem
1734 5292 1787 5347 in
1820 5307 1920 5362 pe-

330 5393 486 5440 ctore
516 5400 638 5441 meo
668 5400 796 5456 erga
834 5394 1135 5454 utrumque
1153 5382 1331 5454 pietas
1359 5382 1656 5450 excitabat,
1689 5385 1913 5439 exemit.

329 5476 541 5533 Deinde
584 5477 681 5532 tibi
736 5477 1098 5532 nihilominus
1126 5516 1141 5542 ,
1178 5476 1271 5546 qui
1315 5490 1439 5529 cum
1479 5489 1669 5544 posses
1700 5474 1756 5530 in
1786 5491 1913 5531 eum

329 5565 613 5637 puniendo
645 5566 814 5639 896
841 5581 985 5639 aegre
1020 5565 1159 5622 mihi
1183 5564 1363 5622 facere
1383 5563 1644 5632 noluisti;
1685 5580 1787 5621 nec
1811 5566 1915 5622 hoc

2026 5295 2175 5355 νείας
2203 5292 2640 5364 ἐπιδεδειγμένου
2664 5291 2833 5358 ἀξιον,
2860 5295 3054 5362 πρῶτα
3076 5294 3173 5364 μὲν
3196 5295 3292 5363 τῆς
3322 5295 3614 5369 ἑκατέρων

2027 5386 2394 5457 σωτηρίαςτῳ
2410 5385 2699 5456 κρείττονι
2726 5384 2927 5446 “om:
2951 5386 3048 5449 τὰς
3073 5386 3303 5457 χάριτας
3326 5388 3610 5459 ὁμολογῶν

2022 5473 2167 5527 οὕτω
2197 5473 2266 5527 τὰ
2290 5475 2535 5545 ἡμέτερα
2577 5474 2877 5546 διῳκηκότι
2925 5475 3345 5547 φιλανθρώπως,
3378 5480 3473 5532 καὶ
3501 5480 3611 5551 τῆς

2023 5564 2228 5634 πολλῆς
2253 5563 2617 5636 ἀπήλλαγμαι
2656 5566 2937 5637 φροντίδος
2972 5568 3068 5623 καὶ
3118 5566 3357 5641 ἀθυμίας
3382 5567 3484 5641 τῆς
3509 5569 3610 5644 ἐφ’

1576 5657 1796 5721 Jacobi
1827 5659 2094 5723 Pontani
2129 5667 2316 5723 notua.

404 5761 517 5835 (55)
550 5760 821 5834 Polynici,
840 5762 1068 5820 'Eteoeli
1096 5762 1366 5821 fratribus
1386 5765 1531 5838 apud
1561 5765 1902 5839 Euripidem,
1942 5774 1999 5823 et
2029 5766 2268 5825 Statium
2296 5768 2350 5823 in
2382 5766 2685 5825 Thebaide.
