4056 6476
291 348 401 415 345

1455 347 2004 411 HISTORIABUM
2044 347 2282 413 LIBER
2323 349 2422 411 IV.

3450 350 3559 412 346

290 464 575 540 ἑκατέροις
600 463 666 521 ἐκ
687 462 798 517 τῶν
825 461 1106 533 λογισμῶν
1134 460 1499 533 ἐγγινομένης
1523 478 1540 493 ’
1585 461 1779 517 ἔπειτα
1805 460 1864 515 δὶ

1980 459 2261 524 duntaxat,
2290 461 2389 517 sed
2421 468 2476 516 et
2503 460 2549 518 si
2594 460 2726 532 quid
2763 461 3204 531 restattristitite
3227 461 3556 536 (noueuim

299 561 393 615 καὶ
443 558 528 612 σοὶ
575 556 730 613 οὐδὲν
775 548 958 628 ἦττον,
1009 556 1090 609 ὃτι
1151 551 1449 626 δυνάμενος
1483 554 1678 610 λυπεῖν
1702 558 1762 608 ιν
1791 554 1869 623 τῷ

297 654 499 708 ὶκεῐνον
528 649 908 722 τιμωρεῖσθαι,
942 651 1044 703 οὐκ
1074 649 1349 719 ἠθέλησας
1369 666 1385 682 ·
1416 651 1479 703 οὐ
1522 650 1630 718 μὴν
1662 648 1780 703 ἀλλ’
1820 649 1874 704 εί

296 762 349 801 τι
371 744 466 800 καὶ
489 744 589 815 τῆς
615 741 772 806 ἀνίας
796 741 1153 796 ὑπολέλειπτο
1192 740 1274 812 (οὐ
1303 741 1413 812 γὰρ
1449 737 1541 796 οὖν
1563 742 1872 811 ἀρνήσομαι

299 837 394 902 ὡς,
438 836 650 891 ἐκείνου
680 834 991 904 δεδεμένου,
1033 834 1096 889 οὐ
1137 833 1280 888 δοκῶ
1322 833 1532 889 ἐλάττω
1579 833 1872 904 ὑπομένειν

301 931 387 985 διά
423 930 525 1001 τὴν
557 929 907 1000 συμπάθειαν
953 930 1053 999 τήν
1096 928 1237 999 πρὸς
1280 929 1535 993 ἐκεῖνον),
1586 928 1873 1000 ἀνῄρηκας

300 1020 613 1076 παντάπασι
662 1020 802 1086 νυνὶ,
840 1019 1313 1087 ἐπαγγειλάμενος
1356 1019 1582 1089 ἀνήσειν
1628 1019 1738 1071 τῶν
1787 1018 1875 1073 δε-

300 1113 451 1184 σμῶν
485 1113 626 1183 μετά
664 1112 862 1183 μικρόν
888 1126 905 1141 ⁸
955 1111 985 1165 δ
1035 1112 1216 1177 καλῶς
1241 1114 1493 1183 ποιήσεις
1549 1112 1750 1182 ἀληθὲς
1781 1112 1874 1166 ἐπὶ

300 1206 407 1260 τῶν
435 1205 612 1274 ἔργων
634 1203 921 1268 ἀποδείξας
945 1216 962 1234 ο
988 1204 1049 1258 οὐ
1080 1203 1191 1275 γὰρ
1224 1204 1363 1276 πρὸς
1402 1201 1649 1269 εὐδοξίαν
1686 1203 1868 1274 μόνον,

296 1282 435 1352 tua
471 1297 566 1350 καὶ
599 1295 735 1367 πρὸς
778 1295 1079 1363 ἀσφάλειαν
1120 1297 1319 1367 ἄριστα
1362 1297 1546 1367 σαυτῷ
1578 1295 1866 1370 βουλεύσῃ.

313 1386 401 1439 ’Δν
432 1386 531 1455 μὲν
559 1385 667 1453 γὰρ
713 1384 803 1438 διὰ
842 1383 959 1454 βίου
1011 1385 1264 1454 κατέχειν
1299 1387 1359 1440 ἐν
1402 1385 1623 1454 δεσμοῖς
1652 1386 1742 1438 τὸν
1771 1401 1870 1452 γυ-

304 1473 480 1536 ναικὸς
508 1471 740 1542 ἀδελφὸν
769 1471 1053 1545 διανοήσῃ,
1082 1473 1277 1543 ἄδηλον
1318 1472 1417 1542 μὲν
1456 1474 1504 1527 εί
1548 1473 1623 1543 μὴ
1651 1473 1873 1542 διαδρᾶ-

300 1585 387 1620 ναι
417 1564 663 1631 δυνηθεὶς
710 1564 870 1629 αὖθις
916 1565 1258 1637 πολεμήσει’
1309 1565 1631 1636 ἀδηλότερον
1677 1565 1735 1620 δὲ
1773 1565 1872 1635 οὐχ

296 1659 522 1730 ἥκιστα,
549 1660 597 1713 εί
622 1659 697 1730 μὴ
733 1659 826 1714 καὶ
847 1662 1060 1730 νικήσει
1084 1657 1511 1731 πεπολεμηκώς.
1543 1660 1736 1713 Πολλοὶ
1764 1658 1872 1728 γάρ

258 1823 265 1827 ἱ
297 1749 560 1812 πολλάκις
581 1750 645 1802 ὲκ
680 1747 929 1820 μεγάλης
957 1751 1132 1822 ἥττης
1168 1752 1265 1804 καὶ
1313 1750 1701 1822 κακοπραγίας
1743 1752 1874 1805 ἀνα-

298 1840 600 1910 σφήλαντες
631 1816 1012 1912 περιεγένοντο
1040 1842 1148 1897 τῶν
1177 1842 1476 1913 πολεμίων,
1504 1816 1705 1899 έκ-τῶν
1738 1862 1875 1916 προ-
1905 1816 1948 1874 Β

298 1929 473 1999 τέρων
517 1928 883 2000 ἀτυχημάτων
923 1930 1321 2005 δμπειρότερον
1371 1934 1710 2005 χρησάμενοι
1757 1936 1872 2000 τοῖς

310 2022 642 2091 πράγμασιν.
684 2022 746 2075 Εἰ
788 2022 834 2077 δ’
864 2021 973 2092 ἄρα
1008 2040 1092 2077 σοι
1124 2026 1218 2078 καὶ
1262 2024 1421 2079 τοῦτο
1469 2027 1777 2098 περιέσται,
1811 2027 1873 2081 τὸ

313 2114 468 2185 πολλῇ
500 2115 725 2187 προνοίᾳ
757 2116 1089 2187 χρησαμένῳ
1119 2119 1248 2187 περὶ
1298 2118 1398 2187 τὴν
1447 2119 1658 2173 ἐκείνου
1703 2119 1872 2189 φυλα-

303 2207 427 2276 κὴν,
467 2207 717 2278 κατέχειν
771 2209 831 2261 ὲν
887 2207 1154 2277 ἀφύκτοις
1197 2210 1286 2264 διὰ
1337 2210 1477 2279 βίου,
1512 2211 1731 2280 πρῶτον
1772 2210 1873 2281 μὲν

298 2300 524 2364 πολλαῖς
550 2301 635 2354 ἀεὶ
684 2301 902 2355 συνέσει
957 2302 1051 2356 καὶ
1104 2303 1383 2368 ποικίλαις
1439 2307 1559 2367 ταῖς
1597 2306 1870 2375 φροντίσι,

300 2395 393 2449 καὶ
425 2393 659 2467 νύκτωρ,
688 2398 784 2451 καὶ
818 2395 938 2467 μεθ’
973 2397 1195 2469 ἡμέραν
1225 2397 1653 2469 λυμαινομέναις
1677 2401 1763 2453 ἀεὶ⁵
1791 2399 1872 2471 τῷ

298 2490 420 2562 βίῳ,
455 2490 550 2545 καὶ
572 2489 828 2560 οὐδεμίαν
866 2489 1279 2563 συγχωρούςαις
1313 2489 1578 2560 εὐθυμίας
1617 2492 1873 2564 αἴσθησιν

298 2582 617 2654 Μμὸάνειν.
648 2583 724 2638 Οὐ
757 2584 867 2654 γάρ
907 2582 1038 2646 τοὺς
1091 2584 1150 2636 ὲν
1195 2584 1336 2637 τέλει
1375 2584 1669 2653 Ῥωμαίων
1736 2589 1873 2640 ὑπο-

298 2677 521 2731 πτεύειν
557 2678 767 2747 ἀνάγκη
796 2678 956 2748 μόνον
986 2676 1308 2744 ἐπιϐούλους
1342 2674 1504 2743 εἶναι,
1530 2683 1594 2738 άν
1622 2699 1675 2735 τι
1701 2681 1872 2754 τύχῃς

313 2767 437 2839 τρδς
484 2769 678 2833 αὐτοὺς
729 2770 1214 2840 προσκεκρουκὼς,
1269 2771 1405 2827 ἀλλὰ
1456 2776 1554 2827 καὶ
1605 2776 1731 2841 τοὺς
1774 2778 1873 2846 τὴν

298 2861 505 2917 εκείνου
534 2860 781 2932 φυλακὴν
807 2864 1293 2935 πεπιστευμένους,
1327 2865 1574 2929 καὶτοὺς
1604 2866 1872 2923 οἰκειοτά-
1910 2900 1916 2907 -

298 2971 423 3018 τους
447 2953 657 3018 αὐτοὺς,
689 2955 737 3007 εί
773 2949 886 3008 οἷον
913 2971 973 3008 τε
1008 2957 1200 3013 εἰπεῖν.
1236 2957 1379 3027 Πρὸς
1408 2960 1518 3031 γὰρ
1547 2960 1625 3030 τῷ
1656 2963 1873 3034 ρᾳδίους

306 3040 435 3098 εἶναι
467 3044 591 3107 τοὺς
615 3043 940 3115 ἀνθρώπους
977 3047 1111 3115 πρὶς
1156 3048 1486 3117 μεταϐολάς,
1526 3052 1620 3104 καὶ
1659 3053 1873 3124 χαίρειν

1971 556 2209 625 negabo,
2231 569 2297 610 eo
2329 554 2538 620 vincto,
2565 555 2743 612 videri
2769 555 2902 611 mihi
2929 565 3156 626 propter
3182 565 3390 612 natura:
3417 573 3554 611 con-
3602 557 3606 561 ’

1971 662 2193 704 sensum
2235 647 2427 703 eadem
2467 648 2706 718 perpeti,
2737 662 2861 718 quae
2893 647 2986 702 ille
3019 648 3375 718 perpetitur),
3406 655 3461 701 tu
3497 664 3554 704 in

1973 740 2263 808 praesentia
2286 737 2533 791 funditus
2553 737 3076 807 sustulisti.quando
3100 738 3287 807 paucis
3307 738 3503 794 diebus
3523 754 3555 793 e

1972 828 2210 884 vinculis
2254 830 2612 885 dimissurum
2664 829 2957 898 recepisti;
3025 831 3170 900 quod
3227 830 3274 885 si
3332 847 3388 885 re
3438 830 3555 900 ipsa

1972 923 2317 992 praestiteris,
2355 930 2504 979 recte
2544 922 2762 978 feceris.
2793 923 3014 977 Etenim
3060 940 3170 977 non
3211 922 3278 976 ad
3311 923 3555 978 celebri-

1976 1023 2141 1068 tatem
2177 1015 2419 1069 nominis
2457 1025 2695 1078 tantum,
2730 1016 2826 1071 sed
2874 1016 3040 1073 etiam
3082 1017 3150 1073 ad
3194 1019 3556 1074 securitatem

1977 1109 2069 1165 tibi
2105 1110 2310 1179 optime
2340 1111 2615 1166 consules.
2648 1109 2782 1164 Nam
2815 1110 2859 1165 si
2886 1113 3064 1182 quoad
3093 1112 3335 1181 spirabit
3367 1116 3560 1168 uxoris

1975 1212 2082 1258 tuae
2124 1202 2347 1257 fratrem
2400 1203 2652 1258 custodia
2694 1202 3058 1259 detinendum
3110 1208 3399 1268 statueris.
3443 1208 3558 1262 for-

1975 1296 2142 1358 sitzin,
2186 1295 2234 1349 si
2291 1294 2536 1367 eﬂ‘ugere
2585 1297 2828 1359 licuerit,
2874 1296 3079 1351 bellum
3134 1298 3557 1372 redintegrabit.

1973 1387 2111 1442 Illud
2160 1397 2345 1443 autem
2383 1389 2541 1458 longe
2572 1387 3025 1458 incertissimum,
3078 1407 3147 1446 an
3197 1409 3306 1450 non
3351 1395 3548 1460 etiam,

1975 1480 2072 1536 ubi
2123 1480 2449 1552 pugnaverit
2494 1482 2675 1536 victor
2717 1496 2988 1538 evasurus
3035 1484 3129 1539 sit.
3201 1485 3353 1540 Multi
3410 1487 3561 1540 enim

1975 1589 2357 1644 smpenumero
2392 1588 2559 1642 parva
2605 1588 2730 1627 cum
2766 1572 2984 1643 jactura
3025 1591 3122 1631 sua
3163 1576 3318 1639 victi,
3367 1592 3563 1635 rursus

1973 1667 2170 1734 erecti,
2229 1676 2283 1722 et
2347 1667 2626 1738 prmterifa
2697 1666 3008 1723 calamitate
3065 1669 3346 1724 cautiores
3405 1671 3560 1732 facti.

1975 1746 2216 1815 victores
2241 1774 2372 1813 suos
2401 1758 2741 1814 devicerunt.
2768 1758 2924 1827 Quod
2957 1760 3001 1815 si
3037 1760 3196 1816 facile
3228 1760 3562 1831 possisdili-

1977 1851 2127 1924 genti
2175 1850 2528 1919 providentia
2577 1866 2675 1920 per
2707 1865 2927 1905 omnem
2978 1852 3148 1906 vitam
3193 1852 3566 1907 adamantinis

1977 1960 2104 2000 eum
2151 1943 2389 1998 vinculis
2442 1942 2751 2007 custodire,
2797 1942 3037 2013 primum
3080 1944 3303 2013 quidem
3344 1960 3566 2014 semper

1981 2036 2228 2091 molestis
2285 2034 2713 2105 cogitationibus
2758 2033 3115 2099 exercebcre,
3168 2050 3291 2107 qua:
3321 2034 3412 2087 diu
3464 2049 3565 2088 no-

1979 2139 2183 2198 ctuque
2216 2128 2383 2182 vitam
2430 2136 2575 2180 tuam
2613 2135 2956 2195 carpant,et
2998 2141 3217 2180 omnem
3266 2125 3566 2181 hilaritatis

1977 2234 2204 2274 sensum
2234 2219 2550 2274 excludant.
2587 2218 2741 2273 Haud
2777 2217 2926 2271 enim
2972 2217 3148 2270 solum
3185 2217 3560 2271 Romanorum

1977 2324 2272 2380 procerum
2307 2308 2548 2362 insidias
2578 2316 2827 2363 metuere
2869 2306 3167 2377 oportebit,
3206 2307 3251 2361 si
3303 2307 3432 2375 quid
3464 2321 3564 2361 eos

1979 2401 2318 2467 offenderis,
2382 2402 2476 2455 sed
2529 2409 2585 2455 et
2632 2416 2728 2455 eos
2777 2400 2978 2470 quibus
3048 2399 3358 2453 custodiam
3412 2399 3565 2453 illius

1979 2486 2346 2556 commiseris,
2401 2500 2458 2546 ct
2508 2490 2676 2561 ipsos,
2730 2492 2772 2546 si
2821 2490 2927 2545 dici
2972 2490 3056 2545 fas
3095 2498 3198 2553 est,
3246 2489 3563 2545 familiaris-

1979 2588 2171 2642 simos.
2200 2586 2574 2655 Prtelcrquam
2606 2588 2754 2640 enim
2798 2584 2946 2654 quod
2990 2583 3243 2638 homines
3277 2583 3345 2637 ad
3382 2594 3564 2649 muta-

1978 2679 2245 2736 bilitatem
2294 2677 2451 2748 proni
2506 2662 2654 2738 sunt,
2686 2687 2742 2730 et
2773 2677 2938 2732 rebus
2972 2677 3132 2731 novis
3167 2676 3481 2746 capiuntur,
3513 2675 3562 2730 si

1976 2781 2033 2829 et
2077 2771 2426 2826 occasionem
2474 2769 2802 2839 repererint,
2837 2785 2945 2841 qua
2975 2770 3114 2825 male
3144 2768 3212 2823 de
3255 2785 3313 2824 se
3351 2767 3565 2823 meritis

1977 2865 2235 2920 facillime
2289 2879 2388 2933 par
2443 2863 2783 2932 reposituros
2845 2869 3092 2931 sperent,
3149 2861 3323 2932 magis
3369 2875 3563 2914 eorum

1980 2957 2348 3016 inconstantia
2385 2965 2442 3012 ct
2475 2956 2635 3011 dolus
2679 2954 3085 3025 exspectandus
3136 2963 3242 3019 est,
3293 2953 3343 3008 si
3392 2967 3564 3023 prope

1978 3051 2220 3106 habeant
2270 3048 2504 3113 scilicet,
2547 3047 2642 3117 qui
2691 3057 2786 3101 aut
2840 3046 2996 3101 malis
3053 3062 3148 3100 eos
3199 3045 3566 3117 prmsentibus

316 3134 394 3187 ἀεὶ
416 3137 523 3199 τοῖς
566 3139 975 3207 νεωτερισμοῖς,
1017 3136 1084 3191 ἂν
1125 3139 1221 3193 καὶ
1254 3142 1580 3211 προφάσεως
1611 3160 1756 3208 τινος
1785 3145 1875 3198 εὐ-

1982 3145 2200 3215 eripiat,
2260 3150 2357 3197 aut
2434 3140 2595 3196 donis
2647 3154 2744 3194 eos
2813 3154 2878 3193 ac
2945 3139 3231 3193 beneficiis
3294 3139 3561 3194 cumulet.

320 3229 529 3296 παρῶσι,
557 3230 623 3285 δι’
650 3223 721 3303 ἦς
760 3229 828 3285 ἂν
868 3231 1181 3301 ἀμύνασθαι
1209 3235 1384 3305 ῥᾷστα
1414 3237 1540 3299 τοὺς
1567 3235 1873 3310 λελυπηκὸ-

305 3340 400 3388 τας
435 3323 765 3395 δυνήσεσθαι
811 3325 1114 3396 οἰήσονται,
1166 3326 1369 3397 μᾶλλον
1406 3330 1520 3401 χρὴ
1561 3331 1871 3404 προσδοκᾷν

302 3416 691 3486 εὐμεταϐόλους
731 3414 952 3470 ἔσεσθαι
995 3419 1092 3470 καὶ
1137 3417 1353 3489 ῥᾳδίους
1397 3419 1533 3491 πρὸς
1578 3422 1873 3488 ἐπιϐουλὰς

300 3507 522 3579 ιχοντας
568 3508 737 3578 ἐγγὺς
773 3509 868 3563 τὸν
910 3508 944 3570 ἢ
994 3509 1102 3563 τῶν
1150 3511 1438 3581 παρόντων
1489 3514 1871 3581 ἀπαλλάξοντα

299 3600 563 3672 κακῶν,ῆ
608 3599 820 3656 πολλῶν
849 3601 1200 3673 ὲμπλήσοντα
1238 3602 1452 3676 δώρων,
1489 3607 1582 3660 καὶ
1614 3611 1864 3679 μεγάλων

300 3693 598 3758 ἀξιώσοντα
641 3693 750 3746 τῶν
805 3693 1158 3762 εὐεργεσιῶν.
1196 3692 1430 3749 Ἔπειτα
1466 3697 1524 3752 δὲ
1557 3700 1611 3753 εί
1659 3717 1740 3753 σοι
1774 3702 1870 3754 καὶ

303 3785 446 3842 κατὰ
469 3786 568 3859 τὴν
598 3784 817 3857 ἡλικίαν
844 3785 1005 3854 τήνδε
1040 3786 1123 3857 (οὐ
1144 3787 1253 3858 γὰρ
1284 3788 1569 3856 ἀδύνατον,
1599 3792 1872 3867 ἀνθρώπῳ

304 3897 367 3950 γε
396 3878 529 3948 ὄντι)
566 3881 650 3948 ἐφ’
671 3877 814 3933 οὕτω
842 3877 1057 3949 νηπίοις
1091 3881 1333 3950 συμϐαίη
1360 3885 1475 3947 τοῖς
1508 3885 1719 3951 τέκνοις
1741 3888 1877 3941 ἀπο-

312 3972 578 4040 )νήσκειν,
604 3969 758 4032 ἐλπὶς
790 3971 1021 4033 ἐκείνοις
1047 3972 1276 4041 οὐδεμία
1305 3975 1614 4045 εὐπραγίας
1645 3977 1872 4033 ἀπολεί-

314 4082 483 4121 πεται.
523 4065 597 4118 Τὸ
625 4064 725 4136 μὲν
776 4065 885 4134 γὰρ
914 4066 1014 4135 τὴν
1046 4065 1221 4138 ἀρχὴν
1259 4067 1460 4132 αὐτοὺς
1497 4069 1699 4125 ἰθύνειν
1733 4074 1874 4143 μετά

308 4154 401 4226 τῆς
444 4153 649 4225 μητρὸς
679 4154 763 4222 ἐφ’
802 4151 945 4205 οὕτω
995 4154 1257 4225 χαλεποῖς
1289 4158 1522 4226 καιροῖς,
1553 4159 1648 4211 καὶ
1676 4158 1873 4214 δυσκό-

244 4299 251 4303 .
305 4246 435 4311 λοις,
473 4246 566 4300 καὶ
602 4245 921 4299 παντάπασι
949 4243 1371 4319 διεφθαρμένοις
1401 4251 1724 4319 πράγμασιν
1749 4253 1877 4306 ἀδύο

314 4359 481 4395 ιατον.
496 4342 758 4397 Λείπεται
787 4341 844 4396 δὲ
865 4342 898 4412 ἢ
922 4340 1016 4394 τὸν
1038 4341 1449 4413 φρουρούμενον
1470 4345 1678 4398 ἐκεῖνον
1703 4364 1876 4418 προσ-

319 4431 704 4501 ιαλεσαμένους
750 4432 958 4495 πάντας
996 4432 1061 4484 ὲκ
1105 4434 1453 4503 συνθήματος
1479 4435 1754 4505 αἱρεῖσθαι
1786 4435 1877 4506 βα·

1985 3236 2256 3293 Praeterea
2305 3233 2350 3287 si
2405 3241 2458 3287 te
2505 3231 2670 3286 hodie
2727 3229 2917 3285 liberis
2967 3228 3076 3285 tuis
3130 3230 3312 3284 adhuc
3372 3230 3559 3300 parvis

1986 3343 2138 3384 mors
2181 3343 2213 3381 e
2256 3324 2441 3380 medio
2471 3323 2627 3378 tollat
2669 3322 2874 3388 (homo
2913 3316 3060 3376 enim
3103 3332 3267 3378 natus
3306 3338 3431 3377 cum
3460 3322 3562 3388 sis,

1984 3420 2288 3476 humanum
2323 3416 2463 3471 nihil
2497 3432 2526 3470 a
2564 3423 2615 3471 te
2646 3415 2885 3470 alienum
2925 3414 3131 3470 ducere
3168 3415 3397 3485 debes),
3428 3430 3566 3471 cou-

1985 3514 2218 3569 clamata
2242 3521 2325 3565 est
2360 3524 2555 3566 eorum
2588 3508 2848 3563 felicitas.
2882 3507 3017 3563 Nam
3054 3508 3204 3578 ipsos
3230 3524 3354 3562 cum
3390 3518 3565 3563 matre

1984 3590 2296 3677 gubernare
2343 3603 2658 3671 imperium,
2714 3599 3058 3670 temporibus
3102 3600 3238 3654 adeo
3283 3599 3435 3654 duris
3502 3614 3568 3653 ac

1984 3697 2320 3761 difﬁcilibus,
2347 3694 2514 3750 rebus
2545 3693 2770 3748 omnino
2815 3693 3048 3758 eversis,
3092 3692 3433 3762 impossibile
3461 3701 3566 3747 est.

1988 3784 2344 3857 Relinquitur
2366 3801 2518 3855 ergo,
2550 3793 2610 3838 ut
2639 3793 2735 3839 aut
2770 3784 2924 3839 illum
2962 3783 3055 3853 qui
3079 3784 3192 3853 jam
3228 3783 3565 3845 custoditur,

1984 3880 2285 3941 advocetis,
2321 3892 2561 3947 eumque
2591 3877 2837 3932 omnium
2878 3891 3146 3931 consensu
3175 3862 3565 3944 imperatorem

1979 3973 2219 4044 eligatis,
2270 3981 2368 4027 aut
2412 3971 2580 4025 alium
2634 3971 2970 4039 quempiam,
3018 3971 3111 4038 qui
3167 3969 3326 4038 longe
3380 3969 3569 4038 plures

1985 4068 2070 4123 sui
2110 4064 2393 4121 studiosos
2436 4062 2717 4127 habuerit,
2772 4060 3140 4132 solertiorque
3185 4071 3239 4115 et
3285 4061 3350 4115 ad
3400 4062 3571 4131 impe-

1985 4161 2219 4215 randum
2265 4157 2444 4228 aptior
2482 4156 2758 4211 videatur.
2806 4155 2862 4210 Si
2918 4155 3105 4223 itaque
3161 4155 3253 4208 ille
3307 4153 3565 4225 eligatur,

1985 4259 2201 4305 certum
2248 4259 2334 4302 est
2390 4246 2549 4311 mihi,
2602 4243 2965 4300 nihilominus
3037 4244 3475 4306 elaboraturuui.
3510 4253 3570 4299 ut

1985 4345 2142 4401 illum
2188 4340 2350 4399 liberi
2387 4341 2466 4396 tui
2512 4336 2949 4395 inausuetiorem
2990 4337 3368 4408 experiantur,
3403 4350 3565 4406 quam

1987 4439 2080 4494 ille
2123 4447 2174 4493 te
2202 4437 2540 4506 experietur,
2579 4434 2622 4489 si
2655 4434 2901 4489 clausum
2936 4435 2993 4487 in
3037 4445 3262 4485 carcere
3293 4444 3465 4496 usque
3498 4427 3565 4483 ad

318 4523 473 4587 τιλέα,
525 4520 705 4590 ἣτῶν
758 4520 936 4575 ἄλλων
981 4518 1101 4583 ἕνα,
1159 4519 1218 4583 ὃς
1257 4520 1324 4574 ἂν
1378 4522 1616 4590 μάλιστα
1656 4524 1877 4589 πλείους

1990 4538 2220 4583 mortem
2254 4525 2572 4589 retinueris,
2607 4534 2667 4579 ut
2706 4524 2931 4596 gravius
2963 4521 3100 4578 nihil
3133 4512 3327 4576 addas.
3365 4518 3461 4594 Sin
3499 4517 3567 4573 ad

310 4615 460 4685 τχοίη
485 4615 613 4678 τοὺς
645 4613 1015 4678 σπουδαστὰς,
1062 4614 1158 4667 καὶ
1202 4613 1507 4684 δεινότερος
1534 4614 1744 4688 δοκοίη,
1786 4618 1885 4672 καὶ

308 4708 506 4779 μᾶλλον
533 4708 724 4777 ἄρχειν
749 4705 1078 4776 ἐπιτήδειος.
1112 4705 1209 4759 "Av
1241 4708 1340 4777 μὲν
1365 4705 1459 4761 οὖν
1490 4708 1699 4770 ἐκεῖνος
1731 4711 1887 4782 αἱρε-

305 4799 448 4870 θείη.
486 4799 627 4853 δοκῶ
659 4816 748 4869 μοι
785 4799 952 4870 μηδὲν
1012 4792 1198 4871 ἦττον,
1231 4797 1327 4851 καὶ
1371 4797 1534 4863 αὐτὸς
1565 4798 1880 4871 φιλονεική-

307 4908 422 4945 σειν
463 4889 814 4962 ἡμερώτερος
859 4887 1146 4957 φανεϊσθαι
1174 4891 1289 4952 τοῖς
1328 4891 1490 4943 παισὶ
1535 4893 1647 4955 τοῖς
1682 4895 1814 4957 σοῖς,
1847 4891 1880 4961 ἢ

304 4983 464 5045 αὐτὸς
493 4982 689 5051 ἐκείνῳ
717 4980 926 5051 ὤφθης.
960 4978 1133 5033 Τοῦτο
1165 4979 1221 5033 δὲ
1249 4980 1405 5034 οὐδὲν
1440 4981 1631 5053 ἕτερόν
1667 4983 1816 5036 ἐστιν
1847 4982 1880 5054 ἢ

305 5075 367 5126 ιν
416 5072 776 5143 δεσμωτηρίῳ
811 5073 1251 5127 κατακλείσαντα
1286 5075 1544 5146 κατέχειν
1592 5076 1681 5131 διὰ
1738 5075 1880 5147 βίου,

305 5165 399 5221 καὶ
437 5166 603 5235 μηδέν
657 5183 708 5220 τι
761 5164 1067 5235 δεινότερον
1107 5165 1297 5236 ἕτερον
1349 5167 1694 5237 προσθεῖναι.
1739 5169 1802 5222 Εί
1836 5168 1882 5223 δ’

304 5258 392 5327 ἀφ’
426 5257 613 5329 ἕτερόν
637 5275 782 5323 τινα,
813 5259 951 5328 ὅπερ
978 5256 1215 5325 μάλιστα
1239 5260 1576 5330 ἀπεύχομαι,
1606 5260 1884 5332 μετασαῖη

309 5352 345 5421 ή
373 5352 537 5422 ἀρχή,
561 5350 707 5405 ὀκνῶ
740 5352 839 5422 μὲν
863 5353 1042 5405 εἰπεῖν
1069 5351 1164 5406 καὶ
1209 5353 1372 5425 μέχρι
1411 5354 1572 5422 λόγου
1620 5355 1887 5426 δακνόμε-

310 5460 397 5507 νος
422 5447 494 5516 τῇ
517 5444 815 5516 προσδοκίᾳ
836 5445 945 5497 τῶν
976 5443 1168 5498 δεινῶν
1189 5459 1203 5475 ο
1235 5445 1389 5509 ἐλπὶς
1418 5444 1472 5499 δὲ
1502 5447 1730 5517 οὐδεμία
1753 5449 1888 5501 ἀπο-

309 5531 552 5587 λείπεται
585 5533 661 5605 μὴ
689 5535 748 5587 οὐ
784 5535 991 5599 πάντας
1033 5535 1204 5606 ἄρδην
1237 5535 1562 5592 ἀπολέσθαι.
1597 5539 1658 5592 Ei
1680 5537 1726 5590 δ’
1747 5539 1885 5610 ὅπερ

312 5628 469 5692 αὐτὸς
502 5628 683 5682 ἑκοντὶ
721 5629 975 5699 προείλου
1007 5629 1103 5683 νῦν
1140 5630 1234 5683 καὶ
1281 5632 1365 5695 είς
1403 5632 1567 5699 ἔργον
1609 5631 1886 5702 εθελήσεις

309 5721 555 5787 ἀγαγεῖν,
585 5719 784 5791 ἄριστα
808 5720 905 5793 ἔσῃ
943 5719 1128 5792 σαυτῷ
1154 5739 1215 5775 τε
1248 5723 1485 5792 κάκείνῳ
1515 5721 1885 5793 βεὸουλευμέ-

307 5826 415 5876 νος.
457 5810 694 5876 Ἐκεῖνός
718 5829 775 5866 τε
800 5814 908 5889 γάρ
933 5814 1041 5869 τῶν
1071 5813 1290 5884 δεσμῶν
1319 5813 1639 5883 ἀπολυθεὶς,
1676 5815 1765 5871 ἀεί
1796 5832 1882 5871 σοι

1983 4619 2152 4674 alium
2207 4619 2502 4689 quemdam
2551 4617 2729 4688 (quod
2779 4616 2922 4670 Deus
2967 4613 3219 4682 avertat)
3275 4612 3567 4683 imperium

1987 4712 2371 4777 transferatur,
2404 4727 2514 4765 non
2554 4709 2734 4764 audeo
2769 4704 2979 4774 dicere,
3008 4705 3142 4777 quid
3186 4706 3435 4760 futurum
3472 4703 3566 4768 sit,

1982 4815 2038 4860 et
2068 4804 2185 4874 ipsa
2224 4804 2493 4859 malorum
2520 4801 2862 4869 exspectatio
2886 4801 3053 4853 etiam
3084 4812 3277 4853 vocem
3311 4795 3444 4852 mihi
3479 4795 3569 4849 in-

1984 4895 2307 4950 tercludit:
2369 4907 2475 4947 nec
2544 4891 2843 4962 quidquam
2904 4890 3021 4960 spei
3085 4896 3360 4959 superest,
3434 4887 3570 4958 quin

1983 5001 2177 5042 omnes
2224 4984 2559 5040 omnimodis
2603 4998 2923 5054 pereamus:
2991 4983 3063 5038 At
3110 4983 3178 5048 si,
3226 4979 3373 5053 quod
3422 4993 3572 5035 nunc

1984 5082 2130 5136 ultro
2156 5081 2322 5152 {apud
2364 5080 2610 5135 animum
2654 5078 3014 5150 proposuisti,
3062 5078 3226 5134 etiam
3254 5092 3419 5147 Opere
3448 5077 3570 5146 ipso

1981 5175 2207 5245 explere
2237 5175 2496 5237 volueris,
2549 5172 2617 5229 de
2651 5181 2703 5229 te
2735 5173 2855 5244 ipso
2907 5181 3073 5242 atque
3099 5173 3167 5226 de
3196 5171 3288 5226 illo
3312 5171 3571 5240 praeclare

1985 5267 2311 5323 mereberis.
2354 5264 2527 5338 897
2566 5265 2705 5320 Nam
2753 5273 2810 5320 et
2856 5265 2947 5320 ille
2999 5264 3285 5319 absolutus
3334 5263 3575 5319 vinculis

1985 5367 2308 5418 constanter
2353 5373 2418 5414 ac
2463 5368 2731 5429 perpetuo
2767 5357 2861 5412 tibi
2903 5358 2970 5413 de
3026 5356 3295 5413 beneficio
3344 5367 3574 5427 accepto

1984 5451 2189 5523 gratias
2223 5460 2366 5522 aget,
2415 5467 2480 5507 ac
2526 5461 2579 5506 te
2606 5452 2792 5506 vivum
2842 5468 2940 5521 pro
2976 5453 3372 5508 benemcrcnte
3405 5467 3574 5522 agno-

1983 5549 2122 5606 scet,
2160 5539 2433 5612 factisque
2466 5541 2604 5611 ipsis
2626 5542 2793 5612 digno
2823 5543 3010 5596 datum
3041 5559 3164 5597 esse
3192 5529 3574 5597 demonstrare

1981 5634 2306 5702 annitetur;
2340 5642 2462 5705 post
2497 5633 2711 5688 obitum
2741 5650 2872 5688 vero
2907 5643 3082 5699 tuum,
3116 5639 3160 5691 si
3204 5635 3276 5689 ita
3299 5635 3569 5699 evenerit,

1985 5727 2111 5781 filiis
2150 5729 2260 5782 tuis
2297 5727 2404 5783 erit
2436 5729 2643 5794 omnia,
2672 5734 2727 5782 et
2756 5743 3083 5798 quacunque
3112 5728 3322 5782 ratione
3347 5727 3571 5797 poterit,

1983 5826 2178 5874 contra
2218 5817 2474 5881 inimicos
2526 5817 2609 5874 eis
2662 5817 3055 5890 opitulabitur,
3104 5815 3571 5888 conscrvabitque
