4056 6464
427 331 535 396 347
1598 298 1925 410 JoANNts
1962 343 2493 412 CANTACUZENI
3585 364 3697 429 348

428 448 567 520 ipsis
612 447 931 519 imperium,
965 465 1071 522 pro
1108 452 1271 511 amici
1317 457 1569 528 germani
1616 457 1833 527 liberis,
1892 468 2012 517 tan-

2119 462 2283 533 χάριν
2316 464 2525 517 εἵσεται
2580 461 2805 533 βεϐαίαν
2832 465 2934 536 τῆς
2959 462 3337 537 Ϊεύεργεσίας·
3375 469 3473 526 καὶ
3525 471 3695 539 ζῶντί

426 557 592 614 quam
629 556 729 612 pro
758 544 992 599 suismet
1018 544 1352 604 decertans:
1387 559 1443 604 et
1476 559 1532 605 tu
1566 550 1844 622 reliquum
1878 551 2006 609 vita:

426 651 552 692 cum
581 637 934 707 jucunditate
967 640 1177 712 exiges,
1218 657 1330 698 non
1366 643 1544 700 anxiis
1584 652 1796 700 tantum
1851 647 2005 702 curis

425 729 747 799 ueterisque
800 732 1070 787 molestiis
1129 749 1197 788 ex
1260 736 1581 807 suspicione
1651 738 2009 795 nascentibus

425 820 662 886 solutus,
702 821 796 876 sed
832 823 996 877 etiam
1039 824 1248 880 collatae
1316 812 1595 899 insipsum
1648 828 2010 887 humanitatis

425 925 654 981 magnos
685 913 869 969 statim
902 914 1116 971 fructus
1151 917 1486 987 percipiens,
1523 920 1744 991 quando
1781 931 2009 991 propter

426 1000 571 1058 hanc
599 1003 768 1058 animi
813 1005 1159 1062 altitudinem
1208 1024 1403 1065 omnes
1457 1020 1508 1067 te
1555 1012 1921 1072 admiratione
1952 1026 2010 1072 et

428 1092 822 1161 praedicatione
844 1096 1105 1155 allicient.
1147 1099 1260 1156 lloe
1288 1100 1516 1172 insuper
1544 1119 1909 1177 consequere.
1949 1115 2011 1164 ut

426 1198 620 1241 omnes
648 1185 769 1256 ejus
817 1190 1036 1259 cognati
1078 1190 1384 1264 singulares
1427 1194 1525 1250 tibi
1574 1196 1780 1265 gratias
1823 1208 2006 1271 agant,

423 1282 482 1329 et
562 1277 713 1333 velut
793 1279 1073 1336 insolubili
1152 1284 1410 1340 amicitia;
1484 1287 1635 1342 nodo
1711 1304 1838 1344 eum
1909 1291 2008 1348 tibi

424 1364 714 1434 astringes,
783 1376 845 1421 ut
920 1369 1090 1425 totius
1145 1373 1244 1426 arvi
1297 1374 1384 1429 sui
1442 1375 1725 1432 curriculo
1784 1392 2011 1434 necesse

425 1451 647 1520 habeat,
697 1456 833 1512 nihil
870 1460 1016 1530 quod
1065 1461 1133 1516 ad
1184 1462 1511 1535 dignitatem
1552 1475 1607 1520 et
1658 1470 2006 1523 commodum

426 1552 579 1599 tuum
626 1548 921 1617 pertineat,
970 1553 1272 1624 negligere.
1325 1554 1391 1613 Ut
1437 1553 1606 1625 igitur
1635 1557 1855 1613 eximiis
1882 1558 2009 1628 qui-

424 1636 655 1692 busdam
703 1639 865 1696 bonis
902 1645 1339 1715 magnitudinem
1381 1648 1552 1705 animi
1600 1648 2003 1715 declaraturus,

425 1742 495 1783 ne
525 1730 710 1785 verbis
742 1737 1125 1792 tantummodo
1151 1738 1311 1800 velis.
1348 1740 1443 1795 sed
1480 1720 1622 1797 bene
1654 1740 1904 1797 consulta
1933 1739 2001 1795 ad

422 1837 564 1890 opus
601 1824 852 1882 conferre
884 1842 952 1883 ne
986 1833 1349 1899 procrastina.

2108 570 2167 608 τε
2202 553 2525 626 πειράσεται
2547 555 2936 624 εὐγνωμονεῖν,
2960 556 3056 611 καὶ
3090 556 3279 630 ἔργοις
3307 560 3493 627 αὐτοῖς
3521 568 3694 621 ποιεῖν

2108 647 2446 717 καταφανὲς,
2475 648 2554 711 ώς
2613 648 2695 712 είς
2745 645 2895 714 ἄξιον
2924 648 3157 705 κατέθου
3194 652 3295 717 τὰς
3341 654 3714 726 εὐιργεσίας,’

2106 737 2205 791 καὶ
2239 740 2379 808 μετά
2404 739 2685 808 τελευτὴν,
2725 741 2774 793 εί
2823 738 2982 795 τοῦτο
3016 742 3286 819 συμϐαίη,
3312 745 3492 801 πάντα
3539 746 3690 804 ἔσται

2106 833 2220 895 τοῖς
2246 832 2404 887 παισὶ
2434 833 2549 897 τοῖς
2580 835 2716 897 σοῖς,
2743 834 2836 887 καὶ
2857 836 2995 889 πᾶσι
3019 830 3102 900 οἷς
3140 835 3279 907 ἔχει,
3312 836 3379 892 ἄν
3404 855 3554 905 τινες
3574 840 3689 894 ἀδι-

2108 921 2227 975 κεῖν
2251 919 2530 987 ἐθέλωσιν,
2569 922 2955 992 ἐπικουρήσει,
2988 924 3086 977 καὶ
3142 925 3557 997 συνδιατηρήσει
3587 925 3687 998 τὴν

2109 1012 2283 1084 ἀρχὴν
2317 1013 2524 1077 αὐτοῖς,
2567 1014 2644 1078 ὡς
2671 1014 2738 1069 ἂν
2767 1015 2911 1086 ὑπὲρ
2943 1016 3183 1085 οἰκείων,
3229 1017 3323 1072 καὶ
3375 1018 3553 1088 φίλου,
3585 1018 3681 1071 καὶ

2109 1103 2566 1175 γνησίου’παίδων
2598 1105 3021 1176 ἀγωνιζόμενος.
3049 1109 3162 1162 Καὶ
3192 1109 3256 1162 σύ
3279 1109 3371 1163 τὸν
3402 1110 3680 1164 ἐπίλοιπον

2059 1256 2071 1265 _
2109 1194 2306 1265 ἥδιστα
2342 1192 2562 1263 βιώσεις
2591 1192 2728 1264 βίον,
2757 1195 2818 1247 οὐ
2850 1193 2963 1248 τῶν
2990 1196 3289 1265 φροντίδων
3323 1197 3483 1267 μόνον
3509 1178 3686 1266 ἀπηλ-

2108 1283 2403 1356 λαγμένος,
2442 1285 2538 1339 καὶ
2564 1285 2673 1339 τῶν
2702 1285 2878 1340 ἄλλων
2903 1286 3205 1357 δυσχερῶν,
3233 1286 3270 1341 ἃ
3293 1287 3592 1357 ὑπομενεῖς
3622 1287 3694 1339 ὲκ.

2108 1376 2219 1431 τῶν
2249 1376 2538 1445 ὑπονοιῶν,
2571 1377 2708 1431 ἀλλὰ
2744 1378 2839 1431 καὶ
2868 1377 2968 1446 τῆς
3002 1379 3084 1442 είς
3121 1380 3327 1432 ἐκεῖνον
3358 1377 3687 1448 εὐεργεσίας

2113 1468 2357 1540 μεγάλας
2379 1468 2543 1531 εὐθὺς
2571 1467 2957 1538 καρπούμενος
2993 1469 3091 1532 τὰς
3117 1468 3375 1538 ἀμοιϐάς,
3405 1467 3688 1537 εὐφημοῦν

2112 1576 2274 1628 μενος
2306 1558 2413 1613 ὑπὸ
2452 1560 2693 1620 πάντων,
2728 1559 2824 1613 καὶ
2868 1560 2969 1628 τῆς
3009 1558 3421 1630 μεγαλοψυχίας
3469 1559 3692 1626 θαυμα-

2110 1650 2356 1722 ζόμενος.
2413 1650 2561 1718 Πρὸς
2612 1649 2826 1714 τούτοις
2883 1650 2941 1705 δὲ
2987 1651 3085 1705 καὶ
3116 1650 3243 1714 τοὺς
3302 1650 3693 1721 προσήκοντας

2109 1742 2305 1814 ἐκείνῳ
2359 1743 2567 1806 πάντας
2626 1741 2828 1804 πολλάς
2871 1758 2955 1795 σοι
3004 1743 3236 1813 χάριτας
3275 1741 3471 1795 ειδέναι
3512 1755 3695 1808 παρα-

2035 1831 2076 1886 B
2109 1834 2421 1899 σκευάσεις,
2448 1835 2543 1887 καὶ
2567 1832 2763 1903 ῶσπερ
2784 1832 2898 1886 τισὶ
2917 1832 3139 1902 δεσμοῖς
3151 1831 3452 1905 ἀρρήκτοις
3476 1829 3695 1890 εὐνοίας

423 1912 608 1984 δήσεις
630 1931 645 1946 ·
678 1916 769 1988 ὐφ’
797 1913 873 1975 ὧν
898 1921 1410 1995 ἀναγκασθήσονται
1464 1927 1551 1983 διὰ
1611 1927 1729 2000 βίου
1770 1929 1880 1984 τῶν
1928 1930 2009 1994 είς
2044 1928 2315 1992 εὐδοξίαν·
2346 1928 2443 1982 καὶ
2503 1922 2777 1995 ὠφέλειαν
2803 1928 2903 1997 τὴν
2930 1926 3031 1996 σὴν
3052 1925 3301 1994 ἡκόντων
3342 1921 3570 1995 μηδενρς
3594 1939 3696 1975 κα-

424 2011 730 2086 ταμελεῖνη
786 2015 875 2081 Ὠς
948 2014 1044 2073 οὖν
1117 2020 1210 2074 ἐπὶ
1264 2024 1526 2093 μεγάλοις
1566 2025 1795 2094 ἀγαθοῖς
1844 2024 2251 2096 ἐπιδειξόμενος
2298 2023 2399 2095 τὴν
2460 2021 2894 2093 μεγαλοψυχίαν,
2939 2020 3015 2093 μὴ
3070 2021 3236 2092 μέχρι
3284 2020 3460 2089 λόγων
3531 2017 3695 2089 μόνον

426 2102 632 2175 στήσῃς
668 2105 765 2176 τὴν
815 2110 1028 2183 ὁρμήνο
1061 2112 1197 2169 ἀλλὰ
1248 2116 1318 2169 τὰ
1367 2115 1549 2182 καλῶς
1595 2118 1997 2190 βεϐουλευμένα
2033 2118 2245 2189 ταχέως
2271 2117 2529 2188 φανῆναι,
2566 2115 2660 2169 καὶ
2694 2117 2773 2179 είς
2812 2114 2975 2185 ἔργον
3008 2112 3261 2183 ἀγαγών.

1822 2258 2050 2316 CAPUT
2090 2254 2304 2312 XLVII.

424 2336 745 2429 Obtrectatio
772 2344 931 2404 Ziani
1042 2350 1345 2429 Eugenium
1361 2351 1478 2422 jam
1497 2354 1820 2429 monacham
1836 2353 2020 2429 _quasi
2048 2351 2364 2429 imperatori
2392 2365 2537 2429 cum"
2550 2346 2697 2429 aliis.
2723 2342 2936 2429 pararit
2957 2343 3197 2429 insidias
3229 2357 3249 2397 :
3270 2343 3553 2429 .quod'ille
3576 2363 3687 2429 non

497 2413 683 2495 ξζειίὲς.
726 2433 819 2471 nec
846 2422 988 2495 credi
1013 2413 1155 2495 putt:
1190 2413 1665 2495 Ziatti'uertingciat
1696 2425 1751 2476 in
1780 2413 2176 2495 alﬁrntandofl
2186 2428 2451 2495 inperator
2489 2413 2789 2495 Eugenidm
2822 2413 2925 2495 sibi
2950 2413 3494 2495 insidiatamifredit,
3532 2424 3693 2495 atque

499 2480 709 2562 Half/tn
726 2503 817 2538 um
847 2488 979 2562 uelle
1005 2489 1229 2562 liberare
1277 2492 1485 2545 desinit.
1514 2491 1746 2546 Zianum
1776 2480 2033 2546 mendacii
2081 2480 2341 2562 paenitet:
2379 2480 2597 2545 laetatur
2638 2488 2957 2558 imperator.
3000 2483 3146 2549 Quid
3192 2501 3227 2538 α
3267 2482 3524 2540 Matthiae
3557 2480 3693 2540 libe-

499 2553 668 2607 randa
699 2557 1004 2625 postularit.
1039 2558 1171 2631 Ejus
1202 2577 1510 2631 responsant
1541 2564 1900 2616 ambitiosum.

501 2670 625 2726 llaec
671 2672 1084 2734 Cantacuzenus
1108 2680 1173 2734 ad
1212 2680 1570 2753 Pal:eologum
1609 2698 1707 2752 pro
1741 2682 1995 2737 Mattme

426 2776 458 2816 e
483 2777 703 2820 carcere
731 2767 1042 2825 eximendo.
1069 2770 1171 2838 Qui
1205 2782 1261 2828 et
1292 2783 1421 2829 ante
1470 2790 1565 2843 per
1613 2790 1671 2829 se
1723 2774 2002 2840 incitatus,

427 2865 486 2910 et
538 2856 854 2925 lmjusmodi
911 2862 1165 2918 oratione
1222 2866 1394 2934 magis
1447 2865 1823 2933 conﬁrmatus,
1858 2867 2005 2936 quod

426 2949 745 3004 decreverat
772 2966 829 3005 re
859 2956 1120 3021 perlicere
1163 2957 1556 3010 meditabatur.
1581 2957 1805 3011 Interim
1845 2957 2009 3027 quid-

425 3039 553 3095 dam
593 3042 863 3112 ejusmodi
904 3045 1133 3112 accidit,
1166 3051 1311 3113 quod
1338 3048 1522 3117 priora
1548 3049 1778 3103 consilia
1803 3065 2005 3120 prope-

2186 2678 2426 2736 Τοιαῦτα
2461 2679 2560 2749 μὲν
2590 2679 2846 2751 βασιλεὺς
2869 2681 2897 2733 ὁ
2927 2676 3384 2749 Καντακουζηνδς
3417 2677 3556 2748 πρδς
3592 2678 3688 2732 τὸν

2115 2773 2479 2841 Παλαιολόγον
2511 2771 2736 2842 βασιλέα
2758 2770 3035 2842 διειλέχθη
3070 2771 3164 2824 ἐπὶ
3190 2770 3270 2840 τῷ
3293 2771 3574 2825 Ματθαῖον
3598 2769 3699 2840 βα-

2114 2865 2267 2919 σιλέα
2317 2866 2414 2917 τὸν
2443 2862 2706 2934 γυναικδς
2737 2863 2969 2933 ἀδελφὸν
3013 2861 3272 2917 ἀπολύειν
3319 2862 3429 2915 τῶν
3476 2861 3696 2931 δεσμῶν

2113 2958 2475 3030 παρακαλῶν.
2513 2957 2575 3011 ’0
2600 2958 2655 3011 δὲ
2681 2957 2775 3009 καὶ
2803 2959 3070 3029 πρότερον
3098 2956 3431 3027 ὡρμημένος
3454 2954 3694 3022 οἴκοθεν,

2112 3050 2193 3106 ἔτι
2228 3052 2433 3121 μᾶλλον
2467 3050 2819 3124 ἐπερρώσθη,
2851 3051 2949 3104 καὶ
2979 3050 3276 3105 ἐσκέπτετο
3314 3049 3396 3113 είς
3424 3048 3585 3119 ἔργον
3620 3051 3694 3103 τά

426 3132 651 3187 modum
678 3136 992 3191 evertisset.
1038 3139 1242 3194 Zianus
1269 3139 1418 3218 enim
1454 3140 1703 3210 quidam,
1734 3140 2000 3196 Canlacu-

2112 3146 2515 3217 βεϐουλευμένα
2545 3147 2797 3213 ἀγαγεῖν.
2828 3143 3051 3208 Μεταξύ
3080 3142 3136 3196 δέ
3175 3159 3229 3196 τι
3276 3141 3491 3213 συμϐὰν
3518 3141 3698 3196 τοιοῦ-

425 3226 544 3279 zeui
586 3225 843 3291 l'amu'us,
887 3230 955 3284 ad
1005 3229 1306 3298 Eugenium
1343 3231 1747 3301 imperatricem
1790 3235 2003 3301 adiens,

424 3332 544 3370 eam
569 3317 912 3386 hortabatur,
938 3336 1009 3375 ne
1032 3322 1102 3375 ad
1133 3314 1440 3378 libertatém
1474 3323 1585 3380 ﬁlio
1605 3324 2007 3381 conciliandam

427 3407 811 3478 pigritarctur,
865 3427 1003 3467 neve
1056 3413 1405 3484 imperatoris
1455 3416 1641 3486 generi
1710 3417 1874 3472 verba
1939 3415 2006 3471 ad

427 3499 675 3553 fraudem
731 3511 787 3556 et
820 3502 1247 3561 ludiﬁcationem
1272 3506 1577 3576 composita
1596 3517 1816 3562 curaret
1849 3527 1862 3562 ;
1890 3507 2007 3578 ipsa

429 3592 734 3659 perieulum
783 3593 1005 3659 laceret,
1040 3604 1095 3650 et
1127 3598 1335 3653 amicos
1374 3598 1568 3654 eodem
1601 3598 1918 3670 instigaret;
1949 3614 2008 3654 se

428 3682 745 3739 enixissime
782 3685 1122 3756 adjuturum,
1170 3699 1226 3745 ct
1273 3690 1441 3758 idem,
1478 3698 1539 3746 ut
1566 3693 1786 3755 faciant,
1813 3692 2008 3749 amicis

430 3790 846 3844 persuasurum.
877 3780 922 3833 si
968 3782 1271 3849 pauxillum
1330 3783 1577 3852 pecuniae
1632 3783 1737 3838 sibi
1771 3783 2004 3839 dederit.

430 3867 503 3925 Se
551 3869 700 3925 enim
746 3870 790 3927 si
838 3873 1074 3942 cogitata
1126 3875 1181 3928 in
1225 3874 1483 3931 cli‘ectum
1514 3875 1787 3930 deducere
1819 3876 2004 3942 liceat,

428 3975 542 4015 non
600 3962 837 4019 vinculis
896 3964 1059 4019 modo
1104 3966 1255 4020 illum
1318 3976 1728 4037 exempturum,
1780 3968 1878 4023 sed
1936 3967 2005 4022 ad

429 4055 713 4123 pristinam
774 4074 994 4128 quoque
1035 4059 1354 4115 felicitatem
1406 4063 1783 4117 reducturum.
1839 4063 2009 4135 898

429 4145 675 4218 Eugenia
698 4151 1021 4221 impcratrix
1050 4153 1405 4209 vehementer
1431 4155 1737 4227 improbata
1767 4156 2008 4212 hominis

430 4246 692 4311 amentia,
749 4248 841 4318 qui
905 4248 1110 4318 majora
1167 4265 1332 4320 quam
1379 4261 1589 4322 posset,
1630 4252 2006 4322 polliceretur,

428 4352 555 4394 eum
591 4353 660 4394 ne
693 4354 957 4410 responso
979 4342 1202 4410 quidem
1230 4343 1450 4414 dignata
1478 4344 1710 4410 dimisit,
1734 4354 1790 4401 et
1817 4345 2009 4401 admo-

429 4428 571 4493 nuit,
597 4437 658 4483 ut
690 4430 1032 4501 quiesceret;
1065 4432 1201 4486 nihil
1236 4433 1381 4487 enim
1412 4434 1515 4490 hac
1543 4435 1771 4490 audacia
1808 4445 2009 4504 praeter

2112 3255 2227 3304 τον,
2260 3237 2445 3304 ὀλίγου
2497 3237 2611 3321 δέ)
2647 3234 2956 3303 παρέπεισε
3004 3232 3114 3287 τῶν
3146 3232 3434 3303 προτέρων
3457 3231 3700 3303 ἀποσχέ-

2115 3330 2238 3385 σθαι
2271 3329 2680 3399 βουλευμάτων.
2713 3327 2934 3389 Ζειανδς
2966 3325 3075 3396 γάρ
3103 3342 3185 3388 τις
3219 3324 3328 3377 τῶν
3377 3326 3700 3379 Καντακουο

2114 3423 2279 3493 ζηνοῦ
2330 3422 2426 3477 τοῦ
2476 3420 2742 3494 βασιλέως
2774 3420 3023 3482 οἰκετῶν,
3061 3417 3299 3488 Εὐγενίᾳ
3348 3418 3414 3487 τῇ
3457 3415 3699 3487 βασιλίδι

2113 3513 2431 3585 προσελθὼν
2480 3514 2715 3584 παρῄνει
2763 3512 2900 3582 πρὸς
2930 3511 3031 3579 τὴν
3062 3508 3381 3579 ἒλευθερίαν
3430 3505 3526 3561 τοῦ
3579 3508 3699 3562 υίοῦ

2116 3605 2192 3680 μὴ
2246 3606 2573 3662 κατοκνεῖν,
2616 3603 2754 3674 μηδὲ
2808 3604 2920 3665 τοῖς
2983 3598 3252 3670 βασιλέως
3299 3596 3391 3651 τοῦ
3442 3595 3698 3666 γαμϐροῦ

2113 3697 2403 3768 προσέχειν
2451 3697 2633 3762 λόγοις
2696 3692 2836 3765 πρὸς
2897 3692 3115 3761 ἀπάτην
3169 3690 3699 3758 συνεσκευασμένως

2112 3790 2207 3843 καὶ
2241 3788 2603 3858 φενακισμὸν,
2652 3784 2770 3839 ἀλλ’
2806 3785 2975 3853 αὐτήν
3003 3802 3062 3837 τε
3109 3781 3562 3846 διακινδυνεύειν,
3599 3780 3699 3835 καὶ

2112 3884 2240 3943 τοὶς
2262 3879 2447 3947 φίλους
2481 3879 2796 3949 παρορμᾷν.
2829 3876 3002 3929 Αὐτὸν
3038 3873 3097 3928 δὲ
3120 3875 3187 3927 τὰ
3222 3874 3456 3943 μέγιστα
3485 3888 3696 3941 συγκα-

2112 3970 2501 4042 τεργάσεσθαι,
2557 3971 2623 4024 ἂν
2679 3968 2943 4040 χρήματά
2993 3985 3053 4021 τε
3110 3965 3312 4036 μέτρια
3354 3966 3694 4037 παράσχοιτο

2113 4066 2253 4135 αὐτή
2286 4080 2428 4128 τινα,
2456 4063 2551 4116 καὶ
2578 4062 2705 4124 τούς
2733 4061 2923 4130 φίλους
2949 4059 3159 4113 πείσειε
3198 4056 3572 4126 συναίρεσθαι.
3598 4060 3697 4112 Am

2112 4156 2375 4227 νήσεσθαι
2429 4155 2539 4226 γὰρ
2569 4153 2734 4208 αὐτὸν
2769 4152 2829 4207 οὐ
2878 4152 2987 4205 τῶν
3030 4151 3246 4221 δεσμῶν
3281 4151 3493 4204 ἐκεῖνον
3532 4148 3699 4219 μόνον

2113 4247 2507 4314 ἀπαλλάττειν,
2539 4247 2679 4300 ἀλλά
2715 4246 2809 4300 καὶ
2844 4245 2982 4316 πρὸς
3006 4244 3106 4315 τὴν
3137 4244 3374 4315 ἀρχαίαν
3396 4240 3694 4312 εὐετηρίαν

2114 4339 2435 4407 ἐπανάγειν,
2468 4339 2520 4391 εί
2550 4338 2619 4391 τὰ
2672 4334 3081 4407 βεϐουλευμένα
3106 4335 3187 4396 είς
3230 4333 3394 4403 ἔργον
3436 4330 3689 4401 δυνηθείη

2115 4432 2368 4499 ἀγαγεῖν.
2399 4428 2632 4496 Εὐγενία
2664 4428 2721 4483 δὲ
2771 4428 2804 4498 ἡ
2846 4426 3079 4498 βασιλὶς,
3115 4426 3317 4495 πολλὴν
3349 4425 3556 4478 ἐκείνου
3586 4439 3692 4475 κα-

431 4521 707 4575 cruciatus
745 4520 851 4577 sibi
880 4521 1302 4592 acquisiturum.
1333 4525 1403 4580 At
1463 4526 1556 4581 ille
1589 4527 2012 4581 vecordissimus

2116 4521 2391 4588 ταγνοῦσα
2420 4521 2627 4587 ἄνοιαν,
2659 4520 2736 4584 ὡς
2792 4518 2964 4589 μείζω
2998 4519 3031 4588 ἦ
3065 4518 3208 4573 κατά
3246 4515 3347 4587 τὴν
3382 4517 3693 4587 προσοῦσαν

430 4618 487 4666 et
530 4612 647 4683 ipse
689 4612 756 4668 ad
808 4598 1089 4684 negotium
1139 4616 1373 4671 stultum
1434 4618 1711 4686 prosiluit,
1766 4627 1825 4673 et
1873 4617 2011 4673 alios

429 4704 591 4775 longe
639 4719 699 4761 se
747 4706 1005 4762 meliores
1062 4707 1259 4763 eodem
1310 4708 1554 4778 pellexit,
1598 4718 1661 4764 ut
1712 4708 1769 4763 in
1816 4724 2051 4783 magna.

430 4798 578 4868 apud
628 4798 945 4855 Matthzeum
982 4799 1314 4855 auctoritate
1341 4799 1579 4866 futuros,
1621 4800 1666 4855 si
1698 4801 1819 4871 ejus
1846 4816 2012 4856 causa

430 4891 739 4961 suscepisse
771 4892 896 4947 talia
927 4891 1263 4946 viderentur.
1291 4890 1560 4948 Convenit
1593 4892 1763 4963 igitur
1787 4932 1803 4957 ,
1829 4900 1893 4948 ut
1921 4908 2013 4947 ca-

432 4992 585 5053 ptato
609 4992 873 5053 ten‘tpore,
902 4999 1011 5052 quo
1042 4994 1195 5040 extra
1218 4983 1539 5055 Byzantium
1575 4984 1872 5054 imperator
1894 5000 2016 5040 ver-
2051 4986 2056 5003 ‘

432 5082 673 5139 saretur,
723 5074 826 5143 ipsi
856 5076 1028 5147 parati
1067 5076 1123 5130 in
1176 5074 1432 5130 custodes
1484 5074 1669 5145 palatii
1718 5075 2014 5147 derepente

433 5165 714 5222 irruerent
745 5184 758 5221 :
790 5168 995 5237 quibus
1049 5176 1106 5221 et
1133 5166 1257 5222 aliis
1279 5167 1535 5222 omnibus
1575 5168 2015 5238 expulsis,:eque

432 5259 690 5315 custodes
723 5269 969 5331 agerent,
1010 5261 1478 5332 adversantesque
1524 5263 1878 5333 repellerent,
1912 5264 2016 5318 im-

433 5351 709 5421 peratoris
733 5361 944 5407 tantum
975 5352 1117 5408 ﬁlios
1149 5362 1205 5409 et
1235 5368 1459 5408 uxorem
1487 5355 1637 5409 intus
1692 5355 2012 5411 retinentes.

434 5440 493 5498 Si
519 5442 813 5513 imperator
857 5458 953 5500 eos
1006 5445 1416 5515 aggrederetur,
1446 5455 1504 5502 et
1550 5446 1889 5502 deditionem
1924 5463 2021 5518 po-

435 5536 697 5600 stularet,
729 5544 842 5589 tum
872 5535 1248 5603 juramentum
1294 5536 1363 5592 ab
1392 5552 1461 5593 eo
1498 5548 1770 5610 peterent,
1811 5538 2020 5593 facino-

435 5630 515 5685 ris
543 5628 710 5700 hujus
734 5642 925 5698 pmnas
969 5643 1076 5682 non
1113 5638 1436 5685 exacturum
1462 5668 1478 5695 ,
1523 5639 1578 5685 et
1621 5630 1906 5700 pecuniam
1938 5629 2022 5684 in-

435 5733 604 5789 super
650 5726 1094 5783 numeraturum,
1156 5717 1614 5788 Mattlueutnque,
1667 5716 1852 5770 uxoris
1907 5731 2020 5770 sua:

437 5825 759 5883 germanum
809 5824 1029 5868 carcere
1080 5810 1429 5879 levaturum,
1501 5821 1559 5867 et
1613 5809 2017 5880 Adrianopolis,

2114 4612 2588 4683 ἐπαγγελλομένου
2629 4611 2883 4682 δύναμιν,
2928 4610 3229 4680 ἀπέπεμπέ
3264 4627 3322 4664 τε
3377 4611 3503 4665 οὐδὲ
3531 4609 3699 4677 λόγου

2113 4703 2416 4767 ἀξιώσασα,
2449 4703 2545 4757 καὶ
2604 4702 2842 4771 παρῄνει
2870 4701 3104 4769 ἠρεμεῖν
3157 4700 3235 4765 ώς
3283 4700 3440 4753 οὐδὲν
3470 4701 3632 4754 πλέον
3660 4699 3698 4771 ἢ

2117 4796 2329 4852 πολλῶν
2360 4795 2538 4866 ἑαυτῷ
2575 4793 2824 4864 βασάνων
2867 4791 3041 4844 αἰτίου
3073 4785 3335 4861 ὲᾶομένου
3364 4789 3462 4844 τοῦ
3494 4791 3704 4863 τολμή-

2116 4907 2307 4961 ματος.
2344 4889 2405 4944 Ὀ
2441 4888 2497 4942 δὲ
2537 4888 2642 4940 ὐπὸ
2689 4882 2895 4953 πολλῆς
2958 4882 3352 4952 παραπληξίας
3409 4881 3573 4943 αὐτός
3636 4899 3702 4936 τε

2114 4980 2341 5050 ὥρμητο
2373 4978 2468 5031 ἐπὶ
2496 4976 2724 5048 πράξεις
2748 4975 3031 5043 ἀνοήτους,
3065 4975 3159 5027 καὶ
3188 4975 3385 5036 ἄλλους
3415 4973 3703 5044 ἐπεχείρει

2115 5071 2324 5125 πείθειν
2352 5067 2535 5137 πολλῷ
2570 5066 2815 5137 βελτίους
2844 5064 3041 5119 ἑαυτοῦ
3069 5105 3084 5129 ,
3110 5063 3186 5126 ὡς
3222 5063 3434 5133 μεγάλα
3466 5062 3707 5133 δυνησο-

2120 5160 2315 5232 μένους
2338 5159 2490 5228 παρὰ
2512 5155 2776 5227 Ματθαίῳ
2803 5154 3037 5226 βασιλεῖ,
3062 5155 3112 5207 εί
3139 5154 3364 5208 τοιαῦτα
3387 5153 3530 5223 ὑπὲρ
3555 5152 3708 5206 ὲκεί-

2117 5271 2211 5308 νου
2261 5252 2597 5325 πράττοντες
2627 5249 2865 5320 ὀφθεῖεν,
2901 5249 3136 5319 Γνώμην
3185 5247 3244 5301 δὲ
3284 5248 3449 5310 αὐτὸς
3472 5247 3706 5318 εἰσῆγεν

2116 5344 2191 5408 ώς
2222 5344 2417 5414 καιρὸν
2452 5343 2895 5414 ὲπιτηρήσαντας
2950 5339 3114 5410 ἡνίκα
3162 5337 3228 5391 ἂν
3259 5336 3365 5404 ἔξω
3401 5336 3708 5423 Βυζαντίου

2117 5436 2388 5507 διατρίϐοι
2422 5434 2693 5506 βασιλεὺς,
2723 5435 2923 5497 αὐτοὺς
2955 5431 3558 5502 παρασκευασαμένους
3585 5430 3713 5497 τοῖς

2119 5531 2177 5584 ἢν
2213 5528 2504 5599 βασιλείοις
2535 5524 2876 5580 ἐπιτίθεσθαι
2913 5526 3176 5595 φρουροῖς
3213 5523 3345 5593 πρὶν
3371 5521 3663 5576 αίσθέσθαι
3686 5539 3707 5556 ο

2121 5618 2485 5686 ἐξελάσαντας
2519 5617 2577 5670 δὲ
2606 5615 2805 5679 αὐτούς
2829 5633 2913 5681 τε,
2940 5616 3034 5668 καὶ
3064 5616 3192 5678 τοὺς
3226 5613 3421 5676 ἄλλους
3449 5616 3713 5683 ἅπαντας

2120 5711 2344 5784 ὁμοίως,
2369 5710 2565 5774 αὐτοὺς
2588 5707 2649 5763 τὸ
2673 5706 2936 5780 φρούριον
2957 5704 3234 5775 κατέχειν,
3264 5705 3360 5759 καὶ
3388 5703 3717 5775 ἀμύνεσθαι

2125 5803 2249 5869 τοὺς
2310 5799 2580 5869 ἐπιόντας,
2618 5800 2742 5866 τοὺς
2790 5798 2987 5863 παῖδας
3044 5797 3315 5869 βασιλέως
3349 5796 3511 5869 μόνον
3543 5794 3709 5854 ἔνδον

4006 3893 4023 3927 ι

4002 3968 4019 4021 i‘

4004 4076 4017 4114 Ι

4002 4166 4019 4207 ἓ

4002 4246 4021 4303 ἓ

4003 4356 4024 4397 ξ

4005 4432 4021 4485 i

4006 4542 4021 4579 ι

4006 4623 4024 4675 i

4006 4724 4023 4765 I

4008 4819 4020 4855 ι
