  <div class='ocr_page' id='page_1' title='image "/cluster/home/n/w/nwhite01/storage/ocr_20150623/154:no.2/coo.31924054870591/182.png"; bbox 0 0 4056 6476; ppageno 0'>
   <div class='ocr_carea' id='block_1_1' title="bbox 252 357 356 424">
    <p class='ocr_par' dir='ltr' id='par_1_1' title="bbox 252 357 356 424">
     <span class='ocr_line' id='line_1_1' title="bbox 252 357 356 424; baseline 0 -1"><span class='ocrx_word' id='word_1_1' title='bbox 252 357 356 424; x_wconf 73' lang='lat' dir='ltr'><strong>3i9</strong></span> 
     </span>
    </p>
   </div>
   <div class='ocr_carea' id='block_1_2' title="bbox 1409 347 2364 427">
    <p class='ocr_par' dir='ltr' id='par_1_2' title="bbox 1409 347 2364 427">
     <span class='ocr_line' id='line_1_2' title="bbox 1409 347 2364 427; baseline -0.001 -14"><span class='ocrx_word' id='word_1_2' title='bbox 1409 347 1955 413; x_wconf 65' lang='lat' dir='ltr'><strong>HISTORIARUM</strong></span> <span class='ocrx_word' id='word_1_3' title='bbox 1998 348 2225 427; x_wconf 79' lang='lat' dir='ltr'><strong>LIBER</strong></span> <span class='ocrx_word' id='word_1_4' title='bbox 2263 347 2364 412; x_wconf 83' lang='lat' dir='ltr'><strong>1V.</strong></span> 
     </span>
    </p>
   </div>
   <div class='ocr_carea' id='block_1_3' title="bbox 3400 342 3508 409">
    <p class='ocr_par' dir='ltr' id='par_1_3' title="bbox 3400 342 3508 409">
     <span class='ocr_line' id='line_1_3' title="bbox 3400 342 3508 409; baseline -0.019 0"><span class='ocrx_word' id='word_1_5' title='bbox 3400 342 3508 409; x_wconf 83' lang='lat'><strong>350</strong></span> 
     </span>
    </p>
   </div>
   <div class='ocr_carea' id='block_1_4' title="bbox 249 454 1844 543">
    <p class='ocr_par' dir='ltr' id='par_1_4' title="bbox 249 462 1822 543">
     <span class='ocr_line' id='line_1_4' title="bbox 249 462 1822 543; baseline -0.009 -16"><span class='ocrx_word' id='word_1_6' title='bbox 249 474 347 527; x_wconf 74' lang='grc' dir='ltr'>καὶ</span> <span class='ocrx_word' id='word_1_7' title='bbox 382 470 620 543; x_wconf 73' lang='grc' dir='ltr'>γαμετὴν</span> <span class='ocrx_word' id='word_1_8' title='bbox 644 469 744 542; x_wconf 75' lang='grc' dir='ltr'>τὴν</span> <span class='ocrx_word' id='word_1_9' title='bbox 786 466 1030 541; x_wconf 75' lang='grc' dir='ltr'><strong>βασιλίδα</strong></span> <span class='ocrx_word' id='word_1_10' title='bbox 1062 463 1462 536; x_wconf 65' lang='grc' dir='ltr'><strong>κατασχόντας.</strong></span> <span class='ocrx_word' id='word_1_11' title='bbox 1489 463 1589 517; x_wconf 74' lang='grc' dir='ltr'>Ἂν</span> <span class='ocrx_word' id='word_1_12' title='bbox 1615 463 1662 516; x_wconf 82' lang='grc' dir='ltr'>δ’</span> <span class='ocrx_word' id='word_1_13' title='bbox 1693 462 1822 534; x_wconf 78' lang='grc' dir='ltr'>ἐπίῃ</span> 
     </span>
    </p>
   </div>
   <div class='ocr_carea' id='block_1_5' title="bbox 1948 454 3508 543">
    <p class='ocr_par' dir='ltr' id='par_1_5' title="bbox 1948 454 3508 532">
     <span class='ocr_line' id='line_1_5' title="bbox 1948 454 3508 532; baseline -0.006 -16"><span class='ocrx_word' id='word_1_14' title='bbox 1948 462 2399 532; x_wconf 91' lang='lat' dir='ltr'><strong>Initimorumque</strong></span> <span class='ocrx_word' id='word_1_15' title='bbox 2442 458 2832 529; x_wconf 86' lang='lat' dir='ltr'><strong>oppidulorutn</strong></span> <span class='ocrx_word' id='word_1_16' title='bbox 2880 456 3247 527; x_wconf 91' lang='lat' dir='ltr'><strong>principatum</strong></span> <span class='ocrx_word' id='word_1_17' title='bbox 3282 454 3334 510; x_wconf 85' lang='lat' dir='ltr'><strong>ei</strong></span> <span class='ocrx_word' id='word_1_18' title='bbox 3365 470 3508 509; x_wconf 86' lang='lat' dir='ltr'><strong>con-</strong></span> 
     </span>
    </p>
   </div>
   <div class='ocr_carea' id='block_1_6' title="bbox 248 555 1821 635">
    <p class='ocr_par' dir='ltr' id='par_1_6' title="bbox 248 555 1821 635">
     <span class='ocr_line' id='line_1_6' title="bbox 248 555 1821 635; baseline -0.007 -19"><span class='ocrx_word' id='word_1_19' title='bbox 248 564 505 635; x_wconf 72' lang='grc' dir='ltr'>βασιλεὺς</span> <span class='ocrx_word' id='word_1_20' title='bbox 541 563 752 624; x_wconf 88' lang='grc' dir='ltr'>αὑτοῖς,</span> <span class='ocrx_word' id='word_1_21' title='bbox 799 561 896 614; x_wconf 73' lang='grc' dir='ltr'><strong>καὶ</strong></span> <span class='ocrx_word' id='word_1_22' title='bbox 953 557 1157 630; x_wconf 79' lang='grc' dir='ltr'><strong>κελεύῃ</strong></span> <span class='ocrx_word' id='word_1_23' title='bbox 1220 557 1587 627; x_wconf 86' lang='grc' dir='ltr'>προσχωρεῖν.</span> <span class='ocrx_word' id='word_1_24' title='bbox 1621 555 1821 625; x_wconf 85' lang='grc' dir='ltr'>ὅρκους</span> 
     </span>
    </p>
   </div>
   <div class='ocr_carea' id='block_1_7' title="bbox 245 645 1818 722">
    <p class='ocr_par' dir='ltr' id='par_1_7' title="bbox 245 645 1818 722">
     <span class='ocr_line' id='line_1_7' title="bbox 245 645 1818 722; baseline -0.011 -8"><span class='ocrx_word' id='word_1_25' title='bbox 245 657 500 714; x_wconf 67' lang='grc' dir='ltr'>ἀπαιτεῖν</span> <span class='ocrx_word' id='word_1_26' title='bbox 530 653 714 721; x_wconf 75' lang='grc' dir='ltr'>αὑτὸν,</span> <span class='ocrx_word' id='word_1_27' title='bbox 743 647 779 722; x_wconf 77' lang='grc' dir='ltr'>ἦ</span> <span class='ocrx_word' id='word_1_28' title='bbox 815 649 920 721; x_wconf 79' lang='grc' dir='ltr'>μὴν</span> <span class='ocrx_word' id='word_1_29' title='bbox 948 648 1146 713; x_wconf 88' lang='grc' dir='ltr'>αὑτούς</span> <span class='ocrx_word' id='word_1_30' title='bbox 1178 666 1238 702; x_wconf 91' lang='grc' dir='ltr'>τε</span> <span class='ocrx_word' id='word_1_31' title='bbox 1270 649 1346 716; x_wconf 77' lang='grc' dir='ltr'>μὴ</span> <span class='ocrx_word' id='word_1_32' title='bbox 1379 646 1690 717; x_wconf 78' lang='grc' dir='ltr'>ἀμύνασθαι</span> <span class='ocrx_word' id='word_1_33' title='bbox 1719 645 1818 714; x_wconf 79' lang='grc' dir='ltr'><strong>τῆς</strong></span> 
     </span>
    </p>
   </div>
   <div class='ocr_carea' id='block_1_8' title="bbox 243 739 1817 818">
    <p class='ocr_par' dir='ltr' id='par_1_8' title="bbox 243 739 1817 818">
     <span class='ocr_line' id='line_1_8' title="bbox 243 739 1817 818; baseline -0.01 -14"><span class='ocrx_word' id='word_1_34' title='bbox 243 750 454 818; x_wconf 79' lang='grc' dir='ltr'><strong>τόλμης</strong></span> <span class='ocrx_word' id='word_1_35' title='bbox 481 745 666 814; x_wconf 77' lang='grc' dir='ltr'>ἕνεκα,</span> <span class='ocrx_word' id='word_1_36' title='bbox 720 742 836 796; x_wconf 85' lang='grc' dir='ltr'>ἀλλ’</span> <span class='ocrx_word' id='word_1_37' title='bbox 866 742 1097 804; x_wconf 84' lang='grc' dir='ltr'>ἀπαθεῖς</span> <span class='ocrx_word' id='word_1_38' title='bbox 1143 739 1328 794; x_wconf 82' lang='grc' dir='ltr'>κακῶν</span> <span class='ocrx_word' id='word_1_39' title='bbox 1383 739 1684 808; x_wconf 79' lang='grc' dir='ltr'><strong>διατηρεῖν,</strong></span> <span class='ocrx_word' id='word_1_40' title='bbox 1719 739 1817 789; x_wconf 75' lang='grc' dir='ltr'>καὶ</span> 
     </span>
    </p>
   </div>
   <div class='ocr_carea' id='block_1_9' title="bbox 245 827 1820 913">
    <p class='ocr_par' dir='ltr' id='par_1_9' title="bbox 245 827 1820 913">
     <span class='ocr_line' id='line_1_9' title="bbox 245 827 1820 913; baseline -0.011 -16"><span class='ocrx_word' id='word_1_41' title='bbox 245 843 473 913; x_wconf 77' lang='grc' dir='ltr'><strong>προσέτι</strong></span> <span class='ocrx_word' id='word_1_42' title='bbox 513 839 774 908; x_wconf 81' lang='grc' dir='ltr'>χρήματα</span> <span class='ocrx_word' id='word_1_43' title='bbox 823 834 1106 904; x_wconf 81' lang='grc' dir='ltr'>παρέχειν.</span> <span class='ocrx_word' id='word_1_44' title='bbox 1144 833 1240 887; x_wconf 69' lang='grc' dir='ltr'><strong>καὶ</strong></span> <span class='ocrx_word' id='word_1_45' title='bbox 1279 831 1558 886; x_wconf 82' lang='grc' dir='ltr'>Ματθαῖον</span> <span class='ocrx_word' id='word_1_46' title='bbox 1593 827 1820 898; x_wconf 80' lang='grc' dir='ltr'>βασιλέα</span> 
     </span>
    </p>
   </div>
   <div class='ocr_carea' id='block_1_10' title="bbox 244 921 1821 1002">
    <p class='ocr_par' dir='ltr' id='par_1_10' title="bbox 244 921 1821 1002">
     <span class='ocr_line' id='line_1_10' title="bbox 244 921 1821 1002; baseline -0.011 -13"><span class='ocrx_word' id='word_1_47' title='bbox 244 934 338 988; x_wconf 77' lang='grc' dir='ltr'>τὸν</span> <span class='ocrx_word' id='word_1_48' title='bbox 367 930 625 1002; x_wconf 74' lang='grc' dir='ltr'>γυναικὸς</span> <span class='ocrx_word' id='word_1_49' title='bbox 649 927 874 997; x_wconf 75' lang='grc' dir='ltr'>ἀδελφὸν</span> <span class='ocrx_word' id='word_1_50' title='bbox 905 925 1125 994; x_wconf 54' lang='grc' dir='ltr'>ἀφιέναι</span> <span class='ocrx_word' id='word_1_51' title='bbox 1163 924 1258 977; x_wconf 81' lang='grc' dir='ltr'><strong>τοῦ</strong></span> <span class='ocrx_word' id='word_1_52' title='bbox 1291 921 1693 993; x_wconf 77' lang='grc' dir='ltr'><strong>δεσμωτηρίου,</strong></span> <span class='ocrx_word' id='word_1_53' title='bbox 1724 921 1821 973; x_wconf 73' lang='grc' dir='ltr'>καὶ</span> 
     </span>
    </p>
   </div>
   <div class='ocr_carea' id='block_1_11' title="bbox 243 1009 1819 1097">
    <p class='ocr_par' dir='ltr' id='par_1_11' title="bbox 243 1009 1819 1097">
     <span class='ocr_line' id='line_1_11' title="bbox 243 1009 1819 1097; baseline -0.011 -18"><span class='ocrx_word' id='word_1_54' title='bbox 243 1028 348 1097; x_wconf 79' lang='grc' dir='ltr'>τῆς</span> <span class='ocrx_word' id='word_1_55' title='bbox 374 1025 577 1086; x_wconf 87' lang='grc' dir='ltr'>πόλεως</span> <span class='ocrx_word' id='word_1_56' title='bbox 592 1020 894 1092; x_wconf 81' lang='grc' dir='ltr'>Ἀδριανοῦ,</span> <span class='ocrx_word' id='word_1_57' title='bbox 918 1019 1010 1070; x_wconf 81' lang='grc' dir='ltr'>καὶ</span> <span class='ocrx_word' id='word_1_58' title='bbox 1032 1017 1143 1068; x_wconf 84' lang='grc' dir='ltr'>τῶν</span> <span class='ocrx_word' id='word_1_59' title='bbox 1167 1015 1298 1083; x_wconf 82' lang='grc' dir='ltr'>περὶ</span> <span class='ocrx_word' id='word_1_60' title='bbox 1329 1013 1498 1084; x_wconf 76' lang='grc' dir='ltr'>αὑτὴν</span> <span class='ocrx_word' id='word_1_61' title='bbox 1525 1009 1819 1080; x_wconf 79' lang='grc' dir='ltr'><strong>πολιχνίων</strong></span> 
     </span>
    </p>
   </div>
   <div class='ocr_carea' id='block_1_12' title="bbox 1929 548 3508 622">
    <p class='ocr_par' dir='ltr' id='par_1_12' title="bbox 1929 548 3508 622">
     <span class='ocr_line' id='line_1_12' title="bbox 1929 548 3508 622; baseline -0.004 -14"><span class='ocrx_word' id='word_1_62' title='bbox 1929 569 2240 609; x_wconf 91' lang='lat' dir='ltr'><strong>cessurum.</strong></span> <span class='ocrx_word' id='word_1_63' title='bbox 2299 552 2353 608; x_wconf 86' lang='lat' dir='ltr'><strong>Si</strong></span> <span class='ocrx_word' id='word_1_64' title='bbox 2417 552 2718 622; x_wconf 70' lang='lat' dir='ltr'><strong>imperator</strong></span> <span class='ocrx_word' id='word_1_65' title='bbox 2767 550 2835 605; x_wconf 90' lang='lat' dir='ltr'><strong>de</strong></span> <span class='ocrx_word' id='word_1_66' title='bbox 2885 548 3177 619; x_wconf 73' lang='lat' dir='ltr'><strong>postulatis</strong></span> <span class='ocrx_word' id='word_1_67' title='bbox 3226 557 3508 602; x_wconf 90' lang='lat' dir='ltr'><strong>recusaret</strong></span> 
     </span>
    </p>
   </div>
   <div class='ocr_carea' id='block_1_13' title="bbox 1921 637 3510 713">
    <p class='ocr_par' dir='ltr' id='par_1_13' title="bbox 1921 637 3510 713">
     <span class='ocr_line' id='line_1_13' title="bbox 1921 637 3510 713; baseline -0.004 -16"><span class='ocrx_word' id='word_1_68' title='bbox 1921 641 2151 713; x_wconf 90' lang='lat' dir='ltr'><strong>aliquid,</strong></span> <span class='ocrx_word' id='word_1_69' title='bbox 2190 658 2372 713; x_wconf 88' lang='lat' dir='ltr'><strong>neque</strong></span> <span class='ocrx_word' id='word_1_70' title='bbox 2414 641 2834 710; x_wconf 86' lang='lat' dir='ltr'><strong>obsequeretur,</strong></span> <span class='ocrx_word' id='word_1_71' title='bbox 2877 649 2937 694; x_wconf 90' lang='lat' dir='ltr'><strong>ut</strong></span> <span class='ocrx_word' id='word_1_72' title='bbox 2970 639 3332 701; x_wconf 89' lang='lat' dir='ltr'><strong>minarentur,</strong></span> <span class='ocrx_word' id='word_1_73' title='bbox 3368 637 3510 692; x_wconf 89' lang='lat' dir='ltr'><strong>Iibe-</strong></span> 
     </span>
    </p>
   </div>
   <div class='ocr_carea' id='block_1_14' title="bbox 1922 730 3512 802">
    <p class='ocr_par' dir='ltr' id='par_1_14' title="bbox 1922 730 3512 802">
     <span class='ocr_line' id='line_1_14' title="bbox 1922 730 3512 802; baseline -0.004 -14"><span class='ocrx_word' id='word_1_74' title='bbox 1922 749 2014 788; x_wconf 89' lang='lat' dir='ltr'><strong>ros</strong></span> <span class='ocrx_word' id='word_1_75' title='bbox 2071 735 2196 802; x_wconf 89' lang='lat' dir='ltr'><strong>ejus</strong></span> <span class='ocrx_word' id='word_1_76' title='bbox 2247 743 2302 789; x_wconf 94' lang='lat' dir='ltr'><strong>et</strong></span> <span class='ocrx_word' id='word_1_77' title='bbox 2357 749 2583 788; x_wconf 78' lang='lat' dir='ltr'><strong>uxorem</strong></span> <span class='ocrx_word' id='word_1_78' title='bbox 2630 732 3073 787; x_wconf 83' lang='lat' dir='ltr'><strong>interfecturos:</strong></span> <span class='ocrx_word' id='word_1_79' title='bbox 3114 730 3314 801; x_wconf 90' lang='lat' dir='ltr'><strong>ipsum,</strong></span> <span class='ocrx_word' id='word_1_80' title='bbox 3373 745 3512 797; x_wconf 80' lang='lat' dir='ltr'><strong>quo-</strong></span> 
     </span>
    </p>
   </div>
   <div class='ocr_carea' id='block_1_15' title="bbox 1925 823 3512 894">
    <p class='ocr_par' dir='ltr' id='par_1_15' title="bbox 1925 823 3512 894">
     <span class='ocr_line' id='line_1_15' title="bbox 1925 823 3512 894; baseline -0.004 -15"><span class='ocrx_word' id='word_1_81' title='bbox 1925 825 2074 881; x_wconf 83' lang='lat' dir='ltr'><strong>niam</strong></span> <span class='ocrx_word' id='word_1_82' title='bbox 2111 826 2282 880; x_wconf 87' lang='lat' dir='ltr'><strong>armis</strong></span> <span class='ocrx_word' id='word_1_83' title='bbox 2327 825 2463 879; x_wconf 85' lang='lat' dir='ltr'><strong>nihil</strong></span> <span class='ocrx_word' id='word_1_84' title='bbox 2507 824 2731 894; x_wconf 91' lang='lat' dir='ltr'><strong>poterit,</strong></span> <span class='ocrx_word' id='word_1_85' title='bbox 2762 823 2925 878; x_wconf 87' lang='lat' dir='ltr'><strong>saluti</strong></span> <span class='ocrx_word' id='word_1_86' title='bbox 2957 823 3286 886; x_wconf 79' lang='lat' dir='ltr'><strong>liberarunt,</strong></span> <span class='ocrx_word' id='word_1_87' title='bbox 3315 837 3512 875; x_wconf 85' lang='lat' dir='ltr'><strong>neces-</strong></span> 
     </span>
    </p>
   </div>
   <div class='ocr_carea' id='block_1_16' title="bbox 1926 913 3516 987">
    <p class='ocr_par' dir='ltr' id='par_1_16' title="bbox 1926 913 3516 987">
     <span class='ocr_line' id='line_1_16' title="bbox 1926 913 3516 987; baseline -0.004 -15"><span class='ocrx_word' id='word_1_88' title='bbox 1926 917 2088 973; x_wconf 90' lang='lat' dir='ltr'><strong>sitate</strong></span> <span class='ocrx_word' id='word_1_89' title='bbox 2122 927 2378 987; x_wconf 83' lang='lat' dir='ltr'><strong>cogente,</strong></span> <span class='ocrx_word' id='word_1_90' title='bbox 2411 916 2596 970; x_wconf 84' lang='lat' dir='ltr'><strong>omnia</strong></span> <span class='ocrx_word' id='word_1_91' title='bbox 2642 915 3105 986; x_wconf 89' lang='lat' dir='ltr'><strong>postpositurum.</strong></span> <span class='ocrx_word' id='word_1_92' title='bbox 3146 915 3271 969; x_wconf 75' lang='lat' dir='ltr'><strong>Ilzcc</strong></span> <span class='ocrx_word' id='word_1_93' title='bbox 3312 913 3516 968; x_wconf 88' lang='lat' dir='ltr'><strong>Zianus</strong></span> 
     </span>
    </p>
   </div>
   <div class='ocr_carea' id='block_1_17' title="bbox 1924 1004 2625 1077">
    <p class='ocr_par' dir='ltr' id='par_1_17' title="bbox 1924 1004 2625 1077">
     <span class='ocr_line' id='line_1_17' title="bbox 1924 1004 2625 1077; baseline -0.007 -14"><span class='ocrx_word' id='word_1_94' title='bbox 1924 1004 2230 1077; x_wconf 86' lang='lat' dir='ltr'><strong>conjuratis</strong></span> <span class='ocrx_word' id='word_1_95' title='bbox 2277 1005 2625 1076; x_wconf 75' lang='lat' dir='ltr'><strong>suggerebat.</strong></span> 
     </span>
    </p>
   </div>
   <div class='ocr_carea' id='block_1_18' title="bbox 252 1096 3514 1185">
    <p class='ocr_par' dir='ltr' id='par_1_18' title="bbox 252 1096 3514 1185">
     <span class='ocr_line' id='line_1_18' title="bbox 252 1096 3514 1185; baseline -0.007 -14"><span class='ocrx_word' id='word_1_96' title='bbox 252 1096 570 1184; x_wconf 69' lang='grc' dir='ltr'><strong>ἐπιτρέπειν</strong></span> <span class='ocrx_word' id='word_1_97' title='bbox 599 1114 698 1185; x_wconf 83' lang='grc' dir='ltr'><strong>τὴν</strong></span> <span class='ocrx_word' id='word_1_98' title='bbox 727 1111 923 1182; x_wconf 79' lang='grc' dir='ltr'>ἀρχὴν.</span> <span class='ocrx_word' id='word_1_99' title='bbox 952 1107 1014 1160; x_wconf 79' lang='lat' dir='ltr'><strong>El</strong></span> <span class='ocrx_word' id='word_1_100' title='bbox 1063 1107 1122 1161; x_wconf 86' lang='grc' dir='ltr'>δὲ</span> <span class='ocrx_word' id='word_1_101' title='bbox 1189 1107 1262 1176; x_wconf 84' lang='grc' dir='ltr'>μὴ</span> <span class='ocrx_word' id='word_1_102' title='bbox 1314 1105 1453 1177; x_wconf 75' lang='grc' dir='ltr'>πρὸς</span> <span class='ocrx_word' id='word_1_103' title='bbox 1520 1107 1701 1158; x_wconf 79' lang='grc' dir='ltr'>πάντα</span> <span class='ocrx_word' id='word_1_104' title='bbox 1772 1099 2030 1171; x_wconf 80' lang='grc' dir='ltr'>βασιλεὺς</span> <span class='ocrx_word' id='word_1_105' title='bbox 2084 1099 2327 1163; x_wconf 83' lang='grc' dir='ltr'>ὑπείκοι,</span> <span class='ocrx_word' id='word_1_106' title='bbox 2370 1098 2506 1168; x_wconf 87' lang='grc' dir='ltr'><strong>μηδέ</strong></span> <span class='ocrx_word' id='word_1_107' title='bbox 2537 1097 2838 1162; x_wconf 80' lang='grc' dir='ltr'>-πείθοιτο,</span> <span class='ocrx_word' id='word_1_108' title='bbox 2893 1096 3138 1151; x_wconf 82' lang='grc' dir='ltr'>ἀπειλεῖν</span> <span class='ocrx_word' id='word_1_109' title='bbox 3170 1096 3245 1159; x_wconf 86' lang='grc' dir='ltr'>ὡς</span> <span class='ocrx_word' id='word_1_110' title='bbox 3275 1097 3514 1149; x_wconf 84' lang='grc' dir='ltr'>ἀποκτε-</span> 
     </span>
    </p>
   </div>
   <div class='ocr_carea' id='block_1_19' title="bbox 255 1189 3517 1269">
    <p class='ocr_par' dir='ltr' id='par_1_19' title="bbox 255 1189 3517 1269">
     <span class='ocr_line' id='line_1_19' title="bbox 255 1189 3517 1269; baseline -0.006 -8"><span class='ocrx_word' id='word_1_111' title='bbox 255 1207 404 1261; x_wconf 83' lang='grc' dir='ltr'><strong>νοὺσι</strong></span> <span class='ocrx_word' id='word_1_112' title='bbox 429 1204 622 1266; x_wconf 87' lang='grc' dir='ltr'>παῖδας</span> <span class='ocrx_word' id='word_1_113' title='bbox 654 1203 746 1256; x_wconf 72' lang='grc' dir='ltr'><strong>καλ⁵</strong></span> <span class='ocrx_word' id='word_1_114' title='bbox 775 1203 1037 1269; x_wconf 80' lang='grc' dir='ltr'>γυναῖκα.</span> <span class='ocrx_word' id='word_1_115' title='bbox 1089 1199 1263 1254; x_wconf 82' lang='grc' dir='ltr'>Αὑτὸν</span> <span class='ocrx_word' id='word_1_116' title='bbox 1299 1198 1357 1252; x_wconf 79' lang='grc' dir='ltr'>δὲ</span> <span class='ocrx_word' id='word_1_117' title='bbox 1423 1199 1536 1261; x_wconf 86' lang='grc' dir='ltr'>τοῖς</span> <span class='ocrx_word' id='word_1_118' title='bbox 1597 1196 1786 1258; x_wconf 83' lang='grc' dir='ltr'>ὅπλοις</span> <span class='ocrx_word' id='word_1_119' title='bbox 1835 1191 1910 1264; x_wconf 81' lang='grc' dir='ltr'>μὴ</span> <span class='ocrx_word' id='word_1_120' title='bbox 1947 1191 2244 1262; x_wconf 78' lang='grc' dir='ltr'>δυνάμενον</span> <span class='ocrx_word' id='word_1_121' title='bbox 2309 1190 2722 1262; x_wconf 81' lang='grc' dir='ltr'>περιγενέσθαι,</span> <span class='ocrx_word' id='word_1_122' title='bbox 2781 1190 3118 1260; x_wconf 75' lang='grc' dir='ltr'>προήσεσθαι</span> <span class='ocrx_word' id='word_1_123' title='bbox 3183 1190 3364 1243; x_wconf 66' lang='grc' dir='ltr'>πάντα</span> <span class='ocrx_word' id='word_1_124' title='bbox 3421 1189 3517 1241; x_wconf 84' lang='grc' dir='ltr'>ὑπ’</span> 
     </span>
    </p>
   </div>
   <div class='ocr_carea' id='block_1_20' title="bbox 265 1285 3048 1369">
    <p class='ocr_par' dir='ltr' id='par_1_20' title="bbox 265 1285 3048 1369">
     <span class='ocr_line' id='line_1_20' title="bbox 265 1285 3048 1369; baseline -0.006 -14"><span class='ocrx_word' id='word_1_125' title='bbox 265 1303 498 1369; x_wconf 74' lang='grc' dir='ltr'>ἀνὰγκης</span> <span class='ocrx_word' id='word_1_126' title='bbox 540 1297 639 1368; x_wconf 83' lang='grc' dir='ltr'><strong>τῆς</strong></span> <span class='ocrx_word' id='word_1_127' title='bbox 663 1295 773 1349; x_wconf 84' lang='grc' dir='ltr'>τῶν</span> <span class='ocrx_word' id='word_1_128' title='bbox 804 1296 1009 1349; x_wconf 84' lang='grc' dir='ltr'>παίδων</span> <span class='ocrx_word' id='word_1_129' title='bbox 1057 1293 1331 1362; x_wconf 74' lang='grc' dir='ltr'><strong>σωτηρίας</strong></span> <span class='ocrx_word' id='word_1_130' title='bbox 1361 1292 1548 1346; x_wconf 71' lang='grc' dir='ltr'>ἕνεκα.</span> <span class='ocrx_word' id='word_1_131' title='bbox 1581 1289 1825 1344; x_wconf 84' lang='grc' dir='ltr'>Τοιαῦτα</span> <span class='ocrx_word' id='word_1_132' title='bbox 1867 1287 1968 1358; x_wconf 83' lang='grc' dir='ltr'>μὲν</span> <span class='ocrx_word' id='word_1_133' title='bbox 2000 1287 2111 1349; x_wconf 88' lang='grc' dir='ltr'>τοῖς</span> <span class='ocrx_word' id='word_1_134' title='bbox 2150 1285 2494 1356; x_wconf 77' lang='grc' dir='ltr'>συνωμόταις</span> <span class='ocrx_word' id='word_1_135' title='bbox 2524 1285 2770 1338; x_wconf 78' lang='grc' dir='ltr'>ὑπετίθει</span> <span class='ocrx_word' id='word_1_136' title='bbox 2801 1285 3048 1347; x_wconf 84' lang='grc' dir='ltr'>Ζειανός.</span> 
     </span>
    </p>
   </div>
   <div class='ocr_carea' id='block_1_21' title="bbox 329 1383 1827 1460">
    <p class='ocr_par' dir='ltr' id='par_1_21' title="bbox 329 1383 1827 1460">
     <span class='ocr_line' id='line_1_21' title="bbox 329 1383 1827 1460; baseline -0.01 -12"><span class='ocrx_word' id='word_1_137' title='bbox 329 1392 481 1448; x_wconf 85' lang='grc' dir='ltr'>Μετά</span> <span class='ocrx_word' id='word_1_138' title='bbox 508 1389 703 1460; x_wconf 81' lang='grc' dir='ltr'>μικρὸν</span> <span class='ocrx_word' id='word_1_139' title='bbox 737 1387 792 1442; x_wconf 68' lang='grc' dir='ltr'>δὲ</span> <span class='ocrx_word' id='word_1_140' title='bbox 837 1388 936 1458; x_wconf 83' lang='grc' dir='ltr'>τῆς</span> <span class='ocrx_word' id='word_1_141' title='bbox 971 1385 1266 1454; x_wconf 76' lang='grc' dir='ltr'>ἐπιϐουλῆς</span> <span class='ocrx_word' id='word_1_142' title='bbox 1305 1383 1639 1454; x_wconf 71' lang='grc' dir='ltr'>μηνυθείσης</span> <span class='ocrx_word' id='word_1_143' title='bbox 1673 1383 1827 1451; x_wconf 83' lang='grc' dir='ltr'>βασι-</span> 
     </span>
    </p>
   </div>
   <div class='ocr_carea' id='block_1_22' title="bbox 257 1473 1832 1550">
    <p class='ocr_par' dir='ltr' id='par_1_22' title="bbox 257 1473 1832 1550">
     <span class='ocr_line' id='line_1_22' title="bbox 257 1473 1832 1550; baseline -0.009 -10"><span class='ocrx_word' id='word_1_144' title='bbox 257 1488 354 1550; x_wconf 84' lang='grc' dir='ltr'>λεῖ,</span> <span class='ocrx_word' id='word_1_145' title='bbox 393 1481 830 1550; x_wconf 79' lang='grc' dir='ltr'>συνελαμϐάνετό</span> <span class='ocrx_word' id='word_1_146' title='bbox 879 1497 935 1533; x_wconf 88' lang='grc' dir='ltr'><strong>τε</strong></span> <span class='ocrx_word' id='word_1_147' title='bbox 983 1477 1454 1549; x_wconf 78' lang='grc' dir='ltr'>καὶάνεκρίνετο,</span> <span class='ocrx_word' id='word_1_148' title='bbox 1492 1476 1542 1528; x_wconf 88' lang='grc' dir='ltr'><strong>εί</strong></span> <span class='ocrx_word' id='word_1_149' title='bbox 1602 1473 1832 1536; x_wconf 76' lang='grc' dir='ltr'>πολλοὺς</span> 
     </span>
    </p>
   </div>
   <div class='ocr_carea' id='block_1_23' title="bbox 256 1568 1830 1648">
    <p class='ocr_par' dir='ltr' id='par_1_23' title="bbox 256 1568 1830 1648">
     <span class='ocr_line' id='line_1_23' title="bbox 256 1568 1830 1648; baseline -0.011 -16"><span class='ocrx_word' id='word_1_150' title='bbox 256 1581 368 1648; x_wconf 75' lang='grc' dir='ltr'>ἔχοι</span> <span class='ocrx_word' id='word_1_151' title='bbox 396 1579 522 1636; x_wconf 70' lang='grc' dir='ltr'>τοὺς</span> <span class='ocrx_word' id='word_1_152' title='bbox 551 1572 880 1634; x_wconf 81' lang='grc' dir='ltr'>συνειδότας.</span> <span class='ocrx_word' id='word_1_153' title='bbox 915 1572 974 1625; x_wconf 85' lang='grc' dir='ltr'>ὐ</span> <span class='ocrx_word' id='word_1_154' title='bbox 998 1571 1053 1624; x_wconf 79' lang='grc' dir='ltr'>δὲ</span> <span class='ocrx_word' id='word_1_155' title='bbox 1088 1568 1283 1626; x_wconf 74' lang='grc' dir='ltr'>ἄλλους</span> <span class='ocrx_word' id='word_1_156' title='bbox 1311 1570 1368 1620; x_wconf 84' lang='grc' dir='ltr'>τέ</span> <span class='ocrx_word' id='word_1_157' title='bbox 1401 1584 1552 1629; x_wconf 85' lang='grc' dir='ltr'>τινας</span> <span class='ocrx_word' id='word_1_158' title='bbox 1580 1579 1830 1635; x_wconf 82' lang='grc' dir='ltr'>συνωμο-</span> 
     </span>
    </p>
   </div>
   <div class='ocr_carea' id='block_1_24' title="bbox 252 1657 1834 1739">
    <p class='ocr_par' dir='ltr' id='par_1_24' title="bbox 252 1657 1834 1739">
     <span class='ocr_line' id='line_1_24' title="bbox 252 1657 1834 1739; baseline -0.008 -16"><span class='ocrx_word' id='word_1_159' title='bbox 252 1672 423 1739; x_wconf 84' lang='grc' dir='ltr'>λόγει,</span> <span class='ocrx_word' id='word_1_160' title='bbox 451 1668 544 1722; x_wconf 74' lang='grc' dir='ltr'><strong>καὶ</strong></span> <span class='ocrx_word' id='word_1_161' title='bbox 572 1663 1030 1733; x_wconf 80' lang='grc' dir='ltr'>Καντακουζηνὴν</span> <span class='ocrx_word' id='word_1_162' title='bbox 1053 1661 1152 1732; x_wconf 81' lang='grc' dir='ltr'><strong>τὴν</strong></span> <span class='ocrx_word' id='word_1_163' title='bbox 1177 1659 1445 1731; x_wconf 82' lang='grc' dir='ltr'>βασιλίδα,</span> <span class='ocrx_word' id='word_1_164' title='bbox 1472 1661 1563 1712; x_wconf 69' lang='grc' dir='ltr'><strong>καὶ</strong></span> <span class='ocrx_word' id='word_1_165' title='bbox 1593 1657 1834 1725; x_wconf 76' lang='grc' dir='ltr'>ἔφασκεν</span> 
     </span>
    </p>
   </div>
   <div class='ocr_carea' id='block_1_25' title="bbox 2007 1376 3517 1447">
    <p class='ocr_par' dir='ltr' id='par_1_25' title="bbox 2007 1376 3517 1447">
     <span class='ocr_line' id='line_1_25' title="bbox 2007 1376 3517 1447; baseline -0.001 -13"><span class='ocrx_word' id='word_1_166' title='bbox 2007 1377 2176 1434; x_wconf 87' lang='lat' dir='ltr'><strong>Paulo</strong></span> <span class='ocrx_word' id='word_1_167' title='bbox 2239 1387 2363 1447; x_wconf 91' lang='lat' dir='ltr'><strong>post</strong></span> <span class='ocrx_word' id='word_1_168' title='bbox 2412 1377 2627 1432; x_wconf 84' lang='lat' dir='ltr'><strong>insidiis</strong></span> <span class='ocrx_word' id='word_1_169' title='bbox 2686 1377 2989 1447; x_wconf 90' lang='lat' dir='ltr'><strong>compertis</strong></span> <span class='ocrx_word' id='word_1_170' title='bbox 3041 1376 3338 1447; x_wconf 80' lang='lat' dir='ltr'><strong>imperator</strong></span> <span class='ocrx_word' id='word_1_171' title='bbox 3387 1393 3517 1432; x_wconf 89' lang='lat' dir='ltr'><strong>cum</strong></span> 
     </span>
    </p>
   </div>
   <div class='ocr_carea' id='block_1_26' title="bbox 1935 1466 3518 1539">
    <p class='ocr_par' dir='ltr' id='par_1_26' title="bbox 1935 1466 3518 1539">
     <span class='ocr_line' id='line_1_26' title="bbox 1935 1466 3518 1539; baseline -0.001 -17"><span class='ocrx_word' id='word_1_172' title='bbox 1935 1467 2380 1539; x_wconf 74' lang='lat' dir='ltr'><strong>comprehendit,</strong></span> <span class='ocrx_word' id='word_1_173' title='bbox 2417 1466 2486 1523; x_wconf 85' lang='lat' dir='ltr'><strong>de</strong></span> <span class='ocrx_word' id='word_1_174' title='bbox 2515 1467 2742 1524; x_wconf 87' lang='lat' dir='ltr'><strong>sceleris</strong></span> <span class='ocrx_word' id='word_1_175' title='bbox 2770 1467 2856 1522; x_wconf 90' lang='lat' dir='ltr'><strong>sui</strong></span> <span class='ocrx_word' id='word_1_176' title='bbox 2891 1469 3059 1523; x_wconf 85' lang='lat' dir='ltr'><strong>sociis</strong></span> <span class='ocrx_word' id='word_1_177' title='bbox 3085 1468 3384 1522; x_wconf 77' lang='lat' dir='ltr'><strong>examinat.</strong></span> <span class='ocrx_word' id='word_1_178' title='bbox 3425 1467 3518 1521; x_wconf 91' lang='lat' dir='ltr'><strong>Ille</strong></span> 
     </span>
    </p>
   </div>
   <div class='ocr_carea' id='block_1_27' title="bbox 1935 1559 3517 1631">
    <p class='ocr_par' dir='ltr' id='par_1_27' title="bbox 1935 1559 3517 1631">
     <span class='ocr_line' id='line_1_27' title="bbox 1935 1559 3517 1631; baseline -0.003 -16"><span class='ocrx_word' id='word_1_179' title='bbox 1935 1569 1991 1615; x_wconf 90' lang='lat' dir='ltr'><strong>et</strong></span> <span class='ocrx_word' id='word_1_180' title='bbox 2039 1561 2175 1615; x_wconf 89' lang='lat' dir='ltr'><strong>alios</strong></span> <span class='ocrx_word' id='word_1_181' title='bbox 2207 1601 2222 1625; x_wconf 94' lang='lat'><strong>,</strong></span> <span class='ocrx_word' id='word_1_182' title='bbox 2255 1569 2313 1615; x_wconf 88' lang='lat' dir='ltr'><strong>et</strong></span> <span class='ocrx_word' id='word_1_183' title='bbox 2360 1559 2797 1616; x_wconf 86' lang='lat' dir='ltr'><strong>Cantacuzenam</strong></span> <span class='ocrx_word' id='word_1_184' title='bbox 2867 1560 3272 1631; x_wconf 87' lang='lat' dir='ltr'><strong>impcratriccm</strong></span> <span class='ocrx_word' id='word_1_185' title='bbox 3337 1560 3517 1612; x_wconf 91' lang='lat' dir='ltr'><strong>nomi-</strong></span> 
     </span>
    </p>
   </div>
   <div class='ocr_carea' id='block_1_28' title="bbox 1936 1651 3521 1724">
    <p class='ocr_par' dir='ltr' id='par_1_28' title="bbox 1936 1651 3521 1724">
     <span class='ocr_line' id='line_1_28' title="bbox 1936 1651 3521 1724; baseline 0 -18"><span class='ocrx_word' id='word_1_186' title='bbox 1936 1661 2454 1724; x_wconf 87' lang='lat' dir='ltr'><strong>nat,autumatque</strong></span> <span class='ocrx_word' id='word_1_187' title='bbox 2523 1651 2734 1723; x_wconf 80' lang='lat' dir='ltr'><strong>magnis</strong></span> <span class='ocrx_word' id='word_1_188' title='bbox 2785 1652 2854 1708; x_wconf 88' lang='lat' dir='ltr'><strong>ab</strong></span> <span class='ocrx_word' id='word_1_189' title='bbox 2917 1668 2982 1708; x_wconf 88' lang='lat' dir='ltr'><strong>ea</strong></span> <span class='ocrx_word' id='word_1_190' title='bbox 3030 1652 3521 1723; x_wconf 81' lang='lat' dir='ltr'><strong>pollicitationibus</strong></span> 
     </span>
    </p>
   </div>
   <div class='ocr_carea' id='block_1_29' title="bbox 252 1743 1844 1842">
    <p class='ocr_par' dir='ltr' id='par_1_29' title="bbox 252 1748 1831 1828">
     <span class='ocr_line' id='line_1_29' title="bbox 252 1748 1831 1828; baseline -0.011 -12"><span class='ocrx_word' id='word_1_191' title='bbox 252 1765 336 1827; x_wconf 84' lang='grc' dir='ltr'><strong>είς</strong></span> <span class='ocrx_word' id='word_1_192' title='bbox 369 1760 530 1814; x_wconf 77' lang='grc' dir='ltr'>τοῦτο</span> <span class='ocrx_word' id='word_1_193' title='bbox 559 1756 652 1811; x_wconf 89' lang='grc' dir='ltr'>ὑπ’</span> <span class='ocrx_word' id='word_1_194' title='bbox 682 1757 896 1828; x_wconf 83' lang='grc' dir='ltr'>ἐκείνης</span> <span class='ocrx_word' id='word_1_195' title='bbox 928 1753 1225 1824; x_wconf 83' lang='grc' dir='ltr'>ἐναχθῆναι</span> <span class='ocrx_word' id='word_1_196' title='bbox 1259 1751 1468 1822; x_wconf 86' lang='grc' dir='ltr'>μεγάλα</span> <span class='ocrx_word' id='word_1_197' title='bbox 1497 1748 1831 1818; x_wconf 83' lang='grc' dir='ltr'>ἐπαγγειλα-</span> 
     </span>
    </p>
   </div>
   <div class='ocr_carea' id='block_1_30' title="bbox 1948 1743 3522 1842">
    <p class='ocr_par' dir='ltr' id='par_1_30' title="bbox 1948 1743 3522 1814">
     <span class='ocr_line' id='line_1_30' title="bbox 1948 1743 3522 1814; baseline 0.001 -18"><span class='ocrx_word' id='word_1_198' title='bbox 1948 1743 2048 1797; x_wconf 86' lang='lat' dir='ltr'><strong>huc</strong></span> <span class='ocrx_word' id='word_1_199' title='bbox 2108 1743 2394 1798; x_wconf 90' lang='lat' dir='ltr'><strong>inductum</strong></span> <span class='ocrx_word' id='word_1_200' title='bbox 2431 1761 2446 1798; x_wconf 89' lang='lat'><strong>:</strong></span> <span class='ocrx_word' id='word_1_201' title='bbox 2482 1759 2586 1798; x_wconf 88' lang='lat' dir='ltr'><strong>nec</strong></span> <span class='ocrx_word' id='word_1_202' title='bbox 2643 1745 2792 1798; x_wconf 91' lang='lat' dir='ltr'><strong>enim</strong></span> <span class='ocrx_word' id='word_1_203' title='bbox 2830 1759 2929 1814; x_wconf 91' lang='lat' dir='ltr'><strong>per</strong></span> <span class='ocrx_word' id='word_1_204' title='bbox 2959 1760 3018 1798; x_wconf 88' lang='lat' dir='ltr'><strong>se</strong></span> <span class='ocrx_word' id='word_1_205' title='bbox 3049 1752 3260 1798; x_wconf 88' lang='lat' dir='ltr'><strong>tantum</strong></span> <span class='ocrx_word' id='word_1_206' title='bbox 3305 1743 3522 1807; x_wconf 85' lang='lat' dir='ltr'><strong>facinus</strong></span> 
     </span>
    </p>
   </div>
   <div class='ocr_carea' id='block_1_31' title="bbox 256 1841 1831 1925">
    <p class='ocr_par' dir='ltr' id='par_1_31' title="bbox 256 1841 1831 1925">
     <span class='ocr_line' id='line_1_31' title="bbox 256 1841 1831 1925; baseline -0.009 -18"><span class='ocrx_word' id='word_1_207' title='bbox 256 1856 432 1925; x_wconf 75' lang='grc' dir='ltr'>μένης</span> <span class='ocrx_word' id='word_1_208' title='bbox 455 1868 470 1884; x_wconf 79' lang='grc' dir='ltr'><strong><em>ο</em></strong></span> <span class='ocrx_word' id='word_1_209' title='bbox 508 1850 640 1920; x_wconf 84' lang='grc' dir='ltr'><strong>μηδέ</strong></span> <span class='ocrx_word' id='word_1_210' title='bbox 671 1848 782 1920; x_wconf 82' lang='grc' dir='ltr'><strong>γάρ</strong></span> <span class='ocrx_word' id='word_1_211' title='bbox 812 1847 876 1901; x_wconf 76' lang='grc' dir='ltr'>ἂν</span> <span class='ocrx_word' id='word_1_212' title='bbox 910 1847 996 1916; x_wconf 80' lang='grc' dir='ltr'><strong>ἐφ’</strong></span> <span class='ocrx_word' id='word_1_213' title='bbox 1043 1846 1237 1902; x_wconf 68' lang='grc' dir='ltr'>ἑαυτὸν</span> <span class='ocrx_word' id='word_1_214' title='bbox 1269 1841 1615 1914; x_wconf 78' lang='grc' dir='ltr'>τηλικούτοις</span> <span class='ocrx_word' id='word_1_215' title='bbox 1649 1843 1831 1911; x_wconf 85' lang='grc' dir='ltr'>ἐγχει-</span> 
     </span>
    </p>
   </div>
   <div class='ocr_carea' id='block_1_32' title="bbox 265 1930 1833 2014">
    <p class='ocr_par' dir='ltr' id='par_1_32' title="bbox 265 1930 1833 2014">
     <span class='ocr_line' id='line_1_32' title="bbox 265 1930 1833 2014; baseline -0.01 -20"><span class='ocrx_word' id='word_1_216' title='bbox 265 1942 407 2014; x_wconf 82' lang='grc' dir='ltr'>ρεῖν,</span> <span class='ocrx_word' id='word_1_217' title='bbox 430 1938 629 2007; x_wconf 69' lang='grc' dir='ltr'>ἀφανίᾳ</span> <span class='ocrx_word' id='word_1_218' title='bbox 683 1935 853 2005; x_wconf 84' lang='grc' dir='ltr'>πολλῇ</span> <span class='ocrx_word' id='word_1_219' title='bbox 914 1933 1181 2000; x_wconf 76' lang='grc' dir='ltr'>συζῶντα,</span> <span class='ocrx_word' id='word_1_220' title='bbox 1217 1934 1311 1986; x_wconf 70' lang='grc' dir='ltr'><strong>καὶ</strong></span> <span class='ocrx_word' id='word_1_221' title='bbox 1347 1931 1530 2002; x_wconf 81' lang='grc' dir='ltr'>πενίᾳ,</span> <span class='ocrx_word' id='word_1_222' title='bbox 1568 1930 1645 2000; x_wconf 80' lang='grc' dir='ltr'>μή</span> <span class='ocrx_word' id='word_1_223' title='bbox 1685 1945 1833 1991; x_wconf 83' lang='grc' dir='ltr'>τινος</span> 
     </span>
    </p>
   </div>
   <div class='ocr_carea' id='block_1_33' title="bbox 269 2017 1836 2099">
    <p class='ocr_par' dir='ltr' id='par_1_33' title="bbox 269 2017 1836 2099">
     <span class='ocr_line' id='line_1_33' title="bbox 269 2017 1836 2099; baseline -0.006 -17"><span class='ocrx_word' id='word_1_224' title='bbox 269 2031 409 2099; x_wconf 64' lang='grc' dir='ltr'>πρὸς</span> <span class='ocrx_word' id='word_1_225' title='bbox 429 2029 488 2081; x_wconf 80' lang='grc' dir='ltr'><strong>τὰ</strong></span> <span class='ocrx_word' id='word_1_226' title='bbox 522 2025 750 2079; x_wconf 77' lang='grc' dir='ltr'>τοιαῦτα</span> <span class='ocrx_word' id='word_1_227' title='bbox 781 2024 1050 2094; x_wconf 80' lang='grc' dir='ltr'>ἀξιόχρεω</span> <span class='ocrx_word' id='word_1_228' title='bbox 1099 2022 1574 2093; x_wconf 72' lang='grc' dir='ltr'>συμπράττοντος.</span> <span class='ocrx_word' id='word_1_229' title='bbox 1610 2017 1836 2074; x_wconf 86' lang='grc' dir='ltr'>Βασιλεῖ</span> 
     </span>
    </p>
   </div>
   <div class='ocr_carea' id='block_1_34' title="bbox 272 2114 1834 2189">
    <p class='ocr_par' dir='ltr' id='par_1_34' title="bbox 272 2114 1834 2189">
     <span class='ocr_line' id='line_1_34' title="bbox 272 2114 1834 2189; baseline -0.008 -12"><span class='ocrx_word' id='word_1_230' title='bbox 272 2124 330 2178; x_wconf 78' lang='grc' dir='ltr'>δὲ</span> <span class='ocrx_word' id='word_1_231' title='bbox 379 2122 525 2182; x_wconf 75' lang='grc' dir='ltr'>εὐθὺς</span> <span class='ocrx_word' id='word_1_232' title='bbox 564 2120 741 2174; x_wconf 87' lang='grc' dir='ltr'>ἐδόκει</span> <span class='ocrx_word' id='word_1_233' title='bbox 797 2116 1142 2189; x_wconf 81' lang='grc' dir='ltr'>ἑκατέρωθεν</span> <span class='ocrx_word' id='word_1_234' title='bbox 1174 2117 1366 2172; x_wconf 86' lang='grc' dir='ltr'>δεινόν.</span> <span class='ocrx_word' id='word_1_235' title='bbox 1397 2117 1470 2170; x_wconf 87' lang='grc' dir='ltr'>Τό</span> <span class='ocrx_word' id='word_1_236' title='bbox 1507 2132 1568 2167; x_wconf 88' lang='grc' dir='ltr'>τε</span> <span class='ocrx_word' id='word_1_237' title='bbox 1601 2114 1712 2184; x_wconf 76' lang='grc' dir='ltr'><strong>γὰρ</strong></span> <span class='ocrx_word' id='word_1_238' title='bbox 1741 2114 1834 2166; x_wconf 68' lang='grc' dir='ltr'><strong>ἐπὶ</strong></span> 
     </span>
    </p>
   </div>
   <div class='ocr_carea' id='block_1_35' title="bbox 263 2201 1833 2276">
    <p class='ocr_par' dir='ltr' id='par_1_35' title="bbox 263 2201 1833 2276">
     <span class='ocr_line' id='line_1_35' title="bbox 263 2201 1833 2276; baseline -0.006 -13"><span class='ocrx_word' id='word_1_239' title='bbox 263 2211 519 2272; x_wconf 73' lang='grc' dir='ltr'>τοιούτοις</span> <span class='ocrx_word' id='word_1_240' title='bbox 553 2207 940 2276; x_wconf 82' lang='grc' dir='ltr'>διαϐεϐλῆσθαι</span> <span class='ocrx_word' id='word_1_241' title='bbox 971 2203 1240 2275; x_wconf 81' lang='grc' dir='ltr'>βασιλίδα,</span> <span class='ocrx_word' id='word_1_242' title='bbox 1274 2206 1323 2258; x_wconf 81' lang='grc' dir='ltr'><strong>εί</strong></span> <span class='ocrx_word' id='word_1_243' title='bbox 1358 2205 1629 2272; x_wconf 82' lang='grc' dir='ltr'>συνειδείη</span> <span class='ocrx_word' id='word_1_244' title='bbox 1667 2201 1833 2272; x_wconf 81' lang='grc' dir='ltr'>μηδὲν</span> 
     </span>
    </p>
   </div>
   <div class='ocr_carea' id='block_1_36' title="bbox 259 2295 1834 2370">
    <p class='ocr_par' dir='ltr' id='par_1_36' title="bbox 259 2295 1834 2370">
     <span class='ocr_line' id='line_1_36' title="bbox 259 2295 1834 2370; baseline -0.006 -15"><span class='ocrx_word' id='word_1_245' title='bbox 259 2303 449 2364; x_wconf 75' lang='grc' dir='ltr'>αὐτοῖς</span> <span class='ocrx_word' id='word_1_246' title='bbox 473 2300 605 2368; x_wconf 72' lang='grc' dir='ltr'>πρὸς</span> <span class='ocrx_word' id='word_1_247' title='bbox 637 2299 737 2369; x_wconf 80' lang='grc' dir='ltr'><strong>τὴν</strong></span> <span class='ocrx_word' id='word_1_248' title='bbox 768 2298 1081 2370; x_wconf 81' lang='grc' dir='ltr'>ἐπιϐουλὴν,</span> <span class='ocrx_word' id='word_1_249' title='bbox 1100 2297 1200 2351; x_wconf 89' lang='grc' dir='ltr'><strong>οὑκ</strong></span> <span class='ocrx_word' id='word_1_250' title='bbox 1225 2295 1427 2364; x_wconf 85' lang='grc' dir='ltr'>ἀγαθόν</span> <span class='ocrx_word' id='word_1_251' title='bbox 1450 2311 1466 2328; x_wconf 79' lang='grc' dir='ltr'><strong>ο</strong></span> <span class='ocrx_word' id='word_1_252' title='bbox 1501 2296 1596 2350; x_wconf 76' lang='grc' dir='ltr'><strong>καὶ</strong></span> <span class='ocrx_word' id='word_1_253' title='bbox 1620 2295 1680 2347; x_wconf 65' lang='grc' dir='ltr'><strong>τὸ</strong></span> <span class='ocrx_word' id='word_1_254' title='bbox 1710 2310 1834 2346; x_wconf 62' lang='lat' dir='ltr'><strong>suv-</strong></span> 
     </span>
    </p>
   </div>
   <div class='ocr_carea' id='block_1_37' title="bbox 257 2386 1834 2464">
    <p class='ocr_par' dir='ltr' id='par_1_37' title="bbox 257 2386 1834 2464">
     <span class='ocr_line' id='line_1_37' title="bbox 257 2386 1834 2464; baseline -0.009 -14"><span class='ocrx_word' id='word_1_255' title='bbox 257 2397 459 2450; x_wconf 79' lang='grc' dir='ltr'>ειδέναι</span> <span class='ocrx_word' id='word_1_256' title='bbox 498 2398 591 2448; x_wconf 73' lang='grc' dir='ltr'><strong>καὶ</strong></span> <span class='ocrx_word' id='word_1_257' title='bbox 631 2395 1005 2464; x_wconf 83' lang='grc' dir='ltr'>συμπράττειν</span> <span class='ocrx_word' id='word_1_258' title='bbox 1041 2392 1248 2461; x_wconf 70' lang='grc' dir='ltr'>σφόδρα</span> <span class='ocrx_word' id='word_1_259' title='bbox 1283 2387 1540 2460; x_wconf 75' lang='grc' dir='ltr'>χαλεπὸν,</span> <span class='ocrx_word' id='word_1_260' title='bbox 1577 2389 1626 2442; x_wconf 82' lang='grc' dir='ltr'><strong>εί</strong></span> <span class='ocrx_word' id='word_1_261' title='bbox 1650 2386 1834 2458; x_wconf 80' lang='grc' dir='ltr'>ἐκείνῃ</span> 
     </span>
    </p>
   </div>
   <div class='ocr_carea' id='block_1_38' title="bbox 270 2481 1836 2559">
    <p class='ocr_par' dir='ltr' id='par_1_38' title="bbox 270 2481 1836 2559">
     <span class='ocr_line' id='line_1_38' title="bbox 270 2481 1836 2559; baseline -0.007 -16"><span class='ocrx_word' id='word_1_262' title='bbox 270 2491 359 2559; x_wconf 75' lang='grc' dir='ltr'><strong>μέν</strong></span> <span class='ocrx_word' id='word_1_263' title='bbox 384 2488 552 2552; x_wconf 82' lang='grc' dir='ltr'>αὐτὸς</span> <span class='ocrx_word' id='word_1_264' title='bbox 572 2486 826 2540; x_wconf 83' lang='grc' dir='ltr'>τοσοῦτον</span> <span class='ocrx_word' id='word_1_265' title='bbox 852 2483 1093 2554; x_wconf 87' lang='grc' dir='ltr'>εὑνοοίη,</span> <span class='ocrx_word' id='word_1_266' title='bbox 1127 2483 1269 2538; x_wconf 84' lang='grc' dir='ltr'>ὥστε</span> <span class='ocrx_word' id='word_1_267' title='bbox 1300 2481 1589 2553; x_wconf 89' lang='grc' dir='ltr'>βούλεσθαι</span> <span class='ocrx_word' id='word_1_268' title='bbox 1625 2481 1718 2534; x_wconf 78' lang='grc' dir='ltr'><strong>καὶ</strong></span> <span class='ocrx_word' id='word_1_269' title='bbox 1741 2481 1836 2532; x_wconf 80' lang='grc' dir='ltr'><strong>τὸν</strong></span> 
     </span>
    </p>
   </div>
   <div class='ocr_carea' id='block_1_39' title="bbox 279 2571 1840 2648">
    <p class='ocr_par' dir='ltr' id='par_1_39' title="bbox 279 2571 1840 2648">
     <span class='ocr_line' id='line_1_39' title="bbox 279 2571 1840 2648; baseline -0.005 -18"><span class='ocrx_word' id='word_1_270' title='bbox 279 2580 374 2630; x_wconf 66' lang='grc' dir='ltr'>υίδιν</span> <span class='ocrx_word' id='word_1_271' title='bbox 403 2576 662 2631; x_wconf 78' lang='grc' dir='ltr'>ἀπολύειν</span> <span class='ocrx_word' id='word_1_272' title='bbox 685 2576 924 2648; x_wconf 81' lang='grc' dir='ltr'>δεσμῶν,</span> <span class='ocrx_word' id='word_1_273' title='bbox 954 2575 1168 2638; x_wconf 86' lang='grc' dir='ltr'>οὐδενὸς</span> <span class='ocrx_word' id='word_1_274' title='bbox 1203 2574 1270 2628; x_wconf 85' lang='grc' dir='ltr'><strong>ἂν</strong></span> <span class='ocrx_word' id='word_1_275' title='bbox 1299 2574 1492 2643; x_wconf 83' lang='grc' dir='ltr'>ἐτέρου</span> <span class='ocrx_word' id='word_1_276' title='bbox 1529 2571 1840 2642; x_wconf 82' lang='grc' dir='ltr'>προσδοκή-</span> 
     </span>
    </p>
   </div>
   <div class='ocr_carea' id='block_1_40' title="bbox 272 2665 1838 2741">
    <p class='ocr_par' dir='ltr' id='par_1_40' title="bbox 272 2665 1838 2741">
     <span class='ocr_line' id='line_1_40' title="bbox 272 2665 1838 2741; baseline -0.004 -19"><span class='ocrx_word' id='word_1_277' title='bbox 272 2687 476 2736; x_wconf 84' lang='grc' dir='ltr'>σαντος,</span> <span class='ocrx_word' id='word_1_278' title='bbox 507 2669 648 2741; x_wconf 80' lang='grc' dir='ltr'>αὑτὴ</span> <span class='ocrx_word' id='word_1_279' title='bbox 669 2670 714 2724; x_wconf 85' lang='grc' dir='ltr'>δ’</span> <span class='ocrx_word' id='word_1_280' title='bbox 746 2669 841 2724; x_wconf 73' lang='grc' dir='ltr'><strong>ἐπὶ</strong></span> <span class='ocrx_word' id='word_1_281' title='bbox 879 2669 1134 2723; x_wconf 77' lang='grc' dir='ltr'>τοσοῦτον</span> <span class='ocrx_word' id='word_1_282' title='bbox 1160 2667 1530 2738; x_wconf 90' lang='grc' dir='ltr'>δυσμεναίνοι,</span> <span class='ocrx_word' id='word_1_283' title='bbox 1562 2665 1692 2719; x_wconf 74' lang='grc' dir='ltr'>ὥστ’</span> <span class='ocrx_word' id='word_1_284' title='bbox 1716 2666 1838 2716; x_wconf 86' lang='grc' dir='ltr'>ἐπι-</span> 
     </span>
    </p>
   </div>
   <div class='ocr_carea' id='block_1_41' title="bbox 270 2754 1838 2824">
    <p class='ocr_par' dir='ltr' id='par_1_41' title="bbox 270 2754 1838 2824">
     <span class='ocr_line' id='line_1_41' title="bbox 270 2754 1838 2824; baseline -0.004 -13"><span class='ocrx_word' id='word_1_285' title='bbox 270 2759 461 2821; x_wconf 73' lang='grc' dir='ltr'>ϐουλὰς</span> <span class='ocrx_word' id='word_1_286' title='bbox 494 2760 753 2824; x_wconf 83' lang='grc' dir='ltr'>τοιαύτας</span> <span class='ocrx_word' id='word_1_287' title='bbox 802 2759 1165 2824; x_wconf 76' lang='grc' dir='ltr'>συσκευάζειν</span> <span class='ocrx_word' id='word_1_288' title='bbox 1215 2759 1338 2812; x_wconf 82' lang='grc' dir='ltr'>κατ’</span> <span class='ocrx_word' id='word_1_289' title='bbox 1371 2754 1535 2810; x_wconf 71' lang='grc' dir='ltr'>αὑτοῦ</span> <span class='ocrx_word' id='word_1_290' title='bbox 1561 2771 1576 2786; x_wconf 83' lang='grc'><strong><em>⁸</em></strong></span> <span class='ocrx_word' id='word_1_291' title='bbox 1636 2755 1838 2824; x_wconf 82' lang='grc' dir='ltr'>μᾶλλ.ον</span> 
     </span>
    </p>
   </div>
   <div class='ocr_carea' id='block_1_42' title="bbox 267 2843 1840 2916">
    <p class='ocr_par' dir='ltr' id='par_1_42' title="bbox 267 2843 1840 2916">
     <span class='ocr_line' id='line_1_42' title="bbox 267 2843 1840 2916; baseline -0.004 -15"><span class='ocrx_word' id='word_1_292' title='bbox 267 2849 321 2901; x_wconf 82' lang='grc' dir='ltr'><strong>δέ</strong></span> <span class='ocrx_word' id='word_1_293' title='bbox 364 2849 686 2902; x_wconf 76' lang='grc' dir='ltr'>ὑπώπτευεν</span> <span class='ocrx_word' id='word_1_294' title='bbox 719 2843 859 2902; x_wconf 85' lang='grc' dir='ltr'>εῐναι</span> <span class='ocrx_word' id='word_1_295' title='bbox 898 2848 1023 2911; x_wconf 82' lang='grc' dir='ltr'>τοὺς</span> <span class='ocrx_word' id='word_1_296' title='bbox 1051 2846 1248 2916; x_wconf 81' lang='grc' dir='ltr'>λόγους</span> <span class='ocrx_word' id='word_1_297' title='bbox 1311 2843 1705 2913; x_wconf 78' lang='grc' dir='ltr'>συκοφαντίας,</span> <span class='ocrx_word' id='word_1_298' title='bbox 1744 2843 1840 2896; x_wconf 80' lang='grc' dir='ltr'>καὶ</span> 
     </span>
    </p>
   </div>
   <div class='ocr_carea' id='block_1_43' title="bbox 269 2935 1841 3010">
    <p class='ocr_par' dir='ltr' id='par_1_43' title="bbox 269 2935 1841 3010">
     <span class='ocr_line' id='line_1_43' title="bbox 269 2935 1841 3010; baseline -0.006 -14"><span class='ocrx_word' id='word_1_299' title='bbox 269 2944 401 2996; x_wconf 74' lang='grc' dir='ltr'>πᾶσι</span> <span class='ocrx_word' id='word_1_300' title='bbox 453 2943 626 2995; x_wconf 80' lang='grc' dir='ltr'>ποιεῖν</span> <span class='ocrx_word' id='word_1_301' title='bbox 658 2941 910 2996; x_wconf 85' lang='grc' dir='ltr'>ἐϐούλετο</span> <span class='ocrx_word' id='word_1_302' title='bbox 959 2941 1300 3010; x_wconf 72' lang='grc' dir='ltr'>καταφανὲς,</span> <span class='ocrx_word' id='word_1_303' title='bbox 1333 2939 1410 3002; x_wconf 82' lang='grc' dir='ltr'>ὡς</span> <span class='ocrx_word' id='word_1_304' title='bbox 1449 2939 1535 3009; x_wconf 82' lang='grc' dir='ltr'><strong>εῐη</strong></span> <span class='ocrx_word' id='word_1_305' title='bbox 1586 2935 1841 2991; x_wconf 72' lang='grc' dir='ltr'>διαϐολαὶ</span> 
     </span>
    </p>
   </div>
   <div class='ocr_carea' id='block_1_44' title="bbox 268 3027 1838 3106">
    <p class='ocr_par' dir='ltr' id='par_1_44' title="bbox 268 3027 1838 3106">
     <span class='ocr_line' id='line_1_44' title="bbox 268 3027 1838 3106; baseline -0.006 -18"><span class='ocrx_word' id='word_1_306' title='bbox 268 3038 335 3088; x_wconf 62' lang='grc' dir='ltr'><strong>τὰ</strong></span> <span class='ocrx_word' id='word_1_307' title='bbox 360 3035 646 3106; x_wconf 77' lang='grc' dir='ltr'>εἰρημένα.</span> <span class='ocrx_word' id='word_1_308' title='bbox 685 3035 776 3087; x_wconf 79' lang='grc' dir='ltr'><strong>Διὸ</strong></span> <span class='ocrx_word' id='word_1_309' title='bbox 803 3033 964 3099; x_wconf 84' lang='grc' dir='ltr'>αὑτός</span> <span class='ocrx_word' id='word_1_310' title='bbox 1002 3051 1061 3086; x_wconf 87' lang='grc' dir='ltr'>τε</span> <span class='ocrx_word' id='word_1_311' title='bbox 1093 3034 1382 3102; x_wconf 77' lang='grc' dir='ltr'>ἀνέκρινεν</span> <span class='ocrx_word' id='word_1_312' title='bbox 1418 3029 1699 3099; x_wconf 83' lang='grc' dir='ltr'>ἐπιμελῶς</span> <span class='ocrx_word' id='word_1_313' title='bbox 1751 3027 1838 3080; x_wconf 71' lang='grc' dir='ltr'>τὸν</span> 
     </span>
    </p>
   </div>
   <div class='ocr_carea' id='block_1_45' title="bbox 1935 1835 3520 1906">
    <p class='ocr_par' dir='ltr' id='par_1_45' title="bbox 1935 1835 3520 1906">
     <span class='ocr_line' id='line_1_45' title="bbox 1935 1835 3520 1906; baseline -0.004 -15"><span class='ocrx_word' id='word_1_314' title='bbox 1935 1851 2199 1892; x_wconf 90' lang='lat' dir='ltr'><strong>ausurum</strong></span> <span class='ocrx_word' id='word_1_315' title='bbox 2260 1835 2450 1900; x_wconf 88' lang='lat' dir='ltr'><strong>fuisse,</strong></span> <span class='ocrx_word' id='word_1_316' title='bbox 2498 1836 2780 1891; x_wconf 88' lang='lat' dir='ltr'><strong>hominem</strong></span> <span class='ocrx_word' id='word_1_317' title='bbox 2842 1836 3093 1891; x_wconf 85' lang='lat' dir='ltr'><strong>infimum</strong></span> <span class='ocrx_word' id='word_1_318' title='bbox 3142 1846 3198 1891; x_wconf 91' lang='lat' dir='ltr'><strong>et</strong></span> <span class='ocrx_word' id='word_1_319' title='bbox 3243 1848 3520 1906; x_wconf 86' lang='lat' dir='ltr'><strong>egentem,</strong></span> 
     </span>
    </p>
   </div>
   <div class='ocr_carea' id='block_1_46' title="bbox 1937 1927 3519 1999">
    <p class='ocr_par' dir='ltr' id='par_1_46' title="bbox 1937 1927 3519 1999">
     <span class='ocr_line' id='line_1_46' title="bbox 1937 1927 3519 1999; baseline -0.002 -17"><span class='ocrx_word' id='word_1_320' title='bbox 1937 1927 2056 1983; x_wconf 90' lang='lat' dir='ltr'><strong>sine</strong></span> <span class='ocrx_word' id='word_1_321' title='bbox 2085 1927 2318 1998; x_wconf 87' lang='lat' dir='ltr'><strong>insignis</strong></span> <span class='ocrx_word' id='word_1_322' title='bbox 2344 1928 2579 1999; x_wconf 85' lang='lat' dir='ltr'><strong>alicujus</strong></span> <span class='ocrx_word' id='word_1_323' title='bbox 2625 1944 2792 1998; x_wconf 89' lang='lat' dir='ltr'><strong>opera</strong></span> <span class='ocrx_word' id='word_1_324' title='bbox 2823 1937 2879 1983; x_wconf 90' lang='lat' dir='ltr'><strong>et</strong></span> <span class='ocrx_word' id='word_1_325' title='bbox 2911 1927 3173 1997; x_wconf 89' lang='lat' dir='ltr'><strong>impulsu.</strong></span> <span class='ocrx_word' id='word_1_326' title='bbox 3197 1927 3519 1997; x_wconf 90' lang='lat' dir='ltr'><strong>Imperatori</strong></span> 
     </span>
    </p>
   </div>
   <div class='ocr_carea' id='block_1_47' title="bbox 1936 2018 3522 2090">
    <p class='ocr_par' dir='ltr' id='par_1_47' title="bbox 1936 2018 3522 2090">
     <span class='ocr_line' id='line_1_47' title="bbox 1936 2018 3522 2090; baseline -0.001 -16"><span class='ocrx_word' id='word_1_327' title='bbox 1936 2034 2063 2074; x_wconf 84' lang='lat' dir='ltr'><strong>mox</strong></span> <span class='ocrx_word' id='word_1_328' title='bbox 2122 2019 2382 2089; x_wconf 85' lang='lat' dir='ltr'><strong>utrinque</strong></span> <span class='ocrx_word' id='word_1_329' title='bbox 2431 2035 2519 2074; x_wconf 93' lang='lat' dir='ltr'><strong>res</strong></span> <span class='ocrx_word' id='word_1_330' title='bbox 2555 2018 2690 2074; x_wconf 90' lang='lat' dir='ltr'><strong>dura</strong></span> <span class='ocrx_word' id='word_1_331' title='bbox 2729 2027 2787 2074; x_wconf 90' lang='lat' dir='ltr'><strong>et</strong></span> <span class='ocrx_word' id='word_1_332' title='bbox 2825 2029 2983 2074; x_wconf 83' lang='lat' dir='ltr'><strong>atrox</strong></span> <span class='ocrx_word' id='word_1_333' title='bbox 3016 2035 3302 2090; x_wconf 88' lang='lat' dir='ltr'><strong>apparere.</strong></span> <span class='ocrx_word' id='word_1_334' title='bbox 3335 2019 3392 2074; x_wconf 93' lang='lat' dir='ltr'><strong>In</strong></span> <span class='ocrx_word' id='word_1_335' title='bbox 3426 2019 3522 2073; x_wconf 84' lang='lat' dir='ltr'><strong>tali</strong></span> 
     </span>
    </p>
   </div>
   <div class='ocr_carea' id='block_1_48' title="bbox 1937 2109 3520 2181">
    <p class='ocr_par' dir='ltr' id='par_1_48' title="bbox 1937 2109 3520 2181">
     <span class='ocr_line' id='line_1_48' title="bbox 1937 2109 3520 2181; baseline 0 -17"><span class='ocrx_word' id='word_1_336' title='bbox 1937 2111 2142 2181; x_wconf 87' lang='lat' dir='ltr'><strong>quippe</strong></span> <span class='ocrx_word' id='word_1_337' title='bbox 2193 2126 2359 2166; x_wconf 83' lang='lat' dir='ltr'><strong>causa</strong></span> <span class='ocrx_word' id='word_1_338' title='bbox 2411 2109 2708 2168; x_wconf 83' lang='lat' dir='ltr'><strong>calumniis</strong></span> <span class='ocrx_word' id='word_1_339' title='bbox 2740 2112 3041 2181; x_wconf 88' lang='lat' dir='ltr'><strong>appetitam</strong></span> <span class='ocrx_word' id='word_1_340' title='bbox 3094 2111 3520 2180; x_wconf 86' lang='lat' dir='ltr'><strong>imperatricem,</strong></span> 
     </span>
    </p>
   </div>
   <div class='ocr_carea' id='block_1_49' title="bbox 1935 2203 3520 2269">
    <p class='ocr_par' dir='ltr' id='par_1_49' title="bbox 1935 2203 3520 2269">
     <span class='ocr_line' id='line_1_49' title="bbox 1935 2203 3520 2269; baseline -0.003 -11"><span class='ocrx_word' id='word_1_341' title='bbox 1935 2203 1980 2258; x_wconf 89' lang='lat' dir='ltr'><strong>si</strong></span> <span class='ocrx_word' id='word_1_342' title='bbox 2013 2203 2338 2258; x_wconf 87' lang='lat' dir='ltr'><strong>insidiarum</strong></span> <span class='ocrx_word' id='word_1_343' title='bbox 2376 2203 2604 2256; x_wconf 88' lang='lat' dir='ltr'><strong>minime</strong></span> <span class='ocrx_word' id='word_1_344' title='bbox 2631 2204 2850 2258; x_wconf 78' lang='lat' dir='ltr'><strong>comicia</strong></span> <span class='ocrx_word' id='word_1_345' title='bbox 2887 2211 3057 2269; x_wconf 86' lang='lat' dir='ltr'><strong>esset,</strong></span> <span class='ocrx_word' id='word_1_346' title='bbox 3089 2203 3236 2258; x_wconf 84' lang='lat' dir='ltr'><strong>haud</strong></span> <span class='ocrx_word' id='word_1_347' title='bbox 3276 2204 3520 2266; x_wconf 88' lang='lat' dir='ltr'><strong>bonum;</strong></span> 
     </span>
    </p>
   </div>
   <div class='ocr_carea' id='block_1_50' title="bbox 1936 2296 3523 2368">
    <p class='ocr_par' dir='ltr' id='par_1_50' title="bbox 1936 2296 3523 2368">
     <span class='ocr_line' id='line_1_50' title="bbox 1936 2296 3523 2368; baseline -0.003 -15"><span class='ocrx_word' id='word_1_348' title='bbox 1936 2313 2059 2354; x_wconf 88' lang='lat' dir='ltr'><strong>esse</strong></span> <span class='ocrx_word' id='word_1_349' title='bbox 2106 2306 2290 2353; x_wconf 88' lang='lat' dir='ltr'><strong>autem</strong></span> <span class='ocrx_word' id='word_1_350' title='bbox 2337 2299 2615 2352; x_wconf 87' lang='lat' dir='ltr'><strong>consciam</strong></span> <span class='ocrx_word' id='word_1_351' title='bbox 2685 2307 2742 2352; x_wconf 90' lang='lat' dir='ltr'><strong>ct</strong></span> <span class='ocrx_word' id='word_1_352' title='bbox 2790 2297 2918 2352; x_wconf 89' lang='lat' dir='ltr'><strong>facti</strong></span> <span class='ocrx_word' id='word_1_353' title='bbox 2974 2298 3321 2368; x_wconf 74' lang='lat' dir='ltr'><strong>participem,</strong></span> <span class='ocrx_word' id='word_1_354' title='bbox 3364 2296 3523 2350; x_wconf 83' lang='lat' dir='ltr'><strong>valde</strong></span> 
     </span>
    </p>
   </div>
   <div class='ocr_carea' id='block_1_51' title="bbox 1938 2388 3522 2460">
    <p class='ocr_par' dir='ltr' id='par_1_51' title="bbox 1938 2388 3522 2460">
     <span class='ocr_line' id='line_1_51' title="bbox 1938 2388 3522 2460; baseline -0.003 -15"><span class='ocrx_word' id='word_1_355' title='bbox 1938 2391 2176 2446; x_wconf 88' lang='lat' dir='ltr'><strong>immane</strong></span> <span class='ocrx_word' id='word_1_356' title='bbox 2211 2389 2512 2460; x_wconf 86' lang='lat' dir='ltr'><strong>judicabat,</strong></span> <span class='ocrx_word' id='word_1_357' title='bbox 2547 2389 2774 2458; x_wconf 89' lang='lat' dir='ltr'><strong>quando</strong></span> <span class='ocrx_word' id='word_1_358' title='bbox 2808 2389 2924 2458; x_wconf 85' lang='lat' dir='ltr'><strong>ipse</strong></span> <span class='ocrx_word' id='word_1_359' title='bbox 2976 2389 3115 2444; x_wconf 89' lang='lat' dir='ltr'><strong>adeo</strong></span> <span class='ocrx_word' id='word_1_360' title='bbox 3164 2388 3306 2442; x_wconf 82' lang='lat' dir='ltr'><strong>bene</strong></span> <span class='ocrx_word' id='word_1_361' title='bbox 3351 2404 3522 2454; x_wconf 86' lang='lat' dir='ltr'><strong>cupe-</strong></span> 
     </span>
    </p>
   </div>
   <div class='ocr_carea' id='block_1_52' title="bbox 1938 2477 3522 2551">
    <p class='ocr_par' dir='ltr' id='par_1_52' title="bbox 1938 2477 3522 2551">
     <span class='ocr_line' id='line_1_52' title="bbox 1938 2477 3522 2551; baseline -0.005 -15"><span class='ocrx_word' id='word_1_362' title='bbox 1938 2491 2042 2547; x_wconf 91' lang='lat' dir='ltr'><strong>ret,</strong></span> <span class='ocrx_word' id='word_1_363' title='bbox 2078 2491 2138 2536; x_wconf 92' lang='lat' dir='ltr'><strong>ut</strong></span> <span class='ocrx_word' id='word_1_364' title='bbox 2189 2480 2360 2535; x_wconf 83' lang='lat' dir='ltr'><strong>filium</strong></span> <span class='ocrx_word' id='word_1_365' title='bbox 2419 2482 2538 2551; x_wconf 86' lang='lat' dir='ltr'><strong>ejus</strong></span> <span class='ocrx_word' id='word_1_366' title='bbox 2573 2495 2604 2536; x_wconf 91' lang='lat' dir='ltr'><strong>e</strong></span> <span class='ocrx_word' id='word_1_367' title='bbox 2650 2480 2890 2535; x_wconf 79' lang='lat' dir='ltr'><strong>vinculis</strong></span> <span class='ocrx_word' id='word_1_368' title='bbox 2943 2480 3195 2534; x_wconf 88' lang='lat' dir='ltr'><strong>emittere</strong></span> <span class='ocrx_word' id='word_1_369' title='bbox 3235 2477 3522 2547; x_wconf 73' lang='lat' dir='ltr'><strong>cogitaret,</strong></span> 
     </span>
    </p>
   </div>
   <div class='ocr_carea' id='block_1_53' title="bbox 1939 2568 3526 2643">
    <p class='ocr_par' dir='ltr' id='par_1_53' title="bbox 1939 2568 3526 2643">
     <span class='ocr_line' id='line_1_53' title="bbox 1939 2568 3526 2643; baseline -0.003 -17"><span class='ocrx_word' id='word_1_370' title='bbox 1939 2571 2086 2643; x_wconf 91' lang='lat' dir='ltr'><strong>quod</strong></span> <span class='ocrx_word' id='word_1_371' title='bbox 2140 2588 2303 2627; x_wconf 90' lang='lat' dir='ltr'><strong>nemo</strong></span> <span class='ocrx_word' id='word_1_372' title='bbox 2352 2580 2764 2640; x_wconf 76' lang='lat' dir='ltr'><strong>exspectasset;</strong></span> <span class='ocrx_word' id='word_1_373' title='bbox 2819 2573 2934 2640; x_wconf 90' lang='lat' dir='ltr'><strong>ipsa</strong></span> <span class='ocrx_word' id='word_1_374' title='bbox 2985 2584 3118 2624; x_wconf 88' lang='lat' dir='ltr'><strong>vero</strong></span> <span class='ocrx_word' id='word_1_375' title='bbox 3163 2579 3340 2622; x_wconf 83' lang='lat' dir='ltr'><strong>tautas</strong></span> <span class='ocrx_word' id='word_1_376' title='bbox 3368 2568 3424 2622; x_wconf 92' lang='lat' dir='ltr'><strong>in</strong></span> <span class='ocrx_word' id='word_1_377' title='bbox 3464 2582 3526 2621; x_wconf 88' lang='lat' dir='ltr'><strong>se</strong></span> 
     </span>
    </p>
   </div>
   <div class='ocr_carea' id='block_1_54' title="bbox 1939 2664 3526 2735">
    <p class='ocr_par' dir='ltr' id='par_1_54' title="bbox 1939 2664 3526 2735">
     <span class='ocr_line' id='line_1_54' title="bbox 1939 2664 3526 2735; baseline -0.004 -15"><span class='ocrx_word' id='word_1_378' title='bbox 1939 2665 2169 2720; x_wconf 87' lang='lat' dir='ltr'><strong>insidias</strong></span> <span class='ocrx_word' id='word_1_379' title='bbox 2215 2673 2324 2719; x_wconf 90' lang='lat' dir='ltr'><strong>tam</strong></span> <span class='ocrx_word' id='word_1_380' title='bbox 2359 2665 2596 2735; x_wconf 85' lang='lat' dir='ltr'><strong>maligne</strong></span> <span class='ocrx_word' id='word_1_381' title='bbox 2637 2673 3010 2733; x_wconf 88' lang='lat' dir='ltr'><strong>compararet.</strong></span> <span class='ocrx_word' id='word_1_382' title='bbox 3045 2664 3430 2718; x_wconf 76' lang='lat' dir='ltr'><strong>Verumtamen</strong></span> <span class='ocrx_word' id='word_1_383' title='bbox 3457 2676 3526 2713; x_wconf 89' lang='lat' dir='ltr'><strong>eo</strong></span> 
     </span>
    </p>
   </div>
   <div class='ocr_carea' id='block_1_55' title="bbox 1938 2753 3529 2828">
    <p class='ocr_par' dir='ltr' id='par_1_55' title="bbox 1938 2753 3529 2828">
     <span class='ocr_line' id='line_1_55' title="bbox 1938 2753 3529 2828; baseline -0.003 -17"><span class='ocrx_word' id='word_1_384' title='bbox 1938 2757 2123 2828; x_wconf 85' lang='lat' dir='ltr'><strong>potius</strong></span> <span class='ocrx_word' id='word_1_385' title='bbox 2175 2756 2576 2828; x_wconf 81' lang='lat' dir='ltr'><strong>prOpendebat,</strong></span> <span class='ocrx_word' id='word_1_386' title='bbox 2611 2765 2669 2810; x_wconf 91' lang='lat' dir='ltr'><strong>ut</strong></span> <span class='ocrx_word' id='word_1_387' title='bbox 2706 2770 3018 2810; x_wconf 87' lang='lat' dir='ltr'><strong>sermonem</strong></span> <span class='ocrx_word' id='word_1_388' title='bbox 3071 2756 3224 2809; x_wconf 89' lang='lat' dir='ltr'><strong>illum</strong></span> <span class='ocrx_word' id='word_1_389' title='bbox 3286 2769 3384 2824; x_wconf 92' lang='lat' dir='ltr'><strong>pro</strong></span> <span class='ocrx_word' id='word_1_390' title='bbox 3428 2753 3529 2807; x_wconf 86' lang='lat' dir='ltr'><strong>ob-</strong></span> 
     </span>
    </p>
   </div>
   <div class='ocr_carea' id='block_1_56' title="bbox 1942 2847 3527 2914">
    <p class='ocr_par' dir='ltr' id='par_1_56' title="bbox 1942 2847 3527 2914">
     <span class='ocr_line' id='line_1_56' title="bbox 1942 2847 3527 2914; baseline -0.003 -10"><span class='ocrx_word' id='word_1_391' title='bbox 1942 2851 2268 2905; x_wconf 88' lang='lat' dir='ltr'><strong>trectatione</strong></span> <span class='ocrx_word' id='word_1_392' title='bbox 2297 2850 2620 2914; x_wconf 89' lang='lat' dir='ltr'><strong>haberet,et</strong></span> <span class='ocrx_word' id='word_1_393' title='bbox 2643 2849 2695 2904; x_wconf 89' lang='lat' dir='ltr'><strong>id</strong></span> <span class='ocrx_word' id='word_1_394' title='bbox 2719 2861 2977 2904; x_wconf 86' lang='lat' dir='ltr'><strong>constare</strong></span> <span class='ocrx_word' id='word_1_395' title='bbox 2998 2849 3217 2903; x_wconf 89' lang='lat' dir='ltr'><strong>volebat</strong></span> <span class='ocrx_word' id='word_1_396' title='bbox 3243 2847 3527 2901; x_wconf 87' lang='lat' dir='ltr'><strong>omnibus.</strong></span> 
     </span>
    </p>
   </div>
   <div class='ocr_carea' id='block_1_57' title="bbox 1942 2940 3531 3009">
    <p class='ocr_par' dir='ltr' id='par_1_57' title="bbox 1942 2940 3531 3009">
     <span class='ocr_line' id='line_1_57' title="bbox 1942 2940 3531 3009; baseline -0.004 -9"><span class='ocrx_word' id='word_1_397' title='bbox 1942 2943 2158 3000; x_wconf 87' lang='lat' dir='ltr'><strong>Idcirco</strong></span> <span class='ocrx_word' id='word_1_398' title='bbox 2189 2944 2468 2998; x_wconf 88' lang='lat' dir='ltr'><strong>curiosius</strong></span> <span class='ocrx_word' id='word_1_399' title='bbox 2500 2943 2732 2998; x_wconf 88' lang='lat' dir='ltr'><strong>Zianum</strong></span> <span class='ocrx_word' id='word_1_400' title='bbox 2772 2943 3081 3006; x_wconf 82' lang='lat' dir='ltr'><strong>excutiens,</strong></span> <span class='ocrx_word' id='word_1_401' title='bbox 3113 2957 3172 2995; x_wconf 86' lang='lat' dir='ltr'><strong>se</strong></span> <span class='ocrx_word' id='word_1_402' title='bbox 3201 2940 3276 2994; x_wconf 92' lang='lat' dir='ltr'><strong>illi</strong></span> <span class='ocrx_word' id='word_1_403' title='bbox 3305 2949 3531 3009; x_wconf 79' lang='lat' dir='ltr'><strong>propter</strong></span> 
     </span>
    </p>
   </div>
   <div class='ocr_carea' id='block_1_58' title="bbox 1944 3029 3530 3105">
    <p class='ocr_par' dir='ltr' id='par_1_58' title="bbox 1944 3029 3530 3105">
     <span class='ocr_line' id='line_1_58' title="bbox 1944 3029 3530 3105; baseline -0.004 -14"><span class='ocrx_word' id='word_1_404' title='bbox 1944 3036 2172 3091; x_wconf 87' lang='lat' dir='ltr'><strong>insidias</strong></span> <span class='ocrx_word' id='word_1_405' title='bbox 2197 3036 2525 3105; x_wconf 85' lang='lat' dir='ltr'><strong>supplicium</strong></span> <span class='ocrx_word' id='word_1_406' title='bbox 2549 3036 2991 3090; x_wconf 88' lang='lat' dir='ltr'><strong>condonaturum</strong></span> <span class='ocrx_word' id='word_1_407' title='bbox 3019 3031 3351 3095; x_wconf 83' lang='lat' dir='ltr'><strong>afﬁrmabat,</strong></span> <span class='ocrx_word' id='word_1_408' title='bbox 3385 3031 3428 3083; x_wconf 88' lang='lat' dir='ltr'><strong>si</strong></span> <span class='ocrx_word' id='word_1_409' title='bbox 3462 3029 3530 3084; x_wconf 77' lang='lat' dir='ltr'><strong>de</strong></span> 
     </span>
    </p>
   </div>
   <div class='ocr_carea' id='block_1_59' title="bbox 271 3119 1844 3198">
    <p class='ocr_par' dir='ltr' id='par_1_59' title="bbox 271 3119 1832 3197">
     <span class='ocr_line' id='line_1_59' title="bbox 271 3119 1832 3197; baseline -0.008 -14"><span class='ocrx_word' id='word_1_410' title='bbox 271 3129 510 3191; x_wconf 75' lang='grc' dir='ltr'>Ζειανδν,</span> <span class='ocrx_word' id='word_1_411' title='bbox 540 3127 1016 3197; x_wconf 86' lang='grc' dir='ltr'>ἐπαγγελλόμενος</span> <span class='ocrx_word' id='word_1_412' title='bbox 1041 3125 1193 3195; x_wconf 86' lang='grc' dir='ltr'>αὑτῷ</span> <span class='ocrx_word' id='word_1_413' title='bbox 1219 3124 1318 3195; x_wconf 82' lang='grc' dir='ltr'><strong>τὴν</strong></span> <span class='ocrx_word' id='word_1_414' title='bbox 1350 3124 1444 3177; x_wconf 74' lang='grc' dir='ltr'><strong>ἐπὶ</strong></span> <span class='ocrx_word' id='word_1_415' title='bbox 1471 3122 1538 3192; x_wconf 81' lang='grc' dir='ltr'><strong>τῇ</strong></span> <span class='ocrx_word' id='word_1_416' title='bbox 1570 3119 1832 3189; x_wconf 81' lang='grc' dir='ltr'>ἐπιϐουλῇ</span> 
     </span>
    </p>
   </div>
   <div class='ocr_carea' id='block_1_60' title="bbox 1948 3119 3533 3198">
    <p class='ocr_par' dir='ltr' id='par_1_60' title="bbox 1948 3127 3533 3198">
     <span class='ocr_line' id='line_1_60' title="bbox 1948 3127 3533 3198; baseline -0.004 -17"><span class='ocrx_word' id='word_1_417' title='bbox 1948 3127 2295 3198; x_wconf 89' lang='lat' dir='ltr'><strong>impcratrice</strong></span> <span class='ocrx_word' id='word_1_418' title='bbox 2309 3127 2609 3182; x_wconf 84' lang='lat' dir='ltr'><strong>detraxisse</strong></span> <span class='ocrx_word' id='word_1_419' title='bbox 2639 3128 3030 3182; x_wconf 86' lang='lat' dir='ltr'><strong>confiteretur:</strong></span> <span class='ocrx_word' id='word_1_420' title='bbox 3054 3135 3108 3178; x_wconf 91' lang='lat' dir='ltr'><strong>et</strong></span> <span class='ocrx_word' id='word_1_421' title='bbox 3125 3138 3410 3192; x_wconf 86' lang='lat' dir='ltr'><strong>procerum</strong></span> <span class='ocrx_word' id='word_1_422' title='bbox 3432 3137 3533 3175; x_wconf 56' lang='lat' dir='ltr'><strong>nt)-</strong></span> 
     </span>
    </p>
   </div>
   <div class='ocr_carea' id='block_1_61' title="bbox 271 3207 1842 3290">
    <p class='ocr_par' dir='ltr' id='par_1_61' title="bbox 271 3207 1842 3290">
     <span class='ocr_line' id='line_1_61' title="bbox 271 3207 1842 3290; baseline -0.008 -16"><span class='ocrx_word' id='word_1_423' title='bbox 271 3221 512 3290; x_wconf 65' lang='grc' dir='ltr'>ἀφέσεως</span> <span class='ocrx_word' id='word_1_424' title='bbox 538 3219 714 3290; x_wconf 89' lang='grc' dir='ltr'>δίκην,</span> <span class='ocrx_word' id='word_1_425' title='bbox 747 3220 796 3273; x_wconf 82' lang='grc' dir='ltr'><strong>εί</strong></span> <span class='ocrx_word' id='word_1_426' title='bbox 831 3221 898 3274; x_wconf 70' lang='grc' dir='ltr'><strong>τὰ</strong></span> <span class='ocrx_word' id='word_1_427' title='bbox 937 3207 1064 3290; x_wconf 72' lang='grc' dir='ltr'>περὶ</span> <span class='ocrx_word' id='word_1_428' title='bbox 1096 3215 1368 3287; x_wconf 77' lang='grc' dir='ltr'>βασιλίδος</span> <span class='ocrx_word' id='word_1_429' title='bbox 1409 3215 1680 3284; x_wconf 73' lang='grc' dir='ltr'>εἰρημένα</span> <span class='ocrx_word' id='word_1_430' title='bbox 1714 3227 1842 3263; x_wconf 87' lang='grc' dir='ltr'>συν-</span> 
     </span>
    </p>
   </div>
   <div class='ocr_carea' id='block_1_62' title="bbox 273 3307 1842 3384">
    <p class='ocr_par' dir='ltr' id='par_1_62' title="bbox 273 3307 1842 3384">
     <span class='ocr_line' id='line_1_62' title="bbox 273 3307 1842 3384; baseline -0.006 -18"><span class='ocrx_word' id='word_1_431' title='bbox 273 3314 556 3384; x_wconf 83' lang='grc' dir='ltr'>ομολογοίη</span> <span class='ocrx_word' id='word_1_432' title='bbox 603 3313 678 3376; x_wconf 85' lang='grc' dir='ltr'><strong>ὡς</strong></span> <span class='ocrx_word' id='word_1_433' title='bbox 728 3314 812 3382; x_wconf 85' lang='grc' dir='ltr'><strong>εῖη</strong></span> <span class='ocrx_word' id='word_1_434' title='bbox 874 3312 1254 3378; x_wconf 68' lang='grc' dir='ltr'>συκοφαντίαι,</span> <span class='ocrx_word' id='word_1_435' title='bbox 1297 3310 1397 3364; x_wconf 77' lang='grc' dir='ltr'>καὶ</span> <span class='ocrx_word' id='word_1_436' title='bbox 1447 3307 1556 3360; x_wconf 87' lang='grc' dir='ltr'>τῶν</span> <span class='ocrx_word' id='word_1_437' title='bbox 1585 3309 1643 3359; x_wconf 83' lang='grc' dir='ltr'><strong>ἐν</strong></span> <span class='ocrx_word' id='word_1_438' title='bbox 1697 3307 1842 3358; x_wconf 78' lang='grc' dir='ltr'>τέλει</span> 
     </span>
    </p>
   </div>
   <div class='ocr_carea' id='block_1_63' title="bbox 273 3398 1843 3474">
    <p class='ocr_par' dir='ltr' id='par_1_63' title="bbox 273 3398 1843 3474">
     <span class='ocr_line' id='line_1_63' title="bbox 273 3398 1843 3474; baseline -0.003 -18"><span class='ocrx_word' id='word_1_439' title='bbox 273 3408 385 3468; x_wconf 80' lang='grc' dir='ltr'>τοῖς</span> <span class='ocrx_word' id='word_1_440' title='bbox 426 3404 870 3474; x_wconf 77' lang='grc' dir='ltr'>ἐπιφανεστέροις</span> <span class='ocrx_word' id='word_1_441' title='bbox 900 3402 1000 3474; x_wconf 78' lang='grc' dir='ltr'><strong>τὴν</strong></span> <span class='ocrx_word' id='word_1_442' title='bbox 1050 3403 1301 3468; x_wconf 80' lang='grc' dir='ltr'>ἐξέτασιν</span> <span class='ocrx_word' id='word_1_443' title='bbox 1336 3401 1666 3470; x_wconf 79' lang='grc' dir='ltr'>ἐπέτρεπεν.</span> <span class='ocrx_word' id='word_1_444' title='bbox 1705 3398 1764 3452; x_wconf 86' lang='grc' dir='ltr'><strong>Ὀ</strong></span> <span class='ocrx_word' id='word_1_445' title='bbox 1796 3398 1843 3452; x_wconf 87' lang='grc' dir='ltr'>δ’</span> 
     </span>
    </p>
   </div>
   <div class='ocr_carea' id='block_1_64' title="bbox 276 3492 1846 3569">
    <p class='ocr_par' dir='ltr' id='par_1_64' title="bbox 276 3492 1846 3569">
     <span class='ocr_line' id='line_1_64' title="bbox 276 3492 1846 3569; baseline -0.004 -19"><span class='ocrx_word' id='word_1_446' title='bbox 276 3499 474 3568; x_wconf 64' lang='grc' dir='ltr'>ὁμοίως</span> <span class='ocrx_word' id='word_1_447' title='bbox 515 3501 604 3552; x_wconf 74' lang='grc' dir='ltr'><strong>ἐπὶ</strong></span> <span class='ocrx_word' id='word_1_448' title='bbox 641 3500 860 3553; x_wconf 74' lang='grc' dir='ltr'>πάντων</span> <span class='ocrx_word' id='word_1_449' title='bbox 899 3498 1208 3569; x_wconf 78' lang='grc' dir='ltr'>ἰσχυρίζετο</span> <span class='ocrx_word' id='word_1_450' title='bbox 1268 3497 1446 3567; x_wconf 80' lang='grc' dir='ltr'>ἀληθῆ</span> <span class='ocrx_word' id='word_1_451' title='bbox 1471 3496 1541 3549; x_wconf 75' lang='grc' dir='ltr'><strong>τὰ</strong></span> <span class='ocrx_word' id='word_1_452' title='bbox 1573 3492 1846 3564; x_wconf 79' lang='grc' dir='ltr'>εἰρημένα</span> 
     </span>
    </p>
   </div>
   <div class='ocr_carea' id='block_1_65' title="bbox 280 3583 1846 3660">
    <p class='ocr_par' dir='ltr' id='par_1_65' title="bbox 280 3583 1846 3660">
     <span class='ocr_line' id='line_1_65' title="bbox 280 3583 1846 3660; baseline -0.005 -16"><span class='ocrx_word' id='word_1_453' title='bbox 280 3590 435 3655; x_wconf 84' lang='grc' dir='ltr'>εἶναι,</span> <span class='ocrx_word' id='word_1_454' title='bbox 490 3593 584 3644; x_wconf 75' lang='grc' dir='ltr'><strong>καὶ</strong></span> <span class='ocrx_word' id='word_1_455' title='bbox 637 3593 854 3646; x_wconf 81' lang='grc' dir='ltr'>πάντων</span> <span class='ocrx_word' id='word_1_456' title='bbox 911 3590 1126 3660; x_wconf 80' lang='grc' dir='ltr'>ἐκείνην</span> <span class='ocrx_word' id='word_1_457' title='bbox 1175 3589 1352 3642; x_wconf 86' lang='grc' dir='ltr'>αίτίαν</span> <span class='ocrx_word' id='word_1_458' title='bbox 1405 3585 1546 3642; x_wconf 73' lang='grc' dir='ltr'>εῖναι</span> <span class='ocrx_word' id='word_1_459' title='bbox 1595 3585 1730 3654; x_wconf 73' lang='grc' dir='ltr'>πρὸς</span> <span class='ocrx_word' id='word_1_460' title='bbox 1782 3583 1846 3637; x_wconf 79' lang='grc' dir='ltr'>ἀ-</span> 
     </span>
    </p>
   </div>
   <div class='ocr_carea' id='block_1_66' title="bbox 279 3669 1848 3744">
    <p class='ocr_par' dir='ltr' id='par_1_66' title="bbox 279 3669 1848 3744">
     <span class='ocr_line' id='line_1_66' title="bbox 279 3669 1848 3744; baseline -0.004 -17"><span class='ocrx_word' id='word_1_461' title='bbox 279 3691 453 3742; x_wconf 74' lang='grc' dir='ltr'>παντα</span> <span class='ocrx_word' id='word_1_462' title='bbox 498 3674 908 3744; x_wconf 76' lang='grc' dir='ltr'>ἐξηγουμένην,</span> <span class='ocrx_word' id='word_1_463' title='bbox 966 3674 1061 3726; x_wconf 79' lang='grc' dir='ltr'><strong>καὶ</strong></span> <span class='ocrx_word' id='word_1_464' title='bbox 1135 3673 1376 3743; x_wconf 85' lang='grc' dir='ltr'>τρόπους</span> <span class='ocrx_word' id='word_1_465' title='bbox 1421 3669 1848 3740; x_wconf 78' lang='grc' dir='ltr'>ἑξευρίσκουσαν</span> 
     </span>
    </p>
   </div>
   <div class='ocr_carea' id='block_1_67' title="bbox 279 3759 1847 3834">
    <p class='ocr_par' dir='ltr' id='par_1_67' title="bbox 279 3759 1847 3834">
     <span class='ocr_line' id='line_1_67' title="bbox 279 3759 1847 3834; baseline -0.007 -14"><span class='ocrx_word' id='word_1_466' title='bbox 279 3768 375 3820; x_wconf 72' lang='grc' dir='ltr'>καὶ</span> <span class='ocrx_word' id='word_1_467' title='bbox 420 3766 680 3828; x_wconf 83' lang='grc' dir='ltr'>ἐπινοίας,</span> <span class='ocrx_word' id='word_1_468' title='bbox 711 3764 770 3830; x_wconf 78' lang='grc' dir='ltr'><strong>ἐξ</strong></span> <span class='ocrx_word' id='word_1_469' title='bbox 813 3759 887 3819; x_wconf 82' lang='grc' dir='ltr'>ὧν</span> <span class='ocrx_word' id='word_1_470' title='bbox 930 3763 998 3818; x_wconf 86' lang='grc' dir='ltr'><strong>ἂν</strong></span> <span class='ocrx_word' id='word_1_471' title='bbox 1043 3762 1420 3834; x_wconf 65' lang='grc' dir='ltr'>κατορθωθείη</span> <span class='ocrx_word' id='word_1_472' title='bbox 1454 3760 1522 3814; x_wconf 72' lang='grc' dir='ltr'>τὰ</span> <span class='ocrx_word' id='word_1_473' title='bbox 1556 3759 1847 3828; x_wconf 80' lang='grc' dir='ltr'>βεϐουλευ-</span> 
     </span>
    </p>
   </div>
   <div class='ocr_carea' id='block_1_68' title="bbox 285 3845 1846 3928">
    <p class='ocr_par' dir='ltr' id='par_1_68' title="bbox 285 3845 1846 3928">
     <span class='ocr_line' id='line_1_68' title="bbox 285 3845 1846 3928; baseline -0.006 -18"><span class='ocrx_word' id='word_1_474' title='bbox 285 3859 415 3928; x_wconf 81' lang='grc' dir='ltr'>μένα</span> <span class='ocrx_word' id='word_1_475' title='bbox 438 3873 452 3888; x_wconf 82' lang='grc'><strong><em>⁸</em></strong></span> <span class='ocrx_word' id='word_1_476' title='bbox 483 3859 573 3911; x_wconf 76' lang='grc' dir='ltr'><strong>καὶ</strong></span> <span class='ocrx_word' id='word_1_477' title='bbox 597 3857 788 3926; x_wconf 81' lang='grc' dir='ltr'>λόγους</span> <span class='ocrx_word' id='word_1_478' title='bbox 818 3857 1130 3928; x_wconf 71' lang='grc' dir='ltr'>προσετίθει</span> <span class='ocrx_word' id='word_1_479' title='bbox 1158 3853 1445 3926; x_wconf 69' lang='grc' dir='ltr'><strong>πιθανοὺςι</strong></span> <span class='ocrx_word' id='word_1_480' title='bbox 1473 3851 1533 3916; x_wconf 80' lang='grc' dir='ltr'><strong>ἐξ</strong></span> <span class='ocrx_word' id='word_1_481' title='bbox 1563 3845 1635 3906; x_wconf 71' lang='grc' dir='ltr'>ὧν</span> <span class='ocrx_word' id='word_1_482' title='bbox 1659 3851 1846 3916; x_wconf 83' lang='grc' dir='ltr'>ὀλίγου</span> 
     </span>
    </p>
   </div>
   <div class='ocr_carea' id='block_1_69' title="bbox 279 3943 1848 4019">
    <p class='ocr_par' dir='ltr' id='par_1_69' title="bbox 279 3943 1848 4019">
     <span class='ocr_line' id='line_1_69' title="bbox 279 3943 1848 4019; baseline -0.006 -14"><span class='ocrx_word' id='word_1_483' title='bbox 279 3951 389 4005; x_wconf 87' lang='grc' dir='ltr'>δεῖν</span> <span class='ocrx_word' id='word_1_484' title='bbox 424 3954 546 4016; x_wconf 69' lang='grc' dir='ltr'>τοὺς</span> <span class='ocrx_word' id='word_1_485' title='bbox 576 3951 796 4014; x_wconf 78' lang='grc' dir='ltr'>πλείους</span> <span class='ocrx_word' id='word_1_486' title='bbox 821 3950 1005 4003; x_wconf 71' lang='grc' dir='ltr'>ἔπειθε</span> <span class='ocrx_word' id='word_1_487' title='bbox 1048 3948 1234 4019; x_wconf 79' lang='grc' dir='ltr'>φαῦλα</span> <span class='ocrx_word' id='word_1_488' title='bbox 1265 3949 1368 4018; x_wconf 69' lang='grc' dir='ltr'>ἤδη</span> <span class='ocrx_word' id='word_1_489' title='bbox 1409 3947 1541 4016; x_wconf 65' lang='grc' dir='ltr'>περὶ</span> <span class='ocrx_word' id='word_1_490' title='bbox 1573 3943 1848 4016; x_wconf 78' lang='grc' dir='ltr'>βασιλίδος</span> 
     </span>
    </p>
   </div>
   <div class='ocr_carea' id='block_1_70' title="bbox 281 4031 1847 4108">
    <p class='ocr_par' dir='ltr' id='par_1_70' title="bbox 281 4031 1847 4108">
     <span class='ocr_line' id='line_1_70' title="bbox 281 4031 1847 4108; baseline -0.008 -13"><span class='ocrx_word' id='word_1_491' title='bbox 281 4043 625 4095; x_wconf 73' lang='grc' dir='ltr'>ὑποπτεύειν.</span> <span class='ocrx_word' id='word_1_492' title='bbox 662 4038 819 4093; x_wconf 72' lang='grc' dir='ltr'>Οὕτω</span> <span class='ocrx_word' id='word_1_493' title='bbox 872 4039 932 4092; x_wconf 79' lang='grc' dir='ltr'>δὲ</span> <span class='ocrx_word' id='word_1_494' title='bbox 993 4037 1232 4108; x_wconf 69' lang='grc' dir='ltr'>συμϐὰν,</span> <span class='ocrx_word' id='word_1_495' title='bbox 1267 4037 1364 4090; x_wconf 81' lang='grc' dir='ltr'>καὶ</span> <span class='ocrx_word' id='word_1_496' title='bbox 1405 4036 1717 4091; x_wconf 81' lang='grc' dir='ltr'>Καλλίστου</span> <span class='ocrx_word' id='word_1_497' title='bbox 1750 4031 1847 4086; x_wconf 81' lang='grc' dir='ltr'>τοῦ</span> 
     </span>
    </p>
   </div>
   <div class='ocr_carea' id='block_1_71' title="bbox 280 4125 1849 4205">
    <p class='ocr_par' dir='ltr' id='par_1_71' title="bbox 280 4125 1849 4205">
     <span class='ocr_line' id='line_1_71' title="bbox 280 4125 1849 4205; baseline -0.006 -19"><span class='ocrx_word' id='word_1_498' title='bbox 280 4133 611 4205; x_wconf 80' lang='grc' dir='ltr'>πατριάρχου</span> <span class='ocrx_word' id='word_1_499' title='bbox 650 4135 706 4185; x_wconf 87' lang='grc' dir='ltr'><strong>ἐν</strong></span> <span class='ocrx_word' id='word_1_500' title='bbox 735 4135 848 4196; x_wconf 82' lang='grc' dir='ltr'>τοῖς</span> <span class='ocrx_word' id='word_1_501' title='bbox 908 4131 1204 4202; x_wconf 83' lang='grc' dir='ltr'>βασιλείοις</span> <span class='ocrx_word' id='word_1_502' title='bbox 1256 4129 1592 4198; x_wconf 80' lang='grc' dir='ltr'>ἀφιγμένου,</span> <span class='ocrx_word' id='word_1_503' title='bbox 1640 4125 1768 4179; x_wconf 73' lang='grc' dir='ltr'>ἐπεὶ</span> <span class='ocrx_word' id='word_1_504' title='bbox 1820 4127 1849 4178; x_wconf 84' lang='grc' dir='ltr'><strong>ό</strong></span> 
     </span>
    </p>
   </div>
   <div class='ocr_carea' id='block_1_72' title="bbox 281 4218 1847 4294">
    <p class='ocr_par' dir='ltr' id='par_1_72' title="bbox 281 4218 1847 4294">
     <span class='ocr_line' id='line_1_72' title="bbox 281 4218 1847 4294; baseline -0.009 -12"><span class='ocrx_word' id='word_1_505' title='bbox 281 4227 501 4291; x_wconf 74' lang='grc' dir='ltr'>Ζειανδς</span> <span class='ocrx_word' id='word_1_506' title='bbox 536 4226 924 4294; x_wconf 73' lang='grc' dir='ltr'>ἐξεταζόμενος</span> <span class='ocrx_word' id='word_1_507' title='bbox 959 4223 1193 4277; x_wconf 76' lang='grc' dir='ltr'>ἐπύθετο</span> <span class='ocrx_word' id='word_1_508' title='bbox 1217 4225 1501 4293; x_wconf 85' lang='grc' dir='ltr'>παρεῖναι,</span> <span class='ocrx_word' id='word_1_509' title='bbox 1538 4218 1847 4290; x_wconf 63' lang='grc' dir='ltr'>ἀρορισμδν</span> 
     </span>
    </p>
   </div>
   <div class='ocr_carea' id='block_1_73' title="bbox 281 4308 1856 4390">
    <p class='ocr_par' dir='ltr' id='par_1_73' title="bbox 281 4308 1856 4390">
     <span class='ocr_line' id='line_1_73' title="bbox 281 4308 1856 4390; baseline -0.009 -15"><span class='ocrx_word' id='word_1_510' title='bbox 281 4323 387 4375; x_wconf 67' lang='grc' dir='ltr'><strong>ἀπδ</strong></span> <span class='ocrx_word' id='word_1_511' title='bbox 419 4320 550 4374; x_wconf 75' lang='grc' dir='ltr'>θεοῦ</span> <span class='ocrx_word' id='word_1_512' title='bbox 606 4321 759 4390; x_wconf 84' lang='grc' dir='ltr'><strong>παρά</strong></span> <span class='ocrx_word' id='word_1_513' title='bbox 792 4318 885 4372; x_wconf 78' lang='grc' dir='ltr'><strong>τού</strong></span> <span class='ocrx_word' id='word_1_514' title='bbox 937 4319 1282 4388; x_wconf 80' lang='grc' dir='ltr'>πατριάρχου</span> <span class='ocrx_word' id='word_1_515' title='bbox 1325 4314 1722 4387; x_wconf 78' lang='grc' dir='ltr'>προύκαλεῖτο,</span> <span class='ocrx_word' id='word_1_516' title='bbox 1778 4308 1856 4369; x_wconf 82' lang='grc' dir='ltr'>ὡς</span> 
     </span>
    </p>
   </div>
   <div class='ocr_carea' id='block_1_74' title="bbox 281 4400 1854 4480">
    <p class='ocr_par' dir='ltr' id='par_1_74' title="bbox 281 4400 1854 4480">
     <span class='ocr_line' id='line_1_74' title="bbox 281 4400 1854 4480; baseline -0.008 -15"><span class='ocrx_word' id='word_1_517' title='bbox 281 4411 452 4475; x_wconf 82' lang='grc' dir='ltr'>οὑτως</span> <span class='ocrx_word' id='word_1_518' title='bbox 481 4412 572 4464; x_wconf 85' lang='grc' dir='ltr'>ὑπ’</span> <span class='ocrx_word' id='word_1_519' title='bbox 628 4413 874 4480; x_wconf 85' lang='grc' dir='ltr'>ἀνάγκης</span> <span class='ocrx_word' id='word_1_520' title='bbox 905 4409 1052 4463; x_wconf 74' lang='grc' dir='ltr'>ἅπαν</span> <span class='ocrx_word' id='word_1_521' title='bbox 1087 4408 1260 4473; x_wconf 80' lang='grc' dir='ltr'>λέξων</span> <span class='ocrx_word' id='word_1_522' title='bbox 1302 4404 1560 4474; x_wconf 77' lang='grc' dir='ltr'>τάληθές.</span> <span class='ocrx_word' id='word_1_523' title='bbox 1591 4401 1758 4466; x_wconf 76' lang='grc' dir='ltr'>Δόξαν</span> <span class='ocrx_word' id='word_1_524' title='bbox 1797 4400 1854 4453; x_wconf 75' lang='grc' dir='ltr'>δὲ</span> 
     </span>
    </p>
   </div>
   <div class='ocr_carea' id='block_1_75' title="bbox 1943 3215 3533 3290">
    <p class='ocr_par' dir='ltr' id='par_1_75' title="bbox 1943 3215 3533 3290">
     <span class='ocr_line' id='line_1_75' title="bbox 1943 3215 3533 3290; baseline -0.006 -13"><span class='ocrx_word' id='word_1_525' title='bbox 1943 3221 2230 3277; x_wconf 87' lang='lat' dir='ltr'><strong>bilioribus</strong></span> <span class='ocrx_word' id='word_1_526' title='bbox 2251 3222 2604 3290; x_wconf 67' lang='lat' dir='ltr'><strong>quaestionem</strong></span> <span class='ocrx_word' id='word_1_527' title='bbox 2636 3221 2821 3275; x_wconf 85' lang='lat' dir='ltr'><strong>dabat.</strong></span> <span class='ocrx_word' id='word_1_528' title='bbox 2853 3218 3022 3289; x_wconf 72' lang='lat'><strong>899</strong></span> <span class='ocrx_word' id='word_1_529' title='bbox 3059 3217 3266 3271; x_wconf 89' lang='lat' dir='ltr'><strong>Zianus</strong></span> <span class='ocrx_word' id='word_1_530' title='bbox 3302 3215 3533 3284; x_wconf 83' lang='lat' dir='ltr'><strong>perinde</strong></span> 
     </span>
    </p>
   </div>
   <div class='ocr_carea' id='block_1_76' title="bbox 1943 3310 3531 3378">
    <p class='ocr_par' dir='ltr' id='par_1_76' title="bbox 1943 3310 3531 3378">
     <span class='ocr_line' id='line_1_76' title="bbox 1943 3310 3531 3378; baseline -0.004 -9"><span class='ocrx_word' id='word_1_531' title='bbox 1943 3314 1999 3370; x_wconf 89' lang='lat' dir='ltr'><strong>in</strong></span> <span class='ocrx_word' id='word_1_532' title='bbox 2022 3313 2276 3369; x_wconf 90' lang='lat' dir='ltr'><strong>omnibus</strong></span> <span class='ocrx_word' id='word_1_533' title='bbox 2305 3330 2430 3368; x_wconf 83' lang='lat' dir='ltr'><strong>vera</strong></span> <span class='ocrx_word' id='word_1_534' title='bbox 2463 3331 2520 3369; x_wconf 90' lang='lat' dir='ltr'><strong>se</strong></span> <span class='ocrx_word' id='word_1_535' title='bbox 2540 3314 2784 3368; x_wconf 90' lang='lat' dir='ltr'><strong>locutum</strong></span> <span class='ocrx_word' id='word_1_536' title='bbox 2810 3310 3180 3370; x_wconf 80' lang='lat' dir='ltr'><strong>asseverabat.</strong></span> <span class='ocrx_word' id='word_1_537' title='bbox 3201 3310 3531 3378; x_wconf 87' lang='lat' dir='ltr'><strong>culpamque</strong></span> 
     </span>
    </p>
   </div>
   <div class='ocr_carea' id='block_1_77' title="bbox 1945 3399 3534 3474">
    <p class='ocr_par' dir='ltr' id='par_1_77' title="bbox 1945 3399 3534 3474">
     <span class='ocr_line' id='line_1_77' title="bbox 1945 3399 3534 3474; baseline -0.004 -15"><span class='ocrx_word' id='word_1_538' title='bbox 1945 3419 2164 3460; x_wconf 89' lang='lat' dir='ltr'><strong>omnem</strong></span> <span class='ocrx_word' id='word_1_539' title='bbox 2197 3405 2249 3459; x_wconf 91' lang='lat' dir='ltr'><strong>in</strong></span> <span class='ocrx_word' id='word_1_540' title='bbox 2293 3405 2438 3459; x_wconf 86' lang='lat' dir='ltr'><strong>illam</strong></span> <span class='ocrx_word' id='word_1_541' title='bbox 2473 3405 2751 3474; x_wconf 85' lang='lat' dir='ltr'><strong>rejicicbat</strong></span> <span class='ocrx_word' id='word_1_542' title='bbox 2785 3423 2800 3460; x_wconf 78' lang='grc' dir='ltr'><strong>ι</strong></span> <span class='ocrx_word' id='word_1_543' title='bbox 2839 3405 2988 3458; x_wconf 89' lang='lat' dir='ltr'><strong>illam</strong></span> <span class='ocrx_word' id='word_1_544' title='bbox 3031 3404 3097 3458; x_wconf 92' lang='lat' dir='ltr'><strong>ad</strong></span> <span class='ocrx_word' id='word_1_545' title='bbox 3138 3400 3322 3456; x_wconf 89' lang='lat' dir='ltr'><strong>omnia</strong></span> <span class='ocrx_word' id='word_1_546' title='bbox 3367 3399 3534 3469; x_wconf 58' lang='lat' dir='ltr'><strong>prati-</strong></span> 
     </span>
    </p>
   </div>
   <div class='ocr_carea' id='block_1_78' title="bbox 1951 3494 3535 3562">
    <p class='ocr_par' dir='ltr' id='par_1_78' title="bbox 1951 3494 3535 3562">
     <span class='ocr_line' id='line_1_78' title="bbox 1951 3494 3535 3562; baseline -0.004 -11"><span class='ocrx_word' id='word_1_547' title='bbox 1951 3496 2098 3552; x_wconf 77' lang='lat' dir='ltr'><strong>visse</strong></span> <span class='ocrx_word' id='word_1_548' title='bbox 2145 3513 2162 3559; x_wconf 83' lang='lat'><strong>:</strong></span> <span class='ocrx_word' id='word_1_549' title='bbox 2200 3497 2346 3552; x_wconf 93' lang='lat' dir='ltr'><strong>illam</strong></span> <span class='ocrx_word' id='word_1_550' title='bbox 2395 3496 2588 3552; x_wconf 90' lang='lat' dir='ltr'><strong>modos</strong></span> <span class='ocrx_word' id='word_1_551' title='bbox 2630 3506 2685 3552; x_wconf 90' lang='lat' dir='ltr'><strong>et</strong></span> <span class='ocrx_word' id='word_1_552' title='bbox 2728 3507 2907 3552; x_wconf 87' lang='lat' dir='ltr'><strong>astum</strong></span> <span class='ocrx_word' id='word_1_553' title='bbox 2967 3495 3278 3554; x_wconf 77' lang='lat' dir='ltr'><strong>invenisse.</strong></span> <span class='ocrx_word' id='word_1_554' title='bbox 3331 3494 3535 3562; x_wconf 83' lang='lat' dir='ltr'><strong>quibus</strong></span> 
     </span>
    </p>
   </div>
   <div class='ocr_carea' id='block_1_79' title="bbox 1950 3587 3538 3660">
    <p class='ocr_par' dir='ltr' id='par_1_79' title="bbox 1950 3587 3538 3660">
     <span class='ocr_line' id='line_1_79' title="bbox 1950 3587 3538 3660; baseline -0.003 -17"><span class='ocrx_word' id='word_1_555' title='bbox 1950 3598 2140 3644; x_wconf 88' lang='lat' dir='ltr'><strong>mente</strong></span> <span class='ocrx_word' id='word_1_556' title='bbox 2179 3600 2446 3660; x_wconf 76' lang='lat' dir='ltr'><strong>conrepta</strong></span> <span class='ocrx_word' id='word_1_557' title='bbox 2477 3590 2715 3645; x_wconf 84' lang='lat' dir='ltr'><strong>feliciter</strong></span> <span class='ocrx_word' id='word_1_558' title='bbox 2761 3599 3148 3660; x_wconf 74' lang='lat' dir='ltr'><strong>patrarentur;</strong></span> <span class='ocrx_word' id='word_1_559' title='bbox 3180 3596 3237 3642; x_wconf 87' lang='lat' dir='ltr'><strong>et</strong></span> <span class='ocrx_word' id='word_1_560' title='bbox 3275 3587 3538 3657; x_wconf 85' lang='lat' dir='ltr'><strong>probabi-</strong></span> 
     </span>
    </p>
   </div>
   <div class='ocr_carea' id='block_1_80' title="bbox 1953 3681 3532 3754">
    <p class='ocr_par' dir='ltr' id='par_1_80' title="bbox 1953 3681 3532 3754">
     <span class='ocr_line' id='line_1_80' title="bbox 1953 3681 3532 3754; baseline -0.001 -18"><span class='ocrx_word' id='word_1_561' title='bbox 1953 3682 2105 3737; x_wconf 89' lang='lat' dir='ltr'><strong>libus</strong></span> <span class='ocrx_word' id='word_1_562' title='bbox 2131 3683 2392 3737; x_wconf 79' lang='lat' dir='ltr'><strong>utebatur</strong></span> <span class='ocrx_word' id='word_1_563' title='bbox 2427 3682 2792 3754; x_wconf 85' lang='lat' dir='ltr'><strong>argnmentis,</strong></span> <span class='ocrx_word' id='word_1_564' title='bbox 2815 3681 3016 3752; x_wconf 90' lang='lat' dir='ltr'><strong>quibus</strong></span> <span class='ocrx_word' id='word_1_565' title='bbox 3046 3682 3300 3750; x_wconf 87' lang='lat' dir='ltr'><strong>pluribus</strong></span> <span class='ocrx_word' id='word_1_566' title='bbox 3331 3681 3532 3734; x_wconf 90' lang='lat' dir='ltr'><strong>malam</strong></span> 
     </span>
    </p>
   </div>
   <div class='ocr_carea' id='block_1_81' title="bbox 1951 3771 3534 3845">
    <p class='ocr_par' dir='ltr' id='par_1_81' title="bbox 1951 3771 3534 3845">
     <span class='ocr_line' id='line_1_81' title="bbox 1951 3771 3534 3845; baseline -0.003 -16"><span class='ocrx_word' id='word_1_567' title='bbox 1951 3773 2020 3829; x_wconf 88' lang='lat' dir='ltr'><strong>de</strong></span> <span class='ocrx_word' id='word_1_568' title='bbox 2052 3775 2406 3845; x_wconf 81' lang='lat' dir='ltr'><strong>impcratrice</strong></span> <span class='ocrx_word' id='word_1_569' title='bbox 2432 3775 2804 3845; x_wconf 86' lang='lat' dir='ltr'><strong>suspicionem</strong></span> <span class='ocrx_word' id='word_1_570' title='bbox 2835 3774 3007 3828; x_wconf 81' lang='lat' dir='ltr'><strong>ferme</strong></span> <span class='ocrx_word' id='word_1_571' title='bbox 3033 3773 3332 3844; x_wconf 87' lang='lat' dir='ltr'><strong>injiciebat.</strong></span> <span class='ocrx_word' id='word_1_572' title='bbox 3365 3771 3534 3826; x_wconf 83' lang='lat' dir='ltr'><strong>Forte</strong></span> 
     </span>
    </p>
   </div>
   <div class='ocr_carea' id='block_1_82' title="bbox 1950 3864 3534 3936">
    <p class='ocr_par' dir='ltr' id='par_1_82' title="bbox 1950 3864 3534 3936">
     <span class='ocr_line' id='line_1_82' title="bbox 1950 3864 3534 3936; baseline -0.004 -14"><span class='ocrx_word' id='word_1_573' title='bbox 1950 3875 2006 3922; x_wconf 89' lang='lat' dir='ltr'><strong>et</strong></span> <span class='ocrx_word' id='word_1_574' title='bbox 2026 3866 2285 3922; x_wconf 89' lang='lat' dir='ltr'><strong>Callistus</strong></span> <span class='ocrx_word' id='word_1_575' title='bbox 2311 3867 2626 3936; x_wconf 89' lang='lat' dir='ltr'><strong>patriarcha</strong></span> <span class='ocrx_word' id='word_1_576' title='bbox 2650 3866 2704 3919; x_wconf 91' lang='lat' dir='ltr'><strong>in</strong></span> <span class='ocrx_word' id='word_1_577' title='bbox 2761 3867 3027 3935; x_wconf 86' lang='lat' dir='ltr'><strong>palatium</strong></span> <span class='ocrx_word' id='word_1_578' title='bbox 3070 3864 3241 3929; x_wconf 81' lang='lat' dir='ltr'><strong>venit,</strong></span> <span class='ocrx_word' id='word_1_579' title='bbox 3267 3879 3430 3932; x_wconf 89' lang='lat' dir='ltr'><strong>quem</strong></span> <span class='ocrx_word' id='word_1_580' title='bbox 3474 3872 3534 3916; x_wconf 93' lang='lat' dir='ltr'><strong>ut</strong></span> 
     </span>
    </p>
   </div>
   <div class='ocr_carea' id='block_1_83' title="bbox 1951 3954 3534 4029">
    <p class='ocr_par' dir='ltr' id='par_1_83' title="bbox 1951 3954 3534 4029">
     <span class='ocr_line' id='line_1_83' title="bbox 1951 3954 3534 4029; baseline -0.004 -15"><span class='ocrx_word' id='word_1_581' title='bbox 1951 3959 2178 4024; x_wconf 84' lang='lat' dir='ltr'><strong>Zianus,</strong></span> <span class='ocrx_word' id='word_1_582' title='bbox 2205 3959 2297 4029; x_wconf 89' lang='lat' dir='ltr'><strong>qui</strong></span> <span class='ocrx_word' id='word_1_583' title='bbox 2333 3968 2447 4013; x_wconf 90' lang='lat' dir='ltr'><strong>tum</strong></span> <span class='ocrx_word' id='word_1_584' title='bbox 2478 3975 2506 4011; x_wconf 90' lang='lat' dir='ltr'><strong>a</strong></span> <span class='ocrx_word' id='word_1_585' title='bbox 2531 3957 2815 4029; x_wconf 87' lang='lat' dir='ltr'><strong>judicibus</strong></span> <span class='ocrx_word' id='word_1_586' title='bbox 2845 3957 3307 4026; x_wconf 87' lang='lat' dir='ltr'><strong>interrogabatur,</strong></span> <span class='ocrx_word' id='word_1_587' title='bbox 3337 3954 3534 4008; x_wconf 86' lang='lat' dir='ltr'><strong>adesse</strong></span> 
     </span>
    </p>
   </div>
   <div class='ocr_carea' id='block_1_84' title="bbox 1953 4047 3527 4110">
    <p class='ocr_par' dir='ltr' id='par_1_84' title="bbox 1953 4047 3527 4110">
     <span class='ocr_line' id='line_1_84' title="bbox 1953 4047 3527 4110; baseline -0.004 -4"><span class='ocrx_word' id='word_1_588' title='bbox 1953 4053 2184 4110; x_wconf 78' lang='lat' dir='ltr'><strong>audivit.</strong></span> <span class='ocrx_word' id='word_1_589' title='bbox 2212 4067 2339 4106; x_wconf 88' lang='lat' dir='ltr'><strong>eum</strong></span> <span class='ocrx_word' id='word_1_590' title='bbox 2381 4051 2448 4105; x_wconf 89' lang='lat' dir='ltr'><strong>ad</strong></span> <span class='ocrx_word' id='word_1_591' title='bbox 2474 4049 2998 4105; x_wconf 86' lang='lat' dir='ltr'><strong>anathematismum</strong></span> <span class='ocrx_word' id='word_1_592' title='bbox 3029 4049 3083 4102; x_wconf 91' lang='lat' dir='ltr'><strong>iu</strong></span> <span class='ocrx_word' id='word_1_593' title='bbox 3115 4063 3173 4102; x_wconf 84' lang='lat' dir='ltr'><strong>se</strong></span> <span class='ocrx_word' id='word_1_594' title='bbox 3205 4047 3527 4102; x_wconf 90' lang='lat' dir='ltr'><strong>dictandum</strong></span> 
     </span>
    </p>
   </div>
   <div class='ocr_carea' id='block_1_85' title="bbox 1958 4140 3532 4213">
    <p class='ocr_par' dir='ltr' id='par_1_85' title="bbox 1958 4140 3532 4213">
     <span class='ocr_line' id='line_1_85' title="bbox 1958 4140 3532 4213; baseline -0.002 -17"><span class='ocrx_word' id='word_1_595' title='bbox 1958 4143 2296 4213; x_wconf 84' lang='lat' dir='ltr'><strong>provocabat</strong></span> <span class='ocrx_word' id='word_1_596' title='bbox 2341 4160 2356 4196; x_wconf 89' lang='lat'><strong>:</strong></span> <span class='ocrx_word' id='word_1_597' title='bbox 2403 4142 2482 4197; x_wconf 88' lang='lat' dir='ltr'><strong>sic</strong></span> <span class='ocrx_word' id='word_1_598' title='bbox 2522 4142 2669 4196; x_wconf 84' lang='lat' dir='ltr'><strong>enim</strong></span> <span class='ocrx_word' id='word_1_599' title='bbox 2732 4150 3010 4207; x_wconf 83' lang='lat' dir='ltr'><strong>coactum,</strong></span> <span class='ocrx_word' id='word_1_600' title='bbox 3045 4140 3191 4209; x_wconf 91' lang='lat' dir='ltr'><strong>quod</strong></span> <span class='ocrx_word' id='word_1_601' title='bbox 3234 4155 3325 4194; x_wconf 89' lang='lat' dir='ltr'><strong>res</strong></span> <span class='ocrx_word' id='word_1_602' title='bbox 3365 4149 3532 4206; x_wconf 87' lang='lat' dir='ltr'><strong>esset,</strong></span> 
     </span>
    </p>
   </div>
   <div class='ocr_carea' id='block_1_86' title="bbox 1955 4233 3535 4302">
    <p class='ocr_par' dir='ltr' id='par_1_86' title="bbox 1955 4233 3535 4302">
     <span class='ocr_line' id='line_1_86' title="bbox 1955 4233 3535 4302; baseline -0.004 -12"><span class='ocrx_word' id='word_1_603' title='bbox 1955 4235 2403 4290; x_wconf 83' lang='lat' dir='ltr'><strong>enuntiaturum.</strong></span> <span class='ocrx_word' id='word_1_604' title='bbox 2431 4233 2566 4288; x_wconf 90' lang='lat' dir='ltr'><strong>Cum</strong></span> <span class='ocrx_word' id='word_1_605' title='bbox 2609 4233 2758 4287; x_wconf 88' lang='lat' dir='ltr'><strong>idem</strong></span> <span class='ocrx_word' id='word_1_606' title='bbox 2785 4233 3107 4302; x_wconf 73' lang='lat' dir='ltr'><strong>imperatori</strong></span> <span class='ocrx_word' id='word_1_607' title='bbox 3145 4234 3387 4299; x_wconf 88' lang='lat' dir='ltr'><strong>placeret</strong></span> <span class='ocrx_word' id='word_1_608' title='bbox 3414 4233 3535 4301; x_wconf 88' lang='lat' dir='ltr'><strong>(ue-</strong></span> 
     </span>
    </p>
   </div>
   <div class='ocr_carea' id='block_1_87' title="bbox 1957 4322 3535 4394">
    <p class='ocr_par' dir='ltr' id='par_1_87' title="bbox 1957 4322 3535 4394">
     <span class='ocr_line' id='line_1_87' title="bbox 1957 4322 3535 4394; baseline -0.002 -16"><span class='ocrx_word' id='word_1_609' title='bbox 1957 4339 2066 4394; x_wconf 89' lang='lat' dir='ltr'><strong>que</strong></span> <span class='ocrx_word' id='word_1_610' title='bbox 2119 4323 2268 4378; x_wconf 88' lang='lat' dir='ltr'><strong>enim</strong></span> <span class='ocrx_word' id='word_1_611' title='bbox 2316 4332 2600 4393; x_wconf 87' lang='lat' dir='ltr'><strong>tantopere</strong></span> <span class='ocrx_word' id='word_1_612' title='bbox 2648 4338 2944 4393; x_wconf 87' lang='lat' dir='ltr'><strong>parsurum</strong></span> <span class='ocrx_word' id='word_1_613' title='bbox 3002 4323 3107 4376; x_wconf 89' lang='lat' dir='ltr'><strong>sibi</strong></span> <span class='ocrx_word' id='word_1_614' title='bbox 3164 4322 3416 4384; x_wconf 87' lang='lat' dir='ltr'><strong>Zianum,</strong></span> <span class='ocrx_word' id='word_1_615' title='bbox 3475 4331 3535 4376; x_wconf 92' lang='lat' dir='ltr'><strong>ut</strong></span> 
     </span>
    </p>
   </div>
   <div class='ocr_carea' id='block_1_88' title="bbox 1957 4415 3537 4493">
    <p class='ocr_par' dir='ltr' id='par_1_88' title="bbox 1957 4415 3537 4493">
     <span class='ocr_line' id='line_1_88' title="bbox 1957 4415 3537 4493; baseline -0.003 -21"><span class='ocrx_word' id='word_1_616' title='bbox 1957 4431 2084 4472; x_wconf 90' lang='lat' dir='ltr'><strong>cum</strong></span> <span class='ocrx_word' id='word_1_617' title='bbox 2110 4416 2282 4493; x_wconf 78' lang='lat' dir='ltr'><strong>exitio</strong></span> <span class='ocrx_word' id='word_1_618' title='bbox 2305 4417 2503 4470; x_wconf 74' lang='lat' dir='ltr'><strong>anima:</strong></span> <span class='ocrx_word' id='word_1_619' title='bbox 2539 4415 2613 4469; x_wconf 89' lang='lat' dir='ltr'><strong>ita</strong></span> <span class='ocrx_word' id='word_1_620' title='bbox 2652 4425 2842 4470; x_wconf 91' lang='lat' dir='ltr'><strong>contra</strong></span> <span class='ocrx_word' id='word_1_621' title='bbox 2877 4415 3285 4484; x_wconf 69' lang='lat' dir='ltr'><strong>imprratricem</strong></span> <span class='ocrx_word' id='word_1_622' title='bbox 3329 4415 3537 4468; x_wconf 90' lang='lat' dir='ltr'><strong>nullius</strong></span> 
     </span>
    </p>
   </div>
   <div class='ocr_carea' id='block_1_89' title="bbox 283 4492 1844 4580">
    <p class='ocr_par' dir='ltr' id='par_1_89' title="bbox 283 4495 1844 4574">
     <span class='ocr_line' id='line_1_89' title="bbox 283 4495 1844 4574; baseline -0.007 -18"><span class='ocrx_word' id='word_1_623' title='bbox 283 4507 380 4556; x_wconf 76' lang='grc' dir='ltr'><strong>καὶ</strong></span> <span class='ocrx_word' id='word_1_624' title='bbox 412 4503 620 4574; x_wconf 85' lang='grc' dir='ltr'>βασιλεῖ</span> <span class='ocrx_word' id='word_1_625' title='bbox 643 4502 945 4556; x_wconf 84' lang='grc' dir='ltr'>λυσιτελεῖν</span> <span class='ocrx_word' id='word_1_626' title='bbox 975 4500 1118 4570; x_wconf 74' lang='grc' dir='ltr'>(οὑδὲ</span> <span class='ocrx_word' id='word_1_627' title='bbox 1156 4499 1267 4569; x_wconf 74' lang='grc' dir='ltr'>γὰρ</span> <span class='ocrx_word' id='word_1_628' title='bbox 1298 4498 1364 4551; x_wconf 79' lang='grc' dir='ltr'><strong>ἂν</strong></span> <span class='ocrx_word' id='word_1_629' title='bbox 1387 4497 1704 4567; x_wconf 83' lang='grc' dir='ltr'>ἁφειδήσειν</span> <span class='ocrx_word' id='word_1_630' title='bbox 1725 4495 1844 4546; x_wconf 79' lang='grc' dir='ltr'>ἐαυ-</span> 
     </span>
    </p>
   </div>
   <div class='ocr_carea' id='block_1_90' title="bbox 1948 4492 3536 4580">
    <p class='ocr_par' dir='ltr' id='par_1_90' title="bbox 1954 4505 3536 4580">
     <span class='ocr_line' id='line_1_90' title="bbox 1954 4505 3536 4580; baseline -0.003 -17"><span class='ocrx_word' id='word_1_631' title='bbox 1954 4509 2364 4580; x_wconf 76' lang='lat' dir='ltr'><strong>exspectatione</strong></span> <span class='ocrx_word' id='word_1_632' title='bbox 2399 4507 2534 4562; x_wconf 88' lang='lat' dir='ltr'><strong>lucri</strong></span> <span class='ocrx_word' id='word_1_633' title='bbox 2565 4507 2939 4571; x_wconf 84' lang='lat' dir='ltr'><strong>mentiretur),</strong></span> <span class='ocrx_word' id='word_1_634' title='bbox 2969 4505 3219 4560; x_wconf 87' lang='lat' dir='ltr'><strong>indulsit.</strong></span> <span class='ocrx_word' id='word_1_635' title='bbox 3243 4506 3374 4560; x_wconf 90' lang='lat' dir='ltr'><strong>Lata</strong></span> <span class='ocrx_word' id='word_1_636' title='bbox 3405 4522 3536 4558; x_wconf 88' lang='lat' dir='ltr'><strong>aua-</strong></span> 
     </span>
    </p>
   </div>
   <div class='ocr_carea' id='block_1_91' title="bbox 284 4587 1862 4660">
    <p class='ocr_par' dir='ltr' id='par_1_91' title="bbox 284 4587 1862 4660">
     <span class='ocr_line' id='line_1_91' title="bbox 284 4587 1862 4660; baseline -0.009 -11"><span class='ocrx_word' id='word_1_637' title='bbox 284 4595 380 4650; x_wconf 77' lang='grc' dir='ltr'>τοῦ</span> <span class='ocrx_word' id='word_1_638' title='bbox 401 4595 649 4648; x_wconf 80' lang='grc' dir='ltr'>τοσούτον</span> <span class='ocrx_word' id='word_1_639' title='bbox 673 4595 911 4658; x_wconf 69' lang='grc' dir='ltr'>Ζειανὸς,</span> <span class='ocrx_word' id='word_1_640' title='bbox 933 4592 1007 4656; x_wconf 85' lang='grc' dir='ltr'>ὼς</span> <span class='ocrx_word' id='word_1_641' title='bbox 1026 4591 1113 4646; x_wconf 80' lang='grc' dir='ltr'>ἐπ’</span> <span class='ocrx_word' id='word_1_642' title='bbox 1133 4591 1382 4660; x_wconf 75' lang='grc' dir='ltr'>ἀπωλείᾳ</span> <span class='ocrx_word' id='word_1_643' title='bbox 1401 4589 1577 4660; x_wconf 72' lang='grc' dir='ltr'>ψυχῆς</span> <span class='ocrx_word' id='word_1_644' title='bbox 1601 4587 1742 4642; x_wconf 82' lang='grc' dir='ltr'>οὑτω</span> <span class='ocrx_word' id='word_1_645' title='bbox 1763 4600 1862 4638; x_wconf 77' lang='grc' dir='ltr'>κα·</span> 
     </span>
    </p>
   </div>
   <div class='ocr_carea' id='block_1_92' title="bbox 287 4679 1859 4754">
    <p class='ocr_par' dir='ltr' id='par_1_92' title="bbox 287 4679 1859 4754">
     <span class='ocr_line' id='line_1_92' title="bbox 287 4679 1859 4754; baseline -0.005 -15"><span class='ocrx_word' id='word_1_646' title='bbox 287 4683 653 4754; x_wconf 76' lang='grc' dir='ltr'>ταψεύσεσθαι</span> <span class='ocrx_word' id='word_1_647' title='bbox 695 4683 964 4754; x_wconf 81' lang='grc' dir='ltr'>βασιλίδος</span> <span class='ocrx_word' id='word_1_648' title='bbox 1012 4682 1101 4737; x_wconf 83' lang='grc' dir='ltr'>ἐπ’</span> <span class='ocrx_word' id='word_1_649' title='bbox 1127 4683 1302 4736; x_wconf 85' lang='grc' dir='ltr'>ἐλπίδι</span> <span class='ocrx_word' id='word_1_650' title='bbox 1352 4682 1578 4752; x_wconf 85' lang='grc' dir='ltr'>κέρδους</span> <span class='ocrx_word' id='word_1_651' title='bbox 1601 4679 1859 4745; x_wconf 57' lang='grc' dir='ltr'>οὐδενος),</span> 
     </span>
    </p>
   </div>
   <div class='ocr_carea' id='block_1_93' title="bbox 291 4771 1860 4848">
    <p class='ocr_par' dir='ltr' id='par_1_93' title="bbox 291 4771 1860 4848">
     <span class='ocr_line' id='line_1_93' title="bbox 291 4771 1860 4848; baseline -0.006 -17"><span class='ocrx_word' id='word_1_652' title='bbox 291 4777 556 4848; x_wconf 77' lang='grc' dir='ltr'>ἐπέτρεπε</span> <span class='ocrx_word' id='word_1_653' title='bbox 570 4776 902 4846; x_wconf 69' lang='grc' dir='ltr'>πραχθῆναι.</span> <span class='ocrx_word' id='word_1_654' title='bbox 917 4778 1051 4848; x_wconf 83' lang='grc' dir='ltr'>Είρη</span> <span class='ocrx_word' id='word_1_655' title='bbox 1062 4775 1226 4845; x_wconf 87' lang='grc' dir='ltr'>μένου</span> <span class='ocrx_word' id='word_1_656' title='bbox 1241 4775 1298 4829; x_wconf 73' lang='grc' dir='ltr'>δὲ</span> <span class='ocrx_word' id='word_1_657' title='bbox 1311 4773 1510 4827; x_wconf 74' lang='grc' dir='ltr'>καὶτοῦ</span> <span class='ocrx_word' id='word_1_658' title='bbox 1528 4771 1860 4842; x_wconf 73' lang='grc' dir='ltr'>ἀφορισμοῦ,</span> 
     </span>
    </p>
   </div>
   <div class='ocr_carea' id='block_1_94' title="bbox 290 4865 1860 4941">
    <p class='ocr_par' dir='ltr' id='par_1_94' title="bbox 290 4865 1860 4941">
     <span class='ocr_line' id='line_1_94' title="bbox 290 4865 1860 4941; baseline -0.004 -19"><span class='ocrx_word' id='word_1_659' title='bbox 290 4870 370 4923; x_wconf 78' lang='grc' dir='ltr'><strong>ετι</strong></span> <span class='ocrx_word' id='word_1_660' title='bbox 405 4871 748 4941; x_wconf 84' lang='grc' dir='ltr'>βεϐαιότερον</span> <span class='ocrx_word' id='word_1_661' title='bbox 780 4871 848 4925; x_wconf 66' lang='grc' dir='ltr'>τὰ</span> <span class='ocrx_word' id='word_1_662' title='bbox 889 4871 1160 4940; x_wconf 78' lang='grc' dir='ltr'>πρότερον</span> <span class='ocrx_word' id='word_1_663' title='bbox 1199 4866 1469 4941; x_wconf 77' lang='grc' dir='ltr'>εἰρημένα</span> <span class='ocrx_word' id='word_1_664' title='bbox 1521 4865 1860 4937; x_wconf 73' lang='grc' dir='ltr'>ἰσχυρίζετο.</span> 
     </span>
    </p>
   </div>
   <div class='ocr_carea' id='block_1_95' title="bbox 297 4957 1861 5034">
    <p class='ocr_par' dir='ltr' id='par_1_95' title="bbox 297 4957 1861 5034">
     <span class='ocr_line' id='line_1_95' title="bbox 297 4957 1861 5034; baseline -0.005 -16"><span class='ocrx_word' id='word_1_665' title='bbox 297 4965 362 5018; x_wconf 79' lang='lat'><strong>&#39;0</strong></span> <span class='ocrx_word' id='word_1_666' title='bbox 394 4964 628 5034; x_wconf 78' lang='grc' dir='ltr'>μάλιστα</span> <span class='ocrx_word' id='word_1_667' title='bbox 663 4963 760 5034; x_wconf 79' lang='grc' dir='ltr'>τὴν</span> <span class='ocrx_word' id='word_1_668' title='bbox 797 4962 1064 5033; x_wconf 81' lang='grc' dir='ltr'>βασιλέως</span> <span class='ocrx_word' id='word_1_669' title='bbox 1088 4961 1320 5031; x_wconf 82' lang='grc' dir='ltr'>γνώμην</span> <span class='ocrx_word' id='word_1_670' title='bbox 1354 4961 1556 5023; x_wconf 70' lang='grc' dir='ltr'>ἔσεισε,</span> <span class='ocrx_word' id='word_1_671' title='bbox 1591 4962 1688 5013; x_wconf 64' lang='grc' dir='ltr'><strong>καὶ⁸</strong></span> <span class='ocrx_word' id='word_1_672' title='bbox 1729 4957 1861 5011; x_wconf 90' lang='grc' dir='ltr'>δυσ-</span> 
     </span>
    </p>
   </div>
   <div class='ocr_carea' id='block_1_96' title="bbox 295 5051 1860 5128">
    <p class='ocr_par' dir='ltr' id='par_1_96' title="bbox 295 5051 1860 5128">
     <span class='ocr_line' id='line_1_96' title="bbox 295 5051 1860 5128; baseline -0.005 -18"><span class='ocrx_word' id='word_1_673' title='bbox 295 5057 570 5128; x_wconf 83' lang='grc' dir='ltr'>μεναίνειν</span> <span class='ocrx_word' id='word_1_674' title='bbox 590 5055 856 5124; x_wconf 79' lang='grc' dir='ltr'>αὐτῷτὴν</span> <span class='ocrx_word' id='word_1_675' title='bbox 884 5054 1138 5124; x_wconf 77' lang='grc' dir='ltr'>βασιλίδα</span> <span class='ocrx_word' id='word_1_676' title='bbox 1168 5052 1442 5122; x_wconf 82' lang='grc' dir='ltr'>Εὑγενίαν</span> <span class='ocrx_word' id='word_1_677' title='bbox 1473 5053 1685 5117; x_wconf 73' lang='grc' dir='ltr'>ἔπεισε,</span> <span class='ocrx_word' id='word_1_678' title='bbox 1717 5051 1860 5120; x_wconf 85' lang='grc' dir='ltr'>πρό-</span> 
     </span>
    </p>
   </div>
   <div class='ocr_carea' id='block_1_97' title="bbox 289 5142 1863 5217">
    <p class='ocr_par' dir='ltr' id='par_1_97' title="bbox 289 5142 1863 5217">
     <span class='ocr_line' id='line_1_97' title="bbox 289 5142 1863 5217; baseline -0.003 -18"><span class='ocrx_word' id='word_1_679' title='bbox 289 5164 445 5217; x_wconf 87' lang='grc' dir='ltr'>τερον</span> <span class='ocrx_word' id='word_1_680' title='bbox 475 5145 723 5216; x_wconf 80' lang='grc' dir='ltr'>οὐδαμῶς</span> <span class='ocrx_word' id='word_1_681' title='bbox 766 5144 977 5212; x_wconf 80' lang='grc' dir='ltr'>φαύλας</span> <span class='ocrx_word' id='word_1_682' title='bbox 1009 5144 1156 5214; x_wconf 78' lang='grc' dir='ltr'>ἔχειν</span> <span class='ocrx_word' id='word_1_683' title='bbox 1193 5144 1323 5214; x_wconf 69' lang='grc' dir='ltr'>περὶ</span> <span class='ocrx_word' id='word_1_684' title='bbox 1345 5144 1570 5216; x_wconf 82' lang='grc' dir='ltr'>ἐκείνης</span> <span class='ocrx_word' id='word_1_685' title='bbox 1603 5142 1863 5204; x_wconf 79' lang='grc' dir='ltr'>ὑπονοίας</span> 
     </span>
    </p>
   </div>
   <div class='ocr_carea' id='block_1_98' title="bbox 291 5237 1864 5311">
    <p class='ocr_par' dir='ltr' id='par_1_98' title="bbox 291 5237 1864 5311">
     <span class='ocr_line' id='line_1_98' title="bbox 291 5237 1864 5311; baseline -0.002 -18"><span class='ocrx_word' id='word_1_686' title='bbox 291 5240 640 5310; x_wconf 82' lang='grc' dir='ltr'>ἀνεχόμενον.</span> <span class='ocrx_word' id='word_1_687' title='bbox 695 5238 1008 5308; x_wconf 72' lang='grc' dir='ltr'>Ἀχθεσοελς</span> <span class='ocrx_word' id='word_1_688' title='bbox 1041 5239 1100 5291; x_wconf 73' lang='grc' dir='ltr'>δὲ</span> <span class='ocrx_word' id='word_1_689' title='bbox 1129 5239 1195 5292; x_wconf 82' lang='grc' dir='ltr'>οὐ</span> <span class='ocrx_word' id='word_1_690' title='bbox 1234 5239 1496 5311; x_wconf 85' lang='grc' dir='ltr'>μετρίως,</span> <span class='ocrx_word' id='word_1_691' title='bbox 1547 5239 1643 5292; x_wconf 78' lang='grc' dir='ltr'>καὶ</span> <span class='ocrx_word' id='word_1_692' title='bbox 1685 5237 1864 5307; x_wconf 86' lang='grc' dir='ltr'>λύπης</span> 
     </span>
    </p>
   </div>
   <div class='ocr_carea' id='block_1_99' title="bbox 294 5331 1863 5404">
    <p class='ocr_par' dir='ltr' id='par_1_99' title="bbox 294 5331 1863 5404">
     <span class='ocr_line' id='line_1_99' title="bbox 294 5331 1863 5404; baseline 0.001 -19"><span class='ocrx_word' id='word_1_693' title='bbox 294 5333 547 5401; x_wconf 76' lang='grc' dir='ltr'>ἔμπλεως</span> <span class='ocrx_word' id='word_1_694' title='bbox 585 5333 879 5402; x_wconf 86' lang='grc' dir='ltr'>γενόμενος</span> <span class='ocrx_word' id='word_1_695' title='bbox 916 5334 1010 5386; x_wconf 74' lang='grc' dir='ltr'>ἐπὶ</span> <span class='ocrx_word' id='word_1_696' title='bbox 1048 5335 1161 5396; x_wconf 85' lang='grc' dir='ltr'>τοῖς</span> <span class='ocrx_word' id='word_1_697' title='bbox 1192 5334 1459 5404; x_wconf 81' lang='grc' dir='ltr'>συμϐᾶσι,</span> <span class='ocrx_word' id='word_1_698' title='bbox 1493 5333 1718 5387; x_wconf 78' lang='grc' dir='ltr'>Ζειανὺν</span> <span class='ocrx_word' id='word_1_699' title='bbox 1763 5331 1863 5402; x_wconf 84' lang='grc' dir='ltr'>μὲν</span> 
     </span>
    </p>
   </div>
   <div class='ocr_carea' id='block_1_100' title="bbox 297 5425 1861 5497">
    <p class='ocr_par' dir='ltr' id='par_1_100' title="bbox 297 5425 1861 5497">
     <span class='ocr_line' id='line_1_100' title="bbox 297 5425 1861 5497; baseline -0.001 -19"><span class='ocrx_word' id='word_1_700' title='bbox 297 5426 544 5478; x_wconf 75' lang='grc' dir='ltr'>ἐκέλευεν</span> <span class='ocrx_word' id='word_1_701' title='bbox 572 5428 629 5478; x_wconf 85' lang='grc' dir='ltr'><strong>ἐν</strong></span> <span class='ocrx_word' id='word_1_702' title='bbox 664 5425 1028 5497; x_wconf 81' lang='grc' dir='ltr'>δεσμωτηρίῳ</span> <span class='ocrx_word' id='word_1_703' title='bbox 1055 5426 1416 5496; x_wconf 84' lang='grc' dir='ltr'>φρουρεῖσθαι</span> <span class='ocrx_word' id='word_1_704' title='bbox 1441 5425 1861 5496; x_wconf 78' lang='grc' dir='ltr'>καθειρχθέντα,</span> 
     </span>
    </p>
   </div>
   <div class='ocr_carea' id='block_1_101' title="bbox 297 5515 1865 5588">
    <p class='ocr_par' dir='ltr' id='par_1_101' title="bbox 297 5515 1865 5588">
     <span class='ocr_line' id='line_1_101' title="bbox 297 5515 1865 5588; baseline 0 -19"><span class='ocrx_word' id='word_1_705' title='bbox 297 5517 457 5580; x_wconf 77' lang='grc' dir='ltr'>αὑτὸς</span> <span class='ocrx_word' id='word_1_706' title='bbox 493 5517 551 5570; x_wconf 67' lang='grc' dir='ltr'>δὲ</span> <span class='ocrx_word' id='word_1_707' title='bbox 583 5515 854 5586; x_wconf 80' lang='grc' dir='ltr'>ἀπέσχετο</span> <span class='ocrx_word' id='word_1_708' title='bbox 877 5517 973 5570; x_wconf 80' lang='grc' dir='ltr'>τοῦ</span> <span class='ocrx_word' id='word_1_709' title='bbox 1006 5519 1132 5588; x_wconf 73' lang='grc' dir='ltr'>περὶ</span> <span class='ocrx_word' id='word_1_710' title='bbox 1160 5517 1260 5588; x_wconf 82' lang='grc' dir='ltr'><strong>τὴν</strong></span> <span class='ocrx_word' id='word_1_711' title='bbox 1289 5518 1606 5588; x_wconf 84' lang='grc' dir='ltr'>ἐλευθερίαν</span> <span class='ocrx_word' id='word_1_712' title='bbox 1637 5517 1733 5570; x_wconf 82' lang='grc' dir='ltr'><strong>τοῦ</strong></span> <span class='ocrx_word' id='word_1_713' title='bbox 1761 5533 1865 5585; x_wconf 85' lang='grc' dir='ltr'>γυ-</span> 
     </span>
    </p>
   </div>
   <div class='ocr_carea' id='block_1_102' title="bbox 297 5608 1865 5680">
    <p class='ocr_par' dir='ltr' id='par_1_102' title="bbox 297 5608 1865 5680">
     <span class='ocr_line' id='line_1_102' title="bbox 297 5608 1865 5680; baseline 0.003 -21"><span class='ocrx_word' id='word_1_714' title='bbox 297 5609 479 5671; x_wconf 74' lang='grc' dir='ltr'>ναικδς</span> <span class='ocrx_word' id='word_1_715' title='bbox 513 5608 744 5676; x_wconf 75' lang='grc' dir='ltr'>ἀδελφοῦ</span> <span class='ocrx_word' id='word_1_716' title='bbox 774 5625 828 5663; x_wconf 89' lang='grc' dir='ltr'><strong>τι</strong></span> <span class='ocrx_word' id='word_1_717' title='bbox 852 5610 1132 5679; x_wconf 73' lang='grc' dir='ltr'>πράττειν,</span> <span class='ocrx_word' id='word_1_718' title='bbox 1166 5609 1198 5678; x_wconf 78' lang='grc' dir='ltr'>ἢ</span> <span class='ocrx_word' id='word_1_719' title='bbox 1234 5609 1594 5680; x_wconf 84' lang='grc' dir='ltr'>βουλεύεσθαι</span> <span class='ocrx_word' id='word_1_720' title='bbox 1619 5624 1634 5640; x_wconf 74' lang='grc' dir='ltr'><strong>ο</strong></span> <span class='ocrx_word' id='word_1_721' title='bbox 1662 5609 1865 5664; x_wconf 76' lang='grc' dir='ltr'>ἄτοπον</span> 
     </span>
    </p>
   </div>
   <div class='ocr_carea' id='block_1_103' title="bbox 299 5695 1864 5772">
    <p class='ocr_par' dir='ltr' id='par_1_103' title="bbox 299 5695 1864 5772">
     <span class='ocr_line' id='line_1_103' title="bbox 299 5695 1864 5772; baseline 0 -19"><span class='ocrx_word' id='word_1_722' title='bbox 299 5695 437 5755; x_wconf 76' lang='grc' dir='ltr'>εἶναι</span> <span class='ocrx_word' id='word_1_723' title='bbox 473 5701 832 5770; x_wconf 77' lang='grc' dir='ltr'>λογισάμενος</span> <span class='ocrx_word' id='word_1_724' title='bbox 865 5705 958 5757; x_wconf 75' lang='grc' dir='ltr'><strong>καὶ</strong></span> <span class='ocrx_word' id='word_1_725' title='bbox 1013 5703 1264 5772; x_wconf 83' lang='grc' dir='ltr'>σχέτλιον</span> <span class='ocrx_word' id='word_1_726' title='bbox 1319 5702 1541 5769; x_wconf 68' lang='grc' dir='ltr'>κομιδῆ,</span> <span class='ocrx_word' id='word_1_727' title='bbox 1606 5701 1705 5772; x_wconf 82' lang='grc' dir='ltr'><strong>τὴν</strong></span> <span class='ocrx_word' id='word_1_728' title='bbox 1763 5701 1864 5769; x_wconf 84' lang='grc' dir='ltr'>μὲν</span> 
     </span>
    </p>
   </div>
   <div class='ocr_carea' id='block_1_104' title="bbox 301 5790 1864 5866">
    <p class='ocr_par' dir='ltr' id='par_1_104' title="bbox 301 5790 1864 5866">
     <span class='ocr_line' id='line_1_104' title="bbox 301 5790 1864 5866; baseline 0.003 -24"><span class='ocrx_word' id='word_1_729' title='bbox 301 5791 506 5846; x_wconf 76' lang='grc' dir='ltr'>ἐκείνου</span> <span class='ocrx_word' id='word_1_730' title='bbox 548 5790 762 5863; x_wconf 80' lang='grc' dir='ltr'>μητέρα</span> <span class='ocrx_word' id='word_1_731' title='bbox 797 5793 895 5864; x_wconf 79' lang='grc' dir='ltr'>τὴν</span> <span class='ocrx_word' id='word_1_732' title='bbox 936 5793 1183 5862; x_wconf 83' lang='grc' dir='ltr'>βασιλίδα</span> <span class='ocrx_word' id='word_1_733' title='bbox 1231 5793 1504 5866; x_wconf 83' lang='grc' dir='ltr'>τοσαύτην</span> <span class='ocrx_word' id='word_1_734' title='bbox 1532 5794 1667 5865; x_wconf 73' lang='grc' dir='ltr'>πρὸς</span> <span class='ocrx_word' id='word_1_735' title='bbox 1699 5794 1864 5848; x_wconf 63' lang='grc' dir='ltr'>αὑτὸν</span> 
     </span>
    </p>
   </div>
   <div class='ocr_carea' id='block_1_105' title="bbox 1964 4599 3540 4670">
    <p class='ocr_par' dir='ltr' id='par_1_105' title="bbox 1964 4599 3540 4670">
     <span class='ocr_line' id='line_1_105' title="bbox 1964 4599 3540 4670; baseline -0.003 -13"><span class='ocrx_word' id='word_1_736' title='bbox 1964 4603 2224 4658; x_wconf 87' lang='lat' dir='ltr'><strong>thematis</strong></span> <span class='ocrx_word' id='word_1_737' title='bbox 2273 4602 2758 4659; x_wconf 72' lang='lat' dir='ltr'><strong>scntentia.etiam</strong></span> <span class='ocrx_word' id='word_1_738' title='bbox 2809 4600 3167 4670; x_wconf 79' lang='lat' dir='ltr'><strong>pertinacius,</strong></span> <span class='ocrx_word' id='word_1_739' title='bbox 3206 4615 3331 4668; x_wconf 75' lang='lat' dir='ltr'><strong>qua:</strong></span> <span class='ocrx_word' id='word_1_740' title='bbox 3383 4599 3540 4668; x_wconf 86' lang='lat' dir='ltr'><strong>prius</strong></span> 
     </span>
    </p>
   </div>
   <div class='ocr_carea' id='block_1_106' title="bbox 1963 4691 3539 4761">
    <p class='ocr_par' dir='ltr' id='par_1_106' title="bbox 1963 4691 3539 4761">
     <span class='ocr_line' id='line_1_106' title="bbox 1963 4691 3539 4761; baseline -0.003 -13"><span class='ocrx_word' id='word_1_741' title='bbox 1963 4693 2198 4758; x_wconf 80' lang='lat' dir='ltr'><strong>dixerat,</strong></span> <span class='ocrx_word' id='word_1_742' title='bbox 2245 4693 2580 4747; x_wconf 82' lang='lat' dir='ltr'><strong>affirmabat.</strong></span> <span class='ocrx_word' id='word_1_743' title='bbox 2613 4691 2771 4746; x_wconf 87' lang='lat' dir='ltr'><strong>Unde</strong></span> <span class='ocrx_word' id='word_1_744' title='bbox 2819 4691 3122 4761; x_wconf 87' lang='lat' dir='ltr'><strong>imperator</strong></span> <span class='ocrx_word' id='word_1_745' title='bbox 3170 4692 3539 4745; x_wconf 61' lang='lat' dir='ltr'><strong>vehementis-</strong></span> 
     </span>
    </p>
   </div>
   <div class='ocr_carea' id='block_1_107' title="bbox 1963 4781 3538 4854">
    <p class='ocr_par' dir='ltr' id='par_1_107' title="bbox 1963 4781 3538 4854">
     <span class='ocr_line' id='line_1_107' title="bbox 1963 4781 3538 4854; baseline -0.003 -14"><span class='ocrx_word' id='word_1_746' title='bbox 1963 4785 2124 4840; x_wconf 82' lang='lat' dir='ltr'><strong>sime-</strong></span> <span class='ocrx_word' id='word_1_747' title='bbox 2156 4784 2533 4854; x_wconf 88' lang='lat' dir='ltr'><strong>perturbatus,</strong></span> <span class='ocrx_word' id='word_1_748' title='bbox 2584 4782 2908 4852; x_wconf 84' lang='lat' dir='ltr'><strong>Eugeniam,</strong></span> <span class='ocrx_word' id='word_1_749' title='bbox 2943 4782 3012 4835; x_wconf 90' lang='lat' dir='ltr'><strong>de</strong></span> <span class='ocrx_word' id='word_1_750' title='bbox 3063 4797 3168 4852; x_wconf 88' lang='lat' dir='ltr'><strong>qua</strong></span> <span class='ocrx_word' id='word_1_751' title='bbox 3215 4781 3354 4835; x_wconf 90' lang='lat' dir='ltr'><strong>nihil</strong></span> <span class='ocrx_word' id='word_1_752' title='bbox 3401 4781 3538 4835; x_wconf 86' lang='lat' dir='ltr'><strong>sini-</strong></span> 
     </span>
    </p>
   </div>
   <div class='ocr_carea' id='block_1_108' title="bbox 1963 4873 3535 4944">
    <p class='ocr_par' dir='ltr' id='par_1_108' title="bbox 1963 4873 3535 4944">
     <span class='ocr_line' id='line_1_108' title="bbox 1963 4873 3535 4944; baseline -0.002 -12"><span class='ocrx_word' id='word_1_753' title='bbox 1963 4887 2139 4932; x_wconf 78' lang='lat' dir='ltr'><strong>3trum</strong></span> <span class='ocrx_word' id='word_1_754' title='bbox 2160 4876 2470 4933; x_wconf 84' lang='lat' dir='ltr'><strong>sustinebat</strong></span> <span class='ocrx_word' id='word_1_755' title='bbox 2495 4875 2790 4944; x_wconf 84' lang='lat' dir='ltr'><strong>suspicari,</strong></span> <span class='ocrx_word' id='word_1_756' title='bbox 2815 4874 2918 4929; x_wconf 88' lang='lat' dir='ltr'><strong>sibi</strong></span> <span class='ocrx_word' id='word_1_757' title='bbox 2952 4875 3093 4930; x_wconf 84' lang='lat' dir='ltr'><strong>male</strong></span> <span class='ocrx_word' id='word_1_758' title='bbox 3115 4874 3256 4929; x_wconf 84' lang='lat' dir='ltr'><strong>velle</strong></span> <span class='ocrx_word' id='word_1_759' title='bbox 3279 4873 3535 4937; x_wconf 86' lang='lat' dir='ltr'><strong>credidit,</strong></span> 
     </span>
    </p>
   </div>
   <div class='ocr_carea' id='block_1_109' title="bbox 1965 4967 3539 5038">
    <p class='ocr_par' dir='ltr' id='par_1_109' title="bbox 1965 4967 3539 5038">
     <span class='ocr_line' id='line_1_109' title="bbox 1965 4967 3539 5038; baseline 0 -15"><span class='ocrx_word' id='word_1_760' title='bbox 1965 4969 2266 5038; x_wconf 79' lang='lat' dir='ltr'><strong>dolensque</strong></span> <span class='ocrx_word' id='word_1_761' title='bbox 2313 4981 2421 5022; x_wconf 93' lang='lat' dir='ltr'><strong>non</strong></span> <span class='ocrx_word' id='word_1_762' title='bbox 2477 4967 2860 5032; x_wconf 84' lang='lat' dir='ltr'><strong>mediocriter,</strong></span> <span class='ocrx_word' id='word_1_763' title='bbox 2914 4979 2970 5022; x_wconf 84' lang='lat' dir='ltr'><strong>et</strong></span> <span class='ocrx_word' id='word_1_764' title='bbox 3020 4967 3415 5023; x_wconf 65' lang='lat' dir='ltr'><strong>maestitndinis</strong></span> <span class='ocrx_word' id='word_1_765' title='bbox 3466 4971 3539 5023; x_wconf 93' lang='lat' dir='ltr'><strong>ob</strong></span> 
     </span>
    </p>
   </div>
   <div class='ocr_carea' id='block_1_110' title="bbox 1963 5057 3543 5130">
    <p class='ocr_par' dir='ltr' id='par_1_110' title="bbox 1963 5057 3543 5130">
     <span class='ocr_line' id='line_1_110' title="bbox 1963 5057 3543 5130; baseline 0.001 -18"><span class='ocrx_word' id='word_1_766' title='bbox 1963 5057 2070 5114; x_wconf 87' lang='lat' dir='ltr'><strong>hoc</strong></span> <span class='ocrx_word' id='word_1_767' title='bbox 2102 5059 2318 5130; x_wconf 81' lang='lat' dir='ltr'><strong>plenus,</strong></span> <span class='ocrx_word' id='word_1_768' title='bbox 2361 5057 2595 5114; x_wconf 83' lang='lat' dir='ltr'><strong>Zianum</strong></span> <span class='ocrx_word' id='word_1_769' title='bbox 2632 5057 2686 5111; x_wconf 92' lang='lat' dir='ltr'><strong>in</strong></span> <span class='ocrx_word' id='word_1_770' title='bbox 2721 5057 3032 5112; x_wconf 86' lang='lat' dir='ltr'><strong>custodiam</strong></span> <span class='ocrx_word' id='word_1_771' title='bbox 3079 5057 3197 5112; x_wconf 89' lang='lat' dir='ltr'><strong>dari</strong></span> <span class='ocrx_word' id='word_1_772' title='bbox 3244 5059 3448 5130; x_wconf 90' lang='lat' dir='ltr'><strong>jussit,</strong></span> <span class='ocrx_word' id='word_1_773' title='bbox 3484 5069 3543 5114; x_wconf 79' lang='lat' dir='ltr'><strong>et</strong></span> 
     </span>
    </p>
   </div>
   <div class='ocr_carea' id='block_1_111' title="bbox 1964 5149 3542 5221">
    <p class='ocr_par' dir='ltr' id='par_1_111' title="bbox 1964 5149 3542 5221">
     <span class='ocr_line' id='line_1_111' title="bbox 1964 5149 3542 5221; baseline 0 -15"><span class='ocrx_word' id='word_1_774' title='bbox 1964 5151 2080 5220; x_wconf 87' lang='lat' dir='ltr'><strong>ipse</strong></span> <span class='ocrx_word' id='word_1_775' title='bbox 2137 5149 2207 5204; x_wconf 92' lang='lat' dir='ltr'><strong>de</strong></span> <span class='ocrx_word' id='word_1_776' title='bbox 2261 5149 2500 5204; x_wconf 82' lang='lat' dir='ltr'><strong>Mattbaei</strong></span> <span class='ocrx_word' id='word_1_777' title='bbox 2548 5149 2884 5205; x_wconf 86' lang='lat' dir='ltr'><strong>liberatione</strong></span> <span class='ocrx_word' id='word_1_778' title='bbox 2947 5165 3113 5220; x_wconf 87' lang='lat' dir='ltr'><strong>agere</strong></span> <span class='ocrx_word' id='word_1_779' title='bbox 3160 5161 3256 5204; x_wconf 87' lang='lat' dir='ltr'><strong>aut</strong></span> <span class='ocrx_word' id='word_1_780' title='bbox 3298 5153 3542 5221; x_wconf 85' lang='lat' dir='ltr'><strong>cogitare</strong></span> 
     </span>
    </p>
   </div>
   <div class='ocr_carea' id='block_1_112' title="bbox 1964 5241 3542 5312">
    <p class='ocr_par' dir='ltr' id='par_1_112' title="bbox 1964 5241 3542 5312">
     <span class='ocr_line' id='line_1_112' title="bbox 1964 5241 3542 5312; baseline 0 -14"><span class='ocrx_word' id='word_1_781' title='bbox 1964 5243 2176 5298; x_wconf 89' lang='lat' dir='ltr'><strong>destitit</strong></span> <span class='ocrx_word' id='word_1_782' title='bbox 2212 5261 2226 5297; x_wconf 87' lang='lat'><strong>:</strong></span> <span class='ocrx_word' id='word_1_783' title='bbox 2256 5242 2563 5298; x_wconf 83' lang='lat' dir='ltr'><strong>absurdum</strong></span> <span class='ocrx_word' id='word_1_784' title='bbox 2611 5251 2668 5298; x_wconf 90' lang='lat' dir='ltr'><strong>et</strong></span> <span class='ocrx_word' id='word_1_785' title='bbox 2721 5241 2992 5297; x_wconf 86' lang='lat' dir='ltr'><strong>nefarium</strong></span> <span class='ocrx_word' id='word_1_786' title='bbox 3043 5243 3319 5312; x_wconf 86' lang='lat' dir='ltr'><strong>imprimis</strong></span> <span class='ocrx_word' id='word_1_787' title='bbox 3366 5254 3542 5310; x_wconf 90' lang='lat' dir='ltr'><strong>ratus,</strong></span> 
     </span>
    </p>
   </div>
   <div class='ocr_carea' id='block_1_113' title="bbox 1963 5335 3543 5407">
    <p class='ocr_par' dir='ltr' id='par_1_113' title="bbox 1963 5335 3543 5407">
     <span class='ocr_line' id='line_1_113' title="bbox 1963 5335 3543 5407; baseline -0.001 -16"><span class='ocrx_word' id='word_1_788' title='bbox 1963 5337 2085 5407; x_wconf 84' lang='lat' dir='ltr'><strong>ejus</strong></span> <span class='ocrx_word' id='word_1_789' title='bbox 2129 5345 2358 5390; x_wconf 86' lang='lat' dir='ltr'><strong>matrem</strong></span> <span class='ocrx_word' id='word_1_790' title='bbox 2403 5343 2614 5390; x_wconf 88' lang='lat' dir='ltr'><strong>tantum</strong></span> <span class='ocrx_word' id='word_1_791' title='bbox 2653 5336 2737 5390; x_wconf 89' lang='lat' dir='ltr'><strong>sui</strong></span> <span class='ocrx_word' id='word_1_792' title='bbox 2783 5335 2966 5390; x_wconf 88' lang='lat' dir='ltr'><strong>odium</strong></span> <span class='ocrx_word' id='word_1_793' title='bbox 3013 5347 3068 5390; x_wconf 89' lang='lat' dir='ltr'><strong>et</strong></span> <span class='ocrx_word' id='word_1_794' title='bbox 3103 5336 3543 5392; x_wconf 83' lang='lat' dir='ltr'><strong>malevolentiam</strong></span> 
     </span>
    </p>
   </div>
   <div class='ocr_carea' id='block_1_114' title="bbox 1965 5422 3548 5493">
    <p class='ocr_par' dir='ltr' id='par_1_114' title="bbox 1965 5422 3548 5493">
     <span class='ocr_line' id='line_1_114' title="bbox 1965 5422 3548 5493; baseline -0.001 -14"><span class='ocrx_word' id='word_1_795' title='bbox 1965 5423 2307 5493; x_wconf 87' lang='lat' dir='ltr'><strong>concepisse,</strong></span> <span class='ocrx_word' id='word_1_796' title='bbox 2339 5433 2401 5478; x_wconf 93' lang='lat' dir='ltr'><strong>ut</strong></span> <span class='ocrx_word' id='word_1_797' title='bbox 2428 5422 2498 5478; x_wconf 90' lang='lat' dir='ltr'><strong>ad</strong></span> <span class='ocrx_word' id='word_1_798' title='bbox 2530 5433 2743 5493; x_wconf 90' lang='lat' dir='ltr'><strong>pestem</strong></span> <span class='ocrx_word' id='word_1_799' title='bbox 2771 5424 2904 5485; x_wconf 88' lang='lat' dir='ltr'><strong>sibi,</strong></span> <span class='ocrx_word' id='word_1_800' title='bbox 2928 5435 3022 5478; x_wconf 90' lang='lat' dir='ltr'><strong>aut</strong></span> <span class='ocrx_word' id='word_1_801' title='bbox 3048 5439 3328 5479; x_wconf 67' lang='lat' dir='ltr'><strong>aerumnas</strong></span> <span class='ocrx_word' id='word_1_802' title='bbox 3371 5425 3548 5479; x_wconf 80' lang='lat' dir='ltr'><strong>maxi-</strong></span> 
     </span>
    </p>
   </div>
   <div class='ocr_carea' id='block_1_115' title="bbox 1965 5515 3542 5585">
    <p class='ocr_par' dir='ltr' id='par_1_115' title="bbox 1965 5515 3542 5585">
     <span class='ocr_line' id='line_1_115' title="bbox 1965 5515 3542 5585; baseline -0.003 -13"><span class='ocrx_word' id='word_1_803' title='bbox 1965 5531 2086 5572; x_wconf 88' lang='lat' dir='ltr'><strong>mas</strong></span> <span class='ocrx_word' id='word_1_804' title='bbox 2130 5515 2396 5572; x_wconf 82' lang='lat' dir='ltr'><strong>creandas</strong></span> <span class='ocrx_word' id='word_1_805' title='bbox 2438 5516 2730 5570; x_wconf 87' lang='lat' dir='ltr'><strong>moliretur</strong></span> <span class='ocrx_word' id='word_1_806' title='bbox 2771 5516 3002 5570; x_wconf 90' lang='lat' dir='ltr'><strong>omnia:</strong></span> <span class='ocrx_word' id='word_1_807' title='bbox 3031 5532 3093 5570; x_wconf 88' lang='lat' dir='ltr'><strong>se</strong></span> <span class='ocrx_word' id='word_1_808' title='bbox 3117 5531 3254 5570; x_wconf 78' lang='lat' dir='ltr'><strong>vero</strong></span> <span class='ocrx_word' id='word_1_809' title='bbox 3283 5527 3542 5585; x_wconf 88' lang='lat' dir='ltr'><strong>tanquam</strong></span> 
     </span>
    </p>
   </div>
   <div class='ocr_carea' id='block_1_116' title="bbox 1968 5608 3542 5681">
    <p class='ocr_par' dir='ltr' id='par_1_116' title="bbox 1968 5608 3542 5681">
     <span class='ocr_line' id='line_1_116' title="bbox 1968 5608 3542 5681; baseline -0.004 -16"><span class='ocrx_word' id='word_1_810' title='bbox 1968 5611 2168 5678; x_wconf 81' lang='lat' dir='ltr'><strong>mentis</strong></span> <span class='ocrx_word' id='word_1_811' title='bbox 2196 5609 2442 5679; x_wconf 88' lang='lat' dir='ltr'><strong>inopem,</strong></span> <span class='ocrx_word' id='word_1_812' title='bbox 2468 5608 2631 5663; x_wconf 89' lang='lat' dir='ltr'><strong>etiam</strong></span> <span class='ocrx_word' id='word_1_813' title='bbox 2669 5609 2841 5663; x_wconf 83' lang='lat' dir='ltr'><strong>tilium</strong></span> <span class='ocrx_word' id='word_1_814' title='bbox 2871 5611 3012 5681; x_wconf 90' lang='lat' dir='ltr'><strong>ejus,</strong></span> <span class='ocrx_word' id='word_1_815' title='bbox 3043 5609 3256 5663; x_wconf 87' lang='lat' dir='ltr'><strong>hostem</strong></span> <span class='ocrx_word' id='word_1_816' title='bbox 3295 5609 3398 5662; x_wconf 87' lang='lat' dir='ltr'><strong>sibi</strong></span> <span class='ocrx_word' id='word_1_817' title='bbox 3437 5623 3542 5661; x_wconf 86' lang='lat' dir='ltr'><strong>una</strong></span> 
     </span>
    </p>
   </div>
   <div class='ocr_carea' id='block_1_117' title="bbox 1975 5700 3546 5767">
    <p class='ocr_par' dir='ltr' id='par_1_117' title="bbox 1975 5700 3546 5767">
     <span class='ocr_line' id='line_1_117' title="bbox 1975 5700 3546 5767; baseline -0.005 -9"><span class='ocrx_word' id='word_1_818' title='bbox 1975 5717 2100 5758; x_wconf 82' lang='lat' dir='ltr'><strong>cum</strong></span> <span class='ocrx_word' id='word_1_819' title='bbox 2152 5702 2245 5757; x_wconf 91' lang='lat' dir='ltr'><strong>illa</strong></span> <span class='ocrx_word' id='word_1_820' title='bbox 2295 5701 2577 5767; x_wconf 88' lang='lat' dir='ltr'><strong>futurum,</strong></span> <span class='ocrx_word' id='word_1_821' title='bbox 2625 5715 2656 5756; x_wconf 88' lang='lat' dir='ltr'><strong>e</strong></span> <span class='ocrx_word' id='word_1_822' title='bbox 2714 5717 2936 5758; x_wconf 83' lang='lat' dir='ltr'><strong>carcere</strong></span> <span class='ocrx_word' id='word_1_823' title='bbox 2981 5703 3284 5757; x_wconf 84' lang='lat' dir='ltr'><strong>dimittere.</strong></span> <span class='ocrx_word' id='word_1_824' title='bbox 3334 5701 3393 5753; x_wconf 90' lang='lat' dir='ltr'><strong>In</strong></span> <span class='ocrx_word' id='word_1_825' title='bbox 3459 5700 3546 5753; x_wconf 85' lang='lat' dir='ltr'><strong>bis</strong></span> 
     </span>
    </p>
   </div>
   <div class='ocr_carea' id='block_1_118' title="bbox 1979 5794 3544 5865">
    <p class='ocr_par' dir='ltr' id='par_1_118' title="bbox 1979 5794 3544 5865">
     <span class='ocr_line' id='line_1_118' title="bbox 1979 5794 3544 5865; baseline -0.005 -12"><span class='ocrx_word' id='word_1_826' title='bbox 1979 5794 2134 5853; x_wconf 76' lang='lat' dir='ltr'><strong>brevi</strong></span> <span class='ocrx_word' id='word_1_827' title='bbox 2193 5802 2441 5862; x_wconf 86' lang='lat' dir='ltr'><strong>tempore</strong></span> <span class='ocrx_word' id='word_1_828' title='bbox 2485 5794 2694 5865; x_wconf 85' lang='lat' dir='ltr'><strong>elapso,</strong></span> <span class='ocrx_word' id='word_1_829' title='bbox 2725 5794 2929 5851; x_wconf 77' lang='lat' dir='ltr'><strong>Zianus</strong></span> <span class='ocrx_word' id='word_1_830' title='bbox 2956 5794 3010 5849; x_wconf 91' lang='lat' dir='ltr'><strong>in</strong></span> <span class='ocrx_word' id='word_1_831' title='bbox 3037 5806 3278 5860; x_wconf 86' lang='lat' dir='ltr'><strong>carcere,</strong></span> <span class='ocrx_word' id='word_1_832' title='bbox 3310 5799 3370 5848; x_wconf 91' lang='lat' dir='ltr'><strong>ut</strong></span> <span class='ocrx_word' id='word_1_833' title='bbox 3410 5805 3544 5847; x_wconf 86' lang='lat' dir='ltr'><strong>con-</strong></span> 
     </span>
    </p>
   </div>
  </div>
