4056 6492
453 397 551 464 351

457 506 690 564 scientia
716 507 943 565 sceleris
979 509 1064 566 sui
1105 509 1436 581 exagitatus,
1468 516 1523 564 et
1547 508 1772 575 timens,
1807 524 1878 564 ne
1903 514 2029 578 post
2059 513 2105 570 Α

457 612 690 656 mortem
749 602 915 656 etiam
968 603 1037 658 ad
1085 602 1293 659 inferos
1354 603 1688 667 mitteretur,
1742 601 1896 656 velut
1933 602 2028 672 qui

458 702 655 763 pra-ter
710 694 1013 751 calumnias
1056 696 1111 751 in
1138 695 1551 764 imperatricem
1595 709 1626 749 a
1669 694 1779 749 Deo
1809 709 2034 764 quoque

459 784 580 838 diro
616 787 863 839 carmine
897 798 1185 856 separatus
1215 794 1386 851 esset,
1423 794 1480 840 et
1530 800 1656 841 cum
1692 784 2037 841 daemonibus

460 891 491 930 a
530 876 786 932 Numinis
815 878 1079 933 societate
1114 878 1168 931 in
1204 892 1423 932 omnem
1456 875 1816 931 aeternitatem
1857 878 2061 949 sejun:

460 967 565 1021 clis
599 969 802 1024 versari
838 969 1109 1040 elegisset,
1136 984 1236 1039 per
1287 968 1687 1024 amicissimum
1738 967 2035 1037 quemdam

462 1060 791 1130 patriarcha:
844 1062 1054 1117 litteras
1116 1062 1305 1127 mittit,
1367 1060 1573 1130 quibus
1632 1060 1928 1131 significat.
1979 1075 2039 1116 se

464 1147 728 1203 adversus
778 1140 1221 1219 imperatricem.
1256 1150 1506 1220 ignaram
1566 1165 1690 1217 qua:
1742 1150 1858 1220 ipse
1913 1163 2039 1204 cum

466 1240 765 1310 coiijuratis
790 1242 1133 1295 machinatus
1157 1249 1330 1302 esset.
1365 1241 1499 1297 falsa
1525 1241 1771 1295 locutum
1802 1259 1815 1295 :
1848 1250 1905 1295 et
1931 1255 2041 1311 quo

468 1331 755 1385 mendacio
804 1346 905 1386 suo
951 1332 1111 1386 fidem
1166 1334 1501 1403 impetraret,
1529 1332 1779 1403 improbe
1829 1348 1894 1388 ac
1924 1341 2042 1387 sto-

469 1420 579 1476 lide
630 1420 1149 1477 anatheinatismum
1204 1424 1538 1494 suscepisse.
1571 1422 1730 1478 Nunc
1771 1431 1953 1477 autem
1988 1424 2040 1478 in

468 1515 629 1582 quale
663 1514 981 1569 barathrum
1010 1531 1123 1585 pra:
1156 1525 1385 1587 stupore
1416 1513 1685 1569 deciderit
1712 1528 2047 1583 cognoscen-

472 1615 617 1672 tem,
650 1616 930 1677 totamque
957 1608 1243 1662 veritatem
1284 1607 1690 1676 enuntiantem,
1719 1605 1932 1685 veniam
1990 1611 2046 1658 et

471 1698 876 1752 absolutionem
904 1697 974 1753 ab
1016 1699 1591 1754 excommunicatione
1621 1698 1887 1770 flagitare.
1919 1696 2049 1753 Ilaec.

471 1788 674 1846 Zianus
692 1791 931 1859 scripsit.
954 1789 1154 1846 Verum
1182 1791 1275 1861 qui
1300 1791 1516 1846 litteras
1538 1791 1814 1861 portabat,
1836 1789 2012 1845 solers
2028 1829 2046 1856 ,

469 1891 527 1936 et
547 1883 615 1937 ail
644 1885 988 1939 occasionem
1006 1884 1372 1954 arripiendam
1397 1892 1705 1954 promptus,
1732 1882 2046 1952 intelligens
2082 1859 2124 1919 Β

472 1975 517 2029 si
554 1992 651 2030 eos
691 1976 759 2031 ad
806 1979 1167 2045 patriarcham
1203 1975 1467 2039 deferret,
1511 1962 1681 2031 Ziano
1725 1975 1829 2031 soli
1857 1973 2048 2045 profu-

475 2076 691 2122 turum:
712 2078 766 2123 at
793 2069 838 2124 si
860 2069 1282 2140 imperatoribus
1317 2068 1666 2132 reddidisset,
1693 2079 1895 2140 praeter
1922 2068 2047 2135 hoc,

476 2161 621 2227 quod
686 2161 855 2217 Ziano
930 2162 1253 2231 prodesset,
1309 2162 1474 2233 900
1518 2162 1684 2217 etiam
1737 2160 2051 2233 lEugeniam

476 2253 883 2324 imperatricem
910 2256 1207 2318 calumnia,
1246 2265 1303 2312 el.
1337 2256 1509 2310 filium
1544 2271 1761 2310 carcere
1792 2256 2055 2310 liberatu-

477 2363 621 2413 rum,
648 2363 772 2402 cum
797 2349 995 2403 litteris
1025 2349 1090 2403 ad
1126 2350 1274 2403 illam
1304 2349 1462 2403 abiit.
1488 2348 1634 2415 Quas
1657 2349 1748 2403 illa
1779 2348 1962 2402 statim
1984 2346 2051 2401 ad

476 2440 918 2495 Cantacuzcnum
982 2442 1148 2499 misit.
1185 2450 1241 2495 cl
1290 2441 1336 2496 is
1384 2441 1686 2511 Palteologi)
1730 2442 1847 2494 sine
1899 2454 2055 2494 mora

478 2533 740 2596 legendas
787 2532 1057 2588 exhibuit.
1099 2533 1190 2588 Sic
1228 2533 1676 2588 manifestissime
1708 2533 2055 2602 deprehensa

480 2624 885 2688 criminatione,
917 2623 1088 2679 nimio
1122 2625 1321 2693 gaudio
1354 2640 1493 2694 pene
1532 2624 1779 2695 desipuit
1816 2626 2055 2696 impera-

483 2725 592 2777 tor,
637 2715 897 2784 quoniam
949 2716 1160 2771 scilicet
1195 2716 1508 2788 malignitas
1561 2717 1654 2772 illa
1697 2728 1891 2773 contra
1928 2732 2060 2773 con-

481 2809 860 2877 junctissimos
904 2809 1241 2866 aii-nihilum
1293 2811 1595 2872 recidebat.
1629 2812 1775 2881 quod
1827 2811 2058 2867 mirifice

482 2910 767 2970 optaverat
816 2919 832 2958 :
886 2912 943 2957 et
975 2903 1127 2957 Ziani
1181 2903 1360 2957 scelus
1417 2914 1763 2968 exsecratus,
1801 2904 1893 2973 qui
1926 2904 2050 2960 sine

484 3010 648 3048 causa
704 3009 768 3049 ac
818 3004 1023 3049 temere
1081 3003 1188 3048 tam
1249 2995 1499 3049 odiosam
1554 2997 1885 3050 calumniam
1929 3012 2062 3051 cun-

486 3086 755 3150 finxisset,
780 3086 962 3141 subito
986 3084 1053 3141 ad
1096 3086 1284 3140 uxoris
1318 3086 1544 3141 fratrem
1577 3102 1608 3142 e
1635 3087 1885 3143 custodia
1923 3089 2061 3143 edu-

483 3179 719 3234 cendum
776 3179 1049 3235 incubuit.
1083 3178 1188 3234 Sed
1240 3194 1365 3234 cum
1410 3179 1818 3235 Thessalonica
1848 3182 2061 3251 negotia

484 3281 835 3344 prazscntiam
866 3273 986 3343 ejus
1036 3273 1194 3343 plane
1240 3272 1613 3342 requirerent,
1638 3285 1705 3326 eo
1748 3272 2067 3327 triremibus

487 3366 768 3435 profectus
812 3377 917 3422 est.
970 3368 1099 3422 Post
1151 3368 1412 3433 reditum,
1466 3362 1755 3421 Tenedum
1819 3368 2065 3433 mittens,

490 3458 807 3512 Matthaeum
838 3459 1101 3529 Epibatas
1129 3460 1420 3513 castellum
1457 3458 1735 3529 quoddam
1776 3476 1944 3529 ιιι-ονε
1972 3460 2069 3516 Se-

489 3551 722 3621 lybriam
759 3551 934 3617 duxit,
973 3560 1032 3605 ut
1064 3566 1191 3605 cum
1224 3561 1407 3606 essent
1454 3553 1644 3620 vicini,
1675 3555 1917 3623 colloqui
1947 3570 2072 3624 pns-

492 3651 634 3697 sent.
668 3643 1221 3711 Pustulabatautem,
1255 3655 1315 3699 ut
1345 3647 1578 3714 imperio
1610 3648 1839 3717 penitus
1865 3664 2069 3702 renun-

493 3736 680 3800 tiaret,
731 3736 930 3805 privati
978 3745 1121 3791 statu
1156 3748 1475 3803 contentus,
1506 3749 1560 3795 et
1595 3741 1905 3797 honoribus
1948 3752 2073 3812 post

492 3830 860 3900 imperatores
913 3833 1129 3901 primis,
1158 3835 1366 3891 liberos
1399 3837 1520 3907 ejus
1556 3836 1609 3890 in
1639 3834 1900 3890 omnibus
1957 3836 2075 3906 (ex-

491 3930 658 3992 cepto
712 3922 1026 3979 Andronico
1085 3926 1443 3997 imperatore)
1472 3927 1849 3983 antecederet.
1883 3926 2073 3981 Licere

492 4026 675 4069 autem
710 4015 785 4070 illi
829 4031 1030 4072 novum
1058 4033 1231 4089 genus
1256 4020 1491 4076 vestitus
1530 4021 1866 4090 excogitare,
1895 4033 2072 4088 eoque

497 4107 599 4169 uti.
626 4106 719 4161 sed
755 4107 956 4173 facere,
999 4116 1095 4163 aut
1132 4110 1284 4180 loqui
1340 4120 1401 4166 ut
1455 4114 1871 4182 imperatorem,
1910 4113 2073 4169 nihil.

495 4194 652 4262 Quod
701 4197 747 4253 si
799 4199 924 4269 quis
956 4215 1085 4271 erga
1118 4216 1245 4256 eum
1281 4209 1541 4274 tanquam
1595 4203 1980 4273 imperatorem
2014 4222 2084 4263 se.

493 4299 727 4360 gereret,
750 4301 845 4347 aut
873 4308 999 4347 eum
1026 4293 1132 4351 hoc
1161 4295 1383 4351 nomine
1414 4296 1743 4366 appellaret,
1773 4298 1924 4354 hunc
1958 4299 2074 4355 ira-

497 4394 585 4438 tus
616 4384 887 4454 rejieeret.
921 4386 1070 4443 Talis
1111 4400 1231 4443 erat
1272 4389 1556 4461 Palzeolngi
1595 4391 1908 4459 postulatio.
1937 4390 2077 4447 Hat-

496 4475 671 4529 tlte-us
722 4483 832 4530 tota
884 4478 995 4531 vita
1029 4493 1306 4534 carcerem
1354 4480 1634 4543 habitare,
1681 4497 1845 4550 quant
1906 4482 2070 4536 talem

1648 354 1973 459 tOANNIS
2007 393 2539 460 CANTACUZENI

3605 395 3713 462 ξιτ

2135 510 2363 579 πικρίαν
2413 509 2507 562 καὶ
2567 505 2892 579 δυσμένειαν
2933 504 3336 573 ἐνδείκνυσθαι,
3390 505 3469 570 ὡς
3527 507 3713 562 πάντα

2136 600 2407 671 πράττειν
2440 598 2499 666 ἐξ
2525 593 2600 655 ὧν
2628 599 2693 653 ἂν
2719 600 2885 665 αὐτὸς
2918 599 3274 671 διαφθαρείη,
3306 598 3339 672 ἢ
3368 601 3445 663 ὡς
3479 599 3717 671 μάλιστα

2139 694 2277 764 πρὸς
2319 693 2536 747 πολλῶν
2578 694 2833 762 ἀφίκοιτο
2886 695 3086 762 πεῖραν
3121 692 3425 763 δυσχερῶν,
3457 692 3623 747 αὐτὸν
3660 692 3718 746 δὲ

2137 787 2330 858 ὥσπερ
2371 787 2820 857 ἀπεστερημένον
2855 785 2916 840 τὸ
2961 786 3302 857 λογίζεσθαι,
3341 787 3438 840 καὶ
3469 788 3565 840 τὸν
3597 785 3715 841 υίδν

2137 880 2356 947 ἐκείνης
2392 880 2617 948 ἀφιέναι
2647 876 2742 930 τοῦ
2770 877 3175 948 δεσμωτηρίου,
3211 877 3475 946 πολέμιον
3517 879 3717 948 ἐσόμε-

2139 990 2230 1028 νον
2264 975 2520 1027 κάκεῐνον
2558 971 2657 1026 σὺν
2714 970 2877 1041 αὐτῇ.
2936 967 3145 1040 Χρόνου
3203 969 3260 1024 δὲ
3296 967 3440 1023 οὕτω
3485 969 3719 1040 βραχέος

2141 1064 2585 1137 παραρρυέντος,
2625 1061 2852 1125 Ζειανὸς
2895 1064 2955 1115 ὲν
2984 1062 3062 1130 τῷ
3110 1060 3480 1133 δεσμωτηρίῳ
3526 1060 3712 1132 ὥσπερ

2142 1158 2221 1220 είς
2251 1154 2611 1225 συναίσθησιν
2650 1151 2741 1210 οἵα
2786 1155 3053 1227 είργαστο
3082 1152 3275 1222 ἒλθὼν,
3306 1153 3402 1206 καὶ
3432 1152 3612 1217 δείσας
3643 1151 3720 1223 μὴ

2141 1250 2235 1303 καὶ
2279 1250 2420 1319 μετὰ
2456 1247 2719 1320 τελευτὴν
2745 1250 2861 1312 τοῖς
2887 1250 2945 1300 ὲν
2974 1243 3105 1320 ᾅδου
3132 1244 3450 1312 καταδίκαις
3483 1247 3721 1300 συνεῖναι

2143 1337 2563 1409 καταψηφισθῇ,
2604 1332 2695 1392 οἷα
2744 1338 2810 1408 δὴ
2872 1338 3013 1409 πρὸς
3059 1338 3139 1407 τῷ
3180 1336 3727 1405 σεσυκοφαντηκέναι

2147 1430 2418 1502 βασιλίδα,
2464 1431 2563 1484 καὶ
2593 1430 2904 1500 ἀφορισμὸν
2939 1429 3047 1483 ἀπὸ
3088 1427 3227 1482 Θεοῦ
3266 1427 3585 1497 δεξάμενος,
3631 1426 3730 1501 κα),

2143 1522 2400 1593 δαίμοσιν
2450 1521 2710 1591 ἐλόμενος
2748 1524 2990 1576 συνεῖναι
3019 1523 3135 1585 τοῖς
3174 1520 3280 1574 ἀπὸ
3320 1519 3454 1573 Θεοῦ
3483 1536 3730 1590 κεχωρι-

2148 1615 2393 1686 σμένοις,
2424 1616 2734 1688 γράμματα
2766 1615 2982 1684 ἔπεμπε
3013 1614 3092 1686 τῷ
3119 1613 3443 1686 πατριάρχῃ
3469 1611 3558 1665 διά
3579 1627 3753 1699 τινοςε

2145 1706 2257 1760 τῶν
2278 1705 2417 1760 πάνυ
2444 1707 2637 1773 φίλων.
2669 1705 2751 1758 Τὰ
2780 1704 2837 1758 δὲ
2863 1703 3075 1774 taste»,
3102 1703 3176 1764 ὡς
3206 1703 3602 1771 συκοφαντοῖτο
3629 1699 3733 1770 μὲν

2152 1797 2245 1852 ὑπ’
2274 1796 2445 1851 αὐτοῦ
2479 1799 2512 1867 ἡ
2552 1796 2766 1865 βασιλὶς
2800 1797 2892 1849 ἐπὶ
2933 1799 3049 1861 τοῖς
3094 1793 3428 1867 εἰρημένοις,
3477 1792 3574 1845 καὶ
3628 1809 3736 1863 μη-

2151 1888 2241 1944 δὲν
2265 1889 2414 1958 αὐτῷ
2457 1889 2729 1959 συνειδείη
2787 1888 2884 1942 καὶ
2931 1890 3050 1951 τοῖς
3105 1885 3452 1954 συνωμόταις
3481 1884 3592 1937 τῶν
3643 1883 3736 1954 βε-

2153 1978 2573 2048 6ουλευμένωνο
2612 1977 2707 2031 τοῦ
2747 1977 3114 2048 πιστευθῆναι
3161 1976 3217 2029 δὲ
3247 1976 3314 2029 τὰ
3366 1975 3738 2042 πεπλασμένα

2151 2071 2317 2125 ἕνεκα
2351 2070 2445 2124 καὶ
2483 2069 2577 2124 τδν
2607 2070 2921 2140 ἀφορισμδν
2952 2069 3140 2134 κακῶς
3168 2070 3263 2124 καὶ
3291 2068 3536 2140 ἀνοήτως
3578 2068 3738 2134 δέξα-

2156 2163 2304 2220 σθαι.
2352 2163 2491 2216 Νυνὶ
2521 2163 2578 2216 δὲ
2610 2165 2691 2227 είς
2750 2160 2862 2216 οἷον
2896 2162 3197 2233 βάραθρον·
3237 2162 3330 2214 ὑπ’
3370 2159 3733 2230 ἀναισθησίας

2155 2255 2463 2311 κατώλισθε
2498 2255 2805 2319 συνιδόντα,
2828 2258 3012 2324 τυχεῖν
3045 2253 3381 2325 συγγνώμης
3407 2252 3609 2307 δεῖσθαι
3627 2253 3728 2305 τά·

2156 2350 2316 2418 ληθὲς
2342 2348 2490 2402 ἅπαν
2518 2348 2942 2415 ἔξαγγέλλοντα,
2971 2350 3068 2401 κοιλ¹
3087 2348 3196 2401 τῶν
3220 2349 3284 2401 ὲκ
3306 2346 3402 2399 τοῦ
3425 2341 3733 2416 ἀφορισμοῦ

2157 2441 2372 2512 δεσμῶν
2401 2440 2658 2511 λυθῆναι.
2697 2440 2757 2493 Ὀ
2792 2441 2893 2509 μὲν
2923 2438 3017 2493 οὖν
3059 2437 3281 2500 Ζειανδς
3319 2438 3547 2491 τοιαῦτα
3576 2434 3744 2506 ἔγρα-

2159 2551 2277 2603 φεν.
2321 2533 2602 2603 ’Λγχίνους
2627 2532 2681 2585 δὲ
2715 2531 2791 2585 ὢν
2820 2534 2847 2586 ὁ
2897 2533 2961 2586 τά
3007 2533 3317 2603 γράμματα
3346 2527 3609 2601 κομίζων,
3644 2527 3749 2581 καὶ

2159 2626 2472 2698 χρήσασθαι
2515 2628 2733 2697 καιροῖς
2793 2625 2941 2691 ὀξὺς,
2978 2625 3075 2679 καὶ
3134 2623 3364 2678 συνιδὼν
3407 2622 3485 2686 ὡς
3538 2620 3606 2675 ἂν
3639 2619 3823 2690 μὲνκ

2161 2720 2300 2790 πρὸς
2332 2720 2687 2791 πατριάρχην
2718 2719 2787 2772 τὰ
2817 2718 3126 2790 γράμματα
3156 2718 3381 2784 ἀγάγοι,
3407 2713 3617 2784 Ζειανῷ
3640 2713 3753 2784 τὴν

2159 2812 2430 2881 ὠφέλειαν
2460 2811 2874 2883 παρεσχημένος
2914 2808 3068 2862 ἔσται
3132 2807 3302 2878 μόνῳ,
3347 2804 3629 2877 βασιλεῦσι
3677 2804 3751 2858 δὲ

2163 2905 2451 2976 κατάδηλα
2487 2907 2751 2973 ποιήσας,
2784 2902 2920 2973 πρὸς
2955 2897 3038 2963 οἷς
3068 2901 3341 2970 ὠφελήσει
3380 2899 3625 2965 Ζειανδν,
3650 2898 3759 2952 καὶ

2167 3001 2419 3074 βασιλίδα
2457 2998 2555 3069 τὴν
2588 2998 2856 3068 Εύγενίαν
2885 2996 3189 3061 ἀπαλλάξει
3222 2996 3321 3065 τῆς
3356 2994 3753 3063 συκοφαντίας,

2167 3096 2258 3150 καὶ
2290 3092 2384 3148 τοῦ
2413 3090 2794 3161 δεσμωτηρίου
2815 3089 2906 3143 τον
2926 3090 3061 3155 υἱὸν,
3085 3091 3283 3156 ἀφῖκτο
3312 3089 3448 3159 πρὸς
3480 3085 3759 3153 Εὖγενίαν

2168 3187 2267 3256 τὴν
2299 3183 2572 3255 βασιλίδα,
2606 3183 2793 3252 φέρων
2829 3181 2923 3234 καὶ
2951 3183 3019 3235 τὰ
3045 3182 3376 3252 γράμματα.
3423 3180 3486 3232 Ἦ
3508 3179 3551 3231 δ’
3577 3180 3763 3247 επεμ-

2169 3296 2271 3332 πεν
2305 3278 2508 3331 αὐτίκα
2542 3274 2758 3348 βασιλεῖ
2786 3273 2862 3344 τῷ
2893 3270 3357 3343 Καντακουζηνῷ,
3389 3273 3482 3324 καὶ
3514 3270 3571 3334 ὃς
3599 3269 3762 3323 οὐδὲν

2173 3372 2472 3443 μελλήσας,
2508 3370 2586 3440 τῷ
2642 3370 2750 3440 νέῳ
2783 3368 3092 3440 βασιλεῖτὰ
3146 3367 3455 3438 γράμματα
3511 3364 3763 3419 ἐδείκνυ.

2170 3467 2329 3521 Οὕτω
2369 3467 2427 3521 δὲ
2458 3465 2776 3531 σαφέστατα
2808 3461 3185 3533 ὲληλεγμένης
3228 3459 3325 3529 τῆς
3359 3456 3762 3523 συκοφαντίας,

2170 3562 2198 3613 ὁ
2225 3561 2344 3623 νέος
2380 3558 2638 3628 βασιλεὺς
2662 3556 2853 3619 ἔνθους
2875 3573 2936 3609 τε
2969 3550 3037 3625 ἦν
3067 3553 3159 3622 ὑφ’
3181 3553 3401 3623 ἡδονῆς,
3435 3553 3520 3605 ὅτι
3557 3550 3589 3619 ἡ
3616 3551 3766 3618 πρὸς

2171 3653 2299 3715 τοὺς
2324 3652 2698 3713 οἰκειοτάτους
2726 3647 2969 3702 διελύετο
3000 3645 3315 3714 δυσμένεια,
3351 3645 3487 3713 ὅπερ
3517 3641 3767 3711 μάλιστα

2173 3746 2444 3806 ἐϐούλετο.
2482 3746 2576 3798 καὶ
2605 3743 2832 3797 Ζειανοῦ
2863 3742 3066 3812 πολλὴν
3100 3740 3407 3810 μοχθηρίαν
3446 3737 3766 3805 καταγνοὺς

2174 3837 2296 3908 εἰκῆ
2321 3836 2417 3889 καλ⁵
2446 3835 2624 3905 μάτην
2647 3833 2907 3903 ἑλομένου
2935 3831 3037 3903 τὴν
3066 3830 3335 3899 τοσαύτην
3361 3825 3762 3895 συκοφαντίαν,

2173 3927 2447 3997 ἔπραττεν
2476 3923 2635 3986 αὖθις
2666 3925 2819 3987 ὅπως
2856 3924 2947 3976 τὸν
2987 3921 3248 3990 γυναικὸς
3284 3918 3516 3986 ἀδελφὺν
3552 3915 3758 3985 ἀφήσει

2173 4017 2267 4071 τοῦ
2324 4013 2727 4086 δεσμωτηρίου.
2764 4012 2887 4067 Τῶν
2950 4013 3294 4081 πραγμάτων
3337 4009 3393 4062 δὲ
3443 4006 3762 4061 καλούντων

2175 4109 2267 4162 ἐπὶ
2308 4104 2717 4174 Θεσσαλονίκην
2771 4102 3112 4171 ἀναγκαίως,
3172 4101 3268 4153 καὶ
3319 4099 3593 4167 δεομένων
3657 4096 3763 4163 τῆς

2175 4199 2383 4255 ἐκείνου
2424 4196 2753 4265 παρουσίας,
2786 4194 3182 4261 ἐξεστράτευσε
3217 4191 3493 4262 τριήρεσι.
3523 4189 3680 4242 Μετὰ
3702 4188 3763 4240 δὲ

2174 4296 2272 4366 τὴν
2302 4290 2579 4353 ἐπάνοδον,
2615 4289 2837 4359 πέμψας
2868 4289 2933 4341 ἐκ
2960 4286 3210 4345 Τενέδου,
3247 4285 3458 4355 ἢγαγεν
3484 4284 3563 4344 εἰς
3607 4280 3764 4332 Ἐπι-

2176 4387 2349 4445 6άτας
2397 4381 2661 4454 φρούριόν
2707 4397 2761 4433 τι
2800 4380 2933 4449 περ]
2967 4377 3319 4447 Σηλυμὸρίαν
3357 4377 3450 4428 τὸν
3495 4371 3758 4441 γυναικὸς

2176 4474 2428 4543 ἀδελφὸν,
2464 4474 2615 4535 ὅπως
2636 4469 2804 4538 ἐγγὺς
2829 4468 3078 4538 ἀλλήλων
3109 4465 3281 4518 ὄντων
3306 4464 3572 4533 γίγνοιντο
3594 4458 3644 4512 οί
3671 4458 3760 4512 λό-

496 4566 869 4622 conditioncm
927 4570 1109 4625 malle.
1191 4571 1436 4625 Primum
1515 4573 1664 4626 enim
1729 4572 2065 4629 intolerabile

2177 4584 2287 4636 γοι.
2306 4563 2488 4629 Ἦξίου
2517 4581 2576 4617 τε
2606 4562 2703 4636 τὴν
2738 4561 3023 4632 βασιλείαν
3048 4556 3388 4627 ἀποθέμενον
3441 4552 3765 4608 παντάπασι.

496 4655 678 4710 aiebat
703 4659 791 4726 qni
819 4658 933 4713 heri
957 4670 1012 4713 ct
1036 4660 1242 4715 nudius
1267 4662 1461 4716 tertius
1490 4662 1756 4719 adoratus
1781 4661 1985 4717 fuisset
2016 4673 2077 4717 ut

500 4750 829 4820 imperator,
863 4768 1011 4825 nunc
1035 4753 1266 4808 subesse
1295 4752 1496 4823 privati
1524 4752 1741 4816 habitu,
1766 4761 1822 4808 et
1854 4753 1924 4807 a-b
1953 4753 2078 4810 aliis

498 4852 691 4906 parum
720 4849 815 4893 aut
852 4840 992 4895 nihil
1023 4840 1272 4896 differre.
1313 4839 1517 4895 Deinde
1560 4854 1741 4909 neque
1773 4840 1948 4911 ipsam
1987 4856 2081 4895 oc—

498 4930 777 5012 casionem
834 4932 1076 4988 carceris
1131 4932 1444 5004 pudendam
1489 4944 1547 4989 et
1608 4933 2076 4990 contemnendam

496 5039 642 5088 esse,
694 5023 792 5078 sed
852 5024 925 5080 ob
979 5025 1288 5083 libertatem
1367 5024 1866 5098 bomophylorum,
1912 5042 2078 5096 quam

422 5148 423 5151 η
500 5115 721 5170 Barbari
759 5126 1011 5186 ereptum
1049 5118 1275 5184 iverint,
1303 5132 1364 5172 se
1389 5116 1596 5172 infelici
1632 5128 1809 5173 marte
1831 5134 2081 5189 pugnan-

500 5219 610 5265 tem
646 5220 864 5279 captum
889 5226 1031 5269 esse.
1055 5211 1202 5280 quod
1221 5221 1279 5266 et
1301 5219 1462 5268 antea
1486 5211 1677 5266 multis
1701 5212 2076 5267 Romanorum

500 5303 928 5372 imperatoribus
951 5302 1259 5367 acciderit;
1288 5311 1347 5357 et
1374 5318 1523 5358 nunc
1551 5303 1740 5374 gloria:
1760 5311 1818 5357 et
1849 5301 2080 5357 honoris

499 5410 664 5450 causa
723 5395 861 5450 velle
913 5394 1143 5450 adversa
1180 5394 1428 5464 perpeti,
1468 5393 1523 5448 id
1568 5393 1714 5463 quod
1742 5407 1907 5448 nemo
1941 5408 2078 5467 pruf

499 5488 638 5542 dens
671 5488 802 5542 vitio
829 5487 1061 5544 daturus
1113 5488 1206 5542 sit.
1237 5487 1394 5555 Quod
1439 5488 1484 5543 si
1535 5487 1638 5541 ista
1675 5486 1923 5552 miseria,
1955 5502 2080 5556 quae

500 5580 739 5647 videtur,
771 5581 1011 5642 fractus,
1062 5590 1260 5649 sponte
1307 5595 1370 5637 se
1427 5581 1755 5644 submittat,
1812 5592 2083 5649 suamque

499 5672 731 5746 gloriam
784 5672 963 5728 libens
995 5672 1212 5743 prodat,
1255 5672 1325 5727 ab
1365 5673 1622 5728 omnibus
1678 5671 1860 5741 pusilli
1909 5668 2080 5726 animi

499 5768 624 5839 jure
678 5774 1002 5823 accusatum
1039 5766 1129 5823 iri.
1160 5756 1525 5830 Quamobrem
1582 5764 1799 5819 facilius
1824 5771 1941 5819 tota
1966 5761 2082 5815 vita

506 5860 564 5916 iu
587 5860 836 5920 custolia
865 5876 1202 5930 mansurum,
1236 5875 1398 5932 quam
1428 5867 1658 5932 propter
1687 5857 2079 5914 liberationem

2176 4659 2278 4729 τὴν
2304 4657 2521 4712 ίδιώτου
2548 4656 2722 4726 τύχην
2747 4654 3021 4722 στέργειν.
3051 4648 3222 4718 τιμὰς
3253 4646 3638 4719 καρπούμενον
3659 4643 3771 4708 τὰς

2182 4750 2321 4821 μετά
2374 4748 2605 4845 Enetum
2664 4745 2912 4816 πρώτας,
2947 4738 3188 4793 καὶτῶν
3231 4736 3498 4808 βασιλέως
3551 4735 3771 4845 araoin

2179 4825 2415 4896 πάντωιῗ
2431 4842 2489 4892 ὲν
2520 4837 2696 4893 ἅπασι
2727 4833 3014 4905 προέχειν,
3043 4829 3186 4900 πλὴν
3222 4828 3571 4899 Ἀνδρονίκου
3603 4825 3773 4897 βασι-

2178 4934 2339 4996 λέως.
2384 4931 2613 4996 Ἐξεῖναι
2663 4927 2721 4981 δὲ
2750 4924 2900 4995 αὐτῷ
2936 4922 3282 4991 καινοτομεῖν
3324 4919 3520 4988 ἑτέραν
3570 4917 3772 4987 στολὴν

2179 5025 2369 5081 ὁποίαν
2402 5023 2470 5077 ἂν
2519 5018 2787 5086 ὲπινοοίη,
2829 5015 2925 5069 καὶ
2972 5013 3148 5084 ταύτῃ
3192 5010 3453 5083 χρῆσθαι.
3492 5008 3773 5077 Πράττειν

2180 5117 2239 5171 δὲ
2277 5111 2571 5186 βασιλικῶς
2609 5109 2796 5180 μηδὲν,
2846 5107 2985 5177 μήτε
3031 5101 3396 5174 φθέγγεσθαι.
3428 5100 3532 5154 Ἦν
3578 5099 3637 5153 δέ
3680 5116 3776 5165 τις

2179 5203 2269 5263 οἷα
2310 5206 2521 5277 βασιλεῖ
2571 5202 2962 5272 προσφέροιτο,
3023 5199 3056 5267 ἢ
3100 5194 3525 5266 προσαγορεύοι,
3573 5192 3776 5248 τοῦτον

2182 5299 2508 5356 ἀπελαύνειν
2540 5296 2678 5364 πρὸς
2704 5294 2900 5365 ὀργήν.
2933 5288 3174 5358 Τοιαύτη
3209 5288 3307 5352 μὲν
3334 5289 3366 5350 ἡ
3395 5283 3781 5350 Παλαιολόγου

2180 5393 2276 5448 τοῦ
2318 5389 2581 5461 βασιλέως
2607 5387 2675 5458 ἦν
2725 5387 2974 5452 ἀξίωσις.
3022 5381 3300 5441 Ματθαίος
3340 5377 3396 5430 δὲ
3444 5379 3472 5430 ὁ
3512 5378 3780 5447 βασιλεὺς

2187 5484 2386 5555 μᾶλλον
2420 5481 2595 5534 εἵλετο
2624 5475 2981 5548 φρουρεῖσθαι
3004 5474 3095 5527 διὰ
3125 5470 3264 5543 βίου,
3294 5470 3326 5540 ἦ
3368 5470 3593 5522 τοιαῦτα
3628 5469 3780 5523 ὐπο-

2187 5577 2387 5649 μένειν.
2423 5573 2647 5643 Πρῶτον
2678 5570 2777 5642 μὲν
2801 5568 2909 5639 γὰρ
2943 5567 3187 5637 ἔφασκεν
3202 5563 3264 5616 οὐ
3290 5564 3419 5633 ῥᾷον
3449 5558 3590 5615 εἶναι
3619 5562 3784 5631 ὲνεγ..

2184 5671 2302 5725 κεῖν
2334 5667 2424 5721 τὸν
2453 5665 2581 5737 χθὲς
2613 5664 2708 5718 καὶ
2748 5659 2943 5733 πρώην
2995 5656 3479 5728 προσκυνούμενον
3501 5653 3573 5716 ὡς
3608 5650 3784 5722 βασι-

2186 5761 2285 5815 λέα
2317 5758 2413 5813 νῦν
2440 5759 2497 5811 ἐν
2532 5755 2749 5810 ἰδιώτου
2785 5755 3031 5823 σχήματι
3059 5750 3259 5814 τελεῖν,
3303 5749 3396 5801 καὶ
3447 5745 3555 5798 τῶν
3588 5745 3779 5803 ἄλλων

2189 5852 2371 5923 ὀλίγον
2392 5849 2673 5921 διαφέρειν
2707 5848 2739 5919 ἢ
2779 5845 2932 5902 οὐδέν
2959 5861 2973 5877 '
3014 5845 3206 5899 ἔπειτα
3240 5840 3354 5896 οὐδ’
3405 5841 3437 5910 ἠ
3490 5836 3779 5909 πρόφασις

4040 3682 4056 3707 ιι

4036 3768 4051 3801 ἐ

4024 3958 4045 3993 ἐ

4004 4052 4028 4097 Γ

4002 4148 4015 4182 ι

4002 4224 4020 4278 i

4001 4326 4009 4363 l

4001 4428 4018 4463 I

4002 4514 4003 4521 ‘
4012 4509 4020 4557 ι

4001 4606 4022 4651 ἡ

4002 4700 4022 4739 Ε

4001 4784 4021 4831 ξ
