4056 6456
210 417 307 484 353
1361 413 1783 480 HISTORIAR

1883 414 1905 473 Ῑ
1941 412 2173 472 LIBER
2214 411 2314 473 IV.
3345 406 3452 471 354

210 533 339 591 αὑτὴ
361 528 454 584 τοῦ
484 528 860 600 δεσμωτηρίου
890 530 1067 600 φαύλη
1109 546 1192 592 τις
1223 529 1316 584 καὶ
1353 531 1586 602 ἀγεννής
1612 546 1627 563 ο
1659 525 1776 584 ἀλλ’

1883 525 2152 579 malorum
2206 520 2556 590 praesentium
2597 520 2796 575 decora
2839 535 2935 575 sua
2975 520 3119 574 ultro
3170 521 3450 591 projectu-

208 625 340 692 ὑπὲρ
369 623 466 691 τῆς
515 621 625 674 τῶν
654 620 939 690 ὁμοφύλων
968 620 1278 692 ἐλευθερίας
1319 621 1620 693 Βαρϐάροις
1657 621 1770 694 τοῖς

1883 633 1994 672 rum
2041 616 2393 683 :orabatque
2441 613 2826 680 imperatorem
2880 612 3132 674 afﬁnem,
3182 613 3227 668 si
3283 613 3450 668 vellet

207 715 628 784 δουλωσαμένοις
666 715 946 784 πολεμῶν,
972 713 1228 782 ἡλίσκετο
1265 714 1408 768 κατά
1439 715 1538 783 τὴν
1589 714 1770 784 μάχην

1883 716 2023 762 recte
2065 706 2263 770 facere,
2298 720 2366 759 ne
2408 721 2465 758 se
2517 705 2626 757 ullo
2656 714 2984 759 ornamento
3031 705 3310 770 Spoliaret,
3352 703 3450 758 Sed

208 809 496 878 ἀτυχήσας,
525 806 553 859 ὃ
583 807 796 871 πολλοῖς
845 806 1163 876 συμϐέϐηκε
1194 807 1288 861 καὶ
1323 808 1586 876 πρότερον
1631 805 1768 858 Ῥω·

1883 813 1998 851 cum
2029 812 2088 851 se
2132 810 2350 849 carcere
2386 796 2717 857 absolveret,
2747 805 2860 848 tum
2909 797 3295 865 imperatorem
3328 810 3449 848 esse

211 899 380 969 μαίων
414 897 729 968 βασιλεῦσι·
767 899 861 952 καὶ
890 898 983 951 νῦν
1011 898 1152 967 ὑπὲρ
1183 898 1427 963 εὐδοξίας
1465 898 1559 950 καλ⁸
1605 896 1771 963 τιμῆς

1883 897 2176 960 pateretur.
2233 887 2347 941 Hoc
2381 888 2425 940 si
2468 888 2571 942 sibi
2619 898 2866 958 negaret,
2902 887 3083 959 quoad
3127 889 3360 953 viveret,
3395 887 3448 941 in

212 991 404 1061 μᾶλλον
441 992 670 1056 αἱρεῖται
701 991 768 1043 τά
797 991 980 1043 δεινά·
1014 989 1156 1059 ὑπὲρ
1186 983 1259 1042 ὧν
1289 989 1386 1040 οὐκ
1418 988 1482 1041 ἄν
1513 1003 1594 1048 τις
1633 985 1772 1054 μέμ-

1883 982 2106 1036 viuculis
2133 980 2320 1034 haberi
2350 980 2529 1035 malle.

209 1100 356 1152 φοιτο
375 1082 597 1144 δικαίως
629 1077 688 1135 εὖ
715 1081 1052 1152 φρονῶν.“Αν
1085 1081 1142 1134 δὲ
1177 1080 1313 1151 πρὸς
1333 1079 1433 1150 τὴν
1453 1077 1713 1132 δοκοῦσαν
1732 1071 2074 1142 δυσπραγίαν
2098 1071 2443 1140 ὑποπτήξας,
2485 1071 2811 1143 καταπροδῷ
2841 1071 2940 1142 τὴν
2969 1071 3216 1136 εὐδοξίαν
3247 1073 3450 1139 έκοντκ,

213 1175 310 1236 πᾶς
345 1172 592 1225 ὁστισοῦν
615 1171 679 1225 ἂν
709 1172 934 1235 δικαίως
989 1171 1356 1242 μικροψυχίας
1396 1171 1492 1222 καὶ
1519 1165 1902 1234 ἀνελευθερίας
1941 1162 2228 1234 γράφοιτο.
2255 1163 2332 1215 Δι’
2371 1164 2407 1216 ἃ
2439 1164 2570 1233 ρᾷον
2593 1163 2661 1215 ἂν
2682 1164 2896 1230 ἐνέγκοι
2917 1164 2979 1217 τὸ
3016 1165 3334 1234 δεσμεῖσθαι
3361 1167 3454 1220 δια

224 1267 341 1338 βίου,
367 1265 397 1336 ἥ
425 1264 848 1332 καταπροῖεσθαι
875 1263 976 1334 τὴν
996 1263 1153 1328 δόξαν
1181 1262 1266 1315 διά
1293 1261 1390 1332 τὴν
1413 1261 1470 1314 έν
1483 1257 1559 1329 τῷ
1582 1259 1808 1328 παρόντι
1827 1257 1933 1308 τῶν
1959 1255 2150 1309 δεινῶν
2171 1255 2492 1324 ἀπαλλαγήν
2514 1273 2529 1288 ο
2561 1255 2714 1326 ηζίου
2729 1274 2786 1309 τε
2815 1255 3040 1326 βασιλέα
3062 1258 3151 1310 τὸν
3177 1261 3450 1330 γαμϐρὸν,

222 1361 266 1411 εί
292 1356 525 1427 βούλοιτο
559 1357 626 1409 τά
650 1354 837 1408 δέοντα
872 1357 1066 1421 ποιεῖν,
1096 1354 1321 1424 μηδενὸς
1351 1351 1672 1421 ἀποστερεῖν
1706 1348 1815 1402 τῶν
1838 1349 2008 1402 δντων
2028 1364 2041 1379 ⁸
2079 1348 2215 1402 ἀλλά
2239 1348 2376 1418 πρὸς
2406 1346 2481 1416 τῷ
2507 1349 2723 1416 ἀφεῖναι
2744 1349 2837 1402 τοῦ
2862 1348 3244 1419 δεσμωτηρίου
3267 1352 3360 1404 καὶ
3386 1351 3449 1404 τὸ

216 1453 429 1525 βασιλέα
446 1447 582 1505 εἶναι
609 1452 1005 1522 συγχωρεῖν.Ἢ
1026 1451 1073 1504 εί
1099 1450 1234 1523 μηδὲ
1261 1449 1435 1504 ταῦτα
1467 1447 1801 1518 συγχωροίη,
1836 1445 2039 1517 μᾶλλον
2065 1445 2228 1499 αὑτὸν
2253 1445 2580 1515 αἱρήσεσθαι
2610 1445 2671 1498 τὸ
2700 1438 2841 1499 εἶναι
2864 1443 2951 1498 διά
2976 1445 3094 1514 βίου
3116 1446 3172 1499 ἐν
3202 1446 3448 1517 δεσμοῖς.

1477 1592 1636 1661 901
1678 1587 1904 1645 CAPUT
1944 1587 2178 1643 XLVIII.

207 1709 426 1777 Sapiens
457 1708 810 1766 Cantacuzcni
835 1712 1006 1765 oratio
1034 1709 1104 1763 ad
1128 1707 1302 1776 ﬁlium.
1329 1707 1693 1768 erudiendum,
1729 1713 1840 1777 etia
1870 1705 2155 1777 cupiditate
2211 1703 2510 1770 imperandi
2563 1704 2946 1770 deducendum,
2995 1723 3058 1761 ea;
3105 1714 3275 1762 status
3307 1707 3450 1764 illius

274 1776 590 1850 difﬁcultate.
621 1779 888 1849 periculis,
925 1779 1208 1834 laboribus.
1247 1777 1487 1850 Occurrit
1520 1776 1818 1850 objectioni,
1840 1776 2111 1850 indicans,
2141 1777 2340 1850 qua-de
2374 1792 2556 1850 causa,
2593 1785 2643 1850 et
2679 1791 2781 1843 quo
2827 1778 3005 1832 animo
3035 1779 3310 1848 imperium
3343 1781 3451 1849 ipse

273 1844 575 1921 su'sceperit.
612 1844 798 1906 Oratio
831 1844 941 1906 ham
969 1851 1251 1921 diligenter
1283 1848 1504 1918 legenda
1534 1856 1608 1901 est
1636 1845 1727 1912 iis,
1762 1846 1850 1915 qui
1883 1845 1937 1898 in
1966 1844 2101 1898 alios
2131 1844 2396 1899 dominari
2425 1845 2818 1915 concupiscunt.
3109 1844 3118 1848 ’
3362 1844 3370 1849 ’
3429 1872 3438 1879 —

284 1990 733 2062 Καντακουζηνδς
765 1992 822 2046 δὲ
851 1993 877 2045 ὁ
914 1991 1167 2062 βασιλεὺς
1194 1969 1486 2060 γεπῙόμενος
1521 1987 1578 2040 ὲν
1622 1985 1775 2040 Ἐπι-

1946 1982 2360 2037 Cantacuzenus
2388 1998 2511 2038 cum
2543 1983 2786 2052 Epibatis
2817 1994 2982 2053 esset,
3007 1995 3063 2042 et
3089 1986 3206 2043 haec
3235 1987 3302 2044 de
3339 1990 3454 2047 lilio

226 2086 430 2148 ϐάταις,
460 2086 578 2139 ὶπεὶ
605 2085 829 2139 πύθοιτο
857 2085 1084 2138 τοιαῦτα
1111 2084 1359 2154 περὶτοῦ
1392 2081 1533 2146 υίοῦ,
1563 2079 1772 2132 πείθειν

219 2177 499 2248 ἐπεχείρει,
529 2178 603 2241 ὼς
632 2177 692 2230 οὐ
724 2178 1072 2246 προσήκοντα
1102 2178 1360 2248 αἱρεῖται.
1410 2175 1634 2246 Πρῶτον
1672 2171 1772 2243 μὲν

211 2271 316 2340 γὰρ
336 2265 474 2322 εἶναι
500 2270 663 2338 μηδὲν
686 2268 794 2323 τῶν
823 2268 1046 2323 πάντων
1079 2268 1341 2336 ἔφασκεν,
1368 2267 1396 2320 ὃ
1440 2269 1516 2338 μὴ
1543 2269 1608 2336 τῇ
1634 2265 1770 2318 Θεοῦ

209 2361 436 2432 προνοίᾳ
469 2362 770 2427 διοικεῖται,
802 2362 1038 2432 μάλιστα
1080 2362 1136 2414 δὲ
1162 2363 1209 2414 εί
1245 2361 1316 2415 τά
1343 2359 1463 2415 κατ’
1512 2359 1675 2413 αὑτὸν
1717 2359 1773 2411 ἓ-

215 2471 376 2507 καστα
419 2454 669 2522 σκοποίη,
713 2454 874 2508 πάνθ’
933 2455 1252 2524 εὑρήσειτῇ
1289 2451 1384 2506 τοῦ
1436 2451 1572 2506 Θεοῦ
1634 2452 1772 2520 σοφῇ

228 2545 433 2615 προνοίᾳ
459 2546 794 2614 εἰργασμένα
829 2546 989 2607 εὐθὺς
1017 2545 1253 2614 ἐξαρχῆς
1283 2544 1525 2598 σκοπῶν.
1551 2544 1627 2597 Τὸ
1667 2546 1776 2614 γὰρ

227 2634 332 2697 τοὺς
376 2636 444 2687 ὲκ
471 2636 721 2698 Φωκαίας
754 2636 1022 2706 πειρατὰς
1064 2634 1319 2688 Βιθυνίαν
1354 2635 1775 2707 παραπλέοντας

219 2725 292 2794 ἐφ’
340 2726 585 2796 ἁρπαγῇ,
636 2729 730 2780 καὶ
783 2728 1045 2797 μέγιστον
1083 2727 1275 2796 κέρδος
1311 2728 1646 2796 ἡγουμένους
1680 2729 1777 2782 καὶ

217 2816 314 2868 τῶν
341 2817 690 2886 φαυλοτάτων
713 2818 860 2881 τινάς
888 2819 1386 2888 ὲξανδραποδίζειν,
1409 2818 1606 2888 ἀθρόον
1628 2818 1775 2872 οὕτω

216 2909 303 2962 καὶ
341 2910 486 2978 πέρα
515 2909 839 2978 προσδοκίας
867 2910 1248 2980 εὐτυχηκέναι,
1279 2909 1418 2963 ὥστε
1449 2911 1540 2964 τὸν
1566 2911 1777 2981 μυρίων

218 2999 312 3070 μὲν
343 3001 644 3068 ἀνθρώπων
677 3001 932 3073 ἄρχοντα,
965 3003 1060 3056 καὶ
1085 3003 1317 3073 δύναμιν
1352 3003 1596 3073 μεγάλην
1619 3021 1778 3075 περι-

214 3091 565 3162 ϐεϐλημένον,
618 3092 876 3161 μεγάλοις
931 3092 990 3146 δὲ
1035 3094 1428 3165 στρατοπέδοις
1478 3095 1777 3166 δυνάμενον

215 3183 714 3249 ἀντικαθίστασθαι,
771 3184 1060 3238 συλλαϐεῖν
1089 3187 1344 3256 ἀπονητὶ,
1405 3187 1672 3258 Ὀρχάνην
1717 3187 1776 3241 δὲ

214 3276 304 3328 τὸν
332 3278 540 3345 πατέρα
597 3279 661 3347 τῇ
699 3277 838 3346 πρὸς
892 3276 982 3330 τὸν
1018 3279 1186 3332 παῖδα
1241 3279 1553 3350 συμπαθείᾳ
1609 3280 1777 3333 πολλά

215 3367 468 3435 δεηθῆναι
503 3367 786 3437 βασιλέως,
826 3367 966 3420 ὥστε
1001 3369 1090 3422 τὸν
1129 3371 1244 3423 υἱὸν
1277 3361 1644 3424 ἀπαλλάττειν
1679 3372 1779 3442 τῆς

217 3457 613 3528 αίχμαλωσίας,
647 3461 738 3512 καὶ
777 3458 1019 3527 μεγάλας
1060 3460 1161 3529 τῆς
1209 3459 1535 3529 εὐεργεσίας
1577 3462 1781 3532 ταύτης

219 3550 548 3618 ὑποσχέσθαι
576 3551 810 3619 ἀμοιϐὰς
833 3552 1061 3622 (ἑτέρως
1100 3553 1210 3623 γάρ
1238 3552 1386 3624 ἑώρα
1412 3555 1512 3608 οὐκ
1545 3554 1662 3609 ἐνὸν
1690 3555 1782 3608 τὸν

219 3643 331 3695 υίδν
365 3642 721 3696 ἀπαλλάττειν
749 3643 856 3696 τῶν
878 3642 1142 3713 δεσμῶν),
1166 3643 1390 3714 βασιλέα
1418 3645 1472 3698 δὲ
1501 3645 1784 3699 συνιδόντα

219 3734 317 3789 καὶ
352 3735 532 3800 αὑτὸν,
588 3736 661 3796 ὡς
712 3734 902 3790 τοῦτον
946 3737 1150 3807 τρόπον
1199 3737 1437 3807 μάλιστα
1489 3736 1782 3808 δυνήσεται

230 3826 494 3896 Ὄρχάνην
526 3825 734 3880 πείθειν
763 3825 912 3896 αὐτῷ
945 3827 1255 3898 προσέχειν,
1283 3829 1376 3880 καὶ
1408 3827 1503 3881 τοῦ
1531 3829 1618 3880 ’σοὶ
1659 3829 1788 3882 κατ’·

216 3921 426 3974 ἐκείνου
450 3923 758 3990 συμμαχεῖν
779 3919 1112 3987 ἀναγκάζειν
1144 3919 1505 3990 ἀποσχέσθαι,
1537 3920 1633 3972 καὶ
1648 3917 1785 3973 ταύο

215 4031 319 4082 της
340 4013 440 4082 τῆς
477 4013 686 4074 ἐλπίδος
713 4011 878 4065 ἕνεκα
916 4012 1168 4083 τριήρεις
1199 4011 1572 4080 ὲφοπλίσαντα
1613 4027 1784 4082 προσ-

215 4105 361 4175 έχειν
413 4105 499 4157 ἀεὶ
566 4103 807 4174 θαλάσσῃ
834 4144 850 4169 ,
901 4104 998 4155 καὶ
1045 4103 1341 4173 πειρᾶσθαι
1410 4104 1503 4156 τὸν
1543 4103 1782 4173 Ὅρχάνη

216 4197 386 4250 παῖδα
412 4195 728 4260 ἀνασώζειν,
762 4194 869 4248 ὑπὸ
897 4193 954 4248 δὲ
1009 4195 1101 4247 τὸν
1129 4196 1294 4249 αὐτὸν
1329 4196 1546 4265 χρόνον,
1579 4196 1675 4248 καὶ
1725 4194 1786 4247 σὲ

216 4289 325 4343 ὕπὸ
353 4288 631 4358 Τριϐαλῶν
665 4287 1170 4360 προσκεκλημένον,
1203 4287 1400 4357 μόνους
1422 4288 1615 4357 ἔχοντα
1638 4288 1786 4358 Βαρ-

216 4381 421 4448 ϐάρους
455 4381 934 4452 ὲξεστρατευκέναι
985 4381 1121 4450 πρὸς
1174 4380 1554 4445 Μακεδονίαν,
1611 4378 1787 4442 οὕτως

214 4475 312 4530 ὑπ’
342 4473 582 4542 ἀνάγκης
610 4471 1019 4542 περισχεθέντα,
1054 4471 1196 4524 ῶστε
1232 4473 1332 4542 τὴν
1359 4467 1526 4542 οὖσαν
1558 4473 1619 4525 ἐκ
1657 4469 1790 4525 Ῥω-

219 4564 400 4635 μαίων
432 4563 692 4634 στρατιάν
721 4564 1033 4627 ἀπολιπεῖν,
1063 4563 1368 4635 Τριϐαλοὺς
1397 4564 1454 4617 δὲ
1495 4564 1624 4627 τοὺς
1652 4564 1790 4631 πρό-

220 4671 378 4724 τερον
407 4654 514 4707 οὐδ’
548 4650 893 4710 ἀντιϐλέπειν
925 4655 1063 4725 πρὸς
1115 4655 1242 4718 τοὺς
1300 4655 1518 4723 Πέρσας
1567 4653 1785 4708 πώποτε

218 4747 640 4816 τετολμηκότας,
673 4747 890 4814 ὀλίγους
922 4749 1078 4816 παρά
1106 4745 1264 4811 δόξαν
1294 4748 1432 4816 πρὸς
1473 4746 1787 4800 πολλαπλα-

216 4839 368 4901 σίους
383 4837 866 4908 ἀντικαταστῆναι,
889 4834 1016 4901 τοὺς
1047 4837 1261 4907 Πέρσας
1293 4837 1374 4900 δὲ,
1410 4836 1587 4890 καίτοι
1606 4839 1789 4908 κρείτ-

215 4947 343 4993 τους
373 4931 482 4984 τῶν
520 4930 794 5000 πολεμίων
827 4931 1176 5001 γενομένους,
1211 4930 1408 4992 αὐτοὺς
1443 4929 1535 4998 ὑφ’
1573 4929 1784 4986 ἑαυτῶν

216 5023 580 5095 διαφθαρῆναι
600 5024 982 5096 τραπομένους
1007 5024 1141 5094 πρὸς
1163 5023 1362 5092 φυγὴν,
1398 5022 1457 5074 σὲ
1488 5022 1542 5073 δὲ
1574 5021 1786 5074 ὑπολει-

223 5119 424 5185 σθέντα
453 5118 632 5188 μόνον,
676 5117 878 5171 ἀλῶναί
911 5133 971 5169 τε
1030 5117 1134 5169 ὑπὸ
1189 5116 1298 5168 τῶν
1351 5115 1651 5184 πολεμίων,
1689 5111 1785 5168 καὶ

225 5208 504 5279 δεσμώτην
519 5209 829 5280 ἀπαχθῆναι
853 5209 988 5278 πρὸς
1021 5207 1242 5276 βασιλέα
1262 5207 1352 5258 τὸν
1370 5205 1640 5277 γαμϐρὸν,
1660 5205 1786 5258 ἐπι-

220 5301 629 5371 στρατεύσαντα
649 5302 849 5354 αὐτίκα
859 5301 980 5362 ταῖς
1003 5302 1188 5352 πόλεσι
1209 5301 1330 5362 ταῖς
1349 5299 1451 5351 ὑπὸ
1469 5298 1553 5362 σὲ,
1571 5297 1666 5351 καὶ⁵
1691 5297 1788 5350 σὺν

221 5391 478 5464 ῥᾳστώνῃ
491 5393 639 5464 πάσῃ
656 5394 1089 5462 χειρωσάμενον,
1111 5393 1204 5442 καὶ
1224 5391 1460 5457 γυναῖκα
1482 5389 1578 5441 καὶ
1593 5388 1790 5450 παῖδας

216 5487 350 5546 τοὺς
380 5486 507 5546 σοὺς
539 5484 628 5550 ὑφ’
648 5483 835 5536 ἑαυτὸν
857 5483 1248 5551 πεποιημένον,
1272 5483 1366 5534 καὶ
1397 5482 1576 5535 πάντα
1603 5479 1794 5550 ὥσπερ

222 5576 291 5628 ix
311 5574 472 5644 συνθὴ
481 5591 648 5644 ματος
665 5571 1405 5644 συνδραμεῖν,οὐδέναοῖομαι
1423 5571 1533 5624 τῶν
1550 5573 1791 5635 πάντων,

220 5669 274 5720 εί
310 5667 383 5737 μὴ
417 5668 628 5738 φρενῶν
648 5668 1020 5738 ἀπεστέρηται
1056 5665 1373 5718 παντάπασι
1403 5665 1496 5718 καὶ
1515 5663 1794 5733 λογισμῶν

221 5757 418 5827 ὀρθῶν,
455 5762 530 5828 μὴ
562 5757 704 5812 κατὰ
737 5759 889 5812 θείαν
912 5738 1178 5830 πρόνοιαν
1203 5757 1486 5830 οἰήσεσθαι
1520 5755 1797 5827 συμϐεϐη-

221 5851 402 5908 κέναι.
436 5853 500 5907 Ἀ
539 5854 635 5906 καὶ
674 5850 732 5905 ei
770 5851 1158 5921 πεπεισμένον,
1217 5851 1315 5920 οὔχ
1376 5848 1580 5920 ἑτέρως
1629 5849 1798 5918 ἐσχη-

1875 2075 2162 2150 audiisset,
2199 2073 2397 2129 docere
2433 2075 2664 2140 studuit,
2698 2075 2877 2145 ipsum
2910 2093 2940 2132 a
2974 2093 3143 2150 scopo
3170 2081 3450 2140 aberrare.

1875 2148 2116 2218 Primum
2150 2163 2298 2217 enim
2346 2165 2482 2218 nihil
2519 2180 2583 2219 ex
2620 2167 2877 2222 omnibus
2918 2148 3087 2223 rebus
3109 2179 3212 2238 est,
3249 2172 3452 2242 inquit,

1873 2257 2018 2325 quod
2066 2271 2174 2310 non
2220 2256 2404 2311 divina
2441 2258 2786 2327 providentia
2822 2260 3263 2325 administretur,
3311 2281 3455 2333 prae-

1875 2350 2151 2418 cipucque
2181 2350 2226 2404 si
2261 2350 2477 2421 singula
2508 2351 2574 2405 ab
2608 2353 2768 2406 initio
2811 2355 3149 2421 consideres,
3196 2373 3318 2426 qua:
3352 2359 3453 2416 tibi

1875 2441 2247 2507 contigerunt,
2281 2442 2463 2496 omnia
2503 2443 2738 2513 sapienti
2789 2444 3037 2503 Numinis
3085 2450 3316 2504 consilio
3360 2467 3458 2521 gu-

1876 2532 2104 2587 bernata
2153 2533 2426 2588 invenies.
2470 2535 2600 2590 Nam
2645 2536 2788 2605 quod
2841 2537 3030 2606 piratae
3074 2540 3458 2610 Phocaeenses,

1876 2623 2144 2694 Bithynia:
2177 2639 2328 2678 oram
2385 2624 2663 2693 ματεύειηαί
2707 2642 2870 2682 causa
2920 2628 3186 2700 legentes,
3248 2643 3304 2686 et
3351 2633 3459 2686 im-

1879 2731 2128 2770 mensum
2176 2716 2391 2771 lucrum
2429 2716 2719 2784 ducentes,
2765 2718 2813 2774 si
2847 2719 3147 2776 vilissimos
3188 2723 3457 2792 quosdam

1879 2807 1930 2861 in
1962 2807 2282 2862 servitutem
2335 2819 2561 2878 possent
2603 2810 2879 2880 abripere,
2911 2824 3019 2866 tam
3053 2814 3296 2870 secunda
3350 2816 3462 2870 for-

1882 2911 2010 2955 tuna
2041 2909 2271 2972 repente
2313 2910 2369 2956 et
2401 2911 2600 2971 praeter
2621 2905 3084 2977 exspectationem
3114 2906 3198 2961 usi
3228 2906 3458 2973 fuerint,

1881 2999 1939 3046 ut
1978 2991 2467 3048 innumerabilium
2507 2995 2816 3050 mortalium
2857 2997 3158 3067 principem
3190 3001 3460 3068 potentis-

1839 3084 2078 3157 _simum
2143 3100 2207 3138 ac
2259 3086 2570 3141 numerosis
2621 3089 2894 3142 valentem
2929 3079 3208 3145 7esistere
3256 3093 3464 3146 exerci-

1882 3177 2027 3231 tibus
2059 3177 2177 3230 sine
2224 3176 2411 3231 labore
2455 3178 2746 3246 ceperint;
2794 3179 3078 3237 Orchanes
3125 3199 3257 3238 vero
3304 3195 3465 3255 pater

1881 3268 2183 3339 sympathia
2217 3284 2348 3339 erga
2384 3268 2557 3323 lilium
2587 3271 2746 3325 enixe
2783 3272 3166 3341 imperatorem
3191 3279 3457 3345 oraverit,

1885 3369 1944 3415 ut
1988 3359 2098 3414 lilio
2129 3361 2452 3425 ,libertatem
2504 3365 2844 3430 conciliaret,
2897 3381 3232 3438 magnasque
3296 3369 3466 3442 hujus

1881 3449 2132 3504 beneﬁcii
2171 3453 2650 3522 compensationes
2677 3457 2994 3525 promiserit
3026 3459 3226 3530 (aliter
3262 3465 3406 3518 enim
3432 3480 3465 3521 e

1881 3543 2130 3597 custodia
2186 3545 2410 3600 liberari
2461 3563 2621 3616 posse
2689 3565 2798 3604 non
2855 3552 3138 3622 videbat),
3171 3555 3470 3625 imperator

1883 3641 2064 3686 autem
2118 3633 2234 3702 ipse
2294 3639 2662 3706 pen-Spexerit,
2718 3640 2820 3695 hoc
2868 3643 3105 3698 maxime
3153 3645 3318 3700 modo
3365 3647 3475 3702 0r-

1883 3723 2115 3778 chancm
2143 3741 2201 3782 se
2226 3727 2292 3781 ad
2325 3743 2454 3782 suas
2483 3745 2667 3798 partes
2701 3732 3108 3802 adjuncturum,
3156 3745 3212 3790 et
3259 3746 3318 3791 ut
3363 3739 3464 3797 abs

1887 3825 1942 3871 te
1974 3818 2223 3888 juvando
2260 3820 2566 3878 abstineret
2608 3824 2962 3888 eﬂ'ecturum,
3008 3837 3063 3882 et
3094 3827 3194 3884 hac
3239 3844 3336 3900 spe
3373 3833 3473 3887 tri-

1886 3927 2067 3967 remes
2115 3918 2435 3978 armaverit,
2479 3931 2807 3988 semperque
2840 3920 2977 3974 mari
3025 3922 3360 3983 incubuerit.
3412 3932 3471 3981 et

1885 4004 2126 4062 Orchani
2170 4006 2342 4061 filium
2392 4023 2726 4079 recuperare
2769 4013 3140 4078 contenderit,
3189 4013 3292 4068 sub
3321 4015 3467 4070 idem

1887 4113 2017 4152 vero
2048 4107 2281 4165 tempus,
2301 4110 2356 4154 et
2404 4109 2459 4154 tu
2493 4117 2520 4155 a
2554 4101 2812 4157 Triballis
2837 4106 3156 4171 accersitus,
3182 4122 3306 4162 eum
3337 4109 3472 4164 solis

1887 4189 2142 4244 Barbaris
2184 4191 2237 4244 in
2275 4191 2650 4247 Macedoniam
2703 4195 2889 4259 iveris,
2939 4211 3001 4250 ea
3034 4199 3382 4266 necessitate,
3412 4207 3472 4255 ut

1888 4283 2195 4337 Romanum
2241 4285 2545 4338 exercitum
2601 4287 2966 4358 relinqueres,
3023 4289 3248 4346 Trilialli
3310 4307 3466 4358 vero,

1888 4374 1980 4442 qui
2037 4375 2191 4442 prius
2253 4382 2447 4430 contra
2513 4376 2710 4431 Persas
2778 4393 2882 4433 nec
2948 4379 3137 4434 oculos
3189 4380 3472 4434 audebant

1888 4462 2158 4528 attollere,
2223 4464 2379 4531 pauci
2437 4465 2730 4520 adversum
2797 4470 2969 4522 multo
3028 4471 3215 4539 plures
3263 4486 3474 4542 pugna-

1887 4556 2092 4617 verint,
2133 4554 2425 4626 Persa-que
2459 4571 2772 4628 quanquam
2803 4558 3056 4616 hostibus
3090 4562 3246 4632 longe
3276 4574 3475 4632 poten-

1819 4685 1862 4739 Β
1892 4647 2083 4712 tiores,
2121 4661 2218 4716 per
2240 4663 2297 4702 se
2339 4648 2439 4718 ipsi
2469 4652 2518 4702 in
2553 4650 2732 4719 fugam
2766 4667 2823 4705 se
2849 4653 3204 4722 eonjecerint,
3241 4653 3413 4725 ipsqu
3437 4670 3473 4712 θ

1893 4741 2121 4795 relictus
2164 4740 2336 4802 solus,
2374 4741 2443 4796 ab
2487 4742 2740 4795 hostibus
2785 4753 2998 4812 captus,
3044 4754 3099 4799 et
3139 4744 3355 4798 vinctus
3403 4747 3469 4799 ad

1896 4833 2286 4902 imperatorem
2323 4833 2539 4887 amnem
2590 4833 2862 4890 adductus
2915 4835 3012 4898 sis,
3053 4836 3147 4905 qui
3199 4837 3382 4890 statim
3419 4838 3471 4891 in

1893 4925 2059 4978 urbes
2091 4933 2212 4978 tuas
2251 4924 2438 4993 copias
2468 4924 2706 4987 duxerit,
2741 4923 2919 4995 iisque
2946 4926 3052 4978 levi
3086 4927 3306 5000 negotio
3343 4926 3478 4982 sub-

1892 5013 2050 5077 actis,
2095 5026 2320 5066 uxorem
2361 5021 2415 5066 et
2459 5014 2661 5068 liberos
2706 5023 2830 5068 tuos
2878 5013 2932 5067 in
2968 5015 3256 5068 arbitrium
3315 5031 3478 5071 suum

1896 5105 2192 5175 redegerit,
2242 5119 2297 5160 et
2327 5105 2408 5160 sic
2439 5104 2622 5160 omnia
2659 5105 2727 5160 de
2772 5105 3041 5160 industria
3080 5107 3480 5175 percurrendo,

1895 5198 2170 5252 neminem
2195 5213 2296 5268 ego
2323 5209 2595 5269 repertum
2634 5198 2697 5253 iri
2725 5207 2882 5268 puto,
2913 5201 2958 5254 si
2999 5200 3162 5254 modo
3205 5201 3482 5270 particu'a

1894 5290 2094 5344 mentis
2137 5299 2344 5356 utatur,
2392 5290 2485 5359 qui
2511 5306 2618 5346 non
2672 5290 2854 5345 omnia
2891 5291 3100 5346 ccelesli
3133 5293 3478 5361 providentia

1896 5390 2016 5436 acta
2039 5396 2160 5437 esse
2183 5381 2415 5452 iudicet.
2444 5381 2600 5447 Quod
2631 5390 2688 5436 et
2722 5391 2777 5436 tu
2813 5381 3045 5437 credens
3073 5397 3181 5437 non
3217 5384 3375 5438 aliter
3419 5400 3480 5438 se

1897 5478 2122 5541 habere,
2197 5475 2361 5547 902
2427 5476 2482 5529 in
2553 5475 2759 5532 divinis
2832 5477 3073 5533 decretis
3122 5479 3480 5550 acquiescere

1898 5569 2092 5636 debes,
2120 5582 2221 5623 nec
2266 5567 2610 5638 post,mitem
2643 5567 2785 5624 hanc
2814 5569 3226 5640 castigationem
3272 5568 3480 5642 (casti-

1900 5661 2048 5734 gavit
2090 5659 2234 5714 enim
2272 5670 2325 5715 te
2354 5659 2613 5730 benigne,
2655 5675 2758 5717 nec
2807 5663 2971 5717 morti
3009 5660 3274 5728 tradidit)
3320 5674 3481 5713 revo-

1901 5754 2175 5810 cationem
2225 5753 2294 5807 ab
2330 5751 2524 5808 exsilio
2568 5768 2862 5809 recusare:
2915 5754 3130 5808 tametsi
3161 5766 3267 5822 qua
3299 5764 3483 5820 nuper

1902 5844 2164 5918 lulgebas,
2190 5845 2540 5917 imperatoria
2564 5846 2735 5917 gloria
2763 5847 3008 5918 privatus
3033 5845 3126 5902 sis.
3153 5843 3481 5912 Quanquam
