4056 6476
510 441 623 504 355

1693 445 1934 508 ΙΟΑΝΝ
1945 445 2013 506 IS
2050 443 2583 508 CANTACUZENI

3667 451 3777 516 356

506 578 611 619 nec
669 560 735 618 ad
793 562 933 625 alios
988 561 1158 633 hujus
1238 560 1365 616 vitm
1434 559 1675 617 honores
1741 559 1980 616 caducos
2036 567 2092 614 et

2203 559 2354 614 κέναι
2386 561 2506 615 δέον
2535 562 2649 626 τοῖς
2676 558 3075 633 ἐψηφισμένοις
3111 563 3363 635 στέργειν
3402 565 3481 638 τῷ
3506 565 3647 639 Θεῷ,
3680 566 3778 624 καὶ

505 656 738 711 ﬂuentes
783 655 1177 724 obstupescere
1245 652 1602 723 prudentium
1656 653 2088 735 incorrupteque

501 747 871 819 judicantium
903 756 1008 801 est.
1039 745 1173 812 Quae
1197 755 1381 800 autem
1412 759 1479 799 ex
1522 743 1759 815 imperio
1781 743 1887 799 isto
1917 743 2089 816 gloria

509 840 835 909 percipitur,
906 837 1051 892 haud
1117 837 1339 909 vulgare
1396 836 1703 906 periculum
1764 852 1873 891 non
1948 836 2089 892 bene

507 945 675 1005 atque
699 942 757 987 ut
775 932 933 1005 decet
955 931 1348 1001 rempublicam
1383 929 1791 985 administranti
1816 929 2088 986 attulerit.

507 1004 628 1080 Non
657 1004 848 1087 enim',
896 1023 1359 1093 quemadmodum
1405 1020 1547 1083 aliis,
1596 1022 1640 1076 si
1694 1022 1862 1076 vitam
1910 1021 2088 1077 solute

511 1119 901 1186 transegerint,
934 1115 1013 1171 sic
1046 1115 1210 1169 etiam
1254 1096 1685 1184 imperatoribus
1716 1114 1992 1180 usuvenit,
2029 1122 2090 1170 ut

507 1210 771 1263 damnum
803 1207 871 1261 ad
914 1210 1063 1277 ipsos
1107 1208 1269 1261 modo
1302 1206 1597 1277 pertinent,
1635 1206 1731 1261 sed
1762 1215 1816 1261 et
1858 1206 2002 1262 bona
2033 1217 2089 1264 et

511 1304 651 1357 mala
690 1303 931 1370 ipsorum
979 1301 1214 1355 subditis
1243 1301 1558 1357 communia
1597 1308 1751 1365 sunt,
1802 1307 1860 1355 et
1911 1299 2089 1370 impe-

510 1393 711 1448 ratoris
757 1392 995 1447 animam
1052 1391 1234 1446 omnis
1286 1392 1508 1447 virtutis
1577 1393 1861 1463 speculum
1922 1402 2089 1462 atquo

508 1484 866 1556 archetypum
905 1499 1031 1540 esse
1060 1491 1321 1553 oportet:
1358 1482 1565 1553 alioqui
1601 1499 1707 1538 non
1744 1483 1920 1538 solum
1952 1498 2088 1546 suae,

511 1576 605 1630 sed
652 1585 707 1630 et
754 1575 988 1630 aliorum
1040 1574 1294 1646 segnitiei
1358 1589 1548 1644 poenas
1600 1574 1905 1645 persolvet.
1959 1572 2092 1640 Quae

511 1668 638 1735 quis
666 1668 884 1724 tandem
918 1682 1027 1721 non
1076 1667 1282 1721 stultus
1321 1682 1511 1722 secum
1542 1675 1828 1737 reputans,
1858 1681 1965 1721 non
2006 1664 2091 1719 vel

509 1759 936 1815 nbscurissimus
959 1762 1146 1815 vivere
1184 1760 1356 1825 malit,
1402 1774 1527 1814 cum
1556 1759 1948 1814 detrimentum
1981 1774 2090 1814 non

513 1853 569 1909 in
593 1854 925 1924 dcspicabile
954 1853 1262 1925 quidpiam,
1293 1852 1388 1908 sed
1415 1855 1473 1909 in
1504 1853 1677 1923 ipsam
1716 1852 1960 1905 animam
1996 1850 2095 1905 de-

2192 652 2270 724 μὴ
2298 651 2440 722 μετὰ
2467 652 2565 724 τὴν
2595 651 2982 722 φιλάνθρωπον
3021 653 3276 708 παιδείαν
3299 653 3512 727 ταύτην
3543 658 3775 727 (πεπαί-

2188 742 2350 797 δευκε
2375 744 2485 814 γάρ
2511 760 2570 796 σε
2589 743 2993 815 φιλανθρώπως
3015 744 3096 810 τῷ
3120 746 3337 818 θανάτῳ
3369 747 3451 818 μὴ
3470 749 3777 822 παραδοὺς)

2189 834 2507 890 ἀναίνεσθαι
2538 836 2637 905 τὴν
2664 837 2991 909 ἀνάκλησιν,
3036 837 3086 890 εί
3122 837 3200 909 μὴ
3235 840 3328 893 καὶ
3354 842 3452 909 τῆς
3484 839 3772 914 βασιλικῆς

2190 927 2403 994 ἔξεστιν
2442 927 2688 996 εὐδοξίας
2716 928 3015 983 ἀπολαύειν
3042 926 3235 1001 ὥσπερ
3256 932 3548 1004 πρότερον.
3578 934 3773 989 Καίτοι

2180 1019 2286 1081 ,καὶ
2314 1019 2376 1071 τὸ
2404 1018 2541 1090 πρὸς
2568 1020 2748 1073 πᾶσαν
2772 1020 2965 1092 ἑτέραν
2990 1022 3149 1086 δόξαν
3187 1020 3286 1094 τὴν
3316 1025 3468 1095 παρὰ
3496 1025 3641 1078 τόνδε
3671 1025 3766 1080 τὸν

2192 1107 2309 1180 βίον
2366 1111 2630 1182 ιπίκηρον
2664 1110 2835 1165 οὖσαν
2905 1113 2995 1167 καὶ
3046 1113 3410 1184 διαρῥέουσαν
3453 1114 3768 1185 ἐπτοῆσθαι,

2189 1202 2291 1255 ούκ
2319 1202 2530 1274 ἀνδρῶν
2561 1200 2796 1274 ἑχόντων
2818 1203 2943 1257 νοῦν
3001 1206 3096 1259 καὶ
3129 1206 3516 1277 προσεχόντων
3543 1206 3772 1277 ἀληθέσι

2188 1290 2494 1363 λογισμοῖς.
2535 1293 2600 1347 Ἦ
2627 1293 2684 1346 δὲ
2724 1297 2788 1347 ὲκ
2826 1294 2928 1364 τῆς
2957 1293 3242 1366 βασιλείας
3278 1297 3485 1369 ταύτης
3516 1299 3613 1352 καὶ
3654 1297 3774 1352 κίν-

2190 1386 2345 1441 δυνον
2373 1387 2434 1441 ού
2473 1388 2565 1440 τὶν
2604 1387 2838 1457 τυχόντα
2871 1388 2948 1460 τῷ
2997 1389 3074 1461 μὴ
3104 1390 3289 1454 καλῶς
3331 1393 3441 1453 τοῖς
3477 1392 3773 1462 πράγμασι

2190 1480 2464 1552 χρωμένῳ
2497 1480 2591 1534 καὶ
2622 1479 3012 1552 προσηκόντως
3044 1482 3112 1538 ἂν
3136 1484 3375 1553 ἐνέγκοι.
3407 1484 3482 1537 ού
3517 1481 3625 1553 γὰρ
3659 1477 3773 1538 ώσ-

2196 1587 2303 1642 περ
2349 1571 2408 1624 ἐν
2435 1574 2554 1636 τοῖς
2591 1572 2794 1638 ἀλλοις,
2837 1572 2904 1626 ἂν
2959 1573 3213 1646 ῥᾳθύμως
3238 1572 3588 1644 βιοτεύωσιν,
3626 1573 3774 1628 οὕτω

2193 1661 2258 1732 δὴ
2307 1661 2401 1716 καὶ
2434 1662 2745 1733 βασιλεῦσιν
2792 1664 2880 1732 ἐφ’
2924 1664 3147 1729 ἑαυτοὺς
3190 1667 3221 1735 Ιι
3269 1665 3441 1738 βλάὄη
3485 1670 3773 1738 περιγίνε-

2193 1769 2308 1818 ται,
2351 1753 2486 1806 ἀλλά
2519 1753 2589 1808 τά
2628 1770 2690 1807 τε
2738 1755 2925 1823 ἀγαθά
2953 1757 3156 1825 ὁμοίως
3177 1760 3331 1812 κοινά
3368 1762 3482 1821 τοῖς
3511 1759 3778 1828 ὑπηκόοις

2195 1848 2290 1898 καὶ
2320 1846 2392 1899 τὰ
2427 1845 2629 1913 φαῦλα,
2661 1848 2763 1900 καὶ
2796 1848 2916 1902 δέον
2951 1850 3160 1920 ἀγαθοῦ
3210 1848 3413 1913 παντὸς
3461 1852 3775 1921 ἀρχέτυπον

513 1950 749 2011 rivetur,
813 1948 904 2004 cui
959 1958 1015 2004 et
1073 1949 1215 2002 bona
1270 1958 1327 2002 et
1377 1948 1518 2001 mala
1575 1950 1629 2002 in
1690 1946 2093 2018 sempiternum

2203 1937 2299 2007 τὴν
2348 1935 2618 2007 βασιλέως
2652 1938 2987 1995 καθεστάναι
3037 1941 3220 2013 ψυχήν
3242 1957 3258 1973 ⁸
3292 1945 3341 1996 εἰ
3366 1942 3423 1995 δὲ
3454 1946 3554 2013 μὴ,
3584 1943 3646 1996 ού
3674 1945 3778 2013 τῆς

512 2038 780 2093 inerunt?
818 2038 1087 2093 Prteterca
1123 2050 1175 2092 et
1206 2037 1393 2093 multis
1422 2036 1893 2100 contentionibus,
1923 2036 2081 2091 labo-

512 2131 669 2185 ribus
728 2139 785 2186 et
821 2129 1242 2185 discriminibus
1280 2131 1333 2184 in
1369 2130 1470 2186 hac
1511 2130 1622 2184 vita
1649 2129 2094 2200 perfungendum

511 2231 599 2278 est
629 2223 969 2290 imperatori,
1018 2223 1062 2278 si
1107 2223 1242 2278 nolit
1276 2222 1432 2292 quasi
1479 2222 1629 2277 aliud
1676 2237 1869 2293 agens,
1902 2236 2093 2277 verum

512 2325 577 2370 ut
608 2316 748 2369 ratio
782 2314 1109 2385 praescribit,
1161 2315 1395 2384 imperio
1429 2328 1687 2385 prtecsse.
1738 2313 1951 2369 Etenim
1994 2328 2097 2383 pro

511 2405 781 2477 subjectis
812 2405 967 2459 adire
997 2404 1333 2474 periculum,
1364 2419 1585 2476 semper
1606 2420 1825 2475 aequum
1857 2416 1965 2465 est.
1995 2420 2099 2460 nec

514 2499 646 2552 dum
706 2496 826 2566 ipse
892 2496 1057 2550 modo
1120 2512 1354 2551 securus
1412 2496 1504 2559 sit,
1565 2497 1803 2551 alienam
1861 2498 2096 2553 salutem

514 2586 964 2658 parvipendere,
1021 2596 1076 2641 et
1124 2601 1247 2640 cmn
1302 2586 1355 2640 in
1404 2585 1740 2641 moderanda
1792 2587 2098 2656 republica,

513 2676 634 2734 tum
668 2680 724 2733 in
756 2677 1080 2732 coercendis
1106 2678 1380 2743 hostibus,
1432 2687 1489 2732 et
1521 2679 1655 2733 foris
1690 2678 2098 2747 invadentibus,

511 2777 575 2824 et
615 2753 766 2823 intus
796 2766 1212 2832 insidiantibus,
1239 2767 1482 2822 laborem
1508 2768 1760 2838 quemvis
1789 2783 2101 2840 capessere.

519 2861 828 2931 lutcrrnget
884 2861 1182 2929 quispiam,
1249 2874 1377 2915 cum
1448 2857 1649 2915 scirem
1717 2862 1941 2932 quantis
1996 2862 2101 2918 ista

518 2951 733 3006 functio
763 2949 1025 3021 impedita
1055 2959 1202 3006 esset
1230 2949 1669 3017 dillicultatibus,
1698 2960 1946 3022 quotque
1970 2966 2104 3007 con-

518 3041 863 3098 tentionibus
905 3055 970 3097 ac
1013 3039 1301 3097 laboribus
1340 3041 1693 3112 imperatoris
1724 3043 1943 3096 animus
1998 3057 2099 3098 vo-

518 3133 686 3190 lentis
760 3132 999 3189 nolentis
1055 3143 1452 3201 cxcrcerctur,
1511 3149 1841 3205 possemque
1903 3134 2102 3206 privati

517 3225 840 3282 conditione
885 3233 943 3281 et
995 3225 1118 3281 loco
1169 3235 1499 3291 contentus,
1567 3240 1764 3281 vacare
1824 3225 1943 3282 istis
1995 3242 2106 3282 om-

516 3318 707 3383 nibus,
742 3332 844 3372 cur
890 3316 1113 3372 tandem
1157 3317 1297 3371 adeo
1340 3318 1511 3371 multa
1560 3333 1662 3387 pro
1708 3317 1942 3398 imperio
1989 3319 2105 3374 adi-

516 3410 786 3476 piscendo
854 3409 1248 3473 sustinuerim.
1315 3419 1372 3466 et
1431 3411 1693 3482 periculis
1740 3411 2107 3470 formidandis

521 3502 800 3572 variisque
835 3502 1055 3557 casibus
1088 3518 1175 3557 me
1214 3501 1564 3559 immiserim.
1606 3504 1717 3576 Ego
1760 3521 1892 3561 vero
1943 3506 2103 3571 illud,

519 3601 587 3646 ut
602 3593 850 3649 veritatis
879 3608 1094 3658 amans,
1122 3594 1492 3665 respondebo,
1524 3610 1741 3652 menon
1768 3598 2105 3669 imperatorii

520 3684 871 3756 principatus
899 3686 1147 3754 avidum,
1178 3702 1357 3757 neque
1405 3688 1526 3758 ejus
1567 3691 1842 3761 majestati
1889 3692 2107 3749 inhian-

522 3787 659 3845 tem,
694 3780 790 3833 sed
819 3779 1279 3851 hornOphylorum
1321 3780 1558 3847 insidiis,
1589 3783 1684 3853 qui
1719 3792 1799 3839 tot
1832 3785 2109 3841 obtrecta-

520 3866 771 3927 tionibus
819 3880 877 3928 et
935 3872 1090 3929 falsis
1128 3872 1612 3930 criminationibus
1657 3890 1757 3945 per
1810 3876 1999 3932 dolum
2041 3892 2109 3934 ac

508 3964 776 4027 fraudein
829 3964 1077 4021 consutis
1132 3964 1202 4020 ad
1257 3965 1438 4036 ipsum
1496 3980 1584 4020 me
1642 3967 1913 4022 malorum
1961 3969 2110 4023 colo-

525 4055 766 4125 phonem
794 4056 1203 4125 compulerunt,
1231 4059 1298 4111 ad
1349 4055 1450 4113 hos
1484 4070 1688 4127 agones
1714 4056 2106 4117 descendisse:

519 4145 775 4201 deterius
811 4147 959 4201 enim
998 4162 1222 4216 sperare
1248 4146 1386 4202 nihil
1421 4154 1688 4216 poteram.
1722 4146 1792 4202 Et
1818 4150 1945 4219 quia
1973 4166 2109 4222 pra:-

524 4236 778 4293 videbam
804 4240 1053 4295 cessionc
1092 4239 1311 4311 imperii
1339 4247 1632 4295 contentos
1666 4242 1809 4297 haud
1848 4242 2066 4302 futuros
2089 4283 2105 4312 ,

520 4329 647 4396 sed,
684 4340 742 4386 ut
770 4330 974 4386 bellum
1023 4331 1260 4401 gessisse
1305 4334 1517 4405 justum
1566 4336 1912 4399 viderentur,
1955 4344 2109 4391 atro-

522 4421 669 4477 citer
715 4436 804 4477 me
863 4430 921 4478 ut
975 4423 1190 4478 hostem
1258 4428 1716 4485 nocentissimum
1783 4427 2107 4490 occisuros,

524 4514 848 4584 liberosque
890 4529 1065 4582 meos,
1119 4516 1484 4588 prnpinquos,
1539 4527 1597 4575 et
1633 4521 1793 4583 alios,
1840 4524 2113 4589 quotquot

2200 2030 2468 2099 σφετέρας
2515 2031 2676 2099 μόνον
2726 2031 3000 2102 ῥᾳθυμίας
3038 2034 3272 2105 mum
3299 2034 3476 2100 δίκας,
3511 2034 3650 2091 ἀλλὰ
3682 2037 3783 2090 καὶ

2196 2118 2294 2192 τῆς
2323 2121 2433 2174 τῶν
2473 2120 2706 2177 πολλῶν.
2738 2123 2806 2176 Ἀ
2838 2125 2922 2185 τίς
2945 2126 3012 2179 ἂν
3042 2125 3167 2180 νοῦν
3196 2128 3339 2199 ἔχων
3370 2129 3648 2197 ἐννοήσας,
3674 2128 3778 2183 οὐκ

2200 2212 2267 2266 ἂν
2297 2213 2474 2266 ἕλοιτο
2501 2210 2704 2284 μᾶλλον
2737 2215 2974 2289 ἀφανείᾳ
3010 2216 3180 2290 πολλῇ
3219 2219 3412 2291 συζῆν,
3439 2219 3538 2292 τῆς
3563 2217 3769 2289 ζημίας

2196 2305 2298 2358 οὐκ
2329 2305 2413 2367 εἴς
2457 2322 2511 2358 τι
2545 2304 2656 2360 τῶν
2700 2307 3074 2378 φαυλοτέρων,
3109 2309 3239 2381 ξάλὶυ
3277 2313 3360 2375 είς
3393 2312 3562 2384 αὐτὴν
3591 2311 3772 2386 ψυχὴν

2197 2394 2606 2478 διαδαινούσης,
2638 2392 2671 2469 ᾖ
2704 2400 2774 2453 τά
2803 2416 2863 2452 τε
2899 2400 3083 2461 ἀγαθά
3111 2401 3338 2471 ὁμοίως,
3372 2402 3470 2458 καὶ
3497 2404 3565 2457 τὰ
3592 2404 3777 2473 φαῦλα

2183 2486 2447 2563 ἀθάνατα
2509 2491 2806 2559 συνέσταις
2850 2493 2980 2546 Ἐπὶ
3017 2493 3230 2558 τούτοις
3274 2494 3330 2548 δὲ
3383 2496 3476 2549 καὶ
3505 2496 3649 2550 κατά
3680 2495 3803 2550 τδνν

2179 2566 2328 2651 ’τῇδε
2363 2578 2481 2651 βίον
2537 2581 2755 2635 πολλῶν
2814 2582 3044 2652 ἀγώνων
3092 2587 3187 2641 καὶ⁵
3240 2587 3421 2643 πόνων
3454 2590 3548 2643 καὶ
3596 2586 3780 2643 κινδύ-

2199 2686 2306 2724 νων
2368 2670 2444 2741 ττξ)
2513 2672 2858 2745 βασιλεύοντι
2921 2677 3129 2749 δεήσει,
3195 2681 3259 2733 εί.
3309 2679 3496 2751 μέλλοι
3538 2681 3615 2753 μὴ
3667 2699 3778 2736 1:1.-

2206 2765 2443 2836 ρέργως,
2475 2766 2613 2819 ἀλλά
2638 2768 2780 2822 κατά
2808 2766 2967 2838 λόγον
2988 2769 3229 2841 χρῆσθαι
3254 2774 3321 2842 τῇ
3347 2772 3513 2845 ἀρχῇ.
3538 2774 3782 2845 Προκιν-

2201 2855 2442 2909 δυνεύειν
2466 2856 2572 2927 γὰρ
2589 2857 2696 2910 τῶν
2721 2857 2979 2929 ὑπηκόων
2997 2859 3206 2915 δίκαιον
3230 2862 3340 2928 ἀεὶ,
3366 2861 3463 2916 καὶ
3507 2863 3586 2935 μὴ
3603 2865 3665 2918 ἐν
3698 2862 3785 2934 τῷ

2207 2944 2325 3018 ίδίῳ
2352 2947 2589 3017 ἀσφαλεῖ
2630 2949 2918 3019 προΐεσθαι
2946 2952 3045 3021 τὴν
3075 2952 3299 3006 ἐκείνων
3339 2957 3616 3027 σωτηρίαν
3636 2970 3653 2988 ο
3684 2955 3793 3012 καὶ

2204 3042 2382 3097 πάντα
2407 3044 2567 3099 πόνον
2598 3043 2920 3115 ὑπομένειν,
2954 3047 3054 3102 καὶ
3084 3047 3224 3120 πρὸς
3251 3048 3352 3120 τὴν
3382 3048 3650 3120 διοίκησιν
3670 3051 3789 3107 τῶν

2206 3130 2424 3198 κοινῶν,
2457 3135 2551 3187 καὶ
2582 3131 2720 3205 πρὸς
2751 3134 2860 3188 τῶν
2881 3134 3158 3204 πολεμίων
3186 3137 3285 3206 τὴν
3314 3137 3653 3209 ἀντίστασιν,
3674 3140 3790 3198 τῶν

2207 3238 2269 3275 τε
2310 3221 2513 3287 ἔξωθεν
2544 3224 2831 3291 ἐπιόντων,
2876 3224 2976 3279 καὶ
3018 3225 3129 3278 τῶν
3168 3225 3385 3281 ἔνδοθεν
3418 3230 3620 3299 ὁμοίως
3661 3232 3794 3285 ἐπι-

2210 3313 2598 3377 ϐουλευόντων.
2627 3316 2725 3369 Ἂν
2748 3316 2806 3370 δέ
2827 3332 2912 3381 τις
2938 3316 3115 3389 ἔροιτο
3142 3319 3266 3373 ὅτου
3295 3319 3455 3391 χάριν
3482 3323 3687 3395 πολλὴν
3707 3325 3793 3398 τῷ

2210 3408 2506 3482 πράγμασι
2529 3408 2851 3480 δυσχέρειαν
2880 3410 3157 3477 συνειδὼς,
3185 3415 3282 3467 καὶ
3310 3413 3584 3470 τοσούτων
3607 3420 3794 3476 πόνων

2209 3502 2306 3557 καὶ
2359 3502 2590 3572 ἀγώνων
2635 3505 2737 3575 τὴν
2768 3503 3040 3576 βασιλέως
3075 3504 3340 3578 δεομένην
3369 3508 3570 3582 ψυχὴν,
3622 3509 3792 3578 αὐτὸς

2208 3595 2328 3649 ἒνὺν
2352 3598 2411 3651 ὲν
2447 3597 2656 3653 ἰδιώτου
2694 3598 2862 3671 μοίρᾳ
2885 3598 3103 3654 πάντων
3134 3601 3504 3673 ἀπηλλάχθαι,
3541 3604 3795 3664 τοσαῦται

2210 3688 2353 3761 ὑπὲρ
2389 3690 2486 3745 τοῦ
2525 3694 2713 3762 τυχεῖν
2746 3693 2978 3765 εἱλόμην
3009 3693 3328 3766 ὑπομένειν,
3377 3698 3475 3751 καὶ
3517 3700 3791 3768 κινδύνοις

2209 3782 2487 3855 φοϐεροῖς,
2532 3783 2629 3839 καὶ
2661 3785 3018 3855 περιστάσεσι
3049 3787 3329 3853 ποικίλαις
3359 3792 3697 3863 προηκάμην
3728 3795 3786 3846 ι.

2213 3874 2439 3943 μαυτὸν,
2463 3876 2642 3930 ικεῖνο
2666 3875 2736 3930 ἂν
2773 3877 3188 3951 ἀποκριναίμην
3221 3880 3557 3953 φιλαληθᾶκ,
3589 3885 3674 3941 ὃτι
3707 3886 3793 3959 μὴ

2213 3966 2502 4040 βασιλικῆς
2526 3968 2707 4040 ἀρχῆς
2733 3968 2897 4040 δρῶν,
2922 3970 3060 4043 μηδὲ
3086 3973 3224 4044 πρὸς
3249 3974 3350 4046 τὴν
3375 3975 3442 4029 ix
3469 3975 3677 4048 ταύτης
3702 3978 3801 4033 δό.

2212 4058 2311 4125 ξαν
2340 4059 2610 4131 κεχηνὼς,
2640 4062 2786 4117 ἑκὼν
2814 4057 2962 4118 εἶναι
2998 4064 3221 4137 καθῆκα
3252 4069 3495 4139 ἐμαυτὸν
3542 4073 3623 4134 είς
3661 4071 3795 4138 τοὺς

2212 4156 2452 4226 ἀγῶνας,
2480 4156 2598 4211 ἀλλ’
2622 4156 2728 4211 ὑπὸ
2756 4155 2865 4211 τῶν
2891 4157 3185 4229 ὁμοφύλων
3203 4161 3634 4231 επισονλενθεὶς,
3660 4167 3802 4221 πολ-

2210 4249 2312 4315 λὰς
2351 4250 2722 4320 συκοφαντίας
2757 4250 2852 4304 καὶ
2891 4250 3151 4316 διαδολάς
3177 4256 3659 4326 σνσκευασάντων,
3694 4259 3799 4314 καὶ

2211 4341 2292 4403 εἰς
2321 4340 2486 4395 αὐτὸν
2510 4338 2603 4392 τὸν
2634 4339 2917 4409 κολοφῶνα
2960 4339 3067 4393 τῶν
3092 4340 3281 4395 κακῶν
3316 4343 3663 4409 συνιλιθείςυ
3692 4344 3791 4398 ού·-

2211 4428 2376 4499 δεμία
2407 4429 2520 4502 γὰρ
2565 4429 2721 4495 ἐλπὶς
2763 4431 3088 4486 ὑπελείπετο
3128 4434 3498 4506 πονηροτέρα,
3520 4440 3612 4492 καὶ
3632 4450 3789 4490 συνι⁶

2212 4521 2320 4574 δὼν
2355 4520 2432 4585 ώς
2465 4520 2567 4576 οἰκ
2605 4523 2995 4596 ἀγαπήσουσιν
3048 4523 3116 4580 ἂν
3164 4525 3350 4590 αὐτοῖς
3401 4529 3796 4600 παραχωρήσω

523 4613 690 4661 antea
718 4605 907 4660 multis
944 4606 1105 4662 annis
1136 4606 1271 4661 mihi
1305 4608 1649 4665 studuissent
1691 4609 1965 4680 (quorum
2007 4620 2102 4661 nec

2219 4612 2328 4667 τῶν
2377 4614 2726 4686 πραγμάτων
2757 4615 2860 4685 τῆς
2907 4616 3106 4688 ἀρχῆς,
3139 4616 3254 4672 ἀλλ’
3302 4619 3447 4693 ὑπὲρ
3488 4621 3582 4676 τοῦ
3612 4622 3801 4678 δοκεῖν

524 4698 729 4769 exigua
792 4698 1256 4766 est'inultituilo,
1319 4699 1484 4772 903
1545 4716 1648 4757 nec
1708 4698 2112 4755 contemnenda

521 4788 853 4855 auctoritas,
918 4804 1043 4844 cum
1095 4790 1274 4862 major
1320 4806 1448 4862 pars
1498 4791 1834 4846 illustriores
1881 4789 2110 4845 Romani

523 4879 677 4945 sint)
730 4880 1186 4950 interempturos,
1237 4880 1310 4937 ob
1357 4882 1602 4952 ipsorum
1651 4890 1707 4938 et
1757 4898 1949 4938 eorum
2013 4882 2112 4953 qui

532 4958 753 5026 mecum
802 4982 961 5027 erant
998 4975 1255 5037 salutem,
1311 4973 1659 5044 imperatoris
1689 4962 2115 5046 appellationem

524 5062 848 5134 assumpsi:
900 5064 1154 5134 quamvis
1200 5064 1382 5120 multo
1428 5073 1554 5120 ante
1609 5080 1782 5136 penes
1838 5083 1926 5123 me
1966 5079 2117 5127 esset

527 5170 720 5208 rerum
768 5154 1100 5223 arbitrium;
1151 5171 1261 5211 non
1298 5157 1545 5228 profecto
1587 5158 1658 5215 ob
1707 5158 2012 5216 claritatem
2046 5176 2115 5217 ex

528 5247 771 5317 imperio
817 5248 1110 5315 orituram,
1160 5264 1340 5320 neque
1383 5260 1446 5304 ut
1491 5250 1544 5305 id
1588 5251 1714 5306 ﬁliis
1763 5252 1899 5307 meis
1940 5254 2116 5324 patri-

530 5339 706 5393 monii
752 5341 872 5394 loco
902 5341 1309 5412 relinquerem.
1333 5342 1503 5414 Cujus
1535 5360 1671 5400 mea:
1700 5345 2023 5410 voluntatis.
2056 5354 2119 5402 et

527 5428 857 5501 priusquam
904 5432 1074 5489 totius
1122 5434 1339 5503 imperii
1380 5450 1610 5507 compos
1658 5436 1871 5501 ﬁerem,
1915 5445 1973 5493 et
2018 5453 2118 5508 per

525 5535 703 5575 omne
759 5529 977 5592 tempus
1040 5526 1419 5594 apertissimas
1475 5527 1911 5599 signiﬁcationes
1964 5528 2114 5586 dedi.

529 5613 674 5668 Nam
708 5627 834 5666 cuin
865 5621 1017 5668 totus
1057 5623 1277 5686 rogaret
1321 5619 1620 5684 exercitus,
1663 5629 1727 5674 ut
1778 5628 1831 5676 te
1878 5620 2112 5690 impera-

530 5713 714 5757 torem
770 5703 1093 5774 deligerem,
1144 5705 1319 5763 nolui.
1374 5709 1516 5778 Quin
1581 5725 1706 5766 eum
1756 5710 1871 5783 jam
1933 5711 2117 5771 omnia

527 5793 897 5865 subegissem,
954 5800 1256 5871 eademque
1309 5804 1466 5858 multi
1512 5812 1569 5859 et
1613 5803 1969 5861 illustrissimi
2014 5806 2114 5863 lla-

527 5887 809 5958 gitarent,
889 5899 1104 5950 tantum
1172 5895 1365 5964 abest,
1427 5908 1486 5953 ut
1557 5897 1774 5953 illorum
1850 5900 2114 5970 precibus

2215 4701 2444 4765 δικαίως
2498 4702 2951 4775 πεπολεμηκέναι
2982 4705 3150 4776 ώμῶς
3193 4709 3591 4767 ἀποκτενοῦσιν
3619 4711 3697 4776 ὡς
3724 4713 3803 4770 τὰ

2216 4793 2422 4865 ἔσχατα
2448 4793 2775 4867 ὴδικηκότα,
2807 4797 2903 4850 καὶ
2948 4797 3148 4863 παῖδας
3180 4798 3560 4873 διαφθερούσι,
3594 4804 3690 4859 καὶ
3716 4804 3809 4859 oi-

2213 4889 2418 4957 κείους,
2447 4888 2545 4942 καὶ
2570 4889 2697 4950 τοὺς
2725 4886 2943 4954 ἄλλους,
2968 4891 3087 4945 ὅσοι
3116 4893 3385 4964 πρότερον
3402 4895 3551 4949 ἔτεσι
3578 4896 3805 4962 πολλοῖς

2213 4977 2387 5043 εὔνως
2418 4978 2566 5049 ἔχειν
2602 4979 2821 5034 ἐδόκουν
2855 4981 2993 5050 πρὸς
3024 4983 3149 5053 ἐμὲ,
3180 4984 3335 5048 ὄντας
3362 4986 3465 5040 οὐκ
3494 4987 3671 5058 ὀλίγοι
3708 5004 3799 5043 τι-

2214 5070 2331 5137 νὶς,
2356 5070 2480 5125 οὐδὲ
2502 5071 3001 5144 εὐκαταφρόνητοι,
3036 5075 3154 5129 ἀλλ’
3180 5076 3230 5130 oi
3266 5075 3487 5141 πλείους
3509 5079 3603 5133 καὶ
3628 5094 3806 5148 περι-

2217 5162 2545 5235 φανέστεροι
2582 5162 2897 5231 Ῥωμαίων,
2926 5165 3068 5240 ὑπὲρ
3125 5167 3229 5239 τῆς
3266 5171 3537 5243 σφετέρας
3582 5187 3644 5226 τε
3697 5172 3803 5227 καὶ

2214 5257 2327 5311 τῶν
2348 5258 2616 5326 συνόντων
2649 5260 2925 5332 σωτηρίας
2955 5260 3184 5333 είλόμην
3211 5262 3311 5335 τὴν
3332 5262 3602 5334 βασιλέως
3624 5281 3808 5337 προσ-

2215 5350 2469 5421 ηγορίαν,
2520 5351 2702 5406 καίτοι
2735 5352 2844 5424 πρὸ
2881 5352 3081 5409 πολλοῦ
3108 5353 3205 5409 τού
3236 5356 3435 5426 χρόνον
3480 5357 3595 5413 τῶν
3648 5374 3803 5429 πρα-

2217 5443 2450 5512 γμάτων
2476 5442 2666 5514 ἄρχων
2694 5444 3077 5512 reﬂantium}
3103 5446 3262 5518 δόξης
3287 5448 3454 5506 ινικα
3482 5451 3583 5523 τῆς
3603 5450 3668 5505 ἑκ
3693 5451 3803 5521 τῆς

2216 5534 2504 5605 βασιλείας
2517 5534 2816 5608 sospitum,
2852 5538 2975 5595 οὐδὶ
2995 5538 3089 5595 τοῦ
3113 5541 3228 5604 τοῖς
3251 5543 3440 5597 παισὶν
3465 5543 3661 5615 ὥσπερ
3675 5548 3810 5600 τινὰ

2217 5626 2477 5699 πατρῷον
2496 5627 2705 5701 κλῆρον
2739 5631 3097 5687 καταλείπειν
3113 5632 3214 5704 τὴν
3239 5629 3437 5708 ἀρχήν.
3465 5638 3578 5692 Καὶ
3601 5637 3815 5694 τούτου

2217 5717 2493 5785 δείγματα
2522 5720 2881 5793 παρεσχόμην
2913 5721 3293 5794 ιναργέστατα
3330 5727 3430 5782 ,διὰ
3467 5730 3670 5794 muto;
3697 5730 3813 5786 τοῦ

2219 5811 2438 5879 χρόνου,
2464 5810 2527 5864 ού
2566 5812 2751 5880 μόνον,
2793 5814 2926 5885 πρὶν
2958 5814 3182 5887 ἀπάσης
3219 5819 3503 5892 ἐγκρατὴς
3540 5822 3813 5889 γενέσθαι

2218 5903 2318 5974 τῆς
2347 5902 2665 5975 ἡγεμονίας*
2692 5905 2966 5978 δεομένων
2988 5908 3096 5980 γὰρ
3118 5910 3377 5967 ἁπάντων
3397 5912 3508 5968 τῶν
3529 5914 3808 5971 συνόντων
