4056 6460
301 430 403 496 357

1435 420 1977 485 HiSTORIABUM
2016 420 2252 482 LIBER
2294 423 2400 485 IV.

3459 430 3570 498 358

299 543 391 595 καὶ
422 541 483 594 σὲ
521 538 797 611 αἱρεῖσθαι
855 536 1106 608 βασιλέα,
1159 537 1262 592 οὐκ
1309 536 1583 606 ἠθέλησα,
1613 535 1752 589 ἀλλὰ
1784 530 1880 586 καὶ¹

1988 545 2233 603 unquam
2277 534 2594 600 annuerim,
2641 543 2705 590 ut
2748 550 2873 592 cum
2917 537 3030 608 jam
3078 545 3264 595 rerum
3315 539 3575 598 dominus

305 632 441 704 μετά
474 633 540 702 τδ
567 634 750 687 πᾶσαν
783 631 1117 703 ποιήσασθαι
1145 630 1236 684 ὑπ’
1264 629 1504 700 ἐμαυτόν
1527 626 1880 708 ’δεηθέντων

297 726 406 797 γὰρ
444 723 681 789 πολλῶν,
732 724 830 781 καί
862 724 1099 795 μάλιστα
1155 722 1265 777 τῶν
1322 717 1779 790 ἐπιφανεστάτων
1810 716 1880 770 τὰ

304 818 394 871 ῐσα
418 813 575 880 αὖθις
599 816 728 888 περί⁸
759 811 875 883 σοῦ’,
906 815 1164 870 τοσοῦτον
1196 813 1290 869 τοῦ
1321 809 1719 882 πεισθήσεσθαί
1743 826 1880 863 ποτε

302 910 540 979 ἀπέσχον
561 902 642 973 οἷς
671 908 827 964 αὐτοὶ
849 908 1057 979 ἠξίουν,
1081 906 1213 962 ὥσθ’
1239 906 1356 976 ἅμα
1385 905 1463 976 τῷ
1497 905 1680 958 πᾶσαν
1711 901 1880 973 ἔχειν,

302 1002 391 1055 καὶ
426 1002 524 1069 τῆς
565 999 875 1072 μοχθηρίας
917 1000 1028 1053 τῶν
1071 997 1433 1068 συκοφαντῶν
1471 994 1880 1068 ἑναργεστάτας

306 1086 690 1157 παρασχέσθαι
720 1084 1049 1150 ἀποδείξεις,
1085 1087 1270 1139 πᾶσαν
1313 1082 1571 1139 ἐπενόουν
1604 1082 1878 1154 μηχανὴν,

302 1178 395 1234 καὶ
430 1177 612 1231 πάντα
644 1176 942 1249 ἔπραττον,
976 1176 1119 1232 ὥστε
1146 1178 1257 1232 τῶν
1291 1178 1358 1232 ὲκ
1381 1177 1487 1244 τῆς
1513 1178 1691 1247 ἀρχῆς
1724 1174 1882 1245 θορύ-

304 1269 409 1323 ϐων
429 1267 768 1335 ἀπαλλάξας,
795 1270 1195 1343 ἀπραγμοσύνῃ
1220 1268 1311 1325 τὸν
1329 1269 1611 1323 ἐπίλοιπον
1634 1270 1878 1324 συνεῖναι

306 1361 432 1433 βίον,
484 1363 577 1417 καὶ
621 1363 760 1434 πρὸς
791 1364 889 1436 τὴν
929 1364 1126 1418 ἄλυτον
1168 1363 1391 1434 ἐκείνην
1433 1364 1529 1418 καὶ
1585 1363 1660 1434 μὴ
1720 1361 1878 1433 διαρο

305 1456 527 1527 ῥέουσαν
554 1456 700 1526 ζωὴν
727 1458 909 1511 πᾶσαν
954 1456 1290 1529 μεταθέσθαι
1324 1457 1416 1529 καὶ
1466 1457 1724 1528 φροντίδα
1782 1450 1878 1510 καὶ

304 1547 558 1619 σπουδήν.
590 1547 664 1602 Ού
698 1548 808 1620 μὴν
842 1546 960 1602 ἀλλ’
989 1551 1040 1602 εί
1070 1550 1168 1604 καὶ
1211 1547 1453 1620 μάλιστά
1481 1566 1564 1613 τις
1602 1553 1737 1620 φαίη
1773 1549 1877 1620 τῆς

296 1638 450 1709 δόξης
480 1639 666 1705 ἕνεκα,
699 1642 795 1693 καὶ
848 1641 949 1710 τῆς
980 1642 1221 1711 τρυφῆς,
1263 1640 1358 1696 καὶ
1392 1640 1501 1696 τῶν
1556 1641 1735 1697 ἄλλων
1766 1640 1877 1694 τῶν

295 1730 594 1786 δοκούντων
641 1732 708 1785 ὲκ
753 1732 852 1799 τῆς
913 1730 1194 1803 βασιλείας
1226 1732 1452 1802 ἀγαθῶν
1495 1735 1623 1797 τοὺς
1675 1733 1878 1797 πόνους

295 1823 397 1889 εμὲ
459 1824 553 1878 καὶ
581 1824 708 1888 τοὺς
757 1823 1036 1890 κινδύνους
1061 1826 1189 1890 τοὺς
1229 1829 1516 1889 τοσούτους
1547 1826 1873 1898 ὑποστῆναι,

300 1916 533 1986 μάλιστα
566 1916 633 1971 ἂν
660 1914 836 1988 ἔγωγε
897 1918 1082 1989 φαίην·
1108 1917 1415 1991 ἀξιόχρεως
1443 1917 1544 1974 καὶ
1592 1918 1680 1974 διὰ
1714 1895 1875 1973 τοῦτο
1911 1895 1952 1949 Β

302 2012 412 2072 τοῖς
430 2010 604 2075 ἄλλοις
637 2006 778 2066 εἶναι
808 2013 1129 2086 παιδευτὴς.
1168 2003 1494 2085 Σαφέσταῖτα
1524 2016 1634 2087 γὰρ
1666 2016 1732 2070 ὲκ
1763 2016 1875 2070 τῶν

310 2102 635 2172 πραγμάτων
689 2103 923 2159 συνιδὼν
955 2104 1031 2171 ὡς
1064 2107 1125 2160 τὸ
1152 2106 1496 2179 τηλικαύτην
1530 2105 1707 2179 ἀρχὴν
1761 2105 1875 2160 διέ-

305 2208 426 2244 πειν
455 2193 630 2258 καλῶς
661 2195 755 2251 καὶ
779 2197 1193 2270 προσηκόντως,
1226 2199 1322 2252 καὶ
1347 2198 1491 2252 κατὰ
1519 2198 1756 2269 μίμησιν
1779 2197 1874 2252 τοῦ

296 2281 515 2337 πάντων
544 2282 924 2354 βασιλεύοντος
976 2285 1113 2341 Θεοῦ
1143 2286 1247 2340 οὐκ
1291 2288 1358 2341 ἂν
1407 2286 1494 2357 εἴη
1536 2286 1739 2350 παντὸς
1779 2284 1874 2340 τοῦ

294 2374 642 2446 βουλομένου,
683 2377 798 2433 ἀλλ’
823 2379 940 2432 ὅσοι
959 2378 1241 2451 Πνεύματι
1266 2377 1404 2433 Θεοῦ
1430 2378 1713 2451 ἀγόμενοι,
1736 2379 1879 2451 πάντ

294 2486 358 2523 τα
393 2470 730 2541 πράττουσιν
758 2474 911 2537 ὅπως
962 2474 1030 2528 ἂν
1062 2473 1140 2545 τῷ
1180 2474 1370 2544 ἄγοντι
1394 2474 1579 2548 δοκοίη
1604 2491 1620 2508 ο
1665 2469 1776 2539 οἷος
1805 2470 1875 2546 ἦν

304 2561 480 2628 Διιυῖδ,
509 2564 602 2616 καὶ
626 2564 1038 2629 Κωνσταντῖνος
1079 2568 1108 2621 ό
1142 2569 1315 2638 μέγας
1344 2568 1403 2622 έν
1437 2565 1740 2638 βασιλεῦσι,
1780 2568 1878 2621 καὶ

297 2653 406 2707 ὅσοι
456 2654 576 2709 κατ’
628 2656 878 2722 ἐκείνους
934 2659 1034 2730 τὴν
1093 2660 1325 2732 ἀρετὴν,
1383 2660 1755 2730 ἀσφαλέστατ’
1804 2661 1875 2715 ἂν

297 2747 777 2820 συμϐουλεύσαιμι
813 2750 926 2814 τοῖς
960 2751 1034 2824 μὴ
1069 2752 1360 2817 τοιούτοις,
1401 2758 1497 2807 καὶ
1524 2753 1624 2824 τῆς
1649 2752 1876 2824 πρώτης

296 2840 494 2911 πείρας
525 2841 886 2912 ἀποσχέσθαι,
931 2842 1224 2914 μέλλουσιν
1252 2834 1369 2898 οὐκ
1400 2844 1609 2900 ἐλάττω
1641 2843 1878 2917 βλάπτε-

296 2927 419 2981 σθαι
460 2929 524 2995 ἐκ
553 2929 649 3000 τῆς
705 2931 905 3002 ἀρχῆς,
945 2931 978 3003 ἢ
1011 2933 1114 2986 ὅσα
1166 2932 1485 3003 νομίζουσιν
1518 2932 1872 3004 ὠφελεῖσθαι,

298 3021 442 3090 σφᾶς
473 3021 668 3085 αὐτοὺς
695 3024 1097 3090 ἐξαπατῶντες,
1131 3025 1229 3096 τὴν
1256 3026 1471 3099 τρυφὴν
1503 3027 1598 3081 καὶ
1625 3027 1724 3098 τὴν
1749 3027 1878 3100 βλα-

287 3109 474 3176 κείαν,
504 3110 600 3163 καὶ
631 3109 728 3180 τὴν
756 3110 926 3182 ἀλλην
961 3112 1100 3183 πρὸς
1130 3113 1223 3167 τδν
1251 3113 1366 3184 βίον
1417 3113 1696 3186 ρᾳθυμίαν
1719 3116 1885 3187 νομί-ε

296 3201 482 3267 ζοντες
511 3201 623 3256 τῶν
671 3203 917 3272 ἀγαθῶν.
956 3201 1145 3259 Ταῦτα
1199 3205 1301 3277 μὲν
1333 3200 1429 3262 οὖν
1478 3208 1546 3263 ἄν
1582 3225 1665 3273 τις
1714 3208 1875 3280 φαίη,

296 3297 391 3349 καὶ
414 3295 586 3350 πλείω
613 3298 823 3352 τούτων
851 3299 1240 3371 παραπλήσια,
1266 3300 1616 3372 πειρώμενος
1643 3302 1887 3373 ἀποτρέσ

297 3405 424 3442 πειν
460 3388 554 3443 τοῦ
590 3389 665 3461 μὴ
694 3391 902 3460 σφόδρα
928 3392 1221 3464 κεχηνέναι
1254 3393 1392 3465 πρὸς
1417 3393 1524 3462 τὴν
1557 3394 1720 3463 δόξαν
1747 3395 1879 3449 ταύ-

295 3495 399 3552 την
426 3478 524 3551 τὴν
558 3480 709 3535 κάτω
734 3484 831 3536 καὶ
864 3484 1246 3557 πατουμένην,
1296 3487 1361 3557 ἢν
1389 3485 1489 3539 καὶ
1532 3486 1729 3557 χρόνος
1759 3486 1880 3543 δια-

297 3570 448 3625 λύειν
492 3571 699 3628 δύναιτ⁹
744 3572 832 3638 ἀν,
880 3578 981 3631 καὶ
1035 3577 1311 3651 μεταϐολὴ
1372 3580 1740 3651 πραγμάτων,
1783 3581 1882 3637 καὶ¹

301 3665 578 3737 μοχθηρία
636 3666 898 3738 πονηρῶν
958 3667 1315 3742 ἀνθρώπων,
1348 3671 1444 3726 καὶ
1507 3672 1682 3742 μυρία
1714 3671 1880 3743 ἕτερά

296 3773 441 3813 τινα.
489 3758 589 3813 “Av
645 3758 833 3830 μέντοι
889 3760 1029 3833 πρὸς
1075 3762 1289 3827 τούτοις
1347 3762 1444 3818 καὶ
1497 3762 1633 3830 Θεὸς
1673 3763 1883 3822 ἄνωθεν

299 3849 696 3920 ἐπιψηφίζηται
729 3891 745 3917 ,
792 3851 889 3906 καὶ
959 3852 1161 3927 κελεύῃ
1241 3857 1496 3929 φανερῶς
1561 3858 1882 3927 ἐξίστασθαι

297 3942 398 4013 τῆς
443 3942 654 4015 ἀρχῆς,
703 3945 762 3999 οὐ
805 3946 991 4002 πάντα
1045 3947 1437 4022 πράξομεν,τά
1491 3951 1612 4024 Θεῷ
1663 3953 1884 4010 δοκοῦν-

299 4052 370 4090 τα
416 4037 536 4106 μετ’
569 4038 1022 4111 εὐγνωμοσύνης,
1072 4042 1212 4097 ἀλλά
1240 4043 1705 4118 φιλονεικήσομεν
1735 4047 1880 4119 ἢδιά

302 4126 420 4198 βίου
450 4128 779 4200 βασιλεύειν,
812 4132 847 4205 ἦ
882 4134 933 4186 εί
962 4134 1038 4205 μὴ
1068 4135 1275 4207 παρείη
1298 4137 1438 4207 μηδὲ
1467 4138 1591 4210 ζῇν,
1626 4139 1766 4210 μηδὲ
1790 4139 1882 4194 τὸν

300 4219 451 4289 ἥλιον
478 4220 611 4294 δρᾷν
639 4225 879 4289 τουτονὶ,
910 4223 971 4277 ἀ)
983 4222 1032 4278 λ’
1057 4225 1162 4280 ὑπὸ
1192 4226 1361 4297 ζόφον
1380 4226 1535 4300 βιοῦν
1557 4229 1837 4302 αἱρεῖσθαι
1861 4245 1878 4298 ;

304 4313 498 4365 Καίτοι
547 4315 595 4368 εί
628 4314 730 4383 μὲν
758 4315 821 4370 ἐκ
851 4334 1016 4371 τινων
1043 4316 1327 4389 λογισμῶν
1357 4319 1755 4391 άναμφιϐόλων
1778 4337 1880 4375 σα-

303 4401 545 4471 φέστατα
571 4403 698 4474 ἐξῆν
721 4405 923 4461 ειδέναι
953 4407 1035 4461 ὅτι
1061 4408 1189 4471 τοὺς
1210 4407 1528 4480 ἅπανταχοῦ
1556 4409 1881 4481 Βαρὸἀρους

300 4493 405 4563 γῆς
434 4494 768 4567 διαφθερεῖς,
796 4498 892 4553 καὶ
921 4502 1161 4573 τρόπαια
1183 4500 1416 4572 λαμπρά
1441 4519 1566 4556 τινα
1598 4501 1694 4557 καὶ
1723 4519 1885 4575 περι-

1982 637 2187 690 essem,
2233 639 2566 696 possemque
2618 628 2987 698 syc0pbantas
3038 630 3409 702 improbitatis
3457 634 3579 688 cvi-

1982 714 2305 773 dentissiine
2377 719 2732 785 convincere,
2798 736 2992 776 omnes
3058 723 3178 777 vias
3235 724 3438 794 qumsiv
3477 738 3576 790 un,

1984 808 2192 879 egerim
2255 817 2312 865 ct
2358 811 2585 866 molitus
2608 813 2711 866 sim
2753 813 2958 880 omnia,
2994 823 3057 869 ut
3091 817 3283 886 procul
3338 818 3573 888 strepitu

1983 914 2049 954 ac
2119 901 2361 957 tumultu
2432 902 2676 973 imperii,
2729 905 2874 974 quod
2931 919 3253 977 superesset
3312 909 3458 977 vitae,
3520 910 3607 965 in'

1982 992 2280 1061 tranquilla
2338 995 2688 1065 negotiorum
2741 999 3015 1054 vacuitate
3066 1015 3472 1068 consumerem,
3519 1013 3579 1058 ct

1980 1081 2051 1136 ad
2125 1082 2275 1138 illam
2339 1100 2623 1156 nunquam
2697 1088 3221 1158 praeter-labentem,
3290 1089 3578 1146 immorta-

1980 1175 2200 1246 lemque
2226 1176 2428 1241 vitam,
2468 1195 2688 1235 omnem
2721 1181 3154 1240 sollicitudinem
3216 1184 3577 1256 studiumque

1983 1268 2370 1323 transferrem.
2423 1269 2623 1325 Verum
2658 1272 2943 1327 enimvero
2992 1274 3039 1329 si
3087 1276 3214 1345 quis
3267 1277 3435 1332 etiam
3487 1277 3575 1331 di-

1982 1358 2149 1423 xerit,
2183 1373 2271 1414 me
2309 1360 2553 1415 nominis
2581 1362 2944 1433 propagandi,
2970 1372 3028 1418 et
3052 1364 3398 1433 deliciarum,
3432 1366 3575 1422 alio-

1982 1464 2220 1519 rumque
2276 1451 2692 1508 commodorum
2753 1456 2961 1525 gratia,
3024 1472 3149 1526 quae
3207 1474 3276 1514 ex
3337 1459 3573 1529 imperio

1983 1551 2252 1609 putantur
2282 1542 2596 1612 provenire,
2627 1544 2840 1600 labores
2871 1553 2926 1599 et
2953 1545 3194 1616 pericula
3229 1554 3380 1603 tanta
3410 1548 3577 1604 susti-

1991 1633 2207 1698 nuisse,
2246 1635 2316 1690 ob
2350 1635 2402 1689 id
2432 1636 2614 1706 ipsum
2638 1652 2739 1708 ego
2768 1651 2854 1692 me
2887 1638 3009 1693 aliis
3045 1638 3102 1693 in
3125 1638 3321 1709 primis
3352 1653 3575 1695 accom-

1981 1723 2260 1779 modatum
2310 1724 2430 1783 fore
2478 1728 2801 1798 magistrum
2834 1739 2890 1783 et
2920 1729 3294 1787 institutorem
3360 1745 3573 1788 assero.

1980 1813 2117 1881 Quia
2146 1815 2296 1870 enim
2333 1815 2401 1871 ab
2438 1816 2556 1887 ipsa
2600 1819 2940 1888 experientia
2967 1820 3224 1878 eruditus
3262 1822 3573 1878 clarissime

1978 1908 2257 1978 perspexi,
2298 1915 2511 1964 tantum
2549 1911 2849 1982 imperium
2887 1912 3027 1970 bene
3053 1921 3110 1969 et
3143 1915 3569 1981 convenienter,

1981 2013 2107 2055 cum
2158 2001 2406 2056 omnium
2454 2000 2805 2073 imperatoris
2848 2002 2946 2060 Dei
3001 2004 3309 2062 imitatione
3362 2022 3564 2077 procu-

1979 2107 2124 2160 rare,
2162 2110 2269 2149 non
2304 2110 2426 2152 esse
2470 2097 2526 2150 in
2575 2097 2842 2169 cujusque
2876 2098 3112 2156 volentis
3158 2116 3324 2157 manu
3371 2101 3591 2168 situm,.

1978 2184 2073 2240 sed
2109 2201 2303 2242 eorum
2351 2189 2446 2259 qui
2495 2187 2703 2260 Spiritu
2738 2191 2828 2247 Dei
2867 2192 3000 2257 acti,
3027 2192 3212 2248 omnia
3252 2208 3321 2249 ex
3368 2193 3572 2265 placito

1977 2280 2191 2350 agentis
2240 2292 2408 2350 agunt
2447 2281 2683 2353 (quales
2727 2293 2890 2339 erant
2937 2284 3135 2352 David,
3191 2294 3248 2341 et
3298 2285 3576 2342 Constan-

1978 2373 2128 2430 tinus
2182 2373 2274 2429 ille
2339 2391 2572 2447 magnus
2623 2375 2946 2447 imperator.
3005 2389 3062 2435 et
3125 2379 3448 2451 quicunque
3499 2376 3570 2437 ad

1972 2463 2200 2519 illorum
2240 2466 2615 2534 praestantiam
2648 2469 2898 2538 proxime
2943 2472 3367 2542 accesserunt),
3413 2474 3574 2528 tutis-

1977 2554 2178 2610 simum
2221 2556 2517 2612 consilium
2568 2558 2819 2613 dederim
2851 2558 2921 2615 iis
2958 2559 3055 2631 qui
3104 2562 3242 2617 tales
3273 2577 3387 2617 non
3420 2571 3574 2631 sunt,

1978 2655 2041 2701 ut
2066 2647 2235 2702 etiam
2266 2649 2450 2718 primo
2484 2658 2684 2704 conatu
2722 2650 3081 2708 abstineant:
3119 2652 3574 2725 quandoquidem

1977 2755 2089 2795 non
2152 2740 2338 2796 minus
2403 2741 2723 2798 nocumenti
2774 2757 2806 2799 e
2858 2743 3171 2815 principatu
3244 2747 3576 2818 reportaturi
3629 2758 3636 2769 '

1977 2840 2153 2900 sunt,
2218 2848 2386 2903 quam
2441 2848 2503 2888 se
2551 2834 2911 2890 emolumenti
2969 2845 3356 2909 reportaturus
3403 2840 3578 2896 conli-

1978 2922 2219 2991 debam,
2262 2926 2593 2997 semetipsos
2639 2926 3025 2995 ludiﬁcantes,
3073 2934 3294 2998 damna,
3348 2929 3580 2988 delicias

1979 3024 2037 3071 et
2087 3017 2257 3072 vitam
2315 3017 2653 3075 desidiosam
2703 3019 2758 3075 in
2814 3018 2979 3075 bonis
3020 3028 3398 3077 numerantes.
3446 3020 3578 3077 llaec

1981 3107 2192 3179 itaque,
2257 3116 2315 3165 et
2357 3109 2519 3181 plura
2572 3110 2740 3182 hujus
2793 3112 3037 3182 genesis,
3088 3110 3133 3167 si
3185 3113 3462 3185 quispiam
3514 3113 3575 3170 in

1986 3199 2230 3256 medium
2281 3200 2541 3269 adducat,
2586 3202 2819 3260 studens
2851 3203 3023 3259 alium
3070 3219 3339 3262 revocare
3380 3205 3452 3261 ab
3480 3221 3577 3262 ar-

1981 3291 2130 3348 denti
2178 3293 2519 3365 appetitione
2565 3294 2735 3367 bujus
2779 3305 3016 3353 terrenae
3083 3306 3138 3353 et
3187 3297 3578 3355 conculcandae

1981 3384 2190 3456 gloriae,
2221 3399 2388 3456 quam
2419 3394 2477 3441 et
2521 3393 2762 3458 tempus,
2811 3396 2868 3443 et
2901 3404 3090 3445 rerum
3123 3389 3472 3457 vicissitudo,
3517 3397 3577 3447 et

1981 3493 2376 3550 perversorum
2413 3479 2703 3537 hominum
2742 3482 3012 3553 nequitia,
3046 3492 3105 3540 et
3153 3483 3263 3539 alia
3311 3483 3577 3542 innume-

1982 3569 2181 3625 rabilia
2231 3569 2464 3642 [possint
2535 3571 2904 3629 dissolvere:
2974 3571 3021 3629 si
3091 3582 3360 3643 praeterea
3428 3574 3577 3630 Deus

1983 3656 2227 3730 desuper
2256 3658 2537 3724 decernat,
2584 3672 2641 3718 ct
2687 3662 2980 3720 manifeste
3021 3664 3214 3736 jubcat
3241 3678 3303 3720 se
3341 3662 3576 3736 imperio

1982 3750 2265 3817 abdicare,
2311 3768 2421 3808 non
2459 3755 2646 3811 omnia
2696 3755 2809 3811 Deo
2854 3755 3131 3826 placentia
3170 3770 3295 3812 cum
3333 3756 3579 3828 aquani-

1982 3845 2175 3901 mitate
2217 3844 2503 3909 faciemus,
2533 3847 2631 3902 sed
2661 3847 2847 3903 adhuc
2876 3850 3301 3916 contendetnus,
3329 3857 3426 3905 aut
3462 3857 3576 3909 tota

1980 3937 2094 3993 vita
2129 3936 2424 4009 imperare,
2464 3937 2629 4010 904
2670 3946 2767 3993 aut
2812 3939 2858 3995 si
2907 3939 2963 3995 id
2998 3957 3109 3996 non
3161 3941 3346 4008 detur,
3392 3955 3581 4031 ueun

1982 4029 2133 4085 hunc
2163 4030 2286 4086 caeli
2315 4029 2568 4100 spiritum
2613 4030 2840 4086 haurire
2880 4032 3143 4103 amplius,
3188 4049 3369 4104 neque
3397 4029 3574 4090 solerti

1982 4122 2134 4179 hunc
2181 4120 2421 4184 intueri,
2467 4130 2524 4177 et
2575 4122 2743 4178 vitam
2790 4133 3036 4179 nostram
3090 4125 3339 4183 tenebris
3374 4127 3572 4199 caligi-

1983 4217 2155 4285 nique
2202 4214 2631 4270 mandabimus?
2667 4215 2965 4271 Enimvero
3013 4216 3060 4272 si
3110 4217 3341 4274 minime
3391 4219 3580 4276 dubiis

1984 4307 2509 4362 ratiocinationibus
2550 4307 2857 4363 certissime
2895 4308 3040 4363 scire
3081 4308 3301 4377 liceret,
3350 4317 3428 4376 te,
3478 4311 3575 4383 qui

1984 4400 2195 4471 ubique
2227 4410 2500 4456 terrarum
2551 4405 2701 4463 sunt,
2732 4398 3029 4456 {Barbaros
3062 4400 3397 4467 deleturum,
3446 4402 3578 4458 illu-

1985 4490 2231 4562 striaque
2270 4499 2327 4545 et
2366 4488 2663 4558 cou5picua
2693 4495 2894 4558 tropaea
2934 4488 3001 4544 dc
3032 4491 3293 4547 omnibus
3322 4492 3580 4548 hostibus

302 4586 448 4658 φανῆ
480 4588 702 4659 στήσεις
733 4591 841 4645 ἀπὸ
885 4592 1110 4669 πάντων
1151 4593 1450 4665 πολεμίων,
1500 4594 1598 4649 καὶ
1635 4595 1736 4667 τὴν
1776 4597 1880 4667 ἀρ-

1988 4594 2333 4650 erecturum,
2369 4589 2426 4637 et
2461 4581 2744 4650 antiquam
2780 4581 2927 4635 illam
2960 4581 3218 4639 Romanae
3254 4584 3578 4657 reipublica

302 4677 465 4746 χαίαν
497 4680 849 4752 εὐδαιμονίαν
882 4686 998 4748 τοῖς
1053 4684 1346 4757 Ῥωμαίων
1393 4684 1705 4752 ἀνασώσεις
1734 4688 1878 4759 πρά-

304 4785 499 4839 γμασι,
528 4772 623 4826 καὶ
671 4774 900 4846 κυρίους
927 4776 1053 4848 γῆς,
1087 4779 1179 4833 καὶ
1228 4776 1507 4848 θαλάσσης
1547 4779 1877 4845 ἀποδείξεις,

306 4861 491 4934 ῶσπερ
514 4858 657 4935 ἦσαν
685 4866 741 4919 ὲν
758 4871 871 4932 τοῖς
901 4868 1016 4924 ἄνω
1036 4871 1270 4943 χρόνοις,
1294 4872 1383 4926 ὅτε
1412 4873 1667 4947 ῆκμαζεν
1695 4873 1881 4929 αὐτῶν

300 4954 339 5023 ή
367 4954 615 5028 δύναμις,
650 4957 814 5029 λόγον
845 4961 910 5017 ἄν
939 4981 1064 5017 τινα
1101 4965 1278 5020 ἐδόκει
1329 4966 1476 5037 ἔχειν
1522 4968 1557 5038 ἡ
1610 4966 1742 5037 πρὸς
1779 4966 1880 5039 τὴν

308 5047 642 5119 παραίτησιν
673 5054 773 5123 τῆς
826 5048 1117 5123 βασιλείας
1162 5055 1416 5120 ἔνστασις
1441 5073 1457 5089 ο
1491 5058 1540 5111 εί
1582 5057 1639 5111 δὲ
1670 5057 1738 5111 τὰ
1763 5075 1879 5112 τοι·

303 5139 452 5193 αὕτα
484 5141 840 5213 εὐτυχήματα
871 5146 1236 5218 ὀνειρώττειν,
1267 5149 1299 5221 ἢ
1340 5151 1436 5206 καὶ
1461 5150 1703 5221 νήφοντα
1750 5151 1884 5204 ἀνοι-

303 5230 622 5300 λογίζεσθαι
669 5234 979 5307 διενήνοχεν
1023 5238 1202 5306 ούδὲν,
1234 5239 1290 5292 τί
1341 5239 1427 5294 δεῖ
1451 5241 1693 5296 τοσαῦτα
1741 5240 1882 5312 ὑπὲρ

303 5324 415 5378 τῶν
443 5326 713 5396 ισομένων
748 5328 1042 5401 μηδέποτε,
1076 5330 1442 5401 φιλονεικεῖν;
1489 5330 1632 5402 Ἐγὼ
1661 5332 1720 5387 δὲ
1746 5331 1881 5386 ἀπο-

310 5415 390 5486 ρῶ
417 5420 765 5475 παντάπασιν
787 5422 999 5488 ὁποίοις
1030 5423 1096 5480 ἄν
1117 5440 1226 5478 τισι
1251 5426 1606 5497 χρησάμενος
1635 5424 1882 5496 σώφροσι

306 5508 612 5584 λογισμοῖς,
652 5514 857 5585 μᾶλλον
892 5516 1103 5589 αἱρήσῃ
1127 5515 1217 5572 διὰ
1253 5516 1374 5590 βίου
1403 5517 1781 5591 δεσμωτήριον
1800 5518 1881 5573 ol-

307 5604 446 5671 κεῖν,
476 5604 510 5677 ἢ
538 5606 638 5678 τὴν
663 5605 954 5681 βασιλικὴν
985 5606 1145 5674 ἀξίαν
1175 5608 1505 5666 ἀποθέσθαι.
1545 5607 1610 5663 Et
1651 5610 1760 5682 γὰρ
1803 5611 1885 5681 μὴ

308 5694 404 5750 νῦν
433 5699 683 5753 ὑπείκειν
709 5700 989 5774 ἐθελήσεις
1014 5702 1152 5775 πρὸς
1192 5704 1294 5775 τὴν
1318 5703 1593 5774 βασιλέως
1619 5701 1714 5758 τοῦ
1737 5718 1883 5772 γαμ-

310 5785 440 5859 ϐροῦ
469 5792 717 5860 ἀξίωσιν,
752 5793 901 5849 δυοῖν
928 5795 1159 5868 θάτερον
1179 5796 1420 5869 ἀνάγκη,
1455 5795 1491 5869 ἤ
1517 5796 1737 5870 δεσμοῖς
1757 5797 1881 5850 ἐνα-

311 5880 670 5954 ποθνήσκειν,
707 5883 742 5957 ἦ
781 5886 1080 5960 πειρᾶσθαι
1122 5888 1311 5960 τρόπῳ
1339 5887 1408 5961 δή
1440 5905 1546 5945 τινι
1578 5888 1641 5944 τδ
1664 5888 1877 5959 δεσμω-

1987 4677 2307 4735 felicitatem
2363 4674 2773 4741 restituturum,
2826 4684 2884 4730 et
2942 4674 3199 4731 dominos
3254 4684 3419 4732 terrae
3456 4693 3579 4734 rra-

1989 4768 2201 4838 risque,
2228 4775 2288 4822 ut
2331 4777 2489 4823 erant
2535 4764 2918 4834 superioribus
2965 4767 3243 4835 natatibus,
3299 4783 3427 4825 cum
3477 4769 3578 4827 llo-

1988 4870 2139 4917 reret
2170 4874 2359 4914 eorum
2393 4857 2661 4929 potentia,
2703 4857 3058 4924 cﬂ‘ecturum,
3107 4875 3218 4915 non
3266 4877 3494 4939 prorsus
3541 4878 3574 4919 a

1988 4950 2204 5007 ratione
2233 4952 2474 5007 alienum
2511 4950 2821 5012 videretur.
2866 4961 3068 5023 negato
3104 4951 3343 5022 imperio
3366 4953 3578 5013 instare

1988 5042 2355 5099 obﬁrmatius.
2398 5041 2456 5098 Si
2510 5051 2696 5096 autem
2767 5041 2907 5097 nihil
2943 5044 3195 5108 interest,
3231 5054 3415 5100 utrum
3455 5046 3580 5103 feli-

1989 5134 2186 5192 citates
2242 5134 2557 5206 hujusmodi
2606 5134 2839 5205 vigilans
2892 5134 3138 5206 cogites,
3173 5151 3242 5191 an
3291 5135 3581 5197 dormiens

1990 5228 2256 5294 somnies,
2293 5226 2452 5297 quid,
2495 5242 2702 5298 quaeso,
2757 5226 2955 5284 attinet
2997 5243 3095 5298 pro
3145 5229 3212 5286 iis
3260 5245 3384 5301 quae
3433 5248 3579 5288 nun-

1990 5334 2154 5390 quam
2183 5327 2368 5382 erunt,
2394 5326 2602 5372 tantum
2627 5317 2959 5389 defetigari?
2996 5318 3170 5374 Porro
3201 5320 3362 5390 plane
3388 5323 3583 5378 nescio

1990 5410 2085 5466 ubi
2132 5426 2291 5466 mens
2322 5418 2413 5466 tua
2462 5408 2651 5476 fuerit,
2701 5423 2828 5465 cum
2869 5411 3045 5482 magis
3090 5420 3419 5481 perpetuum
3459 5429 3580 5470 car-

1993 5516 2201 5568 cerem,
2234 5518 2399 5573 quam
2437 5501 2805 5572 imperatoria:
2837 5502 3125 5574 dignitatis
3168 5505 3577 5573 abdicationem

1991 5594 2228 5664 clegisti.
2258 5592 2314 5650 Si
2338 5593 2485 5649 enim
2514 5592 2872 5665 postulationi
2901 5595 3082 5651 aliiuis
3110 5595 3186 5651 tui
3221 5597 3580 5669 imperatoris

1989 5685 2188 5742 cedere
2214 5683 2326 5756 jam
2356 5685 2774 5748 detrectaveris.
2810 5685 3043 5743 alterum
3072 5703 3103 5743 ε
3134 5688 3355 5744 duobus
3384 5703 3579 5744 neces-

1990 5775 2198 5832 sarium
2233 5774 2360 5842 erit,
2414 5784 2474 5832 ut
2517 5777 2603 5831 vel
2657 5776 2713 5832 in
2754 5777 2994 5834 vinculis
3043 5779 3303 5844 mOriare,
3351 5777 3460 5846 vel,
3513 5786 3580 5835 ut

1989 5883 2114 5927 cum
2192 5869 2391 5926 tcclma
2459 5869 2641 5941 aliqua
2720 5873 3001 5942 evaseris,
3069 5871 3290 5944 imperii
3356 5873 3578 5930 labores
