4056 6488
415 478 523 541 359

1595 463 1921 527 IOANNIS
1960 465 2484 531 CANTACUZENI

3559 476 3666 541 360

417 588 687 659 recipere.
736 583 946 639 ﬂorum
1021 580 1343 636 alterutrius
1405 592 1477 634 ne
1524 588 1845 648 putesmtem
1898 590 1992 630 na—

2106 580 2279 651 ιήριον
2308 584 2642 656 ἀποδράντα,
2666 586 2763 659 τὴν
2790 586 2964 660 ἀρχὴν
2986 586 3404 643 ἀνακαλεῖσθαι.
3444 587 3668 645 Τούτων

423 692 616 736 cturus
657 678 755 742 sis,
800 675 1013 731 dubito.
1060 672 1218 739 Quod
1258 669 1531 732 autem,si
1578 669 1778 723 bellum
1811 666 1993 721 denuo

418 772 676 835 suscites,
710 769 867 822 multi
915 778 965 821 te
994 765 1217 820 labores
1259 777 1323 818 ac
1359 759 1683 816 discrimina
1712 767 1992 822 maneant,

421 867 705 933 multoque
736 856 1198 929 homophylorum
1241 853 1507 922 sanguine
1535 851 1774 905 animam
1811 848 1992 919 pollu-

422 967 604 1018 turus,
654 961 712 1011 et
756 948 1181 1007 innumerabilia
1222 946 1389 1010 mala,
1432 942 1839 1011 servitutesque
1885 941 1996 995 Ro-

424 1048 601 1105 manis
655 1046 1049 1114 importaturus
1096 1039 1194 1101 sis,
1244 1035 1372 1090 inde
1420 1033 1765 1104 potissimum
1800 1031 1992 1101 liquet,

425 1156 603 1211 neque
651 1138 735 1192 vel
789 1135 977 1206 paucis
1024 1129 1210 1185 verbis
1266 1126 1649 1183 demonstrare
1697 1138 1838 1195 opus
1887 1133 1992 1178 est.

426 1233 562 1288 Nam
610 1243 733 1285 cum
782 1226 877 1280 ille
906 1224 979 1277 sit
1005 1235 1191 1276 rerum
1236 1218 1480 1273 omnium
1522 1216 1798 1286 princeps,
1829 1229 1995 1268 ausus

427 1324 673 1397 ejusdem
720 1319 788 1373 ab
831 1313 1062 1384 imperio
1113 1307 1422 1381 depellendi
1468 1307 1572 1361 alia
1623 1308 1834 1361 ratione
1885 1320 1996 1360 non

440 1396 724 1487 procedet,
769 1422 931 1479 quam
972 1406 1017 1460 si
1064 1400 1341 1458 discordia
1376 1404 1520 1456 inter
1553 1399 1783 1469 populos
1810 1396 1997 1453 conci-

426 1516 559 1569 tata,
611 1504 815 1558 bellum
862 1497 1023 1553 civile
1080 1505 1408 1552 moveatur:
1465 1501 1560 1549 aut
1604 1489 1856 1546 alicunde
1895 1504 1996 1544 seu

427 1599 778 1658 Gnecorum,
840 1606 937 1646 seu
994 1589 1355 1644 Barbarorum
1403 1584 1574 1654 copia:
1630 1582 1997 1645 inducantur,

426 1700 550 1756 qua:
579 1688 743 1741 urbes
774 1685 1090 1740 resistentes
1126 1680 1285 1734 facile
1309 1683 1643 1747 expugnent,
1673 1682 1727 1728 et
1758 1671 2002 1742 captivo-

427 1795 551 1833 rum
595 1778 732 1831 alios
785 1775 1056 1840 occidant,
1087 1773 1226 1826 alios
1258 1769 1532 1838 subigam,
1561 1775 1619 1821 et
1655 1765 1721 1819 ad
1753 1763 1856 1819 sibi
1901 1762 2003 1816 οἰ)-

431 1870 847 1939 temperaudum
895 1866 1245 1934 compellant,
1288 1875 1520 1931 quorum
1563 1868 1859 1926 utrumque
1906 1857 2000 1911 de-

430 1975 649 2026 decore,
713 1973 769 2017 et
824 1959 1121 2030 ignominia
1185 1955 1563 2027 plenissimum
1616 1958 1720 2005 est.
1768 1948 1999 2015 Quando

430 2060 598 2127 igitur
632 2056 787 2111 fama
816 2062 920 2108 tute
952 2049 1262 2113 celebritas,
1305 2047 1346 2101 si
1382 2043 1615 2116 quando
1643 2042 1900 2097 videlicet
1935 2056 2001 2094 ex

429 2154 699 2207 sententia
747 2162 833 2201 res
863 2148 1027 2209 irent,
1065 2141 1359 2197 admodum
1399 2138 1609 2193 incerta
1639 2144 1741 2195 est.
1781 2132 2003 2188 infamia

430 2252 636 2305 autem,
688 2248 744 2294 et
786 2233 1228 2308 improbissimus
1269 2239 1502 2287 conatus
1547 2232 1733 2282 statim
1785 2241 1816 2279 a
1846 2225 2001 2295 prin-

430 2333 578 2402 cipio
635 2337 843 2400 patent,
902 2339 1088 2381 nonne
1142 2323 1211 2377 ad
1266 2320 1635 2377 indubitatum
1691 2318 1897 2381 decus,
1946 2325 2004 2371 et

431 2420 658 2492 gloriam
690 2414 902 2486 "magis
970 2412 1326 2484 protehentia
1385 2407 1608 2464 incertis
1669 2403 2006 2476 antepones?

437 2513 545 2568 Sed
572 2512 675 2565 etsi
720 2511 1018 2578 imperator
1046 2505 1175 2575 {ipse
1204 2519 1269 2558 ex
1314 2501 1484 2556 multa
1529 2500 1923 2556 moderatione,
1950 2504 2006 2550 et

435 2607 604 2661 animi
648 2604 882 2674 quadam
917 2601 1291 2670 magnitudine
1320 2596 1581 2651 honorem
1628 2594 1850 2664 quidem
1899 2591 2004 2645 im-

437 2698 799 2770 peratorium,
836 2711 941 2766 qua
966 2703 1186 2757 ornatu,
1218 2706 1326 2763 qua
1346 2686 1712 2759 appellatione
1746 2682 1843 2739 tibi
1875 2697 2006 2737 con-

437 2790 681 2855 cederet,
713 2802 819 2841 non
870 2795 1051 2842 tamen
1096 2784 1261 2838 etiam
1306 2782 1360 2836 in
1403 2778 1619 2850 imperii
1666 2775 2005 2832 consortium

437 2880 777 2941 admitteret,
814 2890 1010 2946 ,ncqne
1059 2875 1275 2943 aliquas
1315 2885 1537 2925 suarum
1583 2868 1866 2923 civitatum
1906 2863 2005 2920 tibi

437 2971 717 3025 addiceret
761 2968 938 3038 (quod
965 2965 1185 3037 quidem
1214 2964 1320 3018 nisi
1355 2969 1549 3030 sponte
1580 2959 1806 3021 faceret,
1841 2970 2006 3013 nemo

434 3078 564 3119 eum
600 3064 867 3131 cogeret),
899 3065 1214 3129 superesset
1237 3053 1383 3110 aliud
1408 3051 1566 3118 nihil,
1599 3064 1762 3122 quam
1789 3057 1850 3104 ut
1875 3048 2008 3105 alias

436 3156 711 3225 regiones,
757 3161 813 3207 et
862 3152 1026 3206 urbes
1065 3161 1363 3220 qua:reres,
1408 3146 1608 3216 quibus
1654 3144 2004 3212 imperares:

2098 678 2199 747 μὲν
2227 677 2318 731 οὖν
2351 678 2613 749 ἑκάτερον
2640 679 2694 732 εἴ
2720 697 2849 733 ποτε
2882 679 3119 745 ἐξέσται,
3154 681 3213 734 ὲν
3244 680 3426 753 ἀδήλῳ
3447 684 3624 734 κεῖται
3644 695 3667 738 :

2093 770 2175 822 ὅτι
2203 769 2282 847 δὲ,
2323 770 2371 823 εί
2405 772 2742 844 κατασταίης
2778 770 2933 836 αὖθις
2967 773 3103 843 πρ³›ς
3133 772 3226 826 τὸν
3257 773 3515 844 πόλεμον,
3537 775 3668 825 πολ-

2095 861 2204 914 λῶν
2238 862 2407 934 δεήσῃ
2459 863 2660 927 πόνων,
2701 865 2796 917 καὶ
2847 862 3136 931 κινδύνων,
3184 864 3280 919 καὶ
3314 865 3531 928 πολλοῖς
3559 864 3665 919 τῶν

2094 952 2383 1023 ὁμοφύλων
2422 954 2618 1022 αἵμασι
2657 953 2756 1021 τὴν
2785 951 2963 1024 ψυχὴν
2999 955 3389 1022 καταχρανείς,
3431 952 3523 1005 καὶ
3564 970 3666 1023 μυ·-

2098 1043 2229 1114 ρίων
2281 1043 2466 1096 κακῶν
2495 1044 2593 1096 καὶ¹
2628 1043 3087 1113 ἀνδραποδισμῶν
3126 1044 3431 1113 Ῥωμαίοις
3490 1043 3659 1105 αἴτιος

2095 1136 2333 1207 όφθήσῃ,
2370 1132 2530 1205 δῆλον
2579 1136 2816 1206 μάλιστα
2856 1135 3103 1202 αὐτόθεν,
3158 1136 3254 1189 καὶ
3317 1135 3438 1189 οὐδὲ
3481 1136 3659 1203 ὀλίγου

2095 1228 2257 1295 λόγου
2288 1229 2424 1300 πρὸς
2451 1227 2726 1295 ἀπόδειξιν
2756 1228 3035 1296 δεόμενον.
3070 1227 3144 1280 Τὸ
3168 1229 3277 1298 γὰρ
3302 1227 3507 1279 ἐκεῖνον
3531 1242 3669 1301 συμ-

2097 1321 2318 1374 πάντων
2352 1319 2479 1373 ὄντα
2516 1319 2866 1392 πραγμάτων
2915 1319 3106 1390 κύριον
3150 1319 3441 1391 πειρᾶσθαι
3484 1335 3668 1389 παραυ

2098 1412 2250 1468 λύειν
2305 1413 2404 1482 τῆς
2444 1412 2647 1484 ἀρχῆς,
2707 1413 2960 1483 οὐδαμῶς
3009 1431 3093 1476 τις
3135 1413 3339 1482 ἑτέρως
3369 1412 3436 1464 ἂν
3465 1411 3668 1477 ἐξεῖναι

2098 1503 2332 1576 οἰηθείη,
2366 1504 2399 1576 ἢ
2431 1506 2800 1578 διαστήσαντα
2827 1506 2956 1567 τοὺς
2986 1504 3275 1574 ὑπηκόους,
3306 1503 3401 1559 καὶ⁵
3428 1502 3668 1571 πόλεμον

2100 1598 2367 1666 ἐμφύλιον
2393 1598 2750 1667 κεκινηκότα,
2778 1597 2810 1668 ἢ
2833 1596 3061 1666 δύναμίν
3090 1596 3261 1649 ποθεν
3292 1594 3668 1664 ἐπαγαγόντα,

2101 1692 2135 1762 ἢ
2178 1690 2503 1763 Ἐλλήνωνῆ
2538 1690 2864 1760 Βαρϐάρων,
2890 1690 2941 1743 οἶ
2971 1689 3067 1750 τὰς
3097 1688 3280 1751 πόλεις
3313 1687 3673 1756 ἐκπολιορκή-

2104 1801 2286 1838 σουσιν
2309 1782 2728 1853 ἀνθισταμένας,
2754 1781 2994 1845 καὶτοὺς
3020 1780 3142 1851 μὲν,
3173 1779 3536 1834 άποκτενοῦσι
3562 1776 3676 1831 τῶν

2105 1875 2504 1944 ἁλισκομένων,
2536 1874 2660 1938 τοὺς
2691 1874 2746 1928 δὲ
2781 1872 3285 1927 καταδουλώσονται
3313 1868 3407 1923 καὶ
3428 1868 3678 1935 ἀναγκά-

2107 1984 2260 2021 σουσι
2293 1966 2430 2038 πρδς
2453 1964 2574 2035 βίαν
2610 1967 2692 2018 σοὶ
2715 1965 3005 2035 προσέχειν
3028 1980 3039 1989 ’
3075 1956 3150 2016 ὧν
3177 1961 3440 2032 ἑκάτερον
3462 1958 3679 2024 οὐδενος

2103 2059 2213 2112 τῶν
2239 2057 2605 2112 ἀτοπωτάτων
2633 2056 2825 2110 ἀποδεῖ
2850 2055 2986 2123 πρὸς
3009 2051 3228 2117 ἀδοξίας
3264 2050 3445 2119 λόγον.
3478 2048 3676 2103 Ὁπότε

2103 2148 2198 2207 οὖν
2234 2152 2295 2205 τ’)
2327 2151 2425 2222 μὲν
2466 2150 2802 2219 εὐδοκιμεῖν,
2832 2146 3040 2200 εἴποτε
3074 2146 3163 2198 καὶ
3189 2144 3332 2199 κατὰ
3358 2142 3586 2215 γνώμην
3606 2143 3673 2195 τά

2104 2244 2460 2314 πραττόμενα
2490 2239 2759 2309 ἀποϐαίη,
2811 2237 3013 2309 πολλὴν
3046 2236 3145 2306 τὴν
3199 2234 3425 2307 ἀδηλίαν
3469 2233 3599 2304 ἔχει,
3635 2233 3663 2304 ᾗ

2106 2334 2294 2401 ἀδοξία
2322 2335 2379 2389 δὲ
2416 2333 2678 2405 ἑξαρχῆς,
2718 2334 2813 2386 καὶ
2849 2332 2960 2384 τῶν
2992 2331 3287 2403 χειρίστων
3317 2328 3673 2398 ἀναφαίνεται

2107 2428 2141 2497 ἡ
2170 2427 2537 2497 ἐπιχείρησις,
2572 2426 2632 2478 ού
2666 2424 2736 2478 τά
2785 2424 2921 2494 πρὸς
2954 2421 3202 2486 εὐδοξίαν
3236 2421 3439 2492 μᾶλλον
3474 2422 3679 2488 ἄγοντα

2107 2522 2202 2573 καὶ
2237 2518 2449 2589 βέϐαια,
2491 2516 2602 2570 τῶν
2630 2515 2843 2587 ἀδήλων
2876 2514 3228 2585 ἀνθαιρήσῃς
3271 2513 3347 2567 Οὐ
3387 2511 3518 2582 μὴν,
3563 2510 3681 2564 ἀλλ’

2109 2612 2157 2663 εί
2187 2609 2283 2662 καὶ
2316 2606 2573 2678 βασιλεὺς
2600 2606 2762 2670 αὐτὸς
2801 2604 2970 2676 πολλῇ
3010 2602 3357 2677 χρησάμενος
3403 2600 3682 2673 επιεικείᾳ

2109 2700 2206 2755 καὶ
2270 2698 2666 2770 μεγαλοψυχίᾳ,
2719 2697 2817 2771 τὴν
2848 2698 2950 2769 μὲν
2985 2697 3152 2767 τιμήν
3187 2712 3270 2747 σοι
3331 2694 3681 2766 συγχωρήσει

2047 2829 2070 2851 ο
2108 2794 2206 2863 τὴν
2237 2792 2546 2862 βασιλικὴν,
2575 2793 2707 2861 ὅσην
2737 2793 2795 2845 ἐν
2831 2787 3093 2857 ἐνδύμασι
3123 2788 3216 2842 καὶ
3247 2786 3452 2855 λόγοις,
3498 2784 3681 2840 οὐκέτι

2109 2885 2167 2940 δὶ
2198 2885 2536 2955 προσήσεται
2569 2882 2825 2939 κοινωνὸν
2875 2881 2970 2935 καὶ
2990 2881 3098 2951 τῆς
3131 2880 3328 2951 ἀρχῆς,
3358 2878 3481 2932 οὐδέ
3531 2895 3684 2943 τινας

2112 2977 2410 3045 παρέξεται
2433 2976 2542 3030 τῶν
2567 2975 2826 3046 ὑπηκόων
2852 2973 3086 3039 πόλεων,
3112 2972 3197 3041 ἐφ’
3224 2968 3313 3035 αἷς
3339 2970 3688 3041 βασιλεύσεις

2110 3068 2207 3124 καὶ
2239 3069 2400 3131 αὐτὸς
2451 3066 2652 3136 (οὐδεὶς
2704 3066 2815 3137 γὰρ
2847 3066 2914 3119 ἂν
2953 3064 3202 3134 βιάσαιτο
3234 3063 3370 3132 πρὸς
3412 3060 3605 3123 ταῦτα.
3635 3061 3686 3115 εἰ

2116 3162 2192 3235 μὴ
2212 3160 2451 3232 βούλοιτο
2481 3159 2668 3229 ἑκὼν),
2699 3160 2853 3214 οὐδὲν
2883 3159 3010 3214 ἄλλο
3032 3158 3281 3213 λείπεται
3314 3158 3346 3233 ἦ
3372 3160 3477 3227 γῆν
3499 3158 3687 3227 ζητεῖν

435 3245 599 3317 905
615 3243 761 3313 quod
778 3243 861 3296 vel
876 3242 1113 3312 cogitare
1129 3240 1370 3303 horreat,
1388 3238 1699 3306 cuicunque
1713 3249 1867 3290 mens
1881 3249 2005 3293 sana

2114 3253 2331 3323 ἑτέραν,
2372 3252 2468 3305 καὶ
2507 3249 2694 3312 πόλεις
2725 3241 2800 3301 ὧν
2835 3249 3123 3320 προστήσῃ
3143 3264 3158 3279 υ
3191 3240 3252 3300 οὗ
3281 3248 3373 3301 καὶ
3403 3248 3565 3317 μόνον
3594 3248 3688 3298 ὲν-

436 3351 551 3393 est:
572 3347 666 3391 aut
684 3338 773 3390 hic
795 3349 1041 3395 manens.
1060 3348 1259 3388 nomen
1283 3332 1401 3387 sine
1421 3345 1502 3394 re,
1527 3341 1583 3386 et
1602 3330 1864 3385 honorem
1887 3344 2011 3383 um-

439 3430 691 3486 bratilem
737 3427 1022 3481 materiam
1046 3425 1331 3480 dedecoris
1372 3421 1840 3492 possideres.Non
1864 3420 2011 3475 enim

440 3522 719 3594 (momodo
738 3519 1004 3574 factorum
1026 3516 1214 3587 gloria,
1232 3516 1404 3572 beatis
1427 3517 1580 3585 juxta
1601 3524 1653 3569 et
1681 3514 2014 3570 calamitosis

444 3625 630 3670 manet
661 3614 764 3682 (est
790 3612 934 3666 enim
965 3611 1033 3665 ab
1059 3606 1240 3665 anima
1276 3611 1572 3664 virtutibus
1588 3616 1897 3675 exornata),
1933 3607 2014 3663 sic

443 3708 540 3778 qui
571 3722 635 3762 es
653 3720 923 3760 consensu
948 3703 1230 3757 hominum
1267 3702 1725 3766 deferturhonor,
1758 3708 2015 3754 constans

444 3809 550 3863 est,
598 3799 847 3867 quamvis
903 3795 953 3851 ei
1000 3809 1136 3865 opes
1176 3794 1539 3865 opitulentur,
1587 3793 1681 3846 sed
1726 3807 1832 3860 qua
1885 3806 2016 3844 con-

445 3891 757 3960 spiratione
777 3888 1012 3958 cuipiam
1062 3887 1130 3941 ah
1160 3887 1316 3941 initio
1353 3885 1685 3940 constitutus
1701 3892 1805 3945 est,
1829 3883 2017 3937 eadem

446 3981 679 4050 eripitur
709 3997 726 4032 :
755 3980 842 4034 cui
870 3979 1095 4032 minime
1119 3975 1472 4038 studendum,
1497 3972 1713 4028 etiamsi
1739 3973 1866 4044 quis
1893 3972 2017 4027 dia-

447 4078 604 4129 dema
632 4072 828 4143 gestet,
850 4085 973 4125 cum
998 4068 1133 4123 nihil
1159 4066 1362 4136 lapillis
1381 4065 1622 4129 dill‘erat,
1640 4080 1873 4134 quorum
1893 4078 2018 4118 cum

448 4167 671 4237 quidam
701 4162 1078 4235 pretiosissimi
1105 4175 1237 4229 repu
1250 4165 1458 4221 tentur,
1482 4166 1678 4212 natura
1702 4168 1885 4213 tamen
1909 4172 2019 4213 non

446 4267 532 4312 est
563 4257 702 4311 alius
732 4256 841 4309 alio
866 4253 1155 4324 pretiosior
1172 4250 1304 4321 (46).
1332 4248 1625 4304 Fortitudo
1658 4259 1865 4314 autem,
1897 4265 2025 4320 pru-

449 4351 660 4416 dentia,
689 4346 1089 4418 tempereutia,'
1116 4343 1328 4417 justitia
1358 4358 1468 4397 non
1504 4343 1678 4397 solum
1713 4342 1964 4397 homines
1991 4356 2022 4396 a

451 4444 632 4499 brutis
662 4440 1059 4498 animantibus,
1090 4436 1184 4492 sed
1225 4443 1281 4490 et
1335 4437 1479 4506 ipsos
1513 4437 1656 4490 inter
1706 4449 1766 4490 se
1819 4436 2024 4490 distare

2108 3343 2308 3413 νοῆσαι
2343 3344 2453 3406 πᾶς
2480 3359 2563 3405 τις
2592 3340 2657 3394 ἂν
2688 3339 3002 3411 ἀπόσχοιτο,
3033 3338 3080 3391 εί
3131 3337 3438 3409 σωφρονοίη
3461 3353 3476 3368 ⁸
3512 3335 3546 3407 ἢ
3590 3336 3693 3406 μέ-

2113 3454 2271 3490 νοντα
2298 3431 2552 3497 ἐνταῦθα,
2577 3431 2748 3502 ὄνομα
2764 3428 3067 3502 κεκτῆσθαι
3092 3428 3252 3500 μόνον
3303 3429 3511 3499 ἔρημον
3546 3444 3693 3498 πρα-

2116 3529 2365 3598 γμάτων,
2385 3527 2476 3579 καὶ
2503 3525 2601 3595 τὴν
2636 3523 2900 3578 δοκοῦσαν
2914 3523 3081 3594 τιμὴν
3109 3521 3319 3588 ἀδοξίας
3347 3522 3493 3591 ἔχειν
3519 3521 3694 3587 ἀφορ-

2120 3620 2248 3689 μήν.
2280 3617 2353 3669 Οὐ
2386 3614 2496 3686 γάρ
2525 3613 2717 3683 ὥσπερ
2744 3617 2777 3683 η
2808 3612 2917 3666 ἀπὸ
2955 3612 3062 3665 τῶν
3093 3610 3273 3681 ἔργων
3303 3609 3516 3676 εὐδοξία
3543 3609 3603 3662 εὐ
3628 3626 3694 3662 τε

2118 3709 2444 3780 φερομένοις
2490 3706 2586 3760 καὶ
2614 3704 2993 3777 δυσπραγοῦσι
3027 3707 3139 3768 τοῖς
3171 3702 3697 3774 ἀνθρώποιςπερι-

2120 3799 2353 3864 σώζεται
2381 3797 2580 3869 (ψυχῆς
2612 3797 2723 3868 γάρ
2758 3796 2906 3848 ἐστιν
2953 3795 3179 3865 ἀρεταῖς
3219 3791 3693 3864 κεκοσμημένης),

2119 3893 2262 3947 οὕτω
2285 3891 2347 3961 δὴ
2374 3893 2466 3945 καὶ
2495 3893 2528 3963 η
2555 3889 2661 3943 ἀπὸ
2687 3889 3027 3959 συνθήματος
3052 3885 3312 3956 γινομένη
3344 3886 3451 3939 τῶν
3480 3885 3698 3957 ἀνθρώ-

2119 4004 2239 4041 πων
2275 3985 2497 4056 βέϐαιον
2524 3982 2639 4051 ἔχει
2662 3993 2736 4040 τι.
2773 3980 2849 4052 μὴ
2878 3981 2973 4036 καὶ
2997 3979 3108 4033 τῶν
3135 3979 3478 4049 πραγμάτων
3509 3994 3699 4031 συναι-

2123 4075 2370 4150 ρομένων
2391 4091 2405 4106 ο
2447 4072 2563 4126 ἀλλ’
2591 4071 2779 4143 ὥσπερ
2814 4071 3041 4140 συνέστη
3085 4068 3186 4140 τὴν
3226 4067 3422 4139 ἀρχὴν,
3455 4066 3601 4122 οὕτω
3632 4067 3700 4138 δὴ

2123 4169 2218 4224 καὶ
2247 4165 2524 4220 διαλύεται
2558 4164 2663 4217 ἀπὸ
2692 4163 3039 4233 συνθήματος
3061 4174 3077 4193 ο
3111 4160 3240 4228 περὶ
3269 4159 3338 4232 ἢν
3366 4159 3427 4213 οὐ
3459 4157 3701 4231 μάλιστα

2125 4256 2453 4324 σπουδάζειν
2486 4257 2616 4330 χρὴ,
2649 4255 2761 4310 οὐδ’
2798 4256 2863 4307 ἂν
2887 4254 2948 4307 τὸ
2976 4251 3213 4324 διάδημά
3236 4270 3316 4316 τις
3343 4252 3464 4325 ἔχῃ,
3490 4250 3521 4322 ἢ
3544 4252 3699 4305 οὐδὲν

2123 4354 2314 4407 διοῖσει
2355 4351 2540 4414 λίθων,
2572 4343 2647 4403 ὧν
2691 4349 2816 4410 τοὺς
2855 4347 2955 4418 μὲν
2992 4348 3049 4399 ὲν
3084 4348 3197 4409 τοῖς
3241 4345 3592 4415 τιμιωτάτοις
3628 4344 3689 4399 ᾶ-

2123 4460 2220 4514 γου
2232 4460 2311 4496 σιν
2334 4443 2382 4495 οἱ
2410 4440 2712 4512 ἄνθρωποι,
2743 4440 2867 4503 τοὺς
2891 4439 2945 4491 δὲ
2973 4440 3031 4492 ὲν
3052 4440 3165 4501 τοῖς
3188 4437 3536 4508 ἀτιμοτάτοις
3553 4435 3693 4490 οὕτω

414 4523 771 4599 ‘ostendunt,
826 4542 883 4585 et
939 4539 1150 4584 tantum
1206 4529 1351 4582 inter
1407 4537 1673 4597 utrosque
1726 4525 2005 4580 discrimen

2127 4536 2284 4601 δόξαν
2307 4551 2321 4565 ·
2358 4526 2518 4589 ἂύτοὶ
2555 4535 2611 4586 δὲ
2646 4534 2789 4587 κατά
2822 4535 2919 4604 τὴν
2952 4532 3115 4603 φύσιν
3163 4531 3317 4585 οὐδὲν
3346 4534 3551 4601 μᾶλλον
3576 4532 3697 4586 tte-

452 4627 647 4687 claret,
682 4631 741 4677 ut
782 4622 859 4675 illi
913 4620 1187 4674 interdum
1216 4617 1349 4688 ipsis
1373 4630 1605 4686 quoque
1638 4615 1889 4670 hostibus
1923 4613 2005 4668 ad-

2131 4629 2223 4701 ρός
2257 4629 2405 4681 ἐστιν
2458 4626 2646 4698 ἐτέρου
2676 4600 3035 4696 τιμιώτερος·
3083 4622 3299 4694 ’Δνδρία
3329 4600 3385 4679 δὲ
3427 4627 3522 4679 καὶ
3561 4624 3703 4694 φρό-

461 4716 742 4773 mirationi
773 4714 913 4777 sint;
944 4712 999 4766 hi
1024 4725 1156 4765 vero
1186 4709 1327 4780 apud
1353 4724 1544 4763 onmes
1564 4724 1718 4777 aeque
1746 4706 2005 4776 negligan

2128 4734 2307 4788 νησις,
2344 4716 2439 4771 καὶ
2469 4714 2819 4787 σωφροσύνη,
2854 4716 2948 4768 καὶ
2976 4713 3318 4785 δικαιοσύνη,
3348 4716 3412 4769 οὐ
3443 4716 3554 4770 τῶν
3577 4715 3706 4769 ἀλό-

455 4818 565 4876 tur,
592 4822 656 4862 ac
682 4805 1074 4877 despiciantur,
1121 4816 1423 4872 parumque
1456 4815 1484 4853 a
1518 4799 1825 4854 belluarum
1860 4807 2005 4853 natu

2130 4827 2244 4881 γων
2296 4808 2470 4880 μόνων
2517 4809 2644 4871 τούς
2682 4804 3001 4875 ἀνθρώπους
3044 4804 3336 4876 ὑπερέχειν
3368 4806 3707 4877 ἀποφαίνου-

457 4919 517 4959 ra
544 4904 857 4972 discrepare
877 4899 1283 4954 existimentur.
1305 4894 1365 4951 in
1389 4908 1497 4965 quo
1520 4894 1747 4960 honore,
1781 4894 2001 4966 inquam

2133 4919 2241 4967 σιν,
2274 4900 2411 4955 ἀλλά
2442 4900 2536 4953 καὶ
2569 4898 2764 4961 αὐτοὺς
2793 4898 3058 4968 ἀλλήλων,
3092 4899 3187 4953 xai.
3218 4897 3471 4952 τοσοῦτον
3496 4897 3709 4954 τούτων

452 4997 847 5060 consectando,
879 4992 1371 5060 arhitror,justum
1403 5002 1525 5041 esse
1559 4994 1616 5041 et
1655 4996 1726 5050 te,
1760 4996 1816 5041 et
1839 5003 2005 5059 quem

2130 4994 2408 5062 ἑκατέρων
2446 4990 2827 5043 ἀποδείκνυται
2853 4987 2915 5042 τὸ
2950 4989 3136 5059 μέσον,
3175 4988 3252 5052 ὡς
3290 4988 3416 5051 τοὺς
3445 4989 3543 5059 μὲν
3575 4988 3712 5042 θαυ-

456 5090 592 5145 libet
623 5087 790 5142 vinci.
816 5086 1034 5141 Etenim
1060 5096 1180 5137 cum
1215 5081 1430 5149 turpius
1455 5076 1526 5132 sit
1569 5092 1677 5131 non
1712 5078 1881 5145 vinci,
1914 5096 2005 5135 nor

2135 5081 2405 5156 μάζεσθαι
2423 5066 2642 5151 εἰτύχοι
2660 5080 2754 5133 καὶ
2772 5079 2902 5148 παρ’
2920 5079 3098 5133 αὐτῶν
3120 5079 3229 5133 τῶν
3254 5079 3708 5149 πολεμιωτάτων,

457 5186 629 5256 magis
644 5184 1065 5251 vincere,quam
1092 5192 1196 5231 nos
1225 5174 1280 5230 in
1302 5173 1568 5247 omnibus
1595 5174 1852 5244 turpibus
1881 5177 2005 5232 vine

2131 5177 2255 5239 τοὺς
2286 5174 2509 5244 ἑτέρους
2544 5173 2602 5225 δὲ
2645 5171 2849 5242 ὁμοίως
2886 5173 3040 5242 παρά
3088 5174 3308 5226 πάντων
3336 5174 3710 5245 ἀτιμάζεσθαι

454 5277 638 5332 sinere
658 5273 966 5346 persuadet.
982 5266 1137 5336 Quod
1156 5267 1198 5322 si
1219 5268 1342 5337 quis
1359 5266 1640 5334 majorem,
1657 5277 1710 5322 et
1731 5267 2005 5324 admirabi

2137 5271 2228 5322 καὶ
2285 5264 2766 5335 καταφρονεῖσθαι,
2804 5265 2898 5318 καὶ
2922 5264 3078 5333 ὀλίγα
3112 5263 3146 5336 ἦ
3189 5265 3342 5319 οὐδὲν
3384 5265 3707 5334 νομίζεσθαι

459 5369 678 5431 liorem,
703 5376 760 5421 et
795 5364 1013 5419 homine
1038 5361 1415 5430 dignissimum
1437 5361 1697 5412 honorem
1730 5359 2005 5416 desiderat

2133 5360 2344 5427 ἀλόγων
2368 5356 2668 5427 διαφέρειν.
2698 5356 2834 5426 Περὶ
2862 5356 2931 5427 ἦν
2959 5356 3145 5426 οἴομαι
3172 5355 3381 5409 δίκαιον
3404 5358 3500 5410 καὶ
3527 5357 3584 5410 σὲ
3609 5360 3711 5414 καὶ

458 5459 556 5530 qui
587 5466 642 5513 et
677 5465 797 5527 post
823 5455 1013 5508 l’uncra
1055 5457 1386 5529 perseveret,
1423 5457 1479 5503 et
1506 5450 1729 5504 multam
1758 5466 1822 5506 ac
1847 5451 2004 5524 singu

2135 5454 2313 5507 πάντα
2343 5448 2586 5504 ὁντινοῦν
2619 5448 2907 5519 ἡττᾶσθαι.
2943 5448 3017 5502 Τὸ
3049 5448 3157 5520 γὰρ
3196 5448 3269 5520 μὴ
3303 5450 3569 5519 ἡττᾶσθαι
3608 5451 3709 5505 τοῦ

458 5552 631 5608 larem
660 5564 720 5604 se
743 5544 1053 5601 {ruentibus
1076 5544 1362 5599 utilitatem
1382 5541 1712 5613 suppeditet,
1737 5540 1887 5597 illum
1911 5560 2005 5598 ιιεες

2133 5542 2403 5616 ἡττᾶσθαι
2440 5541 2653 5613 αἴσχιον
2683 5540 2766 5610 ὃν,
2798 5542 2860 5595 οὐ
2891 5541 3093 5614 μᾶλλον
3138 5542 3318 5615 νικᾷν,
3345 5540 3379 5614 ἦ
3409 5543 3467 5595 ὲν
3499 5544 3714 5598 ἀπασιν

1695 5655 1913 5716 Jacobi
1944 5656 2203 5727 Pontani
2236 5664 2425 5721 notae.

490 5836 505 5851 ,
530 5767 644 5839 μοι
679 5763 965 5851 Ωιιεψξριιρ
981 5759 1237 5851 Ὶέξζιξξιξε
1253 5758 2032 5851 ρρξιιὶς»-ςῇςῖξηξῇιιίέξεελοςθ-
2137 5764 2231 5844 Sic
2256 5764 2421 5817 etiam
2445 5777 2643 5816 aurum
2671 5770 2922 5843 argento.
2952 5770 3010 5844 et
3040 5771 3330 5833 argentum
3360 5773 3472 5815 a-re
3498 5754 3714 5851 pretio-

462 5826 737 5911 tiu‘siu‘rrs.
765 5842 856 5886 aut
886 5826 1311 5911 prcdosissimps
1324 5832 1347 5884 ?
1369 5826 1743 5911 Nequaquam}
1768 5830 1861 5884 Est
1877 5833 2027 5911 etuim
2136 5835 2254 5888 sius
2290 5844 2376 5887 est
2428 5845 2647 5911 natura,
2682 5826 2790 5888 ηιῖιι
2818 5833 3078 5904 opinione
3107 5826 3179 5889 'et
3220 5826 3711 5889 consensu’houti-

461 5898 941 5975 atad-aspectum,
987 5911 1042 5958 et
1074 5901 1142 5956 ad
1190 5898 1619 5957 effectum—alius
1648 5899 1755 5954 alio
1810 5902 2025 5956 melior.
2137 5916 2266 5958 num
2300 5903 2701 5960 tantummodo.
