4056 6458
414 430 522 495 363

1583 382 1909 495 rosariis
1951 430 2480 498 CANTACUZENI

3563 430 3677 503 361

425 547 762 617 Palteologus
828 553 1010 602 autem
1063 546 1363 617 imperator
1428 548 1818 618 complusculis
1875 549 1993 603 dico

2105 550 2235 614 λέως
2267 528 2484 621 ὤμνυεν
2540 551 2654 614 υἱὸς
2682 551 2810 615 τοὺς
2854 551 3075 622 ὅρκους,
3127 551 3396 625 συνούσης
3434 570 3530 610 και
3569 551 3674 627 τῆς

412 639 518 694 bus
560 636 984 693 familiarissime
1029 651 1163 706 cum
1204 636 1457 692 Mattbteo
1508 648 1779 703 versatus,
1821 639 1985 709 907

413 744 472 788 et
512 734 699 788 multis
734 733 1087 789 sermonibus
1122 748 1245 788 eum
1280 734 1593 789 consolatus
1622 744 1727 797 est,
1781 735 1988 803 quibus

415 830 752 895 declarabat,
786 846 852 884 ex
887 828 1203 884 adversario
1253 836 1310 882 et
1373 827 1529 882 hoste
1575 827 1678 883 sibi
1732 828 1989 883 intimum

414 924 675 979 evasisse.
714 921 1045 977 llortabatur
1088 921 1240 982 item,
1292 935 1361 974 ne
1394 920 1461 974 de
1499 919 1873 989 imperatoriis
1908 919 1992 973 in-

417 1015 669 1083 signibus
694 1013 957 1081 depositis
1006 1012 1445 1075 contristaretur,
1494 1026 1551 1065 sc
1578 1026 1703 1063 cttm
1726 1019 1991 1080 opportu-

418 1120 546 1158 num
578 1103 881 1167 videretur,
932 1117 1122 1156 eorum
1175 1100 1627 1155 resumendorum
1665 1109 1988 1169 potestatem

417 1196 739 1265 largiturum
763 1209 778 1259 ;
804 1208 973 1263 penes
999 1209 1055 1246 se
1076 1192 1223 1246 enim
1248 1208 1370 1247 esse
1398 1193 1694 1262 juramenti
1727 1192 1992 1262 religione

418 1289 655 1349 solvere,
686 1296 783 1340 aut
806 1285 1128 1340 obstrictum
1168 1294 1380 1339 tenere.
1417 1284 1495 1336 Ad
1522 1285 1659 1349 haec,
1692 1284 1885 1354 quales
1914 1283 1993 1338 illi

417 1378 739 1447 placerent,
789 1376 1082 1446 purpureis
1116 1377 1381 1445 exceptis,
1410 1375 1663 1444 crepidas
1691 1376 1908 1437 confici,
1940 1386 1995 1429 et

418 1469 487 1521 ab
537 1482 604 1521 eo
655 1466 804 1519 indui
847 1466 1124 1535 permisit,
1176 1466 1431 1535 dictaque
1464 1467 1640 1521 salute
1675 1465 1994 1537 Byzantium

419 1572 477 1610 se
528 1554 758 1624 recepit,
812 1563 861 1607 et
897 1550 1161 1610 Joannem
1221 1570 1286 1609 ac
1330 1551 1666 1610 Demetrium
1702 1556 1819 1626 ejus
1856 1554 1995 1610 ﬁlios

418 1646 726 1700 honoribus
759 1645 900 1715 apud
935 1645 1212 1699 Romanos
1244 1645 1635 1699 illustrissimis
1686 1655 1769 1699 est
1808 1646 1996 1713 digna.

331 1754 343 1765 ε
418 1740 529 1798 tus,
561 1749 687 1788 eum
716 1732 980 1787 Joannem
1012 1733 1233 1802 quidem
1280 1735 1589 1803 despotam,
1652 1732 1992 1789 Demetrium

419 1827 919 1881 sebastocraturem
977 1825 1311 1896 designaret,
1348 1836 1402 1879 et
1438 1825 1504 1879 ad
1568 1840 1809 1879 mensam
1840 1841 1992 1879 suam

416 1919 612 1973 ambos
643 1918 948 1973 adhiberet.
981 1918 1128 1982 Post,
1160 1934 1255 1971 eos
1278 1918 1343 1971 ad
1369 1928 1577 1986 patrem
1599 1918 1797 1973 multas
1815 1918 1995 1971 eidem

418 2012 622 2082 gratias
653 2023 872 2066 acturos
908 2012 1074 2066 misit.
1102 2012 1386 2066 Mattlueus
1440 2028 1569 2065 vero
1602 2013 1746 2066 cirta
1790 2009 1999 2064 cultum

424 2101 784 2171 novare;nihil
812 2101 1005 2167 voluit,
1034 2102 1127 2156 sed
1153 2101 1292 2155 albis
1306 2102 1565 2170 crepidis,
1593 2111 1652 2154 ut
1675 2102 1726 2155 in
1757 2114 1996 2167 carcere,

423 2209 558 2249 usus
584 2204 688 2248 est.
712 2192 1128 2249 Cantacuzenus
1153 2208 1317 2261 porro
1337 2192 1507 2247 filium
1534 2208 1659 2247 cum
1693 2200 1803 2247 tota
1833 2191 2000 2246 domo

423 2285 720 2354 accipiens,
768 2284 941 2355 longis
988 2284 1307 2339 triremibus
1358 2286 1411 2338 in
1440 2284 1885 2354 Peloponnesum
1931 2281 1998 2337 ad

424 2377 732 2431 Manuelem
789 2376 1072 2445 despotatn
1124 2376 1360 2430 filiorum
1415 2378 1646 2430 alterum
1704 2375 1996 2444 navigavit.

425 2467 540 2523 Nec
561 2466 636 2521 ibi
684 2467 937 2520 homines
962 2466 1197 2535 improbi
1225 2465 1534 2521 machinam
1565 2465 1800 2534 aliquam
1838 2464 2001 2519 fabri-

424 2573 554 2613 care
594 2557 856 2619 cunctati,
913 2557 1055 2610 unde
1101 2571 1226 2611 eum
1266 2556 1623 2610 vehementer
1671 2554 1997 2625 aﬂligerent,

425 2651 742 2720 priusquam
787 2648 843 2703 in
881 2649 1113 2703 insulam
1161 2649 1398 2711 veniret,
1428 2648 1626 2702 litteris
1653 2648 1793 2716 apud
1825 2645 1997 2701 filium

424 2742 740 2797 ealumniati
772 2752 921 2803 sunt,
963 2741 1118 2811 quasi
1164 2755 1289 2795 eum
1312 2739 1504 2795 insula:
1537 2739 1856 2809 praefectura
1889 2740 2001 2808 pri-

424 2850 572 2898 vare,
603 2842 658 2888 et
694 2833 1004 2888 Mattlizeum
1041 2833 1263 2887 fratrem
1303 2832 1619 2902 praefectum
1650 2832 1816 2886 vellet
1847 2831 2001 2886 insti-

426 2934 605 2989 tuere,
629 2923 795 2993 idque
849 2940 959 2977 non
985 2938 1129 2976 unus
1154 2934 1211 2976 et
1239 2922 1398 2986 alter,
1437 2922 1533 2977 sed
1572 2921 1752 2984 multi,
1780 2932 1832 2974 et
1858 2934 2001 2989 saepe

425 3012 778 3077 scribebant;
832 3011 976 3081 quod
1032 3013 1277 3065 animum
1333 3010 1577 3081 despota:
1631 3011 2001 3078 maximopere

423 3105 742 3160 exulcerare
771 3105 966 3173 potuit.
990 3102 1126 3159 Cum
1152 3103 1303 3157 enim
1327 3103 1395 3157 ad
1428 3098 1753 3165 b'onitatent,
1780 3102 2002 3170 sapien-

426 3199 579 3258 tiam,
614 3195 961 3266 prudentiam
996 3195 1191 3265 patris,
1243 3204 1297 3250 ct
1351 3208 1592 3250 amorem
1644 3194 1997 3263 singularem,

425 3305 536 3359 quo
561 3290 912 3358 isessetetga
939 3287 1167 3349 liberos,
1208 3288 1552 3357 respiciebat,
1587 3287 1769 3341 omnia
1798 3287 2005 3339 calum-

428 3381 549 3433 nias
582 3379 1079 3449 interpretabatur.
1146 3378 1282 3433 Cum
1318 3395 1448 3434 vero
1487 3379 1552 3433 ad
1591 3378 1998 3434 multitudinem

429 3472 821 3534 scribentium,
878 3471 1433 3541 probabilitatemque
1500 3472 1813 3532 dictorum,
1860 3484 2002 3538 quo-

432 3562 596 3617 modo
623 3562 807 3615 omnia
832 3574 1055 3630 prorsus
1073 3575 1171 3629 pro
1199 3560 1588 3614 commentitiis
1624 3559 1871 3622 duceret,
1895 3572 2004 3610 non

434 3654 675 3709 videbat.
714 3654 893 3719 Quare
921 3660 976 3706 et
1017 3660 1138 3722 post
1161 3652 1455 3706 adventum
1483 3651 1652 3720 patris
1687 3650 2004 3704 intestinum

432 3746 675 3801 dolorem
703 3760 861 3799 suum
892 3744 1082 3798 habitu
1116 3744 1367 3813 corporis
1387 3743 1472 3797 sui
1502 3742 1796 3797 indicabat.
1831 3742 2009 3808 Impe-

432 3848 583 3892 rator
618 3851 816 3906 parens
848 3835 1132 3889 turbatum
1166 3849 1287 3890 esse
1320 3849 1429 3888 non
1465 3834 1744 3902 ignorans.
1776 3833 1842 3886 de
1874 3848 2007 3886 catt-

432 3930 509 3984 sis
541 3926 1018 3999 percunctabatur.
1044 3926 1133 3981 llle
1161 3927 1366 3985 statim,
1389 3925 1535 3994 quod
1560 3924 1784 3989 latebat,
1812 3925 2004 3993 aperit.

432 4020 848 4077 Cantacuzenus
869 4018 1239 4087 sycophantas
1262 4030 1468 4084 magnae
1490 4014 1779 4069 dementiae
1801 4031 1863 4068 ac
1890 4030 2011 4082 pra-

434 4109 621 4163 vitatis
644 4108 847 4179 arguit,
884 4106 1169 4178 filiumque
1200 4116 1411 4171 monet,
1440 4121 1509 4161 ne
1536 4106 1692 4161 facile
1722 4122 1886 4162 aures
1915 4121 2007 4161 ca-

433 4202 679 4266 lumniis,
697 4200 933 4254 maxime
960 4208 1151 4254 contra
1172 4197 1544 4269 charissimos,
1562 4207 1769 4282 patrem
1801 4200 2011 4253 scilicet

437 4304 491 4346 et
525 4293 754 4347 fratrem
788 4292 1016 4346 structis
1037 4290 1355 4346 commodet
1388 4308 1402 4346 :
1434 4307 1490 4346 se
1523 4308 1630 4346 non
1659 4300 1718 4345 ut
1749 4292 1847 4360 ipsi
1868 4306 2010 4360 pra:-

438 4390 703 4440 t'eeturatn
734 4385 999 4448 auferret,
1030 4383 1125 4439 sed
1155 4392 1212 4437 ut
1237 4385 1396 4455 longe
1426 4386 1705 4441 meliorem
1745 4400 1810 4441 ac
1848 4386 2012 4439 tutio-

438 4496 549 4532 rem
610 4478 889 4543 efﬁceret,
939 4493 1007 4533 eo
1065 4476 1286 4530 fratrem
1323 4475 1635 4529 Mattlueum
1693 4474 2011 4529 adduxisse.

2025 1886 2074 1945 B

2097 641 2374 710 γυναικὸς,
2422 639 2454 711 ἦ
2511 642 2619 713 μὴν
2667 644 2927 713 τηρήσειν
2978 643 3230 713 βεϐαίους
3272 644 3360 699 διὰ
3404 645 3548 714 βίου,
3577 648 3674 701 καὶ

2097 733 2367 804 μηδέποτε
2406 734 2613 803 μηδένα
2643 734 3060 803 παραϐήσεσθαι
3104 734 3301 789 ἑκόντα
3331 732 3493 790 εἶναι.
3549 737 3673 791 Ἐπὶ
3729 794 3737 801 ,
3790 724 3803 735 ’

2097 824 2308 888 τούτοις
2359 825 2417 877 δὲ
2478 825 2576 878 καὶ
2630 824 2932 889 Κάλλιστος
2966 827 2993 878 ό
3043 828 3395 898 πατριάρχης
3445 830 3674 882 ὲπεῖπέν

2093 916 2428 988 ἀφορισμδν,
2460 919 2510 970 εἰ
2547 917 2622 987 μὴ
2666 920 2781 981 τοῖς
2831 918 3251 988 ὀμωμοσμένοις
3305 920 3548 987 ἀκριϐῶς
3579 922 3677 991 ἐμ-

2098 1012 2299 1080 μείνειε
2332 1026 2345 1040 ·
2385 1009 2629 1064 διελύετό
2656 1027 2716 1062 τε
2754 1010 2864 1062 τῶν
2901 1010 3207 1080 ἀρχιερέων
3233 1011 3263 1063 ό
3292 1011 3549 1079 σύλλογος
3578 1013 3670 1065 αὐ-

2093 1102 2244 1157 τίκα.
2282 1101 2643 1170 Παλαιολόγος
2681 1102 2739 1154 δὲ
2766 1102 2794 1154 ό
2834 1100 3088 1171 βασιλεὺς
3113 1102 3213 1154 οὐκ
3242 1100 3426 1169 ὀλίγας
3461 1102 3670 1171 ἡμέρας

2095 1195 2359 1265 Ματθαίῳ
2408 1195 2486 1264 τῷ
2545 1194 2805 1263 γυναικὸς
2843 1193 3058 1264 ἀδελφῷ
3115 1191 3525 1262 συνδιατρίψας,
3578 1193 3673 1267 καὶ

2096 1286 2299 1357 πολλὴν
2335 1286 2749 1356 ἐπιδειξάμενος
2804 1284 3215 1355 φιλοφροσύνην
3245 1284 3425 1352 λόγοις
3452 1301 3510 1337 τε
3544 1285 3673 1337 πολ-

2095 1374 2209 1435 λοῖς
2237 1372 2625 1441 παρακαλέσας
2654 1374 2713 1426 ὲν
2746 1368 2827 1436 οἷς
2857 1372 3203 1426 ἀπεδείκνυεν
3252 1373 3417 1427 αὑτὸν
3447 1375 3511 1427 ἐκ
3553 1373 3671 1425 δια-

2097 1466 2265 1535 φόρου
2297 1466 2565 1536 πρότερον
2598 1465 2694 1518 καὶ
2741 1465 3001 1535 πολεμίου
3035 1464 3190 1536 φίλον
3229 1468 3286 1529 ὲς
3330 1466 3398 1519 τὰ
3436 1466 3669 1536 μάλιστα

2095 1558 2468 1626 γεγενημένον
2502 1556 2618 1623 νῦν,
2653 1556 2751 1610 καὶ
2791 1558 2921 1627 περὶ
2963 1555 3063 1626 τῆς
3122 1556 3409 1629 βασιλικῆς
3465 1554 3671 1621 σκευῆς

2096 1649 2179 1702 ὅτι
2209 1649 2526 1713 ἀποδέδυτο,
2578 1649 2655 1721 μὴ
2701 1649 2843 1703 πάνυ
2888 1650 3226 1719 παραινέσας
3257 1647 3517 1719 ἄχθεσθαι
3543 1663 3557 1677 ⁸
3594 1647 3671 1707 ὡς

2099 1741 2264 1811 ἡνίκα
2292 1740 2358 1794 ἂν
2392 1741 2544 1811 αὐτῷ
2571 1740 2753 1809 δοκοίη
2808 1740 3087 1811 προσῆκον
3120 1735 3260 1795 εἶναι
3290 1739 3548 1811 χρῆσθαι,
3576 1732 3674 1791 αὗ-

2103 1831 2188 1896 θις
2228 1832 2661 1903 ἐπιτρέψαντος·
2715 1832 2845 1901 παρ’
2880 1832 3032 1902 αύτῷ
3083 1832 3192 1901 γὰρ
3241 1827 3385 1885 εἶναι
3435 1829 3582 1883 λύειν
3616 1847 3676 1882 τε

2101 1923 2225 1984 τοὺς
2256 1924 2473 1993 ὅρκους,
2512 1922 2606 1976 καὶ
2655 1925 2847 1994 τηρεῖν
2897 1922 3150 1987 ἀλύτους,
3182 1926 3231 1976 εἰ
3278 1922 3354 1992 μὴ
3403 1921 3671 1992 βούλοιτο,

2100 2014 2295 2067 ἔπειτα
2331 2013 2390 2065 τὸ
2426 2013 2520 2066 νῦν
2572 2013 2716 2084 ἔχον,
2764 2013 2905 2084 πλὴν
2935 2013 3044 2069 τῶν
3081 2012 3351 2083 ἐρυθρῶν,
3382 2013 3572 2074 ὁποίας
3606 2011 3672 2064 ἂν

2103 2104 2250 2175 αὐτῷ
2305 2102 2487 2174 δοκοίη
2545 2103 3011 2173 καινουργήσαντι
3049 2103 3322 2171 κρηπῖδας
3374 2101 3675 2171 ἐπιτρέψας

2101 2196 2455 2260 ὑποδύεσθαι,
2498 2194 2904 2265 συνταξάμενος
2932 2195 3011 2258 είς
3042 2192 3340 2257 Βυζάντιον
3388 2194 3627 2262 ἐπανῆκε
3654 2209 3668 2223 ·

2101 2292 2213 2343 καὶ·
2230 2287 2486 2357 Ἰωάννην
2504 2290 2595 2342 καὶ
2614 2287 2925 2358 Δημήτριον
2940 2288 3066 2349 τοὺς
3093 2288 3241 2348 υἱοὺς
3266 2285 3547 2339 Ματοαίου
3577 2285 3666 2338 to?

2100 2383 2197 2452 τῆς
2224 2381 2487 2452 γυναικὸς
2510 2380 2767 2449 ἀδελφοῦ,
2801 2379 2974 2450 τιμῶν
3026 2379 3229 2447 ἠξίωκε
3270 2379 3380 2430 τῶν
3414 2381 3671 2445 ἐπιφανε-

2103 2475 2313 2528 στάτων
2337 2474 2490 2544 παρὰ
2518 2472 2839 2542 Ῥωμαίοις,
2860 2470 3130 2541 δεσπότην
3160 2469 3260 2540 μὲν
3291 2470 3382 2523 τὸν
3421 2470 3672 2538 Ἰωάννην

2103 2564 2413 2629 ἀποδείξας,
2444 2563 2538 2616 τὸν
2581 2563 2639 2615 δὲ
2686 2562 2998 2632 Δημήτριον
3053 2562 3551 2631 σεϐαστοκράτορα,
3582 2563 3672 2614 xtl.

2103 2656 2443 2724 κοινωνήσας
2473 2654 2657 2716 αὐτοῖς
2683 2650 2983 2723 τραπέζης,
3010 2650 3200 2704 ἔπειτα
3233 2650 3512 2720 ἐξέπεμπε
3536 2651 3670 2720 πρὸς

2102 2746 2192 2800 τὸν
2231 2746 2462 2815 πατέρα,
2520 2743 2722 2806 πολλὰς
2760 2742 3159 2813 ὁμολογοῦντας
3207 2743 3305 2811 τῆς
3354 2742 3672 2812 εὐεργεσίας

2102 2827 2351 2910 χάριτας.
2384 2837 2662 2898 Ματοαῖος
2694 2836 2749 2889 δὲ
2780 2835 2933 2888 οὐδὲν
2979 2833 3154 2887 εἵλετο
3187 2835 3313 2905 περὶ
3343 2834 3441 2904 τὴν
3471 2835 3671 2902 σκευὴν

2105 2932 2443 3001 καινοτομεῖν
2471 2945 2485 2960 ⁶
2528 2928 2667 2981 ἀλλά
2706 2927 2929 2991 λευκαῖς
2966 2929 3249 2999 κρηπῖσιν,
3281 2927 3470 2996 ὥσπερ
3509 2926 3671 2997 ἡνίκα

2101 3019 2170 3092 ἦν
2202 3023 2259 3075 ἐν
2294 3020 2372 3091 τῷ
2408 3020 2769 3092 δεσμωτηρίῳ
2801 3019 3037 3090 χρῆσθαι
3065 3020 3257 3075 εἵλετο.
3288 3021 3675 3087 Καντακονιῗη-

2105 3114 2192 3174 νὸς
2225 3111 2283 3164 δὲ
2310 3114 2335 3163 ό
2368 3109 2646 3181 βασιλεὺς,
2686 3111 3013 3182 πανοικεσίᾳ
3037 3111 3129 3163 τὸν
3161 3110 3275 3163 υἱὸν
3320 3110 3674 3180 παραλαϐὼν,

2110 3199 2449 3252 ἀπέπλευσεν
2474 3199 2553 3261 εἰς
2579 3197 2985 3266 Πελοπόννησον
3006 3199 3257 3268 τριήρεσι
3280 3199 3518 3267 μακραῖς
3539 3200 3629 3268 πρ¹
3649 3215 3677 3260 ς

2060 3288 2071 3303 ⁷
2108 3291 2365 3362 Μανουὴλ
2424 3289 2696 3358 δεσπότην
2730 3290 2840 3342 τῶν
2886 3289 3018 3343 υίῶν
3066 3289 3153 3341 τὸν
3190 3288 3411 3359 ’ἑτεροπ
3451 3291 3523 3341 Οὐ
3570 3289 3676 3359 μὴν

2104 3383 2223 3436 οὐδὲ
2280 3385 2397 3436 ἐκεῖ
2452 3381 2692 3452 ἠμέλουν
2740 3380 2790 3433 oi
2839 3382 3068 3451 πονηροὶ
3117 3381 3212 3433 καὶ
3261 3379 3521 3450 μολθξροὶ
3549 3385 3677 3443 τους

2105 3474 2341 3545 τρόπους
2378 3473 2629 3544 μηχανήν
2657 3489 2779 3525 τινα
2825 3470 3182 3542 ἐξευρίσκειν,
3215 3469 3273 3533 ἐξ
3306 3464 3369 3541 ᾖς
3404 3470 3680 3538 λυπήσόυ-

2109 3579 2190 3613 σιν
2212 3561 2287 3623 ὡς
2316 3562 2577 3630 μάλιστα,
2598 3561 2734 3614 ἀλλὰ
2758 3561 2887 3629 πρὶν
2905 3559 3159 3628 γενέσθαι
3180 3560 3236 3610 ἐν
3259 3561 3676 3630 Πελοποννήσῳ,

2107 3651 2399 3720 γράμμασι
2433 3649 2567 3720 πρὸς
2606 3650 2876 3717 δεσπότην
2910 3646 3258 3700 διαϐάλλουσι
3316 3647 3407 3699 τὸν
3441 3648 3578 3712 υἱὸν,
3602 3646 3679 3708 ὡς

2110 3742 2352 3810 βούλοιτο
2379 3745 2476 3811 τῆς
2510 3741 2607 3810 μὲν
2648 3741 2822 3811 ἀρχῆς
2862 3740 3027 3793 αὐτὸν
3058 3740 3403 3809 ἀποστερεῖν,
3437 3740 3679 3809 ἄρχοντα
3750 3757 3759 3763 ’

2108 3833 2162 3884 δὲ
2197 3833 2603 3902 Πελοποννήσου
2636 3831 2921 3883 Ματθαῖον
2957 3829 3345 3900 ἀντικαθιστᾷν
3384 3829 3473 3882 τὸν
3522 3832 3679 3883 αδελ-

2111 3923 2209 3991 φόν
2241 3939 2253 3951 ·
2292 3922 2388 3975 καὶ
2416 3921 2600 3986 τοῦτο,
2628 3921 2723 3990 οὐχ
2766 3914 2844 3982 εἷς
2884 3922 2978 3974 καὶ
3010 3920 3123 3985 δύο,
3157 3922 3290 3974 me
3315 3923 3405 3976 κα)⁵
3438 3923 3681 3992 πλείους,

2112 4020 2202 4069 καὶ
2234 4013 2923 4076 πολλάκκέπεστάλκασιν
2948 4028 2961 4042 ·
3007 4014 3035 4065 ὃ
3065 4016 3162 4084 οὐχ
3208 4015 3409 4085 ἥκιστα
3437 4019 3563 4079 τοὺς
3592 4017 3684 4069 λο-

2110 4108 2342 4178 γισμοὺς
2370 4106 2625 4158 δεσπότου
2649 4106 2972 4158 κατασεῖσαι
2996 4104 3258 4175 ἠδυνήθη.
3287 4105 3413 4159 Ὅτε
3443 4107 3543 4177 μὲν
3574 4111 3683 4180 γὰρ

2112 4200 2245 4269 πρὸς
2275 4198 2375 4267 τὴν
2403 4195 2707 4249 ἐπιείκειαν
2735 4198 2829 4250 καὶ
2850 4197 3089 4263 σύνεσιν,
3114 4198 3210 4250 καὶ
3240 4197 3521 4251 εὐϐουλίαν
3550 4198 3682 4252 ἀπί-

2112 4290 2192 4342 δοι
2224 4290 2315 4341 τοῦ
2353 4289 2580 4356 πατρὸς,
2616 4288 2710 4340 καὶ
2747 4287 2846 4356 τὴν
2887 4287 2967 4349 είς
2997 4288 3124 4349 τοὺς
3159 4288 3359 4351 παῖδας
3395 4287 3684 4359 φιλοστορ-

2112 4383 2261 4448 γίαν,
2295 4380 2472 4433 πάντα
2503 4379 2795 4448 πλάσματα
2826 4380 3014 4448 ἡγεῖτο
3059 4379 3151 4431 καὶ
3177 4379 3432 4443 διαϐολάς
3461 4396 3474 4410 ⁸
3503 4381 3591 4433 ὅτε
3626 4382 3681 4433 δὲ

2114 4477 2192 4534 είς
2225 4473 2284 4524 τι
2332 4471 2537 4534 πλῆθος
2578 4475 2671 4525 καὶ
2700 4473 2798 4542 τὴν
2849 4471 3186 4541 πιθανότητα
3220 4473 3328 4524 τῶν
3360 4474 3680 4542 γεγραμμέ-

443 4569 584 4633 Quid
642 4572 787 4623 enim
826 4569 892 4623 ad
914 4566 1313 4636 iucunditatem
1357 4575 1412 4618 et
1443 4566 1789 4620 securitatem
1819 4564 2002 4617 melius

2116 4577 2242 4623 νων,
2276 4560 2374 4610 οὐκ
2404 4556 2548 4627 εἶχεν
2578 4560 2726 4621 ὅπως
2761 4560 2933 4611 ἆπασι
2964 4558 3223 4625 καθάπαξ
3256 4560 3534 4625 ἀπιστεῖν,
3560 4559 3678 4611 ὅθεν

438 4675 604 4727 quam
643 4674 747 4713 una
775 4673 896 4713 esse
918 4657 1137 4723 fratres,
1164 4666 1224 4711 ut
1252 4666 1466 4717 natura,
1502 4656 1581 4708 sic
1609 4653 1805 4707 animis
1821 4669 2015 4707 conso-

432 4748 786 4804 ciatissimos?
805 4747 971 4817 908
993 4747 1144 4813 Quod
1163 4754 1345 4800 autent
1377 4745 1429 4797 in
1456 4744 1890 4811 Peloponnesum
1920 4756 2015 4810 po-

437 4842 708 4895 tissimum
772 4839 1094 4902 deduxerit,
1142 4838 1312 4891 solam
1369 4851 1492 4891 esse
1515 4849 1735 4890 causam
1767 4833 2015 4887 homines

435 4932 906 5002 perrersissimos,
938 4945 1173 4999 quorum
1204 4928 1531 4982 nuncliceat
1554 4940 1785 4979 messem
1812 4934 2014 4979 metere

438 5025 752 5087 maximam,
815 5022 908 5089 qui
975 5020 1258 5073 veritatem
1285 5027 1339 5072 et
1359 5017 1626 5088 justitiam
1670 5031 1771 5069 nec
1810 5015 1903 5068 ltili
1936 5014 2015 5068 fa-

436 5117 607 5176 ciant,
640 5124 695 5167 et
720 5111 903 5165 lucelli
938 5111 1109 5181 gratia
1134 5109 1413 5164 teterrima
1439 5113 1694 5173 audeant,
1726 5122 1901 5176 neque
1932 5117 2013 5160 ta-

437 5224 559 5260 men
617 5206 703 5257 hic
755 5216 860 5256 tam
930 5212 1144 5269 turpem
1200 5212 1255 5254 ct
1307 5199 1626 5252 illiberalem
1669 5197 2011 5251 occasionem

438 5294 751 5354 habuerint,
788 5290 883 5345 sed
910 5291 1067 5359 quasi
1097 5288 1163 5342 ad
1200 5287 1509 5358 perdendos
1538 5290 1715 5340 bonos
1761 5286 1814 5339 in
1850 5284 2012 5338 vitam

437 5385 771 5444 introierint,
807 5382 1043 5451 gratuito
1103 5380 1353 5435 scelerati
1412 5380 1547 5434 sint.
1588 5380 1829 5444 Quorum
1867 5379 2014 5462 iusso-

439 5477 662 5530 lcntiam
717 5483 772 5526 ct
812 5471 1111 5539 nequitiam
1162 5471 1479 5535 formidans,
1514 5486 1579 5523 nc
1605 5469 1880 5523 cmentitis
1904 5469 2015 5523 cri-

442 5566 686 5619 minibus
708 5564 1097 5631 imperatorem
1141 5564 1524 5632 Palacologum,
1556 5569 1613 5615 et
1638 5562 1861 5616 fratrem
1895 5575 2015 5613 mu-

446 5659 555 5708 tuis
583 5653 727 5707 odiis
759 5652 1138 5717 incenderent,
1171 5668 1238 5706 eo
1269 5654 1419 5706 illum
1446 5653 1717 5707 adducere
1750 5649 2011 5713 voluisse,

440 5756 789 5811 putasseque,
813 5740 960 5810 quod
985 5755 1071 5796 res
1090 5751 1192 5809 est,
1214 5758 1401 5797 revera
1419 5757 1529 5796 non
1556 5742 2013 5808 Peloponnesum,

435 5835 567 5890 iicet
600 5845 707 5890 tam
745 5835 1004 5904 amplam,
1051 5835 1146 5890 sed
1182 5851 1351 5890 unum
1392 5836 1645 5904 idemque
1670 5833 2010 5889 domicilium

2118 4653 2213 4703 καὶ
2247 4652 2383 4718 μετᾶ
2418 4653 2515 4723 τὴν
2552 4651 2817 4719 βασιλέως
2861 4649 2955 4701 τοῦ
3003 4650 3208 4718 πατρὸς
3249 4650 3563 4721 ἐπιδημίαν·
3590 4653 3689 4722 τὴν

2117 4742 2261 4794 ἔνδον
2295 4743 2539 4812 ταραχὴν
2568 4744 2624 4794 ὲν
2655 4744 2766 4803 τοῖς
2800 4740 2990 4811 ἦθεσιν
3024 4730 3311 4810 ὑπέφαινε.
3341 4744 3601 4807 Βασιλεύς
3625 4764 3691 4799 τε

2115 4831 2144 4880 ό
2194 4827 2376 4897 πατὴρ
2424 4829 2517 4879 τὸν
2573 4827 2802 4897 θόρυϐον
2852 4828 2954 4880 οὐκ
3008 4830 3304 4898 ἀγνοήσας,
3356 4834 3694 4888 ἐπυνθάνετο

2116 4921 2215 4983 τὰς
2244 4921 2419 4983 αίτίας
2450 4921 2573 4973 ὅθεν
2601 4916 2732 4975 εἶεν.
2770 4922 2831 4974 '0
2860 4921 2917 4974 δὲ
2948 4923 3056 4975 πᾶν
3088 4923 3454 4986 ἐξεκάλυπτεν
3485 4927 3692 4980 αὐτίκα

2115 5015 2176 5063 τό
2210 5014 2542 5083 ἀπόρρητον.
2580 5011 2844 5073 Βασιλεὺς
2876 5012 2933 5064 δὲ
2962 5013 2989 5065 ό
3024 5017 3204 5083 πατὴρ
3230 5015 3340 5066 τῶν
3384 5018 3480 5084 μὲν
3529 5034 3697 5070 συκο-

2118 5104 2336 5171 φαντῶν
2390 5101 2592 5170 πολλὴν
2644 5102 3020 5169 κατεγίνωσκε
3061 5106 3360 5175 σκαιότητα
3394 5105 3489 5157 καὶ
3519 5123 3690 5174 πονη-

2118 5193 2239 5261 ρίαν
2276 5192 2513 5261 τρόπων,
2551 5192 2639 5244 τὸν
2664 5191 2717 5244 δὲ
2778 5191 2894 5245 υίὺν
2955 5192 3187 5262 παρῄνει
3219 5195 3295 5262 μὴ
3339 5195 3517 5264 ῥᾴδιον
3541 5190 3691 5249 εἶναι

2118 5283 2405 5351 προσέχειν
2418 5284 2537 5344 ταῖς
2555 5281 2850 5351 διαϐολαῖς,
2875 5272 2967 5336 καὶ
3004 5286 3241 5353 μάλιστα
3258 5286 3396 5337 κατὰ
3413 5286 3691 5358 φιλτάτων

2119 5373 2690 5442 συνεσκευασμέναιςθ,
2716 5372 2926 5443 πατρὸς
2979 5374 3074 5425 καὶ
3134 5373 3382 5443 ἀδελφοῦ,
3414 5375 3573 5430 αὐτὸν
3603 5376 3687 5442 δὲ,

2116 5466 2213 5534 οὐχ
2260 5465 2405 5526 ὅπως
2431 5464 2596 5516 αὐτὸν
2620 5464 2876 5532 ἀφέλοιτο
2919 5464 3019 5535 τὴν
3074 5466 3248 5535 ἀρχὴν
3302 5467 3396 5517 τὸν
3455 5467 3689 5536 ἀδελφὸν

2117 5558 2296 5607 ἐκεῖσε
2317 5556 2570 5623 ἀγαγεῖν,
2592 5555 2704 5607 ἀλλ’
2727 5555 2796 5606 ἵν’
2819 5556 2892 5618 ὡς
2914 5557 3150 5625 μάλιστα
3172 5556 3363 5626 βελτίω
3386 5559 3478 5610 καὶ
3502 5561 3687 5628 ἀσφα-

2116 5650 2379 5719 λεστέραν
2430 5648 2834 5717 ἀπεργάσηται.
2861 5648 2930 5699 Τί
2957 5649 3064 5719 γὰρ
3108 5648 3172 5701 ἂν
3222 5649 3318 5701 καὶ
3346 5649 3431 5717 εἴη
3475 5648 3689 5716 βέλτιον

2117 5740 2195 5800 εἰς
2227 5739 2381 5806 λόγον
2411 5739 2604 5806 ἡδονῆς
2639 5739 2734 5791 καὶ
2764 5739 3065 5807 ἀσφαλείας
3097 5742 3129 5808 ἢ
3162 5739 3222 5792 τὸ
3254 5742 3494 5791 συνεῖναι
3526 5739 3684 5792 ἀδελ-

2118 5832 2249 5899 φοὺς
2279 5830 2562 5899 ἀλλήλους,
2598 5829 2801 5899 ὁμοίως
2827 5832 2895 5900 τῇ
2924 5832 3065 5885 κατὰ
3095 5829 3260 5899 φύσιν
3290 5828 3561 5899 συναφείᾳ
3585 5831 3683 5884 καὶ
