4056 6458
415 477 522 542 3θ7

1615 470 1935 543 JOANNIS
1972 427 2497 530 (EANTACUZENI

3566 468 3671 534 368

414 589 657 647 studium
682 603 812 659 erga
839 587 1213 658 patriarcham
1249 586 1432 640 vivunt
1475 594 1635 654 atque
1675 591 1987 644 mortuum,

2106 581 2249 651 ρήμη
2308 580 2516 651 διεδόθη
2559 568 2722 652 λιπαρά
2753 582 2862 645 τοῖς
2907 580 3119 647 πολλοῖς
3160 582 3434 655 φαρμάκῳ
3474 585 3673 651 αὑτοὺς

415 681 511 737 sed
539 692 596 741 et
626 680 803 735 morbi
836 694 1031 750 genus,
1063 693 1171 749 quo
1212 678 1446 747 quisque
1502 674 1786 731 confectus
1825 671 1983 737 obiit,

417 774 578 829 talem
615 772 682 828 de
714 786 777 828 ea
809 771 1181 841 suspicionem
1237 769 1455 840 penitus
1508 765 1854 838 prohibebat.
1897 763 1988 818 Di-

420 864 595 920 versis
647 876 888 932 namque
934 860 1164 923 morbis,
1200 869 1254 915 et
1290 874 1391 915 nec
1432 859 1540 913 duo
1572 858 1762 912 saltem
1793 854 1987 911 eodem
2016 892 2021 895 -

417 954 679 1013 exstincti
721 961 867 1010 sunt.
897 952 1229 1007 Patriarchaa
1275 950 1532 1005 defuncto
1588 948 1642 1002 in
1693 944 1986 1017 metropoli

418 1048 720 1102 Pberarum
754 1051 1136 1113 sumptuosum
1173 1052 1229 1096 et
1293 1038 1657 1095 honoriﬁcum
1694 1038 1860 1092 [unus
1919 1036 1988 1091 ab

418 1152 483 1192 ea
508 1136 733 1201 factum,
762 1133 829 1189 ad
872 1148 1032 1203 quam
1064 1147 1188 1187 cum
1241 1147 1307 1185 ex
1345 1129 1693 1186 monasteriis
1732 1129 1785 1183 in
1821 1127 1985 1191 Atho,

417 1227 763 1298 potissimum
800 1238 934 1278 vero
967 1237 997 1278 e
1032 1237 1188 1277 sacra
1218 1220 1423 1287 Laura,
1490 1219 1833 1291 probatiores
1866 1233 1991 1273 san-

417 1317 731 1385 ctioresque
763 1312 1015 1369 monachi
1035 1312 1309 1378 venirent,
1332 1326 1641 1380 corpusque
1667 1310 1990 1380 patriarchae

418 1408 472 1461 in
499 1406 641 1462 Atho
660 1403 1164 1474 transportandum,
1197 1413 1247 1457 et
1269 1402 1413 1473 apud
1437 1403 1586 1472 ipsos
1614 1401 1989 1472 sepeliendum

417 1507 694 1568 rogarent,
754 1497 845 1551 illa
885 1482 1182 1559 recusavit,
1223 1495 1369 1565 quod
1420 1495 1649 1558 diceret,
1713 1492 1816 1549 sibi
1857 1493 1989 1547 illud

417 1587 788 1651 retinendum,
817 1586 991 1657 magis
1019 1586 1167 1641 enim
1196 1586 1313 1656 ejus
1342 1585 1442 1639 viri
1473 1584 1778 1655 patrocinio
1806 1598 1986 1654 egere.

416 1679 553 1732 Dum
588 1677 706 1731 haec
754 1675 969 1743 ﬂerent,
1007 1678 1309 1747 imperator
1342 1679 1398 1730 in
1449 1677 1613 1731 urbes
1651 1674 1719 1729 ad
1757 1675 1989 1730 Pontum

417 1768 599 1823 Mmsis
633 1769 907 1839 subiectas
935 1769 1094 1824 duxit
1129 1788 1141 1823 :
1180 1768 1282 1823 fuit
1327 1769 1475 1824 enim
1501 1768 1576 1824 illi
1603 1783 1727 1823 cum
1759 1767 1991 1823 Alexan-

415 1862 517 1915 dro
545 1860 837 1915 Moesorum
869 1862 1097 1932 regelis.
1127 1862 1190 1917 Et
1218 1862 1543 1917 Anchialum
1576 1861 1797 1931 quidem
1813 1862 1990 1932 primo

2096 670 2393 724 ἀποθανεῖν
2444 672 2926 736 ἐπιϐουλευθέντας
2979 673 3087 726 ὑπὸ
3143 674 3463 745 Τριϐαλῶν·
3495 672 3565 748 ἦν
3615 677 3672 731 δὲ

2095 761 2203 832 ἄρα
2228 761 2420 831 ψεῦδος
2450 761 2544 816 καὶ
2573 763 2910 831 συκοφαντία
2942 764 3211 835 ἐναργῶς.
3243 764 3318 818 Οὑ
3347 764 3457 836 γὰρ
3483 767 3544 820 τὸ
3574 770 3672 838 τῆς

2095 852 2288 924 Κράλη
2321 853 2569 924 γαμετῆς
2592 854 2840 917 ἐπιεικὲς
2873 856 3055 924 μόνον,
3093 858 3188 909 καὶ
3216 858 3248 925 ή
3278 857 3415 928 πρὶς
3452 858 3543 911 τὸν
3570 873 3673 913 παι

2094 943 2366 1015 τριάρχην
2424 943 2609 1011 αίδὼς,
2646 944 2743 998 καὶ
2794 946 3103 1015 φιλοτιμία,
3156 947 3250 1001 καὶ
3302 949 3531 1019 σπουδὴ,
3580 951 3673 1004 καὶ

2099 1039 2383 1110 περιόντος
2418 1039 2509 1093 καὶ
2547 1039 2688 1109 μετὰ
2717 1040 2996 1112 τελευτὴν,
3030 1040 3167 1095 ἀλλὰ
3198 1041 3295 1095 καὶ
3323 1043 3357 1113 ή
3390 1042 3545 1107 νόσος
3578 1043 3668 1113 ὑφ’

2094 1128 2161 1203 ἧς
2191 1131 2423 1195 ἕκαστος
2463 1131 2786 1202 ἐτελεύτησε
2829 1133 3254 1203 κατεργασθεὶς,
3286 1133 3540 1203 οὐδαμῶς
3567 1152 3672 1188 τοι-

2097 1223 2237 1277 αὔτα
2277 1222 2494 1277 δίδωσιν
2528 1225 2777 1278 ὑπονοεῖν
2827 1226 2954 1294 περὶ
3002 1225 3209 1296 αὑτῆς·
3246 1226 3522 1297 διαφόροις
3565 1226 3674 1294 γὰρ

2096 1310 2287 1381 ἔτυχον
2320 1315 2594 1380 νοσήμασι
2627 1312 3080 1383 κατασχεθέντες,
3113 1314 3206 1366 καὶ
3235 1313 3358 1367 οὑδὲ
3417 1312 3510 1366 δύο
3551 1315 3675 1366 τού-

2095 1396 2350 1468 λάχιστον
2376 1401 2488 1461 τοῖς
2524 1398 2684 1462 ἴσοις.
2727 1399 3095 1452 Ἀποθανόντα
3117 1399 3175 1452 δὲ
3209 1400 3302 1453 τὸν
3325 1395 3673 1471 ποτ’ριάρχην

2097 1488 2265 1557 tenet
2296 1505 2352 1541 τε
2400 1489 2838 1558 μεγαλοπρεπῶς
2877 1490 2909 1560 ἡ
2951 1489 3235 1544 Ἐλισάϐετ
3271 1492 3328 1543 ἐν
3359 1495 3423 1562 τῇ
3461 1507 3669 1561 μητρο-

2098 1580 2250 1633 πόλει
2268 1580 2472 1650 Φερῶν,
2494 1584 2591 1635 καὶ
2618 1583 2845 1652 ἐτίμησε
2874 1582 3260 1652 διαφερόντως.
3299 1582 3670 1653 Ἀφικομένων

2097 1673 2152 1727 δὲ
2180 1674 2311 1743 παρ’
2328 1673 2499 1745 αὑτὴν
2526 1676 2617 1726 καὶ
2643 1676 2705 1726 ἐκ
2728 1673 2835 1727 τῶν
2863 1673 3080 1744 ὲνἈθῳ
3108 1675 3532 1744 φροντιστηρίων
3559 1673 3674 1726 τῶν

2100 1766 2556 1837 σπουδαιοτέρων,
2574 1765 2669 1820 καὶ
2692 1766 3159 1835 ἀντιποιουμένων
3181 1765 3399 1837 ἀρετῆς,
3436 1762 3673 1836 μάλιστα

2098 1859 2153 1912 δὲ
2172 1860 2390 1941 Λαύρας
2421 1860 2520 1930 τῆς
2564 1862 2737 1930 ἱερᾶς,
2761 1859 2853 1913 καὶ
2867 1858 3172 1931 δεηθέντων
3203 1861 3410 1927 ἐφεῖναι
3439 1860 3528 1913 τὸν
3567 1875 3675 1911 πα-

418 1955 620 2023 impetu
675 1955 873 2025 cepit:
911 1954 1288 2011 Mesembriam
1364 1970 1495 2011 vero
1553 1955 1608 2010 in
1674 1956 1990 2012 continente

2106 1935 2361 2022 τριάρχου
2414 1953 2609 2022 νεκρὸν
2654 1955 2709 2005 ὲν
2745 1952 2896 2023 ’Ἄθῳ
2959 1953 3314 2021 μεταγαγεῖν,
3361 1952 3457 2006 καὶ
3503 1951 3676 2022 θάψαι

412 2048 679 2103 aedificata
716 2048 851 2103 turri
873 2049 940 2103 ad
972 2048 1249 2120 angustias
1281 2065 1379 2120 per
1400 2066 1536 2121 quas
1568 2060 1686 2105 erat
1704 2050 1906 2115 aditus,
1936 2061 1992 2106 et

416 2155 481 2194 ex
515 2140 651 2194 mari
687 2139 923 2194 navibus
957 2142 1326 2212 oppugnabat,
1364 2142 1755 2212 premebatque
1787 2143 1993 2198 incolas

418 2246 954 2302 nonparum,aqu:e
1002 2233 1302 2302 praesertim
1350 2231 1619 2302 penuria;
1672 2248 1780 2286 non
1845 2234 1992 2290 enim

418 2324 607 2394 procul
652 2324 722 2378 ab
771 2322 981 2393 oppido
1037 2337 1100 2377 ex
1159 2322 1309 2377 fonte
1344 2323 1581 2393 quodam
1625 2323 1992 2394 aquabantur.

417 2414 571 2469 Tunc
604 2423 786 2469 autem
820 2414 888 2468 ab
935 2414 1185 2469 exercitu
1213 2413 1485 2484 impediti,
1517 2414 1810 2483 Oppidanis
1840 2418 1996 2486 aquis

418 2516 474 2561 et
509 2505 761 2570 modicis,
790 2514 845 2559 et
869 2504 1075 2574 putidis
1106 2505 1427 2560 utebantur.
1471 2504 1785 2573 Alexander
1814 2507 1997 2561 multis

423 2596 729 2649 rationibus
755 2595 1147 2663 imperatorem
1181 2594 1249 2648 ab
1302 2596 1712 2665 oppugnatione
1771 2597 1996 2667 rejicerc

422 2693 652 2740 conatus
676 2692 776 2739 est.
806 2684 937 2737 Nam
988 2692 1042 2737 et
1074 2683 1142 2737 de
1175 2683 1293 2737 suis
1320 2684 1512 2752 copiis,
1555 2693 1612 2737 et
1646 2683 1712 2738 de
1748 2684 1998 2738 Barbaris

420 2778 476 2830 in
513 2775 767 2839 Thracia,
802 2774 1033 2844 pecunia
1087 2773 1353 2828 demulsis
1394 2773 1516 2827 urbi
1549 2773 1805 2828 submisit
1846 2775 2000 2827 auxi-

422 2866 581 2920 lium.
617 2864 736 2929 Quo
757 2864 907 2918 nullo
951 2862 1145 2917 cllcctu
1177 2860 1486 2926 resedente,
1511 2864 1658 2933 quod
1684 2863 1997 2933 imperator,

419 2966 480 3013 et
528 2957 622 3027 qui
655 2958 802 3010 intus
829 2964 1006 3016 erant,
1040 2955 1238 3009 acriter
1272 2964 1638 3025 oppugnaret,
1667 2963 1724 3009 et
1742 2955 1837 3024 qui
1867 2955 2001 3011 l‘oris

421 3047 838 3111 Succurrebant,
862 3046 1071 3100 fortiter
1090 3034 1256 3115 91.0
1274 3046 1581 3114 repelleret,
1598 3045 1724 3100 belli
1750 3061 1999 3101 successu

424 3154 651 3212 prorsus
685 3138 997 3208 desperato,
1024 3137 1209 3191 missis
1252 3137 1443 3206 legatis
1467 3154 1592 3191 cum
1628 3138 1914 3207 promissis
1944 3153 2002 3193 se

422 3234 693 3286 facturum
718 3231 897 3283 omnia
922 3245 1043 3298 qum
1074 3229 1369 3297 imperator
1398 3230 1721 3297 postularet.
1756 3245 1971 3283 eommo

422 3324 645 3377 viteum
679 3321 760 3374 uti
790 3334 981 3388 pacem
1013 3320 1183 3371 armis
1212 3321 1534 3384 anteferret,
1569 3328 1624 3373 et
1652 3328 1904 3389 sumptus
1938 3325 2003 3373 ab

422 3427 490 3468 eo
514 3412 685 3466 laetos
715 3410 926 3476 refecit,
977 3417 1031 3462 et
1054 3408 1336 3479 pecuniam
1365 3409 1592 3478 insuper
1617 3423 1723 3463 non
1752 3409 2006 3479 exiguam

424 3503 954 3576 adjecitJmperator
978 3500 1117 3555 turri
1149 3515 1341 3556 eversa
1370 3499 1694 3570 Byzantium
1714 3515 1771 3555 se
1797 3501 2003 3556 retulit.

424 3595 669 3653 Audiens
693 3601 875 3648 autem
922 3591 1286 3663 patriarcham
1313 3591 1367 3645 in
1394 3590 1669 3661 legatione
1701 3600 2005 3655 mortuum,

424 3684 899 3755 circumSpiciebat
924 3698 1087 3754 quem
1125 3682 1181 3736 in
1241 3682 1371 3738 sede
1396 3682 1759 3753 patriarchica
1782 3682 2005 3745 locaret,

424 3777 561 3833 dans
581 3775 858 3847 negotium
895 3774 1167 3844 episcopis
1215 3781 1274 3827 ut
1328 3772 1396 3828 de
1444 3788 1597 3828 more
1668 3781 2005 3828 conventum

424 3848 663 3939 agentes
692 3877 747 3921 et
766 3864 1020 3921 Ecclesia:
1052 3873 1321 3919 rectorem
1346 3863 1714 3930 designantes,
1749 3877 1914 3933 super
1943 3879 2011 3918 eo

435 3961 730 4017 certiorem
752 3973 812 4014 se
836 3958 1099 4014 lacerent.
1121 3956 1224 4013 Ubi
1244 3956 1457 4011 cunctis
1482 3957 1691 4026 placuit
1725 3956 2011 4011 Philothe-

428 4068 518 4107 um
587 4052 786 4107 merito
817 4049 1215 4112 reducendum,
1260 4059 1316 4103 et
1354 4048 1654 4118 imperator
1686 4048 2010 4118 approbavit

426 4144 658 4215 (sciebat
682 4144 832 4199 enim
859 4144 951 4197 ille
975 4157 1085 4198 non
1114 4156 1216 4196 suo
1247 4140 1477 4196 crimine
1502 4140 1686 4209 aliquo
1707 4141 1885 4195 locum
1917 4143 2010 4196 de-

423 4236 691 4301 seruisse,
719 4233 818 4289 sed
840 4242 1034 4304 sponte
1068 4233 1302 4288 cessisse
1338 4246 1406 4286 ne
1439 4231 1697 4286 videlicet
1733 4231 1804 4287 ob
1830 4246 2007 4286 zeum-

426 4329 692 4385 lationem
725 4326 970 4382 Ecclesia
1006 4325 1182 4380 turbis
1228 4339 1283 4379 et
1329 4324 1603 4380 seditione
1651 4326 1956 4395 repleretur
1994 4342 2006 4377 :

427 4433 597 4487 quare
634 4427 689 4473 et
735 4416 954 4471 amabat
984 4430 1110 4471 eum
1142 4424 1198 4470 et
1225 4416 1444 4484 quoties
1487 4416 1541 4469 in
1570 4417 1832 4485 palatium
1860 4416 2012 4471 veni-

430 4520 532 4573 ret,
571 4508 812 4563 iucunde
848 4523 974 4565 cum
1018 4507 1112 4561 illo
1141 4507 1561 4576 colloquebatur
1596 4524 1610 4561 :
1653 4507 2008 4576 vicissimque

2094 2043 2246 2111 παρὰ
2276 2042 2479 2111 σφίσιν,
2522 2044 2622 2095 οὑκ
2673 2043 2940 2096 ἐνέδωκεν
2979 2042 3142 2114 αὑτὴ,
3177 2042 3415 2114 μάλιστα
3444 2046 3674 2097 εἰποῦσα

2094 2137 2307 2190 δεῖσθαι
2341 2136 2442 2205 τῆς
2464 2136 2675 2189 ἐκείνου
2701 2136 3060 2204 προστασίας,
3092 2136 3185 2190 καὶ
3220 2137 3331 2190 δεῖν
3362 2131 3504 2190 εῖναι
3539 2154 3673 2191 κατ·

2096 2231 2242 2299 έχειν
2281 2229 2411 2298 παρ’
2457 2230 2644 2299 ἑαυτῇ.
2696 2227 2786 2281 Ἐν
2893 2228 2951 2281 δὲ
2984 2231 3164 2300 χρόνῳ
3197 2227 3372 2281 ταῦτα
3418 2228 3662 2293 ἐτελεῖτο,

2097 2322 2191 2373 καὶ
2226 2322 2253 2373 ὁ
2285 2320 2539 2391 βασιλεὺς
2574 2320 2975 2390 ἐπεστράτευσε
3026 2322 3148 2384 ταῖς
3182 2320 3325 2374 κατὰ
3351 2320 3441 2374 τὸν
3474 2321 3667 2374 Πόντον

2098 2412 2363 2482 ὑπηκόοις
2394 2412 2583 2465 πόλεσι
2615 2413 2824 2475 Μυσοῖς
2846 2427 2864 2443 ·
2897 2413 3112 2479 ἐγένετο
3138 2413 3247 2482 γάρ
3270 2414 3363 2477 ’τις
3391 2412 3538 2484 αὑτῷ
3563 2413 3673 2466 δια-

2100 2502 2240 2571 φορᾶ
2288 2501 2427 2569 πρὸς
2471 2500 2822 2571 Ἀλέξανδρον
2861 2502 2953 2554 τὸν
3001 2500 3210 2558 Μυσῶν
3268 2500 3512 2572 βασιλέα.
3565 2504 3674 2556 Καὶ

2111 2590 2395 2667 Ἀγχίαλον
2419 2590 2517 2659 μὲν
2544 2584 2688 2643 εἷλεν
2716 2591 2778 2656 ἐξ
2819 2592 3007 2659 ἐφόδου
3041 2594 3188 2664 μάχῃ
3219 2595 3527 2666 κρατήσας
3559 2595 3675 2647 Με-

2102 2682 2375 2755 σηςῶρίαν
2396 2682 2473 2745 δὲ,
2502 2683 2565 2736 ἔκ
2598 2701 2654 2736 τε
2679 2684 2771 2752 τῆς
2798 2684 3028 2756 ⁴ῖγπείρου
3071 2686 3284 2754 πύργον
3317 2687 3675 2760 οἰκοδομήσας

2102 2775 2241 2825 κατὰ
2270 2775 2330 2826 τὸ
2359 2776 2546 2827 στενὸν
2574 2777 2630 2827 ἐν
2653 2767 2699 2843 ᾧ
2727 2777 2759 2846 ἡ
2792 2776 3033 2846 εἰσϐολὴ,
3070 2779 3164 2831 καὶ
3188 2780 3250 2831 ὲκ
3272 2779 3370 2846 τῆς
3403 2779 3675 2848 Θαλάσσης

2099 2869 2219 2930 ταῖς
2251 2868 2443 2919 ναυσὶν
2483 2867 2816 2937 ἑπολιόρκει,
2854 2869 2951 2922 καὶ
2982 2870 3171 2923 ὲπίεσε
3203 2871 3335 2935 τοὺς
3361 2873 3677 2926 κατοικοῦν-

2102 2974 2196 3018 τας
2230 2959 2330 3011 οὑκ
2359 2958 2537 3025 ὀλίγα,
2584 2958 2776 3023 ὓδατος
2819 2960 3025 3031 ἀπορία
3076 2961 3349 3031 μάλισταο
3390 2964 3681 3034 ὑδρεύοντο

2102 3050 2211 3121 γὰρ
2259 3050 2318 3102 οὑ
2364 3050 2500 3101 πολὺ
2545 3050 2748 3103 ἄποθεν
2778 3054 2879 3121 τῆς
2910 3053 3120 3113 πόλεως
3169 3054 3232 3108 ἐκ
3278 3073 3424 3117 τινος
3472 3059 3675 3125 πηγῆς.

2104 3144 2239 3196 Τότε
2271 3143 2328 3197 δὲ
2359 3142 2672 3212 εἰργόμενοι
2712 3143 2819 3195 ὑπὸ
2848 3144 2948 3213 τῆς
2979 3147 3268 3214 στρατιᾶς,
3303 3150 3413 3213 τοῖς
3440 3149 3589 3201 ἔνδον
3616 3147 3679 3203 ὑ-

2107 3233 2263 3286 δασιν
2298 3232 2562 3304 ἐχρῶντο,
2596 3232 2795 3302 ὀλίγοις
2830 3250 2891 3287 τε
2926 3236 3021 3288 καὶ
3053 3237 3279 3306 φαύλοις
3309 3236 3482 3294 οὖσιν.
3525 3241 3679 3295 me-

2111 3325 2335 3396 ξανδρος
2392 3324 2450 3380 δὲ
2500 3328 2527 3379 ὁ
2583 3324 2694 3379 τῶν
2736 3326 2937 3380 Μυσῶν
2991 3328 3244 3397 βασιλεὺς
3301 3331 3523 3395 πολλαῖς
3582 3333 3684 3401 μὲν

2109 3419 2385 3488 ἐχρήσατο
2435 3416 2683 3487 μεθόδοις
2718 3418 3023 3488 ἀναστῆσαι
3076 3420 3304 3490 βασιλέα
3335 3422 3435 3491 τῆς
3470 3423 3685 3494 πολιορ-

2111 3510 2233 3571 κίας
2259 3527 2272 3541 ο
2299 3507 2364 3562 ἐκ
2398 3526 2457 3562 τε
2492 3507 2602 3580 γὰρ
2635 3509 2736 3579 τῆς
2767 3508 2987 3573 ὀἰκείας
3022 3512 3282 3581 στρατιᾶς
3331 3515 3395 3583 τῇ
3433 3516 3515 3567 πό
3538 3531 3586 3566 ει
3624 3515 3683 3566 ἐι

2110 3600 2292 3670 πεμψε
2313 3602 2660 3671 συμμάχους,
2680 3599 2779 3655 καὶ
2796 3602 2949 3670 παρὰ
2968 3601 3076 3656 τῶν
3101 3607 3157 3657 ὲν
3178 3606 3368 3676 Θρᾴκῃ
3387 3606 3683 3677 Βαρϐάρων

2112 3694 2307 3757 πείσας
2343 3695 2620 3764 χρήμασιν
2647 3709 2661 3725 ’
2696 3696 2995 3765 ἀπράκτων
3041 3697 3098 3751 δὲ
3130 3700 3555 3761 ἐπανελθόντων,
3591 3702 3683 3772 βα-

2114 3782 2306 3843 σιλέως
2361 3776 2485 3845 τούς
2534 3800 2593 3835 τε
2624 3782 2775 3837 ἔνδον
2831 3785 3071 3855 ἰσχυρῶς
3126 3788 3686 3857 πολιορκούντος,καὶ

2112 3870 2248 3938 πρὸς
2287 3870 2412 3932 τοὺς
2445 3869 2550 3933 ἔξω
2582 3872 2896 3941 μαχομένου
2963 3875 3267 3944 καρτερῶς,
3317 3880 3435 3929 ἐπεὶ
3481 3886 3687 3933 παντά-

2114 3975 2247 4011 πασι
2281 3959 2539 4034 πρὸς-τὸν
2568 3959 2806 4030 πόλεμον
2838 3965 3239 4034 ἀπηγορεύκει,
3270 3968 3525 4033 πρέσϐεις
3546 3972 3685 4037 πέμ-

2109 4052 2240 4118 ψας,
2283 4053 2380 4105 καὶ
2415 4052 2888 4123 ἐπαγγειλάμενος
2933 4057 3094 4111 πάνθ’
3145 4058 3245 4110 ὅσα
3293 4060 3433 4112 κατὰ
3462 4060 3688 4127 γνώμην

2115 4138 2329 4208 βασιλεῖ
2368 4142 2637 4210 ποιήσειν.
2694 4142 2914 4197 ἔπεισεν
2949 4147 3272 4201 ἀνθελέσθαι
3303 4150 3402 4219 τὴν
3440 4153 3682 4219 εἰρήνην,

2111 4234 2208 4287 καῖ
2235 4233 2306 4286 τά
2329 4249 2385 4286 τε
2416 4233 2675 4301 χρήματα
2710 4233 2972 4299 ἐξέτισεν,
3003 4237 3105 4290 ὅσα
3139 4240 3273 4308 πρὸς
3315 4241 3405 4293 τὸν
3453 4242 3691 4311 πόλεμον

2110 4322 2377 4387 ἀνάλωτο,
2412 4325 2506 4376 καὶ
2527 4325 2691 4396 ἕτερα
2717 4324 2815 4379 οὐκ
2838 4326 3018 4394 ὀλίγα.
3048 4329 3310 4393 Βασιλεύς
3344 4349 3398 4383 τε
3430 4334 3518 4384 τὸν
3553 4334 3692 4403 πύρ-

2112 4430 2210 4481 γον
2268 4416 2816 4487 καταστρεψάμενος,
2874 4418 3180 4490 ἐπανῆλθεν
3237 4424 3316 4485 εἰς
3373 4425 3683 4485 Βυζάντιον.

2114 4498 2427 4568 Πυθόμενος
2452 4500 2510 4552 δὲ
2540 4506 2666 4572 περὶ
2712 4506 3056 4575 πατριάρχου
3087 4508 3169 4559 ὅτι
3203 4508 3519 4580 τελευτήσω.
3550 4510 3684 4564 κατὰ

427 4618 552 4657 cum
587 4601 706 4672 ipse
736 4601 790 4654 in
844 4598 1243 4655 monasterium
1274 4597 1615 4653 veniret‘ubi
1638 4598 1728 4652 ille
1756 4598 2000 4667 degebat,

2111 4588 2212 4658 τὴν
2245 4590 2565 4659 πρεσόείαν,
2596 4593 2759 4657 αὑτός
2784 4610 2845 4646 τε
2876 4596 3193 4662 ἐσκέπτετο,
3226 4599 3407 4652 ὅντινα
3454 4601 3535 4653 δεῖ
3578 4604 3690 4663 τοῖς

428 4702 644 4749 ιιουιθηι
672 4707 795 4747 cum
819 4706 887 4746 eo
911 4690 1260 4746 sermonibus
1282 4689 1664 4760 transigebat),
1690 4689 1869 4744 missis
1886 4687 2010 4743 ﬁliis

432 4782 749 4837 Andronico
776 4782 1109 4850 imperatore
1141 4788 1199 4836 et
1231 4780 1480 4835 Manuele
1529 4778 1759 4847 despota
1793 4778 2012 4833 multis~

429 4888 538 4942 que
598 4864 920 4943 proceribus
978 4872 1034 4925 in
1065 4870 1349 4926 ecclesiam
1383 4883 1511 4923 eum
1564 4867 1803 4935 reduxit,
1847 4879 1901 4925 et
1954 4870 2009 4924 in

431 4963 569 5016 solio
605 4961 928 5032 patriarchae
955 4947 1273 5015 constituit
1306 4955 1420 5027 (48)
1465 4974 1479 5011 :
1529 4958 1752 5027 jamque
1789 4973 1889 5013 ceu
1925 4959 2013 5015 lu-

431 5066 594 5107 cerna
650 5065 816 5121 super
844 5049 1237 5105 candelabrum
1278 5047 1456 5118 posita
1492 5047 1560 5101 ad
1593 5062 1786 5102 verum
1823 5048 2011 5104 lumen

430 5144 782 5198 commissam
851 5142 957 5198 sibi
1012 5141 1313 5197 Ecclesiam
1408 5140 1712 5209 perducit”
1761 5144 2017 5197 salutari-

433 5233 539 5291 bus
580 5233 853 5303 dogmatis
905 5232 1125 5301 pietatis
1179 5218 1299 5286 eam
1355 5233 1677 5298 enutricns',
1742 5248 1807 5289 ac
1865 5235 2018 5290 velut

438 5327 584 5382 bona
652 5325 901 5396 corporis
965 5323 1292 5378 habitudine
1336 5323 1671 5381 conﬁrmans
1718 5335 1776 5381 et
1833 5341 2017 5383 mores

433 5432 774 5489 componens
806 5427 864 5474 et
913 5416 1096 5485 quoad
1128 5417 1247 5488 ejus
1276 5415 1394 5472 ﬁeri
1419 5425 1619 5487 potest,
1650 5433 1717 5474 ex
1743 5420 1853 5473 vita
1888 5434 2016 5489 pro-

2118 4686 2544 4752 πατριαρχικοῖς
2576 4683 2790 4753 θρόνοις
2846 4684 3248 4756 ἐγκαθιδρύειν,
3293 4693 3388 4743 καὶ
3429 4694 3542 4756 τοῖς
3593 4695 3696 4763 ἁρ-

2118 4775 2395 4845 χιερεῦσιν
2448 4776 2716 4847 ἐπέτρεπε
2770 4777 3089 4832 συνελθοῦσι
3125 4782 3267 4834 κατὰ
3301 4782 3361 4834 τὸ
3414 4783 3555 4846 ἔθος,
3597 4786 3696 4837 καὶ

2116 4865 2578 4937 διασκεῲαμένοις
2630 4868 2721 4921 τὸν
2790 4871 3233 4939 προστησόμενον
3273 4874 3427 4942 σὺτῷ
3476 4874 3694 4944 δηλοῦν.

2120 4956 2285 5022 Δόξαν
2314 4959 2370 5012 δὲ
2408 4960 2544 5013 πᾶσι
2575 4958 2665 5012 τὸν
2712 4961 3065 5033 πατριάρχην
3101 4964 3351 5018 Φιλόθεον
3380 4968 3726 5034 λὲπανάγειν.

2124 5047 2263 5102 εἶναι
2314 5053 2542 5117 δίκαιον,
2592 5053 2716 5105 ἐπεὶ
2747 5053 2842 5106 καὶ
2894 5052 3105 5121 βασιλεῖ
3146 5057 3212 5109 τὰ
3258 5058 3349 5109 ῖσα
3395 5058 3691 5111 συνεδόκει*

2128 5143 2344 5213 συνῄδει
2375 5143 2483 5212 γὰρ
2512 5143 2660 5213 αὑτῷ
2690 5142 2764 5215 μὴ
2798 5144 2886 5198 διὰ
2921 5147 3122 5200 κακίαν
3143 5148 3441 5201 ἀποστάντι
3477 5150 3574 5218 τῆς
3601 5153 3696 5220 ἀρε

2123 5235 2249 5304 χῆς,
2281 5234 2400 5288 ἀλλ’
2437 5236 2618 5287 ἑκοντὶ
2650 5238 3096 5306 παραχωροῦντι,
3127 5238 3216 5290 ἵνα
3249 5240 3323 5308 μὴ
3346 5239 3432 5291 διά
3461 5240 3699 5306 φιλονει-

2124 5330 2244 5380 κίαν
2293 5327 2539 5394 ταραχῆς
2571 5325 2774 5397 πολλῆς
2806 5328 2900 5381 καὶ
2938 5328 3286 5399 διχοστασίας
3325 5329 3615 5402 ἐμπλησθῇ
3661 5332 3696 5401 ἡ

2134 5418 2450 5488 Ἐκκλησία,
2486 5417 2552 5470 δι’
2586 5418 2623 5472 ἃ
2648 5418 2714 5489 δὴ
2744 5420 2839 5474 καὶ
2868 5420 3061 5489 φιλίως
3085 5417 3198 5491 εἶχε
3222 5421 3360 5485 πρὸς
3390 5422 3577 5490 αὑτὸν,
3599 5426 3699 5477 καὶ

1668 5556 1889 5616 Jacobi
1922 5558 2181 5620 l’outani
2224 5565 2411 5618 nota).

506 5673 620 5745 (48)
655 5671 933 5745 Laudatus
970 5680 1055 5745 est
1083 5690 1247 5745 supra
1280 5677 1369 5730 hie
1405 5676 1744 5735 Philotheus,
1775 5691 1895 5745 cap.
1936 5679 2001 5732 16

432 5756 489 5800 et
518 5744 626 5807 29;
677 5743 821 5795 inter
854 5742 1195 5811 patriarchas
1224 5742 1864 5811 Constantinopolitanos
1901 5764 2005 5799 nu-

436 5821 681 5885 meratur
697 5809 1051 5885 exx_i._ltlulta
1084 5816 1326 5884 scripsit,
1357 5817 1425 5869 de
1455 5809 1657 5885 quibus
1684 5830 1791 5867 non
1830 5831 2005 5883 pauca

440 5883 501 5939 in
523 5882 774 5936 Bavarica
801 5881 1133 5940 bibliotheca
1158 5881 1431 5941 habentur
1456 5881 1489 5941 ξ’
1506 5901 1625 5956 quae
1648 5881 1882 5939 eruditis
1900 5888 2012 5957 jam

2108 5678 2375 5755 patefacta
2423 5685 2526 5755 est,
2563 5679 2758 5755 insigni
2823 5680 3091 5755 beneficio
3134 5683 3333 5738 nobilis
3373 5692 3428 5738 et
3483 5686 3695 5755 magni-

2116 5747 2199 5802 liet
2233 5747 2697 5820 dominiloannis
2722 5750 2944 5820 Georgii
2982 5753 3271 5818 llernareti,
3304 5756 3541 5808 thvarlzn
3562 5747 3694 5809 can-

2121 5817 2352 5938 t-ellati‘ii,
2398 5819 2506 5896 ¹νὴςί
2555 5834 2801 5873 omnium
2839 5817 3109 5875 bonarum
3156 5825 3355 5875 mnium
3388 5826 3697 5892 disciplinis

2125 5903 2262 5939 exeu
2295 5895 2512 5939 llSSlllll.

2125 5902 2512 5940 CXCUlllSSlllll.
