4056 6458
400 325 505 386 369
1565 340 2002 402 HISTORIAR‘

2148 345 2380 404 LIBER
2428 347 2517 407 ιν.
3230 326 3255 354 ⁹
3576 347 3681 411 370
3737 412 3742 416 .

398 452 665 510 γινομενῳ
693 457 752 494 τε
803 444 861 497 ἐν
888 443 1203 514 βασιλείοις,
1233 448 1405 518 ἡδέως
1444 451 1609 521 συνῆν
1642 453 1739 506 καὶ
1784 471 1952 508 συνω·
1983 457 2000 511 Δ

2075 455 2184 511 fana
2205 453 2399 510 crebro
2438 455 2687 511 docendo
2722 465 2779 511 et
2808 455 3080 511 monendo
3110 457 3179 510 ad
3220 456 3496 512 caelestem
3528 456 3677 512 illam

400 532 544 599 μίλει
564 548 578 563 ·
621 533 715 586 καὶ
740 536 903 601 αὐτὸς
933 540 991 591 ἐν
1023 534 1058 615 ᾖ
1088 543 1328 612 κατῴκει
1360 548 1493 615 μονῇ
1529 548 1813 614 γινόμενος
1842 568 1971 604 συνο

2079 545 2402 612 proveltens.
2425 546 2557 612 Qum
2580 547 2742 617 igitur
2757 563 2784 600 a
2805 547 3064 602 Romanis
3090 556 3280 601 nostro
3301 561 3419 601 aevo
3438 556 3495 603 et
3516 562 3681 615 supc-

396 622 802 697 διενυκτέρευεν
834 630 1003 701 αὐτῷ’
1028 631 1387 703 πέμψαςτοὺς
1423 637 1592 702 υἱοὺς,
1633 639 1973 711 Ἀνδρόνικόν

2080 636 2226 691 riore
2253 647 2401 707 gesta
2419 647 2567 705 sunt,
2585 639 2966 708 quandointer
2985 638 3331 694 Andronicus
3366 639 3571 694 bellum
3602 641 3682 693 vi-

398 732 455 768 τε
470 717 817 785 τὸνβασιλέα,
836 721 1029 778 καὶτὸν
1044 724 1308 797 δεσπτῐτην
1327 729 1380 781 Μ
1385 728 1602 796 ανουὴλ.
1620 732 1711 784 καὶ
1724 732 1830 786 τῶν
1849 751 1976 797 συγο

2079 730 2282 798 guit,et
2298 738 2484 799 postea
2505 730 2649 785 inter
2677 728 3083 799 imperatricem
3103 731 3316 783 Annam
3337 727 3681 783 etCantacu—

400 809 672 878 κλητικῶν
690 813 811 866 πολ)
824 817 1291 888 οὺς,ἐπανήγαγεν
1308 822 1385 882 εἰς
1401 822 1501 891 τὴν
1518 821 1865 891 Ἐκκλησίαν,
1884 821 1979 878 καὶ
1998 814 2002 819 4

2082 834 2275 874 zeuum
2300 835 2590 875 accensum
2620 828 2704 877 est
2738 838 2750 873 :
2782 828 2837 875 et
2872 827 3155 891 postremo
3179 834 3302 889 quae
3322 819 3549 889 juniore
3579 819 3682 873 im-

397 904 509 966 τοῖς
525 907 939 975 πατριαρχικοῖς
962 907 1206 977 ἐνίδρυσε
1230 909 1463 978 θρόνοις*
1478 916 1569 965 καὶ
1582 908 1774 967 νῦνοῖα
1792 914 1981 987 λύχνος

2083 921 2338 982 pcratore
2386 914 2597 969 Joanne
2641 915 2711 984 ab
2740 913 2929 968 uxoris
2978 912 3149 967 fratre
3198 921 3256 967 et
3281 925 3475 966 socero
3515 910 3675 966 dissi-

400 992 492 1047 ἐπὶ
507 993 835 1065 τὴνλυχνίαν
867 998 1070 1065 τεθεὶς,
1107 1001 1202 1053 ἐπὶ
1249 1001 1309 1054 τὸ
1334 1002 1591 1072 ἀληθινὸν
1637 1004 1751 1073 φῶς
1771 1003 1867 1076 τὴν
1897 1025 1984 1060 πι-

2086 1003 2253 1059 dente
2289 990 2663 1075 contigerunt,
2717 1006 2835 1061 haec
2860 1015 3012 1061 sunt.
3058 1005 3173 1060 Nec
3205 1018 3308 1059 nos
3340 1004 3555 1073 uspiam
3588 1003 3674 1056 vel

407 1086 723 1140 στευθείσαν
759 1088 1087 1161 Ἐκκλησίαν
1112 1096 1469 1162 χειραγωγεῖ,
1487 1098 1601 1158 τοῖς
1615 1113 1672 1149 τε
1694 1098 1871 1164 ύγιέσι
1889 1098 1986 1166 τῆς

2096 1096 2162 1150 ad
2196 1096 2452 1165 gratiam,
2486 1097 2571 1150 vel
2601 1095 2666 1150 ad
2698 1096 2886 1151 odium
2918 1096 3123 1152 limites
3139 1095 3390 1151 veritatis
3418 1095 3681 1151 transivi-

405 1176 683 1241 εὐσεϐείας
698 1178 979 1250 δόγμασιν
1009 1182 1317 1252 ἐκτρὲφων,
1351 1184 1447 1237 καὶ
1482 1186 1734 1239 σύεκτείν
1765 1186 1841 1249 ὡς
1877 1187 1984 1257 μά-

2094 1203 2241 1254 mus,
2288 1188 2383 1243 sed
2434 1203 2549 1243 rem
2595 1188 2767 1258 ipsam
2822 1198 3078 1245 accurate
3110 1188 3479 1253 narravimus,
3515 1202 3679 1256 quam

402 1263 561 1318 λιστα
601 1266 792 1333 ποιῶν,
821 1269 917 1321 καί⁸
947 1270 1015 1322 τά
1048 1269 1154 1341 ἢθη
1201 1271 1509 1341 ῥυθμίζων,
1542 1276 1636 1328 καὶ
1676 1275 1751 1339 ὡς
1780 1271 1894 1330 οἷόν
1929 1293 1988 1328 τε

2091 1282 2290 1353 partim
2313 1291 2614 1353 praesentes
2637 1281 2896 1345 vidimus,
2926 1291 2983 1335 et
3044 1290 3105 1336 ut
3138 1291 3362 1339 actores
3382 1281 3678 1343 sensimus;

402 1355 503 1423 τῆς
543 1354 762 1426 ἀνιέρου
798 1356 944 1427 ζωῆς
978 1361 1275 1430 ἐπανάγων
1309 1366 1433 1426 ταῖς
1481 1368 1705 1449 συχναῖς
1730 1365 1991 1421 διδασκα-

2094 1376 2290 1447 partim
2318 1376 2387 1430 ab
2420 1375 2551 1446 ipsis
2580 1375 2676 1444 qui
2714 1375 2966 1432 fecerunt
2992 1376 3337 1446 accepimus.
3375 1374 3518 1441 Quia
3548 1389 3681 1430 vero

404 1446 547 1531 λίαις
569 1452 662 1502 καὶ
698 1452 1115 1520 παραινέσεσιν.
1148 1454 1218 1507 Ἀ
1252 1454 1353 1523 μέν
1383 1455 1477 1525 οὖν
1512 1446 1994 1526 συμϐέϐηκεῬω-

2096 1446 2346 1538 quaedam
2379 1466 2435 1521 in
2468 1476 2684 1521 secreto
2714 1466 3039 1532 deliberata,
3073 1466 3310 1520 maxime
3356 1464 3425 1520 ab
3469 1466 3534 1519 iis
3584 1462 3679 1534 qui

413 1542 592 1608 μαίοις
627 1542 712 1610 ἐφ’
741 1544 901 1612 ήμῶν
928 1543 986 1597 ἐν
1036 1563 1094 1599 τε
1123 1549 1237 1609 τοῖς
1268 1547 1380 1601 ἄνω
1405 1549 1620 1618 χρόνοις
1674 1550 1837 1617 ἡνίκα
1883 1551 1992 1603 τῶν

2098 1561 2301 1615 bellum
2334 1560 2599 1615 adversus
2625 1560 3071 1616 Cantacuzenum
3097 1565 3415 1622 texuerunt,
3451 1557 3680 1610 historia

414 1631 683 1701 βασιλέων
725 1634 1082 1705 Ἀνδρονίκων
1111 1638 1139 1690 ὁ
1175 1639 1312 1709 πρὸς
1338 1640 1604 1710 ἀλλήλους
1626 1643 1852 1713 ἐκινήθη
1887 1644 1990 1696 πό-

2098 1651 2508 1720 complectitur,
2563 1650 2735 1705 nolim
2802 1650 2855 1705 id
2914 1650 3174 1720 cuiquam
3210 1649 3431 1703 mirum‘
3463 1647 3679 1714 videri;

408 1724 593 1792 λεμος,
631 1725 729 1801 καί
761 1725 991 1797 ὕστερον
1018 1731 1045 1782 ὀ
1085 1730 1291 1800 μεταξὺ
1322 1732 1423 1799 τῆς
1455 1733 1733 1801 βασιλίδος
1755 1734 1983 1803 Ἀννης,

2098 1741 2285 1811 plures
2307 1740 2455 1793 enim
2488 1739 2554 1794 de
2584 1740 2714 1803 illis,
2738 1741 2902 1794 etiam
2938 1749 3230 1809 postquam
3268 1740 3315 1793 is
3343 1748 3517 1793 totum
3550 1739 3683 1792 sub-

410 1820 505 1874 καὶ
538 1822 999 1893 Καντακουζηνοῦ
1032 1823 1127 1877 τοῦ
1165 1826 1433 1895 βασιλέως
1471 1828 1860 1898 ἁνερῤιπίσθη,
1892 1831 1984 1883 καὶ

2089 1831 2301 1901 jugavit
2336 1831 2652 1899 imperium,
2685 1829 2869 1884 adhuc
2894 1830 3223 1902 superstites
3253 1838 3309 1885 et
3338 1830 3458 1900 ejus
3490 1837 3679 1899 postea

414 1912 479 1966 τά
501 1912 788 1967 τελευταῖα
816 1914 879 1982 δὴ
912 1920 1112 1982 ταῦτα,
1153 1918 1255 1971 ὅσα
1283 1917 1540 1987 βασιλεὺς
1574 1921 1603 1972 ὁ
1649 1922 1769 1984 νέος
1806 1923 1986 1977 Ἰωάν-

2095 1916 2384 1973 beneﬁciis
2431 1916 2513 1972 usi
2562 1917 2747 1972 omnia
2813 1917 3052 1972 tideliter
3101 1918 3463 1973 retulerunt:
3499 1916 3679 1985 ipsum

416 2020 514 2073 νης
548 2005 684 2072 πρός
712 2022 772 2058 τε
803 2005 896 2059 τὸν
926 2008 1187 2074 γυναικὸς
1220 2009 1451 2081 ἀδελφὸν
1497 2012 1781 2066 Ματθαῖον
1811 2014 1985 2083 διηνέ-

2089 2008 2313 2078 quidem
2345 2008 2415 2063 de
2442 2009 2661 2063 excelso
2680 2009 2888 2074 animo,
2924 2018 2976 2063 et
3013 2009 3310 2065 tolerantia
3339 2010 3393 2064 in
3431 2011 3682 2065 adversis

418 2095 542 2166 χθη,
573 2098 667 2150 καὶ
701 2095 929 2166 βασιλέα
975 2099 1067 2153 τὸν
1110 2100 1400 2173 κηδεστὴν,
1433 2103 1663 2157 τοιαῦτά
1705 2105 1843 2158 ἐστι.
1878 2106 1987 2159 Καὶ

2088 2098 2255 2154 rebus
2275 2099 2658 2169 suspicientes,
2682 2109 2856 2156 semet
2877 2110 3058 2156 autem
3080 2102 3428 2167 miserantes,
3449 2104 3542 2171 qni
3571 2118 3679 2157 non

419 2186 552 2256 πρὸς
604 2185 759 2241 ούδέν
791 2187 899 2241 τῶν
946 2190 1257 2260 εἰρημένων
1306 2190 1433 2244 οὔτε
1467 2192 1607 2262 πρὸς
1657 2191 1820 2262 χάριν
1862 2191 1988 2247 οὗτε

2089 2188 2265 2244 solum
2286 2197 2560 2244 tantarum
2581 2204 2950 2246 aerumnarum
2962 2199 3222 2255 auctores
3235 2191 3340 2262 91
3353 2194 3395 2261 ι
3421 2193 3683 2248 Romanis

417 2277 555 2348 πρὸς
583 2278 881 2349 ἀπέχθειαν
927 2279 1197 2350 ἐξέϐημεν
1227 2282 1328 2352 τῆς
1358 2283 1618 2352 ἀληθείας
1639 2300 1653 2312 ·
1690 2284 1807 2337 ἀλλ’
1850 2284 1990 2339 αύτά

2090 2280 2342 2345 fuissent,
2382 2280 2479 2336 sed
2505 2289 2561 2335 et
2598 2280 2757 2349 cujus
2799 2282 2969 2337 multa
2992 2292 3103 2337 tum
3129 2283 3305 2351 prius,
3344 2294 3457 2337 tum
3488 2295 3678 2353 postea

416 2372 485 2426 τὰ
511 2371 638 2425 ὄντα
671 2372 1045 2444 ἱστορήκαμεν
1070 2374 1339 2445 ἀκριϐῶς,
1375 2378 1490 2440 τοῖς
1526 2375 1626 2446 μὲν
1658 2376 1815 2428 αὐτοὶ
1846 2393 1989 2446 παρ-

2091 2373 2419 2443 egregiaque
2439 2371 2495 2426 in
2525 2386 2585 2427 se
2613 2371 2810 2427 merita
2845 2373 3247 2436 constitissent,
3269 2374 3342 2441 ei,
3375 2378 3554 2445 magni
3576 2375 3683 2428 du-

419 2465 566 2528 ὀντες
621 2464 785 2534 ἡνίκα
834 2467 1345 2537 ἐπραγματεύοντο,
1388 2472 1483 2522 καὶ
1522 2470 1845 2540 μετέχοντες
1881 2471 1991 2525 τῶν

2093 2463 2173 2519 cis
2198 2463 2553 2533 (Apocauchi)
2578 2464 2958 2521 molitionibus
2996 2474 3052 2521 et
3087 2465 3302 2520 vafritie
3327 2466 3565 2535 decepti,
3604 2475 3682 2521 tot

419 2557 792 2627 γιγνομένων·
834 2557 944 2611 τῶν
1000 2559 1045 2612 δ’
1078 2558 1341 2630 αὐτήκοοι
1373 2560 1733 2629 γεγενημένοι
1781 2561 1995 2615 ἀπἀὐ-

2098 2555 2448 2610 incommoda
2473 2563 2529 2610 et
2554 2555 2777 2612 labores
2808 2572 2909 2627 per
2929 2566 3236 2612 extremam
3263 2557 3671 2627 improbitatem

420 2648 528 2702 τῶν
567 2649 674 2704 τῶν
706 2650 1109 2722 εἰργασμένων.
1152 2651 1215 2704 Εἰ
1242 2651 1300 2704 δέ
1330 2668 1454 2705 τινα
1497 2652 1606 2706 τῶν
1636 2653 1695 2705 ἐν
1745 2653 1995 2724 ἀπορρή-

2094 2647 2468 2716 peperissent.
2498 2645 2812 2702 Clarissime
2834 2656 3016 2703 autem
3050 2663 3162 2703 non
3196 2662 3369 2718 pauca
3399 2648 3559 2702 nobis
3586 2663 3685 2701 ex-

420 2760 535 2806 τοις
585 2741 1026 2811 βεϐουλευμένων
1059 2742 1301 2812 μάλιστα
1345 2742 1456 2796 τῶν
1494 2744 1632 2813 πρὸς
1674 2744 1994 2798 Καντακου-

2096 2746 2405 2807 posuerunt
2437 2738 2678 2793 Joannes
2697 2747 2754 2793 et
2782 2737 3128 2808 Nicephorus
3153 2738 3335 2810 magni
3363 2738 3523 2793 ducis
3557 2738 3676 2803 lilii,

425 2826 583 2897 ζηνδν
598 2831 687 2882 τὸν
718 2829 941 2898 βασιλέα
957 2830 1048 2883 τὸν
1071 2830 1309 2900 πόλεμον
1328 2832 1703 2901 κεκινηκότων
1726 2834 1761 2903 ἡ
1781 2833 1996 2904 ἱστορία

2097 2840 2288 2901 utpote
2308 2847 2419 2900 prae
2435 2832 2557 2887 aliis
2584 2847 2911 2886 arcanorum
2946 2833 3183 2902 amplius
3206 2832 3437 2887 conscii.
3468 2833 3682 2886 Praece-

426 2920 689 2991 περιέχει,
723 2921 1041 2991 θαυμαστὸν
1081 2922 1259 2978 οὐδέν.
1290 2923 1354 2977 Οί
1384 2923 1607 2988 πλείους
1629 2924 1739 2995 γὰρ
1769 2927 1996 2979 ἐκείνων

2099 2934 2250 2993 ptum
2278 2923 2462 2993 itaque
2495 2930 2669 2989 tuum,
2690 2922 2762 2977 mi
2792 2922 2929 2989 Nile,
2952 2938 3052 2993 pro
3074 2932 3262 2978 nostra
3289 2921 3548 2977 facultate
3583 2924 3688 2975 im-

427 3013 521 3065 καὶ
554 3011 692 3081 μετὰ
716 3012 776 3065 τὸ
802 3013 904 3083 τῆς
938 3013 1113 3083 ἀρχῆς
1139 3013 1362 3085 ἀπάσης
1400 3016 1609 3068 ἐκεῖνον
1640 3016 1884 3085 ἐγκρατῆ
1908 3032 1998 3083 γε-

2096 3015 2383 3085 plevimus.
2420 3012 2542 3068 Tibi
2568 3014 2782 3068 licitum
2813 3022 2897 3079 est
2948 3013 3151 3082 scripta
3202 3012 3486 3081 relegenti,
3511 3013 3685 3066 vitas-

427 3102 611 3156 νὲσθαι
630 3103 710 3156 ἔτι
735 3104 1038 3173 περιόντες,
1064 3103 1157 3157 καὶ
1187 3104 1387 3173 πολλῆς
1413 3105 1670 3174 προνοίας
1696 3105 1997 3159 ἀπολελαυ-
2025 3146 2029 3176 ,

2101 3120 2208 3175 que
2230 3113 2286 3159 et
2309 3104 2550 3161 actiones
2578 3112 2634 3160 et
2660 3104 2915 3160 universe
2945 3119 3128 3159 mores
3160 3096 3445 3158 hominum
3481 3119 3687 3173 enipeu—

430 3192 582 3256 κότες
630 3194 763 3263 παρ’
798 3192 949 3263 αὐτῷ
1002 3193 1178 3247 πάντα
1209 3193 1455 3263 ἀκριϐῶς
1510 3192 1754 3259 ἐξεῖπον,
1791 3193 1998 3248 ἐκεῖνον

2101 3197 2250 3250 denti
2284 3197 2482 3251 horum
2541 3195 2763 3266 quidem
2817 3195 3341 3266 magnanimitatem,
3393 3203 3449 3250 et
3478 3196 3531 3249 in
3561 3211 3687 3248 om-

432 3285 531 3353 μὲν
558 3286 656 3355 τῆς
683 3285 1095 3356 μεγαλοψυχίας
1128 3285 1526 3356 θαυμάζοντες,
1553 3283 1649 3337 καί⁸
1680 3285 1783 3354 τῆς
1804 3300 2005 3355 καρτε-

2100 3288 2270 3343 nibus
2292 3296 2383 3343 aut
2402 3286 2659 3357 plurimis
2679 3285 2841 3340 lactis
2866 3287 3257 3356 praestantibus
3272 3286 3517 3341 studium
3533 3302 3689 3341 com-

433 3375 553 3445 ρίας
576 3378 673 3448 τῆς
702 3376 842 3448 πρὸς
870 3377 939 3430 τ’ἂι
966 3375 1134 3443 δεινὰ,
1162 3376 1389 3440 ἑαυτοὺς
1419 3376 1477 3431 δὲ
1503 3374 1888 3447 οἰκτείροντες,
1916 3376 1999 3430 ὅτι

2107 3378 2374 3435 mandare
2406 3395 2420 3433 :
2460 3378 2683 3432 illorum
2742 3377 3101 3433 veteratorias
3132 3386 3301 3444 artes,
3334 3378 3539 3448 quibus
3574 3393 3687 3433 non

436 3470 510 3541 μὴ
530 3466 701 3539 ’μόνον
734 3468 1003 3536 τοσούτων
1033 3468 1197 3523 αίτιοι
1228 3469 1486 3538 γεγόνασι
1537 3468 1832 3537 Ῥωμαίοις
1856 3485 1997 3538 συμ-

2097 3470 2223 3526 aliis
2257 3469 2655 3535 tantummodo,
2689 3470 2784 3525 sed
2805 3470 2972 3526 etiam
2995 3470 3365 3540 sibimetipsis
3383 3469 3688 3525 detrimen-

433 3561 643 3632 φορῶν,
678 3562 814 3616 ἀλλά
837 3562 931 3616 καὶ
951 3554 1011 3615 οὗ
1043 3562 1255 3616 πολλῶν
1280 3568 1375 3616 καὶ
1405 3560 1694 3631 πρότερον,
1721 3561 1817 3613 καὶ
1844 3560 1998 3614 ὕστε-

2097 3559 2355 3616 tosissimi
2378 3559 2718 3624 exstiterunt,
2744 3559 2872 3614 odio
2897 3568 2953 3614 et
2970 3559 3373 3630 vituperatione
3403 3558 3682 3629 prasequi.

437 3672 527 3727 ρον
558 3656 650 3709 καὶ
687 3656 961 3725 μεγάλων,
1005 3655 1100 3709 καὶ
1140 3655 1459 3727 θαυμασίων
1494 3654 1828 3725 εὐεργεσιῶν
1863 3652 2299 3717 ἀπολελαύκασι,
2366 3652 2545 3724 τούτῳ
2614 3653 2735 3715 ταῖς
2808 3651 3048 3722 μεγάλου
3076 3652 3270 3716 δουκὸς
3302 3652 3681 3722 άπατηθέντες

439 3751 711 3819 μηχαναῖς
742 3753 838 3803 καὶ
903 3750 1289 3826 πανουργίαις,
1330 3748 1542 3803 πολλῶν
1582 3747 1847 3819 ὤφθησαν
1909 3747 2075 3801 αἴτιοι
2112 3747 2474 3817 γεγενημένοι
2517 3745 2818 3816 δυσχερῶν,
2855 3748 2950 3799 καὶ
3003 3746 3072 3800 τά
3124 3745 3325 3816 ἔσχατα
3367 3746 3693 3818 ἠγνωμονή-

437 3857 585 3897 κασι.
620 3840 871 3895 Μάλιστα
909 3841 965 3894 δὲ
1000 3841 1345 3911 ἀπήγγειλαν
1374 3839 1692 3909 σαφέστατα.
1749 3840 2008 3908 Ἰωάννης
2041 3838 2141 3893 καὶ
2176 3839 2490 3908 Νικηφόρος
2546 3839 2597 3892 οἰ
2670 3838 2912 3907 μεγάλου
2982 3839 3176 3902 δουκδς
3208 3839 3454 3907 ἀδελφοὶ,
3497 3833 3587 3892 οἷα
3624 3840 3689 3910 δὴ

436 3932 546 3985 τῶν
570 3932 746 3987 ἄλλων
780 3932 983 4002 μᾶλλον
1026 3932 1333 3995 συνειδότες
1396 3933 1467 3985 τὰ
1534 3932 1825 4004 ἀπόρρητα
1863 3930 2076 4001 ἐκείνῳ.
2112 3930 2187 3984 Τὸ
2243 3930 2343 4001 μὶν
2394 3929 2488 3985 οὖν
2524 3931 2812 4001 ἐπίταγμα
2841 3931 2902 3983 τὸ
2938 3930 3059 3995 σὺν,
3091 3924 3137 3984 ὧ
3189 3931 3326 3986 καλέ
3383 3931 3566 3994 Νεῖλε,
3608 3934 3691 3996 εἰς

435 4025 825 4096 δύναμινὴμῖν
851 4025 1253 4081 ἐκτετέλεσται.
1316 4027 1409 4081 Σοὶ
1434 4025 1481 4080 δ’
1505 4026 1687 4090 ἔξεστι
1711 4025 1780 4078 τὰ
1840 4025 2210 4097 γεγραμμένα
2246 4024 2602 4092 ἀναλέγοντι,
2651 4027 2751 4079 καὶ
2816 4023 2969 4094 βίους
3006 4022 3353 4090 ἐξετάζοντι,
3403 4026 3500 4079 καὶ
3545 4026 3691 4095 πρά·-

441 4121 571 4187 ξεις,
607 4121 700 4176 καὶ
732 4125 792 4175 τὸ
827 4121 1050 4194 σύμπαν
1086 4119 1219 4194 ἦθος
1260 4124 1370 4176 τῶν
1402 4124 1727 4194 ἀνθρώπων,
1796 4122 1904 4175 τῶν
1941 4123 2039 4191 μὲν
2077 4122 2176 4191 τὴν
2220 4120 2634 4201 μεγαλοψυχίαν
2658 4122 2930 4187 ἐπαινεῖν,
2968 4122 3065 4177 καὶ
3093 4121 3193 4195 τὴν
3230 4125 3290 4176 ἐν
3322 4122 3529 4178 suam
3563 4123 3595 4194 ἢ
3631 4127 3691 4178 ἐν

442 4218 716 4281 πλείστοις
749 4214 933 4289 ἔργοις
958 4220 1184 4288 ἀγαθοῖς
1208 4218 1547 4289 φιλοτιμίαν,
1583 4220 1693 4273 τῶν
1724 4219 1783 4273 δὲ
1817 4220 1999 4288 μισεῖν
2037 4220 2138 4289 τὴν
2173 4219 2530 4287 πανουργίαν,
2595 4206 2673 4281 ὥς
2737 4220 2800 4273 οὐ
2836 4222 2948 4283 τοῖς
2977 4218 3158 4284 ἄλλοις
3203 4222 3391 4291 μόνον,
3426 4220 3564 4275 ἀλλὰ
3597 4223 3691 4277 καὶ

443 4313 626 4382 σφίσιν
655 4311 839 4377 αὐτοῖς
867 4311 1078 4368 πολλῶν
1115 4313 1303 4368 κακῶν
1332 4312 1515 4367 αἰτίαν
1550 4312 1877 4382 γενομένην.

1152 4493 1439 4572 Επρίίοἰι
1483 4494 1749 4554 Joannis
1804 4493 2225 4556 Cantacuzeni
2275 4493 2563 4554 Historia
2599 4495 2971 4574 Byzantina.
