4056 6462
466 354 571 418 373

1414 355 1710 416 CONTRA
1759 354 2255 416 MAHOMETEM
2295 350 2673 412 APOLOGIA
2716 354 2763 409 l.

3622 345 3729 407 374

459 467 575 535 μὲν
601 465 713 533 τῆς
745 465 1046 533 ἀληθείας
1073 466 1140 519 τὸ
1174 466 1423 535 ψεῦδος,
1459 468 1560 521 ἐπὶ
1586 468 1657 522 τὰ
1680 470 1935 535 πρότερα
1975 467 2042 519 δὲ

2149 465 2358 534 scriptis
2386 477 2670 533 opponere,
2695 460 2901 513 dicendi
2932 464 3104 512 tamen
3137 456 3387 528 facultate
3427 457 3726 519 destitutus,

461 556 648 611 πάλιν
671 558 1001 611 ἐπανιέναι.
1022 557 1075 608 '0
1100 556 1170 609 se
1190 559 1382 612 καίτοι
1406 558 1642 627 σφόδρα
1657 559 2040 624 ,ϐουλόμενος

460 646 969 716 ἀντικαταστῆναι
997 648 1121 713 τοῖς
1145 647 1508 717 γράμμασιν,
1541 650 1671 702 ἐπεὶ
1699 651 1785 718 μὴ
1815 649 1913 703 real
1934 650 2042 703 δύο

462 757 639 808 ναμις
677 740 782 793 τοῦ
838 741 1043 807 λέγειν
1070 740 1232 806 αὐτῷ
1262 740 1524 809 προσῆν,
1567 742 1921 809 προστρέχει
1964 738 2042 804 τῷ

455 832 728 896 βασιλεῖ,
763 832 859 886 real
892 830 964 885 τὰ
999 832 1309 900 γράμματα
1335 832 1634 895 δείκνυσι,
1671 833 1768 886 real
1801 850 2043 902 συμμα-

468 928 604 993 χνίιν
646 924 761 990 τὴν
794 925 1156 993 γιγνομένην
1179 925 1423 978 ἀπαιτεῖ
1453 927 1591 993 παρ’
1624 926 1835 980 αὐτοῦ.
1882 928 1944 978 ’0
1975 925 2042 977 δὲ

466 1018 569 1082 τῆς
600 1014 1005 1083 προαιρέσεως
1032 1013 1142 1067 τὸν
1172 1014 1363 1093 ἀηδρα
1392 1014 1868 1082 ἀποδεξάμενος,
1902 1031 2043 1068 κατ-

461 1107 709 1169 εδέξατο
734 1108 842 1159 τὸν
862 1105 1088 1174 ἀγῶνα,
1120 1108 1219 1159 real
1255 1110 1523 1173 Μελετίῳ
1551 1110 1649 1162 real
1684 1107 1757 1176 τῇ
1787 1109 2041 1174 ἀληθείᾳ

460 1198 707 1260 δανείζει
744 1199 859 1266 τὴν
886 1197 1178 1285 γλῶτταν.
1217 1200 1284 1252 '0
1324 1200 1393 1252 δὲ
1415 1202 1597 1268 λόλος
1626 1202 1907 1269 ἀφορμὴν
1935 1206 2042 1255 λα-

461 1292 581 1346 ϐὼν
612 1291 727 1359 τὴν
761 1291 871 1357 τῆς
898 1289 1228 1357 ἐπιστολῆς
1261 1292 1639 1359 άνασκευὴν,
1679 1293 1860 1361 χωρεῖ
1892 1295 2043 1347 κατὰ

461 1384 574 1452 τῆς
601 1382 718 1437 τῶν
745 1383 1109 1450 Σαρακηνῶν
1129 1383 1437 1451 αἱρέσεως,
1469 1385 1807 1439 ἐπεκδικῶν
1828 1385 1945 1453 μὲν
1969 1384 2044 1437 τὰ

463 1473 852 1542 Χριστιανῶν,
897 1474 1281 1542 κατατρέχων
1304 1474 1375 1528 δὲ
1405 1474 1514 1540 τῆς
1543 1476 1661 1529 τῶν
1679 1476 2043 1543 Σαρακηνῶν

463 1565 745 1631 αἱρέσεως
784 1564 905 1620 άπὸ
942 1552 1164 1634 μέροὺς
1194 1566 1262 1619 ἐν
1298 1569 1508 1636 λόγοις
1531 1567 1646 1635 ἤδη
1678 1570 2039 1634 τέσσαρσιν,

464 1657 881 1711 ἀνακόλουθον
930 1657 1127 1724 αὐτὴν
1168 1659 1322 1724 πρός
1352 1676 1417 1712 τε
1468 1659 1584 1727 τὴν
1623 1661 1915 1725 ἀλήθειαν
1943 1662 2040 1714 real

466 1749 614 1815 πρὸς
643 1749 870 1816 ἑαυτὴν
890 1749 1277 1815 ἀποδεικνὺς,
1302 1751 1384 1817 ὡς
1398 1752 1555 1818 μηδὲ
1576 1751 1762 1820 ἑαυτῇ
1792 1752 2042 1819 συμϐαι-

2147 557 2215 609 ad
2251 558 2624 625 imperatorem
2655 551 2912 620 confugit,
2943 551 3026 603 cui
3068 549 3272 603 litteras
3299 549 3470 616 o/fert.
3501 557 3549 601 et
3576 549 3731 600 auxi-

2148 647 2275 700 lium
2298 648 2349 699 in
2377 645 2672 699 imminenti
2701 642 3095 696 concertatione
3118 641 3180 693 ab
3208 639 3300 693 illo
3332 638 3587 710 postulat.
3620 637 3733 691 lm-

2144 748 2363 809 perator
2404 741 2584 808 itaque
2633 753 2752 789 cum
2812 736 2912 790 viri
2956 736 3261 788 institutum
3313 732 3729 802 approbavisset,

2146 839 2412 882 certamen
2457 827 2770 896 suscipiens,
2820 825 3035 880 bleletio
3077 823 3238 879 simul
3291 831 3339 877 et
3386 825 3598 877 veritati
3629 823 3734 876 lin-

2144 936 2300 990 guam
2338 934 2429 972 ceu
2464 925 2645 972 mutuo
2670 918 2783 970 dat.
2820 916 3007 971 Oratio
3033 924 3233 979 autem,
3263 916 3415 984 cujus
3452 929 3734 982 argumen-

2146 1022 2256 1064 tum
2287 1017 2424 1083 erat,
2458 1007 2734 1076 epistolam
2782 1007 2932 1075 cujus
2980 1020 3143 1074 supra
3189 1005 3522 1058 meminimus
3561 1003 3733 1055 revin-

2145 1119 2288 1167 cere,
2351 1109 2535 1154 contra
2608 1099 3002 1153 Saracenorum
3071 1098 3308 1151 haeresim
3373 1095 3730 1165 progreditur.

2145 1194 2423 1263 defendens
2447 1192 2655 1263 quidem
2682 1189 3105 1244 Christianorum
3129 1192 3400 1258 dogmata,
3426 1186 3590 1239 obiter
3612 1202 3732 1239 vero

2145 1285 2384 1356 singulas
2413 1284 2745 1339 Saracenicee
2767 1282 2978 1335 hwresis
3012 1288 3188 1348 partes
3234 1295 3545 1349 percurrens
3576 1295 3593 1332 :
3622 1288 3731 1332 tum

2143 1387 2375 1445 quatuor
2408 1374 2738 1430 sermonibus
2784 1372 3031 1437 ostendit,
3064 1374 3199 1426 hanc
3241 1387 3333 1425 nec
3384 1372 3609 1429 veritati,
3640 1388 3733 1423 nec

2143 1472 2242 1524 sibi
2286 1470 2389 1539 ipsi
2440 1485 2549 1523 esse
2604 1477 3036 1529 consentaneum,
3086 1472 3266 1534 utpote
3310 1481 3426 1533 qua:
3470 1466 3581 1529 ipsa
3636 1464 3734 1517 sibi

2146 1561 2325 1615 multis
2348 1562 2404 1614 in
2430 1560 2558 1615 locis
2582 1576 2684 1614 non
2711 1561 2840 1613 satis
2866 1557 3162 1611 conveniat.
3195 1554 3347 1617 Quod
3367 1564 3545 1607 autem
3571 1554 3683 1608 Mos
3697 1558 3732 1607 's

2144 1651 2326 1715 simul,
2354 1655 2731 1721 prophetarum
2756 1659 2805 1702 et
2827 1646 3103 1716 Evangelii
3133 1646 3446 1699 testimoniis
3468 1643 3732 1698 Christia-

2147 1759 2231 1796 nee
2263 1744 2529 1811 religionis
2576 1741 2885 1811 mysterium
2917 1739 3267 1799 demonstrat,
3303 1737 3505 1789 nemini
3539 1738 3731 1789 mirum

466 1854 593 1891 νειν
611 1837 825 1904 ἱκανῶς
841 1841 1129 1908 ἔχουσαν.
1144 1843 1212 1895 El
1227 1841 1295 1892 δὲ
1306 1840 1401 1894 real
1417 1842 1489 1894 ἐκ
1505 1841 1622 1894 τῶν
1638 1818 2042 1908 τοῦήΜωο-ἐως,

2147 1836 2408 1897 videatur,
2461 1852 2579 1889 cum
2617 1846 2667 1889 et
2723 1839 2853 1907 ipsis
2903 1838 3191 1893 Saracenis
3234 1853 3328 1907 pro
3381 1838 3729 1890 sacrosanctis

467 1933 559 1982 real
582 1930 699 1983 τῶν
712 1931 1057 1999 προφητῶν,
1071 1933 1168 1985 real
1186 1933 1291 1987 τοῦ
1306 1934 1464 2002 Εὺαγ
1476 1934 1679 2001 γελίου
1693 1936 1756 1986 τὸ
1773 1935 1880 1988 τοῦ
1903 1937 2039 2002 Χρι-

466 2023 827 2092 στιανισμοῦ
858 2024 1194 2091 μυστήριον
1223 2024 1658 2091 ἀποδείκνυσί,
1694 2030 2044 2096 θαιιμαστιὶν

464 2115 665 2168 οὐδέν.
709 2124 723 2165 !
754 2116 813 2166 al
848 2117 963 2182 γὰρ
984 2117 1079 2169 καὶ
1112 2116 1238 2180 τοῖς
1267 2119 1636 2185 Σαρακηνοῐς
1658 2120 1821 2186 ἱερόν
1858 2136 1912 2172 τι
1942 2120 2041 2172 δο-

465 2204 558 2256 κεῖ
609 2203 709 2257 reul
773 2203 936 2257 θεῖον
998 2203 1070 2257 τὰ
1115 2206 1275 2271 παρὰ
1321 2208 1428 2261 τοῦ
1472 2209 1732 2275 Μωσέως
1777 2209 1876 2263 real
1924 2210 2044 2263 τῶν

465 2294 785 2363 προφητῶν
804 2296 901 2348 καὶ
928 2296 1035 2350 τοῦ
1059 2299 1435 2367 Εὐαγγελίου
1451 2301 1767 2369 λεγόμενα.
1808 2303 1891 2355 Οὐ
1915 2302 2043 2370 μὴν

464 2385 599 2438 ἀλλ’
633 2387 786 2440 αὐτὰ
832 2388 1018 2441 ταῦτα
1051 2390 1149 2442 real
1195 2392 1345 2444 κατὰ
1409 2390 1717 2446 Ἰουδαίων
1745 2393 1903 2447 εἴποι
1951 2412 2055 2458 τις·

464 2474 560 2538 ἂν,
607 2480 703 2531 καὶ
730 2480 992 2545 εἱκότως.
1027 2480 1400 2548 Σαραλιηνοῖς
1435 2484 1547 2551 γὰρ
1591 2485 1688 2538 καὶ
1731 2486 2043 2551 Ἰουδαίοις

465 2570 575 2621 οὐκ
612 2569 788 2636 ὀλίγα
823 2571 1017 2633 κοινὰ,
1045 2573 1346 2639 μοναρχία
1388 2589 1456 2626 τε
1501 2576 1608 2641 γὰρ
1656 2574 1941 2639 ὡσαύτως
1974 2575 2044 2627 ἐν

464 2659 835 2728 ἀμφοτέροις,
872 2660 967 2714 καὶ
1015 2661 1361 2730 πολυγαμία
1406 2663 1472 2714 τὸ
1522 2662 2037 2731 σπουδαζόμενον,

465 2751 737 2817 χοερείων
763 2768 828 2803 τε
851 2749 1042 2818 κρεῶν
1073 2752 1299 2820 ἀποχὴ,
1329 2754 1427 2806 καὶ
1448 2755 1578 2822 μὴν
1603 2755 1703 2809 real
1728 2755 2037 2824 περιτομὴ,

465 2839 562 2893 καὶ
590 2841 835 2903 βιϐλίου
867 2842 937 2894 δὲ
963 2842 1345 2897 ἀποστασίου
1361 2844 1765 2912 βουλομένοις
1812 2846 2042 2899 διδόναι

463 2932 592 2998 ταῖς
628 2932 859 2987 ἑαυτῶν
896 2935 1176 3003 γυναιξὶν
1214 2936 1458 3005 ἐφεῖται.
1496 2938 1611 2992 Καί
1627 2955 1789 3004 τινος
1814 2941 2042 2996 ἀποθα-

464 3028 678 3091 νόντος
705 3026 828 3080 εἴτε
852 3029 922 3081 ἐν
948 3029 1183 3093 τούτοις
1205 3028 1262 3081 εἴ
1266 3045 1327 3082 τε
1348 3029 1417 3080 ἐν
1440 3031 1719 3096 ἐκείνοις,
1748 3030 1860 3097 τὴν
1884 3031 2040 3085 ὲκεί-

463 3134 575 3170 νου
599 3118 851 3186 γυναῖκα
883 3122 914 3173 d
940 3118 1208 3187 ἀδελφὸς
1238 3120 1464 3191 ἄγεται.
1500 3123 1611 3176 Kal
1641 3123 1795 3188 ὅλως
1833 3125 1942 3176 οὐκ
1964 3123 2041 3177 ἄν

463 3225 555 3274 τις
575 3209 844 3279 ἁμάρτοι,
870 3210 1229 3282 ιουδατσμὸν
1259 3214 1581 3283 «unauana
1614 3216 1720 3268 τὸν
1743 3216 1846 3270 τοῦ
1871 3215 2040 3269 Μωά-

459 3306 571 3371 μεθ
618 3304 807 3372 νόμον
853 3304 1219 3372 προσειπών.
1258 3307 1469 3384 ὶΤαύτῃ
1518 3324 1607 3360 τοι
1645 3306 1742 3360 real
1797 3311 1828 3361 ὁ
1881 3308 2038 3373 θεῖος

479 3395 763 3465 Ἰωάννης
791 3396 862 3451 ἐν
891 3396 965 3466 τῇ
989 3398 1377 3465 ἀποκαλύψει
1408 3399 1541 3466 περὶ
1577 3399 1685 3452 τοῦ
1714 3401 1902 3467 νόμου
1938 3401 2037 3453 real

398 3474 409 3483 “
463 3488 571 3541 τοῦ
595 3487 811 3554 ἔθνους
843 3491 1058 3544 τούτου
1100 3492 1585 3561 προσαγορεύων,
1617 3492 1821 3563 ὥσπερ
1852 3498 2038 3548 αἰνιτ-

445 3584 712 3651 τόμενος
756 3584 826 3637 τὰ
852 3585 921 3635 ἐν
957 3583 1264 3651 ἑκατέροις
1294 3585 1488 3648 κοινὰ,
1524 3586 1700 3652 φησὶ,
1741 3585 2041 3654 Λέγουσιν

2145 1927 2460 1993 habeantur,
2506 1946 2622 1999 qua!
2653 1949 2685 1984 a
2726 1929 2887 1993 Mosa,
2920 1932 3185 2001 prOphetis
3216 1940 3265 1984 et
3298 1928 3574 1999 Evangelii
3601 1932 3732 1981 scri-

2144 2020 2377 2088 ptoribus
2416 2022 2559 2075 dicta
2589 2030 2733 2077 sunt.
2782 2022 3150 2076 Verumtamen
3178 2024 3358 2076 eadem
3400 2024 3509 2076 haec
3544 2030 3730 2074 contra

2143 2110 2355 2166 Iudaeos
2392 2113 2573 2166 induci
2603 2124 2842 2184 possunt,
2884 2114 3037 2183 idque
3063 2131 3168 2168 non
3207 2114 3320 2168 sine
3355 2115 3589 2177 ratione;
3627 2110 3731 2165 Sa-

2146 2206 2349 2258 racenis
2378 2207 2518 2259 enim
2554 2223 2658 2259 non
2689 2223 2861 2274 pauca
2891 2215 3012 2260 sunt
3040 2223 3159 2259 cum
3181 2205 3383 2259 Iudaeis
3408 2206 3727 2258 communia.

2143 2296 2348 2350 Eadem
2371 2298 2510 2351 enim
2534 2297 2675 2366 apud
2704 2307 2953 2367 utrosque
2981 2299 3302 2351 monarchia'
3342 2289 3550 2366 politia',
3594 2298 3730 2349 idem

2144 2388 2460 2459 polggamia:
2485 2389 2742 2453 studium,
2774 2389 2955 2441 eadem
2978 2387 3153 2442 suillw
3178 2389 3355 2441 carnis
3378 2388 3728 2448 abstinentia,

2144 2480 2388 2551 idemque
2420 2481 2829 2535 circumcisionis
2883 2482 3114 2549 signum.
3162 2480 3362 2533 Eodem
3407 2482 3566 2533 etiam
3603 2480 3732 2549 jure

2144 2573 2287 2642 apud
2325 2583 2575 2643 utrosque
2607 2574 2815 2642 repudii
2863 2572 3101 2627 libellum
3153 2572 3385 2641 propriis
3413 2571 3558 2637 Jicet
3602 2573 3733 2624 dare

2143 2665 2395 2720 uxoribus
2428 2680 2444 2718 .'
2481 2674 2529 2717 ct
2558 2665 2737 2736 aliquo
2776 2664 2858 2718 vel
2883 2666 3071 2717 horum
3096 2664 3176 2717 vel
3216 2663 3429 2717 illorum
3463 2662 3729 2732 defuncto,

2143 2758 2417 2828 conjugem
2442 2756 2585 2810 illius
2614 2756 2785 2826 frater
2816 2755 3003 2807 ducere
3041 2752 3203 2807 solet.
3245 2751 3368 2816 Sed,
3404 2760 3459 2804 ut
3491 2765 3732 2804 summa-

2144 2852 2240 2904 tim
2274 2850 2472 2913 dicant,
2524 2865 2627 2902 non
2672 2850 2930 2901 erravisse
2972 2848 3100 2900 mihi
3142 2847 3408 2915 quispiam
3448 2843 3728 2907 videbitur,

2141 2942 2191 2995 si
2235 2939 2552 2994 Mahametis
2620 2938 2787 3009 legem
2842 2938 3118 3006 confusum
3168 2946 3573 3007 corruptumque
3630 2934 3733 2987 Ju-

2143 3032 2409 3084 daismum
2448 3030 2662 3083 dixerit.
2697 3028 3031 3097 Quapropter
3076 3038 3125 3080 et
3192 3027 3342 3082 divus
3386 3026 3621 3080 Joannes
3670 3026 3729 3080 in

2145 3120 2464 3191 Apocalypsi
2503 3122 2566 3174 de
2613 3119 2723 3191 lege
2758 3130 2807 3172 et
2842 3129 2993 3187 gente
3022 3118 3118 3171 hac
3149 3118 3425 3181 disserens,
3459 3119 3544 3171 ubi
3578 3120 3732 3187 quasi

2148 3232 2240 3286 per
2288 3216 2576 3290 aznigmata
2617 3213 2924 3283 perstringit
2982 3228 3098 3281 quae
3147 3215 3380 3280 utrisque
3433 3214 3732 3265 communia

2145 3319 2289 3373 sunt,
2324 3310 2493 3378 inquit
2527 3323 2546 3363 :
2580 3307 2772 3361 Dicunt
2810 3322 2865 3359 se
2893 3305 3109 3358 .ludazos
3141 3320 3270 3366 esse,
3306 3314 3357 3356 et
3390 3320 3495 3357 non
3540 3313 3662 3357 sunt
3690 3303 3728 3355 '.

2146 3405 2291 3459 Adeo
2338 3410 2394 3454 ut
2435 3401 2650 3454 absurdi
2678 3398 2809 3453 nihil
2853 3400 3031 3467 [iter-it,
3077 3398 3124 3450 si
3153 3397 3438 3449 communis
3470 3404 3518 3448 et
3548 3395 3731 3448 eadem

2148 3511 2265 3550 cum
2300 3493 2408 3548 illis
2441 3494 2758 3547 concertatio
2791 3493 2882 3556 sit,
2914 3490 3003 3559 qui
3043 3503 3203 3557 quam
3241 3488 3472 3558 plurima
3510 3487 3648 3541 inter
3677 3502 3732 3541 se

2150 3588 2449 3640 communia
2486 3586 2786 3640 observant.

463 3674 716 3741 ἑαυτοὺς
742 3677 1070 3744 Ἰουδαίους
1092 3675 1266 3744 εἶναι,
1305 3680 1403 3731 real
1463 3681 1574 3733 οὑκ
1625 3680 1810 3734 εἰσίν.
1839 3680 2022 3734 Ὥστε
2080 3681 2261 3735 οὐδὲν
2309 3681 2558 3747 ἄτοπον,
2594 3683 2666 3752 6εὶ
2693 3678 2930 3751 ὶκοινῶν
2975 3681 3166 3737 ὄντων
3209 3676 3416 3741 αὐτοῖς
3464 3672 3730 3737 πολλῶν,

464 3768 637 3836 κοινή
677 3786 769 3837 τις
800 3771 872 3826 ἐν
903 3770 1070 3842 μέρει
1102 3771 1202 3826 real
1237 3773 1276 3841 ἡ
1304 3770 1456 3842 πρὸς
1489 3773 1717 3839 αὐτοὺς
1746 3772 1936 3841 πάλη.

469 3970 582 4025 Τοῦ
630 3968 1122 4037 Μουσουλμάνου
1173 3966 1531 4038 Σαμψατινῆ
1586 3966 1879 4039 Σφαχανῆ
1933 3970 2039 4025 τοῦ

655 4063 915 4131 Πέρσου,
935 4060 1085 4130 πρὸς
1109 4061 1216 4116 τὸν
1238 4062 1514 4131 μοναχὸν
1534 4061 1846 4117 Μελέτιον.

534 4158 640 4221 Εἰς
684 4155 752 4209 τὸ
789 4153 979 4222 ὄνομα
1031 4154 1139 4209 τοῦ
1203 4153 1354 4209 Θεοῦ
1402 4153 1509 4209 τοῦ
1572 4155 1907 4225 ἐλεήμονος
1942 4155 2043 4209 real

452 4230 804 4314 ἓλεοῦντος.

546 4340 798 4409 Ἀδελφὲ
841 4336 1213 4409 ἠταπημένε,
1246 4338 1460 4408 ὑγείαν
1504 4338 1605 4394 real
1648 4341 1901 4394 ἔπαινον
1942 4342 2044 4395 real

464 4431 658 4499 εὐχὴν
690 4430 791 4499 ἀφ’
814 4428 984 4500 ήμῶν
1001 4427 1122 4483 τῶν
1145 4428 1447 4484 ταπεινῶν
1474 4430 1596 4485 τῶν
1621 4429 1900 4499 ἀδελφῶν
1925 4446 2043 4487 σου

469 4522 542 4577 τὰ
563 4522 831 4587 δέξεσαι.
856 4521 958 4576 real
985 4521 1104 4589 τὴν
1122 4523 1421 4591 εὐθυμίαν
1449 4520 1529 4590 ἦν
1558 4522 1779 4591 ἔχομεν
1798 4523 1949 4592 πρὸς
1969 4524 2045 4579 σὲ

466 4618 543 4668 νὰ
575 4614 918 4683 καταλάϐῃς
932 4614 1172 4697 ⁹ἔξωθεν
1199 4612 1311 4683 τῆς
1337 4612 1589 4685 γραφῆς.
1619 4616 1709 4670 Na
1744 4617 2045 4686 γνωρίσῃς

2281 3970 2337 4025 Μ
2345 3971 2658 4026 usulmanus
2689 3971 2997 4040 Sampsates
3031 3967 3385 4039 Isphachanes
3419 3966 3599 4030 Persa,

2682 4065 2935 4119 monacho
2974 4061 3201 4116 Meletio.

2227 4156 2293 4210 In
2324 4160 2535 4212 nomine
2569 4157 2662 4212 Dei
2688 4154 3044 4211 misericordis
3076 4164 3123 4207 et
3159 4154 3601 4206 commiserantis.

2225 4345 2412 4400 Frater
2445 4343 2653 4410 dilecte,
2710 4343 2949 4419 salutem.
2974 4349 3024 4396 et
3070 4340 3285 4395 laudem
3324 4348 3373 4393 et
3404 4341 3732 4394 intercessio-

2154 4459 2269 4498 nem
2318 4459 2350 4496 a
2391 4442 2536 4496 nobis
2579 4439 2831 4511 fratribus
2862 4439 2964 4492 tuis
2986 4435 3295 4491 humillimis
3326 4435 3576 4504 suscipito
3616 4449 3634 4487 :
3679 4443 3735 4487 at

2154 4535 2319 4589 animi
2351 4534 2518 4588 nostri
2550 4531 2983 4595 benevolentiam,
3016 4545 3122 4599 qua
3158 4528 3213 4581 in
3250 4536 3299 4579 to
3330 4528 3499 4596 aﬁ'ecti
3528 4541 3732 4590 sumus,

2152 4628 2313 4682 etiam
2347 4627 2461 4681 sine
2488 4625 2697 4695 scriptis
2738 4623 3113 4695 deprehendes.
3161 4620 3309 4676 Scire
3341 4629 3517 4673 tamen
3566 4629 3615 4673 te
3650 4635 3736 4673 ve-

467 4704 556 4758 ὅτι
589 4705 704 4774 ἐγὼ
754 4707 787 4760 ό
819 4703 1087 4774 ἀδελφός
1116 4720 1235 4760 σου
1268 4708 1302 4760 d
1340 4706 1623 4771 ταπεινὸς
1654 4706 1753 4759 real
1789 4706 2042 4775 εὐτελής

2155 4718 2269 4780 lim,
2313 4717 2451 4788 quod
2498 4731 2591 4787 ego
2628 4714 2797 4785 frater
2845 4723 2964 4768 tuus
2994 4712 3209 4767 humilis
3254 4719 3303 4765 et
3336 4710 3508 4771 exilis,
3544 4726 3738 4781 oppor-

461 4802 495 4856 ἕ
548 4819 582 4855 υ
629 4802 841 4870 καιρὸν
883 4799 974 4857 ὅτι
1018 4802 1356 4865 καᾶλαόον
1403 4806 1493 4869 εἰς
1537 4802 1657 4872 τὴν
1694 4803 1894 4871 χώραν
1935 4805 2043 4859 τοῦ

464 4893 728 4963 μεγάλου
762 4893 984 4963 άμηρᾶ,
1027 4896 1060 4948 ὀ
1096 4893 1238 4960 Θεὸς
1266 4894 1370 4947 ἵνα
1400 4893 1636 4962 αὐξάνῃ
1667 4895 1784 4963 τὴν
1823 4895 2045 4950 δικαιο-

466 4987 669 5053 σύνην
688 4984 818 5039 τοῦ.
840 4972 1178 5052 Γινώσκεις
1200 4983 1382 5050 καλὰ,
1414 4985 1506 5039 ὅτι
1537 4990 1569 5040 ό
1594 4982 1681 5052 εἷς
1709 4987 1815 5040 τὸν
1849 4986 2046 5041 ἄλλον

465 5080 648 5134 οὐδὲν
682 5077 865 5142 εἶδεν,
908 5079 1037 5149 deti}
1069 5079 1261 5134 πάλιν
1306 5079 1419 5133 τὸν
1461 5080 1716 5136 ἔπαινόν
1757 5096 1898 5145 σου,
1944 5081 2044 5134 real

465 5177 571 5229 τὸν
606 5175 794 5243 λόγον
831 5191 960 5237 του,
993 5174 1095 5228 καὶ
1142 5173 1259 5241 τὴν
1289 5172 1521 5241 γνῶσίν
1558 5190 1697 5236 σου,
1729 5174 1850 5229 ἀπὸ
1900 5173 2043 5241 τοὺς

465 5267 767 5337 ἀδελφοὺς
793 5266 892 5345 real
909 5250 1150 5335 φίλους.
1180 5265 1289 5333 οὓς
1311 5267 1470 5336 ἔχεις
1493 5267 1771 5328 ἐνταῦθα,
1801 5266 2041 5328 ἔμαθον.

467 5361 575 5415 Kal
606 5363 801 5428 τόσην
833 5357 1080 5428 ἀγάπην
1105 5359 1292 5426 ἔχουν
1325 5359 1479 5427 πρὸς
1504 5359 1599 5423 σὲ,
1639 5359 1728 5413 ὅτι
1754 5358 2044 5419 οὐδέποτέ

468 5469 539 5521 με
565 5451 865 5517 βλέπουν,
896 5451 998 5504 ἵνα
1042 5448 1226 5503 οὐδέν
1253 5468 1325 5517 με
1372 5451 1769 5519 παρακαλοῦν
1814 5451 1912 5505 διὰ
1949 5452 2047 5518 σὲ,

468 5547 555 5611 εις
581 5544 648 5598 τὸ
682 5543 761 5597 να
791 5541 1199 5611 παρακαλέσαι
1230 5544 1341 5599 τὸν
1389 5543 1629 5613 ἁμηρᾶν
1659 5544 1737 5598 νὰ
1761 5544 1837 5598 σὲ
1869 5561 2048 5599 κατα·

472 5636 693 5707 στήσῃ.
732 5636 984 5691 Βλέπων
1011 5631 1127 5693 οὖν
1158 5636 1410 5697 τούτους
1451 5636 1803 5707 πάσχοντας
1835 5638 2046 5708 οὕτως,

544 5802 561 5832 ι
594 5798 762 5871 Apoc.
786 5814 852 5877 ⁶ιι,
876 5797 931 5861 9,

2151 4817 2279 4863 tuna
2321 4816 2556 4877 tempore
2580 4808 2638 4860 in
2670 4807 2937 4876 regionem
2963 4805 3145 4875 magni
3180 4806 3383 4858 Amura
3438 4804 3610 4873 (cujus
3643 4804 3737 4873 ju-

2147 4903 2351 4956 stitiam
2382 4908 2438 4953 ut
2474 4898 2615 4953 Deus
2638 4908 2829 4968 augeat
2857 4898 3138 4966 imprecor)
3167 4895 3373 4951 delatus
3406 4911 3545 4956 sum.
3579 4912 3735 4966 quem

2148 5005 2197 5048 et
2222 4997 2331 5063 ipse
2357 4993 2495 5048 nosti
2525 4992 2778 5045 nimirum
2804 4989 2939 5044 nihil-
2959 4988 3180 5058 perinde
3210 4997 3369 5059 atque
3405 4987 3589 5042 laudes
3617 4998 3737 5040 tua:

2149 5088 2427 5157 respicere.
2464 5084 2599 5140 Vitee
2632 5099 2750 5138 vero
2786 5092 2890 5135 tua:
2939 5083 3200 5136 rationem
3237 5091 3288 5135 et
3323 5083 3639 5136 sententiam
3670 5082 3734 5135 ub

2155 5180 2337 5234 amicis
2403 5187 2451 5233 et
2503 5178 2759 5248 fratribus
2809 5190 2939 5245 quos
2990 5175 3071 5228 hic
3129 5174 3308 5240 habes,
3361 5174 3598 5243 cognovi,
3647 5172 3737 5242 qui

2154 5281 2302 5325 tanto
2332 5271 2410 5325 tui
2438 5284 2620 5324 amore
2650 5277 2916 5332 tenentur,
2943 5276 3001 5320 ut
3044 5282 3318 5336 nunquam
3367 5282 3459 5320 nos
3487 5266 3735 5330 viderint,

2154 5364 2282 5431 quin
2310 5362 2408 5415 hoc
2438 5377 2468 5414 a
2498 5375 2581 5413 me
2618 5346 2936 5413 contendant
2965 5368 3056 5411 tuo
3096 5358 3328 5420 nomine,
3364 5368 3419 5411 ut
3456 5359 3746 5419 Amuram,

2154 5473 2256 5526 quo
2297 5466 2344 5511 te
2382 5457 2646 5519 restituat,
2692 5454 2901 5522 precari
2928 5451 3106 5507 velim.
3144 5451 3272 5506 Illos
3322 5452 3485 5523 igitur
3532 5451 3609 5502 sic
3654 5450 3738 5515 af-

2156 5551 2312 5619 fectos
2338 5550 2537 5610 videns,
2581 5547 2742 5601 etiam
2768 5547 2899 5617 ipse,
2931 5544 3048 5599 licet
3079 5546 3206 5599 mihi
3237 5545 3448 5615 ignotus
3475 5544 3566 5606 sis,
3609 5556 3733 5591 con-

2156 5637 2328 5703 doleo,
2367 5637 2630 5702 Deumque
2657 5652 2748 5690 ceu
2792 5643 3033 5705 peccawr
3058 5652 3171 5700 oro,
3196 5643 3252 5687 ut
3291 5634 3340 5686 te
3366 5650 3398 5688 a
3434 5631 3656 5685 tenebris
3689 5638 3735 5681 et
