4056 6476
325 353 432 414 375

1523 352 1842 411 ,ΙΟᾹΝΝΙΞ
1878 353 2403 414 ΕΛΝΤΛΟΗΖΕΝΙ

3469 352 3577 415 376

322 467 637 538 perditimae,
672 467 723 519 in
754 482 915 536 quam
949 465 1201 531 incidisti,
1247 474 1534 520 convertat.
1564 466 1706 530 Quin
1740 468 1899 518 etiam

2021 470 2311 541 ῖυποῦμαι
2348 470 2445 521 καὶ
2486 468 2599 537 ἐγὼ
2633 469 2786 521 ὀποῦ
2822 466 3003 521 οὐδέν
3029 483 3104 521 σε
3146 467 3436 537 γινώσκω.
3468 468 3577 522 Kal

326 568 376 612 te
407 558 641 623 obsecro,
672 558 936 626 resipisce,
980 558 1152 625 plora,
1190 574 1334 627 geme
1381 576 1397 611 :
1441 558 1578 611 Deus
1622 560 1761 611 enim
1805 560 1901 610 mi-

322 653 547 703 sericors
576 658 671 704 est.
711 642 981 720 Inlelligt’s
1024 650 1182 703 etiam
1226 659 1276 703 te
1302 666 1404 703 non
1433 651 1603 703 solum
1637 651 1731 703 hoc
1759 649 1901 703 malo

326 743 667 807 laboravisse,
706 759 885 796 verum
917 752 965 796 et
999 745 1167 796 sancti
1199 754 1247 797 et
1276 745 1538 813 propheta:
1565 743 1763 812 aliique
1802 744 1901 799 viri

326 834 508 903 niayui
554 842 602 886 et
642 836 870 904 insignes
923 833 1088 887 Deum
1135 834 1457 902 fefellerunt,
1501 835 1686 902 quibus
1727 844 1902 890 tamen

326 932 539 988 peccata
572 924 638 977 ab
672 924 768 978 illo
792 925 1007 978 remissa
1039 935 1178 989 sunt,
1204 924 1640 994 quemadmodum
1682 926 1790 994 ipse
1815 941 1903 978 ore

326 1031 423 1067 sua
448 1025 630 1069 saneto
678 1024 924 1078 testatur,
969 1016 1145 1069 dicens
1175 1033 1191 1070 :
1227 1035 1244 1066 ι
1283 1013 1512 1070 Paratus
1543 1026 1591 1071 et
1628 1025 1902 1086 promptus

327 1122 444 1159 sum
499 1114 557 1159 ut
592 1108 977 1173 resipiscentem
1022 1108 1332 1177 suscipiam.
1365 1127 1384 1160 ι
1412 1107 1549 1173 Quin
1577 1118 1625 1162 et
1650 1110 1904 1178 propheta

328 1213 448 1255 cum
485 1196 591 1250 Deo
613 1199 667 1251 in
695 1199 806 1251 lucc
831 1199 984 1254 verba
1015 1201 1268 1253 consentit
1297 1215 1317 1253 :
1355 1219 1373 1251 ι
1407 1198 1465 1254 Si
1487 1203 1604 1270 quis
1634 1202 1904 1271 resipuerit

328 1289 486 1342 abiis
537 1288 721 1358 quibus
768 1288 930 1343 Deum
975 1289 1184 1360 fefellit,
1225 1307 1319 1359 pro
1374 1291 1578 1345 insonte
1603 1300 1652 1344 et
1682 1293 1905 1347 immuni

329 1397 361 1431 α
387 1389 602 1449 peccato
628 1380 920 1435 habebitur.
964 1400 980 1429 δ
1022 1379 1174 1446 Quod
1203 1384 1248 1435 si
1277 1384 1440 1451 igitur
1469 1394 1515 1437 et
1550 1393 1603 1436 tu
1631 1400 1722 1436 ceu
1752 1385 1905 1438 homo

331 1472 507 1538 lapsus
561 1487 634 1536 es,
683 1474 803 1527 novi
859 1472 989 1527 nihil
1040 1474 1267 1539 accidit;
1302 1476 1542 1544 resipisce
1593 1485 1821 1539 tantum,
1857 1485 1905 1527 et

331 1562 451 1618 lava
493 1580 582 1619 cor
607 1573 775 1631 tuum,
810 1575 868 1618 ut
902 1566 1037 1619 Deus
1077 1566 1172 1618 ille
1222 1567 1518 1622 misericors
1567 1577 1615 1621 te
1664 1571 1904 1638 recipiat.

332 1656 389 1709 Si
449 1655 587 1708 enim
645 1672 748 1709 non
805 1666 1040 1725 peccaret
1087 1658 1260 1741 homo,
1323 1676 1550 1727 quonam
1600 1669 1908 1728 argumento

336 1746 500 1801 Deum
536 1749 925 1803 misericordem
969 1765 1078 1805 esse
1125 1760 1173 1805 et
1216 1753 1362 1806 nobis
1412 1753 1689 1806 condolere
1726 1754 1911 1824 depre-

331 1838 615 1903 henderes?
646 1841 861 1896 Littera:
900 1852 1062 1906 certe,
1086 1859 1218 1912 quas
1256 1845 1535 1913 scripsisti,
1588 1848 1689 1898 huc
1736 1857 1911 1903 trans-

334 1932 522 1992 missis,
585 1949 924 2003 nequaquam
954 1936 1239 1989 eruditioni
1270 1946 1316 1988 et
1355 1938 1541 1990 honori
1569 1945 1658 1989 tuo
1690 1937 1911 2006 pristino

332 2026 735 2094 respondebant.
782 2028 1146 2082 Verumtamen
1184 2028 1377 2097 affectu
1426 2028 1684 2098 impulsus
1714 2030 1808 2081 hoc
1839 2028 1907 2097 fe-

334 2117 471 2181 cisti,
528 2127 578 2170 et
625 2120 933 2190 prophetam
989 2122 1291 2175 accusando
1329 2121 1505 2185 illum,
1537 2129 1594 2173 ut
1635 2123 1792 2187 nosti,
1824 2138 1914 2174 ca-

335 2210 643 2264 lumniatus'
670 2227 738 2265 es.
783 2211 967 2266 Nonne
1019 2212 1355 2282 Scripturam
1389 2214 1523 2266 nosti
1560 2229 1676 2281 qua
1728 2230 1759 2265 a
1808 2211 1914 2265 Deo

334 2316 427 2369 per
452 2303 761 2370 prophetam
790 2303 929 2357 dicta
960 2312 1055 2367 est,
1100 2323 1118 2354 ι
1155 2302 1346 2358 Omnia
1377 2312 1589 2373 propter
1633 2312 1682 2358 te
1719 2304 1833 2373 feci,
1865 2318 1914 2360 et

332 2404 385 2446 te
421 2390 636 2461 propter
668 2409 749 2446 me
770 2394 795 2445 ?
819 2412 838 2443 ι
869 2392 972 2447 Sed
1008 2393 1178 2447 Deum
1204 2410 1315 2457 oro,
1352 2410 1416 2447 ne
1463 2405 1513 2448 te
1544 2413 1684 2451 mors
1726 2415 1917 2469 appre-

333 2485 532 2539 hendat
577 2488 634 2539 in
680 2487 1049 2553 perditionem.
1106 2485 1205 2540 Dic
1236 2495 1434 2553 tamen,
1475 2506 1566 2558 per
1612 2491 1781 2546 Deum
1823 2491 1913 2544 ob-

337 2584 519 2640 testor,
564 2576 818 2644 quidnam
866 2578 987 2631 boui
1022 2577 1116 2631 tibi
1170 2579 1313 2647 apud
1363 2579 1692 2636 Christianos
1740 2582 1918 2635 videre

338 2668 526 2721 licuit?
573 2667 955 2738 Imaginantur
1011 2669 1150 2723 enim
1194 2670 1294 2728 sibi
1347 2674 1516 2742 specie
1560 2674 1721 2742 falsa,
1779 2673 1917 2743 quod

336 2757 606 2812 Christum
628 2757 799 2827 gloria
822 2760 1098 2824 extollant,
1121 2776 1239 2813 cum
1257 2762 1314 2814 in
1339 2764 1574 2816 eumdem
1588 2765 1691 2817 sint
1706 2764 1916 2832 injurii,

334 2850 567 2904 dicentes
594 2851 729 2904 hunc
755 2860 803 2903 et
825 2850 996 2905 Deum
1023 2868 1152 2919 esse,
1193 2862 1243 2907 et
1284 2853 1384 2908 Dei
1410 2854 1625 2910 Filium.
1657 2855 1919 2925 Confude-

334 2952 462 2996 runt
494 2942 635 2996 viam
676 2933 877 3006 ueram,
914 2952 960 2996 et
982 2945 1083 2998 hac
1104 2944 1337 3014 neglecta
1369 2948 1669 3001 ceciderunt
1694 2949 1747 3001 in
1780 2965 1921 3002 mor-

338 3032 461 3092 bum
492 3032 839 3088 incurabilem
891 3035 1007 3088 Non
1048 3045 1224 3093 tamen
1254 3040 1422 3102 decet,
1453 3047 1511 3092 ut
1548 3039 1919 3093 Musulmanus

2003 562 2331 629 παρακαλῶ
2372 562 2478 614 τὸν
2514 560 2680 622 Θεὸν,
2714 561 2795 624 ὡς
2826 560 3195 627 ἁμαρτωλὸς,
3226 560 3326 612 ἳνα
3350 576 3424 613 σε
3455 555 3580 611 ἐπι-

2002 652 2237 720 στρέψῃ
2287 654 2405 706 ἀπὸ
2451 653 2515 704 τὸ
2555 654 2777 716 σκότος
2832 650 2932 704 καὶ
2997 650 3112 718 τὴν
3153 651 3459 705 ἀπώλειαν
3499 649 3582 717 ἣν

2002 746 2317 810 ἐποίησας.
2356 745 2459 798 Kal
2490 725 2817 810 παρακαλῶ
2841 761 2935 808 σε,
2962 745 3367 810 μετανόησον,
3393 741 3582 797 κλαῦ-

2002 852 2138 899 σον,
2176 837 2498 901 στέναξον,
2525 836 2615 889 ὅτι
2642 840 2674 889 6
2716 837 2862 899 Θεὸς
2886 836 3161 905 ἐλεήμων
3184 836 3336 889 ἐστι.
3363 837 3450 889 Νὰ
3475 837 3585 903 ὴεη

2002 930 2206 996 εὐρης,
2249 929 2337 981 ὅτι
2387 928 2454 981 τὸ
2494 928 2685 981 κακὸν
2724 926 2891 989 αὐτὸ,
2924 926 3199 1000 οὺὸὲνῆτὸ
3221 926 3440 991 ἔπαθες
3466 928 3582 981 ὲσὺ

1998 1022 2188 1088 μόνος
2209 1061 2222 1081 ,
2253 1021 2412 1074 ἀλλὰ
2449 1019 2549 1075 καὶ
2591 1020 2763 1087 ἅγιοι,
2783 1020 2892 1090 ριαὶ
2924 1018 3243 1087 προφῆται,
3278 1020 3377 1072 καὶ
3407 1019 3585 1072 ἄλλοι

1999 1110 2247 1178 μεγάλοι
2274 1111 2573 1178 ἅνθρωποι
2595 1111 2882 1178 ἔσφηλαν
2916 1111 3025 1162 τὸν
3048 1110 3217 1163 Θεόν.
3253 1110 3362 1163 Kal
3396 1108 3588 1163 πάλιν

2006 1203 2437 1270 συνεχώρησεν
2470 1204 2698 1269 αὐτοῖς,
2731 1202 2926 1268 καθὼς
2954 1201 3117 1271 λέγει
3146 1202 3246 1254 καὶ
3281 1206 3313 1255 6
3344 1204 3483 1266 Θεὸς
3512 1202 3588 1267 μὲ

2006 1292 2073 1344 τὸ
2099 1294 2294 1361 στόμα
2321 1292 2507 1347 αὐτοῦ
2538 1293 2604 1346 τὸ
2635 1292 2828 1361 ἅγιον·
2873 1311 2891 1343 ι
2927 1293 3207 1360 ’Ἑτοιμός
3241 1294 3358 1360 εἶμι
3387 1291 3464 1344 ra
3493 1290 3586 1343 δέ·

2007 1384 2192 1452 ξωμαι
2221 1385 2327 1438 τὸν
2343 1386 2808 1453 μετανοοῦντα.›
2850 1383 3051 1443 Ἱσάζει
3084 1386 3182 1440 καὶ
3216 1388 3250 1438 6
3274 1384 3584 1452 προφήτης

2003 1475 2155 1543 μετὰ
2185 1475 2292 1529 τοῦ
2316 1475 2484 1541 Θεοῦ,
2517 1475 2614 1529 καὶ
2639 1476 2825 1545 λέγει,
2854 1495 2872 1527 ι
2909 1475 2981 1531 El
3002 1492 3094 1541 τις
3116 1475 3481 1544 μετανοήσει
3503 1476 3588 1538 εἰς

2008 1567 2080 1619 τὰ
2126 1566 2360 1635 ἔσφαλε
2405 1568 2512 1621 τὸν
2557 1568 2726 1630 Θεὸν,
2766 1567 2847 1630 ὡς
2879 1565 3298 1635 ἁναμάρτητός
3328 1565 3517 1618 ἐστιν.
3561 1581 3582 1613 ι

2024 1660 2160 1712 Ἐὰν
2190 1659 2340 1727 γοῦν
2366 1659 2641 1728 ἔσφαλες
2677 1658 2776 1711 καὶ
2816 1657 2898 1713 σὺ
2923 1658 3003 1723 ὡς
3033 1656 3342 1724 ἄνθρωπος
3361 1695 3375 1719 ,
3408 1653 3591 1708 οὐδὲν

2016 1750 2216 1813 ξένον.
2249 1749 2429 1805 Ἀλλὰ
2447 1749 2637 1803 πάλιν
2657 1750 3062 1817 μετανόησον,
3093 1748 3188 1800 καὶ
3218 1738 3454 1801 πλῦνον
3474 1746 3591 1812 τὴν

2017 1840 2270 1906 καρδίαν
2336 1857 2485 1904 σου,
2560 1838 2719 1904 ὅπως
2785 1839 2860 1892 σὲ
2922 1838 3170 1904 δέξηται
3228 1839 3260 1890 6
3321 1834 3465 1900 Θεὸς
3511 1834 3592 1899 ώς

2013 1932 2461 1997 εῦσπλαγχνος.
2501 1928 2641 1985 Ἐὰν
2662 1931 2774 1996 γὰρ
2803 1927 2987 1981 οὐδὲν
3018 1926 3284 1996 ἥμαρτεν
3310 1927 3342 1978 6
3374 1922 3598 1989 ἀνθρω-

2014 2034 2150 2087 πος,
2183 2018 2308 2085 πῶς
2332 2019 2633 2088 ήθέλαμεν
2660 2019 2961 2088 ήξεύρειν,
2996 2018 3087 2071 ὅτι
3115 2021 3147 2071 6
3181 2016 3326 2081 Θεὸς
3356 2029 3595 2083 συμπα-

2016 2114 2127 2181 θής
2164 2112 2368 2175 iactr;
2413 2110 2691 2176 Ἀλήθεια
2732 2109 2840 2177 τὰς
2886 2109 3119 2177 γραφὰς
3173 2106 3282 2172 τὰς
3329 2105 3599 2173 ἔγραψας

2018 2210 2119 2264 καὶ
2169 2208 2557 2271 ἀπέστειλας,
2594 2205 2776 2259 οὐδὲν
2820 2202 2985 2271 ἦσαν
3022 2203 3172 2270 πρὸς
3215 2199 3331 2265 τὴν
3363 2198 3601 2267 ,γνῶσίν

2017 2315 2157 2364 σου,
2185 2298 2325 2353 ἀλλ’
2355 2297 2495 2352 οὐδὲ
2524 2299 2612 2362 εις
2633 2296 2747 2362 τὴν
2771 2294 2951 2363 τιμήν
2967 2309 3108 2347 σου.
3133 2294 3329 2361 Ὅμως
3355 2289 3451 2343 διὰ
3480 2289 3602 2355 ὄρε-

2019 2392 2119 2458 ξιν
2147 2392 2213 2447 τὸ
2250 2391 2566 2458 ἐποίησας,
2602 2392 2699 2442 καὶ
2732 2388 3186 2454 ἐκατηγόρησας
3234 2383 3343 2436 τὸν
3374 2380 3603 2449 προφή-

2020 2501 2153 2551 την,
2191 2482 2294 2537 καὶ
2338 2481 2613 2547 διέϐαλες
2650 2480 2857 2541 αὑτὸν,
2895 2479 2977 2544 ὡς
3009 2478 3108 2531 καὶ
3142 2476 3225 2531 σὺ
3266 2475 3599 2545 γινώσκεις.

2022 2573 2147 2628 Οὐκ
2176 2573 2346 2639 οἶδας
2388 2573 2505 2641 τὴν
2531 2572 2789 2640 Γραφὴν
2819 2570 2935 2637 τὴν
2964 2568 3272 2637 λέγουσαν
3303 2568 3463 2633 παρὰ
3495 2564 3604 2618 τοῦ

2021 2669 2170 2723 Θεοῦ
2203 2667 2300 2720 διὰ
2328 2666 2435 2720 τὸν
2449 2664 2788 2734 προφήτην,
2817 2664 2906 2717 ὅτι
2942 2681 2960 2713 ι
2991 2661 3194 2714 Πάντα
3210 2660 3472 2726 ἐποίησα
3507 2656 3603 2710 διὰ

2019 2766 2117 2825 σὲ,
2159 2762 2257 2815 καὶ
2285 2760 2361 2814 σέ
2393 2758 2469 2813 δι’
2507 2757 2631 2828 ἐμέ.
2666 2775 2685 2809 ι
2716 2756 2978 2825 Εὔχομαι
3004 2752 3084 2817 τῷ
3115 2752 3255 2817 Θεῷ,
3294 2753 3395 2805 ἵνα
3426 2749 3606 2804 οὐδέν

2021 2870 2096 2909 σε
2145 2854 2290 2921 εὕρῃ
2338 2853 2370 2905 6
2417 2850 2672 2913 θάνατος
2723 2851 2811 2913 εὶς
2841 2846 2955 2913 τὴν
2983 2844 3314 2900 ἀπώλειαν.
3345 2841 3448 2895 Διά
3498 2841 3606 2894 τὸν

1980 2966 1985 2973 ·
2025 2947 2177 3001 Θεὸν
2205 2944 2336 2998 εἰπέ
2365 2959 2492 3011 μοι,
2518 2942 2576 2994 τί
2605 2941 2833 3010 ἀγαθὸν
2857 2934 3019 3003 εἶδος
3048 2940 3135 3002 εὶς
3167 2936 3306 3002 τοὺς
3336 2937 3606 3019 Χριστια-

2022 3042 2206 3105 νούς;
2239 3037 2638 3109 φαντάζονται
2676 3034 2787 3104 γὰρ
2828 3035 2916 3088 ὅτι
2961 3032 3281 3098 δοξάζουσι
3331 3031 3441 3085 τὸν
3472 3032 3606 3098 Χρι-

339 3126 662 3183 orthodoxus
706 3143 792 3180 eos
815 3127 1083 3193 devoveat,
1111 3129 1201 3183 sed
1224 3139 1281 3182 ut
1315 3132 1488 3200 potius
1518 3141 1629 3186 oret
1660 3148 1755 3201 pro
1785 3132 1915 3196 illis,

2025 3133 2199 3197 στὸν,
2243 3131 2343 3185 καὶ
2394 3129 2567 3184 αὐτοὶ
2621 3122 2900 3195 ὐϐρίζουν
2948 3126 3059 3179 τὸν
3100 3124 3199 3178 καὶ
3242 3123 3468 3192 λέγουν
3520 3121 3607 3175 ὅτι

334 3212 494 3286 juxta
548 3215 648 3268 Dei
691 3225 740 3267 et
779 3218 1044 3287 propheta:
1094 3222 1430 3276 sententiam.
1464 3220 1666 3276 Rursus
1707 3237 1828 3275 vero
1873 3231 1936 3275 te-

339 3305 608 3377 interrogo
636 3322 657 3361 :
688 3306 849 3374 Quid,
888 3325 1083 3377 quaso,
1137 3310 1316 3365 vidisti
1364 3313 1502 3380 quod
1565 3314 1806 3367 seductus
1849 3327 1921 3373 es,

341 3408 392 3459 et
418 3401 470 3453 in
493 3397 709 3453 illorum
727 3399 888 3467 ﬁdem
921 3405 1266 3457 consensisti?
1298 3403 1494 3458 Dicunt
1522 3421 1578 3458 se
1612 3416 1716 3458 tres
1742 3421 1922 3475 perso-

347 3508 447 3545 nas
462 3492 716 3555 adorare,
744 3491 975 3558 Putrem,
1003 3493 1230 3552 Matrem
1253 3506 1302 3549 et
1321 3496 1545 3553 Filium.
1573 3486 1699 3562 Quis
1718 3501 1813 3552 hoc
1826 3514 1924 3551 uu-

344 3600 507 3653 quam
526 3583 695 3639 uidit?
719 3586 834 3653 quis
862 3586 1057 3641 audivit
1076 3589 1100 3641 ?
1122 3590 1298 3658 qualis
1323 3591 1573 3660 prepheta
1594 3593 1689 3645 hoc
1712 3592 1929 3643 docuit?

346 3684 441 3728 aut
478 3675 563 3729 cui
604 3692 837 3746 unquam
872 3690 1178 3735 sanctorum
1220 3699 1313 3751 per
1353 3683 1603 3737 visionem
1640 3687 1927 3737 revelatum

344 3767 464 3828 est?
497 3765 621 3832 Qui,
660 3775 718 3820 ut
747 3769 1065 3833 audivimus,
1099 3773 1153 3825 in
1182 3772 1359 3842 plures
1396 3782 1573 3842 partes
1591 3773 1745 3826 divisi
1779 3782 1924 3835 sunt,

344 3859 625 3928 dicuntque
671 3859 765 3913 alii
807 3861 1019 3931 quidem
1061 3861 1183 3915 deos
1222 3879 1331 3917 esse
1386 3862 1602 3925 multos,
1655 3865 1751 3917 alii
1809 3880 1930 3919 vero

347 3951 622 4020 pauciores
658 3968 675 4005 :
715 3960 764 4004 et
794 3953 857 4005 de
913 3954 1011 4007 hoc
1055 3955 1287 4025 quotidie
1329 3955 1621 4024 disceptare
1656 3955 1824 4010 solent
1882 3968 1928 4010 et

346 4045 682 4099 contendere.
717 4046 799 4097 An
831 4045 911 4100 uel
941 4063 1007 4101 ex
1043 4047 1120 4101 his
1159 4063 1244 4101 eos
1277 4063 1547 4117 nunquam
1585 4049 1931 4101 condemnare

350 4136 615 4203 potuisti?
651 4134 739 4190 Va:
778 4139 967 4191 horum
1019 4139 1380 4209 impudentia,
1425 4154 1503 4194 ua:
1537 4140 1724 4193 horum
1758 4141 1934 4194 stulti-

351 4229 458 4287 tiae.
491 4227 708 4282 Deserto
735 4230 874 4283 enim
911 4240 959 4283 et
1004 4230 1183 4284 relicto
1232 4230 1342 4285 Deo
1378 4232 1645 4286 conditore
1673 4234 1926 4299 omnium,

351 4321 474 4376 deos
504 4320 681 4391 plures
714 4322 912 4388 colunt,
947 4322 1316 4394 Christumque
1355 4340 1472 4377 cum
1507 4326 1575 4378 sit
1626 4340 1796 4380 sermo
1840 4325 1934 4379 Dei

351 4411 490 4481 falso
529 4414 837 4476 traducunt,
890 4414 1029 4483 quod
1070 4412 1261 4469 dixerit
1305 4431 1361 4469 se
1410 4413 1611 4469 Filium
1661 4415 1760 4470 Dei
1801 4432 1929 4470 esse.

352 4505 540 4561 Nonne
578 4506 717 4560 hunc
738 4505 913 4560 Judwi
956 4508 1416 4575 interrogaverunt
1459 4508 1709 4571 dicentes,
1762 4526 1780 4559 ι
1831 4508 1933 4562 Tu-

354 4614 422 4652 ne
459 4613 512 4651 es
538 4596 706 4652 Filius
735 4596 866 4650 Dei?
898 4614 917 4647 ι
957 4607 1004 4651 et
1036 4596 1263 4665 negavit,
1286 4598 1517 4666 dixitque
1544 4613 1562 4650 :
1604 4616 1622 4649 ι
1666 4596 1764 4652 Vos
1808 4599 1939 4653 dici-

351 4690 471 4743 tis.»
504 4688 870 4744 Verumtamen
910 4688 974 4743 ab
1018 4686 1289 4757 Adet/1(1)
1340 4703 1503 4756 usque
1532 4689 1585 4741 in
1611 4693 1704 4741 hoc
1735 4696 1936 4757 tempus

352 4781 606 4851 quidnam
651 4780 743 4834 tibi
788 4779 1059 4833 scribam?
1094 4779 1220 4848 quid
1266 4780 1630 4850 redarguam?
1671 4782 1796 4849 quid
1845 4783 1939 4835 do-

353 4874 538 4927 ceam?
576 4872 726 4938 Quod
773 4870 973 4926 scilicet
1007 4889 1141 4926 unus
1172 4874 1237 4926 sit
1285 4873 1444 4936 Deus,
1477 4881 1686 4927 creator
1726 4873 1843 4928 caeli
1885 4881 1935 4928 et

354 4977 512 5019 terra:
547 4981 564 5018 :
604 4965 1049 5034 quemadmodum
1089 4973 1137 5017 et
1188 4968 1296 5035 ipse
1336 4966 1470 5019 dixit
1508 4981 1526 5018 .'
1578 4984 1597 5016 ι
1656 4966 1769 5035 Ego
1814 4983 1933 5020 sum

355 5057 518 5120 Deus,
557 5066 605 5109 et
653 5066 944 5113 consortem
987 5057 1281 5111 divinitatis
1326 5073 1431 5122 non
1482 5056 1671 5112 habeo.
1729 5077 1749 5110 ι
1791 5057 1934 5115 Bene

362 5158 540 5201 tamen
568 5148 662 5199 hoc
684 5146 1146 5220 deprehendimus;
1166 5165 1269 5202 non
1289 5153 1447 5216 enim,
1472 5158 1726 5219 quantum
1753 5152 1933 5216 audio,

359 5239 504 5292 rudis
530 5247 579 5292 et
615 5239 855 5294 indoctus
886 5258 960 5303 es,
994 5243 1093 5295 nisi
1137 5243 1275 5310 quod
1320 5244 1553 5310 corporis
1598 5244 1674 5297 tui
1715 5255 1765 5298 te
1813 5247 1937 5300 vicit

358 5330 642 5399 cupiditas.
675 5330 827 5384 Nosti
870 5333 1145 5397 nimirum,
1192 5349 1263 5386 an
1307 5336 1530 5389 mundus
1560 5337 1841 5405 'principio
1888 5347 1935 5391 et

358 5420 656 5474 substantia
687 5422 912 5475 careat?
943 5429 991 5474 et
1022 5421 1283 5490 sufﬁciant
1319 5423 1446 5476 ha’e.
1487 5423 1811 5479 Prudentem
1854 5427 1938 5481 vel

362 5514 519 5568 unica
556 5513 783 5569 servabit
814 5514 1006 5569 oratio.
1052 5512 1119 5566 Et
1152 5515 1260 5572 hare
1306 5516 1515 5583 quidem
1565 5535 1659 5587 per
1707 5518 1937 5593 litteras,

432 5717 508 5788 (ι)
524 5718 703 5775 Locus
719 5717 1010 5783 obscurus,
1030 5718 1406 5783 librariorum,
1426 5731 1487 5775 ul.
1512 5722 1746 5782 videtur,
1772 5721 1926 5773 incu-

362 5786 450 5855 ris
475 5788 827 5874 depravatus.
868 5788 1096 5855 Videtur
1120 5800 1301 5846 autem
1325 5807 1423 5864 per
1454 5792 1611 5863 ‘Ea-Co,
1641 5790 1817 5847 Adclh
1852 5791 1934 5845 iu-

2027 3226 2172 3290 Θεός
2200 3226 2351 3288 ἐστι,
2376 3221 2477 3276 καὶ
2514 3221 2649 3286 Υἱὸς
2678 3217 2827 3272 Θεοῦ
2847 3233 2862 3248 ο
2887 3217 3170 3286 ἐχάωσαν
3191 3216 3308 3283 τὴν
3335 3213 3613 3285 assa-rp-

2023 3318 2350 3386 ἀληθινὴν,
2411 3314 2515 3369 καὶ
2566 3309 3025 3381 παραδέρνουν,
3071 3308 3171 3363 καὶ
3228 3306 3460 3361 ἔπεσον
3522 3306 3611 3370 εις

1971 3455 1975 3459 .
2015 3411 2262 3477 νόσημα
2285 3407 2555 3462 ἀνίατον.
2574 3405 2768 3459 Οὐδέν
2786 3402 2998 3471 πρέπει
3018 3397 3146 3466 οἶος
3172 3400 3264 3454 ένι
3288 3400 3612 3455 Μουσουλ-

2023 3501 2217 3571 μάνος
2259 3495 2604 3566 ὀρθόδοξος,
2646 3496 2748 3548 ἵνα
2791 3493 2934 3557 τοὺς
2971 3490 3320 3560 καταρᾶται,
3371 3487 3495 3557 ἀμὴ
3534 3487 3613 3540 rd

2026 3593 2170 3658 τοὺς
2218 3591 2481 3658 εὔχεται,
2517 3587 2713 3653 καθὼς
2741 3586 2808 3639 τὸ
2840 3585 3002 3653 λέγει
3034 3586 3067 3638 6
3108 3582 3252 3648 Θεὸς
3282 3582 3378 3634 καὶ
3411 3584 3445 3634 6
3474 3592 3621 3647 rtp0-.

2029 3684 2249 3754 φήτης.
2279 3682 2471 3736 Πάλιν
2489 3681 2558 3732 δέ
2579 3678 2734 3748 λέγω
2757 3693 2851 3741 σε,
2866 3677 2924 3730 τι
2942 3674 3117 3741 εἶδες,
3138 3674 3236 3729 καὶ
3259 3672 3612 3738 ἐπλανήθης

2030 3778 2127 3831 καὶ
2152 3773 2563 3839 ἐκοινώνησας
2586 3774 2673 3836 εις
2689 3770 2804 3838 τὴν
2829 3770 3041 3823 πίστιν
3059 3765 3294 3831 αὐτῶν;
3316 3765 3615 3833 Λέγουσιν

2032 3871 2120 3924 ὅτι
2147 3866 2566 3936 προσκυνοῦσι
2591 3865 2722 3931 τρία
2752 3862 3046 3927 πρόσωπα
3064 3901 3078 3924 ,
3107 3859 3339 3926 Πατέρα
3361 3857 3459 3912 καὶ
3486 3860 3610 3922 Μη-

2030 3965 2169 4030 τέρα
2197 3959 2293 4013 real
2328 3956 2485 4011 Υὶόν.
2522 3956 2615 4020 Τίς
2645 3954 2710 4007 τὸ
2750 3953 2931 4017 εἶδεν,
2962 3954 3002 4020 ἣ
3030 3953 3120 4018 τις
3153 3953 3218 4005 τὸ
3249 3951 3540 4021 ἤκουσεν.
3572 3947 3615 4017 ἢ

2033 4054 2202 4118 ποῖος
2229 4049 2544 4118 προφήτης
2569 4047 2637 4099 τὸ
2675 4044 2975 4109 ἐδίδαξεν,
3000 4044 3035 4110 ἢ
3070 4043 3242 4109 ποῖος
3264 4043 3431 4112 ἅγιος
3450 4042 3517 4095 τὸ
3539 4036 3619 4094 εῖ-

2032 4145 2133 4198 ὃεν
2165 4146 2251 4208 εὶς
2278 4140 2617 4201 ὀπτασίαν;
2649 4136 2850 4202 Καθὼς
2880 4137 2978 4191 καὶ
3008 4137 3331 4204 ἀκούομεν,
3370 4133 3459 4186 ὅτι
3486 4134 3619 4201 έμε-

2025 4236 2336 4305 ρίσθησαν
2381 4234 2469 4296 εις
2511 4228 2715 4283 πολλὰ
2761 4227 2936 4297 μέρη.
2987 4227 3094 4283 Καὶ
3139 4225 3365 4295 λέγουν
3414 4227 3469 4278 ot
3502 4221 3621 4293 μὲν

2034 4326 2308 4391 πολλοὺς
2344 4323 2541 4389 θεοὺς,
2569 4324 2625 4376 οἱ
2648 4321 2717 4375 δὲ
2739 4322 3004 4391 ὀλίγους.
3041 4321 3149 4375 Kal
3168 4320 3382 4376 ἕνεκεν
3402 4318 3622 4373 τούτου

2039 4421 2167 4486 καθ’
2192 4418 2463 4484 ἑκάστην
2493 4416 2725 4485 ἡμέραν
2751 4413 3137 4484 διαλέγονται
3161 4415 3259 4466 καὶ
3287 4413 3620 4476 κρίνονται.

2043 4512 2168 4566 Κᾶν
2192 4511 2313 4565 ἀπὸ
2343 4509 2563 4562 τούτου
2603 4508 2786 4561 οὐδὲν
2827 4508 2965 4572 τοὺς
2998 4502 3445 4571 κατεγνώσθης.
3476 4498 3621 4554 οὐαὶ

2035 4604 2151 4670 τὴν
2182 4599 2631 4667 ἀναισχυντίαν.
2652 4614 2790 4661 των,
2817 4597 2953 4651 οὐαὶ
2987 4596 3100 4661 τὴν
3121 4595 3509 4663 μωρία,ν.των,
3533 4592 3624 4644 ὅτι

2035 4695 2353 4753 ἀπέλυκαν
2403 4693 2513 4746 τὸν
2554 4693 2707 4747 Θεὸν
2750 4693 2844 4744 τὸν
2900 4689 3163 4757 ποιητὴν
3197 4686 3318 4740 τῶν
3356 4688 3619 4749 πάντων,

2036 4789 2135 4845 καὶ
2172 4786 2538 4855 λατρεύουσι
2572 4784 2773 4850 θεοὺς,
2802 4782 2901 4837 καὶ
2926 4781 3034 4836 τὸν
3063 4781 3323 4849 Χριστὸν
3353 4780 3506 4834 ὅπου
3531 4777 3625 4831 ἔνι

2036 4882 2220 4949 λόγος
2253 4876 2401 4933 Θεοῦ
2432 4877 2821 4939 διαϐάλλουν,
2853 4874 2941 4927 ὅτι
2965 4870 3136 4929 εἶπεν
3157 4874 3250 4929 ένι
3281 4873 3412 4939 Υἱὸς
3452 4874 3623 4926 Θεοῦ.

2043 4969 2235 5026 Οὐδέν
2256 4986 2360 5022 τον
2382 4967 2705 5037 ἠρώτησαν
2729 4968 2783 5020 οἱ
2817 4964 3102 5027 Ἰουδαῖοι,
3129 4964 3217 5017 ὅτι
3254 4982 3273 5015 ι
3307 4963 3391 5017 Σὺ
3420 4959 3479 5017 εἴ
3495 4960 3626 5027 Υἱὸς

2044 5062 2225 5128 Θεοῦ;
2267 5080 2286 5112 ι
2344 5061 2455 5115 Kal
2489 5059 2836 5129 ἠρνήσατο,
2877 5059 2975 5111 καὶ
3023 5053 3192 5112 εἶπεν
3230 5057 3320 5112 ὅτι
3364 5075 3384 5107 ι
3428 5052 3627 5124 Ὑμεῖς

2040 5156 2106 5210 τὸ
2133 5153 2353 5223 λέγετε,
2374 5154 2607 5221 ›,“Ομως
2628 5150 2730 5204 ἀπ’
2757 5148 2907 5203 Ἐδῶ
2927 5150 3038 5215 ἕως
3064 5147 3276 5212 αὐτοῦ,
3309 5147 3365 5200 τι
3380 5162 3455 5200 σε
3477 5144 3628 5200 θέλω

2040 5246 2314 5317 γράφειν,
2342 5246 2398 5298 τί
2423 5261 2495 5298 σε
2524 5243 2678 5298 θέλω
2708 5227 3150 5311 παρασέήσειν,
3180 5243 3238 5295 τί
3261 5257 3337 5293 σε
3361 5238 3515 5294 θέλω
3544 5237 3628 5290 δι-

2041 5339 2270 5403 δάξειν,
2303 5338 2391 5391 ὅτι
2426 5337 2518 5389 ἔνι
2548 5331 2633 5401 εἷς
2677 5338 2821 5400 Θεὸς
2864 5339 2896 5389 6
2936 5333 3200 5399 ποιήσας
3224 5340 3333 5386 τὸν
3364 5329 3627 5398 οἱῳανὸν

2044 5432 2141 5485 καὶ
2174 5429 2290 5489 τὴν
2312 5426 2446 5498 γῆν.
2474 5427 2677 5493 Καθὼς
2695 5423 2884 5490 εἶπεν,
2907 5426 2998 5479 ὅτι
3020 5426 3171 5493 Ἐγώ
3185 5427 3302 5493 ειμι
3329 5422 3494 5487 Θεὸς,
3526 5419 3627 5475 και

2045 5518 2230 5578 οὐδὲν
2257 5519 2377 5585 ligo)
2410 5517 2759 5586 σύντροφον
2790 5518 2877 5583 εἰς
2907 5515 3021 5582 τὴν
3054 5515 3322 5579 θεότητα.
3360 5507 3627 5577 Ἐξεύρο-

2034 5719 2387 5789 telligendus,
2432 5718 2835 5774 lsmaelilarum
2883 5717 3174 5787 propheta,
3201 5715 3290 5772 vel
3315 5712 3488 5784 Huth,
3517 5710 3619 5788 qui

2047 5788 2258 5860 primus
2290 5792 2690 5850 lsmaclitarum
2720 5788 2931 5845 litteras
2959 5789 3197 5861 didicit.3
