4056 6456
325 342 431 408 377

1284 356 1588 415 CONTRA
1634 356 2124 415 ΜΑΙΙΟΜΕΤΕΜ
2167 359 2544 419 APOLOGIA
2597 361 2638 422 Ι.

3485 357 3592 425 3⁸18

321 475 437 524 μεν
461 459 643 522 καλὰ,
675 459 760 514 ὅτι
796 461 973 516 οὐδὲν
1004 461 1147 532 ἧσαι
1180 465 1493 535 ἄγνωστος
1522 468 1621 520 καὶ
1652 467 1906 533 ἰδιώτης,

2022 469 2109 522 illa
2143 480 2320 526 autem
2355 475 2548 538 absque
2580 473 2767 527 litteris
2795 474 3042 527 nuntiata
3065 482 3208 528 sunt.
3237 471 3353 538 Qua
3388 474 3593 527 ratione

323 550 521 615 καθὼς
546 551 764 607 ἀκούω.
806 554 952 624 Ἀμὴ
989 556 1242 625 ἐνίκησέ
1261 576 1337 612 σε
1367 561 1404 627 ἡ
1439 560 1637 626 ὄρεξις
1664 559 1769 614 τοῦ
1792 558 1913 612 σώέ

320 642 510 707 ματός
532 656 670 698 σουι
713 646 1013 714 Ἐξεύρεις
1037 649 1217 717 καλὰ,
1247 654 1280 705 ὁ
1306 654 1537 721 κόσμος
1569 654 1915 708 ἀνυπόστα-

328 749 430 797 τος
462 733 572 798 ἔνι,
600 738 710 790 'ual
745 739 920 805 ἀρκεῖ
947 758 1046 796 σοι
1090 744 1201 813 ἕως
1251 744 1357 798 τοῦ
1384 748 1522 800 νῦν.
1566 748 1678 799 Τὸν
1706 749 1914 815 φρόνι-

322 837 442 888 μον
459 818 548 887 εἷς
567 825 753 893 λόγος
772 830 938 889 σώζει
962 833 1087 888 τόν.
1115 835 1219 889 Καὶ
1246 834 1563 905 ταῦταμὲν
1582 835 1912 906 ἐγγράφως,

329 912 608 983 ἀγράφως
655 916 724 970 δὲ
769 920 944 974 τάδε·
985 922 1076 976 ὅτι
1129 923 1253 991 πῶς
1287 924 1418 979 ἐστι
1464 924 1761 989 δυνατὸν,
1810 923 1916 977 τὸν

244 1004 249 1009 ’
334 1007 481 1059 Θεὸν
506 1007 640 1061 υἱὸν
669 1009 833 1077 ἔχειν
852 1012 1000 1067 ἄνευ
1028 1018 1356 1084 γυναικός;
1378 1017 1474 1070 καὶ
1500 1017 1671 1084 εἴπερ
1706 1021 1737 1070 ὁ
1758 1016 1913 1081 Θεὸς

331 1097 456 1165 ἔχει
491 1100 627 1152 υἱὸν
646 1142 660 1163 ,
689 1101 953 1158 δυνατόν
976 1107 1108 1159 ἐστι
1137 1108 1419 1174 γενέσθαι
1452 1110 1688 1178 σχίσμα
1715 1109 1915 1177 μέσον

332 1187 450 1240 τῶν
464 1188 594 1244 δύο.
619 1196 727 1246 Καὶ
754 1193 864 1261 ὅτι,
886 1193 1010 1262 πῶς
1030 1196 1161 1252 ἐστι
1180 1198 1446 1253 δυνατὸν
1471 1200 1621 1253 Θεὸν
1636 1201 1914 1270 γενέσθαι

334 1279 669 1348 ἄνθρωπον,
695 1284 791 1340 καὶ
820 1287 936 1339 τίνι
960 1292 1155 1357 τρόπῳ
1177 1289 1413 1360 ἐγένετο
1436 1293 1783 1358 ἅνθρωπος;
1806 1293 1915 1347 Καὶ

333 1372 444 1437 ὅτι,
480 1376 533 1428 ει
574 1373 655 1456 ἦν
690 1378 835 1445 Θεὸς
875 1383 907 1433 ὀ
949 1383 1224 1450 Χριστὸς,
1274 1386 1372 1437 καὶ
1422 1386 1570 1439 Θεοῦ
1606 1387 1760 1453 Υἱὸς,
1789 1384 1916 1452 πῶς

334 1466 444 1518 οὐκ
486 1467 686 1522 ἔσωσε
718 1471 1035 1541 ἄνθρωπον
1083 1477 1246 1543 ψιλῷ
1275 1475 1357 1541 τῷ
1402 1479 1582 1548 λόγῳ,
1630 1477 1914 1535 ἁλλ’ὥσ-

332 1571 441 1627 περ
482 1559 800 1615 ἀδυνατῶν
828 1564 1065 1634 ἐγένετο
1094 1567 1428 1637 ἄνθρωπος,
1457 1572 1555 1623 καὶ
1587 1571 1914 1648 ἀπέθανεν,

333 1648 435 1699 ἵνα
484 1649 657 1719 σώσῃ
694 1652 799 1711 τὸν
838 1655 1177 1724 ἄνθρωπον,
1223 1660 1304 1724 ὡς
1356 1664 1411 1714 οἱ
1447 1662 1789 1729 Χριστιανοὶ
1820 1662 1919 1718 λέ-

336 1756 509 1809 γουσι
530 1759 549 1806 ;
588 1741 699 1795 Καὶ
753 1746 879 1800 ἐπεὶ
924 1750 1067 1814 Θεὸς
1097 1730 1195 1820 ἦν,
1231 1750 1357 1817 πῶς
1397 1751 1620 1806 ἔπαθεν
1634 1770 1655 1818 ;
1688 1757 1768 1807 Οὐ
1806 1753 1916 1824 γὰρ

337 1828 560 1898 πάσχει
594 1834 757 1896 Bede.
797 1836 903 1889 Kal
943 1836 1031 1890 ὅτι
1074 1819 1129 1893 cl
1157 1842 1501 1907 Χριστιανοὶ
1541 1819 1917 1912 παραϐάντες
1945 1819 1992 1879 Β

336 1921 443 1974 τὸν
466 1926 788 1981 Μωσαϊκὸν
810 1930 1019 1998 νόμον,
1041 1930 1138 1984 καὶ
1161 1932 1258 1986 διὰ
1282 1934 1457 1989 τοῦτο
1479 1933 1634 2000 ἄξιοι
1659 1953 1914 2006 κατηγο-

335 2013 465 2080 ρίας
515 2017 971 2087 εὑρισκόμενοι,
1024 2021 1268 2092 μᾶλλον
1321 2027 1726 2096 κατηγοροῦσι
1773 2030 1916 2096 τοὺς

351 2106 855 2178 Μουσουλμάνους
882 2113 1193 2184 ἀποδοχῆς
1224 2116 1406 2184 ὄντας
1427 2119 1660 2186 ἀξίους.
1688 2122 1795 2175 Καὶ
1829 2121 1918 2178 ὅτι

344 2195 406 2248 τὸ
434 2198 538 2253 τοῦ
572 2202 822 2272 Μωάμεθ
847 2205 1035 2275 ὄνομα
1065 2210 1623 2281 καταγεγραμμένον
1643 2209 1720 2282 ἦν
1747 2197 1817 2267 ἐν
1836 2214 1917 2279 τῷ

338 2290 575 2361 [Icuth
594 2295 694 2348 καὶ
709 2297 781 2350 ἐν
796 2297 874 2364 τῷ
897 2303 943 2353 Ε
952 2302 1704 2374 ὺαγγελίῳ,ἐπαινέσαντος
1733 2308 1911 2363 τοῦτο

2015 564 2135 631 ﬁeri
2173 575 2367 636 potest,
2422 578 2476 619 ut
2522 566 2657 619 Deus
2713 566 2908 621 Filium
2944 567 3138 621 habeat
3181 567 3292 621 sine
3335 560 3594 619 muliere?

2016 657 2167 723 Quod
2204 660 2251 712 si
2300 659 2439 713 Deus
2492 658 2693 713 Filium
2724 659 2984 722 habuerit,
3022 659 3298 713 dissidium
3325 674 3455 713 sane
3488 658 3592 711 ali-

2014 750 2150 818 quod
2174 752 2310 803 inter
2339 752 2479 820 ipsos
2509 752 2642 805 oriri
2670 752 2882 816 poterit.
2915 750 3188 816 Quomodo
3208 752 3329 804 item
3353 749 3595 817 possibile

2014 852 2110 903 est,
2142 853 2197 898 ut
2232 844 2368 897 Deus
2394 846 2546 898 homo
2580 845 2718 912 ﬁat?
2750 843 2862 909 Quo
2902 828 3125 914 denique
3150 845 3301 898 modo
3331 846 3482 897 homo
3514 844 3591 912 {a-

2015 944 2128 989 ctus
2159 937 2276 989 est?
2320 936 2565 1005 Insuper,
2595 940 2640 989 si
2668 937 2907 991 Christus
2936 936 3076 990 Deus
3109 946 3247 993 erat.
3275 946 3321 991 et
3338 915 3448 988 ‘Dei
3494 934 3595 988 Fi-

2019 1028 2139 1093 lius,
2163 1045 2257 1082 cur
2284 1046 2385 1083 non
2410 1030 2671 1083 hominem
2706 1029 2845 1083 nudo
2875 1030 3026 1083 verbo
3053 1029 3312 1089 servavit,-
3330 1029 3421 1082 sed
3444 1028 3596 1098 quasi

2017 1121 2323 1190 impotentia
2347 1121 2625 1190 impeditus
2647 1122 2799 1176 homo
2832 1122 3002 1191 factus
3028 1131 3124 1187 est,
3154 1131 3200 1175 et
3227 1130 3464 1176 mortuus
3496 1131 3592 1186 est,

2019 1222 2075 1266 ut
2118 1213 2378 1265 hominem
2420 1210 2672 1273 saluaret,
2711 1212 2874 1282 juxta
2916 1210 3339 1268 Christianorum
3380 1220 3591 1265 senten-

2017 1305 2142 1358 tiam
2162 1304 2187 1356 ?
2208 1301 2360 1369 Quo‘d
2388 1307 2432 1359 si
2464 1303 2599 1358 Deus
2627 1314 2763 1375 erat,
2795 1305 3053 1375 quomodo
3075 1320 3261 1373 passus
3290 1304 3405 1357 est?
3461 1304 3598 1357 Deus

2015 1397 2153 1450 enim
2197 1398 2312 1467 pati
2359 1413 2463 1451 non
2496 1406 2684 1466 potest.
2713 1398 2946 1466 Cumque
2978 1396 3265 1452 Christiani
3306 1394 3599 1448 .llosaicam

2016 1487 2182 1556 legem
2214 1488 2699 1558 transgrediuntur,
2744 1499 2792 1542 et
2834 1496 3051 1557 propter
3093 1487 3186 1539 hoc
3229 1486 3416 1538 merito
3446 1498 3602 1536 accu-

2015 1578 2171 1633 sandi
2197 1580 2322 1641 sint,
2359 1580 2457 1649 ipsi
2503 1590 2675 1633 tamen
2729 1578 3121 1640 Musulmanos,
3149 1577 3240 1646 qui
3269 1575 3442 1646 potius
3481 1572 3602 1627 lau-

2016 1671 2134 1724 dem
2170 1671 2527 1732 merebantur,
2567 1672 2834 1725 incusant.
2881 1668 2984 1724 Sed
3012 1678 3060 1723 et
3093 1670 3255 1739 ipsius
3311 1665 3603 1721 Mahometi

2020 1778 2209 1817 nomen
2258 1772 2305 1817 et
2357 1762 2409 1815 in
2474 1761 2649 1816 Veteri
2694 1763 3047 1826 Testamento,
3088 1771 3138 1815 et
3180 1764 3235 1815 in
3283 1757 3598 1830 Evangelia,

2021 1857 2180 1910 etiam
2230 1854 2437 1911 Christo
2482 1856 2577 1908 hoc
2624 1855 3043 1919 commendante,
3087 1856 3405 1925 descriptum
3448 1861 3600 1916 erat;

2023 1947 2312 2003 Christiani
2340 1965 2461 2003 vero
2503 1947 2639 2003 illud
2674 1950 2963 2019 ejecerunt.
3001 1947 3118 2022 lino
3160 1964 3264 2003 non
3299 1948 3354 2001 in
3383 1948 3460 2001 his
3483 1952 3603 1998 tan-

2023 2050 2152 2104 tum,
2195 2041 2284 2096 sed
2324 2042 2486 2096 etiam
2527 2040 2593 2094 ab
2638 2049 2833 2095 a-terno
2886 2043 2941 2095 in
2981 2045 3170 2095 dextra
3223 2038 3386 2093 divini
3423 2035 3602 2091 throni
3674 2058 3684 2066 -

2022 2141 2173 2201 parte
2204 2136 2457 2202 scriptum
2491 2136 2773 2189 invenitur.
2819 2133 3090 2190 Postremo
3137 2131 3600 2193 Musulmanorum

2021 2222 2180 2291 ﬁdem
2221 2225 2285 2279 ab
2329 2215 2447 2293 ipso
2494 2225 2797 2281 Abrahamo
2851 2227 3105 2296 originem
3153 2224 3402 2287 traxisse,
3447 2222 3602 2276 certis

1994 2368 1995 2371 η
2019 2316 2343 2384 argumentis
2370 2315 2795 2384 deprehenditur.

337 2382 445 2439 τοῦ
487 2387 746 2453 Χριστοῦ
766 2429 782 2454 ,
823 2394 877 2445 οἱ
921 2391 990 2461 δὲ
1024 2394 1372 2462 Χριστιανοὶ
1419 2396 1713 2460 ἐξέϐαλον
1740 2400 1913 2454 αὑτό.
1953 2403 2050 2471 Μὴ
2087 2382 2099 2384 ν
2115 2405 2312 2474 μόνον
2374 2382 2444 2458 δέ
2476 2405 2547 2458 ἐν
2577 2406 2833 2471 τούτοις,
2859 2406 3020 2461 ἀλλὰ
3048 2404 3148 2459 καὶ
3180 2404 3299 2459 ἀπὸ
3321 2402 3438 2459 τῶν
3465 2403 3602 2457 alib-

337 2479 573 2579 νων,ιέν
605 2481 727 2548 τοῖς
751 2483 973 2551 δεξιοῖς
998 2485 1210 2555 μέρεσι
1241 2488 1347 2542 τοῦ
1378 2489 1597 2557 θρόνου
1656 2490 1766 2545 τοῦ
1834 2494 1984 2548 Θεοῦ
2022 2498 2362 2565 εὑρίσκεται
2386 2497 2973 2567 καταγεγραμμένον.
2999 2496 3215 2579 Καὶὸτι
3238 2497 3276 2565 ἡ
3302 2495 3421 2550 τῶν
3442 2497 3604 2549 Μου-

337 2574 701 2641 σουλμάνων
734 2578 937 2644 πίστις
965 2579 1083 2633 ἀπὸ
1111 2582 1216 2634 τοῦ
1245 2581 1503 2651 Ἀϐραὰμ
1542 2584 1908 2652 εὑρίσκεται.

407 2665 622 2731 Μηδεὶς
653 2668 730 2737 (a)
769 2668 886 2737 τὴν
945 2671 1064 2725 τῶν
1119 2675 1270 2728 κατὰ
1311 2674 1422 2728 τοῦ
1442 2674 1694 2745 Μωάμεθ
1716 2679 1918 2747 λόγων

337 2757 687 2827 ἐλευθερίαν
713 2761 814 2815 καὶ
862 2762 1071 2833 ἁπλῆν
1093 2767 1281 2820 οἱονεί
1311 2783 1443 2821 τινα
1466 2767 1720 2823 σκοπῶν
1759 2771 1915 2825 σύν-

340 2849 529 2921 θεσιν,
557 2848 898 2920 ἀδυναμίαν
921 2853 959 2922 ἢ
992 2855 1298 2924 ἀμουσίαν
1319 2858 1579 2927 οἱηθήτω
1611 2859 1720 2914 τοῦ
1747 2865 1905 2916 θειο-

337 2938 517 2995 τάτου
541 2940 872 3009 βασιλέως,
930 2946 1079 3014 πρὸς
1134 2948 1203 3003 τὸ
1234 2949 1340 3003 τὸν
1369 2951 1560 3017 λόγον
1600 2950 1914 3020 λογικώτε-

2091 2682 2254 2738 Nemo
2301 2699 2604 2738 sermonum
2659 2684 2908 2739 adversus
2961 2682 3291 2738 Mahometen
3328 2682 3604 2737 dictionem

2018 2772 2272 2829 humilem
2309 2783 2357 2826 et
2394 2789 2609 2842 prorsus
2649 2773 2943 2847 simplicem
2978 2780 3147 2827 mente
3178 2771 3443 2829 revolvens
3468 2772 3604 2825 divi-

2019 2866 2296 2919 nissimum
2348 2864 2725 2932 imperatorem
2775 2866 2837 2919 ob
2880 2865 3241 2933 ignorantiam
3297 2864 3465 2932 operis
3518 2863 3604 2929 sui

2021 2955 2303 3009 materiam
2364 2954 2709 3025 negligentius
2782 2964 3042 3010 tractasse
3104 2956 3414 3023 suspicetur.
3473 2953 3605 3008 Cum

334 3046 450 3098 ρον
470 3031 747 3087 ἐκθεῖναι.
778 3035 882 3089 Διὰ
938 3036 1050 3107 γάρ
1102 3057 1191 3095 τοι
1249 3042 1395 3107 τοὺς
1430 3044 1750 3111 τοιούτους
1799 3043 1915 3113 τῆς

2022 3047 2162 3100 enim
2201 3049 2411 3115 piorum
2442 3047 2701 3116 ejusmodi
2730 3063 3034 3101 sermonum
3069 3063 3256 3115 scopus
3302 3046 3368 3099 sit
3414 3045 3605 3099 Maha-

340 3124 658 3235 εἰῖεϐείας
681 3128 907 3213 λόγους
937 3130 1405 3200 ἁντιρῤητιιιοὺς
1430 3129 1605 3200 εἶναι,
1646 3135 1746 3190 καὶ
1775 3136 1913 3191 ὀνο-

2022 3140 2171 3193 metis
2196 3138 2409 3206 ejusque
2439 3136 2761 3191 asseclarum
2784 3137 3096 3207 confutatio,
3145 3136 3255 3205 qui,
3308 3143 3488 3204 utpote
3510 3135 3605 3188 ho-

332 3214 620 3285 μάζεσθαι
649 3220 802 3286 πρὸς
837 3223 1045 3288 αὐτὸν,
1079 3223 1161 3290 ὡς
1200 3226 1459 3293 εἴρηται,
1486 3227 1595 3280 τὸν
1660 3226 1915 3297 Μωάμεθ

2022 3228 2187 3281 mines
2220 3227 2459 3292 barbari,
2505 3226 2811 3282 Grazcorum
2861 3226 3225 3297 philosophias,
3265 3227 3370 3280 imo
3409 3225 3605 3296 lingua:

345 3306 443 3359 καὶ
466 3309 605 3376 τοὺς
632 3313 818 3367 αὑτοῦ
846 3316 1197 3384 ὁμοφύλους
1222 3334 1286 3371 τε
1338 3318 1437 3375 καὶ
1483 3320 1918 3386 συνασπιστὰς

2022 3329 2140 3376 sunt
2164 3322 2361 3391 ignari,
2389 3320 2503 3374 ideo
2532 3318 2845 3389 simpliciori
2873 3318 3011 3389 stglo
3044 3318 3267 3389 expositi
3291 3324 3435 3380 sunt,
3466 3314 3606 3385 quod

347 3398 446 3451 καὶ
474 3402 863 3469 θεράποντας,
909 3406 1263 3476 βαρϐάρους
1298 3409 1500 3478 ὄντας,
1530 3411 1629 3465 καὶ
1664 3412 1774 3481 τῆς
1802 3410 1918 3465 τῶν

2022 3414 2317 3486 intelligent
2347 3415 2435 3481 qui
2458 3418 2514 3468 in
2554 3412 2748 3468 talibus
2780 3420 3081 3480 versantur,
3108 3421 3157 3466 et
3186 3411 3382 3465 nemini
3411 3411 3606 3464 ntirum

359 3490 668 3560 Ἐλλήνων
701 3501 1037 3568 σοφίας,οὐ
1083 3501 1213 3570 μὴν
1271 3501 1381 3574 γὰρ
1436 3504 1707 3573 γλώττης
1750 3500 1918 3574 ἀμοί-

2022 3506 2295 3571 videbitur,
2344 3507 2390 3560 si
2419 3508 2607 3561 horum
2655 3522 2955 3560 sermonum
2986 3505 3143 3559 dictio
3177 3521 3210 3558 a
3241 3503 3467 3559 dictione
3500 3516 3604 3556 ca:-

337 3599 485 3651 ρους
540 3590 771 3655 σχεδὸν
834 3593 1288 3667 ἁπλοϊκώτερον
1362 3596 1754 3662 ἐξετέθησαν,
1842 3588 1918 3664 ὡς

2022 3606 2253 3651 terarum
2282 3599 2520 3668 ejusdem
2551 3598 2783 3653 auctoris
2814 3613 3034 3669 operum
3057 3596 3247 3667 diﬂ'ert.

343 3673 491 3742 ὀρᾷν
527 3681 591 3748 ⁸οἱ
628 3680 752 3746 τοῖς
815 3683 1111 3749 τοιούτοις
1163 3685 1374 3754 λόγοις
1429 3685 1910 3756 ἐντυγχάνοντες
1945 3685 2184 3756 ἔχουσι.
2253 3689 2358 3742 Διά
2387 3685 2568 3741 τοῦτο
2598 3685 2698 3740 καὶ
2729 3685 2912 3741 οὐδὲν
2935 3684 3176 3752 καινὸν,
3230 3686 3282 3739 ei
3318 3681 3437 3737 τῶν
3479 3679 3603 3736 ἐτι-

338 3786 461 3837 ρων
487 3772 635 3826 κατὰ
661 3774 982 3843 συνθήκην
995 3776 1710 3849 ἀποδεῖσυγγραμμάτων
1725 3777 1940 3833 αὐτοῦ.

828 3967 1178 4023 ΑΠΟΛΟΓΙΑ
1220 3970 1472 4024 ΠΡΩΤΗ.

2448 4008 2460 4014 ι
2508 3964 2854 4021 APOLOGIA
2888 3964 3123 4018 PRIMA.

346 4059 476 4114 Ὀτι
507 4061 539 4114 ό
561 4060 820 4128 Χριστὸς
850 4060 979 4126 Υἱὸς
1001 4061 1109 4115 τοῦ
1148 4062 1296 4117 Θεοῦ
1341 4063 1499 4127 ἐστι,
1553 4061 1654 4119 καὶ
1684 4062 1918 4127 τέλειος

2025 4055 2177 4122 Quod
2224 4055 2462 4112 Christus
2495 4054 2669 4110 Filius
2703 4055 2798 4108 Dei
2827 4056 2915 4119 sit,
2948 4064 2998 4107 et
3030 4054 3168 4109 Deus
3211 4069 3366 4108 verus
3397 4063 3447 4108 et
3486 4071 3609 4125 per-

415 4153 559 4218 Θτός
585 4154 740 4220 ἐστι,
787 4152 887 4208 καὶ
910 4154 1057 4220 Θεὸς
1104 4152 1192 4208 ὢν
1260 4152 1515 4224 ⁴γέγονεν
1574 4153 1913 4221 ἄνθρωπος,

419 4244 499 4310 ὡς
529 4246 584 4298 οὶ
606 4247 879 4313 θεηγόροι
908 4243 1211 4314 προφῆται
1231 4244 1708 4303 διακελεύονται.

2095 4148 2286 4216 fectus,
2327 4148 2568 4218 quodque
2624 4147 2763 4202 Deus
2811 4148 3065 4201 mittens
3112 4150 3265 4201 homo
3305 4147 3475 4216 {actus
3515 4148 3603 4217 sit,
3704 4148 3707 4155 ’

2081 4240 2241 4307 juxta
2274 4237 2636 4310 theologorum
2668 4247 2719 4292 et
2767 4243 3146 4309 prophetarum
3178 4240 3500 4295 testimonia.

419 4348 609 4415 Μέγας
648 4349 677 4400 ὁ
721 4346 857 4410 Θεὸς
907 4346 1016 4400 τῶν
1064 4348 1425 4417 Χριστιανῶν.
1454 4348 1581 4402 Ἀπ’
1607 4347 1745 4417 ἐμοῦ
1821 4347 1915 4402 τοῦ

2092 4345 2316 4415 Magnus
2358 4355 2443 4401 est
2497 4345 2642 4399 Deus
2676 4342 3143 4398 Christianorum.
3187 4342 3439 4397 Meletius
3486 4355 3606 4397 mo-

343 4439 600 4492 τιπεινσῦ
636 4439 899 4493 Μελετίου
928 4438 1166 4509 μοναχοῦ
1199 4440 1335 4507 πρὸς
1367 4439 1427 4492 σὲ
1448 4439 1539 4493 τὸν
1566 4438 1917 4511 φρονιμώτα-

346 4548 438 4582 τον
466 4532 559 4583 καὶ
605 4530 973 4585 συνετώτατον
1004 4531 1302 4603 Σαμψατὴν
1337 4533 1692 4604 Ἰσφαχανήν.

415 4622 494 4674 Τὰ
516 4622 669 4691 παρὰ
692 4621 786 4674 σοῦ
812 4622 1134 4691 πεμφθέντα
1197 4639 1289 4693 μοι
1321 4625 1630 4695 γράμματα
1680 4623 1917 4694 δεξάμεο

347 4733 454 4780 νος,
500 4715 672 4783 ἔγνων
719 4716 818 4768 ὅσα
854 4715 1074 4768 ὲεοὺλου
1123 4715 1225 4785 μὲν
1276 4718 1417 4787 πρός
1451 4734 1518 4787 με
1568 4719 1764 4781 εἰπεῖν,
1819 4717 1919 4770 ἐὰν

350 4823 457 4877 περ
516 4804 586 4878 ἦν
629 4808 859 4862 δυνατὸν
888 4808 1142 4883 ἀλλήλοις
1169 4810 1456 4879 ὁμιλῆσαιο
1480 4809 1576 4863 τοῦ
1616 4811 1812 4874 καιροῦ
1862 4809 1920 4863 δὲ

347 4900 505 4952 τοῦτο
526 4901 842 4967 κωλύοντος,
874 4902 933 4967 ὲξ
965 4903 1213 4972 ἀνάγκης
1231 4902 1479 4973 ἔγραψας
1502 4905 1641 4980 ὅπερ
1669 4903 1918 4971 ἐϐούλου,

348 4992 663 5062 ἀντέγραψα
711 4993 768 5047 δὲ
815 4994 976 5064 καγὼ
1017 4998 1156 5067 πρὸς
1200 4998 1286 5062 σὲ,
1355 4999 1450 5051 καὶ
1503 4998 1921 5067 ἀπελογισάμην

352 5087 480 5153 περὶ
510 5086 727 5141 πάντων
754 5092 894 5140 κατᾶ
950 5089 1011 5140 τὸ
1042 5089 1268 5142 δυνατόν
1300 5107 1410 5157 μοι,
1448 5092 1544 5145 καὶ
1594 5088 1920 5159 ὲξεδεχόμην

351 5177 646 5244 ἀπολογίαν
675 5177 953 5246 ἔγγραφον
982 5180 1089 5231 ἀπὸ
1120 5178 1236 5233 σοῦ.
1271 5179 1443 5233 Τοῦτο
1469 5178 1525 5231 δὲ
1552 5178 1653 5233 οὐκ
1680 5180 1917 5245 ἐγένετο,

356 5268 490 5321 ἀλλὰ
517 5272 632 5338 μετ’
669 5272 852 5338 ὀλίγον
896 5274 1249 5342 ἀπεστράφη
1307 5275 1449 5343 πρός
1486 5291 1552 5342 με
1583 5275 1617 5342 ἡ
1679 5273 1814 5341 πρὸς
1857 5270 1919 5322 σέ

359 5375 461 5427 μου
529 5359 815 5427 ἀπολογία,
871 5359 999 5413 ἄνευ
1060 5361 1154 5413 τοῦ
1208 5362 1457 5416 ὁπωσοῦν
1508 5363 1828 5432 μηνύματο;
1883 5362 1917 5431 ἢ

349 5449 588 5519 γραφῆς·
642 5454 738 5505 καὶ
779 5452 1073 5521 ἐθαύμασα
1145 5454 1419 5522 μεγάλως,
1470 5454 1922 5523 ἀναλογιζόμενος

351 5542 471 5594 κατ’
532 5545 764 5612 ἐμαυτὸν
821 5545 954 5600 ἄλλα
1012 5546 1100 5597 ἐπ’
1136 5546 1317 5610 ἄλλοις
1375 5550 1469 5601 ἐπὶ
1519 5547 1596 5618 τῷ
1649 5549 1917 5616 γεγονότι.

363 5634 642 5701 Ἐλθόντος
673 5638 731 5691 δέ
765 5655 910 5703 τινος
962 5640 1070 5719 ἀπὸ
1106 5638 1214 5691 τῶν
1249 5639 1457 5706 αὐτόθι,
1497 5635 1650 5693 εἶπόν
1694 5653 1786 5710 μοι
1837 5640 1920 5694 ὅτι

2025 4437 2233 4491 nachus
2267 4436 2493 4490 humilis
2541 4444 2598 4490 et
2639 4435 2797 4489 exilis
2837 4433 3269 4504 prudentissimo
3301 4443 3357 4487 et
3388 4432 3605 4504 sapien-

2023 4515 2234 4583 tissime
2257 4527 2529 4598 Sampsati
2556 4526 2902 4598 lsplaac‘hani.

2092 4618 2229 4675 Cum
2262 4620 2477 4676 litteras
2510 4629 2648 4684 tuas,
2685 4635 2824 4689 quas
2867 4618 2935 4674 ad
2980 4633 3067 4674 me
3103 4617 3324 4685 misisti,
3356 4617 3606 4688 accepis-

2021 4725 2159 4776 sem,
2193 4711 2433 4766 intellexi
2466 4699 2628 4781 quam
2668 4711 2856 4765 multis
2887 4725 3105 4765 mecum
3130 4709 3368 4780 colloqui
3393 4710 3605 4778 cupias,

2022 4804 2070 4860 si
2102 4815 2290 4859 mutua
2323 4803 2741 4858 conversatione
2767 4801 2874 4857 frui
2902 4802 3118 4857 liceret.
3158 4801 3450 4873 Temporis
3472 4816 3607 4856 vero

2023 4896 2441 4967 opportunitate
2490 4895 2595 4949 hoc
2652 4908 2763 4949 non
2824 4893 3172 4958 admittente,
3229 4884 3458 4949 necesse
3503 4891 3609 4946 fuit

2023 4986 2247 5056 scriptis
2296 4985 2424 5050 hoc,
2470 4985 2620 5055 quod
2681 4984 2968 5054 cupiebas,
3021 4983 3267 5054 exsequi.
3310 4980 3516 5038 Verum
3551 4990 3610 5037 et

2024 5090 2271 5161 ipseiam
2303 5096 2432 5142 ante
2460 5086 2743 5156 rescripsi,
2784 5095 2840 5140 et
2875 5085 2944 5140 de
2973 5084 3252 5152 omnibus,
3288 5084 3489 5155 quibus
3519 5096 3612 5141 a<-=_

2024 5195 2183 5237 cusas
2214 5196 2336 5248 nos,
2389 5195 2490 5251 pro
2524 5179 2669 5234 virili
2718 5177 2962 5247 delendi,
2992 5188 3049 5234 et
3077 5178 3395 5248 Apologiam
3424 5177 3522 5232 abs
3555 5186 3611 5231 to

2024 5275 2285 5344 scriptam
2338 5275 2652 5344 exspectavi
2694 5267 3002 5338 'hactenus‘;
3060 5272 3158 5327 sed
3216 5271 3442 5326 frustra.
3486 5271 3609 5329 Non

2024 5368 2202 5423 multo
2231 5377 2414 5421 autem
2464 5373 2746 5420 transacto
2781 5377 3052 5434 tempore,
3098 5378 3246 5426 mea.
3288 5379 3452 5433 quam
3509 5363 3608 5418 tibi

2025 5450 2378 5529 scripseram,
2413 5457 2695 5528 Apologia,
2728 5456 2795 5510 ad
2831 5471 2917 5511 me
2953 5470 3174 5511 reversa
3210 5464 3294 5510 est
3321 5456 3439 5510 sine
3457 5450 3607 5506 omni

2026 5549 2232 5604 indicio
2266 5559 2322 5603 et
2358 5548 2736 5617 rcSponsione.
2772 5544 2999 5599 Miratus
3026 5559 3147 5598 sum
3177 5543 3281 5597 hoc
3312 5542 3607 5595 vehemen-

2026 5649 2130 5705 ter,
2169 5638 2340 5693 multa
2386 5645 2443 5690 et
2469 5636 2689 5690 diversa
2742 5633 2812 5688 de
2855 5634 2959 5686 hac
2992 5647 3052 5687 re
3099 5645 3314 5687 mecum
3357 5624 3609 5683 conside—

412 5773 486 5841 (a)
520 5774 638 5829 Haec
657 5776 717 5829 ab
737 5778 946 5855 epistola
967 5781 1235 5842 Sampsatis
1257 5778 1614 5842 distinguenda
1640 5787 1790 5842 sunt,
1813 5779 2023 5830 deerant
2043 5777 2095 5828 iu
2123 5777 2539 5860 interpretatione
2561 5774 2755 5861 Latina.
2780 5770 2920 5825 Eutr.
2942 5769 3097 5821 Pun.
