4090 6462
435 380 544 445 379

1605 378 1790 440 JOAN
1803 380 1843 437 Ν
1858 380 1927 439 IS
1966 381 2494 445 CANTACUZENI

3577 388 3685 450 380

439 511 587 551 rans.
618 493 850 561 Quidam
892 507 1020 549 vero
1051 508 1081 547 a
1104 493 1264 548 vobis
1290 491 1397 547 huc
1433 492 1818 562 pervenientes
1863 501 2017 547 retu-

2133 499 2411 570 Ξιπεδέχου,
2469 499 2554 552 ῐνα
2584 500 2657 570 μὴ
2720 499 3081 556 ἀπεστέλλετο
3131 501 3368 557 ἐνταῦθα
3409 503 3443 573 ἡ
3498 501 3686 574 γραφὴ

437 588 620 642 lerunt
663 587 819 650 mihi,
869 585 1013 655 quod
1056 586 1246 654 cupias
1288 585 1701 654 responsionem
1749 584 1895 643 hanc
1926 584 2015 640 vel

440 676 744 744 apologiam
806 675 917 728 huc
978 691 1085 729 non
1146 675 1426 729 remissam
1494 689 1636 736 esse,
1691 674 2015 744 pmnituisse

439 769 587 821 enim
630 779 682 822 te
722 767 873 822 facti.
926 769 1194 829 Praeterea
1241 776 1294 820 et
1324 766 1429 821 hoc
1464 766 1817 833 addiderunt,
1866 768 2015 836 quod

440 860 613 921 dicas,
636 857 940 950 Quomodo
970 858 1234 928 possibile
1263 866 1345 913 est
1381 858 1493 913 Deo
1517 873 1637 913 esse
1664 859 1859 913 Filium
1898 861 2015 917 sine

441 953 710 1006 muliere?
756 951 811 1005 Si
856 954 1001 1006 enim
1041 950 1236 1005 Filium
1278 952 1464 1015 habet,
1501 967 1570 1005 cn
1622 951 1914 1007 dissidium
1962 963 2017 1009 et

443 1043 609 1096 factio
642 1043 785 1097 inter
811 1043 1083 1112 ipsos‘est.
1117 1041 1404 1107 Quomodo
1432 1042 1596 1096 etiam
1627 1043 1886 1112 possibile
1910 1055 2014 1111 est,

441 1148 507 1187 ex
547 1134 654 1186 Deo
696 1134 973 1187 hominem
1029 1133 1182 1187 ﬁeri?
1248 1135 1405 1196 item,
1470 1133 1584 1198 Qua
1630 1134 1842 1190 ratione
1893 1152 2016 1191 cum

448 1228 589 1280 lteus
630 1225 815 1290 fuerit,
868 1225 1034 1279 homo
1073 1224 1248 1280 lactus
1290 1225 1410 1279 est?
1443 1225 1744 1289 Praeterea,
1780 1228 1925 1296 quod
1972 1229 2019 1282 si

388 1311 394 1316 ’
442 1317 696 1373 Chrisms
743 1317 885 1372 Deus
910 1325 1029 1371 erat
1057 1326 1112 1371 et
1160 1318 1254 1371 Dei
1300 1315 1491 1384 Filius,
1529 1333 1630 1371 cur
1670 1301 1791 1372 'non
1843 1319 2018 1373 homi-

445 1425 568 1463 nem
604 1411 686 1464 vel
727 1410 876 1464 nudo
920 1417 1014 1463 aut
1057 1409 1174 1463 solo
1204 1408 1375 1463 verbo
1400 1411 1659 1475 servavit,
1711 1410 1806 1464 sed
1865 1411 2020 1478 quasi

445 1502 765 1563 impotentia
801 1502 1121 1571 impeditus,
1155 1500 1319 1555 homo
1342 1501 1519 1556 factus
1551 1514 1652 1567 est,
1678 1512 2019 1573 mortemque

444 1593 613 1648 subiit
646 1601 705 1647 ut
730 1588 1009 1647 hominem
1042 1592 1314 1647 saivaret?
1344 1592 1595 1662 insuper,
1625 1594 1667 1647 si
1702 1594 1846 1648 Deus
1876 1603 2047 1659 erat,‘

444 1684 723 1755 quomodo
752 1700 949 1754 passus
976 1684 1100 1738 est?
1134 1686 1275 1738 Deus
1309 1684 1458 1738 enim
1502 1699 1609 1737 non
1653 1685 1876 1755 patitur.
1915 1680 2021 1740 De-

447 1777 613 1844 nique
657 1776 803 1845 quod
841 1791 939 1830 nos
975 1778 1067 1846 qui
1113 1775 1393 1831 Christum
1446 1774 1788 1845 proﬁtemur,
1840 1785 2021 1830 trans-

446 1869 762 1937 grediamur
790 1879 847 1923 et
888 1868 1166 1923 solvamus
1216 1869 1387 1937 legem
1438 1866 1755 1930 Mosaicam,
1802 1868 2018 1920 incusc-
2052 1843 2093 1897 Β

448 1975 573 2015 mus
613 1976 743 2015 vero
772 1969 828 2015 et
857 1961 1182 2014 damnemus
1219 1974 1335 2019 vos,
1377 1968 1436 2013 ut
1466 1958 1561 2027 qui
1603 1957 1767 2027 impie
1801 1965 1857 2011 et
1889 1957 2022 2012 falso

449 2052 701 2107 eamdem
739 2052 1067 2106 observetis.
1118 2051 1263 2106 Fieri
1313 2051 1518 2120 itaque,
1574 2059 1633 2104 ut
1669 2065 1771 2104 nos
1804 2050 1896 2119 qui
1928 2067 2022 2105 ac-

451 2143 794 2198 cusationem
850 2150 1249 2206 merueramus,
1303 2158 1402 2197 vos
1452 2142 1600 2225 ipsos
1650 2142 1743 2210 qui
1808 2141 2023 2197 laudem

454 2235 753 2300 meruistis,
802 2236 1257 2291 condemnemus.
1295 2235 1449 2301 item,
1488 2235 1633 2304 quod
1671 2245 1725 2290 et
1774 2234 2026 2289 Christus

452 2322 519 2377 de
559 2321 836 2378 Mahomet
884 2323 1215 2377 vaticinatus
1264 2324 1354 2385 sit,
1408 2324 1699 2394 ipsumque
1746 2339 2027 2379 commen-

454 2412 698 2477 daverit;
739 2412 995 2482 quodque
1024 2427 1225 2466 nomen
1269 2413 1385 2482 ejus
1417 2416 1471 2467 et
1529 2414 1582 2467 in
1634 2416 1807 2468 veteri
1862 2414 2027 2468 Mosis

456 2506 577 2572 lege
610 2513 667 2557 et
708 2504 762 2557 in
798 2504 1095 2573 Evangelio
1153 2503 1489 2572 descriptum
1545 2504 1844 2561 Christiani
1899 2522 2026 2560 cum

460 2596 644 2651 multis
671 2596 792 2650 aliis
829 2596 1110 2665 eiecerint.
1151 2596 1255 2651 Sed
1298 2608 1355 2652 et
1391 2598 1496 2653 huc
1523 2599 1578 2652 hi
1607 2599 1772 2653 iidem
1797 2599 2028 2654 addide-

458 2697 610 2753 runt,
642 2689 787 2757 quod
817 2690 1007 2758 cupias
1049 2689 1349 2759 apologiam
1383 2700 1623 2743 nostram
1667 2690 2029 2759 c0piosiorem

457 2788 514 2831 ct
537 2778 816 2846 puriorem
844 2779 1054 2833 haberi.
1081 2779 1176 2832 liis
1207 2779 1390 2848 itaque
1427 2779 1686 2846 cognitis,
1721 2781 2029 2833 inst’tutum

461 2876 616 2920 tuum
657 2867 1034 2937 comprobavi.
1067 2868 1395 2939 Quicunque
1442 2870 1589 2922 enim
1639 2868 1919 2922 veritatem
1950 2869 2034 2922 in-

459 2957 768 3025 quisiverit,
801 2959 1049 3013 eamdem
1101 2958 1333 3014 invenit.
1390 2959 1720 3013 Musulmaui
1769 2960 1916 3013 enim
1954 2960 2036 3013 in-

463 3048 731 3104 terdicere
763 3050 963 3113 solent,
999 3065 1068 3105 ne
1089 3051 1312 3120 quidam
1348 3050 1573 3104 illorum
1610 3064 1735 3104 cum
1765 3049 2035 3104 Christia-

2118 593 2212 645 καὶ
2243 592 2511 661 ἀπολογία
2547 595 2753 663 ἐκείνη.
2806 594 3202 666 Μετεμελήθης
3236 597 3366 665 γὰρ,
3426 590 3583 647 εἷπον
3620 595 3677 647 δὲ

2118 685 2212 736 καὶ
2238 682 2394 737 τοῦτο
2419 687 2467 738 οί
2494 686 2672 749 αὐτοὶ,
2703 686 2785 739 ὅτι
2818 685 3019 755 λέγεις,
3042 686 3166 750 Πῶς
3191 686 3302 738 ἐστι
3328 685 3576 747 δυνατὸνζ
3594 684 3686 738 τὸν

2116 774 2252 829 Θεὸν
2277 776 2421 846 ἔχειν
2461 777 2576 831 υἱὸν
2629 777 2757 833 ἄνευ
2812 777 3099 845 γυναικός;
3156 778 3203 830 εί
3234 777 3342 846 γάρ
3373 777 3489 829 υἱὸν
3538 771 3685 845 εἶχεν

2116 868 2325 933 ὁΘεὸς,
2360 868 2468 922 ἰδοὺ
2498 869 2703 940 σχίσμα
2759 869 2851 923 καὶ
2913 869 3106 931 στάσις
3157 870 3214 921 ἐν
3272 869 3423 936 μέσῳ
3480 867 3684 921 αὐτῶν.

2115 958 2229 1012 Kal
2256 959 2376 1022 πῶς
2403 961 2520 1013 ἔστι
2547 959 2770 1015 δυνατὸν
2796 959 2928 1013 Θεὸν
2954 958 3207 1029 γενέσθαι
3232 958 3518 1026 ἄνθρωπον
3540 974 3553 1021 ;
3585 955 3688 1009 Καὶ

2116 1051 2222 1103 τίνι
2254 1053 2441 1120 τρόπῳ
2487 1050 2618 1109 Θεὸς
2654 1048 2753 1115 ὢν,
2787 1052 3009 1119 γέγονεν
3065 1049 3388 1119 ἀνθρωποςς
3442 1048 3551 1100 Καὶ
3581 1047 3684 1112 ὅτι,

2117 1142 2165 1193 εί
2194 1136 2262 1211 ἦν
2291 1141 2424 1203 Θεὸς
2451 1144 2477 1193 ὁ
2510 1141 2764 1210 Χριστὸς,
2802 1141 2893 1194 καὶ
2923 1139 3057 1193 Θεοῦ
3092 1139 3360 1204 Υἱὸς,πῶς
3384 1138 3485 1191 οὐκ
3514 1137 3685 1189 ἔσωσε

2117 1232 2207 1284 τὸν
2269 1231 2558 1302 ἄνθρωπον
2587 1231 2744 1302 ’ψιλῷ
2803 1231 2965 1301 λόγῳ,
3016 1229 3134 1285 ἀλλ’
3163 1230 3352 1298 ὥσπερ
3410 1226 3683 1281 ἀδυνατῶν

2119 1320 2335 1389 ἐγένετο
2382 1321 2711 1391 ἄνθρωπος,
2765 1325 2859 1375 καὶ¹
2915 1321 3211 1385 ἀπέθανεν,
3268 1321 3353 1373 ἵνα
3390 1320 3536 1390 σώσῃ
3594 1318 3685 1370 τὸν

2118 1412 2442 1483 ἄνθρωπον;
2481 1414 2590 1466 Kal
2623 1416 2743 1466 ἐπεὶ
2782 1413 2912 1477 Θεὸς
2950 1408 3041 1484 ἦν,
3083 1412 3202 1476 πῶς
3254 1411 3492 1477 ἐπαθεν;
3545 1409 3683 1463 Οὐδὲ

2119 1505 2227 1573 γάρ
2266 1505 2466 1574 πάσχει
2495 1504 2647 1568 Θεός.
2680 1505 2790 1557 Kal
2819 1505 2902 1557 ὅτι
2933 1505 3091 1574 ἡμεῖς
3140 1504 3186 1556 0i
3214 1500 3526 1571 Χριστιανοὶ
3551 1517 3692 1572 παρ-

2122 1596 2372 1665 έόημεν,
2422 1598 2517 1648 καὶ
2574 1595 2951 1662 κατελιῖσαμεν
3007 1595 3099 1648 τὸν
3151 1593 3442 1647 Μωσσῗν.ὸν
3502 1595 3687 1662 νόμον,

2121 1685 2535 1757 κατηγοροῦμεν
2561 1686 2617 1739 δὲ
2656 1685 2749 1740 καὶ
2780 1687 3182 1756 κατακρίνομεν
3222 1686 3362 1756 ὑμᾶς
3400 1684 3475 1748 ὡς
3525 1685 3691 1754 δῆθεν

2121 1779 2306 1841 κακῶς
2344 1779 2439 1831 καὶ
2473 1780 2904 1848 πεπλανημένως
2953 1777 3311 1848 κρατοῦντας.
3358 1778 3467 1829 Καὶ
3522 1795 3689 1829 κατα-

2123 1866 2382 1937 κρίνομεν
2410 1867 2587 1936 ἡμεῖς,
2629 1867 2679 1919 oi
2706 1867 2846 1932 ἄξιοι
2870 1863 3225 1935 κατηγορίας.
3260 1866 3402 1934 ὑμᾶς
3430 1864 3554 1925 τοὺς
3584 1862 3698 1925 ἀξί-

2123 1975 2218 2020 ους
2269 1956 2514 2011 ἐπαίνου.
2553 1960 2661 2010 Καί
2701 1958 2782 2011 ὅτι
2828 1959 2856 2011 δ
2888 1957 3122 2027 Χριστὸς
3169 1958 3394 2026 προεῖπε
3431 1955 3558 2025 περὶ
3597 1954 3694 2007 τοῦ

2124 2050 2398 2118 Μωάμεθ,
2434 2049 2527 2104 καὶ
2602 2050 2876 2119 ἐπῄνεσεν
2930 2042 3112 2115 αὐτὸν,
3159 2048 3256 2101 καὶ
3306 2049 3697 2118 γεγραμμένον

2125 2140 2409 2209 εὑρίσκετο
2434 2140 2491 2193 τὸ
2510 2141 2680 2210 ὸνομα
2704 2140 2866 2194 αὑτοῦ
2892 2144 2948 2194 ὲν
2969 2141 3047 2208 τῷ
3074 2140 3165 2194 τοῦ
3189 2139 3433 2202 Μωσέως
3458 2132 3694 2207 παλαιῷ,

2126 2232 2221 2284 καὶ
2268 2233 2327 2284 ὲν
2374 2232 2451 2302 τῷ
2486 2233 2841 2303 Εὑαγγελίῳ,
2896 2235 2944 2286 oi
2980 2234 3037 2287 δὲ
3088 2232 3405 2302 Χριστιανοὶ
3444 2228 3692 2295 ἐξέϐαλον

2128 2322 2258 2376 αὐτὸ
2292 2325 2429 2394 μετὰ
2460 2323 2567 2379 τῶν
2595 2325 2787 2380 ἀλλων.
2824 2322 2987 2379 Εἷπον
3019 2325 3113 2379 καὶ
3146 2323 3303 2378 τοῦτο
3353 2324 3400 2376 οἱ
3433 2321 3692 2384 ἐλθόντες,

2126 2414 2207 2467 ὅτι
2260 2416 2551 2485 ἀπεδέχου,
2588 2417 2674 2470 ἵνα
2718 2419 2751 2488 ἡ
2788 2417 2928 2486 πρὸς
2972 2417 3033 2470 σέ
3071 2433 3172 2487 μου
3222 2414 3491 2484 ἀπολογία
3554 2412 3699 2483 εὑρί-

2129 2522 2292 2560 σκετο
2309 2505 2706 2575 πλατυκωτέρα
2726 2508 2822 2561 καὶ
2841 2507 3217 2578 καθαρωτέρα.
3236 2506 3407 2559 Τοῦτο
3429 2503 3703 2573 γνωρίσας

2129 2593 2266 2661 ἐγὼ,
2299 2594 2651 2661 ἀπεδεξάμην
2707 2613 2800 2649 σου
2835 2597 2926 2648 τὸν
2961 2599 3182 2667 τρόπον.
3220 2596 3334 2657 Πᾶς
3366 2593 3475 2664 γὰρ
3500 2595 3527 2646 ὁ
3559 2593 3699 2661 μετά

2133 2686 2371 2749 σπουδῆς
2402 2685 2585 2756 ζητῶν
2616 2689 2716 2759 τὴν
2743 2689 3026 2755 ἀλήθειαν,
3061 2688 3311 2757 εὑρίσκει
3336 2687 3524 2756 αὐτὴν,
3564 2687 3612 2738 οί
3645 2684 3701 2737 δὲ

2132 2777 2541 2846 Μουσουλμάνοι
2616 2779 3020 2847 ἐμποδίζουσιν,
3091 2780 3174 2832 ἵνα
3208 2778 3564 2846 διαλέγωνται
3613 2793 3700 2829 τι-

2136 2886 2223 2932 νες
2261 2869 2317 2935 ἐξ
2380 2868 2556 2921 αὐτῶν
2603 2869 2742 2939 μετὰ
2768 2870 2873 2923 τῶν
2900 2868 3264 2939 Χριστιανῶν,
3304 2869 3381 2931 ὡς
3411 2867 3574 2931 ἔοικε,
3622 2867 3697 2935 μὴ

2137 2978 2265 3014 ποτε
2295 2960 2673 3030 διαλεγόμενοι
2706 2962 2846 3030 πρὸς
2881 2961 3164 3030 ἀλλήλους,
3225 2962 3412 3028 γνῶσιι
3444 2959 3702 3027 καθαρῶς

2135 3053 2236 3123 τὴν
2259 3051 2536 3122 ἀλήθειαν.
2580 3053 2642 3105 Oi
2674 3053 2730 3105 δὲ
2770 3054 3087 3123 Χριστιανοὶ
3140 3050 3477 3123 θαρροῦντες
3502 3051 3707 3118 εἰς’τὴν

460 3140 548 3193 nis
588 3139 902 3210 disputent;
956 3141 1221 3196 nimirum
1261 3142 1332 3197 ob
1370 3142 1496 3207 hoc,
1543 3151 1808 3210 quantum
1846 3141 2034 3196 videre

2138 3144 2387 3213 καθαρὰν
2431 3144 2613 3197 πίστιν
2675 3141 2881 3206 αὐτῶν,
2919 3143 3012 3198 καὶ
3075 3145 3155 3206 είς
3211 3142 3356 3212 ἅπερ
3414 3140 3708 3210 κρατοῦσιν

464 3239 568 3294 est,
600 3246 668 3285 ne
710 3232 918 3287 mutuis
960 3231 1457 3300 disceptationibus
1498 3232 1806 3299 exercitati,
1840 3247 2032 3302 puram

2137 3236 2273 3307 ὀρθὰ
2313 3237 2410 3290 καὶ
2463 3235 2641 3306 ἀληθῆ
2697 3235 2966 3306 δόγματα,
3022 3236 3133 3289 οὐδ’
3163 3235 3297 3297 ὅλως
3351 3233 3710 3304 ὲμποδίζουσί

462 3324 747 3378 veritatem
785 3332 1107 3392 agnoscant.
1137 3322 1437 3378 Christiani
1486 3331 1680 3379 contra
1710 3337 1832 3378 cum
1866 3322 2034 3376 animi

463 3409 664 3463 ﬁducia
717 3409 1017 3464 innitentes
1057 3425 1208 3479 purae
1256 3424 1368 3465 suae
1401 3410 1551 3476 ﬁdei,
1592 3420 1648 3465 et
1683 3411 1869 3472 rectis,
1908 3424 2039 3478 pro-

462 3501 608 3556 batis
653 3501 931 3571 verisque,
979 3516 1101 3572 quae
1145 3501 1467 3566 observant,
1521 3501 1812 3571 dogmatis,
1861 3500 2038 3554 nullos

462 3594 690 3649 omnino
738 3608 963 3647 suorum
1025 3594 1354 3663 impediunt,
1417 3594 1513 3648 sed
1570 3592 1767 3663 singuli
1820 3592 2036 3645 illorum

465 3684 809 3740 conﬁdenter
845 3693 901 3739 et
926 3684 1101 3740 libere
1132 3701 1256 3740 cum
1301 3684 1586 3750 omnibus,
1618 3684 2040 3753 quibuscunque

466 3774 711 3838 libuerit,
749 3773 1025 3844 disputare
1084 3774 1280 3828 solent.
1342 3772 1423 3826 En
1468 3773 1636 3843 igitur
1676 3773 1831 3843 juxta
1871 3770 2039 3825 animi

465 3867 549 3922 tui
590 3867 940 3929 sententiam,
987 3864 1365 3920 defensionem
1407 3877 1582 3917 meam
1634 3861 1813 3932 quoad
1847 3870 2040 3930 potero

414 3984 427 3995 ι
466 3959 769 4024 instituam,
797 3973 860 4014 ea
889 3957 1100 4013 scilicet
1130 3956 1461 4019 edisserens,
1495 3955 1563 4009 de
1602 3954 1806 4024 quibus
1834 3951 1902 4006 ad
1940 3966 2040 4006 nos

466 4048 718 4104 scribens
756 4048 1079 4104 dubitavisti
1110 4057 1166 4102 et
1205 4045 1580 4116 interrogasti.
1611 4044 1776 4112 Atqui
1805 4043 1924 4098 haec
1945 4050 2039 4096 tua

468 4149 619 4206 sunt,
651 4155 685 4194 o
711 4139 853 4195 bone
899 4139 1232 4207 Sampsates,
1264 4137 1453 4193 verba.
1489 4138 1603 4208 Ego
1632 4151 1765 4191 vero
1793 4134 1928 4205 quid
1957 4133 2043 4188 di-

469 4245 597 4286 cere
635 4238 729 4285 aut
772 4228 925 4298 loqui
973 4228 1161 4293 velim,
1210 4235 1268 4282 et
1305 4225 1448 4281 unde
1506 4224 1774 4281 orationis
1826 4239 2044 4278 sumere

471 4321 712 4382 initium,
738 4334 847 4373 non
869 4317 1031 4372 video
1057 4335 1070 4372 :
1093 4316 1321 4382 veritus,
1345 4332 1415 4374 ne
1436 4316 1534 4371 tibi
1558 4315 1736 4370 simile
1758 4313 2042 4384 quiddam,

2137 3345 2290 3391 τινας
2343 3327 2401 3391 ἐξ
2448 3327 2650 3391 αὐτῶν,
2676 3327 2811 3380 άλλά
2842 3328 2980 3394 μετὰ
3011 3327 3192 3396 πάσης
3217 3327 3399 3389 ἀδείας
3432 3326 3525 3379 καὶ
3562 3326 3710 3391 ἐξου-

2140 3419 2258 3481 σίας
2288 3414 2368 3480 εἶς
2394 3419 2629 3480 ἕκαστος
2667 3418 2847 3471 αὐτῶν
2874 3417 3179 3484 διαλέγεται
3208 3417 3345 3485 μετά
3365 3418 3582 3470 πάντων
3637 3410 3708 3470 ὧν

2141 3492 2421 3579 βούλεταιο
2448 3510 2542 3563 καὶ
2573 3509 2849 3579 ὀρέγεται.
2875 3510 2986 3563 Kal
3026 3509 3136 3562 ίδοὺ
3165 3508 3307 3562 κατά
3338 3508 3436 3578 τὴν
3500 3509 3599 3578 σὴν
3622 3508 3712 3561 θέ-

2138 3601 2296 3669 λησιν
2351 3602 2530 3670 μέλὶω
2556 3601 2992 3671 ἀπολογήσεσθαι
3042 3600 3187 3656 κατά
3217 3599 3305 3658 ετὸ
3330 3600 3556 3654 δυνατόν
3597 3616 3713 3669 μοι,

2139 3693 2266 3763 περὶ
2294 3688 2368 3746 ῶν
2397 3694 2519 3745 τότε
2548 3692 2816 3761 ἔγραψας,
2864 3693 2958 3745 καὶ
2986 3687 3061 3746 ὧν
3086 3692 3226 3745 κατά
3272 3691 3334 3744 τὸ
3363 3689 3537 3761 παρὸν
3584 3690 3712 3761 ὲζήεο

2136 3800 2311 3854 τησας
2376 3787 2468 3837 καὶ
2513 3784 2826 3854 ἠρώτησας.
2879 3781 3069 3836 Ταῦτά
3123 3799 3220 3835 σου
3273 3783 3343 3836 τά
3392 3784 3634 3854 ῥήματα,
3668 3777 3713 3835 ὦ

2137 3874 2272 3927 καλὲ
2323 3872 2620 3943 Σαμψατὴν
2645 3915 2659 3939 ,
2695 3873 2808 3940 ἐγὼ
2834 3873 2892 3927 δὲ
2934 3875 2989 3926 τί
3023 3874 3201 3944 μέλλω
3250 3875 3427 3928 εἰπεῖν
3472 3875 3567 3927 καὶ
3617 3876 3714 3926 λα-

2138 3965 2320 4036 λῆσαι,
2352 3964 2444 4016 καὶ
2477 3963 2643 4017 πόθεν
2685 3962 2978 4033 ἄρξασθαι,
3027 3964 3089 4017 οὐ
3134 3964 3415 4033 γινώσκω,
3449 3961 3715 4033 ἐνθυμού-

2144 4071 2304 4127 μενος
2325 4054 2388 4106 τὸ
2412 4055 2539 4107 ’τῶν
2598 4053 3049 4124 ὀφθαλμιώντων,
3088 4057 3161 4126 μή
3200 4072 3329 4109 ποτε
3387 4056 3483 4107 καὶ
3526 4055 3582 4107 ἐν
3629 4052 3718 4106 col

2140 4148 2384 4217 γένηται,
2424 4148 2623 4199 ἐκεῖνοι
2670 4146 2779 4217 γάρ
2824 4147 3076 4210 ἀσθενεῖς
3141 4147 3367 4217 ἔχοντας
3390 4147 3490 4209 τὰς
3540 4144 3715 4215 ὄψεις,

2141 4241 2202 4291 τὸ
2226 4236 2321 4291 τοῦ
2356 4236 2509 4306 ἡλίου
2539 4239 2659 4305 φῶς
2706 4238 3170 4308 ἀποστρέφονται,
3207 4238 3304 4291 καὶ
3334 4238 3392 4289 ἑν
3422 4237 3501 4309 τῷ
3534 4239 3718 4290 σκότει

2146 4324 2343 4396 μᾶλλον
2366 4322 2758 4380 ἀναπαύονται.
2792 4323 2950 4377 Οὕτω
3007 4325 3101 4378 καὶ
3148 4325 3212 4378 σὺ
3263 4324 3424 4387 αὐτὸς
3459 4321 3718 4392 ἀληθείας

471 4412 618 4483 quod
651 4410 736 4464 his
765 4408 853 4475 qui
907 4409 1079 4463 oculis
1110 4409 1391 4475 laborant,
1430 4406 1746 4478 contigerit.
1790 4403 1857 4459 lli
1895 4405 2034 4460 enim

2144 4415 2382 4477 ἀκούσας
2418 4416 2641 4484 ῥήματα
2681 4417 2773 4469 καὶ
2803 4415 3178 4486 δικαιοσύνης,
3203 4414 3305 4484 τὴν
3338 4414 3436 4484 μὲν
3457 4413 3718 4484 ἀλήθειαν

471 4517 596 4557 cum
643 4501 793 4555 visus
818 4499 930 4553 sint
974 4496 1375 4561 imbecillioris,
1422 4494 1555 4551 solis
1593 4494 1780 4550 radios
1825 4494 2034 4550 lumen-

2149 4509 2561 4578 ἀποστραφῆναι
2622 4506 2859 4577 μέλλεις,
2892 4508 2992 4562 καὶ
3057 4505 3119 4559 τὸ
3167 4504 3284 4575 φῶς
3326 4506 3427 4576 τῆς
3460 4504 3718 4576 ἀληθείας

474 4610 583 4665 que
634 4599 981 4655 aversantur,
1033 4599 1090 4646 et
1144 4590 1200 4644 in
1255 4587 1503 4643 tenebris
1559 4586 1746 4657 potius
1793 4584 2034 4641 desidere

2150 4596 2396 4667 μισῆσαι,
2431 4596 2528 4649 καλ⁴
2582 4595 2675 4648 ἐπὶ
2729 4595 2793 4648 τὸ
2827 4595 3055 4664 μάταιον
3105 4594 3315 4656 σκότος,
3358 4594 3418 4647 ὲν
3461 4586 3507 4661 ᾧ
3568 4593 3721 4665 εὑρί-

473 4686 735 4758 gaudent.
780 4685 860 4739 ita
893 4682 1060 4739 etiam
1094 4680 1193 4737 tibi
1228 4680 1475 4736 veritatis
1519 4688 1575 4759 et
1613 4678 1844 4750 justitiam
1878 4678 2034 4734 verba

2150 4703 2256 4759 σκῃ
2320 4686 2418 4742 νῦν
2469 4686 2926 4756 ὲπαναπαυθῆναι
2982 4684 3205 4755 μᾶλλον,
3251 4685 3440 4758 ὥσπερ
3498 4688 3718 4749 ἐκεῖνοι,

475 4780 722 4835 audienti
765 4776 1054 4845 contingit.
1110 4773 1413 4830 Veritatem
1468 4771 1617 4828 enim
1684 4769 2034 4837 aversaberis,

2149 4779 2285 4848 ὅπερ
2331 4777 2669 4848 ἀπεύχομαι.
2722 4777 2913 4846 Ὅμως
2970 4775 3257 4846 θαρρήσας
3296 4776 3375 4839 είς
3434 4776 3534 4846 τὴν
3561 4791 3721 4845 φυσι-

477 4871 715 4940 odioque
763 4865 1013 4932 habebis,
1054 4864 1227 4918 multo
1259 4863 1442 4931 potius
1498 4861 1726 4931 cupiens
1784 4862 1841 4916 in
1897 4861 2034 4915 vani:

2150 4871 2255 4941 κὴν
2294 4870 2495 4938 γνῶσιν
2534 4870 2601 4941 ἢν
2627 4868 2779 4938 παρὰ
2810 4868 2893 4920 σοὶ
2924 4866 3054 4931 Θεὸς
3079 4858 3415 4939 ἐδωρήσατο,
3462 4866 3599 4921 ἀλλά
3656 4866 3723 4939 δὴ

479 4960 585 5023 his,
616 4955 818 5026 quibus
854 4970 1002 5009 nunc
1042 4954 1336 5007 immersus
1361 4967 1446 5016 es.
1497 4951 1740 5006 tenebris
1777 4948 2050 5013 desidere,

477 5046 621 5102 sicut
649 5055 707 5098 et
748 5042 823 5097 illi
847 5041 916 5096 de
948 5042 1153 5111 quibus
1183 5042 1346 5096 modo
1375 5040 1635 5095 diximus.
1668 5039 1826 5107 Quod
1871 5049 2055 5094 tamen

479 5151 550 5191 ne
578 5134 692 5197 ﬂat,
738 5134 1027 5201 deprecor.
1100 5131 1494 5187 Verumtamen
1546 5129 1734 5185 innata
1788 5129 1884 5185 illa
1932 5128 2054 5194 tibi,

483 5250 647 5305 quam
688 5234 832 5288 Deus
860 5232 1151 5297 concessit,
1169 5230 1454 5302 iudicandi
1499 5230 1837 5301 cognitione,
1887 5229 2057 5285 disci-

486 5335 649 5406 plinis
678 5349 896 5402 quoque
942 5342 997 5388 et
1045 5331 1392 5387 institutione
1426 5330 1676 5396 honesta,
1703 5345 1811 5401 qua
1839 5329 2062 5384 institu-

493 5434 579 5478 tus
596 5438 682 5487 es,
713 5424 939 5491 insuper
961 5422 1190 5478 honesta
1221 5431 1279 5477 et
1310 5422 1542 5492 integra,
1572 5436 1735 5491 quam
1772 5420 1870 5477 tibi
1902 5421 2060 5476 multi

489 5514 763 5577 tribuunt,
810 5512 1148 5568 conscientia
1199 5515 1342 5582 (quae
1390 5511 1576 5567 omnia
1623 5521 1674 5566 te
1711 5512 1766 5566 in
1813 5511 2064 5567 veritatis

2155 4966 2249 5017 καὶ
2282 4966 2361 5026 εἰς
2400 4972 2501 5035 τὴν
2531 4961 2770 5032 μάθησιν
2812 4961 2908 5014 καὶ
2956 4959 3238 5014 παίδευσιν
3288 4960 3357 5030 ῆν
3416 4958 3723 5029 ἐδιδάχθης,

2155 5052 2237 5107 ἔτι
2267 5052 2324 5105 δὲ
2357 5053 2450 5105 καὶ
2500 5050 2667 5122 ὀρθὴν
2701 5051 2797 5103 καὶ
2837 5049 3009 5121 καλὴν
3079 5049 3403 5119 συνείδησιν,
3461 5052 3527 5120 ἢν
3575 5051 3727 5119 παρὰ

2158 5141 2368 5197 πολλῶν
2431 5140 2577 5208 ἔχειν
2627 5138 3051 5210 μεμαρτύρησαι
3075 5178 3092 5202 ,
3146 5138 3309 5192 ἅτινα
3347 5137 3616 5208 ὁδηγῆσαί
3667 5155 3729 5191 σε

2159 5230 2297 5301 πρὸς
2323 5229 2416 5284 τὸν
2437 5231 2537 5299 τῆς
2564 5228 2820 5298 ἀληθείας
2847 5228 2962 5282 ὁδὸν
2996 5227 3078 5298 (οὐ
3126 5227 3232 5296 γὰρ
3274 5225 3386 5279 τῶν
3437 5227 3646 5280 πολλῶν
3695 5227 3731 5297 ἡ
3808 5268 3815 5273 .

2161 5322 2384 5393 γνῶσις)
2414 5322 2516 5391 ῆδη
2542 5323 2616 5385 ὡς
2646 5320 2778 5392 ὁρᾷς
2830 5320 3027 5391 γράφω
3054 5336 3161 5385 σοι,
3208 5320 3304 5372 καὶ
3329 5313 3445 5373 οἷον
3474 5320 3733 5388 ἀμνημο-

2162 5417 2332 5485 νὴσας
2389 5413 2451 5467 τὸ
2501 5413 2600 5483 τῆς
2635 5414 2774 5483 ὲμῆς
2825 5412 3063 5474 διανοίας
3122 5410 3329 5476 στενὸν,
3397 5412 3493 5465 καὶ
3536 5410 3597 5464 τὸ
3629 5409 3733 5480 τῆς

2167 5506 2412 5575 ἀμαθίας
2443 5505 2539 5559 καὶ
2570 5503 2858 5574 ἀγροικίας
2889 5503 3142 5567 ἀσθενὲς,
3167 5500 3480 5572 ἠϐουλήθην
3530 5499 3733 5556 ἀπολοο

503 5608 644 5660 viam
695 5604 957 5659 inducere
996 5603 1243 5673 possunt)
1277 5601 1421 5666 freti,
1458 5602 1607 5657 hunc
1650 5602 1892 5656 laborem
1940 5616 2034 5656 sus

2166 5599 2426 5667 γίσασθαι
2472 5597 2566 5650 καὶ
2608 5596 2781 5663 δεῖξαι
2829 5596 2968 5665 πρὸς
3028 5595 3109 5659 σὲ,
3159 5594 3289 5665 περὶ
3335 5590 3412 5649 ὧν
3456 5592 3735 5663 ἐζήτησας

497 5698 764 5769 cepimus.
796 5695 908 5752 Nec
936 5695 1089 5750 enim
1118 5695 1420 5750 multorum
1443 5704 1500 5749 et
1528 5694 1808 5749 variorum
1842 5693 1956 5746 hanc
1983 5707 2034 5747 es

2173 5692 2266 5745 καὶ
2324 5687 2639 5759 ἠρώτησας,
2701 5687 2795 5755 ἀφ’
2833 5681 2908 5741 ὧν
2942 5685 3152 5756 ῆκουσά
3205 5701 3265 5738 τε
3303 5686 3396 5738 καὶ
3429 5683 3735 5755 ἐδιδάχθην,

501 5790 759 5861 cognitio.
803 5786 963 5845 Nunc
995 5795 1198 5857 autem,
1244 5794 1304 5843 ut
1334 5787 1449 5858 ipse
1476 5784 1652 5853 vides,
1687 5783 1755 5841 ad
1790 5793 1841 5840 te
1863 5782 2065 5851 scribo,

2171 5782 2494 5850 ἅνοιγέντων
2530 5779 2641 5834 τῶν
2671 5778 2981 5851 ὀφθαλμῶν
3001 5794 3102 5849 μου
3132 5775 3267 5831 Θεοῦ
3302 5775 3578 5846 σννάρσει,
3616 5774 3737 5826 ἐπι-
