  <div class='ocr_page' id='page_1' title='image "/cluster/home/n/w/nwhite01/storage/ocr_20150623/154:no.2/coo.31924054870591/198.png"; bbox 0 0 4090 6448; ppageno 0'>
   <div class='ocr_carea' id='block_1_1' title="bbox 359 363 458 429">
    <p class='ocr_par' dir='ltr' id='par_1_1' title="bbox 359 363 458 429">
     <span class='ocr_line' id='line_1_1' title="bbox 359 363 458 429; baseline 0 -1"><span class='ocrx_word' id='word_1_1' title='bbox 359 363 458 429; x_wconf 83' lang='lat' dir='ltr'><strong>38l</strong></span> 
     </span>
    </p>
   </div>
   <div class='ocr_carea' id='block_1_2' title="bbox 1318 378 2683 444">
    <p class='ocr_par' dir='ltr' id='par_1_2' title="bbox 1318 378 2683 444">
     <span class='ocr_line' id='line_1_2' title="bbox 1318 378 2683 444; baseline 0.003 -4"><span class='ocrx_word' id='word_1_2' title='bbox 1318 378 1627 442; x_wconf 66' lang='lat' dir='ltr'><strong>CONTRA</strong></span> <span class='ocrx_word' id='word_1_3' title='bbox 1668 383 2166 442; x_wconf 64' lang='lat' dir='ltr'><strong>MAIIOME&#39;I‘EH</strong></span> <span class='ocrx_word' id='word_1_4' title='bbox 2212 384 2589 444; x_wconf 68' lang='lat' dir='ltr'><strong>APOLOGIA</strong></span> <span class='ocrx_word' id='word_1_5' title='bbox 2638 385 2683 444; x_wconf 94' lang='grc' dir='ltr'><strong>Ι.</strong></span> 
     </span>
    </p>
   </div>
   <div class='ocr_carea' id='block_1_3' title="bbox 3518 379 3626 448">
    <p class='ocr_par' dir='ltr' id='par_1_3' title="bbox 3518 379 3626 448">
     <span class='ocr_line' id='line_1_3' title="bbox 3518 379 3626 448; baseline -0.056 0"><span class='ocrx_word' id='word_1_6' title='bbox 3518 379 3626 448; x_wconf 79' lang='lat'><strong>382</strong></span> 
     </span>
    </p>
   </div>
   <div class='ocr_carea' id='block_1_4' title="bbox 358 480 1944 568">
    <p class='ocr_par' dir='ltr' id='par_1_4' title="bbox 358 480 1942 568">
     <span class='ocr_line' id='line_1_4' title="bbox 358 480 1942 568; baseline 0.013 -39"><span class='ocrx_word' id='word_1_7' title='bbox 358 480 686 568; x_wconf 60' lang='grc' dir='ltr'><strong>στραςένῖος</strong></span> <span class='ocrx_word' id='word_1_8' title='bbox 715 484 822 538; x_wconf 72' lang='grc' dir='ltr'><strong>ἀπὸ</strong></span> <span class='ocrx_word' id='word_1_9' title='bbox 880 487 979 556; x_wconf 77' lang='grc' dir='ltr'><strong>τῆς</strong></span> <span class='ocrx_word' id='word_1_10' title='bbox 1017 492 1250 559; x_wconf 77' lang='grc' dir='ltr'>ματαίας</span> <span class='ocrx_word' id='word_1_11' title='bbox 1306 495 1400 548; x_wconf 78' lang='grc' dir='ltr'><strong>καὶ</strong></span> <span class='ocrx_word' id='word_1_12' title='bbox 1457 496 1942 566; x_wconf 77' lang='grc' dir='ltr'><strong>πατροπαραδότου</strong></span> 
     </span>
    </p>
   </div>
   <div class='ocr_carea' id='block_1_5' title="bbox 2046 480 3628 568">
    <p class='ocr_par' dir='ltr' id='par_1_5' title="bbox 2049 496 3628 568">
     <span class='ocr_line' id='line_1_5' title="bbox 2049 496 3628 568; baseline 0.002 -17"><span class='ocrx_word' id='word_1_13' title='bbox 2049 506 2106 551; x_wconf 91' lang='lat' dir='ltr'><strong>et</strong></span> <span class='ocrx_word' id='word_1_14' title='bbox 2136 496 2293 566; x_wconf 90' lang='lat' dir='ltr'><strong>quasi</strong></span> <span class='ocrx_word' id='word_1_15' title='bbox 2319 496 2526 552; x_wconf 90' lang='lat' dir='ltr'><strong>oblitus</strong></span> <span class='ocrx_word' id='word_1_16' title='bbox 2558 497 2761 568; x_wconf 80' lang='lat' dir='ltr'><strong>ingenii</strong></span> <span class='ocrx_word' id='word_1_17' title='bbox 2794 496 2926 559; x_wconf 90' lang='lat' dir='ltr'><strong>mei,</strong></span> <span class='ocrx_word' id='word_1_18' title='bbox 2976 496 3260 552; x_wconf 89' lang='lat' dir='ltr'><strong>tenuitatis</strong></span> <span class='ocrx_word' id='word_1_19' title='bbox 3287 507 3344 552; x_wconf 90' lang='lat' dir='ltr'><strong>et</strong></span> <span class='ocrx_word' id='word_1_20' title='bbox 3375 496 3628 567; x_wconf 68' lang='lat' dir='ltr'><strong>inscitiae,</strong></span> 
     </span>
    </p>
   </div>
   <div class='ocr_carea' id='block_1_6' title="bbox 359 555 1936 668">
    <p class='ocr_par' dir='ltr' id='par_1_6' title="bbox 359 555 1936 668">
     <span class='ocr_line' id='line_1_6' title="bbox 359 555 1936 668; baseline 0.011 -44"><span class='ocrx_word' id='word_1_21' title='bbox 359 555 654 668; x_wconf 49' lang='grc' dir='ltr'><strong>θρησκείας</strong></span> <span class='ocrx_word' id='word_1_22' title='bbox 687 576 823 668; x_wconf 79' lang='grc' dir='ltr'><strong>πρὸς</strong></span> <span class='ocrx_word' id='word_1_23' title='bbox 860 555 961 648; x_wconf 77' lang='grc' dir='ltr'><strong>τὴν</strong></span> <span class='ocrx_word' id='word_1_24' title='bbox 993 555 1270 668; x_wconf 67' lang='grc' dir='ltr'><strong>ἀκραιφνῆ</strong></span> <span class='ocrx_word' id='word_1_25' title='bbox 1332 589 1427 639; x_wconf 70' lang='grc' dir='ltr'><strong>καὶ</strong></span> <span class='ocrx_word' id='word_1_26' title='bbox 1480 555 1785 657; x_wconf 78' lang='grc' dir='ltr'><strong>ἀμώμητον</strong></span> <span class='ocrx_word' id='word_1_27' title='bbox 1842 586 1936 640; x_wconf 90' lang='grc' dir='ltr'><strong>τοῦ</strong></span> 
     </span>
    </p>
   </div>
   <div class='ocr_carea' id='block_1_7' title="bbox 359 662 1940 748">
    <p class='ocr_par' dir='ltr' id='par_1_7' title="bbox 359 662 1940 748">
     <span class='ocr_line' id='line_1_7' title="bbox 359 662 1940 748; baseline 0.011 -34"><span class='ocrx_word' id='word_1_28' title='bbox 359 662 593 733; x_wconf 70' lang='grc' dir='ltr'><strong>Χριστοῦ</strong></span> <span class='ocrx_word' id='word_1_29' title='bbox 640 666 840 730; x_wconf 83' lang='grc' dir='ltr'><strong>πίστιν,</strong></span> <span class='ocrx_word' id='word_1_30' title='bbox 866 671 958 722; x_wconf 61' lang='grc' dir='ltr'><strong>καί⁵</strong></span> <span class='ocrx_word' id='word_1_31' title='bbox 981 662 1080 743; x_wconf 75' lang='grc' dir='ltr'><strong>τὴν</strong></span> <span class='ocrx_word' id='word_1_32' title='bbox 1111 676 1211 744; x_wconf 79' lang='grc' dir='ltr'><strong>τῆς</strong></span> <span class='ocrx_word' id='word_1_33' title='bbox 1234 675 1495 747; x_wconf 76' lang='grc' dir='ltr'><strong>ἀληθείας</strong></span> <span class='ocrx_word' id='word_1_34' title='bbox 1552 677 1694 732; x_wconf 84' lang='grc' dir='ltr'><strong>ὁδόν.</strong></span> <span class='ocrx_word' id='word_1_35' title='bbox 1749 679 1940 748; x_wconf 91' lang='grc' dir='ltr'><strong>Παρα-</strong></span> 
     </span>
    </p>
   </div>
   <div class='ocr_carea' id='block_1_8' title="bbox 361 754 1941 840">
    <p class='ocr_par' dir='ltr' id='par_1_8' title="bbox 361 754 1941 840">
     <span class='ocr_line' id='line_1_8' title="bbox 361 754 1941 840; baseline 0.011 -34"><span class='ocrx_word' id='word_1_36' title='bbox 361 754 506 808; x_wconf 80' lang='grc' dir='ltr'><strong>καλῶ</strong></span> <span class='ocrx_word' id='word_1_37' title='bbox 523 756 706 810; x_wconf 77' lang='grc' dir='ltr'>τοίνυν</span> <span class='ocrx_word' id='word_1_38' title='bbox 747 759 965 815; x_wconf 76' lang='grc' dir='ltr'><strong>ἀκούειν</strong></span> <span class='ocrx_word' id='word_1_39' title='bbox 1010 766 1265 830; x_wconf 88' lang='grc' dir='ltr'><strong>συνετῶς.</strong></span> <span class='ocrx_word' id='word_1_40' title='bbox 1302 768 1438 821; x_wconf 73' lang='grc' dir='ltr'><strong>Οὐδὲ</strong></span> <span class='ocrx_word' id='word_1_41' title='bbox 1467 769 1575 838; x_wconf 79' lang='grc' dir='ltr'><strong>γὰρ</strong></span> <span class='ocrx_word' id='word_1_42' title='bbox 1624 770 1721 823; x_wconf 87' lang='grc' dir='ltr'><strong>ἀπ’</strong></span> <span class='ocrx_word' id='word_1_43' title='bbox 1766 772 1941 840; x_wconf 80' lang='grc' dir='ltr'><strong>ἐμαυ-</strong></span> 
     </span>
    </p>
   </div>
   <div class='ocr_carea' id='block_1_9' title="bbox 356 844 1937 932">
    <p class='ocr_par' dir='ltr' id='par_1_9' title="bbox 356 844 1937 932">
     <span class='ocr_line' id='line_1_9' title="bbox 356 844 1937 932; baseline 0.011 -36"><span class='ocrx_word' id='word_1_44' title='bbox 356 844 450 897; x_wconf 84' lang='grc' dir='ltr'><strong>τοῦ</strong></span> <span class='ocrx_word' id='word_1_45' title='bbox 504 848 683 916; x_wconf 79' lang='grc' dir='ltr'><strong>μέλλω</strong></span> <span class='ocrx_word' id='word_1_46' title='bbox 718 850 969 921; x_wconf 81' lang='grc' dir='ltr'><strong>λαλήσειν</strong></span> <span class='ocrx_word' id='word_1_47' title='bbox 1002 856 1141 924; x_wconf 86' lang='grc' dir='ltr'><strong>πρὸς</strong></span> <span class='ocrx_word' id='word_1_48' title='bbox 1166 857 1246 925; x_wconf 87' lang='grc' dir='ltr'><strong>σὲ,</strong></span> <span class='ocrx_word' id='word_1_49' title='bbox 1292 859 1411 913; x_wconf 80' lang='grc' dir='ltr'><strong>οὐδὲ</strong></span> <span class='ocrx_word' id='word_1_50' title='bbox 1464 860 1523 924; x_wconf 78' lang='grc' dir='ltr'><strong>ἐξ</strong></span> <span class='ocrx_word' id='word_1_51' title='bbox 1558 853 1632 914; x_wconf 84' lang='grc' dir='ltr'><strong>ὧν</strong></span> <span class='ocrx_word' id='word_1_52' title='bbox 1683 862 1845 932; x_wconf 84' lang='grc' dir='ltr'>ὑμεῖς</span> <span class='ocrx_word' id='word_1_53' title='bbox 1877 862 1937 914; x_wconf 81' lang='grc' dir='ltr'><strong>ού</strong></span> 
     </span>
    </p>
   </div>
   <div class='ocr_carea' id='block_1_10' title="bbox 358 939 1938 1019">
    <p class='ocr_par' dir='ltr' id='par_1_10' title="bbox 358 939 1938 1019">
     <span class='ocr_line' id='line_1_10' title="bbox 358 939 1938 1019; baseline 0.011 -31"><span class='ocrx_word' id='word_1_54' title='bbox 358 939 753 1008; x_wconf 79' lang='grc' dir='ltr'><strong>παραδέχεσθε,</strong></span> <span class='ocrx_word' id='word_1_55' title='bbox 807 943 923 997; x_wconf 85' lang='grc' dir='ltr'><strong>ἀλλ’</strong></span> <span class='ocrx_word' id='word_1_56' title='bbox 953 946 1059 999; x_wconf 85' lang='grc' dir='ltr'><strong>ἀπὸ</strong></span> <span class='ocrx_word' id='word_1_57' title='bbox 1105 948 1213 1002; x_wconf 87' lang='grc' dir='ltr'><strong>τῶν</strong></span> <span class='ocrx_word' id='word_1_58' title='bbox 1263 949 1461 1019; x_wconf 86' lang='grc' dir='ltr'><strong>βίϐλων</strong></span> <span class='ocrx_word' id='word_1_59' title='bbox 1491 946 1566 1006; x_wconf 81' lang='grc' dir='ltr'><strong>ὧν</strong></span> <span class='ocrx_word' id='word_1_60' title='bbox 1624 953 1831 1017; x_wconf 80' lang='grc' dir='ltr'><strong>πάντες</strong></span> <span class='ocrx_word' id='word_1_61' title='bbox 1889 955 1938 1005; x_wconf 90' lang='grc' dir='ltr'><strong>οί</strong></span> 
     </span>
    </p>
   </div>
   <div class='ocr_carea' id='block_1_11' title="bbox 357 1027 1939 1112">
    <p class='ocr_par' dir='ltr' id='par_1_11' title="bbox 357 1027 1939 1112">
     <span class='ocr_line' id='line_1_11' title="bbox 357 1027 1939 1112; baseline 0.01 -33"><span class='ocrx_word' id='word_1_62' title='bbox 357 1027 772 1099; x_wconf 81' lang='grc' dir='ltr'><strong>Μουσουλμάνοι</strong></span> <span class='ocrx_word' id='word_1_63' title='bbox 806 1034 1158 1104; x_wconf 73' lang='grc' dir='ltr'><strong>ὁμολογοῦσιν</strong></span> <span class='ocrx_word' id='word_1_64' title='bbox 1212 1038 1354 1093; x_wconf 73' lang='grc' dir='ltr'><strong>εἶναι</strong></span> <span class='ocrx_word' id='word_1_65' title='bbox 1388 1041 1608 1108; x_wconf 84' lang='grc' dir='ltr'><strong>ἀληθεῖς</strong></span> <span class='ocrx_word' id='word_1_66' title='bbox 1653 1045 1746 1096; x_wconf 82' lang='grc' dir='ltr'><strong>καὶ</strong></span> <span class='ocrx_word' id='word_1_67' title='bbox 1778 1044 1939 1112; x_wconf 83' lang='grc' dir='ltr'>ἁγίας</span> 
     </span>
    </p>
   </div>
   <div class='ocr_carea' id='block_1_12' title="bbox 360 1119 1941 1205">
    <p class='ocr_par' dir='ltr' id='par_1_12' title="bbox 360 1119 1941 1205">
     <span class='ocr_line' id='line_1_12' title="bbox 360 1119 1941 1205; baseline 0.012 -34"><span class='ocrx_word' id='word_1_68' title='bbox 360 1119 606 1190; x_wconf 79' lang='grc' dir='ltr'><strong>Γραφάς,</strong></span> <span class='ocrx_word' id='word_1_69' title='bbox 644 1124 738 1176; x_wconf 82' lang='grc' dir='ltr'><strong>καὶ</strong></span> <span class='ocrx_word' id='word_1_70' title='bbox 768 1125 876 1180; x_wconf 77' lang='grc' dir='ltr'><strong>ἀπὸ</strong></span> <span class='ocrx_word' id='word_1_71' title='bbox 915 1128 1011 1181; x_wconf 89' lang='grc' dir='ltr'><strong>τοῦ</strong></span> <span class='ocrx_word' id='word_1_72' title='bbox 1043 1130 1179 1183; x_wconf 88' lang='grc' dir='ltr'><strong>Θεοῦ</strong></span> <span class='ocrx_word' id='word_1_73' title='bbox 1210 1131 1520 1201; x_wconf 72' lang='grc' dir='ltr'><strong>δεδομένας.</strong></span> <span class='ocrx_word' id='word_1_74' title='bbox 1570 1134 1781 1205; x_wconf 82' lang='grc' dir='ltr'><strong>Σκέψαι</strong></span> <span class='ocrx_word' id='word_1_75' title='bbox 1822 1136 1941 1189; x_wconf 84' lang='grc' dir='ltr'><strong>τοί-</strong></span> 
     </span>
    </p>
   </div>
   <div class='ocr_carea' id='block_1_13' title="bbox 360 1215 1938 1295">
    <p class='ocr_par' dir='ltr' id='par_1_13' title="bbox 360 1215 1938 1295">
     <span class='ocr_line' id='line_1_13' title="bbox 360 1215 1938 1295; baseline 0.01 -30"><span class='ocrx_word' id='word_1_76' title='bbox 360 1230 481 1277; x_wconf 84' lang='grc' dir='ltr'><strong>νυν,</strong></span> <span class='ocrx_word' id='word_1_77' title='bbox 516 1215 588 1284; x_wconf 82' lang='grc' dir='ltr'><strong>μή</strong></span> <span class='ocrx_word' id='word_1_78' title='bbox 618 1232 751 1269; x_wconf 85' lang='grc' dir='ltr'><strong>ποτε</strong></span> <span class='ocrx_word' id='word_1_79' title='bbox 779 1218 959 1291; x_wconf 78' lang='grc' dir='ltr'><strong>πάθῃς</strong></span> <span class='ocrx_word' id='word_1_80' title='bbox 987 1221 1292 1291; x_wconf 83' lang='grc' dir='ltr'><strong>παρόμοιον</strong></span> <span class='ocrx_word' id='word_1_81' title='bbox 1314 1227 1431 1287; x_wconf 87' lang='grc' dir='ltr'><strong>τοῖς</strong></span> <span class='ocrx_word' id='word_1_82' title='bbox 1457 1225 1768 1295; x_wconf 77' lang='grc' dir='ltr'><strong>ἱσταμένοις</strong></span> <span class='ocrx_word' id='word_1_83' title='bbox 1800 1226 1938 1279; x_wconf 80' lang='grc' dir='ltr'><strong>ὲπά-</strong></span> 
     </span>
    </p>
   </div>
   <div class='ocr_carea' id='block_1_14' title="bbox 360 1307 1937 1384">
    <p class='ocr_par' dir='ltr' id='par_1_14' title="bbox 360 1307 1937 1384">
     <span class='ocr_line' id='line_1_14' title="bbox 360 1307 1937 1384; baseline 0.007 -25"><span class='ocrx_word' id='word_1_84' title='bbox 360 1325 438 1360; x_wconf 91' lang='grc' dir='ltr'><strong>νω</strong></span> <span class='ocrx_word' id='word_1_85' title='bbox 471 1307 784 1380; x_wconf 78' lang='grc' dir='ltr'><strong>θησαυρῶν,</strong></span> <span class='ocrx_word' id='word_1_86' title='bbox 819 1312 913 1364; x_wconf 78' lang='grc' dir='ltr'><strong>καὶ</strong></span> <span class='ocrx_word' id='word_1_87' title='bbox 949 1313 1024 1384; x_wconf 83' lang='grc' dir='ltr'><strong>μὴ</strong></span> <span class='ocrx_word' id='word_1_88' title='bbox 1058 1313 1423 1382; x_wconf 79' lang='grc' dir='ltr'><strong>γινώσκουσιν</strong></span> <span class='ocrx_word' id='word_1_89' title='bbox 1477 1317 1611 1371; x_wconf 83' lang='grc' dir='ltr'><strong>ἔνθα</strong></span> <span class='ocrx_word' id='word_1_90' title='bbox 1668 1318 1937 1380; x_wconf 81' lang='grc' dir='ltr'><strong>ἵστανται,</strong></span> 
     </span>
    </p>
   </div>
   <div class='ocr_carea' id='block_1_15' title="bbox 360 1399 1942 1485">
    <p class='ocr_par' dir='ltr' id='par_1_15' title="bbox 360 1399 1942 1485">
     <span class='ocr_line' id='line_1_15' title="bbox 360 1399 1942 1485; baseline 0.008 -34"><span class='ocrx_word' id='word_1_91' title='bbox 360 1399 454 1451; x_wconf 71' lang='grc' dir='ltr'><strong>καὶ</strong></span> <span class='ocrx_word' id='word_1_92' title='bbox 481 1401 534 1452; x_wconf 90' lang='grc' dir='ltr'><strong>τί</strong></span> <span class='ocrx_word' id='word_1_93' title='bbox 582 1402 700 1454; x_wconf 76' lang='grc' dir='ltr'><strong>ἔστι</strong></span> <span class='ocrx_word' id='word_1_94' title='bbox 744 1402 969 1485; x_wconf 76' lang='grc' dir='ltr'><strong>πλησίον</strong></span> <span class='ocrx_word' id='word_1_95' title='bbox 992 1405 1232 1471; x_wconf 75' lang='grc' dir='ltr'><strong>τούτοις.</strong></span> <span class='ocrx_word' id='word_1_96' title='bbox 1281 1409 1391 1461; x_wconf 83' lang='lat' dir='ltr'><strong>Kal</strong></span> <span class='ocrx_word' id='word_1_97' title='bbox 1424 1410 1536 1480; x_wconf 73' lang='grc' dir='ltr'><strong>γὰρ</strong></span> <span class='ocrx_word' id='word_1_98' title='bbox 1582 1413 1780 1463; x_wconf 74' lang='grc' dir='ltr'><strong>ἐκεῖνοι</strong></span> <span class='ocrx_word' id='word_1_99' title='bbox 1813 1428 1942 1479; x_wconf 85' lang='grc' dir='ltr'><strong>σχε-</strong></span> 
     </span>
    </p>
   </div>
   <div class='ocr_carea' id='block_1_16' title="bbox 358 1491 1943 1572">
    <p class='ocr_par' dir='ltr' id='par_1_16' title="bbox 358 1491 1943 1572">
     <span class='ocr_line' id='line_1_16' title="bbox 358 1491 1943 1572; baseline 0.008 -29"><span class='ocrx_word' id='word_1_100' title='bbox 358 1491 447 1544; x_wconf 81' lang='grc' dir='ltr'><strong>δὸν</strong></span> <span class='ocrx_word' id='word_1_101' title='bbox 477 1493 534 1544; x_wconf 75' lang='grc' dir='ltr'><strong>ὲν</strong></span> <span class='ocrx_word' id='word_1_102' title='bbox 559 1495 679 1556; x_wconf 82' lang='grc' dir='ltr'><strong>ταῖς</strong></span> <span class='ocrx_word' id='word_1_103' title='bbox 713 1495 923 1549; x_wconf 78' lang='grc' dir='ltr'><strong>ἑαυτῶν</strong></span> <span class='ocrx_word' id='word_1_104' title='bbox 949 1499 1140 1569; x_wconf 77' lang='grc' dir='ltr'><strong>χερσὶν</strong></span> <span class='ocrx_word' id='word_1_105' title='bbox 1185 1499 1367 1569; x_wconf 78' lang='grc' dir='ltr'><strong>ἔχουσι</strong></span> <span class='ocrx_word' id='word_1_106' title='bbox 1406 1501 1498 1555; x_wconf 81' lang='grc' dir='ltr'><strong>τὸν</strong></span> <span class='ocrx_word' id='word_1_107' title='bbox 1541 1502 1719 1572; x_wconf 81' lang='grc' dir='ltr'><strong>μέγαν</strong></span> <span class='ocrx_word' id='word_1_108' title='bbox 1778 1501 1943 1556; x_wconf 85' lang='grc' dir='ltr'><strong>πλοῦ-</strong></span> 
     </span>
    </p>
   </div>
   <div class='ocr_carea' id='block_1_17' title="bbox 357 1584 1929 1663">
    <p class='ocr_par' dir='ltr' id='par_1_17' title="bbox 357 1584 1929 1663">
     <span class='ocr_line' id='line_1_17' title="bbox 357 1584 1929 1663; baseline 0.009 -30"><span class='ocrx_word' id='word_1_109' title='bbox 357 1600 473 1649; x_wconf 78' lang='grc' dir='ltr'><strong>τον,</strong></span> <span class='ocrx_word' id='word_1_110' title='bbox 498 1584 603 1637; x_wconf 76' lang='grc' dir='ltr'><strong>ἀπὸ</strong></span> <span class='ocrx_word' id='word_1_111' title='bbox 631 1585 683 1638; x_wconf 77' lang='grc' dir='ltr'><strong>δὲ</strong></span> <span class='ocrx_word' id='word_1_112' title='bbox 712 1587 934 1655; x_wconf 82' lang='grc' dir='ltr'><strong>ἀγνοίας</strong></span> <span class='ocrx_word' id='word_1_113' title='bbox 978 1590 1186 1644; x_wconf 89' lang='grc' dir='ltr'><strong>τούτων</strong></span> <span class='ocrx_word' id='word_1_114' title='bbox 1216 1594 1407 1654; x_wconf 76' lang='grc' dir='ltr'><strong>κεναῖς</strong></span> <span class='ocrx_word' id='word_1_115' title='bbox 1440 1593 1777 1663; x_wconf 76' lang='grc' dir='ltr'><strong>ἀπέρχονται</strong></span> <span class='ocrx_word' id='word_1_116' title='bbox 1803 1596 1929 1657; x_wconf 82' lang='grc' dir='ltr'><strong>ταῖς</strong></span> 
     </span>
    </p>
   </div>
   <div class='ocr_carea' id='block_1_18' title="bbox 358 1675 1942 1752">
    <p class='ocr_par' dir='ltr' id='par_1_18' title="bbox 358 1675 1942 1752">
     <span class='ocr_line' id='line_1_18' title="bbox 358 1675 1942 1752; baseline 0.006 -26"><span class='ocrx_word' id='word_1_117' title='bbox 358 1675 537 1744; x_wconf 75' lang='grc' dir='ltr'><strong>χερσὶ,</strong></span> <span class='ocrx_word' id='word_1_118' title='bbox 578 1676 671 1729; x_wconf 79' lang='grc' dir='ltr'><strong>καὶ</strong></span> <span class='ocrx_word' id='word_1_119' title='bbox 704 1678 819 1739; x_wconf 81' lang='grc' dir='ltr'><strong>τοῖς</strong></span> <span class='ocrx_word' id='word_1_120' title='bbox 861 1680 1173 1749; x_wconf 75' lang='grc' dir='ltr'><strong>ἱσταμένοις</strong></span> <span class='ocrx_word' id='word_1_121' title='bbox 1210 1682 1378 1750; x_wconf 84' lang='grc' dir='ltr'><strong>μέσον</strong></span> <span class='ocrx_word' id='word_1_122' title='bbox 1428 1682 1664 1752; x_wconf 80' lang='grc' dir='ltr'><strong>ποτίμου</strong></span> <span class='ocrx_word' id='word_1_123' title='bbox 1695 1685 1788 1737; x_wconf 79' lang='grc' dir='ltr'><strong>καὶ</strong></span> <span class='ocrx_word' id='word_1_124' title='bbox 1817 1683 1942 1735; x_wconf 88' lang='grc' dir='ltr'><strong>διει-</strong></span> 
     </span>
    </p>
   </div>
   <div class='ocr_carea' id='block_1_19' title="bbox 360 1766 1939 1844">
    <p class='ocr_par' dir='ltr' id='par_1_19' title="bbox 360 1766 1939 1844">
     <span class='ocr_line' id='line_1_19' title="bbox 360 1766 1939 1844; baseline 0.004 -25"><span class='ocrx_word' id='word_1_125' title='bbox 360 1766 626 1835; x_wconf 82' lang='grc' dir='ltr'><strong>δεστάτης</strong></span> <span class='ocrx_word' id='word_1_126' title='bbox 655 1767 934 1839; x_wconf 82' lang='grc' dir='ltr'><strong>βρώσεως,</strong></span> <span class='ocrx_word' id='word_1_127' title='bbox 953 1772 1049 1825; x_wconf 80' lang='grc' dir='ltr'><strong>καὶ</strong></span> <span class='ocrx_word' id='word_1_128' title='bbox 1064 1774 1466 1844; x_wconf 84' lang='grc' dir='ltr'><strong>ἀπερχομένοις</strong></span> <span class='ocrx_word' id='word_1_129' title='bbox 1489 1773 1739 1844; x_wconf 83' lang='grc' dir='ltr'><strong>διψῶσιν.</strong></span> <span class='ocrx_word' id='word_1_130' title='bbox 1777 1774 1939 1828; x_wconf 79' lang='grc' dir='ltr'><strong>Ἀλλὰ</strong></span> 
     </span>
    </p>
   </div>
   <div class='ocr_carea' id='block_1_20' title="bbox 2042 586 3630 660">
    <p class='ocr_par' dir='ltr' id='par_1_20' title="bbox 2042 586 3630 660">
     <span class='ocr_line' id='line_1_20' title="bbox 2042 586 3630 660; baseline 0.003 -21"><span class='ocrx_word' id='word_1_131' title='bbox 2042 586 2493 657; x_wconf 87' lang='lat' dir='ltr'><strong>rusticitatisque,</strong></span> <span class='ocrx_word' id='word_1_132' title='bbox 2547 603 2655 657; x_wconf 87' lang='lat' dir='ltr'><strong>qua</strong></span> <span class='ocrx_word' id='word_1_133' title='bbox 2711 602 2953 658; x_wconf 88' lang='lat' dir='ltr'><strong>premor,</strong></span> <span class='ocrx_word' id='word_1_134' title='bbox 3026 587 3293 642; x_wconf 87' lang='lat' dir='ltr'><strong>rationem</strong></span> <span class='ocrx_word' id='word_1_135' title='bbox 3352 588 3630 660; x_wconf 71' lang='lat' dir='ltr'><strong>Apologia:</strong></span> 
     </span>
    </p>
   </div>
   <div class='ocr_carea' id='block_1_21' title="bbox 2042 676 3626 745">
    <p class='ocr_par' dir='ltr' id='par_1_21' title="bbox 2042 676 3626 745">
     <span class='ocr_line' id='line_1_21' title="bbox 2042 676 3626 745; baseline 0.004 -16"><span class='ocrx_word' id='word_1_136' title='bbox 2042 684 2247 731; x_wconf 75' lang='lat' dir='ltr'><strong>nostra:</strong></span> <span class='ocrx_word' id='word_1_137' title='bbox 2285 677 2518 731; x_wconf 85' lang='lat' dir='ltr'><strong>reddere</strong></span> <span class='ocrx_word' id='word_1_138' title='bbox 2564 677 2801 740; x_wconf 86' lang='lat' dir='ltr'><strong>institui,</strong></span> <span class='ocrx_word' id='word_1_139' title='bbox 2832 686 2886 731; x_wconf 91' lang='lat' dir='ltr'><strong>et</strong></span> <span class='ocrx_word' id='word_1_140' title='bbox 2926 676 3221 732; x_wconf 82' lang='lat' dir='ltr'><strong>ostendere</strong></span> <span class='ocrx_word' id='word_1_141' title='bbox 3270 693 3334 733; x_wconf 89' lang='lat' dir='ltr'><strong>ea</strong></span> <span class='ocrx_word' id='word_1_142' title='bbox 3386 679 3510 745; x_wconf 86' lang='lat' dir='ltr'><strong>tibi,</strong></span> <span class='ocrx_word' id='word_1_143' title='bbox 3561 681 3626 736; x_wconf 89' lang='lat' dir='ltr'><strong>de</strong></span> 
     </span>
    </p>
   </div>
   <div class='ocr_carea' id='block_1_22' title="bbox 2040 766 3601 843">
    <p class='ocr_par' dir='ltr' id='par_1_22' title="bbox 2040 766 3601 843">
     <span class='ocr_line' id='line_1_22' title="bbox 2040 766 3601 843; baseline 0.003 -23"><span class='ocrx_word' id='word_1_144' title='bbox 2040 766 2246 836; x_wconf 86' lang='lat' dir='ltr'><strong>quibus</strong></span> <span class='ocrx_word' id='word_1_145' title='bbox 2279 768 2585 823; x_wconf 88' lang='lat' dir='ltr'><strong>dubitando</strong></span> <span class='ocrx_word' id='word_1_146' title='bbox 2613 769 3044 839; x_wconf 83' lang='lat' dir='ltr'><strong>interrogavisti,</strong></span> <span class='ocrx_word' id='word_1_147' title='bbox 3090 785 3326 839; x_wconf 90' lang='lat' dir='ltr'><strong>quorum</strong></span> <span class='ocrx_word' id='word_1_148' title='bbox 3357 771 3601 843; x_wconf 81' lang='lat' dir='ltr'><strong>cognitio</strong></span> 
     </span>
    </p>
   </div>
   <div class='ocr_carea' id='block_1_23' title="bbox 2042 859 3627 933">
    <p class='ocr_par' dir='ltr' id='par_1_23' title="bbox 2042 859 3627 933">
     <span class='ocr_line' id='line_1_23' title="bbox 2042 859 3627 933; baseline 0.004 -21"><span class='ocrx_word' id='word_1_149' title='bbox 2042 874 2167 933; x_wconf 87' lang='lat' dir='ltr'><strong>nem</strong></span> <span class='ocrx_word' id='word_1_150' title='bbox 2211 859 2328 929; x_wconf 90' lang='lat' dir='ltr'><strong>ipse</strong></span> <span class='ocrx_word' id='word_1_151' title='bbox 2366 861 2598 916; x_wconf 86' lang='lat' dir='ltr'><strong>auribus</strong></span> <span class='ocrx_word' id='word_1_152' title='bbox 2631 863 2851 933; x_wconf 85' lang='lat' dir='ltr'><strong>percepi</strong></span> <span class='ocrx_word' id='word_1_153' title='bbox 2885 872 2938 917; x_wconf 90' lang='lat' dir='ltr'><strong>et</strong></span> <span class='ocrx_word' id='word_1_154' title='bbox 2976 863 3160 917; x_wconf 90' lang='lat' dir='ltr'><strong>animo</strong></span> <span class='ocrx_word' id='word_1_155' title='bbox 3205 864 3435 918; x_wconf 90' lang='lat' dir='ltr'><strong>edoctus</strong></span> <span class='ocrx_word' id='word_1_156' title='bbox 3481 879 3627 929; x_wconf 90' lang='lat' dir='ltr'><strong>sum,</strong></span> 
     </span>
    </p>
   </div>
   <div class='ocr_carea' id='block_1_24' title="bbox 2041 932 3629 1026">
    <p class='ocr_par' dir='ltr' id='par_1_24' title="bbox 2041 932 3629 1026">
     <span class='ocr_line' id='line_1_24' title="bbox 2041 932 3629 1026; baseline 0.004 -21"><span class='ocrx_word' id='word_1_157' title='bbox 2041 932 2138 1006; x_wconf 78' lang='lat' dir='ltr'><strong>Dei</strong></span> <span class='ocrx_word' id='word_1_158' title='bbox 2168 952 2374 1007; x_wconf 84' lang='lat' dir='ltr'><strong>auxilio</strong></span> <span class='ocrx_word' id='word_1_159' title='bbox 2400 953 2661 1009; x_wconf 90' lang='lat' dir='ltr'><strong>nimirum</strong></span> <span class='ocrx_word' id='word_1_160' title='bbox 2702 955 2878 1009; x_wconf 90' lang='lat' dir='ltr'><strong>oculis</strong></span> <span class='ocrx_word' id='word_1_161' title='bbox 2916 954 3055 1009; x_wconf 85' lang='lat' dir='ltr'><strong>meis</strong></span> <span class='ocrx_word' id='word_1_162' title='bbox 3099 956 3326 1025; x_wconf 84' lang='lat' dir='ltr'><strong>apertis,</strong></span> <span class='ocrx_word' id='word_1_163' title='bbox 3360 971 3555 1026; x_wconf 88' lang='lat' dir='ltr'><strong>tneque</strong></span> <span class='ocrx_word' id='word_1_164' title='bbox 3599 974 3629 1012; x_wconf 91' lang='lat' dir='ltr'><strong>a</strong></span> 
     </span>
    </p>
   </div>
   <div class='ocr_carea' id='block_1_25' title="bbox 2043 1033 3630 1116">
    <p class='ocr_par' dir='ltr' id='par_1_25' title="bbox 2043 1033 3630 1116">
     <span class='ocr_line' id='line_1_25' title="bbox 2043 1033 3630 1116; baseline 0.004 -21"><span class='ocrx_word' id='word_1_165' title='bbox 2043 1057 2206 1107; x_wconf 88' lang='lat' dir='ltr'><strong>vana,</strong></span> <span class='ocrx_word' id='word_1_166' title='bbox 2242 1058 2518 1111; x_wconf 84' lang='lat' dir='ltr'><strong>perversa,</strong></span> <span class='ocrx_word' id='word_1_167' title='bbox 2552 1060 2581 1098; x_wconf 89' lang='lat' dir='ltr'><strong>a</strong></span> <span class='ocrx_word' id='word_1_168' title='bbox 2610 1046 2863 1115; x_wconf 88' lang='lat' dir='ltr'><strong>patribus</strong></span> <span class='ocrx_word' id='word_1_169' title='bbox 2888 1033 3097 1102; x_wconf 50' lang='lat' dir='ltr'><strong>&#39;tradita</strong></span> <span class='ocrx_word' id='word_1_170' title='bbox 3127 1048 3523 1116; x_wconf 85' lang='lat' dir='ltr'><strong>superstitione</strong></span> <span class='ocrx_word' id='word_1_171' title='bbox 3560 1046 3630 1101; x_wconf 89' lang='lat' dir='ltr'><strong>ad</strong></span> 
     </span>
    </p>
   </div>
   <div class='ocr_carea' id='block_1_26' title="bbox 2043 1120 3631 1205">
    <p class='ocr_par' dir='ltr' id='par_1_26' title="bbox 2043 1120 3631 1205">
     <span class='ocr_line' id='line_1_26' title="bbox 2043 1120 3631 1205; baseline 0.006 -20"><span class='ocrx_word' id='word_1_172' title='bbox 2043 1129 2315 1187; x_wconf 80' lang='lat' dir='ltr'><strong>sinceram</strong></span> <span class='ocrx_word' id='word_1_173' title='bbox 2354 1145 2409 1189; x_wconf 92' lang='lat' dir='ltr'><strong>et</strong></span> <span class='ocrx_word' id='word_1_174' title='bbox 2440 1136 2774 1205; x_wconf 89' lang='lat' dir='ltr'><strong>inculpatam</strong></span> <span class='ocrx_word' id='word_1_175' title='bbox 2822 1137 3026 1195; x_wconf 80' lang='lat' dir='ltr'><strong>Christi</strong></span> <span class='ocrx_word' id='word_1_176' title='bbox 3080 1139 3240 1191; x_wconf 86' lang='lat' dir='ltr'><strong>[idem</strong></span> <span class='ocrx_word' id='word_1_177' title='bbox 3280 1148 3335 1193; x_wconf 90' lang='lat' dir='ltr'><strong>et</strong></span> <span class='ocrx_word' id='word_1_178' title='bbox 3383 1120 3631 1194; x_wconf 68' lang='lat' dir='ltr'><strong>veritatis</strong></span> 
     </span>
    </p>
   </div>
   <div class='ocr_carea' id='block_1_27' title="bbox 2042 1224 3629 1299">
    <p class='ocr_par' dir='ltr' id='par_1_27' title="bbox 2042 1224 3629 1299">
     <span class='ocr_line' id='line_1_27' title="bbox 2042 1224 3629 1299; baseline 0.005 -21"><span class='ocrx_word' id='word_1_179' title='bbox 2042 1224 2186 1278; x_wconf 86' lang='lat' dir='ltr'><strong>viam</strong></span> <span class='ocrx_word' id='word_1_180' title='bbox 2229 1241 2518 1282; x_wconf 86' lang='lat' dir='ltr'><strong>converso.</strong></span> <span class='ocrx_word' id='word_1_181' title='bbox 2545 1226 2747 1283; x_wconf 83' lang='lat' dir='ltr'><strong>Ilortor</strong></span> <span class='ocrx_word' id='word_1_182' title='bbox 2779 1229 2985 1299; x_wconf 82' lang='lat' dir='ltr'><strong>itaque,</strong></span> <span class='ocrx_word' id='word_1_183' title='bbox 3034 1239 3094 1285; x_wconf 92' lang='lat' dir='ltr'><strong>ut</strong></span> <span class='ocrx_word' id='word_1_184' title='bbox 3134 1239 3380 1285; x_wconf 88' lang='lat' dir='ltr'><strong>attentus</strong></span> <span class='ocrx_word' id='word_1_185' title='bbox 3412 1232 3629 1287; x_wconf 85' lang='lat' dir='ltr'><strong>audias.</strong></span> 
     </span>
    </p>
   </div>
   <div class='ocr_carea' id='block_1_28' title="bbox 2042 1315 3632 1392">
    <p class='ocr_par' dir='ltr' id='par_1_28' title="bbox 2042 1315 3632 1392">
     <span class='ocr_line' id='line_1_28' title="bbox 2042 1315 3632 1392; baseline 0.004 -23"><span class='ocrx_word' id='word_1_186' title='bbox 2042 1315 2191 1371; x_wconf 84' lang='lat' dir='ltr'><strong>Nihil</strong></span> <span class='ocrx_word' id='word_1_187' title='bbox 2220 1318 2367 1371; x_wconf 91' lang='lat' dir='ltr'><strong>enim</strong></span> <span class='ocrx_word' id='word_1_188' title='bbox 2392 1333 2459 1372; x_wconf 75' lang='lat' dir='ltr'><strong>ex</strong></span> <span class='ocrx_word' id='word_1_189' title='bbox 2492 1334 2577 1373; x_wconf 92' lang='lat' dir='ltr'><strong>me</strong></span> <span class='ocrx_word' id='word_1_190' title='bbox 2602 1319 2852 1374; x_wconf 90' lang='lat' dir='ltr'><strong>dicturus</strong></span> <span class='ocrx_word' id='word_1_191' title='bbox 2878 1336 3025 1385; x_wconf 88' lang='lat' dir='ltr'><strong>sum,</strong></span> <span class='ocrx_word' id='word_1_192' title='bbox 3068 1337 3248 1391; x_wconf 81' lang='lat' dir='ltr'><strong>neque</strong></span> <span class='ocrx_word' id='word_1_193' title='bbox 3292 1338 3360 1375; x_wconf 80' lang='lat' dir='ltr'><strong>ex</strong></span> <span class='ocrx_word' id='word_1_194' title='bbox 3396 1322 3479 1375; x_wconf 86' lang='lat' dir='ltr'><strong>his</strong></span> <span class='ocrx_word' id='word_1_195' title='bbox 3509 1337 3632 1392; x_wconf 72' lang='lat' dir='ltr'><strong>qua:</strong></span> 
     </span>
    </p>
   </div>
   <div class='ocr_carea' id='block_1_29' title="bbox 2044 1408 3632 1482">
    <p class='ocr_par' dir='ltr' id='par_1_29' title="bbox 2044 1408 3632 1482">
     <span class='ocr_line' id='line_1_29' title="bbox 2044 1408 3632 1482; baseline 0.003 -19"><span class='ocrx_word' id='word_1_196' title='bbox 2044 1424 2073 1463; x_wconf 86' lang='lat' dir='ltr'><strong>a</strong></span> <span class='ocrx_word' id='word_1_197' title='bbox 2099 1408 2257 1465; x_wconf 80' lang='lat' dir='ltr'><strong>vobis</strong></span> <span class='ocrx_word' id='word_1_198' title='bbox 2288 1425 2398 1464; x_wconf 91' lang='lat' dir='ltr'><strong>non</strong></span> <span class='ocrx_word' id='word_1_199' title='bbox 2428 1411 2797 1482; x_wconf 88' lang='lat' dir='ltr'><strong>recipiuntur,</strong></span> <span class='ocrx_word' id='word_1_200' title='bbox 2830 1413 2925 1469; x_wconf 89' lang='lat' dir='ltr'><strong>sed</strong></span> <span class='ocrx_word' id='word_1_201' title='bbox 2970 1429 3160 1467; x_wconf 88' lang='lat' dir='ltr'><strong>eorum</strong></span> <span class='ocrx_word' id='word_1_202' title='bbox 3206 1422 3329 1469; x_wconf 86' lang='lat' dir='ltr'><strong>utar</strong></span> <span class='ocrx_word' id='word_1_203' title='bbox 3357 1414 3632 1468; x_wconf 87' lang='lat' dir='ltr'><strong>librorum</strong></span> 
     </span>
    </p>
   </div>
   <div class='ocr_carea' id='block_1_30' title="bbox 2048 1500 3633 1575">
    <p class='ocr_par' dir='ltr' id='par_1_30' title="bbox 2048 1500 3633 1575">
     <span class='ocr_line' id='line_1_30' title="bbox 2048 1500 3633 1575; baseline 0.006 -23"><span class='ocrx_word' id='word_1_204' title='bbox 2048 1500 2407 1565; x_wconf 90' lang='lat' dir='ltr'><strong>testimoniis,</strong></span> <span class='ocrx_word' id='word_1_205' title='bbox 2457 1518 2598 1571; x_wconf 88' lang='lat' dir='ltr'><strong>quos</strong></span> <span class='ocrx_word' id='word_1_206' title='bbox 2646 1518 2839 1559; x_wconf 87' lang='lat' dir='ltr'><strong>omnes</strong></span> <span class='ocrx_word' id='word_1_207' title='bbox 2887 1503 3219 1561; x_wconf 81' lang='lat' dir='ltr'><strong>Musulmani</strong></span> <span class='ocrx_word' id='word_1_208' title='bbox 3262 1520 3361 1575; x_wconf 90' lang='lat' dir='ltr'><strong>pro</strong></span> <span class='ocrx_word' id='word_1_209' title='bbox 3392 1505 3541 1560; x_wconf 88' lang='lat' dir='ltr'><strong>veris</strong></span> <span class='ocrx_word' id='word_1_210' title='bbox 3575 1517 3633 1562; x_wconf 90' lang='lat' dir='ltr'><strong>et</strong></span> 
     </span>
    </p>
   </div>
   <div class='ocr_carea' id='block_1_31' title="bbox 2043 1594 3634 1667">
    <p class='ocr_par' dir='ltr' id='par_1_31' title="bbox 2043 1594 3634 1667">
     <span class='ocr_line' id='line_1_31' title="bbox 2043 1594 3634 1667; baseline 0.004 -23"><span class='ocrx_word' id='word_1_211' title='bbox 2043 1594 2412 1647; x_wconf 84' lang='lat' dir='ltr'><strong>sacrosanctis</strong></span> <span class='ocrx_word' id='word_1_212' title='bbox 2464 1594 2772 1663; x_wconf 81' lang='lat' dir='ltr'><strong>Scripturis</strong></span> <span class='ocrx_word' id='word_1_213' title='bbox 2807 1613 2835 1649; x_wconf 91' lang='lat' dir='ltr'><strong>a</strong></span> <span class='ocrx_word' id='word_1_214' title='bbox 2888 1597 2999 1650; x_wconf 84' lang='lat' dir='ltr'><strong>Deo</strong></span> <span class='ocrx_word' id='word_1_215' title='bbox 3039 1595 3182 1651; x_wconf 84' lang='lat' dir='ltr'><strong>datis</strong></span> <span class='ocrx_word' id='word_1_216' title='bbox 3226 1610 3535 1667; x_wconf 83' lang='lat' dir='ltr'><strong>agnoscunt</strong></span> <span class='ocrx_word' id='word_1_217' title='bbox 3577 1606 3634 1651; x_wconf 87' lang='lat' dir='ltr'><strong>et</strong></span> 
     </span>
    </p>
   </div>
   <div class='ocr_carea' id='block_1_32' title="bbox 2014 1682 3632 1757">
    <p class='ocr_par' dir='ltr' id='par_1_32' title="bbox 2014 1682 3632 1757">
     <span class='ocr_line' id='line_1_32' title="bbox 2014 1682 3632 1757; baseline 0.004 -22"><span class='ocrx_word' id='word_1_218' title='bbox 2014 1682 2310 1739; x_wconf 77' lang='lat' dir='ltr'><strong>~fatentur.</strong></span> <span class='ocrx_word' id='word_1_219' title='bbox 2349 1683 2457 1740; x_wconf 87' lang='lat' dir='ltr'><strong>Fac</strong></span> <span class='ocrx_word' id='word_1_220' title='bbox 2494 1685 2682 1756; x_wconf 88' lang='lat' dir='ltr'><strong>igitur,</strong></span> <span class='ocrx_word' id='word_1_221' title='bbox 2726 1702 2795 1741; x_wconf 91' lang='lat' dir='ltr'><strong>ne</strong></span> <span class='ocrx_word' id='word_1_222' title='bbox 2831 1686 2929 1741; x_wconf 89' lang='lat' dir='ltr'><strong>tibi</strong></span> <span class='ocrx_word' id='word_1_223' title='bbox 2973 1687 3116 1742; x_wconf 90' lang='lat' dir='ltr'><strong>idem</strong></span> <span class='ocrx_word' id='word_1_224' title='bbox 3146 1688 3451 1756; x_wconf 79' lang='lat' dir='ltr'><strong>contingat.</strong></span> <span class='ocrx_word' id='word_1_225' title='bbox 3482 1687 3632 1757; x_wconf 87' lang='lat' dir='ltr'><strong>quod</strong></span> 
     </span>
    </p>
   </div>
   <div class='ocr_carea' id='block_1_33' title="bbox 2048 1776 3637 1845">
    <p class='ocr_par' dir='ltr' id='par_1_33' title="bbox 2048 1776 3637 1845">
     <span class='ocr_line' id='line_1_33' title="bbox 2048 1776 3637 1845; baseline 0.002 -16"><span class='ocrx_word' id='word_1_226' title='bbox 2048 1776 2117 1830; x_wconf 93' lang='lat' dir='ltr'><strong>iis</strong></span> <span class='ocrx_word' id='word_1_227' title='bbox 2142 1776 2237 1845; x_wconf 92' lang='lat' dir='ltr'><strong>qui</strong></span> <span class='ocrx_word' id='word_1_228' title='bbox 2263 1776 2540 1833; x_wconf 85' lang='lat' dir='ltr'><strong>thesauris</strong></span> <span class='ocrx_word' id='word_1_229' title='bbox 2567 1776 2618 1832; x_wconf 88' lang='lat' dir='ltr'><strong>in</strong></span> <span class='ocrx_word' id='word_1_230' title='bbox 2645 1786 2845 1833; x_wconf 88' lang='lat' dir='ltr'><strong>terram</strong></span> <span class='ocrx_word' id='word_1_231' title='bbox 2880 1779 3113 1835; x_wconf 79' lang='lat' dir='ltr'><strong>defossis</strong></span> <span class='ocrx_word' id='word_1_232' title='bbox 3141 1778 3482 1845; x_wconf 82' lang='lat' dir='ltr'><strong>insistentes,</strong></span> <span class='ocrx_word' id='word_1_233' title='bbox 3515 1780 3637 1833; x_wconf 81' lang='lat' dir='ltr'><strong>cui-</strong></span> 
     </span>
    </p>
   </div>
   <div class='ocr_carea' id='block_1_34' title="bbox 359 1859 1944 1941">
    <p class='ocr_par' dir='ltr' id='par_1_34' title="bbox 359 1859 1942 1937">
     <span class='ocr_line' id='line_1_34' title="bbox 359 1859 1942 1937; baseline 0.006 -26"><span class='ocrx_word' id='word_1_234' title='bbox 359 1859 519 1927; x_wconf 87' lang='grc' dir='ltr'><strong>γενοῦ</strong></span> <span class='ocrx_word' id='word_1_235' title='bbox 552 1862 739 1929; x_wconf 81' lang='grc' dir='ltr'><strong>ὅμοιος</strong></span> <span class='ocrx_word' id='word_1_236' title='bbox 787 1867 899 1926; x_wconf 75' lang='grc' dir='ltr'><strong>τοῖς</strong></span> <span class='ocrx_word' id='word_1_237' title='bbox 946 1863 1185 1918; x_wconf 86' lang='grc' dir='ltr'><strong>κοπιῶσι</strong></span> <span class='ocrx_word' id='word_1_238' title='bbox 1246 1868 1341 1918; x_wconf 66' lang='grc' dir='ltr'><strong>καὶ</strong></span> <span class='ocrx_word' id='word_1_239' title='bbox 1390 1866 1657 1937; x_wconf 76' lang='grc' dir='ltr'><strong>ἱδροῦσιν,</strong></span> <span class='ocrx_word' id='word_1_240' title='bbox 1709 1868 1796 1921; x_wconf 83' lang='grc' dir='ltr'><strong>ἵνα</strong></span> <span class='ocrx_word' id='word_1_241' title='bbox 1851 1870 1942 1922; x_wconf 76' lang='grc' dir='ltr'><strong>τὸν</strong></span> 
     </span>
    </p>
   </div>
   <div class='ocr_carea' id='block_1_35' title="bbox 2046 1859 3632 1941">
    <p class='ocr_par' dir='ltr' id='par_1_35' title="bbox 2048 1869 3632 1941">
     <span class='ocr_line' id='line_1_35' title="bbox 2048 1869 3632 1941; baseline 0.002 -19"><span class='ocrx_word' id='word_1_242' title='bbox 2048 1884 2173 1922; x_wconf 88' lang='lat' dir='ltr'><strong>nam</strong></span> <span class='ocrx_word' id='word_1_243' title='bbox 2218 1869 2295 1924; x_wconf 88' lang='lat' dir='ltr'><strong>rei</strong></span> <span class='ocrx_word' id='word_1_244' title='bbox 2342 1869 2620 1928; x_wconf 86' lang='lat' dir='ltr'><strong>insistant.</strong></span> <span class='ocrx_word' id='word_1_245' title='bbox 2650 1879 2707 1926; x_wconf 89' lang='lat' dir='ltr'><strong>et</strong></span> <span class='ocrx_word' id='word_1_246' title='bbox 2737 1870 2999 1939; x_wconf 86' lang='lat' dir='ltr'><strong>quidnam</strong></span> <span class='ocrx_word' id='word_1_247' title='bbox 3031 1873 3167 1941; x_wconf 90' lang='lat' dir='ltr'><strong>ipsis</strong></span> <span class='ocrx_word' id='word_1_248' title='bbox 3202 1872 3511 1941; x_wconf 83' lang='lat' dir='ltr'><strong>proximum</strong></span> <span class='ocrx_word' id='word_1_249' title='bbox 3538 1871 3632 1936; x_wconf 88' lang='lat' dir='ltr'><strong>sit,</strong></span> 
     </span>
    </p>
   </div>
   <div class='ocr_carea' id='block_1_36' title="bbox 320 1954 1942 2029">
    <p class='ocr_par' dir='ltr' id='par_1_36' title="bbox 320 1954 1942 2029">
     <span class='ocr_line' id='line_1_36' title="bbox 320 1954 1942 2029; baseline 0.006 -26"><span class='ocrx_word' id='word_1_250' title='bbox 320 1982 333 1991; x_wconf 61' lang='grc' dir='ltr'><em>κ</em></span> <span class='ocrx_word' id='word_1_251' title='bbox 360 1954 742 2021; x_wconf 78' lang='grc' dir='ltr'><strong>κεκρυμμένον</strong></span> <span class='ocrx_word' id='word_1_252' title='bbox 773 1954 870 2007; x_wconf 80' lang='grc' dir='ltr'><strong>καὶ</strong></span> <span class='ocrx_word' id='word_1_253' title='bbox 899 1956 1099 2025; x_wconf 75' lang='grc' dir='ltr'><strong>,ἀφανῆ</strong></span> <span class='ocrx_word' id='word_1_254' title='bbox 1173 1956 1451 2029; x_wconf 84' lang='grc' dir='ltr'><strong>θησαυρὸν</strong></span> <span class='ocrx_word' id='word_1_255' title='bbox 1521 1959 1801 2013; x_wconf 75' lang='grc' dir='ltr'><strong>ἐκϐάλωσι</strong></span> <span class='ocrx_word' id='word_1_256' title='bbox 1846 1961 1942 2013; x_wconf 69' lang='grc' dir='ltr'><strong>καὶ</strong></span> 
     </span>
    </p>
   </div>
   <div class='ocr_carea' id='block_1_37' title="bbox 364 2044 1943 2121">
    <p class='ocr_par' dir='ltr' id='par_1_37' title="bbox 364 2044 1943 2121">
     <span class='ocr_line' id='line_1_37' title="bbox 364 2044 1943 2121; baseline 0.008 -27"><span class='ocrx_word' id='word_1_257' title='bbox 364 2044 693 2114; x_wconf 74' lang='grc' dir='ltr'><strong>κερδήσωσι,</strong></span> <span class='ocrx_word' id='word_1_258' title='bbox 727 2051 820 2100; x_wconf 74' lang='grc' dir='ltr'><strong>καὶ</strong></span> <span class='ocrx_word' id='word_1_259' title='bbox 853 2047 977 2100; x_wconf 75' lang='grc' dir='ltr'><strong>ἐπεὶ</strong></span> <span class='ocrx_word' id='word_1_260' title='bbox 1004 2048 1074 2101; x_wconf 77' lang='grc' dir='ltr'><strong>τὰ</strong></span> <span class='ocrx_word' id='word_1_261' title='bbox 1113 2050 1225 2112; x_wconf 85' lang='grc' dir='ltr'><strong>τοῖς</strong></span> <span class='ocrx_word' id='word_1_262' title='bbox 1258 2049 1487 2103; x_wconf 86' lang='grc' dir='ltr'><strong>ἀσεϐέσι</strong></span> <span class='ocrx_word' id='word_1_263' title='bbox 1536 2052 1633 2105; x_wconf 70' lang='grc' dir='ltr'><strong>καὶ</strong></span> <span class='ocrx_word' id='word_1_264' title='bbox 1674 2052 1943 2121; x_wconf 82' lang='grc' dir='ltr'><strong>ἀμαθέσιν</strong></span> 
     </span>
    </p>
   </div>
   <div class='ocr_carea' id='block_1_38' title="bbox 369 2137 1941 2215">
    <p class='ocr_par' dir='ltr' id='par_1_38' title="bbox 369 2137 1941 2215">
     <span class='ocr_line' id='line_1_38' title="bbox 369 2137 1941 2215; baseline 0.004 -27"><span class='ocrx_word' id='word_1_265' title='bbox 369 2137 704 2208; x_wconf 74' lang='grc' dir='ltr'><strong>ἀγνοούμενα</strong></span> <span class='ocrx_word' id='word_1_266' title='bbox 733 2138 870 2193; x_wconf 86' lang='grc' dir='ltr'><strong>Θεοῦ</strong></span> <span class='ocrx_word' id='word_1_267' title='bbox 897 2139 1058 2208; x_wconf 85' lang='grc' dir='ltr'><strong>λόγια</strong></span> <span class='ocrx_word' id='word_1_268' title='bbox 1086 2141 1188 2213; x_wconf 72' lang='grc' dir='ltr'><strong>ἠδη</strong></span> <span class='ocrx_word' id='word_1_269' title='bbox 1222 2142 1362 2213; x_wconf 71' lang='grc' dir='ltr'><strong>πρὸς</strong></span> <span class='ocrx_word' id='word_1_270' title='bbox 1396 2143 1458 2195; x_wconf 78' lang='grc' dir='ltr'><strong>τὸ</strong></span> <span class='ocrx_word' id='word_1_271' title='bbox 1488 2143 1666 2215; x_wconf 80' lang='grc' dir='ltr'><strong>παρὸν</strong></span> <span class='ocrx_word' id='word_1_272' title='bbox 1697 2146 1941 2214; x_wconf 73' lang='grc' dir='ltr'><strong>ἐγχειρί-</strong></span> 
     </span>
    </p>
   </div>
   <div class='ocr_carea' id='block_1_39' title="bbox 363 2230 1938 2304">
    <p class='ocr_par' dir='ltr' id='par_1_39' title="bbox 363 2230 1938 2304">
     <span class='ocr_line' id='line_1_39' title="bbox 363 2230 1938 2304; baseline 0.003 -24"><span class='ocrx_word' id='word_1_273' title='bbox 363 2230 545 2292; x_wconf 79' lang='grc' dir='ltr'><strong>ζονταί</strong></span> <span class='ocrx_word' id='word_1_274' title='bbox 609 2245 714 2297; x_wconf 86' lang='grc' dir='ltr'><strong>σοι,</strong></span> <span class='ocrx_word' id='word_1_275' title='bbox 764 2230 1030 2301; x_wconf 81' lang='grc' dir='ltr'><strong>πρόσεξον</strong></span> <span class='ocrx_word' id='word_1_276' title='bbox 1091 2232 1178 2285; x_wconf 80' lang='grc' dir='ltr'><strong>ἵνα</strong></span> <span class='ocrx_word' id='word_1_277' title='bbox 1246 2233 1387 2302; x_wconf 84' lang='grc' dir='ltr'><strong>μετὰ</strong></span> <span class='ocrx_word' id='word_1_278' title='bbox 1446 2234 1938 2304; x_wconf 84' lang='grc' dir='ltr'><strong>μεμεριμνημένου</strong></span> 
     </span>
    </p>
   </div>
   <div class='ocr_carea' id='block_1_40' title="bbox 364 2320 1939 2396">
    <p class='ocr_par' dir='ltr' id='par_1_40' title="bbox 364 2320 1939 2396">
     <span class='ocr_line' id='line_1_40' title="bbox 364 2320 1939 2396; baseline 0.003 -24"><span class='ocrx_word' id='word_1_279' title='bbox 364 2320 562 2374; x_wconf 83' lang='grc' dir='ltr'><strong>σκοποῦ</strong></span> <span class='ocrx_word' id='word_1_280' title='bbox 608 2322 704 2375; x_wconf 80' lang='grc' dir='ltr'><strong>καὶ</strong></span> <span class='ocrx_word' id='word_1_281' title='bbox 728 2324 992 2392; x_wconf 82' lang='grc' dir='ltr'><strong>ἀκριϐοῦς</strong></span> <span class='ocrx_word' id='word_1_282' title='bbox 1029 2323 1330 2388; x_wconf 68' lang='grc' dir='ltr'><strong>ἐξετάσεως</strong></span> <span class='ocrx_word' id='word_1_283' title='bbox 1374 2323 1596 2396; x_wconf 76' lang='grc' dir='ltr'><strong>διέλθῃς</strong></span> <span class='ocrx_word' id='word_1_284' title='bbox 1646 2324 1806 2385; x_wconf 77' lang='grc' dir='ltr'><strong>αὐτὰ,</strong></span> <span class='ocrx_word' id='word_1_285' title='bbox 1842 2327 1939 2379; x_wconf 76' lang='grc' dir='ltr'><strong>καὶ</strong></span> 
     </span>
    </p>
   </div>
   <div class='ocr_carea' id='block_1_41' title="bbox 362 2413 1942 2487">
    <p class='ocr_par' dir='ltr' id='par_1_41' title="bbox 362 2413 1942 2487">
     <span class='ocr_line' id='line_1_41' title="bbox 362 2413 1942 2487; baseline 0.004 -23"><span class='ocrx_word' id='word_1_286' title='bbox 362 2413 646 2484; x_wconf 67' lang='grc' dir='ltr'><strong>ἐμπληθῇς</strong></span> <span class='ocrx_word' id='word_1_287' title='bbox 676 2414 827 2478; x_wconf 81' lang='grc' dir='ltr'><strong>θείας</strong></span> <span class='ocrx_word' id='word_1_288' title='bbox 850 2414 1107 2484; x_wconf 86' lang='grc' dir='ltr'><strong>γνώσεως</strong></span> <span class='ocrx_word' id='word_1_289' title='bbox 1131 2416 1225 2468; x_wconf 72' lang='grc' dir='ltr'><strong>καὶ</strong></span> <span class='ocrx_word' id='word_1_290' title='bbox 1257 2415 1536 2485; x_wconf 75' lang='grc' dir='ltr'><strong>ἀληθείας.</strong></span> <span class='ocrx_word' id='word_1_291' title='bbox 1575 2417 1806 2486; x_wconf 85' lang='grc' dir='ltr'><strong>Μεγάλη</strong></span> <span class='ocrx_word' id='word_1_292' title='bbox 1833 2416 1942 2487; x_wconf 89' lang='grc' dir='ltr'><strong>γάρ</strong></span> 
     </span>
    </p>
   </div>
   <div class='ocr_carea' id='block_1_42' title="bbox 361 2506 1945 2580">
    <p class='ocr_par' dir='ltr' id='par_1_42' title="bbox 361 2506 1945 2580">
     <span class='ocr_line' id='line_1_42' title="bbox 361 2506 1945 2580; baseline 0.003 -23"><span class='ocrx_word' id='word_1_293' title='bbox 361 2506 512 2558; x_wconf 73' lang='grc' dir='ltr'><strong>ἐστιν</strong></span> <span class='ocrx_word' id='word_1_294' title='bbox 567 2507 601 2577; x_wconf 74' lang='grc' dir='ltr'><strong>ἡ</strong></span> <span class='ocrx_word' id='word_1_295' title='bbox 633 2506 743 2561; x_wconf 87' lang='grc' dir='ltr'><strong>τῶν</strong></span> <span class='ocrx_word' id='word_1_296' title='bbox 772 2507 1117 2577; x_wconf 80' lang='grc' dir='ltr'><strong>Χριστιανῶν</strong></span> <span class='ocrx_word' id='word_1_297' title='bbox 1164 2507 1367 2572; x_wconf 83' lang='grc' dir='ltr'><strong>πίστις,</strong></span> <span class='ocrx_word' id='word_1_298' title='bbox 1401 2507 1496 2560; x_wconf 79' lang='grc' dir='ltr'><strong>καὶ</strong></span> <span class='ocrx_word' id='word_1_299' title='bbox 1538 2508 1681 2578; x_wconf 82' lang='grc' dir='ltr'><strong>μέγα</strong></span> <span class='ocrx_word' id='word_1_300' title='bbox 1736 2510 1945 2580; x_wconf 75' lang='grc' dir='ltr'><strong>μυστή-</strong></span> 
     </span>
    </p>
   </div>
   <div class='ocr_carea' id='block_1_43' title="bbox 365 2596 1940 2670">
    <p class='ocr_par' dir='ltr' id='par_1_43' title="bbox 365 2596 1940 2670">
     <span class='ocr_line' id='line_1_43' title="bbox 365 2596 1940 2670; baseline 0.003 -22"><span class='ocrx_word' id='word_1_301' title='bbox 365 2597 491 2665; x_wconf 79' lang='grc' dir='ltr'><strong>ριόν</strong></span> <span class='ocrx_word' id='word_1_302' title='bbox 516 2599 630 2651; x_wconf 87' lang='grc' dir='ltr'><strong>ὲστι</strong></span> <span class='ocrx_word' id='word_1_303' title='bbox 659 2599 761 2670; x_wconf 70' lang='grc' dir='ltr'><strong>τῆς</strong></span> <span class='ocrx_word' id='word_1_304' title='bbox 784 2598 880 2652; x_wconf 88' lang='grc' dir='ltr'><strong>τοῦ</strong></span> <span class='ocrx_word' id='word_1_305' title='bbox 923 2599 1056 2654; x_wconf 85' lang='grc' dir='ltr'><strong>Υἰοῦ</strong></span> <span class='ocrx_word' id='word_1_306' title='bbox 1082 2597 1179 2653; x_wconf 87' lang='grc' dir='ltr'><strong>τοῦ</strong></span> <span class='ocrx_word' id='word_1_307' title='bbox 1205 2596 1344 2652; x_wconf 87' lang='grc' dir='ltr'><strong>Θεοῦ</strong></span> <span class='ocrx_word' id='word_1_308' title='bbox 1375 2599 1710 2668; x_wconf 85' lang='grc' dir='ltr'><strong>σαρκώσεως</strong></span> <span class='ocrx_word' id='word_1_309' title='bbox 1747 2601 1780 2669; x_wconf 78' lang='grc' dir='ltr'><strong>η</strong></span> <span class='ocrx_word' id='word_1_310' title='bbox 1802 2601 1940 2653; x_wconf 71' lang='grc' dir='ltr'><strong>ὑπὸ·</strong></span> 
     </span>
    </p>
   </div>
   <div class='ocr_carea' id='block_1_44' title="bbox 365 2688 534 2752">
    <p class='ocr_par' dir='ltr' id='par_1_44' title="bbox 365 2688 534 2752">
     <span class='ocr_line' id='line_1_44' title="bbox 365 2688 534 2752; baseline 0.024 -11"><span class='ocrx_word' id='word_1_311' title='bbox 365 2688 534 2752; x_wconf 80' lang='grc' dir='ltr'><strong>θεσις.</strong></span> 
     </span>
    </p>
   </div>
   <div class='ocr_carea' id='block_1_45' title="bbox 2045 1960 3629 2033">
    <p class='ocr_par' dir='ltr' id='par_1_45' title="bbox 2045 1960 3629 2033">
     <span class='ocr_line' id='line_1_45' title="bbox 2045 1960 3629 2033; baseline 0.003 -19"><span class='ocrx_word' id='word_1_312' title='bbox 2045 1975 2153 2014; x_wconf 90' lang='lat' dir='ltr'><strong>non</strong></span> <span class='ocrx_word' id='word_1_313' title='bbox 2185 1960 2521 2031; x_wconf 81' lang='lat' dir='ltr'><strong>intelligunt.</strong></span> <span class='ocrx_word' id='word_1_314' title='bbox 2560 1962 2622 2017; x_wconf 82' lang='lat' dir='ltr'><strong>Hi</strong></span> <span class='ocrx_word' id='word_1_315' title='bbox 2654 1962 2800 2017; x_wconf 90' lang='lat' dir='ltr'><strong>enim</strong></span> <span class='ocrx_word' id='word_1_316' title='bbox 2835 1964 3084 2033; x_wconf 87' lang='lat' dir='ltr'><strong>ingentes</strong></span> <span class='ocrx_word' id='word_1_317' title='bbox 3133 1964 3357 2018; x_wconf 78' lang='lat' dir='ltr'><strong>divitias</strong></span> <span class='ocrx_word' id='word_1_318' title='bbox 3418 1972 3629 2018; x_wconf 88' lang='lat' dir='ltr'><strong>tantum</strong></span> 
     </span>
    </p>
   </div>
   <div class='ocr_carea' id='block_1_46' title="bbox 2042 2051 3634 2125">
    <p class='ocr_par' dir='ltr' id='par_1_46' title="bbox 2042 2051 3634 2125">
     <span class='ocr_line' id='line_1_46' title="bbox 2042 2051 3634 2125; baseline 0.005 -22"><span class='ocrx_word' id='word_1_319' title='bbox 2042 2065 2151 2104; x_wconf 89' lang='lat' dir='ltr'><strong>non</strong></span> <span class='ocrx_word' id='word_1_320' title='bbox 2191 2051 2243 2104; x_wconf 92' lang='lat' dir='ltr'><strong>in</strong></span> <span class='ocrx_word' id='word_1_321' title='bbox 2278 2052 2533 2109; x_wconf 88' lang='lat' dir='ltr'><strong>manibus</strong></span> <span class='ocrx_word' id='word_1_322' title='bbox 2576 2054 2865 2118; x_wconf 86' lang='lat' dir='ltr'><strong>habentes,</strong></span> <span class='ocrx_word' id='word_1_323' title='bbox 2892 2066 3118 2125; x_wconf 87' lang='lat' dir='ltr'><strong>propter</strong></span> <span class='ocrx_word' id='word_1_324' title='bbox 3139 2056 3507 2125; x_wconf 87' lang='lat' dir='ltr'><strong>ignorantiam</strong></span> <span class='ocrx_word' id='word_1_325' title='bbox 3536 2057 3634 2111; x_wconf 90' lang='lat' dir='ltr'><strong>ha-</strong></span> 
     </span>
    </p>
   </div>
   <div class='ocr_carea' id='block_1_47' title="bbox 2044 2142 3635 2201">
    <p class='ocr_par' dir='ltr' id='par_1_47' title="bbox 2044 2142 3635 2201">
     <span class='ocr_line' id='line_1_47' title="bbox 2044 2142 3635 2201; baseline 0.005 -9"><span class='ocrx_word' id='word_1_326' title='bbox 2044 2154 2168 2192; x_wconf 89' lang='lat' dir='ltr'><strong>rum</strong></span> <span class='ocrx_word' id='word_1_327' title='bbox 2213 2142 2402 2196; x_wconf 81' lang='lat' dir='ltr'><strong>vacuis</strong></span> <span class='ocrx_word' id='word_1_328' title='bbox 2436 2142 2729 2197; x_wconf 87' lang='lat' dir='ltr'><strong>discedunt</strong></span> <span class='ocrx_word' id='word_1_329' title='bbox 2777 2143 3049 2199; x_wconf 86' lang='lat' dir='ltr'><strong>manibus.</strong></span> <span class='ocrx_word' id='word_1_330' title='bbox 3090 2143 3183 2199; x_wconf 81' lang='lat' dir='ltr'><strong>Vel</strong></span> <span class='ocrx_word' id='word_1_331' title='bbox 3223 2161 3290 2201; x_wconf 90' lang='lat' dir='ltr'><strong>ne</strong></span> <span class='ocrx_word' id='word_1_332' title='bbox 3322 2146 3409 2201; x_wconf 89' lang='lat' dir='ltr'><strong>his</strong></span> <span class='ocrx_word' id='word_1_333' title='bbox 3437 2146 3635 2201; x_wconf 87' lang='lat' dir='ltr'><strong>similis</strong></span> 
     </span>
    </p>
   </div>
   <div class='ocr_carea' id='block_1_48' title="bbox 2043 2235 3635 2306">
    <p class='ocr_par' dir='ltr' id='par_1_48' title="bbox 2043 2235 3635 2306">
     <span class='ocr_line' id='line_1_48' title="bbox 2043 2235 3635 2306; baseline 0.001 -17"><span class='ocrx_word' id='word_1_334' title='bbox 2043 2235 2163 2298; x_wconf 79' lang='lat' dir='ltr'><strong>tias,</strong></span> <span class='ocrx_word' id='word_1_335' title='bbox 2199 2235 2291 2305; x_wconf 86' lang='lat' dir='ltr'><strong>qui</strong></span> <span class='ocrx_word' id='word_1_336' title='bbox 2325 2235 2657 2289; x_wconf 84' lang='lat' dir='ltr'><strong>dulcissimae</strong></span> <span class='ocrx_word' id='word_1_337' title='bbox 2689 2244 2878 2305; x_wconf 83' lang='lat' dir='ltr'><strong>potatu</strong></span> <span class='ocrx_word' id='word_1_338' title='bbox 2928 2246 2984 2290; x_wconf 92' lang='lat' dir='ltr'><strong>et</strong></span> <span class='ocrx_word' id='word_1_339' title='bbox 3022 2236 3422 2306; x_wconf 78' lang='lat' dir='ltr'><strong>limpidissinne</strong></span> <span class='ocrx_word' id='word_1_340' title='bbox 3493 2237 3635 2291; x_wconf 87' lang='lat' dir='ltr'><strong>assi-</strong></span> 
     </span>
    </p>
   </div>
   <div class='ocr_carea' id='block_1_49' title="bbox 2042 2326 3632 2397">
    <p class='ocr_par' dir='ltr' id='par_1_49' title="bbox 2042 2326 3632 2397">
     <span class='ocr_line' id='line_1_49' title="bbox 2042 2326 3632 2397; baseline 0.001 -16"><span class='ocrx_word' id='word_1_341' title='bbox 2042 2337 2250 2381; x_wconf 89' lang='lat' dir='ltr'><strong>stentes</strong></span> <span class='ocrx_word' id='word_1_342' title='bbox 2268 2326 2609 2397; x_wconf 84' lang='lat' dir='ltr'><strong>scaturigini,</strong></span> <span class='ocrx_word' id='word_1_343' title='bbox 2629 2328 2896 2383; x_wconf 86' lang='lat' dir='ltr'><strong>sitibundi</strong></span> <span class='ocrx_word' id='word_1_344' title='bbox 2932 2338 3110 2384; x_wconf 81' lang='lat' dir='ltr'><strong>tamen</strong></span> <span class='ocrx_word' id='word_1_345' title='bbox 3142 2329 3455 2383; x_wconf 88' lang='lat' dir='ltr'><strong>discedunt.</strong></span> <span class='ocrx_word' id='word_1_346' title='bbox 3485 2328 3632 2395; x_wconf 83' lang='lat' dir='ltr'><strong>Quin</strong></span> 
     </span>
    </p>
   </div>
   <div class='ocr_carea' id='block_1_50' title="bbox 2041 2416 3633 2489">
    <p class='ocr_par' dir='ltr' id='par_1_50' title="bbox 2041 2416 3633 2489">
     <span class='ocr_line' id='line_1_50' title="bbox 2041 2416 3633 2489; baseline 0.001 -18"><span class='ocrx_word' id='word_1_347' title='bbox 2041 2416 2228 2486; x_wconf 85' lang='lat' dir='ltr'><strong>potius</strong></span> <span class='ocrx_word' id='word_1_348' title='bbox 2258 2416 2564 2471; x_wconf 88' lang='lat' dir='ltr'><strong>laboriosos</strong></span> <span class='ocrx_word' id='word_1_349' title='bbox 2596 2417 2719 2471; x_wconf 88' lang='lat' dir='ltr'><strong>illos</strong></span> <span class='ocrx_word' id='word_1_350' title='bbox 2753 2426 2809 2472; x_wconf 89' lang='lat' dir='ltr'><strong>et</strong></span> <span class='ocrx_word' id='word_1_351' title='bbox 2852 2420 3113 2474; x_wconf 76' lang='lat' dir='ltr'><strong>sudantes</strong></span> <span class='ocrx_word' id='word_1_352' title='bbox 3156 2421 3399 2486; x_wconf 91' lang='lat' dir='ltr'><strong>imitare,</strong></span> <span class='ocrx_word' id='word_1_353' title='bbox 3445 2419 3541 2489; x_wconf 93' lang='lat' dir='ltr'><strong>qui</strong></span> <span class='ocrx_word' id='word_1_354' title='bbox 3576 2418 3633 2473; x_wconf 91' lang='lat' dir='ltr'><strong>in</strong></span> 
     </span>
    </p>
   </div>
   <div class='ocr_carea' id='block_1_51' title="bbox 2047 2509 3636 2575">
    <p class='ocr_par' dir='ltr' id='par_1_51' title="bbox 2047 2509 3636 2575">
     <span class='ocr_line' id='line_1_51' title="bbox 2047 2509 3636 2575; baseline 0.003 -12"><span class='ocrx_word' id='word_1_355' title='bbox 2047 2512 2151 2563; x_wconf 85' lang='lat' dir='ltr'><strong>hoc</strong></span> <span class='ocrx_word' id='word_1_356' title='bbox 2186 2519 2338 2573; x_wconf 86' lang='lat' dir='ltr'><strong>sunt,</strong></span> <span class='ocrx_word' id='word_1_357' title='bbox 2374 2519 2436 2575; x_wconf 89' lang='lat' dir='ltr'><strong>ut</strong></span> <span class='ocrx_word' id='word_1_358' title='bbox 2465 2509 2743 2565; x_wconf 87' lang='lat' dir='ltr'><strong>defossum</strong></span> <span class='ocrx_word' id='word_1_359' title='bbox 2780 2511 2932 2566; x_wconf 91' lang='lat' dir='ltr'><strong>illum</strong></span> <span class='ocrx_word' id='word_1_360' title='bbox 2965 2521 3021 2566; x_wconf 89' lang='lat' dir='ltr'><strong>et</strong></span> <span class='ocrx_word' id='word_1_361' title='bbox 3072 2512 3459 2567; x_wconf 62' lang='lat' dir='ltr'><strong>ahsvonditum</strong></span> <span class='ocrx_word' id='word_1_362' title='bbox 3513 2512 3636 2567; x_wconf 85' lang='lat' dir='ltr'><strong>the-</strong></span> 
     </span>
    </p>
   </div>
   <div class='ocr_carea' id='block_1_52' title="bbox 2044 2600 3631 2668">
    <p class='ocr_par' dir='ltr' id='par_1_52' title="bbox 2044 2600 3631 2668">
     <span class='ocr_line' id='line_1_52' title="bbox 2044 2600 3631 2668; baseline 0 -11"><span class='ocrx_word' id='word_1_363' title='bbox 2044 2618 2269 2657; x_wconf 86' lang='lat' dir='ltr'><strong>saurum</strong></span> <span class='ocrx_word' id='word_1_364' title='bbox 2296 2600 2582 2667; x_wconf 79' lang='lat' dir='ltr'><strong>effodiant,</strong></span> <span class='ocrx_word' id='word_1_365' title='bbox 2617 2613 2670 2657; x_wconf 86' lang='lat' dir='ltr'><strong>et</strong></span> <span class='ocrx_word' id='word_1_366' title='bbox 2705 2604 2858 2658; x_wconf 90' lang='lat' dir='ltr'><strong>lucro</strong></span> <span class='ocrx_word' id='word_1_367' title='bbox 2893 2604 3162 2659; x_wconf 88' lang='lat' dir='ltr'><strong>ditentur.</strong></span> <span class='ocrx_word' id='word_1_368' title='bbox 3205 2604 3364 2659; x_wconf 89' lang='lat' dir='ltr'><strong>Tunc</strong></span> <span class='ocrx_word' id='word_1_369' title='bbox 3402 2603 3631 2668; x_wconf 87' lang='lat' dir='ltr'><strong>etenim,</strong></span> 
     </span>
    </p>
   </div>
   <div class='ocr_carea' id='block_1_53' title="bbox 1086 2693 3634 2766">
    <p class='ocr_par' dir='ltr' id='par_1_53' title="bbox 1086 2693 3634 2766">
     <span class='ocr_line' id='line_1_53' title="bbox 1086 2693 3634 2766; baseline 0.004 -25"><span class='ocrx_word' id='word_1_370' title='bbox 1086 2746 1093 2752; x_wconf 28' lang='lat'><strong><em>1</em></strong></span> <span class='ocrx_word' id='word_1_371' title='bbox 2043 2708 2166 2763; x_wconf 68' lang='lat' dir='ltr'><strong>quae</strong></span> <span class='ocrx_word' id='word_1_372' title='bbox 2197 2693 2380 2762; x_wconf 85' lang='lat' dir='ltr'><strong>impiis</strong></span> <span class='ocrx_word' id='word_1_373' title='bbox 2405 2703 2462 2747; x_wconf 88' lang='lat' dir='ltr'><strong>et</strong></span> <span class='ocrx_word' id='word_1_374' title='bbox 2500 2693 2741 2749; x_wconf 83' lang='lat' dir='ltr'><strong>indoctis</strong></span> <span class='ocrx_word' id='word_1_375' title='bbox 2776 2696 2962 2766; x_wconf 86' lang='lat' dir='ltr'><strong>ignota</strong></span> <span class='ocrx_word' id='word_1_376' title='bbox 2990 2704 3139 2760; x_wconf 89' lang='lat' dir='ltr'><strong>sunt,</strong></span> <span class='ocrx_word' id='word_1_377' title='bbox 3173 2696 3267 2752; x_wconf 86' lang='lat' dir='ltr'><strong>Dei</strong></span> <span class='ocrx_word' id='word_1_378' title='bbox 3313 2697 3540 2751; x_wconf 89' lang='lat' dir='ltr'><strong>oracula</strong></span> <span class='ocrx_word' id='word_1_379' title='bbox 3577 2695 3634 2751; x_wconf 89' lang='lat' dir='ltr'><strong>in</strong></span> 
     </span>
    </p>
   </div>
   <div class='ocr_carea' id='block_1_54' title="bbox 363 2784 3636 2859">
    <p class='ocr_par' dir='ltr' id='par_1_54' title="bbox 363 2784 3636 2859">
     <span class='ocr_line' id='line_1_54' title="bbox 363 2784 3636 2859; baseline 0.002 -23"><span class='ocrx_word' id='word_1_380' title='bbox 363 2784 778 2853; x_wconf 59' lang='lat' dir='ltr'><strong>praesentiarum</strong></span> <span class='ocrx_word' id='word_1_381' title='bbox 808 2785 903 2841; x_wconf 89' lang='lat' dir='ltr'><strong>tibi</strong></span> <span class='ocrx_word' id='word_1_382' title='bbox 940 2786 1205 2853; x_wconf 86' lang='lat' dir='ltr'><strong>revelata,</strong></span> <span class='ocrx_word' id='word_1_383' title='bbox 1238 2802 1339 2843; x_wconf 79' lang='lat' dir='ltr'><strong>ceu</strong></span> <span class='ocrx_word' id='word_1_384' title='bbox 1377 2786 1432 2841; x_wconf 89' lang='lat' dir='ltr'><strong>in</strong></span> <span class='ocrx_word' id='word_1_385' title='bbox 1480 2802 1674 2842; x_wconf 86' lang='lat' dir='ltr'><strong>manus</strong></span> <span class='ocrx_word' id='word_1_386' title='bbox 1721 2787 2030 2842; x_wconf 87' lang='lat' dir='ltr'><strong>tradentur.</strong></span> <span class='ocrx_word' id='word_1_387' title='bbox 2064 2786 2300 2840; x_wconf 86' lang='lat' dir='ltr'><strong>Attende</strong></span> <span class='ocrx_word' id='word_1_388' title='bbox 2334 2786 2524 2855; x_wconf 84' lang='lat' dir='ltr'><strong>igitur,</strong></span> <span class='ocrx_word' id='word_1_389' title='bbox 2580 2795 2638 2840; x_wconf 92' lang='lat' dir='ltr'><strong>ut</strong></span> <span class='ocrx_word' id='word_1_390' title='bbox 2708 2802 2875 2857; x_wconf 86' lang='lat' dir='ltr'><strong>scopo</strong></span> <span class='ocrx_word' id='word_1_391' title='bbox 2938 2797 2994 2843; x_wconf 88' lang='lat' dir='ltr'><strong>et</strong></span> <span class='ocrx_word' id='word_1_392' title='bbox 3059 2789 3344 2857; x_wconf 90' lang='lat' dir='ltr'><strong>proposito</strong></span> <span class='ocrx_word' id='word_1_393' title='bbox 3395 2789 3636 2859; x_wconf 80' lang='lat' dir='ltr'><strong>diligen-</strong></span> 
     </span>
    </p>
   </div>
   <div class='ocr_carea' id='block_1_55' title="bbox 363 2877 3637 2954">
    <p class='ocr_par' dir='ltr' id='par_1_55' title="bbox 363 2877 3637 2954">
     <span class='ocr_line' id='line_1_55' title="bbox 363 2877 3637 2954; baseline 0.002 -24"><span class='ocrx_word' id='word_1_394' title='bbox 363 2884 450 2930; x_wconf 85' lang='lat' dir='ltr'><strong>ter</strong></span> <span class='ocrx_word' id='word_1_395' title='bbox 493 2877 862 2945; x_wconf 85' lang='lat' dir='ltr'><strong>considerato,</strong></span> <span class='ocrx_word' id='word_1_396' title='bbox 924 2888 982 2935; x_wconf 87' lang='lat' dir='ltr'><strong>et</strong></span> <span class='ocrx_word' id='word_1_397' title='bbox 1020 2880 1271 2954; x_wconf 73' lang='lat' dir='ltr'><strong>diligenti</strong></span> <span class='ocrx_word' id='word_1_398' title='bbox 1314 2882 1478 2938; x_wconf 89' lang='lat' dir='ltr'><strong>simul</strong></span> <span class='ocrx_word' id='word_1_399' title='bbox 1527 2879 1950 2949; x_wconf 80' lang='lat' dir='ltr'><strong>investigatione</strong></span> <span class='ocrx_word' id='word_1_400' title='bbox 1989 2877 2107 2931; x_wconf 66' lang='lat' dir='ltr'><strong>haec</strong></span> <span class='ocrx_word' id='word_1_401' title='bbox 2143 2885 2334 2931; x_wconf 85' lang='lat' dir='ltr'><strong>nostra</strong></span> <span class='ocrx_word' id='word_1_402' title='bbox 2377 2878 2544 2947; x_wconf 80' lang='lat' dir='ltr'><strong>legas,</strong></span> <span class='ocrx_word' id='word_1_403' title='bbox 2612 2887 2673 2932; x_wconf 89' lang='lat' dir='ltr'><strong>ut</strong></span> <span class='ocrx_word' id='word_1_404' title='bbox 2721 2878 2907 2933; x_wconf 86' lang='lat' dir='ltr'><strong>divina</strong></span> <span class='ocrx_word' id='word_1_405' title='bbox 2942 2877 3176 2933; x_wconf 88' lang='lat' dir='ltr'><strong>scientia</strong></span> <span class='ocrx_word' id='word_1_406' title='bbox 3215 2880 3462 2934; x_wconf 88' lang='lat' dir='ltr'><strong>simulet</strong></span> <span class='ocrx_word' id='word_1_407' title='bbox 3492 2880 3637 2936; x_wconf 83' lang='lat' dir='ltr'><strong>veri-</strong></span> 
     </span>
    </p>
   </div>
   <div class='ocr_carea' id='block_1_56' title="bbox 369 2967 3634 3043">
    <p class='ocr_par' dir='ltr' id='par_1_56' title="bbox 369 2967 3634 3043">
     <span class='ocr_line' id='line_1_56' title="bbox 369 2967 3634 3043; baseline 0.001 -20"><span class='ocrx_word' id='word_1_408' title='bbox 369 2979 476 3024; x_wconf 84' lang='lat' dir='ltr'><strong>tate</strong></span> <span class='ocrx_word' id='word_1_409' title='bbox 503 2969 801 3041; x_wconf 83' lang='lat' dir='ltr'><strong>implearis.</strong></span> <span class='ocrx_word' id='word_1_410' title='bbox 828 2970 1018 3043; x_wconf 76' lang='lat' dir='ltr'><strong>Magna</strong></span> <span class='ocrx_word' id='word_1_411' title='bbox 1040 2980 1125 3029; x_wconf 83' lang='lat' dir='ltr'><strong>est</strong></span> <span class='ocrx_word' id='word_1_412' title='bbox 1182 2973 1332 3029; x_wconf 86' lang='lat' dir='ltr'><strong>enim</strong></span> <span class='ocrx_word' id='word_1_413' title='bbox 1357 2972 1798 3029; x_wconf 88' lang='lat' dir='ltr'><strong>Christianorum</strong></span> <span class='ocrx_word' id='word_1_414' title='bbox 1860 2969 2017 3026; x_wconf 81' lang='lat' dir='ltr'><strong>ﬁdes.</strong></span> <span class='ocrx_word' id='word_1_415' title='bbox 2060 2976 2114 3023; x_wconf 91' lang='lat' dir='ltr'><strong>et</strong></span> <span class='ocrx_word' id='word_1_416' title='bbox 2142 2982 2400 3037; x_wconf 84' lang='lat' dir='ltr'><strong>magnum</strong></span> <span class='ocrx_word' id='word_1_417' title='bbox 2432 2968 2754 3039; x_wconf 82' lang='lat' dir='ltr'><strong>mysterium</strong></span> <span class='ocrx_word' id='word_1_418' title='bbox 2798 2978 2883 3024; x_wconf 87' lang='lat' dir='ltr'><strong>est</strong></span> <span class='ocrx_word' id='word_1_419' title='bbox 2917 2967 3119 3024; x_wconf 87' lang='lat' dir='ltr'><strong>Christi</strong></span> <span class='ocrx_word' id='word_1_420' title='bbox 3151 2970 3276 3024; x_wconf 91' lang='lat' dir='ltr'><strong>Filii</strong></span> <span class='ocrx_word' id='word_1_421' title='bbox 3314 2970 3413 3025; x_wconf 91' lang='lat' dir='ltr'><strong>Dei</strong></span> <span class='ocrx_word' id='word_1_422' title='bbox 3444 2972 3634 3026; x_wconf 82' lang='lat' dir='ltr'><strong>incar-</strong></span> 
     </span>
    </p>
   </div>
   <div class='ocr_carea' id='block_1_57' title="bbox 363 3065 2135 3135">
    <p class='ocr_par' dir='ltr' id='par_1_57' title="bbox 363 3065 2135 3135">
     <span class='ocr_line' id='line_1_57' title="bbox 363 3065 2135 3135; baseline 0.001 -13"><span class='ocrx_word' id='word_1_423' title='bbox 363 3065 601 3122; x_wconf 84' lang='lat' dir='ltr'><strong>nationis</strong></span> <span class='ocrx_word' id='word_1_424' title='bbox 627 3066 932 3135; x_wconf 75' lang='lat' dir='ltr'><strong>negotium.</strong></span> <span class='ocrx_word' id='word_1_425' title='bbox 2132 3104 2135 3105; x_wconf 51' lang='grc' dir='ltr'><strong>ν</strong></span> 
     </span>
    </p>
   </div>
   <div class='ocr_carea' id='block_1_58' title="bbox 437 3151 1944 3229">
    <p class='ocr_par' dir='ltr' id='par_1_58' title="bbox 437 3152 1931 3229">
     <span class='ocr_line' id='line_1_58' title="bbox 437 3152 1931 3229; baseline -0.005 -13"><span class='ocrx_word' id='word_1_426' title='bbox 437 3167 508 3216; x_wconf 83' lang='lat' dir='ltr'><strong>a&#39;.</strong></span> <span class='ocrx_word' id='word_1_427' title='bbox 539 3152 734 3227; x_wconf 70' lang='grc' dir='ltr'><strong>Εἶπας,</strong></span> <span class='ocrx_word' id='word_1_428' title='bbox 769 3158 896 3222; x_wconf 86' lang='grc' dir='ltr'><strong>Πῶς</strong></span> <span class='ocrx_word' id='word_1_429' title='bbox 929 3160 1047 3213; x_wconf 75' lang='grc' dir='ltr'><strong>ἐστι</strong></span> <span class='ocrx_word' id='word_1_430' title='bbox 1093 3161 1322 3216; x_wconf 81' lang='grc' dir='ltr'><strong>δυνατὸν</strong></span> <span class='ocrx_word' id='word_1_431' title='bbox 1349 3160 1443 3216; x_wconf 74' lang='grc' dir='ltr'><strong>τὸν</strong></span> <span class='ocrx_word' id='word_1_432' title='bbox 1474 3162 1609 3215; x_wconf 76' lang='grc' dir='ltr'><strong>Θεὸν</strong></span> <span class='ocrx_word' id='word_1_433' title='bbox 1633 3159 1780 3229; x_wconf 68' lang='grc' dir='ltr'><strong>ἔχειν</strong></span> <span class='ocrx_word' id='word_1_434' title='bbox 1812 3156 1931 3210; x_wconf 71' lang='grc' dir='ltr'><strong>υἱὸν</strong></span> 
     </span>
    </p>
   </div>
   <div class='ocr_carea' id='block_1_59' title="bbox 2046 3151 3632 3229">
    <p class='ocr_par' dir='ltr' id='par_1_59' title="bbox 2109 3151 3632 3222">
     <span class='ocr_line' id='line_1_59' title="bbox 2109 3151 3632 3222; baseline 0.003 -16"><span class='ocrx_word' id='word_1_435' title='bbox 2109 3154 2162 3208; x_wconf 77' lang='lat' dir='ltr'><strong>l.</strong></span> <span class='ocrx_word' id='word_1_436' title='bbox 2194 3151 2503 3219; x_wconf 80' lang='lat' dir='ltr'><strong>Quomodo,</strong></span> <span class='ocrx_word' id='word_1_437' title='bbox 2524 3151 2728 3221; x_wconf 85' lang='lat' dir='ltr'><strong>inquis,</strong></span> <span class='ocrx_word' id='word_1_438' title='bbox 2761 3152 3022 3222; x_wconf 89' lang='lat' dir='ltr'><strong>possibile</strong></span> <span class='ocrx_word' id='word_1_439' title='bbox 3036 3166 3120 3208; x_wconf 85' lang='grc' dir='ltr'><strong>οει</strong></span> <span class='ocrx_word' id='word_1_440' title='bbox 3145 3153 3259 3208; x_wconf 91' lang='lat' dir='ltr'><strong>Deo</strong></span> <span class='ocrx_word' id='word_1_441' title='bbox 3284 3168 3406 3210; x_wconf 86' lang='lat' dir='ltr'><strong>esse</strong></span> <span class='ocrx_word' id='word_1_442' title='bbox 3431 3153 3632 3220; x_wconf 83' lang='lat' dir='ltr'><strong>Filium</strong></span> 
     </span>
    </p>
   </div>
   <div class='ocr_carea' id='block_1_60' title="bbox 371 3244 1944 3320">
    <p class='ocr_par' dir='ltr' id='par_1_60' title="bbox 371 3245 1935 3320">
     <span class='ocr_line' id='line_1_60' title="bbox 371 3245 1935 3320; baseline -0.004 -14"><span class='ocrx_word' id='word_1_443' title='bbox 371 3252 501 3306; x_wconf 80' lang='grc' dir='ltr'><strong>ἀνευ</strong></span> <span class='ocrx_word' id='word_1_444' title='bbox 544 3250 841 3320; x_wconf 83' lang='grc' dir='ltr'><strong>γυναικός;</strong></span> <span class='ocrx_word' id='word_1_445' title='bbox 870 3251 1003 3318; x_wconf 80' lang='lat' dir='ltr'><strong>Kal,</strong></span> <span class='ocrx_word' id='word_1_446' title='bbox 1048 3251 1174 3316; x_wconf 91' lang='grc' dir='ltr'><strong>Πῶς</strong></span> <span class='ocrx_word' id='word_1_447' title='bbox 1215 3253 1329 3306; x_wconf 72' lang='grc' dir='ltr'><strong>ἔστι</strong></span> <span class='ocrx_word' id='word_1_448' title='bbox 1376 3252 1602 3306; x_wconf 77' lang='grc' dir='ltr'><strong>δυνατὸν</strong></span> <span class='ocrx_word' id='word_1_449' title='bbox 1632 3249 1763 3303; x_wconf 78' lang='grc' dir='ltr'><strong>Θεὸν</strong></span> <span class='ocrx_word' id='word_1_450' title='bbox 1780 3245 1935 3316; x_wconf 79' lang='grc' dir='ltr'><strong>γενέ-</strong></span> 
     </span>
    </p>
   </div>
   <div class='ocr_carea' id='block_1_61' title="bbox 2046 3244 3637 3320">
    <p class='ocr_par' dir='ltr' id='par_1_61' title="bbox 2046 3244 3637 3316">
     <span class='ocr_line' id='line_1_61' title="bbox 2046 3244 3637 3316; baseline 0.001 -12"><span class='ocrx_word' id='word_1_451' title='bbox 2046 3249 2157 3306; x_wconf 84' lang='lat' dir='ltr'><strong>sine</strong></span> <span class='ocrx_word' id='word_1_452' title='bbox 2179 3246 2410 3301; x_wconf 83' lang='lat' dir='ltr'><strong>muliere</strong></span> <span class='ocrx_word' id='word_1_453' title='bbox 2433 3246 2456 3298; x_wconf 87' lang='lat'><strong>?</strong></span> <span class='ocrx_word' id='word_1_454' title='bbox 2478 3244 2763 3311; x_wconf 88' lang='lat' dir='ltr'><strong>Quomodo</strong></span> <span class='ocrx_word' id='word_1_455' title='bbox 2779 3245 2910 3300; x_wconf 87' lang='lat' dir='ltr'><strong>item</strong></span> <span class='ocrx_word' id='word_1_456' title='bbox 2931 3245 3074 3301; x_wconf 86' lang='lat' dir='ltr'><strong>Deus</strong></span> <span class='ocrx_word' id='word_1_457' title='bbox 3089 3245 3387 3300; x_wconf 86' lang='lat' dir='ltr'><strong>homolleri</strong></span> <span class='ocrx_word' id='word_1_458' title='bbox 3406 3255 3587 3316; x_wconf 86' lang='lat' dir='ltr'><strong>potest</strong></span> <span class='ocrx_word' id='word_1_459' title='bbox 3610 3250 3637 3306; x_wconf 68' lang='grc' dir='ltr'><strong><em>ἲ</em></strong></span> 
     </span>
    </p>
   </div>
   <div class='ocr_carea' id='block_1_62' title="bbox 365 3332 1944 3415">
    <p class='ocr_par' dir='ltr' id='par_1_62' title="bbox 365 3332 1936 3415">
     <span class='ocr_line' id='line_1_62' title="bbox 365 3332 1936 3415; baseline -0.003 -17"><span class='ocrx_word' id='word_1_460' title='bbox 365 3347 487 3398; x_wconf 80' lang='grc' dir='ltr'><strong>σθαι</strong></span> <span class='ocrx_word' id='word_1_461' title='bbox 531 3343 853 3415; x_wconf 76' lang='grc' dir='ltr'><strong>ἀνθρωπονς</strong></span> <span class='ocrx_word' id='word_1_462' title='bbox 900 3346 998 3408; x_wconf 87' lang='grc' dir='ltr'><strong>Τίς</strong></span> <span class='ocrx_word' id='word_1_463' title='bbox 1023 3345 1081 3402; x_wconf 80' lang='grc' dir='ltr'><strong>δὲ</strong></span> <span class='ocrx_word' id='word_1_464' title='bbox 1106 3347 1216 3400; x_wconf 88' lang='grc' dir='ltr'><strong>τῶν</strong></span> <span class='ocrx_word' id='word_1_465' title='bbox 1246 3332 1420 3415; x_wconf 75' lang='grc' dir='ltr'><strong>ἁγίων</strong></span> <span class='ocrx_word' id='word_1_466' title='bbox 1451 3344 1667 3411; x_wconf 78' lang='grc' dir='ltr'><strong>ἐδίδαξε</strong></span> <span class='ocrx_word' id='word_1_467' title='bbox 1714 3341 1816 3412; x_wconf 76' lang='grc' dir='ltr'><strong>τὴν</strong></span> <span class='ocrx_word' id='word_1_468' title='bbox 1846 3356 1936 3393; x_wconf 86' lang='grc' dir='ltr'><strong>το-</strong></span> 
     </span>
    </p>
   </div>
   <div class='ocr_carea' id='block_1_63' title="bbox 2046 3332 3633 3415">
    <p class='ocr_par' dir='ltr' id='par_1_63' title="bbox 2046 3335 3633 3409">
     <span class='ocr_line' id='line_1_63' title="bbox 2046 3335 3633 3409; baseline 0 -15"><span class='ocrx_word' id='word_1_469' title='bbox 2046 3339 2171 3407; x_wconf 74' lang='lat' dir='ltr'><strong>Quis</strong></span> <span class='ocrx_word' id='word_1_470' title='bbox 2196 3337 2435 3407; x_wconf 89' lang='lat' dir='ltr'><strong>denique</strong></span> <span class='ocrx_word' id='word_1_471' title='bbox 2460 3344 2775 3405; x_wconf 88' lang='lat' dir='ltr'><strong>sanctorum</strong></span> <span class='ocrx_word' id='word_1_472' title='bbox 2803 3336 2943 3391; x_wconf 86' lang='lat' dir='ltr'><strong>hanc</strong></span> <span class='ocrx_word' id='word_1_473' title='bbox 2964 3335 3153 3391; x_wconf 86' lang='lat' dir='ltr'><strong>docuit</strong></span> <span class='ocrx_word' id='word_1_474' title='bbox 3179 3345 3385 3392; x_wconf 86' lang='lat' dir='ltr'><strong>tantam</strong></span> <span class='ocrx_word' id='word_1_475' title='bbox 3436 3338 3633 3409; x_wconf 89' lang='lat' dir='ltr'><strong>impie-</strong></span> 
     </span>
    </p>
   </div>
   <div class='ocr_carea' id='block_1_64' title="bbox 365 3428 1944 3510">
    <p class='ocr_par' dir='ltr' id='par_1_64' title="bbox 365 3435 1939 3510">
     <span class='ocr_line' id='line_1_64' title="bbox 365 3435 1939 3510; baseline -0.005 -17"><span class='ocrx_word' id='word_1_476' title='bbox 365 3439 566 3509; x_wconf 79' lang='grc' dir='ltr'><strong>σαύτην</strong></span> <span class='ocrx_word' id='word_1_477' title='bbox 591 3435 880 3508; x_wconf 74' lang='grc' dir='ltr'><strong>ἀσέϐειανς</strong></span> <span class='ocrx_word' id='word_1_478' title='bbox 915 3439 987 3493; x_wconf 80' lang='grc' dir='ltr'><strong><em>Ἦ</em></strong></span> <span class='ocrx_word' id='word_1_479' title='bbox 1021 3436 1179 3503; x_wconf 76' lang='grc' dir='ltr'><strong>ποῖος</strong></span> <span class='ocrx_word' id='word_1_480' title='bbox 1212 3438 1323 3493; x_wconf 87' lang='grc' dir='ltr'><strong>τῶν</strong></span> <span class='ocrx_word' id='word_1_481' title='bbox 1352 3437 1652 3510; x_wconf 79' lang='grc' dir='ltr'><strong>προφητῶν</strong></span> <span class='ocrx_word' id='word_1_482' title='bbox 1680 3437 1737 3489; x_wconf 77' lang='grc' dir='ltr'><strong>ὲν</strong></span> <span class='ocrx_word' id='word_1_483' title='bbox 1770 3436 1939 3487; x_wconf 77' lang='grc' dir='ltr'><strong>δτττα-</strong></span> 
     </span>
    </p>
   </div>
   <div class='ocr_carea' id='block_1_65' title="bbox 2046 3428 3633 3510">
    <p class='ocr_par' dir='ltr' id='par_1_65' title="bbox 2046 3428 3633 3500">
     <span class='ocr_line' id='line_1_65' title="bbox 2046 3428 3633 3500; baseline -0.002 -12"><span class='ocrx_word' id='word_1_484' title='bbox 2046 3441 2208 3488; x_wconf 89' lang='lat' dir='ltr'><strong>tatem</strong></span> <span class='ocrx_word' id='word_1_485' title='bbox 2227 3473 2241 3498; x_wconf 92' lang='lat'><strong>,</strong></span> <span class='ocrx_word' id='word_1_486' title='bbox 2268 3439 2364 3485; x_wconf 89' lang='lat' dir='ltr'><strong>aut</strong></span> <span class='ocrx_word' id='word_1_487' title='bbox 2387 3430 2641 3500; x_wconf 89' lang='lat' dir='ltr'><strong>quisnam</strong></span> <span class='ocrx_word' id='word_1_488' title='bbox 2667 3428 3061 3500; x_wconf 84' lang='lat' dir='ltr'><strong>prophetarum</strong></span> <span class='ocrx_word' id='word_1_489' title='bbox 3089 3429 3195 3484; x_wconf 89' lang='lat' dir='ltr'><strong>hoc</strong></span> <span class='ocrx_word' id='word_1_490' title='bbox 3222 3444 3321 3499; x_wconf 92' lang='lat' dir='ltr'><strong>per</strong></span> <span class='ocrx_word' id='word_1_491' title='bbox 3362 3429 3633 3485; x_wconf 80' lang='lat' dir='ltr'><strong>visionem</strong></span> 
     </span>
    </p>
   </div>
   <div class='ocr_carea' id='block_1_66' title="bbox 364 3521 1944 3601">
    <p class='ocr_par' dir='ltr' id='par_1_66' title="bbox 364 3528 1938 3601">
     <span class='ocr_line' id='line_1_66' title="bbox 364 3528 1938 3601; baseline 0.004 -19"><span class='ocrx_word' id='word_1_492' title='bbox 364 3529 454 3601; x_wconf 71' lang='grc' dir='ltr'><strong>σία</strong></span> <span class='ocrx_word' id='word_1_493' title='bbox 501 3529 663 3584; x_wconf 77' lang='grc' dir='ltr'><strong>τοῦτο</strong></span> <span class='ocrx_word' id='word_1_494' title='bbox 722 3529 988 3586; x_wconf 66' lang='grc' dir='ltr'><strong>ἐθεάσατο</strong></span> <span class='ocrx_word' id='word_1_495' title='bbox 1023 3548 1041 3599; x_wconf 92' lang='lat'><strong>;</strong></span> <span class='ocrx_word' id='word_1_496' title='bbox 1082 3532 1194 3586; x_wconf 84' lang='lat' dir='ltr'><strong>Kal</strong></span> <span class='ocrx_word' id='word_1_497' title='bbox 1247 3533 1314 3587; x_wconf 83' lang='grc' dir='ltr'><strong>σὺ</strong></span> <span class='ocrx_word' id='word_1_498' title='bbox 1366 3531 1468 3601; x_wconf 81' lang='grc' dir='ltr'><strong>μὲν</strong></span> <span class='ocrx_word' id='word_1_499' title='bbox 1512 3529 1707 3585; x_wconf 86' lang='grc' dir='ltr'><strong>ταῦτα·</strong></span> <span class='ocrx_word' id='word_1_500' title='bbox 1773 3528 1938 3597; x_wconf 79' lang='grc' dir='ltr'><strong>ἡμεῖς</strong></span> 
     </span>
    </p>
   </div>
   <div class='ocr_carea' id='block_1_67' title="bbox 2046 3521 3639 3601">
    <p class='ocr_par' dir='ltr' id='par_1_67' title="bbox 2046 3521 3639 3595">
     <span class='ocr_line' id='line_1_67' title="bbox 2046 3521 3639 3595; baseline -0.002 -14"><span class='ocrx_word' id='word_1_501' title='bbox 2046 3524 2367 3595; x_wconf 77' lang='lat' dir='ltr'><strong>conspexit?</strong></span> <span class='ocrx_word' id='word_1_502' title='bbox 2395 3524 2461 3577; x_wconf 86' lang='lat' dir='ltr'><strong>Et</strong></span> <span class='ocrx_word' id='word_1_503' title='bbox 2496 3522 2613 3577; x_wconf 69' lang='lat' dir='ltr'><strong>haec</strong></span> <span class='ocrx_word' id='word_1_504' title='bbox 2639 3521 2863 3593; x_wconf 88' lang='lat' dir='ltr'><strong>quidem</strong></span> <span class='ocrx_word' id='word_1_505' title='bbox 2896 3531 2951 3577; x_wconf 92' lang='lat' dir='ltr'><strong>tu</strong></span> <span class='ocrx_word' id='word_1_506' title='bbox 2980 3521 3157 3588; x_wconf 90' lang='lat' dir='ltr'><strong>dicis;</strong></span> <span class='ocrx_word' id='word_1_507' title='bbox 3195 3522 3399 3592; x_wconf 89' lang='lat' dir='ltr'><strong>quibus</strong></span> <span class='ocrx_word' id='word_1_508' title='bbox 3421 3538 3524 3578; x_wconf 89' lang='lat' dir='ltr'><strong>nos</strong></span> <span class='ocrx_word' id='word_1_509' title='bbox 3558 3523 3639 3579; x_wconf 91' lang='lat' dir='ltr'><strong>sic</strong></span> 
     </span>
    </p>
   </div>
   <div class='ocr_carea' id='block_1_68' title="bbox 365 3612 1944 3694">
    <p class='ocr_par' dir='ltr' id='par_1_68' title="bbox 365 3621 1939 3694">
     <span class='ocr_line' id='line_1_68' title="bbox 365 3621 1939 3694; baseline 0.001 -19"><span class='ocrx_word' id='word_1_510' title='bbox 365 3622 419 3675; x_wconf 74' lang='grc' dir='ltr'><strong>δὲ</strong></span> <span class='ocrx_word' id='word_1_511' title='bbox 452 3622 685 3693; x_wconf 79' lang='grc' dir='ltr'><strong>λέγομεν</strong></span> <span class='ocrx_word' id='word_1_512' title='bbox 712 3621 910 3687; x_wconf 69' lang='grc' dir='ltr'><strong>οὕτως*</strong></span> <span class='ocrx_word' id='word_1_513' title='bbox 946 3624 1069 3678; x_wconf 86' lang='grc' dir='ltr'><strong>ὀτι</strong></span> <span class='ocrx_word' id='word_1_514' title='bbox 1129 3623 1231 3694; x_wconf 83' lang='grc' dir='ltr'><strong>μὲν</strong></span> <span class='ocrx_word' id='word_1_515' title='bbox 1268 3623 1399 3688; x_wconf 85' lang='grc' dir='ltr'><strong>Θεός</strong></span> <span class='ocrx_word' id='word_1_516' title='bbox 1427 3626 1576 3676; x_wconf 81' lang='grc' dir='ltr'><strong>ἐστιν</strong></span> <span class='ocrx_word' id='word_1_517' title='bbox 1624 3623 1653 3675; x_wconf 82' lang='grc' dir='ltr'><strong>ὁ</strong></span> <span class='ocrx_word' id='word_1_518' title='bbox 1702 3622 1939 3691; x_wconf 83' lang='grc' dir='ltr'><strong>ποιητὴς</strong></span> 
     </span>
    </p>
   </div>
   <div class='ocr_carea' id='block_1_69' title="bbox 2046 3612 3637 3694">
    <p class='ocr_par' dir='ltr' id='par_1_69' title="bbox 2046 3612 3637 3686">
     <span class='ocr_line' id='line_1_69' title="bbox 2046 3612 3637 3686; baseline -0.001 -14"><span class='ocrx_word' id='word_1_519' title='bbox 2046 3615 2457 3686; x_wconf 86' lang='lat' dir='ltr'><strong>respondemus.</strong></span> <span class='ocrx_word' id='word_1_520' title='bbox 2486 3612 2644 3680; x_wconf 86' lang='lat' dir='ltr'><strong>Quod</strong></span> <span class='ocrx_word' id='word_1_521' title='bbox 2669 3615 2814 3670; x_wconf 92' lang='lat' dir='ltr'><strong>Deus</strong></span> <span class='ocrx_word' id='word_1_522' title='bbox 2831 3624 3052 3671; x_wconf 84' lang='lat' dir='ltr'><strong>creator</strong></span> <span class='ocrx_word' id='word_1_523' title='bbox 3076 3615 3148 3671; x_wconf 85' lang='lat' dir='ltr'><strong>sit</strong></span> <span class='ocrx_word' id='word_1_524' title='bbox 3175 3620 3427 3670; x_wconf 86' lang='lat' dir='ltr'><strong>omnium</strong></span> <span class='ocrx_word' id='word_1_525' title='bbox 3445 3616 3637 3675; x_wconf 85' lang='lat' dir='ltr'><strong>visibi-</strong></span> 
     </span>
    </p>
   </div>
   <div class='ocr_carea' id='block_1_70' title="bbox 366 3707 1944 3787">
    <p class='ocr_par' dir='ltr' id='par_1_70' title="bbox 366 3713 1940 3787">
     <span class='ocr_line' id='line_1_70' title="bbox 366 3713 1940 3787; baseline 0.001 -22"><span class='ocrx_word' id='word_1_526' title='bbox 366 3713 581 3768; x_wconf 84' lang='grc' dir='ltr'><strong>πάντων</strong></span> <span class='ocrx_word' id='word_1_527' title='bbox 620 3713 834 3786; x_wconf 82' lang='grc' dir='ltr'><strong>ὁρατῶν</strong></span> <span class='ocrx_word' id='word_1_528' title='bbox 859 3731 919 3768; x_wconf 87' lang='grc' dir='ltr'><strong>τε</strong></span> <span class='ocrx_word' id='word_1_529' title='bbox 962 3715 1057 3769; x_wconf 77' lang='grc' dir='ltr'><strong>καὶ</strong></span> <span class='ocrx_word' id='word_1_530' title='bbox 1085 3716 1359 3787; x_wconf 70' lang='grc' dir='ltr'><strong>ἀοράτων,</strong></span> <span class='ocrx_word' id='word_1_531' title='bbox 1423 3714 1809 3786; x_wconf 70' lang='grc' dir='ltr'><strong>ἐδιδάχθημεν,</strong></span> <span class='ocrx_word' id='word_1_532' title='bbox 1844 3715 1940 3768; x_wconf 76' lang='grc' dir='ltr'><strong>καὶ</strong></span> 
     </span>
    </p>
   </div>
   <div class='ocr_carea' id='block_1_71' title="bbox 2046 3707 3641 3787">
    <p class='ocr_par' dir='ltr' id='par_1_71' title="bbox 2046 3707 3641 3780">
     <span class='ocr_line' id='line_1_71' title="bbox 2046 3707 3641 3780; baseline -0.001 -15"><span class='ocrx_word' id='word_1_533' title='bbox 2046 3711 2177 3765; x_wconf 86' lang='lat' dir='ltr'><strong>lium</strong></span> <span class='ocrx_word' id='word_1_534' title='bbox 2205 3718 2260 3765; x_wconf 90' lang='lat' dir='ltr'><strong>et</strong></span> <span class='ocrx_word' id='word_1_535' title='bbox 2281 3707 2671 3773; x_wconf 88' lang='lat' dir='ltr'><strong>invisibilium,</strong></span> <span class='ocrx_word' id='word_1_536' title='bbox 2699 3707 2995 3764; x_wconf 89' lang='lat' dir='ltr'><strong>didicimus</strong></span> <span class='ocrx_word' id='word_1_537' title='bbox 3017 3708 3186 3763; x_wconf 84' lang='lat' dir='ltr'><strong>etiam</strong></span> <span class='ocrx_word' id='word_1_538' title='bbox 3208 3723 3330 3777; x_wconf 91' lang='lat' dir='ltr'><strong>nos,</strong></span> <span class='ocrx_word' id='word_1_539' title='bbox 3353 3709 3641 3780; x_wconf 80' lang='lat' dir='ltr'><strong>cognosci-</strong></span> 
     </span>
    </p>
   </div>
   <div class='ocr_carea' id='block_1_72' title="bbox 366 3798 1944 3876">
    <p class='ocr_par' dir='ltr' id='par_1_72' title="bbox 366 3802 1940 3876">
     <span class='ocr_line' id='line_1_72' title="bbox 366 3802 1940 3876; baseline 0.001 -19"><span class='ocrx_word' id='word_1_540' title='bbox 366 3802 701 3872; x_wconf 73' lang='grc' dir='ltr'><strong>δγνώκαμεν,</strong></span> <span class='ocrx_word' id='word_1_541' title='bbox 736 3805 834 3858; x_wconf 70' lang='grc' dir='ltr'><strong>καὶ</strong></span> <span class='ocrx_word' id='word_1_542' title='bbox 860 3805 1213 3875; x_wconf 79' lang='grc' dir='ltr'><strong>πιστεύομεν,</strong></span> <span class='ocrx_word' id='word_1_543' title='bbox 1247 3807 1342 3859; x_wconf 72' lang='grc' dir='ltr'><strong>καὶ</strong></span> <span class='ocrx_word' id='word_1_544' title='bbox 1363 3806 1759 3876; x_wconf 73' lang='grc' dir='ltr'><strong>ὁμολογοῦμεν*</strong></span> <span class='ocrx_word' id='word_1_545' title='bbox 1803 3805 1858 3858; x_wconf 88' lang='grc' dir='ltr'><strong>τί</strong></span> <span class='ocrx_word' id='word_1_546' title='bbox 1882 3804 1940 3858; x_wconf 69' lang='grc' dir='ltr'><strong><em>δέ</em></strong></span> 
     </span>
    </p>
   </div>
   <div class='ocr_carea' id='block_1_73' title="bbox 2046 3798 3640 3876">
    <p class='ocr_par' dir='ltr' id='par_1_73' title="bbox 2046 3798 3640 3870">
     <span class='ocr_line' id='line_1_73' title="bbox 2046 3798 3640 3870; baseline -0.001 -12"><span class='ocrx_word' id='word_1_547' title='bbox 2046 3817 2188 3867; x_wconf 89' lang='lat' dir='ltr'><strong>mus,</strong></span> <span class='ocrx_word' id='word_1_548' title='bbox 2205 3801 2486 3857; x_wconf 87' lang='lat' dir='ltr'><strong>credimus</strong></span> <span class='ocrx_word' id='word_1_549' title='bbox 2506 3810 2563 3855; x_wconf 89' lang='lat' dir='ltr'><strong>et</strong></span> <span class='ocrx_word' id='word_1_550' title='bbox 2576 3798 2842 3865; x_wconf 83' lang='lat' dir='ltr'><strong>fatemur;</strong></span> <span class='ocrx_word' id='word_1_551' title='bbox 2873 3800 3007 3870; x_wconf 89' lang='lat' dir='ltr'><strong>quid</strong></span> <span class='ocrx_word' id='word_1_552' title='bbox 3027 3815 3154 3854; x_wconf 84' lang='lat' dir='ltr'><strong>vero</strong></span> <span class='ocrx_word' id='word_1_553' title='bbox 3183 3802 3327 3854; x_wconf 91' lang='lat' dir='ltr'><strong>Deus</strong></span> <span class='ocrx_word' id='word_1_554' title='bbox 3345 3802 3436 3860; x_wconf 84' lang='lat' dir='ltr'><strong>sit,</strong></span> <span class='ocrx_word' id='word_1_555' title='bbox 3458 3816 3640 3870; x_wconf 89' lang='lat' dir='ltr'><strong>neque</strong></span> 
     </span>
    </p>
   </div>
   <div class='ocr_carea' id='block_1_74' title="bbox 369 3892 1944 3966">
    <p class='ocr_par' dir='ltr' id='par_1_74' title="bbox 369 3892 1941 3966">
     <span class='ocr_line' id='line_1_74' title="bbox 369 3892 1941 3966; baseline 0.001 -20"><span class='ocrx_word' id='word_1_556' title='bbox 369 3895 481 3947; x_wconf 77' lang='grc' dir='ltr'><strong>ἐστι</strong></span> <span class='ocrx_word' id='word_1_557' title='bbox 508 3894 658 3960; x_wconf 82' lang='grc' dir='ltr'><strong>Θεὸς,</strong></span> <span class='ocrx_word' id='word_1_558' title='bbox 685 3892 810 3948; x_wconf 76' lang='grc' dir='ltr'><strong>οὔτε</strong></span> <span class='ocrx_word' id='word_1_559' title='bbox 839 3894 1218 3965; x_wconf 77' lang='grc' dir='ltr'><strong>ἐδιδάχθημεν,</strong></span> <span class='ocrx_word' id='word_1_560' title='bbox 1245 3894 1372 3950; x_wconf 77' lang='grc' dir='ltr'><strong>οὕτε</strong></span> <span class='ocrx_word' id='word_1_561' title='bbox 1414 3894 1765 3966; x_wconf 77' lang='grc' dir='ltr'><strong>ἐγνώκαμεν,</strong></span> <span class='ocrx_word' id='word_1_562' title='bbox 1824 3895 1941 3949; x_wconf 89' lang='grc' dir='ltr'><strong>ἀλλ’</strong></span> 
     </span>
    </p>
   </div>
   <div class='ocr_carea' id='block_1_75' title="bbox 2046 3892 3638 3966">
    <p class='ocr_par' dir='ltr' id='par_1_75' title="bbox 2046 3892 3638 3963">
     <span class='ocr_line' id='line_1_75' title="bbox 2046 3892 3638 3963; baseline -0.001 -13"><span class='ocrx_word' id='word_1_563' title='bbox 2046 3894 2225 3950; x_wconf 85' lang='lat' dir='ltr'><strong>edocti</strong></span> <span class='ocrx_word' id='word_1_564' title='bbox 2250 3908 2463 3955; x_wconf 89' lang='lat' dir='ltr'><strong>sumus,</strong></span> <span class='ocrx_word' id='word_1_565' title='bbox 2481 3908 2662 3962; x_wconf 85' lang='lat' dir='ltr'><strong>neque</strong></span> <span class='ocrx_word' id='word_1_566' title='bbox 2691 3892 3070 3963; x_wconf 79' lang='lat' dir='ltr'><strong>intelligimus,</strong></span> <span class='ocrx_word' id='word_1_567' title='bbox 3092 3892 3200 3947; x_wconf 91' lang='lat' dir='ltr'><strong>imo</strong></span> <span class='ocrx_word' id='word_1_568' title='bbox 3221 3909 3288 3946; x_wconf 87' lang='lat' dir='ltr'><strong>ne</strong></span> <span class='ocrx_word' id='word_1_569' title='bbox 3311 3892 3365 3946; x_wconf 89' lang='lat' dir='ltr'><strong>in</strong></span> <span class='ocrx_word' id='word_1_570' title='bbox 3393 3893 3638 3948; x_wconf 80' lang='lat' dir='ltr'><strong>animum</strong></span> 
     </span>
    </p>
   </div>
   <div class='ocr_carea' id='block_1_76' title="bbox 367 3982 1944 4058">
    <p class='ocr_par' dir='ltr' id='par_1_76' title="bbox 367 3982 1944 4056">
     <span class='ocr_line' id='line_1_76' title="bbox 367 3982 1944 4056; baseline 0.001 -19"><span class='ocrx_word' id='word_1_571' title='bbox 367 3982 491 4037; x_wconf 76' lang='grc' dir='ltr'><strong>οὔτε</strong></span> <span class='ocrx_word' id='word_1_572' title='bbox 531 3985 666 4047; x_wconf 80' lang='grc' dir='ltr'><strong>ὅλως</strong></span> <span class='ocrx_word' id='word_1_573' title='bbox 720 3984 816 4037; x_wconf 76' lang='grc' dir='ltr'><strong>ἐπὶ</strong></span> <span class='ocrx_word' id='word_1_574' title='bbox 841 3985 944 4056; x_wconf 79' lang='grc' dir='ltr'><strong>τὴν</strong></span> <span class='ocrx_word' id='word_1_575' title='bbox 980 3984 1211 4054; x_wconf 78' lang='grc' dir='ltr'><strong>καρδίαν</strong></span> <span class='ocrx_word' id='word_1_576' title='bbox 1235 3984 1393 4056; x_wconf 76' lang='grc' dir='ltr'><strong>ἡμῶν</strong></span> <span class='ocrx_word' id='word_1_577' title='bbox 1421 3984 1590 4055; x_wconf 80' lang='grc' dir='ltr'><strong>ἀνέϐη</strong></span> <span class='ocrx_word' id='word_1_578' title='bbox 1623 3985 1719 4039; x_wconf 86' lang='grc' dir='ltr'><strong>τοῦ</strong></span> <span class='ocrx_word' id='word_1_579' title='bbox 1748 3984 1944 4038; x_wconf 73' lang='grc' dir='ltr'><strong>,τοιού-</strong></span> 
     </span>
    </p>
   </div>
   <div class='ocr_carea' id='block_1_77' title="bbox 2046 3982 3641 4058">
    <p class='ocr_par' dir='ltr' id='par_1_77' title="bbox 2046 3983 3641 4058">
     <span class='ocr_line' id='line_1_77' title="bbox 2046 3983 3641 4058; baseline -0.001 -17"><span class='ocrx_word' id='word_1_580' title='bbox 2046 3987 2267 4058; x_wconf 86' lang='lat' dir='ltr'><strong>quidem</strong></span> <span class='ocrx_word' id='word_1_581' title='bbox 2289 3984 2484 4039; x_wconf 88' lang='lat' dir='ltr'><strong>incidit</strong></span> <span class='ocrx_word' id='word_1_582' title='bbox 2506 3985 2672 4056; x_wconf 87' lang='lat' dir='ltr'><strong>hujus</strong></span> <span class='ocrx_word' id='word_1_583' title='bbox 2694 3983 2994 4054; x_wconf 88' lang='lat' dir='ltr'><strong>impietatis</strong></span> <span class='ocrx_word' id='word_1_584' title='bbox 3034 3984 3342 4053; x_wconf 85' lang='lat' dir='ltr'><strong>inquisitio.</strong></span> <span class='ocrx_word' id='word_1_585' title='bbox 3373 3983 3641 4040; x_wconf 81' lang='lat' dir='ltr'><strong>Similiter</strong></span> 
     </span>
    </p>
   </div>
   <div class='ocr_carea' id='block_1_78' title="bbox 369 4070 1944 4148">
    <p class='ocr_par' dir='ltr' id='par_1_78' title="bbox 369 4074 1944 4148">
     <span class='ocr_line' id='line_1_78' title="bbox 369 4074 1944 4148; baseline -0.001 -18"><span class='ocrx_word' id='word_1_586' title='bbox 369 4091 465 4130; x_wconf 85' lang='grc' dir='ltr'><strong>του</strong></span> <span class='ocrx_word' id='word_1_587' title='bbox 518 4074 866 4146; x_wconf 89' lang='grc' dir='ltr'><strong>ἀσεϐήματος</strong></span> <span class='ocrx_word' id='word_1_588' title='bbox 922 4077 961 4147; x_wconf 68' lang='grc' dir='ltr'><strong>ἠ</strong></span> <span class='ocrx_word' id='word_1_589' title='bbox 993 4076 1262 4143; x_wconf 76' lang='grc' dir='ltr'><strong>ἐξέτασις.</strong></span> <span class='ocrx_word' id='word_1_590' title='bbox 1321 4078 1436 4131; x_wconf 75' lang='lat' dir='ltr'><strong>Kal</strong></span> <span class='ocrx_word' id='word_1_591' title='bbox 1486 4078 1572 4130; x_wconf 83' lang='grc' dir='ltr'><strong>δτι</strong></span> <span class='ocrx_word' id='word_1_592' title='bbox 1623 4078 1653 4131; x_wconf 85' lang='grc' dir='ltr'><strong>ὁ</strong></span> <span class='ocrx_word' id='word_1_593' title='bbox 1707 4075 1944 4148; x_wconf 70' lang='grc' dir='ltr'><strong>Χριστὸς</strong></span> 
     </span>
    </p>
   </div>
   <div class='ocr_carea' id='block_1_79' title="bbox 2046 4070 3635 4148">
    <p class='ocr_par' dir='ltr' id='par_1_79' title="bbox 2046 4070 3635 4141">
     <span class='ocr_line' id='line_1_79' title="bbox 2046 4070 3635 4141; baseline -0.004 -8"><span class='ocrx_word' id='word_1_594' title='bbox 2046 4076 2321 4133; x_wconf 85' lang='lat' dir='ltr'><strong>Christum</strong></span> <span class='ocrx_word' id='word_1_595' title='bbox 2362 4082 2417 4129; x_wconf 90' lang='lat' dir='ltr'><strong>et</strong></span> <span class='ocrx_word' id='word_1_596' title='bbox 2444 4072 2645 4127; x_wconf 91' lang='lat' dir='ltr'><strong>Filium</strong></span> <span class='ocrx_word' id='word_1_597' title='bbox 2674 4082 2732 4128; x_wconf 90' lang='lat' dir='ltr'><strong>et</strong></span> <span class='ocrx_word' id='word_1_598' title='bbox 2753 4071 2993 4127; x_wconf 83' lang='lat' dir='ltr'><strong>Verbum</strong></span> <span class='ocrx_word' id='word_1_599' title='bbox 3024 4070 3121 4126; x_wconf 88' lang='lat' dir='ltr'><strong>Dei</strong></span> <span class='ocrx_word' id='word_1_600' title='bbox 3147 4085 3303 4136; x_wconf 88' lang='lat' dir='ltr'><strong>esse,</strong></span> <span class='ocrx_word' id='word_1_601' title='bbox 3349 4072 3635 4141; x_wconf 77' lang='lat' dir='ltr'><strong>Deumque</strong></span> 
     </span>
    </p>
   </div>
   <div class='ocr_carea' id='block_1_80' title="bbox 370 4163 1944 4243">
    <p class='ocr_par' dir='ltr' id='par_1_80' title="bbox 370 4163 1944 4235">
     <span class='ocr_line' id='line_1_80' title="bbox 370 4163 1944 4235; baseline -0.002 -14"><span class='ocrx_word' id='word_1_602' title='bbox 370 4167 499 4231; x_wconf 68' lang='grc' dir='ltr'><strong>Υιδς</strong></span> <span class='ocrx_word' id='word_1_603' title='bbox 525 4168 619 4221; x_wconf 72' lang='grc' dir='ltr'><strong>καὶ</strong></span> <span class='ocrx_word' id='word_1_604' title='bbox 638 4167 810 4235; x_wconf 81' lang='grc' dir='ltr'><strong>Λόγος</strong></span> <span class='ocrx_word' id='word_1_605' title='bbox 830 4166 927 4219; x_wconf 90' lang='grc' dir='ltr'><strong>τοῦ</strong></span> <span class='ocrx_word' id='word_1_606' title='bbox 958 4163 1098 4219; x_wconf 82' lang='grc' dir='ltr'><strong>Θεοῦ</strong></span> <span class='ocrx_word' id='word_1_607' title='bbox 1146 4166 1288 4232; x_wconf 71' lang='grc' dir='ltr'><strong>ἔστι,</strong></span> <span class='ocrx_word' id='word_1_608' title='bbox 1316 4165 1416 4221; x_wconf 75' lang='grc' dir='ltr'><strong>καὶ</strong></span> <span class='ocrx_word' id='word_1_609' title='bbox 1450 4164 1585 4229; x_wconf 83' lang='grc' dir='ltr'><strong>Θεός</strong></span> <span class='ocrx_word' id='word_1_610' title='bbox 1616 4165 1759 4231; x_wconf 64' lang='grc' dir='ltr'><strong>ἑστι,</strong></span> <span class='ocrx_word' id='word_1_611' title='bbox 1782 4164 1944 4219; x_wconf 86' lang='grc' dir='ltr'><strong>τοῦτο</strong></span> 
     </span>
    </p>
   </div>
   <div class='ocr_carea' id='block_1_81' title="bbox 2046 4163 3634 4243">
    <p class='ocr_par' dir='ltr' id='par_1_81' title="bbox 2046 4164 3634 4243">
     <span class='ocr_line' id='line_1_81' title="bbox 2046 4164 3634 4243; baseline -0.006 -15"><span class='ocrx_word' id='word_1_612' title='bbox 2046 4170 2250 4242; x_wconf 81' lang='lat' dir='ltr'><strong>ipsum,</strong></span> <span class='ocrx_word' id='word_1_613' title='bbox 2282 4168 2599 4231; x_wconf 87' lang='lat' dir='ltr'><strong>didicimus,</strong></span> <span class='ocrx_word' id='word_1_614' title='bbox 2624 4167 3032 4237; x_wconf 77' lang='lat' dir='ltr'><strong>cognoscimus,</strong></span> <span class='ocrx_word' id='word_1_615' title='bbox 3055 4166 3436 4243; x_wconf 21' lang='lat' dir='ltr'><strong>credimus&#39;et</strong></span> <span class='ocrx_word' id='word_1_616' title='bbox 3465 4164 3634 4220; x_wconf 81' lang='lat' dir='ltr'><strong>conﬂ-</strong></span> 
     </span>
    </p>
   </div>
   <div class='ocr_carea' id='block_1_82' title="bbox 371 4252 1944 4329">
    <p class='ocr_par' dir='ltr' id='par_1_82' title="bbox 371 4254 1944 4329">
     <span class='ocr_line' id='line_1_82' title="bbox 371 4254 1944 4329; baseline -0.002 -17"><span class='ocrx_word' id='word_1_617' title='bbox 371 4259 465 4327; x_wconf 63' lang='grc' dir='ltr'><strong>καὶ</strong></span> <span class='ocrx_word' id='word_1_618' title='bbox 489 4256 868 4329; x_wconf 71' lang='grc' dir='ltr'><strong>εδιδάχθημεν,</strong></span> <span class='ocrx_word' id='word_1_619' title='bbox 921 4255 1018 4310; x_wconf 77' lang='grc' dir='ltr'><strong>καὶ</strong></span> <span class='ocrx_word' id='word_1_620' title='bbox 1048 4257 1392 4326; x_wconf 73' lang='grc' dir='ltr'><strong>ἐγνώκαμεν,</strong></span> <span class='ocrx_word' id='word_1_621' title='bbox 1447 4256 1543 4309; x_wconf 78' lang='grc' dir='ltr'><strong>καὶ</strong></span> <span class='ocrx_word' id='word_1_622' title='bbox 1589 4254 1944 4324; x_wconf 70' lang='grc' dir='ltr'><strong>πιστεύομεν,</strong></span> 
     </span>
    </p>
   </div>
   <div class='ocr_carea' id='block_1_83' title="bbox 2046 4252 3630 4329">
    <p class='ocr_par' dir='ltr' id='par_1_83' title="bbox 2047 4252 3630 4327">
     <span class='ocr_line' id='line_1_83' title="bbox 2047 4252 3630 4327; baseline -0.003 -14"><span class='ocrx_word' id='word_1_623' title='bbox 2047 4267 2266 4314; x_wconf 89' lang='lat' dir='ltr'><strong>temur:</strong></span> <span class='ocrx_word' id='word_1_624' title='bbox 2296 4256 2472 4327; x_wconf 80' lang='lat' dir='ltr'><strong>qualis</strong></span> <span class='ocrx_word' id='word_1_625' title='bbox 2497 4270 2627 4311; x_wconf 85' lang='lat' dir='ltr'><strong>vero</strong></span> <span class='ocrx_word' id='word_1_626' title='bbox 2654 4255 2803 4310; x_wconf 90' lang='lat' dir='ltr'><strong>illius</strong></span> <span class='ocrx_word' id='word_1_627' title='bbox 2833 4255 2905 4310; x_wconf 90' lang='lat' dir='ltr'><strong>sit</strong></span> <span class='ocrx_word' id='word_1_628' title='bbox 2926 4252 3235 4326; x_wconf 86' lang='lat' dir='ltr'><strong>generatio,</strong></span> <span class='ocrx_word' id='word_1_629' title='bbox 3260 4264 3374 4310; x_wconf 87' lang='lat' dir='ltr'><strong>nos&#39;</strong></span> <span class='ocrx_word' id='word_1_630' title='bbox 3394 4270 3495 4309; x_wconf 92' lang='lat' dir='ltr'><strong>nec</strong></span> <span class='ocrx_word' id='word_1_631' title='bbox 3524 4253 3630 4309; x_wconf 86' lang='lat' dir='ltr'><strong>sci-</strong></span> 
     </span>
    </p>
   </div>
   <div class='ocr_carea' id='block_1_84' title="bbox 372 4342 1944 4421">
    <p class='ocr_par' dir='ltr' id='par_1_84' title="bbox 372 4346 1944 4421">
     <span class='ocr_line' id='line_1_84' title="bbox 372 4346 1944 4421; baseline -0.003 -17"><span class='ocrx_word' id='word_1_632' title='bbox 372 4351 465 4405; x_wconf 72' lang='grc' dir='ltr'><strong>καὶ</strong></span> <span class='ocrx_word' id='word_1_633' title='bbox 493 4348 881 4421; x_wconf 82' lang='grc' dir='ltr'><strong>ὁμολογοῦμεν.</strong></span> <span class='ocrx_word' id='word_1_634' title='bbox 911 4346 1035 4408; x_wconf 83' lang='grc' dir='ltr'><strong>Πῶς</strong></span> <span class='ocrx_word' id='word_1_635' title='bbox 1056 4348 1113 4403; x_wconf 80' lang='grc' dir='ltr'><strong>δέ</strong></span> <span class='ocrx_word' id='word_1_636' title='bbox 1131 4348 1291 4402; x_wconf 60' lang='grc' dir='ltr'><strong>ἔστιν</strong></span> <span class='ocrx_word' id='word_1_637' title='bbox 1351 4349 1386 4419; x_wconf 83' lang='grc' dir='ltr'><strong>ή</strong></span> <span class='ocrx_word' id='word_1_638' title='bbox 1430 4347 1631 4401; x_wconf 86' lang='grc' dir='ltr'><strong>τούτου</strong></span> <span class='ocrx_word' id='word_1_639' title='bbox 1664 4347 1944 4418; x_wconf 75' lang='grc' dir='ltr'><strong>γέννησις,</strong></span> 
     </span>
    </p>
   </div>
   <div class='ocr_carea' id='block_1_85' title="bbox 2046 4342 3636 4421">
    <p class='ocr_par' dir='ltr' id='par_1_85' title="bbox 2048 4342 3636 4414">
     <span class='ocr_line' id='line_1_85' title="bbox 2048 4342 3636 4414; baseline -0.006 -9"><span class='ocrx_word' id='word_1_640' title='bbox 2048 4362 2191 4411; x_wconf 86' lang='lat' dir='ltr'><strong>mus.</strong></span> <span class='ocrx_word' id='word_1_641' title='bbox 2210 4361 2314 4403; x_wconf 89' lang='lat' dir='ltr'><strong>nec</strong></span> <span class='ocrx_word' id='word_1_642' title='bbox 2332 4344 2513 4402; x_wconf 90' lang='lat' dir='ltr'><strong>edocti</strong></span> <span class='ocrx_word' id='word_1_643' title='bbox 2541 4359 2754 4411; x_wconf 86' lang='lat' dir='ltr'><strong>sumus,</strong></span> <span class='ocrx_word' id='word_1_644' title='bbox 2768 4358 2947 4414; x_wconf 90' lang='lat' dir='ltr'><strong>neque</strong></span> <span class='ocrx_word' id='word_1_645' title='bbox 2979 4343 3146 4399; x_wconf 87' lang='lat' dir='ltr'><strong>etiam</strong></span> <span class='ocrx_word' id='word_1_646' title='bbox 3169 4344 3223 4398; x_wconf 90' lang='lat' dir='ltr'><strong>in</strong></span> <span class='ocrx_word' id='word_1_647' title='bbox 3241 4354 3508 4398; x_wconf 67' lang='lat' dir='ltr'><strong>aeternum</strong></span> <span class='ocrx_word' id='word_1_648' title='bbox 3528 4342 3636 4396; x_wconf 88' lang='lat' dir='ltr'><strong>hoc</strong></span> 
     </span>
    </p>
   </div>
   <div class='ocr_carea' id='block_1_86' title="bbox 371 4432 1944 4515">
    <p class='ocr_par' dir='ltr' id='par_1_86' title="bbox 371 4432 1944 4515">
     <span class='ocr_line' id='line_1_86' title="bbox 371 4432 1944 4515; baseline -0.002 -19"><span class='ocrx_word' id='word_1_649' title='bbox 371 4432 532 4515; x_wconf 77' lang='grc' dir='ltr'><strong>ἡμεῖς</strong></span> <span class='ocrx_word' id='word_1_650' title='bbox 559 4443 662 4497; x_wconf 79' lang='grc' dir='ltr'><strong>οὒκ</strong></span> <span class='ocrx_word' id='word_1_651' title='bbox 691 4442 935 4512; x_wconf 72' lang='grc' dir='ltr'><strong>οἴδαμεν,</strong></span> <span class='ocrx_word' id='word_1_652' title='bbox 961 4439 1086 4495; x_wconf 77' lang='grc' dir='ltr'><strong>οὔτε</strong></span> <span class='ocrx_word' id='word_1_653' title='bbox 1117 4440 1504 4513; x_wconf 66' lang='grc' dir='ltr'><strong>ἐδιδάχθημεν,</strong></span> <span class='ocrx_word' id='word_1_654' title='bbox 1528 4440 1644 4494; x_wconf 85' lang='grc' dir='ltr'><strong>ἀλλ’</strong></span> <span class='ocrx_word' id='word_1_655' title='bbox 1676 4438 1806 4494; x_wconf 75' lang='grc' dir='ltr'><strong>οὗτε</strong></span> <span class='ocrx_word' id='word_1_656' title='bbox 1837 4441 1944 4507; x_wconf 78' lang='grc' dir='ltr'><strong>ἑξε-</strong></span> 
     </span>
    </p>
   </div>
   <div class='ocr_carea' id='block_1_87' title="bbox 2046 4432 3634 4515">
    <p class='ocr_par' dir='ltr' id='par_1_87' title="bbox 2050 4432 3634 4511">
     <span class='ocr_line' id='line_1_87' title="bbox 2050 4432 3634 4511; baseline -0.005 -14"><span class='ocrx_word' id='word_1_657' title='bbox 2050 4441 2334 4511; x_wconf 89' lang='lat' dir='ltr'><strong>inquirere</strong></span> <span class='ocrx_word' id='word_1_658' title='bbox 2366 4438 2644 4499; x_wconf 85' lang='lat' dir='ltr'><strong>volumus,</strong></span> <span class='ocrx_word' id='word_1_659' title='bbox 2664 4451 2764 4491; x_wconf 89' lang='lat' dir='ltr'><strong>ceu</strong></span> <span class='ocrx_word' id='word_1_660' title='bbox 2792 4436 3048 4505; x_wconf 89' lang='lat' dir='ltr'><strong>impium,</strong></span> <span class='ocrx_word' id='word_1_661' title='bbox 3069 4443 3126 4490; x_wconf 90' lang='lat' dir='ltr'><strong>et</strong></span> <span class='ocrx_word' id='word_1_662' title='bbox 3146 4451 3176 4488; x_wconf 88' lang='lat' dir='ltr'><strong>a</strong></span> <span class='ocrx_word' id='word_1_663' title='bbox 3194 4433 3507 4489; x_wconf 88' lang='lat' dir='ltr'><strong>Christiana</strong></span> <span class='ocrx_word' id='word_1_664' title='bbox 3528 4432 3634 4489; x_wconf 81' lang='lat' dir='ltr'><strong>ﬁde</strong></span> 
     </span>
    </p>
   </div>
   <div class='ocr_carea' id='block_1_88' title="bbox 372 4507 1944 4619">
    <p class='ocr_par' dir='ltr' id='par_1_88' title="bbox 372 4507 1944 4606">
     <span class='ocr_line' id='line_1_88' title="bbox 372 4507 1944 4606; baseline -0.001 -17"><span class='ocrx_word' id='word_1_665' title='bbox 372 4507 556 4601; x_wconf 68' lang='grc' dir='ltr'><strong>τάξειν</strong></span> <span class='ocrx_word' id='word_1_666' title='bbox 587 4507 858 4606; x_wconf 74' lang='grc' dir='ltr'><strong>μέλλομεν</strong></span> <span class='ocrx_word' id='word_1_667' title='bbox 887 4534 1022 4590; x_wconf 81' lang='grc' dir='ltr'><strong>αὐτὸ</strong></span> <span class='ocrx_word' id='word_1_668' title='bbox 1048 4535 1129 4597; x_wconf 78' lang='grc' dir='ltr'><strong>εἰς</strong></span> <span class='ocrx_word' id='word_1_669' title='bbox 1154 4534 1250 4588; x_wconf 80' lang='grc' dir='ltr'><strong>τὸν</strong></span> <span class='ocrx_word' id='word_1_670' title='bbox 1268 4507 1587 4599; x_wconf 59' lang='grc' dir='ltr'><strong>⁷ιείείίνα,ιῗ›ς</strong></span> <span class='ocrx_word' id='word_1_671' title='bbox 1614 4532 1809 4596; x_wconf 77' lang='grc' dir='ltr'><strong>ἀσεϐὲς</strong></span> <span class='ocrx_word' id='word_1_672' title='bbox 1851 4535 1944 4588; x_wconf 68' lang='grc' dir='ltr'><strong>καὶ</strong></span> 
     </span>
    </p>
   </div>
   <div class='ocr_carea' id='block_1_89' title="bbox 2046 4507 3638 4619">
    <p class='ocr_par' dir='ltr' id='par_1_89' title="bbox 2053 4507 3638 4619">
     <span class='ocr_line' id='line_1_89' title="bbox 2053 4507 3638 4619; baseline -0.007 -30"><span class='ocrx_word' id='word_1_673' title='bbox 2053 4507 2385 4619; x_wconf 49' lang='grc' dir='ltr'><strong>θεοεειίεἰοηε</strong></span> <span class='ocrx_word' id='word_1_674' title='bbox 2399 4523 2560 4601; x_wconf 89' lang='lat' dir='ltr'><strong>quam</strong></span> <span class='ocrx_word' id='word_1_675' title='bbox 2577 4528 2812 4583; x_wconf 82' lang='lat' dir='ltr'><strong>maxime</strong></span> <span class='ocrx_word' id='word_1_676' title='bbox 2825 4526 3235 4593; x_wconf 84' lang='lat' dir='ltr'><strong>alienum.Quin</strong></span> <span class='ocrx_word' id='word_1_677' title='bbox 3252 4524 3638 4595; x_wconf 66' lang='lat' dir='ltr'><strong>mquanimiter</strong></span> 
     </span>
    </p>
   </div>
   <div class='ocr_carea' id='block_1_90' title="bbox 374 4614 1944 4699">
    <p class='ocr_par' dir='ltr' id='par_1_90' title="bbox 374 4625 1944 4699">
     <span class='ocr_line' id='line_1_90' title="bbox 374 4625 1944 4699; baseline -0.002 -17"><span class='ocrx_word' id='word_1_678' title='bbox 374 4628 681 4699; x_wconf 70' lang='grc' dir='ltr'><strong>ἀπόϐλητον</strong></span> <span class='ocrx_word' id='word_1_679' title='bbox 737 4627 842 4697; x_wconf 84' lang='grc' dir='ltr'><strong>τῆς</strong></span> <span class='ocrx_word' id='word_1_680' title='bbox 880 4626 993 4681; x_wconf 87' lang='grc' dir='ltr'><strong>τῶν</strong></span> <span class='ocrx_word' id='word_1_681' title='bbox 1042 4625 1391 4698; x_wconf 78' lang='grc' dir='ltr'><strong>Χριστιανῶν</strong></span> <span class='ocrx_word' id='word_1_682' title='bbox 1441 4625 1684 4688; x_wconf 86' lang='grc' dir='ltr'><strong>πίστεώς</strong></span> <span class='ocrx_word' id='word_1_683' title='bbox 1732 4642 1799 4683; x_wconf 71' lang='grc' dir='ltr'><strong>σε</strong></span> <span class='ocrx_word' id='word_1_684' title='bbox 1850 4627 1944 4679; x_wconf 67' lang='grc' dir='ltr'><strong>καὶ</strong></span> 
     </span>
    </p>
   </div>
   <div class='ocr_carea' id='block_1_91' title="bbox 2046 4614 3632 4699">
    <p class='ocr_par' dir='ltr' id='par_1_91' title="bbox 2051 4614 3632 4690">
     <span class='ocr_line' id='line_1_91' title="bbox 2051 4614 3632 4690; baseline -0.006 -11"><span class='ocrx_word' id='word_1_685' title='bbox 2051 4614 2319 4679; x_wconf 74' lang='lat' dir='ltr'><strong>sentimus</strong></span> <span class='ocrx_word' id='word_1_686' title='bbox 2347 4620 2484 4676; x_wconf 85' lang='lat' dir='ltr'><strong>etab</strong></span> <span class='ocrx_word' id='word_1_687' title='bbox 2498 4619 2710 4690; x_wconf 77' lang='lat' dir='ltr'><strong>angelis</strong></span> <span class='ocrx_word' id='word_1_688' title='bbox 2729 4627 2786 4674; x_wconf 90' lang='lat' dir='ltr'><strong>et</strong></span> <span class='ocrx_word' id='word_1_689' title='bbox 2807 4618 2877 4673; x_wconf 87' lang='lat' dir='ltr'><strong>ab</strong></span> <span class='ocrx_word' id='word_1_690' title='bbox 2910 4616 3227 4673; x_wconf 87' lang='lat' dir='ltr'><strong>hominibus</strong></span> <span class='ocrx_word' id='word_1_691' title='bbox 3260 4614 3390 4670; x_wconf 90' lang='lat' dir='ltr'><strong>illud</strong></span> <span class='ocrx_word' id='word_1_692' title='bbox 3414 4629 3632 4669; x_wconf 87' lang='lat' dir='ltr'><strong>omnem</strong></span> 
     </span>
    </p>
   </div>
   <div class='ocr_carea' id='block_1_92' title="bbox 373 4706 1944 4789">
    <p class='ocr_par' dir='ltr' id='par_1_92' title="bbox 373 4716 1944 4789">
     <span class='ocr_line' id='line_1_92' title="bbox 373 4716 1944 4789; baseline -0.003 -16"><span class='ocrx_word' id='word_1_693' title='bbox 373 4718 780 4783; x_wconf 78' lang='grc' dir='ltr'><strong>καταστάσεως.</strong></span> <span class='ocrx_word' id='word_1_694' title='bbox 832 4716 975 4773; x_wconf 79' lang='grc' dir='ltr'><strong>Ἀλλ’</strong></span> <span class='ocrx_word' id='word_1_695' title='bbox 1008 4718 1213 4788; x_wconf 68' lang='grc' dir='ltr'><strong>ἐπίσης</strong></span> <span class='ocrx_word' id='word_1_696' title='bbox 1265 4716 1577 4789; x_wconf 84' lang='grc' dir='ltr'><strong>φρονοῦμεν</strong></span> <span class='ocrx_word' id='word_1_697' title='bbox 1628 4717 1944 4786; x_wconf 81' lang='grc' dir='ltr'><strong>ἀγνοεῖσθαι</strong></span> 
     </span>
    </p>
   </div>
   <div class='ocr_carea' id='block_1_93' title="bbox 2046 4706 3633 4789">
    <p class='ocr_par' dir='ltr' id='par_1_93' title="bbox 2051 4706 3633 4785">
     <span class='ocr_line' id='line_1_93' title="bbox 2051 4706 3633 4785; baseline -0.008 -13"><span class='ocrx_word' id='word_1_698' title='bbox 2051 4727 2305 4772; x_wconf 86' lang='lat' dir='ltr'><strong>naturam</strong></span> <span class='ocrx_word' id='word_1_699' title='bbox 2337 4714 2612 4770; x_wconf 83' lang='lat' dir='ltr'><strong>excedens</strong></span> <span class='ocrx_word' id='word_1_700' title='bbox 2630 4712 2952 4785; x_wconf 83' lang='lat' dir='ltr'><strong>mysterium</strong></span> <span class='ocrx_word' id='word_1_701' title='bbox 2968 4710 3229 4781; x_wconf 88' lang='lat' dir='ltr'><strong>ignorari.</strong></span> <span class='ocrx_word' id='word_1_702' title='bbox 3242 4708 3420 4778; x_wconf 82' lang='lat' dir='ltr'><strong>Atque</strong></span> <span class='ocrx_word' id='word_1_703' title='bbox 3439 4706 3633 4761; x_wconf 89' lang='lat' dir='ltr'><strong>eadem</strong></span> 
     </span>
    </p>
   </div>
   <div class='ocr_carea' id='block_1_94' title="bbox 374 4798 1944 4883">
    <p class='ocr_par' dir='ltr' id='par_1_94' title="bbox 374 4810 1944 4883">
     <span class='ocr_line' id='line_1_94' title="bbox 374 4810 1944 4883; baseline -0.001 -16"><span class='ocrx_word' id='word_1_704' title='bbox 374 4812 470 4867; x_wconf 73' lang='grc' dir='ltr'><strong>καὶ</strong></span> <span class='ocrx_word' id='word_1_705' title='bbox 493 4812 746 4882; x_wconf 82' lang='grc' dir='ltr'><strong>ἀγγέλοις</strong></span> <span class='ocrx_word' id='word_1_706' title='bbox 783 4812 882 4865; x_wconf 73' lang='grc' dir='ltr'><strong>καὶ</strong></span> <span class='ocrx_word' id='word_1_707' title='bbox 919 4810 1232 4882; x_wconf 87' lang='grc' dir='ltr'><strong>ἀνθρώποις</strong></span> <span class='ocrx_word' id='word_1_708' title='bbox 1254 4811 1318 4866; x_wconf 58' lang='lat' dir='ltr'><strong>ab</strong></span> <span class='ocrx_word' id='word_1_709' title='bbox 1346 4810 1593 4865; x_wconf 85' lang='grc' dir='ltr'><strong>τοιοῦτον</strong></span> <span class='ocrx_word' id='word_1_710' title='bbox 1611 4811 1753 4883; x_wconf 77' lang='grc' dir='ltr'><strong>ὑπὲρ</strong></span> <span class='ocrx_word' id='word_1_711' title='bbox 1786 4811 1944 4880; x_wconf 80' lang='grc' dir='ltr'><strong>φύσιν</strong></span> 
     </span>
    </p>
   </div>
   <div class='ocr_carea' id='block_1_95' title="bbox 2046 4798 3634 4883">
    <p class='ocr_par' dir='ltr' id='par_1_95' title="bbox 2054 4798 3634 4865">
     <span class='ocr_line' id='line_1_95' title="bbox 2054 4798 3634 4865; baseline -0.008 -1"><span class='ocrx_word' id='word_1_712' title='bbox 2054 4808 2220 4864; x_wconf 88' lang='lat' dir='ltr'><strong>nobis</strong></span> <span class='ocrx_word' id='word_1_713' title='bbox 2276 4808 2345 4862; x_wconf 89' lang='lat' dir='ltr'><strong>de</strong></span> <span class='ocrx_word' id='word_1_714' title='bbox 2397 4806 2782 4861; x_wconf 79' lang='lat' dir='ltr'><strong>incarnatione</strong></span> <span class='ocrx_word' id='word_1_715' title='bbox 2829 4804 2979 4859; x_wconf 87' lang='lat' dir='ltr'><strong>illius</strong></span> <span class='ocrx_word' id='word_1_716' title='bbox 3018 4811 3104 4857; x_wconf 88' lang='lat' dir='ltr'><strong>est</strong></span> <span class='ocrx_word' id='word_1_717' title='bbox 3151 4801 3444 4857; x_wconf 80' lang='lat' dir='ltr'><strong>sententia.</strong></span> <span class='ocrx_word' id='word_1_718' title='bbox 3476 4798 3634 4865; x_wconf 80' lang='lat' dir='ltr'><strong>Quod</strong></span> 
     </span>
    </p>
   </div>
   <div class='ocr_carea' id='block_1_96' title="bbox 377 4898 1953 4973">
    <p class='ocr_par' dir='ltr' id='par_1_96' title="bbox 377 4898 1953 4973">
     <span class='ocr_line' id='line_1_96' title="bbox 377 4898 1953 4973; baseline 0 -19"><span class='ocrx_word' id='word_1_719' title='bbox 377 4902 696 4973; x_wconf 82' lang='grc' dir='ltr'><strong>μυστήριον.</strong></span> <span class='ocrx_word' id='word_1_720' title='bbox 752 4898 917 4954; x_wconf 81' lang='grc' dir='ltr'><strong>Οὕτω</strong></span> <span class='ocrx_word' id='word_1_721' title='bbox 938 4900 1035 4954; x_wconf 77' lang='grc' dir='ltr'><strong>καὶ</strong></span> <span class='ocrx_word' id='word_1_722' title='bbox 1062 4900 1158 4954; x_wconf 68' lang='grc' dir='ltr'><strong>ἐπὶ</strong></span> <span class='ocrx_word' id='word_1_723' title='bbox 1191 4900 1290 4970; x_wconf 83' lang='grc' dir='ltr'><strong>τῆς</strong></span> <span class='ocrx_word' id='word_1_724' title='bbox 1328 4900 1807 4972; x_wconf 78' lang='grc' dir='ltr'><strong>ὲνανθρωπήσεως</strong></span> <span class='ocrx_word' id='word_1_725' title='bbox 1854 4901 1953 4956; x_wconf 83' lang='grc' dir='ltr'><strong>αὐ-</strong></span> 
     </span>
    </p>
   </div>
   <div class='ocr_carea' id='block_1_97' title="bbox 371 4989 1954 5063">
    <p class='ocr_par' dir='ltr' id='par_1_97' title="bbox 371 4989 1954 5063">
     <span class='ocr_line' id='line_1_97' title="bbox 371 4989 1954 5063; baseline 0 -18"><span class='ocrx_word' id='word_1_726' title='bbox 371 4991 488 5057; x_wconf 83' lang='grc' dir='ltr'><strong>τοῦ,</strong></span> <span class='ocrx_word' id='word_1_727' title='bbox 529 4991 614 5045; x_wconf 88' lang='grc' dir='ltr'><strong>δτι</strong></span> <span class='ocrx_word' id='word_1_728' title='bbox 642 4989 858 5060; x_wconf 72' lang='grc' dir='ltr'><strong>ἐγένετο</strong></span> <span class='ocrx_word' id='word_1_729' title='bbox 884 4989 1193 5063; x_wconf 78' lang='grc' dir='ltr'><strong>ἄνθρωπος,</strong></span> <span class='ocrx_word' id='word_1_730' title='bbox 1256 4992 1354 5046; x_wconf 80' lang='grc' dir='ltr'><strong>καὶ</strong></span> <span class='ocrx_word' id='word_1_731' title='bbox 1408 4990 1799 5063; x_wconf 71' lang='grc' dir='ltr'><strong>ἐδιδάχθημεν,</strong></span> <span class='ocrx_word' id='word_1_732' title='bbox 1856 4990 1954 5045; x_wconf 74' lang='lat' dir='ltr'><strong>xal</strong></span> 
     </span>
    </p>
   </div>
   <div class='ocr_carea' id='block_1_98' title="bbox 374 5079 1954 5154">
    <p class='ocr_par' dir='ltr' id='par_1_98' title="bbox 374 5079 1954 5154">
     <span class='ocr_line' id='line_1_98' title="bbox 374 5079 1954 5154; baseline 0.001 -18"><span class='ocrx_word' id='word_1_733' title='bbox 374 5079 714 5154; x_wconf 70' lang='grc' dir='ltr'><strong>ιγνώκαμεν,</strong></span> <span class='ocrx_word' id='word_1_734' title='bbox 747 5081 845 5136; x_wconf 72' lang='grc' dir='ltr'><strong>καὶ</strong></span> <span class='ocrx_word' id='word_1_735' title='bbox 878 5082 1318 5153; x_wconf 61' lang='grc' dir='ltr'><strong>πιστεύομεν-τὸ</strong></span> <span class='ocrx_word' id='word_1_736' title='bbox 1344 5082 1401 5138; x_wconf 80' lang='grc' dir='ltr'><strong>δὲ</strong></span> <span class='ocrx_word' id='word_1_737' title='bbox 1428 5082 1602 5151; x_wconf 81' lang='grc' dir='ltr'><strong>ὅπως,</strong></span> <span class='ocrx_word' id='word_1_738' title='bbox 1657 5082 1721 5136; x_wconf 80' lang='grc' dir='ltr'><strong>οὐ</strong></span> <span class='ocrx_word' id='word_1_739' title='bbox 1784 5081 1954 5151; x_wconf 84' lang='grc' dir='ltr'><strong>γινώ-</strong></span> 
     </span>
    </p>
   </div>
   <div class='ocr_carea' id='block_1_99' title="bbox 376 5171 1954 5246">
    <p class='ocr_par' dir='ltr' id='par_1_99' title="bbox 376 5171 1954 5246">
     <span class='ocr_line' id='line_1_99' title="bbox 376 5171 1954 5246; baseline 0 -17"><span class='ocrx_word' id='word_1_740' title='bbox 376 5189 599 5245; x_wconf 82' lang='grc' dir='ltr'><strong>σκομεν,</strong></span> <span class='ocrx_word' id='word_1_741' title='bbox 633 5171 752 5228; x_wconf 84' lang='grc' dir='ltr'><strong>ἀλλ’</strong></span> <span class='ocrx_word' id='word_1_742' title='bbox 802 5172 991 5244; x_wconf 84' lang='grc' dir='ltr'><strong>ὥσπερ</strong></span> <span class='ocrx_word' id='word_1_743' title='bbox 1028 5173 1334 5245; x_wconf 85' lang='grc' dir='ltr'><strong>ἀγνοοῦμεν</strong></span> <span class='ocrx_word' id='word_1_744' title='bbox 1379 5174 1479 5246; x_wconf 77' lang='grc' dir='ltr'><strong>τὴν</strong></span> <span class='ocrx_word' id='word_1_745' title='bbox 1530 5176 1598 5229; x_wconf 71' lang='grc' dir='ltr'><strong>ὲκ</strong></span> <span class='ocrx_word' id='word_1_746' title='bbox 1644 5173 1786 5229; x_wconf 88' lang='grc' dir='ltr'><strong>Θεοῦ</strong></span> <span class='ocrx_word' id='word_1_747' title='bbox 1856 5175 1954 5229; x_wconf 81' lang='grc' dir='ltr'><strong>καὶ</strong></span> 
     </span>
    </p>
   </div>
   <div class='ocr_carea' id='block_1_100' title="bbox 380 5260 1955 5336">
    <p class='ocr_par' dir='ltr' id='par_1_100' title="bbox 380 5260 1955 5336">
     <span class='ocr_line' id='line_1_100' title="bbox 380 5260 1955 5336; baseline 0.003 -22"><span class='ocrx_word' id='word_1_748' title='bbox 380 5261 592 5333; x_wconf 80' lang='grc' dir='ltr'><strong>[ἰατρὸς</strong></span> <span class='ocrx_word' id='word_1_749' title='bbox 622 5261 790 5316; x_wconf 81' lang='grc' dir='ltr'><strong>αὑτοῦ</strong></span> <span class='ocrx_word' id='word_1_750' title='bbox 818 5262 1095 5333; x_wconf 80' lang='grc' dir='ltr'><strong>γέννησιν,</strong></span> <span class='ocrx_word' id='word_1_751' title='bbox 1124 5260 1301 5328; x_wconf 75' lang='grc' dir='ltr'><strong>οὕτως</strong></span> <span class='ocrx_word' id='word_1_752' title='bbox 1348 5263 1657 5336; x_wconf 75' lang='grc' dir='ltr'><strong>ἀγνοοῦμεν</strong></span> <span class='ocrx_word' id='word_1_753' title='bbox 1718 5263 1815 5319; x_wconf 80' lang='grc' dir='ltr'><strong>καὶ</strong></span> <span class='ocrx_word' id='word_1_754' title='bbox 1851 5262 1955 5336; x_wconf 78' lang='grc' dir='ltr'><strong>τὴν</strong></span> 
     </span>
    </p>
   </div>
   <div class='ocr_carea' id='block_1_101' title="bbox 376 5351 1952 5425">
    <p class='ocr_par' dir='ltr' id='par_1_101' title="bbox 376 5351 1952 5425">
     <span class='ocr_line' id='line_1_101' title="bbox 376 5351 1952 5425; baseline 0.004 -22"><span class='ocrx_word' id='word_1_755' title='bbox 376 5354 442 5406; x_wconf 79' lang='grc' dir='ltr'><strong>ἐκ</strong></span> <span class='ocrx_word' id='word_1_756' title='bbox 471 5352 571 5422; x_wconf 78' lang='grc' dir='ltr'><strong>τῆς</strong></span> <span class='ocrx_word' id='word_1_757' title='bbox 594 5352 760 5422; x_wconf 76' lang='grc' dir='ltr'><strong>ἁγίας</strong></span> <span class='ocrx_word' id='word_1_758' title='bbox 795 5351 962 5413; x_wconf 71' lang='grc' dir='ltr'><strong>αὑτοῦ</strong></span> <span class='ocrx_word' id='word_1_759' title='bbox 1003 5354 1211 5424; x_wconf 81' lang='grc' dir='ltr'><strong>μητρὸς</strong></span> <span class='ocrx_word' id='word_1_760' title='bbox 1236 5354 1460 5425; x_wconf 84' lang='grc' dir='ltr'><strong>Μαρίας</strong></span> <span class='ocrx_word' id='word_1_761' title='bbox 1490 5355 1591 5425; x_wconf 82' lang='grc' dir='ltr'><strong>τῆς</strong></span> <span class='ocrx_word' id='word_1_762' title='bbox 1645 5355 1952 5424; x_wconf 80' lang='grc' dir='ltr'><strong>Παρθένου.</strong></span> 
     </span>
    </p>
   </div>
   <div class='ocr_carea' id='block_1_102' title="bbox 384 5443 1955 5517">
    <p class='ocr_par' dir='ltr' id='par_1_102' title="bbox 384 5443 1955 5517">
     <span class='ocr_line' id='line_1_102' title="bbox 384 5443 1955 5517; baseline 0.005 -22"><span class='ocrx_word' id='word_1_763' title='bbox 384 5443 403 5477; x_wconf 69' lang='grc' dir='ltr'><strong>ν</strong></span> <span class='ocrx_word' id='word_1_764' title='bbox 416 5444 572 5514; x_wconf 79' lang='grc' dir='ltr'><strong>ι’μεϊς</strong></span> <span class='ocrx_word' id='word_1_765' title='bbox 586 5444 645 5498; x_wconf 76' lang='grc' dir='ltr'><strong>δὶ</strong></span> <span class='ocrx_word' id='word_1_766' title='bbox 665 5446 713 5499; x_wconf 85' lang='grc' dir='ltr'><strong>ὀί</strong></span> <span class='ocrx_word' id='word_1_767' title='bbox 726 5444 1087 5514; x_wconf 79' lang='grc' dir='ltr'><strong>γινώσκοντες</strong></span> <span class='ocrx_word' id='word_1_768' title='bbox 1109 5446 1172 5499; x_wconf 80' lang='grc' dir='ltr'><strong>τὸ</strong></span> <span class='ocrx_word' id='word_1_769' title='bbox 1189 5446 1283 5500; x_wconf 90' lang='grc' dir='ltr'><strong>τοῦ</strong></span> <span class='ocrx_word' id='word_1_770' title='bbox 1303 5446 1440 5501; x_wconf 84' lang='grc' dir='ltr'><strong>Θεοῦ</strong></span> <span class='ocrx_word' id='word_1_771' title='bbox 1462 5449 1746 5515; x_wconf 83' lang='grc' dir='ltr'><strong>ἀδύνατον,</strong></span> <span class='ocrx_word' id='word_1_772' title='bbox 1766 5449 1955 5517; x_wconf 84' lang='grc' dir='ltr'><strong>λέγετε</strong></span> 
     </span>
    </p>
   </div>
   <div class='ocr_carea' id='block_1_103' title="bbox 374 5536 1956 5608">
    <p class='ocr_par' dir='ltr' id='par_1_103' title="bbox 374 5536 1956 5608">
     <span class='ocr_line' id='line_1_103' title="bbox 374 5536 1956 5608; baseline 0.003 -20"><span class='ocrx_word' id='word_1_773' title='bbox 374 5556 398 5602; x_wconf 81' lang='grc'><strong>·;</strong></span> <span class='ocrx_word' id='word_1_774' title='bbox 416 5536 603 5605; x_wconf 75' lang='grc' dir='ltr'><strong>ἁρ,δτι</strong></span> <span class='ocrx_word' id='word_1_775' title='bbox 622 5536 745 5601; x_wconf 86' lang='grc' dir='ltr'><strong>Πῶς</strong></span> <span class='ocrx_word' id='word_1_776' title='bbox 767 5538 883 5591; x_wconf 73' lang='grc' dir='ltr'><strong>ἐστι</strong></span> <span class='ocrx_word' id='word_1_777' title='bbox 901 5537 1126 5591; x_wconf 66' lang='grc' dir='ltr'><strong>δυνατὶν</strong></span> <span class='ocrx_word' id='word_1_778' title='bbox 1160 5537 1304 5608; x_wconf 73' lang='grc' dir='ltr'><strong>ἔχειν</strong></span> <span class='ocrx_word' id='word_1_779' title='bbox 1330 5538 1460 5593; x_wconf 80' lang='grc' dir='ltr'><strong>Υίὸν</strong></span> <span class='ocrx_word' id='word_1_780' title='bbox 1500 5539 1592 5594; x_wconf 80' lang='grc' dir='ltr'><strong>τὸν</strong></span> <span class='ocrx_word' id='word_1_781' title='bbox 1613 5540 1746 5594; x_wconf 83' lang='grc' dir='ltr'><strong>Θεόν</strong></span> <span class='ocrx_word' id='word_1_782' title='bbox 1770 5557 1787 5607; x_wconf 88' lang='lat'><strong>;</strong></span> <span class='ocrx_word' id='word_1_783' title='bbox 1821 5542 1956 5594; x_wconf 86' lang='grc' dir='ltr'><strong>πάν-</strong></span> 
     </span>
    </p>
   </div>
   <div class='ocr_carea' id='block_1_104' title="bbox 376 5618 1955 5699">
    <p class='ocr_par' dir='ltr' id='par_1_104' title="bbox 376 5618 1955 5699">
     <span class='ocr_line' id='line_1_104' title="bbox 376 5618 1955 5699; baseline 0.006 -24"><span class='ocrx_word' id='word_1_784' title='bbox 376 5640 481 5684; x_wconf 80' lang='grc' dir='ltr'><strong>τως</strong></span> <span class='ocrx_word' id='word_1_785' title='bbox 532 5622 593 5688; x_wconf 79' lang='grc' dir='ltr'><strong>ἐξ</strong></span> <span class='ocrx_word' id='word_1_786' title='bbox 629 5618 704 5677; x_wconf 82' lang='grc' dir='ltr'><strong>ὧν</strong></span> <span class='ocrx_word' id='word_1_787' title='bbox 760 5625 986 5693; x_wconf 85' lang='grc' dir='ltr'><strong>λέγετε,</strong></span> <span class='ocrx_word' id='word_1_788' title='bbox 1028 5624 1318 5692; x_wconf 83' lang='grc' dir='ltr'><strong>γινώσκειν</strong></span> <span class='ocrx_word' id='word_1_789' title='bbox 1354 5628 1580 5699; x_wconf 80' lang='grc' dir='ltr'><strong>μέλλετε</strong></span> <span class='ocrx_word' id='word_1_790' title='bbox 1626 5632 1723 5683; x_wconf 76' lang='grc' dir='ltr'><strong>καὶ</strong></span> <span class='ocrx_word' id='word_1_791' title='bbox 1765 5630 1825 5683; x_wconf 86' lang='grc' dir='ltr'><strong>τὸ</strong></span> <span class='ocrx_word' id='word_1_792' title='bbox 1859 5631 1955 5684; x_wconf 86' lang='grc' dir='ltr'><strong>τοῦ</strong></span> 
     </span>
    </p>
   </div>
   <div class='ocr_carea' id='block_1_105' title="bbox 376 5713 1956 5792">
    <p class='ocr_par' dir='ltr' id='par_1_105' title="bbox 376 5713 1956 5792">
     <span class='ocr_line' id='line_1_105' title="bbox 376 5713 1956 5792; baseline 0.008 -26"><span class='ocrx_word' id='word_1_793' title='bbox 376 5713 513 5768; x_wconf 86' lang='grc' dir='ltr'><strong>Θεοῦ</strong></span> <span class='ocrx_word' id='word_1_794' title='bbox 580 5713 827 5771; x_wconf 82' lang='grc' dir='ltr'><strong>δυνατόν.</strong></span> <span class='ocrx_word' id='word_1_795' title='bbox 910 5717 1021 5771; x_wconf 81' lang='lat' dir='ltr'><strong>Kal</strong></span> <span class='ocrx_word' id='word_1_796' title='bbox 1081 5718 1329 5784; x_wconf 83' lang='grc' dir='ltr'><strong>διδάξατε</strong></span> <span class='ocrx_word' id='word_1_797' title='bbox 1424 5721 1583 5792; x_wconf 80' lang='grc' dir='ltr'><strong>ὑμεῖς</strong></span> <span class='ocrx_word' id='word_1_798' title='bbox 1661 5723 1711 5776; x_wconf 74' lang='lat' dir='ltr'><strong>oi</strong></span> <span class='ocrx_word' id='word_1_799' title='bbox 1785 5724 1956 5779; x_wconf 81' lang='grc' dir='ltr'><strong>πολλὰ</strong></span> 
     </span>
    </p>
   </div>
   <div class='ocr_carea' id='block_1_106' title="bbox 378 5803 1956 5901">
    <p class='ocr_par' dir='ltr' id='par_1_106' title="bbox 378 5803 1956 5901">
     <span class='ocr_line' id='line_1_106' title="bbox 378 5803 1956 5901; baseline 0.006 -42"><span class='ocrx_word' id='word_1_800' title='bbox 378 5803 576 5882; x_wconf 68' lang='grc' dir='ltr'><strong>εξδᾴτες</strong></span> <span class='ocrx_word' id='word_1_801' title='bbox 834 5808 960 5881; x_wconf 78' lang='grc' dir='ltr'><strong>τοὺς</strong></span> <span class='ocrx_word' id='word_1_802' title='bbox 1020 5808 1251 5879; x_wconf 80' lang='grc' dir='ltr'><strong>ἀμαθεῖς</strong></span> <span class='ocrx_word' id='word_1_803' title='bbox 1320 5813 1412 5867; x_wconf 83' lang='grc' dir='ltr'><strong>καὶ</strong></span> <span class='ocrx_word' id='word_1_804' title='bbox 1487 5813 1826 5887; x_wconf 84' lang='grc' dir='ltr'><strong>ἀγροίκους,</strong></span> <span class='ocrx_word' id='word_1_805' title='bbox 1873 5817 1956 5882; x_wconf 83' lang='grc' dir='ltr'><strong>τίς</strong></span> 
     </span>
    </p>
   </div>
   <div class='ocr_carea' id='block_1_107' title="bbox 2051 4892 3638 4963">
    <p class='ocr_par' dir='ltr' id='par_1_107' title="bbox 2051 4892 3638 4963">
     <span class='ocr_line' id='line_1_107' title="bbox 2051 4892 3638 4963; baseline -0.006 -7"><span class='ocrx_word' id='word_1_806' title='bbox 2051 4900 2201 4956; x_wconf 88' lang='lat' dir='ltr'><strong>enim</strong></span> <span class='ocrx_word' id='word_1_807' title='bbox 2232 4900 2397 4954; x_wconf 90' lang='lat' dir='ltr'><strong>homo</strong></span> <span class='ocrx_word' id='word_1_808' title='bbox 2417 4897 2595 4953; x_wconf 82' lang='lat' dir='ltr'><strong>factus</strong></span> <span class='ocrx_word' id='word_1_809' title='bbox 2616 4897 2710 4961; x_wconf 88' lang='lat' dir='ltr'><strong>sit,</strong></span> <span class='ocrx_word' id='word_1_810' title='bbox 2736 4905 2795 4951; x_wconf 91' lang='lat' dir='ltr'><strong>et</strong></span> <span class='ocrx_word' id='word_1_811' title='bbox 2816 4895 2998 4950; x_wconf 88' lang='lat' dir='ltr'><strong>edocti</strong></span> <span class='ocrx_word' id='word_1_812' title='bbox 3027 4909 3240 4960; x_wconf 89' lang='lat' dir='ltr'><strong>sumus,</strong></span> <span class='ocrx_word' id='word_1_813' title='bbox 3266 4901 3322 4948; x_wconf 90' lang='lat' dir='ltr'><strong>et</strong></span> <span class='ocrx_word' id='word_1_814' title='bbox 3351 4892 3638 4963; x_wconf 84' lang='lat' dir='ltr'><strong>cognosci-</strong></span> 
     </span>
    </p>
   </div>
   <div class='ocr_carea' id='block_1_108' title="bbox 2054 4984 3635 5055">
    <p class='ocr_par' dir='ltr' id='par_1_108' title="bbox 2054 4984 3635 5055">
     <span class='ocr_line' id='line_1_108' title="bbox 2054 4984 3635 5055; baseline -0.006 -6"><span class='ocrx_word' id='word_1_815' title='bbox 2054 5008 2179 5049; x_wconf 88' lang='lat' dir='ltr'><strong>mus</strong></span> <span class='ocrx_word' id='word_1_816' title='bbox 2200 5000 2256 5046; x_wconf 90' lang='lat' dir='ltr'><strong>et</strong></span> <span class='ocrx_word' id='word_1_817' title='bbox 2283 4989 2579 5046; x_wconf 87' lang='lat' dir='ltr'><strong>credimus.</strong></span> <span class='ocrx_word' id='word_1_818' title='bbox 2603 4988 2893 5055; x_wconf 84' lang='lat' dir='ltr'><strong>Quomodo</strong></span> <span class='ocrx_word' id='word_1_819' title='bbox 2927 4996 3114 5043; x_wconf 88' lang='lat' dir='ltr'><strong>autem</strong></span> <span class='ocrx_word' id='word_1_820' title='bbox 3138 4987 3306 5042; x_wconf 87' lang='lat' dir='ltr'><strong>homo</strong></span> <span class='ocrx_word' id='word_1_821' title='bbox 3341 4984 3520 5041; x_wconf 86' lang='lat' dir='ltr'><strong>factus</strong></span> <span class='ocrx_word' id='word_1_822' title='bbox 3542 4987 3635 5052; x_wconf 87' lang='lat' dir='ltr'><strong>sit,</strong></span> 
     </span>
    </p>
   </div>
   <div class='ocr_carea' id='block_1_109' title="bbox 2053 5078 3638 5156">
    <p class='ocr_par' dir='ltr' id='par_1_109' title="bbox 2053 5078 3638 5156">
     <span class='ocr_line' id='line_1_109' title="bbox 2053 5078 3638 5156; baseline -0.004 -15"><span class='ocrx_word' id='word_1_823' title='bbox 2053 5086 2392 5156; x_wconf 78' lang='lat' dir='ltr'><strong>ignoramus.</strong></span> <span class='ocrx_word' id='word_1_824' title='bbox 2416 5081 2525 5139; x_wconf 88' lang='lat' dir='ltr'><strong>Sed</strong></span> <span class='ocrx_word' id='word_1_825' title='bbox 2556 5080 3025 5153; x_wconf 84' lang='lat' dir='ltr'><strong>quemadmodum</strong></span> <span class='ocrx_word' id='word_1_826' title='bbox 3050 5081 3368 5152; x_wconf 86' lang='lat' dir='ltr'><strong>ignoramus</strong></span> <span class='ocrx_word' id='word_1_827' title='bbox 3402 5078 3549 5134; x_wconf 87' lang='lat' dir='ltr'><strong>illius</strong></span> <span class='ocrx_word' id='word_1_828' title='bbox 3569 5094 3638 5135; x_wconf 75' lang='lat' dir='ltr'><strong>ex</strong></span> 
     </span>
    </p>
   </div>
   <div class='ocr_carea' id='block_1_110' title="bbox 2054 5169 3639 5243">
    <p class='ocr_par' dir='ltr' id='par_1_110' title="bbox 2054 5169 3639 5243">
     <span class='ocr_line' id='line_1_110' title="bbox 2054 5169 3639 5243; baseline -0.006 -10"><span class='ocrx_word' id='word_1_829' title='bbox 2054 5176 2169 5233; x_wconf 88' lang='lat' dir='ltr'><strong>Deo</strong></span> <span class='ocrx_word' id='word_1_830' title='bbox 2196 5180 2254 5230; x_wconf 91' lang='lat' dir='ltr'><strong>et</strong></span> <span class='ocrx_word' id='word_1_831' title='bbox 2285 5173 2450 5230; x_wconf 88' lang='lat' dir='ltr'><strong>Patre</strong></span> <span class='ocrx_word' id='word_1_832' title='bbox 2485 5171 2923 5243; x_wconf 88' lang='lat' dir='ltr'><strong>generationem,</strong></span> <span class='ocrx_word' id='word_1_833' title='bbox 2955 5169 3036 5226; x_wconf 87' lang='lat' dir='ltr'><strong>sic</strong></span> <span class='ocrx_word' id='word_1_834' title='bbox 3082 5170 3248 5226; x_wconf 83' lang='lat' dir='ltr'><strong>etiam</strong></span> <span class='ocrx_word' id='word_1_835' title='bbox 3280 5183 3402 5225; x_wconf 85' lang='lat' dir='ltr'><strong>eam</strong></span> <span class='ocrx_word' id='word_1_836' title='bbox 3434 5184 3542 5239; x_wconf 85' lang='lat' dir='ltr'><strong>qua</strong></span> <span class='ocrx_word' id='word_1_837' title='bbox 3568 5186 3639 5225; x_wconf 77' lang='lat' dir='ltr'><strong>ex</strong></span> 
     </span>
    </p>
   </div>
   <div class='ocr_carea' id='block_1_111' title="bbox 2053 5260 3639 5332">
    <p class='ocr_par' dir='ltr' id='par_1_111' title="bbox 2053 5260 3639 5332">
     <span class='ocr_line' id='line_1_111' title="bbox 2053 5260 3639 5332; baseline -0.005 -11"><span class='ocrx_word' id='word_1_838' title='bbox 2053 5273 2234 5322; x_wconf 88' lang='lat' dir='ltr'><strong>matre</strong></span> <span class='ocrx_word' id='word_1_839' title='bbox 2276 5281 2376 5321; x_wconf 84' lang='lat' dir='ltr'><strong>sua</strong></span> <span class='ocrx_word' id='word_1_840' title='bbox 2416 5272 2605 5320; x_wconf 81' lang='lat' dir='ltr'><strong>sancta</strong></span> <span class='ocrx_word' id='word_1_841' title='bbox 2634 5262 2804 5318; x_wconf 80' lang='lat' dir='ltr'><strong>Maria</strong></span> <span class='ocrx_word' id='word_1_842' title='bbox 2843 5260 3058 5332; x_wconf 82' lang='lat' dir='ltr'><strong>virgine</strong></span> <span class='ocrx_word' id='word_1_843' title='bbox 3091 5269 3258 5315; x_wconf 84' lang='lat' dir='ltr'><strong>natus</strong></span> <span class='ocrx_word' id='word_1_844' title='bbox 3305 5271 3433 5323; x_wconf 87' lang='lat' dir='ltr'><strong>est,</strong></span> <span class='ocrx_word' id='word_1_845' title='bbox 3473 5260 3639 5314; x_wconf 85' lang='lat' dir='ltr'><strong>nobis</strong></span> 
     </span>
    </p>
   </div>
   <div class='ocr_carea' id='block_1_112' title="bbox 2054 5350 3640 5429">
    <p class='ocr_par' dir='ltr' id='par_1_112' title="bbox 2054 5350 3640 5429">
     <span class='ocr_line' id='line_1_112' title="bbox 2054 5350 3640 5429; baseline -0.008 -14"><span class='ocrx_word' id='word_1_846' title='bbox 2054 5360 2457 5429; x_wconf 86' lang='lat' dir='ltr'><strong>incompertam</strong></span> <span class='ocrx_word' id='word_1_847' title='bbox 2492 5370 2614 5412; x_wconf 87' lang='lat' dir='ltr'><strong>esse</strong></span> <span class='ocrx_word' id='word_1_848' title='bbox 2636 5354 2897 5409; x_wconf 88' lang='lat' dir='ltr'><strong>fatemur.</strong></span> <span class='ocrx_word' id='word_1_849' title='bbox 2928 5352 3039 5409; x_wconf 83' lang='lat' dir='ltr'><strong>Vos</strong></span> <span class='ocrx_word' id='word_1_850' title='bbox 3064 5366 3217 5414; x_wconf 85' lang='lat' dir='ltr'><strong>vero.</strong></span> <span class='ocrx_word' id='word_1_851' title='bbox 3249 5350 3344 5422; x_wconf 89' lang='lat' dir='ltr'><strong>qui</strong></span> <span class='ocrx_word' id='word_1_852' title='bbox 3364 5351 3494 5422; x_wconf 88' lang='lat' dir='ltr'><strong>quid</strong></span> <span class='ocrx_word' id='word_1_853' title='bbox 3527 5352 3640 5405; x_wconf 88' lang='lat' dir='ltr'><strong>Deo</strong></span> 
     </span>
    </p>
   </div>
   <div class='ocr_carea' id='block_1_113' title="bbox 2057 5439 3639 5519">
    <p class='ocr_par' dir='ltr' id='par_1_113' title="bbox 2057 5439 3639 5519">
     <span class='ocr_line' id='line_1_113' title="bbox 2057 5439 3639 5519; baseline -0.008 -14"><span class='ocrx_word' id='word_1_854' title='bbox 2057 5448 2396 5519; x_wconf 86' lang='lat' dir='ltr'><strong>impossibile</strong></span> <span class='ocrx_word' id='word_1_855' title='bbox 2421 5442 2858 5515; x_wconf 88' lang='lat' dir='ltr'><strong>sit,.intelligitis</strong></span> <span class='ocrx_word' id='word_1_856' title='bbox 2898 5441 3107 5511; x_wconf 87' lang='lat' dir='ltr'><strong>(dicitis</strong></span> <span class='ocrx_word' id='word_1_857' title='bbox 3148 5439 3320 5503; x_wconf 89' lang='lat' dir='ltr'><strong>enim.</strong></span> <span class='ocrx_word' id='word_1_858' title='bbox 3352 5440 3639 5506; x_wconf 80' lang='lat' dir='ltr'><strong>Quomodo</strong></span> 
     </span>
    </p>
   </div>
   <div class='ocr_carea' id='block_1_114' title="bbox 2057 5533 3637 5613">
    <p class='ocr_par' dir='ltr' id='par_1_114' title="bbox 2057 5533 3637 5613">
     <span class='ocr_line' id='line_1_114' title="bbox 2057 5533 3637 5613; baseline -0.009 -15"><span class='ocrx_word' id='word_1_859' title='bbox 2057 5541 2323 5613; x_wconf 87' lang='lat' dir='ltr'><strong>possibile</strong></span> <span class='ocrx_word' id='word_1_860' title='bbox 2356 5547 2442 5594; x_wconf 92' lang='lat' dir='ltr'><strong>est</strong></span> <span class='ocrx_word' id='word_1_861' title='bbox 2469 5547 2529 5593; x_wconf 92' lang='lat' dir='ltr'><strong>ut</strong></span> <span class='ocrx_word' id='word_1_862' title='bbox 2556 5537 2702 5592; x_wconf 86' lang='lat' dir='ltr'><strong>Deus</strong></span> <span class='ocrx_word' id='word_1_863' title='bbox 2736 5534 2936 5591; x_wconf 86' lang='lat' dir='ltr'><strong>habeat</strong></span> <span class='ocrx_word' id='word_1_864' title='bbox 2966 5534 3230 5603; x_wconf 88' lang='lat' dir='ltr'><strong>Filium?)</strong></span> <span class='ocrx_word' id='word_1_865' title='bbox 3265 5533 3458 5588; x_wconf 84' lang='lat' dir='ltr'><strong>eadem</strong></span> <span class='ocrx_word' id='word_1_866' title='bbox 3487 5542 3637 5585; x_wconf 87' lang='lat' dir='ltr'><strong>certe</strong></span> 
     </span>
    </p>
   </div>
   <div class='ocr_carea' id='block_1_115' title="bbox 2058 5620 3635 5698">
    <p class='ocr_par' dir='ltr' id='par_1_115' title="bbox 2058 5620 3635 5698">
     <span class='ocr_line' id='line_1_115' title="bbox 2058 5620 3635 5698; baseline -0.006 -14"><span class='ocrx_word' id='word_1_867' title='bbox 2058 5630 2271 5684; x_wconf 86' lang='lat' dir='ltr'><strong>ratione</strong></span> <span class='ocrx_word' id='word_1_868' title='bbox 2299 5642 2406 5698; x_wconf 87' lang='lat' dir='ltr'><strong>qua</strong></span> <span class='ocrx_word' id='word_1_869' title='bbox 2442 5626 2549 5681; x_wconf 90' lang='lat' dir='ltr'><strong>hoc</strong></span> <span class='ocrx_word' id='word_1_870' title='bbox 2583 5623 2798 5689; x_wconf 90' lang='lat' dir='ltr'><strong>dicitis,</strong></span> <span class='ocrx_word' id='word_1_871' title='bbox 2836 5623 2969 5694; x_wconf 90' lang='lat' dir='ltr'><strong>quid</strong></span> <span class='ocrx_word' id='word_1_872' title='bbox 3013 5625 3180 5679; x_wconf 76' lang='lat' dir='ltr'><strong>etiam</strong></span> <span class='ocrx_word' id='word_1_873' title='bbox 3231 5623 3342 5676; x_wconf 89' lang='lat' dir='ltr'><strong>Deo</strong></span> <span class='ocrx_word' id='word_1_874' title='bbox 3374 5620 3635 5690; x_wconf 84' lang='lat' dir='ltr'><strong>possibile</strong></span> 
     </span>
    </p>
   </div>
   <div class='ocr_carea' id='block_1_116' title="bbox 2058 5710 3635 5790">
    <p class='ocr_par' dir='ltr' id='par_1_116' title="bbox 2058 5710 3635 5790">
     <span class='ocr_line' id='line_1_116' title="bbox 2058 5710 3635 5790; baseline -0.006 -13"><span class='ocrx_word' id='word_1_875' title='bbox 2058 5718 2509 5790; x_wconf 66' lang='lat' dir='ltr'><strong>sitJintelligetis.</strong></span> <span class='ocrx_word' id='word_1_876' title='bbox 2528 5717 2638 5774; x_wconf 80' lang='lat' dir='ltr'><strong>Vos</strong></span> <span class='ocrx_word' id='word_1_877' title='bbox 2664 5717 2833 5788; x_wconf 89' lang='lat' dir='ltr'><strong>igitur</strong></span> <span class='ocrx_word' id='word_1_878' title='bbox 2863 5715 3159 5771; x_wconf 87' lang='lat' dir='ltr'><strong>multarum</strong></span> <span class='ocrx_word' id='word_1_879' title='bbox 3189 5726 3375 5767; x_wconf 77' lang='lat' dir='ltr'><strong>rerum</strong></span> <span class='ocrx_word' id='word_1_880' title='bbox 3402 5710 3635 5767; x_wconf 86' lang='lat' dir='ltr'><strong>scientia</strong></span> 
     </span>
    </p>
   </div>
   <div class='ocr_carea' id='block_1_117' title="bbox 2059 5800 3625 5887">
    <p class='ocr_par' dir='ltr' id='par_1_117' title="bbox 2059 5800 3625 5887">
     <span class='ocr_line' id='line_1_117' title="bbox 2059 5800 3625 5887; baseline -0.008 -17"><span class='ocrx_word' id='word_1_881' title='bbox 2059 5812 2295 5884; x_wconf 78' lang='lat' dir='ltr'><strong>praediti,</strong></span> <span class='ocrx_word' id='word_1_882' title='bbox 2314 5811 2510 5887; x_wconf 84' lang='lat' dir='ltr'><strong>docete</strong></span> <span class='ocrx_word' id='word_1_883' title='bbox 2533 5825 2636 5867; x_wconf 88' lang='lat' dir='ltr'><strong>nos</strong></span> <span class='ocrx_word' id='word_1_884' title='bbox 2662 5808 2913 5866; x_wconf 86' lang='lat' dir='ltr'><strong>indoctos</strong></span> <span class='ocrx_word' id='word_1_885' title='bbox 2932 5817 2990 5865; x_wconf 87' lang='lat' dir='ltr'><strong>et</strong></span> <span class='ocrx_word' id='word_1_886' title='bbox 3018 5806 3209 5874; x_wconf 87' lang='lat' dir='ltr'><strong>rudes,</strong></span> <span class='ocrx_word' id='word_1_887' title='bbox 3256 5816 3507 5876; x_wconf 63' lang='lat' dir='ltr'><strong>quanam</strong></span> <span class='ocrx_word' id='word_1_888' title='bbox 3527 5800 3625 5869; x_wconf 74' lang='lat' dir='ltr'><strong>Dei</strong></span> 
     </span>
    </p>
   </div>
  </div>
