4090 6450
462 321 568 384 383

1634 331 1961 391 JOANNIS
1993 332 2523 400 CANTACUZENI

3609 349 3718 418 384

460 444 654 488 natura
680 443 770 499 stt,
826 444 883 489 et
916 451 1165 505 quaenam
1193 437 1265 491 sit
1294 437 1381 492 illa
1416 440 1750 508 possibilitas
1776 444 1941 497 simul
1972 453 2026 497 et

2134 446 2276 499 ἐστιν
2300 449 2333 519 ἡ
2360 450 2452 503 τοῦ
2484 452 2617 506 Θεοῦ
2641 453 2824 521 φύσις,
2857 456 2953 508 καὶ
2986 454 3037 508 τί
3071 457 3132 509 τὸ
3162 457 3417 522 δυνατὸν,
3445 459 3541 514 καὶ
3571 461 3623 514 τί
3653 463 3715 516 τὸ

458 526 899 594 impossibilitas,
941 536 1000 579 ut
1025 544 1122 582 nos
1148 528 1302 598 juxta
1330 539 1563 585 vestram
1612 535 1941 589 sententiam
1974 537 2027 591 in

455 618 767 685 perditione
805 618 1051 673 viventes
1090 620 1157 675 ab
1204 620 1429 677 interitu
1475 625 1743 690 eripiatis.
1775 626 2030 685 Edissere

456 707 621 778 igitur
654 710 833 774 nobis,
874 712 1008 781 quid
1039 712 1183 769 Deus
1216 716 1287 769 sit
1330 730 1384 771 et
1425 717 1516 771 Dei
1559 728 1789 787 natura;
1814 731 1946 778 tunc
1975 733 2030 779 et

454 815 578 867 ego,
620 817 871 869 quamam
908 803 1030 857 Filii
1072 816 1126 859 et
1154 806 1317 861 Verbi
1360 806 1455 862 Dei
1485 809 1555 863 sit
1587 814 1891 878 generatio,
1930 832 2028 871 cx-

452 906 674 959 ponam.
711 892 778 945 Et
812 894 939 948 licet
982 896 1215 952 fortasse
1252 899 1506 955 audacuii
1550 903 1773 972 quidatn
1809 914 1865 960 et
1897 924 2027 977 per-

454 982 625 1038 frietae
660 986 853 1039 frontis
884 988 1133 1043 homines
1155 991 1221 1044 de
1246 992 1347 1046 hac
1380 1010 1437 1047 re
1468 994 1729 1061 dixerint,
1757 1001 2023 1072 quidquid
2072 1028 2073 1031 η

452 1075 583 1142 ipsis
612 1076 664 1129 in
720 1088 955 1132 mentem
998 1083 1232 1145 venerit,
1281 1082 1494 1138 fatebor
1549 1094 1729 1144 tamen
1770 1093 1885 1162 ipse
1928 1111 2025 1150 no-

454 1175 623 1219 stram
673 1169 726 1221 in
763 1169 866 1223 hoc
922 1172 1143 1241 negotio
1193 1175 1580 1243 ignorantiam.
1634 1180 2023 1243 Verumtamen

449 1256 551 1310 hac
598 1274 703 1321 tne,
748 1276 853 1328 qua
905 1261 1018 1331 ipse
1057 1273 1268 1331 teneor,
1298 1268 1643 1327 dubitatione
1687 1273 1881 1331 libera.
1916 1280 2025 1337 Vos

448 1351 615 1413 enim,
661 1353 752 1419 qui
788 1355 971 1408 dicere
1009 1358 1219 1423 soletis,
1250 1357 1367 1425 Qua
1399 1362 1611 1418 ratione
1637 1369 1899 1435 possibile
1939 1383 2024 1428 est

449 1452 499 1493 ut
530 1442 674 1496 Deus
701 1444 898 1499 Filium
928 1447 1131 1502 haheat
1152 1449 1361 1521 absque
1397 1453 1669 1509 muliere?
1707 1459 2021 1532 intelligere

443 1532 708 1589 videmini
751 1546 847 1592 aut
880 1537 1016 1594 tales
1042 1555 1186 1606 esse,
1215 1542 1308 1612 qui
1352 1543 1689 1603 intellecturi
1728 1551 1841 1606 sint
1894 1570 2024 1609 exa-

443 1624 721 1690 ctissime,
754 1631 1030 1698 quomodo
1071 1632 1328 1691 Christus
1356 1651 1423 1704 ex
1477 1639 1706 1694 muliere
1738 1654 1901 1699 natus
1947 1648 2044 1733 sit.

443 1716 560 1771 sine
592 1718 732 1772 virili
759 1735 955 1789 Opera;
983 1732 1039 1777 et
1067 1727 1209 1795 quod
1242 1727 1336 1782 illo
1361 1736 1445 1785 est
1484 1731 1848 1802 manifestius,
1879 1716 2018 1809 qui)-

2135 540 2396 595 ἀδύνατον
2428 543 2614 613 αὐτοῦ,
2654 544 2739 598 ἴνα
2767 547 2977 618 σώσητε
3010 548 3180 618 ἡμᾶς,
3210 550 3337 613 τοὺς
3360 552 3417 604 ἐν
3440 551 3710 624 ἀπωλείᾳ,

2136 634 2211 705 ῶς
2230 636 2385 706 ὑμεῖς
2409 637 2595 708 λέγετε
2617 684 2631 705 ,
2653 640 2882 705 ζῶντας.
2906 643 3073 707 Λέξον
3103 662 3191 715 μοι
3226 646 3313 712 σὺ,
3337 646 3389 699 τί
3407 648 3525 700 ἐστι
3555 648 3708 713 Θεὸς,

2137 728 2229 779 καὶ
2247 728 2381 782 Θεοῦ
2404 731 2774 800 φύσις.,Κάγώ
2815 749 2895 787 σοι
2919 733 3028 803 ἐρῶ
3049 774 3063 799 ,
3084 735 3200 799 πῶς
3232 737 3265 807 ἠ
3304 737 3396 790 τοῦ
3434 738 3563 791 Υίοῦ
3618 740 3711 792 καὶ

2134 822 2310 889 Λόγου
2344 821 2439 875 τοῦ
2459 822 2596 876 Θεοῦ
2631 824 2902 894 γέννησις.
2927 828 2988 883 Et
3017 828 3061 881 δ’
3091 828 3222 892 ἴσως
3252 831 3400 894 τινὲς
3421 831 3709 903 τολμητίαι

2134 913 2231 966 καὶ
2278 914 2536 979 αὐθάδεις
2567 916 2815 984 εἴπωσιν,
2852 919 2991 991 ὅπερ
3023 923 3090 974 ἂν
3120 921 3295 993 ἀναϐῇ
3330 926 3485 994 ἐνστῇ
3512 925 3709 996 καρδίᾳ

2133 1002 2337 1068 αὐτῶν,
2366 1004 2478 1073 ἐγὼ
2516 1006 2837 1076 ὁμολογήσω
2882 1008 2981 1076 τὴν
3013 1010 3143 1079 περὶ
3169 1009 3262 1064 τοῦ
3290 1012 3532 1067 τοιούτου
3569 1017 3710 1084 πρά-

2131 1114 2341 1167 γματος
2371 1100 2649 1170 ἡμετέραν
2668 1102 2894 1168 ἄγνοιαν
2911 1119 2923 1132 ·
2939 1103 3086 1171 ὅμως
3106 1103 3445 1174 θεράπευσόν
3480 1124 3583 1177 μου
3607 1108 3707 1174 τὴν

2130 1191 2199 1263 ἢν
2231 1191 2338 1261 ἔχω
2376 1194 2632 1262 ἀπορίαν.
2672 1194 2862 1263 Ὑμεῖς
2893 1196 3001 1265 γὰρ
3033 1199 3080 1249 οἱ
3115 1196 3393 1266 λέγοντες,
3433 1200 3560 1263 Πῶς
3585 1202 3704 1254 ἐστι

2129 1285 2357 1340 δυνατὸν
2407 1286 2552 1358 ἐχειν
2583 1289 2676 1341 τὸν
2705 1288 2838 1340 Θεὸν
2878 1290 2994 1344 υἱὸν
3026 1290 3156 1345 ἀνευ
3207 1293 3470 1359 γυναικός
3495 1309 3510 1358 ;
3540 1293 3705 1361 γινώ-

2132 1397 2282 1434 σκειν
2313 1381 2538 1450 μέλλετε
2563 1383 2827 1452 ἀκριϐῶς,
2863 1382 2982 1446 πῶς
3012 1384 3278 1455 ἐγεννήθη
3312 1387 3340 1438 ὁ
3381 1387 3614 1457 Χριστὸς
3639 1389 3704 1440 ἐκ

2130 1471 2393 1539 γυναικὸς
2422 1472 2549 1527 ἀνευ
2588 1472 2782 1545 ἀνδρός
2815 1488 2830 1505 ·
2864 1473 2959 1545 καὶ
3002 1473 3086 1526 ἔτι
3115 1473 3307 1527 τούτου
3346 1474 3702 1545 σαφέστερον,

2130 1562 2248 1626 πῶς
2275 1566 2302 1617 ὁ
2347 1565 2520 1634 Ἀδὰμ.
2551 1565 2771 1632 ἐγένετο
2803 1566 3091 1635 ἄνθρωπος
3125 1567 3255 1620 ἀνευ
3306 1566 3497 1635 ἀνδρός
3524 1585 3583 1620 τε
3608 1568 3705 1619 καὶ

2129 1654 2407 1722 γυναικός.
2474 1655 2636 1709 Ἀ).λά
2666 1658 2759 1708 καὶ
2789 1658 2822 1726 ἠ
2856 1655 2969 1710 Εὕα
3006 1657 3067 1723 ἐξ
3091 1657 3289 1728 ἀνδρὸς
3338 1658 3457 1728 μὲν,
3489 1660 3618 1713 ἀνευ
3648 1660 3705 1712 δὲ

2130 1745 2410 1812 γυναικὸς,
2443 1746 2535 1800 καὶ
2567 1746 2631 1798 οὐ
2668 1747 2809 1800 κατὰ
2841 1748 2933 1801 τὸν
2965 1747 3131 1817 νόμον
3163 1750 3259 1803 καὶ
3281 1749 3381 1820 τὴν
3428 1748 3581 1815 τάξιν
3606 1751 3706 1822 τῆς

442 1808 608 1862 modo
640 1809 811 1864 Adam
855 1811 1019 1867 homo
1057 1814 1233 1870 factus
1272 1818 1343 1872 sit
1386 1819 1503 1875 sine
1539 1821 1657 1874 viro
1683 1831 1736 1876 et
1781 1823 2021 1883 femina:

2134 1801 2345 1904 ερύσεως
2369 1801 2443 1907 ην
2478 1836 2668 1889 ἔλαϐον
2710 1838 2844 1908 μετά
2870 1839 2969 1909 τὴν
3008 1801 3347 1908 πταράϐασινξ
3384 1801 3707 1911 ἀλλ’νέτέριβ

445 1915 632 1953 verum
672 1912 731 1954 ut
760 1913 813 1957 et
836 1903 947 1958 Eva
995 1921 1062 1960 ex
1091 1907 1206 1961 viro
1248 1910 1492 1978 quidem,
1537 1914 1629 1968 sed
1661 1920 1868 1986 absque
1907 1935 2023 1974 mu-

445 1993 579 2048 liere
637 2006 820 2051 creata
866 1999 966 2063 sit,
1018 1999 1182 2070 idque
1216 2019 1325 2057 non
1380 2007 1534 2076 juxta
1572 2017 1781 2066 natura:
1848 2013 2023 2084 legem

445 2081 820 2149 constitutam,
864 2102 1027 2155 quam
1057 2102 1179 2158 post
1219 2096 1707 2164 transgressionem
1739 2117 1768 2155 a
1794 2081 2025 2161 Domino

444 2186 799 2241 acceperunt,
824 2194 1017 2233 verum
1054 2182 1270 2240 diversa
1290 2188 1525 2257 quadam
1562 2191 1632 2246 ab
1653 2193 1755 2248 hac
1784 2198 2019 2265 ratione,

445 2266 606 2319 nobis
642 2269 733 2337 qui
770 2270 1048 2328 Christum
1082 2276 1317 2332 fatemur
1342 2296 1570 2349 prorsus
1606 2285 1902 2357 incognita,
1928 2292 2025 2348 sed

444 2356 543 2409 soli
575 2358 685 2411 Deo
728 2373 877 2416 nota.
913 2364 1071 2429 Quod
1130 2366 1176 2421 si
1232 2378 1416 2423 autem
1449 2370 1554 2426 hoc
1604 2356 2024 2445 deprehendere

444 2449 594 2501 nulla
624 2450 860 2507 humana
906 2458 1046 2511 ratio
1093 2466 1294 2527 potest,
1329 2462 1482 2532 quid,
1513 2483 1720 2538 quaeso,
1750 2473 2023 2530 incassum

443 2538 759 2598 laitorantes
794 2545 1117 2603 Musulmani
1154 2567 1256 2608 nos
1279 2553 1346 2608 de
1378 2555 1573 2613 iisdem
1609 2576 2025 2634 accusant,qute

448 2646 549 2685 nec
608 2634 708 2702 ipsi
752 2636 1068 2709 intelligunt
1108 2659 1210 2698 nec
1244 2661 1537 2715 noverunt,
1587 2653 1681 2707 sed
1742 2665 1952 2711 tantum
1994 2675 2023 2714 a

448 2724 681 2779 veritate
738 2728 995 2786 aberrare
1055 2735 1334 2803 videntur,
1396 2752 1661 2811 quantum
1740 2749 1937 2802 malum
1994 2766 2022 2805 a

448 2825 593 2871 terra
659 2820 863 2877 distat?
913 2825 1109 2881 Verum
1157 2829 1564 2901 Scripturarum
1625 2838 1928 2908 ignorantia
1970 2844 2023 2899 in

449 2908 761 2981 hujusmodi
790 2930 1009 2973 errores
1045 2920 1385 2995 inciderunt.
1435 2926 1602 2982 Hosis
1658 2931 1804 2988 enim
1854 2934 2024 2991 libros

445 3017 503 3054 et
572 3003 790 3061 Davidis
836 3012 1177 3077 psalterium,
1234 3014 1458 3086 insuper
1515 3028 1574 3073 et
1624 3025 2022 3092 prophetarum

2126 1930 2334 1999 τρόπῳ,
2370 1928 2398 1981 ὅ
2445 1930 2574 1997 παρ’
2628 1931 2761 1999 ἡμῖν
2799 1933 2912 1994 τοῖς
2960 1932 3312 2002 Χριστιανοῖς
3342 1934 3494 2019 ἐστιν
3548 1936 3710 2002 ἀγνο-

2125 2018 2382 2087 ούμενον,
2408 2020 2557 2090 παρὰ
2593 2020 2651 2073 δὲ
2687 2021 2837 2091 μόνῳ
2880 2019 2956 2090 τῷ
2995 2021 3117 2091 Θεῷ
3162 2023 3594 2093 γινωσκόμενον.
3643 2027 3707 2081 Et

2125 2112 2182 2165 δέ
2215 2111 2373 2164 τοῦτο
2402 2112 2664 2166 ἀδύνατόν
2695 2113 2815 2166 ἐστι
2847 2113 2996 2185 πάσῃ
3027 2113 3347 2188 ἀνθρωπίνῃ
3393 2114 3616 2182 γνώσει,
3652 2117 3707 2170 τί

2130 2204 2627 2275 ματαιοπονοῦντες
2706 2205 2757 2258 ot
2815 2204 3237 2275 Μουσουλμάνοι
3301 2207 3703 2277 κατηγοροῦσιν

2127 2297 2307 2368 ὴμῶν,
2356 2299 2435 2361 εἰς
2470 2297 2507 2353 ἃ.
2538 2296 2660 2351 οὔτε
2710 2297 2919 2352 οἴδασιν
2980 2296 3106 2350 οὔτε
3153 2296 3539 2367 γινώσκουσιν,
3571 2300 3703 2353 ἁλλά

2130 2387 2351 2457 μακράν
2393 2405 2498 2440 που
2549 2386 2900 2454 εὑρίσκονται
2948 2390 3047 2459 τῆς
3073 2387 3359 2459 ἀληθείας,
3393 2391 3521 2445 ὅσον
3567 2393 3599 2462 ή
3634 2392 3705 2460 γῆ

2126 2476 2222 2529 τοῦ
2255 2477 2490 2546 οὐρανοῦ
2515 2493 2531 2541 ;
2558 2478 2666 2530 ἀπὸ
2690 2476 2801 2545 γὰρ
2826 2477 2921 2530 τοῦ
2948 2476 3022 2547 μὴ
3058 2475 3351 2544 γινώσκειν
3381 2479 3581 2543 αὐτοὺς
3607 2480 3707 2544 τὰς

2129 2570 2353 2639 Γραφὰς
2376 2568 2634 2622 ἐνέπεσον
2664 2570 2745 2633 εἰς
2769 2569 2931 2623 αὐτά.
2966 2570 3049 2623 Τά
3082 2569 3192 2640 γὰρ
3218 2571 3495 2625 Μωσαῖκὰ
3525 2572 3706 2641 βιϐλία

2131 2663 2223 2714 καλ⁵
2260 2662 2318 2713 τὸ
2352 2659 2444 2713 τοῦ
2475 2661 2639 2714 mea
2677 2662 2978 2731 ψαλτήριον
3005 2700 3021 2725 ,
3051 2662 3132 2714 ἔτι
3156 2662 3212 2715 δέ
3239 2663 3333 2716 καὶ
3364 2664 3420 2717 αἱ
3442 2663 3549 2717 τῶν
3573 2682 3708 2733 προ-

2131 2754 2317 2822 φητῶν
2349 2753 2584 2824 Γραφαὶ,
2619 2753 2752 2807 ἀλλά
2801 2754 2864 2826 δὴ
2906 2755 3001 2808 καὶ
3037 2754 3098 2807 τὸ
3123 2754 3217 2810 τοῦ
3252 2756 3488 2828 Χριστοῦ
3526 2757 3704 2826 Εὐαγ-

2129 2844 2326 2913 γέλιον,
2360 2845 2428 2896 τὰ
2452 2846 2629 2897 πάντα
2662 2846 2757 2900 καὶ
2785 2844 2936 2911 ἅγια,
2987 2847 3083 2899 καὶ
3120 2847 3328 2913 δίκαια,
3377 2847 3470 2901 καὶ
3503 2847 3697 2916 ἀληθῆ,
3742 2932 3743 2935 η

2129 2936 2225 2992 καὶ
2260 2937 2401 2990 καλά
2429 2937 2646 3003 λέγουσι
2676 2937 2773 2991 καὶ
2802 2937 3148 3007 ὁμολογοῦσι.
3183 2940 3294 2995 Καὶ
3334 2937 3507 3003 οὕτως
3555 2940 3703 2992 ἐστὶν

2129 3030 2162 3099 ἡ
2190 3028 2437 3099 ἀλήθεια.
2487 3028 2846 3098 Ὁμολογοῦσι
2876 3029 2932 3082 δὲ
2961 3032 3192 3100 στόματι
3226 3030 3400 3101 μόνῳ,
3440 3029 3509 3084 τὰ
3538 3030 3596 3085 δὲ
3620 3031 3708 3084 λε-

448 3094 670 3163 scripta,
708 3099 801 3152 sed
844 3108 900 3154 et
943 3102 1121 3171 ipsum
1162 3105 1369 3161 Christi
1398 3109 1773 3181 Evangelium,
1817 3120 2021 3184 omnia,

2134 3094 2337 3191 γὸμενα
2395 3121 2525 3194 παρζ
2558 3094 2745 3195 αὐτῶν
2796 3094 3106 3190 ἀγνοοῦσιν.
3149 3094 3314 3186 ,Ἀλλ’
3347 3094 3562 3196 ’ὥσπερ
3618 3123 3709 3179 ῐνα

448 3185 692 3255 inquam,
740 3191 857 3247 lucc
909 3208 1117 3261 sancta,
1143 3199 1311 3268 justa,
1349 3217 1478 3255 vera
1510 3214 1567 3258 et
1614 3206 1755 3261 bona
1788 3226 1906 3265 esse
1939 3213 2026 3266 di-

448 3289 576 3335 cunt
634 3288 689 3334 et
732 3284 1067 3340 confitentur
1116 3294 1198 3360 (ut
1238 3269 1295 3345 et
1328 3308 1515 3348 revera
1565 3301 1737 3364 sunt),
1787 3302 2029 3357 fatentur

447 3380 651 3431 autem
680 3375 812 3430 solis
866 3380 1051 3435 verbis
1075 3423 1088 3449 ,
1120 3399 1240 3452 quze
1285 3375 1491 3441 autem.
1522 3390 1573 3443 in
1619 3393 1703 3446 his
1744 3394 2025 3459 dicuntur,

451 3475 559 3513 non
613 3462 941 3533 intelligunt.
1027 3470 1095 3524 Et
1168 3476 1630 3542 quetnadmodum
1706 3484 1819 3538 fieri
1866 3487 2025 3553 solet,

446 3565 574 3605 cum
631 3555 834 3611 auditis
876 3562 1099 3629 angelos
1142 3568 1358 3636 egregie
1400 3578 1455 3623 et
1483 3574 1826 3630 suavissimis
1878 3581 2031 3634 sonis

451 3642 620 3699 Deum
654 3648 955 3719 celebrare,
1001 3672 1063 3710 ea
1106 3660 1333 3727 quidem
1371 3679 1494 3732 qua:
1534 3665 1797 3722 dicuntur
1844 3671 1911 3725 ab
1944 3672 2030 3728 his

448 3752 637 3793 amore
672 3752 726 3796 et
753 3742 1008 3801 laudibus
1033 3754 1463 3821 prosequimini,
1501 3758 1628 3826 quis
1667 3776 1800 3815 vero
1854 3763 2032 3818 dicto-

451 3846 569 3883 rum
623 3848 814 3890 sensus
868 3838 938 3892 sit
986 3856 1098 3896 non
1150 3843 1478 3916 intelligitis.
1519 3849 1609 3903 Sic
1665 3851 1719 3906 in
1768 3855 2029 3911 omnibus

450 3921 603 3979 hisce
657 3926 813 3981 libris
856 3929 1038 3987 facere
1065 3934 1279 4002 soletis,
1332 3946 1491 3994 utea
1539 3943 1760 4011 quidem
1813 3962 1934 4014 qua:
1974 3948 2029 4001 in

450 4016 541 4071 his
589 4020 796 4088 scripta
871 4027 1251 4096 continentur,
1311 4030 1575 4087 laudibus
1616 4035 1848 4103 vehatis,
1898 4039 2031 4108 quid

450 4125 582 4165 vero
631 4112 873 4179 dicatur,
920 4117 1206 4188 ignoretis.
1241 4121 1653 4188 Quamobrem?
1701 4129 1840 4194 Quia
1891 4148 2035 4189 nun-

446 4215 613 4269 quam
644 4203 711 4258 de
767 4205 1065 4265 his-solide
1113 4212 1298 4268 edocti
1349 4216 1505 4275 estis.
1542 4216 1848 4277 Christiani
1900 4239 2031 4279 vero

452 4298 649 4364 partim
680 4299 735 4355 in
760 4303 1012 4360 ecclesiis
1045 4310 1615 4380 congregati,,partim
1645 4313 1847 4384 singuli
1883 4315 2033 4372 domi

447 4402 565 4443 suae
597 4393 847 4460 quotidie
866 4411 1052 4452 sacros
1075 4397 1246 4455 libros
1271 4404 1582 4474 perlegunt,
1616 4414 1674 4462 et
1698 4405 1781 4462 sic
1815 4407 2033 4463 tandem

2135 3214 2363 3284 ἠκούετε
2414 3213 2564 3283 παρά
2607 3213 2716 3267 τῶν
2763 3213 3013 3282 ἀγγέλων
3055 3215 3138 3268 ὃτι
3189 3214 3374 3278 καλῶς
3423 3219 3519 3270 καὶ
3570 3216 3710 3286 μετά

2134 3306 2375 3375 μεγάλης
2401 3305 2735 3375 γλυκύτητος
2766 3305 2862 3358 καὶ
2907 3304 3101 3375 ἡδονῆς
3149 3306 3362 3360 αἰνοῦσι
3426 3307 3520 3361 τὸν
3546 3308 3701 3373 Θεὸν,

2133 3395 2227 3447 καὶ
2255 3394 2323 3446 τὰ
2351 3392 2621 3461 λεγόμενα
2668 3395 2798 3462 παρ’
2824 3392 3047 3467 ἐκείνων
3100 3394 3395 3465 ἐστέργετε
3432 3399 3548 3453 ,καὶ
3579 3401 3708 3471 ἔπη-

2132 3488 2292 3548 νείτε,
2326 3484 2378 3541 τί
2414 3486 2470 3541 δέ
2504 3487 2651 3541 ἐστιν
2691 3485 2719 3540 ὃ
2751 3486 3003 3556 λέγουσιν
3034 3490 3289 3560 ἠγνοεττε
3320 3503 3334 3518 ο
3385 3488 3567 3554 οὕτως
3595 3493 3711 3545 ἐστὶ

2134 3582 2225 3633 καὶ
2269 3580 2359 3632 ἐπὶ
2390 3579 2608 3633 πάντων
2659 3581 2888 3634 τουτωνὶ
2920 3579 3031 3635 τῶν
3084 3579 3330 3649 βιϐλίων,
3374 3581 3547 3635 ὅτιτά
3579 3581 3711 3653 παρ’

2133 3671 2314 3726 αὐτῶν
2364 3672 2733 3742 γεγραμμένοι
2782 3672 3080 3739 ἐπαινεῖτε,
3138 3672 3189 3726 τί
3218 3673 3277 3726 δὲ
3324 3672 3578 3741 λέγουσιν
3612 3672 3713 3727 οὐκ

2133 3766 2331 3818 οἴδατε.
2368 3766 2559 3831 Διατί;
2610 3765 2736 3817 ’Ότι
2778 3764 2897 3817 οὐδὲ
2926 3764 3065 3828 ὅλως
3108 3765 3432 3837 ἐδιδάχθητε
3463 3767 3594 3835 περὶ
3618 3767 3715 3821 αὐ-

2135 3855 2263 3908 τῶν.
2296 3855 2359 3908 Οἱ
2421 3854 2476 3907 δέ
2508 3853 2849 3924 Χριστιανοὶ,
2886 3854 2981 3906 ποῖ
3027 3853 3127 3924 μὲν
3154 3856 3237 3917 εἰς
3277 3854 3379 3919 τὰς
3413 3854 3713 3925 ἐκκλησίας

2137 3946 2522 4013 συναγόμενοι,
2560 3947 2655 3998 ποῖ
2713 3945 2769 3998 δὲ
2801 3944 3036 4008 ἕκαστος
3086 3947 3166 4009 εἰς
3206 3945 3302 4000 τὸν
3341 3942 3491 4000 οἷκον
3547 3946 3712 4001 αὐτοῦ

2136 4036 2459 4107 καθημεραν
2491 4035 2931 4106 ἀναγινώσκουσι
2969 4035 3070 4100 τὰς
3093 4034 3333 4109 βίϐλους,
3359 4038 3454 4092 καὶ
3482 4040 3511 4092 ό
3540 4038 3709 4102 πολὺς

2134 4130 2346 4199 χρόνος,
2378 4128 2472 4182 καὶ
2507 4130 2539 4199 ή
2575 4128 2806 4199 συνεχὴς
2850 4127 3187 4196 ἀνάγνωσις,
3247 4129 3346 4183 καὶ
3387 4130 3421 4199 ἠ
3474 4130 3715 4201 ἀκριϐὴς

2134 4223 2382 4287 ἐξέτασις
2411 4220 2725 4292 ἐφανέρωσε
2758 4220 2853 4274 καὶ
2879 4220 3121 4287 ἐδίδαξεν
3174 4221 3376 4286 αὐτοὺς
3402 4221 3585 4275 πᾶσαν
3613 4223 3716 4290 τὴν

2136 4313 2419 4385 ἀλήθειαν.
2460 4312 2614 4365 Ἐπεὶ
2644 4308 2738 4364 οὖν
2773 4312 2993 4380 ἀγνοεῖς
3022 4312 3095 4364 τὰ
3139 4311 3272 4382 περὶ
3306 4310 3403 4364 τοῦ
3445 4310 3714 4383 Χριστοῦ,

2138 4407 2233 4460 καὶ
2254 4404 2445 4477 λογίζῃ
2478 4404 2559 4459 ὅτι
2606 4402 2783 4464 οὐδεὶς
2836 4401 2943 4456 τῶν
2972 4402 3143 4471 ἁγίων
3174 4401 3408 4474 ἐλάλησε
3454 4404 3585 4474 περὶ
3616 4403 3718 4458 αὒ-

452 4483 716 4552 temporis
738 4484 1094 4554 diuturnitas,
1126 4491 1347 4547 assidua
1378 4493 1566 4557 lectio,
1587 4504 1645 4550 et
1676 4495 1911 4567 diligens
1946 4498 2030 4552 in.

2144 4497 2261 4564 τοῦ,
2302 4497 2417 4551 ἀλλ’
2467 4494 2593 4549 οὔτε
2620 4495 2907 4567 προφήτης
2946 4496 3348 4566 προεφήτευσε,
3378 4495 3481 4549 καὶ
3533 4495 3718 4564 ζητεῖς

453 4575 746 4643 vestigatio
788 4579 1045 4647 exposuit
1072 4581 1382 4652 docuitque
1419 4584 1542 4640 illos
1571 4601 1792 4645 omnem
1832 4588 2034 4643 verita-

452 4672 587 4719 tem.
609 4665 747 4722 Cum
783 4667 949 4738 igitur
978 4671 1195 4742 ignores
1225 4689 1288 4728 ea
1316 4690 1439 4745 quae
1461 4676 1667 4733 Christi
1694 4690 1845 4744 sunt,
1865 4689 2032 4746 putas

449 4757 638 4821 etiam,
672 4761 819 4830 quod
854 4779 1016 4818 nemo
1045 4774 1362 4820 sanctorum
1388 4767 1457 4823 de
1522 4769 1614 4822 illo
1640 4770 1859 4826 locutus
1919 4774 2014 4835 sit,

2137 4589 2313 4645 ταῦτα
2370 4589 2599 4642 ἀκοῦσαι
2635 4588 2768 4656 παρ’
2826 4586 2987 4658 ήμῶν
3037 4587 3113 4652 ὡς
3151 4586 3311 4658 δῆθεν
3356 4588 3430 4659 μὴ
3480 4587 3716 4658 ἐχόντων

2141 4682 2461 4750 ἀπολογίαν,
2524 4681 2760 4737 ἄκουσον
2820 4681 2949 4749 περὶ
2997 4671 3075 4732 ὧν
3125 4678 3334 4750 ζητεῖς,
3390 4682 3485 4734 καὶ
3516 4680 3717 4751 σκέψαι

2140 4774 2385 4845 ἀκριϐῶς
2412 4773 2482 4827 τὰ
2521 4774 2812 4842 λεγόμενα.

448 4863 508 4922 et
545 4853 729 4907 nullus
762 4855 1154 4923 pmphetarum
1200 4853 1269 4909 de
1299 4857 1415 4919 hoc
1454 4859 1814 4929 vaticinatus;
1856 4878 2030 4932 eaque
2072 4878 2100 4918 a
2135 4865 2320 4931 nobis,
2351 4880 2490 4934 quos
2534 4865 2683 4921 omni
2718 4866 3026 4934 patrocinio
3072 4864 3372 4923 destitutos
3404 4866 3714 4931 arbitraris,

447 4945 647 5016 audire
669 4945 972 5002 desideras.
994 4945 1137 5003 Audi
1188 4947 1355 5018 igitur
1412 4951 1557 5021 quod
1580 4951 2096 5021 quaaris,etattente
2127 4972 2249 5026 qua:
2279 4957 2543 5014 dicuntur
2573 4956 2882 5015 considera.

525 5060 583 5113 Ξ.
625 5061 853 5130 Magnus
888 5059 979 5115 ille
1006 5061 1183 5116 Moses
1209 5062 1264 5116 in
1296 5063 1440 5119 libro
1469 5065 1753 5122 Geneseos
1781 5068 2041 5125 verbote-

455 5167 563 5213 nus
585 5153 665 5207 sic
687 5151 861 5208 dixit:
889 5171 907 5203 ι
938 5154 1083 5208 Dixit
1104 5155 1367 5210 Dominus
1396 5174 1409 5210 :
1434 5158 1654 5213 Clamor
1677 5160 2039 5216 Sodomarum

456 5254 515 5299 et
536 5243 859 5299 Gomorrhae
888 5246 1290 5315 multiplicatus
1313 5256 1402 5303 est
1441 5263 1629 5303 coram
1662 5266 1769 5306 me.
1804 5251 2047 5309 Descen-

459 5338 598 5392 dens
643 5336 813 5408 igitur
867 5338 1089 5393 videbo.
1129 5338 1406 5394 Abraham
1464 5357 1597 5397 vero
1632 5345 1813 5399 stabat
1861 5361 2044 5400 coram

459 5429 715 5483 Domino.
745 5429 814 5484 Et
841 5429 1287 5500 appr0pinquans
1304 5433 1577 5488 Abraham
1606 5434 1747 5491 dixit
1772 5454 1787 5489 :
1813 5434 1956 5491 Num
1969 5437 2047 5491 si-

465 5523 579 5576 mul
611 5525 813 5592 justum
846 5526 1045 5596 perdes
1079 5542 1202 5582 cum
1229 5528 1419 5598 impio,
1466 5538 1520 5583 et
1553 5530 1660 5584 erit
1687 5531 1873 5601 justus
1899 5531 2042 5586 sicut

466 5616 705 5684 impius?
726 5616 779 5670 Si
802 5617 1009 5672 fuerint
1027 5620 1424 5691 quinquaginta
1444 5622 1576 5691 justi
1605 5623 1659 5676 in
1680 5624 1838 5689 urbe,
1857 5638 2042 5678 nonne

466 5711 718 5766 remittes
758 5711 834 5766 illi
867 5722 1093 5783 propter
1137 5715 1536 5787 quinquaginta
1570 5717 1781 5785 justos?
1822 5717 2040 5786 Nequa-

467 5815 629 5871 quam
671 5802 774 5859 hoc
800 5805 989 5873 facies,
1013 5806 1104 5877 qui
1135 5806 1352 5878 iudicas
1381 5823 1599 5864 omnem
1631 5817 1860 5864 terram.
1899 5808 2043 5865 Dixit

2213 5073 2277 5144 β’.
2334 5073 2403 5144 4⁸0
2464 5072 2637 5140 μέγας
2667 5070 2874 5134 ἐκεῖνος
2940 5070 3146 5140 Μωσῆς
3186 5073 3246 5125 ἐν
3278 5074 3345 5142 τῇ
3403 5071 3574 5144 βίϐλῳ
3622 5075 3722 5142 τῆς

2142 5142 2408 5233 γενέσεως
2447 5165 2649 5218 οὑτωσὶ
2707 5161 2853 5217 κατά
2888 5162 3035 5229 λέξιν
3064 5163 3289 5235 εἴρηκεν
3323 5181 3335 5195 ’
3375 5181 3395 5214 ι
3436 5142 3577 5221 Eius
3604 5168 3723 5220 Κύ-

2146 5275 2282 5329 ριος,
2311 5259 2544 5329 Κραυγὴ
2579 5255 2831 5326 Σοδόμων
2869 5256 2965 5310 καὶ
3002 5256 3291 5329 Γομόρρας
3342 5258 3724 5330 πεπλήθυνται

2145 5352 2283 5424 πρός
2335 5340 2435 5419 με,
2461 5349 2704 5413 καταϐὰς
2732 5348 2959 5420 ὄψομαι.
3004 5348 3261 5419 Ἀϐραὰμ
3300 5348 3358 5402 δέ
3381 5345 3451 5419 ἦν
3474 5349 3726 5422 ἑστηκὼς

2147 5443 2328 5498 ἔναντι
2375 5442 2581 5514 Κυρίου
2624 5484 2638 5508 ,
2704 5443 2798 5496 καὶ
2854 5441 3081 5510 ἐγγίσας
3130 5440 3386 5513 Ἀϐραὰμ
3437 5438 3582 5511 εἷπε,
3637 5443 3724 5516 Μὴ

2148 5535 2521 5608 συναπολέσῃς
2550 5534 2756 5588 δίκαιον
2790 5534 2931 5603 μετά
2956 5532 3209 5599 ἀσεϐοῦς,
3260 5534 3356 5588 καὶ
3391 5534 3549 5591 ἔσται
3596 5540 3624 5591 ὁ
3647 5538 3728 5593 δί-

2148 5644 2303 5690 καιος
2329 5627 2405 5688 ὡς
2437 5630 2464 5679 ὁ
2514 5626 2762 5696 ἀσεϐήςς
2805 5626 2931 5679 Ἐὰν
2964 5618 3067 5679 ὦσι
3129 5626 3468 5698 πεντήκοντα
3524 5628 3727 5683 δίκαιοι

2150 5721 2208 5772 ἐν
2245 5723 2314 5789 τῇ
2339 5721 2518 5785 πόλει,
2545 5720 2647 5772 οὐκ
2698 5720 2933 5791 ἀφήσεις
2958 5718 3127 5790 αὐτὴν
3158 5718 3349 5773 ἕνεκεν
3378 5720 3490 5776 τῶν
3523 5722 3724 5792 πεντή-

2161 5830 2326 5866 κοντα
2358 5811 2624 5880 δικαίωνς
2678 5811 2957 5885 Μηδαμῶς
3024 5813 3259 5884 ποιήσῃς
3316 5811 3492 5875 τοῦτο,
3542 5811 3723 5886 ὀκρί-
