4090 6480
359 477 460 538 3-85

1320 465 1616 525 CONTRA
1663 459 2153 521 ΜΑΠΟΜΕΤΕΜ
2200 451 2579 516 APOLOGIA
2626 455 2676 516 l.

3513 444 3616 512 385

363 606 464 640 νων
503 587 687 639 πᾶσαν
717 582 813 652 τὴν
846 582 973 651 γῆν.
1007 575 1140 631 Εἱπε
1169 576 1226 630 δὲ
1255 576 1484 646 Κύριος·
1533 573 1659 625 Ἐὰν
1693 570 1839 641 εὕρω
1877 571 1932 622 ἐν

2049 585 2168 620 vero
2195 567 2456 619 Dominus
2487 585 2497 620 :
2535 566 2589 619 Si
2632 567 2892 617 invenero
2923 563 3317 632 quinquaginta
3340 563 3518 631 justos
3550 565 3606 616 in

363 675 614 745 Σοδόμοις
663 665 1002 741 πεντήκοντα
1059 667 1328 728 δικαίους,
1370 665 1572 732 ἀφήσω
1623 663 1799 714 πάντα
1845 661 1937 714 τὸν

360 769 522 820 τόπον
555 765 622 816 δι’
649 762 866 825 αὐτούς.
901 761 1010 816 Καὶ
1057 757 1378 828 ἀποκριθεὶς
1429 757 1456 808 6
1485 754 1761 825 ’Δύραάρη
1790 747 1937 819 εἷπε,

362 859 474 912 Νῦν
512 856 771 925 ἠρξάμην
805 854 1036 922 λαλῆσαι
1069 852 1206 922 πρὸς
1237 851 1326 904 τὸν
1378 848 1583 918 Κύριον
1621 865 1722 916 μου
1760 863 1772 877 ·
1825 845 1938 913 ἐγὼ

363 950 417 1001 δέ
449 949 564 1015 εἰμι
594 947 665 1015 γῆ
702 947 798 1002 καὶ
838 945 1054 1006 σποδός·
1091 941 1335 996 καὶ--ἐάν
1371 939 1636 1011 εύρεθῶσι
1664 939 1940 1006 τεσσαρά-

366 1057 528 1093 κοντα
577 1041 788 1105 πέντε;
825 1037 932 1090 Καὶ
985 1033 1106 1088 εἷπε
1139 1037 1166 1088 6
1217 1034 1441 1102 Κύριος,
1503 1031 1630 1083 Ἐὰν
1675 1029 1940 1099 εύρεθὼσι

369 1133 784 1202 τεσσαράκοντα
816 1131 1001 1192 πέντε,
1032 1128 1120 1181 ἵνα
1170 1127 1368 1195 ἀφήσω
1414 1125 1512 1205 τὴν
1562 1122 1737 1175 πόλιν.
1777 1140 1794 1172 ι
1834 1122 1942 1174 Καὶ

365 1226 747 1292 διαλεγόμενος
765 1221 1040 1291 Ἀϐραὰμ,
1069 1217 1301 1287 κατῆλθε
1337 1217 1500 1285 μέχρι
1533 1216 1628 1265 καὶ
1658 1213 1766 1264 τῶν
1787 1213 1938 1266 δέκα.

369 1313 498 1370 Εἶτα
545 1315 695 1381 λέγει
747 1311 971 1379 Μωσῆς,
1018 1311 1112 1362 καὶ
1152 1308 1360 1378 ἀπῆλθε
1397 1306 1613 1376 Κύριος,
1653 1305 1727 1366 ὡς
1771 1303 1940 1354 ἐπαύ-

370 1425 500 1462 σατο
534 1405 706 1458 λαλῶν
742 1404 819 1474 τῷ
859 1402 1131 1472 Ἀϐραάμ.
1174 1420 1190 1451 ι
1235 1401 1462 1461 Βλέπεις
1512 1398 1674 1450 πόθεν
1709 1397 1942 1466 ἤρξαντο

371 1503 714 1572 καταμικρὺν
732 1500 1127 1555 ἀναφαίνεσθαι
1157 1496 1225 1583 ’Ξά
1255 1496 1351 1548 τοῦ
1385 1495 1621 1564 Χριστοῦ
1647 1513 1660 1560 ;
1708 1496 1802 1546 τοῦ
1832 1493 1941 1564 γὰρ

369 1592 577 1644 δικαίου
612 1592 662 1642 οἱ
689 1588 958 1657 ὀφθαλμοὶ
987 1582 1252 1656 ἠδύναντο
1285 1585 1488 1653 γνῶναι
1527 1585 1619 1636 τὸν
1651 1582 1804 1647 Θεὸν,
1839 1583 1942 1634 κᾶν

370 1684 427 1734 ἐν
458 1681 685 1749 δουλικῷ
733 1681 945 1748 ὑπῆρχε
979 1678 1057 1748 τῷ
1116 1680 1378 1746 σχήματι.
1444 1677 1750 1747 Πρόσσχες·
1787 1676 1938 1744 γοῦν,

371 1774 487 1835 πῶς
528 1773 554 1823 6
592 1772 723 1834 Θεὸς
781 1774 878 1824 καὶ
923 1773 1112 1840 Πατὴρ
1145 1767 1403 1823 οὐδέποτε
1466 1771 1639 1840 ἐφάνη
1670 1772 1725 1821 ἐν
1753 1770 1938 1836 ὁράσει

373 1865 665 1935 προφητῶν
699 1863 775 1923 ὡς
816 1862 1123 1933 ἄνθρωπος,
1161 1863 1295 1916 διότι
1331 1863 1430 1915 οὐκ
1473 1863 1690 1930 ἐγένετο
1732 1861 1943 1930 ἀνθρω-

373 1974 493 2019 πος.
539 1957 698 2010 Ἀλλὰ
725 1959 857 2009 ποτε
895 1956 992 2026 μὲν
1020 1956 1271 2022 ἐφαίνετο
1297 1956 1490 2020 ἄλλως,
1517 1956 1648 2008 ποτὲ
1671 1955 1713 2007 δ’
1742 1955 1936 2017 ἄλλως.

376 2049 630 2116 Ἀγγελοι
678 2050 733 2100 δὲ
786 2049 928 2102 κατὰ
979 2051 1201 2119 καιροὺς
1243 2051 1528 2117 φαίνονται
1588 2050 1645 2100 ἐν
1697 2050 1941 2118 σχήματι

382 2141 700 2210 ἀνθρώπων.
742 2142 1091 2205 Ἑξεταστέον
1118 2137 1210 2194 οὖν
1238 2143 1368 2210 περὶ
1396 2142 1496 2208 τῆς
1521 2141 1778 2207 τοιαύτης
1807 2142 1943 2193 θεω-

379 2233 516 2301 ρίας,
551 2233 629 2295 τίς
655 2230 722 2303 ἦν
755 2234 793 2285 ό“
810 2233 998 2302 ὀφθείς
1029 2251 1042 2298 ;
1095 2233 1227 2286 Ἰδοὺ
1261 2235 1287 2285 6
1323 2233 1454 2296 Θεὸς
1492 2234 1584 2285 καὶ
1620 2233 1808 2302 Πατὴρ
1841 2233 1942 2286 οῦκ

375 2319 465 2392 ἦν,
495 2324 614 2377 ἐπεὶ
669 2324 696 2376 6
729 2327 919 2388 φανεὶς
951 2323 1025 2387 ὠς
1076 2325 1362 2393 ἄνθρωπος
1415 2327 1590 2392 ἐφάνη
1631 2324 1939 2392 Ἀγγελος;

379 2417 488 2469 Καὶ
520 2417 682 2478 ποίας
713 2418 896 2484 ἔχεται
949 2414 1298 2479 ἀκολουθίας,
1343 2415 1475 2467 πότε
1521 2416 1726 2482 Μωσῆς
1757 2416 1788 2485 ἢ
1822 2416 1943 2468 ἓτε-

377 2506 471 2576 ρός
503 2523 580 2569 τις
609 2508 715 2558 τῶν
753 2506 925 2575 ἁγίων
947 2506 1206 2575 μνησθεὶς
1235 2505 1464 2572 ἀγγέλου
1489 2544 1503 2569 ,
1535 2505 1820 2573 ὠνόμασεν
1852 2509 1943 2559 αύ-

377 2600 469 2652 τδν
508 2598 708 2668 Κύριον
737 2599 770 2668 ἢ
806 2599 1000 2668 κριτήν
1032 2616 1048 2663 ;
1100 2599 1196 2660 Τίς
1233 2600 1342 2668 γάρ
1371 2601 1519 2651 ἐστιν
1547 2601 1574 2652 6
1612 2600 1814 2669 κρίνων
1843 2601 1946 2652 πᾶ-

379 2710 478 2745 σαν
516 2693 612 2762 τήν
641 2692 766 2761 γῆν,
802 2692 851 2762 ιῆ
882 2692 1049 2755 Θεός;
1099 2692 1253 2744 Ἐπεὶ
1297 2688 1390 2744 οῦν
1421 2693 1802 2759 ἀναφαίνεται,
1863 2695 1944 2747 ὃτι

374 2785 400 2834 6
427 2782 554 2845 Θεὸς
586 2786 677 2835 καὶ
714 2783 901 2853 Πατὴρ
931 2784 1029 2836 οὐκ
1061 2779 1130 2853 ἦν
1183 2787 1370 2851 φανεὶς
1405 2785 1478 2846 ὡς
1509 2785 1816 2856 ἄνθρωπος,
1849 2787 1949 2854 ἀγ-

375 2876 528 2943 γελος
556 2876 655 2928 οὐκ
679 2871 746 2947 ἦν
783 2877 851 2929 δι’
886 2876 950 2939 ἃς
984 2877 1212 2948 εἴπομεν
1259 2878 1457 2940 αἰτίας,
1517 2879 1767 2947 φαίνεται
1814 2881 1948 2932 πάν-

375 2985 481 3030 τως
510 2969 566 3034 ἐξ
587 2969 851 3036 ἀνάγκης,
895 2970 977 3022 ὅτι
1011 2969 1174 3032 αὐτὸς
1203 2966 1271 3041 ἦν
1305 2973 1332 3023 ὀ
1362 2971 1490 3033 Υἱὸς
1527 2972 1621 3024 καὶ
1648 2973 1820 3040 Λόγος
1852 2974 1944 3026 τοῦ

375 3055 532 3120 Θεοῦ,
567 3058 624 3119 ὃς
664 3059 778 3110 ἐστι
809 3059 940 3122 Θεὸς
981 3061 1080 3112 καὶ
1116 3060 1426 3131 ἄνθρωπος.
1457 3063 1557 3114 Διὰ
1587 3063 1696 3134 γὰρ
1738 3064 1796 3114 τὸ
1840 3081 1946 3129 φαν-

377 3149 529 3216 νῆναι
573 3149 648 3217 τῷ
678 3149 929 3220 Ἀϐραὰμ
956 3151 1031 3213 ὡς
1057 3151 1364 3222 ἄνθρωπον,
1409 3154 1574 3218 ἔδειξε
1603 3155 1700 3222 τὴν
1731 3154 1948 3223 μέλλου-

2045 654 2314 719 Sodomis,
2350 657 2623 709 remittam
2653 654 2800 707 omni
2835 653 2951 706 loco
3000 654 3088 706 isti
3125 663 3352 721 propter
3396 655 3514 709 hos.
3555 657 3621 709 Et

2043 746 2384 816 respondens
2415 746 2688 799 Abraham
2722 745 2857 797 dixit
2892 762 2903 796 :
2953 744 3107 797 Nunc
3140 746 3317 811 incepi
3369 747 3520 815 loqui
3551 750 3619 802 ad

2043 836 2334 890 Dominum
2373 853 2576 899 meum,
2613 852 2712 905 ego
2745 851 2872 888 vero
2895 841 3035 888 terra
3070 849 3188 888 sum
3221 851 3273 888 et
3299 836 3619 904 cinis.Quiil

2043 927 2085 980 si
2119 927 2467 980 im'euiantur
2518 926 2878 996 quadraginta
2915 926 3202 994 quinque?
3241 927 3306 979 Et
3347 929 3482 981 dixit
3516 932 3621 983 Do-

2045 1019 2254 1075 minus:
2291 1018 2346 1071 Si
2379 1019 2639 1071 invenero
2666 1018 3311 1087 quadragintaquinque,
3344 1023 3617 1076 remittam

2043 1093 2275 1164 civitati.
2309 1130 2324 1160 θ
2359 1110 2421 1162 Et
2459 1116 2559 1164 hoc
2613 1110 2774 1164 modo
2835 1110 3153 1176 colloquens
3214 1126 3336 1164 cum
3392 1114 3620 1168 DOlliillO

2043 1203 2338 1265 Abraham,
2400 1203 2683 1256 descendit
2736 1219 2907 1272 usque
2965 1207 3030 1259 ad
3087 1208 3303 1260 decem.
3363 1207 3424 1258 lit
3490 1217 3619 1260 lllllt‘.

2045 1295 2218 1349 Moses
2257 1295 2575 1364 snlqungit:
2621 1313 2638 1345 ‹
2675 1295 2737 1348 Et
2792 1296 2925 1350 abiit
2983 1298 3283 1360 Dominus,
3323 1308 3617 1367 postquam

2045 1389 2277 1441 cessavit
2327 1387 2476 1455 loqui
2557 1404 2680 1440 cum
2730 1389 3068 1468 Abraham‘.
3117 1410 3135 1442 ι
3182 1392 3414 1445 Videsne
3477 1391 3619 1442 unde

2045 1482 2311 1548 emporiiit
2348 1482 2607 1548 paulatim
2643 1482 2977 1535 manifestari
3007 1524 3021 1548 ,
3052 1501 3172 1552 qum
3206 1484 3272 1536 ad
3336 1484 3617 1537 Christum

2047 1570 2352 1638 pertinent?
2382 1568 2537 1624 Oculi
2571 1571 2714 1624 enim
2743 1572 2979 1627 hominis
3007 1574 3136 1639 justi
3171 1583 3422 1641 poterant
3452 1590 3620 1643 agno—

2044 1677 2195 1716 scere
2243 1663 2434 1726 Deum,
2470 1662 2595 1717 licet
2629 1665 2680 1715 in
2731 1665 2914 1717 servili
2973 1663 3143 1718 forma
3186 1665 3494 1719 exsisteret.
3524 1664 3620 1717 At-

2047 1754 2204 1807 tende
2236 1754 2422 1824 igitur,
2446 1755 2590 1823 quod
2621 1755 2760 1810 Deus
2791 1757 2955 1809 Pater
2977 1773 3252 1825 nunquam
3279 1757 3528 1826 apparuit
3565 1757 3616 1808 in

2047 1845 2439 1912 prophetarum
2483 1843 2790 1896 visionibus
2833 1844 3069 1896 humana
3103 1843 3282 1911 Specie
3313 1885 3327 1906 ,
3364 1858 3430 1896 eo
3473 1843 3619 1911 quod

2047 1936 2160 2006 ipse
2193 1951 2298 1987 non
2335 1947 2418 1989 est
2459 1936 2622 1988 homo
2660 1935 2839 1988 fat-tus
2868 1954 2878 1988 :
2909 1936 3002 1989 sed
3047 1951 3192 1989 nunc
3233 1928 3454 2004 quidem
3490 1937 3616 1996 alia,

2045 2046 2191 2082 nunc
2247 2045 2462 2082 rursum
2514 2028 2615 2081 alia
2669 2030 2852 2096 specie
2911 2028 3165 2096 apparuit
3239 2027 3427 2097 Angeli
3489 2042 3620 2080 vero

2048 2137 2443 2188 nonnumquam
2500 2121 2740 2173 hmnana
2774 2121 2955 2190 Specie
3009 2129 3302 2188 apparent.
3336 2121 3622 2189 Inquiren-

2046 2215 2173 2266 dum
2200 2214 2364 2283 igitur
2395 2214 2444 2265 in
2482 2214 2582 2266 hac
2613 2214 2824 2266 visione
2868 2212 3323 2280 fuerit,quisnain
3355 2215 3398 2266 is
3431 2211 3617 2280 sitqui

2049 2317 2177 2360 tunc
2218 2307 2366 2358 visus
2410 2314 2512 2358 est.
2559 2304 2702 2358 Ecce
2740 2319 2889 2363 vero.
2927 2304 3068 2358 Deus
3101 2304 3259 2356 Pater
3300 2319 3406 2356 non
3457 2313 3615 2366 erat;

2046 2400 2172 2467 quia
2241 2398 2477 2450 humana
2527 2397 2699 2450 forma
2758 2397 2904 2449 visus
2955 2408 3057 2449 est.
3130 2396 3233 2449 Sed
3293 2395 3621 2462 angelumne

2046 2490 2215 2543 fuisse
2247 2488 2434 2542 dices?
2469 2488 2573 2543 Sed
2613 2505 2801 2557 quam,
2845 2504 3050 2556 quarso,
3083 2487 3340 2540 decorum
3370 2490 3468 2540 hoc
3495 2488 3619 2550 erit,

2047 2583 2090 2635 si
2150 2581 2324 2635 Moses
2387 2592 2479 2635 aut
2535 2583 2676 2636 alius
2745 2581 3014 2650 quispiam
3066 2592 3378 2634 sanctorum
3447 2580 3622 2648 angeli

2049 2676 2324 2734 mentione
2380 2673 2517 2727 facta
2569 2677 2746 2744 ipsum
2787 2673 3144 2743 appellaverit
3207 2673 3497 2726 Dominum
3539 2673 3621 2726 vel

2044 2767 2283 2838 judicem
2317 2766 2338 2819 ?
2369 2766 2501 2831 Quis
2528 2775 2611 2820 est
2669 2766 2811 2819 alius
2855 2766 2946 2834 qui
2997 2765 3211 2835 judicat
3257 2781 3474 2818 omnem
3511 2776 3622 2817 ter-

2049 2874 2187 2922 ram,
2224 2874 2386 2925 quam
2423 2857 2610 2910 Deus?
2644 2856 2779 2910 Cum
2810 2856 2976 2926 igitur
3012 2865 3247 2919 constet,
3283 2856 3425 2922 quod
3463 2857 3506 2908 is
3530 2856 3623 2923 qui

2049 2952 2286 3005 humana
2320 2951 2504 3018 specie
2535 2950 2806 3017 apparuit,
2835 2964 2935 3002 nec
2958 2949 3099 3002 Deus
3119 2949 3276 3002 Pater
3313 2948 3496 3013 fuerit,
3523 2964 3624 3003 nec

2048 3045 2293 3113 angelus,
2328 3050 2550 3110 propter
2575 3039 2672 3094 ‘éas
2709 3055 2904 3094 causas
2957 3055 3094 3108 quas
3136 3041 3296 3094 modo
3343 3043 3622 3094 recensui-

2051 3151 2192 3199 mus,
2233 3136 2414 3188 elucet
2465 3134 2713 3195 omnino,
2759 3134 2922 3203 idque
2973 3135 3316 3197 necessario,
3350 3137 3494 3202 quod
3535 3116 3622 3188 ille

379 3255 478 3290 σαν
518 3240 679 3292 αὑτοῦ
714 3241 1014 3311 σάρκωσιν.
1053 3244 1152 3296 Διὰ
1181 3243 1240 3313 δὲ’
1264 3243 1323 3296 τὸ
1349 3244 1722 3314 ὀνομασθῆναι
1785 3245 1946 3298 αὐτὸν

2054 3229 2168 3297 ipse
2226 3227 2465 3282 Verbum
2505 3236 2558 3280 et
2596 3227 2767 3279 Filius
2796 3226 2889 3279 Dei
2931 3225 3230 3293 luerit,qni
3281 3238 3334 3279 ct
3386 3227 3526 3280 Deus
3571 3237 3626 3280 et

382 3333 602 3403 Κύριον»
627 3336 774 3405 παρὰ
798 3353 858 3388 τε
887 3333 982 3389 τοῦ
1011 3335 1283 3406 ’Δὸραάμ,
1307 3338 1458 3407 παρά
1478 3354 1536 3389 τε
1562 3337 1652 3390 τοῦ
1685 3339 1948 3403 Μωσέως,

383 3428 472 3477 καὶ
512 3426 762 3495 κρίνοντα
804 3427 984 3480 πᾶσαν
1019 3426 1117 3497 τὴν
1164 3428 1289 3496 γῆν,
1314 3427 1410 3479 καὶ
1442 3428 1701 3482 ἐλεοῦντα
1731 3429 1788 3480 ὃν
1819 3429 1948 3498 βού-

380 3518 552 3584 λεται,
582 3517 674 3570 καὶ
703 3517 1032 3571 παιδεύοντα
1058 3517 1116 3570 ὃν
1163 3518 1414 3586 βούλεται
1449 3518 1755 3586 παιδεῦσαι,
1785 3521 1952 3588 ἔδειξε

382 3609 477 3678 τὴν
508 3609 691 3675 ταὺτοῦ
721 3609 968 3679 θεότητα.
1024 3608 1160 3662 Θεοῦ
1194 3612 1300 3679 γάρ
1335 3613 1451 3662 ἐστι
1505 3611 1660 3663 τοῦτο
1711 3612 1861 3678 ἴδιον,
1893 3613 1952 3666 τὸ

383 3702 585 3772 κρίνειν
627 3703 720 3754 καὶ
752 3702 923 3753 ἐλεεῖν
954 3695 1049 3754 iul.
1103 3701 1445 3769 ὀργίζεσθαι,
1477 3702 1711 3770 ἀγγέλου
1761 3703 1816 3755 δὲ
1854 3705 1948 3757 καὶ

382 3792 665 3859 ἀνθρώπου
691 3791 962 3859 οὐδαμῶς.
1001 3791 1073 3842 Οὐ
1106 3792 1214 3859 γάρ
1244 3793 1392 3843 ἐστιν
1422 3791 1518 3862 τῆς
1547 3793 1832 3862 δυνάμεως
1857 3795 1950 3848 καὶ

385 3883 626 3946 ἐξουσίας
655 3883 854 3935 αὐτῶν.
892 3882 964 3936 Τὸ
1017 3884 1126 3952 γάρ
1159 3887 1354 3947 εἰπεῖν,
1403 3882 1527 3937 Ἐὰν
1576 3884 1722 3954 εῦρω
1756 3889 1956 3956 πεντή-

385 3992 566 4038 κοντα,
599 3974 630 4043 ἢ
665 3977 760 4028 καὶ⁸
795 3974 1045 4040 ἔλαττον,
1080 3975 1234 4028 ἐάσω
1260 3978 1326 4044 τῇ
1360 3977 1534 4042 πόλει,
1564 3976 1732 4042 ἔδειξε
1767 3977 1826 4029 τὸ
1858 3995 1953 4047 με·

385 4065 596 4131 γαλείον
616 4068 712 4134 τῆς
744 4064 993 4129 ἐξουσίας
1017 4066 1204 4119 αὐτοῦ.
1235 4067 1305 4118 Σὺ
1332 4066 1390 4119 δέ
1415 4067 1700 4137 πρόσεξον,
1733 4070 1807 4138 μή
1833 4087 1948 4132 πως

381 4157 618 4220 ἀκούσας
649 4160 741 4210 τοῦ
797 4157 1001 4225 Κυρίου
1067 4158 1338 4224 λέγοντος,
1399 4160 1664 4224 Καταϐὰς
1721 4160 1946 4231 ὂψομαι,

382 4250 690 4320 φαντασθῇς
719 4252 808 4302 ἐπὶ
832 4249 968 4302 Θεοῦ
996 4250 1250 4302 ταπεινόν
1281 4267 1334 4302 τι
1360 4252 1452 4304 καὶ
1475 4252 1699 4318 ἀνάξιον
1727 4253 1822 4323 τῆς
1851 4253 1950 4306 αὑ-

379 4340 473 4393 τοῦ
505 4342 776 4410 Θεύτητος.
819 4341 981 4395 Ἀλλὰ
1006 4341 1092 4394 διὰ
1122 4341 1219 4411 τὴν
1255 4342 1544 4396 ἀσθένειαν
1597 4345 1708 4396 τῶν
1739 4339 1948 4414 ἀνθρώ-

382 4452 497 4487 τιων
529 4435 785 4497 πολλάκις
820 4436 1066 4503 λέγονται
1114 4437 1183 4489 τὰ
1214 4435 1442 4489 τοιαῦτα
1477 4437 1572 4488 ἐπὶ
1599 4436 1758 4490 Θεοῦ.
1800 4436 1944 4488 Ἐλέ-

381 4525 481 4594 χθη
516 4527 571 4578 δὲ
608 4528 704 4579 καὶ
734 4526 823 4581 διὰ
853 4529 954 4596 τὴν
1002 4528 1307 4594 μέλλουσαν
1351 4527 1498 4597 αὐτῷ
1533 4528 1674 4598 μετά
1700 4527 1810 4582 τῶν
1834 4531 1949 4595 κάν·
1980 4560 2000 4598 _-

381 4617 408 4668 θ
417 4617 612 4686 ρώπων
644 4620 1074 4685 συγκατάὄασιν.

449 4981 516 5044 γ’.
556 4977 674 5029 Ἔτι
732 4975 908 5042 δείξας
953 4974 1155 5048 Κύριος
1199 4977 1227 5028 6
1277 4976 1408 5039 Θεὸς
1475 4975 1553 5046 τῷ
1581 4976 1832 5047 Ἀϐραὰμ
1886 4977 1954 5031 τὰ

377 5072 614 5138 τέσσαρα
649 5069 788 5139 μέρη
833 5068 932 5138 τῆς
962 5072 1084 5140 γῆς,
1116 5065 1260 5136 εἷπε,
1303 5087 1321 5120 ι
1353 5069 1444 5121 Σοὶ
1491 5068 1648 5122 δώσω
1706 5070 1803 5138 τὴν
1853 5069 1954 5140 γῆν

380 5160 474 5212 καὶ
523 5159 599 5227 τῷ
637 5161 918 5229 σπέρματί
964 5177 1079 5227 σου,
1142 5163 1236 5214 καὶ
1272 5160 1563 5231 πληθύνων
1603 5161 1861 5231 πληθυνῶ
1898 5161 1956 5212 τὸ

381 5252 600 5320 σπέρμα
634 5268 750 5314 σου,
790 5250 864 5314 ὡς
897 5252 966 5304 τὰ
995 5252 1171 5321 ἄστρα
1193 5251 1284 5303 τοῦ
1312 5253 1563 5322 οὐρανοῦ,
1601 5254 1695 5324 καὶ
1739 5253 1814 5317 ὡς
1845 5257 1944 5324 τὴν

379 5341 561 5410 ἄμμον
588 5343 684 5412 τὴν
726 5344 873 5414 παρὰ
904 5343 965 5394 τὸ
997 5344 1172 5412 χεῖλος
1208 5347 1303 5414 τῆς
1337 5316 1657 5413 θαλοὶσσης.κ
1693 5346 1816 5398 Ὅτι
1846 5365 1949 5398 πα-

377 5435 514 5503 τέρα
545 5435 756 5488 πολλῶν
787 5436 954 5489 ἐθνῶν
984 5435 1206 5488 τέθεικέι
1238 5453 1317 5500 σε,
1363 5437 1458 5490 καὶ
1493 5438 1945 5508 ἐνευλογηθήσν
1993 5442 2001 5450 ’

376 5542 466 5577 ται
496 5528 550 5578 ἐν
597 5528 680 5579 συὶ
722 5528 904 5582 πάντα
936 5530 1002 5582 τὰ
1056 5528 1211 5598 ἔθνη.
1251 5547 1268 5579 ι
1325 5530 1510 5583 Ταῦτα
1553 5530 1622 5582 τὰ
1669 5531 1762 5584 τοῦ
1813 5531 1948 5583 Θεοῦ

381 5617 513 5686 πρὸς
542 5617 632 5671 τὸν
663 5618 912 5688 Ἀϐραὰμ.
969 5622 1210 5691 ῥήματα,
1243 5624 1335 5672 καὶ
1371 5622 1686 5685 ἐξεταστέον
1725 5623 1776 5673 τί
1816 5621 1945 5692 βού-

378 5705 531 5757 λεται
569 5706 760 5760 ταῦτα.
815 5708 942 5762 Ὶδοὺ
996 5711 1070 5773 ὼς
1123 5713 1149 5764 6
1182 5711 1387 5780 Μωσῆς
1424 5711 1593 5778 λέγει,
1644 5713 1726 5764 ὅτι
1760 5715 1787 5765 6
1817 5714 1948 5775 Θεὸς

453 5891 804 5957 ‘Gen.xvni,
847 5896 867 5947 l
907 5910 1058 5963 seqq.
1137 5897 1156 5926 ²
1188 5893 1326 5949 Gen.
1356 5912 1486 5962 xxn,
1534 5897 1596 5950 16
1634 5913 1786 5966 seqq.

2055 3321 2218 3373 homo
2243 3329 2343 3374 est.
2386 3320 2461 3372 Eo
2485 3319 2627 3373 enim
2657 3319 2818 3383 laeto,
2845 3335 2954 3388 quo
2997 3319 3098 3388 ipsi
3129 3321 3400 3373 Abraham
3437 3321 3628 3373 huma-

2056 3430 2123 3466 na
2168 3413 2349 3481 specie
2379 3412 2658 3481 apparuit,
2697 3413 2936 3465 ostendit
2981 3413 3218 3467 futuram
3254 3429 3409 3466 suam
3443 3415 3624 3466 incar-

2056 3503 2356 3555 nationem.
2385 3501 2538 3568 Quod
2574 3518 2702 3556 vero
2752 3501 3018 3556 Dominus
3058 3505 3373 3557 nominatur
3404 3504 3471 3556 ab
3507 3505 3627 3572 ipso

2053 3596 2329 3649 Abraham
2372 3607 2428 3649 et
2461 3595 2626 3659 Mose,
2671 3605 2724 3649 et
2776 3597 3051 3649 universa:
3106 3605 3265 3649 terra:
3310 3595 3499 3665 judex,
3531 3596 3626 3665 qui

2056 3687 2384 3740 misereatur
2411 3685 2566 3755 cujus
2607 3685 2863 3748 voluerit,
2901 3693 2958 3738 et
3002 3685 3240 3756 corrigat
3270 3702 3432 3756 quem
3464 3688 3630 3740 corri-

2054 3776 2372 3848 gereluerit
2406 3777 2605 3839 visum,
2633 3792 2786 3832 suam
2821 3777 2873 3830 in
2901 3777 3004 3830 hoc
3036 3777 3378 3830 divinitatem
3405 3779 3630 3831 demon-

2056 3871 2270 3924 stravit.
2299 3869 2554 3924 Judicarc
2586 3871 2756 3936 enim,
2787 3869 3061 3933 misereri,
3103 3879 3158 3922 et
3196 3869 3380 3931 irasci,
3419 3870 3509 3923 Dei
3541 3887 3630 3923 so-

2055 3962 2160 4015 lius
2181 3961 2474 4030 est,angeli
2504 3975 2632 4013 vero
2663 3959 2744 4015 vel
2774 3959 3011 4013 hominis
3043 3974 3419 4028 nequaquam;
3452 3976 3628 4028 neque

2055 4055 2201 4108 enim
2238 4054 2340 4107 hoc
2393 4053 2610 4106 illorum
2666 4052 2884 4106 virtutis
2923 4059 3024 4114 est,
3059 4062 3116 4104 et
3169 4052 3446 4120 potentiae.
3489 4051 3625 4105 Cum

2053 4148 2199 4202 enim
2231 4145 2368 4199 dicit
2405 4163 2416 4198 :
2470 4164 2486 4194 ι
2536 4145 2592 4198 Si
2635 4145 2897 4198 invenero
2924 4144 3315 4214 quinquaginta
3368 4145 3447 4198 vel
3497 4161 3629 4214 pau-

2056 4238 2232 4292 ciores
2268 4237 2372 4298 his,
2407 4237 2528 4290 urbi
2573 4236 2871 4301 remittam,
2918 4257 2935 4287 ›
2979 4235 3237 4305 potentia:
3278 4251 3388 4289 sua:
3421 4238 3628 4306 magni-

2056 4331 2328 4385 ﬁcentiam
2351 4330 2635 4384 indicavit.
2661 4329 2739 4381 Tu
2766 4344 2896 4382 vero
2923 4336 3114 4382 caveas
3143 4329 3384 4394 interim,
3415 4346 3481 4383 ne
3502 4345 3625 4382 Cum

2053 4424 2298 4478 audieris
2331 4424 2606 4477 dicentem
2651 4421 2942 4476 Don'iinum
2977 4439 2991 4475 :
3040 4437 3057 4470 ι
3098 4421 3450 4476 Descendens
3477 4422 3629 4479 vide:

2055 4517 2146 4582 b0,
2182 4534 2200 4567 ›
2234 4517 2298 4570 dc
2334 4516 2444 4570 Deo
2489 4515 2696 4570 humile
2735 4515 3040 4586 quidpiam,
3076 4526 3129 4571 et
3162 4517 3305 4570 illius
3343 4517 3629 4570 divinitate

2053 4609 2334 4678 indignum
2372 4609 2712 4678 imagincris.
2743 4609 2880 4662 Nam
2925 4617 3148 4678 propter
3175 4608 3428 4662 humanae
3469 4619 3630 4660 natu-

2054 4718 2128 4756 ra:
2169 4702 2602 4756 imbecillitatem
2637 4715 3015 4770 saepenumero
3047 4699 3170 4753 talia
3206 4701 3273 4753 de
3306 4700 3416 4753 Deo
3439 4700 3632 4752 dicun—

1999 4832 2016 4846 .
2056 4806 2164 4850 tur.
2196 4796 2463 4850 Praeterea
2485 4795 2585 4848 hoc
2608 4794 2813 4848 dictum
2835 4803 2940 4857 est,
2967 4801 3192 4861 prOpter
3220 4791 3462 4844 futuram
3485 4789 3631 4844 illius

2057 4907 2180 4946 cum
2210 4891 2529 4944 hominibus
2552 4887 3050 4943 com'ersationi-m.

2131 4983 2184 5035 5.
2231 4982 2500 5036 Praeterea
2547 4996 2670 5034 cum
2706 4980 2976 5033 Dominus
3008 4979 3238 5032 Abrahae
3280 4987 3516 5046 quatuor
3549 4985 3627 5028 to-

2063 5078 2171 5126 tius
2232 5072 2384 5126 orbis
2443 5070 2696 5126 cardines
2734 5060 3104 5132 ostendisset,
3163 5070 3447 5138 inquit“
3509 5066 3632 5118 Tibi

2059 5159 2203 5214 dabo
2243 5171 2444 5216 terram
2469 5203 2484 5227 ,
2526 5169 2581 5214 et
2610 5159 2804 5214 semini
2845 5171 2970 5222 tuo,
3010 5172 3064 5212 et
3101 5161 3469 5230 multiplicans
3495 5161 3636 5214 mul—

2062 5253 2322 5321 tiplicabo
2367 5243 2553 5323 semen
2627 5263 2776 5306 tuum
2829 5254 2970 5306 sicut
3012 5263 3154 5306 astra
3214 5254 3362 5318 coeli,
3405 5262 3460 5307 et
3493 5255 3637 5308 sicut

2057 5362 2279 5400 arenam
2318 5348 2591 5415 iacentem
2624 5345 2677 5398 in
2711 5347 2895 5398 littore
2929 5346 3117 5408 maris,
3147 5347 3405 5415 quoniam
3427 5356 3635 5415 patrem

2057 5437 2348 5491 multarum
2383 5437 2626 5506 gentium
2671 5437 2933 5491 constitui
2960 5446 3032 5499 te,
3069 5449 3121 5490 et
3155 5438 3554 5492 benedicentur
3580 5439 3630 5488 in

2056 5539 2106 5583 te
2130 5545 2321 5583 omnes
2339 5540 2531 5598 gentes
2549 5529 2587 5581 ‘.
2605 5549 2622 5580 ι
2648 5529 2773 5582 llzcc
2803 5542 2931 5582 sunt
2952 5530 3042 5583 Dei
3068 5529 3135 5582 ad
3161 5531 3338 5598 ipsum
3361 5530 3633 5582 Abraham

2055 5624 2242 5677 verba.
2273 5623 2429 5677 Nunc
2458 5622 2584 5691 quis
2626 5623 2822 5675 horum
2869 5638 3064 5676 sensus
3095 5622 3200 5686 sit,
3245 5621 3631 5690 inquirendum
3710 5693 3715 5699 '

2055 5727 2159 5770 est.
2203 5717 2504 5771 Considera
2557 5715 2723 5784 igitur
2759 5723 2817 5768 ut
2858 5714 3034 5769 Moses
3081 5713 3261 5782 dicat,
3297 5714 3441 5783 quod
3495 5711 3636 5765 Deus
