4090 6444
456 354 565 420 387
1352 385 1360 393 ·
1630 358 1958 422 JOANNIS
1997 357 2524 424 CANTACUZENI
3590 368 3695 434 383

460 474 563 544 ipsi
600 471 875 527 Abraham
902 484 960 529 et
994 473 1189 530 semini
1238 473 1416 548 ipsius
1446 476 1761 545 promiserit
1784 486 1836 529 cl
1869 475 2013 545 polli-

2136 476 2449 547 ὑπεσχέσθη
2506 478 2599 530 καὶ
2646 476 3015 548 ἐπηγγείλατο
3068 476 3253 533 δοῦναι
3315 478 3392 550 τῷ
3449 480 3703 552 Ἀϐρααμ.

455 564 601 618 citus
626 562 697 617 sit
717 578 937 618 omnem
980 573 1180 620 terram
1204 607 1220 631 ,
1264 574 1322 621 et
1351 566 1500 636 quod
1535 582 1725 623 semen
1754 566 1927 638 ipsius
1957 568 2013 621 si:

2132 567 2228 619 καὶ
2256 567 2335 636 τῷ
2373 570 2650 637 σπέρματι
2695 568 2864 622 αὑτοῦ
2892 569 3075 622 πᾶσαν
3094 566 3198 639 ’τὴν
3235 567 3362 638 γῆν.
3413 571 3525 624 Καὶ
3558 572 3703 642 πλη-

458 654 931 726 multiplicaturus
963 656 1110 712 sicut
1136 667 1279 713 astra
1320 658 1473 726 cmli,
1504 667 1560 712 et
1585 673 1808 714 arenam
1844 659 1898 713 in
1933 658 2013 713 lit-

2130 655 2457 730 θυνθησεται
2484 660 2545 712 τὸ
2579 660 2802 729 σπέρμα
2859 658 3046 723 αὑτοῦ,
3078 658 3154 723 ῶς
3197 660 3267 713 τὰ
3293 660 3468 732 ἄστρα
3491 660 3586 715 τοῦ
3613 663 3705 715 οὑει

460 757 579 803 tore
634 749 843 803 maris:
882 767 901 801 t
933 749 1002 804 Et
1056 750 1114 805 in
1152 751 1362 806 semine
1391 760 1508 815 tuo,
1557 749 1762 820 inquit,
1796 751 2013 806 benedi-

2132 748 2317 817 ρινοῦ,
2348 749 2441 802 καὶ
2476 749 2553 814 ὡς
2598 749 2697 821 τὴν
2727 752 2914 820 ἅμμον
2959 751 3059 820 τὴν
3089 752 3240 821 παρὰ
3289 750 3352 804 τὸ
3375 751 3555 822 χεῖλος
3599 752 3702 822 τῆς

455 849 650 895 centur
684 857 877 897 omnes
898 852 1146 913 gentes.»
1170 842 1239 898 Et
1264 843 1706 914 quandoquidem
1740 844 1834 898 Dei
1857 844 2013 899 verba

2134 839 2431 911 θαλάσσης·
2475 858 2495 893 t
2537 840 2647 894 Καὶ
2696 843 2755 893 ἐν
2799 841 2878 912 τῷ
2912 840 3189 912 σπέρματι
3221 840 3386 895 αὑτοῦ
3413 842 3703 912 ἐνευλογηο

458 947 584 986 vera
616 941 766 995 sunt,
823 948 925 989 nec
955 948 1197 1003 unquam
1245 932 1463 995 fallunt,
1498 934 1855 1004 inspiciamus
1902 951 2013 1006 age-

2135 933 2390 1004 θησονται
2416 932 2596 987 πάντα
2625 934 2693 987 τὰ
2722 933 2907 1003 ἔθνη.»
2941 935 3051 986 Καὶ
3081 932 3205 986 ἐπεὶ
3239 936 3288 986 οι
3313 933 3409 987 τοῦ
3443 933 3581 988 Θεοῦ
3614 933 3704 986 λό-

453 1024 608 1089 dum,
641 1025 864 1093 quando
897 1033 953 1080 et
1002 1039 1241 1095 quonam
1292 1025 1457 1080 modo
1490 1026 1716 1095 impleta
1767 1028 1883 1083 sint
1909 1028 2027 1083 haec

455 1117 547 1171 Dei
606 1117 850 1169 oracula.
882 1115 1157 1169 Abraham
1204 1115 1351 1169 enim
1385 1114 1549 1170 binos
1593 1115 1791 1172 habuit
1854 1117 2016 1182 ﬁlios,

450 1208 683 1261 alterum
718 1207 947 1275 quidem
986 1221 1054 1261 ex
1094 1208 1289 1261 ancilla
1330 1208 1492 1277 Agar,
1545 1207 1831 1264 lsmaelem
1873 1210 2024 1264 scilio

450 1309 572 1363 cet;
621 1300 855 1352 alterum
890 1313 957 1353 ex
1010 1300 1182 1354 libera
1227 1315 1398 1356 uxore
1439 1300 1592 1365 Sara,
1628 1316 1825 1370 nempe
1853 1300 2021 1357 Isaac.

449 1389 588 1444 Num
606 1389 787 1459 itaque
809 1390 1330 1459 propterlsmaelem
1349 1407 1411 1447 ex
1428 1391 1626 1449 ancilla
1644 1393 2019 1464 genitum,ceu

447 1483 679 1537 Abrahte
702 1499 914 1548 semen,
946 1483 1081 1539 dixit
1104 1480 1395 1551 Dominus,
1420 1487 1564 1557 quod
1589 1487 1643 1541 in
1673 1488 1763 1542 illo
1790 1488 2023 1543 benedi-

444 1575 631 1629 cenda‘
661 1574 769 1629 sint
796 1586 990 1629 omnes
1021 1574 1254 1646 gentes?
1287 1574 1391 1631 Sed
1415 1592 1540 1633 cum
1579 1574 1843 1636 Dominus
1872 1579 2025 1634 dicc-

444 1666 532 1717 ret
563 1662 667 1732 ipsi
693 1662 966 1719 Abrahae:
997 1683 1015 1717 t
1051 1656 1201 1736 Ejice
1238 1668 1492 1722 ancillam
1520 1685 1644 1723 cum
1676 1670 1785 1726 ﬁlio
1825 1673 2019 1741 ipsius,

441 1769 791 1825 nequaquam
821 1755 969 1810 enim
1036 1755 1213 1812 hzeres
1270 1759 1377 1812 erit
1424 1773 1493 1813 ex
1553 1760 1749 1815 ancilla
1799 1763 2023 1832 genitus

442 1860 568 1898 cutn
620 1842 732 1899 ﬁlio
786 1845 973 1909 librae
1023 1846 1114 1913 ³,»
1154 1846 1458 1901 secundum
1523 1848 1620 1903 Dei
1681 1860 2014 1921 praeceptum

440 1936 716 1991 Abraham
759 1937 1040 1992 lsmaelem
1090 1954 1215 1993 cum
1266 1938 1412 2009 Agar
1462 1950 1635 1995 matre
1683 1957 1784 1996 sua
1829 1943 2015 2014 ejecit,

441 2029 718 2099 domoque
764 2042 860 2083 sua
914 2030 1143 2098 expulit.
1201 2030 1433 2101 Insuper
1485 2022 1765 2088 Abraham
1811 2036 2016 2105 justus,

439 2134 567 2176 cum
592 2136 657 2174 ex
694 2120 807 2175 Deo
846 2120 1095 2174 audiret:
1138 2139 1158 2171 t
1196 2122 1412 2176 Patrem
1440 2124 1735 2177 multarum
1770 2127 2013 2195 gentium

441 2217 493 2261 te
530 2209 882 2272 constituam,
919 2218 975 2262 et
1008 2208 1106 2262 tibi
1141 2209 1286 2264 dabo
1325 2219 1553 2278 terram,
1581 2222 1635 2265 (τι
1666 2215 1862 2268 semini
1898 2224 2014 2278 tuo,

438 2310 494 2351 et
541 2298 595 2350 in
648 2299 860 2351 semine
914 2307 1009 2352 tuo
1070 2299 1472 2355 benedicentur
1521 2317 1713 2358 omnes
1746 2314 1959 2374 gentes,
1991 2325 2009 2356 ι

441 2390 724 2459 respondit
772 2388 852 2444 sic
878 2388 1068 2445 dicens
1100 2409 1114 2444 :
1163 2410 1180 2442 t
1217 2387 1357 2459 Quid
1391 2393 1524 2447 mihi
1560 2394 1741 2459 dabis,
1761 2395 2012 2462 Domine,

2128 1042 2214 1091 τοι
2246 1024 2468 1095 ἀληθεῖς
2520 1027 2651 1090 εἰσι,
2681 1024 2778 1079 καὶ
2813 1025 3069 1079 οὐδέποτε
3105 1024 3506 1094 διαψεύδονται,
3537 1023 3700 1094 δεῦρο

2125 1114 2192 1182 δὴ
2240 1113 2592 1183 σκεψώμεθα,
2618 1162 2636 1180 ,
2655 1114 2818 1165 πόθεν
2854 1115 2948 1166 καὶ
2981 1114 3038 1165 ἐν
3068 1111 3208 1180 ποίῳ
3232 1112 3418 1180 τρόπῳ
3450 1110 3702 1181 ἐπληρώ-

2127 1205 2300 1275 θησαν
2326 1205 2393 1255 τὰ
2444 1202 2537 1255 τοῦ
2568 1201 2704 1255 Θεοῦ
2729 1202 2905 1270 λόγια.
2944 1202 3004 1255 '0
3039 1201 3148 1271 γὰρ
3184 1201 3439 1271 Ἀϐραὰμ
3493 1202 3588 1254 δύο
3619 1202 3703 1255 υί-

2125 1297 2218 1357 οὺς
2253 1295 2433 1364 ισχεν,
2460 1295 2555 1348 Eva.
2577 1296 2640 1346 ὲκ
2665 1293 2760 1362 τῆς
2783 1293 3076 1363 παιδίσκης
3104 1294 3301 1363 Ἅγαρ,
3319 1293 3410 1346 τὸν
3454 1291 3698 1363 Ἰσμαὴλ,

2126 1388 2218 1437 καὶ
2251 1384 2349 1438 ἕνα
2393 1388 2458 1437 ἐκ
2485 1386 2581 1455 τῆς
2610 1384 2902 1453 ἐλευθέρας
2960 1384 3200 1454 Σάρρας,
3233 1383 3326 1436 τὸν
3367 1383 3574 1438 Ἰσαάκ.
3604 1384 3696 1453 Μή

2127 1493 2254 1530 ¹ποτε
2282 1477 2412 1545 γοῦν
2465 1471 2622 1530 εἶπεν
2652 1480 2680 1530 6
2711 1476 2843 1540 Θεὸς
2871 1475 2960 1530 διὰ
3006 1478 3097 1530 τὶν
3123 1477 3229 1546 πρὸ
3270 1476 3366 1529 τοῦ
3410 1476 3602 1530 Ἰσαὰκ
3635 1478 3700 1530 ἐκ

2124 1572 2223 1639 τῆς
2267 1569 2560 1636 παιδίσκης
2593 1567 2916 1638 γεννηθέντα
2956 1567 3202 1638 Ίσμαὴλ,
3226 1569 3311 1621 ὅτι
3355 1569 3414 1619 ἐν
3439 1566 3587 1637 αὑτῷ
3612 1569 3700 1619 ἐνι-

2124 1660 2580 1730 ευλογηθήσονται
2632 1660 2813 1713 πάντα
2852 1660 2921 1715 τὰ
2971 1659 3123 1729 ἔθνη,
3151 1660 3228 1723 ὡς
3276 1660 3343 1712 ἐκ
3386 1660 3699 1731 σπέρματος

2124 1752 2255 1807 ὄντα
2298 1752 2376 1824 τῷ
2405 1752 2681 1823 Ἀϐραὰμ,
2715 1751 2833 1804 ἀλλ’
2863 1752 2984 1805 ἐπεὶ
3012 1751 3146 1816 Θεὸς
3176 1747 3296 1805 εἷπε
3316 1753 3396 1824 τῷ
3427 1752 3697 1821 Ἀϐραὰμ,

2124 1846 2206 1899 ὅτι
2239 1843 2513 1898 «Ἔκϐαλε
2548 1842 2648 1914 τὴν
2684 1843 2977 1913 παιδίσκην
3008 1843 3146 1913 μετὰ
3171 1842 3266 1897 τοῦ
3293 1844 3481 1907 παιδὸς
3506 1844 3697 1912 αὑτῆς,

2125 1935 2246 1989 οὐδὲ
2275 1935 2384 2005 γὰρ
2425 1935 2823 2005 κληρονομήσει
2859 1936 2889 1988 6
2928 1934 3043 1998 υίὸς
3067 1934 3169 2002 τῆς
3215 1934 3509 2004 παιδίσκης
3562 1936 3700 2002 μετὰ

2124 2028 2218 2081 τοῦ
2246 2029 2363 2082 υἱοῦ
2393 2029 2489 2098 τῆς
2511 2028 2820 2097 ἐλευθέρας.
2859 2046 2877 2079 i
2914 2026 3024 2080 Καὶ
3052 2027 3195 2081 κατὰ
3216 2027 3307 2080 τδν
3329 2026 3422 2080 τοῦ
3452 2024 3587 2080 Θεοῦ
3616 2026 3704 2078 1.6-

2124 2134 2241 2190 γον,
2285 2121 2506 2185 ἐξέϐαλε
2570 2120 2660 2173 τὸν
2712 2118 2933 2189 Ἰσμαὴλ
2969 2119 3107 2190 μετὰ
3153 2119 3255 2189 τῆς
3300 2120 3502 2189 μητρὸς
3529 2118 3697 2173 αὑτοῦ

2123 2215 2224 2282 τῆς
2276 2215 2476 2283 Ἀγαρ,
2546 2212 2641 2265 καὶ
2692 2211 2995 2275 ἀπεδίωξεν
3038 2211 3235 2273 αὑτοὺς
3290 2217 3355 2264 ἐκ
3382 2210 3474 2264 τοῦ
3543 2211 3693 2264 οἴκου

2122 2306 2217 2359 τοῦ
2266 2304 2541 2375 Ἀϐραάμ.
2604 2304 2764 2357 ’Δλλὰ
2797 2305 2891 2355 καὶ
2926 2305 2954 2355 6
2990 2303 3200 2365 δίκαιος
3225 2302 3478 2372 ’Δϐραὰμ
3528 2302 3695 2355 ἀκοῦ-

2126 2414 2222 2460 σας
2249 2401 2397 2463 παρὰ
2414 2395 2508 2448 τοῦ
2539 2394 2698 2457 Θεοῦ,
2716 2396 2800 2447 ὃτι
2832 2410 2851 2446 t
2877 2394 3095 2463 Πατέρα
3124 2393 3332 2446 πολλῶν
3361 2392 3583 2448 τέθεικά
3613 2409 3694 2457 σε,

441 2500 565 2537 cum
596 2485 711 2553 ipse
758 2486 877 2539 sine
906 2485 1097 2540 liberis
1128 2489 1372 2541 moriar?
1411 2508 1429 2540 ι
1479 2480 1632 2545 Unde
1665 2491 1843 2559 vides,
1868 2494 2013 2563 quod

2124 2490 2216 2541 καὶ
2244 2487 2323 2540 ὃτι
2351 2487 2441 2539 Σο)⁵
2471 2484 2629 2540 δώσω
2652 2486 2752 2555 τὴν
2789 2486 2913 2554 γῆν,
2937 2486 3032 2537 καὶ
3064 2484 3139 2555 τῷ
3158 2485 3434 2555 σπέρματί
3472 2485 3697 2551 οου,καὶ

443 2575 759 2644 priusquam
788 2575 1183 2631 admoneretur
1207 2578 1478 2633 Abraham
1512 2589 1571 2633 ut
1600 2581 1884 2638 lsmaelem
1913 2586 2012 2639 do-

2122 2581 2203 2631 ὅτι
2246 2579 2335 2631 Ἐν
2378 2577 2455 2648 τῷ
2503 2575 2776 2646 σπέρματί
2809 2592 2901 2629 σου
2939 2575 3461 2644 ἐνευλογηθήσονται
3511 2579 3693 2630 πάντα

445 2678 534 2715 tuo
563 2665 807 2732 ejiceret,
855 2665 1002 2720 hunc
1060 2682 1405 2737 nequaquam
1435 2670 1530 2723 ﬁlii
1580 2672 1702 2726 loco
1739 2675 1917 2730 duxit:
1954 2678 2010 2731 Si

2120 2670 2187 2723 τὰ
2208 2669 2356 2738 ἔθνη,
2398 2686 2416 2721 ι
2445 2668 2615 2729 οὕτως
2652 2667 2949 2738 ἀπεκρίθη,
2972 2666 3166 2730 εἰπὼν,
3205 2684 3225 2717 t
3255 2667 3319 2719 Τί
3352 2683 3443 2735 μοι
3478 2665 3690 2731 δώσεις.

438 2755 585 2807 enim
639 2754 785 2809 hunc
820 2754 989 2810 ﬁlium
1016 2772 1207 2812 verum
1261 2775 1383 2816 esse
1421 2762 1832 2831 aestimavisset,
1865 2784 2013 2822 nun-

2122 2761 2314 2832 Κύριε,
2366 2760 2448 2813 ὅτι
2477 2759 2588 2826 ἐγὼ
2613 2758 2920 2828 ἀπόλλυμαι
2965 2758 3239 2825 ἄτεκνοςς
3295 2757 3517 2818 Βλέπεις
3572 2758 3690 2817 πῶς

437 2859 600 2915 quam
639 2856 791 2901 certe
819 2849 1207 2917 postulavisset
1238 2851 1409 2906 ﬁlium
1443 2856 1702 2910 alterum.
1750 2858 1825 2913 Eo
1863 2859 2010 2914 enim

2120 2858 2213 2908 xui.
2243 2855 2350 2925 πρὸ
2386 2853 2480 2907 τοῦ
2524 2852 2812 2924 ὁρισθῆναι
2868 2851 2963 2903 τὸν
3002 2850 3254 2921 Ἀϐραὰμ
3306 2850 3551 2903 ἐκϐαλεῖν
3583 2848 3691 2901 ἀπὸ

437 2935 584 3005 quod
614 2936 770 3005 dicit,
838 2956 857 2990 t
926 2939 1040 3010 Ego
1074 2957 1205 2995 vero
1257 2943 1428 2998 orbus
1482 2946 1711 3011 morior,
1777 2966 1795 3000 ι
1840 2948 2011 3002 ﬁlium

2118 2947 2212 2999 τοῦ
2240 2947 2390 2999 οἴκου
2443 2945 2607 2999 αὑτοῦ
2649 2945 2739 2997 τὸν
2788 2943 3011 3013 Ἰσμαὴλ
3064 2944 3165 2995 οὑκ
3196 2942 3465 3009 ἐλογίζετο
3504 2940 3690 2995 τοῦτον

436 3029 696 3093 p0stulat,
734 3045 897 3099 quem
929 3041 985 3085 et
1008 3032 1179 3087 ﬁlium
1211 3045 1264 3087 et
1295 3050 1480 3090 semen
1514 3053 1673 3091 suum
1716 3054 1837 3094 esse
1865 3043 2012 3094 msti-

2120 3040 2234 3092 υἱὸν
2262 3038 2448 3093 αὑτοῦ.
2480 3038 2544 3090 El
2574 3037 2681 3108 γὰρ
2720 3040 2795 3099 ὼς
2827 3038 2943 3089 υίὸν
2976 3034 3141 3089 αὑτοῦ
3173 3034 3471 3102 ἐλογίζετο,
3496 3035 3598 3087 οὑκ
3621 3033 3690 3087 ἂν

437 3127 570 3173 met.
596 3119 746 3175 lsaac
764 3122 910 3175 enim
934 3130 1048 3177 tum
1078 3124 1298 3180 demum
1325 3144 1449 3182 cum
1480 3128 1595 3183 haec
1626 3140 1753 3185 ante
1785 3142 2003 3202 peracta

2120 3131 2300 3201 ἐζήτει
2349 3132 2377 3183 6
2415 3130 2671 3199 Ἀϐραὰμ
2720 3128 2908 3182 τέκνον
2958 3129 3164 3198 ἕτερον.
3214 3126 3288 3180 Τὸ
3330 3128 3436 3197 γὰρ
3492 3128 3693 3189 εἰπεῖν,

436 3218 640 3272 essent,
668 3221 830 3264 natus
873 3222 978 3266 est.
1012 3213 1144 3268 Post
1190 3215 1305 3271 haec
1342 3225 1526 3272 autem
1562 3221 1746 3275 omnia
1781 3223 2010 3277 verbum

2118 3224 2259 3293 Ἐγὼ
2287 3224 2329 3277 δ’
2357 3223 2580 3285 ἄτεκνος
2622 3221 2953 3290 ἀπόλλυμαι,
2986 3221 3098 3273 υἱὸν
3129 3218 3344 3289 ἐζήτει,
3397 3222 3579 3273 ὅντινα
3608 3219 3697 3272 λοι-

434 3292 653 3353 Domini
680 3301 906 3354 dicens:
969 3321 988 3355 t
1039 3304 1186 3375 Ejice
1216 3308 1469 3362 ancillam
1513 3326 1638 3364 cum
1681 3312 1791 3368 ﬁlio
1834 3331 1956 3377 suo,
1988 3334 2006 3367 ι

2118 3292 2327 3385 γίσεται
2356 3317 2469 3368 υἱὸν
2493 3314 2656 3368 αὑτοῦ
2688 3315 2783 3367 καὶ
2820 3313 3043 3383 σπέρμα
3075 3312 3335 3366 αὑτοῦ.⁹0
3361 3313 3469 3383 γὰρ
3508 3310 3694 3366 Ἰσαὰκ

437 3390 725 3444 manifeste
757 3392 1021 3459 ostendit,
1053 3397 1201 3465 quod
1226 3413 1326 3452 nec
1354 3399 1498 3455 Deus
1528 3402 1809 3459 lsmaelem
1842 3408 2011 3460 ﬁlium

2118 3409 2339 3478 ὕστερον
2375 3406 2659 3475 ἐγεννήθη.
2697 3406 2852 3459 Μετὰ
2908 3406 2966 3457 δὲ
3002 3404 3179 3460 ταῦτα
3216 3407 3245 3457 6
3279 3405 3375 3458 τοῦ
3426 3407 3561 3460 Θεοῦ
3600 3406 3688 3459 λό-

435 3494 494 3534 et
527 3495 718 3535 semen
756 3481 932 3551 ipsius
954 3486 1190 3553 Abrahae
1219 3504 1341 3545 esse
1371 3495 1728 3561 reputat-erit.
1771 3495 1837 3549 Et
1862 3513 2010 3559 ecce,

2118 3518 2229 3569 γος,
2261 3500 2290 3552 6
2343 3498 2536 3561 εἰπὼν,
2594 3498 2834 3551 Ἔκϐαλε
2886 3499 2986 3568 τὴν
3043 3498 3336 3569 παιδίσκην
3404 3498 3544 3568 μετὰ
3594 3498 3691 3551 τοῦ

436 3584 702 3639 quantum
728 3586 971 3643 apparet.
1007 3578 1198 3634 lsmncl
1223 3583 1376 3651 juxta
1411 3584 1505 3639 Dei
1532 3596 1862 3656 prwceptum
1897 3589 2007 3642 ha:-

2118 3593 2231 3647 υίοῦ
2265 3592 2453 3660 αὑτῆς,
2486 3592 2737 3662 φανερῶς
2783 3591 3074 3661 ἐδήλωσεν,
3124 3590 3206 3643 ὅτι
3245 3590 3345 3643 οὑκ
3401 3589 3693 3658 ἐλογίσατο

437 3665 670 3718 τοὼιιιιο
706 3675 930 3733 paterna
962 3669 1199 3726 Abrahae
1230 3673 1462 3728 excidit.
1486 3676 1626 3729 Nutu
1670 3678 1838 3748 igitur
1866 3679 2013 3733 hunc

2118 3685 2203 3738 τὸν
2254 3683 2482 3754 ’Ῑσμαὴλ
2509 3686 2698 3735 τέκνον
2725 3684 2820 3736 καὶ
2874 3683 3099 3751 σπέρμα
3147 3681 3241 3733 τοῦ
3271 3679 3541 3752 Ἀϐραάμ.
3580 3681 3692 3734 Καὶ

332 3834 339 3839 ⁹
434 3754 678 3810 Isaacutn
719 3774 842 3813 esse
879 3761 1128 3819 dicemus
1154 3764 1177 3817 7
1203 3764 1365 3831 Quod
1394 3768 1618 3836 quidem
1652 3769 1742 3824 hic
1770 3768 1914 3825 ﬁlius
1942 3771 2013 3826 sit

2118 3777 2225 3830 ιδοὺ
2270 3776 2345 3838 ὡς
2398 3776 2777 3842 ἀναφαίνεται,
2812 3774 3078 3842 ἀμέτοχος
3110 3774 3258 3827 ἐστιν
3304 3775 3332 3826 6
3374 3773 3596 3843 Ἰσμαὴλ
3624 3774 3689 3825 ἐκ

437 3850 623 3905 uxoris
643 3850 848 3916 liberae,
875 3853 1224 3909 manifestum
1257 3865 1340 3912 est
1364 3873 1379 3923 ;
1412 3867 1469 3912 et
1496 3858 1857 3915 Hebraeorum
1882 3876 2012 3930 gen-

2118 3866 2210 3936 τῆς
2258 3864 2624 3934 κληρονομίας
2665 3862 2759 3915 τοῦ
2805 3861 3081 3932 ’Δὸραὰμ,
3136 3861 3317 3923 καθὼς
3345 3864 3373 3916 6
3400 3862 3531 3925 Θεὸς
3572 3865 3690 3914 ἐκε-

436 3954 543 3997 tem
592 3944 662 3998 ab
709 3946 813 3999 hoc
847 3948 1199 4004 descendisse
1236 3960 1487 4019 constat;
1542 3953 1787 4023 gentium
1827 3965 2011 4008 autem

2118 3956 2347 4010 τείλατο.
2380 3955 2469 4024 Μή
2504 3971 2630 4008 ποτε
2659 3954 2790 4021 γοῦν
2845 3954 2993 4006 ἐστιν
3031 3955 3059 4008 6
3100 3955 3308 4027 Ἰσαὰκ,
3340 3956 3434 4007 καὶ
3463 3954 3547 4007 ὅτι
3589 3955 3684 4022 μὲν

436 4034 748 4091 benedictio
789 4038 857 4092 ad
897 4039 1046 4094 hunc
1093 4041 1318 4097 minime
1379 4044 1577 4098 referri
1634 4054 1833 4114 potest.
1898 4045 2011 4100 Soli

2118 4048 2226 4109 old,-
2276 4047 2424 4099 ἐστιν
2455 4038 2612 4108 οὗτος
2640 4047 2737 4113 τῆς
2791 4043 3082 4113 ἐλευθέρας
3123 4044 3359 4115 Σάρρας,
3396 4044 3683 4113 πρόδηλον.

433 4126 579 4179 enim
611 4126 817 4185 Hebraei
846 4139 976 4184 sunt
1003 4149 1067 4187 ex
1096 4134 1245 4189 illius
1276 4137 1506 4201 semine,
1549 4152 1651 4191 ceu
1686 4138 1887 4207 posteri
1920 4138 2011 4191 Ja-

2118 4140 2227 4195 Καὶ
2258 4140 2318 4192 τὸ
2349 4140 2457 4191 τῶν
2496 4137 2765 4208 Ἐϐραίων
2802 4138 2960 4202 γένος
3010 4138 3070 4201 ἐξ
3107 4137 3320 4190 ἐκείνου
3350 4137 3489 4198 ἐστὶ,
3530 4135 3689 4188 τοῦτο

434 4220 581 4286 cobi,
610 4231 664 4275 et
708 4223 999 4279 duodecim
1035 4225 1273 4282 ﬁliorum
1307 4229 1449 4297 ejus.
1480 4228 1624 4294 Quin
1664 4231 1717 4282 in
1750 4228 2013 4284 felicitate

2118 4231 2562 4302 ὁμολογούμενον.
2606 4230 2744 4283 Ἀλλ’
2777 4230 2809 4299 ἡ
2837 4230 2944 4283 τῶν
2968 4228 3136 4282 ἐθνῶν
3153 4227 3373 4297 εὐλογία
3398 4227 3497 4281 οὑκ
3524 4228 3580 4293 ἐξ
3614 4227 3687 4296 6η

432 4314 613 4367 adhuc
664 4324 721 4369 et
781 4314 913 4371 ﬂore
957 4319 1105 4387 regni
1151 4321 1235 4374 sui
1282 4321 1564 4375 constituti
1606 4320 1766 4390 pauci
1820 4324 2012 4374 admo-

433 4402 564 4455 dum
594 4412 650 4458 et
694 4416 981 4460 numeratu
1027 4408 1219 4464 faciles
1263 4411 1641 4479 reperiuntur,
1669 4410 1716 4464 si
1761 4424 1885 4463 cum
1926 4420 2009 4463 to-

2113 4324 2207 4378 ἐπὶ
2228 4324 2305 4392 τῷ
2344 4321 2549 4376 Ἰσαάκ.
2573 4320 2750 4375 Μόνον
2779 4320 2887 4391 γὰρ
2907 4321 2955 4373 οί
2991 4319 3232 4391 Ἐϐραῖοί
3260 4320 3399 4372 εἰσιν
3424 4318 3487 4371 ἐκ
3516 4320 3686 4389 σπέρ-

2119 4431 2284 4482 ματος
2325 4412 2420 4466 τοῦ
2483 4413 2689 4476 Ἰσαὰκ,
2739 4413 2815 4475 ὡς
2868 4411 3127 4479 ἀπόγονοι
3178 4410 3271 4463 τοῦ
3333 4408 3549 4469 Ἰακὼό,
3591 4411 3687 4461 καὶ

435 4496 546 4548 tius
579 4497 731 4550 orbis
772 4497 1181 4555 habitatoribus
1207 4503 1585 4556 conferantur.
1615 4500 1717 4555 Vix
1746 4501 1895 4556 enim
1925 4500 2010 4555 vel

2118 4505 2221 4559 τῶν
2251 4505 2456 4559 δώδεκα
2485 4504 2616 4557 υἱῶν
2645 4502 2835 4557 αὑτοῦ.
2863 4504 2972 4556 Καὶ
3002 4500 3085 4553 ἔτι
3113 4502 3172 4553 ἐν
3194 4503 3261 4569 τῇ
3292 4499 3566 4569 εὐημερίᾳ
3589 4501 3684 4551 καὶ

437 4591 601 4643 unius
630 4599 837 4645 tantum
869 4592 1049 4662 gentis
1093 4594 1457 4662 quantitatem
1503 4593 1609 4647 sibi
1642 4608 2010 4648 conservave-

437 4692 590 4748 runt,
612 4682 798 4738 divino
836 4696 1016 4739 autem
1037 4686 1240 4741 auxilio
1272 4687 1466 4757 adjuti,
1502 4687 1743 4755 insignes
1771 4696 1827 4741 et
1853 4685 2012 4740 terni-

435 4774 573 4831 biles
626 4778 989 4833 habebantur.
1027 4779 1299 4849 Populum
1323 4781 1469 4833 enim
1501 4779 1607 4832 sibi
1655 4779 1802 4833 hunc
1846 4794 2013 4848 pecu-

435 4865 625 4921 liarem
665 4872 900 4923 vocabat
944 4869 1229 4935 Dominus,
1275 4879 1331 4924 et
1379 4870 1502 4923 illos
1542 4869 1919 4924 litercditatem
1958 4879 2013 4923 et

435 4961 707 5026 peculium
746 4977 905 5014 suum
948 4959 1301 5025 nominabat;
1332 4968 1391 5013 et
1442 4959 1590 5013 illius
1617 4961 1816 5014 virtute
1852 4960 2004 5014 devi-

433 5061 631 5106 cerunt
663 5053 924 5115 simul,et
954 5051 1631 5119 adversariorutnoppidis
1672 5051 1827 5120 potiti
1853 5057 2001 5116 sunt,

432 5158 641 5212 perque
671 5144 763 5196 Dei
798 5143 1100 5211 potentiam
1150 5143 1202 5195 in
1252 5140 1483 5212 Egypto
1517 5141 1694 5196 Moses
1746 5143 2007 5197 miracula

433 5236 596 5288 cdere
627 5235 813 5302 cmpit.
846 5244 903 5287 et
932 5244 1055 5303 post
1089 5235 1234 5287 hunc
1270 5235 1413 5288 ﬁlius
1436 5235 1578 5299 Nun,
1609 5234 1772 5289 Josue
1805 5236 2008 5303 aliique

435 5333 622 5396 plures
680 5342 852 5393 usque
892 5327 958 5379 ad
1004 5326 1208 5381 Christi
1259 5328 1691 5397 generationem.
1746 5328 1850 5383 Sed
1886 5336 2008 5397 post

433 5418 842 5487 geturationctn
872 5418 1020 5470 illius
1066 5419 1119 5471 iu
1161 5420 1462 5488 perniciem
1500 5435 1661 5473 ruere
1690 5421 1860 5474 Judaei
1899 5435 2008 5475 cm—

434 5516 658 5576 pcrunt,
710 5514 763 5558 t‘l
794 5507 980 5561 Jacobi
1042 5511 1325 5579 protihelia
1376 5514 1592 5580 impleta
1630 5522 1713 5568 cst
1769 5514 2001 5568 dicens:

442 5614 463 5649 t
495 5597 616 5653 Non
646 5597 865 5654 deﬁciet
893 5601 1149 5673 princeps
1181 5620 1246 5660 cx
1275 5606 1435 5674 Juda,
1467 5621 1643 5675 neque
1672 5605 1781 5661 dux
1818 5606 1884 5661 de
1923 5607 2004 5660 fe-

506 5765 527 5797 ³
553 5764 687 5821 Gen.
730 5780 867 5829 xxtt,
899 5765 986 5819 lO.

2109 4599 2261 4666 ἀκμῇ
2296 4596 2479 4649 αὐτῶν
2534 4595 2875 4665 ὑπάρχοντες
2920 4592 3092 4645 πολλὰ
3149 4591 3467 4659 εὑρίσκοντο
3514 4589 3687 4652 ὀλίγοι

2111 4692 2207 4743 καὶ
2255 4689 2632 4758 εὐαρίθμητοι,
2697 4686 3115 4754 συγκρινόμενοι
3168 4683 3306 4753 πρὸς
3349 4685 3472 4745 τοὺς
3502 4698 3687 4734 κατοι-

2110 4783 2339 4843 κοῦντας
2366 4782 2464 4851 τὴν
2488 4779 2837 4849 οἰκουμένην,
2873 4776 3150 4847 μόλιςγὰρ
3194 4777 3528 4845 περιέσωζον
3566 4776 3684 4834 ἐμὸς

2111 4875 2296 4936 ἔθνους
2353 4873 2647 4941 ποσότητα,
2704 4872 2811 4923 ἀπὸ
2865 4869 2919 4921 δὲ
2950 4868 3049 4937 τῆς
3095 4867 3191 4920 τοῦ
3242 4867 3381 4921 Θεοῦ
3429 4866 3684 4937 βοηθείας

2111 4966 2392 5035 ἐφαίνοντο
2446 4962 2672 5032 μεγάλοι
2705 4962 2800 5013 καὶ
2857 4959 3103 5030 φοϐεροί.
3159 4959 3305 5012 Λαδν
3356 4962 3464 5028 γὰρ
3522 4958 3684 5021 αὑτὸς

2112 5057 2294 5109 ἐκάλει
2333 5056 2526 5119 αὐτοὺς
2557 5058 2585 5109 ὁ
2632 5054 2784 5119 Θεὸς,
2820 5054 2915 5108 καὶ
2955 5053 3322 5125 κληρονομίαν
3371 5048 3536 5104 αὑτοῦ
3568 5049 3686 5101 ἕλεά

2111 5166 2207 5217 γεν
2237 5147 2458 5211 αὑτοὺς,
2496 5149 2591 5200 καὶ
2622 5132 2763 5217 ἐντῇ
2796 5144 2940 5213 ίσχὺῖ
2991 5143 3157 5197 αὑτοῦ
3199 5142 3686 5212 κατετροπὼσαντο

2109 5241 2205 5293 καὶ
2239 5239 2537 5310 ἐκέρδησαν
2572 5236 2669 5299 τὰς
2721 5237 2905 5299 πόλεις
2938 5237 3050 5289 τῶν
3096 5235 3430 5288 ὑπεναντίων
3479 5233 3679 5285 αὑτῶν.

2109 5333 2217 5383 Καὶ
2241 5334 2296 5381 ὲν
2325 5334 2389 5399 τῇ
2425 5330 2651 5398 δυνάμει
2692 5327 2785 5381 τοῦ
2827 5328 2962 5381 Θεοῦ
3014 5330 3217 5399 ἤρξατο
3268 5330 3443 5380 ποιεῖν
3495 5327 3524 5377 6
3554 5327 3686 5378 Μω-

2111 5422 2208 5490 σῆς
2241 5424 2297 5473 ἐν
2347 5424 2413 5490 τῇ
2450 5419 2709 5489 Αἰγύπτῳ
2735 5419 2805 5472 τὰ
2833 5419 3139 5490 θαυμάσια,
3181 5422 3275 5475 καὶ
3329 5415 3447 5488 μετ’
3480 5416 3686 5468 ἐκεῖνον

2108 5514 2134 5564 6
2171 5512 2263 5565 τοῦ
2311 5512 2471 5576 Ναυῆ
2501 5511 2709 5578 Ἰησοῦς
2734 5555 2749 5577 ,
2783 5513 2879 5565 xei
2912 5513 2962 5564 οἱ
3003 5513 3200 5582 ἕτεροι,
3240 5510 3343 5571 ἕως
3368 5510 3467 5579 τῆς
3498 5508 3689 5576 γεννή-

2112 5622 2247 5669 σεως
2277 5604 2368 5657 τοῦ
2397 5604 2668 5674 lipara-3.,
2720 5604 2851 5658 Ἀπὸ
2884 5605 2940 5658 δὲ
2967 5604 3064 5673 τῆς
3093 5603 3188 5657 τοῦ
3216 5599 3455 5674 Χριστοῦ
3487 5598 3688 5667 γεννή-
