4090 6450
296 398 405 467 389

1264 398 1562 462 CONTRA
1606 388 2094 460 MAHOMETEM
2136 400 2515 461 APOLOGIA
2558 387 2607 460 Ῡ.

3454 404 3560 472 390

299 537 437 583 σεως
496 519 735 591 ἤρξαντο
798 518 1064 591 πράττειν
1112 515 1164 571 ot
1214 514 1462 570 Ἰουδαῖοι
1513 515 1584 568 τὰ
1644 515 1886 587 ὀλέθρια.

1997 528 2150 569 more
2184 513 2352 580 illius,
2381 514 2559 571 donec
2597 513 2822 571 veniant
2843 521 2966 586 quae
2992 516 3229 587 reposita
3257 518 3306 574 ei
3332 528 3482 585 sunt,
3505 529 3564 579 et

299 610 408 664 Καὶ
477 604 769 680 τᾶἑληρὼθη
819 607 1010 678 ἢτοῦ
1077 602 1274 660 Ἰακὼὸ
1313 604 1655 674 προφητεία,
1705 605 1739 673 ἡ
1791 604 1879 657 λέ-

299 720 468 772 γουσα
515 701 597 765 τὸ,
662 719 682 753 ι
714 702 830 756 Οὐκ
879 699 1119 767 ἐκλείψει
1162 697 1348 767 ἄρχων
1399 696 1459 763 ἐξ
1501 697 1710 762 Ἰούδα,
1758 697 1879 752 οὐδὲ

300 792 599 864 ἡγούμενος
655 794 721 847 ὲκ
775 793 886 847 τῶν
948 792 1139 864 μηρῶν
1188 793 1378 854 αὐτοῦ,
1426 790 1533 855 ἕως
1578 782 1640 844 οδ
1681 788 1808 861 ἔλθῃ
1849 788 1880 843 δ

303 887 617 948 ἀπόκειται,
704 885 800 939 καὶ
833 883 993 938 τοῦτό
1042 886 1159 938 ἔστι
1222 883 1521 955 προσδοκία
1604 880 1793 935 ἐθνῶν.
1856 901 1875 934 ι

303 978 462 1031 ’Λλλὰ
508 976 572 1047 δὴ
613 976 706 1030 καὶ
751 976 848 1030 τοῦ
886 977 1132 1043 Ἡσαΐου,
1177 976 1209 1046 ἡ
1251 975 1505 1040 λέγουσα,
1558 993 1577 1027 ι
1614 975 1804 1029 Ἔσται
1846 973 1880 1043 ἡ

310 1073 432 1142 ῥίζα
464 1071 560 1124 τοῦ
593 1070 816 1134 Ἰεσσαὶ,
854 1070 950 1122 καὶ
988 1069 1018 1122 ό
1058 1065 1423 1138 ἀνιστάμενος
1462 1069 1652 1137 ἄρχειν
1686 1066 1879 1132 ἐθνῶν,

312 1165 395 1217 ἐπ’
419 1164 564 1234 αὐτῷ
598 1163 726 1232 ἔθνη
762 1160 1027 1216 ὲλπιοῦσι.
1071 1180 1089 1213 ι
1129 1161 1311 1232 Μέχρι
1346 1160 1455 1232 γὰρ
1488 1161 1589 1225 τῆς
1620 1161 1713 1214 τοῦ
1752 1161 1884 1229 Χρι-

313 1255 434 1308 στοῦ
474 1255 781 1323 γεννήσεως
818 1248 964 1323 εἶχον
996 1253 1045 1306 οἱ
1080 1253 1324 1306 Ἰουδαῖοι
1364 1253 1459 1307 καὶ
1498 1252 1735 1321 βασιλεῖς
1775 1250 1883 1303 ἀπὸ

308 1345 400 1397 τοῦ
431 1346 615 1411 γένους
642 1343 822 1398 αὐτῶν
850 1344 944 1398 καὶ
989 1343 1287 1414 ἀρχιερεῖς.
1317 1344 1676 1410 Γεννηθέντος
1703 1343 1760 1396 δὲ
1787 1341 1881 1395 τοῦ

305 1434 561 1507 Χριστοῦ,
604 1434 825 1503 ἐλειψαν
867 1437 962 1488 καὶ
1009 1437 1287 1505 ἀρχιερεῖς
1328 1437 1424 1488 καὶ
1466 1433 1728 1505 βασιλεῖς.
1774 1434 1883 1488 Καὶ

305 1524 508 1578 τούτων
540 1523 840 1591 γινομένων
873 1524 1005 1575 ποτὲ
1041 1524 1142 1593 μὲν
1172 1520 1440 1593 ὠργίζετο
1473 1523 1503 1574 ὁ
1534 1521 1666 1584 Θεὸς
1698 1521 1884 1586 αὐτοῖς

307 1615 393 1669 διὰ
418 1616 518 1677 τὰς
546 1615 821 1686 ἁμαρτίας
848 1615 1053 1682 αὐτῶν,
1077 1615 1373 1685 ἐξαιρέτως
1403 1615 1461 1669 δὲ
1493 1615 1579 1669 διὰ
1604 1614 1701 1678 τὰς
1734 1613 1887 1668 εἰδω-

307 1707 623 1777 λολατρείας
654 1707 857 1779 αὐτῶν,
886 1706 953 1771 ἃς
984 1707 1404 1777 εἰδωλολάτρουν
1427 1723 1441 1737 ’
1472 1707 1601 1760 ποτὲ
1630 1706 1687 1760 δὲ
1721 1706 1886 1759 πάλιν

308 1797 599 1851 συνεπάθει
628 1797 852 1860 αὐτούς.
885 1788 1005 1867 ’Δφ’
1029 1792 1091 1852 οῦ
1120 1799 1176 1852 δὲ
1207 1799 1515 1869 ἐτόλμησαν
1542 1800 1603 1851 τὸ
1627 1797 1884 1867 τόλμημα

307 1890 481 1941 ἐκεῖνο
503 1890 561 1941 τὸ
593 1888 735 1956 μέγα
763 1888 858 1941 καὶ
886 1863 1139 1958 φοϐερὸν,
1166 1863 1351 1941 ἔκτοτε
1379 1863 1883 1959 ἐγκατελείφθησαν
1916 1863 1957 1920 Β

310 1981 459 2048 παρὰ
494 1978 586 2031 τοῦ
621 1977 792 2045 Θεοῦ,
831 1980 925 2032 καὶ
960 1978 1340 2049 παρεδόθησαν
1375 1983 1455 2042 εἰς
1489 1978 1886 2049 ἀσυμπάθητον

310 2069 507 2138 ὀργὴν,
556 2070 650 2120 καὶ
698 2068 1074 2140 διεσπάρησαν
1125 2070 1206 2132 είς
1254 2071 1321 2124 τὰ
1375 2069 1523 2141 ἔθνη.
1580 2072 1771 2125 Καίτοι
1822 2087 1886 2139 γε

317 2159 790 2229 προσεκαρτέρησε
811 2160 924 2232 ,μὲν
950 2161 977 2211 ὁ
1002 2159 1135 2224 Θεὸς
1166 2159 1327 2229 μέχρι
1356 2161 1550 2230 καιροῦ
1581 2161 1890 2232 φιλάνθρω-

312 2266 408 2311 πος
446 2247 555 2314 ὢν,
592 2254 688 2318 τὴν
722 2250 947 2303 ἐκείνων
978 2252 1318 2321 ἐπιστροφήν
1352 2268 1409 2303 τε
1455 2253 1550 2305 καλ⁵
1597 2253 1888 2321 μετάνοιαν

310 2340 661 2409 ἐκδεχόμενος
688 2354 701 2367 ·
752 2340 867 2392 ἀλλ’
895 2340 972 2403 ὡς
1021 2339 1215 2395 ἀνίατα
1266 2340 1557 2404 νοσοῦντας
1611 2342 1887 2412 ἀπέκοψεν

310 2429 506 2490 αὐτοῦς
535 2428 628 2480 ἀπ’
650 2427 815 2481 αὐτοῦ
839 2469 856 2493 ,
887 2428 961 2492 ὡς
988 2430 1036 2481 οἱ
1069 2429 1349 2499 προφῆται
1380 2429 1600 2497 λέγουσι
1633 2438 1762 2502 περὶ
1792 2433 1890 2486 αὐ-

308 2518 439 2572 τῶν.
475 2519 625 2571 Ἐπεὶ
656 2516 787 2587 γοῦν
812 2518 1329 2590 εἰδωλολατροῦντες
1360 2518 1528 2593 ἦσαν,
1560 2524 1652 2577 καὶ
1684 2539 1891 2594 παρορ-

309 2608 551 2676 γίζοντες
580 2609 669 2661 τὸν
698 2610 865 2674 Θεὸν,
898 2611 1187 2680 παρεδίδου
1219 2612 1319 2680 μὲν
1346 2614 1546 2676 αὐτοὺς
1578 2616 1658 2676 εἰς
1687 2615 1890 2684 αἰχμα-

308 2700 511 2753 λωσίαν
551 2701 648 2754 καὶ
694 2699 1010 2764 παιδεύσεις
1040 2701 1131 2755 διὰ
1162 2702 1230 2755 τὰ
1262 2704 1409 2757 κακὰ
1437 2703 1638 2759 αὐτῶν.
1669 2704 1747 2757 Οὐ
1782 2704 1890 2774 μὴν

307 2791 368 2845 δὲ
398 2791 492 2844 καὶ
520 2793 878 2861 ἐγκατέλιπεν
908 2795 1130 2860 αὐτοὺς,
1160 2793 1296 2847 ἀλλὰ
1329 2794 1493 2866 μέχρι
1527 2794 1718 2867 καιροῦ
1745 2814 1890 2861 τινος

310 2884 685 2956 εὖαριθμήτου
729 2885 1083 2955 παρετείνετο
1123 2887 1157 2955 ή
1196 2884 1291 2938 τοῦ
1335 2886 1471 2938 Θεοῦ
1514 2887 1652 2959 πρὸς
1693 2889 1890 2951 αὐτοὺς

312 2977 476 3048 ὀργή.
522 2978 689 3032 Πάλιν
732 2978 789 3031 δὲ
834 2978 1221 3047 ἀπελάμϐανον
1265 2981 1361 3031 καὶ
1406 2980 1772 3049 συμπάθειαν,
1813 2980 1889 3045 ὡς

314 3070 550 3139 εἴρηται,
592 3069 686 3122 καὶ
730 3071 829 3139 τὴν
870 3070 1140 3141 πρότερον
1182 3069 1544 3139 εὐδαιμονίαν.
1591 3072 1754 3125 Ἀλλὰ
1796 3075 1890 3127 καὶ

1982 602 2102 673 ipse
2139 606 2481 675 exspectatio
2510 606 2757 677 gentium
2783 607 2825 663 ⁸.
2860 626 2878 659 ι
2917 608 3121 664 Verum
3158 618 3216 664 et
3256 610 3410 666 Isaia:
3441 629 3564 668 ora-

1980 695 2167 751 culum
2217 695 2458 753 dicens:
2523 714 2544 749 ι
2607 699 2874 770 Exsurget
2921 699 3078 755 radix
3123 700 3311 767 Jessae,
3356 712 3411 758 et
3466 705 3563 773 qui

1980 792 2235 854 exsurget
2266 785 2333 839 ad
2364 785 2748 856 imperandum
2790 789 3070 859 gentibus,
3106 791 3161 845 in
3192 790 3347 846 illum
3374 804 3568 862 gentes

1982 875 2285 944 sperabunt
2314 878 2356 928 ⁵.
2396 896 2417 930 ι
2475 877 2611 932 Nam
2643 894 2816 948 usque
2847 881 2915 935 ad
2960 880 3171 937 Christi
3220 884 3564 940 nativitatem

1981 966 2155 1021 Judaei
2191 975 2247 1023 ct
2283 983 2443 1040 reges
2480 978 2535 1024 et
2586 969 2873 1039 pontifices
2915 971 2982 1028 de
3013 987 3109 1027 sua
3141 982 3308 1045 gente
3352 975 3563 1031 habue-

1983 1068 2149 1114 runt:
2177 1060 2281 1115 hoc
2304 1069 2485 1117 autem
2516 1070 2666 1127 nato,
2691 1072 2748 1118 et
2766 1078 2926 1134 reges
2951 1071 3007 1119 et
3033 1066 3321 1134 pontiﬁces
3352 1068 3570 1123 defece-'-

1985 1158 2134 1205 runt.
2170 1151 2378 1207 Interea
2412 1167 2542 1207 vero
2576 1154 3007 1223 temporisnnnc
3037 1157 3259 1227 quidem
3290 1159 3566 1215 Densillis

1984 1241 2328 1297 irascebatur
2368 1254 2597 1314 propter
2636 1254 2862 1313 peccata
2904 1245 3174 1315 ipsorum,
3203 1248 3567 1304 idololatrian:

1983 1329 2041 1384 in
2067 1330 2282 1400 primis,
2333 1333 2492 1403 cujus
2542 1334 2939 1389 studiosissimi
2984 1345 3182 1403 erant;
3215 1354 3367 1393 nunc
3427 1355 3566 1395 vero

1984 1423 2304 1477 corumdem
2360 1424 2731 1480 miserabatur
2791 1426 2975 1481 denuo
3019 1443 3033 1482 :
3091 1432 3382 1499 postquam
3434 1447 3568 1488 vero

1985 1513 2198 1569 facinus
2224 1506 2360 1570 illud
2395 1531 2647 1588 magnum
2679 1526 2733 1571 et
2771 1517 3112 1574 horrendum
3157 1530 3376 1591 patrare
3435 1534 3569 1579 sunt

1985 1607 2128 1673 ausi,
2155 1615 2287 1661 tunc
2314 1621 2342 1660 a
2376 1605 2489 1662 Deo
2542 1607 2748 1663 deserti
2781 1607 2836 1663 in
2874 1603 3011 1663 iram
3050 1610 3569 1670 irreconciliabilem

1988 1698 2324 1760 inciderunt,
2349 1705 2406 1753 et
2439 1698 2496 1752 in
2527 1708 2720 1770 gentes
2744 1698 2980 1771 dispersi
3015 1711 3163 1758 sunt.
3194 1703 3260 1758 Ει
3289 1719 3419 1760 sane
3447 1719 3570 1761 sus:

1988 1790 2155 1847 tinuit
2180 1790 2302 1846 illos
2340 1792 2485 1847 Deus
2535 1791 2603 1847 ad
2643 1800 2882 1863 tempus,
2916 1793 3219 1850 humanum
3255 1798 3411 1865 quasi
3455 1799 3566 1852 mi-

1988 1893 2211 1955 temque
2242 1898 2302 1939 se
2362 1881 2472 1939 illis
2528 1885 2820 1948 exhibens,
2869 1902 2994 1941 cum
3044 1888 3307 1943 nimirum
3367 1890 3569 1960 resipi-

1986 1975 2253 2029 scentiam
2295 1973 2515 2028 illorum
2546 1983 2601 2029 et
2636 1975 3018 2044 paenitentiam
3051 1989 3431 2049 exspectaret;
3470 1981 3568 2038 sed

1988 2065 2285 2120 incurabili
2321 2065 2516 2121 morbo
2551 2066 2870 2123 laborantes
2918 2069 3174 2134 abscidit,
3202 2072 3564 2142 quemadmo-

1986 2157 2116 2212 dum
2136 2158 2419 2228 prophetm
2437 2157 2505 2214 de
2529 2158 2665 2228 ipsis
2699 2161 2979 2216 vaticinati
3001 2161 3389 2219 fuerant.Cum
3419 2167 3569 2221 enim

1989 2247 2150 2305 i.lolis
2184 2248 2479 2314 servirent,
2512 2257 2568 2304 et
2604 2248 2776 2305 Deum
2807 2251 3115 2315 irritarent,
3153 2253 3302 2321 ipsos
3343 2257 3569 2326 quidem

1989 2339 2045 2395 in
2091 2340 2468 2411 captivitatem
2500 2335 2559 2398 ei
2604 2359 2795 2413 pcenas
2828 2354 3058 2414 propter
3104 2347 3316 2403 scelera
3348 2349 3571 2404 illorum

1990 2433 2237 2498 tradidit,
2295 2449 2409 2488 non
2462 2442 2644 2489 tamen
2677 2436 2908 2490 omnino
2958 2436 3311 2508 dereliquit:
3365 2440 3459 2495 sed
3515 2440 3572 2495 in

1991 2532 2208 2593 tempus
2226 2524 2452 2593 aliquod
2476 2540 2585 2579 non
2610 2525 2750 2580 adeo
2776 2525 3128 2593 immensum,
3147 2543 3249 2582 nec
3269 2528 3573 2601 inﬁnitum,

1990 2614 2179 2669 divina
2207 2616 2262 2667 in
2295 2613 2420 2668 illos
2446 2614 2524 2669 ira
2563 2614 3001 2681 extendebatur;
3039 2631 3150 2685 quo
3190 2626 3484 2681 transacto,
3516 2627 3579 2673 ut

1990 2705 2200 2761 dictum
2238 2712 2345 2770 est,
2402 2713 2459 2761 et
2503 2705 2652 2761 illius
2705 2706 3144 2763 misericordiam
3194 2716 3250 2763 et
3288 2708 3576 2779 pristinam

1992 2796 2312 2854 felicitatem
2381 2797 2807 2868 recuperabant.
2874 2797 3265 2854 Verumtamen
3328 2816 3431 2857 nec
3518 2801 3574 2856 in

1994 2899 2241 2959 tempore
2269 2889 2602 2959 captivitatis
2627 2889 2845 2943 illorum
2873 2904 3115 2959 unquam
3147 2891 3447 2946 defuerunt
3469 2890 3578 2946 illis

1991 2980 2298 3051 propheta,
2334 2980 2401 3034 ad
2445 2980 2877 3036 consolationem
2916 2981 3136 3038 illorum
3169 2991 3226 3036 et
3264 2982 3463 3036 animae
3494 2997 3580 3037 sa-

1991 3072 2161 3126 lutem
2186 3087 2215 3125 a
2256 3072 2368 3127 Deo
2413 3071 2550 3126 dati.
2580 3070 2963 3126 Prmdicebant
3000 3073 3146 3126 enim
3192 3083 3248 3127 et
3292 3082 3576 3128 venturam

314 3161 405 3214 τὸν
434 3161 623 3231 καιρὸν
651 3162 749 3228 τῆς
784 3164 1010 3214 ἐκείνων
1044 3162 1423 3233 αἰχμαλωσίας
1456 3164 1712 3217 οὐδέποτε
1746 3165 1886 3218 ἔλει-

1997 3160 2093 3215 Dci
2142 3161 2197 3214 in
2235 3161 2357 3216 illos
2411 3161 2574 3227 iram,
2609 3170 2667 3215 et
2711 3169 2930 3230 tempus
2976 3161 3072 3216 ira;
3117 3161 3428 3226 definitum,
3463 3171 3578 3217 tum

314 3252 423 3322 ψαν
466 3253 560 3307 ἀπ’
590 3253 768 3309 αὐτῶν
816 3253 1097 3323 προφῆται
1142 3256 1223 3318 εἰς
1274 3256 1615 3332 παρηγορίαν
1660 3258 1888 3311 ἐκείνων

317 3345 696 3416 εὑρισκόμενοι
736 3345 832 3400 καὶ
877 3345 1145 3413 ὠφέλειαν
1167 3344 1424 3417 ψυχικήν.
1459 3347 1756 3418 Προέλεγον
1778 3349 1887 3418 γὰρ

318 3440 410 3491 καὶ
449 3439 545 3507 τὴν
590 3438 726 3507 πρὸς
771 3437 969 3500 αὐτοὺς
1014 3438 1107 3491 τοῦ
1161 3439 1296 3492 Θεοῦ
1349 3440 1653 3510 ἐρχομένην
1694 3440 1885 3511 ὀργὴν,

316 3527 451 3583 ἀλλὰ
477 3530 568 3583 καὶ
590 3530 714 3592 τοὺς
740 3528 965 3598 χρόνους
987 3528 1086 3599 τῆς
1108 3528 1298 3599 ὀργῆς,
1323 3529 1419 3584 xei.
1435 3529 1534 3601 τὴν
1559 3531 1698 3599 μετὰ
1717 3530 1891 3588 ταῦτα

317 3620 684 3689 γενησομένην
719 3618 1087 3689 συμπάθειαν,
1119 3620 1211 3672 καὶ
1243 3620 1342 3691 τὴν
1374 3621 1454 3683 εἰς
1485 3621 1584 3692 τὴν
1613 3622 1886 3689 Ἰερουσα-

318 3710 429 3780 λὴμ
478 3712 757 3765 ἐπάνοδον.
806 3711 1130 3765 Διεὸίὸασαν
1181 3711 1288 3781 γὰρ
1340 3715 1420 3774 είς
1469 3712 1565 3782 τὴν
1613 3714 1888 3781 Αἴγυπτον

318 3802 538 3871 χρόνους
575 3802 980 3872 τετρακοσίους,
1024 3802 1140 3855 ἀλλ’
1163 3804 1342 3856 ἐκεῖσε
1383 3802 1751 3874 ἐγεννήθησαν
1792 3806 1887 3858 καὶ

319 3894 717 3964 ἀνετράφησαν.
748 3894 903 3948 Μετὰ
928 3894 987 3947 δὲ
1012 3893 1073 3947 τὸ
1100 3893 1274 3961 ἐλθεῖν
1298 3894 1492 3958 αὐτοὺς
1520 3896 1600 3959 είς
1627 3895 1694 3950 τὰ
1724 3894 1887 3968 Ἰερο-

320 3986 546 4055 σόλυμα,
584 3985 677 4038 καὶ
712 3984 895 4039 κτίσαι
927 3985 1017 4039 τὸν
1050 3985 1198 4050 ναὸν,
1233 3986 1659 4056 ᾐχμαλώτευσεν
1692 3988 1890 4053 αὐτοὺς

321 4077 568 4145 βασιλεὺς
603 4075 714 4128 τῶν
751 4075 1109 4129 Βαϐυλωνίων
1148 4076 1621 4145 Ναϐουχοδονόσορ
1660 4078 1891 4148 χρόνους

321 4168 691 4237 ἑϐδομήκοντα
708 4183 722 4198 ο
752 4166 846 4220 καὶ
873 4168 1014 4236 μετὰ
1037 4166 1208 4221 ταῦτα
1236 4168 1505 4238 Ἀντίοχος
1529 4170 1557 4221 ό
1585 4167 1889 4239 Ἐπιφανὴς

320 4260 541 4329 χρόνους
579 4258 672 4311 δύο
715 4259 807 4311 καὶ
848 4258 1042 4327 ἣμισυ,
1087 4259 1182 4311 καὶ
1224 4259 1383 4311 πλέον
1422 4259 1497 4311 οὑ·
1528 4261 1810 4331 παρετάθη
1853 4262 1886 4332 ή

322 4353 453 4420 πρὸς
487 4351 683 4413 αὐτοὺς
716 4350 811 4404 τοῦ
844 4350 980 4404 Θεοῦ
1015 4349 1174 4420 ὀργή.
1210 4352 1401 4405 Καίτοι
1438 4368 1501 4418 γε
1535 4352 1627 4405 ἐπὶ
1664 4353 1764 4422 μὲν
1794 4352 1888 4406 τοῦ

319 4443 557 4506 Μωσέως
590 4441 790 4495 ἔθυσαν
819 4444 910 4496 τὸν
943 4443 1146 4513 μόσχον
1174 4444 1232 4496 ὲν
1262 4444 1326 4512 τῇ
1361 4444 1584 4513 ἐρήμῳ,
1615 4443 1712 4496 καὶ
1750 4445 1892 4514 μετὰ

318 4534 488 4587 ταῦτα
514 4533 669 4587 ἔθυον
692 4535 804 4595 τοῖς
832 4533 1070 4597 εἰδώλοις
1090 4549 1107 4565 ο
1135 4535 1195 4587 οὐ
1227 4534 1385 4605 μόνον
1409 4534 1466 4586 δὲ
1495 4533 1651 4588 ἔθυον
1677 4535 1895 4606 θύματα
1925 4515 1970 4572 Ῑ)

321 4624 472 4688 ζώων
492 4666 507 4687 ,
537 4625 673 4680 ἀλλὰ
698 4625 796 4680 καὶ
818 4629 889 4680 τὰ
913 4626 1078 4680 τέκνα
1106 4626 1286 4681 αὐτῶν
1315 4625 1470 4679 ἔθυον
1496 4628 1610 4690 τοῖς
1638 4627 1897 4697 δαίμοσι,

1996 3255 2165 3309 etiam
2205 3252 2301 3306 Dei
2354 3261 2478 3322 post
2519 3251 2625 3305 hoc
2657 3261 2972 3306 secuturam
3009 3253 3575 3320 commiserationem,

2000 3358 2056 3403 et
2095 3347 2341 3402 futurum
2390 3346 2449 3401 in
2484 3345 2923 3417 Hierosolymam
2956 3344 3214 3399 reditum.
3253 3345 3312 3400 In
3338 3344 3578 3416 [Egypto

2000 3442 2148 3496 enim
2218 3448 2605 3509 transegcrunt
2661 3454 2833 3493 annos
2889 3437 3349 3509 quadringentos,
3380 3453 3579 3496 verum

2000 3530 2206 3585 ibidem
2236 3539 2293 3585 et
2345 3528 2693 3599 multiplicati
2734 3539 2790 3584 et
2822 3528 3052 3584 enutriti
3095 3537 3247 3584 sunt.
3276 3529 3571 3598 Postquam

2000 3635 2135 3677 vero
2186 3621 2559 3675 ascenderunt
2628 3617 3103 3690 Hierosolymam,
3181 3628 3237 3675 et
3309 3621 3574 3690 templum

1999 3714 2432 3773 exstruxerunt,
2464 3708 2521 3764 in
2554 3709 2927 3779 captivitatem
2972 3707 3183 3778 redegit
3217 3722 3313 3763 eos
3344 3707 3571 3778 Babylo-

2001 3807 2219 3860 niorum
2241 3819 2337 3859 rex
2356 3802 2868 3857 Nabuchodonosor
2885 3802 3041 3855 annis
3058 3802 3421 3873 septuaginta.
3449 3800 3576 3856 Post

2002 3898 2119 3952 htec
2135 3897 2293 3953 annis
2309 3894 2526 3949 duobus
2544 3901 2597 3949 et
2616 3894 2784 3950 semis
2800 3892 3102 3947 Antiochus
3123 3892 3213 3945 ille
3239 3906 3572 3961 cognomen-

2005 3998 2059 4045 to
2076 3989 2335 4053 Illustris,
2363 4003 2464 4042 nec
2496 3987 2639 4041 ultra
2665 3984 2880 4054 longius
2907 3983 3088 4037 divina
3116 3984 3168 4035 in
3201 3982 3322 4038 illos
3344 3983 3421 4036 ira
3452 3999 3578 4052 pur-

2002 4090 2152 4136 recta
2185 4088 2290 4135 est.
2318 4078 2433 4132 lmo
2461 4092 2587 4132 cum
2626 4088 2871 4144 tempore
2897 4073 3062 4128 Musis
3092 4073 3145 4126 in
3181 4074 3401 4128 deserto
3427 4072 3574 4126 exsi-

2001 4182 2211 4230 stentes
2225 4171 2397 4226 vitulo
2409 4169 2857 4231 sacriﬁcarent,et
2875 4175 2999 4237 post
3018 4167 3131 4220 haec
3145 4166 3305 4220 idolis
3317 4165 3508 4219 ollcrrc
3521 4175 3579 4218 nt

2002 4262 2279 4325 victimas,
2321 4276 2426 4316 nec
2473 4258 2860 4313 tantummodo
2905 4257 3225 4311 animalium
3283 4256 3580 4322 sacrificia,

2005 4355 2100 4410 sed
2131 4352 2385 4424 proprios
2424 4351 2631 4406 liberos
2671 4363 2889 4418 quoque
2938 4346 3280 4402 daemonibus
3326 4346 3580 4400 immola-

2001 4455 2146 4506 rent,
2191 4454 2246 4499 et
2283 4443 2677 4514 prophetarum
2732 4440 2976 4495 caedibus
3037 4437 3577 4498 contaminarentur,

1999 4552 2344 4608 nequaquam
2375 4545 2556 4590 tamen
2588 4533 2772 4587 adhuc
2816 4532 2911 4586 Dei
2949 4531 3088 4585 iram
3138 4529 3584 4583 irreconciliabi-

1998 4630 2104 4684 lem
2156 4626 2371 4697 experti
2421 4634 2570 4680 sunt.
2608 4622 2654 4678 Α
2704 4622 2918 4697 Domini
2972 4636 3105 4675 vero
3153 4620 3410 4690 passione
3450 4619 3580 4675 anni

322 4724 412 4771 xei.
439 4719 564 4782 τοὺς
596 4720 883 4790 προφήτας
918 4718 1242 4772 ἀπέκτεινον
1264 4758 1280 4784 ,
1316 4728 1409 4775 καὶ
1440 4720 1610 4791 ὀργὴν
1640 4721 1891 4791 ιίισυμπὸι⁴

1994 4721 2103 4791 jam
2136 4719 2285 4774 mille
2329 4716 2558 4772 trecenti
2597 4725 2651 4771 ct
2687 4715 2975 4784 sexaginta
3011 4712 3087 4785 (l)
3129 4713 3297 4781 elapsi
3339 4721 3491 4778 sunt,
3519 4721 3577 4766 et

323 4808 479 4880 θητον
508 4809 569 4861 οὐ
599 4809 956 4863 πεπόνθασιν.
992 4808 1125 4863 Ἀπὸ
1151 4809 1209 4861 δὲ
1238 4809 1336 4879 τῆς
1366 4809 1460 4862 τοῦ
1493 4810 1700 4880 Κυρίου
1731 4828 1897 4863 σταυ-

325 4900 541 4967 ρώσεὼς
570 4902 679 4954 εἱσι
711 4901 893 4971 χρόνοι
922 4901 1084 4971 χίλιοι
1114 4902 1421 4971 τριακόσιοι
1449 4900 1735 4973 ἑξήκοντα.
1767 4902 1901 4956 Καί-

321 5011 400 5047 τοι
430 5011 516 5062 γε,
548 4994 623 5058 ὡς
649 4994 791 5065 τάχα
824 4994 1068 5062 λέγουσι,
1102 4994 1439 5064 φυλάσσουσι
1467 4997 1557 5049 τὸν
1587 4995 1768 5066 νόμον,
1801 4998 1896 5050 καὶ

321 5089 469 5141 οὐδὲν
504 5088 989 5159 εἰδωλολάτρησαν,
1027 5088 1163 5141 ἀλλὰ
1200 5089 1361 5158 μόνον
1397 5088 1485 5142 διὰ
1519 5088 1616 5159 τὴν
1649 5091 1726 5152 εἰς
1762 5090 1898 5159 Χρι-

324 5185 443 5236 στὸν
491 5183 745 5237 ἀσέϐειαν
794 5184 975 5237 αὐτῶν
1024 5184 1529 5254 ἐγκατελείφθησαν
1576 5182 1774 5249 οὕτως,
1824 5185 1900 5248 ὡς

321 5276 420 5345 ἐρᾷ
446 5278 473 5327 ὀ
501 5276 705 5345 κόσμος
731 5277 872 5340 ὅλος.
896 5277 1018 5329 Ὅτι
1050 5278 1147 5343 μὲν
1173 5280 1282 5348 γὰρ
1311 5277 1398 5329 διὰ
1425 5276 1581 5329 τοῦτο
1606 5275 1901 5347 διεσπάρη-

324 5386 441 5429 sev,
490 5369 576 5422 ἵνα
621 5372 871 5437 παίγνιον
915 5370 1010 5423 καὶ
1059 5370 1375 5437 κατάγελως
1420 5369 1686 5437 γένωνται
1736 5369 1898 5422 παντὶ

318 5462 395 5528 τῷ
431 5463 618 5531 κόσμῳ
670 5462 833 5514 παντί
870 5478 970 5514 που
1003 5460 1161 5530 δῆλον
1186 5477 1197 5489 ·
1235 5462 1317 5515 ὅτι
1352 5460 1410 5514 δὲ
1451 5459 1573 5512 οὐδὲ
1607 5459 1895 5530 προφήτης

320 5549 470 5604 εἶπεν
508 5553 686 5616 αὐτοῖς
728 5553 887 5618 λόγον
922 5553 1289 5624 παρηγορίας,
1330 5552 1447 5605 ἀλλ’
1473 5551 1592 5605 οὐδὲ
1635 5550 1898 5620 ἐλάλησεν

390 5690 575 5744 "Gcn.
608 5704 756 5754 χιιι,
807 5689 893 5744 ιο.
970 5688 1117 5741 'lsa.
1166 5703 1241 5756 ιι,
1286 5689 1335 5743 l.

392 5813 459 5883 (ί,
495 5811 628 5863 Nota
666 5815 878 5878 tempus
907 5824 1017 5876 quo
1054 5798 1194 5863 liber
1219 5806 1309 5861 hic
1345 5803 1689 5873 conscriptus
1719 5810 1821 5858 est.
1912 5790 1915 5797 ’

2006 4825 2190 4869 tamen
2246 4815 2328 4881 (ut
2372 4800 2641 4866 nimirum
2683 4810 2788 4880 ipsi
2838 4807 3133 4877 aﬂirmant)
3169 4807 3344 4873 legem
3387 4814 3575 4864 casto?

2000 4907 2262 4967 diunt,et
2305 4904 2374 4958 ab
2415 4902 2563 4956 omni
2603 4899 2908 4955 idololatria
2953 4897 3271 4959 abstinent;
3322 4895 3420 4951 sed
3445 4911 3580 4966 pro-

2001 5010 2125 5069 pter
2152 5013 2319 5051 nnum
2346 4997 2474 5058 hoc,
2507 4993 2653 5064 quod
2689 4994 2744 5047 in
2777 4991 3058 5046 Christum
3086 4999 3459 5045 exercuerunt
3481 4989 3582 5042 im-

2006 5089 2313 5157 piissimum
2338 5085 2573 5149 facinus,
2605 5083 2808 5138 deserti
2849 5091 2906 5136 et
2960 5084 3130 5135 totius
3168 5080 3358 5133 mundi
3391 5094 3578 5133 exem-

2004 5181 2158 5251 plum
2187 5178 2313 5233 facti
2344 5185 2496 5232 sunt.
2532 5174 2689 5241 Quod
2716 5174 2862 5227 enim
2893 5173 2994 5227 bac
3035 5171 3103 5227 de
3146 5186 3310 5226 causa
3344 5169 3580 5240 dispersi

2004 5276 2138 5339 sint,
2168 5282 2227 5328 ut
2260 5271 2431 5327 totius
2479 5269 2671 5323 mundi
2701 5266 2948 5321 ludibrio
2996 5274 3051 5321 ct
3083 5265 3215 5320 risui
3242 5279 3585 5334 exponeren-

2004 5377 2117 5435 tur,
2154 5364 2461 5421 clarissime
2485 5362 2572 5416 vel
2600 5377 2662 5416 ex
2689 5360 2795 5415 hoc
2828 5367 2997 5429 patet,
3034 5357 3182 5429 quod
3208 5371 3237 5410 a
3260 5357 3416 5411 nullo
3445 5372 3578 5426 pro-

2001 5460 2291 5529 phetarum
2331 5459 2539 5513 interea
2574 5455 2841 5525 temporis
2887 5452 3323 5509 consolationem
3352 5463 3582 5517 accepe-

2004 5560 2159 5619 runt,
2209 5566 2311 5607 nec
2340 5549 2543 5620 aliquis
2597 5549 2993 5618 prophetarum
3028 5545 3171 5600 inter
3205 5542 3329 5600 illos
3362 5539 3582 5597 locutus
