4090 6460
480 400 579 469 391

1654 400 1973 464 JOANNIS
2012 398 2540 463 CANTACUZENI

3628 386 3734 471 392

473 525 559 571 est
593 523 715 584 post
734 512 1003 568 Joannem
1041 510 1325 565 Zachariae
1365 510 1561 565 ﬁlium.
1589 509 1726 565 Cum
1756 512 1905 566 enim
1933 512 2042 581 jam

2150 514 2231 575 εἰς
2263 513 2461 574 αὐτοὺς
2496 511 2785 583 προφήτης
2824 513 2962 581 μετά
2994 511 3084 565 τὸν
3118 513 3375 584 Ἰωάννην
3407 512 3501 566 τοῦ
3538 512 3732 584 Ζαχα-

474 608 792 662 advenisset
845 605 892 659 is
938 607 1029 674 qui
1074 619 1175 674 per
1226 604 1527 675 prophetas
1578 605 1873 674 pnedictus
1923 614 2043 658 erat

477 699 755 766 (Christus
788 696 1076 767 nimirum)
1117 709 1344 749 necesse
1370 705 1489 748 erat
1535 694 1879 763 prophetiam
1905 692 2040 747 abo~

475 791 602 854 leri,
638 792 842 858 partim
876 788 1101 857 quidem
1153 786 1299 855 quod
1327 786 1603 851 Christus,
1657 795 1718 840 ut
1752 786 1918 840 modo
1969 786 2044 840 di.

475 893 623 935 ctum
655 892 761 942 est,
797 881 1066 943 venisset,
1101 879 1301 948 partim
1336 878 1479 946 quod
1519 878 1691 931 Judaei
1758 877 1859 932 hac
1899 878 2045 931 indi-

476 976 561 1045 gni
591 984 799 1039 essent,
828 982 883 1025 et
906 971 1132 1025 omnino
1165 969 1478 1029 deserendi,
1499 985 1563 1022 eo
1591 970 1734 1037 quod
1762 967 2044 1023 Christum

474 1064 958 1133 contempsissent,
985 1069 1042 1115 et
1069 1062 1123 1115 in
1145 1076 1270 1114 eum
1296 1060 1478 1114 omnia
1510 1074 1632 1128 quae
1657 1060 1796 1112 facta
1825 1067 1950 1113 sunt
1977 1059 2045 1113 ab

476 1161 609 1229 ipsis
642 1159 1042 1226 patravissent;
1085 1164 1399 1223 propterea,
1450 1156 1697 1228 inquam,
1733 1154 1891 1207 malis
1947 1152 2046 1206 ob-

468 1254 596 1324 jecti
641 1259 770 1306 sunt
814 1248 1241 1303 inenrabilibns.
1284 1248 1403 1301 Non
1448 1247 1597 1301 enim
1632 1246 1841 1300 nudum
1876 1245 2047 1300 homi-

472 1358 596 1399 nem
647 1343 1060 1404 crucilixerunt,
1120 1340 1213 1394 sed
1279 1339 1447 1392 Deum
1499 1349 1555 1392 et
1599 1338 1910 1403 hominem;
1949 1353 2048 1392 nec

476 1445 655 1487 tamen
689 1432 954 1486 divinitas
995 1446 1151 1501 passa
1193 1441 1295 1496 est,
1328 1430 1423 1484 sed
1453 1430 1639 1484 homo.
1676 1429 1757 1484 En
1796 1430 1966 1499 igitur
1994 1438 2049 1483 et

473 1526 584 1589 illa,
618 1539 739 1593 qua:
764 1540 832 1578 ex
880 1524 1029 1579 Sara:
1074 1524 1265 1578 libera:
1306 1523 1443 1589 ﬁlio,
1480 1521 1632 1579 Isaac
1668 1537 1885 1593 nempe,
1922 1537 2050 1592 pro-

474 1616 653 1685 genita
689 1625 771 1669 cst
799 1614 1094 1684 posteritas
1127 1612 1392 1668 derelicta
1414 1622 1520 1677 est,
1549 1621 1604 1667 et
1633 1612 1804 1668 lsaaci
1837 1627 2045 1676 semen,

474 1718 737 1776 quantum
795 1705 1015 1761 Iudaeos
1064 1704 1279 1768 attinet,
1319 1705 1371 1758 in
1402 1704 1713 1774 perditione
1742 1704 2047 1759 desertum.

474 1800 590 1864 Qua
644 1799 808 1869 igitur
842 1798 1058 1852 ratione
1090 1798 1233 1852 Deus
1288 1798 1646 1852 Hebraeorum
1693 1805 1907 1866 gentem
1950 1811 2049 1866 pro

2150 605 2265 671 ρίου
2308 603 2442 663 υἱὸν,
2486 604 2645 656 τοῦτο
2686 604 2864 672 δῆλον.
2905 602 3183 667 meam;
3226 606 3334 673 γὰρ
3373 604 3469 658 τοῦ
3517 620 3736 673 προφη-

2144 696 2459 764 τευομένου,
2493 697 2548 757 ὃς
2577 697 2727 747 ἐστιν
2758 696 2786 747 6
2817 694 3072 763 Χριστὸς,
3104 697 3422 766 ἐξανάγκης
3452 698 3484 766 ἡ
3517 713 3732 766 προφη-

2145 787 2263 838 τεία
2289 787 2522 857 ήργησε,
2546 788 2606 838 τὸ
2635 788 2733 855 μὲν
2757 787 2839 839 ὅτι
2864 782 3027 858 ἢλθεν
3052 789 3079 839 6
3106 788 3365 858 Χριστὸς,
3392 788 3463 851 ὡς
3492 788 3731 858 εἴρηται,

2146 878 2209 929 το
2250 877 2307 929 δὲ
2359 878 2434 940 ὼς
2482 877 2691 943 ἀνάξιοι
2739 877 2889 940 ὄντες
2938 879 3033 930 καὶ
3077 878 3637 948 ἐγκαταλελειμμένα
3681 882 3729 932 oi

2158 967 2421 1021 Ἰουδαῖοι.
2458 969 2550 1021 Διό
2591 971 2867 1038 ἠθέτησαν
2900 970 2991 1021 τὸν
3027 969 3297 1038 Χριστὸν,
3335 972 3428 1023 καὶ
3468 971 3731 1040 ἐποίησαν

2150 1063 2236 1114 ἐπ’
2260 1063 2406 1133 αὐτῷ
2446 1064 2543 1116 ὃσα
2584 1064 2679 1116 καὶ
2720 1064 3023 1134 ἐποίησαν,
3061 1064 3203 1117 κατὰ
3237 1064 3391 1117 τοῦτο
3429 1066 3630 1117 ἔπαθον
3663 1065 3733 1116 τὰ

2148 1156 2425 1224 ἀνήκεστα
2467 1156 2635 1209 κακά.
2677 1157 2750 1207 Οὐ
2795 1156 2901 1225 γὰρ
2943 1156 3096 1223 ψιλὸν
3134 1155 3419 1223 ἄνθρωπον
3456 1156 3733 1225 ἐσταύρω-

2152 1263 2272 1311 σαν,
2296 1246 2435 1299 ἀλλὰ
2457 1246 2588 1299 Θεὸν
2610 1248 2703 1300 καὶ
2731 1247 3032 1317 ἄνθρωπον.
3066 1248 3171 1299 Καὶ⁵
3196 1249 3255 1300 οὐ
3285 1248 3473 1317 θεότης
3502 1250 3723 1313 ἔπαθεν,

2150 1338 2265 1392 ἀλλ’
2292 1340 2319 1390 6
2348 1339 2653 1408 ἄνθρωπος.
2697 1337 2826 1391 ’ἰδοὺ
2864 1337 2994 1405 γοῦν
3029 1337 3123 1391 καὶ
3159 1339 3267 1391 ἀπὸ
3298 1339 3395 1407 τῆς
3431 1339 3727 1409 ἐλευθέρας

2150 1433 2366 1503 Σὰῥρας
2399 1431 2515 1484 υίοῢ
2547 1432 2639 1484 τοῦ
2679 1432 2883 1495 Ἰσαὰκ,
2915 1433 3040 1485 ὅσον
3069 1432 3128 1484 τὸ
3158 1433 3266 1486 ἀπὸ
3297 1435 3403 1485 τῶν
3438 1432 3727 1495 Ἰουδαίων,

2150 1525 2511 1594 ἐναπελείφθη
2553 1525 3119 1595 ἐγκαταλελειμμένον
3157 1528 3252 1578 καὶ
3294 1529 3350 1577 ἐν
3390 1526 3633 1596 ἀπωλείᾳ
3669 1528 3730 1580 τὸ

2149 1615 2245 1673 τοῦ
2280 1617 2465 1669 Ἰσαὰκ
2507 1616 2751 1685 σπέρμα.
2794 1616 2918 1680 Πῶς
2963 1617 3071 1686 γάρ
3113 1617 3304 1686 ἔμελλε
3349 1618 3663 1686 λογίπεσθαι
3703 1621 3732 1672 ό

2151 1708 2283 1771 Θεὸς
2310 1709 2369 1760 τὸ
2398 1708 2553 1775 γένος
2580 1708 2690 1760 τῶν
2720 1708 2990 1776 Ἐϐραίων
3020 1710 3099 1773 εἰς
3129 1709 3353 1778 σπέρμα
3384 1710 3478 1767 τοῦ
3514 1712 3726 1774 Ἰσαὰκ,

2153 1798 2274 1849 ἐπεὶ
2305 1800 2563 1852 ἀπέκειτο
2598 1802 2783 1862 αὐτοῖς
2803 1839 2816 1862 ,
2851 1801 2938 1853 ἵνα
2968 1802 3000 1870 ἡ
3036 1802 3430 1873 ἀσυμπάθητος
3463 1802 3603 1873 ὀργὴ
3634 1802 3728 1855 τοῦ

472 1891 640 1945 lsaaci
692 1891 898 1945 semine
954 1898 1074 1944 erat
1128 1890 1457 1951 habiturus:
1483 1905 1609 1945 cum
1676 1892 1785 1959 jam
1827 1890 1894 1943 de
1942 1889 2045 1942 illis

2152 1888 2283 1941 Θεοῦ
2320 1891 2602 1961 καταλάϐῃ
2639 1892 2870 1957 αὑτούςς
2912 1894 3035 1955 Πῶς
3068 1894 3123 1945 δὲ
3160 1893 3381 1963 ἔμελλον
3412 1896 3730 1964 λογισθῆναι

472 1983 834 2038 constitutum
886 1993 1053 2048 esset,
1099 1991 1158 2036 ut
1190 1982 1244 2035 in
1296 1981 1395 2037 Dei
1450 1982 1587 2036 iram
1643 1981 2043 2053 implacabilem

474 2074 822 2139 inciderent?
853 2075 1140 2140 Quomodo
1177 2075 1305 2128 item
1335 2089 1447 2145 pro
1471 2074 1707 2128 Abraha:
1735 2074 1858 2130 ﬁliis
1889 2085 2046 2129 erant

472 2166 787 2235 reputandi,
830 2182 970 2235 quos
998 2166 1168 2220 David
1204 2175 1332 2219 ante
1387 2163 1717 2235 praavidens,
1748 2164 1815 2219 de
1849 2165 2044 2219 iisdem

474 2258 799 2312 \aticinatus
847 2258 1138 2312 Dominum
1190 2258 1543 2327 alloquitur:
1590 2276 1608 2308 ε
1669 2256 2047 2313 Obseurentur

470 2350 613 2403 oculi
637 2350 908 2417 ipsorum,
936 2358 992 2404 et
1014 2348 1241 2404 dorsum
1269 2349 1487 2402 illorum
1509 2362 1723 2415 semper
1748 2348 1973 2402 incurva
1991 2346 2050 2402 αἲ

472 2441 527 2494 ld
557 2449 661 2505 est,
694 2455 806 2493 non
841 2440 1063 2493 recedat
1098 2439 1169 2493 ab
1198 2440 1306 2495 illis
1350 2439 1636 2493 servitutis
1684 2438 1876 2509 jugum
1916 2453 2045 2507 per-

471 2538 671 2600 petuac.
709 2529 824 2584 lloc
858 2529 1004 2584 enim
1038 2529 1144 2584 sibi
1190 2530 1327 2594 vult,
1353 2528 1501 2597 quod
1538 2543 1636 2584 eos
1680 2529 2047 2584 incurvandos

468 2636 590 2676 esse
629 2637 657 2674 a
711 2621 822 2675 Deo
857 2623 1124 2691 praecipit.
1170 2621 1359 2690 Neque
1395 2620 1545 2675 enim
1595 2620 1713 2675 hzrc
1759 2629 1845 2675 est
1891 2636 2047 2673 exsc-

468 2711 659 2767 crandi
715 2712 973 2780 formula,
1029 2714 1124 2768 sed
1181 2713 1485 2783 prephetia‘:
1538 2713 1871 2766 enuntiatio.
1927 2713 2044 2779 Qua

469 2807 708 2877 denique
747 2809 961 2863 ratione
990 2822 1087 2863 eos
1125 2807 1292 2862 lsaaci
1330 2822 1518 2862 semen
1541 2818 1597 2862 et
1626 2807 1861 2862 Abrahae
1908 2809 2047 2862 ﬁlios

471 2899 617 2953 Dens
662 2898 1013 2967 judicaturus
1056 2907 1198 2964 crat,
1241 2912 1480 2967 quorum
1531 2897 1946 2950 subversionem
1991 2905 2046 2950 et

467 2991 741 3046 excidium
777 2990 1028 3060 praedixit
1056 2990 1325 3061 praplieta
1358 2987 1593 3043 Daniel?
1622 3002 1888 3055 nusquam
1914 3002 2043 3042 vero

473 3080 687 3135 reditus
723 3080 945 3135 illorum
978 3089 1034 3133 et
1083 3078 1454 3133 revocationis
1490 3078 1575 3143 (ut
1624 3077 1678 3128 in
1718 3075 1840 3130 aliis
1883 3077 2043 3144 solet)

2149 1979 2432 2033 τέκνατοῦ
2462 1979 2732 2052 Ἀϐραὰμ,
2758 1982 2848 2045 οὓς
2879 1982 3113 2052 προϊδὼν
3135 1986 3161 2036 6
3184 1986 3346 2036 Δαϐὶδ
3370 1985 3731 2055 προφητεύων

2150 2074 2236 2124 ἐπ’
2260 2074 2452 2135 αὐτοὺς
2476 2114 2490 2137 ,
2527 2074 2677 2137 ἔλεγε
2718 2075 2850 2139 πρὸς
2885 2075 2975 2127 τὸν
3008 2075 3139 2127 Θεὸν
3161 2116 3175 2141 ,
3220 2093 3239 2127 ι
3278 2076 3729 2145 Σκοτισθητωσα)

2149 2166 2201 2216 ot
2243 2164 2509 2233 ὀφθαλμοὶ
2549 2166 2728 2217 αὐτῶν
2761 2165 2854 2218 τοῦ
2898 2166 2971 2235 μὴ
3014 2167 3267 2235 βὶέπειν,
3305 2169 3399 2220 καὶ
3436 2169 3526 2221 τὸν
3560 2170 3728 2221 νῶτον

2149 2255 2326 2309 αὐτῶν
2355 2257 2439 2308 δια
2454 2262 2641 2318 παντῦς
2693 2257 3049 2327 σύγκαμψον,
3085 2277 3102 2309 ι
3136 2259 3380 2313 τουτέστι
3412 2260 3487 2330 μὴ
3519 2263 3721 2328 ἀποστῇ

2150 2347 2243 2397 ἀπ’
2266 2346 2444 2398 αὐτῶν
2468 2348 2493 2397 6
2520 2346 2681 2413 ζυγὸς
2704 2348 2802 2415 τῆς
2829 2347 3110 2416 διηνεκοῦς
3134 2349 3399 2412 δουλείας.
3427 2351 3598 2405 Τοῦτο
3622 2353 3727 2423 γὰρ

2150 2435 2299 2505 δηλοῖ
2324 2437 2383 2487 τὸ
2418 2453 2435 2486 ι
2468 2436 2758 2497 διαπαντὸς
2788 2437 3129 2506 σύγκαμψον.
3165 2457 3179 2487 ι
3209 2442 3321 2492 Οὔκ
3350 2440 3462 2493 ἔστι
3490 2441 3543 2494 δὲ
3569 2440 3728 2494 τοῦτο

2152 2527 2395 2595 κατάρας
2431 2523 2602 2589 εἶδος,
2642 2527 2777 2579 ἀλλά
2812 2531 3145 2597 προφητείας
3180 2529 3423 2593 ἔκϐασις.
3463 2532 3585 2593 Πῶς
3615 2533 3726 2600 γὰρ

2151 2615 2339 2685 ἔμελλε
2368 2615 2678 2683 λογίσεσθαι
2706 2616 2906 2679 αὐτοὺς
2931 2620 2956 2668 6
2981 2617 3112 2682 Θεὸς
3141 2620 3361 2687 σπέρμα
3386 2621 3477 2672 τοῦ
3519 2622 3722 2683 Ἰσαὰκ,

2151 2706 2245 2759 καὶ
2273 2705 2441 2759 τέκνα
2470 2703 2563 2758 τοῦ
2583 2704 2836 2775 Ἀϐραὰμ
2856 2747 2870 2771 ,
2899 2706 3027 2775 περὶ
3057 2701 3132 2760 ὧν
3160 2708 3356 2777 Δανιὴλ
3385 2711 3412 2761 6
3441 2711 3724 2780 προφήτης

2150 2797 2248 2865 τὴν
2284 2796 2382 2865 μὲν
2416 2796 2804 2866 καταστροφὴν
2838 2796 3017 2849 αὐτῶν
3049 2800 3142 2850 καὶ
3179 2799 3455 2852 ἀπώλειαν
3487 2800 3719 2868 ἐδήλωσε

2152 2887 2248 2940 καὶ
2278 2889 2540 2956 προεῖπε,
2575 2886 2677 2957 τὴν
2703 2887 2759 2939 δὲ
2792 2889 3047 2941 ἐπάνοδον
3074 2890 3168 2942 καὶ
3200 2891 3494 2960 ἀνάκλησιν
3521 2890 3594 2953 ὡς
3626 2892 3721 2945 καὶ

2149 2979 2205 3030 ἐν
2244 2978 2422 3040 ἄλλοις
2456 2979 2515 3030 οὐ
2552 2981 2849 3061 προεῖπεν,
2886 2978 3021 3032 ἀλλά
3057 2980 3400 3046 τούναντίονς
3441 2981 3580 3051 μετά
3611 2982 3722 3053 γὰρ

2147 3066 2207 3118 τὸ
2238 3066 2413 3118 εἰπεῖν
2444 3066 2537 3118 καὶ
2570 3065 2983 3135 ἐκτραγῳδῆσαι
3041 3067 3107 3118 τὰ
3141 3068 3219 3128 είς
3252 3068 3448 3130 αὐτοὺς
3495 3072 3724 3140 γενησόο

470 3173 743 3237 meminit,
791 3170 886 3225 sed
934 3169 1213 3225 diversum
1254 3170 1415 3239 lange
1463 3168 1688 3223 indicat.
1745 3167 2038 3238 Postquam

2150 3172 2286 3225 μενα
2313 3152 2458 3206 κακὰ
2479 3194 2494 3217 ,
2525 3154 2647 3205 τότε
2678 3156 2954 3222 ἐπήγαγεν
2974 3191 2988 3217 ,
3029 3172 3047 3204 ι
3077 3153 3221 3217 Ἕως
3255 3156 3564 3218 συντελείας
3593 3157 3725 3210 αἰώ-

466 3262 613 3315 cnim
654 3262 859 3333 tragico
886 3270 943 3317 et
969 3262 1260 3332 magniﬁco
1287 3260 1507 3315 dicendi
1536 3274 1739 3331 genere
1775 3271 2038 3314 eventura

467 3355 603 3425 ipsis
639 3357 779 3408 mala
814 3352 1421 3423 cxposuissct,tandem
1451 3352 1771 3423 subiungit:
1804 3371 1821 3403 ι
1858 3351 2040 3421 Usque

469 3447 525 3500 in
556 3445 1088 3501 consummationem
1126 3444 1451 3498 saeculorum
1492 3444 1609 3498 hare
1644 3458 1740 3497 eos
1767 3443 2040 3497 detinebit

467 3538 711 3591 servitus
754 3537 795 3590 7.
851 3555 870 3588 ι
936 3538 1137 3592 Verum
1203 3537 1259 3590 in
1313 3534 1630 3607 Evangeliis
1682 3550 1903 3604 quoque
1962 3533 2041 3588 sic

467 3631 729 3699 scriptqu
782 3638 889 3690 est,
933 3628 1078 3697 quod
1122 3626 1327 3683 Judmis
1373 3626 1661 3696 magniﬁce
1724 3638 1863 3698 sese.
1909 3638 2039 3693 erga

466 3721 746 3777 Christum
776 3719 1185 3781 extollentibus,
1235 3718 1494 3780 dicendo,
1547 3735 1567 3768 ι
1615 3718 1831 3772 Patrem
1871 3716 2044 3770 habe—

467 3828 594 3867 mus
651 3812 945 3875 Abraham,
983 3830 1002 3862 ι
1032 3810 1191 3863 dixit.
1228 3811 1425 3865 Jesus:
1466 3828 1483 3860 ι
1526 3809 1604 3865 Ne
1647 3809 1842 3863 dicatis
1899 3808 2039 3862 intra

467 3920 563 3958 vos
614 3904 780 3973 ipsos.
816 3901 1030 3956 Patrem
1064 3901 1331 3955 habemus
1371 3901 1668 3955 Abraham.
1718 3899 1848 3953 Dico
1893 3901 2039 3951 enim

468 3992 950 4047 vobiszl’ossibiie
990 4003 1073 4046 est
1106 3992 1237 4055 Deo,
1268 3992 1433 4045 etiam
1481 4007 1547 4045 ex
1585 3991 1856 4062 lapidibus
1895 3990 2042 4043 hisce

466 4084 737 4139 Abraham
768 4082 910 4138 ﬁlios
952 4083 1220 4137 suscitare
1245 4080 1289 4135 ⁸.
1328 4102 1346 4133 ι
1394 4081 1533 4147 Quid
1564 4092 1747 4135 autem
1783 4082 1896 4135 haec
1934 4079 2039 4134 sibi

469 4176 616 4231 aliud
678 4178 992 4242 voluerunt,
1043 4190 1205 4245 quam
1241 4177 1287 4229 si
1340 4174 1610 4230 dixisset:
1659 4173 1927 4240 Quoniam
1983 4173 2038 4226 in

468 4269 627 4322 vobis
651 4268 784 4339 ipsis
830 4268 959 4322 boni
985 4267 1124 4321 nihil
1167 4275 1272 4333 est,
1308 4282 1498 4322 verum
1530 4268 1582 4320 in
1625 4266 1729 4321 hoc
1759 4266 1873 4320 solo
1907 4280 2040 4320 con-

468 4360 552 4415 ﬁsi
595 4361 893 4431 splendidis
915 4361 1096 4415 verbis
1133 4360 1478 4426 extollimini,
1515 4356 1660 4428 quod
1688 4372 1783 4411 vos
1812 4355 2041 4410 Abrahae

398 4458 403 4461 ’
468 4454 608 4507 ﬁlios
645 4454 828 4509 dicere
859 4455 1109 4522 potestis,
1147 4453 1269 4509 dico
1300 4451 1477 4514 vobis,
1515 4452 1659 4520 quod
1698 4449 1868 4519 possit
1898 4449 2039 4503 Deus

2147 3263 2250 3298 νων
2285 3245 2501 3311 καθέξει
2537 3246 2731 3307 αὐτοὺς
2765 3245 2797 3313 ἡ
2832 3244 3042 3297 δουλεία
3076 3245 3236 3315 αὕτη.
3282 3266 3301 3298 ι
3344 3246 3503 3301 Ἀλλᾶ
3540 3251 3633 3302 καὶ
3666 3251 3725 3302 ἐν

2143 3340 2254 3399 τοῖς
2284 3338 2639 3404 Εὑαγγελίοις
2668 3337 2810 3390 οὕτω
2840 3339 3173 3407 γέγραπται,
3206 3330 3287 3390 ὅτι
3318 3339 3587 3404 λεγόντων
3617 3342 3720 3394 τῶν

2155 3429 2426 3482 Ἰουδαίων
2459 3427 2568 3481 καὶ·
2595 3428 3083 3505 μεγαλαυχούντων
3104 3430 3238 3499 πρὸς
3262 3429 3353 3481 τὸν
3370 3432 3414 3481 X
3422 3431 3624 3499 ριστὸν,
3649 3433 3721 3495 ὡς

2148 3538 2167 3572 ι
2210 3521 2430 3586 Πατέρα
2461 3520 2663 3590 ἔχομεν
2691 3521 2783 3572 τὸν
2819 3521 3093 3590 Ἀϐραὰμ,
3120 3540 3138 3571 ι
3175 3520 3324 3589 λέγει
3359 3523 3493 3589 πρὸς
3529 3522 3722 3585 αὐτοὺς

2141 3615 2169 3666 6
2200 3611 2484 3679 Ἰωάννης,
2520 3626 2540 3661 ι
2577 3610 2667 3681 Μὴ
2696 3611 2880 3678 λέγετε
2912 3612 2969 3663 ὲν
2997 3613 3209 3673 ἑαυτοῖς
3230 3651 3246 3676 ,
3278 3612 3497 3681 Πατέρα
3525 3614 3719 3684 ἔχομεν

2142 3701 2232 3753 τὸν
2263 3700 2536 3771 Ἁϐραάμ.
2564 3702 2722 3767 Λέγω
2748 3701 2851 3772 γὰρ
2879 3701 3029 3769 ὑμῖν,
3067 3701 3289 3755 δύναται
3314 3705 3341 3754 6
3365 3703 3496 3766 Θεὸς
3527 3707 3587 3756 ἐκ
3612 3706 3720 3758 τῶν

2143 3794 2305 3847 λίθων
2335 3793 2545 3846 τούτων
2591 3794 2799 3861 ἐγεῖραι
2829 3792 2990 3844 τέκνα
3018 3792 3096 3860 τῷ
3114 3792 3385 3862 Ἀϐραάμ.
3423 3813 3441 3844 ι
3472 3795 3537 3847 Τί
3564 3797 3720 3847 τοῦτο

2143 3883 2428 3955 δηλοῦντος
2453 3881 2548 3934 τοῦ
2573 3881 2732 3947 λόγου
2751 3919 2766 3943 ,
2791 3882 2873 3936 ὅτι
2905 3882 3057 3935 Ἐπεὶ
3084 3885 3111 3935 ὑ
3122 3887 3240 3952 ξ.ῖεῖς
3266 3884 3359 3951 ἀφ’
3381 3885 3593 3937 ἑαυτῶν
3619 3890 3717 3940 οὐκ

2145 3976 2295 4045 (Xa-gs
2316 3973 2545 4041 ἀγαθὸν,
2591 3972 2705 4025 ἀλλ’
2732 3975 2791 4026 ἐν
2826 3973 3005 4043 τούτῳ
3043 3975 3135 4028 καὶ
3180 3978 3326 4046 μόνῳ
3366 3975 3715 4048 θαρροῦντες.

2146 4064 2698 4137 μεγαλορῤημονεῖτε,
2728 4064 2786 4117 τὸ
2811 4064 3062 4132 λέγεσθαι
3093 4068 3234 4135 ὑμᾶς
3261 4068 3409 4131 eleb;
3443 4068 3716 4138 Ἀϐραὰμ,

2144 4161 2244 4227 ἔφη
2275 4160 2487 4223 αὐτοῖς,
2518 4156 2599 4209 ὅτι
2629 4156 2859 4229 δύναταί
2878 4158 2906 4209 6
2935 4157 3067 4220 θεὸς
3096 4159 3158 4209 ἐκ
3186 4158 3294 4210 τῶν
3323 4159 3488 4212 λίθων
3515 4160 3719 4214 τούτων

2143 4252 2356 4320 ἐγεῖραι
2397 4250 2564 4301 τέκνα
2619 4248 2695 4317 τῷ
2721 4248 2995 4318 Ἀϐραάμ.
3029 4250 3148 4302 Ὅτι
3193 4250 3291 4319 μὲν
3330 4251 3438 4320 γὰρ
3478 4253 3571 4303 καὶ
3612 4253 3719 4304 ἀπὸ

2144 4343 2251 4397 τῶν
2284 4341 2505 4411 ἀψύχων
2536 4341 2700 4395 λίθων
2733 4342 2957 4396 δύναται
3000 4345 3026 4394 6
3066 4341 3199 4403 Θεὸς
3242 4343 3465 4413 ποιῆσαι
3502 4345 3716 4414 ἀνθρώ-

2146 4452 2316 4497 πους,
2354 4432 2640 4503 πρόδηλον.
2678 4435 2736 4486 '0
2771 4435 2880 4502 γὰρ
2917 4435 3145 4503 ποιήσας
3181 4434 3293 4485 ἀπο
3325 4434 3417 4486 τοῦ
3457 4433 3532 4505 μὴ
3565 4435 3718 4498 ὖντος

467 4547 629 4600 etiam
660 4562 725 4600 ex
760 4546 1037 4616 lapidibus
1078 4546 1199 4599 istis
1226 4545 1327 4614 ipsi
1368 4544 1685 4597 Abrahamo
1722 4542 1862 4596 ﬁlios
1889 4542 2037 4596 exci-

2147 4526 2234 4579 τὸν
2267 4525 2553 4594 ἄνθρωπον
2588 4524 2807 4577 δύναται
2849 4526 3058 4592 ἐγεῖραι
3101 4524 3195 4575 καὶ
3234 4525 3342 4577 ἀπὸ
3374 4526 3472 4593 τῆς
3508 4525 3715 4595 ἀψύχου

471 4648 607 4693 tare.
659 4637 814 4703 Quod
865 4644 1049 4691 autem
1080 4652 1147 4690 ex
1206 4634 1484 4704 lapidibus
1524 4632 1841 4687 inanimatis
1872 4632 2044 4703 possit

466 4733 611 4787 Deus
642 4730 894 4784 homines
924 4729 1189 4792 lormarc,
1226 4727 1577 4780 manifestum
1612 4735 1730 4789 est;
1770 4725 1864 4793 qui
1896 4724 2041 4777 enim

468 4827 538 4880 de
568 4824 741 4879 nihilo
780 4823 988 4877 creavit
1026 4821 1331 4881 hominem,
1363 4818 1615 4872 eumdem
1647 4830 1713 4869 ex
1748 4814 2043 4868 inanimata

472 4898 699 4970 materia
745 4927 932 4968 creare
965 4919 1167 4981 potest.
1218 4910 1609 4982 Verumtamen
1658 4906 1775 4961 haec
1822 4920 1932 4959 non
1975 4905 2043 4959 de

473 5007 771 5077 lapidibus,
799 5003 890 5058 sed
934 5000 1187 5071 gentibus
1218 4999 1377 5063 dixit,
1408 5013 1529 5065 qua:
1561 4997 1726 5051 corda
1761 4997 2040 5051 habebant

432 5100 605 5170 ‘ipsis
671 5094 947 5164 lapidibus
1012 5090 1184 5161 magis
1252 5098 1518 5143 excaecata
1575 5105 1588 5141 :
1654 5102 1775 5158 quae
1850 5098 2038 5158 postea

466 5190 747 5247 Christum
772 5185 1157 5246 adoravertmt,
1197 5180 1251 5233 in
1285 5179 1539 5234 eumdem
1574 5179 1947 5244 crediderunt,
1989 5190 2043 5234 et

464 5280 617 5346 juxta
671 5273 1092 5344 promissionem
1148 5285 1250 5339 pro
1320 5270 1553 5323 Abrahae
1612 5269 1737 5323 ﬁliis
1795 5270 2036 5338 reputati

470 5378 620 5424 sunt.
657 5364 873 5419 Judaeos
909 5364 1055 5418 enim
1101 5376 1206 5415 non
1247 5362 1411 5415 modo
1459 5363 1559 5414 hac
1589 5361 1757 5430 gloria
1801 5362 2035 5431 privavit

469 5458 745 5519 Christus,
800 5464 859 5508 et
918 5469 950 5508 a
1007 5469 1207 5524 genere
1254 5454 1489 5509 Abrahae
1539 5436 1796 5517 exi-lusit,
1844 5468 2036 5507 verum

468 5550 633 5604 etiam
677 5542 878 5599 diaboli
906 5542 1045 5597 ﬁlios
1083 5545 1407 5609 nominavit,
1439 5545 1666 5599 dicens:
1704 5564 1723 5595 ι
1769 5545 1877 5598 Vos
1906 5543 2038 5597 faci-

478 5641 549 5697 tis
582 5652 749 5711 opera
792 5636 964 5707 patris
1009 5636 1198 5703 vestri,
1231 5637 1459 5692 diaboli.
1495 5636 1592 5692 llle
1636 5636 1911 5691 homicida
1956 5645 2040 5690 est

2143 4616 2297 4686 ὕλης.
2335 4614 2493 4669 ’Δλλά
2537 4617 2669 4679 Θεὸς
2714 4616 2813 4668 οὐκ
2856 4610 2976 4667 εἶπε
3024 4616 3149 4684 περὶ
3190 4616 3298 4669 τῶν
3343 4615 3537 4683 λίθων,
3580 4618 3717 4671 ἀλλὰ

2140 4710 2271 4777 περὶ
2297 4707 2406 4759 τῶν
2433 4707 2623 4772 ἐθνῶν,
2650 4707 2759 4759 τῶν
2788 4705 3018 4774 ἐχόντων
3048 4704 3272 4772 καρδίας
3304 4709 3716 4779 πεπωρωμένας

2142 4800 2398 4853 ἐπέκεινα
2428 4798 2537 4850 τῶν
2570 4797 2732 4851 λίθων
2753 4838 2766 4862 ,
2805 4797 2958 4849 ἆτινα
2998 4794 3127 4862 ἔθνη
3172 4798 3589 4869 προσεκύνησαν
3622 4800 3715 4851 sitv

2140 4890 2399 4964 Χριστὸν,
2430 4892 2524 4943 καὶ
2554 4892 2880 4943 ἐπίστευσαν
2910 4891 2987 4951 είς
3017 4888 3200 4954 αὑτδν,
3233 4890 3328 4942 καὶ
3357 4890 3715 4962 ἐλογίσθησαν

2140 4987 2259 5040 κατ’
2284 4984 2615 5054 ἐπαγγελίαν
2642 4984 2805 5036 τέκνα
2834 4980 2925 5033 τοῦ
2972 4982 3241 5052 ’Λϐραάμ.
3276 4984 3414 5047 Τοὺς
3443 4984 3550 5056 γὰρ
3584 4987 3715 5038 Ἰω·
3795 4996 3805 5004 ·

2140 5074 2322 5138 δαίους
2353 5076 2415 5127 οὐ
2449 5074 2606 5140 μόνον
2631 5072 2989 5138 ἀπεστέρησε,
3019 5075 3110 5124 καὶ
3140 5072 3391 5138 ἐξέϐαλεν
3418 5075 3446 5127 6
3477 5074 3713 5146 Χριστὶς

2140 5166 2236 5219 τοῦ
2267 5166 2576 5233 λογίζεοθαι
2605 5164 2802 5224 αὐτοὺς
2826 5163 2993 5217 τέκνα
3024 5164 3117 5216 τοῦ
3155 5165 3426 5234 ’Δϐραὰμ,
3456 5168 3590 5219 ἀλλὰ
3621 5169 3712 5221 καὶ

2144 5264 2294 5325 υἱοὺς
2342 5261 2588 5315 διαῖὀλου
2643 5258 2923 5328 ὠνόμασεν
2977 5260 3213 5324 αὐτοὺς,
3267 5260 3440 5325 οὕτως
3493 5265 3708 5316 εἰπών’

2151 5373 2169 5405 ι
2193 5356 2381 5426 Ὑμεῖς
2416 5354 2486 5407 τὰ
2536 5352 2672 5423 ἔργα
2702 5354 2902 5405 ποιεῖτε
2930 5352 3021 5404 τοῦ
3057 5353 3259 5422 πατρὸς
3288 5353 3441 5423 ὑμῶν
3469 5355 3562 5408 τοῦ
3592 5344 3711 5410 δια-

2146 5450 2323 5503 ϐόλου.
2374 5446 2611 5508 Ἐκεῖνος
2672 5444 3119 5515 ἀνθρωποκτόνος
3170 5444 3319 5497 ἐστὶν
3376 5446 3471 5498 ἀπ’
3499 5449 3708 5520 ἀρχῆς,

2147 5542 2239 5593 καὶ
2273 5542 2331 5592 ἐν
2350 5543 2414 5611 τῇ
2452 5538 2678 5610 ἀληθείᾳ
2710 5538 2808 5609 οὐχ
2841 5537 3186 5607 ἓστηκεν,ὃτι
3218 5536 3458 5608 ψεῦστης
3492 5541 3653 5594 ἐστίν.
3688 5562 3707 5592 ι

2148 5632 2252 5695 Οὒς
2278 5634 2335 5685 δὲ
2360 5633 2387 5686 6
2411 5633 2641 5701 Χριστὸς
2666 5632 2814 5692 υίοὶις
2837 5627 3082 5684 διαϐόλου
3109 5627 3389 5701 ὠνόμασε,
3414 5629 3529 5695 πῶς
3556 5632 3712 5687 δύνα-

554 5822 576 5854 ⁶
609 5819 757 5880 Psal.
799 5832 990 5888 vatu,
1035 5819 1126 5876 Ἃ.
1202 5823 1223 5855 ⁷
1250 5821 1387 5876 Dan.
1443 5837 1517 5887 ix,
1573 5820 1662 5875 97.
1738 5820 1759 5852 '
1797 5816 1986 5872 Matth.
2023 5818 2172 5881 nt,9.
