4090 6460
367 376 472 454 393

1323 379 1622 440 CONTRA
1665 378 2155 442 MAIIOMETEM
2197 377 2580 443 APOLOGIA
2623 377 2674 437 Ι.

3547 367 3655 464 394
3683 461 3686 464 .

373 518 466 556 ται
501 493 823 565 λογίσασθαι
857 494 885 548 6
916 491 1048 556 Θεὸς
1083 491 1234 554 υίοῦς
1270 490 1525 562 Ἀϐραὰμ
1547 531 1563 556 ,
1602 490 1698 546 καὶ
1735 491 1960 560 σπέρμα

2092 491 2138 547 ιι)
2179 492 2362 557 initio,
2397 499 2452 546 et
2491 492 2546 544 in
2577 489 2813 545 veritate
2843 502 2953 543 non
2981 486 3154 554 stetit,
3185 485 3448 558 quoniam
3499 461 3661 558 mea;

393 584 612 653 Ἰσαάκ;
645 585 742 649 Τίς
774 585 886 654 γὰρ
920 583 1125 654 μετοχὴ
1157 580 1388 651 διαϐόλῳ
1421 583 1514 636 καὶ
1542 584 1659 644 τοῖς
1688 580 1781 636 τοῦ
1817 580 1955 634 Θεοῦ

379 682 607 744 δούλοις,
638 677 913 749 Ἀϐραὰμ,
943 676 1131 730 Ἰσαὰκ
1175 675 1271 730 καὶ
1301 673 1528 752 ’Ῑακὼϐ;
1557 674 1773 728 Μᾶλλον
1796 673 1852 727 δὲ
1877 673 1961 738 τίς

378 771 632 828 κοινωνία
658 769 776 841 Θεῷ
806 769 900 823 καὶ
925 767 1200 840 διαϐόλῳ;

455 1024 497 1090 δ’
503 1077 516 1091 .
543 1033 656 1088 Καὶ
686 1018 794 1086 ἰδοὺ
823 1028 964 1084 κατά
988 1027 1088 1096 τήν
1113 1013 1294 1099 κρίσιν
1320 1026 1416 1081 καὶ
1442 1008 1539 1096 τήν
1567 1024 1750 1078 πίστιν
1775 1021 1882 1077 τῶν
1906 1024 1966 1076 τε

397 1115 665 1183 Ἰουδαίων
698 1125 809 1176 τῶν
843 1139 902 1176 τε
939 1119 1384 1184 Μουσουλμάνων
1419 1117 1778 1186 έναπέμεινεν
1811 1117 1839 1168 6
1871 1111 1968 1168 τοῦ

384 1220 517 1274 Θ-οῦ
542 1217 699 1287 λόγος
727 1215 956 1287 μάταιος
981 1212 1077 1267 καὶ
1099 1209 1321 1281 ψευδής.
1341 1208 1475 1262 Ἀπὸ
1499 1207 1608 1279 γὰρ
1633 1207 1728 1261 τοῦ
1744 1205 1971 1276 ἰσμαὴλ

385 1311 537 1364 οὐδὲν
575 1305 883 1378 προσῆλθον
923 1304 993 1358 τά
1035 1301 1165 1374 ἔθνη
1205 1300 1284 1372 τῷ
1324 1299 1465 1370 Θεῷ,
1507 1299 1615 1352 ἀπὸ
1654 1298 1749 1352 τοῦ
1785 1297 1972 1350 Ἰσαὰκ

386 1403 620 1474 tipatam.-
649 1396 793 1452 Ἀλλ’
818 1395 920 1449 οὐκ
961 1394 1078 1446 ἔστι
1109 1389 1303 1457 τοῦτο,
1337 1389 1439 1444 οὐκ
1479 1388 1652 1441 ἔστιν.
1687 1386 1822 1440 Οὐδὲ
1863 1384 1972 1453 γὰρ

386 1492 770 1547 διαπέπτωκεν
804 1489 832 1540 6
867 1486 960 1540 τοῦ
1004 1483 1137 1538 Θεοῦ
1182 1483 1362 1552 λόγος,
1401 1481 1516 1534 ἀλλ’
1545 1483 1603 1534 ἐν
1641 1478 1719 1550 τῷ
1752 1476 1972 1548 Χριστῷ

390 1583 470 1654 τῷ
509 1583 572 1636 ὲκ
615 1580 931 1650 σπέρματος
969 1565 1229 1648 Ἃϐραάμ
1271 1575 1367 1628 καὶ
1405 1574 1595 1627 ἰσαάκ
1641 1571 1738 1626 καὶ
1778 1569 1974 1624 Ἰακὼϐ

390 1653 538 1728 κάτά
582 1672 762 1742 σάρκα
807 1658 1178 1737 ἀνεφάνησαν,
1223 1653 1319 1717 καὶ
1368 1660 1838 1731 ἀπεκαλύφθήσαν
1881 1659 1978 1712 καὶ

391 1749 787 1833 ἐπληρώθησαν
831 1746 1002 1811 πᾶσαι
1043 1755 1100 1807 αί
1140 1752 1380 1824 όράσεις,
1432 1751 1604 1804 πᾶσαι
1652 1749 1708 1804 al
1760 1752 1980 1820 προφή-

392 1859 528 1910 τεῖαι
548 1894 564 1920 ,
597 1853 774 1906 πᾶσαι
804 1851 858 1904 αἱ
890 1845 1266 1916 ἀποκαλύψεις
1286 1883 1302 1908 ,
1337 1845 1392 1896 αί
1427 1837 1774 1896 δεικνύουσαι
1810 1841 1973 1892 αὑτὸν

286 1960 294 1964 ’
392 1947 546 2006 Θεὸν,
573 1945 627 1996 αί
655 1940 999 1996 δεικνύουσαι
1026 1937 1187 1991 αὐτὸν
1214 1936 1524 2006 ἄνθρωπον,
1553 1932 1738 1995 καθὼς
1763 1934 1792 1985 6
1819 1931 1977 2000 λόγος

393 2039 639 2103 ἀπέδειξε
671 2038 766 2091 καὶ
797 2033 1062 2106 ἐδήλωσε,
1119 2029 1216 2086 καὶ
1247 2029 1330 2083 έτι
1359 2025 1591 2100 δηλώσει
1620 2027 1977 2094 σαφέστερον.

407 2131 572 2186 Ἀλλά
607 2131 702 2183 καὶ
733 2128 913 2182 πάντα
944 2124 1015 2178 τὰ
1045 2124 1171 2194 ἔθνη
1209 2123 1266 2175 ἐν
1295 2115 1627 2192 τῷΧριστῷ
1659 2117 1852 2170 ἔλαϐον
1881 2116 1980 2187 τὴν

395 2222 649 2290 εὐλογίαν
676 2217 1046 2272 πιστεύσαντα
1074 2215 1154 2275 είς
1180 2210 1367 2266 αὐτόν.
1399 2207 1583 2262 Πάντα
1609 2205 1719 2277 γὰρ
1746 2204 1815 2259 τὰ
1846 2204 1976 2272 ἔθνη

395 2314 466 2368 τά
504 2313 766 2385 πρότερον
801 2303 1296 2375 εἰδωλολατροῦντα
1334 2299 1430 2355 νῦν
1469 2298 1646 2352 πάντα
1682 2298 1851 2348 πιστά
1888 2294 1981 2348 καὶ

397 2402 668 2475 ὁρθόδοξα,
695 2401 837 2469 πλήν
863 2406 1024 2452 τινων
1053 2393 1317 2468 μερικῶν,
1343 2388 1787 2458 Μουσουλμάνων
1812 2387 1979 2455 λέγω,

409 2489 677 2568 Ἐϐραίων
723 2495 820 2547 καὶ
872 2491 1098 2561 ἐτέρων,
1144 2487 1340 2548 οἵτινές
1386 2480 1523 2552 ὁμοῦ
1577 2481 1780 2542 πάντες
1828 2478 1982 2568 οῦδὲν

401 2562 722 2658 φαίνονται,
758 2579 1178 2650 συγκρινόμενοι
1216 2574 1355 2647 πρὸς
1389 2572 1456 2626 τὰ
1492 2571 1670 2642 πλήθη
1704 2569 1813 2622 τῶν
1847 2562 1982 2642 Χρι-

403 2681 631 2734 στιανῶν
651 2719 666 2746 ,
699 2679 823 2732 ὅσον
853 2674 1044 2734 ὕδατος
1080 2668 1217 2741 δράξ
1252 2667 1390 2739 πρὸς
1424 2665 1681 2734 πέλαγος.
1710 2664 1900 2749 Ὅμως
1932 2661 1983 2714 τί

401 2773 558 2827 τοῦτο
599 2771 735 2842 πρὸς
777 2769 876 2840 τὴν
917 2765 1200 2835 ἀλήθειαν,
1246 2763 1305 2814 εἰ·
1343 2759 1439 2812 καί
1477 2773 1622 2820 τινες
1672 2755 1803 2826 παρ’
1831 2755 1986 2808 οὐδὲν

403 2867 618 2937 θέμενοι
660 2862 899 2931 ταύτην,
948 2858 1172 2929 ἔμειναν
1221 2853 1543 2924 ἀδιόρθωτοι
1591 2851 1687 2905 καὶ
1726 2851 1983 2914 ἄπιστοις

415 2951 474 3010 '0
503 2959 598 3026 μὲν
622 2950 772 3028 ἥλιος
801 2952 978 3005 πάντα
1003 2949 1094 3003 τὸν
1120 2947 1257 3018 ἀέρα
1285 2945 1534 3016 φωτίζει,
1562 2945 1655 2998 καὶ
1679 2943 1862 2996 πᾶσαν
1889 2941 1987 3011 τὴν

403 3046 761 3116 οἰκουμένην,
795 3042 930 3095 ἀλλὰ
960 3039 1071 3093 τῶν
1101 3035 1525 3107 τυφλωττόντων
1559 3030 1853 3086 σκοτεινῶν
1887 3047 1984 3100 με·

406 3141 626 3204 νόντων,
669 3136 728 3188 οὐ
780 3131 934 3202 παρά
981 3129 1142 3183 τοῦτο
1194 3125 1588 3199 προστρίϐεται
1636 3123 1713 3194 τῷ
1767 3121 1903 3192 ήλίῳ
1953 3121 1985 3190 ὴ

409 3225 636 3297 μέμψις,
668 3221 804 3276 ἀλλά
836 3223 947 3282 τοῖς
975 3215 1406 3288 τυφλώττουσιν.
1439 3214 1596 3267 Οὕτω
1631 3231 1722 3282 μοι
1754 3213 1860 3265 νόει
1891 3229 1925 3265 κ

409 3321 538 3390 περὶ
560 3317 654 3371 τοῦ
683 3314 941 3386 Χριστοῦ,
964 3313 1044 3366 ὅτι
1068 3311 1128 3364 τὸ
1153 3310 1244 3364 τοῦ
1273 3308 1512 3379 Χριστοῦ
1542 3305 1875 3374 Εὑαγγέλιον
1899 3306 1991 3356 καὶ

410 3415 444 3482 ὴ
478 3407 829 3470 διδασκαλῖα,
865 3404 1066 3475 μᾶλλον
1095 3402 1152 3455 δὲ
1186 3401 1346 3463 αὐτὸς
1378 3401 1406 3452 6
1436 3397 1672 3470 Χριστὸς
1705 3396 1849 3466 ὑπὲρ
1886 3412 1989 3465 μυ-

412 3506 560 3574 ρίους
591 3500 776 3572 ἡλίους
807 3494 1093 3565 ἀνεδείχθη
1124 3491 1505 3562 λαμπρότερος
1538 3489 1633 3542 καὶ
1665 3489 1991 3557 φωτεινότε-

415 3571 525 3666 ρός.
558 3571 651 3657 Et;
687 3585 867 3654 πᾶσαν
895 3589 1005 3660 γὰρ
1037 3586 1138 3655 τὴν
1169 3585 1274 3655 γῆν
1305 3581 1530 3654 ἐξῆλθεν
1560 3582 1587 3635 6
1618 3579 1713 3634 τοῦ
1748 3580 1994 3649 Εὑαγγε-

412 3690 528 3741 λίου
565 3687 748 3755 λόγος,
786 3682 878 3737 καὶ
910 3682 960 3734 οι
1001 3677 1351 3738 πιστεύοντες
1397 3673 1686 3740 σώζονται,
1729 3675 1776 3726 οἱ
1818 3673 1874 3726 δὲ
1918 3673 1994 3743 μὴ

418 3779 763 3842 πιστεύοντες
818 3764 1174 3830 ἀπόλλυνται.
1214 3760 1356 3825 Ἀλλί
1379 3767 1439 3822 ού
1477 3767 1628 3837 παρά
1661 3764 1739 3836 τῷ
1773 3764 1994 3835 Χριστῷ

417 3876 450 3945 ή
484 3873 722 3944 μέμψις,
754 3869 894 3922 ἀλλά
927 3865 1081 3934 παρὰ
1109 3866 1223 3927 τοῖς
1253 3861 1539 3925 ἀπίστοις,
1571 3860 1684 3945 τοῖς
1714 3861 1997 3929 καταπρο-

415 3941 569 4021 δοῦσι
589 3941 688 4036 τὴν
719 3961 942 4015 ἑαυτῶν·
963 3957 1262 4029 σωτηρίαν.
1296 3953 1440 4009 Ἀλλ’
1467 3951 1575 4006 οὐδ’
1601 3941 1776 4014 οὕτως
1808 3951 1997 4013 ἁπλῶς

416 4060 634 4111 πάντων
675 4054 784 4108 τῶν
826 4049 1239 4104 πιστευσάντων
1283 4039 1433 4099 ἐστὶν
1477 4047 1511 4115 ή
1557 4043 1822 4113 σωτηρία,
1864 4041 1999 4094 ἀλλά

416 4149 522 4203 τῶν
557 4151 652 4201 σὺν
681 4148 748 4216 τῇ
782 4133 964 4197 πίστεὶ
999 4137 1342 4210 ποιησάντων
1375 4136 1510 4207 ἔργα
1543 4135 1817 4206 σωτηρίας
1852 4134 1996 4196 ἀξια.

430 4242 571 4296 Ἀλλ’
597 4239 994 4310 ἐπιστραφήτω
1085 4235 1236 4301 λόγος
1275 4229 1432 4302 ήμῶν
1464 4229 1672 4310 εἰςτὰς
1706 4227 1834 4296 περὶ
1869 4219 2002 4294 Χρι-

423 4331 547 4385 στοῦ
591 4330 904 4401 μαρτυρίας
948 4326 1040 4380 καὶ
1083 4323 1406 4388 ἀποδείξεις,
1448 4319 1646 4374 ἀλλ’ού
1693 4315 2001 4378 πάσαςυΕί

369 4440 376 4446 ’
419 4429 526 4496 γὰρ
553 4427 730 4485 πάσας
753 4426 850 4486 τὰς
877 4425 1005 4490 περὶ
1029 4419 1122 4472 τοῦ
1150 4413 1390 4487 Χριστοῦ
1417 4410 1874 4479 ἀποκαλύψεις-»τε
1905 4409 2000 4462 καὶ

1930 3179 2058 3262 αέε

2063 582 2170 637 dax
2197 591 2285 638 est
2311 585 2356 638 ’.
2381 602 2399 635 ι
2419 583 2569 649 Quos
2597 579 3049 637 autcmChristus
3077 576 3281 633 diaboli
3314 576 3456 635 ﬁlios
3477 580 3658 634 nomi-

2063 675 2232 740 navit,
2253 691 2383 728 num
2398 661 2543 730 Deus
2558 673 2789 728 Abrahae
2804 670 2942 726 ﬁlios
2954 680 3009 727 et
3022 669 3190 726 lsaaci
3207 685 3394 724 semen
3411 669 3662 740 judicare

2065 765 2286 837 potest?
2347 766 2651 832 Qua)?enim
2685 773 2770 820 est
2811 762 3128 819 communio
3169 747 3371 817 diaboli
3405 777 3528 817 cum
3564 761 3660 815 llei

2068 858 2246 913 servis
2272 857 2578 922 Abraham,
2604 857 2755 911 lsaac
2780 855 2834 912 et
2856 853 3100 931 Jacobo?
3132 854 3248 910 lmo
3272 842 3419 931 quod
3449 862 3534 910 est
3565 845 3663 909 Dei

2071 963 2196 1003 cum
2229 947 2449 1003 diabolo
2474 927 2902 1010 commercium?

2143 1040 2198 1094 4.
2229 1026 2309 1094 En
2341 1039 2529 1110 igitur,
2560 1039 2714 1109 juxta
2752 1034 3065 1094 Iudaeorum
3101 1038 3157 1094 et
3187 1037 3663 1094 Musulmanorum

2071 1135 2401 1188 sententiam
2449 1140 2504 1186 et
2535 1131 2734 1195 ﬁdem,
2783 1115 2878 1185 Dei
2903 1131 3132 1186 verbum
3185 1131 3402 1186 irritum
3438 1117 3666 1186 falsum-
3716 1176 3734 1197 ._

2073 1238 2185 1293 que
2223 1237 2347 1278 esse
2379 1221 2892 1292 deprehenderetur
2918 1208 3006 1291 (ah
3036 1220 3267 1277 lsmaele
3288 1210 3439 1277 enim
3471 1234 3665 1293 gentes
3708 1221 3734 1278 ’ἐ

2074 1329 2424 1383 nequaquam
2455 1313 2568 1368 Deo
2614 1323 2990 1380 accesserunt,
3019 1299 3277 1368 similiter
3307 1328 3407 1369 nec
3436 1299 3503 1368 ab
3525 1301 3665 1369 lsaa-

2075 1406 2212 1474 eo);
2254 1405 2350 1458 sed
2405 1419 2752 1475 nequaquam
2811 1403 2916 1458 hoc
2960 1413 3080 1470 est,
3139 1404 3387 1470 minime,
3418 1406 3662 1475 inquam.

2075 1495 2239 1550 Nullo
2274 1493 2441 1550 modo
2479 1495 2625 1550 enim
2655 1494 2751 1550 Dei
2781 1494 3010 1549 verbum
3039 1493 3353 1560 intercidit;
3383 1507 3572 1550 veram
3609 1498 3665 1550 in

2076 1571 2309 1640 Christo
2337 1625 2354 1651 ,
2384 1586 2481 1656 qui
2532 1601 2596 1640 ex
2630 1585 2868 1640 Abrahae
2899 1587 3109 1640 semine
3149 1595 3312 1642 natus
3345 1597 3429 1641 est
3462 1602 3664 1642 secun.

2080 1675 2210 1728 dum
2248 1688 2515 1742 carnem,
2560 1675 2958 1742 manifestata,
3010 1677 3266 1732 revelata:
3323 1685 3381 1733 et
3430 1678 3667 1748 impletae

2081 1779 2211 1826 sunt
2244 1783 2440 1824 omnes
2467 1769 2728 1834 visiones,
2762 1783 2957 1824 omnes
3004 1769 3332 1840 prophetia,
3361 1785 3668 1840 omnesque

2087 1857 2476 1926 revelatiOnes,
2514 1860 2832 1930 quaeipsum
2863 1869 2915 1914 et
2944 1860 3117 1916 Deum
3144 1873 3267 1916 esse
3300 1872 3354 1917 et
3385 1862 3667 1916 hominem

2083 1951 2427 2015 ostendunt,
2463 1949 2928 2020 quemadmodum
2955 1957 3149 2004 noster
3177 1949 3268 2004 hic
3324 1964 3508 2027 sermo
3553 1951 3665 2020 jam

2083 2041 2489 2098 demonstravit
2541 2050 2598 2097 et
2648 2042 2946 2112 exposuit,
2997 2051 3054 2097 et
3105 2028 3453 2098 manifestius
3489 2043 3670 2097 adhuc

2082 2134 2255 2189 multo
2280 2142 2539 2202 exponet.
2578 2133 2811 2203 Insuper
2832 2142 2886 2187 et
2909 2148 3104 2188 omnes
3128 2141 3320 2204 gentes
3359 2134 3414 2188 in
3447 2121 3670 2189 Christo

2083 2234 2426 2296 acceperunt
2452 2224 2900 2280 benedictionem
2941 2241 3039 2294 per
3071 2224 3261 2291 ﬁdem,
3285 2240 3393 2295 qua
3425 2213 3479 2279 in
3516 2226 3669 2280 illum

2087 2317 2470 2372 crediderunt.
2508 2303 2714 2372 Gentes
2742 2319 2890 2371 enim
2925 2301 3198 2371 universae
3220 2316 3375 2386 prius
3398 2317 3670 2372 idolorum

2084 2409 2257 2470 cultui
2309 2409 2551 2475 dedita),
2612 2424 2758 2463 nunc
2813 2408 3002 2464 ﬁdeles
3055 2416 3112 2463 et
3148 2408 3467 2464 orthodoxa:
3497 2419 3670 2474 sunt.

2085 2499 2332 2570 exceptis
2360 2485 2734 2570 paucissimis,
2753 2487 3123 2554 Musulmanis
3145 2499 3376 2566 scilicet,
3406 2500 3672 2566 Hebraeis,

2088 2602 2142 2646 et
2174 2593 2298 2646 aliis
2335 2607 2350 2649 :
2391 2591 2486 2661 qui
2545 2590 2710 2645 simul
2754 2605 2947 2644 omnes
3021 2590 3155 2644 nulli
3201 2589 3484 2655 videntur,
3545 2607 3672 2647 cum

2087 2681 2530 2738 Christianorum
2597 2669 2953 2764 multitudine
3022 2681 3244 2748 collati;
3311 2699 3422 2737 non
3465 2677 3676 2754 ’tnagis

2088 2791 2252 2846 quam
2316 2774 2361 2830 si
2414 2774 2686 2829 tantillum
2743 2789 2938 2844 aqum,
2989 2783 3254 2844 quantum
3305 2774 3427 2830 vola
3481 2792 3676 2831 manus

2090 2867 2259 2936 capit,
2307 2865 2655 2944 cumpelago
2688 2865 3062 2934 comparetur.
3103 2850 3507 2922 Verumtamen
3541 2869 3677 2937 quid

2091 2958 2195 3012 hoc
2224 2955 2295 3011 ad
2329 2957 2646 3021 veritatem,
2677 2956 2723 3009 si
2766 2943 3015 3010 nonnulli
3045 2956 3186 3011 hanc
3221 2968 3638 3014 contemnentes
3659 2999 3676 3023 .

2093 3045 2505 3116 incorrigibiles
2535 3053 2589 3100 et
2628 3043 2878 3100 inﬁdeles
2906 3045 3375 3114 permanserunt?
3405 3047 3498 3101 Sol
3529 3051 3677 3101 enim

2093 3138 2265 3194 totum
2293 3138 2569 3192 illuminat
2595 3151 2803 3203 aerem,
2834 3147 2890 3191 et
2913 3136 3105 3191 orbem
3145 3136 3488 3204 universum,
3518 3141 3680 3194 caecis

2096 3230 2320 3285 interim
2364 3229 2419 3282 in
2475 3227 2721 3282 caritate
2770 3237 2827 3282 et
2882 3210 3127 3282 tenebris
3175 3229 3675 3297 permanentibus:

2097 3338 2201 3378 nec
2240 3331 2421 3377 tamen
2451 3305 2742 3390 propterea
2778 3320 2860 3375 sol
2914 3319 3410 3390 reprehendendus
3444 3331 3545 3386 est,
3583 3322 3678 3375 sed

2095 3397 2200 3484 ipsi
2240 3411 2394 3468 caeci.
2454 3410 2605 3466 Talis
2658 3425 2779 3465 mea
2834 3425 3055 3481 quoque
3111 3410 3180 3466 de
3226 3409 3447 3468 Christo
3503 3412 3681 3466 fertur

2095 3505 2393 3561 sententia.
2425 3502 2637 3558 Christi
2667 3517 2866 3572 nempe
2919 3502 3274 3573 Evangelium
3299 3512 3354 3557 et
3385 3503 3632 3559 doctrina
3664 3549 3679 3569 ,

2097 3597 2209 3651 imo
2255 3593 2514 3649 Christus
2558 3592 2700 3664 ipse,
2737 3592 2982 3649 inﬁnitos
3009 3593 3154 3649 soles
3197 3594 3489 3664 splendore
3516 3606 3567 3650 et
3601 3597 3684 3651 lu—

2100 3689 2252 3740 mine
2304 3683 2545 3740 excellit.
2606 3683 2665 3738 ln
2708 3698 2929 3738 omnem
2967 3683 3115 3739 enim
3151 3693 3351 3740 terram
3402 3684 3684 3757 Evangelii

2102 3776 2418 3848 praedicatio
2449 3775 2727 3844 divulgata
2755 3788 2840 3830 est
2881 3784 2934 3830 et
2974 3775 3263 3830 credentes
3291 3774 3522 3830 salutem
3547 3792 3686 3830 enn-

2101 3876 2432 3938 sequuntur;
2475 3866 2570 3936 qui
2611 3879 2744 3920 vero
2789 3880 2896 3918 non
2938 3863 3213 3930 credunt,
3245 3873 3499 3930 pereunt.
3559 3865 3682 3920 Νυιι

2103 3967 2288 4015 tamen
2320 3958 2435 4012 hac
2475 3957 2636 4028 culpa
2663 3958 2717 4011 in
2748 3955 3052 4020 Christum,
3088 3955 3184 4010 sed
3227 3956 3280 4011 in
3315 3955 3565 4012 inﬁdeles
3597 3959 3684 4011 in-

2103 4049 2260 4112 cidit,
2287 4047 2382 4116 qui
2420 4061 2578 4102 suam
2609 4046 2856 4116 ipsorum
2894 4045 3127 4100 salutem
3170 4045 3432 4116 produnt.
3465 4046 3576 4102 Nec
3603 4059 3686 4101 ta-

2105 4155 2230 4194 men
2255 4138 2513 4194 omuibus
2542 4137 2870 4207 simpliciter
2913 4147 2968 4192 et
2992 4137 3140 4194 unde
3165 4139 3517 4194 credentibus
3535 4141 3685 4196 salus

2105 4232 2401 4302 contingit,
2441 4231 2536 4287 sed
2562 4233 2628 4286 iis
2653 4233 2748 4302 qui
2771 4249 2869 4302 per
2892 4232 3052 4286 ﬁdem
3076 4248 3243 4302 opera
3277 4233 3488 4291 faciunt
3508 4237 3687 4291 saluto

2107 4325 2294 4394 digna.
2331 4322 2672 4394 Revertatur
2709 4331 2895 4377 autem
2930 4321 2998 4376 ad
3045 4322 3250 4379 Christi
3284 4326 3597 4380 testimonia
3631 4339 3687 4380 et

2106 4415 2614 4470 demonstrationes
2666 4423 2853 4468 nostra
2883 4411 3083 4478 oratio,
3117 4429 3230 4468 non
3262 4422 3445 4470 tamen
3473 4425 3530 4472 ut
3564 4434 3686 4470 ()lll-

423 4522 639 4589 ὁράσεις
692 4518 787 4572 καὶ
839 4515 1175 4587 προφητείας
1232 4506 1604 4579 ἐπειράθημεν
1654 4503 1987 4566 ἀναπτύξαι,

2111 4524 2210 4564 nes
2273 4515 2577 4563 recenseat.
2642 4504 2700 4560 Si
2739 4505 2887 4560 enim
2937 4519 3150 4572 omnes,
3201 4521 3321 4576 qua!
3350 4505 3419 4561 de
3467 4506 3687 4562 Christo

424 4615 609 4669 πολλοὶ
641 4613 892 4684 γραφεῖς,
915 4609 1143 4662 πλεῖστα
1178 4603 1586 4663 κεκοπιακότες,
1625 4599 1799 4667 ὀλίγον
1836 4596 2003 4667 μέρος

423 4708 860 4777 ὲπεξεργάσαντο
897 4703 981 4756 ἄν.
1005 4703 1196 4768 Ὅμως
1235 4698 1430 4768 μικρόν
1462 4712 1515 4747 τι
1550 4697 1613 4745 ἐκ
1645 4693 1754 4745 τῶν
1787 4687 2001 4743 πολλῶν

425 4804 667 4873 εἰπωμεν
695 4801 784 4856 διὰ
811 4800 909 4871 τὴν
942 4799 1037 4869 τῆς
1068 4794 1326 4865 ἀληθείας
1358 4789 1690 4860 φανέρωσιν.

459 5129 462 5131 .
497 5071 560 5130 ι’.
598 5068 764 5124 Εἶπεν
793 5069 821 5121 6
852 5055 1093 5132 Μωῦσῆς
1123 5047 1259 5132 πρός
1288 5057 1378 5111 τὸν
1409 5055 1536 5109 λαὸν
1565 5052 1672 5108 τῶν
1708 5051 2003 5124 Ἐϐραίων,

437 5183 457 5217 ι
496 5163 821 5233 Ἀναστήσει
854 5158 1058 5230 Κύριος
1090 5158 1119 5211 6
1151 5156 1284 5219 Θεὸς
1320 5155 1384 5207 ὲκ
1417 5151 1529 5205 τῶν
1562 5149 1808 5217 ἀδελφῶν
1841 5147 2004 5218 ήμῶν

431 5257 746 5329 προφήτην,
780 5254 854 5316 ὡς
885 5251 984 5323 ὲμέ
1003 5267 1017 5281 ·
1050 5248 1145 5302 καὶ
1175 5248 1322 5301 πᾶσα
1350 5245 1532 5316 ψυχὴ,
1563 5244 1682 5313 ήτις
1713 5239 1812 5293 οὐκ
1840 5235 2006 5292 ἀκού-

435 5365 585 5401 σεται
630 5346 726 5400 τοῦ
773 5345 1057 5415 προφήτου
1102 5340 1334 5405 ἐκείνου,
1383 5333 1923 5405 ὲξολοθρευθήσεται.
1982 5348 2000 5380 ι

437 5415 545 5502 Καὶ
579 5440 770 5492 σκόπει
798 5436 898 5502 τὴν
925 5432 1036 5485 τοῦ
1057 5430 1333 5500 προφήτου
1367 5428 1655 5498 ἀκρίϐειαν
1676 5437 1690 5451 δ
1728 5425 1784 5475 ὲν
1819 5420 1896 5490 τῷ
1928 5421 2008 5471 εἰ·

438 5533 557 5584 πεῖν
578 5570 593 5596 ,
627 5547 648 5582 ι
682 5528 975 5598 Προφήτην
1001 5525 1297 5592 ἀναστήσει
1329 5519 1585 5598 Κύριοςέό
1611 5515 1777 5577 Θεὸς,
1817 5533 1834 5564 ι
1872 5512 2012 5564 ἔδει·

440 5621 527 5691 ξεν
553 5621 636 5674 ὅτι
665 5596 949 5689 ἄνθρωπος
983 5615 1165 5687 μέλλει
1196 5612 1417 5666 ἔσεσθαι
1447 5611 1475 5662 6
1509 5596 2010 5681 προφητευόμενος,

512 5811 534 5841 ⁹
553 5807 710 5862 Joan.
737 5803 964 5870 vnn“.
1007 5867 1011 5871 ,
1042 5799 1086 5832 ¹⁶
1110 5799 1267 5853 Deut.
1296 5811 1448 5863 xvm,
1476 5796 1557 5850 l5.-

693 5899 966 5959 Ρηιιοι..
998 5897 1115 5956 Gn.
1155 5889 1356 5951 CLIV.

2115 4606 2270 4664 sunt,»
2301 4598 2706 4663 revelationes,
2757 4595 2998 4652 visiones
3027 4605 3092 4650 et
3125 4596 3385 4652 vaticinia
3413 4597 3689 4656 discuti-re

2113 4689 2562 4762 aggrederentur,
2612 4688 2776 4744 etiam
2812 4688 2971 4743 multi
3006 4670 3221 4743 scribae
3261 4689 3495 4744 multum
3537 4691 3690 4746 labo-s

2115 4783 2308 4850 rando,
2330 4783 2419 4838 vix
2443 4796 2664 4852 parvam
2689 4781 2931 4850 aliquam
2971 4793 3038 4835 ex
3080 4779 3168 4836 his
3201 4787 3410 4850 partem
3441 4779 3688 4836 ahsolvc-
3787 4803 3794 4808 ·

2112 4883 2272 4944 rent;
2307 4874 2880 4954 nihilominustamen
2912 4886 3086 4942 pauca
3127 4887 3195 4928 ex
3227 4872 3416 4928 multis
3447 4874 3690 4943 profer-ae

2112 4984 2237 5025 mus
2266 4969 2333 5024 ad
2370 4967 2621 5022 veritatis
2649 4965 3102 5038 illustrationem.

2191 5063 2249 5118 δε
2285 5063 2432 5118 Dixit
2459 5061 2641 5115 Moses
2669 5059 2736 5114 ad
2769 5051 3032 5130 populum
3057 5057 3412 5115 Hebraeorum
3443 5077 3456 5114 :
3505 5075 3524 5110 ι
3559 5061 3695 5114 Pro-

2113 5155 2337 5226 phetam
2401 5165 2468 5206 ex
2507 5150 2779 5206 fratribus
2844 5149 3046 5205 vestris
3086 5149 3379 5205 suseitabit
3430 5149 3694 5205 Dominus

2120 5249 2287 5310 Deus,
2327 5245 2471 5301 sicut
2496 5259 2581 5298 me
2614 5261 2630 5298 :
2659 5252 2716 5297 et
2736 5243 2919 5298 omnis
2953 5243 3135 5298 anima
3167 5259 3289 5314 quae
3315 5259 3427 5303 non
3461 5244 3698 5298 audierit

2120 5335 2443 5405 prophetam
2491 5333 2646 5388 illum
2672 5373 2687 5400 ,
2717 5332 3095 5388 cradicabitur
3125 5333 3194 5390 '°.
3251 5352 3271 5386 ι
3307 5333 3488 5403 Atque
3516 5339 3700 5387 consi-

2115 5427 2247 5481 dera
2307 5425 2399 5479 hic
2449 5426 2734 5495 prophetae
2785 5424 3152 5496 diligentiam.
3203 5423 3448 5482 Dicendo
3506 5429 3694 5484 enim.

2124 5536 2142 5570 ι
2179 5516 2509 5587 Prophetam
2552 5518 2841 5573 suseitabit
2869 5519 3133 5574 Dominus
3167 5518 3310 5574 Deus
3331 5557 3347 5583 ,
3389 5535 3408 5570 ι
3433 5516 3694 5574 ostendit,

2115 5609 2263 5680 quod
2298 5609 2463 5664 homo
2497 5607 2720 5664 futurus
2755 5608 2824 5664 sit
2853 5608 2922 5665 de
2945 5623 3057 5668 ouo
3081 5609 3434 5673 vaticinatur,
3469 5617 3525 5662 et
3550 5600 3700 5674 quod

3231 5881 3305 5943 13
