4090 6450
419 391 522 455 357

1299 377 1310 383 “
1358 397 1657 458 CONTRA
1703 393 2196 455 MAI-IOMETEM
2239 391 2623 454 APOLOGIA
2667 392 2717 452 ι.
3569 391 3676 459 398

419 504 786 575 δικαιοσύνην,
821 507 917 560 καὶ
952 507 1156 578 πλῆθος
1190 507 1440 577 εἰρήνης,
1497 507 1602 571 ἕως
1645 499 1706 559 οὗ
1738 506 1992 558 ἀνταναι-

2101 502 2250 557 luna.
2284 502 2351 556 Et
2380 503 2689 559 adorabunt
2715 516 2841 557 eum
2876 516 3067 557 omnes
3084 517 3236 574 reges
3267 513 3445 561 teme.
3469 504 3676 574 Omnes

420 598 550 669 ρεοῇ
585 599 614 669 ἡ
647 599 869 671 σελήνη,
910 601 1003 653 καὶ
1050 600 1530 670 προσκυνήσουσιν
1563 597 1714 668 αὐτῷ
1760 597 1991 652 πάντοτε

416 692 464 748 οἱ
496 683 732 760 βασιλεῖς
762 692 866 762 τῆς
913 693 1038 762 γῆς,
1091 693 1273 747 πάντα
1313 692 1385 745 τὰ
1439 691 1570 760 ἔθνη
1615 689 1996 744 δουλεύσουσιν

417 782 584 851 αὐτῷ,
614 784 707 837 καὶ
756 783 912 836 ἔσται
965 784 1026 838 τὸ
1061 785 1232 855 ὄνομα
1289 782 1458 839 αὑτοῦ
1509 781 1874 854 εύλογημένον
1911 783 1991 843 είς

417 875 541 937 τοὺς
558 875 781 938 αἰῶνας.
815 875 927 947 Πρὸ
952 876 1045 928 τοῦ
1075 876 1226 946 ἡλίου
1246 875 1495 945 διαμένει
1521 874 1582 928 τὸ
1605 873 1778 945 ὄνομα
1803 872 1990 934 αὑτοῦ,

417 967 509 1017 καὶ
556 965 1070 1036 ἑνευλογηθήσονται
1109 966 1170 1018 ὲν
1203 964 1354 1035 αύτῷ
1381 966 1554 1018 πᾶσαι
1598 965 1655 1018 al
1687 961 1853 1034 (palati
1895 962 1996 1032 τῆς

419 1055 540 1124 γῆς,
573 1055 752 1110 πάντα
783 1057 851 1110 τὰ
887 1057 1015 1128 ἔθνη
1067 1057 1438 1127 μακαριοῠσιν
1465 1056 1652 1110 αὐτόν.
1685 1056 1993 1126 Εὐλογητὸς

422 1148 617 1217 Κύριος
644 1150 673 1201 ὀ
699 1149 832 1213 Θεὸς
865 1149 958 1203 τοῦ
995 1147 1231 1220 Ἰσραὴλ,
1255 1151 1285 1201 ὁ
1307 1148 1476 1203 ποιῶν
1502 1147 1783 1218 θαυμάσια
1809 1149 1990 1218 μόνος,

419 1242 509 1291 καὶ
533 1241 895 1311 εύλογημένον
925 1243 986 1296 τὸ
1027 1243 1201 1313 ὕνομα
1231 1242 1394 1296 αὑτοῦ
1425 1243 1508 1306 είς
1551 1242 1646 1296 τὸν
1674 1241 1870 1306 αἰῶνα,
1898 1242 1996 1295 καὶ

419 1331 495 1392 εἰς
524 1330 614 1382 τὸν
648 1333 820 1384 αἰῶνα
860 1333 953 1386 τοῦ
1003 1335 1220 1398 αίῶνος.
1250 1353 1268 1387 ι
1311 1334 1537 1399 Πάντως
1584 1333 1679 1387 δύο
1725 1333 1996 1404 πρόσωπα

401 1409 650 1493 ἐίσάγων
677 1413 704 1477 ὀ
727 1427 1042 1500 Προφήτης,
1082 1428 1178 1482 τὸν
1216 1428 1350 1482 Θεὸν
1377 1429 1472 1482 καὶ
1499 1427 1589 1483 τὸν
1616 1428 1732 1481 υἱὸν
1761 1427 1857 1480 τοῦ
1898 1428 1995 1497 βα-

422 1516 611 1578 σιλέως
655 1518 811 1572 οὐδὲν
836 1519 1025 1590 ἓτερον
1056 1519 1204 1590 λέγει
1233 1519 1400 1592 ἀλλ’ἢ
1429 1519 1521 1573 τὸν
1551 1501 1685 1574 Θεὸν
1718 1520 1814 1573 καὶ
1842 1519 1996 1590 βασι-

419 1606 530 1674 λέα,
559 1609 652 1662 καὶ
681 1611 773 1664 τὸν
805 1612 998 1673 τούτου
1027 1611 1156 1666 Υίδν
1186 1610 1275 1666 τὸν
1303 1612 1558 1683 Χριστὸν,
1585 1611 1644 1674 ὃς
1672 1611 1846 1682 κρίνει
1870 1613 1995 1674 τοὺς

419 1703 663 1772 πτωχοὺς
695 1703 790 1758 τού
823 1704 974 1769 λαοῦ,
1009 1705 1104 1758 καὶ
1132 1704 1294 1770 σώζει
1329 1707 1454 1768 τοὺς
1480 1705 1740 1774 πένητας,
1774 1703 1870 1758 καὶ
1893 1721 1994 1757 τα-

2101 601 2294 662 gentes
2329 593 2577 648 servient
2629 596 2798 659 el,et
2847 595 2952 650 erit
3009 611 3210 652 nomen
3243 596 3365 666 ejus
3443 601 3676 656 benedi-

2100 685 2336 740 ctumin
2363 686 2587 742 saecula.
2621 689 2764 754 Ante
2786 688 2957 743 solem
2989 699 3275 758 permanet
3303 694 3675 762 nomen'ejus,

2098 783 2154 830 et
2183 775 2582 832 benedicentur
2618 778 2672 832 in
2723 793 2790 834 eo
2821 793 3015 836 omnes
3063 780 3240 837 tribus
3283 791 3444 838 terra;
3501 802 3516 840 :
3563 800 3680 841 om-

2099 885 2199 925 nes
2237 879 2428 940 gentes
2473 869 2868 926 beatiﬁcabunt
2914 871 3095 926 illum.
3161 873 3361 930 Beatus
3411 876 3678 934 Dominus

2099 956 2246 1010 Deus
2270 955 2512 1024 lsraelis,
2531 957 2678 1014 solus
2702 959 2909 1016 faciens
2937 961 3307 1026 mirabilia.et
3324 964 3677 1023 benedictum

2101 1065 2299 1106 nomen
2332 1051 2450 1122 ejus
2480 1051 2534 1106 in
2571 1051 2828 1108 seaculum
2873 1064 2930 1108 ct
2963 1054 3018 1109 in
3072 1065 3339 1113 aeternum
3370 1060 3436 1114 ”.
3481 1075 3502 1115 ι
3532 1061 3681 1117 Duas

2104 1141 2193 1196 hic
2235 1143 2290 1196 iu
2347 1144 2664 1199 universum
2731 1160 2996 1214 personas
3053 1150 3317 1220 propheta
3378 1150 3676 1218 inducens,

2101 1235 2271 1292 Deum
2312 1236 2543 1300 scilicet,
2576 1247 2640 1294 et
2674 1237 2844 1294 lilium
2881 1239 3047 1311 regis,
3081 1241 3219 1297 nihil
3293 1244 3443 1300 aliud
3496 1246 3680 1302 innuit

2097 1344 2260 1398 quam
2288 1328 2459 1383 Deum
2491 1329 2577 1384 vel
2618 1344 2800 1400 regem
2829 1371 2845 1399 ,
2876 1339 2931 1387 et
2959 1333 3106 1389 illius
3127 1333 3329 1390 Filium
3355 1337 3636 1395 Christum
3661 1377 3680 1405 ,

2099 1419 2193 1489 qui
2221 1420 2436 1491 judicat
2470 1436 2740 1493 pauperes
2773 1425 2985 1494 populi.
3013 1435 3068 1480 et
3097 1426 3276 1483 salvos
3295 1429 3426 1486 facit
3462 1431 3675 1502 inopes.

2096 1521 2153 1568 et
2200 1513 2457 1568 liumiliat
2495 1516 2977 1573 calumniatorem.
3027 1518 3218 1589 Neque
3270 1519 3360 1576 hic
3395 1521 3691 1580 hominem-

2098 1600 2392 1672 quemdam
2435 1605 2630 1662 fortem
2680 1619 2736 1664 et
2773 1608 3009 1678 justum,
3039 1611 3342 1682 principem
3375 1614 3458 1668 vel
3493 1630 3678 1686 regem

2099 1695 2389 1766 intelligas.
2420 1699 2497 1753 De
2522 1699 2716 1755 eodem
2785 1701 2934 1757 enim
2973 1703 3128 1768 dicit,
3161 1705 3309 1775 quod
3366 1721 3677 1763 commorac

421 1799 591 1850 πεινοτ
615 1796 706 1850 τὸν
734 1800 1098 1870 συκοφάντην.
1123 1794 1210 1854 Μ
1239 1798 1521 1871 ὑπολάϐῃς
1559 1797 1848 1870 ἄνθρωπόν
1872 1812 1993 1850 τινα

2099 1798 2256 1846 turus
2285 1791 2357 1846 sit
2388 1805 2514 1846 cum
2547 1792 2700 1857 solo;
2730 1793 2863 1848 item
2891 1794 2960 1851 de
2989 1796 3186 1852 eodem
3206 1837 3220 1862 ,
3253 1799 3401 1869 quod
3449 1800 3523 1855 sit
3551 1812 3683 1858 ante

422 1888 634 1960 ἰσχυρὸν
671 1890 768 1944 και
818 1868 1055 1958 δίκαιον,
1079 1891 1374 1963 ἄρχονταῆ
1407 1868 1632 1962 iam.
1653 1868 1674 1956 ;“
1703 1889 1864 1944 Ἀλλὰ
1898 1887 1992 1942 τὸν

2100 1881 2285 1937 lunam
2313 1891 2370 1939 et
2403 1884 2790 1954 generationes
2818 1888 3258 1958 generationum.
3277 1868 3344 1946 lu
3368 1907 3528 1962 quem
3551 1910 3681 1949 vero

418 1978 576 2032 αὑτὸν
603 1979 771 2048 λέγει,
799 1983 880 2034 ὅτι
909 1984 1334 2053 συμπαραμενεῖ
1365 1979 1443 2052 τῷ
1481 1981 1620 2054 ἡλίῳ
1645 1995 1659 2010 ·
1683 1979 1822 2034 ἀλλὰ
1859 1979 1992 2048 περὶ

419 2072 580 2125 αὐτοῦ
632 2073 814 2142 λέγει,
860 2075 941 2128 ὅτι
1003 2075 1119 2127 ἐστὶ
1170 2073 1278 2146 πρὸ
1345 2075 1457 2145 τῆςι
1487 2074 1742 2144 σελήνης,
1797 2073 1994 2141 γενεᾶς

423 2167 638 2231 γενεῶν.
689 2166 798 2218 Καὶ
851 2166 932 2230 είς
989 2165 1113 2219 τίνα
1162 2165 1272 2232 τῶν
1320 2161 1626 2236 ἀνθρώπων
1677 2165 1846 2232 χωρεῐ
1874 2161 1994 2215 τοῦ·

422 2272 497 2319 το,
549 2257 629 2308 ὅτι
664 2257 769 2328 πρὸ
821 2257 920 2328 τῆς
981 2255 1215 2329 σελήνης
1258 2258 1452 2326 γενεᾶς
1497 2255 1700 2324 γενεῶν
1729 2252 1833 2328 ἦν,
1897 2252 1994 2308 καὶ

421 2352 838 2420 συμπαραμενεί
861 2349 936 2420 τῷ
973 2350 1148 2422 ήλίῳ;
1180 2347 1277 2414 Εἰς
1321 2349 1518 2403 οὐδένα
1545 2348 1729 2416 ἄλλον,
1761 2348 1877 2403 ἀλλ’
1914 2351 1994 2412 είς

421 2442 578 2495 αὐτὸν
618 2443 834 2505 πάντως
863 2442 955 2496 τὸν
999 2442 1236 2513 Χριστόν
1282 2441 1495 2512 ὲστινή
1524 2441 1853 2512 προφητεία.
1904 2441 1996 2494 Ἐν

423 2535 527 2605 γὰρ
551 2533 627 2604 τῷ
677 2534 872 2600 εἰπεῖν,
903 2535 985 2586 ὅτι
1031 2533 1212 2604 κρινεῖ
1238 2533 1361 2594 τοὺς
1417 2533 1668 2602 πτωχοὺς
1701 2531 1796 2585 τοῦ
1837 2530 1994 2596 λαοῦ,

421 2629 512 2681 καὶ
544 2627 704 2681 σώσει
733 2629 860 2690 τοὺς
887 2628 1036 2691 υἱοὺς
1068 2626 1176 2680 τῶν
1207 2628 1480 2696 πενήτων,
1534 2627 1630 2680 καὶ
1659 2625 1995 2680 ταπεινώσει

421 2718 540 2781 τοὺς
563 2719 903 2787 συκοφάντας
925 2758 940 2784 ,
969 2717 1138 2782 ἔδειξε
1162 2717 1260 2790 τήν
1292 2716 1487 2771 τούτου
1517 2716 1875 2786 δικαιοσύνην
1897 2718 1995 2771 καὶ

425 2811 572 2880 ἰσχὺν
598 2812 691 2864 καὶ
719 2809 1046 2880 κηδεμονίαν
1068 2811 1148 2874 είς
1167 2809 1294 2872 τοὺς
1336 2803 1686 2880 ἀνθρώπους.
1721 2808 1812 2862 Ἐν
1841 2809 1900 2863 δὲ
1919 2808 1998 2880 τῷ

420 2903 610 2966 εἰπεῖν,
639 2902 719 2956 δτι
755 2902 860 2972 πρὸ
897 2901 993 2955 τοῦ
1040 2900 1191 2971 ήλίου
1233 2901 1480 2972 διαμένει
1512 2901 1574 2955 τὸ
1604 2901 1779 2968 ὄνομα
1803 2900 1995 2966 αὑτοῦ,

422 2993 514 3047 καὶ
539 2993 643 3064 πρὸ
681 2993 783 3062 τῆς
813 2993 1047 3064 σελήνης
1079 2993 1278 3062 γενεᾶς
1310 2994 1540 3062 γενεῶν,
1583 2993 1756 3060 ἔδειξε
1784 2993 1846 3046 τὸ
1871 2992 1999 3047 τού-

420 3103 512 3139 του
534 3086 786 3157 ἄναρχον.
832 3087 920 3139 Ἐν
955 3087 1014 3140 δὲ
1043 3087 1142 3158 τῷ,
1180 3103 1199 3138 ι
1227 3086 1658 3158 Συμπαραμενεί
1679 3084 1757 3157 τῷ
1780 3086 1934 3156 ἡλίῳ,
1971 3103 1990 3138 ι

2101 1975 2387 2032 hominum
2425 1977 2530 2033 hoc
2559 1988 2876 2050 competere
2910 1991 3114 2052 potest,
3151 1991 3212 2038 ut
3241 1994 3368 2040 ante
3400 1985 3588 2042 lunam
3621 1987 3678 2041 in

2095 2067 2482 2138 generationes
2515 2069 2931 2144 generationum
2964 2087 3088 2129 esse
3133 2073 3242 2130 dici
3288 2076 3498 2145 possit,
3530 2087 3588 2133 et
3622 2092 3686 2134 ut

2097 2173 2222 2214 cum
2255 2159 2371 2216 sole
2397 2165 2816 2220 commoretur?
2844 2163 2904 2219 In
2929 2165 3142 2222 nullum
3172 2175 3322 2224 certe
3351 2169 3544 2235 alium,
3579 2171 3681 2226 sed

2099 2265 2292 2306 revera
2357 2253 2414 2307 in
2478 2253 2658 2309 solum
2713 2254 3008 2326 ipsumque
3059 2254 3343 2314 Christum
3391 2260 3683 2330 prophetia

2097 2343 2350 2412 quadrat.
2390 2343 2527 2401 Cum
2561 2346 2712 2402 enim
2751 2346 2888 2402 dicit
2915 2387 2932 2413 ,
2979 2348 3128 2420 quod
3159 2351 3373 2421 judicet
3413 2368 3685 2425 pauperes

2099 2436 2322 2506 populi,
2357 2445 2415 2492 et
2443 2437 2619 2494 salvet
2648 2437 2792 2495 ﬁlios
2823 2439 3051 2510 inopum
3086 2481 3100 2505 ,
3155 2451 3213 2497 et
3253 2444 3684 2502 calumniatores

2101 2528 2380 2597 liumiliet,
2409 2529 2560 2585 illius
2591 2531 2839 2587 ostendit
2865 2532 3163 2604 justitiam,
3191 2535 3598 2607 fortitudinem,
3627 2550 3684 2592 et

2101 2634 2292 2676 curam
2324 2636 2432 2692 qua
2472 2638 2602 2695 erga
2645 2623 2905 2682 homines
2944 2625 3141 2682 utitur.
3179 2625 3320 2683 Cum
3360 2643 3493 2684 vero
3522 2629 3685 2695 dicit,

2101 2713 2249 2783 quod
2277 2722 2408 2770 ante
2439 2715 2614 2771 solem
2644 2724 2972 2784 permaneat
3019 2731 3226 2780 nomen
3259 2718 3384 2790 ejus
3407 2761 3422 2786 ,
3468 2730 3526 2776 et
3557 2733 3686 2777 ante

2048 2876 2051 2880 _
2102 2806 2290 2862 lunam
2332 2805 2387 2861 in
2420 2807 2810 2876 generationes
2841 2809 3262 2879 generationum
3284 2851 3300 2877 ,
3348 2811 3498 2868 illius
3520 2823 3687 2870 teter-

2101 2899 2333 2956 nitatem
2381 2899 2660 2970 principio
2709 2908 2993 2956 carentem
3048 2901 3282 2958 indicat.
3326 2903 3391 2958 Et
3430 2919 3500 2960 eo
3533 2908 3683 2976 quod

2101 2992 2243 3048 dixit
2275 3009 2290 3046 :
2334 3010 2354 3044 ι
2398 2991 2850 3049 Commorabitur
2883 3008 3008 3048 cum
3029 2993 3145 3048 sole
3169 3014 3256 3069 ,,›Δ
3286 2995 3435 3051 illius
3460 3001 3684 3053 aeterni-

2105 3093 2276 3140 tatem
2303 3085 2412 3140 ilne
2443 3093 2728 3140 carentem
2759 3085 3064 3141 denotavit.
3107 3086 3263 3153 Item,
3312 3103 3330 3140 ι
3375 3089 3686 3146 Descendet

422 3175 580 3243 ἔδειξε
600 3178 657 3231 τὸ
672 3179 862 3233 τούτου
877 3179 1253 3249 ἀτελεύτητον.
1283 3196 1304 3231 ε
1333 3177 1722 3250 καταϐήσεται
1739 3179 1816 3243 ὡς
1845 3180 1993 3244 ὑετὸς

2103 3178 2271 3233 veluti
2323 3178 2510 3248 pluvia
2544 3186 2712 3248 super
2758 3179 2961 3246 lanam,
3011 3187 3068 3234 et
3097 3180 3239 3235 sicut
3267 3190 3421 3250 gutta
3467 3184 3684 3240 stillana

420 3271 512 3323 ἐπὶ
538 3271 722 3336 πόκον,
753 3273 848 3325 καὶ
865 3272 938 3334 ὡς
967 3273 1002 3340 ή
1031 3270 1246 3340 σταγὼν
1271 3273 1304 3342 ἡ
1337 3269 1608 3335 στάζονσα
1634 3270 1726 3324 ἐπὶ
1747 3271 1848 3342 τῆς
1865 3272 1990 3342 γῆς.

432 3363 702 3416 Ἂνατελιτ
723 3364 797 3432 ὲν,
823 3365 942 3426 ταῖς
972 3363 1212 3434 ἡμέραις
1258 3362 1426 3417 αὐτοῦ
1475 3363 1850 3434 δικαιοσύνην,
1899 3365 1998 3418 καὶ

419 3456 618 3527 πλῆθος
647 3458 890 3530 εἰρήνης,
919 3457 1024 3522 ἕως
1054 3451 1117 3511 οὗ
1136 3455 1498 3528 ἀνταναιρεθῇ
1525 3457 1560 3528 ἡ
1593 3457 1815 3530 σελήνη.
1841 3476 1859 3514 ι
1886 3457 1997 3512 Πά-

417 3548 499 3602 λιν
527 3549 610 3614 τίς
650 3549 855 3622 κατέϐη
897 3549 974 3614 ὡς
1015 3550 1172 3614 ὑετὸς
1214 3549 1308 3603 ἐπὶ
1329 3548 1520 3615 πόκον,
1549 3550 1829 3604 τουτέστιν
1858 3551 1994 3621 ήσύ-

419 3657 527 3712 χως
556 3641 646 3695 καὶ
667 3641 978 3713 ἀταράχως,
1010 3643 1104 3696 καὶ
1123 3642 1253 3698 ἄνευ
1281 3641 1383 3712 τῆς
1399 3641 1607 3706 οἰκείας
1629 3642 1788 3709 ἀξίας
1828 3645 1994 3698 αὐτοῦ

420 3736 510 3786 καὶ
541 3731 979 3804 μεγαλειότητος,
1017 3734 1052 3806 ἡ
1083 3737 1112 3789 ὁ
1131 3733 1388 3806 Χριστὸς,
1421 3733 1480 3799 ὃς
1499 3734 1769 3807 κατῆλθεν
1818 3737 1879 3802 ἐξ
1905 3737 1999 3791 od-

424 3825 583 3895 ρανοῦ
609 3827 666 3880 ἐν
695 3830 761 3898 τῇ
788 3827 922 3899 ἁγίᾳ
959 3825 1242 3899 Παρθένῳ,
1295 3827 1392 3882 καὶ
1419 3827 1761 3882 συλλαϐοῦσα
1807 3828 1997 3882 ἔτεκεν

419 3917 577 3972 αὑτὸν
598 3920 656 3972 εν
684 3921 915 3992 πενιχρᾷ
975 3920 1152 3993 φάτνῃ
1188 3920 1282 3975 καὶ
1315 3919 1563 3992 σπηλαίῳ
1605 3922 1884 3993 ταπεινῷ;
1919 3925 1996 3976 Od

421 4011 528 4082 γὰρ
564 4007 727 4084 ἦλθεν
748 4013 836 4067 ἵνα
864 4012 1028 4086 κρίνῃ
1055 4017 1148 4068 τὴν
1192 4011 1422 4085 κόσμον,
1454 4013 1572 4070 ἀλλ’
1609 4015 1699 4070 ἵνα
1727 4017 1885 4090 σώσῃ
1901 4018 1998 4071 τὸν

421 4103 639 4175 κόσμον.
673 4105 843 4160 Ὅταν
867 4105 924 4158 δὲ
953 4103 1082 4177 ἔλθῃ
1112 4107 1294 4176 κρῖναι
1343 4104 1443 4178 τήν
1489 4105 1838 4177 οίκουμένην,
1872 4108 1995 4160 τότε

423 4195 602 4266 μέλλει
626 4197 858 4267 φανῆναι
890 4197 949 4250 ἐν
988 4200 1054 4267 τῇ
1089 4196 1216 4272 δόξῃ
1261 4196 1359 4251 τοῦ
1395 4188 1811 4266 Πατρὸς.αύτοῦ
1854 4200 1995 4270 μετὰ

419 4291 635 4345 παντων
660 4291 771 4345 τῶν
804 4291 1050 4359 ἀγγέλων
1072 4333 1089 4359 ,
1128 4291 1312 4354 καθὼς
1341 4293 1437 4346 καὶ
1483 4293 1648 4356 αὐτὸς
1687 4293 1716 4345 ὁ
1757 4293 1996 4361 Χριστὸς

419 4377 618 4448 ἔφησεν
641 4380 699 4433 ιν
727 4378 804 4448 τῷ
843 4379 1176 4449 Εὑαγγελίῳ,
1210 4380 1294 4432 ὅτι
1333 4397 1354 4431 ι
1389 4379 1501 4432 Οὐκ
1523 4375 1687 4449 ἦλθον
1711 4380 1798 4434 ἵνα
1821 4379 2011 4451 κρίνω·

2101 3278 2268 3338 super
2308 3274 2535 3323 terram.
2569 3267 2795 3324 Exoriri
2812 3267 2978 3325 faciet
3009 3269 3065 3324 in
3114 3269 3313 3328 diebus
3362 3272 3482 3328 suis
3519 3274 3685 3344 justi-

2100 3360 2230 3416 tiam
2253 3369 2307 3419 et
2324 3359 2737 3417 multitudinem
2759 3362 2930 3431 pacis,
2974 3355 3151 3418 donec
3175 3363 3462 3420 auferatur
3482 3365 3632 3421 luna.
3656 3387 3673 3419 ι

2100 3454 2292 3510 Denuo
2325 3453 2649 3525 (responde)
2681 3455 2810 3525 quis
2861 3454 3149 3510 descendit
3198 3464 3259 3510 ut
3289 3457 3473 3526 pluvia
3517 3475 3683 3530 super

2095 3548 2302 3612 lanam,
2339 3547 2393 3602 id
2425 3557 2513 3604 est
2529 3547 2737 3618 quiete,
2766 3556 2823 3604 et
2854 3549 2974 3604 sine
2999 3549 3264 3619 strepitu,
3297 3557 3354 3606 et
3382 3551 3521 3607 citra
3553 3569 3688 3623 οπεος

2098 3641 2276 3710 priam
2323 3641 2669 3711 majestatetn
2713 3640 3292 3712 magnificentiamque
3329 3657 3510 3711 suam,
3541 3659 3683 3715 pra:-

2099 3737 2185 3782 ter
2232 3727 2568 3783 Christum?
2602 3727 2698 3798 qui
2743 3728 3034 3786 descendit
3072 3731 3292 3787 caelitus
3337 3733 3390 3788 in
3431 3745 3682 3790 sanetam

2101 3818 2403 3892 Virginem,
2433 3834 2556 3890 qum
2577 3831 2905 3895 conceptum
2934 3837 3062 3878 eum
3094 3824 3306 3894 peperit
3333 3825 3391 3880 in
3414 3825 3506 3881 vili
3544 3841 3684 3895 pra-

2097 3915 2252 3986 sepio
2277 3923 2334 3970 et
2360 3913 2557 3970 humili
2589 3929 2738 3972 casa.
2773 3916 2895 3973 Non
2949 3918 3100 3973 enim
3132 3926 3361 3974 venerat
3406 3919 3685 3991 judicatu-

2099 4025 2194 4065 r-us
2221 4010 2511 4076 mundum,
2543 4008 2640 4066 sed
2673 4018 2734 4066 ut
2763 4010 3034 4066 mundum
3093 4013 3350 4067 salvaret.
3383 4013 3520 4069 Cum
3546 4031 3684 4070 vero
3775 4067 3789 4073 ,

2097 4101 2285 4158 veniet
2319 4101 2673 4173 judicaturus
2703 4103 2920 4170 orbem,
2948 4105 3237 4176 apparebit
3271 4106 3324 4162 in
3357 4107 3531 4179 gloria
3579 4109 3684 4165 Pa-

2097 4193 2200 4250 tris
2229 4195 2314 4250 sui
2347 4211 2474 4251 cum
2511 4197 2772 4252 omnibus
2792 4197 3022 4269 angelis,
3055 4197 3523 4268 quemadmodum
3562 4201 3682 4271 ipse

2093 4289 2417 4345 Ghristusin
2457 4287 2752 4359 Evangelio
2778 4299 3043 4347 testatur:
3070 4275 3380 4359 «Νοιιὲοηί
3397 4292 3646 4363 iudicatu
3663 4323 3682 4336 ο

2095 4392 2190 4438 ms
2219 4381 2484 4437 mundum
2511 4381 2604 4438 sed
2629 4391 2690 4439 ut
2708 4383 2971 4438 mundum
2991 4383 3266 4439 salvem“.
3287 4400 3305 4435 ι
3322 4383 3482 4449 Item,
3507 4384 3682 4440 «Exo-

419 4470 510 4526 τὸν
533 4471 760 4543 κόσμον,
794 4471 912 4525 ἀλλ’
941 4472 1026 4525 ἵνα
1045 4472 1206 4525 σώσω
1231 4470 1322 4524 τὸν
1353 4471 1581 4542 κόσμον.
1621 4491 1640 4525 ι
1675 4490 1694 4526 ι
1717 4474 1993 4528 ’Δνατελει

2099 4474 2196 4528 riri
2227 4472 2390 4528 faciet
2436 4473 2493 4527 in
2523 4472 2720 4528 diebus
2751 4473 3158 4544 suisjustitiam
3183 4484 3240 4529 et
3263 4474 3680 4530 multitudinem

422 4564 478 4616 tv
507 4567 625 4628 ταῖς
669 4566 904 4636 ἡμέραις
930 4564 1097 4619 αὐτοῦ
1127 4562 1498 4634 δικαιοσύνην,
1544 4567 1642 4645 xci
1672 4559 1877 4645 πλῆθος
1907 4570 1986 4623 εξ-

2097 4564 2245 4636 pacis
2269 4558 2451 4620 donec
2488 4563 2775 4620 auferatur
2813 4565 3005 4620 luna.»
3043 4565 3308 4633 Quisnam
3338 4565 3680 4622 horumseu-

423 4657 588 4727 ρήνης
611 4656 712 4719 ἕως
737 4651 798 4709 οὗ
833 4655 1196 4726 ἀνταναιρεοῇ
1237 4658 1270 4725 ἡ
1314 4655 1532 4726 σελήνη·
1573 4673 1590 4708 ³
1623 4640 1690 4710 Τί
1735 4642 1988 4728 βούλεται

421 4748 500 4814 τὸ,
539 4747 852 4803 «Ἀνατελεῖ
881 4749 937 4800 ἐν
967 4750 1086 4812 ταῖς
1127 4747 1360 4818 ἡμέραις
1407 4747 1573 4801 αὐτοῦ
1623 4748 1990 4819 δικαιοσύνην,

423 4842 515 4894 καὶ
545 4839 742 4912 πλῆθος
772 4840 995 4911 εἰρήνης
1017 4842 1079 4910 ;Ῑι
1115 4839 1281 4892 Οὐδὲν
1297 4838 1444 4903 ἄλλο,
1463 4837 1496 4910 ἢ
1514 4839 1598 4893 ὅτι
1619 4839 1717 4910 τῆς
1740 4839 1997 4911 τοιαύτης

421 4933 633 4997 ἀδικίας
677 4931 948 5005 χείριστον
981 4949 1036 4986 τε
1070 4931 1164 4985 καὶ
1194 4931 1477 4995 κάκιστον,
1520 4929 1606 4984 ἵνα
1631 4932 1916 5001 ἁφήσωσιν
1947 4934 1994 4984 οἱ

421 5025 692 5096 ἄνθρωποι
721 5026 810 5079 τὸν
835 5024 968 5078 Θεὸν
987 5024 1318 5095 δημιουργὸν
1352 5025 1445 5076 καὶ
1493 5022 1740 5092 πλάστην
1783 5023 1988 5088 αὐτῶν,

422 5108 509 5172 τῆν
542 5119 647 5172 ἀπὸ
671 5118 764 5172 τού
789 5117 863 5189 μή
894 5117 1044 5180 ὄντος
1078 5118 1157 5178 είς
1189 5115 1250 5167 τὸ
1275 5108 1416 5168 εῖναι
1460 5115 1854 5185 παραγαγόντα
1893 5115 1992 5168 αὑο

421 5209 564 5272 τοὺς,
595 5209 688 5262 καὶ
716 5209 1136 5278 προσκυνήσωσι
1175 5204 1255 5274 τῷ
1293 5203 1548 5274 δωσὸλῳ,
1585 5205 1681 5258 καὶ
1710 5207 1824 5268 τοῖς
1866 5206 1988 5259 κτί-

423 5319 608 5371 σμασι,
632 5303 727 5356 καὶ
752 5303 864 5364 τοῖς
889 5299 1068 5371 ἔργοις
1090 5298 1198 5351 τῶν
1213 5287 1416 5369 χειρῶν
1445 5296 1646 5352 αὐτῶν.
1667 5297 1776 5350 Καὶ
1797 5297 1947 5352 ὥσπε
1957 5316 1988 5367 ρ

422 5411 502 5458 τις
539 5395 640 5447 ὑπὸ
670 5393 840 5465 μέθης
869 5393 963 5448 καὶ
1003 5391 1223 5462 βαθείας
1256 5389 1478 5454 σκοτίας
1508 5389 1864 5460 παραϐλέψας
1895 5391 1988 5444 τὸν

423 5485 611 5538 ἑαυτοῦ
645 5487 884 5556 πατέρα,
914 5483 1006 5537 τὸν
1028 5480 1458 5552 ἐπιμελούμενον
1479 5482 1642 5535 παντὶ
1670 5483 1875 5552 τρόπῳ,
1895 5484 1990 5536 καὶ

426 5577 714 5647 κηδᾶμενον
757 5577 849 5631 καὶ
879 5575 1144 5646 ζητοῦντα
1175 5573 1274 5644 τὴν
1307 5573 1496 5628 τούτου
1529 5574 1874 5644 προμήθειαν
1895 5574 1988 5626 καὶ

425 5669 685 5738 ὠφέλειαν
706 5673 800 5724 καὶ
834 5668 1129 5739 σωτηρίαν,
1162 5666 1535 5737 ἀκολουθήσας
1560 5665 1741 5737 ἐχθρῷ
1769 5666 1848 5737 τῷ
1869 5668 1990 5719 ἑπι-

426 5760 675 5832 θυμοῦντι
705 5763 802 5832 τὴν
851 5762 1067 5833 σφαγὴν
1116 5759 1282 5830 αρτοῦ
1331 5761 1426 5813 καὶ
1465 5759 1558 5814 τὸν
1607 5759 1869 5830 ὄλεθρον,
1900 5760 1987 5813 δε-

495 5878 540 5910 ”
567 5879 706 5935 Psal.
749 5880 956 5970 uxr,2
985 5895 1142 5950 seqq.
1223 5881 1264 5912 ³³
1295 5880 1454 5936 Joan.
1497 5895 1594 5944 xu,
1620 5879 1710 5931 Π.

2094 4671 2210 4720 sus,
2252 4673 2271 4708 ι
2311 4655 2589 4711 Producet
2619 4653 2674 4710 in
2708 4655 2908 4712 diebtfs
2947 4653 3064 4712 suis
3093 4657 3362 4727 justitiam
3387 4665 3444 4713 et
3488 4659 3679 4714 multi-

2099 4746 2344 4801 tudinem
2375 4745 2569 4815 pacis?
2593 4764 2610 4797 ι
2645 4745 2764 4801 Non
2798 4746 2960 4814 alius,
2993 4761 3158 4818 quam
3186 4750 3332 4819 quod
3383 4748 3680 4822 impietatis

2099 4849 2372 4894 summam
2405 4847 2560 4892 notat
2585 4839 2889 4908 perniciem
2948 4857 2961 4894 :
2995 4841 3141 4910 quod
3179 4843 3391 4898 scilicet
3431 4844 3682 4899 homines

2101 4929 2424 4986 derelicturi
2453 4929 2590 5001 gsint
2632 4931 2827 4996 Deum,
2863 4941 3277 5000 procreatorem
3329 4942 3385 4988 et
3411 4935 3678 4991 factorem

2103 5037 2286 5088 suum,
2311 5024 2404 5094 qui
2434 5038 2531 5078 eos
2578 5033 2850 5094 nusquam
2883 5025 3214 5080 exsistentes
3262 5025 3320 5080 in
3366 5026 3510 5081 hanc
3535 5028 3677 5082 sul!-

2100 5119 2358 5190 stantiam
2392 5117 2643 5188 redegit;
2671 5121 2727 5173 et
2751 5117 3034 5173 adoraturi
3067 5118 3180 5173 sint
3201 5118 3504 5182 diabolum,
3529 5136 3706 5175 creat
3769 5109 3772 5113 ’
3843 5163 3850 5174 ,

2103 5217 2278 5274 iuras,
2309 5219 2367 5264 et
2415 5219 2583 5278 opera
2615 5221 2878 5262 manuum
2918 5221 3168 5263 suarum.
3209 5207 3276 5261 Et
3320 5209 3682 5278 quemadmoo

2099 5303 2229 5358 dum
2258 5303 2462 5372 aliquis
2487 5300 2759 5358 ebrietate
2787 5303 2988 5366 victus,
3025 5309 3120 5355 aut
3144 5299 3200 5355 in
3230 5300 3420 5357 densis
3449 5303 3681 5372 profun-

2098 5391 2294 5462 dlsque
2325 5391 2572 5446 tenebris
2593 5389 2885 5455 oberrans,
2911 5391 3161 5464 neglecto
3180 5391 3407 5460 proprio
3426 5400 3677 5461 parente.

2097 5488 2194 5556 qui
2225 5484 2574 5540 commodum
2623 5491 2680 5537 ct
2729 5482 3024 5538 utilitatem
3059 5482 3408 5552 salutemque
3436 5498 3589 5536 suam
3620 5483 3674 5535 in

2097 5576 2290 5646 primis
2350 5586 2407 5631 ct
2455 5577 2616 5631 unice
2678 5574 2956 5630 desiderat
3007 5583 3426 5643 promotainque
3479 5571 3674 5640 cupit,

2101 5670 2311 5724 hostem
2347 5667 2622 5738 sequitur,
2654 5667 2821 5722 caedis
2859 5681 2914 5721 et
2942 5665 3211 5734 perniciei
3243 5681 3356 5720 sua:
3387 5661 3672 5731 cupidum,

2080 5762 2295 5832 ‘ligatus
2324 5760 2536 5817 scilicet
2561 5768 2618 5816 et
2645 5758 2860 5816 vinetus
2889 5759 2959 5814 ab
2996 5771 3064 5814 eo
3111 5769 3414 5826 manusque
3464 5753 3666 5826 pedes-
