4090 6442
348 388 453 455 3ῧ9
1481 390 1720 451 JOANN
1734 391 1801 449 l-S
1840 392 1917 450 CA

2019 390 2360 452 'ACUZENI
3479 398 3598 464 400

349 525 476 580 que,
511 507 779 561 deductus
815 504 1033 558 tandem
1069 504 1122 558 in
1155 517 1428 559 carcerem
1482 504 1908 559 munitissimum

2024 504 2279 574 σμευθεὶς
2325 505 2415 558 ὐπ’
2450 505 2637 574 αὑτοῦ,
2692 509 2784 563 καὶ
2835 506 3010 575 δεθείς
3036 512 3227 583 χεῖρας
3276 513 3370 567 καὶ
3406 516 3596 582 πὶδας,

348 612 403 656 et
428 602 760 661 obscurum,
810 611 918 650 non
954 596 1205 665 agnoscit
1254 610 1355 650 nec
1384 594 1698 650 discernere
1739 605 1917 665 potest

2020 594 2295 663 εἰσαχθεὶς
2342 598 2400 648 ἑν
2431 598 2641 665 φρουρᾷ
2691 598 3010 673 ὀχυρωτάτη
3068 603 3162 655 καὶ
3214 600 3467 671 ζοφώδει,
3495 607 3595 659 οὐκ

351 702 562 760 patrem
597 702 653 744 et
711 689 949 742 amicum
998 688 1066 742 ab
1117 687 1341 759 inimico
1395 695 1451 747 et
1501 687 1655 740 hoste
1700 695 1917 756 propter

2019 686 2340 752 ἐγίνωσκεν.
2374 687 2495 740 οὐδὲ
2543 688 2775 756 ἠδύνατο
2802 691 3098 759 διακρίνειν
3134 692 3227 745 τὸν
3253 696 3465 765 πατέρα
3502 698 3600 749 καὶ
3690 726 3711 733 λ

349 780 675 835 ebrietatem
706 787 762 831 et
787 777 1090 846 crapulam,
1127 791 1228 831 nec
1257 777 1419 831 etiam
1454 776 1604 841 vult;
1641 785 1698 831 et
1732 787 1915 845 postea

350 874 482 927 licet
511 870 729 927 tandem
758 869 825 924 ad
877 882 1073 924 sensus
1118 867 1345 937 vestigia
1402 874 1731 933 revertatur,
1785 867 1915 923 illud

350 982 461 1029 non
496 973 696 1034 potest,
724 964 780 1017 in
806 962 1035 1017 vinculis
1062 961 1320 1017 nimirum
1343 960 1630 1014 detentus:
1659 960 1737 1015 sic
1756 961 1922 1015 homo

352 1058 521 1110 etiam
556 1055 714 1109 initio
746 1052 1117 1117 errabundus,
1153 1061 1209 1107 et
1232 1067 1260 1106 a
1288 1062 1433 1106 recta
1464 1052 1731 1121 planaque
1752 1051 1920 1106 scdu-

351 1156 473 1201 ctus
497 1145 604 1206 via,
637 1143 830 1197 incidit
862 1144 917 1197 in
948 1157 1142 1197 manus
1188 1141 1416 1196 diaboli.
1448 1141 1514 1195 Et
1556 1149 1806 1211 quisnam
1838 1141 1921 1195 lo-

354 1253 451 1292 cus
476 1247 561 1291 est
596 1237 699 1290 hoc
728 1236 1014 1289 obscurior
1048 1244 1103 1287 et
1138 1233 1479 1288 deformior?
1513 1233 1611 1287 llic
1665 1248 1795 1288 vero
1824 1234 1921 1287 bo-

355 1332 558 1385 minem
590 1328 928 1396 voluptatum
958 1326 1113 1396 c0pia
1145 1325 1496 1389 inebriatum,
1528 1325 1708 1380 omnis
1724 1340 1921 1381 sensus

353 1431 630 1491 expertem
668 1419 794 1473 fecit
824 1435 841 1471 ηε
878 1429 1010 1474 tunc
1057 1417 1227 1473 veluti
1267 1417 1544 1482 inebriati,
1580 1428 1677 1472 aut
1716 1419 1921 1473 inordi-

355 1524 485 1569 nato
505 1523 561 1568 et
582 1511 863 1582 superﬂuo
888 1510 1119 1565 humore
1143 1519 1199 1565 et
1229 1510 1464 1575 insania,
1498 1520 1590 1564 aut
1616 1524 1645 1564 a
1673 1510 1920 1565 daemone

355 1605 564 1677 agitati,
623 1604 914 1658 audientes
954 1617 1065 1657 non
1108 1602 1364 1665 audiunt,
1421 1610 1477 1657 et
1510 1601 1763 1656 videntes
1810 1618 1919 1657 non

348 1698 630 1761 sentiunt,
666 1704 892 1764 propter
925 1704 1163 1748 mentem
1220 1694 1429 1748 scilicet
1488 1704 1544 1748 et
1601 1694 1917 1759 rationem,

356 1805 474 1857 qua:
508 1788 664 1842 ducis
701 1787 880 1840 ollicio
916 1786 1187 1855 fungitur,
1239 1785 1523 1839 seductam
1578 1803 1591 1839 :
1627 1802 1815 1840 verum
1856 1802 1920 1841 ea

2020 779 2172 846 φίλον
2208 778 2316 831 ἀπὸ
2340 779 2434 832 τοῦ
2471 779 2668 849 ἐχθροῦ
2716 783 2812 835 καὶ
2846 783 3110 851 πολεμίου
3146 784 3252 837 ὑπὸ
3279 787 3379 856 τῆς
3424 788 3598 856 μέθης

2022 866 2115 919 καὶ
2144 867 2237 920 τοῦ
2270 868 2453 939 κόρου,
2472 869 2605 922 οὐδὲ
2628 870 2898 925 ἐϐούλετο.
2923 874 2982 926 Ei
3019 874 3076 927 δὲ
3103 876 3197 928 καὶ
3220 876 3316 944 ὀψέ
3351 894 3477 931 ποτε
3505 875 3599 946 ἦ)...

2020 957 2110 1008 Θεν
2144 959 2223 1021 είς
2277 960 2421 1028 ἴχνος
2458 960 2785 1031 αἰσθήσεως,
2843 962 2943 1017 οὐκ
3004 965 3228 1033 ἴσχυσεν
3277 968 3336 1019 ὲν
3378 969 3597 1040 δεσμοῖς

2019 1049 2403 1119 εὑρισκόμενος
2434 1048 2603 1114 οὕτως
2634 1054 2663 1104 6
2684 1052 2991 1122 ἄνθρωπος,
3010 1057 3249 1126 ἀρχῆθεν
3275 1058 3593 1129 πλανηθεὶς,

2020 1140 2113 1192 καὶ
2140 1141 2521 1209 παρατραπεὶς
2541 1141 2642 1211 τῆς
2673 1141 2911 1210 ἀληθοῦς
2933 1144 3027 1196 καλ⁵
3053 1144 3271 1209 εὐθείας
3309 1147 3452 1209 ὁδοῦ,
3483 1149 3599 1201 ἐνέ-

2021 1238 2185 1281 πεσεν
2206 1229 2285 1291 είς
2315 1232 2411 1289 τὰς
2440 1230 2628 1298 χεῖρας
2660 1229 2753 1282 τοῦ
2784 1230 3057 1287 διαϐόλου.
3095 1232 3203 1286 Καὶ
3234 1235 3384 1297 ποῖος
3406 1234 3595 1287 τούτου

2022 1319 2419 1388 σκοτεινότερος
2447 1320 2610 1383 τόπος
2653 1320 2687 1391 ἢ
2741 1322 3107 1393 ἀηδέστερος;
3169 1323 3228 1377 '0
3257 1324 3315 1376 δὲ
3353 1324 3597 1392 μεθύσας

2019 1410 2110 1464 τὸν
2163 1410 2449 1481 ἄνθρωπον
2494 1412 2598 1464 ὐπδ
2646 1412 2738 1465 τοῦ
2795 1413 3035 1483 πλήθους
3082 1415 3190 1467 τῶν
3221 1416 3446 1484 ἡδονῶν,
3502 1418 3597 1469 καὶ

2021 1503 2255 1572 ποιήσας
2282 1502 2655 1573 αὺτδν“πάντη
2692 1495 3040 1576 ἀναίσθητοῗι,
3073 1510 3167 1561 καὶ
3188 1507 3375 1578 ὥσπερ
3412 1509 3459 1561 oi
3492 1510 3597 1561 ὑπὸ

2020 1594 2164 1646 οἴνου
2198 1592 2503 1663 μεθύοντες,
2541 1595 2739 1664 μᾶλλον
2778 1596 2834 1649 δὲ
2872 1596 2976 1649 όπδ
3008 1596 3247 1652 ἀτάκτου
3288 1599 3464 1667 χυμοῦ
3501 1599 3596 1654 κ.ὶ

2020 1684 2405 1757 φρενίτιδος,ἢ
2451 1686 2554 1739 ὑπὸ
2602 1688 2857 1758 δαίμονος
2901 1688 3271 1760 ἐλαυνόμενοι,
3306 1690 3503 1744 ἀκούον
3538 1709 3597 1754 ες

2020 1777 2120 1829 οὐκ
2161 1777 2441 1844 ἀκούουσι,
2494 1780 2588 1832 καὶ⁵
2632 1779 2921 1849 βλέποντες
2963 1782 3064 1835 οὔκ
3111 1783 3473 1845 αἰσθάνονται,
3509 1785 3598 1837 διὰ

352 1896 474 1949 quae
507 1878 683 1932 solida
735 1888 883 1931 stant
913 1917 929 1943 ,
968 1887 1224 1945 tanquam
1266 1875 1487 1930 mobilia
1521 1876 1917 1947 imaginantur;

2021 1868 2082 1921 τὸ
2112 1869 2203 1922 τὸν
2234 1870 2479 1939 ἡγεμόνα
2511 1870 2635 1923 νοῦν
2668 1874 3123 1942 παρατραπῆναι,
3148 1874 3284 1927 ἀλλά
3328 1876 3395 1927 τὰ
3444 1876 3595 1927 ίστά-

353 1980 563 2038 etquae
612 1977 921 2029 moventur,
975 1966 1201 2021 immota
1252 1966 1554 2020 consistere
1605 1974 1829 2037 putant;
1867 1978 1924 2023 et

354 2076 473 2131 qua:
504 2061 614 2114 illis
660 2060 814 2113 utilia
868 2068 997 2113 sunt
1050 2068 1399 2125 aversantur,
1446 2058 1609 2113 noxia
1642 2074 1772 2115 vero
1806 2074 1924 2113 am-

356 2156 691 2225 plectuntun
725 2168 824 2207 nec
869 2152 1163 2207 honestum
1203 2153 1517 2222 bonumque
1556 2168 1586 2206 a
1611 2153 1754 2207 malo
1778 2151 1924 2221 diju-

350 2247 536 2301 dicare
572 2254 820 2314 possunt,
856 2258 957 2299 nec
991 2246 1058 2299 ab
1108 2244 1332 2299 inimico
1368 2245 1626 2298 amicum.
1676 2244 1789 2298 Hoc
1838 2243 1923 2312 ip-

354 2352 507 2398 sum.
537 2346 596 2389 ιιι
652 2338 890 2391 diximus
918 2376 933 2401 ,
966 2334 1176 2389 homini
1220 2335 1467 2404 contigit.
1503 2334 1733 2404 Respuit
1773 2334 1919 2388 enim

352 2430 547 2488 Deum;
592 2442 651 2482 et
699 2429 897 2496 ligatus
945 2445 975 2481 a
1018 2429 1261 2481 (la-mone
1307 2428 1361 2481 in
1394 2426 1737 2481 densissimis
1764 2426 1921 2495 igno-

354 2524 549 2574 rautia:
600 2520 842 2573 tenebris
884 2521 1224 2590 tyrannidem
1254 2519 1401 2573 illius
1443 2518 1723 2572 sustinuit.
1749 2517 1919 2571 David

350 2627 486 2666 vero
535 2612 722 2665 divina
758 2614 928 2679 gratia
964 2610 1204 2680 repletus
1243 2610 1532 2675 intellexit,
1568 2610 1622 2664 in
1653 2620 1919 2679 quantum

349 2702 617 2772 perniciei
682 2702 1034 2766 barathrum,
1086 2702 1377 2771 procellam
1426 2713 1482 2756 et
1542 2710 1917 2771 tempestatem

352 2795 521 2846 homo
552 2792 834 2853 inciderit,
873 2801 929 2845 et
968 2801 1172 2861 quanta
1198 2795 1368 2846 Deum
1401 2791 1647 2847 alIccerit
1679 2792 1879 2863 injuria
1901 2832 1918 2859 ,

356 2886 543 2954 ipsum
580 2884 918 2953 repudiando
951 2884 1172 2954 (duplex
1206 2883 1352 2938 enim
1396 2885 1485 2938 hic
1508 2880 1713 2956 injuria
1728 2882 1922 2957 depre-

353 2977 619 3033 benditur
648 2996 661 3029 :
700 2977 975 3033 hominem
1018 2977 1163 3031 enim
1213 2977 1413 3046 injuria
1438 2977 1617 3032 allecit
1645 2978 1918 3045 diabolus,

348 3068 496 3139 quod
529 3071 672 3123 hunc
708 3077 812 3122 tam
850 3068 1035 3137 procul
1068 3084 1098 3120 a
1133 3067 1243 3121 Deo
1277 3082 1337 3121 se
1361 3068 1616 3134 duxerit;
1643 3079 1728 3134 et,
1763 3071 1806 3123 si
1838 3070 1921 3123 di-

348 3176 472 3215 cere
505 3162 582 3215 las
612 3168 715 3225 est,
753 3159 805 3213 in
841 3161 1021 3229 ipsum
1059 3174 1280 3228 quoque
1305 3160 1477 3215 Deum
1498 3160 1631 3215 facit
1665 3162 1914 3232 injurias,
1943 3196 1987 3255 ο

348 3252 496 3317 illius
526 3252 779 3305 nimirum
829 3260 1142 3305 creaturam
1176 3250 1514 3306 seducendo.
1560 3251 1826 3306 Similiter
1862 3263 1915 3306 ct

350 3346 514 3397 homo
550 3343 718 3397 Deum
778 3342 963 3396 affecit
1018 3344 1243 3411 injuria,
1286 3344 1431 3413 quod
1468 3345 1573 3398 hoc
1608 3343 1914 3413 repudiato,

349 3436 550 3490 diaboli
586 3435 875 3503 imperium
910 3443 1129 3499 secutus
1179 3435 1297 3503 sit),
1327 3436 1452 3505 quis
1475 3435 1711 3505 denique
1740 3435 1917 3505 ipsum

350 3551 380 3585 ιι
409 3530 755 3585 densissimis
816 3529 1057 3582 tenebris
1102 3538 1155 3584 et
1206 3529 1500 3598 iniquitate
1530 3539 1679 3585 esset
1707 3530 1920 3583 redem-

350 3629 571 3689 pturus.
604 3616 738 3671 Cum
782 3617 967 3687 itaque
1004 3617 1271 3687 prepheta
1304 3617 1473 3683 dicat,
1512 3636 1529 3669 ι
1582 3616 1727 3672 Orirl
1760 3618 1920 3672 faciet

347 3710 660 3780 justitiam,
710 3727 728 3759 ι
796 3708 898 3761 hoc
958 3706 1170 3771 innuit,
1239 3708 1387 3777 quod
1453 3707 1917 3778 quemadmodum

350 3802 540 3871 a-groti
569 3802 622 3854 in
665 3798 908 3853 tenebris
938 3798 1356 3862 decumbentes,
1391 3798 1495 3869 ipsi
1550 3799 1774 3869 quidem
1808 3814 1919 3853 non

352 3894 406 3946 in
440 3893 617 3946 lucem
648 3890 921 3960 prodeunt
948 3933 962 3953 ,
1014 3890 1109 3945 sed
1141 3891 1231 3944 lux
1264 3890 1331 3945 ad
1364 3891 1487 3945 illos
1520 3898 1796 3959 penetrat,
1839 3889 1920 3945 sic

354 3983 515 4036 etiam
551 3980 758 4035 homini
820 3981 875 4034 in
928 3979 1219 4035 diabolicis
1278 3979 1524 4035 tenebris
1568 3979 1918 4035 decumbenti

353 4076 596 4131 exoritur
646 4075 692 4128 is
732 4073 826 4143 qui
860 4073 1251 4128 misericordiae
1284 4073 1493 4129 viscera
1539 4082 1658 4128 erat
1700 4089 1921 4129 assum-

354 4180 590 4237 pturus:
627 4183 736 4237 quo
779 4174 976 4222 exorto
1024 4176 1079 4221 et
1112 4177 1286 4221 totum
1328 4167 1515 4223 orbem
1549 4166 1917 4234 illuminante,

353 4274 547 4315 onmes
601 4258 838 4313 tenebra:
893 4259 1236 4313 discedentes
1275 4259 1680 4329 disparuerunt.
1748 4260 1921 4313 llomo

349 4364 483 4403 vero
518 4349 875 4415 illuminatus,
925 4351 1015 4404 ubi
1065 4351 1320 4421 cognovit
1357 4352 1467 4422 jam
1506 4350 1653 4421 quali
1700 4351 1921 4405 vinculo

354 4440 690 4494 constrictus
724 4440 1039 4503 decumbat,
1070 4450 1126 4495 et
1160 4440 1399 4509 seipsum
1435 4442 1586 4494 nullo
1627 4443 1790 4495 modo
1819 4443 1921 4494 ad-

2028 1978 2161 2032 μενα
2191 1962 2553 2029 φαντάζονται
2595 1963 2670 2027 ὡς
2724 1966 3043 2034 κινούμενα,
3073 1966 3142 2019 τὰ
3175 1969 3229 2021 δὲ
3299 1969 3597 2038 κινούμενα

2022 2053 2098 2117 ὡς
2130 2055 2414 2123 ἱστάμενα,
2472 2054 2567 2107 καλ⁵
2596 2056 2665 2109 τὰ
2694 2056 3011 2125 ὠφελοῦντα
3057 2059 3156 2128 μὲν
3210 2060 3407 2125 αὐτοὺς
3457 2063 3593 2113 ἀπο-

2025 2146 2280 2212 σείονται,
2311 2148 2380 2199 τά
2434 2146 2492 2200 δὲ
2542 2146 2847 2218 βλάπτοντα
2898 2151 3380 2220 περιπτύσσονται,
3418 2154 3507 2204 καὶ
3534 2154 3594 2205 οὐ

2021 2237 2270 2291 δύνανται
2334 2237 2633 2308 διακρίνειν
2680 2242 2741 2293 τὸ
2802 2241 2963 2295 καλὸν
3018 2242 3114 2295 τοῦ
3168 2243 3362 2305 κακοῦ,
3409 2244 3442 2312 ἢ
3496 2245 3593 2297 τοῦ

2022 2329 2217 2399 ἐχθροῦ
2246 2330 2337 2383 τὸν
2370 2330 2542 2400 φίλον.
2575 2331 2735 2385 Τοῦτ’
2771 2332 2901 2386 αὐτὸ
2923 2333 3215 2399 πέπονθεν,
3247 2334 3321 2397 ὡς
3358 2336 3595 2405 εἴρηται,

2022 2422 2115 2473 καὶ
2144 2421 2171 2473 ό
2206 2421 2510 2489 ἄνθρωπος.
2571 2422 2870 2493 Ἀθετήσας
2901 2424 2992 2476 τὸν
3046 2424 3200 2488 Θεὸν,
3235 2426 3329 2478 καὶ
3362 2426 3594 2495 δεσμευ-

2023 2513 2136 2576 Osi;
2186 2514 2289 2587 ὑπὸ
2326 2514 2421 2567 τοῦ
2478 2514 2755 2585 δαίμονος,
2798 2516 3146 2583 ἐτυραννεῖτο
3201 2518 3257 2568 ἐν
3307 2516 3594 2585 βαθυτάτῳ

2022 2607 2202 2658 σκότει
2237 2607 2333 2676 τῆς
2362 2607 2663 2673 ἀγνωσίας.
2705 2606 2765 2661 Ὀ
2798 2608 2853 2660 δὲ
2880 2607 3045 2661 Δαδὶδ
3074 2608 3415 2678 ἐμπλησθεὶς
3443 2608 3593 2671 θείας

2020 2697 2262 2767 χάριτος,
2319 2699 2414 2751 καὶ
2461 2698 2808 2767 κατανοήσας
2854 2701 2935 2762 εἰς
2982 2703 3135 2753 ποῖον
3178 2700 3453 2771 βάραθρον
3500 2702 3594 2755 καὶ

2019 2790 2294 2843 ἀπώλειαν
2332 2790 2591 2844 ἐνέπεσεν
2650 2792 2679 2844 6
2716 2791 3020 2861 ἅνθρωπος,
3066 2797 3158 2845 καὶ
3205 2794 3467 2856 κλύδωνα,
3500 2796 3592 2846 καὶ

2020 2881 2284 2951 χειμῶνα,
2327 2880 2420 2933 καὶ
2450 2880 2655 2951 ὁπόσην
2677 2882 2892 2934 ἀδικίαν
2930 2883 3159 2953 ἠδίκησε
3190 2883 3280 2936 τὸν
3311 2884 3446 2937 Θεὸν
3468 2884 3592 2936 dits-

2019 2975 2190 3043 τήσας
2223 2973 2406 3037 αὐτὸν,
2443 2973 2537 3025 καὶ
2582 2974 2666 3038 τίς
2718 2976 2865 3027 ἐστιν
2894 2978 2921 3027 6
2962 2976 3172 3044 μέλλων
3221 2976 3611 3045 λυτρώσεσθαι,

2020 3066 2183 3119 αὐτὸν
2212 3065 2306 3119 τοῦ
2351 3064 2656 3135 βαθυτάτου
2701 3066 2927 3131 σκότους
2974 3070 3070 3121 καὶ
3117 3069 3213 3137 τῆς
3243 3068 3481 3132 ἀδικίας,
3514 3070 3594 3122 6t-

2021 3155 2129 3224 πλῆ
2157 3157 2251 3209 καὶ
2300 3157 2411 3225 γὰρ
2458 3157 2750 3227 εὑρίσκετο
2789 3160 2820 3227 ή
2853 3159 3060 3226 ἀδικία,
3113 3160 3339 3231 ἠδίκησε
3366 3163 3473 3230 γὰρ
3503 3162 3594 3213 τὸν

2020 3249 2306 3319 ἄνθρωπον
2344 3253 2372 3303 6
2405 3249 2680 3315 διάϐολος,
2711 3251 3027 3321 ἀποστήσας
3059 3251 3219 3305 αὑτὸν
3256 3254 3472 3322 μακρὰν
3498 3251 3592 3305 τοῦ

2020 3340 2195 3393 Θεοῦ·
2238 3344 2287 3394 εί
2343 3341 2500 3411 θέμις
2553 3342 2610 3394 δὲ
2642 3344 2838 3409 εἰπεῖν,
2891 3344 3117 3413 ἠδίκησε
3166 3344 3262 3396 καὶ
3298 3345 3459 3396 αὐτον
3503 3346 3595 3397 τὸν

2019 3430 2171 3495 Θεὸν,
2203 3433 2482 3503 πλανήσας
2512 3433 2572 3486 τὸ
2606 3432 2831 3503 πλάσμα
2861 3434 3051 3500 αὑτοῦ,
3082 3435 3308 3505 ἠδίκησε
3328 3437 3371 3488 6'
3394 3439 3595 3505 ὀμοέως

2021 3525 2115 3576 καὶ
2144 3526 2171 3575 6
2196 3522 2481 3593 ἅνθρωπος
2510 3524 2603 3577 τὸν
2623 3524 2776 3591 Θεὸν,
2801 3525 3078 3595 ἀθετήσας
3108 3528 3292 3593 αὑτὸν,
3343 3530 3439 3579 καὶ
3469 3529 3596 3580 ἀκο-

2019 3612 2284 3682 λουθήσας
2316 3615 2393 3684 τῷ
2416 3614 2666 3686 διαϐόλῳ.
2699 3615 2798 3669 Διά
2820 3616 2950 3685 γοῦν
2972 3618 3035 3671 τὸ
3060 3620 3231 3671 εἰπεῖν
3261 3619 3594 3688 τδνρηροφή-

2018 3721 2139 3774 την,
2174 3722 2192 3754 ι
2234 3705 2508 3758 Ἀνατελεί
2538 3707 2940 3777 δικαιοσύνην,ι
2972 3709 3171 3776 ἔδειξεν
3208 3711 3289 3763 ὅτι
3324 3710 3511 3782 ὥσπερ
3541 3713 3594 3765 οί

2021 3797 2078 3847 ὲν
2106 3797 2285 3849 σκότει
2316 3797 2698 3865 εὑρισκόμενοι
2729 3799 2823 3850 καὶ
2858 3800 3099 3867 κείμενοι
3151 3801 3595 3871 ἀρρωστοῦντες,

2019 3886 2120 3939 οὐκ
2145 3887 2479 3956 ἀπέρχονται
2508 3890 2586 3950 είς
2620 3889 2711 3940 τὸν
2738 3888 2908 3957 ἣλιον,
2940 3890 3056 3942 ἀλλ’
3090 3893 3118 3943 ὀ
3143 3891 3295 3961 ἥλιος
3328 3894 3459 3961 πρὸς
3493 3894 3593 3945 αὑ·-

2021 3978 2167 4040 τοὺς,
2197 3978 2339 4030 οὕτω
2368 3979 2617 4047 κειμένου
2648 3980 2740 4032 τοῦ
2766 3980 3055 4049 ἀνθρώπου
3100 3984 3156 4034 ὲν
3184 3982 3259 4051 τῷ
3298 3983 3597 4054 διαϐολικῷ
3639 3972 3653 3998 ¹

2024 4070 2228 4135 σκότει,
2258 4070 2508 4123 ἀνατελεῖ
2535 4073 2562 4125 ό
2590 4072 2799 4141 μέλλων
2833 4073 3017 4126 λαϐεῖν
3057 4075 3339 4144 σπλάγχνα
3385 4076 3594 4143 οἰκτιρρ

2025 4162 2161 4229 μῶν.
2202 4162 2603 4229 ’Λνατείλαντος
2635 4164 2690 4217 δὲ
2730 4167 2963 4231 ἐκείνου,
3000 4168 3095 4219 καὶ
3130 4168 3470 4236 φωτίσαντος
3492 4170 3591 4229 τὴν

2020 4254 2367 4326 οἰκουμένην,
2410 4256 2714 4326 ἀπελήλατο
2763 4260 2912 4311 πᾶςα
2940 4260 3151 4324 σκοτία,
3177 4260 3272 4313 καὶ
3296 4261 3593 4332 ἠφανίσθη.

2021 4348 2312 4408 Φωτισθεὶς
2365 4347 2543 4400 τοίνυν
2590 4352 2618 4400 6
2672 4349 2979 4419 ἅνθρωπος,
3023 4350 3116 4403 καὶ
3145 4353 3486 4420 κατανοήσας
3535 4355 3593 4404 ἐν

2024 4438 2161 4508 ποίῳ
2212 4438 2394 4507 δεσμῷ
2424 4440 2707 4508 εὑρίσκετο
2733 4442 3004 4509 κείμενος,
3060 4443 3154 4496 καὶ
3190 4443 3264 4513 μὴ
3294 4444 3593 4513 δυνάμενος

346 4531 539 4598 juvare
567 4530 775 4595 Valens,
809 4528 877 4582 ad
910 4544 1036 4583 cum
1071 4530 1165 4598 qui
1192 4531 1297 4585 hoc
1316 4539 1513 4600 potest,
1545 4532 1789 4599 respicit.
1822 4532 1917 4586 llic

2024 4506 2185 4592 αὐτὸς
2226 4506 2403 4600 ἑαυτῷ
2432 4506 2719 4600 βοηθῆσαι,
2759 4506 3021 4600 ἀνέϐλεψε
3067 4506 3202 4601 πρὸς
3242 4506 3333 4587 τὸν
3361 4506 3596 4603 δυνόιμε⁸

349 4635 500 4684 vero,
524 4634 646 4673 cum
682 4619 851 4672 nollet
879 4618 1155 4673 hominem
1186 4620 1416 4675 ulterius
1443 4621 1646 4675 diaboli
1677 4621 1921 4691 tyranni-

350 4712 418 4765 de
444 4712 640 4778 premi,
661 4710 912 4764 liberavit
944 4725 1068 4764 cum
1099 4710 1439 4780 sanavitque.
1462 4710 1915 4776 Liberatusvero,

349 4810 679 4869 satiatusque
716 4813 824 4852 non
874 4799 1112 4869 amplius
1150 4799 1372 4855 diabolo
1417 4801 1646 4857 adhaesit
1672 4841 1687 4868 ,
1722 4817 1913 4857 verum

351 4895 449 4946 hac
482 4891 865 4960 redemptione
892 4891 1033 4945 facta
1059 4933 1073 4955 ,
1111 4906 1208 4961 per
1237 4891 1401 4947 ﬁdem
1438 4874 1683 4949 hominis
1708 4910 1770 4949 ea
1802 4911 1910 4965 qua

348 4984 494 5037 Deus
522 4983 751 5036 atiectus
792 4980 969 5035 fuerat
1016 4980 1216 5051 injuria
1253 4983 1499 5047 evanuit,
1527 4992 1582 5038 et
1619 4985 1783 5054 hujus
1811 5002 1911 5055 ap-

346 5074 529 5144 paruit
559 5069 794 5141 justitia,
832 5080 1024 5125 exorto
1067 5071 1172 5124 iam
1227 5072 1477 5127 rationali
1515 5074 1632 5129 sole
1658 5076 1903 5145 justititc,

346 5164 567 5217 Christo
594 5161 871 5213 nimirum.
904 5160 1079 5215 liomo
1113 5161 1298 5229 itaque
1328 5161 1434 5216 ﬁde
1455 5173 1733 5233 percepta,
1764 5173 1905 5220 tent-

344 5261 552 5323 pcstate
580 5261 633 5305 ct
670 5251 925 5306 ﬂuctibus
962 5262 1241 5313 carentem
1275 5251 1401 5307 ﬁdei
1431 5265 1651 5323 portum
1698 5256 1909 5327 ingrcs-

343 5358 458 5408 sus,
491 5342 898 5397 multitudinem
933 5343 1083 5412 pacis
1139 5359 1419 5413 nunquam
1467 5347 1731 5416 jactanda:
1777 5364 1905 5417 pro-

341 5437 496 5490 cellis
524 5446 615 5488 aut
649 5434 1045 5489 conturbandae
1074 5437 1302 5503 accepit.
1334 5435 1487 5489 Tunc
1508 5436 1790 5505 impletum
1821 5446 1908 5491 est

340 5526 559 5581 Davidis
585 5526 889 5590 oraculum,
911 5525 1165 5585 dicentis.
1192 5545 1209 5576 ι
1231 5526 1378 5581 Beati
1403 5541 1636 5595 quorum
1664 5530 1905 5581 remissa:

337 5628 462 5671 sunt
504 5617 845 5685 iniquitates,
876 5627 934 5673 et
964 5632 1199 5687 quorum
1230 5628 1452 5688 peccata
1498 5620 1713 5674 obtecta
1751 5631 1902 5674 sunt.

314 5709 543 5764 Beatus
574 5709 676 5771 \ir,
696 5709 785 5762 cui
821 5708 1084 5764 Dominus
1103 5718 1382 5779 peccatum
1408 5725 1514 5766 non
1540 5711 1848 5779 imputat”.
1876 5728 1894 5761 ι

410 5830 449 5859 ⁸⁵
483 5826 626 5881 Psat.
659 5841 808 5893 xxxi,
839 5827 888 5880 l.

2021 4638 2131 4676 νον.
2200 4623 2257 4675 Ὀ
2288 4623 2345 4675 δὲ
2396 4622 2472 4692 μὴ
2535 4625 2704 4677 θέλων
2760 4626 3017 4679 ὲπιπλέον
3060 4628 3441 4697 τυραννεῖσθαι
3489 4630 3595 4680 ὑπὸ

2018 4713 2114 4765 τοῦ
2145 4712 2395 4767 διαϐόλου
2420 4716 2510 4768 τὸν
2537 4716 2844 4785 ἄνθρωπον,
2871 4716 3060 4770 ἔλυσεν
3086 4718 3251 4770 αὑτὸν
3279 4720 3374 4771 καὶ
3398 4718 3592 4787 ἑθερά-

2026 4806 2430 4869 πευσε.Λυθεὶς
2462 4806 2640 4859 τοίνυν
2674 4807 2772 4859 καὶ
2806 4808 3162 4877 θεραπευθεὶς
3189 4810 3290 4864 οὐκ
3314 4810 3394 4864 ἔτι
3420 4826 3593 4879 προσο

2018 4892 2179 4945 ἑπεσε
2223 4893 2303 4962 τῷ
2347 4892 2601 4963 διαϐόλῳ,
2662 4894 2797 4947 ἀλλὰ
2844 4894 3032 4948 τούτου
3088 4899 3399 4966 γεγονότος,
3446 4900 3593 4966 ἠφα-

2018 4982 2171 5050 νίσθη
2200 4984 2234 5053 ή
2267 4983 2399 5054 πρὸς
2431 4983 2518 5036 τὸν
2544 4986 2677 5037 Θεὸν
2705 4984 2798 5036 τοῦ
2837 4984 3131 5056 ἀνθρώπου
3155 4987 3339 5042 ἀδικία
3380 4989 3468 5042 διὰ
3488 4987 3592 5057 τῆς

2019 5073 2273 5139 πίστεως,
2302 5075 2396 5126 καὶ
2426 5074 2743 5145 ἐφανερώθη
2783 5078 2814 5144 ή
2851 5076 3043 5129 τούτου
3075 5078 3417 5149 δικαιοσύνη,
3458 5082 3592 5133 dva-

2011 5169 2289 5231 τείλαντος
2322 5167 2416 5221 τοῦ
2445 5169 2634 5238 νοητοῦ
2666 5170 2763 5239 τῆς
2802 5170 3153 5237 δικαιοσύνης
3181 5169 3355 5241 ήλίου,
3397 5172 3588 5224 τουτί·

2020 5273 2105 5309 στι
2156 5257 2252 5310 τοῦ
2284 5258 2541 5325 Χριστοῦ.
2580 5259 2888 5322 Πιστευσας
2932 5260 3060 5327 γοῦν
3088 5263 3116 5313 6
3154 5261 3461 5332 ἄνθρωπος,
3495 5263 3592 5315 καὶ

2014 5346 2271 5400 εἰσελθὼν
2302 5351 2359 5400 ὲν
2390 5348 2465 5417 τῷ
2492 5336 2812 5419 ἀχειμηάστῳ
2841 5351 2935 5403 καὶ
2964 5353 3261 5422 ἀκυμάντῳ
3285 5352 3463 5421 λιμένι
3492 5353 3589 5421 τῆς

2011 5438 2263 5503 πίστεως,
2315 5440 2555 5492 ἀπέλαϐε
2609 5440 2815 5510 πλῆθος
2870 5443 3091 5513 εἰρήνης
3151 5444 3422 5513 μηδέποτε
3496 5460 3587 5495 σα-

2009 5529 2329 5600 λευομένης,
2364 5531 2395 5600 ἧ
2446 5532 2979 5605 παρενοχλουμένης.
3040 5534 3174 5587 Τότε
3204 5534 3498 5605 ἐπληρώθη
3529 5536 3590 5587 τὸ

2004 5621 2103 5673 τοῦ
2129 5623 2290 5673 Δαὸιδ
2324 5624 2501 5689 λόγιον
2559 5625 2618 5676 τὸ
2652 5625 2880 5694 φάσκον,
2939 5646 2960 5678 ι
2994 5628 3274 5697 Μακάριοι
3317 5622 3393 5683 ὧν
3434 5631 3589 5697 ἀφεί-

2008 5712 2179 5782 θησαν
2213 5716 2267 5767 αἱ
2301 5716 2541 5785 ἀνομίαι,
2576 5719 2670 5771 καὶ⁵
2707 5710 2781 5774 ὧν
2811 5718 3277 5791 ἀπεκαλύφθησαν
3307 5722 3363 5774 αἱ
3398 5721 3583 5790 ἀμαρ-
