4090 6450
421 411 525 478 401

1382 411 1689 473 CONTRA
1733 410 2235 480 MMIOME'I‘EM
2278 411 2658 474 APOLOGIA
2704 410 2752 471 I.

3589 411 3704 475 602

423 534 557 586 τὲαι.
604 529 892 604 Μακάριος
948 529 1127 601 ἀνὴρ,
1174 523 1220 600 ᾧ
1262 529 1324 584 οὗ
1375 529 1452 602 μὴ
1484 530 1772 602 λογίσηται
1807 523 2008 601 Κύριος

2134 528 2224 589 icti
2255 533 2402 604 quod
2436 533 2490 588 in
2517 532 2637 586 loco
2665 546 2828 601 supra
2859 530 3025 585 citato
3057 527 3223 593 dicit,
3275 547 3291 581 ι
3322 528 3377 583 ἰη
3411 527 3607 585 diebus
3636 532 3702 595 il-

422 625 722 694 ἁμαρτίαν.
759 643 778 676 ι
826 623 916 679 Ἐν
967 623 1046 694 τῷ
1082 624 1281 688 εἰπεῖν,
1316 623 1400 678 ὅτι
1461 641 1481 676 ι
1517 623 1576 675 ὲν
1603 623 1724 686 ταῖς
1773 624 2010 693 ἡμέραις

426 713 617 782 αὐτοῦ,
635 735 655 766 ι
689 713 888 782 ἔδειξεν
915 713 1200 786 ἄνθρωπον
1236 715 1366 771 ὄντα
1385 715 1477 768 τὸν
1507 714 1577 768 τὰ
1607 715 1831 770 τοιαῦτα
1851 714 2017 785 τερά-

430 827 552 862 στια
577 808 977 876 ἐργασάμενον.
1026 808 1118 861 Ἐν
1149 810 1261 878 γὰρ
1286 807 1366 878 τῷ
1399 807 1521 878 Θεῷ
1547 808 1765 878 ἡμέρας
1792 824 2018 878 περιερ-

428 897 745 966 γάζεσθαιῆ
777 899 999 968 μετρεῖν
1025 897 1086 950 οὐ
1113 895 1432 967 θεμιτόν.”0
1459 897 1516 950 δὲ
1541 896 1776 967 Χριστὸς
1807 897 2016 968 Ιἰγρξοιτο

429 989 564 1043 καθὸ
591 989 900 1061 ἄνθρωπος,
922 989 1018 1043 καὶ¹
1040 989 1232 1044 τούτου
1256 993 1310 1044 αἰ
1333 989 1542 1062 ἡμέραι
1565 989 1912 1062 μετροῦνται.
1945 991 2018 1044 Τὸ

427 1082 506 1146 δὲ,
538 1100 555 1132 ι
582 1082 688 1144 ἕως
727 1074 788 1134 οὗ
817 1082 1180 1153 άνταναιρεθῇ
1205 1083 1240 1154 ἡ
1264 1083 1528 1154 σελήνη.ἰ
1552 1084 1710 1138 τοῦτο
1728 1083 2020 1140 αἰνίττεται

432 1173 517 1225 ὅτι
545 1173 708 1237 αὐτὸς
731 1174 759 1226 ὁ
788 1173 1075 1242 ἄνθρωπος
1104 1176 1133 1227 6
1187 1174 1426 1246 ποιήσας
1477 1176 1618 1230 αὐτὰ
1638 1216 1654 1242 ,
1685 1178 1850 1242 αὐτός
1899 1177 2020 1231 ἐστι

431 1267 526 1316 καὶ
552 1264 705 1326 Θεὸς.
747 1263 1062 1333 Ἀνθρώπου
1087 1266 1196 1336 γὰρ
1223 1265 1381 1336 ψιλοῦ
1413 1267 1514 1320 οὐκ
1547 1265 1666 1322 ἔστι
1695 1267 1756 1322 τὸ
1785 1267 2022 1339 περισώ-

433 1354 645 1420 ζεσθαι,
684 1354 788 1418 ἕως
835 1348 897 1409 οὗ
933 1355 1000 1410 ἂν
1059 1357 1313 1410 ἵστασθαι
1343 1357 1444 1429 τὴν
1491 1358 1747 1429 σελήνην.
1803 1361 1877 1412 Τὸ
1911 1360 2020 1431 γάρ

436 1466 456 1497 ι
485 1447 590 1510 ἕως
618 1438 678 1498 οὗ
702 1447 1064 1518 άνταναιρεθῇ
1105 1450 1136 1515 ἡ
1185 1449 1407 1520 σελήνη,
1434 1467 1452 1495 ι
1475 1451 1626 1504 οὐδὲν
1649 1451 1777 1505 ἄλλο
1798 1451 1974 1523 δηλῶν
1994 1452 2022 1505 6

437 1539 730 1608 Προφήτης
779 1534 955 1602 εἴπεν,
985 1539 1102 1593 ἀλλ’
1142 1540 1175 1610 ἢ
1231 1541 1312 1593 ὅτι
1343 1541 1534 1611 ὥσπερ
1581 1543 1769 1614 ούδὲή
1823 1542 2020 1614 σελήνη

439 1628 620 1695 μέλλει
646 1629 1032 1699 διαφθαρῆναι,
1061 1629 1198 1683 ἀλλά
1226 1629 1516 1694 σώζεσθαι,
1541 1630 1714 1691 οὕτως
1737 1631 1858 1684 οὐδὲ
1881 1634 2024 1686 ἐκεῖ·

436 1734 524 1780 νος
557 1718 584 1769 6
617 1717 926 1787 ἄνθρωπος.
965 1719 1116 1771 Ἐπεὶ
1151 1719 1281 1785 γοῦν
1311 1719 1402 1772 τοῦ
1433 1719 1570 1772 Θεοῦ
1616 1720 1780 1787 μόνου
1807 1722 1925 1778 ἐστὶ
1961 1705 2023 1775 τὸ

438 1809 642 1880 κυρίως
669 1809 1057 1880 ἀτελεύτητον,
1111 1809 1317 1876 ἔδειξεν
1357 1797 1437 1864 ὅτι
1473 1814 1499 1865 6
1533 1814 1694 1876 αὑτός
1728 1814 1845 1867 ἐστι
1883 1814 2018 1879 Θεός

436 1917 496 1953 τε
531 1902 624 1953 καὶ
664 1899 970 1970 ἅνθρωπος.
991 1899 1077 1952 Ἐν
1107 1899 1164 1953 δὲ
1188 1899 1266 1970 τῷ
1295 1901 1488 1966 εἰπεῖν,
1531 1903 1612 1954 ὅτι
1645 1919 1664 1953 ι
1696 1902 2016 1973 Προσκυνή-
2049 1881 2092 1940 Β

444 2009 625 2044 σουσιν
658 1990 808 2061 αὐτῷ
838 1992 1038 2054 πάντες
1087 1993 1137 2045 οἰ
1172 1993 1412 2063 βασιλεῖς
1468 1993 1567 2062 τῆς
1596 1997 1718 2064 γῆς,
1746 2013 1765 2046 ι
1805 1995 1898 2048 καὶ
1943 1995 2024 2060 τὸ,

445 2101 465 2136 ι
498 2082 676 2135 Πάντα
701 2083 768 2136 τά
803 2081 927 2153 ἔθνη
964 2082 1339 2139 δουλεύσουσιν
1363 2084 1530 2156 αὐτῷ,
1552 2103 1570 2136 ι
1594 2085 1762 2150 ἔδειξε
1778 2086 1876 2156 τὴν
1894 2086 2030 2157 πρὸς

439 2175 530 2226 τὸν
563 2174 796 2245 Χριστὸν
831 2174 940 2228 τῶν
985 2173 1157 2228 ἐθνῶν
1203 2176 1566 2246 ὲπιστρορὴν,
1597 2167 1700 2230 ’καὶ
1757 2176 1856 2248 τὴν
1912 2177 2020 2230 τῶν

445 2265 703 2336 βασιλέων
736 2265 1130 2337 προσκύνησιν.
1173 2265 1289 2321 Ἵνα
1307 2266 1366 2320 δὲ
1394 2267 1468 2337 μὴ
1509 2267 1738 2321 εἴπωσιν
1760 2269 1808 2324 οἰ
1851 2268 2031 2340 βουλό-

446 2377 595 2428 μενοι
628 2360 1076 2431 παραχαράττειν
1101 2360 1202 2432 τὴν
1232 2361 1512 2433 ἀλήθειαν,
1561 2363 1645 2416 ὅτι
1701 2361 1827 2432 περί
1880 2380 2027 2426 τινος

447 2449 708 2518 βασιλέως
763 2451 987 2520 ἰσχυροῦ
1041 2450 1140 2520 μὲν
1201 2450 1375 2518 ὄντος,
1414 2450 1491 2515 ὡς
1541 2449 1636 2504 τοῦ
1681 2449 1901 2507 Ἰουλίου
1929 2451 2026 2504 καὶ

446 2539 756 2608 Αὐγούστου
791 2543 886 2594 καὶ
910 2539 1187 2612 Τιϐερίου,
1211 2540 1410 2605 οἵτινες
1455 2541 1900 2612 προσεκυνοῦντο
1930 2542 2028 2613 μὲν

448 2633 594 2701 παρὰ
629 2633 736 2686 τῶν
784 2631 1048 2703 βασιλέων
1092 2632 1194 2703 τῆς
1247 2633 1351 2703 γῆς
1410 2636 1505 2690 καὶ
1543 2633 1652 2686 τῶν
1709 2634 1901 2699 ἐθνῶν,
1933 2634 2030 2687 καὶ

447 2723 740 2795 ἐπῃνοῦντο
797 2725 928 2795 παρ’
959 2727 1208 2790 ἐκείνων,
1253 2723 1394 2798 ἦσαν
1448 2727 1505 2782 δὲ
1556 2729 1708 2798 ὅμως
1755 2729 2031 2798 ἄνθρωποι

446 2817 539 2868 καὶ
556 2817 706 2870 αὐτοὶ
735 2816 809 2880 ὡς
831 2818 879 2870 οἱ
908 2817 1128 2882 πάντες,
1153 2815 1324 2872 εἰπὼν
1349 2819 1432 2871 ὅτι
1459 2837 1477 2870 ι
1501 2814 1808 2891 Εὐλογητὸκν
1831 2819 1890 2874 τὸ
1919 2819 2033 2874 ὅνο-

453 2923 527 2975 μα
543 2907 728 2969 αὐτοῦ,
757 2927 775 2959 ι
794 2908 1134 2978 προσέθηκεν
1151 2910 1232 2962 ὅτι
1259 2929 1278 2961 ι
1307 2911 1386 2973 εἰς
1408 2910 1533 2974 τοὺς
1545 2911 1802 2974 αἰῶνας.»
1825 2911 2032 2976 Παντὸς
2053 2929 2058 2932 ·

447 2999 556 3068 γὲρ
583 2997 868 3067 ἀνθρώπου
899 2998 1121 3064 ἔπαινος
1153 3003 1210 3053 ἐν
1240 3000 1378 3072 τῷδε
1408 2999 1488 3071 τῷ
1538 3001 1636 3073 βίῳ
1664 3003 2020 3058 συναποτίθε-

449 3105 512 3139 τε
525 3107 562 3139 ι.
589 3087 735 3139 Μετὰ
757 3087 815 3140 δὲ
848 3088 947 3160 τὴν
975 3088 1070 3143 τοῦ
1099 3090 1368 3158 παρόντος
1392 3091 1604 3162 κόσμου
1634 3093 2033 3163 συμπλήρωσιν

2119 625 2227 679 lius
2253 665 2266 687 ,
2307 643 2324 675 ι
2358 623 2542 677 innuit
2603 621 2885 676 hominem
2918 619 3056 684 fore,
3112 623 3205 689 qui
3271 619 3388 674 haec
3435 619 3702 675 miracula

2122 715 2373 771 editurus
2403 715 2492 770 sit.
2524 713 2586 767 In
2613 713 2726 767 Deo
2759 712 2906 766 enim
2938 711 3058 775 dies
3088 711 3364 766 curiosius
3397 711 3700 780 inquirere,

2119 801 2205 856 vel
2237 815 2558 856 mensurare
2593 788 2746 854 nefas
2772 809 2878 856 est.
2909 799 3166 856 Christus
3192 808 3396 863 autem,
3433 808 3707 875 quatenus

2119 893 2288 948 homo
2310 901 2418 955 est,
2454 892 2672 948 initium
2698 892 2913 959 habuit,
2944 901 2998 947 et
3031 892 3197 961 hujus
3219 893 3340 948 dies
3376 907 3705 948 mensurano

2121 998 2233 1046 tur.
2263 987 2400 1043 Illud
2425 1003 2576 1053 vero,
2613 1005 2632 1040 ‹
2665 988 2841 1044 donec
2871 987 3153 1044 auferatur
3178 988 3330 1053 luna,
3370 1007 3388 1040 ι
3423 989 3576 1044 nullo
3599 989 3707 1044 alio

2121 1095 2286 1136 sensu
2315 1078 2582 1148 propheta
2611 1078 2792 1142 dixit,
2823 1095 2987 1149 quam
3025 1079 3152 1142 hoc,
3187 1079 3334 1148 quod
3369 1080 3538 1135 veluti
3572 1081 3705 1135 luna

2122 1169 2387 1225 servanda
2412 1177 2516 1234 est,
2547 1184 2647 1224 nec
2681 1170 2950 1240 peritura,
2982 1169 3056 1225 ita
3085 1185 3188 1226 nec
3214 1170 3302 1224 ille
3329 1169 3513 1225 homo.
3549 1169 3707 1237 Quo-

2124 1261 2270 1316 niam
2306 1275 2436 1316 vero
2491 1260 2744 1316 absolute
2789 1260 2899 1316 fine
2929 1263 3250 1317 carere-soli
3283 1263 3395 1316 Deo
3423 1263 3706 1334 proprium

2122 1361 2229 1416 est,
2257 1353 2520 1409 indicavit
2552 1354 2728 1418 hisee,
2755 1355 2902 1425 quod
2938 1355 3028 1410 hic
3062 1363 3118 1410 et
3148 1354 3260 1410 Deo
3281 1370 3306 1410 s
3333 1365 3387 1410 et
3423 1355 3590 1409 homo
3614 1355 3705 1410 sit.

2124 1447 2241 1504 Illis
2294 1463 2426 1504 vero
2456 1446 2679 1515 verbis,
2728 1467 2746 1499 ‹
2790 1448 3112 1502 Adorabunt
3159 1464 3284 1502 cum
3317 1463 3508 1502 mnnes
3557 1462 3711 1516 rcges

2128 1543 2326 1601 teme,
2374 1544 2430 1591 et
2457 1552 2649 1593 omnes
2677 1547 2868 1607 gentes
2927 1537 3166 1593 servient
3238 1537 3339 1602 illi,
3386 1555 3404 1589 ι
3447 1536 3713 1591 indicavit

2127 1630 2373 1698 gentium
2425 1629 2846 1684 conversionem
2903 1630 2968 1684 ad
3022 1629 3346 1692 Christum,
3408 1639 3461 1684 et
3517 1646 3708 1697 regum

2129 1719 2532 1776 adorationem.
2570 1719 2650 1776 Ne
2691 1736 2822 1775 vero
2877 1720 2932 1774 hi
2968 1721 3061 1791 qui
3097 1721 3387 1777 veritatem
3422 1721 3710 1776 destruere.

2127 1816 2185 1863 et
2215 1810 2488 1864 invertere
2529 1809 2794 1879 cupiunt,
2826 1809 2941 1865 haec
2977 1811 3046 1865 de
3089 1826 3215 1880 rege
3269 1812 3454 1880 aliquo
3489 1813 3708 1880 potenti

2131 1910 2188 1956 et
2219 1901 2424 1956 invicto
2455 1901 2850 1972 intelligerent,
2901 1910 3094 1973 utpote
3121 1903 3290 1968 Iulio,
3317 1903 3586 1974 Augusto,
3614 1902 3709 1956 'I‘i-

2130 1991 2308 2055 berio,
2337 1993 2421 2047 vel
2451 1993 2597 2056 aliis,
2633 1993 2725 2062 qui
2760 2003 2812 2049 et
2848 1993 2949 2062 ipsi
2979 2011 3010 2049 a
3043 1994 3266 2065 regibus
3291 2008 3453 2050 terra:
3491 2005 3542 2050 et
3577 2012 3713 2065 gen-

2133 2083 2278 2139 tibus
2308 2083 2522 2138 adorati
2577 2092 2729 2150 sunt,
2773 2093 2831 2140 et
2877 2069 2946 2139 ab
2998 2086 3086 2140 his
3125 2087 3430 2151 celebrati,
3460 2090 3712 2156 quamvis

2131 2174 2384 2230 homines
2410 2185 2618 2241 essent,
2655 2185 2716 2230 ut
2749 2189 2803 2231 et
2827 2192 2929 2232 nos
2955 2193 3171 2243 omnes,
3207 2179 3375 2233 David
3413 2195 3538 2233 eum
3573 2180 3710 2234 dicit

2131 2279 2331 2321 nomen
2382 2266 2504 2335 ejus
2551 2281 2676 2320 esse
2725 2266 3119 2331 benedictum,
3165 2268 3330 2323 etiam
3380 2270 3486 2322 hoc
3517 2269 3708 2330 addit,
3753 2333 3760 2338 ,

2137 2373 2156 2409 ι
2205 2356 2260 2410 in
2291 2357 2509 2412 sarcula.
2553 2375 2572 2408 ι
2608 2357 3056 2428 Uniuscujusque
3099 2357 3247 2413 enim
3303 2359 3544 2414 hominis
3593 2361 3712 2413 laus

2133 2451 2188 2502 in
2222 2448 2328 2502 vita
2355 2448 2458 2503 hac
2488 2463 2594 2506 una
2629 2463 2755 2502 cum
2790 2449 2881 2503 illa
2903 2449 3199 2520 deponitur
3224 2467 3240 2506 :
3268 2451 3361 2505 sed
3383 2463 3504 2520 post
3521 2452 3710 2506 mundi

2133 2540 2300 2611 hujus
2344 2539 2884 2596 cousummationem
2915 2555 3019 2598 nec
3051 2539 3172 2595 laus
3202 2541 3378 2612 ipsius
3406 2556 3713 2613 permanet,

2137 2649 2240 2689 nec
2270 2633 2512 2689 infamia.
2548 2632 2676 2690 Sola
2715 2633 2864 2689 enim
2898 2649 3064 2703 opt-ra
3092 2634 3240 2690 illius
3291 2651 3396 2689 una
3429 2651 3550 2688 cum
3597 2637 3718 2705 ipso

2133 2729 2426 2785 discedunt
2455 2769 2471 2794 ,
2509 2743 2744 2798 quorum
2793 2729 2961 2782 etiam
2995 2728 3394 2782 retaliationem
3426 2728 3494 2782 ah
3523 2744 3589 2781 eo
3619 2745 3716 2782 ex-

2133 2829 2346 2891 spectat
2403 2821 2495 2886 qui
2532 2819 2798 2874 mundum
2829 2819 3180 2890 iudicaturus
3231 2829 3352 2880 est.
3406 2820 3523 2874 sive
3573 2819 3716 2873 bona

2133 2913 2344 2970 fuerint
2368 2954 2380 2977 ,
2411 2912 2528 2967 sive
2553 2911 2760 2972 minus.
2806 2911 2946 2965 Illud
2978 2926 3136 2976 vero,
3168 2927 3187 2961 ι
3224 2910 3282 2964 In
3315 2910 3515 2966 secula
3545 2911 3716 2964 bene-

2135 3005 2347 3074 dictum
2383 3002 2492 3065 erit
2516 3015 2718 3056 nomen
2771 3000 2974 3070 ipsius,
3019 3018 3038 3052 ι
3076 3015 3421 3070 nequaquam
3476 2999 3716 3054 hominis

2139 3102 2250 3168 est,
2275 3092 2370 3148 sed
2403 3091 2520 3155 Dei.
2548 3091 2706 3158 Item,
2742 3109 2762 3142 ι
2798 3089 2940 3145 Ante
2969 3089 3138 3144 solem
3191 3097 3477 3158 permanet
3513 3104 3716 3144 nomen

373 3256 378 3264 η
449 3178 574 3230 οὔτε
608 3181 635 3232 6
661 3179 850 3232 τούτου
875 3179 1092 3245 ἔπαινος
1124 3183 1394 3253 διαμένει,
1449 3184 1566 3238 ἀλλ’
1620 3185 1745 3238 οὔτε
1778 3185 1807 3238 6
1833 3186 2027 3257 ψόγος.

2138 3186 2310 3261 illius.
2345 3203 2363 3238 ι
2408 3184 2543 3252 Quis
2576 3198 2707 3252 rogo
2740 3183 3025 3237 hominum
3062 3189 3190 3237 ante
3215 3181 3386 3236 solem
3427 3179 3716 3236 conditum

388 3324 390 3328 ,
452 3272 600 3324 Μὸνα
620 3273 672 3325 δὲ
698 3273 766 3326 τὰ
793 3271 957 3327 αὑτοῦ
989 3274 1130 3345 ἔργα
1153 3277 1592 3347 συναπέρχονται
1622 3277 1794 3349 αὐτῷ,
1821 3278 2032 3342 καὶτὰς

453 3364 511 3428 ἐξ
547 3365 722 3418 αὐτῶν
774 3367 1008 3435 ἀμοιϐὰς
1060 3367 1342 3439 ἐκδέχεται
1386 3369 1536 3442 παρᾷ
1595 3369 1689 3441 τοῦ
1743 3369 2030 3440 μέλλοντος

429 3454 658 3528 εκρίνειν
689 3458 787 3527 τὴν
819 3458 1170 3529 οἰκουμένην,
1222 3460 1333 3512 εἴτε
1366 3461 1549 3528 ἀγαθά
1603 3464 1762 3529 εἰσιν,
1794 3464 1904 3515 εἴτε
1935 3462 2030 3515 καὶ

460 3548 553 3614 μή.
587 3547 659 3600 τὸ
691 3547 771 3613 δὲ,
808 3566 827 3599 ι
858 3549 950 3612 Εἰς
977 3551 1102 3613 τοὺς
1132 3550 1339 3613 αἰῶνας
1369 3551 1521 3606 ἔσται
1576 3552 1942 3624 εύλογημένον
1976 3552 2035 3605 τὸ

454 3635 624 3706 ὄνομα
647 3640 831 3704 αὐτοῦ,
855 3641 983 3694 »οὐκ
1021 3642 1166 3696 ἔστιν
1187 3641 1497 3715 ἀνθρώπου,
1523 3645 1658 3698 άλλὰ
1683 3645 1841 3701 Θεοῦ.
1875 3663 1894 3696 ι
1924 3645 2037 3714 Πρὸ

453 3729 548 3781 τοῦ
591 3731 738 3800 ἡλίου
770 3733 1014 3802 διαμένει
1046 3735 1108 3788 τὸ
1139 3734 1311 3806 ὄνομα
1338 3737 1527 3792 αὐτοῦ.
1566 3739 1585 3790 ὸ
1615 3739 1772 3801 Ποῖος
1798 3737 1907 3791 τῶν
1935 3738 2028 3789 άν-

2141 3277 2464 3333 invenitur?
2498 3274 2694 3330 Nullus
2725 3275 2974 3340 omnino,
3007 3283 3064 3330 et
3107 3287 3214 3328 nec
3261 3273 3378 3342 ipse
3425 3271 3717 3336 Christus,

2143 3379 2416 3441 quatenus
2447 3369 2613 3423 homo
2641 3376 2748 3436 est,
2781 3368 2876 3422 sed
2908 3375 3182 3438 quatenus
3207 3365 3352 3421 Deus
3371 3373 3474 3419 est.
3511 3363 3717 3419 Secun-

2142 3463 2274 3518 dum
2308 3461 2706 3516 humanitatem
2736 3474 2869 3514 vero
2895 3469 2948 3514 et
2974 3473 3093 3514 esse
3115 3459 3302 3529 empit,
3333 3465 3387 3511 et
3415 3456 3532 3512 dies
3555 3455 3719 3511 habet

2143 3560 2525 3620 mensuratos;
2563 3560 2619 3606 et
2647 3550 3016 3605 adoravcrunt
3046 3565 3172 3604 eum
3203 3564 3397 3619 omnes
3426 3559 3637 3618 gentes,
3662 3556 3720 3604 et

2143 3659 2338 3699 omnes
2368 3658 2524 3714 reges
2576 3653 2738 3699 terrze
2761 3681 2776 3706 ,
2811 3654 2872 3696 ut
2902 3641 3075 3698 Deum
3119 3651 3176 3698 et
3219 3640 3496 3710 hominem
3521 3681 3535 3709 ,
3566 3649 3624 3696 et
3663 3641 3716 3698 in

2141 3751 2210 3790 eo
2234 3749 2426 3790 omnes
2455 3745 2643 3806 gentes
2670 3742 2798 3789 sunt
2826 3731 3150 3805 benedictae.

458 3821 690 3890 θρὼπων
719 3825 1030 3895 εὑρίσκεται
1080 3827 1186 3898 πρὸ
1224 3827 1316 3882 τοῦ
1346 3829 1536 3901 ἡλίους
1610 3833 1838 3892 Πάντως
1901 3828 2098 3893 οἰδεὶς,
2139 3829 2249 3886 οὐδ’
2297 3828 2458 3891 αὐτὸς
2505 3829 2533 3886 6
2580 3827 2814 3897 Χριστὸς
2864 3824 3002 3879 καθὸ
3049 3823 3357 3894 ἄνθρωπος,
3404 3821 3542 3875 ἀλλὰ
3585 3819 3722 3904 καθὸ

458 3914 609 3978 θεός.
646 3917 796 3970 Καθὸ
823 3918 879 3970 δὲ
917 3919 1222 3989 ἄνθρωπος,
1268 3924 1362 3978 καὶ
1394 3922 1633 3993 ἤρξατο,
1689 3925 1782 3976 καὶ
1808 3923 2024 3992 ἡμέραν
2065 3921 2174 3991 ἔχει
2206 3919 2631 3990 μεμετρημένην
2659 3934 2675 3952 ⁸
2700 3915 2795 3972 καλ⁸
2841 3915 3263 3987 προσεκύνησαν
3320 3915 3484 3968 αὐτὸν
3545 3909 3723 3967 πάντα

459 4009 525 4060 τὰ
553 4008 703 4080 ἔθνη,
729 4009 824 4063 καὶ
852 4010 1052 4076 πάντες
1080 4013 1129 4066 οἰ
1163 4013 1406 4087 βασιλεῖς
1437 4015 1536 4085 τῆς
1596 4015 1720 4086 γῆς,
1752 4015 1826 4079 ὡς
1885 4015 2017 4071 Θεόν
2045 4031 2106 4068 τε
2147 4015 2240 4068 καὶ
2273 4013 2584 4085 άνθρωπον,
2614 4013 2706 4066 καὶ
2744 4014 2801 4065 ἐν
2831 4009 2984 4082 αὐτῷ
3024 4004 3408 4083 ηὐλογήθησαν
3444 4007 3622 4062 πάντα
3654 4009 3723 4060 τά

460 4101 609 4172 ἔθνη.

529 4202 599 4266 η’.
623 4198 731 4250 Καὶ
766 4196 980 4269 συνᾴδει
1023 4198 1176 4269 ήτοῦ
1221 4198 1722 4272 Δαϐὶδᾚπροφητεία
1757 4203 1894 4272 μετὰ
1941 4199 2032 4256 τοῦ

467 4289 696 4342 ’ἰῐσαῖου
721 4290 814 4342 καὶ
863 4287 1057 4343 Ἰακὼϐ
1083 4291 1348 4346 εἰπόντων
1379 4295 1506 4362 περὶ
1539 4293 1632 4345 τοῦ
1668 4291 1930 4362 Χριστοῦ,
1954 4292 2035 4350 ὅτι

459 4367 899 4450 ἐστὶνπροσδοκία
944 4379 1134 4445 ἐθνῶν,
1171 4381 1247 4444 ὡς
1309 4383 1369 4434 ὲν
1413 4385 1524 4445 τοῖς
1556 4381 1870 4453 ἔμπροσθεν
1895 4383 2034 4434 ἀποι-

458 4472 743 4527 δέδεικται.
798 4472 987 4541 Ὅμως
1033 4471 1102 4531 τὰ
1130 4472 1306 4527 πάντα
1354 4473 1592 4526 συνελὼν
1642 4476 1670 4527 6
1715 4475 2036 4545 Προφήτης,

459 4563 558 4614 καὶ
583 4561 919 4632 θεασάμενος
961 4561 1062 4633 τὴν
1117 4563 1210 4617 τοῦ
1243 4563 1378 4616 Θεοῦ
1427 4564 1604 4634 Λόγου
1664 4563 1753 4617 διὰ
1805 4565 1902 4632 τὴν
1930 4563 2040 4616 τῶν

460 4651 761 4721 ἀνθρώπων
794 4653 1070 4724 σωτηρίαν
1099 4654 1528 4722 συγκατάϐασιν,
1567 4655 1662 4708 καὶ
1691 4655 1772 4707 ὅτι
1803 4654 1935 4716 Θεὸς
1962 4651 2036 4706 ὢν

366 4728 378 4737 κ
465 4743 650 4810 μέλλει
699 4744 952 4811 γενέσθαι
1005 4743 1311 4812 ἄνθρωπος,
1375 4745 1470 4798 καὶ
1519 4743 1642 4798 ἰδὼν
1701 4745 1794 4798 τὸν
1848 4745 2040 4813 πρώην

462 4833 652 4904 ἄγριον
680 4834 775 4888 καὶ
804 4833 990 4904 ἀπηνῆ
1020 4834 1286 4903 τύραννον
1315 4834 1407 4889 τὸν
1433 4835 1698 4900 διάϐολον,
1736 4837 1860 4889 ὅσον
1884 4834 2040 4888 οὓπω

463 4923 614 4992 παρὰ
637 4923 729 4976 τοῦ
756 4922 1187 4994 τυρανηθέντος
1211 4924 1301 4976 ὑπ’
1321 4923 1486 4978 αὐτοῦ
1519 4925 1806 4994 ἀνθρώπου
1837 4927 2040 4996 ἐμπαι-

463 5013 691 5082 ζόμενον
720 5015 812 5067 καὶ
838 5014 1343 5083 καταπατούμενον,
1383 5015 1571 5079 ἔνθους
1601 5016 1692 5086 ὑφ’
1722 5017 1916 5086 ἡδονῆς
1953 5034 2042 5084 γε-

463 5103 659 5171 γονὼς,
693 5104 951 5177 ὲξεϐόηρε
999 5105 1100 5175 τὴν
1133 5107 1412 5174 μακαρίαν
1467 5107 1684 5176 ἐκείνην
1717 5108 1922 5177 φωνὴν,
1950 5109 2040 5174 τὸ,

470 5212 491 5247 ι
518 5195 815 5263 Εὐλογητὸς
845 5195 1050 5266 Κύριος
1074 5197 1103 5247 6
1131 5195 1262 5259 Θεὸς
1282 5195 1377 5248 τοῦ
1394 5196 1628 5267 Ἰσραὴλ,
1660 5198 1690 5248 6
1723 5198 1892 5250 ποιῶν
1913 5196 2043 5250 θαυ-

467 5287 636 5356 μάσια
668 5287 863 5357 μόνος,
917 5288 1010 5340 καὶ
1039 5287 1407 5357 εὐλογημένον
1459 5289 1516 5340 τὸ
1549 5289 1727 5360 ὄνομα
1754 5289 1923 5343 αὐτοῦ
1962 5293 2043 5354 εἰς

463 5379 556 5431 τὸν
580 5378 773 5442 αἰῶνα,
804 5378 904 5431 καὶ
953 5378 1032 5441 εἰς
1083 5377 1177 5430 τὸν
1209 5377 1380 5432 αἰῶνα
1426 5379 1522 5432 τοῦ
1549 5381 1762 5452 αἰῶνος.
1806 5399 1826 5432 ι
1898 5377 2044 5452 Ἀρα

465 5469 659 5539 χρῄζει
687 5421 784 5522 καλ
811 5471 840 5523 6
870 5421 1062 5539 παρῶν
1097 5467 1252 5535 λόγος
1290 5470 1628 5540 ἐξηγήσεως,
1657 5472 1688 5541 ἢ
1717 5421 1795 5534 Eb;
1827 5473 1858 5543 ἡ

2211 4199 2264 4255 8.
2301 4198 2468 4254 Porro
2515 4197 2628 4253 hzec
2679 4195 2899 4252 Davidie
2951 4195 3239 4266 prophetia
3307 4209 3434 4248 cum
3489 4193 3626 4248 Isaia
3665 4204 3724 4248 et

2139 4290 2344 4348 Jacoho
2370 4289 2652 4354 convenit,
2703 4289 2796 4358 qui
2849 4286 2917 4342 de
2967 4287 3192 4342 Christo
3225 4285 3437 4352 dicunt,
3473 4286 3620 4356 quod
3652 4288 3724 4342 sit

2139 4381 2485 4450 exspectatio
2520 4381 2791 4450 gentium,
2826 4378 3290 4450 quemadmodum
3323 4379 3376 4438 in
3417 4378 3724 4450 superiori-

2143 4469 2248 4524 bus
2309 4468 2748 4523 demonstratum
2779 4476 2884 4524 est.
2924 4467 3169 4524 Tandem
3204 4483 3334 4531 vero,
3361 4469 3545 4534 omnia
3578 4484 3726 4542 eom-

2145 4561 2494 4630 prehcndcns
2521 4560 2814 4641 propheta,
2852 4570 2909 4620 et
2933 4560 3238 4631 respiciens
3271 4559 3437 4621 Verbi
3457 4561 3550 4616 Dei
3584 4576 3723 4617 con-
3815 4551 3824 4556 ’

2143 4651 2513 4704 versationem
2546 4651 2650 4722 prb
2679 4642 2966 4716 hominum
3017 4651 3196 4717 salute
3242 4651 3462 4719 factam,
3489 4660 3547 4706 et
3576 4655 3723 4724 quod

2142 4742 2289 4797 Deus
2326 4742 2599 4796 exsistens
2668 4742 2950 4800 hominem
2983 4751 3369 4812 assumptums
3399 4752 3547 4797 esset
3588 4763 3602 4798 :
3640 4744 3724 4796 vi-

2139 4834 2278 4888 dens
2338 4832 2580 4901 denique
2636 4832 2790 4886 illum
2839 4832 3004 4891 modo
3056 4833 3292 4898 ferocem
3343 4844 3400 4888 et
3455 4834 3723 4888 immitem

2149 4933 2442 4996 tyrannum
2475 4923 2760 4988 diabolum
2797 4924 2867 4978 ab
2899 4925 3124 4980 homine
3149 4965 3165 4990 ,
3205 4941 3368 4996 quem
3403 4927 3567 4980 modo
3599 4936 3725 4981 ante

2151 5014 2442 5085 tyrannide
2474 5023 2774 5084 presserat,
2805 5015 2916 5085 jam
2965 5025 3175 5071 tantum
3206 5031 3318 5070 non
3353 5017 3576 5070 illusum
3605 5030 3728 5072 esse

2146 5114 2205 5159 et
2240 5084 2549 5161 conculcari
2573 5145 2589 5167 .
2627 5084 2907 5176 voluptate
2965 5107 3122 5178 quasi
3171 5107 3432 5177 abreptus
3461 5147 3475 5172 ,
3511 5107 3726 5162 beatam

2149 5196 2321 5256 illam,
2344 5212 2532 5252 vocem
2562 5197 2877 5252 exclamans
2922 5198 3127 5267 profert
3158 5215 3172 5252 :
3213 5217 3232 5249 ι
3263 5198 3594 5254 Benedictus
3622 5200 3728 5254 Do-

2151 5286 2336 5342 minus
2364 5287 2512 5344 Deus
2547 5288 2768 5345 Israelis
2795 5329 2810 5352 ,
2843 5289 2940 5358 qui
2972 5289 3123 5344 solus
3163 5290 3292 5345 facit
3340 5290 3640 5356 mirabilia,
3674 5302 3758 5348 et.

2147 5379 2506 5435 benedictum
2543 5395 2743 5437 nomen
2773 5381 2966 5450 ejusin
2993 5393 3261 5437 asternum
3292 5394 3348 5438 et
3381 5384 3433 5437 in
3465 5383 3725 5439 szeeulum

2151 5468 2335 5524 smeuli
2359 5469 2423 5525 ".
2455 5489 2473 5521 ι
2503 5470 2713 5542 Indiget
2731 5485 2864 5526 sane
2880 5481 2937 5526 et
2954 5486 3192 5541 praasens
3208 5471 3362 5526 locus
3379 5472 3726 5539 expositione

465 5562 588 5613 θεια
621 5559 758 5630 ἔχει,
783 5560 983 5623 παντὸς
1009 5560 1160 5628 ἡλίου
1192 5559 1286 5613 καὶ
1338 5561 1521 5630 πάσης
1550 5561 1808 5630 ἀληθείας
1840 5562 2031 5633 άνθρω

2151 5560 2358 5630 aliqua,
2401 5561 2533 5617 licet
2565 5577 2756 5618 revera
2788 5563 3036 5632 quolibet
3070 5563 3184 5618 sole
3210 5571 3265 5616 et
3298 5562 3449 5615 omni
3487 5562 3725 5614 humana

467 5645 630 5712 πίνηξ
663 5649 776 5702 ἐστὶ
805 5648 1190 5720 καθαρώτερός
1213 5665 1273 5702 τε
1303 5650 1394 5704 καὶ
1423 5652 1790 5725 σαφέστερο;;
1819 5652 1914 5704 ’ον
1941 5653 2031 5724 γάε

2151 5653 2386 5708 veritate
2418 5655 2609 5723 purior
2635 5657 2706 5710 sit
2731 5665 2787 5710 et
2829 5655 3139 5710 dilucitlior.
3171 5653 3342 5720 Quem
3367 5651 3516 5708 enim
3553 5648 3723 5718 David

545 5831 586 5863 "
635 5829 776 5886 Psal.
828 5849 971 5900 tul,
1002 5789 1088 5895 18,
