4090 6452
434 393 545 461 405

1392 401 1692 462 CONTRA
1733 399 2225 463 MAHOMETEM
2264 400 2640 466 APOLOGIA
2686 405 2711 462 Ι

3590 391 3698 455 406

435 510 528 564 καὶ
564 508 661 565 τοῦ
702 508 1029 580 ἀνθρώπου,
1076 507 1137 569 οὗ
1167 514 1475 571 ἀνελάϐετο.
1521 518 1581 570 '0
1617 517 1716 588 μὲν
1764 517 1890 579 Tib;
1919 515 2013 570 τοῦ

2120 516 2285 579 mine,
2318 530 2482 585 quem
2512 512 2831 583 assumpsit,
2878 512 3051 568 fertur
3091 509 3389 566 sententia.
3416 506 3590 562 Filius
3618 506 3698 561 si-

432 601 570 658 Θεοῦ
608 603 732 658 ἐπεὶ
766 603 898 668 Θεὸς
924 600 1016 679 ἦν,
1044 607 1251 677 τροπὴν
1307 609 1341 680 ἢ
1384 610 1598 681 φυρμὸν
1637 610 1670 679 ἢ
1724 610 2009 664 ἀλλοίωσιν

434 693 571 758 ὅλως
594 694 694 748 οὐκ
732 694 969 763 ἐδέξατο,
1000 698 1115 752 ἀλλ’
1143 700 1327 771 ἔμεινε
1379 701 1514 766 Θεδς
1543 702 1902 768 ἀναλλοίωτος
1932 703 2011 769 ὡς

434 783 494 837 τὸ
515 785 810 857 πρότερον·
844 788 935 841 τὸν
989 789 1034 843 δ’
1084 791 1372 862 ἄνθρωπον
1421 793 1482 848 ὃν
1538 795 1856 860 ἀνελάϐετο,
1914 795 2011 850 καὶ

436 874 654 943 ὴγίασε,
706 879 802 932 καὶ
849 879 1093 948 ἐδόξασε,
1143 883 1240 937 καὶ
1285 885 1629 957 ἑλάμπρυνε,
1685 888 1781 944 καὶ
1812 892 1879 959 τῇ
1914 889 2008 943 τοῦ

434 964 569 1018 Θεοῦ
609 968 705 1022 καὶ
732 970 947 1041 Πατρδς
975 973 1040 1026 ὲκ
1079 974 1269 1039 δεξιῶν
1308 976 1547 1051 καθέδρᾳ
1591 979 1878 1052 ἐτίμησεν,
1909 982 2011 1049 οὐχ

312 1117 332 1133 _
435 1053 510 1118 ὡς
534 1054 667 1121 Θείς
695 1056 836 1135 ἔχων
873 1060 1046 1127 δεξιὸν
1082 1064 1250 1134 μέρος
1277 1065 1313 1136 ἢ
1342 1066 1634 1139 ἀριστερὸν
1669 1069 1864 1140 (ταῦτα
1901 1072 2010 1142 γὰρ

426 1147 729 1225 ⁸σωματικά
783 1151 968 1223 sisi»),
1021 1153 1140 1209 ἀλλ’
1173 1154 1369 1228 ὥσπερ
1421 1159 1516 1213 ἐπὶ
1567 1160 1668 1231 τῆς
1718 1162 2010 1232 καθέδρας,

435 1235 603 1302 ἔδειξε
637 1239 697 1293 τὸ
743 1242 844 1315 τῆς
884 1244 1053 1315 τιμῆς
1107 1247 1420 1317 μεγαλεῖον,
1478 1249 1623 1305 οὕτω
1666 1255 1762 1307 καὶ
1794 1253 1887 1308 ἐπὶ
1917 1256 2011 1309 τοῦ

434 1327 611 1395 δεξιοῦ
638 1333 838 1403 μέρους
857 1330 1002 1391 εἶπε.
1028 1337 1159 1405 Θεὸς
1178 1339 1290 1415 γὰρ
1323 1340 1447 1396 οὔτε
1471 1343 1711 1412 ἵσταται,
1746 1345 1869 1400 οὔτε
1909 1348 2012 1402 κά-

436 1422 615 1489 Θηται,
643 1424 766 1479 οὔτε
795 1427 976 1493 δεξιὰν
1002 1430 1138 1502 ἔχει,
1184 1431 1297 1486 οὕτ⁹
1332 1434 1402 1488 αὖ
1430 1437 1748 1507 ἀριστεράν,
1773 1438 1909 1493 ἀλλὰ
1942 1439 2013 1496 τὰ

437 1512 613 1565 πάντα
658 1515 879 1587 πληρῶν
906 1520 1071 1575 ἐστιν.
1124 1522 1303 1587 (Em;
1331 1525 1396 1578 ἂν
1417 1526 1495 1579 Οῶ
1527 1529 1651 1591 τοὺς
1674 1528 1897 1599 ἐχθρούς
1919 1549 2012 1584 σου

437 1601 726 1656 ὑποπόδιον
752 1603 860 1658 τῶν
887 1606 1064 1660 ποδῶν
1099 1625 1215 1666 σου.
1260 1630 1278 1662 ι
1318 1613 1477 1678 Τίνες
1535 1616 1673 1669 εἰσὶν
1720 1620 1766 1670 οἱ
1820 1617 2011 1672 τούτου

436 1689 620 1760 ἐχθροί
642 1702 673 1758 ;“
709 1693 777 1746 Oi
805 1712 861 1748 τε
895 1697 1300 1772 εἰδωλολάτραι.
1337 1705 1386 1756 οί
1443 1705 1520 1778 μὴ
1575 1709 2012 1778 προσκυνοῦντες

439 1784 526 1834 τὸν
564 1784 820 1853 Χριστὸν,
855 1790 949 1843 καὶ
998 1792 1160 1856 αὐτὸς
1191 1797 1219 1848 ὁ
1261 1796 1522 1873 διάϐολος.
1558 1801 1670 1873 Οὐχ
1700 1802 1774 1865 ὡς
1813 1803 2010 1867 ἀδυνα-

436 1873 653 1962 τοῦντος
675 1877 767 1931 τοῦ
799 1879 926 1932 Υξοῦ
947 1882 1137 1954 εἴρηκε
1162 1885 1317 1940 τοῦτο
1346 1891 1374 1942 6
1398 1889 1606 1962 Πατὴρ,
1645 1893 1727 1959 τὸ,
1758 1911 1776 1944 ι
1823 1893 1927 1957 ἕως
1946 1895 2012 1951 ἄν

437 1960 551 2053 θῶ·
587 1981 607 2015 ι
653 1964 767 2018 ἀλλ’
798 1966 883 2021 ἵνα
915 1968 1065 2045 δείξῃ
1102 1973 1232 2042 μίαν
1292 1979 1386 2029 καὶ
1430 1977 1529 2049 τὴν
1553 1960 1731 2053 αὐτὴν
1782 1982 2015 2053 δύναμιν

437 2051 602 2109 οὖσαν
642 2058 738 2111 τοῦ
797 2077 858 2114 τε
912 2062 1128 2134 Πατρδς
1180 2069 1275 2121 καὶ
1334 2068 1483 2136 Υίοῦ,
1548 2051 1705 2126 τοῦτο
1770 2051 2013 2145 εἴρηκεν.

437 2146 650 2221 Ὠσπερ
700 2152 807 2222 γὰρ
851 2153 1048 2219 ἐντοῖς
1080 2158 1437 2229 Εὖαγγελίοις
1480 2163 1628 2232 λέγει
1657 2166 1685 2219 6
1737 2166 1864 2230 Tib;
1889 2208 1903 2229 ,
1930 2170 2015 2221 ὅτι

443 2255 461 2289 ι
499 2240 686 2304 Οὐδεὶς
717 2242 1112 2317 ἔρχεταιαπρδς
1143 2251 1233 2303 τὸν
1262 2253 1482 2307 Πατέρα
1521 2258 1569 2308 εί
1595 2256 1670 2327 μὴ
1701 2258 1769 2312 δι’
1803 2258 1961 2329 ἐμοῦ,
1989 2278 2007 2311 ι

434 2333 574 2385 οὕτω
601 2335 694 2389 καὶ
717 2338 745 2388 6
772 2339 961 2410 Πατὴρ
988 2341 1158 2410 λέγει,
1184 2344 1266 2398 ὅτι
1303 2365 1322 2397 ι
1359 2347 1435 2400 Δι’
1465 2347 1605 2416 ἐμοῦ
1637 2349 1933 2405 πεσοῦνται
1963 2353 2012 2406 oi

436 2425 617 2516 εχἾροί
652 2444 744 2482 σου
774 2429 876 2485 ὑπὸ
906 2434 1031 2496 τοὺς
1080 2436 1247 2502 πόδας
1284 2455 1400 2492 σου.
1456 2440 1679 2496 Ῥάϐδον
1724 2444 2012 2516 δυνάμεως

435 2512 782 2575 ὲξαποστελεῖ
806 2536 889 2572 σοι
916 2521 1117 2594 Κύριος
1151 2525 1214 2577 ἐκ
1247 2524 1406 2593 Σιὼν,
1437 2529 1531 2582 καὶ
1562 2512 1930 2604 κατακυρίευε
1952 2535 2013 2586 ὲν

439 2601 585 2670 μέσῳ
612 2604 720 2689 τῶν
746 2605 957 2677 ἐχθρῶν
988 2628 1105 2666 σου.
1142 2631 1161 2662 ι
1195 2612 1292 2682 Τίς
1323 2615 1472 2668 ἐστιν
1507 2617 1540 2687 ή
1583 2618 1735 2689 παρὰ
1756 2601 1849 2674 τοῦ
1876 2620 2012 2676 Θεοῦ

435 2693 500 2744 ἐκ
528 2693 668 2747 Σιὼν
687 2696 1065 2778 ’ἀποσταλεῖσα
1088 2704 1303 2774 ῥάϐδος,
1328 2708 1423 2762 καὶ
1446 2710 1585 2778 πρὸς
1618 2711 1742 2765 τίνα
1769 2715 2017 2770 ἀπεστάν-

436 2784 539 2856 λη;
587 2787 728 2858 Πρὸς
757 2788 848 2842 τὸν
888 2792 1177 2865 ἄνθρωπον
1224 2798 1284 2851 ὃν
1329 2802 1625 2857 ἁνελάϐετο
1678 2807 1719 2869 ὁ,
1759 2807 1886 2871 Υἱὸς
1919 2810 2014 2864 καὶ

438 2874 604 2942 Λὸγος
636 2878 730 2931 τοῦ
778 2881 913 2935 Θεοῦ
971 2886 1276 2959 ἀπεστάλη.
1342 2890 1408 2945 Ἥ
1453 2893 1511 2947 δὲ
1561 2895 1756 2966 ῥάϐδος
1805 2900 1954 2953 ἐστὶν
1985 2902 2015 2955 6

438 2967 687 3062 σταυρὸς,
751 2970 812 3036 6;
868 2974 1052 3047 ἐπάγη
1115 2979 1173 3034 ὲν
1223 2983 1289 3052 τῇ
1343 2983 1501 3037 Σιών.
1561 2986 1777 3059 ’Ὠσπερ
1836 2990 1946 3060 γὰρ
1980 2992 2014 3062 ἡ

438 3059 630 3152 ῥάϐδος
658 3064 769 3134 ἔχει
799 3065 901 3135 μὲν
935 3074 1302 3146 ποιμαντικὴν
1335 3075 1433 3146 τὴν
1480 3077 1729 3151 ἀπδδτοῦ
1755 3059 2016 3152 ποιμένος

2111 604 2334 678 quidem
2351 608 2470 672 Dei,
2499 608 2761 678 quoniam
2785 607 2929 662 Deus
2969 613 3108 669 erat,
3150 601 3540 661 mutationem.
3576 598 3699 668 pol—

2111 700 2401 764 lutionem,
2429 709 2523 754 aut
2544 699 2969 755 alternationem
3000 707 3347 765 nequaquam
3371 704 3566 763 passus
3589 697 3696 752 est,

2110 791 2207 847 sed
2241 793 2406 856 Deus,
2445 799 2506 846 ut
2532 799 2588 846 et
2615 797 2801 855 antea,
2837 784 3305 858 impermutabilis
3344 778 3693 852 permansit;

2112 884 2393 939 hominem
2420 899 2554 939 vero
2585 898 2749 952 quem
2779 879 3099 951 assumpsit,
3126 893 3276 940 eum,
3296 875 3544 945 inquam,
3568 887 3699 926 san-

2111 974 2391 1041 ctiﬁcavit,
2433 972 2783 1048 gloriﬁcavit,
2814 970 3159 1035 clariﬁcavit,
3203 976 3260 1023 et
3300 974 3360 1021 ut
3409 980 3441 1019 a
3474 962 3698 1041 .dextris

2112 1065 2208 1125 Dei
2252 1066 2432 1121 Patris
2480 1066 2698 1125 sederet
2767 1064 3023 1134 dignatus
3058 1070 3168 1126 est,
3198 1075 3308 1114 non
3357 1055 3505 1128 quod
3554 1055 3699 1110 Deus

2112 1159 2200 1213 vel
2232 1158 2479 1215 dextram
2512 1157 2737 1221 habeat,
2763 1156 2849 1212 vel
2885 1155 3164 1211 sinistram
3192 1153 3275 1207 sui
3322 1158 3534 1221 partem
3559 1148 3701 1216 (haec

2111 1251 2261 1305 enim
2293 1248 2600 1317 corporalia
2628 1247 2803 1318 sunt),
2848 1247 2943 1302 sed
2978 1244 3444 1316 quemadmodum
3485 1246 3583 1311 per
3615 1254 3701 1294 se-

2114 1344 2239 1400 dem
2292 1342 2524 1410 honoris
2582 1339 3046 1406 magniﬁcentiam
3099 1335 3431 1408 designavit,
3498 1333 3693 1388 eodem

2114 1451 2279 1493 sensu
2327 1435 2494 1490 etiam
2520 1433 2614 1491 .de
2659 1432 2873 1488 dextris
2922 1432 3087 1486 dixit.
3132 1431 3279 1485 Deus
3325 1429 3473 1483 enim
3515 1440 3698 1497 neque

2116 1518 2244 1593 stat,
2277 1541 2460 1596 neque
2515 1525 2694 1588 sedet,
2744 1539 2928 1596 neque
2975 1524 3260 1579 dexteram
3298 1520 3487 1585 habet,
3514 1534 3697 1589 neque

2114 1617 2418 1677 sinistram.
2449 1614 2544 1671 sed
2588 1615 2877 1685 majestate
2916 1628 3012 1669 sua
3047 1612 3238 1682 implet
3282 1611 3490 1671 omnia,
3536 1608 3694 1669 Item,

2120 1698 2151 1760 ἴ
2192 1712 2376 1765 Donec
2419 1722 2617 1777 ponam
2668 1705 2924 1763 inimicos
2974 1714 3099 1761 tuos
3146 1703 3448 1758 scabellum
3492 1701 3696 1772 pedum

2119 1809 2358 1855 tuorum.
2395 1818 2414 1851 ι
2449 1798 2684 1865 Quinam
2717 1797 2882 1868 huius
2909 1795 3122 1852 inimici
3151 1795 3322 1850 sunt?
3361 1793 3694 1853 ldololatrae.

2116 1894 2210 1965 qui
2232 1893 2516 1949 Christum
2551 1906 2662 1946 non
2708 1890 2969 1956 adorant,
3005 1899 3061 1944 et
3104 1887 3221 1957 ipse
3253 1885 3529 1940 diabolus.
3571 1884 3698 1936 Haec

2115 2003 2271 2049 vero,
2332 2005 2350 2037 ι
2417 1986 2594 2042 donec
2655 1997 2915 2053 posuero,
2960 2001 2977 2035 ι
3030 1981 3191 2036 Pater
3241 1994 3350 2033 non
3407 1979 3479 2032 ita
3534 1976 3695 2040 dixit,

2116 2078 2271 2149 quasi
2315 2077 2488 2132 Filius
2536 2077 2602 2131 ad
2653 2076 2759 2133 hoc
2806 2072 3155 2130 eﬁiciendum
3206 2071 3278 2126 sit
3320 2068 3698 2139 impotentior,

2116 2186 2309 2225 verum
2344 2177 2405 2222 ut
2439 2168 2527 2223 his
2559 2166 2748 2222 verbis
2778 2164 3097 2221 ostenderet
3141 2178 3306 2218 unam
3343 2171 3400 2217 et
3444 2160 3699 2219 eamdem

2115 2276 2236 2317 esse
2263 2259 2439 2315 Patris
2468 2269 2524 2314 et
2546 2258 2667 2314 Filii
2699 2257 3025 2329 potentiam.
3045 2255 3524 2323 Quemadmodum
3550 2257 3699 2311 enim

2117 2353 2173 2409 in
2201 2350 2513 2423 Evangeliis
2550 2350 2682 2405 dicit
2713 2348 2964 2424 Filius”
3003 2347 3176 2403 Nemo
3205 2347 3356 2411 venit
3382 2347 3450 2401 ad
3483 2349 3700 2404 Patrem

2115 2445 2222 2500 nisi
2251 2460 2350 2515 per
2384 2458 2471 2498 me
2509 2445 2592 2508 ";
2643 2460 2662 2492 ι
2716 2442 2791 2496 ita
2841 2440 3008 2496 Pater
3057 2438 3215 2501 dicit,
3253 2458 3271 2490 ι
3311 2439 3427 2495 Mea
3456 2440 3704 2509 potentia

2117 2539 2318 2594 cadent
2358 2536 2568 2591 inimici
2600 2534 2715 2609 ‘tui
2769 2533 2872 2589 sub
2932 2532 3098 2603 pedes
3147 2540 3292 2586 tuos.
3348 2550 3366 2584 ι
3407 2532 3704 2597 Praeterea,

2123 2649 2143 2685 ι
2176 2631 2394 2701 Virgam
2427 2627 2770 2686 fortitudinis
2793 2626 3011 2681 emittet
3032 2625 3131 2681 tibi
3162 2625 3429 2680 Dominus
3449 2641 3515 2678 ex
3548 2623 3703 2689 Sion,

2115 2732 2169 2779 et
2207 2721 2495 2776 dominare
2535 2720 2589 2773 in
2628 2719 2812 2774 medio
2838 2717 3189 2773 tnimicorum
3218 2724 3459 2771 tuorum.
3502 2735 3521 2768 ι
3545 2715 3705 2782 Quaa-

2117 2827 2242 2866 nam
2293 2810 2383 2864 illa
2425 2817 2512 2865 est
2561 2824 2591 2862 a
2640 2808 2752 2862 Deo
2792 2823 2858 2861 ex
2900 2805 3045 2861 Sion.
3074 2796 3273 2861 emissa
3328 2806 3501 2877 virga,
3538 2813 3594 2861 et
3635 2804 3705 2858 ad

2118 2920 2282 2976 quem
2314 2903 2483 2957 missa
2517 2901 2644 2957 est?
2676 2899 2755 2955 Ad
2785 2899 3064 2953 hominem
3098 2894 3384 2963 nimirum,
3416 2912 3582 2968 quem
3614 2912 3707 2952 as—

2118 2995 2353 3066 sumpsit
2394 2994 2571 3049 Filius
2616 3001 2674 3047 et
2718 2992 2963 3045 Verbum
3008 2990 3128 3053 Dei,
3183 2989 3349 3044 missa
3402 2997 3507 3042 est.
3540 2988 3707 3058 Virga

2117 3095 2300 3142 autem
2329 3095 2413 3141 est
2437 3084 2554 3155 ipsa
2583 3099 2740 3144 crux,
2767 3098 2892 3152 qua:
2922 3082 2976 3135 in
3010 3081 3145 3139 Sion
3180 3091 3264 3135 est
3295 3080 3421 3134 ﬁxa.
3454 3080 3527 3137 Ut
3555 3080 3707 3134 enim
3772 3118 3787 3124 -

435 3151 686 3252 δῦναμιν,
709 3157 823 3252 ἔχει
845 3159 903 3213 δὲ
935 3162 1028 3215 καὶ
1061 3160 1478 3241 ἁποτρεπτικην
1515 3170 1614 3241 τὴν
1645 3171 1755 3225 τῶν
1779 3173 2006 3247 θηρίων,

2120 3180 2271 3249 virga
2307 3151 2536 3248 propter
2579 3185 2861 3247 pastorem
2913 3173 3215 3242 potentiam
3252 3173 3418 3225 habet
3459 3179 3711 3241 pastora.

436 3242 576 3301 οὕτω
612 3266 701 3318 μοι
732 3251 842 3305 νόει
877 3254 968 3307 καὶ
991 3255 1084 3309 ἐπὶ
1100 3256 1195 3310 τοῦ
1226 3262 1467 3329 σταυροῦ
1489 3263 1583 3315 καὶ
1613 3260 1706 3315 τοῦ
1725 3242 2016 3341 κηρῦγμα-

436 3352 527 3398 τος
574 3338 675 3409 ,τοῦ
724 3341 1085 3413 Εὗαγγελίου.
1133 3368 1153 3400 ι
1186 3350 1286 3403 Ἐκ
1320 3351 1464 3405 Σιὼν
1515 3354 1624 3424 γὰρ
1669 3338 2027 3423 ἐξελεύσεται

370 3456 379 3457 ί
439 3433 599 3501 vino;
634 3434 820 3506 (φησὶν
849 3439 1124 3512 Ἡσαΐας),
1163 3444 1253 3497 καὶ
1287 3443 1447 3514 λόγος
1479 3446 1687 3517 Κυρίου
1715 3448 1775 3514 ἐξ
1816 3448 2017 3519 Ἰερου-

440 3524 641 3597 σαλήμ.
687 3547 705 3580 ι
752 3529 961 3590 Πάντες
992 3533 1124 3602 γοῦν
1149 3536 1196 3587 oi
1231 3536 1564 3602 ἀκούσαντες
1592 3539 1683 3594 τὸν
1708 3539 1802 3594 τοῦ
1834 3541 2015 3610 Εὐαγ-

440 3615 618 3682 γελίου
654 3617 832 3687 λόγον,
887 3622 980 3676 καὶ
1014 3624 1426 3694 βαπτισθέντες,
1474 3629 1865 3700 ἐποιμαίνοντο
1910 3626 2016 3686 ὕπὸ

438 3707 537 3777 τῆς
572 3715 937 3784 ποιμαντικῆς
967 3717 1191 3787 ῥάϐδου,
1242 3721 1339 3774 τοῦ
1371 3725 1607 3797 σταυροῦ
1637 3725 1900 3798 δηλονότι.
1927 3729 2019 3782 Oi-

441 3817 581 3864 τινες
610 3802 665 3855 δὲ
715 3807 1141 3879 ὲτραχηλίαζον,
1179 3813 1274 3866 καὶ
1324 3816 1426 3869 οὐκ
1465 3819 1748 3873 ἐπείθοντο
1797 3822 1889 3893 τῷς
1919 3823 2013 3880 τοῦ

442 3891 774 3962 Εὐαγγελίου
830 3902 1165 3973 κηρύγματι,
1217 3908 1308 3961 καὶ
1349 3912 1459 3974 τοῖς
1488 3891 1868 3978 ἀποστολικοῖς
1900 3916 2017 3970 δια-

439 3982 700 4052 τάγμασι,
733 3989 799 4057 τῇ
831 3987 1055 4061 δυνάμει
1082 3992 1176 4046 τοῦ
1214 3996 1453 4068 σταυροῦ
1496 4001 1593 4053 καὶ
1615 4001 1846 4069 ἄκοντες
1881 4006 2016 4060 ὑπέ-

440 4086 663 4132 κυπτον.
690 4081 788 4134 Διά
822 4082 930 4152 γὰρ
961 4085 1055 4137 τοῦ
1091 4090 1326 4157 σταυροῦ
1366 4091 1594 4164 ἐνικήθη
1631 4097 1727 4149 καὶ
1780 4115 2021 4152 κατεπα-

440 4166 578 4238 τήθη
607 4170 634 4222 ὀ
665 4169 931 4238 διάϐολος,
963 4174 1050 4230 διὰ
1079 4177 1175 4231 τοῦ
1206 4182 1444 4251 σταυροῦ
1489 4185 1582 4237 καὶ
1625 4186 1719 4237 τοῦ
1752 4187 2018 4257 ὀνόματος

440 4258 532 4312 τοῦ
560 4261 798 4331 Χριστοῦ
828 4265 1078 4332 ἐγένοντο
1104 4271 1170 4324 τὰ
1203 4270 1494 4343 ἀπόρρητα
1516 4277 1611 4328 καὶ
1640 4275 1857 4340 ἐξαίσια
1884 4278 2020 4331 Gad-

447 4368 611 4420 ματα.
642 4356 750 4410 Καὶ
775 4357 858 4422 τίς
883 4358 1039 4429 χρεία
1058 4363 1270 4417 πολλῶν
1289 4364 1467 4434 λόγων
1488 4384 1503 4432 ;
1534 4366 1633 4421 Διὰ
1653 4368 1747 4421 τοῦ
1781 4370 2018 4441 σταυροῦ

443 4444 656 4497 καὶτοῦ
707 4444 1039 4519 Εὐαγγελίου
1099 4455 1387 4509 ἐπίστευσε
1439 4460 1589 4513 πᾶσα
1628 4462 1661 4530 ἡ
1697 4462 2015 4534 οἰκουμένη,

2120 3271 2248 3337 lem,
2296 3278 2353 3325 et
2386 3283 2507 3324 eam
2537 3280 2646 3337 qua
2683 3265 2815 3320 lem
2855 3263 3210 3332 depelluntur
3246 3262 3534 3327 virtutem,
3584 3261 3710 3321 talis

2118 3370 2176 3418 et
2212 3375 2332 3416 mea
2370 3360 2440 3415 de
2482 3372 2648 3415 cruce
2693 3366 2750 3413 et
2783 3355 3061 3427 Evangelii
3107 3352 3500 3426 prwdicatione
3533 3350 3709 3406 fertur

2118 3452 2414 3510 sententia.
2451 3470 2471 3502 ι
2498 3450 2543 3505 Ε
2572 3448 2705 3505 Sion
2733 3449 2879 3504 enim
2914 3446 3231 3518 egredietur
3259 3447 3368 3510 lex,
3401 3445 3706 3503 secundum

2119 3542 2332 3607 Isaiam,
2371 3550 2427 3596 ct
2451 3540 2683 3595 verbum
2712 3539 2928 3594 Domini
2964 3539 3032 3594 de
3065 3539 3371 3594 Jerusalem
3400 3540 3466 3592 ³ο.
3503 3557 3522 3589 ι
3581 3537 3710 3592 Orn-

2120 3653 2219 3694 nes
2273 3637 2460 3707 itaque
2496 3637 2588 3709 qui
2642 3637 2836 3692 audito
2887 3633 3170 3705 Evangelii
3221 3633 3392 3688 verbo
3447 3632 3707 3703 baptizati

2121 3740 2268 3793 sunt,
2294 3729 2554 3800 pastorali
2588 3729 2681 3784 illa
2703 3729 2855 3800 virga
2881 3735 3207 3799 pascuntur,
3232 3740 3397 3782 cruce
3422 3725 3706 3793 nimirum;

2121 3824 2216 3896 qui
2262 3839 2398 3879 vero
2429 3823 2739 3879 cervicibus
2786 3821 3064 3877 induratis
3117 3820 3406 3891 Evangelii
3445 3819 3712 3890 praedica-

2125 3915 2261 3970 tioni
2308 3930 2418 3970 non
2464 3910 2846 3978 crediderunt,
2896 3914 3002 3968 nec
3049 3911 3338 3982 praeceptis
3368 3911 3708 3980 apostolicis,

2122 4006 2304 4064 crucis
2354 4006 2616 4076 potentiae
2677 4006 2841 4060 etiam
2901 4004 3061 4059 in'viti
3114 4001 3552 4060 succubuerunt.
3607 4002 3711 4057 Per

2123 4111 2342 4152 crucem
2371 4097 2517 4151 enim
2552 4104 2610 4151 et
2635 4096 2815 4150 victus
2844 4102 2901 4149 et
2926 4092 3285 4148 conculcatus
3306 4101 3389 4148 est
3419 4092 3706 4160 diabolus;

2122 4205 2222 4261 per
2254 4205 2473 4244 crucem
2501 4196 2557 4243 et
2584 4203 2786 4243 nomen
2817 4186 3019 4243 Christi
3071 4186 3325 4240 miranda
3356 4194 3411 4241 et
3438 4188 3709 4256 stupenda
3809 4178 3813 4183 ”

2124 4283 2388 4340 miracula
2435 4292 2565 4337 sunt
2612 4283 2783 4338 edita.
2852 4281 2914 4335 Et
2963 4281 3096 4352 quid
3155 4280 3343 4335 multis
3394 4279 3570 4348 opus?
3608 4281 3712 4336 Per

2124 4389 2344 4430 crucem
2378 4383 2435 4427 et
2454 4372 2815 4444 Evangelium
2865 4379 3012 4426 tutus
3043 4380 3314 4426 terrarum
3346 4370 3498 4426 orbis
3528 4362 3710 4427 credi-

2127 4468 2227 4533 dit,
2261 4475 2317 4522 ct
2364 4468 2492 4522 lacti
2529 4475 2660 4522 sunt
2705 4465 2852 4520 servi
2891 4465 3115 4551 quidem
3160 4464 3392 4529 Christi,
3446 4464 3541 4518 ﬁlii
3578 4480 3714 4521 vero

444 4539 536 4630 καὶ
569 4540 819 4608 ἐγένοντο
865 4543 1043 4599 δοῦλοι
1080 4546 1180 4618 μὲν
1232 4546 1327 4602 τοῦ
1362 4548 1625 4621 Χριστοῦ,
1660 4552 1769 4606 uio!
1799 4554 1856 4606 δὲ
1898 4557 2016 4609 κατ’

2130 4561 2360 4619 Abrahae
2383 4560 2536 4630 juxta
2565 4540 2986 4630 promissionem
3019 4575 3117 4628 per
3144 4557 3452 4623 Christum,
3489 4557 3711 4614 Christo

444 4629 780 4701 ἐπαγγελίαν
807 4637 902 4690 τοῦ
954 4639 1212 4713 Ἀϐραὰμ
1262 4642 1371 4697 διὰ·
1401 4643 1497 4697 τοῦ
1550 4645 1811 4717 Χριστοῦ,
1858 4647 1935 4710 ὡς
1961 4650 2025 4703 ὲκ

445 4724 760 4794 σπέρματος
796 4730 892 4783 τοῦ
921 4732 1086 4787 αὑτοῦ
1116 4734 1374 4807 Ἀϐραὰμ
1394 4739 1753 4810 γεννηθέντος
1771 4740 1862 4793 τοῦ
1889 4742 2025 4811 Χρι-

446 4815 595 4871 στοῦ.
636 4820 747 4873 Καὶ
775 4822 897 4875 τότε
928 4827 1357 4894 κατεκυρίευσεν
1397 4831 1455 4883 ἐν
1489 4829 1642 4900 μέσῳ
1666 4831 1773 4883 τῶν
1807 4831 2022 4902 ἐχθρῶν

445 4908 609 4962 αὑτοῦ
652 4911 681 4963 ὁ
709 4913 966 4983 Χριστός.
1005 4917 1275 4987 Πρόσεξον
1314 4920 1496 4975 τοίνυν
1541 4921 1641 4992 τὴν
1675 4924 2023 4998 προφητικὴν

444 5000 749 5071 ἀκρίϐειαν.
808 5007 922 5062 Οὐκ
946 5006 1087 5076 εἷπε,
1116 5011 1262 5065 Νίκα
1290 5013 1415 5076 τοὺς
1463 5014 1691 5085 ἐχθρούς
1733 5033 1827 5070 σου
1849 5033 1865 5047 ·
1893 5018 2024 5087 νικᾷ

446 5096 554 5163 γάρ
582 5114 666 5160 τις
694 5097 951 5165 πολλάκις
975 5101 1065 5156 τὸν
1098 5103 1295 5175 ἐχθρὸν
1322 5105 1508 5171 αὐτοῦ,
1540 5107 1657 5160 ἀλλ’
1708 5109 1788 5163 ἔτι
1824 5110 2023 5163 ἐναπο-

450 5186 596 5254 μένει
633 5190 797 5259 μέρος
836 5182 1119 5262 δυνάμείυς
1145 5198 1202 5248 ἐν
1233 5197 1404 5269 αὐτῷ.
1436 5198 1569 5253 Eine
1597 5200 1673 5266 δὲ,
1710 5220 1728 5254 ι
1767 5203 2024 5257 Κατακο-

450 5280 618 5347 picus,
648 5300 667 5335 ι
690 5284 870 5352 δηλῶν
885 5286 1136 5342 ἐντεῦθεν
1175 5290 1273 5359 τὴν
1307 5291 1757 5364 ὑπερϐάλλουσαν
1792 5293 2023 5365 δύναμιν

446 5369 541 5423 τοῦ
589 5374 845 5446 σταυροῦ,
903 5376 999 5430 καὶ
1031 5378 1129 5447 τὴν
1177 5381 1484 5456 εἰς-άκρον
1544 5383 1851 5454 ἀδυναμίαν
1914 5384 2024 5439 τῶν

449 5465 655 5537 ἐχθρῶν
672 5467 860 5528 αὐτοῦ,
879 5489 898 5523 ι
920 5469 1010 5524 Ἐν
1028 5472 1179 5542 μέσῳ
1197 5473 1307 5528 τῶν
1334 5475 1545 5547 ἐχθρῶν
1571 5494 1685 5531 σου·
1712 5496 1730 5530 ι
1759 5478 2027 5533 καὶτοῦτο

449 5556 548 5627 τὴν
563 5557 785 5628 ἄπειρον
803 5561 1032 5633 δύναμιν
1053 5562 1350 5619 αἰνίττεται
1370 5550 1464 5622 τοῦ
1484 5569 1742 5643 σταυροῦ.
1760 5569 1850 5624 Ἐν
1874 5571 2027 5641 μέσῳ

451 5650 561 5721 γὶιρ
582 5653 780 5717 παντὸς
807 5653 901 5707 τοῦ
933 5654 1163 5727 κόσμου,
1208 5658 1306 5711 καὶ
1336 5658 1395 5716 ἐν
1418 5661 1571 5730 μέσῳ
1596 5662 1708 5717 τῶν
1734 5661 2025 5718 εἰδωλολα-

528 5836 571 5868 "
604 5837 759 5893 Joan.
807 5854 916 5906 xw,
950 5838 1004 5894 6.
1083 5841 1127 5872 '°
1163 5839 1271 5895 lsa.
1324 5856 1382 5909 ιι,
1410 5840 1463 5899 5.

1377 6116 1404 6145 ο
1762 6128 1807 6156 σιν

2125 4651 2391 4706 nimirum
2423 4665 2490 4705 ex
2523 4653 2642 4720 ipso
2669 4649 2903 4705 Abrahae
2933 4649 3143 4704 semine
3171 4659 3320 4703 nato.
3346 4649 3415 4703 Et
3453 4658 3585 4704 tunc
3613 4649 3713 4704 do-

2126 4743 2370 4798 minatus
2392 4752 2473 4797 est
2502 4743 2558 4796 in
2592 4741 2773 4797 medio
2804 4741 3159 4796 inimicorum
3186 4756 3411 4795 suorum
3435 4741 3710 4797 Christus.

2126 4835 2381 4899 Attende,
2409 4849 2617 4905 quaeso,
2670 4849 2794 4904 qua:
2844 4833 3011 4888 fuerit
3069 4833 3357 4903 propheta:
3405 4831 3713 4904 diligentia.

2126 4928 2245 4983 Non
2279 4927 2445 4992 dixit,
2471 4927 2641 4982 Vince
2684 4927 2871 4983 hostes
2908 4937 3055 4984 tuos.
3099 4926 3310 4999 Saepius
3357 4930 3505 4983 enim
3546 4930 3720 4984 hostis

2131 5021 2201 5074 ab
2237 5019 2424 5089 aliquo
2459 5018 2723 5082 vincitur,
2759 5019 2812 5073 in
2845 5035 2955 5090 quo
2980 5028 3162 5074 tamen
3191 5019 3375 5090 aliqua
3410 5020 3593 5074 adhuc
3619 5020 3721 5075 ho-

2134 5110 2273 5167 stilis
2298 5111 2557 5180 polcutiae
2598 5112 2779 5180 portio
2821 5121 3087 5167 remanet.
3123 5112 3272 5167 Dixit
3308 5120 3516 5173 autem,
3557 5130 3574 5162 ι
3610 5112 3721 5165 Do-

2134 5205 2380 5269 minare;
2443 5210 2461 5258 ι
2513 5205 2599 5259 vel
2651 5204 2778 5267 hinc
2828 5204 3038 5260 docens
3083 5205 3523 5261 imustimahilem
3570 5206 3718 5260 illam

2132 5299 2315 5385 crucis
2345 5297 2672 5367 potentiam,
2713 5288 2773 5352 ct
2800 5313 3073 5355 summam
3120 5298 3365 5353 hostium
3411 5298 3587 5370 ipsius
3621 5299 3723 5351 im-

2131 5389 2455 5457 potentiam.
2487 5388 2627 5441 Tum
2676 5398 2734 5443 et
2774 5388 2933 5463 illud,
2966 5410 2983 5440 ι
3029 5389 3084 5443 in
3134 5388 3322 5445 medio
3368 5387 3719 5443 inimicorum

2133 5488 2383 5557 tuoru‘m,
2422 5499 2440 5531 ι
2491 5480 2760 5535 inﬁnitam
2812 5482 2994 5536 erucis
3048 5482 3351 5551 potentiam
3404 5480 3604 5535 innuit.
3661 5478 3719 5531 in

2136 5571 2320 5627 medio
2351 5572 2499 5628 enim
2533 5577 2706 5630 totius
2746 5575 2960 5642 mundi,
2993 5586 3048 5630 et
3081 5576 3135 5630 in
3179 5576 3363 5631 medio
3401 5573 3730 5648 idololatra-_

2141 5679 2264 5718 rum
2296 5664 2529 5741 apostoli
2558 5673 2611 5723 ct
2642 5665 2839 5722 horum
2870 5684 3221 5725 successores
3255 5668 3718 5743 prmdicaverunt,
