4090 6442
369 380 476 452 407

370 596 647 667 imprimis
678 598 1046 657 admiratione
1076 601 1304 674 dignum
1328 614 1434 671 est,
1459 606 1712 674 quamvis
1743 624 1958 664 summa

369 704 506 743 cura
539 696 595 744 et
632 690 818 746 studio
853 692 1007 763 impii
1037 695 1300 750 ecclesias
1330 696 1706 767 destruerent,
1732 698 1961 771 ﬂagellis

368 778 612 849 denique
646 781 786 837 diris
818 782 1024 839 Christi
1062 800 1264 842 nomen
1318 787 1647 845 invocantes
1698 794 1962 863 punirent

368 878 427 949 et
456 871 783 943 aﬂl‘gerent,
828 877 1012 931 crucis
1036 869 1228 934 tamen
1277 880 1520 949 potentia
1552 891 1605 937 et
1646 885 1961 953 praedicatio

369 961 547 1018 instar
573 965 731 1030 solis,
775 966 1123 1025 imo'clarius
1164 970 1286 1041 ipso
1312 973 1432 1029 sole
1466 974 1662 1033 eluxit.
1703 976 1784 1032 Ne
1824 994 1958 1034 vero

368 1056 492 1123 quis
525 1056 815 1113 hominum
839 1069 936 1114 aut
965 1061 1275 1132 ignorantia
1311 1077 1409 1121 aut
1438 1068 1646 1123 malitia
1675 1071 1961 1127 existima-

368 1160 451 1203 τιτι
474 1149 784 1221 diceretve,
814 1154 955 1210 Filio
978 1166 1036 1212 et
1062 1156 1239 1213 Verbo
1274 1157 1371 1215 Dei
1399 1170 1696 1231 propterea
1736 1163 1959 1220 missam

365 1259 485 1298 esse
519 1259 549 1299 a
602 1245 711 1301 Deo
746 1247 971 1303 virtutis
1005 1256 1061 1303 et
1101 1252 1362 1318 potentiae
1408 1253 1645 1325 virgam,
1685 1260 1835 1327 quod
1882 1261 1959 1315 illi

367 1353 465 1402 per
481 1352 541 1391 se
564 1337 901 1408 impossibile
926 1339 1095 1397 fuerit
1120 1342 1302 1400 facere
1324 1345 1699 1417 quodcunque
1726 1350 1961 1408 voluerit

360 1427 717 1498 lihucritque,
748 1431 1034 1501 subjttngit
1060 1434 1333 1490 Davides:
1370 1454 1390 1489 ι
1424 1438 1600 1493 Penes
1626 1449 1676 1494 te
1706 1450 1789 1495 est
1809 1443 1962 1511 prin-

362 1518 581 1584 cipatus
614 1517 667 1571 iu
701 1519 791 1574 die
830 1523 1093 1590 potentiae
1126 1534 1259 1591 tute,
1308 1524 1363 1579 in
1404 1526 1703 1597 splendore
1742 1539 1960 1586 sancto-

361 1625 483 1662 rum
525 1617 769 1667 tuorum.
799 1631 817 1665 i
854 1613 1203 1686 Quapropter
1224 1632 1333 1673 non
1359 1627 1444 1674 est
1475 1619 1841 1677 humanarum
1877 1625 1962 1680 vi—

360 1701 527 1767 rium,
559 1712 621 1758 ut
655 1720 827 1773 penes
864 1707 1105 1778 aliquem
1146 1712 1218 1765 sit
1269 1712 1618 1783 principatus
1650 1716 1819 1781 illius,
1863 1718 1959 1774 sed

360 1791 454 1845 Dei
487 1801 591 1848 est.
620 1793 828 1851 Omnes
858 1798 1001 1852 enim
1035 1798 1289 1856 homines
1332 1804 1717 1859 tantummodo
1746 1806 1956 1861 extrin-

359 1900 522 1941 secus
550 1886 617 1941 ad
651 1887 799 1956 ipsos
841 1888 1084 1945 delatum
1126 1892 1416 1962 imperium
1460 1896 1778 1965 possident;
1826 1914 1951 1954 nam

361 1986 472 2030 tam
512 1978 771 2050 princeps
802 1996 968 2051 quam
999 1997 1095 2037 rex
1128 1983 1329 2055 aliquis
1376 2000 1519 2057 saepe
1553 1988 1803 2057 privatus
1833 1989 1952 2045 sine

362 2069 598 2138 imperio
616 2056 865 2126 nascitur
890 2089 903 2138 ;
922 2084 978 2128 et
998 2073 1130 2139 licet
1170 2056 1463 2146 paternum
1486 2056 1837 2135 adtninistret
1856 2082 1952 2135 im-

362 2161 603 2230 perium,
647 2164 1009 2221 nihilominus
1032 2179 1212 2223 tamen
1254 2167 1309 2222 in
1333 2168 1439 2223 hoc
1461 2211 1477 2236 ,
1510 2171 1657 2240 quod
1678 2180 1806 2228 ante
1838 2188 1948 2228 non

358 2252 621 2321 habebat,
661 2270 763 2317 ceu
788 2266 1058 2335 paternus
1089 2258 1264 2315 haeres
1291 2261 1566 2327 succedit,
1607 2264 1693 2318 vel
1726 2265 1950 2335 propria

352 2343 560 2401 virtute
585 2355 639 2400 et
670 2334 903 2418 egregiis
926 2349 1083 2405 factis
1110 2365 1340 2428 regnum
1371 2354 1630 2423 acquirit,
1670 2357 1756 2411 vel
1798 2358 1945 2430 inju-

353 2445 477 2491 atus
500 2436 709 2505 inIalios
738 2440 969 2496 alterius
994 2456 1222 2511 regnum
1240 2442 1509 2499 violenter
1531 2446 1814 2518 arripit,et
1845 2450 1949 2506 hoc

355 2524 523 2578 modo
540 2525 708 2580 etiam
746 2527 839 2581 ille
868 2528 1097 2583 allerius
1126 2546 1353 2601 regnum
1393 2548 1505 2603 quo
1528 2519 1657 2591 ante
1684 2539 1945 2608 carebat,

353 2625 610 2684 occupat.
643 2615 750 2672 Sed
782 2619 924 2683 alius
945 2622 1013 2677 ab
1045 2621 1131 2677 his
1158 2622 1355 2678 modus
1379 2640 1603 2695 regnum
1625 2629 1945 2698 acquirendi

352 2720 465 2759 non
508 2715 611 2763 est.
646 2707 948 2779 lngenitam
984 2726 1115 2767 vero
1149 2714 1253 2769 sibi
1294 2724 1349 2770 et
1381 2704 1804 2787 inseparabilem
1833 2738 1861 2778 a
1885 2739 1946 2781 se

354 2803 870 2875 potestatemhomo
888 2821 996 2865 non
1019 2806 1209 2875 habet,
1234 2819 1429 2879 praeter
1453 2812 1595 2870 hanc
1616 2815 1809 2882 solam,
1836 2835 1943 2889 qua

354 2894 410 2947 in
441 2893 674 2951 allectus
708 2897 964 2966 proprios
991 2910 1048 2957 et
1078 2900 1281 2957 liberos
1315 2920 1377 2957 ex
1421 2920 1480 2961 se
1498 2907 1711 2976 genitos
1746 2909 1941 2978 utitur,

352 2998 517 3052 quam
541 2986 713 3041 solam
740 2988 794 3042 in
823 2987 1047 3044 homine
1071 2990 1260 3046 videre
1290 2992 1439 3049 licet.
1469 2995 1528 3050 In
1559 2996 1731 3052 Deum
1756 3011 1939 3055 autem

350 3075 479 3142 hoc,
520 3077 667 3148 quod
718 3078 884 3135 modo
930 3080 1140 3137 dictum
1192 3093 1297 3150 est,
1332 3101 1442 3141 non
1477 3090 1765 3160 competit.
1798 3092 1943 3158 Qua-

1556 400 1884 464 JOANNIS
1920 402 2451 477 CANTACUZENI

368 507 512 561 etin
555 504 741 563 medio
780 506 1034 595 ipsorum
1082 510 1432 569 aediﬁcabant
1462 514 1683 571 altaria.
1722 517 1791 574 Et
1816 533 1943 589 qum

2071 530 2216 594 τρῶν
2246 532 2547 602 ἐκήρυττον
2589 536 2638 589 oi
2668 537 2955 595 ἀπόστολοι

3546 435 3655 500 408

3008 543 3104 596 καὶ
3161 545 3211 597 οἱ
3242 542 3448 598 τούτων
3476 546 3655 600 διάδος-

2063 637 2169 688 χοι,
2199 626 2292 676 καὶ
2322 626 2380 679 ἐν
2412 628 2560 699 μέσῳ
2590 631 2771 685 αὐτῶν
2809 632 3126 704 ᾠκοδόμουν
3153 635 3220 689 τὰ
3251 638 3645 709 θυσιαστήρια.

2062 713 2174 766 Καὶ
2222 714 2285 768 τὸ
2310 715 2374 786 δὴ
2411 717 2745 790 Θαυμαστὸν,
2788 724 2871 776 ὅτι
2904 726 3040 795 μετά
3091 726 3276 796 πάσης
3327 727 3651 797 ἐπιμελείας

2063 806 2157 858 καὶ
2190 810 2422 881 σπουδῆς
2458 814 2762 868 κατέϐαλον
2808 816 2858 868 oi
2900 817 3122 880 ἀσεϐεῖς
3164 818 3268 882 τὰς
3321 820 3649 890 ἐκκλησίας,

2063 899 2156 951 καὶ
2194 902 2332 969 μετά
2359 905 2611 971 μεγάλων
2640 908 2924 978 μαστίγων
2941 910 3200 973 ἐκόλαζον
3222 912 3313 964 καὶ
3331 911 3652 974 ἐϐασάνιζον

2061 994 2188 1055 τοὺς
2220 996 2679 1067 ἐπικαλουμένους
2718 1000 2778 1053 τὸ
2808 1001 2981 1071 ὄνομα
3013 1002 3106 1055 τοῦ
3138 1004 3400 1073 Χριστοῦ.
3444 1004 3587 1065 Ἀλλ’
3617 1005 3649 1074 ἡ

2063 1084 2292 1156 δύναμις
2335 1088 2431 1142 τοῦ
2458 1091 2691 1160 σταυροῦ
2730 1094 2825 1145 καὶ
2868 1093 2928 1148 τὸ
2955 1096 3220 1163 κήρυγμα
3248 1095 3492 1164 ἔλαμψεν
3517 1096 3592 1155 ὡς
3621 1096 3651 1147 ό

2062 1178 2233 1248 ἥλιος.
2256 1184 2361 1236 καὶ
2388 1181 2553 1236 πλέον
2585 1183 2887 1254 ἠλίου.Ἷνα
2904 1187 2959 1239 δὲ
2990 1187 3065 1257 μή
3094 1204 3179 1255 τις
3202 1187 3311 1239 τῶν
3342 1187 3650 1255 ἀνθρώπων

2064 1271 2168 1324 ὑπὸ
2196 1274 2421 1338 ἀγνοίας
2474 1273 2506 1345 ἢ
2548 1277 2642 1328 καὶ
2691 1278 3033 1347 κακουργίας
3086 1278 3398 1347 λογίσηται,
3443 1278 3477 1348 ἢ
3509 1279 3641 1348 εἴπῃ

2063 1361 2143 1415 ὅτι
2178 1363 2568 1428 ἀδυνατοῦντος
2585 1365 2679 1418 τοῦ
2710 1366 2842 1419 Υἱοῦ
2873 1370 2964 1421 καὶ
2996 1367 3173 1436 Λόγου
3204 1368 3298 1448 τοῦ
3323 1366 3460 1419 Θεοῦ
3474 1369 3651 1443 κποιῆ-

2065 1473 2156 1509 σαι
2208 1457 2345 1527 ὅπερ
2378 1458 2627 1527 βούλεταί
2676 1476 2736 1512 τε
2771 1460 2867 1513 καὶ
2901 1460 3070 1527 θέλει,
3117 1459 3262 1514 κατά
3305 1460 3468 1512 τοῦτο
3512 1460 3648 1512 ἀπε·

2064 1546 2233 1616 στάλη
2258 1548 2409 1617 παρὰ
2437 1546 2531 1608 τοῦ
2565 1547 2701 1601 Θεοῦ
2728 1549 2880 1618 ήτῆς
2908 1549 3191 1617 δυνάμεως
3223 1546 3443 1615 ῥάϐδος,
3475 1545 3645 1612 λέγει,

2070 1658 2088 1688 ι
2125 1637 2279 1692 Μετά
2318 1637 2409 1690 σοῦ
2446 1638 2645 1717 ἡάρχὴ
2689 1640 2747 1691 ὲν
2772 1640 2954 1709 ἡμέρᾳ
2987 1638 3085 1706 τῆς
3115 1635 3399 1703 δυνάμεώς
3439 1653 3556 1699 σου,
3591 1636 3648 1687 ὲν

2062 1734 2181 1793 ταῖς
2213 1732 2566 1801 λαμπρότησι
2596 1730 2704 1784 τῶν
2738 1731 2912 1799 ἁγίων
2947 1747 3064 1789 σου.
3098 1749 3116 1781 ι
3164 1727 3335 1785 Τοῦτο
3369 1727 3501 1795 γοῦν
3542 1728 3643 1778 οὐκ

1989 1858 2033 1917 Β
2062 1823 2209 1886 ἔστιν
2239 1823 2554 1893 ἀνθρτῦπου,
2588 1822 2650 1875 τὸ
2703 1819 2841 1877 εἶναι
2906 1822 3024 1892 μετ’
3078 1820 3251 1875 αὐτοῦ
3297 1820 3398 1886 τὴν
3442 1818 3643 1889 ἀρχὴν,

2059 1914 2195 1967 ἀλλὰ
2247 1911 2407 1967 Θεοῦ.
2453 1901 2663 1976 Πάντες
2718 1913 2827 1983 γὰρ
2879 1915 2926 1973 οἱ
2975 1912 3256 1983 ἄνθρωποι
3307 1907 3640 1977 ὲξωτερικὴν

2057 2008 2352 2075 κέκτηνται
2386 2007 2486 2078 τὴν
2536 2008 2735 2076 ἀρχὴν.
2790 2007 2912 2060 Εἴτε
2973 2007 3082 2075 γὰρ
3132 2005 3340 2074 ἄρχων,
3388 2003 3497 2055 εἴτε
3541 2003 3637 2054 καὶ

2057 2097 2333 2167 βασιλεὺς,
2360 2096 2567 2167 γυμνὸς
2595 2097 2692 2166 τῆς
2725 2096 2898 2166 ἀρχῆς
2944 2094 3199 2164 γεννᾶται
3232 2092 3306 2155 ὡς
3339 2091 3390 2143 οι
3425 2088 3634 2143 πολλοί.

2055 2189 2218 2260 Καὶῆ
2251 2188 2525 2260 πατρικὴν
2551 2189 2747 2243 κτᾶται
2780 2186 2976 2258 ἀρχὴν,
3012 2188 3104 2238 καὶ
3135 2185 3203 2256 ἦν
3229 2183 3305 2255 μὴ
3330 2184 3470 2251 ἔχων
3500 2181 3637 2251 πρός

2052 2297 2232 2350 τερον,
2269 2277 2497 2347 ὕστερον
2526 2277 2717 2347 ὥσπερ
2760 2277 3015 2347 πατρῷος
3054 2275 3257 2345 κλῆρος
3308 2273 3527 2343 ἔρχεται
3561 2274 3641 2335 εἰς

2053 2371 2310 2441 αὐτὸν,ἢ
2365 2370 2470 2424 ὑπὸ
2525 2370 2733 2433 οἰκείας
2782 2369 2987 2438 ἀρετῆς
3043 2366 3137 2421 καὶ
3192 2364 3637 2434 κατορθωμάτων

2052 2464 2246 2515 κτᾶται
2286 2460 2354 2531 ἢν
2407 2460 2509 2514 οὐκ
2538 2455 2687 2529 εἶχεν
2739 2459 2952 2529 ἀργήν·
3003 2458 3036 2528 ἣ
3092 2454 3248 2519 αὖθις
3312 2455 3495 2542 ἄδικος
3538 2452 3635 2515 ὢν,

2051 2552 2289 2621 ἁρπάζει
2315 2551 2508 2621 ἐτέρου
2541 2551 2734 2621 ἀρχήν.
2774 2550 2884 2603 Κοὶ
2933 2546 3098 2601 πάλιν
3132 2544 3503 2615 προσελάϐετο
3542 2542 3636 2593 καὶ

2050 2644 2236 2708 αὐτὸς,
2265 2643 2440 2713 ἥνπερ
2465 2643 2564 2694 οὐκ
2588 2637 2734 2711 εἶχεν
2758 2640 2955 2711 ἑτέραν
2978 2640 3174 2709 ἀρχὴν.
3207 2638 3371 2689 ’Ἄνευ
3392 2636 3497 2703 γὰρ
3525 2634 3633 2685 τῶν

2048 2736 2220 2804 τριῶν
2250 2732 2477 2794 τουτωνὶ
2492 2731 2710 2801 τρόπων
2733 2730 2891 2793 ἄλλος
2921 2729 3022 2782 οὐκ
3043 2728 3178 2783 ἐστι.
3197 2725 3442 2795 Φυσικὴν
3470 2724 3523 2776 δὲ
3544 2723 3637 2776 καὶ

2046 2828 2351 2900 ἀχώριστον
2363 2823 2524 2885 αὐτοῦ
2545 2822 2716 2895 ἀρχὴν
2732 2822 3013 2890 ἄνθρωπος
3027 2821 3129 2874 οὐκ
3143 2815 3275 2890 ἔχει,
3295 2815 3452 2886 ἀλλ’ἢ
3472 2816 3639 2884 μόνην

2046 2921 2144 2990 τὴν
2167 2918 2309 2972 κατὰ
2332 2916 2442 2969 τῶν
2465 2914 2675 2983 παθῶν,
2695 2913 2793 2970 καὶ
2835 2913 2932 2980 τῆς
2963 2914 3041 2974 εἰς
3070 2912 3195 2969 τοὺς
3223 2910 3281 2976 ἐξ
3308 2908 3471 2972 αὐτοῦ
3507 2924 3632 2973 γεν-

2046 3012 2311 3084 νηθέντας
2349 3008 2568 3070 παῖδας,
2590 3008 2780 3078 ἥντινα
2812 3005 2903 3063 ἐπὶ
2940 3005 3040 3076 μὲν
3072 3004 3149 3074 τῷ
3181 3002 3455 3073 ἀνθρώπῳ
3487 3001 3635 3051 ἔστιν

2047 3105 2209 3169 ὲδεῖν,
2254 3101 2346 3155 ἐπὶ
2376 3100 2455 3153 δὲ
2488 3098 2584 3153 τοῦ
2620 3097 2758 3151 Θεοῦ
2792 3096 2981 3168 χώραν
3011 3096 3114 3149 οὐκ
3144 3095 3257 3169 ἔχει
3297 3093 3359 3146 τὸ
3392 3092 3628 3159 λεγόμε-

348 3178 577 3238 proptcr
626 3178 683 3225 et
720 3171 889 3228 Isaias
938 3174 1006 3229 de
1046 3174 1269 3233 Christo
1318 3180 1675 3246 vaticinatus,
1709 3183 1888 3254 inquit
1925 3203 1939 3240 :

2050 3214 2159 3249 νον.
2196 3195 2296 3247 Διά
2328 3210 2412 3246 τοι
2436 3190 2597 3249 τοῦτο
2621 3192 2648 3245 ὁ
2683 3190 2783 3259 μὲν
2830 3189 3068 3251 Ἡσαΐας
3107 3185 3474 3258 προφητεύων
3500 3182 3631 3250 περὶ

356 3280 375 3312 ι
429 3260 602 3331 Cujus
647 3263 990 3343 principatus
1036 3280 1203 3336 super
1252 3268 1547 3327 humerum
1596 3275 1749 3330 illius
1780 3277 1872 3342 ἰς
1917 3297 1939 3331 ι

348 3353 406 3408 id
440 3364 545 3420 est,
587 3357 857 3412 naturalis
893 3358 1021 3425 erit,
1056 3369 1113 3414 et
1151 3361 1219 3416 ab
1262 3362 1356 3417 illo
1399 3364 1808 3439 inseparabilis.
1842 3371 1946 3425 Da-

347 3445 438 3500 vid
471 3448 634 3502 etiam
669 3448 720 3503 in
761 3449 869 3512 alio
893 3452 1102 3519 psalmo
1131 3453 1207 3507 sie
1240 3453 1376 3523 dicit
1405 3474 1418 3511 :
1452 3477 1470 3509 ι
1510 3459 1757 3529 Regnum
1792 3470 1944 3519 tuum

348 3552 582 3607 regnum
618 3540 948 3609 saeculorum
975 3544 1244 3613 omnium,
1274 3554 1331 3601 et
1368 3547 1674 3605 dominium
1706 3562 1857 3607 tuum
1888 3556 1941 3609 in

347 3641 543 3683 omnes
579 3630 964 3698 generationes
994 3636 1408 3702 generationum
1435 3638 1500 3693 ".
1546 3657 1563 3691 ι
1603 3639 1760 3707 Quod
1795 3643 1940 3697 idem

348 3719 405 3773 in
437 3720 699 3789 praesenti
731 3720 853 3775 loco
887 3721 1022 3778 dicit
1053 3742 1065 3778 :
1112 3742 1131 3775 ι
1168 3724 1345 3783 Penes
1385 3736 1436 3783 te
1471 3740 1556 3785 est
1601 3732 1943 3802 principatus

349 3810 405 3865 in
432 3812 521 3867 die
551 3812 813 3883 potentiae
848 3824 973 3869 tuae.
1008 3833 1027 3867 ι
1067 3815 1170 3871 Sed
1212 3819 1519 3886 qualisnam
1562 3822 1652 3876 illa
1682 3826 1945 3893 potentia:

345 3904 510 3959 dies?
541 3904 615 3959 Ea
651 3905 946 3977 nimirum,
989 3923 1096 3978 qua
1129 3924 1266 3965 crux
1315 3911 1492 3967 libere
1527 3914 1781 3985 evulgata
1830 3929 1939 3983 est,

344 4012 445 4066 per
478 4012 641 4067 quam
671 4012 864 4054 omnes
902 4009 1092 4070 gentes
1127 4012 1469 4072 cognoscunt
1509 4003 1937 4067 inenarrabilem

342 4090 494 4145 illam
542 4100 699 4149 tuam.
737 4092 1215 4163 conversationem
1256 4104 1311 4149 et
1350 4095 1690 4153 indicibilem
1743 4111 1941 4172 poten-

345 4184 477 4237 tiam
510 4184 564 4237 in
604 4184 900 4253 splendore
948 4195 1263 4253 sanctorum
1307 4197 1548 4258 tuorum.
1585 4210 1604 4245 ι
1645 4191 1937 4263 Quorum?

340 4276 757 4345 Apostolorum,
796 4277 1112 4343 doctorum,
1153 4291 1456 4352 martyrum
1507 4276 1936 4353 ct'sanctorum;

340 4369 437 4436 qui
467 4368 688 4438 quidem
714 4371 784 4425 ab
811 4369 1201 4439 insipientibus
1227 4389 1326 4443 pro
1361 4378 1598 4433 mortuis
1622 4387 1679 4431 et
1708 4379 1940 4450 perditis

340 4461 538 4525 habiti,
590 4461 647 4515 in
693 4476 857 4514 manu
900 4461 998 4532 Dei
1039 4479 1175 4517 vero
1212 4454 1360 4530 sunt,
1407 4476 1463 4521 et
1508 4469 1563 4521 in
1600 4485 1734 4537 pace
1777 4472 1934 4541 quiev

2050 3286 2143 3339 τοῦ
2198 3282 2439 3355 Χριστοῦ
2499 3282 2674 3350 λέγει,
2709 3298 2727 3331 ι
2771 3271 2846 3339 υῦ
2904 3280 2939 3350 ἡ
3010 3278 3155 3349 ἀρχὴ
3186 3276 3280 3329 ἐπὶ
3313 3274 3409 3327 τοῦ
3476 3273 3630 3339 ὤμου

2051 3377 2242 3443 αὑτοῦ,
2289 3394 2307 3428 ι
2344 3374 2596 3429 τουτέστι
2657 3374 2861 3443 φυσικὴ
2921 3370 3016 3425 καὶ
3078 3368 3404 3441 ἀχώριστος.
3467 3365 3527 3419 ’0
3572 3363 3631 3416 δὲ

2051 3469 2219 3523 Δασιδ
2270 3468 2472 3523 οὑτωσὶ
2500 3467 2649 3535 λέγει
2678 3467 2736 3519 ὲν
2763 3466 2938 3534 ἑτέρῳ
2966 3461 3192 3531 ψαλμῷ,
3232 3462 3313 3517 ὅτι
3354 3477 3373 3511 ι
3421 3458 3487 3511 'H
3530 3458 3630 3527 βα-

2050 3562 2226 3615 σιλεία
2251 3577 2346 3613 σου
2377 3558 2624 3629 βασιλεία
2638 3558 2856 3611 πάντων
2873 3556 2981 3608 τῶν
3003 3553 3237 3618 αἰώνων,
3269 3552 3361 3605 καὶ
3385 3550 3631 3621 ήδεσπο-

2047 3654 2170 3704 τεία
2194 3667 2286 3702 σου
2314 3651 2371 3702 ὲν
2406 3650 2557 3718 πάσῃ
2580 3648 2746 3717 γενεᾷ
2773 3649 2867 3699 καὶ
2895 3645 3079 3715 γενεᾷ.
3120 3661 3138 3694 ι
3179 3641 3253 3694 Τὸ
3288 3640 3335 3692 δ’
3362 3639 3496 3692 αὐτὸ
3537 3639 3632 3690 καὶ

2004 3726 2009 3731 ’
2048 3744 2104 3796 ἐν
2131 3741 2210 3812 τῷ
2237 3742 2467 3810 παρόντι
2496 3738 2683 3809 χωρίῳ
2736 3738 2903 3805 λέγει,
2947 3754 2965 3786 ι
3005 3735 3160 3789 Μετά
3195 3732 3288 3785 σοῦ
3334 3732 3365 3801 ἡ
3403 3730 3544 3799 ἀρχὴ
3572 3730 3630 3780 ὲν

2047 3835 2233 3905 ἡμέρᾳ
2274 3833 2373 3903 τῆς
2401 3832 2683 3901 δυνάμεώς
2712 3846 2830 3883 σου.
2870 3847 2887 3879 ι
2923 3828 3059 3881 Πόία
3084 3826 3271 3896 ἡμέρα
3300 3823 3582 3892 δυνάμεως
3610 3838 3628 3886 ;

2042 3925 2336 3978 Τουτέστιν
2382 3924 2440 3974 ἐν
2471 3923 2538 3991 τῇ
2585 3920 2774 3990 ἡμέρᾳ
2814 3916 2939 3970 καθ’
2997 3917 3064 3987 ἢν
3119 3914 3562 3986 παρρησιάζεται
3596 3916 3626 3964 ὁ

2047 4016 2306 4087 σταυρὸς,
2356 4013 2481 4068 καθ’
2519 4014 2586 4084 ἢν
2621 4011 2956 4081 γινώσκουσι
3018 4011 3199 4064 πάντα
3229 4009 3298 4060 τὰ
3348 4008 3477 4076 ἔθνη
3521 4006 3631 4075 τὴν

2043 4108 2363 4181 ἀπόρρητόν
2404 4124 2498 4163 σου
2524 4104 2961 4172 συγκατάὸασιν,
3006 4102 3100 4156 καὶ
3149 4101 3246 4170 τὴν
3282 4099 3489 4169 ἄφατον
3521 4098 3616 4149 δύ-

2042 4220 2210 4273 ναμιν
2240 4203 2297 4255 ὲν
2330 4201 2450 4263 ταῖς
2496 4198 2851 4269 λαμπρότησι
2877 4195 2986 4248 τῶν
3023 4194 3197 4256 ἁγίων
3239 4209 3360 4247 σου.
3400 4190 3618 4250 [Ιοίωνς

2045 4296 2169 4349 Τῶν
2200 4291 2541 4355 ἀποστόλων,
2574 4291 2681 4343 τῶν
2711 4288 3075 4352 διδασκάλων,
3126 4285 3236 4337 τῶν
3295 4282 3619 4354 μαρτύρων,

2040 4387 2151 4441 τῶν
2186 4386 2374 4448 ὁσίων,
2399 4384 2597 4446 οἵτινες
2656 4381 2844 4445 ἔδοξαν
2899 4382 2957 4432 ὲν
3011 4377 3314 4455 ὀφθαλμοῖς
3367 4377 3621 4448 ἀφρόνων

2040 4478 2316 4531 τεθνάναι.
2346 4477 2409 4529 Οἱ
2439 4476 2494 4528 δέ
2551 4476 2690 4527 εἰσιν
2722 4476 2779 4525 ὲν
2809 4475 2875 4543 τῇ
2904 4472 3050 4541 χειρὶ
3082 4470 3177 4523 τοῦ
3221 4468 3382 4532 Θεοῦ,
3416 4470 3511 4525 καὶ
3561 4469 3620 4519 ἐν

338 4560 522 4615 scunt,
568 4554 720 4623 juxta
765 4551 1083 4609 Solomonis
1127 4557 1409 4611 oraculum
1436 4558 1523 4624 ²³;
1565 4560 1793 4628 quique,
1845 4577 1933 4617 se-

2047 4570 2232 4641 είρήνῃ
2261 4568 2405 4631 κατὰ
2434 4568 2495 4621 τὸ
2529 4565 2877 4636 Σολομῶντος
2898 4565 3103 4632 λόγιον,
3142 4562 3345 4625 οἵτινες
3382 4560 3526 4619 κατὰ
3558 4560 3623 4612 τὸ

340 4644 583 4697 ιίιιιᾱιιιη
629 4643 911 4717 Evangelii
944 4644 1387 4714 promissionem,
1427 4647 1718 4716 Splcntlcnt
1761 4652 1934 4720 magis

340 4752 506 4805 quam
546 4736 649 4807 sol.
696 4737 929 4801 Deinde,
978 4737 1441 4807 quemadmodum
1485 4740 1539 4792 in
1598 4741 1760 4809 paulo
1802 4754 1928 4798 ante

340 4830 623 4900 praemissa
657 4830 971 4901 prophetia,
1017 4831 1097 4885 sic
1131 4829 1295 4886 etiam
1330 4830 1381 4884 in
1414 4831 1516 4886 hac
1546 4836 1800 4907 praesenti
1849 4837 1933 4890 di-

336 4923 504 4981 cizur.
536 4924 613 4979 De
653 4908 875 4987 homine
899 4924 1067 4987 enim,
1096 4938 1260 4993 quem
1289 4923 1461 4978 Filius
1483 4924 1577 4980 Dei
1610 4928 1925 4996 assumpsit,

338 5017 456 5070 lucc
488 5016 673 5070 omnia
703 5018 945 5085 locutus,
1003 5026 1061 5071 et
1095 4998 1483 5072 demonstrare
1535 5018 1726 5074 volens
1779 5024 1923 5090 quod

338 5107 486 5159 idem
513 5115 569 5159 et
602 5106 746 5172 Deus
767 5112 821 5160 et
853 5104 1017 5159 homo
1056 5105 1149 5171 sit,
1182 5092 1286 5160 hoc
1311 5105 1523 5162 inducit
1552 5126 1565 5161 :
1610 5126 1628 5160 ι
1666 5109 1839 5165 Penes
1872 5122 1923 5167 te

338 5195 716 5264 principatus;
747 5213 764 5247 ι
794 5194 940 5264 quod
964 5195 1057 5249 vel
1084 5195 1261 5248 solum
1287 5194 1350 5248 ad
1372 5206 1695 5264 praasentem
1719 5207 1920 5254 statum

337 5297 392 5340 ct
429 5274 957 5358 demonstratiOncm
1003 5287 1296 5348 suﬂiterct,
1343 5288 1700 5345 nihilominus
1739 5301 1919 5358 tamen

335 5377 555 5443 planius
602 5354 956 5447 apertiusque
1004 5377 1139 5432 dicit
1183 5378 1237 5445 in
1284 5378 1431 5433 hunc
1488 5382 1733 5447 modum,
1779 5403 1797 5435 ι
1846 5385 1924 5440 Ex

338 5481 496 5524 utero
525 5485 741 5524 aurora:
774 5471 1056 5540 generatio
1098 5478 1208 5524 tua.
1257 5489 1274 5522 ι
1309 5470 1441 5536 Quis
1469 5489 1706 5543 unquam
1739 5476 1921 5531 homi-

338 5578 466 5615 num
497 5570 623 5615 ante
654 5562 822 5617 solem
857 5571 1016 5616 natus
1044 5562 1168 5616 cst?
1195 5563 1391 5618 Nullus
1414 5567 1663 5633 omnino,
1700 5569 1772 5622 Ne
1795 5572 1919 5639 quis

336 5662 520 5709 tamen
549 5654 655 5709 hoc
680 5654 1005 5709 calumniari
1042 5654 1255 5720 volens,
1282 5656 1349 5711 de
1375 5659 1582 5727 angelis
1604 5675 1910 5716 sermonem

408 5833 448 5867 "
483 5834 587 5890 Isa.
620 5850 695 5899 ιχ,
727 5833 778 5888 6.
857 5835 900 5864 "
936 5834 1074 5888 Psal.
1112 5851 1281 5903 cultv,
1318 5837 1401 5893 l5.
1483 5841 1526 5869 ’³
1561 5840 1685 5910 Sap.
1728 5857 1803 5905 Ill,
1840 5843 1891 5895 5.

2034 4667 2093 4717 ὲν
2132 4666 2249 4727 τοῖς
2300 4664 2661 4734 Εὐαγγελῑοις
2697 4663 3089 4733 γεγραμμένον
3122 4660 3438 4729 λάμψυυσιν
3468 4657 3612 4726 ὑπὲρ

2033 4760 2125 4812 τὸν
2166 4760 2339 4828 ἣλιον.
2374 4736 2548 4828 Πάλιν
2611 4758 2669 4811 δὲ
2713 4756 2906 4825 ὥσπερ
2943 4756 3036 4808 καὶ
3091 4758 3149 4808 ὲν
3193 4758 3260 4824 τῇ
3298 4755 3404 4826 πρὸ
3434 4754 3616 4818 ὀλίγου

2033 4851 2290 4925 λεχθείσῃ
2341 4850 2677 4922 προφητείᾳ,
2730 4849 2876 4902 οὕτω
2944 4848 3037 4911 καὶ
3098 4850 3155 4901 ὲν
3216 4846 3615 4918 τῇθπαροπσῃ.

2036 4943 2224 5000 Εἰπὼν
2254 4944 2364 5013 γὰρ
2396 4944 2529 5013 περὶ
2556 4943 2652 4996 τοῦ
2685 4941 2981 5013 ἀνθρώπου
3013 4938 3228 5005 οὗτινος
3256 4941 3553 5003 ἀνελάεετο
3586 4943 3613 4992 ὁ

2034 5037 2158 5097 Υἱὸς
2190 5036 2286 5089 τοῦ
2318 5034 2482 5101 Θεοῦ,
2516 5037 2619 5091 ὅσα
2654 5037 2759 5109 καὶῆ
2786 5037 3002 5105 εἴρηκε,
3069 5035 3397 5105 βουλςςμεηΟς
3441 5034 3614 5096 δείξει,

2033 5128 2123 5179 καὶ
2155 5128 2234 5179 ὅτι
2267 5127 2427 5189 αὐτός
2465 5128 2581 5178 ἐστι
2605 5125 2739 5189 Θεὸς
2772 5125 2866 5178 καὶ
2900 5128 3214 5198 ἄνθρωπος,
3248 5127 3498 5192 ἐπήγαγε
3529 5125 3609 5184 τὸ,

2037 5236 2053 5268 ι
2080 5218 2236 5286 Μετά
2260 5216 2409 5297 σοῦῄ
2440 5218 2607 5295 ἀρχή,
2637 5236 2655 5269 ι
2698 5218 2878 5289 Ὅπερ
2908 5221 2998 5271 καὶ
3028 5219 3189 5287 μόνον
3216 5219 3376 5289 ἀρκεῖ
3410 5220 3488 5279 εἰς
3514 5216 3611 5285 τὴν

2027 5307 2222 5359 τούτου
2259 5307 2610 5375 παράστασιν
2645 5307 2739 5359 καὶ
2782 5308 3087 5373 ἀπόδειξιν.
3135 5308 3329 5376 ’Ὅμως
3357 5306 3613 5374 τρανότε-
3664 5330 3727 5353 ον

2038 5398 2129 5465 ρόν
2149 5414 2202 5447 τε
2240 5398 2333 5449 καὶ
2361 5397 2749 5467 καθαρώτερον
2773 5394 2927 5451 εἶπεν
2967 5398 3162 5462 οὕτως,
3191 5418 3209 5448 ι
3250 5399 3345 5451 Ἐκ
3368 5398 3609 5465 γαστρδς

2030 5486 2137 5551 πρὸ
2167 5486 2451 5555 ἑωσφόρου
2504 5487 2773 5557 ἐγέννησά
2806 5506 2887 5544 σε.
2923 5508 2941 5540 ι
2979 5490 3077 5553 Τίς
3131 5490 3239 5543 τῶν
3300 5488 3607 5558 ἀνθρώπων

2026 5578 2290 5649 ἐγεννήθη
2334 5578 2440 5649 πρὸ
2472 5580 2567 5633 τοῦ
2601 5580 2763 5649 ,ἡλίου
2813 5600 2824 5645 ;

2029 5669 2102 5739 μή
2139 5687 2220 5733 τις
2254 5673 2347 5723 καὶ
2398 5672 2556 5725 τοῦτο
2596 5673 2846 5746 διαϐάλῃ,
2879 5676 2969 5728 καὶ
3006 5676 3135 5745 εἴπῃ
3167 5676 3247 5729 ὅτι
3280 5676 3405 5742 περὶ
3437 5672 3604 5740 ἀγγέ·”

2886 5584 3109 5646 Πάντως
3144 5583 3344 5643 οὐδεὶς.
3390 5582 3509 5632 Ἵνα
3550 5581 3604 5632 δὲ
