4090 6456
423 369 529 433 4οἸ

1386 373 1684 440 CONTRA
1732 377 2221 440 ΜᾹΗΟΜΕΤΕΜ
2265 379 2648 443 APOLOGIA
2690 383 2740 444 ῐ.

3574 386 3686 453 uo
3761 355 3768 362 ’

425 490 516 543 λου
555 491 699 543 ἐσττν
730 491 768 544 6.
787 490 965 560 λόγος,
1015 491 1091 557 ὡς
1138 494 1297 565 δῆθεν
1336 497 1439 567 πρὸ
1468 498 1560 550 τοῦ
1600 499 1752 569 ἡλίου
1784 497 1993 568 γεγονό-

2112 515 2230 554 esse
2259 501 2488 562 diceret.
2516 503 2671 572 quasi
2709 503 2786 557 illi
2829 511 2954 558 ante
2987 504 3154 560 solem
3189 513 3430 560 creatum
3473 507 3682 564 conditi

423 601 520 644 τις
547 584 672 646 τοὺς
698 584 985 652 ἀγγέλους,
1017 583 1192 651 εἶπεν,
1231 605 1250 640 ι
1281 589 1345 642 ὲκ
1377 592 1614 660 γαστρὸς
1648 595 1752 662 πρὸ
1792 590 1999 658 ἑωσφό-

427 694 541 744 ρον.
575 694 593 726 ι
615 675 688 728 Τὸ
713 678 822 746 γὰρ
859 695 877 728 ι
911 679 974 733 ἐκ
993 679 1226 750 γαστρὸς
1261 698 1280 732 ι
1315 683 1414 751 οὐχ
1451 683 1528 745 ὡς
1567 685 1811 754 γαστέρα
1850 684 1998 752 ἔχειν

424 770 510 820 τδν
543 769 677 822 Θεὸν
697 769 855 823 τοῦτο
879 770 1125 842 εἴρηκεν,
1180 773 1294 827 ἀλλ’
1320 774 1395 838 ῶς
1426 777 1454 828 6
1502 777 1666 839 αὐτὸς
1731 777 1900 831 Δαῦὶδ
1941 781 1998 832 ἔν

425 859 596 929 ἑτέρῳ
620 857 793 929 λέγει,
820 861 903 916 ὅτι
935 881 954 914 Ι
991 862 1056 916 Δί
1111 865 1294 935 χεῖρές
1333 883 1432 920 σου
1473 868 1740 939 ἐποίησάν
1774 887 1845 939 με
1900 871 1998 924 καὶ

425 946 666 1002 ἔπλασάν
695 965 789 1018 με,
829 968 848 1002 ι
879 949 977 1020 τὴν
1013 951 1417 1026 δημιουργικὴν
1441 956 1672 1029 δύναμιν
1703 959 1799 1012 τοῦ
1858 960 1995 1015 Θεοῦ

420 1039 454 1099 6
488 1039 684 1094 ικνύων
703 1054 719 1070 ⁸
736 1042 851 1107 καὶ,
872 1059 894 1094 ι
915 1042 1213 1112 Ὀφθαλμοὶ
1231 1047 1437 1116 Κυρίου
1453 1049 1818 1114 ἔπἰδικαίους.
1850 1069 1870 1103 ι
1895 1051 1996 1121 τὴν

426 1131 789 1202 τι,ς-ονοητικὴν
815 1132 1045 1203 δύναμιν
1077 1134 1172 1189 τοῦ
1202 1135 1361 1203 Θεοῦ,
1411 1139 1505 1192 καὶ
1542 1138 1626 1192 ὅτι
1677 1139 1806 1206 ἄξια
1853 1141 1996 1212 ἔργα

427 1221 761 1290 πράττουσιν
787 1225 836 1276 οἱ
877 1224 1104 1290 δίκαιοι,
1136 1226 1278 1282 ὥστε
1311 1231 1578 1284 εἰσελθεῖν
1637 1231 1868 1303 ἐνώπιον
1897 1231 1993 1286 τοῦ

427 1315 580 1368 Θεοῦ,
611 1315 768 1368 Οὕτω
800 1316 896 1370 καὶ
923 1319 1068 1373 κατὰ
1115 1319 1175 1374 τὸ
1216 1326 1394 1391 παρὸν
1422 1324 1496 1377 ’ὲν
1537 1321 1617 1394 τῷ
1647 1325 1844 1389 εἰπεῖν,
1878 1341 1897 1375 ι
1932 1324 1995 1377 ἐκ

423 1407 676 1476 γαστρὸς,
720 1427 740 1461 ι
769 1409 938 1477 ἔδειξε
992 1411 1091 1483 τὴν
1154 1413 1222 1467 αὖ
1237 1413 1328 1485 ιὴν
1383 1416 1476 1469 καὶ
1511 1416 1640 1486 μίαν
1672 1415 1862 1470 οὐσίαν
1899 1411 1994 1469 καὶ

421 1499 582 1566 φύσιν
623 1500 752 1553 Υῐοῦ
801 1518 858 1555 τε
893 1503 1004 1556 ’καὶ
1039 1504 1272 1574 Πατρός.
1300 1506 1514 1575 ’Ὠσπερ
1561 1508 1672 1577 γὰρ
1700 1507 1769 1561 τὰ
1806 1506 1994 1577 ἄψυχα

421 1592 612 1663 δὲιδρα
649 1593 718 1645 τὰ
770 1594 912 1647 αὐτὰ
941 1596 1032 1648 καὶ
1057 1595 1237 1664 ὃμοια.
1267 1596 1453 1658 αὐτοῖς
1495 1598 1784 1664 γεννῶσιν,
1823 1601 1855 1666 ἠ
1883 1598 1992 1668 γὰρ

422 1687 560 1756 σνκῆ
587 1685 762 1756 συκῆν
815 1688 1003 1758 γεννᾷ,
1045 1688 1196 1757 καὶὴ
1246 1687 1405 1742 ἐλαία
1455 1689 1679 1744 ἐλαίαν·
1729 1690 1992 1756 ὡσαύτως

420 1782 513 1832 καὶ
539 1779 605 1832 τὰ
636 1779 810 1846 ἄλογα
843 1778 957 1844 ζῶα
987 1779 1189 1851 ὁμοίως
1223 1780 1281 1834 ἓν
1302 1781 1536 1836 ἕκαστον
1571 1782 1780 1837 τούτων
1803 1785 1991 1852 ὅμοιον

421 1864 566 1936 αὖτῷ
606 1869 824 1937 καὶτῆς
857 1867 1028 1938 αὐτῆς
1059 1868 1275 1938 φύσεως
1299 1871 1467 1942 γεννᾷ
1521 1871 1787 1943 γέννημα.
1828 1873 1991 1927 Ἀλλὰ

420 1957 483 2026 δὴ
512 1956 604 2010 καὶ
625 1958 653 2010 6
684 1957 994 2026 ἄνθρωπος,
1028 1959 1248 2028 λογικδς
1295 1961 1395 2026 ῶν,
1443 1962 1662 2032 λογικὸν
1705 1963 1994 2035 ἄνθρωπον

421 2046 602 2116 γεννᾷ.
637 2047 732 2099 καὶ
754 2046 947 2117 θνητὸς
973 2046 1072 2114 ὧν,
1101 2048 1258 2114 αὖθις
1297 2050 1497 2120 θνητόν
1527 2068 1542 2084 ⁶
1570 2055 1664 2107 καὶ
1696 2055 1796 2124 τῆς
1823 2056 1994 2124 αὐτῆς

420 2138 682 2200 oscines:
711 2137 806 2194 καὶ
833 2138 1050 2207 φύσεώς
1078 2141 1226 2195 ἔστιν
1250 2143 1278 2196 6
1319 2145 1434 2207 υἱὸς
1466 2144 1545 2215 τῷ
1577 2146 1772 2218 πατρί.
1809 2147 1994 2216 Πολλῷ

425 2224 621 2303 μᾶλλον
649 2231 984 2304 λογιζόμεθα
1013 2233 1174 2289 τοῦτο
1213 2237 1308 2291 καὶ
1340 2237 1695 2307 ἀσυγκρίτως
1748 2239 1844 2292 ἐπὶ
1894 2239 1990 2294 τοῦ

421 2322 580 2389 Θεοῦ,
606 2325 689 2378 ὅτι
713 2327 742 2378 6
779 2325 906 2389 Υἱὸς
938 2327 1033 2380 καὶ
1053 2327 1228 2398 Λόγος
1254 2329 1423 2382 αὐτοῦ
1449 2331 1549 2400 τῆς
1578 2329 1750 2398 αὐτῆς
1776 2329 1994 2400 φύσεως

423 2417 516 2471 καὶ
543 2416 734 2481 οὐσίας
769 2419 885 2472 ἐστὶ
911 2417 1006 2473 τοῦ
1038 2419 1272 2490 Πατρὸς,
1323 2419 1506 2483 καθὼς
1537 2421 1636 2475 καὶ
1673 2420 1818 2477 ἔστι.
1881 2422 1994 2475 Καὶ

425 2507 614 2559 σκόπει
644 2507 936 2577 ἀκρίϐειαν
960 2510 1334 2580 προφητειῶν.
1368 2510 1550 2566 Εἰπὼν
1574 2512 1688 2584 γὰρ
1725 2514 1753 2567 6
1782 2513 1994 2583 προφή-

423 2618 542 2668 τη·,
586 2615 604 2650 t
639 2593 807 2652 Εἴπεν
855 2599 882 2652 6
939 2597 1166 2668 Κύριος,
1211 2617 1231 2652 ι
1289 2599 1492 2666 ἔδειξεν
1549 2602 1632 2653 ὅτι
1689 2599 1778 2655 τὸν
1857 2600 1994 2652 Θεδν

421 2694 590 2762 λέγει,
615 2688 686 2757 ὥς
711 2692 1105 2746 ἀποδέδεικται.
1137 2691 1324 2746 Εἰπὼν
1353 2693 1433 2756 δὲ,
1465 2709 1483 2744 ι
1509 2691 1583 2762 τῷ
1606 2690 1796 2761 Κυρίῳ
1816 2707 1940 2762 μου,
1966 2709 1987 2743 ι

425 2784 516 2837 καὶ
559 2785 644 2848 τὸ,
679 2801 698 2836 ι
737 2782 924 2838 Κάθου
963 2784 1026 2835 ἔκ
1061 2782 1253 2848 δεξιῶν
1313 2801 1441 2860 μου,
1478 2783 1583 2844 ἔως
1633 2780 1701 2836 ἂν
1732 2781 1810 2834 θῶ
1865 2780 1994 2843 τοὺς

422 2876 648 2945 ἐχθρούς
705 2893 796 2928 σου
829 2875 1120 2929 ὑποπόδιον
1155 2875 1263 2929 τῶν
1307 2874 1486 2928 ποδῶν
1518 2892 1610 2928 σου
1644 2889 1660 2904 ο
1703 2893 1722 2925 ι
1759 2872 1856 2927 καὶ
1907 2871 1991 2937 τὺ,

429 2966 688 3021 ιῬάϐδον
747 2966 1031 3037 δυνάμεως
1079 2965 1451 3032 κὲξαποστελεῖ
1519 2972 1603 3018 σοι
1655 2963 1863 3035 Κύριος
1925 2965 1992 3018 ὲκ

347 3045 368 3054 ”
426 3053 585 3124 Mdv,
621 3077 640 3108 ι
673 3057 769 3111 καὶ
795 3058 878 3124 τὸ,
909 3075 927 3108 ι
969 3057 1355 3126 Κατακυρίευε
1384 3056 1441 3108 ὲν
1467 3056 1618 3126 μέσῳ
1644 3045 1752 3107 τῶν
1781 3053 1993 3124 ἐχθρῶν

2102 593 2233 657 Sint,
2268 593 2465 663 inquit,
2505 612 2524 646 ι
2555 611 2623 650 ex
2653 604 2812 650 utero
2838 611 3072 652 ουτοι-τε.
3111 615 3130 648 ι
3175 597 3332 662 Quod
3354 599 3500 653 enim
3537 601 3678 655 uteri

2103 688 2373 753 meminit,
2403 703 2510 741 non
2538 703 2604 741 eo
2637 703 2804 743 sensu
2839 687 3222 757 accipiendum
3253 699 3340 744 est
3372 691 3517 760 quod
3537 691 3680 746 Deus

2101 787 2316 832 uterum
2337 778 2555 844 habeat,
2574 779 2667 833 sed
2687 794 2752 833 eo
2771 793 2881 848 quo
2901 787 2957 834 et
2974 779 3142 834 David
3165 781 3295 834 alibi
3321 781 3487 836 dicit:
3523 801 3542 834 ι
3563 783 3678 837 Ma-

2100 886 2206 925 nus
2232 881 2338 925 tua:
2368 874 2624 926 lecerunt
2653 887 2740 926 me
2765 879 2823 926 et
2858 871 3236 926 formaverunt
3260 887 3348 927 me
3377 871 3455 940 ἰς
3496 891 3516 924 ι
3547 888 3680 943 ope-

2099 964 2354 1017 ratrieem
2387 962 2642 1017 videlicet
2679 962 2774 1017 Dei
2821 956 3121 1033 pote—ntiam
3159 964 3480 1028 ostendens,
3539 973 3674 1029 etc.,

2103 1075 2122 1108 ι
2155 1054 2312 1111 Oculi
2340 1053 2432 1109 Dei
2463 1068 2632 1124 super
2658 1055 2838 1125 justos
2868 1055 2948 1122 ¹⁸;
2990 1073 3009 1107 ι
3041 1070 3152 1125 quo
3177 1055 3360 1111 omnia
3390 1055 3682 1126 providen-

2099 1156 2209 1202 tem
2251 1146 2348 1202 Dei
2395 1147 2652 1202 virtutem
2693 1146 2898 1214 innuit,
2939 1156 2998 1203 et
3032 1147 3179 1218 quod
3223 1147 3355 1220 justi
3395 1163 3564 1219 opera
3595 1149 3678 1204 fa-

2096 1241 2246 1295 ciant
2274 1239 2435 1311 digna
2467 1247 2529 1293 ut
2558 1253 2744 1294 coram
2799 1239 2914 1293 Deo
2955 1237 3356 1309 ingrediantur.
3392 1239 3484 1295 Sic
3509 1241 3676 1295 etiam

2097 1345 2340 1404 praesens
2391 1323 2547 1386 locus
2602 1330 2996 1402 intelligendus
3060 1337 3166 1387 est.
3219 1331 3467 1405 Dicendo
3504 1330 3676 1395 enim,

2103 1443 2122 1474 α
2167 1440 2232 1480 ex
2283 1433 2462 1488 utero,
2503 1442 2523 1476 ι
2555 1423 2798 1480 ostendit
2825 1439 2991 1479 unam
3023 1431 3078 1479 et
3115 1424 3366 1479 eamdem
3400 1425 3524 1480 Filii
3551 1439 3674 1479 cum

2094 1517 2256 1573 Patre
2279 1515 2641 1572 substantiam
2661 1523 2718 1570 et
2737 1523 3014 1569 naturam.
3031 1513 3500 1581 Quemadmodum
3529 1517 3678 1570 enim

2097 1608 2408 1662 inanimataa
2431 1605 2660 1661 arbores
2679 1605 2884 1660 eadem
2915 1613 2969 1660 et
2993 1605 3201 1660 similes
3228 1606 3330 1659 sibi
3355 1605 3488 1674 ipsis
3516 1623 3682 1676 gene-

2045 1755 2052 1760 ,
2097 1707 2320 1753 rantur:
2354 1697 2488 1752 licus
2519 1698 2668 1754 enim
2709 1696 2872 1751 ticum
2909 1706 2966 1752 et
2996 1697 3116 1751 olea
3156 1697 3330 1752 oleam
3357 1698 3569 1768 gignit:
3605 1699 3681 1753 sic

2095 1790 2300 1844 militer
2328 1797 2383 1844 et
2412 1789 2576 1844 bruta
2599 1789 2853 1844 animalia
2889 1787 3100 1860 singula
3129 1791 3281 1859 juxta
3319 1804 3491 1860 genus
3515 1807 3674 1846 suum

2100 1887 2309 1934 natura:
2343 1894 2454 1935 sua;
2498 1880 2702 1935 similia
2757 1887 3041 1951 generant,
3091 1887 3147 1935 et
3189 1879 3356 1934 homo
3399 1881 3681 1935 rationalis

2097 1985 2223 2026 cum
2265 1971 2359 2037 sit,
2414 1971 2736 2027 rationalem
2775 1972 2951 2043 gignit
2989 1971 3290 2036 hominem,
3336 1980 3390 2027 et
3432 1973 3680 2028 mortalis

2096 2061 2410 2124 mortalem,
2444 2070 2502 2117 et
2529 2061 2676 2116 ﬁlius
2703 2060 2953 2132 ejusdem
2990 2076 3118 2116 cum
3150 2071 3306 2132 patre
3343 2070 3426 2116 est
3471 2072 3681 2116 natura:

2094 2162 2151 2208 et
2183 2152 2526 2208 substantiae.
2567 2151 2738 2206 Multo
2766 2150 2939 2222 magis
2963 2151 3132 2222 igitur
3161 2151 3276 2206 haec
3306 2160 3360 2204 et
3381 2151 3500 2205 sine
3529 2151 3679 2206 omni

2095 2241 2440 2298 dubitatione
2467 2242 2536 2296 de
2565 2242 2679 2297 Deo
2715 2242 3041 2306 sentiemus,
3072 2242 3218 2312 quod
3263 2242 3436 2297 Filius
3463 2251 3517 2296 et
3548 2241 3683 2297 Ver-

2093 2333 2221 2388 bum
2250 2332 2424 2403 ipsius
2452 2332 2699 2402 ejusdem
2734 2348 2861 2388 eum
2908 2333 3068 2389 Patre
3101 2335 3174 2390 sit
3217 2341 3431 2388 natum
3466 2343 3521 2389 et
3553 2336 3683 2389 sul:-

2095 2429 2335 2494 stantiae,
2382 2425 2847 2497 quemadmodum
2906 2442 3096 2482 revera
3143 2437 3247 2495 est.
3306 2428 3414 2482 Sed
3470 2429 3680 2498 respice

2095 2518 2516 2589 pr0phetiarum
2596 2517 2964 2588 diligentiam.
3025 2517 3300 2587 Propheta
3383 2519 3531 2572 enim
3601 2519 3684 2572 in-

2095 2611 2313 2680 quiens,
2381 2628 2400 2662 ι
2436 2610 2585 2666 Dixit
2610 2610 2896 2676 Dominus,
2929 2628 2948 2662 ι
2987 2610 3230 2664 ostendit
3255 2625 3314 2665 se
3351 2611 3420 2664 de
3451 2611 3562 2665 Deo
3600 2612 3683 2665 di-

2095 2716 2244 2764 cere,
2270 2708 2329 2764 ut
2353 2699 2465 2770 jam
2488 2706 2616 2754 ante
2633 2699 3072 2754 demonstratum
3093 2707 3202 2753 est.
3231 2698 3454 2754 Addens
3474 2709 3680 2760 autem.

2102 2805 2121 2836 ι
2162 2784 2392 2839 Domino
2444 2799 2590 2845 meo,
2626 2800 2646 2835 ι
2690 2796 2748 2838 ει
2806 2801 2825 2834 ι
2869 2782 3012 2838 Sede
3063 2799 3092 2838 a
3137 2782 3347 2838 dextris
3399 2783 3558 2848 meis,
3588 2785 3684 2837 ειυ-

2094 2892 2198 2934 nee
2227 2891 2426 2948 ponam
2463 2875 2732 2945 inimicos
2779 2881 2906 2930 tuos
2957 2874 3258 2930 scabellum‘
3299 2874 3500 2943 pedum
3565 2883 3684 2928 tm;-

2096 2985 2252 3034 rum,
2301 2978 2444 3034 etc.;
2499 2985 2518 3020 ι
2573 2985 2592 3018 ι
2645 2964 2866 3037 Virgam
2917 2965 3180 3036 potentia:
3222 2966 3436 3020 emittet
3475 2965 3572 3020 tibi
3619 2982 3684 3020 ex

2095 3060 2225 3120 Sion
2277 3059 2593 3126 Dominus;
2643 3066 2734 3125 et,
2773 3077 2793 3111 ι
2836 3059 3132 3114 Dominare
3170 3059 3228 3113 in
3262 3057 3448 3112 medio
3503 3057 3675 3110 inimi-

426 3165 520 3201 σου
546 3163 562 3178 ⁸
593 3165 611 3198 ι
648 3147 821 3200 ταῦτα
850 3145 1028 3199 πάντα
1066 3145 1158 3200 τὸν
1192 3145 1332 3214 ὑπὲρ
1362 3145 1526 3213 φύσιν
1565 3144 1854 3214 ἄνθρωπον
1888 3143 1985 3198 καὶ

2096 3168 2281 3208 eorum
2330 3160 2547 3205 tuorum
2594 3167 2608 3204 :
2657 3168 2676 3202 ι
2740 3150 2858 3205 hate
2889 3151 3071 3205 omnia
3112 3149 3368 3218 inquam,
3407 3147 3683 3203 hominem

424 3239 796 3308 ἀνέκφραστον
857 3233 1030 3292 εἷπεν.
1089 3237 1208 3290 Ἵνα
1263 3237 1320 3291 δὲ
1352 3235 1500 3309 δείξῃ
1535 3236 1618 3288 ὅτι
1674 3234 1840 3298 αὐτός
1871 3235 1998 3289 ἔστι.

425 3331 520 3382 καὶ
553 3329 683 3392 Θεὸς
715 3329 809 3382 καὶ
858 3329 1168 3399 ἄνθρωπος,
1196 3328 1369 3396 λέγει,
1401 3347 1419 3380 ι
1451 3327 1606 3381 Μετᾶ
1645 3326 1739 3379 σοῦ
1777 3326 1811 3395 ἡ
1842 3327 1989 3396 ἀρχὴ

426 3423 481 3474 ὲν
511 3421 801 3494 ἡμέρατῆς
821 3421 1103 3492 δυνάμεώς
1139 3437 1254 3486 σου,
1286 3421 1347 3474 ὲν
1361 3421 1480 3482 ταῖς
1504 3418 1857 3490 λαμπρότησι
1882 3418 1993 3470 τῶν

425 3515 594 3581 ἁγίων
623 3532 735 3569 σου.
767 3532 785 3564 ι
808 3514 928 3568 Ἵνα
959 3514 1014 3567 δὲ
1046 3512 1211 3567 πάλιν
1240 3511 1394 3584 δείξῃ
1419 3513 1512 3565 καὶ
1537 3510 1828 3584 φανερώσῃ
1858 3510 1993 3564 Θεὸν

425 3608 552 3658 tnta
583 3608 676 3660 καὶ
701 3607 924 3676 γνήσιον
950 3605 1082 3659 Υίὸν
1109 3592 1275 3658 αὑτοῦ
1311 3604 1376 3675 δὴ
1404 3604 1497 3656 τοῦ
1545 3602 1701 3670 Θεοῦ,
1738 3603 1830 3659 καὶ
1867 3603 1994 3673 μίαν

425 3698 610 3750 οἰσῖαν
643 3696 739 3751 καὶ
763 3699 925 3765 φύσιν
949 3697 1140 3767 ἔχοντα
1174 3696 1310 3766 μετὰ
1337 3695 1430 3749 τοῦ
1467 3695 1602 3748 Θεοῦ
1635 3696 1728 3748 καὶ
1747 3693 1994 3764 Πατρδς,

410 3788 645 3858 κε’πετδ,
681 3807 702 3842 ‹
752 3791 846 3844 Ἐκ
870 3789 1101 3860 γαστρὸς
1135 3788 1240 3859 πρὸ
1268 3789 1546 3860 ἑωσφόρον
1567 3787 1829 3857 ὲγὲννησά
1861 3791 1991 3840 σεε»

438 3883 496 3934 Ὀ
513 3882 556 3934 6‘
580 3881 740 3945 αὐτὸς
769 3881 931 3935 πάλιν
943 3881 1034 3934 xal
1055 3883 1110 3933 ὲν
1124 3881 1294 3952 ἑτέρῳ
1314 3879 1485 3946 λέγει,
1512 3901 1527 3931 ι
1555 3880 1664 3932 Kal
1684 3879 1772 3946 σὺ,
1799 3877 1993 3949 Κύριε,

428 3974 459 4040 ὴ
496 3971 646 4033 ἐλπίς
679 3989 806 4040 μου,
843 3971 934 4023 τὸν
964 3970 1231 4040 ’Υψιστον
1290 3970 1414 4023 ἔθου
1448 3969 1782 4040 καταφυγήν
1811 3985 1929 4024 σου.
1971 3985 1991 4020 ι

430 4063 488 4130 11⁸
511 4061 692 4126 όσεξον
716 4063 774 4115 τὸ
802 4061 1114 4132 λεγόμενον.
1181 4062 1269 4116 Ἐν
1297 4061 1376 4132 τῷ
1406 4063 1582 4116 εἰπεῖν
1625 4061 1715 4132 τὸν
1764 4061 2000 4132 Προφή-

427 4169 548 4221 την,
583 4171 601 4206 ι
638 4152 748 4206 Kal
809 4156 896 4219 σὺ,
936 4153 1130 4223 Κύριε,
1169 4153 1389 4225 ήέλπίς
1448 4169 1572 4224 μου,
1614 4172 1632 4204 ι
1670 4151 1838 4216 ἔδειξε
1901 4153 1996 4206 τὸν

431 4244 558 4295 Υἰδν
585 4243 680 4304 τοῦ
705 4241 866 4296 Θεοῦ.
901 4261 919 4296 ι
951 4243 1044 4296 Ἕν
1067 4243 1126 4298 δὲ
1157 4243 1256 4315 τῷ,
1287 4262 1306 4296 ι
1339 4244 1428 4296 τὸν
1461 4243 1748 4311 ’Υψιστον,
1776 4261 1794 4294 ι
1829 4241 1998 4306 ἔδειξε

423 4335 515 4386 τὶν
547 4334 738 4387 τούτου
793 4335 1015 4407 Πατέρα
1067 4335 1223 4389 Θεόν.
1267 4335 1358 4388 Ἐν
1389 4334 1448 4387 δὲ
1478 4333 1558 4405 τῷ
1615 4320 1790 4388 εἰπεῖν
1832 4331 1994 4397 αὖθις

361 4487 370 4491 η
423 4431 504 4490 τὸ,
529 4445 548 4480 ι
568 4425 730 4479 ’Ἑθου
751 4426 1090 4496 καταφυγὴν,
1113 4444 1131 4476 ι
1150 4425 1318 4490 ἔδειξε
1341 4425 1430 4478 τὸν
1444 4424 1505 4478 ὃν
1527 4423 1998 4487 ἀνελάϐετοόΥίὸς

2093 3244 2240 3299 omni
2275 3253 2470 3316 natura
2519 3242 2956 3312 plmstantiorem
2995 3250 3054 3296 et
3081 3239 3500 3295 inenarrabilem
3541 3239 3673 3293 desi-

2093 3345 2282 3408 gnant.
2319 3335 2391 3392 Ut
2417 3349 2550 3390 vero
2591 3333 2846 3390 ostendat
2890 3333 3231 3389 eumdem-et
3270 3332 3442 3386 Deum
3478 3346 3599 3386 esse
3629 3339 3684 3384 et

2095 3428 2399 3493 hominem,
2435 3427 2594 3493 dicit,
2643 3444 2663 3478 ι
2716 3427 2894 3482 Penes
2925 3435 2977 3481 te
3005 3435 3090 3480 est
3129 3424 3468 3495 principatus
3501 3424 3556 3478 in
3595 3423 3688 3477 die

2095 3518 2355 3588 potentiae
2395 3525 2503 3572 tua:
2527 3556 2542 3582 ,
2581 3517 2636 3572 in
2681 3515 2974 3587 splendore
3019 3523 3334 3570 sanctorum
3379 3522 3619 3568 tuorum.
3660 3532 3684 3563 ι

2097 3609 2371 3676 Praeterea
2416 3619 2476 3664 ut
2521 3623 2742 3664 rursum
2775 3607 3012 3672 evincat,
3044 3605 3189 3676 quod
3232 3605 3377 3660 Deus
3424 3621 3549 3662 cum
3591 3605 3685 3668 sit,

2099 3701 2366 3756 naturalis
2382 3701 2556 3773 etiam
2586 3708 2642 3754 et
2673 3714 2844 3754 verus
2869 3698 2942 3754 sit
2969 3698 3064 3753 Dei
3103 3697 3298 3760 Filius,
3335 3706 3390 3751 et
3436 3697 3688 3767 ejusdem

2099 3809 2225 3849 cum
2263 3795 2374 3848 Deo
2401 3795 2563 3849 Patre
2599 3802 2808 3847 naturze
2844 3799 2900 3846 et
2934 3791 3278 3854 substantiae,
3320 3789 3427 3844 hoc
3460 3790 3690 3860 SUhjllll!

2099 3888 2199 3959 git,
2244 3905 2264 3940 ι
2299 3887 2378 3941 Ex
2405 3897 2564 3942 utero
2594 3899 2804 3939 aurorae
2828 3882 2991 3952 genui
3026 3891 3098 3936 te.
3127 3901 3146 3934 ι
3185 3882 3390 3937 Verum
3427 3881 3517 3934 hic
3539 3880 3687 3934 idem

2100 3980 2154 4033 in
2183 3979 2291 4033 alio
2319 3979 2440 4032 loco
2462 3976 2626 4040 dicit,
2645 3995 2664 4026 ι
2681 3975 2757 4032 Et
2781 3983 2861 4041 tu,
2883 3973 3138 4038 Domine,
3160 3986 3287 4043 spes
3311 3987 3452 4036 mea,
3471 3970 3690 4027 Altissiq

2101 4084 2250 4124 mum
2275 4067 2512 4138 posuisti
2546 4066 2843 4136 sull‘ugium
2876 4074 3030 4120 tuum
3051 4065 3123 4120 “.
3161 4083 3180 4117 ι
3215 4063 3450 4118 Attende
3474 4078 3685 4134 quaeso,

2099 4158 2234 4230 quid
2278 4157 2516 4212 dicatur.
2558 4156 2639 4212 Eo
2689 4157 2837 4212 enim
2866 4155 3012 4225 quod
3055 4155 3328 4225 Propheta
3365 4153 3518 4218 dicit,
3559 4171 3580 4205 ι
3619 4154 3688 4209 Et

2103 4261 2180 4314 tu,
2219 4249 2468 4314 Domine,
2499 4262 2625 4316 spes
2655 4261 2797 4312 mea,
2835 4265 2855 4298 ι
2881 4246 3081 4301 Filium
3114 4245 3206 4302 Dei
3224 4244 3429 4301 innuit.
3460 4245 3563 4299 Per
3587 4243 3688 4298 ΔΙ-

2103 4339 2374 4394 tissimum
2454 4353 2588 4393 vero
2647 4337 2897 4406 ejusdem
2956 4337 3170 4393 Patrem
3229 4336 3401 4392 Deum
3452 4323 3682 4391 indicat.

2101 4430 2341 4486 Rursum
2396 4443 2528 4484 vero
2585 4428 2677 4484 his
2720 4429 2936 4494 verbis,
2991 4445 3012 4480 ι
3074 4427 3313 4483 Posuisti
3384 4426 3683 4497 sull'ugium

423 4519 516 4571 τοῦ
549 4519 682 4572 Θεοῦ
716 4494 1035 4590 ἄνθρωπον,
1061 4518 1152 4571 τὸν
1175 4517 1366 4587 ἔχοντα
1407 4517 1599 4587 χρείαν
1641 4517 1988 4583 καταφυγῆς.

2100 4533 2275 4586 tuum,
2291 4539 2309 4574 ι
2325 4520 2551 4576 denotat
2569 4519 2868 4583 hominem,
2888 4535 3050 4590 quem
3071 4519 3240 4574 Filius
3254 4521 3346 4574 Dei
3365 4523 3684 4588 assumpsit,

435 4611 495 4662 ’θ
551 4610 660 4681 γὰρ
689 4610 820 4674 Yth;
864 4608 960 4663 τοῦ
1016 4608 1152 4662 Θεοῦ
1180 4608 1370 4679 χρείαν
1398 4606 1724 4676 καταφυγῆς
1769 4605 1869 4657 οὐκ
1914 4600 1996 4657 εἷ-

423 4719 538 4770 χεν.

498 4791 552 4846 ι’.
596 4791 756 4845 Ἀλλὰ
786 4791 880 4845 καὶ
901 4793 928 4843 6
950 4790 1145 4843 τούτου
1177 4791 1309 4854 παῖς
1328 4791 1356 4843 6
1388 4790 1694 4861 θαυμάσιος
1737 4787 1995 4858 Σολομὼν

418 4883 615 4937 oti-tesi
645 4897 806 4953 φησι·
839 4901 861 4932 ι
891 4883 1001 4937 Καὶ
1026 4881 1142 4948 νῦν,
1173 4881 1347 4952 Κύριε
1377 4884 1404 4936 6
1439 4883 1571 4945 Θεὸς
1617 4881 1710 4936 τοῦ
1751 4879 1992 4952 Ἰσραὴλ,

423 4974 749 5044 πιστωθήτω
779 4975 854 5047 δὴ
880 4973 941 5026 τὸ
987 4973 1142 5045 ῥῆμά
1166 4991 1287 5038 σου,
1345 4973 1374 5025 ὅ
1408 4972 1678 5042 ἐλάλησας
1711 4971 1787 5042 τῷ
1840 4970 1994 5024 παιδί

422 5083 515 5117 σοι)
550 5065 711 5118 Δαϐιδ
739 5065 818 5136 τῷ
857 5064 1027 5136 πατρὶ
1067 5083 1190 5135 μου,
1222 5066 1303 5118 ὃτι
1332 5068 1383 5118 εί
1409 5063 1626 5134 ἀληθῶς
1668 5064 1991 5133 κατοικήσει

421 5160 551 5222 Θεὸς
581 5159 720 5229 μετὰ
768 5155 1072 5237 ἀνθρώπων
1101 5159 1192 5209 ἐπὶ
1230 5159 1325 5228 τῆς
1382 5156 1504 5226 γῆςς
1551 5175 1567 5207 ι
1605 5156 1716 5209 Καὶ
1742 5153 1932 5225 ὥσπερ
1963 5156 1991 5207 6

435 5253 705 5322 Ἱερεμίας
763 5249 938 5317 εἶπεν,
989 5252 1072 5304 ὃτι
1109 5267 1128 5300 ι
1163 5243 1334 5310 Οὗτος
1393 5252 1422 5302 6
1489 5248 1622 5310 Θεὸς
1684 5246 1861 5320 ἡμῶν,
1926 5247 1990 5300 οὐ

422 5343 804 5416 λεδ-,ἰαθήσεται
825 5344 1012 5412 ἔτερος
1044 5341 1183 5410 πρὸς
1224 5341 1408 5406 αὑτὸν,
1467 5335 1586 5394 εἶτα
1638 5339 1731 5392 ἐπὶ
1758 5337 1855 5408 τῆς
1885 5337 1988 5407 γῆς

422 5435 603 5504 ἐρέθη,
644 5437 740 5488 καὶ
789 5438 903 5497 τοῖς
965 5433 1282 5504 ἀνθρώποις
1338 5431 1796 5502 συνανεστράφη⁹
1843 5428 1990 5484 οὕτω

423 5527 518 5580 καὶ
565 5530 592 5581 6
632 5528 792 5595 σοφὸς
827 5523 1079 5598 Σολομὼν
1134 5525 1303 5594 λέγει,
1361 5525 1464 5585 ὅτι,
1493 5542 1513 5576 ι
1549 5524 1722 5593 Κύριε
1780 5526 1808 5578 6
1854 5524 1988 5588 Θεὸς

433 5622 471 5674 Ἰ
483 5620 668 5692 spati-1).,
702 5620 1034 5688 πιστωθήτω
1089 5619 1154 5687 δὴ
1199 5617 1263 5670 τὸ
1316 5618 1469 5688 ῥῆμά
1501 5635 1620 5681 σου,
1653 5615 1682 5669 ὃ
1718 5615 1988 5685 ἐλάλησας

419 5713 499 5781 τῷ
527 5711 672 5764 παιδί
695 5728 787 5763 σου
810 5711 991 5764 Δασίδ.
1015 5729 1033 5762 ι
1065 5711 1130 5763 Τί
1149 5709 1396 5779 βούλεται
1420 5708 1478 5762 τὸ
1504 5727 1523 5759 ι
1559 5709 1892 5778 Πιστωοήτω
1917 5723 1932 5771 ;
1959 5725 1976 5758 ι

2096 4614 2186 4670 cui
2211 4628 2350 4682 opus
2395 4619 2517 4667 erat
2557 4611 2816 4682 sull‘ugio.
2857 4611 3034 4666 Purus
3067 4612 3216 4666 enim
3253 4611 3344 4668 ille
3374 4611 3471 4666 Dei
3509 4612 3687 4668 Filius

2097 4704 2335 4775 suﬂ'ugio
2361 4704 2446 4759 vel
2474 4702 2623 4772 asylo
2657 4718 2764 4756 non
2797 4701 3100 4770 indigebat.

2169 4795 2258 4850 10.
2290 4795 2434 4861 Quin
2461 4802 2517 4849 et
2550 4793 2714 4864 hujus
2742 4794 2888 4849 (ilius
2916 4794 3067 4849 omni
3087 4794 3452 4863 admiratione
3483 4795 3687 4866 dignus

2093 4883 2336 4947 Solomo,
2373 4881 2454 4938 sic
2491 4881 2660 4936 dicit:
2693 4900 2712 4934 ι
2743 4881 2990 4949 Etnunc,
3014 4885 3296 4940 oDomine
3315 4885 3455 4940 Deus
3483 4885 3679 4949 lsnael,

2095 4983 2278 5030 ratum
2327 4977 2423 5030 liat
2477 4973 2706 5028 verbum
2775 4983 2952 5040 tuum,
2983 4975 3130 5045 quod
3173 4976 3392 5031 locutus
3433 4991 3493 5031 es
3523 4991 3686 5031 servo

2094 5074 2192 5120 tuo
2228 5063 2420 5127 David.
2452 5063 2595 5134 patri
2637 5079 2784 5125 meo,
2833 5065 3096 5134 quoniam
3129 5081 3261 5120 num
3297 5082 3424 5121 vere
3472 5065 3685 5120 habita-

2093 5158 2176 5214 bit
2207 5158 2348 5212 Deus
2383 5171 2508 5210 cum
2542 5155 2862 5210 hominibus
2890 5170 3060 5225 super
3106 5165 3307 5214 terram
3334 5158 3418 5210 ’7?
3447 5177 3464 5209 ι
3499 5157 3587 5224 Ει,
3622 5166 3684 5212 ut

2093 5247 2358 5304 Jeremias
2375 5247 2508 5302 dicit
2538 5264 2552 5301 :
2587 5266 2605 5298 ι
2640 5246 2906 5314 Quoniam
2940 5248 3031 5304 hic
3055 5259 3140 5306 ost
3168 5249 3314 5306 Deus
3337 5260 3546 5316 noster,
3570 5268 3682 5307 non

2096 5337 2442 5408 reputabitur
2477 5336 2620 5391 alius
2667 5351 2850 5408 coram
2868 5352 2955 5393 eo.
3000 5339 3267 5406 Quoniam
3291 5356 3458 5411 super
3482 5350 3680 5396 terram

2099 5431 2248 5484 visus
2284 5438 2392 5491 est,
2435 5419 2492 5483 et
2521 5441 2646 5482 cum
2679 5427 2992 5484 hominibus
3043 5440 3401 5487 conversatus
3444 5441 3536 5486 est
3561 5431 3628 5483 ⁸³.
3655 5447 3676 5480 ι

2098 5523 2190 5592 Sic
2227 5532 2282 5578 et
2311 5521 2530 5591 sapiens
2559 5519 2654 5577 ille
2685 5520 2945 5577 Solomon
2992 5523 3131 5580 dicit
3164 5542 3181 5583 :
3231 5545 3250 5577 ι
3280 5524 3509 5580 Domine
3541 5523 3680 5577 Deus

2094 5615 2494 5679 lsrael,ratum
2541 5613 2636 5666 ﬁat
2665 5601 2895 5668 verbum
2933 5623 3111 5678 tuum,
3161 5615 3306 5683 quod
3361 5615 3575 5668 locutus
3617 5629 3681 5666 es

2097 5723 2256 5763 servo
2327 5717 2423 5760 tuo
2477 5705 2666 5760 David.
2705 5724 2724 5757 ι
2764 5706 2903 5772 Quid
2958 5707 3105 5761 enim
3166 5707 3314 5761 aliud
3380 5707 3673 5774 signiﬁcat,

489 5833 530 5863 "'
568 5830 706 5886 Psal.
731 5846 911 5899 exntzl,
936 5832 1020 5887 73.
1122 5831 1167 5864 ³³
1199 5830 1338 5887 Psal.
1368 5849 1554 5900 xxxiii,
1589 5833 1667 5888 16.
1761 5835 1802 5866 ’⁸
1826 5832 1966 5889 Psa‘l.

2115 5833 2165 5890 9.
2247 5834 2290 5868 ⁸⁷
2324 5833 2542 5904 llll'teg.
2579 5831 2802 5901 v;u,26,
2827 5829 2915 5884 27.
2996 5829 3039 5860 ’⁸
3063 5827 3296 5888 Baruch.
3331 5840 3414 5894 tu,
3442 5825 3533 5889 56,
3559 5823 3658 5879 58.
3692 5811 3695 5826 ’

3599 6124 3633 6137 -
