4090 6482
308 410 409 475 411

1500 399 1827 465 JOANNIS
1858 395 2390 459 CANTACUZENI

3460 374 3567 440 412

313 551 330 581 α
369 530 760 599 Conﬁrmetnr,
801 549 820 584 ι
859 544 1022 601 quam
1051 529 1197 595 Fiat,
1225 526 1500 582 reveletur
1533 533 1591 579 et
1611 520 1882 591 fexhibea-
1911 551 1921 577 λ

2024 537 2325 606 ¹εννηθήτω,
2347 531 2737 604 φανερωθήτω,
2757 524 3151 595 ἀποδειχοήτω,
3167 523 3225 576 τὸ
3243 521 3570 592 κατοικῆσαι

311 635 425 689 tur,
460 631 521 678 ut
549 633 606 678 ιιι
634 623 729 693 qui
765 622 910 680 Deus
949 638 1036 689 es,
1080 620 1372 676 manifeste
1405 631 1530 673 cum
1573 611 1887 672 hominibus

310 713 678 771 comet-seris.
711 713 869 778 Quod
912 721 968 767 et
1010 711 1213 766 factum
1260 717 1364 765 est.
1407 706 1580 762 Filius
1611 703 1760 762 enim
1792 701 1888 756 Dei

313 819 482 876 super
509 812 716 860 terram
751 804 904 859 visus
937 812 1049 868 est,
1073 811 1130 857 et
1156 816 1284 857 cum
1324 797 1645 854 hominibus
1677 792 1890 849 habita—

314 897 417 953 vit.
451 895 594 966 Quid
635 896 805 966 igitur
856 895 955 950 tibi
990 894 1248 951 videtur?
1275 890 1634 949 Suﬂieiuntne
1657 887 1743 942 ba:
1767 901 1892 942 san-

315 998 532 1047 ctorqu
580 987 650 1042 de
692 986 916 1042 Christo
963 986 1352 1047 revelationes,
1395 991 1453 1038 et
1497 978 1892 1051 prophetarum

319 1081 568 1145 oracula,
613 1079 900 1150 ipsiusque
935 1079 1030 1134 Dei
1081 1074 1395 1133 testimonia
1433 1073 1504 1128 ad
1552 1073 1896 1129 demonstra-

321 1171 532 1225 tionem
562 1168 728 1240 hanc,
754 1167 901 1238 quod
925 1167 1176 1224 Christus
1211 1165 1387 1222 Filius
1420 1164 1518 1220 Dei
1555 1163 1629 1219 sit
1654 1171 1711 1218 et
1753 1162 1896 1218 Deus

324 1276 491 1318 verus
515 1279 528 1317 :
556 1261 768 1316 scilicet
797 1259 945 1330 quod
985 1271 1042 1316 et
1073 1260 1215 1316 idem
1249 1257 1341 1314 hic
1374 1266 1434 1314 et
1461 1257 1606 1314 Deus
1631 1264 1687 1312 et
1732 1254 1898 1310 homo

320 1353 415 1418 sit,
460 1352 548 1408 vel
588 1369 720 1408 num
753 1353 875 1408 aliis
906 1351 1087 1406 adhuc
1119 1347 1683 1408 demonstrationibus
1729 1355 1788 1402 et
1815 1354 1899 1402 te-

326 1443 604 1501 stimoniis
647 1459 789 1514 opus
831 1444 959 1499 est?
996 1443 1271 1510 Quantum
1306 1439 1552 1511 proiecto
1588 1437 1725 1494 mihi
1749 1437 1902 1493 videv

328 1547 436 1598 tur,
466 1534 583 1588 hate
608 1534 775 1591 etiam
815 1535 975 1604 plane
1006 1533 1277 1604 imperitis
1303 1531 1635 1588 sulIieerent.
1669 1531 1901 1587 Verum—

329 1638 514 1681 tamen
546 1625 784 1696 amplius
817 1625 1041 1680 tentabo
1089 1624 1184 1679 tibi
1209 1622 1384 1678 amico
1409 1632 1598 1677 nostro
1617 1621 1789 1692 hujus
1810 1636 1905 1676 re-

325 1720 548 1772 ritatcm
597 1717 882 1774 declarare
928 1716 1126 1782 iusius,
1163 1716 1327 1772 sicuti
1375 1715 1646 1772 hactenus
1683 1727 1904 1784 quoque

327 1809 532 1865 factum
561 1818 670 1868 est.
1364 1834 1374 1842 ι
1470 1857 1474 1862 ,

401 1902 488 1956 Η.
551 1901 776 1972 Magnus
821 1900 913 1955 ille
953 1898 1127 1954 Moses
1189 1906 1248 1954 et
1284 1896 1540 1965 celebris,
1591 1914 1717 1954 cum
1758 1907 1905 1954 esset

326 1985 480 2056 juxta
505 1997 744 2042 montem
777 1986 951 2053 Sinai,
986 1987 1337 2056 conspicatus
1357 1997 1442 2043 est
1473 1988 1670 2043 rubum
1714 1988 1911 2042 arden-

335 2092 466 2138 tem.
495 2082 668 2150 Quem
697 2070 1044 2138 cum‘multis
1065 2083 1266 2138 diebus
1287 2083 1482 2138 ardere
1507 2083 1906 2152 conspexisset,

335 2189 445 2227 non
475 2182 655 2228 tamen
683 2175 808 2244 igne
843 2174 1115 2239 consumi,
1136 2175 1321 2229 animo
1345 2190 1446 2229 suo
1476 2175 1724 2229 meditari
1744 2174 1912 2243 erepit

334 2262 602 2341 quidnam,
631 2263 740 2317 hoc
769 2264 874 2319 sibi
901 2265 1085 2329 vellet,
1123 2264 1269 2333 quod
1294 2264 1465 2318 rubus
1497 2273 1576 2319 tot
1602 2263 1801 2319 diebus
1827 2279 1915 2316 ar-

337 2356 515 2419 ileret,
547 2369 652 2409 nec
691 2365 872 2410 tamen
899 2356 969 2410 ab
1003 2357 1127 2425 igne
1153 2366 1591 2412 consumeretur.
1632 2375 1652 2408 ι
1693 2356 1760 2410 Et
1791 2373 1916 2426 pro-

339 2446 536 2510 fectus,
581 2447 784 2516 inquit,
831 2447 1052 2510 videbo,
1094 2448 1370 2516 quodnam
1403 2449 1535 2506 illud
1580 2449 1915 2518 stupendum

338 2537 408 2589 sit
434 2535 762 2606 prodigium.
791 2555 808 2589 ι
858 2537 1015 2593 Rubo
1062 2549 1244 2594 autem
1295 2540 1550 2609 preprior
1588 2539 1783 2602 factus.
1824 2556 1918 2595 vo-

338 2643 459 2682 eem
503 2628 724 2682 caelitus
765 2629 984 2682 allatam
1033 2629 1250 2697 sibique
1319 2629 1594 2686 dicentem
1647 2633 1860 2688 audivit
1899 2649 1915 2688 :

348 2739 366 2769 σ
403 2719 596 2785 Moses,
621 2720 819 2782 Moses.
857 2721 1008 2776 solve
1047 2722 1419 2778 calceamenta
1449 2724 1652 2793 pedum
1676 2736 1918 2791 tuorum;

340 2813 496 2867 locus
535 2811 682 2864 enim
711 2812 766 2866 in
796 2826 908 2881 quo
941 2821 1079 2877 stas,
1116 2824 1256 2868 terra
1281 2825 1470 2870 sancta
1499 2825 1584 2885 est
1616 2813 1681 2871 ⁸⁵.
1718 2835 1737 2868 ι
1778 2817 1920 2884 Quid

341 2917 476 2958 sane
513 2902 659 2957 aliud
683 2903 959 2972 signiﬁcat
978 2906 1153 2961 rubus
1176 2907 1398 2973 ardens,
1427 2916 1482 2961 et
1513 2923 1623 2962 non
1665 2922 1924 2963 consum-

339 3000 492 3064 ptus,
513 3001 624 3048 tum
656 2996 821 3050 etiam
851 3011 954 3051 vox
978 2996 1300 3053 clamitans:
1329 3016 1347 3050 ι
1379 2997 1539 3054 Solve
1561 2999 1923 3056 ealeeamenta

344 3084 544 3153 pedum
573 3095 817 3154 tuorum,
844 3105 862 3142 ι
894 3088 1002 3143 nisi
1026 3088 1173 3158 quod
1207 3090 1380 3158 rubus
1407 3089 1609 3145 ardens
1637 3091 1928 3146 adumbra-

1989 632 2049 684 σὲ
2074 628 2274 698 δηλαδὴ
2303 627 2393 678 τὸν
2418 624 2554 676 Θεὸν
2584 621 2721 690 μετὰ
2747 618 2854 672 τῶν
2876 615 3207 686 ἀνθρώπων,
3231 614 3259 666 ὃ
3284 614 3378 667 καὶ
3411 614 3572 680 γέγο-

1989 739 2098 776 νεν.
2118 721 2176 772 ’0
2201 718 2310 788 γὰρ
2335 716 2464 778 Υἱὸς
2490 713 2584 766 τοῦ
2608 711 2742 766 Θεοῦ
2768 710 2864 763 ἐπὶ
2885 708 2985 775 τῆς
3011 707 3113 774 γῆς
3144 704 3328 772 ὤφθη,
3346 703 3570 765 καὶτοῖς

1989 811 2302 881 ἀνθρώποις
2355 805 2793 874 συνανεστράφη.
2828 801 2892 855 Τί
2917 801 3048 871 γοῦν
3089 817 3168 852 σοι
3202 799 3386 857 δοκεῖς
3438 797 3566 864 Ἀρ-

1992 901 2150 955 κεταί
2173 903 2312 953 εἰσιν
2337 901 2392 952 αἱ
2441 897 2571 964 περὶ
2621 893 2717 948 τοῦ
2750 889 2993 962 Χριστοῦ
3051 887 3204 959 παρὰ
3247 888 3355 940 τῶν
3395 885 3566 954 ἁγίων

1993 996 2272 1054 δπτασίαι.
2309 992 2406 1048 καὶ
2462 991 2588 1043 τῶν¹
2627 985 2932 1058 προφητῶν
2988 983 3344 1053 προφητεῖαι,
3377 977 3472 1031 καὶ
3505 973 3566 1030 αἱ

1997 1088 2147 1161 παρὰ
2183 1085 2280 1138 τοῦ
2306 1081 2446 1138 Θεοῦ
2491 1078 2816 1153 μαρτυρίαιο
2843 1079 2924 1138 εἰς
2954 1073 3227 1141 ἀπόδειξιν
3257 1073 3339 1124 ὅτι
3373 1071 3570 1161 «lips:

1999 1158 2122 1242 στδς
2151 1177 2412 1240 Υίόςὲστι
2439 1171 2533 1226 τοῦ
2567 1169 2728 1231 Θεοῦ,
2752 1170 2852 1223 και
2883 1166 3014 1229 Θεὸς
3046 1163 3320 1233 ἀληθινὸς,
3359 1163 3386 1213 δ
3411 1158 3573 1220 αὐτὸς

1995 1267 2054 1320 δὲ
2097 1266 2229 1329 Θεὸς
2274 1264 2368 1317 καὶ
2405 1261 2710 1332 ἄνθρωπος.
2763 1255 2923 1328 ἢκαὶ
2979 1254 3183 1322 ἐτέρων
3241 1249 3570 1314 ἀποδείξεων

2000 1360 2092 1414 καὶ
2120 1355 2435 1429 μαρτυριῶν
2477 1344 2556 1405 ἔτι
2598 1350 2757 1422 χρεία
2791 1348 2969 1412 ὲστίν;
3027 1344 3116 1406 Ὠς
3174 1342 3362 1412 ἔμοιγε
3407 1338 3572 1402 δοκεῖ,

2000 1451 2082 1504 ὅτι
2121 1451 2214 1503 καὶ
2247 1450 2362 1510 τοῖς
2389 1447 2556 1500 πᾶσιν
2587 1442 2902 1512 ἀγνώμοσιν
2934 1434 3168 1521 ἀρκεταὶ
3218 1435 3378 1486 εἰσιν.
3429 1429 3571 1521 Ἀλλ’

2005 1543 2156 1612 ὅμως
2186 1541 2283 1595 καὶ
2315 1539 2396 1593 ἔτι
2427 1537 2765 1608 πειράσομαι
2800 1531 2970 1594 δεῖξαι
3007 1520 3142 1598 πρὸς
3193 1528 3254 1577 σε
3311 1524 3404 1612 τον
3435 1520 3573 1612 ήμέῗ

2003 1610 2160 1702 τερον
2211 1628 2366 1698 φίλον
2418 1627 2520 1696 τὴν
2573 1626 2704 1694 περὶ
2762 1620 2954 1675 τούτου
3007 1615 3288 1686 ἀλήθειαν,
3349 1611 3424 1675 ὼς
3482 1610 3578 1663 καὶ

2006 1716 2220 1790 πρώην.

2083 1905 2172 1953 ια’.
2215 1899 2274 1952 '0
2304 1897 2509 1964 Μωσῆς
2560 1896 2768 1957 ἐκεῖνος
2797 1894 2824 1946 ὁ
2863 1891 3060 1958 μέγας,
3109 1890 3167 1941 ἐν
3193 1887 3271 1958 τῷ
3309 1887 3425 1955 δρει
3453 1884 3582 1954 Σινᾲ

2010 1991 2107 2054 ὢν,
2157 1988 2434 2046 ἐθεάσατο
2480 1989 2643 2058 βάτον
2691 1989 3014 2056 καιομένην.
3085 1985 3208 2036 Ἐπὶ
3255 1981 3464 2033 πλείοσι
3522 1978 3579 2031 δὲ

2012 2086 2248 2155 ἡμέραις
2277 2081 2499 2151 Θεωρῶν
2529 2078 2701 2147 αὐτὴν
2727 2078 3026 2146 καιομένην
3055 2075 3182 2160 μὲν,
3204 2075 3277 2142 μὴ
3311 2071 3585 2139 καταφλε-

2012 2177 2249 2246 γομένην
2274 2174 2354 2236 δὲ,
2385 2171 2706 2239 διελογίζετο
2759 2168 2880 2223 καθ’
2911 2167 3127 2226 ἑαυτὸν,
3174 2185 3191 2216 ι
3233 2166 3299 2218 Τί
3336 2163 3582 2232 pestem

2013 2267 2194 2332 τοῦτο,
2227 2266 2309 2318 ὄτι
2339 2266 2372 2334 ἡ
2405 2263 2564 2333 βάτος
2591 2263 2805 2315 καίεται
2835 2262 2934 2331 μὲν
2965 2260 3058 2312 ἐπὶ
3103 2258 3339 2327 ἡμέραις
3385 2252 3584 2306 τοσαύ-

2015 2377 2158 2422 ταις,
2218 2358 2279 2410 οὑ
2331 2355 2692 2420 κατακαίεται
2745 2353 2852 2419 δέ;
2924 2349 3200 2406 Ἀπελοὼν
3261 2348 3375 2409 ἴδω,
3427 2346 3480 2397 τί
3529 2343 3587 2396 τὸ

2017 2453 2257 2518 ἐξαίσιον
2289 2450 2448 2503 τοῦτο
2488 2449 2584 2501 καὶ
2620 2447 2954 2517 θαυμαστόν.
2987 2464 3006 2498 ι
3040 2425 3407 2513 Καὶ’πλησίοκι
3434 2440 3590 2503 γενό-

2021 2562 2180 2617 μενος
2207 2545 2308 2613 τῆς
2340 2543 2526 2612 βάτου,
2557 2541 2758 2611 ἢκουσε
2781 2540 2963 2608 φωνῆς
2984 2536 3276 2607 οὐρανόθεν
3305 2532 3454 2601 αὑτῷ
3479 2533 3594 2582 ὲνε-

2019 2638 2262 2710 χοείσης,
2283 2635 2376 2688 καὶ
2404 2634 2688 2703 λεγούσης,
2715 2652 2730 2683 ι
2759 2626 2953 2700 Μωσῆ,
2977 2631 3172 2698 Μωσῆ,
3195 2626 3433 2685 ).ὖσον,τδ
3460 2625 3592 2676 ὑπό-

2021 2731 2174 2799 δημα
2196 2731 2260 2782 ὲκ
2290 2728 2398 2780 τῶν
2451 2727 2630 2778 ποδῶν
2686 2741 2802 2777 σου.
2847 2724 2911 2776 '0
2974 2721 3084 2791 γὰρ
3118 2721 3303 2786 τόπος,
3361 2720 3420 2772 έν
3451 2711 3493 2786 ᾧ
3529 2719 3593 2770 σὺ

2023 2821 2283 2886 ἕστηκας,
2337 2817 2407 2884 γῆ
2437 2816 2569 2884 ἁγία
2604 2816 2743 2869 ἔστί.
2785 2833 2802 2866 ι
2837 2813 2902 2867 Τί
2959 2811 3089 2882 γοῦν
3126 2812 3317 2881 ἕτερον
3373 2809 3524 2878 δηλοῖ
3562 2809 3595 2878 ἠ

2024 2908 2288 2977 καιομένη
2349 2903 2642 2977 βάτοςκκαὶ
2685 2906 2758 2975 μὴ
2811 2903 3290 2972 καταφλεγομένη,
3325 2899 3419 2952 καὶ
3473 2900 3526 2950 τί
3570 2899 3598 2950 ὁ

2025 2999 2187 3068 λόγος
2216 2999 2243 3051 ὁ
2271 2999 2471 3065 λέγων,
2508 3017 2526 3049 ι
2568 2997 2745 3050 Λῦσον
2780 2997 2841 3048 τὸ
2881 2980 3140 3064 ὑπόδημα
3171 2995 3236 3047 ὲκ
3266 2995 3377 3047 τῶν
3417 2992 3597 3072 ποδῶν

2031 3108 2125 3143 σου
2159 3132 2173 3148 .
2223 3109 2238 3139 ι
2274 3088 2306 3159 ἢ
2339 3089 2421 3142 ὅτι
2451 3089 2484 3158 ἡ
2531 3087 2629 3158 μὲν
2660 3087 2820 3156 βάτος
2881 3087 2912 3156 ὴ
2948 3088 3211 3156 καιομένη
3245 3083 3479 3148 είκὸνιζε
3506 3083 3602 3136 καὶ

345 3175 425 3228 vit
449 3183 684 3246 typoque
715 3179 954 3246 praetulit
993 3179 1176 3235 diram
1209 3180 1434 3234 Mariam
1476 3179 1768 3251 virginem,
1808 3197 1921 3249 qua:

2033 3184 2345 3254 προετὺπου
2380 3182 2476 3252 τὴν
2532 3182 2694 3248 ἁγίαν
2745 3181 2967 3251 Μαρίαν
3019 3179 3116 3249 τὴν
3152 3179 3448 3250 Παρθένον,
3501 3179 3601 3247 τὴν

346 3267 548 3323 Filium
582 3277 637 3322 et
682 3269 917 3325 Verbum
949 3270 1064 3338 _Dei
1090 3271 1398 3326 secundum
1423 3287 1647 3326 carnem
1676 3273 1932 3342 peperit?

347 3357 821 3421 Quemadmodum
853 3358 1001 3414 enim
1031 3360 1205 3415 rubus
1230 3360 1450 3428 quidem
1472 3362 1718 3427 ardebat,
1742 3370 1796 3417 et
1821 3377 1931 3416 non

346 3449 797 3514 consumebatur,
841 3450 915 3504 ita
946 3451 1112 3506 etiam
1163 3451 1288 3506 diva
1328 3453 1512 3522 virgo,
1542 3454 1634 3507 ubi
1679 3455 1934 3524 concepit

351 3539 447 3593 Dei
487 3540 684 3594 Filium
740 3549 797 3595 et
847 3541 1107 3604 Verbum,
1141 3542 1267 3612 igne
1317 3542 1622 3599 divinitatis
1655 3560 1763 3599 non
1804 3559 1936 3599 con-

349 3639 568 3700 sumpta
603 3641 710 3695 est,
743 3633 835 3688 sed
868 3649 899 3687 a
932 3633 1044 3688 Deo
1078 3635 1384 3701 custodita;
1411 3639 1538 3706 quia
1571 3638 1933 3692 humanarum

352 3722 553 3776 virium
587 3723 722 3778 illud
759 3739 987 3793 prorsus
1037 3740 1147 3779 non
1199 3734 1338 3781 erat.
1363 3728 1540 3783 Verba
1581 3736 1762 3782 autem
1795 3729 1929 3795 hinc,

358 3832 380 3867 Ι
421 3814 582 3870 Solve
600 3816 971 3872 calceamenta
999 3817 1197 3886 pedum
1227 3827 1467 3883 tuorum,
1501 3839 1519 3872 ›
1545 3821 1649 3876 hoc
1672 3824 1930 3890 iunuunt,

356 3907 528 3974 quod'
565 3907 890 3978 quicunque
952 3909 1021 3964 de
1077 3909 1219 3967 diva:
1283 3911 1527 3983 Virginis
1572 3913 1833 3983 mysterio
1878 3923 1934 3968 ct

349 3999 559 4055 Christi
592 4001 968 4058 incarnatione
989 4004 1201 4060 erudiri
1223 4005 1434 4070 volunt,
1465 4021 1559 4061 eos
1588 4021 1932 4076 nequaquam

357 4093 559 4159 habere
617 4105 834 4164 Oportet
895 4107 1106 4166 partem
1152 4099 1390 4169 aliquam
1432 4099 1487 4154 in
1533 4115 1590 4155 se
1637 4110 1932 4164 mortuam,

356 4199 480 4252 qum
502 4185 627 4241 illos
656 4203 687 4242 α
717 4189 831 4244 Deo
861 4199 1102 4258 separet,
1135 4205 1239 4245 nec
1270 4200 1510 4247 mentem
1528 4201 1846 4262 corruptam
1879 4202 1935 4248 et

353 4290 388 4330 ιι
441 4277 753 4346 cognitione
804 4281 1056 4336 veritatis
1103 4292 1400 4346 mortuam,
1446 4282 1539 4337 sed
1579 4283 1854 4337 viventem
1880 4290 1936 4338 et

354 4381 567 4433 sanam,
623 4369 802 4438 qualis
863 4371 1036 4440 ipsius
1089 4371 1256 4428 Mosis
1304 4383 1443 4427 erat.
1523 4375 1696 4445 Hujus
1750 4385 1932 4429 autem

356 4460 723 4517 calceamenta
747 4479 813 4517 ex
849 4465 1050 4518 mortui
1083 4466 1340 4521 animalis
1377 4476 1594 4535 tergore
1619 4476 1780 4521 erant
1807 4483 1937 4521 con-

357 4559 480 4606 suta
517 4571 532 4606 :
571 4561 628 4608 et
661 4565 950 4624 propterea
983 4557 1194 4612 dictum
1223 4566 1329 4624 est,
1367 4575 1386 4608 ι
1417 4558 1580 4613 Solve
1613 4558 1769 4614 illud.
1821 4578 1840 4611 ι

437 4643 526 4704 12.
578 4643 770 4700 Ροττο
801 4656 856 4701 ct
930 4647 1218 4703 Persarum
1279 4665 1376 4703 rex
1431 4649 1939 4704 Nabuchodonosor

358 4735 582 4789 somnio
605 4737 930 4802 admonitus
959 4739 1211 4804 visionis,
1246 4754 1411 4808 quam
1445 4740 1681 4806 viderat,
1728 4740 1938 4794 oblitus

355 4834 470 4890 est;
497 4835 551 4880 et
578 4831 924 4900 congregatis
941 4833 1198 4887 omnibus
1223 4831 1595 4885 Chaldaeorum
1613 4833 1809 4901 magis,
1855 4831 1939 4884 in-

356 4919 746 4975 rantatoribus
771 4930 827 4975 et
860 4921 1174 4986 Gazarenis,
1211 4922 1586 4990 interrogabat
1615 4939 1709 4976 eos
1751 4922 1938 4992 quale-

361 5023 490 5063 nam
535 5007 734 5064 fuisset
771 5012 917 5079 quod
946 5011 1157 5064 viderat
1191 5027 1291 5065 son
1313 5011 1492 5075 nium,
1517 5021 1571 5065 et
1599 5027 1848 5081 quamam
1883 5011 1946 5066 il-

361 5099 472 5157 lius
502 5101 910 5171 interpretatio.
945 5102 1008 5156 lli
1047 5118 1178 5156 vero
1200 5114 1253 5157 et
1290 5104 1564 5158 somnium
1592 5117 1646 5159 et
1676 5105 1947 5174 interpre-

363 5191 631 5249 tationem
672 5193 820 5246 illius
870 5193 1186 5262 ignorantes
1228 5195 1572 5250 haesitabant.
1612 5197 1724 5250 Rex
1764 5209 1942 5251 autem

363 5283 446 5341 ira
487 5285 544 5339 in
583 5285 706 5340 illos
748 5286 1063 5341 vehementi
1109 5287 1524 5341 incendebatur.
1555 5286 1835 5342 Concessit
1869 5297 1941 5340 ta-

365 5392 490 5429 men
518 5376 729 5445 aliquot
757 5376 972 5431 dierum
1002 5379 1320 5444 terminum,
1352 5377 1554 5446 quibus
1595 5379 1939 5447 inquirerent

365 5470 550 5533 simul,
587 5478 644 5524 et
675 5471 1010 5542 explicarent
1031 5474 1209 5527 visum
1241 5487 1268 5527 a
1302 5487 1358 5527 se
1387 5472 1683 5545 somnium,
1714 5482 1768 5527 ct
1798 5472 1916 5542 ejus

368 5564 492 5616 tlem
526 5563 1078 5633 interpretationem:
1128 5569 1270 5634 quod
1324 5565 1367 5618 si
1421 5565 1573 5634 juxta
1617 5564 1933 5618 mandatum

365 5655 484 5722 rius
511 5667 970 5725 exsequerentur,
1005 5659 1190 5714 multis
1221 5667 1274 5711 et
1297 5655 1595 5726 splendidis
1618 5657 1944 5710 muneribus

372 5749 624 5804 honorati
659 5750 966 5804 ditarentur
998 5766 1025 5803 α
1055 5765 1203 5819 rege.
1233 5750 1316 5805 sin
1357 5749 1558 5815 minus,
1592 5765 1622 5798 ιι
1644 5749 1780 5802 ortis
1810 5763 1937 5817 sup-

376 5839 396 5870 ’
435 5871 480 5904 τι
539 5869 713 5925 Exod.
748 5883 840 5934 ιιεἸ
873 5869 904 5921 5
941 5869 1026 5923 δν

2031 3277 2377 3344 γεννήσασαν
2431 3274 2522 3327 τδν
2581 3273 2711 3325 Υίὸν
2769 3273 2865 3324 καὶ
2927 3272 3102 3339 Λόγον
3161 3271 3256 3324 τοῦ
3289 3271 3425 3323 Θεοῦ
3458 3271 3600 3322 κατὰ
3683 3314 3688 3317 ,

2036 3368 2256 3438 σάρκας
2293 3367 2505 3434 Ὠσπερ
2529 3363 2661 3433 γοῦν
2698 3364 2912 3416 ἐκαίετο
2946 3363 3044 3433 μὲν
3075 3363 3108 3433 ἡ
3141 3362 3322 3431 βάτος,
3355 3362 3415 3413 οὑ
3447 3378 3606 3414 κατε·

2033 3457 2264 3529 φλέγε-ἑο
2295 3458 2373 3520 δὲ,
2405 3457 2550 3510 οὕτω
2613 3457 2766 3525 καὶὴ
2801 3454 2932 3521 ἁγία
2989 3453 3287 3523 Παρθένος,
3334 3453 3606 3522 δεξαμένη

2035 3553 2124 3607 τὸν
2157 3551 2250 3605 τοῦ
2285 3549 2420 3604 Θεοῦ
2456 3550 2583 3604 Υἱὸν
2615 3551 2707 3602 καὶ
2751 3549 2946 3616 Λόγον,
2999 3546 3074 3616 τῷ
3118 3547 3252 3613 πυρὶ
3283 3547 3380 3612 τῆς
3421 3545 3608 3612 θεότη-

2035 3663 2124 3708 τος
2149 3645 2210 3698 οὑ
2237 3641 2609 3710 κατεφλέχθη,
2643 3639 2992 3710 φυλαχοεῖσςι
3022 3638 3128 3690 ὑπὸ
3154 3638 3246 3689 τοῦ
3292 3635 3452 3701 Θεοῦ,
3481 3637 3606 3689 ἐπεὶ

2035 3737 2386 3806 ἀνθρωπίνης
2414 3735 2699 3802 δυνάμεως
2751 3731 2912 3785 τοῦτο
2950 3731 3085 3793 ὅλως
3123 3734 3225 3783 οὑκ
3256 3731 3392 3784 ἔστι.
3433 3731 3512 3782 Τὸ
3529 3730 3606 3796 δὲ,

2043 3847 2062 3879 ‹
2092 3828 2269 3881 Λῦσον
2324 3827 2383 3877 τὸ
2428 3825 2685 3894 ὑπόδημα
2747 3825 2809 3875 ἐκ
2844 3824 2952 3875 τῶν
3008 3823 3186 3875 ποδῶν
3244 3839 3362 3887 σου,
3395 3841 3412 3872 ι
3450 3822 3611 3875 τοῦτο

2036 3921 2225 3990 ἐδήλου
2253 3920 2334 3972 ὅτι
2367 3919 2492 3979 τοὺς
2526 3917 2818 3985 μέλλοντας
2855 3915 3355 3986 μνσταγωγηθῆναι
3387 3917 3516 3986 περί
3547 3931 3609 3969 τε

2037 4015 2134 4083 τῆς
2197 4011 2471 4080 Παρθένου
2529 4010 2622 4061 καὶ
2674 4011 2773 4079 τῆς
2838 4008 3166 4078 σαρκὼσῑως
3214 4007 3307 4061 τοῦ
3369 4008 3611 4078 Χριστοῦ

2036 4106 2098 4158 οὑ
2163 4105 2269 4174 χρὴ
2353 4101 2497 4172 ἔχειν
2576 4102 2697 4170 μεθ’
2749 4102 2959 4154 ἑαυτῶν
3014 4102 3206 4172 νεκρόν
3273 4119 3326 4155 τι
3415 4103 3610 4172 μέρος,

2037 4194 2362 4266 διατειχίζον
2411 4193 2609 4257 αὑτοὺς
2647 4193 2742 4246 τοῦ
2803 4187 2965 4256 Θεοῦ,
3000 4192 3117 4266 ἦτοι
3148 4194 3626 4264 παρεφοαρμένον’

2037 4287 2163 4340 νοῦν
2214 4263 2315 4339 καὶ
2366 4287 2558 4355 νεκρὸν
2609 4285 2675 4354 τῇ
2709 4283 2913 4351 γνώσει
2973 4263 3105 4352 τῆς.
3134 4263 3412 4348 ἀληθείας,
3477 4281 3617 4334 ἀλλὰ

2038 4378 2216 4441 ζῶντα
2240 4378 2334 4430 καὶ
2358 4375 2692 4440 ὑγιαίνοντα,
2711 4373 2900 4444 ὥσπερ
2945 4391 3026 4426 τοι
3058 4372 3135 4443 τῷ
3163 4375 3375 4427 Μωσεῖ.
3402 4374 3475 4425 Τὸ
3507 4373 3614 4441 γὰρ

2041 4468 2285 4529 Μωσέως
2321 4467 2577 4533 ὑπόδημα
2635 4464 2831 4535 νεκροῦ
2865 4463 3006 4528 ζώου
3041 4464 3216 4534 δέρμα
3251 4462 3486 4533 ὑπῆρχε,
3521 4465 3615 4517 καὶ

1969 4534 2013 4588 D
2041 4562 2131 4612 διὰ
2170 4560 2328 4612 τοῦτο
2360 4558 2590 4630 ἐρρήθη,
2643 4576 2660 4608 ι
2696 4534 2871 4610 Λῦσον
2901 4557 3051 4610 αὐτό.
3089 4575 3108 4608 ι

2116 4652 2204 4722 ιβ’.
2242 4651 2365 4704 Ἔτι
2398 4655 2426 4705 ὁ
2464 4653 2574 4704 τῶν
2605 4653 2827 4722 Περσῶν
2862 4649 3116 4720 βασιλεὺς
3148 4651 3616 4720 Ναυουχοδονόσορ

2040 4746 2442 4810 ὲνυπνιασθεὶς,
2484 4743 2791 4796 ἐπελάθετο
2826 4743 2918 4795 τοῦ
2970 4744 3269 4813 ὁράματος,
3331 4745 3426 4797 καὶ
3465 4762 3618 4814 περι-

2042 4835 2279 4900 συνάξας
2310 4837 2518 4896 πάντας
2549 4836 2675 4897 τοὺς
2709 4835 2916 4904 μάγους
2946 4833 3252 4896 Χαλδαίων,
3286 4838 3378 4888 καὶ
3411 4835 3616 4894 πάντας

2043 4927 2324 4990 ὲπαοιδοῦς
2373 4925 2753 4996 Γαζαρηνοὺς,
2821 4927 2985 4996 ἤρετο
3013 4927 3218 4991 αὐτοῖς,
3259 4927 3312 4978 τί
3369 4944 3428 4978 τε
3485 4922 3552 4994 ἦν
3587 4926 3617 4979 ὃ

2042 5017 2293 5086 ἑώρακεν
2324 5016 2596 5080 ἐνύπνιον,
2634 5015 2730 5069 καὶ
2784 5015 2867 5078 τίς
2899 5017 2931 5084 ἡ
2990 5014 3276 5085 σύγκρισις
3307 5014 3517 5068 τούτου.
3551 5013 3616 5066 Οί

2040 5108 2097 5160 δὲ
2123 5108 2442 5175 ἀγνοοῦντες
2477 5107 2537 5158 τὸ
2569 5106 2822 5181 ἐνύπνιον
2864 5106 2960 5158 καὶ
2984 5106 3082 5174 τὴν
3109 5106 3396 5174 σύγκρισιν
3426 5105 3616 5168 αὑτοῦ,

2043 5201 2447 5268 ὲδυσχέρ;.ινον.
2490 5199 2549 5252 Ὀ
2573 5199 2626 5251 δὲ
2660 5197 2914 5268 βασιλεὺς
2945 5198 3213 5268 ὠργῐζετο
3238 5197 3358 5249 κατ’
3406 5197 3613 5252 αὐτῶν.

2047 5291 2238 5359 ’Ὅμως
2303 5291 2484 5358 μέντοι
2518 5289 2751 5341 δέδωκεν
2802 5289 2984 5352 αὑτοῖς
3041 5289 3356 5358 ὡρισμένας
3402 5289 3617 5358 ἡμέρας

2045 5383 2197 5444 τινὰς
2229 5383 2322 5434 ἐπὶ
2374 5381 2450 5450 τῷ
2486 5382 2669 5452 εὑρεῖν
2723 5379 2819 5434 καὶ
2874 5380 3134 5450 δηλῶσαι,
3193 5380 3244 5431 τί
3276 5397 3334 5432 τε
3369 5375 3437 5450 ἦν
3483 5381 3618 5450 ὅπερ

2047 5472 2260 5542 ἑώρακε
2315 5470 2452 5524 κατὰ
2483 5473 2608 5534 τοὺς
2658 5470 2881 5536 ὖπνους,
2931 5472 3071 5524 κατὰ
3122 5472 3204 5533 τίς
3249 5471 3281 5539 ἡ
3332 5471 3620 5540 σύγκρισις

2047 5561 2240 5614 τούτου
2265 5576 2278 5590 ·
2317 5561 2410 5612 καὶ
2434 5561 2592 5629 εἴπερ
2629 5560 2856 5628 γένηται
2886 5560 3040 5612 τοῦτ’)
3075 5560 3214 5612 κατὰ
3238 5559 3333 5626 τὴν
3357 5562 3434 5621 εἰς
3463 5557 3622 5611 τοῦτο

2053 5655 2282 5723 ζήτησιν
2335 5652 2520 5718 αὑτοῦ,
2559 5654 2646 5705 ἵνα
2666 5652 2871 5705 λάϐωσι
2898 5652 3030 5722 παρ’
3085 5649 3252 5705 αὐτοῦ
3293 5652 3386 5704 καὶ
3417 5651 3617 5713 πολλὰς

2049 5748 2139 5798 καὶ
2179 5744 2423 5814 μεγάλας
2461 5743 2554 5806 τὰς
2583 5743 2790 5812 δωρεάς
2820 5757 2831 5771 °
2869 5743 2914 5794 εἰ
2956 5742 3000 5795 δ’
3030 5740 3144 5809 οὖν,
3179 5741 3404 5804 θάνατος
3438 5741 3616 5794 αὐτῶν
