4090 6456
381 366 487 434 413

1359 371 1668 433 CONTRA
1709 371 2206 438 MAI-IOMETEM
2243 377 2629 440 APOLOGIA
2669 379 2716 440 Ι.

3150 281 3184 312 εν

3540 378 3651 445 414

381 482 535 536 ἔσται
570 480 604 550 ἡ
642 485 900 551 τιμωρία.
920 479 1080 534 ’Λλλᾶ
1111 482 1203 536 καὶ
1229 482 1281 536 οι
1311 483 1629 549 παῖδες,καὶ
1656 486 1825 554 φίλοι.
1855 485 1952 538 καὶ

2072 488 2286 556 plicium
2359 489 2636 555 subirent,
2694 487 2828 559 quin
2865 499 2925 545 ut
2953 496 3008 546 et
3051 489 3236 558 liberi,
3285 490 3446 548 amici
3477 503 3654 550 etco-

386 575 435 627 ot
467 573 684 642 γνήσιοι
733 570 958 639 τούτων,
991 569 1091 642 τὴν
1125 573 1296 644 αὐτὴν
1342 574 1498 644 δίκην
1561 577 1961 648 ὑποστήσονται

385 665 554 718 τῶνδε
597 665 672 735 μὴ
718 665 1036 736 δυναμένων
1089 665 1247 720 τοῦτο
1287 666 1533 731 ποιῆσαι,
1583 668 1723 722 ἀλλὰ
1762 668 1963 740 μᾶλλον

389 756 744 825 κοπτομένων
793 758 890 812 καὶ
941 757 1363 830 ὀλοφυρομένων
1406 760 1506 830 τὴν
1543 759 1756 813 ἑαυτῶν
1790 761 1957 828 ζωήν.

385 847 510 910 Πῶς
538 847 649 917 γὰρ
681 842 749 918 ἦν
804 846 1034 902 δυνατὸν
1068 849 1383 919 ἐξαγγεῖλαι
1406 851 1605 914 αὐτοὺς
1629 852 1707 922 τῷ
1751 849 1966 921 βασιλεῖ

385 941 448 995 τό
477 959 535 994 τε
570 940 823 996 ἐνύπνιον
861 944 956 998 καὶ
985 942 1086 1012 τὴν
1113 942 1406 1013 σύγκρισιν
1463 943 1656 1010 αὐτοῦ,
1693 945 1769 1016 μὴ
1821 944 1960 1014 πρύ-

385 1049 545 1103 τερον
567 1033 948 1103 γνωρίσαντας
974 1035 1035 1090 τὸ
1055 1037 1314 1098 ἐνύπνιον
1344 1035 1498 1107 παρὰ
1521 1036 1617 1090 τοῦ
1650 1037 1916 1107 βασιλέως
1942 1053 1959 1103 ;

344 1121 459 1203 ἋὈ
493 1121 698 1190 Δανιὴλ
718 1123 747 1176 6
767 1122 1060 1194 προφήτης
1089 1123 1148 1177 ἐν
1186 1126 1252 1194 τῇ
1283 1125 1394 1178 τῶν
1427 1123 1786 1178 Βαϐυλωνίων
1809 1124 1966 1197 χώρᾳ.

341 1200 738 1286 ’Ῐῖαἰχμάλωτος
791 1212 983 1284 ἀχθεὶς
1035 1214 1095 1284 ἐξ
1149 1214 1511 1286 Ἰερουσαλήμ
1545 1215 1688 1286 μετὰ
1721 1216 1818 1270 καὶ
1846 1215 1962 1268 ἐτέο

350 1193 738 1462 ἷίχμάλωτος
791 1193 983 1284 ἄχθεὶς
1035 1214 1095 1284 ἐξ
1149 1193 1511 1286 Ἰερουσαλήμ
1545 1215 1688 1286 μετὰ
1721 1193 1962 1270 mittil

390 1320 500 1372 ρων
527 1302 648 1356 κατ’
676 1303 842 1358 αὐτὸν
864 1305 956 1360 τὸν
987 1306 1181 1376 καιρδν
1230 1306 1524 1372 Ἰουδαίων,
1558 1307 1652 1361 καὶ
1671 1307 1962 1384 ,γνωρίσας

390 1397 458 1448 τὰ
490 1396 899 1462 προσταχθέντα
958 1398 1112 1462 παρὰ
1160 1397 1259 1454 τοῦ
1317 1399 1605 1462 βασιλέως,
1656 1400 1962 1462 ἀπέρχεται

372 1396 899 1488 ξτὲιλττροσταχθέντα
958 1398 1112 1469 παρὰ
1160 1397 1259 1454 τοῦ
1317 1399 1605 1470 βασιλέως,
1656 1400 1964 1471 ἀπέρχεται

355 1486 529 1554 ’πρὸς
589 1487 794 1559 Ἀριὼχ
851 1491 1091 1562 ἄρχοντα
1147 1492 1388 1566 Πέρσην,
1431 1493 1491 1545 ὃν
1547 1491 1887 1562 κατέστησεν
1937 1493 1967 1550 6

389 1579 640 1652 βασιλεὺς
669 1581 937 1636 ὀπολέσαι
961 1583 1086 1647 τοὺς
1137 1585 1338 1652 σοφοὺς
1375 1583 1718 1648 Βαϐυλῶνος,
1756 1583 1848 1638 διὰ
1904 1583 1967 1640 τὸ

395 1671 472 1746 μὴ
497 1673 796 1746 δυνηθῆναι
821 1677 1022 1741 αὐτοὺς
1053 1677 1236 1748 εὑρεῖν
1258 1677 1319 1732 τδ
1346 1679 1622 1738 ἐνύπνιον.
1653 1678 1764 1732 Καὶ
1811 1672 1970 1736 εἶπεν

391 1764 560 1835 αὐτῷ,
595 1783 618 1818 ι
654 1767 795 1832 Τοὺς
824 1767 1024 1838 σοφοὺς
1045 1769 1362 1834 Βαϐυλῶνος
1391 1769 1467 1842 μὴ
1494 1769 1766 1840 ἀπολέσῃς
1784 1786 1798 1800 ·
1817 1772 1970 1827 εἱσά-

2023 618 2040 622 κ
2069 580 2216 651 gnati
2251 581 2467 635 illorum
2489 581 2736 652 ejusdem
2764 595 2940 651 poma:
2965 591 3150 638 essent
3181 593 3484 640 consortes.
3513 586 3654 646 Cum

2069 685 2202 724 vero
2243 670 2322 725 illi
2352 669 2458 725 hoc
2482 685 2592 724 non
2619 678 2872 740 possent,
2899 670 3034 741 quin
3071 672 3255 740 potius
3297 674 3465 728 vitam
3495 689 3653 728 suam

2069 762 2392 832 plangerent
2421 772 2476 817 et
2501 763 2874 832 deplorarem,
2899 765 3200 834 (quomodo
3223 766 3372 822 enim
3390 766 3654 836 possibile

2069 862 2191 908 erat
2221 853 2340 922 regi
2368 862 2426 908 et
2454 855 2730 910 somnium
2765 863 2822 911 et
2858 855 3378 925 interpretationem
3411 857 3533 927 ejus
3558 873 3656 912 ex-

2070 960 2295 1015 ponere,
2320 946 2536 1002 somnio
2561 962 2668 1001 non
2685 957 2813 1002 ante
2850 949 3042 1003 audito
3061 948 3104 1017 ?)
3155 948 3350 1004 Daniel
3385 948 3655 1018 prepheta

2070 1037 2128 1093 in
2163 1037 2493 1109 Babylonem
2527 1038 2779 1109 captivus
2805 1039 3082 1096 deductus
3105 1055 3172 1094 ex
3210 1041 3516 1096 Jerusalem
3548 1056 3655 1096 una

2071 1146 2196 1187 cum
2223 1131 2367 1194 aliis,
2393 1132 2486 1202 qui
2537 1140 2670 1189 tunc
2701 1135 2965 1203 temporis
2998 1148 3182 1188 secum
3221 1141 3398 1192 erant.
3427 1132 3654 1198 Judasis,

2071 1240 2198 1280 cum
2240 1224 2387 1308 regis
2421 1225 2677 1280 mandata
2717 1226 3087 1296 cognovisset,
3147 1224 3410 1280 convenit
3453 1221 3658 1279 Arioeh

2069 1318 2365 1376 Persarum
2384 1316 2718 1389 principem,
2753 1333 2918 1388 quem
2958 1333 3056 1371 rex
3099 1317 3165 1371 ad
3196 1315 3540 1385 perdendum
3572 1326 3659 1369 sa-

2070 1407 2290 1477 pientes
2348 1407 2734 1473 constituerat,
2784 1406 2932 1478 quod
2989 1406 3266 1462 somnium
3323 1405 3499 1474 ipsius
3554 1405 3654 1460 de-

2072 1499 2417 1570 prehendere
2438 1514 2548 1556 non
2580 1499 2908 1570 potuissent.
2931 1497 3179 1568 dixitque
3196 1497 3261 1552 ad
3289 1498 3443 1552 illum
3469 1513 3484 1552 ε
3515 1516 3532 1549 ι
3555 1497 3654 1552 Sa-

2072 1591 2290 1661 pientes
2326 1591 2623 1664 Babylonis
2683 1606 2754 1651 ne
2798 1591 3018 1661 perdas,
3043 1589 3176 1660 quin
3225 1589 3411 1659 potius
3451 1604 3539 1643 me
3583 1589 3651 1644 ad

2072 1698 2258 1754 regem
2302 1683 2665 1746 introducito.
2699 1691 2758 1738 et
2799 1681 3067 1737 visionem
3099 1695 3204 1735 una
3234 1695 3359 1735 cum
3386 1680 3658 1749 interpre-.

2073 1774 2299 1834 tatione»
2321 1776 2442 1846 ejus
2474 1776 2589 1846 regi
2641 1773 2967 1830 edisseram.
3009 1791 3030 1825 ι
3086 1772 3242 1827 Tunc
3269 1772 3468 1826 Arioch
3500 1771 3656 1827 festi-

390 1871 528 1924 γαγε
557 1856 613 1912 δὲ
648 1858 718 1929 μὲ
745 1857 980 1915 ἐνώπιον
1009 1860 1105 1915 τοῦ
1142 1861 1432 1932 βασιλέως,
1456 1863 1560 1918 καὶ
1575 1863 1634 1916 τὸ
1666 1864 1848 1936 ὅραμα
1877 1863 1973 1919 καὶ

2076 1874 2274 1921 nanter
2303 1864 2630 1934 prophetam
2656 1863 2723 1918 ad
2760 1879 2943 1934 regem
2995 1862 3232 1918 induxit.
3267 1861 3366 1917 Cui
3401 1862 3494 1917 ille
3530 1863 3607 1916 ait
3637 1880 3652 1915 :

390 1947 489 2018 τὴν
503 1951 694 2002 τούτου
720 1949 1003 2021 σύγκρισιν
1027 1953 1137 2023 ἐρῶ
1160 1952 1238 2024 τῷ
1255 1952 1486 2022 βασιλεῖ.
1521 1973 1539 2007 ι
1560 1953 1694 2008 Τότε
1716 1955 1744 2006 6
1774 1950 1976 2024 Ἀριὼχ

393 2040 591 2110 σπουδῇ
610 2041 822 2114 μεγάλῃ
840 2042 1023 2113 είσῆξε
1037 2045 1130 2100 τὸν
1149 2047 1436 2118 προφήτην
1453 2047 1687 2102 ἐνώπιον
1703 2045 1798 2100 τοῦ
1818 2045 1975 2115 βασι-

394 2127 528 2193 λέως
543 2130 673 2204 ,καὶ
693 2132 722 2185 6
746 2131 999 2201 βασιλεύς
1021 2150 1155 2204 φησι
1178 2136 1316 2206 πρὸς
1331 2135 1515 2201 αὐτὸν,
1553 2154 1571 2188 ι
1593 2136 1830 2190 Δύνασαί
1857 2153 1971 2206 μοι,

395 2217 612 2287 Δανιὴλ,
641 2218 956 2288 ἐξαγγεῖλαι
979 2221 1038 2276 τὸ
1057 2222 1309 2278 ἐνύπνιον
1341 2224 1476 2295 ὅπερ
1493 2218 1636 2277 εἶδον
1664 2221 1784 2278 κατ’
1813 2224 1998 2292 ὄναρ,-

393 2311 485 2363 καὶ
538 2309 638 2380 τὴν
668 2311 958 2383 σύγκρισιν
996 2302 1202 2382 αὐτοῦξ
1237 2333 1256 2368 ι
1293 2316 1591 2386 Ἀπεκρίθη
1613 2316 1833 2387 Δανιὴλ,
1858 2334 1876 2367 ι
1901 2315 1976 2370 T6

397 2403 719 2473 μυστήριον,
746 2399 790 2462 ὦ
822 2404 1075 2476 βασιλεῦ,
1107 2408 1137 2462 6
1165 2409 1229 2466 σὺ
1265 2409 1572 2480 ὲπερωτᾷς,
1601 2410 1704 2463 οὐκ
1742 2409 1860 2463 ἐστι
1885 2426 1982 2474 σος,

399 2495 516 2563 φῶν
574 2495 882 2568 ἀνθρώπων
915 2499 1011 2552 καὶ
1039 2499 1254 2570 μάγων,
1288 2501 1382 2554 καὶ⁴
1415 2501 1685 2555 ἐπαοιδῶν
1736 2501 1997 2572 δυναμέο’

397 2605 505 2640 νων
531 2588 839 2668 ἐξαγγεῖλαι
894 2609 1004 2658 σοι,
1064 2592 1179 2646 ἀλλ’
1218 2593 1334 2647 έστι
1391 2591 1530 2647 Θεοῦ
1585 2593 1750 2663 μόνου
1792 2593 1887 2646 τοῦ
1912 2593 1972 2646 ἐν

396 2678 609 2748 οὐρανῷ
637 2679 1122 2747 ἀποκαλύπτοντος
1165 2681 1468 2752 μυστήρια.
1511 2681 1571 2736 '0
1597 2680 1752 2744 Θεὸς,
1780 2681 1972 2749 φησὶν,

396 2770 661 2842 ἐγνώρισε
691 2771 770 2841 τῷ
822 2771 1038 2844 βασιλεῖ
1094 2771 1594 2844 Ναυουχοδονόσορ,
1649 2771 1686 2827 ἃ
1742 2771 1824 2830 δεῖ
1877 2789 1972 2842 γε·

397 2863 586 2917 νὲσθαι
609 2863 698 2944 ἐπ’
726 2864 976 2935 ἐσχάτων
1007 2865 1116 2919 τῶν
1135 2867 1168 2936 ή
1179 2866 1386 2936 μερῶν.
1412 2866 1477 2918 Ol
1503 2863 1850 2936 διαλογισμοί
1875 2881 1969 2917 σου

394 2954 491 3008 ἐπὶ
522 2956 620 3026 τῆς
650 2955 840 3026 κοίτης
872 2973 966 3011 σου
1000 2955 1300 3026 ἀνέϐησαν,
1332 2955 1389 3012 τί
1432 2957 1514 3013 δεῖ
1545 2956 1804 3030 γενέσθαι
1829 2955 1971 3025 μετά

395 3045 591 3102 ταῦτα.
623 3047 720 3112 Σίρ,
753 3046 1001 3118 βασιλεῦ,
1041 3048 1322 3120 ἐθεώρεις,
1379 3051 1473 3104 καὶ
1509 3049 1825 3106 ἰδοὺ.είκὼν
1871 3051 1972 3121 μία

395 3139 632 3241 μεγάλη,
667 3141 762 3241 καὶ
790 3141 823 3210 ή
851 3139 1122 3210 πρόσοψις
1154 3141 1329 3214 αὐτῆς
1358 3142 1700 3214 ὐπερφερὴς,
1750 3143 1966 3198 ἑστῶσα
1996 3182 2039 3241 C

395 3231 502 3301 πρὸ
535 3231 828 3302 προσώπου
885 3249 1003 3298 σου,
1041 3234 1135 3287 καὶ
1171 3235 1204 3306 ἡ
1260 3233 1452 3308 ὅρασις
1484 3233 1656 3304 αὐτῆς
1714 3235 1927 3306 φοϐερά
1951 3249 1967 3265 ·

397 3319 582 3389 εἰκῶν,
631 3315 700 3395 ἦς
735 3324 772 3395 ἡ
800 3323 1013 3395 κεφαλὴ
1043 3323 1269 3394 χρυσίου
1323 3323 1594 3396 καθαροῦ.
1642 3325 1710 3378 Αἱ
1760 3326 1964 3395 χεῖρες,

399 3413 495 3468 καὶ
524 3415 584 3469 τὺ
614 3416 813 3485 στῆθος
832 3454 849 3482 ,
884 3419 982 3472 καὶ
1013 3420 1062 3470 oi
1089 3419 1375 3490 βραχίονες
1405 3418 1574 3487 αὐτῆς
1617 3417 1868 3487 ἀργυροῖ.
1905 3417 1970 3470 Ἦ

396 3504 576 3561 κοιλία
601 3507 698 3561 καὶ
721 3507 770 3560 οἱ
805 3508 974 3577 μηροὶ
1003 3507 1198 3578 χαλκοῖ
1224 3523 1238 3538 ·
1266 3508 1364 3563 καὶ
1399 3507 1456 3562 αἱ
1487 3508 1694 3577 κνῆμαι
1724 3506 1968 3576 σιδηραῖ.

399 3596 465 3652 Oi
491 3598 651 3661 πόδες
693 3598 858 3671 μέρος
890 3601 991 3671 μέν
1033 3618 1082 3654 τι
1116 3599 1394 3670 σιδηροῦν,
1423 3599 1588 3672 μέρος
1614 3599 1669 3652 δέ
1695 3616 1746 3650 τι
1773 3598 1988 3672 δστρά·,

305 3736 318 3746 .
399 3679 519 3745 κου.
572 3689 882 3763 Ἐθεώρεις,
918 3685 1178 3762 βασιλεῦ,’
1211 3691 1314 3754 ἕως
1342 3692 1465 3746 ὅτου
1497 3689 1805 3760 ἀπεσχίσθη
1863 3691 1974 3742 ἀπὸ

399 3782 558 3853 ὅρους
590 3782 737 3848 λίθος
784 3783 914 3838 ἄνευ
949 3784 1174 3857 χειρῶν,
1204 3784 1299 3838 καὶ
1349 3783 1586 3848 ἐπάταξε
1641 3783 1742 3854 τὴν
1788 3783 1972 3836 εἰκόνα

393 3873 496 3936 ,ἐπὶ
523 3876 648 3935 τοὺς
679 3877 850 3941 πόδας
878 3878 1006 3941 τοὺς
1057 3877 1312 3947 σιδηροῦς
1338 3878 1430 3931 καὶ
1454 3877 1827 3946 ὀστρακίνους,
1878 3879 1970 3932 καὶ

402 3963 698 4023 ἐλέπτυνεν
753 3969 948 4033 αὐτοὺς
1009 3969 1092 4034 είς
1140 3970 1317 4034 τέλος.
1357 3969 1512 4026 ,Τότε
1560 3969 1975 4039 ἐλεπτύνθησαν

403 4061 643 4128 εἰσάπαξ
671 4062 698 4114 6
733 4061 972 4132 σίδηρος,
1014 4061 1076 4114 τὸ
1100 4062 1391 4133 ὄστρακον,
1418 4063 1447 4116 6
1478 4061 1703 4132 χαλκὸς,
1740 4061 1768 4113 6
1801 4061 1975 4130 ἄργυ-

407 4165 519 4218 ρος,
551 4147 579 4201 6
624 4148 848 4220 χρυσὸς,
895 4151 990 4204 καὶ
1030 4149 1281 4218 ἐγένοντο
1332 4149 1466 4204 ὡσεὶ
1519 4148 1800 4220 κονιορτὸς
1863 4147 1974 4202 ἀπὸ

403 4233 604 4303 ἅλωνος
657 4240 897 4312 θερινῆς.
948 4241 1064 4296 ’Καὶ
1097 4241 1294 4313 ἐξῆρεν
1326 4240 1468 4295 αὐτὰ
1526 4240 1589 4292 τὸ
1626 4239 1834 4308 πλῆθος
1876 4238 1971 4294 τοῦ

406 4335 732 4402 πνεύματος,
769 4334 864 4387 καὶ
916 4334 1028 4412 πᾶς
1077 4334 1242 4399 τύπος
1299 4333 1397 4404 ούχ
1429 4331 1627 4402 εὑρέθη
1669 4332 1729 4384 ἐν
1762 4332 1970 4397 αὐτοῖς.

408 4425 512 4478 Κσίτ
543 4427 571 4478 6
601 4425 747 4493 λίθος
780 4427 808 4479 6
845 4413 1096 4491 πατάξας
1122 4427 1220 4497 τὴν
1249 4425 1434 4479 εἰκόνα
1463 4424 1685 4494 ἐγένετο
1736 4424 1816 4486 εἰς
1846 4422 1974 4494 ὅρος

2082 1974 2102 2008 ι
2141 1955 2428 2013 Poterisne
2479 1954 2637 2021 mihi,
2670 1952 2884 2018 Daniel,
2907 1954 3183 2024 explicare
3210 1954 3484 2008 somnium
3508 1951 3655 2021 quod

2075 2049 2357 2106 dormiens
2383 2047 2517 2112 vidi,
2543 2054 2598 2103 et
2625 2045 3136 2116 interpretationem
3163 2045 3327 2115 ejus?
3359 2063 3378 2097 ι
3411 2044 3660 2113 Respon-

2073 2139 2156 2195 dit
2190 2137 2377 2195 Daniel
2407 2153 2423 2193 :
2454 2156 2474 2192 ι
2515 2136 2852 2208 Mysterium,
2885 2151 2918 2191 o
2949 2150 3067 2201 rex,
3096 2136 3165 2191 de
3190 2150 3300 2206 quo
3325 2135 3654 2204 interrogas,

2075 2232 2329 2290 homines
2352 2230 2654 2300 sapientes,
2686 2229 2898 2299 magiﬁet
2920 2229 3293 2283 incantatores
3324 2227 3655 2282 annuntiare

2073 2339 2183 2380 non
2223 2331 2477 2394 possunt,
2508 2322 2602 2376 sed
2629 2321 2737 2376 boc
2774 2321 2946 2376 solius
2975 2321 3070 2375 Dei
3098 2320 3340 2375 caelestis
3367 2334 3506 2388 opus
3548 2329 3656 2384 est,

2072 2415 2164 2487 qui
2198 2413 2463 2487 mysteria
2498 2413 2728 2470 revelat.
2760 2413 2908 2468 Deus
2942 2420 3134 2466 notum
3165 2411 3296 2466 fecit
3330 2410 3443 2480 regi
3475 2409 3660 2466 Nabu—

2073 2506 2466 2570 cltodonosori,
2513 2519 2766 2576 quaenam
2827 2503 2950 2559 ﬁeri
3002 2510 3256 2572 oporteat
3303 2501 3358 2555 in
3395 2503 3662 2558 extremis

2073 2599 2292 2656 diebus.
2326 2596 2702 2669 Cogitationes
2734 2606 2842 2654 tua:
2860 2611 3028 2666 super
3054 2596 3257 2650 lectum
3284 2601 3664 2666 tuum‘ascen-

2071 2692 2292 2756 derunt,
2319 2689 2453 2760 quid
2488 2690 2735 2744 futurum
2760 2696 2905 2744 esset
2928 2696 3052 2758 post
3081 2687 3220 2742 haec.
3243 2687 3348 2750 'l‘u,
3375 2701 3493 2753 rex,
3511 2685 3664 2740 vide-

2072 2785 2194 2848 bas,
2219 2795 2273 2839 et
2293 2798 2426 2839 ecce
2446 2785 2626 2853 imago
2650 2781 2897 2852 quaedam
2929 2795 3147 2852 magna,
3173 2788 3228 2835 et
3252 2787 3507 2848 aspectus
3541 2779 3666 2848 ejus

2070 2878 2354 2933 excellens
2396 2875 2576 2930 stabat
2623 2888 2808 2928 coram
2873 2871 3012 2927 facie
3064 2879 3179 2936 tua,
3223 2878 3280 2925 et
3310 2869 3495 2924 vultus
3542 2868 3663 2938 ejus

2072 2965 2373 3030 terribilis;
2406 2963 2584 3033 imago
2616 2962 2863 3044 inquam,
2893 2959 3052 3030 cujus
3079 2967 3246 3028 caput
3274 2967 3394 3012 erat
3426 2972 3492 3010 ex
3525 2971 3664 3010 auro

2071 3075 2241 3130 puro;
2272 3071 2469 3112 manus
2496 3069 2630 3110 vero
2658 3063 2714 3108 et
2751 3062 2943 3122 pectus
2990 3064 3096 3103 una
3129 3064 3255 3104 cum
3291 3048 3534 3104 brachiis
3581 3048 3663 3118 ip-

2071 3153 2188 3206 sius
2215 3155 2475 3219 argentea
2500 3163 2514 3213 ;
2545 3154 2739 3201 venter
2758 3159 2890 3200 vero
2909 3151 2966 3197 et
3000 3141 3207 3196 femora
3245 3155 3310 3195 ex
3334 3155 3478 3206 aere;
3515 3139 3664 3195 tibiae

2071 3251 2256 3299 autem
2313 3241 2544 3304 ferreae;
2599 3245 2657 3292 et
2717 3235 2890 3306 pedes
2937 3234 3136 3304 partim
3199 3232 3426 3302 quidem
3469 3231 3656 3296 ferrei,

2072 3335 2272 3405 partim
2311 3347 2447 3388 vero
2469 3329 2715 3386 testacei.
2751 3327 3009 3392 Videbas,
3039 3343 3073 3382 ο
3100 3341 3219 3390 rex,
3247 3324 3426 3380 donec
3451 3325 3664 3380 abscis~

2072 3442 2170 3483 sus
2211 3434 2300 3480 est
2349 3439 2379 3478 a
2429 3431 2618 3478 monte
2671 3420 2814 3491 lapis
2840 3419 3049 3489 absque
3091 3433 3351 3473 manuum
3382 3431 3573 3487 opera,
3603 3418 3664 3474 et

2073 3517 2350 3588 percussit
2383 3514 2676 3583 imaginem
2714 3527 2884 3581 super
2915 3511 3079 3578 pedes
3105 3511 3226 3580 ejus
3260 3509 3471 3564 ferreos
3502 3516 3558 3563 et
3583 3514 3663 3562 te-

2074 3619 2314 3670 staceos,
2354 3615 2411 3664 et
2449 3604 2678 3660 omnino
2709 3601 3040 3658 comminuit
3084 3614 3200 3658 eos.
3239 3599 3396 3656 Tunc
3442 3612 3666 3668 quoque
3737 3631 3740 3635 ι

2071 3698 2410 3756 comminuta
2435 3705 2562 3752 sunt
2583 3696 2811 3766 pariter,
2827 3694 3056 3762 ferrum,
3077 3701 3235 3757 testa,
3253 3706 3349 3757 aes,
3372 3699 3663 3760 argentum

2073 3801 2128 3847 et
2153 3805 2374 3853 aurum,
2427 3798 2483 3845 et
2541 3786 2684 3842 facta
2735 3792 2869 3842 sunt
2931 3794 3193 3853 tanquam
3252 3781 3429 3851 pulvis
3481 3783 3662 3836 horrei

2073 3882 2272 3945 aestivi,
2309 3888 2366 3936 et
2410 3877 2640 3935 abstulit
2678 3892 2743 3932 ea
2778 3885 2978 3931 ventus
3006 3874 3325 3938 vehemens,
3371 3889 3474 3928 nec
3510 3874 3667 3927 locus

2075 3973 2275 4044 aliquis
2299 3971 2354 4027 in
2387 3970 2475 4026 liis
2506 3971 2766 4024 inventus
2788 3975 2892 4022 est.
2925 3966 3090 4036 Lapis
3120 3976 3303 4020 autem
3339 3964 3432 4034 qui
3475 3965 3665 4034 imagi—

2076 4078 2200 4117 nem
2233 4059 2583 4124 comminuit,
2619 4058 2865 4115 excrevit
2905 4051 2959 4112 in
3009 4065 3250 4112 montem
3297 4070 3575 4126 magnum,
3609 4067 3665 4113 et

2073 4153 2321 4223 implevit
2345 4147 2565 4208 omnem
2590 4159 2816 4206 terram.
2859 4148 2975 4203 Hoc
3011 4156 3098 4204 est
3141 4149 3438 4209 somnium,
3482 4156 3538 4200 et
3581 4146 3668 4200 in—

2077 4241 2531 4313 terpretationem
2581 4240 2748 4296 illius
2797 4254 2986 4294 coram
3044 4253 3176 4309 rege
3228 4237 3497 4291 dicemus.
3535 4237 3668 4315 {Et

2077 4341 2370 4403 postquam
2425 4331 2700 4402 propheta
2752 4345 2918 4399 regna
2947 4330 3159 4414 [futura
3207 4327 3666 4394 cnumeravisset,

2079 4442 2201 4497 qua:
2238 4441 2338 4495 per
2369 4439 2590 4491 aurum,
2623 4429 2937 4493 argentum,
2983 4435 3078 4488 res,
3121 4419 3330 4474 ferrum
3379 4428 3435 4472 et
3470 4426 3664 4472 testam

409 4517 568 4587 μέγα,
617 4519 711 4572 καὶ
760 4518 1050 4590 ἐπλήρωσε
1097 4519 1281 4572 πᾶσαν
1312 4517 1414 4587 τὴν
1482 4517 1611 4586 γῆν.
1645 4515 1818 4570 Τοῦτὸ
1880 4531 1973 4568 σου

2081 4517 2576 4580 adumbrabantur,
2607 4515 2687 4570 sic
2730 4513 2867 4568 dicit
2903 4511 2970 4566 ad
3008 4526 3236 4579 regem:
3292 4529 3311 4562 ‹
3363 4507 3671 4566 Suscitabit

406 4605 670 4671 ἐνύπνιον,
705 4607 801 4660 καὶ
832 4607 930 4678 τὴν
949 4609 1235 4677 σύγκρισιν
1255 4605 1426 4659 αὑτοῦ
1471 4605 1707 4677 ἐροῦμεν
1729 4607 1977 4677 ἔμπροσ-

407 4697 495 4750 ῡεν
521 4698 611 4750 τοῦ
633 4699 914 4768 βασιλέως.
947 4718 965 4752 ι
1021 4700 1131 4754 Καὶ
1164 4701 1304 4767 μετὰ
1356 4698 1414 4753 τὸ
1469 4697 1843 4769 ἐξηγήσασθαι
1885 4697 1976 4751 τὸν

408 4791 694 4862 προφήτην
725 4792 826 4854 τὰς
867 4789 1148 4859 βασιλείας
1192 4791 1292 4854 τὰς
1358 4789 1660 4860 μελλούσας
1697 4788 1971 4858 γενέσθαι,

405 4882 466 4944 6.;
497 4883 683 4956 ἐδήλου
716 4883 744 4937 ὅ
768 4901 827 4935 τε
858 4883 1084 4953 χρυσὸς,
1109 4885 1136 4936 6
1165 4884 1428 4954 ἄργυρος,
1457 4882 1485 4934 6
1519 4880 1740 4954 χαλκὸς,
1767 4881 1795 4934 6
1829 4880 1975 4953 σίδηο

408 4976 520 5042 ρος,
536 4977 626 5028 καὶ
648 4975 706 5030 τδ
737 4974 1026 5044 ὄστρακον,
1045 4975 1166 5028 τότε
1198 4974 1345 5043 λέγει
1379 4973 1454 5044 τῷ
1492 4974 1724 5044 βασιλεῖ,
1767 4991 1786 5025 ι
1809 4973 1969 5028 Ἀνα-

409 5070 594 5134 στήσει
623 5070 650 5121 6
680 5067 814 5132 Θεὸς
839 5068 935 5120 τοῦ
963 5067 1193 5137 ούρανοῦ
1245 5065 1550 5138 βασιλείαν,
1581 5067 1704 5136 ἥτις
1735 5066 1815 5128 είς
1846 5067 1972 5128 τοὺς

410 5158 613 5224 αίῶνας
665 5159 726 5214 οὗ
787 5159 1249 5231 διαφθαρήσεται,
1293 5159 1390 5214 καὶ
1445 5161 1479 5231 ὴ
1519 5157 1766 5229 βασιλεία
1805 5157 1974 5212 αὐτοῦ

408 5249 522 5320 λαῷ
551 5250 722 5323 ἑτέρῳ
750 5251 850 5322 οὑχ
890 5250 1378 5320 ὑπολειφθήσεται,
1440 5252 1536 5305 καὶ
1565 5241 1822 5304 λεπτυνεῖ
1879 5248 1973 5303 κα)⁴

405 5341 662 5412 λικμήσει
691 5343 868 5406 πάσας
915 5341 1013 5406 τὰς
1052 5340 1347 5412 βασιλείας,
1409 5344 1507 5396 καὶ
1561 5343 1699 5412 αὑτὴ
1733 5342 1976 5411 ἀναστή-

408 5449 556 5484 σεται
583 5434 662 5496 είς
696 5434 822 5498 τοὺς
853 5433 1078 5502 αἰῶνας,
1113 5433 1172 5486 ὃν
1197 5435 1400 5503 τρόπον
1445 5431 1612 5500 εἶδες,
1647 5436 1730 5488 ὅτι
1764 5433 1978 5506 ἐτμήθη

407 5525 513 5594 ἀπὸ
539 5524 699 5597 ὅρους
728 5525 872 5589 λίθος
895 5526 1022 5580 ἄνευ
1047 5527 1253 5597 χειρὸς,
1289 5529 1378 5581 καὶ
1414 5511 1674 5580 ἐλέπτυνε
1703 5510 1979 5597 1663:94-

406 5634 501 5670 κον
587 5619 684 5672 καὶ
740 5617 831 5671 τίον
890 5618 1130 5687 σίδηρον,
1198 5620 1289 5672 τὸν
1359 5621 1581 5691 χαλκὸν,
1644 5621 1736 5674 τὸν
1801 5621 1976 5690 ἄργυ-

405 5725 521 5780 ρον,
550 5711 645 5764 τὸν
675 5702 899 5781 χρυσόν.
950 5711 1006 5764 Ὀ
1026 5711 1158 5775 Θεὸς
1205 5714 1232 5765 6
1268 5713 1440 5781 μέγας
1482 5713 1746 5782 ἐγνώρισε
1777 5711 1851 5782 τῷ
1884 5691 1974 5781 βαλ

459 5829 520 5863 ’⁸ο
555 5829 695 5885 Dan.
728 5845 786 5895 ll,
823 5828 844 5882 l
907 5841 1065 5896 seqq.

441 5979 476 6014 Ι

2081 4606 2348 4674 Dominus
2395 4604 2521 4661 cmli
2561 4617 2812 4672 regnum,
2861 4600 3008 4670 quod
3061 4602 3115 4655 in
3157 4600 3354 4655 saecula
3390 4614 3498 4653 non
3542 4613 3670 4653 cor-

2081 4710 2392 4771 rumpetur,
2419 4691 2476 4756 et
2510 4711 2740 4769 regnum
2780 4694 2955 4765 ipsius
2985 4693 3142 4748 alteri
3189 4683 3392 4762 populo
3427 4706 3535 4746 non
3583 4706 3675 4746 req

2077 4793 2383 4863 linquetur,
2419 4788 2567 4859 quod
2593 4787 2934 4844 comminuet
2961 4796 3014 4840 et
3044 4783 3331 4839 ventilabit
3358 4782 3543 4835 omnia
3579 4795 3670 4835 re-

2078 4901 2208 4958 gna,
2237 4885 2418 4955 ipsum
2449 4897 2582 4938 vero
2626 4879 2792 4936 stabit
2829 4880 2882 4933 in
2932 4877 3150 4933 sacula.
3193 4873 3679 4943 Quemadmodum,

2075 4977 2261 5034 vidisti
2296 4975 2441 5046 quod
2467 4972 2746 5053 abscissus
2769 4980 2852 5028 est
2876 4987 2910 5027 a
2940 4983 3125 5026 monte
3147 4970 3290 5040 lapis
3315 4969 3524 5038 absque
3552 4981 3670 5020 ma.-
3748 5009 3752 5017 ,

2079 5071 2268 5134 nibus,
2302 5076 2360 5124 et
2383 5064 2712 5122 comminuit.
2739 5072 2934 5120 testam
2972 5071 3026 5119 et
3064 5061 3296 5123 lerrum,
3344 5062 3675 5129 ms,~.argen-.

2079 5172 2195 5218 tum
2229 5170 2287 5218 et
2319 5175 2538 5215 aurum.
2561 5157 2708 5213 Deus
2728 5171 2958 5228 magnus
2973 5155 3240 5210 revelavit
3266 5153 3400 5224 regi,
3417 5165 3670 5224 quamam

2079 5263 2338 5324 oporteat
2361 5251 2480 5307 ﬁeri
2509 5231 2634 5320 post
2664 5249 2817 5313 haec;
2843 5257 2900 5302 et
2927 5262 3117 5303 verum
3140 5256 3226 5302 est
3262 5245 3562 5311 somnium,
3607 5244 3672 5298 li-

2077 5345 2220 5402 delis
2248 5343 2414 5400 etiam
2445 5339 2826 5412 interpretatio
2849 5340 2989 5410 ejus.
3025 5356 3049 5392 ›
3076 5337 3232 5394 Tunc
3250 5353 3342 5394 rex
3362 5345 3675 5408 prostratus

2078 5436 2133 5490 in
2161 5435 2381 5499 faciem,
2437 5432 2689 5488 adoravit
2726 5431 3029 5496 Daniclem,
3072 5440 3127 5486 et
3166 5429 3342 5485 dixit:
3396 5448 3415 5481 ι
3455 5423 3666 5482 Revera

2078 5529 2224 5583 Deus
2264 5515 2446 5580 vester
2495 5525 2640 5578 Deus
2677 5523 2905 5579 deorum
2932 5531 3035 5588 est,
3064 5532 3122 5577 et
3159 5519 3423 5577 Dominus
3454 5530 3660 5586 regum,

2075 5622 2129 5670 et
2163 5613 2412 5668 revelatis
2438 5626 2635 5665 arcana
2657 5651 2672 5677 ,
2701 5610 2957 5682 quoniam
2992 5609 3222 5682 potuisti.
3247 5607 3488 5664 revelare
3523 5603 3660 5660 mihi

2077 5721 2338 5764 arcanum
2372 5704 2478 5760 hoc
2507 5704 2568 5758 ³ο.
2616 5722 2636 5752 ι
