4090 6450
403 377 512 442 415

1597 371 1922 434 IOANNIS
1961 372 2493 434 CANTACUZENI

3551 373 3659 440 416

400 487 545 540 σιλεῖ
567 483 604 540 ἆ
631 484 713 540 δεῖ
752 483 1007 555 γενέσθαι
1067 485 1209 555 μετά
1245 483 1443 551 ταῦτα,
1482 485 1578 538 καί
1610 483 1867 554 ἀληθινὸν
1921 482 1982 535 τὸ
2019 483 2294 547 ἐνύπνιον,
2330 484 2425 536 καὶ
2485 481 2651 552 πιστὴ
2685 482 2718 554 ἡ
2788 483 3079 553 σύγκρισις
3112 482 3302 540 αὐτοῦ.
3347 484 3482 538 Τότε
3508 486 3536 539 ὁ
3562 483 3660 554 βα-

401 581 587 642 σιλεὺς
619 578 714 634 ἐπὶ
748 578 1042 650 πρόσωπον
1107 578 1316 646 πεσὼν,
1353 580 1737 650 προσεκύνησε
1794 576 1874 647 τῷ
1913 576 2134 647 Δανιὴλ,
2204 579 2299 631 καὶ

2379 572 2555 642 εἶπεν,
2599 577 2718 630 Ἐπ’
2743 577 3004 647 ἀληθείας
3029 580 3057 632 δ
3086 578 3218 644 Θεὸς
3279 578 3453 649 ὑμῶν,
3501 571 3658 642 οὗτός

399 675 518 726 ἔστι
543 672 678 737 Θεὸς
708 673 868 738 θεῶν,
900 673 999 728 καί
1020 674 1226 746 Κύριος
1255 676 1362 729 τῶν
1385 672 1677 746 βασιλέων,
1711 672 1808 726 καί
1867 670 2280 724 ἀποκαλύπτων
2348 673 2648 744 μυστήρια,
2685 671 2768 725 ὅτι
2829 671 3106 742 ὴδυνήθης
3175 669 3527 740 ἀποκαλύψαι
3562 688 3655 740 μοι

398 765 462 817 τὸ
495 768 792 837 μυστήριον
815 766 996 822 τοῦτο.
1025 787 1046 822 ι

475 858 866 924 l3.Qualensm
886 868 971 916 est
997 877 1227 932 regnum
1259 862 1521 927 hominis,
1549 862 1694 934 quod
1721 862 1775 917 iu
1812 875 1983 916 επιξυ-
2013 856 2057 912 Α

401 945 452 1000 la
479 961 588 1001 non
620 951 1046 1018 corrumpetur?
1069 953 1289 1007 Nullum
1339 968 1587 1022 prorsus.
1614 953 1804 1022 Neque
1837 953 1985 1008 enim

404 1035 512 1092 hoc
539 1037 793 1094 humana:
839 1049 1051 1098 natura:
1107 1043 1464 1098 concedetur.
1487 1043 1642 1110 Quod
1675 1043 1842 1114 igitur
1865 1044 1988 1098 est?

405 1126 490 1180 En
519 1127 696 1182 dicam
737 1130 861 1186 tibi.
896 1131 1052 1187 llons
1101 1132 1194 1189 hic
1242 1133 1366 1189 diva
1398 1136 1561 1206 Virgo
1596 1145 1703 1198 est,
1743 1151 1864 1205 quae
1897 1136 1987 1190 Fi-

402 1217 539 1272 lium
591 1231 648 1275 et
692 1222 928 1277 Verbum
988 1224 1084 1279 Dei
1139 1227 1444 1281 secundum
1487 1243 1713 1282 carnem
1752 1229 1983 1297 peperit.

404 1309 570 1378 Lupis
627 1322 836 1381 autem,
871 1314 1080 1386 absque
1130 1333 1393 1373 manuum
1449 1335 1616 1388 opera
1684 1321 1983 1387 abscissus,

405 1398 659 1456 Christus
687 1414 770 1458 est
803 1406 936 1474 :qui
992 1407 1218 1476 quidem
1262 1419 1424 1467 natus
1459 1420 1543 1466 est
1594 1427 1661 1466 ex
1714 1413 1851 1481 ipsa,
1887 1413 1981 1468 sed

405 1503 519 1542 non
555 1506 622 1545 ex
654 1493 795 1550 viro.
825 1495 982 1560 Quod
1008 1513 1106 1566 per
1141 1498 1275 1554 illud
1324 1499 1668 1571 intelligitur,
1695 1519 1820 1556 cum
1866 1503 1984 1558 sine

405 1579 664 1634 manibus
691 1581 894 1637 dicitur
923 1585 1226 1643 abscissus.
1253 1587 1420 1660 Lapis
1452 1590 1690 1662 denique
1715 1593 1808 1662 qui
1842 1594 1982 1648 ima-

405 1669 588 1735 ginem
641 1674 936 1740 percussit,
968 1691 1162 1732 aurum
1188 1687 1243 1734 et
1286 1681 1498 1750 reliqua
1550 1684 1896 1749 comminuit,
1929 1694 1983 1740 et

405 1771 564 1812 Inous
616 1759 809 1830 ingens
859 1764 1041 1820 factus
1084 1766 1335 1838 implevit
1393 1779 1636 1834 terram.
1689 1774 1785 1828 ille
1835 1774 1979 1830 idem

400 1847 660 1906 Christus
691 1862 797 1918 est,
828 1862 884 1910 et
915 1855 1063 1912 illius
1100 1874 1329 1930 regnum
1359 1877 1691 1931 permanens
1726 1867 1780 1920 in
1807 1883 1982 1923 saecu-

401 1939 474 2002 la,
503 1942 649 2010 quod
686 1943 892 2001 diaboli
945 1948 1091 2005 vires
1129 1954 1407 2016 contrivit,
1445 1964 1501 2010 et
1553 1957 1825 2012 idolorum
1859 1960 1982 2018 cul-

405 2038 519 2082 tum
544 2030 840 2093 destruxit.

475 2121 564 2175 Μ.
618 2121 889 2195 Pmpheta
945 2142 1130 2187 autem
1209 2133 1380 2191 Isaias
1427 2136 1509 2192 sic
1566 2137 1704 2195 dixit
1736 2158 1750 2193 :
1780 2159 1800 2193 ι
1836 2141 1979 2197 Ecce

402 2213 554 2282 virgo
587 2215 696 2271 crit
727 2215 1035 2289 praegnans,
1083 2237 1138 2279 et
1173 2225 1352 2294 pariet
1395 2227 1588 2295 (ilium,
1620 2238 1677 2285 et
1705 2233 1980 2290 vocabunt

399 2319 604 2359 nomen
663 2309 807 2378 ejus,
861 2312 1160 2373 Nobiscqu
1215 2317 1454 2374 Deus“.
1497 2339 1516 2372 ι
1564 2321 1776 2380 Rursus
1830 2326 1978 2382 idem

399 2395 538 2452 dicit
567 2414 580 2450 :
617 2416 635 2450 ι
688 2401 830 2457 Puer
873 2413 1039 2461 natus
1086 2416 1173 2462 est
1201 2409 1381 2476 nobis,
1414 2420 1472 2466 et
1506 2411 1652 2468 ﬁlius
1705 2414 1869 2472 datus
1896 2427 1981 2474 est

405 2489 588 2554 nobis,
621 2501 678 2546 et
710 2492 889 2549 factus
937 2505 1022 2551 est
1059 2498 1402 2569 principatus
1449 2503 1626 2573 ipsius
1678 2521 1845 2576 super
1873 2509 1979 2563 hu-

404 2595 618 2640 merum
650 2584 793 2653 ejus,
819 2596 877 2641 et
899 2599 1127 2644 vocatur
1161 2607 1356 2648 nomen
1385 2596 1505 2665 ejus
1556 2597 1731 2667 Magni
1765 2601 1979 2656 consilii

399 2673 651 2738 numius,
681 2677 1043 2744 admirabilis,
1071 2684 1454 2748 consiliarius,
1479 2686 1622 2742 Dens
1665 2689 1843 2755 fortis,
1880 2707 1979 2760 po-

400 2769 546 2827 tcns,
577 2765 838 2836 princeps
866 2770 1034 2838 pacis,
1067 2781 1224 2840 pater
1269 2773 1442 2848 l'uturi
1483 2779 1690 2833 saeculi.
1720 2777 1980 2835 lnducam

397 2853 546 2906 enim
578 2871 765 2924 pacem
805 2874 979 2929 super
1021 2862 1328 2934 principes,
1367 2881 1555 2936 pacem
1585 2879 1640 2922 et
1684 2871 1976 2926 sanitatem

399 2940 666 3008 ipsorum.
692 2945 921 3017 Magnus
973 2959 1059 3006 est
1105 2953 1450 3022 principatus
1500 2958 1695 3029 ipsius,
1743 2972 1798 3016 et
1828 2965 1978 3028 pacis

397 3035 574 3102 ipsius
615 3052 723 3092 non
785 3050 869 3096 est
929 3047 1198 3102 terminus
1232 3048 1298 3102 ³³.
1335 3069 1353 3102 ›
1405 3050 1600 3106 Viden‘
1634 3062 1689 3106 ut
1745 3071 1978 3124 puerum

395 3130 786 3197 nominaverit,
811 3142 868 3188 et
918 3138 1099 3208 magni
1131 3140 1345 3194 consilii
1380 3144 1660 3210 nuntium,
1701 3162 1805 3200 una
1851 3163 1976 3202 cum

392 3219 518 3277 aiiis
568 3223 732 3278 modo
785 3231 1143 3295 enumeratis,
1179 3248 1303 3301 qua:
1351 3236 1536 3290 omnia
1583 3238 1650 3292 ad
1699 3238 1975 3296 hominem

393 3311 696 3380 pertinent,
722 3330 886 3384 quem
951 3324 1251 3391 assumpsit
1288 3323 1454 3381 Filius
1491 3329 1584 3383 Dei
1623 3344 1687 3385 ex
1713 3332 1979 3402 Virgine?

394 3398 602 3455 Deinde
647 3405 904 3460 eumdem
955 3417 1118 3464 vocat
1172 3410 1343 3465 Deum
1396 3414 1614 3482 fortem,
1671 3398 1974 3486 potentem,

2155 853 2222 924 ιγ
2232 892 2247 908 .
2272 853 2411 908 Ποία
2433 852 2562 922 γοῦν
2582 855 2696 908 ἐστι
2723 827 2970 922 βασιλεία
2987 853 3298 923 ἀνθρώπου,
3316 853 3441 924 ἥτις
3464 853 3544 917 εἰς
3565 854 3656 908 τὶν

2089 946 2264 1000 αἰῶνα
2297 946 2360 999 οὐ
2391 945 2890 1017 διαφθαρθήσεται;
2949 945 3176 1008 Πάντως
3217 942 3449 1014 οὐδεμία
3473 959 3487 972 ⁸
3535 946 3657 998 οὐδὲ

2086 1039 2198 1110 γὰρ
2243 1041 2413 1109 χωρεῖ
2448 1036 2610 1092 τοῦτο
2659 1041 2726 1110 τῇ
2777 1037 3096 1108 ἀνθρωπεία
3135 1035 3322 1106 φύσει.
3366 1035 3525 1089 Ἀλλὰ
3563 1037 3656 1103 τίς

2099 1129 2244 1198 Ἐγώ
2277 1147 2361 1184 σοι
2413 1129 2545 1200 ὲρῶο
2574 1129 2635 1182 τὺ
2661 1129 2785 1199 ὅρος
2819 1129 2970 1182 ἐστὶν
3013 1131 3046 1198 ἡ
3101 1128 3236 1196 ἁγία
3278 1127 3577 1196 “ape-ho"
3625 1127 3661 1196 ἠ

2086 1222 2396 1292 γεννήσασα
2450 1221 2543 1275 τὸν
2597 1220 2728 1274 Υἰδν
2777 1221 2873 1273 καὶ
2949 1219 3124 1288 Λόγον
3182 1218 3278 1272 τοῦ
3325 1218 3462 1272 Θεοῦ
3521 1219 3662 1272 κατὰ

2087 1315 2285 1384 σάρκα.
2327 1313 2388 1366 '0
2440 1311 2497 1366 δὲ
2534 1312 2728 1377 λίθοςὸ
2770 1311 3004 1383 τμηθεὶς
3045 1310 3155 1366 ἀπὸ
3197 1309 3294 1364 τοῦ
3328 1309 3491 1379 ὄρους
3529 1309 3660 1363 ἄνευ

2087 1405 2286 1476 χειρῶν
2327 1407 2474 1458 ἐστιν
2501 1409 2528 1459 ό
2569 1405 2825 1476 Χριστὸς,
2849 1403 2907 1466 ὃς
2935 1403 3199 1472 ἐγεννήθη
3234 1401 3333 1471 μὲν
3368 1401 3428 1466 ἐξ
3467 1401 3658 1468 αὐτῆς.

2083 1497 2184 1550 οὐκ
2201 1497 2260 1561 ὲξ
2284 1497 2473 1565 ἀνδρὸς
2504 1497 2594 1550 δέ·
2623 1495 2782 1549 τοῦτο
2828 1495 3038 1566 ὲδήλουζ
3059 1495 3139 1561 τδ,
3175 1513 3194 1545 ι
3226 1494 3356 1547 ἄνευ
3389 1493 3607 1562 χειρῶν.
3634 1511 3652 1544 ι

2099 1587 2160 1644 Ὅ
2187 1591 2244 1644 δὲ
2276 1590 2425 1653 λίθος
2468 1592 2496 1643 ὁ
2529 1585 2776 1654 πατάξας
2821 1587 2922 1659 τὴν
2951 1587 3160 1652 εἰκόνα,
3195 1585 3290 1638 τὸν
3323 1584 3528 1656 χρυσὸν
3567 1583 3660 1637 καὶ

2083 1683 2153 1736 τὰ
2178 1682 2334 1746 ἄλλα,
2357 1683 2454 1736 καὶ
2479 1681 2770 1750 γενόμενος
2795 1681 2875 1742 εἰς
2901 1680 3026 1750 ὅρος
3052 1679 3216 1749 μέγα,
3241 1680 3336 1730 καὶ
3364 1676 3660 1746 πληρώσας

2083 1774 2186 1842 τὴν
2208 1775 2334 1842 γῆν,
2377 1775 2543 1836 αύτός
2591 1775 2742 1826 ἐστιν
2788 1773 2816 1826 6
2847 1771 3103 1842 Χριστὸς,
3135 1771 3226 1824 καί
3259 1769 3425 1824 αὐτοῦ
3451 1771 3596 1821 ἐστιν
3623 1771 3655 1838 ἡ

2091 1865 2336 1936 βασιλεία
2368 1867 2402 1935 ἡ
2436 1865 2771 1935 διαμένουσα
2817 1866 2899 1927 εἰς
2949 1862 3342 1942 τοὺςεαίὦνας,
3372 1863 3404 1930 ἡ
3439 1861 3658 1930 συντρί-

2083 1960 2233 2029 ψασα
2258 1958 2318 2010 τδ
2345 1959 2549 2029 κράτος
2591 1955 2688 2010 τοῦ
2729 1955 2975 2010 διαϐόλου
3002 1995 3018 2020 ,
3067 1956 3163 2008 καί
3212 1954 3524 2022 καταλύσας
3560 1954 3657 2022 τὴν

2084 2051 2194 2104 τῶν
2223 2050 2458 2102 εἰδώλων
2484 2047 2882 2120 προσκύνησιν.

2159 2139 2239 2196 ιδ’.
2269 2141 2326 2195 ’0
2350 2141 2406 2193 δὲ
2439 2141 2729 2212 προφήτης
2760 2140 2994 2204 Ἠσαίας
3019 2139 3220 2192 οὑτωσί
3240 2156 3426 2209 φησιν,
3453 2156 3472 2190 t
3522 2139 3654 2194 Ἰδοὺ

2080 2236 2116 2305 ή
2170 2234 2441 2305 παρθένος
2486 2233 2545 2286 ὲν
2590 2233 2789 2302 γαστρὶ
2815 2231 2951 2299 ἔξει,
3002 2233 3098 2285 καί
3137 2232 3352 2298 τέξεται
3398 2233 3533 2295 υἰδν,
3563 2233 3657 2284 καὶ

2081 2327 2372 2380 καλέσουσι
2422 2326 2484 2380 τὸ
2519 2324 2694 2393 ὄνομα
2741 2323 2928 2388 αὐτοῦ,
2987 2324 3127 2378 Μεθ’
3165 2325 3324 2392 ἡμῶν
3372 2327 3399 2377 ὁ
3439 2325 3591 2387 Θεός.
3630 2345 3649 2378 ι

2081 2417 2194 2470 Καὶ
2257 2417 2420 2470 πάλιν
2480 2417 2508 2468 ὁ
2567 2417 2774 2482 αὐτὸς,
2834 2434 2858 2489 ι
2891 2415 3111 2468 Παιδίον
3166 2415 3432 2484 ἐγεννήθη
3482 2418 3655 2486 ἡμῖν,

2079 2510 2175 2563 καὶ
2227 2509 2343 2573 υἰδς
2402 2509 2557 2578 ἐδόθη
2631 2509 2763 2578 ἡμῖν
2796 2546 2811 2573 ,
2856 2499 2918 2560 οὗ
2968 2507 3002 2577 ἡ
3062 2507 3205 2578 ἀρχὴ
3270 2508 3504 2578 ἐγενήθη
3561 2510 3656 2562 ὲπί.

2078 2601 2174 2653 τοῦ
2223 2599 2376 2672 ὥμου
2402 2601 2569 2654 αὐτοῦ
2598 2639 2612 2663 ,
2661 2601 2754 2654 καί
2784 2599 3031 2654 καλεῖται
3061 2600 3122 2652 τὸ
3148 2599 3318 2669 ὄνομα
3365 2600 3529 2654 αῦοοῦ
3565 2618 3658 2671 με-

2079 2692 2254 2762 γάλης
2328 2690 2526 2762 βουλῆς
2590 2690 2821 2760 ἄγγελος
2849 2731 2865 2756 ,
2926 2690 3236 2761 θαυμαστὸς
3293 2691 3601 2761 σύμῦουλος
3638 2730 3653 2755 ,

2079 2782 2216 2844 Θεδς
2255 2781 2500 2851 ἰσχυρὸς,
2543 2781 2927 2851 ὲξουσιαστὴς,
2963 2783 3148 2853 ἄρχων
3176 2783 3423 2852 εἰρήνης,
3472 2782 3656 2851 πατὴρ

2080 2865 2501 2942 τοῦ’μέλλοντος
2528 2873 2744 2936 αἰῶνος.
2784 2872 2934 2937 Ἀξω
2969 2874 3080 2943 γὰρ
3129 2873 3354 2943 εἰρήνην
3395 2873 3489 2927 ἐπὶ
3529 2874 3654 2936 τοὺς

2081 2965 2374 3034 ἄρχοντας,
2410 2965 2639 3036 εἰρήνην
2690 2968 2785 3021 καί
2845 2966 3040 3034 ὑγείαν
3097 2965 3298 3020 αὐτῶν.
3355 2966 3649 3036 Μεγάληὴ

2080 3059 2222 3128 ἀρχὴ
2284 3056 2474 3124 αὐτοῦ,
2531 3058 2626 3113 καὶ
2683 3058 2786 3128 τῆς
2844 3059 3080 3129 εἰρήνης
3135 3059 3308 3112 αὐτοῦ
3361 3059 3461 3112 οὐκ
3505 3061 3654 3113 ἐστιν

2081 3148 2251 3218 ὄριον.
2301 3167 2318 3199 ι
2370 3145 2524 3212 Εἶδες
2562 3148 2681 3212 πῶς
2713 3149 2965 3218 ὠνόμασε
2997 3148 3237 3214 παιδίον,
3281 3152 3375 3204 καί
3409 3152 3654 3220 μεγάλης

2083 3235 2279 3307 βουλῆς
2325 3237 2574 3305 ἄγγελον,
2614 3239 2707 3291 καὶ
2747 3239 2916 3292 τᾶλλα
2955 3241 3058 3293 ὅσα
3113 3241 3448 3311 ἀπαριθμεῖ.
3495 3243 3654 3297 ἄτινά

2082 3329 2188 3381 εἰσι
2230 3329 2322 3381 τοῦ
2369 3330 2684 3399 ἀνθρώπου,
2725 3330 2784 3384 δν
2824 3331 3120 3388 ἀνελάϐετο
3157 3335 3185 3386 ὁ
3225 3334 3354 3398 Υἰὸς
3397 3336 3491 3389 τοῦ
3518 3337 3654 3392 Θεοῦ

2080 3421 2145 3472 ἐκ
2177 3421 2276 3488 τῆς
2322 3422 2639 3493 Παρθένου;
2675 3424 2810 3478 Τότε
2845 3424 2994 3494 λέγει
3037 3427 3201 3482 αὐτὸν
3229 3429 3366 3482 θεὸν
3408 3431 3652 3501 ἰσχυρὸν,

395 3499 606 3556 patrem
664 3492 836 3548 futuri
891 3499 1076 3553 seculi
1135 3503 1464 3564 (creatorem
1521 3508 1781 3565 nimirum
1818 3514 1978 3569 intel-

2081 3512 2458 3586 ἐξουσιαστὴν,
2495 3516 2708 3586 πατέρα
2740 3517 2834 3570 τοῦ
2868 3518 3155 3588 μέλλοντος
3183 3521 3398 3586 αἰῶνος,
3425 3524 3657 3594 ποιητὴν

394 3579 619 3650 ligens),
642 3593 699 3637 et
723 3587 868 3654 quod
900 3593 1052 3660 pacis
1113 3595 1286 3664 ipsius
1323 3612 1434 3651 non
1466 3599 1537 3655 sit
1591 3604 1880 3670 terminus,
1917 3606 1970 3662 id

2081 3603 2367 3676 δηλονότι,
2421 3607 2518 3660 καὶ
2570 3609 2652 3661 ὅτι
2709 3609 2809 3680 τῆς
2871 3612 3098 3683 εἰρήνης
3151 3613 3316 3666 αὐτοῦ
3363 3615 3464 3669 οὑκ
3505 3615 3670 3687 ἔστινΔ

393 3682 477 3726 cst
503 3675 645 3730 linis.
677 3677 755 3732 De
789 3693 922 3748 pace
968 3697 1101 3755 ergo
1139 3697 1199 3744 et
1227 3688 1371 3754 aliis,
1405 3707 1526 3760 qua:
1552 3709 1652 3764 per
1699 3707 1884 3766 partes
1915 3700 1974 3754 in

395 3768 649 3833 pneseuti
688 3768 856 3826 lsaia’s
885 3787 1177 3832 enumerat
1209 3779 1346 3835 satis
1395 3791 1612 3850 exacte,
1643 3785 1886 3845 diximus
1915 3791 1970 3845 iu

393 3856 616 3912 llavidis
658 3861 950 3931 prophetia
984 3867 1152 3935 paulo
1205 3880 1332 3925 ante
1357 3876 1627 3944 exposita,
1657 3893 1764 3947 qua
1793 3879 1968 3937 dixit:

395 3964 414 3995 ι
481 3948 619 4002 Dixit
682 3951 947 4010 Dominus
990 3957 1222 4015 Domino
1280 3977 1422 4028 meo,
1480 3965 1622 4022 Sede
1682 3984 1712 4023 a
1767 3973 1972 4028 dextris

393 4039 548 4104 mcis,
580 4059 599 4096 ι
631 4052 737 4107 etc.
764 4045 1155 4104 Verumtamen
1204 4067 1316 4107 non
1379 4055 1558 4126 pigeat
1606 4059 1969 4121 nihilominus

391 4131 557 4198 hujus
583 4136 888 4205 prophetiae
922 4141 1316 4199 cohaerentiam
1345 4146 1632 4218 inspicere.
1659 4152 1797 4208 Cum
1819 4156 1966 4212 enim

389 4225 656 4292 propheta
685 4227 821 4286 dicit
851 4248 865 4285 :
902 4249 922 4283 ι
967 4231 1104 4289 Ecce
1144 4237 1297 4307 virgo
1331 4245 1506 4308 pariet
1549 4237 1742 4310 lilium,
1775 4265 1794 4299 ι
1830 4257 1966 4315 etc.,

385 4317 612 4370 denotat
647 4317 798 4374 illum
855 4328 1262 4393 supernaturali
1303 4330 1467 4386 modo
1497 4342 1687 4388 natum
1727 4350 1795 4390 ex
1841 4337 1966 4392 diva

388 4405 613 4476 Virgine
659 4409 960 4469 hominem.
1019 4415 1126 4472 Sed
1187 4433 1310 4474 cum
1366 4422 1743 4479 admirabilem
1806 4439 1968 4485 vocat

387 4498 787 4566 consiliarium,
816 4503 956 4560 duas
985 4522 1252 4575 personas
1295 4510 1540 4578 denotat,
1563 4515 1782 4570 Patrem
1813 4519 1966 4574 scili-

386 4599 495 4652 cet,
530 4602 587 4646 et
631 4593 799 4662 hujus
833 4596 1055 4660 Filium.
1081 4613 1179 4653 seu
1205 4601 1445 4657 Verbum
1481 4616 1496 4661 :
1525 4615 1580 4659 et
1609 4609 1754 4676 quod
1790 4609 1968 4666 Patris

387 4683 550 4736 simul
601 4695 656 4738 et
716 4687 842 4741 Filii
899 4704 1072 4744 unum
1100 4690 1175 4745 sit
1201 4692 1515 4759 consilium,
1546 4711 1654 4750 una
1682 4699 1960 4768 voluntas,

2081 3696 2257 3765 δριον,
2285 3698 2540 3752 τουτέστι
2594 3700 2767 3763 τέλος.
2815 3703 2950 3774 Περὶ
2983 3702 3116 3769 γοῦν
3153 3704 3256 3774 τῆς
3304 3705 3525 3776 εἰρήνης
3557 3709 3653 3761 καὶ

2078 3787 2189 3840 τῶν
2247 3789 2452 3860 ἑτέρων
2481 3830 2496 3854 ,
2559 3783 2634 3844 ὧν
2695 3794 2834 3862 μετὰ
2889 3795 3057 3866 μέρος
3094 3795 3351 3860 διέξεισιν
3394 3798 3422 3849 ό
3460 3799 3652 3871 παρὼν

2093 3874 2349 3945 Ἡσαΐας,
2375 3881 2550 3935 ταῦτα
2585 3884 2762 3938 πάντα
2793 3885 3308 3956 ὲπεξειργασὰμεθα
3341 3891 3398 3942 ὲν
3435 3893 3500 3960 τῇ
3542 3893 3650 3962 πρὺ

2080 3973 2280 4044 μικροῦ
2321 3973 2580 4047 λεχθείσῃ
2625 3977 2722 4030 τοῦ
2754 3979 2919 4033 Δαόὶδ
2948 3982 3275 4053 προφητείᾳ,
3312 3985 3376 4053 τῇ
3413 3983 3648 4058 λεγούσῃ

2076 4064 2158 4129 τὸ,
2184 4083 2204 4116 ι
2245 4061 2419 4120 Εἶπεν
2453 4069 2480 4120 ό
2517 4067 2726 4139 Κύριος
2759 4063 2862 4140 ’τῷ
2920 4073 3109 4143 Κυρίῳ
3166 4091 3269 4144 μου
3295 4113 3310 4138 ,
3368 4075 3550 4130 Κάθου
3588 4078 3651 4131 ἐκ

2076 4153 2270 4220 δεξιῶν
2306 4174 2430 4227 μου.
2477 4177 2498 4211 ι
2545 4159 2688 4212 Ἀλλ’
2718 4160 2868 4230 ὅμως
2899 4161 3096 4216 σκόπει
3130 4164 3227 4217 καί
3277 4165 3510 4220 ἐνταῦθα
3551 4168 3651 4237 τὴν

2077 4250 2402 4320 συμπλοκὴν
2427 4253 2529 4324 τῆς
2566 4255 2736 4323 αὐτῆς
2788 4258 3295 4328 προφητείας.·Καί
3329 4261 3440 4332 γὰρ
3469 4263 3527 4316 έν
3571 4264 3650 4333 τῷ

2075 4342 2255 4396 εἰπεῖν
2288 4341 2381 4397 τδν
2408 4345 2702 4414 προφήτην
2733 4347 2817 4411 τὸ,
2848 4366 2866 4400 ι
2905 4349 3037 4402 Ἰδοὺ
3065 4352 3097 4419 ἠ
3130 4351 3403 4421 Παρθένος
3432 4351 3647 4418 τέξεται

2071 4430 2211 4497 υἰδν,
2245 4451 2264 4484 ι
2317 4433 2412 4486 καί
2444 4433 2513 4488 τὰ
2562 4434 2710 4500 ἑξῆς,
2745 4437 2916 4505 ἔδειξε
2948 4439 3040 4493 τὸν
3067 4441 3209 4511 ὑπὲρ
3249 4441 3411 4512 φύσιν
3445 4460 3646 4515 γεννη-

2073 4521 2238 4576 θέντα
2297 4524 2588 4595 ἄνθρωπον
2635 4529 2700 4580 ὲκ
2755 4531 2858 4597 τῆς
2909 4531 3081 4600 αὐτῆς
3137 4533 3301 4602 ἁγίας
3339 4535 3642 4604 Παρθένου.

2084 4609 2175 4664 Ἐν
2201 4613 2258 4666 δὲ
2286 4613 2364 4684 τῷ
2391 4615 2570 4670 εἰπεῖν
2609 4636 2629 4668 ι
2658 4617 2979 4689 θαυμαστὸν
3018 4621 3326 4692 σύμϐουλον
3348 4665 3364 4690 ,
3412 4644 3431 4677 ι
3473 4625 3642 4692 ἔδειξε

2071 4702 2346 4771 πρόσωπα
2375 4704 2490 4771 δύο,
2529 4708 2782 4776 τουτέστι
2807 4711 2899 4764 τὸν
2930 4713 3174 4782 Πατέρα,
3209 4716 3304 4768 καὶ
3329 4716 3421 4770 τὸν
3448 4718 3641 4772 τούτου

388 4789 493 4826 una
544 4777 807 4842 potentia,
848 4795 954 4834 una
988 4790 1045 4835 et
1096 4782 1290 4860 eadem
1337 4785 1599 4854 cognitio.
1640 4786 1786 4843 Deus
1814 4792 1960 4845 enim

2081 4793 2202 4847 Υἰόν
2235 4811 2294 4847 τε
2331 4797 2427 4850 καί
2457 4798 2652 4866 Λόγον,
2680 4800 2776 4852 καὶ
2807 4802 2888 4855 ὅτι
2916 4803 3014 4871 μία
3049 4777 3236 4874 βουλὴ,
3269 4806 3368 4876 μία
3397 4807 3639 4877 θέλησις,

386 4865 757 4921 consilionon
794 4869 1020 4940 indiget.
1047 4871 1202 4927 Illum
1243 4889 1373 4931 vero
1423 4880 1680 4936 eumdem
1715 4881 1962 4953 Virginis

2081 4884 2169 4953 μιία
2206 4884 2458 4955 δύναμις,
2517 4888 2615 4955 μία
2659 4889 2862 4957 γνῶσίς
2916 4865 3060 4944 tan
3086 4865 3302 4964 Πατρὸς
3349 4895 3445 4948 καὶ
3484 4865 3637 4953 ὶξίοῦί

386 4957 582 5010 Fizium
648 4958 816 5014 Deum
878 4961 1076 5018 fortem
1136 4977 1317 5033 vocat,
1372 4979 1676 5039 potentem,
1742 4975 1959 5031 Patrem

2081 4974 2198 5045 θεὸς
2224 4976 2331 5046 γὰρ
2365 4976 2563 5049 βουλῆς
2615 4980 2678 5032 οὐ
2733 4981 2923 5038 δεῖται.
2979 4982 3084 5035 Τὸν
3115 4983 3164 5036 δ’
3190 4957 3352 5039 αὑτὸν
3379 4986 3507 5040 Υἰδν
3539 4988 3638 5058 τῆς
3680 4985 3695 4998 ‘
3765 4991 3785 5008 ο

385 5049 553 5103 tuturi
608 5052 816 5115 saeculi,
864 5054 1024 5124 cujus
1086 5071 1190 5125 pax
1245 5058 1407 5116 ﬁnem
1460 5077 1570 5117 non
1619 5064 1832 5122 habeat.
1894 5065 1961 5124 Et

2081 5067 2346 5137 Ἱαρθένου
2377 5069 2528 5137 λέγει
2560 5070 2695 5124 Θεὸν
2732 5072 2974 5144 ἰσχυρὸν,
3008 5075 3388 5146 ὲξουσιαστὴν,
3422 5049 3637 5150 πατέρα

386 5140 652 5204 quduam
720 5144 867 5198 aliud
933 5146 1050 5203 ha’c
1091 5149 1207 5220 ipsa
1255 5154 1545 5223 prephetia
1610 5157 1955 5228 signiﬁcavit,

2081 5157 2153 5212 τοῦ
2183 5159 2469 5228 μέλλοντος
2509 5162 2730 5229 αἰῶνος,
2763 5165 2836 5234 μὴ
2869 5165 3104 5236 ἐχούσης
3125 5168 3280 5230 τέλος
3320 5172 3421 5240 τῆς
3443 5169 3634 5224 τούτου

381 5245 544 5295 quam
573 5233 715 5301 quod
770 5235 860 5290 ille
914 5237 1059 5293 idem
1104 5242 1246 5296 Deus
1275 5253 1330 5298 et
1372 5245 1538 5301 homo
1590 5249 1837 5317 ejusdem
1884 5251 1956 5307 sit

2081 5255 2300 5325 ,ipﬁvqg.
2342 5255 2456 5308 Καὶ
2494 5257 2548 5308 τί
2580 5233 2772 5328 ἕτερον
2801 5233 3003 5326 ἔδειξεν
3039 5233 3570 5333 ηαύτηπροίρητεία
3599 5264 3633 5333 ἢ

381 5322 597 5377 Consilii
629 5334 684 5379 et
723 5328 1055 5398 cognitionis
1087 5347 1212 5388 cum
1240 5335 1348 5390 Deo
1381 5336 1538 5393 Patre
1569 5341 1882 5412 particeps?

2081 5322 2261 5400 ὃτι
2295 5347 2458 5401 αὐτὸν
2507 5348 2640 5402 Θεόν
2673 5322 2732 5403 τε
2781 5353 2879 5405 xui.
2925 5322 3240 5423 ἀνθρωπον,
3269 5322 3399 5424 μίαν
3438 5322 3637 5425 βουλήν

1606 5448 1612 5454 '
2061 5453 2121 5502 τε
2151 5437 2244 5489 καὶ
2285 5437 2487 5504 γνῶσιν
2527 5439 2721 5509 έχοντα
2761 5441 2901 5511 μετά
2950 5443 3043 5496 τοῦ
3079 5443 3218 5496 Θεοῦ
3249 5446 3345 5497 καὶ
3380 5444 3630 5516 Πατρόςς

458 5505 544 5561 l5.
567 5506 710 5574 Quin
764 5523 821 5565 ct
866 5514 1130 5583 propheta
1191 5517 1488 5575 Zacharias
1522 5530 1650 5602 nato
1702 5525 1806 5579 sibi
1841 5525 1959 5587 lilio,

2169 5527 2253 5583 ιε’.
2326 5529 2387 5582 Ὀ
2467 5531 2524 5583 δὲ
2557 5505 2876 5604 ηπροφητης
2933 5537 3213 5607 Ζαχαρίας
3276 5505 3634 5606 γεννηθέυντθέ

376 5597 584 5657 Joanne
606 5602 685 5658 sic
715 5603 888 5660 dixit:
921 5623 940 5658 ι
977 5607 1044 5661 Et
1077 5618 1156 5676 tu,
1188 5627 1346 5681 puer,
1383 5597 1646 5685 propheta
1684 5620 1946 5674 A'tissimi

2081 5620 2320 5672 Ἰωάννου
2362 5620 2454 5674 τοῦ
2487 5623 2604 5675 υἰοῦ
2645 5623 2810 5677 αὐτοῦ
2844 5624 3014 5690 οὕτως
3058 5627 3246 5698 εἰρηκε
3275 5641 3290 5660 ο
3331 5643 3354 5679 ι
3382 5625 3492 5680 Καὶ
3534 5626 3629 5706 σύ,

453 5785 491 5816 ⁸⁸
520 5786 620 5841 lsa.
655 5805 747 5856 vn,
779 5788 862 5846 14.
943 5791 986 5822 ³³
1012 5793 1112 5848 lsa.
1149 5809 1220 5863 Ix,
1247 5799 1278 5852 6
1317 5798 1366 5852 8.
