4090 6452
411 251 426 280 3

387 403 492 470 ll?

1355 399 1662 460 CONTRA
1709 397 2203 475 MAHOMETEM
2245 396 2629 459 APOLOGlA
2679 400 2726 461 l.

3538 401 3648 476 418

386 516 630 582 παιδίον,
681 514 969 586 προφήτης
1014 511 1276 576 Ὑψίστου
1307 512 1583 582 κληθήσῃ·
1616 513 1955 582 προπορεύσ]

2081 509 2408 577 vocaberis;
2452 512 2675 582 prwihis
2725 513 2874 569 enim
2910 524 3034 571 ante
3085 514 3279 571 faciem
3316 517 3550 585 Domini,
3580 521 3652 576 ad

387 614 500 680 γὰρ
535 609 644 678 πρὸ
685 607 984 678 προσώπου
1030 605 1237 675 Κυρίου
1276 603 1746 674 ἑτοιμάσαιδδοὺς
1776 603 1966 668 αὑτοῦ,

388 701 484 760 τοῦ
517 698 703 754 δοῦναι
730 699 937 766 γνῶσιν
962 697 1240 768 σωτηρίας
1270 697 1349 766 τῷ
1387 695 1504 767 λαῷ
1535 695 1702 749 αὐτοῦ
1727 697 1786 746 ὲν
1819 697 1961 764 eet-

391 807 476 844 σει
543 791 831 861 ἁμαρτιῶν
876 791 1086 855 αὐτῶν,
1121 789 1211 842 διὰ
1260 789 1546 858 σπλάγχνα
1600 788 1784 848 ἐλέους
1830 785 1968 841 Θεοῦ

387 881 563 950 ήμῶν.
600 898 619 931 ι
654 881 876 942 Πάντως
908 879 936 932 6
965 879 1059 932 τοῦ
1081 877 1355 948 Ζαχαρίου
1383 879 1496 941 υίὸς
1511 876 1762 948 Ἰωάννης
1793 878 1970 947 μέγας

388 973 677 1043 προφήτης
732 970 1072 1044 εὑρίσκεται,
1103 969 1289 1033 καθὼς
1345 975 1442 1024 καὶ
1492 971 1694 1034 πάντες
1726 972 1774 1024 οί
1808 971 1964 1025 Μου-

394 1064 692 1134 σουλμάνοι
716 1062 1098 1131 ὁμολογοῦσιν.
1134 1063 1200 1116 Τί
1231 1063 1286 1116 δὲ
1316 1065 1732 1134 προεφήτευσεν
1757 1080 1773 1129 ;
1802 1062 1966 1119 Ἀλλο

387 1156 540 1209 οὐδὲν
592 1156 948 1225 ἀναφαίνεται
978 1155 1013 1226 ἢ
1051 1156 1184 1226 περὶ
1222 1154 1319 1209 τοῦ
1353 1157 1616 1225 Χριστοῦ,
1650 1153 1832 1220 καθὼς
1871 1157 1965 1210 καὶ

386 1251 741 1320 προείπομεν.
784 1249 922 1303 Τίνα
966 1249 1026 1304 δὲ
1077 1249 1236 1304 καλεῖ
1265 1251 1294 1303 6
1329 1249 1609 1321 Ζαχαρίας
1643 1249 1914 1319 ’Υψιστον
1943 1267 1958 1315 ;

387 1341 490 1394 Τὸν
523 1341 781 1410 Χριστόν.
810 1340 944 1412 Περὶ
971 1340 1138 1395 αὑτοῦ
1163 1342 1257 1395 καὶ
1283 1343 1394 1423 γάρ
1415 1337 1537 1397 εἷπε
1559 1343 1640 1411 τὸ,
1677 1359 1697 1395 ι
1742 1344 1964 1414 Προφή-

387 1447 486 1502 της
530 1433 787 1501 ’Υψίστου
835 1433 1112 1505 κληθήσῃ.
1141 1451 1161 1486 ι

461 1531 559 1590 ις’.
610 1526 734 1578 Ἔτι
807 1525 1081 1597 Ἱερεμίας
1118 1528 1146 1581 6
1179 1526 1484 1599 προφήτης
1511 1527 1713 1582 οὗτωσί
1769 1546 1956 1601 φησιν,

391 1631 409 1664 ι
448 1607 615 1676 Οὗτος
637 1613 665 1666 6
693 1612 828 1677 Θεὸς
866 1613 1030 1685 ἡμῶν
1054 1631 1069 1646 ο
1101 1615 1164 1669 οὐ
1193 1615 1579 1687 λογισθήσεται
1604 1617 1792 1689 ἕτερος
1823 1619 1960 1690 πρὸς

383 1707 565 1760 αὐτόν.
609 1706 832 1776 Ἑξεῦρε
873 1707 1057 1760 πᾶσαν
1109 1707 1230 1760 ὁδὸν
1259 1708 1598 1779 ἐπιστήμης,
1626 1709 1724 1762 καὶ
1752 1709 1958 1764 ἔδωκεν

382 1797 549 1868 αὐτὴν
596 1789 792 1852 Ἰακὼό
849 1797 926 1869 τῷ
978 1798 1141 1854 παιδὶ
1178 1798 1346 1853 αὐτοῦ
1375 1838 1392 1865 ,
1464 1801 1562 1854 καὶ
1620 1801 1838 1873 Ἰσραὴλ
1879 1801 1958 1872 τῷ

381 1887 721 1961 ἠγαπημένῳ
748 1890 843 1944 ὑπ’
877 1889 1063 1945 αὑτοῦ.
1095 1893 1256 1947 Μετὰ
1286 1892 1345 1946 δὲ
1373 1892 1550 1947 ταῦτα
1583 1894 1677 1948 ἐπὶ
1705 1895 1807 1965 τῆς
1847 1894 1952 1965 γῆς

381 1980 560 2052 ὤφθη,
591 1984 687 2036 καὶ
713 1984 825 2047 τοῖς
852 1984 1160 2056 ἀνθρώποις
1203 1985 1645 2057 συνανεστράφη.
1680 2006 1700 2041 ε
1727 1987 1874 2060 Αὕτη
1919 1990 1954 2060 ὴ

383 2073 566 2144 βίϐλος
597 2074 708 2128 τῶν
749 2077 1194 2146 προσταγμάτων
1223 2077 1320 2130 τοῦ
1348 2077 1510 2133 Θεοῦ.
1547 2074 1703 2142 Εἶδες
1736 2095 1957 2152 προφηο

380 2167 532 2230 τείας
561 2167 890 2238 λαμπούσας
917 2169 1060 2240 ὑπὲρ
1091 2170 1189 2224 τὸν
1217 2171 1403 2242 ἧλιονς
1445 2171 1573 2225 Ὀτι
1617 2171 1720 2243 μὸν
1749 2172 1953 2237 πάντες

382 2269 432 2314 οι
463 2262 744 2332 προφῆται
776 2262 868 2316 διὰ
901 2264 1180 2335 διαφόρων
1223 2263 1424 2329 λέξεων
1462 2264 1706 2335 λέγουσι,
1755 2266 1959 2330 πάντες

380 2353 438 2405 δὲ
477 2351 860 2423 συμφωνοῦσιν
895 2357 977 2419 είς
1015 2357 1078 2429 τὸ
1130 2354 1301 2422 αὐτὸ,
1357 2357 1480 2410 ἐπεὶ
1531 2358 1560 2409 6
1616 2357 1781 2421 αὐτὸς
1823 2358 1960 2424 Θεὸς

381 2447 530 2499 ἐστιν
559 2448 586 2498 6
619 2445 798 2502 λαλῶν
823 2445 915 2501 διὰ
951 2447 1224 2519 στόματος
1251 2448 1455 2515 αὐτῶν,
1506 2449 1665 2504 τοῦτο
1707 2450 1956 2507 τοιοῦτον

381 2531 482 2592 ἔνι’.
524 2537 665 2592 Ἀλλ’
705 2539 858 2609 ὅμως
907 2539 986 2603 ὡς
1024 2541 1084 2594 ὲν
1132 2539 1352 2610 συνόψει
1383 2536 1540 2596 εἷπον
1570 2542 1679 2597 ὅτε
1729 2541 1958 2608 Ἡσαΐας

383 2633 479 2684 καὶ
519 2629 788 2704 Ἱερεμίας
811 2647 829 2664 ·
861 2634 892 2687 6
931 2633 1031 2702 μέν
1068 2649 1152 2686 τοι
1187 2632 1418 2698 Ἡσαΐας
1438 2633 1630 2700 είπὼν,
1663 2634 1745 2688 ὅτι
1775 2652 1794 2686 ι
1825 2636 1960 2691 Παι-

381 2723 489 2777 δίον
505 2725 768 2797 ἐγεννήθη
782 2727 815 2796 ή
827 2727 917 2797 μίν
929 2726 1026 2780 καὶ
1043 2725 1266 2796 έδόθη,ἶι
1285 2727 1390 2798 ἑπή
1398 2743 1560 2797 γαγε,
1594 2745 1614 2780 ι
1649 2726 1782 2793 Θεὸς
1808 2730 1960 2801 ίσχυ-

383 2818 496 2887 ρὸς-
522 2835 542 2869 ι
569 2818 670 2871 ὁδε
704 2817 979 2888 Ἱερεμίας
997 2816 1170 2871 εἰπὼν
1191 2859 1209 2886 ,
1228 2818 1313 2872 ὅτι
1337 2813 1537 2884 «Οὗτος
1564 2822 1593 2874 6
1619 2821 1752 2885 Θεὸς
1778 2822 1958 2894 ήμῷνο

381 2908 443 2960 ού
469 2909 850 2978 λογισθήσεται
895 2908 1082 2982 ἔτερος
1130 2909 1267 2980 πρὸς
1294 2911 1477 2976 αὐτὸν,
1508 2929 1528 2964 ι
1571 2911 1746 2980 λέγει,
1795 2932 1815 2968 ι
1837 2914 1962 2978 Ἐπὶ

380 2998 479 3068 τῆς
510 2999 613 3069 γῆς
643 2998 957 3070 apem-xui
985 3002 1098 3064 τοῖς
1126 3000 1436 3072 ἀνθρώποις
1467 3005 1908 3076 συνανεστράφη.
1935 3025 1954 3056 ε

381 3091 457 3144 Οὐ
490 3091 648 3160 μόνον
675 3091 784 3163 γὰρ
813 3092 944 3162 περὶ
993 3091 1090 3146 τοῦ
1117 3093 1359 3164 Χριστοῦ
1412 3095 1834 3166 προεφήτευσαν
1865 3100 1961 3152 καὶ

2076 601 2384 670 parandum
2413 604 2528 658 vias
2568 606 2714 675 ejus,
2744 607 2812 660 ad
2844 606 3082 661 dandum
3117 609 3405 664 scientiam
3457 611 3656 668 salutis

2071 695 2279 764 populo
2323 695 2498 765 ipsius
2545 711 2644 766 per
2691 697 3072 752 remissionem
3120 710 3470 769 peccatorum
3505 704 3653 773 ejus,

2070 798 2170 853 per
2197 783 2412 848 viscera
2439 785 2835 853 misericordia:
2870 787 2960 842 Dei
3000 789 3174 844 nostri
3201 790 3291 843 ³⁸⁸.
3328 809 3346 842 ι
3384 790 3654 850 Joannem

2066 885 2220 932 certe
2259 875 2546 932 Zachariae
2602 877 2776 933 tilium
2823 894 3078 949 magnum
3124 880 3449 951 praphetam
3481 883 3656 939 fuisse

2067 978 2304 1036 constat,
2335 970 2586 1024 omnium
2619 986 2840 1041 quoque
2885 972 3352 1029 Mnsuimanorum
3405 976 3658 1030 testimo-

2067 1062 2184 1116 nio.
2208 1060 2351 1128 Quid
2385 1077 2515 1117 vero
2552 1061 2643 1116 hic
2687 1062 3081 1133 prophetavit?
3127 1063 3274 1118 Nihil
3301 1063 3449 1118 aliud
3487 1080 3658 1135 quam-

2063 1152 2345 1209 Ghristum
2371 1153 2675 1220 denotavit,
2706 1153 3170 1224 quemadmodum
3195 1166 3359 1225 supra
3387 1158 3644 1226 exposui.

2063 1259 2210 1300 mus.
2236 1243 2534 1300 Zacharias
2564 1261 2721 1312 vero,
2767 1261 3063 1316 quemnam
3089 1246 3435 1304 Altissimum
3474 1251 3659 1304 nanti-

2064 1336 2200 1390 nat?
2230 1336 2508 1392 Christum
2560 1336 2791 1393 scilicet.
2835 1337 2910 1393 De
2952 1337 3044 1393 illo
3091 1340 3239 1394 enim
3271 1338 3376 1395 hoc
3413 1340 3656 1408 dixerat,

2068 1446 2087 1479 ε
2117 1427 2383 1497 Propheta
2413 1427 2677 1483 Altissimi
2706 1428 3013 1485 vocaberis.
3057 1446 3078 1482 ι

2135 1517 2224 1573 16.
2248 1518 2420 1572 Porro
2440 1516 2731 1573 Jeremiam
2755 1520 3080 1591 prophetam
3106 1522 3186 1578 sic
3214 1523 3486 1581 dicentem
3513 1527 3647 1600 legi-

2059 1623 2183 1665 mus
2211 1625 2226 1665 :
2255 1627 2274 1662 ι
2307 1608 2406 1666 llic
2427 1618 2510 1664 est
2529 1609 2675 1666 Deus
2696 1620 2902 1678 noster,
2929 1622 2985 1668 et
3008 1613 3148 1669 alius
3170 1616 3323 1687 juxta
3357 1617 3504 1672 hunc
3535 1636 3645 1674 non

2059 1702 2427 1771 reputabitur.
2453 1701 2664 1757 Invenit
2700 1717 2922 1758 omnem
2953 1703 3094 1759 viam
3117 1705 3380 1774 scientiae,
3409 1716 3464 1764 et
3493 1711 3648 1766 dedit

2058 1806 2176 1846 eam
2194 1790 2364 1847 Jaeoh
2379 1807 2541 1847 servo
2564 1807 2686 1860 suo,
2714 1800 2772 1850 et
2798 1793 2986 1850 lsraeli
3006 1795 3210 1852 dilecto
3240 1812 3362 1853 suo.
3388 1799 3510 1854 Post
3531 1801 3648 1855 lucc

2058 1895 2243 1939 autem
2295 1899 2467 1954 super
2509 1896 2712 1940 terram
2762 1887 2916 1942 visus
2950 1894 3057 1954 est,
3087 1897 3144 1944 et
3177 1903 3301 1945 cum
3328 1891 3648 1946 hominibus

2059 1985 2425 2032 conversatus
2449 1984 2556 2034 est.
2581 1997 2600 2028 ι
2621 1978 2720 2033 Hie
2746 1988 2830 2034 est
2854 1977 2995 2035 liber
3023 1979 3406 2052 mandatorum
3430 1982 3544 2038 Dei.
3565 1986 3643 2039 Eu

2067 2067 2169 2122 tibi
2199 2070 2420 2124 oracula
2470 2070 2588 2125 sole
2639 2070 3032 2142 splendidiora.
3065 2071 3202 2129 Cum
3257 2074 3404 2129 enim
3443 2075 3644 2146 singuli

2059 2149 2461 2229 prophetarum
2511 2159 2748 2216 diversis
2821 2169 3054 2216 utantur
3099 2161 3320 2218 dicendi
3368 2163 3643 2241 formulis,

2059 2261 2254 2302 omnes
2281 2258 2464 2303 tamen
2496 2249 2550 2303 in
2575 2265 2747 2304 unum
2789 2252 3168 2320 consentiunt,
3192 2253 3651 2326 quandoquidem

2058 2336 2206 2394 Deus
2230 2346 2338 2405 est,
2367 2338 2463 2408 qui
2523 2340 2638 2394 haec
2659 2347 2714 2393 et
2749 2340 2950 2396 similia
2995 2355 3096 2411 per
3121 2356 3184 2398 os
3217 2343 3462 2414 ipsorum
3497 2345 3652 2402 locu-

2059 2437 2168 2484 tus
2205 2439 2312 2485 est.
2347 2427 2736 2487 Verumtamen
2796 2445 2898 2488 ceu
2961 2447 3029 2488 ex
3075 2435 3359 2492 communi
3409 2440 3644 2508 quadam

2059 2522 2540 2592 contemplatione
2587 2524 2875 2580 vaticinati
2905 2536 3058 2593 sunt,
3089 2536 3146 2582 et
3201 2527 3370 2586 Isaias
3415 2542 3470 2587 et
3492 2532 3647 2587 Jerc-
3715 2563 3724 2570 -

2060 2613 2220 2670 mias.
2245 2614 2419 2671 Isaias
2444 2614 2672 2687 quidem
2701 2617 2756 2671 in
2783 2616 2935 2674 hunc
2963 2619 3190 2675 modum
3222 2639 3236 2677 :
3270 2641 3289 2674 ‹
3321 2623 3462 2679 Puer
3483 2636 3646 2682 natus

2067 2713 2156 2762 est
2184 2706 2368 2774 nobis,
2405 2715 2463 2763 et
2494 2707 2639 2764 ﬁlius
2665 2708 2828 2765 datus
2855 2719 2941 2766 est
2962 2709 3160 2778 nobis;
3191 2727 3210 2765 ι
3242 2713 3644 2784 quibusaddit,

2067 2814 2089 2849 ε
2122 2798 2269 2854 Deus
2298 2797 2481 2866 fortis,
2513 2818 2534 2853 ο
2563 2809 2671 2857 etc.
2691 2801 2960 2858 Jeremias
2983 2817 3114 2859 vero
3128 2804 3210 2860 sic
3229 2805 3416 2862 dicens
3447 2825 3461 2862 :
3496 2827 3512 2858 ι
3548 2809 3648 2864 llic

2059 2899 2146 2945 est
2177 2891 2323 2946 Deus
2346 2899 2554 2958 noster,
2579 2908 2690 2949 non
2723 2895 3080 2965 reputabitur
3110 2897 3254 2952 alius
3285 2897 3438 2969 juxta
3475 2901 3644 2956 hunc.

2062 2976 2240 3048 Super
2272 2990 2474 3036 terram
2520 2984 2673 3041 visus
2713 2996 2821 3052 est,
2845 2997 2900 3042 et
2933 3001 3058 3042 cum
3081 2987 3396 3054 hominibus
3417 3005 3648 3045 conver-

2061 3080 2214 3127 satus
2266 3082 2372 3130 est.
2415 3093 2434 3127 ι
2478 3074 2600 3131 Non
2641 3077 2790 3132 enim
2836 3077 2907 3134 de
2953 3079 3072 3134 solo
3117 3077 3341 3135 Christo
3367 3081 3646 3136 vaticinati

381 3177 535 3236 εἷπον
566 3184 615 3236 οί
649 3187 950 3255 προφῆται,
997 3184 1136 3239 ἀλλὰ
1182 3186 1281 3239 καὶ
1309 3187 1442 3257 περὶ
1469 3188 1568 3258 τῆς
1596 3188 1760 3257 ἁγίας
1787 3190 1954 3244 αὑτοῦ

2063 3174 2191 3219 sunt
2213 3167 2516 3236 prophetae,
2540 3175 2735 3224 verum
2776 3171 2942 3225 etiam
2984 3170 3053 3226 de
3086 3181 3436 3227 sacrosancta
3492 3174 3646 3229 illius

384 3276 590 3348 μητρὸς
620 3279 716 3332 καὶ
750 3278 1054 3349 Παρθένου,
1109 3280 1276 3336 ἅτινα
1307 3280 1398 3334 διά
1433 3281 1495 3336 τὸ
1526 3281 1736 3354 πλῆθος
1765 3284 1952 3353 είάθη-

382 3383 502 3420 σαν.
557 3368 668 3420 Καὶ
727 3362 838 3421 ἰδοῦ
886 3370 1018 3440 περὶ
1065 3370 1176 3424 τῶν
1201 3370 1483 3425 δπτασιῶν
1515 3372 1622 3430 τῶν
1651 3373 1825 3442 ἁγίων
1855 3375 1953 3429 καὶ

379 3457 488 3510 τῶν
518 3459 876 3530 προφητικῶν
902 3461 1115 3530 ῥήσεων
1141 3460 1344 3525 ίκανῶς
1364 3461 1693 3542 εἰρήκαμεν.
1720 3465 1951 3535 Ἶδωμεν

381 3551 446 3631 δέ
489 3552 584 3606 καὶ
632 3553 714 3616 είς
769 3552 831 3606 τὸ
879 3552 1012 3624 ἑξῆς
1059 3553 1114 3606 τί
1150 3552 1404 3624 βούλεται
1453 3554 1637 3609 καὶτὸ
1670 3557 1822 3622 τέλος
1850 3559 1951 3612 αύ-

379 3637 508 3674 των.

452 3713 534 3777 ιε’.
570 3714 758 3778 Ὅπως
806 3714 1091 3787 ἀπεστάλη
1127 3716 1190 3784 ἐξ
1217 3716 1456 3789 ούρανοῦ
1500 3717 1746 3791 Γαϐριὴλ
1789 3721 1818 3774 6
1849 3721 1948 3792 ἀρ-

379 3805 642 3876 χάγγελος
693 3807 1158 3878 εὐαγγελίσασθαι
1202 3812 1270 3882 τῇ
1307 3809 1440 3882 ἁγίᾳ
1472 3810 1734 3884 Παρθένῳ
1760 3813 1952 3886 Μαρίᾳ

381 3899 480 3970 τὴν
509 3900 792 3970 σύλληψιν,
838 3903 934 3958 καὶ
989 3903 1142 3965 ὅπως
1199 3901 1464 3957 συνέλαϐε
1519 3905 1614 3958 τὸν
1666 3903 1758 3958 τοῦ
1812 3905 1949 3960 Θεοῦ

379 3992 588 4061 Λόγον,
638 3993 741 4063 καὶ
793 3994 952 4065 ὑμεῖς
1021 3993 1419 4066 ὁμολογοῦντες
1468 3995 1691 4067 λέγετε,
1722 3996 1828 4050 κᾶν
1853 4001 1949 4054 καὶ

378 4082 657 4153 ὀρθῶς-μὴ
689 4084 1018 4155 φρονοῦντές
1070 4087 1196 4138 ἐστε
1253 4088 1384 4158 περὶ
1439 4086 1660 4152 τούτου,
1692 4088 1949 4158 λέγοντες

375 4168 460 4220 ὅτι
515 4167 800 4239 ἄνθρωπον
857 4169 1012 4239 ψιλὸν
1062 4172 1356 4242 ἐγέννησεν
1407 4173 1442 4243 ή
1499 4174 1797 4243 Παρθένος,
1851 4179 1949 4230 καὶ

381 4258 441 4310 οῦ
471 4256 622 4325 Θεὸν,
655 4256 1081 4322 ἀκολουθοῦντες
1108 4257 1347 4323 τοϊςτοῦ
1360 4258 1656 4330 Νεστορίου
1687 4261 1944 4332 δόγμασιο

381 4351 476 4402 καὶ
531 4349 614 4403 ὅτι
669 4350 960 4424 ἄνθρωπος
989 4351 1089 4422 μὲν
1120 4346 1187 4423 ἦν
1216 4352 1245 4404 6
1283 4352 1543 4421 Χριστὸς,
1575 4353 1864 4424 ἄνθρωπος
1890 4354 1946 4408 δὲ

383 4441 558 4510 μέγας
586 4441 682 4495 καὶ
714 4441 873 4510 ἅγιος
906 4442 1002 4496 καὶ
1033 4441 1258 4512 ὑψηλὸς,
1290 4438 1401 4505 οἶος
1439 4441 1565 4495 οὔτε
1596 4443 1704 4513 πρὸ
1731 4443 1944 4498 ἐκείνου

2059 3267 2256 3322 matre,
2286 3256 2513 3330 Virgine
2559 3259 2752 3327 Maria,
2779 3274 2903 3330 qua
2951 3261 3173 3332 quidem
3222 3278 3371 3318 nunc
3419 3277 3645 3335 propter

2061 3349 2287 3406 nimiam
2319 3350 2695 3421 prolixitatem
2751 3351 3094 3410 omittemus.
3126 3353 3196 3409 Et
3227 3353 3369 3410 haec
3418 3355 3644 3425 quidem

2060 3441 2131 3496 de
2159 3450 2476 3497 sanctorum
2529 3441 2966 3499 revelationibus
3013 3449 3069 3498 et
3106 3444 3495 3515 prophetarum
3520 3461 3645 3501 ora-

2056 3532 2198 3588 culis
2227 3531 2566 3588 sutiicienter
2620 3533 2862 3590 diximus
2893 3553 2908 3591 :
2941 3550 3091 3592 nunc
3123 3551 3258 3592 vero
3289 3536 3415 3609 quis
3445 3537 3644 3594 horum

2057 3625 2307 3681 omnium
2329 3624 2466 3683 finis
2495 3627 2589 3695 sit,
2623 3627 3062 3684 consideremus.
3631 3644 3636 3648 '

2127 3717 2218 3773 17.
2246 3716 2404 3785 Quod
2457 3731 2590 3774 sane
2641 3720 3006 3792 archangelus
3025 3719 3247 3777 Gabriel
3275 3721 3492 3778 cmlitus
3516 3723 3650 3780 mis-

2057 3824 2155 3866 sus
2185 3809 2257 3865 sit
2281 3809 2422 3866 divae
2450 3809 2652 3882 virgini
2680 3809 2866 3866 Mariae
2917 3815 3330 3883 conceptionem
3360 3815 3650 3868 nuntiatu-

2057 3919 2173 3969 rus,
2204 3911 2262 3958 et
2291 3903 2438 3974 quod
2475 3903 2591 3959 haec
2621 3902 2736 3973 ipsa
2765 3903 2861 3958 Dei
2895 3905 3148 3960 Verbum
3182 3905 3647 3974 conceperinvos

2057 3993 2160 4062 ipsi
2201 3991 2538 4048 adﬁrmantes
2567 3992 2908 4048 confitemini
2936 3991 3224 4062 :quamvis
3255 3990 3431 4046 dehis
3462 3991 3658 4048 minus

2057 4089 2206 4135 recte
2238 4079 2516 4146 sentiatis,
2561 4093 2690 4135 cum
2743 4079 2933 4134 dicitis
2975 4077 3259 4142 nimirum,
3297 4078 3442 4148 quod
3479 4079 3646 4150 Virgo

2055 4170 2344 4227 hominem
2395 4170 2602 4225 nudum
2660 4170 2963 4240 pepererit,
3000 4180 3198 4225 etnon
3229 4169 3400 4224 Deum
3447 4173 3644 4241 (secuti

2057 4263 2206 4319 haud
2236 4261 2404 4318 dubie
2422 4261 2665 4318 Nestorii
2683 4259 2927 4333 dogma),
2948 4268 3004 4316 et
3022 4260 3170 4331 quod
3194 4259 3448 4317 Christus
3478 4261 3645 4318 homo

2058 4370 2268 4417 tantum
2323 4359 2510 4426 fuerit,
2566 4360 2733 4415 homo
2785 4369 2970 4415 autem
3031 4375 3280 4431 magnus,
3334 4373 3558 4416 sanctus
3589 4372 3646 4417 et

2055 4463 2345 4522 angustus,
2387 4467 2498 4523 quo
2541 4451 2786 4508 sanctior
2822 4461 2948 4506 ante
2995 4451 3146 4506 hunc
3197 4461 3360 4524 natus
3409 4467 3516 4506 non
3547 4453 3642 4518 sit,
3755 4477 3757 4480 ⁴

378 4534 601 4600 ἐγένετο
651 4533 957 4606 ἁγιώτερος
987 4534 1182 4598 αὑτοῦ,
1231 4535 1352 4588 οὐδὲ
1391 4535 1532 4605 μετὰ
1555 4535 1730 4590 ταῦτα
1759 4537 1953 4608 γεννή-

2060 4559 2243 4614 neque
2293 4543 2632 4610 nasciturus,
2686 4543 2781 4598 sed
2835 4543 2988 4599 hunc
3040 4543 3286 4598 omnium
3357 4543 3644 4602 hominum

379 4640 554 4691 σεται,
585 4624 701 4678 ἀλλ’
734 4626 897 4690 αὑτός
945 4627 1095 4680 ἐστιν
1127 4629 1155 4679 6
1207 4625 1426 4681 πάντων
1456 4626 1760 4698 ἀνθρώπων
1784 4627 1951 4698 άγιὼ-

376 4733 553 4788 τερος.
615 4716 807 4788 Ἡμεῖς
844 4717 902 4772 δὲ
951 4717 1286 4789 πιστεύομεν
1345 4719 1440 4772 καὶ
1499 4718 1810 4790 φρονοῦμεν
1855 4722 1950 4774 καὶ

375 4808 629 4879 λέγομεν,
659 4810 741 4863 ὃτι
787 4809 953 4874 αὐτὸς
1006 4812 1037 4863 6
1080 4811 1317 4882 Χριστὸς
1349 4811 1516 4874 αὐτὸς
1555 4812 1707 4865 ἔστιν
1741 4811 1772 4862 6
1822 4811 1947 4874 Υἱὸς

375 4902 470 4955 τοῦ
509 4902 644 4956 Θεοῦ
689 4901 786 4956 τοῦ
821 4903 1046 4968 ζῶντος,
1078 4905 1107 4958 6
1153 4901 1364 4974 ἀληθὴς
1411 4901 1565 4967 Θεὸς,
1611 4907 1640 4958 6
1667 4904 1950 4974 γεννηθεὶς

291 5013 312 5028 ο
375 4996 445 5048 ὲκ
504 4995 604 5066 τῆς
655 4996 744 5050 ἀεὶ
781 4994 1056 5067 παρθένου
1117 4995 1340 5066 Μαρίας
1396 4996 1527 5051 ἄνευ
1592 4995 1807 5067 ἀνδρὸς.
1853 4999 1950 5050 καὶ

378 5091 510 5153 Υἱὸς
546 5089 622 5143 ὢν
654 5089 749 5144 τοῦ
803 5089 966 5157 Θεοῦ,
1014 5089 1110 5143 καὶ
1160 5088 1295 5152 Θεὸς
1356 5085 1707 5160 προαιώνιος,
1769 5086 1984 5140 λαόὼνς

380 5183 566 5253 σάρκα
601 5181 664 5248 ιξ
697 5183 892 5254 αὐτῆς,
935 5181 1033 5237 καὶ
1073 5181 1371 5252 γενόμενος
1404 5164 1720 5252 ἄνθρωπος,
1755 5179 1817 5233 ὃν
1852 5178 1954 5232 καὶ

378 5269 709 5340 πιστεύομεν
740 5267 885 5326 εἶναι
935 5271 1070 5325 Θεόν
1111 5287 1168 5324 τε
1207 5269 1307 5346 καὶ
1342 5269 1660 5341 ἄνθρωπον.
1703 5268 1952 5336 Παρελά-

378 5366 548 5436 ϐομεν
581 5366 641 5419 δὲ
688 5365 850 5422 τοῦτο
885 5367 981 5422 καὶ
1019 5366 1382 5438 ἐδιδάχθημεν
1425 5369 1534 5422 ἀπό
1586 5384 1644 5421 τε
1691 5365 1784 5420 τοῦ
1823 5384 1954 5437 προ-

379 5461 551 5530 φήτου
581 5461 886 5528 Μωῦσέως,
929 5459 1026 5516 τοῦ
1065 5461 1253 5528 Δαῦὶδ,
1288 5463 1385 5514 καὶ
1417 5462 1639 5515 πάντων
1667 5463 1776 5515 τῶν
1812 5478 1952 5532 προ-

378 5555 564 5626 φητῶν
599 5554 708 5608 τῶν
753 5557 1055 5625 γεγονότων
1080 5555 1189 5609 ἀπό
1224 5571 1283 5608 τε
1315 5557 1409 5608 τοῦ
1439 5557 1720 5625 Μωῦσὲως
1757 5558 1950 5626 μέχρις

376 5647 446 5700 ἂν
473 5647 605 5719 ἔλθῃ
631 5649 662 5702 6
689 5647 950 5718 Χριστὸς,
973 5648 1002 5701 6
1031 5645 1164 5704 παρ’
1189 5647 1414 5734 ἐκείνων
1445 5649 1945 5720 προφητευόμενος.

447 5830 518 5861 δ”
548 5827 689 5883 Luc.
720 5841 758 5895 ι,
792 5825 973 5881 76-78.
1787 5895 1795 5902 _

2058 4652 2182 4692 esse
2212 4636 2649 4692 sanctissimum.
2701 4632 2813 4690 Nos
2862 4649 2992 4690 vero
3046 4634 3346 4698 credimus,
3377 4626 3667 4691 sentimus.

2057 4738 2112 4784 et
2137 4727 2394 4792 fatemur,
2421 4727 2570 4798 quod
2591 4727 2708 4798 ipse
2745 4727 3020 4792 Christus,
3069 4725 3162 4781 ille
3194 4726 3362 4791 idem,
3390 4726 3641 4796 inquam,

2060 4821 2233 4878 Filius
2267 4821 2340 4878 sit
2375 4821 2470 4876 Dei
2523 4820 2780 4882 viventis,
2834 4819 2981 4875 Deus
3022 4832 3210 4882 verus,
3237 4819 3331 4889 qui
3359 4827 3524 4874 natus
3557 4828 3645 4876 est

2057 4926 2124 4967 ex
2145 4913 2312 4968 Maria
2329 4913 2538 4982 virgine
2565 4913 2685 4968 sine
2706 4912 2808 4967 viri
2829 4923 3152 4982 congressu,
3184 4909 3372 4973 Filius,
3396 4910 3642 4979 inquam,

2059 5005 2156 5060 Dei
2219 5006 2291 5058 sit
2347 5013 2404 5058 et
2465 5004 2610 5058 Deus
2668 5002 2740 5056 ah
2788 5011 3018 5072 aeterno,
3047 5003 3142 5073 qui
3171 5016 3391 5058 carnem
3433 5001 3644 5071 exipso

2057 5097 2438 5167 assumpscrit,
2489 5105 2546 5151 et
2593 5096 2765 5150 homo
2811 5094 2991 5150 factus
3037 5093 3131 5162 sit,
3190 5107 3356 5165 quem
3394 5091 3644 5149 simulet

2061 5193 2232 5246 Deum
2267 5202 2324 5247 et
2370 5191 2652 5246 hominem
2697 5203 2822 5245 esse
2867 5187 3165 5244 credimus.
3221 5187 3348 5242 llaec
3387 5201 3516 5241 vero
3544 5184 3643 5244 de-

2059 5283 2402 5354 sumpsimus
2452 5299 2494 5338 a’
2529 5283 2796 5354 propheta
2842 5282 3013 5346 Mose,
3042 5279 3267 5348 Davidc,
3299 5290 3354 5336 et
3384 5279 3646 5338 omnibus

2065 5374 2208 5438 aliis,
2241 5377 2332 5444 qui
2379 5382 2499 5443 post
2538 5373 2743 5430 Moscm
2775 5387 2947 5442 usque
2971 5371 3044 5439 ad,
3061 5369 3290 5437 Christi,
3315 5371 3407 5440 qui
3434 5369 3504 5426 ab
3533 5369 3648 5427 illis

2060 5467 2358 5537 praedictus
2395 5466 2520 5530 fuit,
2563 5463 2862 5520 adventum
2892 5452 3232 5530 ﬂoruerunt;
3265 5463 3376 5516 imo
3402 5462 3470 5517 ab
3509 5461 3647 5531 ipsil

2057 5559 2222 5612 etiam
2274 5556 2500 5618 sanctis,
2526 5555 2621 5624 qui
2656 5563 2783 5609 ante
2821 5554 2989 5610 Hosis
3029 5563 3271 5625 tempora
3298 5553 3534 5608 visiones
3555 5550 3646 5605 vi-

2058 5646 2294 5714 derunt;
2344 5633 2611 5717 praeterea
2666 5645 2736 5700 ab
2768 5645 2888 5717 ipso
2934 5645 3098 5702 etiam
3127 5643 3372 5710 Christo,
3398 5649 3456 5701 et
3489 5638 3638 5698 illius
