4090 6478
366 429 473 492 419
560 484 563 487 .

1537 408 1863 476 JOANNIS
1903 402 2432 469 CANTACUZENI

3496 404 3607 469 420

366 539 651 612 discipulis
671 547 726 593 et
765 534 1097 595 doctoribus.
1139 530 1418 587 miraculis
1465 540 1519 584 et
1546 530 1803 598 operibus
1826 528 1945 595 ipso

2059 523 2217 575 ’Λλλὰ
2256 522 2320 588 δὴ
2376 523 2468 573 καὶ
2510 520 2615 573 τῶν
2662 520 2767 589 πρὸ
2812 518 2905 572 τού
2959 517 3201 584 Μωσέως
3242 515 3413 588 ἁγίων
3441 559 3456 581 ,
3504 519 3614 570 τῶν

367 636 481 691 sole
507 635 589 703 (ut
628 646 793 698 supra
841 629 1100 691 diximus)
1151 625 1498 679 clarioribus.
1551 623 1693 688 Quin
1726 630 1784 675 et
1824 620 1941 672 hate

366 728 655 782 dicemus:
708 722 1000 788 Postquam
1055 716 1214 783 Virgo
1265 716 1349 784 (ut
1390 714 1551 768 modo
1588 713 1798 767 dictum
1831 708 1948 779 est)

365 816 729 884 concepisset,
768 808 1234 881 appropinquavit
1274 816 1489 876 tempus
1519 811 1709 875 partus
1745 803 1937 873 ipsius,

318 918 324 935 τ
366 920 602 975 cumque
646 906 702 958 in
740 903 1019 957 Bethleem
1052 899 1383 959 devenisset,
1407 896 1683 951 Chrismm
1708 891 1938 962 peperit,

367 1006 423 1052 et
458 993 745 1050 reclinavit
775 1008 901 1047 eum
934 992 986 1044 in
1019 1003 1265 1059 praesepe
1320 987 1632 1041 brutorum.
1656 984 1811 1037 Tunc
1844 983 1944 1036 im-

369 1087 573 1156 pletum
607 1093 692 1138 est
717 1083 859 1152 quod
910 1082 1231 1151 praedictum
1262 1088 1379 1132 erat
1410 1077 1479 1132 ab
1513 1077 1650 1131 Isaia
1676 1076 1942 1144 propheta

368 1174 583 1228 dicente
613 1193 625 1227 :
672 1192 689 1224 ι
722 1173 850 1226 Haec
870 1169 1282 1239 diciQDominus
1313 1185 1325 1221 :
1357 1167 1460 1221 Bos
1475 1166 1696 1233 agnovit
1726 1179 1945 1234 posses-

288 1296 299 1305 ι
371 1280 554 1318 sorem
585 1280 769 1327 suum,
795 1273 850 1317 et
899 1264 1088 1316 asinus
1129 1274 1371 1329 praesepe
1398 1257 1610 1312 Domini
1644 1256 1749 1318 sui,
1780 1255 1945 1310 Israel

370 1362 553 1407 autem
585 1367 669 1405 me
721 1368 829 1405 non
884 1350 1139 1419 cognovit
1169 1349 1235 1401 ³³.
1267 1366 1285 1398 ›
1312 1347 1581 1415 Tempore
1605 1345 1771 1414 igitur
1800 1344 1946 1398 nati-

371 1446 555 1499 v'tatis
580 1442 783 1497 Christi
812 1442 1131 1511 angelorum
1155 1438 1449 1493 multitudo
1476 1437 1694 1493 coalitus
1726 1435 1947 1504 delapsa

372 1546 480 1603 est,
509 1534 850 1589 laudantium
882 1533 1050 1587 Deum
1088 1540 1144 1586 et
1193 1531 1496 1587 dicentium
1525 1546 1541 1584 :
1574 1543 1593 1580 ι
1627 1528 1810 1585 Gloria
1835 1526 1946 1581 Deo

376 1628 428 1682 in
474 1626 728 1689 excelsis,
764 1640 827 1679 ac
880 1624 936 1678 in
988 1630 1139 1678 terra
1175 1639 1299 1693 pax,
1349 1624 1405 1677 in
1456 1621 1769 1676 hominibus
1804 1619 1945 1672 bona

374 1719 644 1773 voluntas.
676 1735 694 1769 ι
725 1715 982 1771 Pastores
1009 1723 1213 1780 autem,
1245 1715 1337 1784 qui
1375 1723 1506 1768 tunc
1540 1726 1758 1784 gregem
1785 1724 1945 1765 suum

376 1820 663 1882 pascentes
694 1808 747 1861 in
784 1807 933 1876 agris
963 1816 1142 1872 erant,
1178 1807 1495 1877 angelorum
1547 1804 1945 1875 apparitionem

2043 614 2398 683 θεασαμένων
2434 613 2532 673 τὰς
2563 612 2854 675 ὀπτασίας,
2889 611 3023 664 ἀλλὰ
3072 613 3169 664 καὶ
3216 611 3274 675 ἐξ
3311 609 3481 664 αὑτοῦ
3514 612 3612 664 τοῦ

2042 704 2306 774 Χριστοῦ,
2352 705 2449 757 καὶ
2484 705 2592 757 τῶν
2627 704 2798 756 αὑτοῦ
2850 702 3111 773 μαθητῶν
3138 720 3198 755 τε
3241 705 3335 756 καὶ.
3364 702 3616 756 διδασκά-

2041 801 2171 861 λων,
2214 798 2311 850 καὶ
2344 796 2451 849 τῶν
2491 794 2795 868 οσαυμάτων
2832 795 2926 846 καὶ
2959 794 3307 865 πραγμάτων
3337 795 3447 846 τῶν
3477 793 3615 863 λαμέ

2042 892 2260 954 ψὰντων
2287 890 2427 959 ὑπὲρ
2454 888 2546 941 τὸν
2576 887 2753 958 ἣλιον,
2783 885 2969 949 καθὼς
3018 886 3330 957 ἔμπροσθεν
3363 885 3610 955 εἴπομεν,

2044 983 2143 1036 καὶ
2176 982 2258 1034 ἔτι
2313 971 2643 1050 λαλήσομεν.
2688 978 3073 1049 Συλλαὸούσης
3098 977 3231 1047 γοῦν
3270 979 3371 1048 τῆς
3405 977 3618 1048 Παρθέ-

2047 1091 2165 1135 νου,
2205 1072 2281 1135 ὡς
2320 1071 2581 1141 ἀνωτέρω
2632 1072 2960 1140 εἰρήκαμεν,
3004 1070 3211 1139 ἐπέστη
3244 1068 3437 1138 καιρὸς
3467 1070 3618 1137 ὁτῆς

2051 1166 2359 1235 γεννήσεως
2413 1163 2622 1231 αὐτῆς,
2689 1165 2787 1216 καὶ
2845 1164 2924 1225 εἰς
2987 1161 3239 1231 Βηθλεὲμ
3302 1160 3616 1215 ἀπελθοῦσα

2045 1260 2078 1328 ή
2137 1256 2415 1328 Παρθένος
2447 1296 2461 1321 ,
2511 1254 2665 1307 ἔτεκε
2716 1256 2809 1309 τὸν
2872 1255 3134 1324 Χριστὸν,
3186 1254 3282 1307 καὶ
3337 1254 3617 1308 ἀνέκλινεν

2048 1346 2213 1402 αὐτὸν
2266 1349 2325 1399 ὲν
2380 1350 2447 1415 τῇ
2491 1347 2671 1418 φάτνῃ
2724 1346 2835 1398 τῶν
2885 1346 3118 1414 ἀλόγων.
3160 1345 3293 1398 Τότε
3323 1343 3616 1415 ἐπληρώθη

2046 1441 2106 1493 τὸ
2170 1441 2333 1511 ῥηθὲν
2389 1440 2477 1493 διὰ
2526 1439 2750 1491 Ἡσαΐου
2800 1438 2894 1491 τοῦ
2956 1439 3244 1509 προφήτου
3306 1437 3606 1505 λέγοντος,

2059 1550 2077 1583 ι
2125 1533 2263 1587 Τάδε
2299 1532 2446 1601 λέγει
2476 1532 2705 1600 Κύριος⁶
2748 1532 2932 1597 Ἔγνω
2966 1530 3097 1601 βοῦς
3130 1531 3221 1582 τὸν
3251 1528 3613 1601 κτησάμενον,

2050 1626 2145 1678 καὶ
2198 1625 2320 1687 ὄνος
2375 1624 2474 1694 τὴν
2528 1626 2740 1692 φάτνην
2787 1622 2882 1675 τοῦ
2947 1621 3134 1691 κυρίου
3167 1620 3353 1686 αὑτοῦ,
3403 1621 3617 1691 Ἰσραὴλ

2050 1716 2108 1768 δέ
2147 1732 2214 1785 με
2240 1715 2341 1767 οὐκ
2373 1714 2537 1781 ἔγνω.
2566 1732 2584 1764 ι
2609 1713 2697 1766 Ἐν
2714 1711 2845 1780 γοῦν
2872 1714 2939 1783 τῇ
2970 1710 3089 1783 ὥρᾳ
3121 1712 3219 1782 τῆς
3256 1711 3352 1764 τοῦ
3382 1710 3618 1780 Χριστοῦ

2053 1807 2359 1876 γεννήσεως
2392 1803 2663 1872 κατῆλθεν
2693 1804 2759 1858 ἐκ
2792 1804 2902 1857 τῶν
2938 1801 3188 1874 οὐρανῶν
3218 1801 3424 1872 πλῆθος
3449 1803 3619 1871 ὰγγέ⁴

374 1872 698 1971 conspicati,
714 1907 771 1953 et
793 1872 999 1953 auditis
1027 1872 1511 1969 illorum'hymnis,
1537 1872 1731 1951 timore
1754 1906 1949 1964 magno

2059 1872 2162 1952 λων
2180 1872 2214 1963 ,⁷
2247 1898 2343 1951 καὶ
2403 1896 2655 1965 ὕμνησαν
2706 1897 2965 1962 λέγοντες
2988 1872 3017 1961 ,ί
3056 1913 3076 1946 ι
3116 1893 3258 1960 Δόξα
3295 1896 3353 1948 ἐν
3382 1895 3647 1963 ὑψίστοις

378 1992 713 2057 timuerunt;
763 1996 819 2044 et
869 1989 1009 2043 dixit
1065 1989 1172 2044 illis
1193 1990 1417 2060 angelus
1449 2004 1465 2043 :
1498 2007 1517 2040 ι
1572 1989 1651 2044 Ne
1688 1987 1947 2043 timentis.

374 2083 514 2136 Ecce
568 2079 839 2151 annuntio
896 2079 1053 2135 vobis
1100 2080 1358 2148 gaudium
1390 2092 1667 2149 magnum,
1696 2078 1839 2149 quod
1870 2078 1953 2132 fus

377 2182 556 2225 turum
592 2180 674 2224 est
706 2169 800 2223 toti
841 2170 1064 2239 populo,
1098 2170 1225 2239 quia
1258 2179 1421 2224 natus
1460 2179 1545 2225 est
1574 2163 1736 2225 nobis
1761 2169 1950 2225 Salva-

378 2282 484 2334 tor,
534 2270 741 2338 quiest
788 2269 1041 2325 Christus
1086 2268 1349 2324 Dominus
1378 2270 1434 2323 in
1487 2269 1709 2324 civitate
1756 2269 1947 2324 David.

375 2357 443 2411 Et
469 2357 572 2411 hoc
598 2357 751 2411 vobis
785 2357 837 2411 in
886 2358 1100 2427 signum
1126 2374 1141 2411 :
1167 2358 1463 2412 Invenietis
1494 2358 1755 2413 infantem
1792 2359 1951 2413 invo-

376 2442 549 2496 lutum
597 2442 802 2505 fasciis,
828 2444 1062 2513 positum
1111 2445 1166 2499 in
1208 2444 1460 2513 pressepi.
1496 2462 1514 2494 ι
1546 2445 1615 2499 Et
1635 2444 1863 2514 profecti
1897 2445 1952 2499 in

378 2531 653 2599 regionem
701 2546 880 2594 suam,
907 2532 1327 2602 divulgaverunt
1377 2532 1560 2587 omnia
1608 2542 1953 2601 qumcunque

378 2617 704 2676 audiverant
740 2625 807 2677 et
853 2618 1105 2675 viderant
1150 2621 1219 2675 de
1263 2618 1470 2691 angelis
1499 2619 1566 2674 ³δ.
1594 2617 1955 2676 Considerate

379 2722 527 2761 nunc
552 2707 683 2776 quid
712 2707 813 2761 sibi
842 2708 973 2762 velit
1015 2707 1084 2762 ab
1113 2708 1320 2778 angelis
1358 2706 1684 2763 decantatus
1716 2709 1998 2778 hymnusm

383 2820 438 2863 et
464 2810 661 2878 oratio,
686 2809 897 2874 dicens,
935 2829 953 2863 ι
978 2810 1159 2866 Gloria
1179 2810 1231 2864 in
1253 2810 1486 2866 execlsis
1500 2811 1612 2866 Deo
1651 2821 1707 2866 et
1728 2812 1785 2866 in
1811 2817 1957 2867 terra

382 2916 508 2969 pax,
547 2900 601 2953 in
661 2900 978 2955 hominibus
1034 2901 1175 2955 bona
1234 2901 1509 2955 voluntas.
1574 2920 1594 2954 ι
1646 2902 1767 2957 Non
1805 2902 1957 2957 aliud

380 3000 551 3053 certe,
578 3007 741 3061 quam
768 2992 914 3063 quod
960 2993 1132 3047 Adam
1184 3005 1468 3063 postquam
1507 2993 1601 3050 Dei
1635 2995 1953 3051 mandatum

382 3091 751 3157 transgressus
785 3093 953 3153 esset,
973 3082 1174 3138 defecit
1203 3083 1273 3137 ab
1296 3083 1444 3139 illius
1474 3086 1639 3140 tutela
1665 3086 1953 3149 Dominus,

378 3183 434 3226 et
470 3172 541 3227 ob
584 3174 723 3230 hanc
748 3190 967 3230 causam
996 3176 1063 3231 ab
1092 3175 1238 3230 illius
1253 3176 1493 3232 amicitia
1527 3182 1707 3234 omnis
1731 3190 1954 3233 creatu-

383 3274 504 3315 tura
565 3265 789 3331 excidit,
824 3266 1097 3336 siquidem
1146 3277 1202 3321 et
1228 3268 1400 3322 Adam
1449 3270 1776 3337 posteritas,
1837 3282 1960 3340 qua:

379 3351 583 3410 divinis
606 3354 819 3425 legibus
849 3356 1123 3410 contraria
1151 3366 1330 3423 erant,
1367 3357 1544 3413 facere
1565 3367 1621 3414 et
1672 3350 1959 3428 designare

380 3446 564 3515 empit.
615 3444 748 3499 Nam
810 3446 973 3515 hujus
1022 3447 1168 3503 filius
1216 3448 1348 3503 Cain
1388 3448 1611 3504 fratrem
1643 3464 1958 3519 germanum

382 3537 519 3591 Abel
588 3536 904 3590 trucidavit.
954 3536 1292 3592 Procedente
1357 3555 1491 3593 vero
1543 3549 1788 3610 tempore
1848 3556 1958 3595 non

383 3609 669 3679 homicidae
735 3626 1076 3684 solummodo
1143 3628 1315 3694 farti,
1379 3639 1437 3684 et
1529 3609 1677 3684 omni
1755 3631 1959 3687 malitia

384 3717 797 3787 petulantiaque
821 3717 1070 3772 homines
1095 3719 1287 3788 repleti
1320 3730 1471 3786 sunt,
1494 3722 1957 3791 quemadmodum

382 3810 500 3864 Noe
567 3809 903 3879 temporibus
963 3810 1268 3866 immissum
1321 3812 1613 3878 diluvium,
1653 3824 1711 3867 et
1742 3804 1971 3871 vivente‘

383 3899 658 3954 Abraham
687 3900 1047 3979 Sgdomorum
1074 3902 1449 3969 subversio,et
1485 3904 1701 3960 caelitus
1721 3906 1967 3962 immissa

384 3990 745 4061 conﬂagratio
805 4002 1097 4059 testantur,
1123 4009 1313 4050 verum
1362 3996 1529 4052 etiam
1563 3997 1676 4052 Deo
1710 4008 1961 4054 creatore

383 4090 441 4135 et
484 4080 785 4137 formatore
832 4098 935 4138 suo
993 4084 1213 4153 penitus
1260 4084 1511 4156 neglecto
1568 4087 1846 4143 diabolum
1902 4097 1963 4144 et

2054 1987 2196 2057 Θεῷ,
2236 1988 2333 2039 καὶ
2370 1986 2463 2039 ἐπὶ
2490 1988 2595 2055 γῆς
2627 1987 2842 2057 εἰρήνη,
2877 1988 2936 2039 ἐν
2981 1985 3294 2057 ἀνθρώποις
3349 1987 3617 2041 εὐδοκία..

2058 2080 2170 2141 Καὶ
2200 2078 2517 2148 εὑρεθέντες
2557 2080 2819 2147 ποιμένες
2859 2078 3244 2147 ποιμαίνοντες
3291 2079 3359 2132 τὰ
3397 2080 3625 2148 ποίμνια

2057 2168 2277 2235 αὐτῶν,
2328 2170 2423 2232 κα)
2474 2169 2679 2231 ἰδόντες
2731 2170 2831 2240 τὴν
2892 2170 3002 2222 τῶν
3041 2170 3289 2238 ἀγγέλων
3336 2170 3626 2234 ὀπτασίαν,

2056 2260 2398 2323 ἀκούσαντες
2430 2259 2488 2313 δὲ
2534 2259 2629 2312 καὶ
2658 2259 2768 2313 τῶν
2811 2252 3001 2330 ὕμνων
3040 2261 3248 2327 αὐτῶν,
3276 2261 3627 2331 ἐφοϐήθησαν

2055 2353 2222 2423 φόϐον
2252 2351 2446 2421 μέγαν.
2466 2347 2596 2405 Bina
2621 2352 2679 2405 δὲ
2707 2352 2844 2421 πρὸς
2902 2352 3100 2416 αὐτοὺς
3129 2354 3157 2406 ό
3188 2353 3441 2421 ἄγγελος,
3485 2371 3504 2400 σ
3535 2352 3627 2422 Μὴ

2057 2442 2335 2511 φοϐεῖσθε.
2381 2443 2513 2497 Ἰδοὺ
2573 2442 3004 2512 εὐαγγελίζομαι
3059 2445 3190 2514 ύμῖν
3228 2444 3409 2515 χαρὰν
3458 2445 3629 2512 μεγά-

2056 2534 2180 2598 λην,
2219 2533 2344 2602 ἦτις
2399 2533 2517 2584 ἐστὶ
2555 2532 2722 2585 παντὶ
2779 2533 2858 2602 τῷ
2906 2533 3045 2603 λαῷ,
3107 2534 3189 2587 ότι
3248 2533 3446 2603 ἐτέχθη
3494 2521 3626 2601 ἡμῖν

2057 2623 2271 2692 Σωτὴρ,
2323 2623 2382 2686 ὃς
2435 2624 2553 2675 ἔστι
2616 2624 2850 2692 Χριστὸς
2902 2624 3110 2694 Κύριος
3163 2625 3223 2678 ιν
3260 2625 3414 2677 πόλει
3444 2625 3627 2678 Δανοεδ.

2058 2713 2339 2768 Ralm-310
2368 2713 2495 2786 ύμῖν
2522 2714 2583 2770 τὸ
2622 2717 2868 2788 σημεῖονη
2897 2715 3169 2789 Eumene
3202 2715 3635 2789 βρέφοςὲστταρ-

2058 2810 2377 2878 γανωμένον
2416 2810 2673 2878 κείμενον
2722 2812 2779 2863 ὲν
2825 2812 3023 2881 φάτνῃ.
3054 2812 3164 2865 Καὶ
3193 2811 3522 2874 ἀπελθόντες
3549 2812 3630 2870 εἰς

2062 2901 2164 2969 τὴν
2204 2898 2389 2969 χώραν
2443 2900 2667 2966 αὐτῶν,
2730 2896 2888 2955 εἴπον
2946 2902 3046 2955 ὅσα
3113 2919 3175 2955 τε
3231 2903 3471 2971 ἥκουσαν
3537 2903 3633 2956 καὶ

2057 2988 2198 3045 εἶδον
2223 2990 2377 3060 παρὰ
2407 2993 2517 3073 τῶν
2547 2991 2818 3061 ἀγγέλων.
2846 3009 2869 3045 ι
2906 2994 3109 3047 Σκόπει
3140 2994 3272 3061 γοῦν
3297 2994 3351 3046 τί
3380 2993 3632 3064 βούλεται

2057 3086 2085 3137 ὁ
2138 3084 2292 3154 παρὰ
2330 3080 2440 3137 τῶν
2476 3084 2728 3152 ἀγγέλων
2778 3084 2949 3154 ’ύμνος
3007 3084 3104 3138 καὶ
3153 3084 3335 3154 λόγος,
3364 3088 3394 3138 ό
3431 3086 3626 3153 λέγων,

2074 3192 2092 3224 ι
2130 3175 2267 3241 Δόξα
2296 3174 2353 3229 ὲν
2386 3174 2631 3243 ὑψίστοις
2663 3174 2806 3243 Θεῷ,
2863 3175 2958 3229 καὶ
3012 3174 3105 3227 ἐπὶ
3153 3173 3258 3244 γῆς
3296 3175 3492 3247 είρξήνη
3520 3213 3535 3239 ,
3571 3176 3635 3227 ιν·

2064 3264 2376 3337 ἀνθρώποις
2392 3264 2634 3318 εὐδοκία.
2665 3283 2684 3315 ›
2708 3264 2874 3318 Οὐδὲν
2902 3264 3156 3335 ἓτερον,ἢ
3180 3266 3262 3319 ὅτι
3289 3265 3636 3335 παραϐάντος

2063 3353 2160 3408 τοῦ
2204 3357 2376 3426 Ἀδὰμ
2406 3357 2508 3426 τὴν
2540 3355 2764 3424 ἐντολὴν
2807 3355 2902 3408 τοῦ
2932 3354 3068 3409 Θεοῦ
3102 3355 3323 3423 ἐγένετο
3352 3357 3432 3418 είς
3469 3356 3635 3409 αύτδν

2064 3447 2455 3518 ὲγκατάλειψις
2500 3447 2618 3501 ίάπὺ
2669 3446 2826 3499 Θεοῦ.
2880 3446 3198 3500 Κάντεῢθεν
3251 3446 3462 3517 ἀπέστη
3532 3446 3633 3515 τῆς

2063 3541 2247 3610 φιλίας
2287 3539 2453 3595 αὐτοῦ
2506 3542 2660 3593 πᾶσα
2711 3540 2909 3602 κτίσις·
2952 3540 3078 3594 ἐπεὶ
3129 3541 3178 3593 οἱ
3211 3539 3276 3592 ἐκ
3309 3539 3406 3592 τοῦ
3457 3539 3632 3608 Ἀδὰμ
3730 3578 3749 3595 κ

2062 3629 2413 3701 γεννηθέντες
2448 3630 2682 3701 ἤρξαντο
2738 3629 3072 3700 ἐργάζεσθαι
3127 3630 3222 3683 καὶ
3260 3630 3522 3699 πράττειν
3563 3630 3632 3681 τὰ

2066 3722 2308 3786 ἐναντία,
2341 3721 2438 3774 καὶ
2476 3721 2506 3773 ό
2534 3720 2727 3773 τούτου
2759 3720 2874 3785 υῑδς
2905 3720 3039 3776 Κάἳν
3077 3721 3339 3789 ἐφόνευσε
3374 3722 3468 3772 τὸν
3496 3722 3634 3774 ἴδιον

2064 3810 2296 3880 ἀδελφὺν
2328 3810 2517 3865 Ἅϐελ.
2549 3809 2844 3881 Προϊόντος
2884 3812 2941 3865 δὲ
2975 3811 3071 3865 τοῦ
3112 3812 3330 3884 καιροῦ,
3373 3813 3436 3866 ού
3470 3812 3635 3884 μόνον

2065 3902 2407 3973 ἀνδροφόνοι,
2441 3905 2537 3956 καὶ
2584 3904 2767 3973 πάσης
2802 3904 3001 3969 κακίας
3052 3906 3151 3959 καὶ
3193 3905 3480 3975 ἀσελγείας
3508 3906 3632 3974 ἐγέ-

2063 4014 2219 4050 νοντο
2256 3995 2684 4067 πεπληρωμένοι
2734 3997 2785 4050 el
2815 3996 3119 4067 ἄνθρωποι,
3146 3998 3330 4063 καθὼς
3357 3999 3386 4052 ό
3417 4000 3509 4052 ἐπὶ
3535 3996 3631 4053 τοῦ

2062 4088 2184 4143 Νῶε
2213 4089 2741 4159 κατακλυσμὸς,ξκαὶ
2758 4089 2853 4141 ἐπὶ
2875 4089 2972 4143 τοῦ
2989 4090 3243 4159 Ἀύραὰμ
3277 4094 3310 4161 ή
3343 4090 3452 4146 τῶν
3482 4091 3635 4144 Σοδό-

385 4173 528 4227 idola
588 4173 993 4242 adoraveruut;
1026 4177 1384 4246 quamobrem
1445 4192 1634 4234 omnes
1694 4188 1955 4237 creatura:

2068 4197 2185 4250 μων
2215 4179 2598 4251 καταστροφὴ,
2633 4183 2728 4235 καὶ
2753 4183 2783 4234 ό
2823 4180 2882 4248 ἑξ
2902 4177 3134 4253 ούρανοῦ
3167 4184 3500 4255 ἐμπρησμὸς
3530 4186 3636 4239 ιδεμ

384 4266 704 4322 defecerunt
756 4267 825 4321 ab
864 4267 1104 4334 homine,
1149 4277 1210 4322 ut
1262 4283 1385 4340 qua:
1433 4270 1586 4326 hunc
1619 4271 1715 4326 Dei
1747 4272 1955 4329 hostem

2068 4273 2248 4339 δαξεν,
2288 4272 2426 4327 ἀλλὰ
2450 4275 2545 4326 καὶ
2577 4273 2857 4337 παντελῶς
2884 4274 3254 4346 ἀθετήσαντες
3296 4275 3387 4330 τόν
3402 4277 3636 4331 Θεδντδν

382 4370 508 4411 esse
551 4357 887 4426 iudicarent.
944 4359 1013 4413 Et
1067 4359 1244 4429 primo
1306 4359 1525 4431 quidem
1588 4361 1690 4431 ipsi
1739 4364 1955 4434 angeli,

2067 4365 2301 4436 ποιητὴν
2333 4362 2425 4418 καὶ
2452 4365 2702 4436 πλάστην
2728 4364 2931 4432 αὐτῶν,
2970 4366 3386 4438 προσεκύνησαν
3410 4367 3489 4438 τῷ
3516 4366 3635 4421 δια-

385 4448 586 4505 deinde
630 4458 685 4504 et
736 4450 853 4520 ipsa
890 4450 1052 4505 bruta
1083 4452 1498 4518 animalia,imo
1545 4463 1602 4507 et
1633 4454 1749 4525 ipsa
1785 4455 1955 4510 inani-

2068 4453 2209 4521 δόλῳ
2234 4455 2330 4507 καὶ
2352 4457 2465 4517 τοῖς
2494 4453 2759 4517 εἰδώλοις.
2798 4454 2911 4515 Καὶ
2950 4454 3042 4508 διὰ
3079 4454 3238 4508 τοῦτο
3267 4454 3421 4511 πᾶσα
3449 4458 3484 4527 ἠ
3515 4455 3636 4510 κτί-

387 4555 530 4599 mata
561 4560 743 4599 rerum
780 4545 1029 4610 materia,
1060 4549 1207 4616 quod
1234 4548 1526 4604 manifesto
1546 4548 1727 4618 colligi
1755 4559 1955 4618 potest.

2071 4565 2154 4611 σις
2185 4544 2511 4615 ἀπεστράφη
2545 4545 2636 4598 τδν
2669 4544 2978 4615 ἄνθρωπον,
3007 4548 3105 4599 καὶ
3136 4545 3331 4616 ἐχθρὸν
3374 4547 3469 4599 τοῦ
3499 4543 3634 4599 Θεοῦ

387 4638 525 4692 Ante
580 4638 1073 4707 transgressionem
1108 4639 1257 4693 enim
1304 4640 1490 4694 omnia
1546 4638 1802 4693 animalia
1853 4648 1955 4694 tam

2068 4634 2323 4705 ἐλογίσθη
2368 4636 2550 4699 αὑτὸν,
2580 4635 2796 4705 πρῶτον
2823 4636 2923 4706 μὲν
2948 4637 2997 4688 οί
3040 4635 3287 4705 ἄγγελοι,
3342 4637 3533 4689 ἔπειτα
3571 4634 3637 4691 τὰ

388 4725 623 4779 volatilia
657 4740 819 4795 quam
844 4726 1222 4796 quadrupeda,
1248 4736 1305 4782 et
1343 4726 1523 4797 pisces
1552 4728 1727 4797 ipsius
1770 4727 1963 4782 Adami

389 4826 619 4880 arbitrio
642 4836 698 4880 et
735 4826 1002 4880 voluntati
1054 4827 1359 4896 parebant;
1397 4835 1519 4898 post
1565 4831 1963 4899 transgressio-

391 4928 513 4979 nem
564 4927 694 4966 vero
726 4928 833 4966 non
910 4913 1073 4966 modo
1135 4913 1307 4969 cmlos
1369 4916 1738 4971 inhabitantes
1787 4916 1963 4986 angeli

389 5001 567 5071 ipsum
620 5019 719 5059 ceu
784 5004 994 5058 hostem
1024 5007 1261 5061 aversati
1296 5016 1446 5071 sunt,
1479 5008 1575 5063 sed
1600 5019 1656 5065 et
1695 5010 1810 5076 ipsa
1840 5009 1963 5063 ani-

392 5091 575 5156 utalia,
606 5106 728 5161 qua:
780 5093 935 5160 prius
988 5092 1180 5147 Adami
1224 5094 1456 5150 arbitrio
1490 5096 1734 5166 subjecta
1760 5107 1957 5164 erant;

392 5186 580 5245 postea
624 5187 809 5231 autem
869 5192 977 5232 nou
1031 5179 1195 5235 modo
1245 5182 1314 5234 ah
1355 5181 1448 5236 illo
1474 5192 1532 5237 et
1552 5182 1868 5240 hominibus
1896 5199 1963 5240 ex

392 5269 482 5322 illo
541 5269 685 5323 natis
725 5267 1102 5340 aufugerunt,
1154 5274 1249 5326 sed
1281 5272 1408 5327 ferae
1455 5274 1629 5343 ipsum
1684 5274 1962 5333 hominem

394 5360 563 5416 hostis
596 5370 651 5416 et
684 5359 890 5416 inimici
924 5356 1044 5417 loco
1063 5362 1367 5430 duxerunt;
1398 5376 1628 5435 etquem
1652 5376 1810 5422 antea
1828 5367 1959 5421 ado-

393 5460 670 5523 raverant,
703 5451 850 5506 illius
873 5452 998 5506 vita:
1045 5464 1333 5523 cazperunt
1381 5456 1649 5510 insidiari.
1682 5455 1785 5511 Sed
1836 5455 1967 5525 quid

393 5558 531 5612 opus
556 5550 640 5596 est
668 5542 859 5597 multis
907 5546 975 5598 de
1012 5545 1241 5614 angelis,
1271 5546 1409 5600 coelo
1440 5556 1496 5600 et
1530 5557 1694 5611 terra,
1723 5548 1971 5601 animali—

396 5630 498 5684 bus
529 5641 585 5684 et
614 5629 746 5684 feris
776 5630 1071 5697 disserere,
1113 5647 1235 5686 cum
1270 5644 1325 5688 ct
1356 5634 1530 5703 ipsum
1580 5634 1817 5691 hominis
1842 5650 1967 5692 cor—

470 5807 514 5839 ”
546 5808 651 5863 Isa.
697 5824 735 5875 I,
767 5810 820 5861 5.
898 5810 939 5841 εἰ
976 5809 1076 5863 Isa.
1107 5827 1166 5880 it,
1200 5811 1388 5867 μοι).

2067 4729 2237 4796 ἄλογα
2292 4727 2428 4791 ζῶα,
2481 4726 2579 4782 καὶ
2635 4728 2668 4798 ή
2714 4728 2921 4797 ἄψυχος
2978 4725 3102 4798 ὕλη.
3152 4727 3264 4781 Καὶ
3319 4729 3476 4799 δῆλον
3531 4729 3638 4784 ἀπὸ

2065 4817 2282 4881 τούτου,
2314 4815 2398 4869 ὃτι
2454 4817 2632 4869 πάντα
2682 4814 2752 4867 τὰ
2794 4813 2934 4881 ζῶα,
2971 4815 3041 4868 τά
3074 4832 3133 4868 τε
3182 4818 3430 4881 πετεινὰ,
3465 4817 3534 4871 τά
3580 4834 3639 4870 τε

2068 4905 2398 4977 τετράποδα,
2456 4906 2552 4958 καὶ
2606 4905 2658 4958 ol
2710 4904 2917 4974 ἰχθύες,
2969 4906 3079 4976 πρὸ
3133 4907 3232 4977 τῆς
3272 4909 3642 4978 παραϐάσεως

2073 4995 2355 5060 παντελῶς
2402 4997 2721 5066 εὑρίσκοντο
2778 4996 3127 5056 ὑπακούοντα
3184 4998 3263 5068 τῷ
3318 4999 3416 5053 τοῦ
3472 5000 3643 5069 ’Δδὰμ

2073 5087 2362 5159 θελήματι.
2399 5087 2559 5141 Μετὰ
2583 5087 2639 5140 δὲ
2670 5089 2769 5157 τὴν
2801 5088 3114 5159 παράϐασιν
3142 5090 3203 5143 ού
3227 5089 3390 5159 μόνον
3409 5093 3458 5143 οἱ
3486 5093 3545 5143 ἐν
3568 5091 3645 5161 τῷ

2069 5180 2285 5250 ούρανῷ
2314 5180 2700 5250 εὑρισκόμενοι
2736 5178 2958 5247 ἄγγελοι
2982 5181 3060 5244 ὡς
3088 5182 3285 5253 ἐχθρόν
3317 5181 3482 5236 αὐτὸν
3505 5182 3647 5235 ἀπει-

2076 5275 2422 5344 στράφησαν,
2453 5272 2591 5325 ἀλλὰ
2624 5273 2722 5327 καὶ
2749 5272 2819 5326 τὰ
2854 5274 2993 5338 ζῶα,
3031 5272 3191 5328 ἅτινα
3235 5276 3501 5346 πρότερον
3545 5276 3646 5327 b1:-

2077 5364 2290 5417 έκειντο
2326 5363 2426 5432 μὲν
2452 5362 2531 5432 τῷ
2562 5362 2656 5415 τοῦ
2702 5363 2875 5433 Ἀδὰμ
2904 5364 3194 5433 θελήματι,
3246 5364 3472 5433 ὕστερον
3501 5364 3556 5417 δὲ
3581 5365 3647 5417 ού

2079 5452 2240 5522 μόνον
2271 5451 2502 5519 ἔφευγον
2540 5452 2636 5506 ἀπ’
2675 5452 2841 5505 αὐτοῦ
2874 5454 2969 5505 καὶ
3011 5452 3120 5505 τῶν
3154 5454 3211 5519 ἐξ
3252 5454 3419 5507 αὐτοῦ
3450 5468 3646 5523 γεννη-

2077 5543 2278 5597 οὲντων
2308 5543 2634 5611 ἀνθρώπων,
2685 5543 2823 5596 ἀλλὰ
2874 5544 2968 5597 καὶ
3012 5544 3082 5598 τὰ
3124 5545 3292 5614 Θηρία
3326 5545 3402 5608 ὡς
3453 5544 3649 5615 ἐχθρὸν

2080 5636 2174 5688 καὶ
2212 5634 2472 5704 πολέμιον
2511 5634 2741 5691 ἔϐλεπον
2796 5635 2888 5688 τὸν
2925 5636 3250 5706 ἄνθρωπον*
3292 5637 3389 5691 καὶ
3417 5636 3477 5690 ὃν
3514 5636 3650 5707 πρό-
