4090 6490
372 422 474 494 421

1332 421 1632 485 CONTRA
1678 414 2169 481 MAHOMETEM
2211 417 2601 479 APOLOGIA
2645 412 2699 480 Ι.

3535 409 3646 484 4ΞΞ

374 540 533 616 τερον
586 540 978 612 προσεκύνουν,
1034 539 1262 609 ὕστερον
1313 539 1662 594 ἀπέκτεινον.
1720 537 1831 590 Καὶ
1870 535 1952 600 τίς

2058 549 2161 604 pus
2236 533 2504 593 adversus
2585 540 2822 595 animam
2888 540 3035 596 iltius
3106 539 3508 596 insurrexerit?
3583 542 3652 596 Et

372 636 533 706 χρεία
569 634 755 699 λέγειν
784 633 914 704 περὶ
934 632 1189 701 ἀγγέλων
1214 629 1449 703 οὐρανοῦ
1487 645 1547 681 τε
1580 628 1675 680 καὶ
1714 627 1817 697 τῆς
1850 625 1949 679 καὶ

372 726 526 791 ζώων
577 729 671 780 καὶ
711 727 955 797 θηρίων;
1001 724 1145 779 Αὐτὸ
1193 725 1256 777 τὸ
1302 722 1400 776 τοῦ
1450 720 1740 792 ἀνθρώπου
1791 720 1951 789 σῶμα

370 820 643 887 ἐπανέστη
690 820 835 871 κατὰ
866 818 966 887 τῆς
1003 816 1184 888 ψυχῆς
1235 813 1424 881 αὐτοῦ,
1477 814 1570 866 καὶ
1607 806 1719 866 οἷον
1762 810 1952 881 ὥσπερ

372 912 536 965 τινῶν
580 913 674 965 δύο
704 910 915 983 ἐχθρῶν
953 911 1048 964 καὶ
1086 909 1371 981 πολεμίων
1405 905 1740 978 εὑρεθέντων
1779 907 1839 958 ἐν
1872 906 1953 957 ἐνὶ

371 1006 531 1077 οίκῳ,
565 1005 661 1057 καὶ
689 1003 1020 1074 μαχομένων
1062 1002 1201 1073 πρὸς
1239 999 1529 1071 ἀλλήλους,
1569 997 1699 1069 νικᾷ
1734 998 1762 1050 ὁ
1803 997 1953 1065 ἰσχυ-

373 1096 594 1166 ρότερος
618 1111 632 1126 ·
665 1094 841 1157 οὕτως
875 1089 944 1164 ἧν
978 1093 1271 1164 μαχομένη
1307 1091 1402 1144 καὶ
1429 1091 1461 1160 ἡ
1494 1088 1640 1159 ψυχὴ
1675 1087 1816 1157 μετὰ
1843 1086 1953 1139 τῶν

371 1186 702 1256 σωματικῶν
740 1184 1055 1256 ἐπιθυμιῶν
1093 1201 1152 1238 τε
1203 1186 1296 1236 καὶ
1350 1181 1608 1252 ὀρέξεων.
1651 1177 1793 1233 Ἀλλ’
1826 1177 1954 1249 ἔρη-

374 1295 472 1348 μος
503 1277 638 1330 οὖσα
672 1279 705 1347 ἡ
741 1276 889 1348 ψυχὴ
929 1277 1030 1347 τῆς
1061 1276 1156 1328 τοῦ
1193 1272 1336 1327 Θεοῦ
1366 1272 1647 1343 βοηθείας,
1691 1271 1952 1353 ὑπέκειτο

372 1371 450 1440 τῷ
476 1358 713 1438 σώματι,
755 1370 849 1423 καὶ
880 1369 913 1438 ἡ
944 1368 1100 1435 τάξις
1130 1367 1568 1435 ἀπέστραπται,
1626 1365 1721 1418 καὶ
1754 1364 1787 1434 ἡ
1817 1365 1953 1436 πρό-

370 1477 425 1511 τε
438 1476 530 1530 ρον
565 1460 830 1513 δέσποινα
878 1459 1352 1529 δημιουργηθεῑσα
1385 1456 1615 1528 ὕστερον
1649 1455 1812 1524 δούλη
1859 1453 1951 1509 καὶ

374 1551 693 1621 θεραπαινὶς
724 1549 834 1603 τῶν
868 1548 1076 1621 ἡδονῶν
1099 1549 1483 1619 ἀναφαίνεται.
1526 1549 1589 1601 Ἠ
1615 1548 1672 1602 δὲ
1691 1546 1787 1601 τοῦ
1817 1546 1952 1620 Χρι-

375 1645 501 1694 στοῦ
531 1642 811 1712 γέννησις,
848 1640 971 1711 ἢτοι
1011 1643 1045 1712 ἡ
1079 1638 1173 1695 τοῦ
1207 1640 1339 1695 Υἱοῦ
1383 1638 1476 1693 τοῦ
1514 1638 1652 1693 Θεοῦ
1681 1638 1953 1710 ὲνανθρώ-

376 1749 564 1801 πησις,
598 1734 781 1802 ἥνωσε
811 1734 884 1786 τά
913 1750 973 1787 τε
1018 1734 1079 1786 ἐν
1105 1733 1342 1804 οὐρανῷ,
1387 1726 1457 1786 τά
1484 1749 1545 1786 τε
1574 1731 1668 1786 ἐπὶ
1695 1734 1794 1802 τῆς
1822 1732 1947 1804 γῆς.

376 1826 489 1878 Καὶ
522 1825 724 1887 ἰδόντες
754 1825 806 1879 oi
842 1825 1072 1893 ἄγγελοι
1107 1825 1206 1895 τὴν
1237 1824 1332 1878 τοῦ
1368 1823 1506 1878 Θεοῦ
1556 1824 1773 1894 ἄφατον
1815 1840 1950 1893 συγ-

376 1912 705 1979 κατάὁασιν,
767 1913 849 1967 ὅτι
902 1914 1039 1977 Θεὸς
1084 1911 1159 1966 ὣν
1207 1912 1368 1967 ἔλαὸε
1409 1912 1595 1983 σάρκα
1636 1912 1708 1965 δι’
1740 1911 1951 1966 οἰκείαν

373 2005 709 2076 ἁγαθότητα,
743 2007 841 2059 καὶ
892 2008 996 2076 τὴν
1049 2005 1253 2077 ἐχθρὰν
1307 2005 1473 2074 φύσιν
1522 2004 1618 2058 τοῦ
1656 2006 1951 2075 ἀνθρώπου

376 2097 472 2150 καὶ
505 2099 658 2152 κάτω
687 2098 954 2171 κειμένην
1017 2097 1313 2153 ἀνελάὸετο
1339 2085 1435 2154 καὶ
1465 2099 1645 2169 ῆνωσε
1683 2102 1750 2170 τῇ
1786 2101 1953 2159 αὐτοῦ

375 2187 609 2260 θεότητι,
643 2192 738 2244 καὶ
771 2191 972 2260 ἡγίασε
1004 2192 1099 2244 καὶ
1146 2189 1333 2260 ὓψωσε
1364 2206 1380 2224 ⁵
1429 2191 1593 2246 τοῦτο
1625 2192 1953 2264 θεασάμενοι

375 2284 422 2334 οἱ
460 2282 706 2351 ἄγγελοι,
759 2285 854 2336 καὶ
909 2282 1318 2351 θαυμάσαντες,
1349 2283 1443 2338 καί
1484 2284 1862 2352 ἐκπλαγέντες
1893 2287 1954 2338 τὸ
1988 2358 1999 2365 κ

379 2374 520 2444 μέγα
547 2374 709 2428 τοῦτο
760 2375 857 2427 καὶ
905 2375 1148 2441 ἐξαίσιον
1198 2374 1409 2445 θαῦμα,
1458 2374 1556 2429 καὶ
1609 2375 1750 2448 ὑπὲρ
1789 2376 1955 2447 φύσιν

377 2467 627 2534 πρᾶγμα,
676 2466 911 2538 ἐϐόησαν
939 2466 1263 2539 δοξάσαντες
1309 2467 1400 2520 τὸν
1429 2468 1588 2533 Θεὸν,
1627 2469 1724 2521 καὶ
1774 2467 1951 2532 εἷπον.

380 2578 401 2611 ε
430 2559 567 2623 Δόξα
588 2560 647 2612 ἐν
679 2558 920 2628 ὑψίστοις
947 2559 1088 2630 Θεῷ.
1113 2579 1133 2612 ι
1153 2558 1373 2625 Ἰδόντες
1392 2560 1447 2614 δὲ
1467 2561 1605 2629 μετὰ
1619 2561 1727 2615 τῶν
1749 2562 1959 2634 ἀνθρὼ-

377 2663 492 2699 πων
521 2646 716 2701 ἕνωσιν
742 2647 855 2701 τῶν
885 2650 1158 2717 ἀγγέλων,
1200 2650 1298 2702 καὶ
1327 2650 1429 2719 τὴν
1477 2651 1838 2723 πολυχρόνὲον
1868 2653 1956 2724 ἔχ-

374 2740 509 2808 Θραν
529 2738 801 2805 λυθεῖσαν,
822 2734 995 2808 εἷπον,
1029 2759 1049 2795 ι
1071 2741 1197 2794 Ἐπὶ
1215 2742 1318 2813 γῆς
1339 2742 1552 2814 εἰρήνη,
1570 2745 1630 2797 ἐν
1648 2743 1959 2816 ἀνθρώποις
1980 2766 1983 2769 ·

380 2829 621 2884 εὐδοκία.
679 2849 700 2884 ι
733 2833 844 2886 Καὶ
871 2831 1165 2903 ἐπληρώθη
1184 2834 1222 2903 ἡ
1262 2834 1360 2887 τοῦ
1379 2834 1548 2890 Δασὶδ
1583 2837 1892 2908 προφητεία
1921 2840 1956 2908 ἠ

372 2921 631 2991 λέγουσα,
676 2942 696 2976 ι
746 2925 1249 2995 Εὐφραινίσθωσαν
1281 2928 1332 2980 oi
1373 2927 1620 3000 οὐρανοὶ,
1662 2931 1759 2983 καὶ
1787 2930 1960 3000 ἀγαλ-

373 3012 582 3066 λιάσθω
620 3016 654 3083 ἠ
710 3015 805 3085 γῆ.
853 3014 1217 3086 ’Δνήγγειλαν
1247 3020 1311 3072 ei
1347 3018 1572 3090 οὐρανοὶ
1614 3020 1714 3091 τὴν
1749 3020 1959 3075 δικαιο-

377 3103 543 3173 σύνην
592 3104 758 3160 αὐτοῦ
787 3145 803 3170 ,
873 3109 969 3161 καὶ
1018 3108 1238 3163 είδοσαν
1309 3109 1512 3174 πάντες
1570 3111 1619 3165 οἰ
1688 3111 1808 3166 λαοὶ
1863 3111 1962 3183 τὴν

370 3195 530 3260 δόξαν
558 3197 749 3253 αὐτοῦ.
773 3198 1195 3271 Προσκυνήσατε
1208 3202 1379 3273 αὐτῷ,
1405 3203 1605 3267 πάντες
1623 3203 1844 3272 ἄγγελοι
1865 3206 1962 3260 αὐ-

2062 623 2528 692 quemadmodum
2574 629 2685 684 duo
2734 629 3092 686 infcnsiésimi
3120 630 3305 687 hostes
3341 647 3447 685 una
3483 632 3650 685 domn

2059 716 2340 787 conjuncti
2397 733 2610 788 pugnas
2657 730 2881 776 movent
2929 729 3170 786 mutuas,
3219 736 3250 776 e
3299 720 3501 791 quibus
3553 723 3649 790 qni

2057 805 2274 863 viribus
2306 810 2658 878 praestantior
2687 819 2793 877 est,
2824 810 3054 867 victoria
3086 812 3327 883 potitur;
3369 812 3452 867 sic
3480 811 3648 866 etiam

2058 897 2237 951 anima
2296 913 2423 954 cum
2478 901 2730 970 corporis
2798 901 3087 957 atl‘cCtibus
3141 910 3199 957 et
3251 904 3495 973 appetitu
3551 918 3655 971 pu-

2059 998 2232 1055 gnans
2267 986 2663 1057 congreditur;
2713 1003 2838 1043 cum
2876 997 3062 1043 autem
3120 989 3292 1059 ipsius
3320 988 3414 1044 Dei
3449 988 3654 1044 auxilio

2060 1071 2322 1128 destituta
2372 1073 2464 1138 sit,
2514 1074 2736 1145 corpori
2785 1074 3115 1142 succumbit,
3175 1085 3473 1146 rerumque
3514 1076 3653 1131 0rd"

2060 1163 2375 1231 invertitur,
2413 1174 2472 1219 ut
2517 1181 2641 1236 quae
2690 1165 2847 1237 prius
2900 1167 3121 1221 domina
3151 1169 3565 1238 erateorporis,
3596 1178 3646 1221 et

2059 1257 2350 1328 imperium
2404 1258 2719 1322 exercebat,
2752 1258 2805 1312 in
2862 1269 3149 1330 posterum
3190 1275 3349 1316 serva
3412 1269 3470 1315 et
3497 1262 3643 1316 volu-

2061 1353 2267 1411 ptatum
2314 1345 2649 1415 mancipium
2697 1345 2837 1401 facta
2891 1344 2983 1402 sit.
3029 1345 3234 1402 Christi
3267 1357 3451 1402 autem
3482 1362 3652 1417 gene-

2061 1437 2203 1492 ratio
2229 1446 2285 1492 et
2306 1436 2433 1509 Filii
2465 1438 2560 1493 Dei
2613 1437 2920 1493 incarnatio
2964 1438 3147 1493 univit
3179 1453 3241 1492 ea
3271 1453 3392 1508 qua:
3426 1439 3481 1493 in
3513 1438 3654 1494 ett-lo

2058 1542 2113 1586 et
2139 1533 2192 1584 in
2220 1540 2366 1585 terra
2398 1540 2548 1585 sunt.
2584 1530 2777 1602 Angcli
2804 1531 2988 1602 itaque
3020 1531 3273 1587 videntes
3309 1532 3654 1586 inenarrabic

2059 1618 2166 1673 lem
2216 1619 2370 1673 illum
2422 1618 2594 1673 Deum
2645 1618 2995 1682 descensum,
3039 1617 3185 1689 quod
3233 1618 3447 1673 scilicet
3478 1619 3525 1673 is
3552 1619 3649 1689 qui

2004 1713 2008 1716 ‘
2060 1705 2207 1760 Deus
2239 1714 2381 1770 erat,
2409 1714 2638 1777 prepter
2666 1709 2908 1763 innatam
2941 1708 3046 1764 sibi
3091 1708 3397 1787 bOnitatcm
3422 1724 3649 1765 carnem

2059 1807 2387 1861 assumeret,
2413 1808 2472 1855 et
2504 1798 2786 1855 inimicam
2845 1800 3247 1872 adversamque
3295 1799 3404 1856 sibi
3460 1802 3517 1855 in
3549 1801 3651 1855 ho—

1985 1896 2024 1948 B
2056 1891 2205 1944 mine
2260 1889 2599 1947 habitantem
2658 1899 2912 1947 naturam
2966 1892 3464 1964 assumptam,sihi
3522 1910 3649 1949 cum

2054 1981 2347 2039 divinitate
2404 1985 2610 2050 uniret,
2657 1985 3033 2040 sanetiiiearet
3075 1995 3132 2041 et
3183 1979 3480 2053 exaltaret;
3522 1984 3649 2054 hoc,

2056 2070 2305 2145 inquam,
2327 2060 2581 2128 videntes
2618 2074 2822 2144 angeli,
2862 2072 3139 2144 stupenda
3165 2075 3273 2132 hoc
3305 2075 3569 2130 miraculo
3596 2084 3653 2127 et

2054 2188 2273 2229 omnem
2300 2184 2561 2231 naturam
2592 2192 2995 2256 exsuperante,
3032 2180 3087 2235 in
3129 2179 3558 2255 admirationem
3595 2187 3653 2232 et

2056 2286 2345 2345 stuporem
2423 2278 2604 2347 rapti,
2657 2278 3110 2336 exclamaverunt
3167 2279 3234 2335 ad
3306 2279 3404 2336 Dei
3454 2279 3653 2335 laudes

2055 2367 2432 2436 celebrandas,
2457 2380 2514 2426 et
2536 2369 2799 2428 dixerunt
2825 2392 2839 2428 :
2868 2391 2885 2424 ι
2914 2371 3096 2428 Gloria
3129 2373 3180 2427 in
3201 2373 3432 2429 excelsis
3458 2372 3589 2427 Deo.
3629 2393 3646 2423 ι

2057 2461 2319 2518 Videntes
2341 2464 2505 2518 etiam
2541 2463 2830 2520 hominum
2880 2481 3005 2522 cum
3056 2466 3264 2539 angelis
3291 2468 3649 2524 concordiam

2053 2559 2165 2629 jam
2196 2558 2597 2628 conﬁrmatam,
2634 2570 2691 2617 et
2729 2561 3004 2619 sublatam
3049 2578 3171 2620 esse
3196 2561 3466 2619 diutinam
3502 2563 3652 2618 illam

2060 2654 2433 2720 inimicitiam,
2466 2655 2749 2721 dixerunt,
2781 2673 2799 2707 ‹
2831 2654 2890 2711 1η
2917 2664 3060 2711 terra
3086 2671 3213 2727 pax,
3248 2668 3304 2712 et
3333 2656 3653 2711 hominibus

2062 2743 2206 2798 bona
2253 2744 2529 2800 voluntas.
2561 2765 2581 2799 ›
2614 2745 2772 2803 Unde
2839 2745 3130 2816 impletum
3178 2756 3263 2801 est
3310 2746 3442 2801 illud
3497 2746 3656 2800 Davi-

2062 2835 2152 2890 dis
2179 2837 2490 2900 oraculum,
2514 2838 2708 2893 dicens
2740 2855 2754 2892 :
2785 2860 2804 2891 ι
2842 2824 3125 2895 [ιᾶυιειιιυέ
3150 2840 3300 2905 caeli,
3328 2849 3386 2896 et
3416 2841 3655 2897 exsultet

2063 2935 2228 2979 terra.
2251 2925 2739 2983 Annuntiaverunt
2781 2928 2908 2984 (ιωιὶ
2934 2929 3208 3001 justitiam
3240 2928 3380 3001 ejus,
3416 2940 3472 2984 et
3503 2930 3655 2984 vidc-

2063 3024 2192 3069 runt
2229 3030 2422 3072 omnes
2481 3017 2670 3088 populi
2702 3018 2928 3087 gloriam
2992 3019 3204 3090 ipsius;
3242 3019 3468 3075 adorate
3494 3036 3649 3080 eum.
3702 3012 3713 3021 ’

2064 3120 2256 3161 onmes
2302 3106 2481 3176 angeli
2515 3107 2656 3177 ejus.
2705 3105 2917 3163 Slontes
2945 3098 3249 3180 tripudient
3294 3124 3325 3163 a
3354 3120 3651 3180 conspectu

2065 3196 2582 3268 Domini,quoniam
2616 3202 2785 3266 venit,
2818 3200 3078 3271 quoniam
3111 3201 3263 3255 venit
3302 3200 3368 3255 ad
3401 3200 3654 3273 judican-

371 3289 469 3341 τοῦ
501 3329 517 3354 ,
558 3291 626 3345 τὰ
678 3291 780 3362 ὅρη
839 3291 1263 3360 ἁγαλλιάσονται
1307 3296 1418 3348 ἀπ’)
1481 3295 1776 3366 προσώπου
1833 3299 1953 3353 Κυ-

2057 3288 2188 3344 dum
2218 3298 2438 3344 terram.
2465 3289 2751 3347 Judicabit
2781 3300 2983 3346 terram
3016 3292 3070 3346 in
3108 3292 3347 3363 justitia,
3385 3299 3441 3347 et
3468 3307 3649 3363 p0pu-

377 3382 536 3452 ρίου,
583 3385 665 3437 ὅτι
717 3384 984 3454 ἔρχεται,
1045 3384 1128 3439 ὅτι
1170 3388 1398 3457 ἔρχεται
1462 3391 1648 3460 κρῖναι
1687 3390 1789 3462 τὴν
1826 3393 1951 3462 γῆν

375 3478 556 3543 κρινεί
587 3477 686 3547 τὴν
716 3479 1049 3550 οἰκουμένην
1091 3479 1152 3533 ὲν
1182 3479 1528 3553 δικαιοσύνῃ,
1555 3482 1655 3535 καὶ
1691 3483 1860 3546 λαοὺς
1894 3484 1955 3537 ὲν

375 3565 653 3638 εὐθύτητι.
700 3586 723 3620 ι
772 3566 974 3621 Σκόπει
1026 3568 1355 3639 συμφωνίαν
1391 3573 1691 3641 προφητῶν
1722 3572 1819 3627 καί⁵
1856 3575 1959 3642 ἀγ·

378 3655 570 3724 γέλων.
601 3657 817 3730 Ὥσπερ
839 3676 892 3711 τι
921 3658 1083 3730 μέλος
1111 3660 1373 3730 μουσικὸν
1402 3662 1729 3734 ἐναρμόνιον
1756 3659 1909 3719 εἶπεν
1929 3665 1958 3718 ὁ

383 3749 698 3822 Προφήτης,
737 3768 757 3802 ι
791 3750 1283 3823 Εὐφραινέσθωσαν
1307 3755 1356 3807 οἰ
1384 3755 1640 3826 οὐρανοί·
1675 3773 1695 3808 ι
1725 3752 1880 3810 εἷπον
1907 3758 1957 3812 oi

375 3844 616 3914 ἄγγελοι,
654 3865 674 3899 ι
705 3846 842 3911 Δόξα
863 3848 920 3899 ἑν
936 3846 1179 3917 ὑψίστοις
1196 3847 1334 3919 Θεῷ.
1365 3866 1385 3900 ›
1411 3844 1579 3907 Εἶπεν
1595 3849 1624 3903 ό
1639 3849 1957 3923 Προφήτης,

384 3955 402 3987 ι
434 3938 540 3992 Καὶ
570 3938 961 4011 ἀγαλλιάσθωὴ
991 3943 1086 4011 γῆ·
1119 3959 1138 3994 ι
1169 3938 1325 3996 εἷπον
1352 3942 1402 3996 οξ
1423 3941 1668 4012 ἄγγελοι,
1697 3960 1716 3994 ι
1735 3943 1849 3997 Καὶ
1866 3943 1960 3997 ἐπὶ

376 4028 477 4096 γῆς
493 4030 704 4100 εἰρήνη,
723 4031 781 4083 ὲν
801 4030 1111 4102 ἀνθρώποις
1139 4033 1377 4088 εὐδοκία.
1407 4052 1427 4086 ι
1460 4034 1688 4106 Ὅμοιον
1702 4035 1759 4088 δὲ
1787 4034 1961 4106 τούτῳ

376 4120 492 4171 ἐστί
516 4120 601 4187 τὸ,
633 4139 652 4172 ι
676 4121 1028 4192 Ἀνήγγιιλαν
1052 4126 1101 4179 οἰ
1123 4127 1342 4196 οὐρανοὶ
1364 4114 1465 4196 τὴν
1487 4127 1836 4198 δικαιοσύνην
1859 4128 1959 4180 αὐ-

377 4210 492 4278 τοῦ,
539 4217 631 4266 καὶ
664 4213 882 4267 είδοσαν
935 4214 1138 4278 πάντες
1175 4217 1222 4269 οἰ
1253 4217 1370 4270 λαοὶ
1400 4217 1500 4288 τὴν
1523 4218 1680 4283 δόξαν
1713 4219 1899 4272 αὐτοῦ.
1935 4238 1954 4270 ι

380 4303 490 4363 Καὶ
528 4304 556 4354 ὁ
604 4306 703 4375 μὲν
752 4295 1003 4377 Μώῦσῆς
1032 4305 1211 4372 εἶπεν,
1251 4327 1270 4361 ‹
1309 4309 1688 4380 Εὐφράνθητε,
1714 4310 1959 4380 οὐρανοὶ,

379 4393 494 4463 ἅμα
518 4395 688 4467 αὐτῷ,
716 4399 1136 4470 προσκυνήσατε
1165 4400 1337 4470 αὐτῷ,
1379 4402 1581 4466 πάντες
1612 4402 1835 4470 ἄγγελοι
1859 4402 1962 4455 αὐ-

379 4484 508 4537 τοῦ·
538 4504 557 4537 ι
598 4489 625 4541 ὐ
670 4487 730 4542 δὲ
780 4490 947 4543 Δαόὶδ
974 4491 1197 4557 οὑτωσὶ,
1246 4509 1266 4543 ι
1317 4493 1741 4563 Προσκυνήσατε
1788 4482 1960 4566 αὐτῷ,

382 4578 577 4642 πάντες
600 4579 823 4649 ἄγγελοι
845 4580 1036 4648 αὐτοῦ,
1055 4596 1079 4636 ι
1103 4583 1301 4648 οἵτινες
1320 4581 1752 4653 προσκυνοῦντες
1776 4583 1962 4654 ελεγον

2056 3380 2142 3437 los
2167 3382 2219 3436 in
2243 3382 2500 3453 atquitate
2517 3383 2583 3438 ³⁸.
2617 3403 2636 3437 ι
2665 3384 2921 3453 Respice,
2942 3398 3148 3454 quaeso,
3168 3384 3566 3456 prophetarum
3597 3394 3654 3440 et

2057 3472 2379 3543 angelorum
2451 3475 2906 3541 consonantiam,
2952 3473 3183 3530 carmini
3242 3475 3456 3530 musico
3508 3476 3653 3531 bene

2056 3566 2415 3622 eoneordanti
2462 3567 2722 3623 similem.
2778 3567 3058 3639 Propheta
3081 3566 3228 3622 enim
3268 3566 3447 3623 dicit:
3480 3586 3499 3621 ‹
3532 3566 3653 3622 ch-

2059 3665 2246 3713 tentur
2282 3657 2440 3724 cmli;
2479 3678 2498 3711 ι
2529 3668 2585 3715 et
2636 3659 2816 3731 angeli
2857 3668 3085 3725 canunt,
3133 3676 3154 3712 ι
3210 3658 3398 3718 Gloria
3452 3659 3565 3718 Deo
3596 3663 3653 3718 in

2018 3804 2025 3812 λ
2061 3748 2317 3804 excelsis.
2354 3767 2372 3801 ι
2403 3749 2683 3821 Propheta
2722 3750 2880 3819 dicit,
2917 3770 2935 3804 ι
2986 3752 3245 3810 Exsuitet
3291 3763 3475 3821 terra;
3516 3773 3534 3806 ι
3563 3771 3656 3809 ea-

2064 3852 2207 3896 nunt
2234 3842 2436 3912 angeli,
2474 3860 2493 3894 ‹
2527 3841 2605 3898 Ac
2643 3843 2700 3899 in
2739 3850 2885 3899 terra
2913 3858 3038 3914 pax,
3070 3845 3124 3899 in
3156 3844 3478 3901 hominibus
3510 3846 3654 3901 bona

2063 3934 2335 3990 voluntas.
2371 3953 2390 3986 ι
2439 3933 2661 4001 Quibus
2699 3935 2864 3991 etiam
2916 3935 3025 3990 hoc
3073 3950 3186 3991 non
3220 3935 3489 3993 dissimile
3517 3948 3600 3994 est
3636 3955 3651 3994 :

2068 4045 2087 4079 ‹
2120 4025 2611 4082 Annuntiaverunt
2641 4027 2763 4083 εαξΙί
2795 4027 3065 4100 justitiam
3098 4027 3298 4098 ipsius,
3320 4037 3376 4084 et
3395 4028 3655 4086 viderunt

2064 4132 2257 4173 omnes
2284 4117 2472 4189 populi
2504 4116 2734 4187 gloriam
2765 4117 2909 4189 ejus.
2935 4136 2954 4169 ι
2986 4116 3131 4185 Quin
3161 4128 3217 4174 et
3252 4118 3434 4176 Moses
3467 4119 3608 4175 dixit
3636 4135 3651 4174 :

2070 4232 2089 4265 ι
2122 4210 2403 4269 Exsultate
2428 4225 2553 4266 eum
2588 4226 2677 4279 eo,
2719 4212 2869 4279 coeli,
2898 4211 3127 4269 adorato
3153 4228 3305 4282 eum,
3333 4230 3528 4271 omnes
3556 4232 3655 4272 an-

2063 4303 2170 4375 geli
2196 4304 2347 4374 ejus;
2397 4322 2415 4355 »
2454 4302 2621 4358 David
2654 4318 2785 4359 vero
2810 4303 2894 4359 sic
2926 4321 2941 4358 :
3005 4323 3023 4356 ‹
3050 4301 3288 4361 Adbrate
3341 4321 3493 4373 eum,
3553 4325 3655 4364 an.

2062 4396 2167 4466 geli
2191 4395 2341 4464 ejus;
2369 4412 2389 4447 ›
2424 4394 2520 4464 qui
2548 4393 2808 4465 equidem
2827 4395 3126 4452 adorantes
3149 4396 3434 4465 dixerunt,
3473 4417 3492 4452 ι
3525 4400 3654 4455 Glo-

2065 4486 2146 4539 ria
2178 4485 2292 4541 Deo
2322 4485 2376 4540 in
2407 4485 2712 4542 excelsis.»
2771 4486 2890 4554 Qua
2944 4487 3014 4543 de
3067 4503 3232 4544 causa
3280 4499 3467 4545 autem
3509 4491 3661 4566 hanc

2067 4576 2452 4650 repetitionem
2509 4578 2779 4650 adjectam
2838 4590 3022 4650 putas,
3072 4599 3092 4631 ι
3146 4581 3417 4648 Quoniam
3457 4586 3653 4651 venit,

3714 18 3795 30 ιμ-ι
3818 0 4049 31 Euam—sl!—

380 4669 461 4735 τὸ,
489 4672 664 4742 χΔόξα
678 4674 736 4725 ὲν
758 4674 1002 4744 ὑψίστοις
1031 4673 1167 4746 Θεῷ.
1194 4674 1298 4729 »Τί
1318 4674 1569 4746 βούλεται
1600 4674 1629 4728 ὁ
1665 4676 1956 4731 ἀναδιπλαει

2067 4673 2330 4743 quoniam
2359 4673 2511 4728 venit
2548 4673 2615 4728 ad
2646 4672 3013 4745 iudicandum
3043 4682 3243 4730 terram
3269 4675 3292 4730 ?
3326 4694 3345 4728 ›
3382 4676 3503 4732 Νοη
3532 4678 3655 4749 (μή-

383 4766 634 4833 σιασμὸς,
662 4765 744 4829 τὸ,
781 4783 800 4819 t
834 4765 958 4821 Ὅτι
993 4767 1237 4840 ἔρχεται,
1275 4770 1358 4823 ὅτι
1383 4768 1599 4839 ἔρχεται
1629 4771 1812 4839 κρῖναι
1860 4769 1956 4841 τὴν

2065 4763 2189 4818 dem
2221 4762 2327 4818 alia
2359 4762 2428 4817 de
2455 4776 2645 4828 causa,
2667 4779 2832 4834 quam
2867 4765 3013 4834 quod
3044 4758 3288 4836 primum
3314 4766 3447 4823 illud
3481 4783 3655 4824 mem-

382 4857 523 4926 γῆν;
555 4858 774 4914 ι’ϋύδὲν
795 4859 925 4914 ἄλλο
951 4860 1083 4931 ηὸτι
1111 4861 1172 4914 τὸ
1209 4863 1309 4931 μὲν
1342 4861 1560 4933 πρῶτον
1587 4864 1764 4916 εἰπεῖν
1787 4861 1956 4926 οὕτως

2063 4854 2248 4919 brum,
2282 4856 2340 4910 in
2382 4869 2494 4926 quo
2545 4856 2873 4926 simpliciter
2913 4857 3140 4926 dicitur,
3179 4877 3198 4911 ι
3236 4858 3506 4927 Quoniam
3560 4877 3654 4916 ve-

388 4949 761 5015 ἁπλῶς,σ’¹οτι
808 4952 1049 5024 ἔρχεται,
1078 4971 1098 5006 ι
1134 4954 1372 5026 ἐδήλωσε
1390 4954 1491 5025 τὴν
1519 4954 1602 5019 εἰς
1640 4953 1731 5007 τὸν
1753 4954 1956 5023 κόσμον

2062 4948 2168 5012 nit,
2206 4966 2226 5000 ι
2277 4949 2516 5018 primum
2571 4947 2873 5006 Salvatoris
2929 4952 3228 5019 adventum
3282 4951 3339 5007 in
3385 4940 3654 5010 mundum

386 5041 478 5095 τοῦ
508 5044 756 5116 Σωτῆρος
784 5038 1018 5112 ελευσίν,
1047 5040 1171 5119 ἣτις
1204 5048 1305 5102 οὐκ
1327 5043 1565 5120 ἦν’μετὰ
1599 5049 1699 5118 τῆς
1732 5047 1944 5109 οἰκείας

2062 5038 2309 5102 denotat,
2338 5053 2448 5108 quo
2498 5054 2604 5093 non
2659 5040 2713 5094 in
2769 5045 2991 5112 propria
3016 5058 3116 5099 sua
3162 5044 3449 5119 majestate
3476 5046 3653 5119 venit,

383 5130 562 5195 ἀξίας,
600 5133 698 5186 ἀλ).
722 5136 788 5186 ἐν
812 5133 1028 5188 εὐτελεῖ
1051 5137 1148 5188 καὶ
1173 5136 1417 5208 ταπεινῷ
1445 5134 1525 5205 τῷ
1550 5135 1816 5205 σχήματι.
1844 5134 1956 5188 Καὶ

2065 5131 2161 5185 sed
2186 5131 2379 5185 humili
2438 5132 2672 5202 quadam
2723 5134 2909 5203 specie
2938 5145 2996 5191 et
3022 5144 3362 5209 contempta.
3408 5138 3652 5194 Consen-

385 5226 668 5293 συμφωνεῖ
694 5224 774 5295 τῷ
803 5222 993 5297 Κυρίῳ
1033 5223 1274 5294 λέγοντι,
1318 5246 1337 5280 ι
1380 5225 1525 5296 Ἐγὼ
1552 5226 1654 5279 οὐκ
1679 5220 1843 5295 ἦλθον
1868 5224 1955 5278 ἵνα

2067 5224 2131 5277 tit
2162 5224 2310 5278 enim
2357 5238 2486 5279 eum
2518 5226 2710 5281 verbis
2744 5227 2960 5283 Domini
2992 5222 3246 5285 dicentis
3274 5247 3289 5285 :
3332 5250 3352 5284 ι
3407 5232 3529 5288 Non
3562 5248 3656 5288 vc-

380 5314 551 5385 κρίνω
575 5316 666 5371 τὸν
695 5317 923 5385 κόσμον,
943 5310 1059 5371 ἄλλ’
1086 5318 1175 5372 ἵνα
1206 5319 1366 5373 σώσω
1393 5319 1485 5372 τὸν
1512 5318 1718 5386 κόσμον
1746 5332 1762 5347 ο
1806 5334 1825 5368 ι
1864 5315 1953 5387 Τῷ

379 5408 436 5459 δὲ
463 5407 660 5477 είπείν,
678 5429 696 5461 ι
718 5410 838 5464 Ὀτι
862 5409 1091 5485 ἔρχεται.
1113 5400 1294 5479 κρῖναι
1317 5409 1421 5480 τὴν
1438 5411 1562 5481 γῆν,
1594 5428 1612 5461 ι
1658 5407 1827 5475 ἔδειξε
1854 5407 1956 5478 τὴν

380 5502 461 5564 εἰς
493 5502 587 5555 τὸν
637 5503 845 5572 κόσμον
890 5501 1294 5574 δευτέραντοῦ
1344 5503 1585 5574 Χριστοῦ
1625 5500 1951 5571 παρουσίαν.

379 5590 515 5665 The
542 5593 636 5646 καὶ
677 5592 789 5662 γὰρ
843 5592 1029 5662 μέλλει
1059 5595 1245 5663 κρῖναι
1276 5595 1377 5664 τὴν
1408 5595 1534 5665 γῆν.
1567 5594 1858 5664 Συμφωνεῖ
1897 5593 1953 5646 δὲ

377 5662 513 5736 αὐτὸ
549 5680 629 5752 τῷ
659 5681 754 5733 τοῦ
789 5682 996 5751 Κυρίου
1033 5662 1187 5753 ῥητῷ
1222 5662 1479 5751 λέγοντι,
1501 5701 1520 5735 ι
1567 5662 1738 5737 Ὅταν
1766 5682 1898 5756 ἔλθῃ
1926 5686 1954 5736 ὁ

1046 5778 1079 5807 ο

443 5851 495 5901 ³⁸
524 5863 676 5924 Psal.
711 5878 833 5931 xcv,
890 5882 1010 5926 xcvi
1069 5877 1125 5925 et
1182 5883 1345 5924 xcvn.
1425 5870 1653 5926 “Joan.
1695 5869 1905 5937 τιι,47.

2064 5315 2120 5368 ni
2147 5323 2208 5368 ut
2229 5314 2475 5387 judicem
2497 5316 2787 5385 mundum,
2807 5317 2902 5372 sed
2939 5327 3000 5372 ut
3033 5322 3301 5376 mundum
3324 5325 3529 5379 salvom
3550 5325 3612 5380 “.
3629 5344 3650 5379 ι

2062 5407 2218 5473 Quod
2272 5423 2405 5464 vero
2448 5407 2594 5464 idem
2633 5419 2892 5479 repetens
2948 5403 3103 5481 dicit,
3142 5435 3162 5466 ι
3202 5414 3472 5483 Quoniam
3506 5417 3651 5472 venit

2062 5498 2130 5551 ad
2150 5498 2510 5570 judicandum
2545 5509 2805 5568 terram,»
2840 5502 3126 5563 denOtavit
3149 5508 3451 5566 secundam
3484 5510 3650 5565 Chri-

2060 5588 2130 5643 sti
2164 5589 2217 5642 in
2246 5589 2453 5645 mundo
2476 5593 2845 5661 pragsentiam.
2864 5593 3021 5651 Tunc
3048 5598 3197 5653 enim
3228 5599 3651 5670 venietjudiea-

2066 5691 2220 5738 turus
2262 5691 2485 5742 terram.
2519 5686 2675 5754 Quod
2713 5687 2858 5745 idem
2887 5705 3014 5746 cum
3047 5691 3266 5749 Domini
3294 5693 3482 5757 verbis
3512 5709 3649 5750 con-
