4090 6482
316 416 424 480 523

1504 405 1827 469 JOANNIS
1869 400 2401 465 CANTACUZENI

3474 389 3585 454 424

317 525 486 582 sentit
518 546 527 579 :
561 544 576 575 ι
609 525 743 579 Cum
779 522 993 577 venerit
1025 520 1197 575 Filius
1230 516 1467 591 hominis
1497 518 1551 571 in
1572 516 1755 587 gloria
1781 530 1900 577 sua,

2033 514 2137 575 Γίὸς
2174 511 2269 564 τοῦ
2303 508 2594 580 ἀνθρώπου
2625 508 2682 560 ἐν
2716 508 2779 577 τῇ
2815 506 2941 577 δόξῃ
2974 502 3161 570 αὐτοῦ,
3192 501 3285 555 καὶ
3314 501 3509 564 πάντες
3538 505 3587 556 οἱ

318 629 378 672 et
412 631 600 669 omnes
630 615 805 669 sancti
837 612 1015 684 angeli
1061 627 1185 667 cum
1212 625 1302 673 eo,
1332 619 1461 663 tunc
1489 606 1705 662 sedebit
1733 618 1909 673 super

319 712 510 765 sedem
546 707 737 778 gloria:
790 721 927 769 suaz,
975 711 1033 758 et
1073 699 1563 772 congregabuntur
1616 711 1801 752 coram
1843 709 1910 748 co

325 817 520 856 nnmes
548 808 757 870 gentes,
777 807 831 851 et
853 796 1131 866 separabit
1159 808 1255 848 eos
1278 792 1422 847 sicut
1451 802 1699 859 segregat
1724 799 1912 858 pastor

241 870 248 905 ξ
327 904 461 946 oves
491 889 558 942 ab
597 887 802 953 haedis;
852 893 909 941 et
938 892 1145 940 statuet
1192 897 1325 938 oves
1362 879 1585 950 quidem
1636 895 1667 933 a
1702 878 1912 933 dextris

262 982 277 995 ’
332 981 471 1043 suis,
505 978 690 1032 luedos
715 992 847 1031 vero
879 990 910 1028 a
945 974 1207 1048 sinistris,
1234 980 1290 1027 et
1317 970 1471 1025 dabit
1503 969 1734 1039 singulis
1762 967 1914 1037 juxta

329 1085 495 1139 Opera
539 1083 637 1122 sua
665 1067 729 1134 ³⁷,
766 1084 785 1117 ι
842 1065 929 1119 his
973 1063 1196 1133 quidem
1249 1061 1342 1131 qui
1387 1058 1668 1129 Evangelii
1702 1057 1915 1127 legibus

328 1161 667 1230 itnmorigeri
704 1157 913 1213 scelera
945 1155 1365 1220 commiserunt,
1394 1168 1611 1223 pinnam
1636 1165 1915 1218 nunquam

331 1253 664 1317 ﬁniendam;
702 1251 810 1305 illis
857 1265 991 1304 vero
1038 1246 1133 1317 qui
1164 1247 1287 1311 vitae
1322 1260 1523 1299 munus
1557 1244 1713 1314 juxta
1738 1242 1919 1295 Evan-

330 1340 457 1410 gelii
510 1341 752 1409 regulam
799 1338 945 1407 juste
977 1333 1526 1398 administraverunt,
1560 1333 1727 1385 vitam
1755 1340 1917 1384 aeter-

332 1444 479 1494 nam,
530 1426 866 1497 paradisum,
920 1434 976 1479 et
1032 1426 1175 1478 bona
1230 1422 1541 1476 indeﬁnita.
1581 1420 1659 1473 En
1710 1427 1915 1488 quanta

329 1521 725 1576 sententiarum
784 1517 941 1585 copia
998 1517 1052 1570 in
1095 1514 1283 1586 paucis
1325 1512 1510 1567 verbis
1554 1511 1918 1579 lateat?qu:e

332 1620 505 1675 instar
539 1625 721 1664 aurea:
751 1617 959 1663 catena:
1003 1608 1149 1662 inter
1180 1622 1239 1661 se
1292 1619 1555 1659 connexa:
1580 1613 1730 1667 sunt,
1759 1603 1921 1671 cujus

330 1706 604 1762 connexio
638 1704 706 1758 ad
747 1702 946 1758 cwlum
986 1715 1161 1771 usque
1202 1698 1485 1770 pertingit,
1526 1707 1583 1752 et
1622 1696 1811 1751 annuli
1855 1712 1923 1749 ex

2013 604 2161 672 ἆγιοι
2192 602 2417 669 ἄγγελοι
2462 600 2579 670 μετ’
2615 597 2804 663 αὑτοῦ,
2840 598 2962 649 τότε
3002 595 3219 649 καθίσει
3260 592 3352 646 ἐπὶ
3394 593 3588 662 θρόνου

2010 694 2172 761 δόξης
2207 692 2397 753 αὑτοῦ,
2447 692 2542 744 καὶ
2589 688 3024 757 συναχθήσονται
3066 683 3379 754 ἔμπροσθεν
3419 680 3587 734 αὐτοῦ

2012 788 2191 839 πάντα
2219 786 2289 839 τὰ
2318 784 2447 851 ἔθνη
2465 824 2482 851 ,
2521 780 2618 835 καὶ
2652 782 2870 850 ἀφοριεῖ
2896 777 3093 840 αὐτοὺς
3124 775 3316 844 ὥσπερ
3343 777 3370 828 ὁ
3390 774 3592 843 ’πο-μὴν

2012 880 2267 950 ἀφορίζει
2314 877 2383 930 τὰ
2412 876 2660 946 πρόϐατα
2695 874 2804 927 ἀπὸ
2844 871 2953 925 τῶν
2993 872 3220 940 ἐρίφων,
3260 870 3353 922 καὶ
3402 868 3591 937 στήσει

2014 972 2081 1024 τὰ
2118 970 2220 1040 μὲν
2266 969 2518 1040 πρόϐατα
2557 966 2622 1019 ὲκ
2663 961 3082 1029 δεξιῶνδαύτοῦ,
3109 961 3177 1014 τὰ
3206 960 3262 1013 δὲ
3302 960 3487 1029 ἐρίφια
3534 957 3593 1023 ἐξ

2016 1059 2334 1129 εὐωνύμων,
2370 1058 2467 1109 καὶ
2515 1055 2787 1109 ἀποδώσει
2838 1055 2973 1107 πᾶσι
3003 1052 3146 1106 κατὰ
3195 1050 3265 1104 τὰ
3303 1050 3443 1119 ἔργα
3489 1051 3595 1101 αὖε

2016 1152 2157 1206 τῶν·
2205 1168 2223 1202 ι
2261 1150 2428 1219 ἤγουν
2459 1150 2569 1210 τοῖς
2604 1147 2701 1218 μὲν
2732 1146 2950 1198 ἐναντία
2987 1145 3082 1198 τοῦ
3118 1142 3450 1211 Εὐαγγελίου
3498 1143 3595 1195 καὶ

2021 1242 2207 1303 κακῶς
2241 1241 2483 1311 πράξασι
2530 1240 2755 1293 κόλασιν
2785 1236 3163 1306 ἀτελεύτητον,
3202 1238 3313 1298 τοῖς
3349 1235 3407 1288 δὲ
3452 1234 3635 1287 κατὰ-

2018 1334 2110 1387 τὸν
2143 1332 2500 1401 εὐαγγελικδν
2551 1332 2716 1401 νόμον
2748 1330 2842 1383 xal
2888 1329 3069 1393 καλῶς
3114 1326 3599 1395 πολιτευσαμένοίς

2025 1425 2170 1496 ζωὴν
2206 1425 2448 1489 αἰώνιον,
2477 1424 2573 1477 καὶ
2598 1424 2687 1478 τὸν
2720 1422 3074 1493 παράδεισον,
3105 1422 3200 1475 καὶ
3239 1419 3422 1487 ἀγαθὰ
3448 1420 3599 1480 τέλος

2025 1520 2101 1590 μὴ
2137 1520 2352 1592 ἔχοντα.
2394 1514 2549 1583 Εἶδες
2576 1521 2633 1572 ὲν
2667 1519 2894 1589 βραχέσι
2940 1518 3154 1586 ῥήμασι
3190 1514 3353 1586 βάθος
3393 1513 3602 1583 νοημά-

2020 1630 2151 1680 των,
2194 1615 2287 1668 καὶ
2320 1611 2433 1667 οἷον
2462 1613 2652 1683 ὥσπερ
2681 1612 2892 1683 χρυσῆν
2931 1628 3055 1664 τινα
3086 1609 3301 1674 ἅλυσιν,
3336 1603 3401 1679 ἦς
3440 1610 3472 1677 ἡ
3507 1625 3600 1660 κε-

2025 1706 2171 1777 φαλὴ
2219 1708 2503 1776 ἀφικνεῖτο
2550 1707 2630 1770 είς
2680 1706 2770 1759 τὸν
2824 1704 3077 1775 οὐρανὸν,
3139 1700 3235 1756 καὶ
3284 1697 3364 1763 εἷς
3410 1702 3603 1772 κρίκος

334 1813 454 1853 sese
488 1806 677 1851 mutuo
703 1794 1038 1865 dependent.
1068 1793 1216 1848 Talis
1255 1793 1403 1846 enim
1439 1790 1575 1845 mihi
1612 1790 1797 1845 omnis
1836 1803 1925 1843 sa-

2033 1798 2202 1869 εἴχετο
2249 1799 2344 1853 τοῦ
2397 1800 2622 1867 ὲτέρου;
2673 1797 2819 1853 οῦτω
2872 1815 2962 1869 μοι
3001 1796 3112 1851 νόει
3147 1797 3243 1851 καὶ
3293 1798 3475 1850 πᾶσαν
3502 1797 3601 1866 τὴν

333 1905 427 1943 cra
480 1888 765 1956 Scriptura
814 1885 1055 1953 videtur.
1112 1884 1316 1940 Omnes
1364 1898 1563 1954 nempe
1615 1881 1921 1952 prophetae,

332 1984 427 2052 qui
476 1982 545 2037 ab
599 1981 829 2037 Abrahae
885 1988 941 2035 et
994 1980 1158 2034 Mosis
1220 1978 1563 2048 temporibus
1623 1992 1795 2047 usque
1854 1977 1922 2030 ad

332 2068 608 2131 Christum
629 2073 958 2140 ﬂoruerunt,
981 2073 1173 2128 eadem
1193 2081 1465 2142 spectant,
1489 2070 1681 2126 eadem
1706 2069 1921 2137 dicunt,

330 2168 524 2221 eadem
559 2164 830 2231 scribunt,
851 2177 1150 2231 omnesque
1178 2176 1280 2217 ceu
1312 2175 1420 2217 uno
1473 2175 1570 2215 ore
1604 2159 1673 2214 de
1703 2158 1922 2214 Christo

332 2257 523 2313 eadem
576 2255 967 2310 vaticinantur.
1026 2253 1093 2306 Et
1163 2252 1277 2306 bzec
1351 2250 1573 2321 quidem
1630 2250 1919 2305 hactenus.

410 2350 501 2404 18.
559 2350 618 2404 In
664 2350 779 2418 ipsa
815 2363 949 2401 vero
998 2345 1201 2399 Christi
1248 2343 1631 2415 generatione,
1682 2341 1921 2397 Persica:

340 2442 585 2512 regionis
627 2440 763 2506 Magi
811 2437 1128 2491 divinarum
1161 2452 1348 2490 rerum
1395 2436 1593 2505 peritia
1625 2445 1681 2489 et
1715 2435 1924 2489 revela-

342 2532 517 2596 tione,
560 2532 730 2585 Deum
762 2540 818 2584 et
843 2529 1125 2582 hominem
1163 2538 1364 2598 prteter
1404 2537 1615 2581 naturae
1640 2527 1789 2597 leges
1823 2542 1922 2581 na-

344 2633 458 2675 tum
507 2636 627 2675 esse
680 2624 1082 2689 cognchrUnt.
1136 2617 1276 2687 Magi
1330 2632 1462 2672 vero
1514 2631 1623 2670 non
1670 2617 1924 2684 vulgares

343 2720 503 2766 erant
534 2711 810 2774 homines,
847 2708 943 2764 sed
973 2708 1348 2763 dominatores
1374 2718 1429 2763 et
1462 2710 1752 2777 regionum
1782 2723 1924 2778 pra:-

345 2800 514 2859 sides.
551 2804 614 2857 lli
647 2804 836 2872 itaque
873 2817 1000 2857 cum
1044 2800 1210 2871 hujus
1239 2802 1315 2855 rei
1351 2802 1606 2855 notitiam
1642 2801 1927 2870 percepis-

347 2905 490 2962 scnt,
522 2894 833 2949 deliberare
864 2892 1011 2948 inter
1048 2908 1105 2947 se
1132 2904 1445 2963 coeperunt,
1476 2908 1710 2965 quanam
1740 2893 1825 2947 via
1856 2892 1925 2949 ad

350 3000 534 3058 regem
597 2986 760 3040 modo
810 2987 1001 3040 natum
1035 2985 1351 3055 pervenire,
1390 2985 1581 3055 illique
1612 2984 1753 3039 dona
1806 3000 1928 3053 pos-

348 3093 473 3135 sent
503 3078 730 3133 eﬂerrc.
766 3078 894 3134 llaec
943 3092 1075 3131 vero
1114 3077 1227 3132 illis
1259 3078 1654 3132 meditantibus
1673 3088 1729 3132 et
1763 3077 1924 3131 dubi-

1950 1848 1998 1907 Β

2026 1895 2180 1948 Θείαν
2214 1892 2456 1964 Γραφήν.
2489 1892 2700 1955 Πάντες
2729 1891 2839 1963 γὰρ
2868 1891 2918 1944 οἰ
2952 1890 3233 1962 προφῆται
3269 1888 3378 1943 ἀπό
3415 1905 3474 1941 τε
3504 1887 3600 1940 τοῦ

2038 1985 2293 2055 Ἀϐραὰμ
2340 1985 2431 2038 καὶ
2485 1983 2731 2047 Μωσέως
2780 1982 2887 2046 ἕως
2911 1983 3005 2035 τοῦ
3060 1978 3300 2051 Χριστοῦ
3352 1978 3422 2033 τὰ
3465 1977 3603 2032 αὐτὰ

2023 2074 2163 2131 εἶδον
2189 2116 2204 2141 ,
2245 2075 2316 2129 τὰ
2361 2075 2499 2129 αὐτὰ
2542 2075 2782 2143 λέγουσι,
2838 2075 2905 2128 τὰ
2964 2071 3107 2128 αὐτὰ
3150 2073 3447 2141 γράφουσι,
3506 2071 3604 2124 καὶ

2022 2169 2224 2232 πάντες
2277 2166 2352 2231 ὡς
2415 2166 2475 2232 ἐξ
2531 2167 2650 2229 ἐνὸς
2706 2166 2974 2235 στόματος
3024 2166 3092 2217 τὰ
3128 2165 3285 2217 ,αὐτὰ
3328 2162 3457 2231 περὶ
3506 2159 3602 2213 τοῦ

2029 2259 2270 2331 Χριστοῦ
2306 2260 2734 2330 προφητεύουσι.
2768 2258 2877 2312 Kal
2908 2255 3081 2310 ταῦτα
3123 2257 3221 2324 μὲν
3261 2254 3455 2317 οὕτως.

2098 2352 2194 2423 ιη’.
2246 2353 2334 2407 Ἐν
2368 2352 2424 2405 δὲ
2449 2352 2516 2422 τῇ
2541 2349 2636 2403 τοῦ
2667 2348 2907 2419 Χριστοῦ
2938 2349 3192 2417 γεννήσει
3229 2348 3295 2400 ἐκ
3326 2347 3425 2414 τῆς
3456 2346 3602 2414 Περι

2026 2442 2169 2505 σίδος
2194 2440 2381 2511 χώρας
2411 2439 2588 2508 Μάγοι
2627 2424 2691 2492 ἐκ
2718 2437 2867 2500 Θείας
2907 2435 3163 2505 γνώσεως
3191 2436 3281 2489 καὶ
3326 2432 3603 2489 ἀποκαλύέ

2022 2533 2177 2601 ψεως
2197 2530 2471 2599 ἔγνωσαν,
2530 2531 2615 2583 ὅτι
2649 2530 2783 2594 Θεὸς
2832 2530 3091 2598 γεννᾶται
3137 2528 3230 2580 καὶ
3260 2525 3401 2595 ὑπὲρ
3443 2525 3604 2594 φύσιν

2028 2624 2337 2690 ἄνθρωπος.
2372 2624 2433 2675 Οί
2463 2622 2519 2676 δὲ
2564 2622 2750 2690 Μάγοι
2780 2621 2879 2674 οὐκ
2909 2615 3049 2690 ἦσαν
3077 2621 3125 2673 οί
3161 2618 3437 2688 τυχόντες,
3468 2616 3606 2670 ἀλλᾶ

2027 2715 2286 2772 αὐθένται
2314 2716 2410 2767 καὶ
2428 2714 2728 2784 τοπάρχαι.
2761 2713 2985 2775 Γνόντες
3010 2713 3142 2782 γοῦν
3169 2714 3312 2781 ᾇπερ
3335 2711 3605 2780 ἔγνωσαν,

2028 2808 2413 2875 ἀνελογίσαντο
2447 2806 2573 2859 καθ’
2613 2807 2866 2871 ἑαυτοὺς,
2901 2807 3050 2869 ὅπως
3079 2805 3327 2866 ἐλθόντες
3365 2819 3607 2872 προσκυο

2028 2902 2231 2968 νήσωσι
2264 2898 2342 2971 τῷ
2390 2896 2627 2967 βασιλεῖ,
2675 2898 2772 2951 καὶ
2802 2897 2950 2967 δῶρα
2998 2896 3176 2966 τούτῳ
3225 2895 3606 2966 προσφέρωσι.

2028 2989 2214 3043 Ταῦτα
2247 2989 2302 3042 δὲ
2336 2989 2517 3042 αὐτῶν
2561 2987 2994 3058 ὲνθυμηθέντων,
3031 2988 3128 3041 καὶ
3166 2986 3608 3056 διαπορουμένων

2030 3083 2149 3144 πῶς
2183 3082 2248 3135 ἂν
2278 3081 2486 3152 τύχωσι
2528 3080 2624 3133 τοῦ
2659 3080 2878 3149 ἐφετοῦ,
2924 3081 2983 3145 ἐξ
3017 3080 3330 3150 ἀλλοδαπῆς
3378 3080 3473 3132 καὶ
3503 3079 3611 3146 γὰρ

351 3174 596 3228 tantibus
627 3172 814 3238 simul,
864 3187 974 3241 quo
1010 3172 1195 3226 ηιοὰοι
1227 3172 1338 3226 voti
1371 3172 1455 3226 sui
1490 3180 1773 3240 computes
1806 3169 1926 3223 red-

2033 3173 2211 3242 χώρας
2266 3173 2586 3242 ἐτύγχανον,
2639 3172 2733 3225 καὶ
2782 3173 2882 3225 οὐκ
2917 3167 3063 3243 εἶχον
3105 3172 3198 3224 τὸν
3244 3172 3608 3241 όδηγήσοντα,

260 3270 273 3273 ⁷’
350 3266 620 3320 derentur
674 3264 1019 3334 (alienigena:
1066 3264 1215 3317 enim
1253 3271 1307 3317 et
1359 3263 1662 3333 peregrina:
1693 3261 1930 3331 regionis

354 3354 544 3409 incola:
568 3369 692 3406 cum
723 3364 925 3417 essent,
946 3367 1054 3406 non
1078 3347 1354 3407 habebant
1376 3354 1539 3408 etiam
1562 3354 1662 3407 via:
1686 3353 1929 3420 ducem),

353 3454 538 3498 coram
574 3444 708 3513 ipsis
758 3444 916 3498 stella
951 3443 1229 3512 apparuit,
1267 3459 1392 3512 qua":
1440 3444 1738 3513 praeeundo
1787 3444 1930 3496 viam

353 3537 725 3607 desideratam
774 3526 942 3601 carpit
979 3534 1228 3588 indicare
1259 3543 1448 3588 noctes
1495 3535 1658 3589 simul
1691 3545 1747 3587 et
1791 3535 1929 3589 dies.

356 3629 580 3685 Stellam
613 3627 796 3695 itaque
815 3641 845 3680 a
874 3625 1060 3680 Persia
1080 3626 1132 3678 in
1162 3616 1503 3679 Palaestinam
1540 3641 1713 3695 usque
1737 3623 1932 3691 secuti,

357 3735 481 3772 cum
528 3710 959 3787 Hierosolymam
993 3715 1395 3782 pervenissent,
1430 3716 1588 3770 stella
1622 3730 1743 3769 sese
1776 3730 1936 3768 occu-

359 3814 500 3874 luit;
555 3827 664 3863 non
697 3809 845 3862 aliud
878 3808 1140 3862 nimirum
1185 3808 1450 3861 innuentc
1481 3807 1737 3874 Domino,
1771 3822 1935 3877 quam

360 3914 421 3957 ut
465 3888 678 3957 itineris
709 3902 846 3956 dnce
879 3899 1153 3965 destituti,
1202 3900 1269 3954 de
1297 3898 1521 3955 Christo
1552 3898 1934 3968 loquerentur,

356 4005 414 4050 et
458 3994 536 4048 sic
567 3992 827 4047 omnibus
875 3992 1024 4046 illitis
1057 3991 1316 4045 nativitas
1364 3990 1756 4045 innotesceret.
1798 3988 1936 4044 Cum

359 4087 507 4140 enim
526 4085 683 4141 stella
709 4100 739 4138 a
768 4085 940 4155 magis
969 4084 1049 4154 (ut
1070 4083 1280 4138 dictum
1311 4082 1417 4151 est)
1439 4082 1823 4152 disparuisset,
1852 4083 1939 4137 in-

363 4189 822 4249 terrogaverunt:
865 4172 999 4231 «Ubi
1033 4184 1118 4231 cst
1158 4177 1252 4246 qui
1283 4185 1369 4232 est
1409 4186 1571 4231 natus
1602 4193 1695 4230 rex
1721 4176 1940 4232 Judmo-

362 4272 533 4324 rum?
580 4270 815 4324 vidimus
857 4269 1005 4323 enim
1058 4267 1273 4322 stellam
1312 4266 1486 4336 ipsius
1516 4267 1570 4320 in
1605 4266 1851 4333 Oriente,
1886 4275 1942 4320 et

365 4362 617 4417 venimus
651 4365 711 4415 ul
750 4362 1049 4415 adoremus
1093 4361 1267 4424 illum,
1299 4350 1397 4414 llis
1429 4359 1657 4423 auditis,
1685 4361 1780 4429 qui
1814 4342 1943 4414 tunc

2033 3263 2205 3334 ὲιρόινη
2238 3264 2552 3333 ἔμπροσθεν
2598 3262 2780 3317 αὐτῶν
2807 3263 3003 3335 ἀστὴρ,
3029 3266 3125 3317 καὶ
3155 3264 3359 3335 ἤρξατο
3392 3263 3615 3331 ὁδηγεῖν

2032 3356 2231 3417 αὐτοὺς
2259 3354 2431 3408 νύκτα
2479 3371 2540 3408 τε
2576 3355 2672 3408 καὶ
2706 3354 2943 3424 ἡμέραν.
2995 3353 3396 3424 ἸΙκολούθησαν
3431 3354 3615 3405 τοίνυν

2031 3442 2110 3513 τῷ
2160 3443 2353 3513 ἀστέρι
2412 3442 2520 3496 ἀπὸ
2576 3442 2837 3512 Περσίδος
2871 3440 3035 3513 μέχρι
3085 3441 3186 3511 τῆς
3222 3441 3610 3511 Παλαιστίνης.

2034 3533 2147 3586 Καὶ
2180 3534 2445 3587 ἐλθόντων
2469 3535 2549 3596 είς
2589 3532 2966 3604 Ἰεροσόλυμα,
2999 3532 3207 3602 ἐκρύϐη
3253 3532 3348 3587 ἀπ’
3375 3532 3557 3586 αὖτῶν
3586 3534 3615 3585 ὁ

2034 3627 2227 3697 ἀστήρ.
2252 3626 2317 3678 Τί
2357 3626 2644 3696 δηλοῦντος
2669 3626 2762 3679 τοῦ
2798 3626 3149 3695 πράγματος;
3188 3625 3333 3691 Ἵνα,
3364 3623 3438 3694 μὴ
3469 3624 3616 3693 ἔχον-

2033 3736 2125 3781 τες
2155 3719 2247 3772 τὸν
2279 3718 2578 3788 ὁδηγοῦντα
2607 3718 2813 3785 αὐτοῖς,
2862 3718 3139 3788 λαλήσωσι
3182 3717 3315 3784 περὶ
3344 3716 3439 3769 τοῦ
3482 3717 3526 3769 Χ
3534 3734 3617 3783 5t-

2039 3810 2193 3874 στοῦ,
2227 3810 2324 3865 καὶ
2368 3812 2481 3873 τοῖς
2522 3811 2658 3863 πᾶσι
2709 3810 3016 3881 κατάδηλος
3066 3812 3294 3879 γένηται
3342 3811 3378 3878 ή
3420 3810 3617 3864 τούτου
3688 3798 3691 3801 ἰ

2037 3902 2313 3971 γέννησις.
2374 3900 2464 3963 Ὦς
2520 3901 2653 3968 γοῦν
2705 3901 2917 3970 ἀπέστη
2950 3902 3058 3956 ἀπὸ
3101 3902 3211 3956 τῶν
3257 3904 3485 3968 Μάγων,
3539 3902 3617 3966 ὡς

2044 3993 2281 4063 εἴρηται,
2300 3993 2328 4046 ὁ
2347 3991 2545 4062 ἀστὴρ,
2572 3992 2790 4063 ἤροντο,
2828 4011 2847 4046 ι
2878 3994 2986 4048 Ποῦ
3011 3996 3158 4050 ἐστιν
3183 3998 3211 4048 ὁ
3236 3996 3446 4067 τεχθεὶς
3468 3997 3619 4068 βασιε

2039 4085 2165 4148 λεῦς
2195 4082 2304 4137 τῶν
2354 4083 2660 4149 Ἰουδαίων;
2696 4084 2925 4155 Εῑδομεν
2955 4086 3065 4157 γὰρ
3093 4086 3257 4141 αὐτοῦ
3291 4088 3382 4141 τὸν
3410 4089 3617 4157 ἀστέρα

2040 4177 2098 4228 ὲν
2146 4177 2216 4245 τῇ
2266 4174 2525 4245 ἀνατολῇ,
2588 4176 2682 4227 καὶ
2754 4176 2988 4246 ἤλθομεν
3032 4177 3409 4248 προσκυνῆσαι
3444 4179 3617 4248 αὐτῷ,

2044 4265 2218 4318 Τοῦτο
2249 4265 2491 4327 ἀκούσας
2521 4266 2548 4317 ό
2573 4265 2692 4317 τότε
2722 4265 2979 4335 βασιλεὺς
3014 4266 3281 4337 Ἡρώδης,
3313 4269 3617 4339 ἐταράχθη,

2044 4359 2140 4411 καὶ
2182 4359 2331 4411 πᾶσα
2373 4355 2718 4427 Ἰεροσόλυμα
2772 4358 2892 4427 μετ’
2919 4358 3108 4414 αὐτοῦ.
3152 4360 3261 4412 Kal
3297 4361 3621 4429 συναγαγὼν

366 4457 652 4525 regnabat,
686 4453 932 4509 Herodes
969 4454 1333 4523 perturbatus
1379 4460 1484 4518 est,
1517 4464 1575 4507 et
1609 4462 1718 4507 tota
1750 4454 1929 4508 llierc-

2048 4448 2257 4509 πόιντας
2297 4446 2422 4507 τοὺς
2473 4448 2751 4518 ἀρχιερεῖς
2784 4448 2877 4501 καὶ
2924 4451 3276 4518 γραμματεῖς
3322 4449 3417 4504 τοῦ
3463 4450 3618 4515 λαοῦ,

366 4550 575 4620 solyma
606 4562 732 4601 cum
764 4562 852 4599 eo.
886 4538 952 4598 Et
984 4545 1334 4614 congregatis
1360 4544 1713 4613 pontiﬁcibus
1735 4554 1789 4599 et
1813 4546 1947 4599 scri-

371 4641 455 4694 bis
486 4639 693 4709 populi,
729 4640 1084 4707 percohtatu‘s
1134 4643 1218 4689 est
1273 4651 1389 4699 eos,
1426 4634 1518 4689 ubi
1547 4634 1800 4690 Christus
1851 4651 1949 4690 na-

368 4741 642 4785 sceretur.
676 4727 745 4781 At
768 4727 841 4780 illi
876 4726 1137 4780 diserunt
1171 4724 1254 4779 ei:
1297 4721 1355 4777 In
1399 4724 1676 4778 Bethleem
1713 4724 1945 4791 ludam;

324 4882 325 4885 η
371 4822 452 4875 sic
481 4820 626 4874 enim
673 4822 937 4888 scriptum
988 4826 1075 4871 est
1120 4832 1219 4887 per
1271 4815 1597 4887 prephetam
1626 4814 1943 4869 Micbteamz

333 4972 343 5002 ‘
374 4911 441 4964 Et
473 4920 558 4975 tu,
593 4909 895 4973 Bethleem,
928 4912 1074 4961 terra
1113 4904 1275 4971 Juda,
1325 4920 1671 4976 nequaquam
1716 4905 1940 4958 minima

326 4998 341 5020 ⁷
371 5019 433 5059 cs
464 5004 610 5057 inter
657 5002 935 5072 principes
968 4998 1144 5066 Inda;
1181 5007 1245 5055 ex
1274 5009 1325 5053 te
1356 5000 1506 5057 enim
1535 4998 1779 5069 prodibit
1807 4998 1938 5064 dux,

373 5092 468 5163 qui
506 5101 694 5162 pascet
729 5092 991 5162 populum
1034 5105 1217 5144 meum
1250 5088 1439 5153 Israel,
1476 5096 1533 5141 et
1560 5088 1742 5141 exitus
1764 5087 1946 5163 ipsius

373 5198 403 5237 a
447 5182 646 5237 diebus
692 5177 1026 5253 antiquis".
1070 5178 1337 5235 )Videsne
1384 5194 1532 5231 nunc
1563 5162 1838 5246 quomOdo
1891 5176 1947 5229 in

378 5276 661 5345 prophetis
691 5274 970 5347 descripta
1004 5272 1380 5337 inveniantur,
1414 5285 1534 5339 quae
1566 5268 1633 5322 ad
1667 5268 1949 5347 Christum

378 5367 692 5437 pertinent?
728 5367 845 5421 Non
881 5367 1029 5420 enim
1069 5380 1132 5419 ea
1164 5372 1376 5417 tantum
1414 5359 1805 5431 prmdixcrunt,
1830 5378 1950 5432 qua:

378 5464 431 5515 in
464 5462 645 5530 ipsum
668 5461 947 5516 Christum
980 5454 1388 5527 competebant,
1416 5469 1606 5508 verum
1628 5456 1793 5508 etiam
1819 5455 1950 5520 loci,

379 5555 434 5606 in
484 5568 594 5622 quo
642 5560 761 5605 erat
795 5552 1129 5615 naseiturus,
1180 5546 1576 5600 meminerunt.
1615 5545 1753 5599 Illud
1800 5538 1948 5601 enim

379 5645 652 5714 significat
702 5645 848 5713 quod
893 5642 1133 5698 dicitur:
1190 5637 1300 5691 ιΕι
1355 5647 1432 5701 ιιι,
1463 5635 1758 5700 Bethleem,
1802 5646 1949 5693 terra

462 5827 506 5858 ³⁷
548 5827 734 5882 Matth.
792 5842 915 5895 xxv,
964 5827 1026 5882 5|
1066 5840 1220 5895 seqq.
1300 5826 1340 5859 ³⁸
1370 5826 1559 5882 Matth.
1592 5842 1649 5895 ιι,
1695 5824 1807 5880 1-6.

2048 4538 2382 4592 ἐπυνθάνετο
2411 4537 2514 4591 ποῦ
2566 4540 2594 4592 ὁ
2632 4540 2868 4610 Χριστὸς
2918 4544 3205 4609 γεννᾶται.
3275 4544 3338 4596 Οἱ
3370 4542 3426 4597 δὲ
3468 4539 3622 4597 tino»;

2049 4630 2221 4700 αὐτῷ,
2256 4631 2343 4683 Ἐν
2370 4629 2621 4701 Βηθλεὲμ
2650 4634 2747 4702 τῆς
2781 4630 3066 4693 Ἰουδαίας.
3100 4632 3259 4687 Οὕτω
3282 4632 3390 4702 γὰρ
3420 4634 3625 4702 γέγρα-

2047 4739 2177 4776 πται
2210 4722 2299 4776 διὰ
2330 4721 2424 4776 τοῦ
2462 4723 2745 4793 προφήτου
2794 4723 3197 4796 Μιχαίουοζκεαὶ
3242 4725 3625 4795 σῦλΒηθὶεδμ

2048 4813 2122 4881 γῆ
2160 4811 2352 4879 Ἰούδα,
2396 4813 2653 4883 οὐδαμῶς
2699 4808 2749 4866 εἴ
2776 4812 3037 4884 ἐλαχίστη
3088 4816 3147 4867 ὲν
3197 4817 3308 4879 τοῖς
3352 4816 3622 4886 ἡγεμόσιν

2058 4904 2251 4959 Ἰούδα.
2292 4906 2387 4958 Ἐκ
2414 4905 2509 4957 σοῦ
2538 4907 2648 4974 γὰρ
2697 4903 3042 4970 ἐξελεύσεται
3084 4906 3423 4976 ἡγούμενος,
3475 4908 3625 4969 ὅστις

2048 5000 2304 5066 ποιμανεῖ
2342 4997 2433 5050 τὸν
2479 4998 2609 5049 λαόν
2642 5013 2745 5065 μου
2796 4997 2909 5069 τὸν.
2944 4997 3187 5067 Ἰσραὴλ,
3221 5000 3315 5052 καὶ
3360 5001 3417 5054 ai
3452 4999 3624 5065 ἔξοδοι

2050 5088 2217 5142 αὐτοῦ
2261 5088 2352 5157 ἀφ’
2395 5088 2622 5158 ἡμερῶν
2671 5088 2939 5157 ἀρχαίων.
2992 5107 3011 5142 ι
3064 5091 3292 5153 Βλέπεις
3324 5089 3442 5152 πῶς
3470 5090 3622 5159 εὑρί-

2054 5198 2274 5235 σκονται
2326 5183 2689 5252 γεγραμμένα
2735 5188 2805 5233 τὰ
2868 5180 2965 5235 τοῦ
3016 5181 3257 5253 Χριστοῦ
3319 5183 3472 5253 παρὰ
3516 5184 3624 5235 τῶν

2057 5273 2383 5345 προφητῶν;
2404 5342 2417 5349 ‘
2437 5275 2530 5345 Μὴ
2576 5275 2734 5345 μόνον
2765 5274 2873 5345 γὰρ
2902 5276 3001 5329 ὅσα
3034 5276 3321 5329 ἀνέϐαινεν
3353 5278 3628 5340 είςάὐτίν

2052 5367 2142 5420 τὸν
2183 5367 2416 5438 Χριστὸν
2457 5369 2742 5435 προεῖπον,
2788 5366 2926 5420 ἀλλὰ
2975 5368 3071 5421 καὶ
3126 5368 3256 5439 περὶ
3315 5368 3409 5421 τοῦ
3456 5369 3627 5421 τόπου

2051 5450 2112 5511 οὗ
2131 5457 2321 5528 ἔμελλε
2353 5455 2707 5527 γεννηθῆναι.
2728 5455 2900 5510 Τοῦτο
2939 5457 3045 5529 γὰρ
3075 5457 3226 5529 δηλοῖ
3253 5441 3334 5523 τὸ,
3360 5475 3378 5507 ι
3409 5458 3516 5510 Καὶ
3539 5459 3629 5526 σὺ,

2056 5548 2306 5619 Βηθλεὲμ
2332 5549 2402 5616 γῆ
2447 5548 2639 5614 Ἰούδα,
2670 5548 2922 5618 οὐδαμῶς
2951 5545 3003 5603 ei
3029 5549 3308 5620 ἐλαχίστη.
3345 5570 3363 5603 ι
3407 5551 3531 5601 ’Ὁτι
3563 5551 3627 5601 σὺ

2054 5638 2087 5705 ὴ
2114 5634 2303 5706 πρώην
2330 5632 2589 5705 ἐλαχίστη
2617 5631 2941 5704 ὑπάρχουσα
2970 5633 3066 5689 καὶ
3095 5636 3322 5709 εὐτελὴς
3352 5636 3445 5690 καὶ
3474 5630 3630 5688 οὐδα·
