4090 6450
346 466 452 534 615

1303 453 1600 526 CONTRA
1644 453 2130 522 MAIIOMETEM
2175 456 2551 520 APOLOGIA
2593 453 2644 522 Ι.

3485 433 3593 503 426

351 585 478 653 μινὴ
521 577 785 647 (τοιοῦτον
833 575 942 644 γὰρ
989 575 1277 644 εὑρίσκετο
1323 573 1384 626 τδ
1417 573 1676 643 χωρίον).
1737 571 1860 622 ἐπεὶ
1891 571 1920 622 6

2035 567 2183 632 Iuda,
2223 584 2573 638 nequaquam
2620 585 2682 624 es
2719 567 3000 626 minima.»
3040 568 3121 623 Tu
3172 569 3346 634 enim,
3399 570 3600 639 inquit.

345 667 582 738 Χριστὸς
603 663 829 735 ἔμελλεν
857 662 1188 732 γεννηθῆναι
1212 663 1268 714 ὲν
1301 662 1405 724 σοὶ,
1439 661 1624 713 οὐκέτι
1654 661 1923 730 ὑπάρχεις

340 761 418 822 ὡς
451 758 512 813 τδ
567 757 760 828 πρώην
807 754 1030 823 εὐτελὴς
1078 755 1174 806 καὶ
1214 752 1410 822 μικρὰ,
1443 752 1560 804 ἀλλ’
1589 751 1798 814 ἔνδοξος
1827 752 1924 806 καὶ

344 847 670 918 περιφανὴς,
689 845 782 898 καὶ
808 844 956 908 παρὰ
987 842 1200 896 πολλῶν
1230 841 1536 911 τιμωμένη.
1561 842 1636 895 Τὸ
1663 842 1740 906 δὲ,
1768 860 1784 892 ι
1828 841 1923 894 Ἐκ

347 940 442 994 σοῦ
475 937 820 1003 ἐξελεύσεται
853 935 1177 1003 ἡγούμενος,
1208 934 1356 986 ὅστις
1390 935 1654 1000 ποιμανεῖ
1676 937 1766 984 τὸν
1792 933 1924 986 λαόν

348 1041 451 1096 μου
481 1025 572 1076 τὸν
609 1023 850 1094 Ἰσραὴλ,
883 1042 900 1074 ι
925 1023 983 1075 οὐ
1011 1023 1097 1074 διὰ
1120 1023 1213 1075 τὸν
1245 1021 1354 1074 τῶν
1386 1019 1655 1092 Ἐϐραίων
1685 1023 1812 1075 λαὸν
1836 1022 1924 1075 λέ⁴

350 1139 436 1190 γει
486 1122 513 1173 6
545 1117 891 1188 προφητικδς
941 1116 1125 1185 λόγος.
1173 1115 1672 1186 Προαποδέδεικται
1702 1116 1811 1185 γὰρ
1842 1117 1925 1170 ὅτι

349 1211 558 1276 ἀνάξιοι
592 1211 958 1278 τυγχάνοντες
1009 1211 1038 1261 ὁ
1071 1207 1179 1260 τῶν
1226 1207 1497 1276 Ἑϐραίων
1546 1206 1695 1271 λαὸς·⁹
1728 1207 1927 1272 ἀπεξε-

349 1304 624 1375 δλήθησαν
655 1304 750 1355 καὶ
799 1300 1321 1371 ἐξωστρακίσθησαν
1353 1302 1461 1354 άπὸ
1489 1299 1585 1353 τοῦ
1625 1299 1790 1363 Θεοῦ,
1830 1300 1925 1353 καὶ

353 1399 456 1452 υἱοὶ
485 1397 579 1450 τοῦ
620 1396 870 1450 διαϐόλου
902 1395 1233 1465 ἐκλήθησαν.
1282 1393 1444 1448 Ἀλλὰ
1469 1395 1540 1447 τὰ
1569 1393 1696 1463 ἔθνη
1727 1395 1929 1464 ὀνομάυ

349 1491 429 1552 ζει
461 1490 589 1543 λαὸν
626 1487 764 1543 Θεοῦ
803 1489 898 1541 καὶ
961 1487 1200 1557 Ἰσραήλ.
1243 1487 1352 1540 Καὶ
1395 1488 1526 1556 περὶ
1561 1487 1741 1540 αὐτῶν
1772 1485 1927 1542 εἶπεν

346 1585 376 1636 6
407 1584 689 1654 προφήτης
723 1582 807 1634 ὅτι
831 1579 1209 1645 Ἐξελεύσεται
1243 1580 1546 1669 ἡγούμενος
1585 1585 1649 1636 ἐκ
1693 1586 1788 1653 τῆς
1819 1584 1928 1652 Βη-

345 1675 530 1742 θλεὲμ,
557 1673 834 1726 τουτέστιν
867 1675 896 1726 6
927 1672 1184 1742 Χριστὸς,
1209 1675 1357 1736 ὅστις
1388 1678 1650 1743 ποιμανεῖ
1682 1678 1772 1728 τὸν
1799 1676 1927 1730 λαόν

348 1784 452 1838 μου
477 1767 565 1819 τὸν
609 1765 850 1834 Ἰσραὴλ,
883 1765 1130 1836 δηλονότι
1163 1766 1230 1817 τὰ
1262 1766 1410 1834 ἔθνη.
1441 1770 1598 1830 Ποῖος
1631 1772 1740 1837 γὰρ
1767 1769 1925 1832 ἄλλος

345 1860 649 1930 ἡγούμενος
685 1860 914 1929 ἐξῆλθεν
954 1862 1016 1913 ἐκ
1057 1859 1307 1930 Βηθλεὲμ
1339 1861 1388 1912 εί
1439 1863 1514 1930 μὴ
1567 1864 1595 1914 6
1645 1863 1922 1932 Χριστό;;

346 1953 624 2014 καὶτίνας
671 1952 970 2020 ὲποίμανεν
1033 1953 1083 2004 εί
1142 1953 1215 2023 μὴ
1267 1951 1338 2006 τὰ
1379 1953 1530 2022 ἔθνη,
1579 1958 1673 2008 καὶ
1716 1959 1927 2014 πάντας

341 2044 472 2105 τοὺς
493 2044 573 2103 είς
603 2042 766 2096 αὑτὸν
792 2041 1194 2108 ’πιστεύονταςς
1227 2043 1299 2095 T6
1319 2042 1399 2100 δὲ.
1427 2063 1444 2092 ι
1475 2045 1540 2096 Αἱ
1561 2045 1730 2110 ἔξοδοι
1762 2045 1926 2099 αὑτοῦ

342 2139 440 2206 ἀφ’
478 2137 701 2208 ἡμερῶν
728 2139 991 2208 ἀρχαίων.
1023 2156 1042 2189 ι
1070 2137 1167 2208 τὴν
1193 2138 1358 2190 αὑτοῦ
1388 2139 1619 2207 θεότητα
1649 2141 1816 2210 δηλοῖ.
1835 2142 1930 2206 Τίς

344 2235 455 2301 γὰρ
495 2233 601 2284 τῶν
634 2231 944 2300 ἀνθρώπων
993 2231 1216 2286 δύναται
1268 2234 1564 2304 εὑρεθῆναι
1615 2234 1694 2302 τῷ
1751 2237 1929 2306 καιρῷ

342 2324 541 2393 ἐκείνῳ
587 2343 604 2375 ι
653 2323 747 2390 ἀφ’
785 2325 1008 2394 ἡμερῶν
1064 2326 1346 2395 ἀρχαίωνς
1410 2347 1427 2377 ι
1481 2326 1704 2391 Πάντως
1751 2331 1929 2393 οὐδεὶς

348 2416 533 2486 ἱτερος
573 2415 604 2484 ἢ
633 2418 663 2467 6
690 2415 845 2478 Θεός.
881 2419 982 2470 Διά
1013 2435 1098 2470 τοι
1129 2419 1291 2471 τοῦτο
1324 2421 1417 2474 καὶ
1444 2423 1471 2472 6
1505 2422 1669 2474 Δαϐἰδ
1717 2439 1930 2491 προφη-

361 2510 520 2564 τεύων
565 2509 772 2576 ἔλεγεν,
799 2511 883 2563 ὅτι
919 2530 938 2563 ι
975 2511 1051 2566 Οὐ
1100 2513 1173 2581 μὴ
1207 2511 1367 2565 δώσω
1398 2511 1568 2567 ὕπνον
1593 2517 1706 2577 τοῖς
1733 2513 1931 2582 ὀφθαλ-

355 2605 471 2671 μοῖς
521 2620 643 2673 μου,
678 2604 774 2656 καὶ
812 2606 925 2666 τοῖς
963 2603 1259 2677 βλεφάροις
1298 2623 1406 2675 μου
1452 2609 1789 2678 νυσταγμδν,
1835 2608 1931 2662 καὶ

350 2696 656 2748 ἀνάπαυσιν
689 2698 803 2760 τοῖς
832 2698 1130 2768 κροτάφοις
1165 2716 1297 2767 μου,
1346 2698 1452 2763 ἕως
1495 2693 1557 2752 οῦ
1589 2700 1738 2772 εὕρω
1766 2702 1931 2755 τόπον

347 2787 426 2857 τῷ
468 2789 655 2860 Κυρίῳ
685 2791 954 2860 σκήνωμα
991 2791 1069 2860 τῷ
1113 2791 1238 2862 Θεῷ
1279 2793 1496 2847 Ἰακώϐ.
1536 2795 1667 2852 Ἰδοὺ
1693 2795 1932 2866 ἠκούσα-

351 2896 452 2946 μεν
485 2880 652 2948 αὐτὴν
689 2881 747 2932 ἐν
782 2877 1072 2952 Εὐφραθᾷ,
1105 2880 1344 2953 εῦρομεν
1377 2883 1552 2954 αὐτὴν
1590 2887 1650 2938 ὲν
1696 2889 1808 2948 τοῖς
1837 2899 1934 2939 πε-

347 2973 484 3033 δίοις
516 2973 608 3025 τοῦ
631 2971 863 3043 δρυμοῦ.
894 2972 1356 3045 Εἰσελευσὼμεθα
1380 2978 1460 3039 είς
1493 2980 1562 3030 τὰ
1591 2977 1932 3048 σκηνώματα

349 3065 539 3128 αὑτοῦ,
573 3067 1046 3136 προσκυνήσωμεν
1079 3067 1161 3130 είς
1203 3067 1298 3120 τὸν
1326 3069 1491 3124 τόπον
1520 3064 1580 3124 οῦ
1615 3071 1856 3140 ἔστησαν
1881 3071 1931 3124 oi

351 3154 511 3217 πόδες
546 3153 736 3206 αὑτοῦ.
778 3173 796 3204 ι
835 3155 1106 3223 Πρόσεξον
1158 3155 1252 3210 τὸν
1278 3158 1571 3229 προφήτην
1601 3174 1617 3189 ο
1651 3159 1933 3212 ἀπεκαλύ-

2023 677 2146 730 qua:
2175 660 2338 714 modo
2361 662 2591 716 minima
2644 677 2790 728 eras,
2825 664 3010 718 tenuis
3042 672 3100 718 et
3157 674 3468 732 contempta
3503 670 3608 730 (ta~

2023 753 2092 808 lis
2139 753 2288 806 enim
2325 768 2444 806 erat
2491 754 2648 808 locus
2683 754 2830 822 iste),
2870 754 3132 822 quoniam
3163 755 3416 809 Christus
3451 754 3503 808 in
3555 767 3606 809 te

2027 843 2340 897 nasciturus
2372 848 2476 899 est.
2502 859 2611 896 non
2641 843 2894 912 amplius,
2933 853 2991 897 ut
3024 844 3208 909 modo,
3240 845 3420 899 tenuis
3459 859 3520 900 es
3549 853 3607 899 et

2027 935 2280 1003 parvula.
2306 935 2400 988 sed
2425 934 2687 998 celebris,
2715 935 2949 991 illustris
2970 943 3026 988 et
3047 950 3076 988 a
3100 935 3289 989 multis
3313 937 3605 989 honorata.

2025 1026 2180 1093 Quod
2209 1043 2339 1082 vero
2368 1027 2641 1094 sequitur,
2674 1027 2780 1080 «Ex
2817 1036 2867 1080 te
2891 1026 3038 1080 enim
3068 1028 3313 1096 prodihit
3344 1027 3474 1090 dux,
3512 1026 3606 1095 qui

2027 1129 2212 1189 pascet
2243 1119 2504 1188 p0pulum
2549 1134 2730 1172 meum
2767 1119 2966 1184 lsraél,
3002 1139 3018 1168 ο
3077 1134 3186 1172 non
3241 1127 3465 1188 propter
3505 1120 3610 1174 lle-

2027 1210 2301 1267 brzeorum
2336 1211 2598 1281 populum
2621 1227 2650 1264 a
2675 1213 2940 1281 propheta
2971 1223 3289 1266 rccensetur
3315 1213 3446 1282 (jam
3481 1224 3608 1266 ante

2029 1306 2178 1359 enim
2223 1305 2668 1359 demonstratum
2707 1315 2812 1366 est,
2865 1307 3009 1374 quod
3067 1306 3303 1369 llehrmi,
3344 1322 3411 1360 eo
3463 1306 3610 1375 quod

2027 1398 2238 1466 indigni
2261 1397 2500 1460 fuerunt,
2526 1413 2556 1451 a
2592 1398 2703 1452 Deo
2732 1399 2915 1467 rejecti
2938 1407 2993 1452 et
3025 1399 3230 1453 exclusi
3255 1399 3383 1462 sint,
3419 1407 3475 1454 ct
3513 1399 3610 1453 ﬁlii

2029 1490 2235 1544 diaboli
2269 1489 2561 1559 nominati)
2591 1506 2608 1556 ;
2638 1505 2834 1543 verum
2867 1490 3320 1559 genteshocloco
3349 1492 3608 1559 populum
3652 1541 3663 1549 ,

2029 1583 2126 1636 Dei
2157 1591 2214 1636 et
2244 1583 2508 1636 lsraélem
2545 1583 2870 1648 nominavit,
2901 1582 2967 1636 de
2997 1582 3201 1650 quibus
3227 1585 3451 1636 omnino
3487 1601 3610 1652 ιιι-«ιδ

2031 1675 2195 1745 pheta
2247 1677 2348 1730 hoc
2385 1676 2545 1729 dixit.
2589 1675 2839 1730 Prodibit
2890 1691 2953 1728 ex
3002 1676 3279 1730 Bethleem
3329 1675 3470 1742 dux,
3514 1678 3607 1745 qui

2033 1768 2247 1822 scilicet
2287 1766 2542 1821 Christus
2588 1775 2694 1830 εει,
2725 1767 2818 1834 qui
2872 1776 3057 1834 pascet
3106 1766 3370 1835 pupulum
3427 1781 3610 1819 meum
3666 1804 3672 1811 .

1989 1908 1999 1928 λ
2043 1859 2235 1925 Israel,
2269 1867 2460 1928 gentes
2501 1858 2785 1913 nimirum.
2820 1857 2955 1923 Quis
3004 1859 3152 1911 enim
3201 1857 3311 1911 dux
3358 1857 3502 1911 alius
3542 1859 3611 1911 de

2033 1951 2315 2006 Bethleem
2345 1963 2607 2018 egressus
2655 1956 2740 2004 est
2773 1958 2974 2018 praeter
3005 1948 3328 2002 Christum?
3362 1956 3418 2002 ct
3447 1963 3614 2018 quos‘

2034 2061 2159 2098 nam
2195 2043 2345 2114 pavit
2377 2051 2577 2113 printer
2607 2052 2801 2113 gentes
2829 2057 3132 2112 omnesque
3157 2042 3295 2096 alios
3327 2043 3379 2098 in
3408 2057 3465 2097 se
3492 2059 3616 2097 cre-

2033 2135 2267 2192 dentes?
2296 2134 2422 2189 Haac
2450 2145 2634 2189 autem
2665 2134 2867 2188 verba:
2900 2135 3190 2190 «Etexitus
3207 2135 3376 2204 ejusa
3408 2136 3610 2191 diebus

2031 2231 2294 2300 antiquis,
2325 2249 2342 2281 ι
2383 2228 2558 2298 ipsius
2599 2227 2942 2282 divinitatem
2983 2229 3311 2299 significant.
3353 2231 3410 2284 In
3445 2246 3610 2300 quem

2031 2324 2180 2378 enim
2211 2323 2500 2376 hominum
2531 2329 2746 2389 tempus
2774 2321 2905 2374 illud
2933 2331 3245 2390 competere
3273 2321 3611 2386 invenietur,

2033 2417 2178 2486 quod
2210 2425 2294 2483 est
2320 2432 2350 2470 a
2385 2415 2584 2470 diebus
2612 2415 2899 2484 antiquis?
2930 2416 2989 2470 in
3016 2418 3228 2470 nullum
3263 2428 3411 2472 certe
3441 2418 3612 2472 alium

2033 2520 2399 2579 praeterquam
2449 2507 2501 2561 in
2568 2522 2739 2562 unum
2788 2509 2987 2562 Deum.
3051 2510 3402 2578 Quapropter
3447 2509 3614 2564 David

2032 2603 2199 2656 etiam
2225 2602 2559 2656 vaticinatus
2593 2601 2766 2656 dixit:
2810 2619 2829 2653 ι
2862 2601 2981 2656 Νοη
3011 2601 3153 2656 daho
3188 2598 3620 2657 s‘omnum'ocus

2033 2695 2103 2751 lis
2147 2696 2302 2750 meis.
2340 2693 2520 2749 donec
2563 2693 2830 2748 invenero
2865 2694 3044 2749 locum
3070 2694 3324 2761 Domino,
3354 2695 3616 2750 tabernaa

2033 2789 2220 2844 culum
2244 2789 2355 2843 Deo
2382 2787 2571 2843 Jacob.
2606 2786 2743 2842 Ecce
2768 2787 3232 2856 audivimuseam
3271 2788 3323 2841 in
3346 2788 3613 2858 Ephra'a,

2035 2881 2348 2948 invenimus
2421 2893 2542 2933 eam
2611 2879 2668 2932 in
2724 2878 2933 2949 campis
2999 2879 3171 2934 silva.
3227 2878 3501 2932 lntremus
3561 2881 3613 2931 in

2039 2972 2398 3032 tabernacula
2429 2973 2623 3042 ipsius,
2654 2971 2953 3027 adoremus
2989 2972 3041 3025 in
3072 2972 3194 3026 loco
3221 2972 3312 3026 ubi
3342 2982 3617 3025 steterunt

2035 3066 2206 3136 pedes
2245 3065 2364 3135 ejus
2389 3065 2487 3120 ³⁸.»
2527 3063 2771 3120 Observa
2807 3080 2954 3120 nunc
2992 3065 3345 3134 Prophetam.
3383 3064 3615 3119 Revela-

2037 3166 2154 3210 tum
2187 3157 2264 3210 illi
2293 3170 2416 3211 erat
2438 3155 2727 3220 divinitus,
2753 3155 2955 3210 Filium
2983 3155 3078 3209 Dei
3112 3155 3454 3208 nasciturum
3490 3165 3615 3210 esse

353 3247 464 3317 φθη
496 3248 646 3318 παρὰ
675 3247 834 3314 Θεοῦ,
885 3249 966 3301 ὅτι
1013 3251 1040 3302 6
1080 3249 1209 3311 Υίδς
1243 3251 1410 3304 αὑτοῦ
1443 3251 1534 3303 τοῦ
1575 3251 1711 3306 Θεοῦ
1748 3252 1933 3321 μέλλει

2035 3264 2068 3305 ε
2093 3248 2342 3318 Virgine,
2374 3248 2468 3318 qui
2503 3263 2629 3303 cum
2656 3263 2823 3304 verus
2855 3249 3000 3303 Deus
3028 3249 3120 3307 sit.
3152 3247 3435 3303 hominem
3467 3257 3616 3304 esset

350 3338 681 3408 γεννηθῆναι
713 3340 777 3390 ὲκ
811 3339 910 3409 τῆς
949 3341 1256 3410 Παρθένου,
1296 3343 1389 3395 καὶ
1417 3342 1550 3405 Θεὸς
1580 3343 1656 3396 ὢν
1699 3344 1928 3414 ἀληθὴς,

355 3432 548 3501 μέλλει
600 3432 855 3499 γενέσθαι
905 3435 998 3486 καὶ
1049 3433 1336 3504 ἄνθρωπος
1376 3433 1604 3504 ἀληθὴς,
1647 3433 1831 3498 καθὼς
1869 3436 1934 3488 ὲκ

350 3524 466 3577 τῶν
492 3525 700 3578 πολλῶν
735 3525 902 3580 αὑτοῦ
940 3526 1293 3596 προφητειῶν
1319 3527 1631 3598 εἰρήκαμεν
1665 3526 1931 3598 μερικῶς.

353 3617 469 3670 Καὶ
501 3617 578 3678 τίς
611 3618 771 3686 χρεία
799 3618 1037 3696 ἑτέρρων;
1075 3619 1213 3687 Περὶ
1235 3619 1293 3671 δὲ
1319 3620 1417 3691 τῆς
1447 3605 1729 3690 Παρθένου
1758 3619 1933 3684 οὕτως

354 3707 603 3782 εἴρηκεν,
637 3729 655 3760 ι
695 3710 989 3775 Ἀκουσον,
1039 3713 1303 3783 θύγατερ,
1353 3713 1448 3766 καὶ
1495 3713 1594 3779 ἴδε,
1627 3713 1722 3766 καὶ
1751 3713 1934 3767 κλῖνον

353 3801 419 3854 τὸ
450 3800 544 3864 οῦς
575 3818 691 3863 σου,
727 3803 820 3855 καὶ
856 3803 1121 3856 ἐπιλάθου
1155 3802 1252 3856 τοῦ
1299 3803 1430 3856 λαοῦ
1460 3816 1576 3866 σου,
1609 3807 1704 3858 καὶ
1729 3802 1824 3858 τοῦ
1859 3807 1936 3858 οῖ-

358 3910 458 3947 κου
487 3891 582 3946 τοῦ
613 3893 818 3964 πατρός
867 3911 988 3948 σου.
1038 3894 1146 3948 Τοῦ
1177 3895 1287 3968 γὰρ
1317 3895 1480 3950 Δαόὶδ
1524 3896 1771 3970 θυγάτηρ
1800 3893 1868 3969 ἦν
1899 3899 1934 3969 ὴ

356 3985 491 4053 ἁγία
520 3985 728 4055 Μαρία.
765 3987 872 4038 Καὶ
904 3985 989 4039 διὸ
1023 3985 1250 4058 ἔμελλεν
1291 3988 1528 4042 ἀκοῦσαι
1579 3988 1672 4042 τὸν
1711 3988 1806 4040 τοῦ
1838 3989 1937 4060 ἀρα

363 4077 626 4146 χαγγέλου
664 4077 904 4148 Γαϐριὴλ
945 4079 1126 4146 λόγον,
1173 4077 1348 4147 λέγει,
1378 4079 1574 4132 Κλῖνον
1601 4079 1664 4130 τὸ
1693 4078 1786 4141 οὒς
1815 4095 1934 4133 σου.

377 4168 468 4218 Διὰ
487 4168 542 4221 δὲ
574 4167 672 4240 τὴν
697 4169 938 4241 ἄρρητον
968 4169 1163 4240 χαρὰν,
1188 4168 1257 4239 ἢν
1280 4169 1474 4240 ἔμελλε
1509 4169 1788 4236 δέξασθαι,
1841 4169 1938 4222 καὶ

381 4259 459 4311 ὅτι
485 4262 578 4315 ἀπὸ
607 4262 701 4316 τοῦ
728 4262 822 4316 νῦν
848 4263 917 4316 τὰ
947 4263 1155 4316 παλαιά
1181 4262 1256 4326 ὡς
1290 4262 1457 4334 ἀτελῆ
1493 4263 1751 4331 μέλλουσι
1782 4263 1938 4332 γενέ-

374 4351 492 4405 σθαι
543 4357 685 4426 ἀργὰ
743 4357 840 4408 καὶ
885 4356 1168 4427 ἄπρακτα,
1225 4357 1254 4408 6
1303 4357 1360 4409 δὲ
1412 4355 1508 4408 τοῦ
1567 4357 1774 4428 Κυρίου
1817 4356 1938 4418 νέος

366 4441 525 4510 νόμος
561 4443 720 4513 καὶὴ
769 4442 1003 4512 διαθήκη
1065 4443 1251 4514 μέλλει
1308 4443 1551 4513 λάμψειν
1607 4444 1664 4495 ὲν
1703 4442 1810 4512 ὅλῳ
1856 4441 1936 4510 τῷ

365 4533 576 4604 κόσμῳ,
614 4535 740 4607 εφη,
790 4535 898 4590 Καὶ
951 4535 1212 4588 ἐπιλάθου
1235 4533 1330 4588 τοῦ
1378 4532 1512 4587 λαοῦ
1550 4551 1668 4598 σου,
1709 4535 1803 4587 καὶ
1839 4532 1936 4586 τοῦ

365 4597 882 4696 οἷκουντοῦ-πατρός
927 4646 1044 4691 σου,
1078 4627 1177 4682 καὶ
1226 4627 1502 4697 πρόσσχες
1549 4628 1618 4678 τὰ
1654 4597 1750 4678 νέα
1779 4627 1937 4696 ὲρχό-
1969 4597 2015 4656 D

297 4777 308 4790 ⁸
369 4733 524 4786 μενα.
557 4719 666 4771 Καὶ
695 4717 870 4772 ταῦτα
924 4720 1133 4789 μέν’τῇ
1191 4718 1478 4788 Παρθένῳ.
1523 4717 1676 4770 Ἐπεὶ⁵
1731 4718 1810 4783 δὲ,
1862 4717 1938 4780 ὡς

367 4810 606 4878 εἴρηται,
634 4805 743 4863 εἶδε
787 4810 880 4863 τὸν
913 4810 1043 4864 Υίὸν
1076 4810 1171 4863 τοῦ
1211 4809 1348 4864 Θεοῦ
1380 4811 1672 4882 ἄνθρωπον
1711 4809 1941 4879 γενόμε-

370 4914 482 4959 νον,
530 4901 624 4950 καὶ
667 4899 770 4967 τὴν
814 4899 872 4965 ἐξ
906 4898 1070 4952 αὑτοῦ
1111 4900 1392 4971 θυγατέρα
1421 4900 1720 4971 τεξομένην
1751 4901 1938 4964 αὐτὸν,

369 4989 636 5059 ἐζήτησεν
666 4989 751 5043 ἵνα
776 4990 924 5061 δείξῃ
954 4990 1106 5061 αύτῷ
1135 4993 1163 5044 6
1201 4993 1335 5056 Θεὸς
1375 4993 1472 5046 κα)⁸
1501 4994 1590 5047 τὸν
1617 4993 1781 5046 τόπον
1810 4992 1942 5045 ἔνθα

371 5082 564 5150 ἔμελλε
613 5082 938 5154 γεννηθῆναι
973 5083 1002 5134 6
1049 5085 1307 5156 Χριστός.
1365 5086 1633 5155 Ἐζήτησε
1681 5085 1738 5138 δὲ
1783 5085 1944 5138 τοῦτο

373 5173 511 5242 μετὰ
537 5172 808 5244 τοσαύτης
839 5175 1245 5246 παρακλήσεως
1278 5176 1373 5228 καὶ
1412 5177 1676 5246 σπουδῆς,
1703 5177 1786 5230 ὅτι
1817 5174 1944 5229 οὔτε

369 5261 578 5331 ἢσθιεν,
641 5261 766 5316 οὒτε
815 5266 1131 5329 ἐκάθευδεν,
1183 5266 1308 5318 οὔτε
1357 5267 1686 5334 ἀνεπαύετο,
1748 5269 1947 5338 μέχρις

375 5351 440 5404 ἂν
467 5353 823 5424 ἀπεκαλύφθη
865 5357 1017 5425 παρὰ
1051 5355 1187 5409 Θεοῦ
1235 5355 1330 5410 καὶ
1367 5358 1457 5410 τὸν
1503 5357 1604 5428 τῆς
1639 5361 1946 5426 γεννήσεως

375 5446 711 5500 τόπον.Τότε
739 5450 920 5501 τοίνυν
949 5447 1335 5520 προφητεύσας
1364 5446 1541 5513 εἶπεν,
1568 5467 1587 5500 ι
1613 5449 1748 5503 Ἰδοὺ
1783 5448 1950 5519 ἠκού-

379 5555 550 5607 σαμεν
565 5540 732 5611 αὐτὴν
747 5543 804 5592 ὲν
821 5539 1083 5612 Ἑφραθᾷ,
1113 5560 1131 5592 ι
1152 5543 1432 5595 τουτέστιν
1455 5545 1508 5596 ὲν
1524 5541 1772 5614 Βηθλεέμ
1786 5558 1801 5572 ο
1824 5559 1843 5593 ι
1862 5541 1950 5594 εῦ-

383 5646 545 5698 ρομεν
574 5632 742 5700 αὐτὴν
768 5635 823 5685 ὲν
856 5635 966 5694 τοῖς
990 5634 1193 5694 πεδίοις
1219 5633 1314 5686 τοῦ
1339 5635 1570 5704 δρυμοῦ,
1611 5657 1629 5687 ι
1663 5636 1756 5688 τὸν
1783 5638 1947 5692 αὑτὸν

376 5720 539 5773 τύπον
573 5721 732 5775 πάλιν
764 5723 958 5794 δηλῶν.
992 5725 1126 5778 Τότε
1155 5727 1302 5779 λένει
1349 5745 1365 5776 ι
1393 5727 1839 5782 Εξσελευσώαεθα
1868 5729 1950 5794 είς

452 5896 498 5929 ³⁸
535 5895 676 5953 I’sal.
715 5915 894 5964 cum,
924 5898 1044 5954 4-5.
1122 5899 1167 5931 ⁸ο
1194 5901 1337 5954 Psal.
1377 5919 1518 5969 xciv,
1575 5906 1662 5959 Η.

707 5997 979 6059 ΡΑτιιοι..
1023 5998 1143 6062 Gn.
1174 5995 1349 6058 CLIV

2037 3351 2448 3412 assumpturus,
2499 3341 2966 3412 quemadmodum
3020 3357 3085 3396 ex
3137 3343 3326 3397 multis
3377 3343 3617 3397 oraculis

2037 3434 2187 3488 illius
2210 3450 2308 3504 per
2330 3443 2514 3500 partes
2539 3433 2812 3488 hactenus
2831 3434 3338 3504 comprobavimus.
3364 3435 3433 3488 Et
3455 3435 3617 3504 quida

2037 3543 2166 3583 nam
2195 3527 2321 3581 aliis
2355 3541 2496 3596 opus
2527 3527 2648 3581 est?
2683 3527 2756 3581 De
2789 3527 2910 3596 ipsa
2945 3534 3130 3582 autem
3163 3527 3381 3597 Virgine
3415 3531 3496 3584 sic
3527 3545 3618 3582 ce-

2037 3619 2209 3673 cinit:
2250 3635 2268 3667 ι
2294 3617 2462 3682 Audi,
2493 3616 2624 3682 tilia,
2650 3626 2708 3672 et
2738 3617 2886 3681 vide,
2916 3628 2972 3673 et
2997 3618 3200 3674 inclina
3228 3635 3417 3674 aurem
3446 3631 3617 3685 tuam,

2037 3717 2096 3762 et
2140 3707 2466 3762 obliviscere
2495 3709 2684 3778 populi
2712 3708 2790 3762 tui
2841 3719 2896 3763 et
2925 3707 3125 3764 domus
3173 3712 3344 3780 patris
3391 3713 3470 3766 tui
3494 3711 3562 3766 "°.
3592 3733 3610 3764 ι

2038 3801 2262 3855 Davidis
2309 3800 2458 3855 enim
2511 3801 2620 3854 lilia
2649 3809 2770 3855 erat
2804 3800 2928 3855 diva
2968 3801 3170 3865 Maria;
3225 3814 3281 3857 et
3329 3804 3457 3873 quia
3500 3805 3619 3861 hzec

2039 3891 2300 3946 auditura
2349 3899 2472 3946 erat
2519 3891 2838 3958 archangeli
2878 3890 3157 3947 Gabrielis
3188 3908 3402 3959 vocem,
3445 3895 3614 3949 dicit:

2046 3983 2284 4038 dnclina
2311 3997 2500 4037 aurem
2531 3990 2682 4037 tuam
2705 4001 2752 4050 ς»
2781 3983 3042 4037 nimirum
3070 3983 3525 4040 adinenarrahile
3553 3987 3620 4040 il-

2042 4075 2138 4129 lud
2167 4073 2452 4144 gaudium,
2489 4075 2648 4144 cujus
2687 4075 2966 4144 particeps
2992 4084 3113 4130 erat
3157 4077 3363 4131 futura.
3397 4077 3464 4132 Et
3489 4081 3618 4148 quia

2047 4165 2119 4220 ab
2147 4181 2214 4220 eo
2245 4176 2496 4235 tempore
2531 4165 2717 4220 omnia
2745 4166 3055 4235 antiquitus
3083 4166 3338 4222 instituta
3365 4184 3465 4238 pro
3499 4170 3622 4223 vili-
3704 4211 3713 4219 .

2041 4258 2148 4313 bus
2195 4267 2253 4313 et
2295 4259 2635 4328 contemptis
2676 4259 2995 4329 abroganda
3038 4271 3197 4315 erant
3228 4269 3284 4315 et
3330 4263 3615 4328 cassanda,

2038 4363 2294 4418 novaque
2315 4348 2521 4404 Christi
2551 4349 2640 4403 lex
2662 4365 2768 4404 una
2795 4365 2922 4404 cum
2941 4349 3297 4407 Testamento
3328 4369 3424 4422 per
3445 4363 3618 4408 totum

2039 4442 2311 4496 mundum
2345 4441 2638 4507 adulsura,
2683 4444 2887 4511 inquit,
2920 4441 3292 4499 «Obliviscere
3322 4448 3509 4516 pepuli
3540 4448 3618 4502 tui

2040 4542 2099 4589 et
2122 4533 2323 4588 domus
2351 4533 2526 4603 patris
2549 4532 2688 4599 tui,»
2722 4543 2779 4587 et
2804 4536 2964 4589 novis
2994 4535 3104 4589 illis
3129 4537 3243 4607 jam
3275 4536 3480 4593 futuris
3499 4550 3620 4594 esto

2043 4625 2279 4680 intenta.
2313 4624 2383 4679 Et
2433 4623 2554 4679 haec
2603 4625 2827 4694 quidem
2879 4627 2946 4680 ad
2992 4627 3275 4696 Virginem
3331 4629 3622 4685 referenda

2043 4726 2196 4773 sunt.
2232 4716 2530 4787 Postquam
2553 4733 2708 4784 vero,
2735 4727 2796 4772 ut
2817 4717 3025 4773 dictum
3049 4731 3154 4784 est,
3176 4719 3294 4790 jam
3313 4721 3625 4791 agnovisset

2044 4810 2196 4882 quod
2245 4809 2343 4865 Dei
2391 4809 2563 4865 Filius
2597 4809 2880 4865 hominem
2925 4819 3074 4866 esset
3111 4822 3518 4882 assumpturus,
3568 4821 3625 4868 et

2045 4925 2116 4963 ex
2163 4909 2278 4962 ﬁlia
2327 4906 2501 4976 ipsius
2550 4907 2888 4973 nasciturus,
2920 4907 3134 4977 rogavit
3164 4917 3225 4962 ut
3265 4917 3322 4964 et
3350 4909 3530 4966 locum
3567 4911 3623 4966 in

2047 5013 2160 5072 quo
2182 5002 2500 5056 nasciturus
2523 5009 2645 5054 erat
2669 4999 2947 5067 Christus,
2977 5001 3082 5057 sibi
3110 5003 3254 5057 Deus
3278 5004 3623 5062 ostenderet.

2001 5159 2003 5161 ι
2044 5086 2160 5142 Hoc
2204 5096 2386 5141 autem
2435 5095 2588 5141 tanto
2629 5088 2799 5141 animi
2833 5088 3050 5143 fervore
3089 5100 3144 5145 et
3175 5091 3358 5146 studio
3401 5094 3629 5149 investi-

2043 5181 2214 5250 gavit,
2241 5189 2301 5232 ut
2330 5194 2434 5233 nec
2455 5178 2640 5233 cibum
2665 5190 2932 5249 sumeret,
2963 5199 3064 5238 nec
3093 5199 3288 5238 somno
3316 5203 3416 5241 nec
3443 5165 3648 5257 quieti-

2047 5271 2388 5340 indulgeret,
2439 5273 2772 5342 donecsipse
2818 5290 3042 5345 quoque
3080 5277 3280 5332 natalis
3329 5277 3485 5332 locus
3517 5280 3626 5334 sibi

2049 5378 2082 5416 a
2115 5363 2228 5416 Deo
2263 5361 2626 5417 revelaretur.
2655 5365 2724 5419 Et
2751 5373 2883 5421 tunc
2917 5368 3242 5439 prophetico
3280 5371 3481 5441 spiritu
3514 5375 3628 5443 agis

2051 5464 2200 5511 tatus
2253 5454 2428 5510 dixit:
2487 5474 2504 5506 ι
2536 5455 2679 5511 Ecce
2728 5457 2782 5511 in
2821 5459 3061 5529 Ephrata
3106 5463 3420 5518 audivimus
3446 5480 3621 5527 eam,»

2057 5545 2116 5601 id
2153 5554 2240 5602 est
2283 5546 2338 5600 in
2375 5545 2702 5611 Bethleem;
2760 5567 2778 5599 ι
2807 5549 3122 5606 invenimus
3170 5569 3292 5608 eam
3334 5555 3388 5606 in
3421 5555 3628 5622 campis

2053 5639 2259 5705 silvae“
2303 5655 2475 5693 unum
2524 5639 2764 5695 eundem
2801 5643 2981 5698 locum
3025 5646 3112 5700 bis
3150 5646 3438 5702 denotans.
3473 5646 3514 5699 'l‘
3523 5659 3627 5698 uno

2055 5731 2375 5802 subiungit:
2427 5729 2747 5787 (Intremus
2795 5735 2851 5788 in
2900 5735 3252 5791 tabernacula
3291 5736 3485 5806 ipsius,
3523 5735 3623 5788 ad-

3245 6003 3317 6065 14
