  <div class='ocr_page' id='page_1' title='image "/cluster/home/n/w/nwhite01/storage/ocr_20150623/154:no.2/coo.31924054870591/221.png"; bbox 0 0 4090 6446; ppageno 0'>
   <div class='ocr_carea' id='block_1_1' title="bbox 474 425 578 490">
    <p class='ocr_par' dir='ltr' id='par_1_1' title="bbox 474 425 578 490">
     <span class='ocr_line' id='line_1_1' title="bbox 474 425 578 490; baseline -0.019 0"><span class='ocrx_word' id='word_1_1' title='bbox 474 425 578 490; x_wconf 65' lang='grc'><strong>427</strong></span> 
     </span>
    </p>
   </div>
   <div class='ocr_carea' id='block_1_2' title="bbox 1652 428 2551 533">
    <p class='ocr_par' dir='ltr' id='par_1_2' title="bbox 1652 428 2551 533">
     <span class='ocr_line' id='line_1_2' title="bbox 1652 428 2551 533; baseline -0.001 -42"><span class='ocrx_word' id='word_1_2' title='bbox 1652 429 1973 491; x_wconf 70' lang='lat' dir='ltr'><strong>JOANNIS</strong></span> <span class='ocrx_word' id='word_1_3' title='bbox 2017 432 2102 492; x_wconf 78' lang='lat' dir='ltr'><strong>CA</strong></span> <span class='ocrx_word' id='word_1_4' title='bbox 2116 428 2551 533; x_wconf 45' lang='lat' dir='ltr'><strong>.‘ti&#39;l‘ACUZENI</strong></span> 
     </span>
    </p>
   </div>
   <div class='ocr_carea' id='block_1_3' title="bbox 3612 430 3718 493">
    <p class='ocr_par' dir='ltr' id='par_1_3' title="bbox 3612 430 3718 493">
     <span class='ocr_line' id='line_1_3' title="bbox 3612 430 3718 493; baseline 0.038 -4"><span class='ocrx_word' id='word_1_5' title='bbox 3612 430 3718 493; x_wconf 58' lang='lat'><strong>5‘38</strong></span> 
     </span>
    </p>
   </div>
   <div class='ocr_carea' id='block_1_4' title="bbox 473 539 2030 615">
    <p class='ocr_par' dir='ltr' id='par_1_4' title="bbox 473 542 2030 614">
     <span class='ocr_line' id='line_1_4' title="bbox 473 542 2030 614; baseline 0 -17"><span class='ocrx_word' id='word_1_6' title='bbox 473 557 701 598; x_wconf 81' lang='lat' dir='ltr'><strong>oremus</strong></span> <span class='ocrx_word' id='word_1_7' title='bbox 748 543 802 596; x_wconf 90' lang='lat' dir='ltr'><strong>in</strong></span> <span class='ocrx_word' id='word_1_8' title='bbox 853 542 976 598; x_wconf 90' lang='lat' dir='ltr'><strong>loco</strong></span> <span class='ocrx_word' id='word_1_9' title='bbox 1020 542 1111 598; x_wconf 89' lang='lat' dir='ltr'><strong>ubi</strong></span> <span class='ocrx_word' id='word_1_10' title='bbox 1161 552 1431 598; x_wconf 86' lang='lat' dir='ltr'><strong>steterunt</strong></span> <span class='ocrx_word' id='word_1_11' title='bbox 1481 543 1648 611; x_wconf 65' lang='lat' dir='ltr'><strong>pedes</strong></span> <span class='ocrx_word' id='word_1_12' title='bbox 1698 546 1869 614; x_wconf 62' lang='lat' dir='ltr'><strong>ejus.»</strong></span> <span class='ocrx_word' id='word_1_13' title='bbox 1923 544 2030 599; x_wconf 60' lang='lat' dir='ltr'><strong>Hau</strong></span> 
     </span>
    </p>
   </div>
   <div class='ocr_carea' id='block_1_5' title="bbox 2131 539 3719 615">
    <p class='ocr_par' dir='ltr' id='par_1_5' title="bbox 2151 539 3719 615">
     <span class='ocr_line' id='line_1_5' title="bbox 2151 539 3719 615; baseline -0.001 -18"><span class='ocrx_word' id='word_1_14' title='bbox 2151 544 2219 597; x_wconf 72' lang='grc' dir='ltr'>τὶι</span> <span class='ocrx_word' id='word_1_15' title='bbox 2253 543 2587 615; x_wconf 79' lang='grc' dir='ltr'><strong>σκηνώματα</strong></span> <span class='ocrx_word' id='word_1_16' title='bbox 2609 541 2795 608; x_wconf 72' lang='grc' dir='ltr'>αὐτοῦ,</span> <span class='ocrx_word' id='word_1_17' title='bbox 2828 540 3292 613; x_wconf 71' lang='grc' dir='ltr'>προσκυνήσωμεν</span> <span class='ocrx_word' id='word_1_18' title='bbox 3315 541 3392 603; x_wconf 84' lang='grc' dir='ltr'>εἰς</span> <span class='ocrx_word' id='word_1_19' title='bbox 3423 539 3511 593; x_wconf 68' lang='grc' dir='ltr'><strong>τὸν</strong></span> <span class='ocrx_word' id='word_1_20' title='bbox 3533 541 3719 595; x_wconf 73' lang='grc' dir='ltr'>τόπονν</span> 
     </span>
    </p>
   </div>
   <div class='ocr_carea' id='block_1_6' title="bbox 473 635 2036 705">
    <p class='ocr_par' dir='ltr' id='par_1_6' title="bbox 473 635 2036 705">
     <span class='ocr_line' id='line_1_6' title="bbox 473 635 2036 705; baseline 0.001 -17"><span class='ocrx_word' id='word_1_21' title='bbox 473 637 663 698; x_wconf 82' lang='lat' dir='ltr'><strong>verba,</strong></span> <span class='ocrx_word' id='word_1_22' title='bbox 705 635 1011 690; x_wconf 74' lang='lat' dir='ltr'><strong>ilntremus</strong></span> <span class='ocrx_word' id='word_1_23' title='bbox 1043 637 1098 689; x_wconf 92' lang='lat' dir='ltr'><strong>in</strong></span> <span class='ocrx_word' id='word_1_24' title='bbox 1133 636 1485 691; x_wconf 86' lang='lat' dir='ltr'><strong>tabernacula</strong></span> <span class='ocrx_word' id='word_1_25' title='bbox 1523 636 1747 705; x_wconf 67' lang='lat' dir='ltr'><strong>ipsius,»</strong></span> <span class='ocrx_word' id='word_1_26' title='bbox 1781 647 2036 705; x_wconf 82' lang='lat' dir='ltr'><strong>tanquam</strong></span> 
     </span>
    </p>
   </div>
   <div class='ocr_carea' id='block_1_7' title="bbox 467 728 2038 796">
    <p class='ocr_par' dir='ltr' id='par_1_7' title="bbox 467 728 2038 796">
     <span class='ocr_line' id='line_1_7' title="bbox 467 728 2038 796; baseline 0.001 -17"><span class='ocrx_word' id='word_1_27' title='bbox 467 728 536 781; x_wconf 83' lang='lat' dir='ltr'><strong>de</strong></span> <span class='ocrx_word' id='word_1_28' title='bbox 570 729 911 796; x_wconf 70' lang='lat' dir='ltr'><strong>contemptis</strong></span> <span class='ocrx_word' id='word_1_29' title='bbox 948 736 1002 781; x_wconf 82' lang='lat' dir='ltr'><strong>cl.</strong></span> <span class='ocrx_word' id='word_1_30' title='bbox 1034 728 1186 782; x_wconf 85' lang='lat' dir='ltr'><strong>nullo</strong></span> <span class='ocrx_word' id='word_1_31' title='bbox 1224 728 1403 796; x_wconf 86' lang='lat' dir='ltr'><strong>pretio</strong></span> <span class='ocrx_word' id='word_1_32' title='bbox 1438 728 1642 780; x_wconf 72' lang='lat' dir='ltr'><strong>habitis</strong></span> <span class='ocrx_word' id='word_1_33' title='bbox 1668 728 1826 781; x_wconf 65' lang='lat' dir='ltr'><strong>dixit.</strong></span> <span class='ocrx_word' id='word_1_34' title='bbox 1868 728 2038 780; x_wconf 61' lang='grc' dir='ltr'>θοι-ηδ</span> 
     </span>
    </p>
   </div>
   <div class='ocr_carea' id='block_1_8' title="bbox 472 818 2040 882">
    <p class='ocr_par' dir='ltr' id='par_1_8' title="bbox 472 818 2040 882">
     <span class='ocr_line' id='line_1_8' title="bbox 472 818 2040 882; baseline -0.001 -10"><span class='ocrx_word' id='word_1_35' title='bbox 472 819 619 872; x_wconf 88' lang='lat' dir='ltr'><strong>enim</strong></span> <span class='ocrx_word' id='word_1_36' title='bbox 662 820 744 871; x_wconf 84' lang='lat' dir='ltr'><strong>vel</strong></span> <span class='ocrx_word' id='word_1_37' title='bbox 795 818 1216 872; x_wconf 85' lang='lat' dir='ltr'><strong>tabernaculum</strong></span> <span class='ocrx_word' id='word_1_38' title='bbox 1249 820 1470 882; x_wconf 81' lang='lat' dir='ltr'><strong>dicitur,</strong></span> <span class='ocrx_word' id='word_1_39' title='bbox 1506 829 1757 872; x_wconf 76' lang='lat' dir='ltr'><strong>recenter</strong></span> <span class='ocrx_word' id='word_1_40' title='bbox 1787 831 2040 873; x_wconf 76' lang='lat' dir='ltr'><strong>exstruc-</strong></span> 
     </span>
    </p>
   </div>
   <div class='ocr_carea' id='block_1_9' title="bbox 476 907 2042 977">
    <p class='ocr_par' dir='ltr' id='par_1_9' title="bbox 476 907 2042 977">
     <span class='ocr_line' id='line_1_9' title="bbox 476 907 2042 977; baseline -0.001 -19"><span class='ocrx_word' id='word_1_41' title='bbox 476 922 588 959; x_wconf 85' lang='lat' dir='ltr'><strong>tum</strong></span> <span class='ocrx_word' id='word_1_42' title='bbox 620 916 673 961; x_wconf 90' lang='lat' dir='ltr'><strong>et</strong></span> <span class='ocrx_word' id='word_1_43' title='bbox 700 909 846 977; x_wconf 86' lang='lat' dir='ltr'><strong>quod</strong></span> <span class='ocrx_word' id='word_1_44' title='bbox 881 909 1062 961; x_wconf 81' lang='lat' dir='ltr'><strong>statim</strong></span> <span class='ocrx_word' id='word_1_45' title='bbox 1109 908 1445 977; x_wconf 64' lang='lat' dir='ltr'><strong>refrangitur</strong></span> <span class='ocrx_word' id='word_1_46' title='bbox 1494 908 1855 963; x_wconf 71' lang='lat' dir='ltr'><strong>domicilium.</strong></span> <span class='ocrx_word' id='word_1_47' title='bbox 1887 925 1904 957; x_wconf 78' lang='grc' dir='ltr'>ι</span> <span class='ocrx_word' id='word_1_48' title='bbox 1934 907 2042 959; x_wconf 66' lang='lat' dir='ltr'><strong>Ad-</strong></span> 
     </span>
    </p>
   </div>
   <div class='ocr_carea' id='block_1_10' title="bbox 469 997 2037 1065">
    <p class='ocr_par' dir='ltr' id='par_1_10' title="bbox 469 997 2037 1065">
     <span class='ocr_line' id='line_1_10' title="bbox 469 997 2037 1065; baseline 0.001 -17"><span class='ocrx_word' id='word_1_49' title='bbox 469 1014 698 1051; x_wconf 84' lang='lat' dir='ltr'><strong>oremus</strong></span> <span class='ocrx_word' id='word_1_50' title='bbox 744 999 922 1052; x_wconf 86' lang='lat' dir='ltr'><strong>locum</strong></span> <span class='ocrx_word' id='word_1_51' title='bbox 976 997 1069 1051; x_wconf 79' lang='lat' dir='ltr'><strong>ubi</strong></span> <span class='ocrx_word' id='word_1_52' title='bbox 1112 1007 1387 1052; x_wconf 86' lang='lat' dir='ltr'><strong>seternnt</strong></span> <span class='ocrx_word' id='word_1_53' title='bbox 1425 998 1592 1065; x_wconf 81' lang='lat' dir='ltr'><strong>pedes</strong></span> <span class='ocrx_word' id='word_1_54' title='bbox 1629 998 1854 1065; x_wconf 67' lang='lat' dir='ltr'><strong>ipsius.»</strong></span> <span class='ocrx_word' id='word_1_55' title='bbox 1898 997 2037 1060; x_wconf 81' lang='lat' dir='ltr'><strong>Quid</strong></span> 
     </span>
    </p>
   </div>
   <div class='ocr_carea' id='block_1_11' title="bbox 470 1073 2040 1157">
    <p class='ocr_par' dir='ltr' id='par_1_11' title="bbox 470 1073 2040 1157">
     <span class='ocr_line' id='line_1_11' title="bbox 470 1073 2040 1157; baseline 0.001 -17"><span class='ocrx_word' id='word_1_56' title='bbox 470 1103 613 1157; x_wconf 82' lang='lat' dir='ltr'><strong>opus</strong></span> <span class='ocrx_word' id='word_1_57' title='bbox 642 1097 727 1141; x_wconf 85' lang='lat' dir='ltr'><strong>est</strong></span> <span class='ocrx_word' id='word_1_58' title='bbox 760 1104 846 1142; x_wconf 90' lang='lat' dir='ltr'><strong>me</strong></span> <span class='ocrx_word' id='word_1_59' title='bbox 881 1087 1049 1141; x_wconf 90' lang='lat' dir='ltr'><strong>multa</strong></span> <span class='ocrx_word' id='word_1_60' title='bbox 1083 1088 1150 1141; x_wconf 90' lang='lat' dir='ltr'><strong>de</strong></span> <span class='ocrx_word' id='word_1_61' title='bbox 1187 1087 1269 1141; x_wconf 79' lang='lat' dir='ltr'><strong>his</strong></span> <span class='ocrx_word' id='word_1_62' title='bbox 1307 1088 1531 1141; x_wconf 85' lang='lat' dir='ltr'><strong>dicere?</strong></span> <span class='ocrx_word' id='word_1_63' title='bbox 1561 1073 1701 1151; x_wconf 76' lang='lat' dir='ltr'><strong>Quin</strong></span> <span class='ocrx_word' id='word_1_64' title='bbox 1751 1087 1931 1156; x_wconf 80' lang='lat' dir='ltr'><strong>potius</strong></span> <span class='ocrx_word' id='word_1_65' title='bbox 1965 1099 2040 1142; x_wconf 82' lang='lat' dir='ltr'><strong>te-</strong></span> 
     </span>
    </p>
   </div>
   <div class='ocr_carea' id='block_1_12' title="bbox 469 1180 2038 1251">
    <p class='ocr_par' dir='ltr' id='par_1_12' title="bbox 469 1180 2038 1251">
     <span class='ocr_line' id='line_1_12' title="bbox 469 1180 2038 1251; baseline -0.001 -16"><span class='ocrx_word' id='word_1_66' title='bbox 469 1182 651 1251; x_wconf 87' lang='lat' dir='ltr'><strong>ipsum</strong></span> <span class='ocrx_word' id='word_1_67' title='bbox 709 1180 776 1234; x_wconf 80' lang='lat' dir='ltr'><strong>tle</strong></span> <span class='ocrx_word' id='word_1_68' title='bbox 825 1181 908 1233; x_wconf 89' lang='lat' dir='ltr'><strong>his</strong></span> <span class='ocrx_word' id='word_1_69' title='bbox 951 1180 1186 1249; x_wconf 81' lang='lat' dir='ltr'><strong>appello.</strong></span> <span class='ocrx_word' id='word_1_70' title='bbox 1222 1180 1473 1249; x_wconf 77' lang='lat' dir='ltr'><strong>Magnum</strong></span> <span class='ocrx_word' id='word_1_71' title='bbox 1522 1181 1671 1233; x_wconf 87' lang='lat' dir='ltr'><strong>enim</strong></span> <span class='ocrx_word' id='word_1_72' title='bbox 1723 1180 1872 1233; x_wconf 84' lang='lat' dir='ltr'><strong>illum</strong></span> <span class='ocrx_word' id='word_1_73' title='bbox 1907 1197 2038 1249; x_wconf 89' lang='lat' dir='ltr'><strong>pro-</strong></span> 
     </span>
    </p>
   </div>
   <div class='ocr_carea' id='block_1_13' title="bbox 466 1273 2036 1345">
    <p class='ocr_par' dir='ltr' id='par_1_13' title="bbox 466 1273 2036 1345">
     <span class='ocr_line' id='line_1_13' title="bbox 466 1273 2036 1345; baseline -0.001 -17"><span class='ocrx_word' id='word_1_74' title='bbox 466 1277 692 1345; x_wconf 84' lang='lat' dir='ltr'><strong>phetam</strong></span> <span class='ocrx_word' id='word_1_75' title='bbox 722 1285 777 1330; x_wconf 89' lang='lat' dir='ltr'><strong>et</strong></span> <span class='ocrx_word' id='word_1_76' title='bbox 805 1291 1011 1344; x_wconf 80' lang='lat' dir='ltr'><strong>regem,</strong></span> <span class='ocrx_word' id='word_1_77' title='bbox 1037 1274 1129 1342; x_wconf 85' lang='lat' dir='ltr'><strong>qui</strong></span> <span class='ocrx_word' id='word_1_78' title='bbox 1164 1273 1258 1327; x_wconf 88' lang='lat' dir='ltr'><strong>Dei</strong></span> <span class='ocrx_word' id='word_1_79' title='bbox 1292 1289 1515 1342; x_wconf 85' lang='lat' dir='ltr'><strong>quoque</strong></span> <span class='ocrx_word' id='word_1_80' title='bbox 1541 1274 1857 1328; x_wconf 89' lang='lat' dir='ltr'><strong>testimonio</strong></span> <span class='ocrx_word' id='word_1_81' title='bbox 1888 1290 2036 1328; x_wconf 75' lang='lat' dir='ltr'><strong>eom-</strong></span> 
     </span>
    </p>
   </div>
   <div class='ocr_carea' id='block_1_14' title="bbox 467 1366 2036 1437">
    <p class='ocr_par' dir='ltr' id='par_1_14' title="bbox 467 1366 2036 1437">
     <span class='ocr_line' id='line_1_14' title="bbox 467 1366 2036 1437; baseline -0.001 -16"><span class='ocrx_word' id='word_1_82' title='bbox 467 1369 717 1422; x_wconf 89' lang='lat' dir='ltr'><strong>mendari</strong></span> <span class='ocrx_word' id='word_1_83' title='bbox 753 1369 952 1434; x_wconf 81' lang='lat' dir='ltr'><strong>dignus</strong></span> <span class='ocrx_word' id='word_1_84' title='bbox 986 1368 1091 1420; x_wconf 81' lang='lat' dir='ltr'><strong>fuit</strong></span> <span class='ocrx_word' id='word_1_85' title='bbox 1116 1368 1222 1437; x_wconf 86' lang='lat' dir='ltr'><strong>(sic</strong></span> <span class='ocrx_word' id='word_1_86' title='bbox 1252 1366 1401 1419; x_wconf 78' lang='lat' dir='ltr'><strong>enim</strong></span> <span class='ocrx_word' id='word_1_87' title='bbox 1448 1367 1516 1419; x_wconf 86' lang='lat' dir='ltr'><strong>de</strong></span> <span class='ocrx_word' id='word_1_88' title='bbox 1547 1367 1639 1419; x_wconf 91' lang='lat' dir='ltr'><strong>illo</strong></span> <span class='ocrx_word' id='word_1_89' title='bbox 1668 1366 1813 1421; x_wconf 84' lang='lat' dir='ltr'><strong>Deus</strong></span> <span class='ocrx_word' id='word_1_90' title='bbox 1856 1367 2036 1436; x_wconf 91' lang='lat' dir='ltr'><strong>loqui-</strong></span> 
     </span>
    </p>
   </div>
   <div class='ocr_carea' id='block_1_15' title="bbox 466 1457 2035 1526">
    <p class='ocr_par' dir='ltr' id='par_1_15' title="bbox 466 1457 2035 1526">
     <span class='ocr_line' id='line_1_15' title="bbox 466 1457 2035 1526; baseline 0.001 -14"><span class='ocrx_word' id='word_1_91' title='bbox 466 1470 581 1521; x_wconf 86' lang='lat' dir='ltr'><strong>tur,</strong></span> <span class='ocrx_word' id='word_1_92' title='bbox 635 1459 850 1512; x_wconf 71' lang='lat' dir='ltr'><strong>clnveni</strong></span> <span class='ocrx_word' id='word_1_93' title='bbox 887 1459 1078 1517; x_wconf 88' lang='lat' dir='ltr'><strong>David.</strong></span> <span class='ocrx_word' id='word_1_94' title='bbox 1116 1478 1133 1510; x_wconf 76' lang='grc' dir='ltr'><strong>ι</strong></span> <span class='ocrx_word' id='word_1_95' title='bbox 1179 1458 1333 1525; x_wconf 84' lang='lat' dir='ltr'><strong>etc.).</strong></span> <span class='ocrx_word' id='word_1_96' title='bbox 1387 1473 1679 1526; x_wconf 86' lang='lat' dir='ltr'><strong>quemnam</strong></span> <span class='ocrx_word' id='word_1_97' title='bbox 1721 1457 2035 1513; x_wconf 86' lang='lat' dir='ltr'><strong>adoravisse</strong></span> 
     </span>
    </p>
   </div>
   <div class='ocr_carea' id='block_1_16' title="bbox 464 1550 2036 1620">
    <p class='ocr_par' dir='ltr' id='par_1_16' title="bbox 464 1550 2036 1620">
     <span class='ocr_line' id='line_1_16' title="bbox 464 1550 2036 1620; baseline 0 -15"><span class='ocrx_word' id='word_1_98' title='bbox 464 1553 754 1606; x_wconf 75' lang='lat' dir='ltr'><strong>dicemus?</strong></span> <span class='ocrx_word' id='word_1_99' title='bbox 806 1553 889 1606; x_wconf 84' lang='lat' dir='ltr'><strong>An</strong></span> <span class='ocrx_word' id='word_1_100' title='bbox 939 1552 1093 1604; x_wconf 91' lang='lat' dir='ltr'><strong>illum</strong></span> <span class='ocrx_word' id='word_1_101' title='bbox 1144 1550 1527 1604; x_wconf 72' lang='lat' dir='ltr'><strong>tantummodo</strong></span> <span class='ocrx_word' id='word_1_102' title='bbox 1575 1551 1669 1620; x_wconf 89' lang='lat' dir='ltr'><strong>qui</strong></span> <span class='ocrx_word' id='word_1_103' title='bbox 1722 1550 2036 1605; x_wconf 84' lang='lat' dir='ltr'><strong>nasciturus</strong></span> 
     </span>
    </p>
   </div>
   <div class='ocr_carea' id='block_1_17' title="bbox 462 1640 2032 1710">
    <p class='ocr_par' dir='ltr' id='par_1_17' title="bbox 462 1640 2032 1710">
     <span class='ocr_line' id='line_1_17' title="bbox 462 1640 2032 1710; baseline -0.002 -13"><span class='ocrx_word' id='word_1_104' title='bbox 462 1644 622 1697; x_wconf 83' lang='lat' dir='ltr'><strong>erat?</strong></span> <span class='ocrx_word' id='word_1_105' title='bbox 659 1642 753 1697; x_wconf 87' lang='lat' dir='ltr'><strong>sed</strong></span> <span class='ocrx_word' id='word_1_106' title='bbox 802 1652 859 1696; x_wconf 89' lang='lat' dir='ltr'><strong>et</strong></span> <span class='ocrx_word' id='word_1_107' title='bbox 904 1642 1086 1695; x_wconf 88' lang='lat' dir='ltr'><strong>locum</strong></span> <span class='ocrx_word' id='word_1_108' title='bbox 1134 1640 1187 1693; x_wconf 88' lang='lat' dir='ltr'><strong>in</strong></span> <span class='ocrx_word' id='word_1_109' title='bbox 1225 1658 1333 1710; x_wconf 84' lang='lat' dir='ltr'><strong>quo</strong></span> <span class='ocrx_word' id='word_1_110' title='bbox 1363 1650 1625 1694; x_wconf 82' lang='lat' dir='ltr'><strong>steterant</strong></span> <span class='ocrx_word' id='word_1_111' title='bbox 1664 1642 1832 1709; x_wconf 77' lang='lat' dir='ltr'><strong>pedes</strong></span> <span class='ocrx_word' id='word_1_112' title='bbox 1866 1640 2032 1702; x_wconf 90' lang='lat' dir='ltr'><strong>illius,</strong></span> 
     </span>
    </p>
   </div>
   <div class='ocr_carea' id='block_1_18' title="bbox 465 1732 2037 1804">
    <p class='ocr_par' dir='ltr' id='par_1_18' title="bbox 465 1732 2037 1804">
     <span class='ocr_line' id='line_1_18' title="bbox 465 1732 2037 1804; baseline -0.002 -16"><span class='ocrx_word' id='word_1_113' title='bbox 465 1748 726 1804; x_wconf 76' lang='lat' dir='ltr'><strong>tanquam</strong></span> <span class='ocrx_word' id='word_1_114' title='bbox 759 1736 1038 1789; x_wconf 80' lang='lat' dir='ltr'><strong>hominem</strong></span> <span class='ocrx_word' id='word_1_115' title='bbox 1070 1735 1231 1788; x_wconf 80' lang='lat' dir='ltr'><strong>nobis</strong></span> <span class='ocrx_word' id='word_1_116' title='bbox 1256 1736 1517 1788; x_wconf 88' lang='lat' dir='ltr'><strong>omnibus</strong></span> <span class='ocrx_word' id='word_1_117' title='bbox 1551 1732 1931 1787; x_wconf 85' lang='lat' dir='ltr'><strong>tantummodo</strong></span> <span class='ocrx_word' id='word_1_118' title='bbox 1964 1736 2037 1786; x_wconf 90' lang='lat' dir='ltr'><strong>si-</strong></span> 
     </span>
    </p>
   </div>
   <div class='ocr_carea' id='block_1_19' title="bbox 464 1825 2035 1896">
    <p class='ocr_par' dir='ltr' id='par_1_19' title="bbox 464 1825 2035 1896">
     <span class='ocr_line' id='line_1_19' title="bbox 464 1825 2035 1896; baseline -0.003 -15"><span class='ocrx_word' id='word_1_119' title='bbox 464 1830 697 1883; x_wconf 83' lang='lat' dir='ltr'><strong>milem?</strong></span> <span class='ocrx_word' id='word_1_120' title='bbox 740 1828 879 1893; x_wconf 87' lang='lat' dir='ltr'><strong>Quis</strong></span> <span class='ocrx_word' id='word_1_121' title='bbox 925 1841 1054 1882; x_wconf 83' lang='lat' dir='ltr'><strong>vero</strong></span> <span class='ocrx_word' id='word_1_122' title='bbox 1087 1836 1192 1881; x_wconf 88' lang='lat' dir='ltr'><strong>tam</strong></span> <span class='ocrx_word' id='word_1_123' title='bbox 1223 1827 1499 1896; x_wconf 85' lang='lat' dir='ltr'><strong>stupidus.</strong></span> <span class='ocrx_word' id='word_1_124' title='bbox 1547 1826 1655 1880; x_wconf 79' lang='lat' dir='ltr'><strong>imo</strong></span> <span class='ocrx_word' id='word_1_125' title='bbox 1698 1835 1806 1878; x_wconf 86' lang='lat' dir='ltr'><strong>tam</strong></span> <span class='ocrx_word' id='word_1_126' title='bbox 1839 1825 2035 1879; x_wconf 84' lang='lat' dir='ltr'><strong>deser-</strong></span> 
     </span>
    </p>
   </div>
   <div class='ocr_carea' id='block_1_20' title="bbox 2146 630 3721 706">
    <p class='ocr_par' dir='ltr' id='par_1_20' title="bbox 2146 630 3721 706">
     <span class='ocr_line' id='line_1_20' title="bbox 2146 630 3721 706; baseline -0.002 -16"><span class='ocrx_word' id='word_1_127' title='bbox 2146 634 2207 690; x_wconf 71' lang='grc' dir='ltr'><strong>οἶ)</strong></span> <span class='ocrx_word' id='word_1_128' title='bbox 2232 637 2465 706; x_wconf 77' lang='grc' dir='ltr'>ἔστησαν</span> <span class='ocrx_word' id='word_1_129' title='bbox 2489 636 2539 688; x_wconf 78' lang='grc' dir='ltr'>οἱ</span> <span class='ocrx_word' id='word_1_130' title='bbox 2563 635 2721 698; x_wconf 82' lang='grc' dir='ltr'>πόδες</span> <span class='ocrx_word' id='word_1_131' title='bbox 2746 634 2928 687; x_wconf 79' lang='grc' dir='ltr'>αὐτοῦ.</span> <span class='ocrx_word' id='word_1_132' title='bbox 2958 652 2975 684; x_wconf 75' lang='grc' dir='ltr'><strong>ι</strong></span> <span class='ocrx_word' id='word_1_133' title='bbox 3005 634 3097 698; x_wconf 77' lang='lat' dir='ltr'><strong>T6,</strong></span> <span class='ocrx_word' id='word_1_134' title='bbox 3126 652 3144 683; x_wconf 85' lang='grc' dir='ltr'>ι</span> <span class='ocrx_word' id='word_1_135' title='bbox 3174 630 3620 700; x_wconf 74' lang='grc' dir='ltr'>Είσελευσιῦμεοα</span> <span class='ocrx_word' id='word_1_136' title='bbox 3642 639 3721 698; x_wconf 82' lang='grc' dir='ltr'>εἱς</span> 
     </span>
    </p>
   </div>
   <div class='ocr_carea' id='block_1_21' title="bbox 2143 724 3721 798">
    <p class='ocr_par' dir='ltr' id='par_1_21' title="bbox 2143 724 3721 798">
     <span class='ocr_line' id='line_1_21' title="bbox 2143 724 3721 798; baseline -0.001 -17"><span class='ocrx_word' id='word_1_137' title='bbox 2143 730 2212 781; x_wconf 75' lang='grc' dir='ltr'>τὰ</span> <span class='ocrx_word' id='word_1_138' title='bbox 2266 728 2601 798; x_wconf 79' lang='grc' dir='ltr'><strong>σκηνώματα</strong></span> <span class='ocrx_word' id='word_1_139' title='bbox 2649 729 2838 792; x_wconf 60' lang='grc' dir='ltr'>αὑτοΰ,</span> <span class='ocrx_word' id='word_1_140' title='bbox 2884 747 2902 778; x_wconf 77' lang='grc' dir='ltr'><strong>ι</strong></span> <span class='ocrx_word' id='word_1_141' title='bbox 2934 727 3007 788; x_wconf 83' lang='grc' dir='ltr'>ὡς</span> <span class='ocrx_word' id='word_1_142' title='bbox 3064 726 3256 793; x_wconf 81' lang='grc' dir='ltr'>εὐτελῆ</span> <span class='ocrx_word' id='word_1_143' title='bbox 3287 726 3381 777; x_wconf 72' lang='grc' dir='ltr'><strong>καὶ</strong></span> <span class='ocrx_word' id='word_1_144' title='bbox 3416 724 3492 794; x_wconf 85' lang='grc' dir='ltr'>μὴ</span> <span class='ocrx_word' id='word_1_145' title='bbox 3527 725 3721 795; x_wconf 79' lang='grc' dir='ltr'>ἔχοντα</span> 
     </span>
    </p>
   </div>
   <div class='ocr_carea' id='block_1_22' title="bbox 2140 815 3721 890">
    <p class='ocr_par' dir='ltr' id='par_1_22' title="bbox 2140 815 3721 890">
     <span class='ocr_line' id='line_1_22' title="bbox 2140 815 3721 890; baseline -0.002 -17"><span class='ocrx_word' id='word_1_146' title='bbox 2140 820 2403 890; x_wconf 63' lang='grc' dir='ltr'>ψήφισμά</span> <span class='ocrx_word' id='word_1_147' title='bbox 2425 838 2501 883; x_wconf 86' lang='grc' dir='ltr'><strong>τι,</strong></span> <span class='ocrx_word' id='word_1_148' title='bbox 2536 815 2681 874; x_wconf 74' lang='grc' dir='ltr'>εἷπε.</span> <span class='ocrx_word' id='word_1_149' title='bbox 2716 820 2897 889; x_wconf 75' lang='grc' dir='ltr'>Σκηνὴ</span> <span class='ocrx_word' id='word_1_150' title='bbox 2927 819 3034 887; x_wconf 80' lang='grc' dir='ltr'><strong>γὰρ</strong></span> <span class='ocrx_word' id='word_1_151' title='bbox 3064 818 3281 886; x_wconf 86' lang='grc' dir='ltr'>λέγεται</span> <span class='ocrx_word' id='word_1_152' title='bbox 3302 816 3364 869; x_wconf 77' lang='grc' dir='ltr'>τὸ</span> <span class='ocrx_word' id='word_1_153' title='bbox 3389 820 3721 888; x_wconf 80' lang='grc' dir='ltr'><strong>προσφάτως</strong></span> 
     </span>
    </p>
   </div>
   <div class='ocr_carea' id='block_1_23' title="bbox 2141 906 3724 978">
    <p class='ocr_par' dir='ltr' id='par_1_23' title="bbox 2141 906 3724 978">
     <span class='ocr_line' id='line_1_23' title="bbox 2141 906 3724 978; baseline -0.002 -18"><span class='ocrx_word' id='word_1_154' title='bbox 2141 912 2453 978; x_wconf 87' lang='grc' dir='ltr'>γενόμενον,</span> <span class='ocrx_word' id='word_1_155' title='bbox 2475 911 2565 961; x_wconf 78' lang='grc' dir='ltr'><strong>καὶ</strong></span> <span class='ocrx_word' id='word_1_156' title='bbox 2588 910 2703 976; x_wconf 88' lang='grc' dir='ltr'>μετ’</span> <span class='ocrx_word' id='word_1_157' title='bbox 2722 908 2899 975; x_wconf 81' lang='grc' dir='ltr'>ὀλίγον</span> <span class='ocrx_word' id='word_1_158' title='bbox 2918 909 3174 977; x_wconf 80' lang='grc' dir='ltr'>λυόμενον</span> <span class='ocrx_word' id='word_1_159' title='bbox 3192 907 3309 977; x_wconf 77' lang='grc' dir='ltr'>οἴκη</span> <span class='ocrx_word' id='word_1_160' title='bbox 3321 924 3413 975; x_wconf 87' lang='grc' dir='ltr'>μα.</span> <span class='ocrx_word' id='word_1_161' title='bbox 3443 924 3460 955; x_wconf 80' lang='grc' dir='ltr'>ι</span> <span class='ocrx_word' id='word_1_162' title='bbox 3485 906 3724 973; x_wconf 63' lang='lat' dir='ltr'><strong>[19067.n-</strong></span> 
     </span>
    </p>
   </div>
   <div class='ocr_carea' id='block_1_24' title="bbox 2141 991 3717 1069">
    <p class='ocr_par' dir='ltr' id='par_1_24' title="bbox 2141 991 3717 1069">
     <span class='ocr_line' id='line_1_24' title="bbox 2141 991 3717 1069; baseline -0.002 -17"><span class='ocrx_word' id='word_1_163' title='bbox 2141 1000 2399 1069; x_wconf 87' lang='grc' dir='ltr'>νήσωμεν</span> <span class='ocrx_word' id='word_1_164' title='bbox 2424 1000 2505 1061; x_wconf 84' lang='grc' dir='ltr'><strong>είς</strong></span> <span class='ocrx_word' id='word_1_165' title='bbox 2532 1000 2623 1052; x_wconf 80' lang='grc' dir='ltr'><strong>τὸν</strong></span> <span class='ocrx_word' id='word_1_166' title='bbox 2647 999 2830 1062; x_wconf 89' lang='grc' dir='ltr'>τόπον,</span> <span class='ocrx_word' id='word_1_167' title='bbox 2854 991 2914 1051; x_wconf 78' lang='grc' dir='ltr'>οὗ</span> <span class='ocrx_word' id='word_1_168' title='bbox 2946 1000 3181 1068; x_wconf 73' lang='grc' dir='ltr'>ἔστησαν</span> <span class='ocrx_word' id='word_1_169' title='bbox 3212 1000 3260 1050; x_wconf 84' lang='grc' dir='ltr'>οἱ</span> <span class='ocrx_word' id='word_1_170' title='bbox 3287 1002 3440 1061; x_wconf 78' lang='grc' dir='ltr'>πόδες</span> <span class='ocrx_word' id='word_1_171' title='bbox 3475 997 3664 1050; x_wconf 86' lang='grc' dir='ltr'>αὐτοῦ.</span> <span class='ocrx_word' id='word_1_172' title='bbox 3694 1017 3717 1049; x_wconf 74' lang='grc' dir='ltr'><strong>ι</strong></span> 
     </span>
    </p>
   </div>
   <div class='ocr_carea' id='block_1_25' title="bbox 2140 1090 3721 1162">
    <p class='ocr_par' dir='ltr' id='par_1_25' title="bbox 2140 1090 3721 1162">
     <span class='ocr_line' id='line_1_25' title="bbox 2140 1090 3721 1162; baseline -0.001 -19"><span class='ocrx_word' id='word_1_173' title='bbox 2140 1092 2236 1153; x_wconf 89' lang='grc' dir='ltr'><strong>Τίς</strong></span> <span class='ocrx_word' id='word_1_174' title='bbox 2276 1095 2393 1145; x_wconf 77' lang='grc' dir='ltr'>ἐστι</span> <span class='ocrx_word' id='word_1_175' title='bbox 2424 1092 2605 1162; x_wconf 83' lang='grc' dir='ltr'><strong>χρεία,</strong></span> <span class='ocrx_word' id='word_1_176' title='bbox 2640 1093 2724 1144; x_wconf 78' lang='grc' dir='ltr'>ἵνα</span> <span class='ocrx_word' id='word_1_177' title='bbox 2758 1091 2889 1160; x_wconf 75' lang='grc' dir='ltr'>περὶ</span> <span class='ocrx_word' id='word_1_178' title='bbox 2932 1092 3122 1144; x_wconf 81' lang='grc' dir='ltr'>τούτου</span> <span class='ocrx_word' id='word_1_179' title='bbox 3150 1090 3259 1157; x_wconf 79' lang='grc' dir='ltr'><strong>ἐρῶ</strong></span> <span class='ocrx_word' id='word_1_180' title='bbox 3309 1091 3452 1158; x_wconf 74' lang='grc' dir='ltr'>ἐγώς</span> <span class='ocrx_word' id='word_1_181' title='bbox 3499 1091 3721 1160; x_wconf 86' lang='grc' dir='ltr'>Ἐρωτῶ</span> 
     </span>
    </p>
   </div>
   <div class='ocr_carea' id='block_1_26' title="bbox 2139 1181 3717 1253">
    <p class='ocr_par' dir='ltr' id='par_1_26' title="bbox 2139 1181 3717 1253">
     <span class='ocr_line' id='line_1_26' title="bbox 2139 1181 3717 1253; baseline -0.001 -19"><span class='ocrx_word' id='word_1_182' title='bbox 2139 1181 2196 1234; x_wconf 85' lang='grc' dir='ltr'><strong>δέ</strong></span> <span class='ocrx_word' id='word_1_183' title='bbox 2238 1198 2320 1247; x_wconf 84' lang='grc' dir='ltr'><strong>σε,</strong></span> <span class='ocrx_word' id='word_1_184' title='bbox 2354 1184 2381 1234; x_wconf 89' lang='lat'><strong>6</strong></span> <span class='ocrx_word' id='word_1_185' title='bbox 2420 1186 2737 1253; x_wconf 81' lang='grc' dir='ltr'>προφήτης.</span> <span class='ocrx_word' id='word_1_186' title='bbox 2782 1185 2810 1233; x_wconf 98' lang='lat'><strong>6</strong></span> <span class='ocrx_word' id='word_1_187' title='bbox 2847 1183 3020 1251; x_wconf 81' lang='grc' dir='ltr'>μέγας</span> <span class='ocrx_word' id='word_1_188' title='bbox 3050 1182 3322 1251; x_wconf 79' lang='grc' dir='ltr'>βασιλεὺς,</span> <span class='ocrx_word' id='word_1_189' title='bbox 3356 1184 3385 1235; x_wconf 88' lang='grc' dir='ltr'><strong>ό</strong></span> <span class='ocrx_word' id='word_1_190' title='bbox 3429 1182 3579 1251; x_wconf 78' lang='grc' dir='ltr'>παρὰ</span> <span class='ocrx_word' id='word_1_191' title='bbox 3624 1183 3717 1234; x_wconf 85' lang='grc' dir='ltr'><strong>τοῦ</strong></span> 
     </span>
    </p>
   </div>
   <div class='ocr_carea' id='block_1_27' title="bbox 2139 1274 3723 1345">
    <p class='ocr_par' dir='ltr' id='par_1_27' title="bbox 2139 1274 3723 1345">
     <span class='ocr_line' id='line_1_27' title="bbox 2139 1274 3723 1345; baseline 0.001 -18"><span class='ocrx_word' id='word_1_192' title='bbox 2139 1274 2276 1328; x_wconf 79' lang='grc' dir='ltr'>Θεοῦ</span> <span class='ocrx_word' id='word_1_193' title='bbox 2318 1275 2715 1345; x_wconf 75' lang='grc' dir='ltr'>μαρτυρηθεὶς,</span> <span class='ocrx_word' id='word_1_194' title='bbox 2750 1274 2891 1327; x_wconf 74' lang='grc' dir='ltr'>οὕτω</span> <span class='ocrx_word' id='word_1_195' title='bbox 2940 1276 3048 1343; x_wconf 84' lang='grc' dir='ltr'>γὰρ</span> <span class='ocrx_word' id='word_1_196' title='bbox 3086 1278 3216 1342; x_wconf 76' lang='grc' dir='ltr'>περὶ</span> <span class='ocrx_word' id='word_1_197' title='bbox 3244 1274 3409 1328; x_wconf 84' lang='grc' dir='ltr'>αὑτοῦ</span> <span class='ocrx_word' id='word_1_198' title='bbox 3447 1277 3665 1345; x_wconf 73' lang='grc' dir='ltr'>εἴρηκεν</span> <span class='ocrx_word' id='word_1_199' title='bbox 3692 1278 3723 1328; x_wconf 88' lang='lat'><strong>6</strong></span> 
     </span>
    </p>
   </div>
   <div class='ocr_carea' id='block_1_28' title="bbox 2141 1360 3720 1436">
    <p class='ocr_par' dir='ltr' id='par_1_28' title="bbox 2141 1360 3720 1436">
     <span class='ocr_line' id='line_1_28' title="bbox 2141 1360 3720 1436; baseline -0.001 -17"><span class='ocrx_word' id='word_1_200' title='bbox 2141 1365 2296 1431; x_wconf 82' lang='grc' dir='ltr'>Θεὸς,</span> <span class='ocrx_word' id='word_1_201' title='bbox 2322 1382 2341 1416; x_wconf 84' lang='grc' dir='ltr'>ι</span> <span class='ocrx_word' id='word_1_202' title='bbox 2364 1360 2536 1434; x_wconf 78' lang='grc' dir='ltr'>Εὗρον</span> <span class='ocrx_word' id='word_1_203' title='bbox 2551 1364 2736 1428; x_wconf 76' lang='grc' dir='ltr'>Δαὸὶδ,</span> <span class='ocrx_word' id='word_1_204' title='bbox 2763 1383 2781 1415; x_wconf 71' lang='grc' dir='ltr'><strong>ι</strong></span> <span class='ocrx_word' id='word_1_205' title='bbox 2803 1365 2896 1417; x_wconf 75' lang='grc' dir='ltr'><strong>καὶ</strong></span> <span class='ocrx_word' id='word_1_206' title='bbox 2917 1365 2983 1417; x_wconf 83' lang='grc' dir='ltr'><strong>τὰ</strong></span> <span class='ocrx_word' id='word_1_207' title='bbox 3010 1364 3161 1434; x_wconf 79' lang='grc' dir='ltr'>ἑξῆς,</span> <span class='ocrx_word' id='word_1_208' title='bbox 3180 1364 3298 1418; x_wconf 84' lang='grc' dir='ltr'>τίνα</span> <span class='ocrx_word' id='word_1_209' title='bbox 3318 1368 3720 1436; x_wconf 71' lang='grc' dir='ltr'><strong>προσεκύνησε,</strong></span> 
     </span>
    </p>
   </div>
   <div class='ocr_carea' id='block_1_29' title="bbox 2143 1453 3721 1525">
    <p class='ocr_par' dir='ltr' id='par_1_29' title="bbox 2143 1453 3721 1525">
     <span class='ocr_line' id='line_1_29' title="bbox 2143 1453 3721 1525; baseline -0.001 -17"><span class='ocrx_word' id='word_1_210' title='bbox 2143 1456 2237 1508; x_wconf 75' lang='grc' dir='ltr'>καὶ</span> <span class='ocrx_word' id='word_1_211' title='bbox 2276 1455 2336 1507; x_wconf 83' lang='grc' dir='ltr'>οὐ</span> <span class='ocrx_word' id='word_1_212' title='bbox 2379 1455 2538 1525; x_wconf 85' lang='grc' dir='ltr'>μόνον</span> <span class='ocrx_word' id='word_1_213' title='bbox 2567 1454 2733 1506; x_wconf 81' lang='grc' dir='ltr'>αὐτὸν</span> <span class='ocrx_word' id='word_1_214' title='bbox 2770 1454 2861 1506; x_wconf 66' lang='grc' dir='ltr'>τὸν</span> <span class='ocrx_word' id='word_1_215' title='bbox 2898 1454 3391 1523; x_wconf 71' lang='grc' dir='ltr'>γεννηθησόμενον,</span> <span class='ocrx_word' id='word_1_216' title='bbox 3441 1453 3578 1506; x_wconf 80' lang='grc' dir='ltr'>ἀλλὰ</span> <span class='ocrx_word' id='word_1_217' title='bbox 3624 1455 3721 1517; x_wconf 56' lang='grc' dir='ltr'>καὶ</span> 
     </span>
    </p>
   </div>
   <div class='ocr_carea' id='block_1_30' title="bbox 2104 1541 3719 1615">
    <p class='ocr_par' dir='ltr' id='par_1_30' title="bbox 2104 1541 3719 1615">
     <span class='ocr_line' id='line_1_30' title="bbox 2104 1541 3719 1615; baseline -0.001 -16"><span class='ocrx_word' id='word_1_218' title='bbox 2104 1591 2120 1606; x_wconf 91' lang='grc'><strong>,</strong></span> <span class='ocrx_word' id='word_1_219' title='bbox 2138 1548 2230 1599; x_wconf 70' lang='grc' dir='ltr'><strong>τὸν</strong></span> <span class='ocrx_word' id='word_1_220' title='bbox 2261 1546 2451 1611; x_wconf 86' lang='grc' dir='ltr'>τόπον,</span> <span class='ocrx_word' id='word_1_221' title='bbox 2471 1541 2530 1600; x_wconf 74' lang='grc' dir='ltr'><strong>οὗ</strong></span> <span class='ocrx_word' id='word_1_222' title='bbox 2555 1546 2790 1615; x_wconf 78' lang='grc' dir='ltr'>ἔστησαν</span> <span class='ocrx_word' id='word_1_223' title='bbox 2814 1546 2862 1597; x_wconf 84' lang='grc' dir='ltr'><strong>οί</strong></span> <span class='ocrx_word' id='word_1_224' title='bbox 2894 1546 3051 1608; x_wconf 79' lang='grc' dir='ltr'>πόδες</span> <span class='ocrx_word' id='word_1_225' title='bbox 3081 1545 3244 1598; x_wconf 69' lang='grc' dir='ltr'>αὑτοῦ</span> <span class='ocrx_word' id='word_1_226' title='bbox 3268 1563 3283 1611; x_wconf 86' lang='grc'><strong>;</strong></span> <span class='ocrx_word' id='word_1_227' title='bbox 3319 1546 3506 1608; x_wconf 73' lang='grc' dir='ltr'>Οὕτως</span> <span class='ocrx_word' id='word_1_228' title='bbox 3532 1545 3719 1607; x_wconf 79' lang='grc' dir='ltr'>ἁπλῶς</span> 
     </span>
    </p>
   </div>
   <div class='ocr_carea' id='block_1_31' title="bbox 2138 1615 3719 1704">
    <p class='ocr_par' dir='ltr' id='par_1_31' title="bbox 2138 1615 3719 1704">
     <span class='ocr_line' id='line_1_31' title="bbox 2138 1615 3719 1704; baseline 0.003 -19"><span class='ocrx_word' id='word_1_229' title='bbox 2138 1632 2447 1704; x_wconf 76' lang='grc' dir='ltr'>ἄνθρωπον,</span> <span class='ocrx_word' id='word_1_230' title='bbox 2489 1634 2565 1696; x_wconf 84' lang='grc' dir='ltr'>ὡς</span> <span class='ocrx_word' id='word_1_231' title='bbox 2614 1615 2846 1687; x_wconf 48' lang='grc' dir='ltr'>ἓναεῶν</span> <span class='ocrx_word' id='word_1_232' title='bbox 2885 1634 3132 1698; x_wconf 83' lang='grc' dir='ltr'>πολλῶν;</span> <span class='ocrx_word' id='word_1_233' title='bbox 3185 1637 3295 1687; x_wconf 76' lang='grc' dir='ltr'><strong>Καὶ</strong></span> <span class='ocrx_word' id='word_1_234' title='bbox 3344 1635 3429 1697; x_wconf 88' lang='grc' dir='ltr'><strong>τίς</strong></span> <span class='ocrx_word' id='word_1_235' title='bbox 3463 1635 3719 1689; x_wconf 86' lang='grc' dir='ltr'>τοσοῦτον</span> 
     </span>
    </p>
   </div>
   <div class='ocr_carea' id='block_1_32' title="bbox 2138 1723 3720 1799">
    <p class='ocr_par' dir='ltr' id='par_1_32' title="bbox 2138 1723 3720 1799">
     <span class='ocr_line' id='line_1_32' title="bbox 2138 1723 3720 1799; baseline 0.003 -24"><span class='ocrx_word' id='word_1_236' title='bbox 2138 1723 2505 1794; x_wconf 84' lang='grc' dir='ltr'>ἀναίσθητος,</span> <span class='ocrx_word' id='word_1_237' title='bbox 2570 1725 2773 1794; x_wconf 77' lang='grc' dir='ltr'>μᾶλλον</span> <span class='ocrx_word' id='word_1_238' title='bbox 2836 1725 2892 1778; x_wconf 85' lang='grc' dir='ltr'>δὲ</span> <span class='ocrx_word' id='word_1_239' title='bbox 2949 1726 3511 1797; x_wconf 77' lang='grc' dir='ltr'>ὲγκαταλελειμμένος</span> <span class='ocrx_word' id='word_1_240' title='bbox 3566 1730 3720 1799; x_wconf 81' lang='grc' dir='ltr'>παρὰ</span> 
     </span>
    </p>
   </div>
   <div class='ocr_carea' id='block_1_33' title="bbox 2139 1814 3717 1887">
    <p class='ocr_par' dir='ltr' id='par_1_33' title="bbox 2139 1814 3717 1887">
     <span class='ocr_line' id='line_1_33' title="bbox 2139 1814 3717 1887; baseline 0.003 -21"><span class='ocrx_word' id='word_1_241' title='bbox 2139 1814 2300 1882; x_wconf 82' lang='grc' dir='ltr'>Θεοῦ,</span> <span class='ocrx_word' id='word_1_242' title='bbox 2344 1814 2482 1868; x_wconf 84' lang='grc' dir='ltr'>ὥστε</span> <span class='ocrx_word' id='word_1_243' title='bbox 2515 1820 2608 1869; x_wconf 78' lang='grc' dir='ltr'><strong>καὶ</strong></span> <span class='ocrx_word' id='word_1_244' title='bbox 2639 1817 2858 1887; x_wconf 82' lang='grc' dir='ltr'>νομίσαι</span> <span class='ocrx_word' id='word_1_245' title='bbox 2892 1818 3055 1883; x_wconf 83' lang='grc' dir='ltr'>αὐτό;</span> <span class='ocrx_word' id='word_1_246' title='bbox 3103 1818 3261 1870; x_wconf 79' lang='grc' dir='ltr'>Ἀλλὰ</span> <span class='ocrx_word' id='word_1_247' title='bbox 3299 1818 3483 1878; x_wconf 81' lang='grc' dir='ltr'>καθὼς</span> <span class='ocrx_word' id='word_1_248' title='bbox 3522 1821 3614 1872; x_wconf 68' lang='grc' dir='ltr'><strong>καὶ</strong></span> <span class='ocrx_word' id='word_1_249' title='bbox 3658 1824 3717 1871; x_wconf 80' lang='grc' dir='ltr'>ὲν</span> 
     </span>
    </p>
   </div>
   <div class='ocr_carea' id='block_1_34' title="bbox 464 1901 2030 1982">
    <p class='ocr_par' dir='ltr' id='par_1_34' title="bbox 464 1916 2030 1982">
     <span class='ocr_line' id='line_1_34' title="bbox 464 1916 2030 1982; baseline -0.002 -8"><span class='ocrx_word' id='word_1_250' title='bbox 464 1930 554 1974; x_wconf 74' lang='lat' dir='ltr'><strong>tas</strong></span> <span class='ocrx_word' id='word_1_251' title='bbox 593 1935 624 1973; x_wconf 88' lang='lat' dir='ltr'><strong>a</strong></span> <span class='ocrx_word' id='word_1_252' title='bbox 667 1921 800 1982; x_wconf 77' lang='lat' dir='ltr'><strong>Deo,</strong></span> <span class='ocrx_word' id='word_1_253' title='bbox 854 1929 915 1972; x_wconf 91' lang='lat' dir='ltr'><strong>ut</strong></span> <span class='ocrx_word' id='word_1_254' title='bbox 948 1918 1053 1972; x_wconf 88' lang='lat' dir='ltr'><strong>hoc</strong></span> <span class='ocrx_word' id='word_1_255' title='bbox 1099 1919 1184 1971; x_wconf 90' lang='lat' dir='ltr'><strong>vel</strong></span> <span class='ocrx_word' id='word_1_256' title='bbox 1235 1918 1289 1971; x_wconf 92' lang='lat' dir='ltr'><strong>in</strong></span> <span class='ocrx_word' id='word_1_257' title='bbox 1333 1919 1576 1971; x_wconf 88' lang='lat' dir='ltr'><strong>animum</strong></span> <span class='ocrx_word' id='word_1_258' title='bbox 1612 1917 1898 1970; x_wconf 76' lang='lat' dir='ltr'><strong>admittat?</strong></span> <span class='ocrx_word' id='word_1_259' title='bbox 1929 1916 2030 1971; x_wconf 87' lang='lat' dir='ltr'><strong>Sed</strong></span> 
     </span>
    </p>
   </div>
   <div class='ocr_carea' id='block_1_35' title="bbox 2131 1901 3715 1982">
    <p class='ocr_par' dir='ltr' id='par_1_35' title="bbox 2138 1906 3715 1978">
     <span class='ocr_line' id='line_1_35' title="bbox 2138 1906 3715 1978; baseline 0.003 -21"><span class='ocrx_word' id='word_1_260' title='bbox 2138 1907 2250 1966; x_wconf 79' lang='grc' dir='ltr'>τοῖς</span> <span class='ocrx_word' id='word_1_261' title='bbox 2280 1906 2594 1977; x_wconf 81' lang='grc' dir='ltr'>ἔμπροσθεν</span> <span class='ocrx_word' id='word_1_262' title='bbox 2624 1910 2717 1961; x_wconf 73' lang='grc' dir='ltr'><strong>τὸν</strong></span> <span class='ocrx_word' id='word_1_263' title='bbox 2750 1908 2913 1961; x_wconf 78' lang='grc' dir='ltr'>αὑτὸν</span> <span class='ocrx_word' id='word_1_264' title='bbox 2939 1908 3092 1976; x_wconf 77' lang='grc' dir='ltr'>ἔλεγε</span> <span class='ocrx_word' id='word_1_265' title='bbox 3117 1908 3249 1962; x_wconf 65' lang='grc' dir='ltr'>Θεὸν</span> <span class='ocrx_word' id='word_1_266' title='bbox 3279 1909 3374 1962; x_wconf 75' lang='grc' dir='ltr'><strong>καὶ</strong></span> <span class='ocrx_word' id='word_1_267' title='bbox 3401 1908 3715 1978; x_wconf 79' lang='grc' dir='ltr'>ἄνθρωπον,</span> 
     </span>
    </p>
   </div>
   <div class='ocr_carea' id='block_1_36' title="bbox 460 2008 2059 2083">
    <p class='ocr_par' dir='ltr' id='par_1_36' title="bbox 460 2008 2059 2083">
     <span class='ocr_line' id='line_1_36' title="bbox 460 2008 2059 2083; baseline -0.003 -20"><span class='ocrx_word' id='word_1_268' title='bbox 460 2010 930 2079; x_wconf 77' lang='lat' dir='ltr'><strong>quemadmodum</strong></span> <span class='ocrx_word' id='word_1_269' title='bbox 974 2010 1028 2063; x_wconf 93' lang='lat' dir='ltr'><strong>in</strong></span> <span class='ocrx_word' id='word_1_270' title='bbox 1073 2010 1459 2078; x_wconf 79' lang='lat' dir='ltr'><strong>superioribus</strong></span> <span class='ocrx_word' id='word_1_271' title='bbox 1490 2008 1636 2063; x_wconf 88' lang='lat' dir='ltr'><strong>hunc</strong></span> <span class='ocrx_word' id='word_1_272' title='bbox 1681 2009 1937 2063; x_wconf 89' lang='lat' dir='ltr'><strong>eumdem</strong></span> <span class='ocrx_word' id='word_1_273' title='bbox 1982 2016 2059 2083; x_wconf 86' lang='lat' dir='ltr'><strong>et-</strong></span> 
     </span>
    </p>
   </div>
   <div class='ocr_carea' id='block_1_37' title="bbox 463 2099 2037 2169">
    <p class='ocr_par' dir='ltr' id='par_1_37' title="bbox 463 2099 2037 2169">
     <span class='ocr_line' id='line_1_37' title="bbox 463 2099 2037 2169; baseline -0.003 -15"><span class='ocrx_word' id='word_1_274' title='bbox 463 2103 744 2156; x_wconf 84' lang='lat' dir='ltr'><strong>hominem</strong></span> <span class='ocrx_word' id='word_1_275' title='bbox 776 2117 897 2156; x_wconf 83' lang='lat' dir='ltr'><strong>esse</strong></span> <span class='ocrx_word' id='word_1_276' title='bbox 941 2100 1344 2169; x_wconf 79' lang='lat' dir='ltr'><strong>comprobavit,</strong></span> <span class='ocrx_word' id='word_1_277' title='bbox 1400 2101 1475 2154; x_wconf 92' lang='lat' dir='ltr'><strong>ita</strong></span> <span class='ocrx_word' id='word_1_278' title='bbox 1522 2114 1671 2154; x_wconf 90' lang='lat' dir='ltr'><strong>nunc</strong></span> <span class='ocrx_word' id='word_1_279' title='bbox 1716 2113 1933 2169; x_wconf 84' lang='lat' dir='ltr'><strong>quoque</strong></span> <span class='ocrx_word' id='word_1_280' title='bbox 1980 2099 2037 2151; x_wconf 90' lang='lat' dir='ltr'><strong>in</strong></span> 
     </span>
    </p>
   </div>
   <div class='ocr_carea' id='block_1_38' title="bbox 459 2190 2037 2261">
    <p class='ocr_par' dir='ltr' id='par_1_38' title="bbox 459 2190 2037 2261">
     <span class='ocr_line' id='line_1_38' title="bbox 459 2190 2037 2261; baseline -0.002 -16"><span class='ocrx_word' id='word_1_281' title='bbox 459 2191 566 2245; x_wconf 87' lang='lat' dir='ltr'><strong>loei</strong></span> <span class='ocrx_word' id='word_1_282' title='bbox 600 2192 1072 2261; x_wconf 83' lang='lat' dir='ltr'><strong>contemplatione</strong></span> <span class='ocrx_word' id='word_1_283' title='bbox 1110 2191 1265 2244; x_wconf 88' lang='lat' dir='ltr'><strong>illum</strong></span> <span class='ocrx_word' id='word_1_284' title='bbox 1298 2191 1483 2244; x_wconf 80' lang='lat' dir='ltr'><strong>facere</strong></span> <span class='ocrx_word' id='word_1_285' title='bbox 1523 2190 1796 2254; x_wconf 77' lang='lat' dir='ltr'><strong>videmus,</strong></span> <span class='ocrx_word' id='word_1_286' title='bbox 1837 2191 1891 2242; x_wconf 91' lang='lat' dir='ltr'><strong>in</strong></span> <span class='ocrx_word' id='word_1_287' title='bbox 1926 2204 2037 2258; x_wconf 83' lang='lat' dir='ltr'><strong>quo</strong></span> 
     </span>
    </p>
   </div>
   <div class='ocr_carea' id='block_1_39' title="bbox 461 2280 2039 2351">
    <p class='ocr_par' dir='ltr' id='par_1_39' title="bbox 461 2280 2039 2351">
     <span class='ocr_line' id='line_1_39' title="bbox 461 2280 2039 2351; baseline -0.003 -16"><span class='ocrx_word' id='word_1_288' title='bbox 461 2299 585 2335; x_wconf 89' lang='lat' dir='ltr'><strong>eum</strong></span> <span class='ocrx_word' id='word_1_289' title='bbox 622 2283 831 2336; x_wconf 79' lang='lat' dir='ltr'><strong>Juanne</strong></span> <span class='ocrx_word' id='word_1_290' title='bbox 852 2282 1119 2351; x_wconf 86' lang='lat' dir='ltr'><strong>prOpheta</strong></span> <span class='ocrx_word' id='word_1_291' title='bbox 1148 2280 1374 2335; x_wconf 88' lang='lat' dir='ltr'><strong>omnino</strong></span> <span class='ocrx_word' id='word_1_292' title='bbox 1407 2280 1708 2348; x_wconf 87' lang='lat' dir='ltr'><strong>consensit,</strong></span> <span class='ocrx_word' id='word_1_293' title='bbox 1756 2296 1879 2334; x_wconf 83' lang='lat' dir='ltr'><strong>cum</strong></span> <span class='ocrx_word' id='word_1_294' title='bbox 1918 2280 2039 2348; x_wconf 75' lang='lat' dir='ltr'><strong>qui-</strong></span> 
     </span>
    </p>
   </div>
   <div class='ocr_carea' id='block_1_40' title="bbox 368 2374 2038 2442">
    <p class='ocr_par' dir='ltr' id='par_1_40' title="bbox 368 2374 2038 2442">
     <span class='ocr_line' id='line_1_40' title="bbox 368 2374 2038 2442; baseline 0.001 -15"><span class='ocrx_word' id='word_1_295' title='bbox 368 2402 377 2407; x_wconf 86' lang='lat'><strong>-</strong></span> <span class='ocrx_word' id='word_1_296' title='bbox 463 2379 586 2431; x_wconf 89' lang='lat' dir='ltr'><strong>dem</strong></span> <span class='ocrx_word' id='word_1_297' title='bbox 626 2377 792 2430; x_wconf 87' lang='lat' dir='ltr'><strong>David</strong></span> <span class='ocrx_word' id='word_1_298' title='bbox 837 2377 991 2442; x_wconf 87' lang='lat' dir='ltr'><strong>dicit,</strong></span> <span class='ocrx_word' id='word_1_299' title='bbox 1042 2394 1059 2426; x_wconf 87' lang='grc' dir='ltr'>ι</span> <span class='ocrx_word' id='word_1_300' title='bbox 1116 2374 1353 2428; x_wconf 81' lang='lat' dir='ltr'><strong>Adorate</strong></span> <span class='ocrx_word' id='word_1_301' title='bbox 1388 2375 1572 2428; x_wconf 88' lang='lat' dir='ltr'><strong>locum</strong></span> <span class='ocrx_word' id='word_1_302' title='bbox 1619 2374 1713 2427; x_wconf 88' lang='lat' dir='ltr'><strong>ubi</strong></span> <span class='ocrx_word' id='word_1_303' title='bbox 1759 2384 2038 2428; x_wconf 82' lang='lat' dir='ltr'><strong>steterunt</strong></span> 
     </span>
    </p>
   </div>
   <div class='ocr_carea' id='block_1_41' title="bbox 464 2466 2032 2537">
    <p class='ocr_par' dir='ltr' id='par_1_41' title="bbox 464 2466 2032 2537">
     <span class='ocr_line' id='line_1_41' title="bbox 464 2466 2032 2537; baseline 0.001 -18"><span class='ocrx_word' id='word_1_304' title='bbox 464 2469 632 2537; x_wconf 80' lang='lat' dir='ltr'><strong>pedes</strong></span> <span class='ocrx_word' id='word_1_305' title='bbox 669 2468 825 2536; x_wconf 82' lang='lat' dir='ltr'><strong>ejus;</strong></span> <span class='ocrx_word' id='word_1_306' title='bbox 855 2485 871 2517; x_wconf 85' lang='grc'>›</span> <span class='ocrx_word' id='word_1_307' title='bbox 906 2468 999 2519; x_wconf 88' lang='lat' dir='ltr'><strong>ille</strong></span> <span class='ocrx_word' id='word_1_308' title='bbox 1023 2481 1174 2529; x_wconf 85' lang='lat' dir='ltr'><strong>vero,</strong></span> <span class='ocrx_word' id='word_1_309' title='bbox 1207 2466 1353 2519; x_wconf 69' lang='lat' dir='ltr'><strong>«Non</strong></span> <span class='ocrx_word' id='word_1_310' title='bbox 1377 2482 1497 2519; x_wconf 89' lang='lat' dir='ltr'><strong>smn</strong></span> <span class='ocrx_word' id='word_1_311' title='bbox 1521 2466 1719 2536; x_wconf 77' lang='lat' dir='ltr'><strong>dignus</strong></span> <span class='ocrx_word' id='word_1_312' title='bbox 1741 2475 1799 2518; x_wconf 92' lang='lat' dir='ltr'><strong>ut</strong></span> <span class='ocrx_word' id='word_1_313' title='bbox 1820 2476 2032 2535; x_wconf 90' lang='lat' dir='ltr'><strong>portem</strong></span> 
     </span>
    </p>
   </div>
   <div class='ocr_carea' id='block_1_42' title="bbox 461 2555 2037 2627">
    <p class='ocr_par' dir='ltr' id='par_1_42' title="bbox 461 2555 2037 2627">
     <span class='ocr_line' id='line_1_42' title="bbox 461 2555 2037 2627; baseline -0.002 -14"><span class='ocrx_word' id='word_1_314' title='bbox 461 2562 835 2613; x_wconf 86' lang='lat' dir='ltr'><strong>calceamenta</strong></span> <span class='ocrx_word' id='word_1_315' title='bbox 855 2558 1024 2621; x_wconf 86' lang='lat' dir='ltr'><strong>illius,</strong></span> <span class='ocrx_word' id='word_1_316' title='bbox 1046 2559 1139 2626; x_wconf 89' lang='lat' dir='ltr'><strong>qui</strong></span> <span class='ocrx_word' id='word_1_317' title='bbox 1159 2566 1282 2627; x_wconf 89' lang='lat' dir='ltr'><strong>post</strong></span> <span class='ocrx_word' id='word_1_318' title='bbox 1298 2572 1384 2609; x_wconf 86' lang='lat' dir='ltr'><strong>me</strong></span> <span class='ocrx_word' id='word_1_319' title='bbox 1403 2566 1665 2610; x_wconf 88' lang='lat' dir='ltr'><strong>venturus</strong></span> <span class='ocrx_word' id='word_1_320' title='bbox 1684 2555 1834 2612; x_wconf 76' lang='lat' dir='ltr'><strong>est&quot;.</strong></span> <span class='ocrx_word' id='word_1_321' title='bbox 1852 2576 1869 2607; x_wconf 73' lang='grc' dir='ltr'><strong>ι</strong></span> <span class='ocrx_word' id='word_1_322' title='bbox 1887 2557 2037 2612; x_wconf 74' lang='lat' dir='ltr'><strong>1am-</strong></span> 
     </span>
    </p>
   </div>
   <div class='ocr_carea' id='block_1_43' title="bbox 461 2647 2035 2718">
    <p class='ocr_par' dir='ltr' id='par_1_43' title="bbox 461 2647 2035 2718">
     <span class='ocr_line' id='line_1_43' title="bbox 461 2647 2035 2718; baseline -0.004 -15"><span class='ocrx_word' id='word_1_323' title='bbox 461 2666 530 2704; x_wconf 84' lang='lat' dir='ltr'><strong>ne</strong></span> <span class='ocrx_word' id='word_1_324' title='bbox 561 2648 824 2718; x_wconf 78' lang='lat' dir='ltr'><strong>intelligis</strong></span> <span class='ocrx_word' id='word_1_325' title='bbox 855 2659 911 2701; x_wconf 92' lang='lat' dir='ltr'><strong>ut</strong></span> <span class='ocrx_word' id='word_1_326' title='bbox 954 2659 1067 2703; x_wconf 89' lang='lat' dir='ltr'><strong>tum</strong></span> <span class='ocrx_word' id='word_1_327' title='bbox 1100 2649 1153 2702; x_wconf 92' lang='lat' dir='ltr'><strong>in</strong></span> <span class='ocrx_word' id='word_1_328' title='bbox 1187 2647 1397 2717; x_wconf 72' lang='lat' dir='ltr'><strong>magnis</strong></span> <span class='ocrx_word' id='word_1_329' title='bbox 1425 2664 1584 2718; x_wconf 89' lang='lat' dir='ltr'><strong>quam</strong></span> <span class='ocrx_word' id='word_1_330' title='bbox 1620 2650 1675 2703; x_wconf 89' lang='lat' dir='ltr'><strong>in</strong></span> <span class='ocrx_word' id='word_1_331' title='bbox 1707 2650 1891 2718; x_wconf 85' lang='lat' dir='ltr'><strong>parvis</strong></span> <span class='ocrx_word' id='word_1_332' title='bbox 1920 2665 2035 2703; x_wconf 88' lang='lat' dir='ltr'><strong>om-</strong></span> 
     </span>
    </p>
   </div>
   <div class='ocr_carea' id='block_1_44' title="bbox 460 2741 2033 2810">
    <p class='ocr_par' dir='ltr' id='par_1_44' title="bbox 460 2741 2033 2810">
     <span class='ocr_line' id='line_1_44' title="bbox 460 2741 2033 2810; baseline -0.001 -15"><span class='ocrx_word' id='word_1_333' title='bbox 460 2760 559 2796; x_wconf 80' lang='lat' dir='ltr'><strong>nes</strong></span> <span class='ocrx_word' id='word_1_334' title='bbox 611 2743 889 2810; x_wconf 72' lang='lat' dir='ltr'><strong>propheta:</strong></span> <span class='ocrx_word' id='word_1_335' title='bbox 921 2742 1288 2803; x_wconf 81' lang='lat' dir='ltr'><strong>consentiant,</strong></span> <span class='ocrx_word' id='word_1_336' title='bbox 1338 2741 1514 2809; x_wconf 75' lang='lat' dir='ltr'><strong>ipsum</strong></span> <span class='ocrx_word' id='word_1_337' title='bbox 1561 2741 1794 2795; x_wconf 86' lang='lat' dir='ltr'><strong>adorent</strong></span> <span class='ocrx_word' id='word_1_338' title='bbox 1839 2750 1895 2795; x_wconf 85' lang='lat' dir='ltr'><strong>et</strong></span> <span class='ocrx_word' id='word_1_339' title='bbox 1934 2756 2033 2794; x_wconf 82' lang='lat' dir='ltr'><strong>ce-</strong></span> 
     </span>
    </p>
   </div>
   <div class='ocr_carea' id='block_1_45' title="bbox 457 2833 2031 2903">
    <p class='ocr_par' dir='ltr' id='par_1_45' title="bbox 457 2833 2031 2903">
     <span class='ocr_line' id='line_1_45' title="bbox 457 2833 2031 2903; baseline -0.001 -13"><span class='ocrx_word' id='word_1_340' title='bbox 457 2835 700 2890; x_wconf 85' lang='lat' dir='ltr'><strong>lebrent?</strong></span> <span class='ocrx_word' id='word_1_341' title='bbox 718 2850 818 2887; x_wconf 91' lang='lat' dir='ltr'><strong>nec</strong></span> <span class='ocrx_word' id='word_1_342' title='bbox 840 2834 1130 2903; x_wconf 83' lang='lat' dir='ltr'><strong>quisquam</strong></span> <span class='ocrx_word' id='word_1_343' title='bbox 1166 2833 1560 2901; x_wconf 81' lang='lat' dir='ltr'><strong>prophetarum</strong></span> <span class='ocrx_word' id='word_1_344' title='bbox 1585 2842 1689 2893; x_wconf 85' lang='lat' dir='ltr'><strong>est.</strong></span> <span class='ocrx_word' id='word_1_345' title='bbox 1725 2834 1816 2902; x_wconf 87' lang='lat' dir='ltr'><strong>qui</strong></span> <span class='ocrx_word' id='word_1_346' title='bbox 1845 2833 1934 2886; x_wconf 90' lang='lat' dir='ltr'><strong>ubi</strong></span> <span class='ocrx_word' id='word_1_347' title='bbox 1963 2835 2031 2889; x_wconf 84' lang='lat' dir='ltr'><strong>de</strong></span> 
     </span>
    </p>
   </div>
   <div class='ocr_carea' id='block_1_46' title="bbox 457 2924 2032 2994">
    <p class='ocr_par' dir='ltr' id='par_1_46' title="bbox 457 2924 2032 2994">
     <span class='ocr_line' id='line_1_46' title="bbox 457 2924 2032 2994; baseline -0.001 -15"><span class='ocrx_word' id='word_1_348' title='bbox 457 2929 679 2981; x_wconf 77' lang='lat' dir='ltr'><strong>Christo</strong></span> <span class='ocrx_word' id='word_1_349' title='bbox 711 2927 999 2980; x_wconf 89' lang='lat' dir='ltr'><strong>vaticinari</strong></span> <span class='ocrx_word' id='word_1_350' title='bbox 1023 2934 1077 2978; x_wconf 89' lang='lat' dir='ltr'><strong>et</strong></span> <span class='ocrx_word' id='word_1_351' title='bbox 1107 2924 1272 2978; x_wconf 85' lang='lat' dir='ltr'><strong>verba</strong></span> <span class='ocrx_word' id='word_1_352' title='bbox 1313 2924 1493 2978; x_wconf 80' lang='lat' dir='ltr'><strong>facere</strong></span> <span class='ocrx_word' id='word_1_353' title='bbox 1518 2926 1769 2994; x_wconf 58' lang='lat' dir='ltr'><strong>conperit,</strong></span> <span class='ocrx_word' id='word_1_354' title='bbox 1793 2925 2032 2993; x_wconf 86' lang='lat' dir='ltr'><strong>seipsum</strong></span> 
     </span>
    </p>
   </div>
   <div class='ocr_carea' id='block_1_47' title="bbox 458 3010 2030 3090">
    <p class='ocr_par' dir='ltr' id='par_1_47' title="bbox 458 3010 2030 3090">
     <span class='ocr_line' id='line_1_47' title="bbox 458 3010 2030 3090; baseline -0.003 -15"><span class='ocrx_word' id='word_1_355' title='bbox 458 3039 568 3075; x_wconf 81' lang='lat' dir='ltr'><strong>non</strong></span> <span class='ocrx_word' id='word_1_356' title='bbox 595 3035 847 3090; x_wconf 88' lang='lat' dir='ltr'><strong>parvum,</strong></span> <span class='ocrx_word' id='word_1_357' title='bbox 893 3028 1267 3086; x_wconf 83' lang='lat' dir='ltr'><strong>contemptum</strong></span> <span class='ocrx_word' id='word_1_358' title='bbox 1306 3025 1360 3070; x_wconf 81' lang='lat' dir='ltr'><strong>et</strong></span> <span class='ocrx_word' id='word_1_359' title='bbox 1391 3019 1595 3069; x_wconf 86' lang='lat' dir='ltr'><strong>nullius</strong></span> <span class='ocrx_word' id='word_1_360' title='bbox 1618 3018 1775 3085; x_wconf 78' lang='lat' dir='ltr'><strong>pretii</strong></span> <span class='ocrx_word' id='word_1_361' title='bbox 1805 3010 2030 3086; x_wconf 71' lang='lat' dir='ltr'><strong>dignum</strong></span> 
     </span>
    </p>
   </div>
   <div class='ocr_carea' id='block_1_48' title="bbox 462 3107 2030 3179">
    <p class='ocr_par' dir='ltr' id='par_1_48' title="bbox 462 3107 2030 3179">
     <span class='ocr_line' id='line_1_48' title="bbox 462 3107 2030 3179; baseline -0.004 -11"><span class='ocrx_word' id='word_1_362' title='bbox 462 3130 584 3168; x_wconf 81' lang='lat' dir='ltr'><strong>esse</strong></span> <span class='ocrx_word' id='word_1_363' title='bbox 601 3116 946 3167; x_wconf 72' lang='lat' dir='ltr'><strong>conﬁteatur:</strong></span> <span class='ocrx_word' id='word_1_364' title='bbox 967 3111 1111 3179; x_wconf 88' lang='lat' dir='ltr'><strong>quod</strong></span> <span class='ocrx_word' id='word_1_365' title='bbox 1132 3108 1294 3163; x_wconf 86' lang='lat' dir='ltr'><strong>etiam</strong></span> <span class='ocrx_word' id='word_1_366' title='bbox 1312 3108 1377 3161; x_wconf 84' lang='lat' dir='ltr'><strong>de</strong></span> <span class='ocrx_word' id='word_1_367' title='bbox 1393 3107 1665 3161; x_wconf 84' lang='lat' dir='ltr'><strong>Abraham</strong></span> <span class='ocrx_word' id='word_1_368' title='bbox 1680 3108 2030 3179; x_wconf 71' lang='lat' dir='ltr'><strong>legimus,qui</strong></span> 
     </span>
    </p>
   </div>
   <div class='ocr_carea' id='block_1_49' title="bbox 457 3196 2101 3286">
    <p class='ocr_par' dir='ltr' id='par_1_49' title="bbox 457 3196 2101 3286">
     <span class='ocr_line' id='line_1_49' title="bbox 457 3196 2101 3286; baseline -0.005 -27"><span class='ocrx_word' id='word_1_369' title='bbox 457 3206 700 3274; x_wconf 80' lang='lat' dir='ltr'><strong>seipsum</strong></span> <span class='ocrx_word' id='word_1_370' title='bbox 728 3214 932 3256; x_wconf 84' lang='lat' dir='ltr'><strong>terram</strong></span> <span class='ocrx_word' id='word_1_371' title='bbox 955 3200 1325 3270; x_wconf 83' lang='lat' dir='ltr'><strong>appellavitet</strong></span> <span class='ocrx_word' id='word_1_372' title='bbox 1346 3199 1609 3252; x_wconf 88' lang='lat' dir='ltr'><strong>cinerem.</strong></span> <span class='ocrx_word' id='word_1_373' title='bbox 1641 3196 2026 3253; x_wconf 83' lang='lat' dir='ltr'><strong>Verumtamen</strong></span> <span class='ocrx_word' id='word_1_374' title='bbox 2057 3227 2101 3286; x_wconf 48' lang='grc' dir='ltr'><strong>(τ</strong></span> 
     </span>
    </p>
   </div>
   <div class='ocr_carea' id='block_1_50' title="bbox 456 3290 2025 3352">
    <p class='ocr_par' dir='ltr' id='par_1_50' title="bbox 456 3290 2025 3352">
     <span class='ocr_line' id='line_1_50' title="bbox 456 3290 2025 3352; baseline -0.006 0"><span class='ocrx_word' id='word_1_375' title='bbox 456 3316 564 3352; x_wconf 81' lang='lat' dir='ltr'><strong>non</strong></span> <span class='ocrx_word' id='word_1_376' title='bbox 615 3297 869 3350; x_wconf 71' lang='lat' dir='ltr'><strong>Miclneas</strong></span> <span class='ocrx_word' id='word_1_377' title='bbox 917 3292 1082 3346; x_wconf 90' lang='lat' dir='ltr'><strong>modo</strong></span> <span class='ocrx_word' id='word_1_378' title='bbox 1111 3300 1167 3345; x_wconf 85' lang='lat' dir='ltr'><strong>et</strong></span> <span class='ocrx_word' id='word_1_379' title='bbox 1207 3291 1378 3345; x_wconf 87' lang='lat' dir='ltr'><strong>David</strong></span> <span class='ocrx_word' id='word_1_380' title='bbox 1425 3291 1492 3344; x_wconf 87' lang='lat' dir='ltr'><strong>de</strong></span> <span class='ocrx_word' id='word_1_381' title='bbox 1520 3290 1802 3344; x_wconf 87' lang='lat' dir='ltr'><strong>Bethleem</strong></span> <span class='ocrx_word' id='word_1_382' title='bbox 1856 3290 2025 3343; x_wconf 90' lang='lat' dir='ltr'><strong>locuti</strong></span> 
     </span>
    </p>
   </div>
   <div class='ocr_carea' id='block_1_51' title="bbox 457 3382 2025 3452">
    <p class='ocr_par' dir='ltr' id='par_1_51' title="bbox 457 3382 2025 3452">
     <span class='ocr_line' id='line_1_51' title="bbox 457 3382 2025 3452; baseline -0.007 -9"><span class='ocrx_word' id='word_1_383' title='bbox 457 3397 608 3450; x_wconf 76' lang='lat' dir='ltr'><strong>sunt,</strong></span> <span class='ocrx_word' id='word_1_384' title='bbox 660 3387 752 3441; x_wconf 87' lang='lat' dir='ltr'><strong>sed</strong></span> <span class='ocrx_word' id='word_1_385' title='bbox 797 3384 961 3439; x_wconf 84' lang='lat' dir='ltr'><strong>etiam</strong></span> <span class='ocrx_word' id='word_1_386' title='bbox 1006 3384 1194 3452; x_wconf 89' lang='lat' dir='ltr'><strong>plures</strong></span> <span class='ocrx_word' id='word_1_387' title='bbox 1222 3382 1339 3445; x_wconf 91' lang='lat' dir='ltr'><strong>alii,</strong></span> <span class='ocrx_word' id='word_1_388' title='bbox 1384 3396 1524 3449; x_wconf 89' lang='lat' dir='ltr'><strong>quos</strong></span> <span class='ocrx_word' id='word_1_389' title='bbox 1555 3382 1823 3444; x_wconf 85' lang='lat' dir='ltr'><strong>volentes,</strong></span> <span class='ocrx_word' id='word_1_390' title='bbox 1876 3390 1933 3434; x_wconf 90' lang='lat' dir='ltr'><strong>ut</strong></span> <span class='ocrx_word' id='word_1_391' title='bbox 1973 3382 2025 3433; x_wconf 90' lang='lat' dir='ltr'><strong>in</strong></span> 
     </span>
    </p>
   </div>
   <div class='ocr_carea' id='block_1_52' title="bbox 459 3471 2028 3543">
    <p class='ocr_par' dir='ltr' id='par_1_52' title="bbox 459 3471 2028 3543">
     <span class='ocr_line' id='line_1_52' title="bbox 459 3471 2028 3543; baseline -0.006 -11"><span class='ocrx_word' id='word_1_392' title='bbox 459 3481 584 3534; x_wconf 83' lang='lat' dir='ltr'><strong>aliis</strong></span> <span class='ocrx_word' id='word_1_393' title='bbox 623 3478 834 3539; x_wconf 86' lang='lat' dir='ltr'><strong>multis,</strong></span> <span class='ocrx_word' id='word_1_394' title='bbox 882 3475 1188 3530; x_wconf 90' lang='lat' dir='ltr'><strong>omittimus</strong></span> <span class='ocrx_word' id='word_1_395' title='bbox 1209 3481 1434 3543; x_wconf 78' lang='lat' dir='ltr'><strong>propter</strong></span> <span class='ocrx_word' id='word_1_396' title='bbox 1462 3471 1690 3525; x_wconf 84' lang='lat' dir='ltr'><strong>nimiam</strong></span> <span class='ocrx_word' id='word_1_397' title='bbox 1739 3472 2028 3540; x_wconf 82' lang='lat' dir='ltr'><strong>scripturae</strong></span> 
     </span>
    </p>
   </div>
   <div class='ocr_carea' id='block_1_53' title="bbox 455 3561 2029 3641">
    <p class='ocr_par' dir='ltr' id='par_1_53' title="bbox 455 3561 2029 3641">
     <span class='ocr_line' id='line_1_53' title="bbox 455 3561 2029 3641; baseline -0.008 -14"><span class='ocrx_word' id='word_1_398' title='bbox 455 3572 690 3641; x_wconf 79' lang='lat' dir='ltr'><strong>copiam.</strong></span> <span class='ocrx_word' id='word_1_399' title='bbox 714 3568 818 3623; x_wconf 89' lang='lat' dir='ltr'><strong>Sed</strong></span> <span class='ocrx_word' id='word_1_400' title='bbox 839 3567 1180 3622; x_wconf 89' lang='lat' dir='ltr'><strong>redeundum</strong></span> <span class='ocrx_word' id='word_1_401' title='bbox 1200 3565 1266 3618; x_wconf 90' lang='lat' dir='ltr'><strong>ad</strong></span> <span class='ocrx_word' id='word_1_402' title='bbox 1285 3563 1584 3633; x_wconf 79' lang='lat' dir='ltr'><strong>Magorum,</strong></span> <span class='ocrx_word' id='word_1_403' title='bbox 1607 3561 1752 3616; x_wconf 89' lang='lat' dir='ltr'><strong>unde</strong></span> <span class='ocrx_word' id='word_1_404' title='bbox 1765 3577 1928 3630; x_wconf 89' lang='lat' dir='ltr'><strong>supra</strong></span> <span class='ocrx_word' id='word_1_405' title='bbox 1946 3561 2029 3615; x_wconf 66' lang='lat' dir='ltr'><strong>dio</strong></span> 
     </span>
    </p>
   </div>
   <div class='ocr_carea' id='block_1_54' title="bbox 456 3652 2024 3733">
    <p class='ocr_par' dir='ltr' id='par_1_54' title="bbox 456 3652 2024 3733">
     <span class='ocr_line' id='line_1_54' title="bbox 456 3652 2024 3733; baseline -0.007 -18"><span class='ocrx_word' id='word_1_406' title='bbox 456 3662 635 3733; x_wconf 81' lang='lat' dir='ltr'><strong>gressi</strong></span> <span class='ocrx_word' id='word_1_407' title='bbox 667 3677 879 3722; x_wconf 88' lang='lat' dir='ltr'><strong>sumus,</strong></span> <span class='ocrx_word' id='word_1_408' title='bbox 915 3657 1229 3711; x_wconf 81' lang='lat' dir='ltr'><strong>historiam.</strong></span> <span class='ocrx_word' id='word_1_409' title='bbox 1272 3653 1430 3708; x_wconf 91' lang='lat' dir='ltr'><strong>Tunc</strong></span> <span class='ocrx_word' id='word_1_410' title='bbox 1455 3652 1705 3706; x_wconf 76' lang='lat' dir='ltr'><strong>Herodes</strong></span> <span class='ocrx_word' id='word_1_411' title='bbox 1735 3662 2024 3721; x_wconf 84' lang='lat' dir='ltr'><strong>postquam</strong></span> 
     </span>
    </p>
   </div>
   <div class='ocr_carea' id='block_1_55' title="bbox 454 3742 2027 3825">
    <p class='ocr_par' dir='ltr' id='par_1_55' title="bbox 454 3742 2027 3825">
     <span class='ocr_line' id='line_1_55' title="bbox 454 3742 2027 3825; baseline -0.009 -15"><span class='ocrx_word' id='word_1_412' title='bbox 454 3753 734 3825; x_wconf 71' lang='lat' dir='ltr'><strong>cognovit,</strong></span> <span class='ocrx_word' id='word_1_413' title='bbox 783 3750 929 3821; x_wconf 86' lang='lat' dir='ltr'><strong>quod</strong></span> <span class='ocrx_word' id='word_1_414' title='bbox 976 3751 1031 3803; x_wconf 91' lang='lat' dir='ltr'><strong>in</strong></span> <span class='ocrx_word' id='word_1_415' title='bbox 1072 3748 1351 3802; x_wconf 64' lang='lat' dir='ltr'><strong>Bethleem</strong></span> <span class='ocrx_word' id='word_1_416' title='bbox 1400 3753 1727 3798; x_wconf 85' lang='lat' dir='ltr'><strong>nasceretur</strong></span> <span class='ocrx_word' id='word_1_417' title='bbox 1773 3742 2027 3796; x_wconf 87' lang='lat' dir='ltr'><strong>Christus</strong></span> 
     </span>
    </p>
   </div>
   <div class='ocr_carea' id='block_1_56' title="bbox 455 3834 2023 3919">
    <p class='ocr_par' dir='ltr' id='par_1_56' title="bbox 455 3834 2023 3919">
     <span class='ocr_line' id='line_1_56' title="bbox 455 3834 2023 3919; baseline -0.01 -18"><span class='ocrx_word' id='word_1_418' title='bbox 455 3849 585 3919; x_wconf 82' lang='lat' dir='ltr'><strong>(hoc</strong></span> <span class='ocrx_word' id='word_1_419' title='bbox 613 3847 757 3900; x_wconf 89' lang='lat' dir='ltr'><strong>enim</strong></span> <span class='ocrx_word' id='word_1_420' title='bbox 782 3859 847 3899; x_wconf 81' lang='lat' dir='ltr'><strong>ex</strong></span> <span class='ocrx_word' id='word_1_421' title='bbox 868 3841 1155 3913; x_wconf 86' lang='lat' dir='ltr'><strong>prophetis</strong></span> <span class='ocrx_word' id='word_1_422' title='bbox 1187 3836 1479 3909; x_wconf 80' lang='lat' dir='ltr'><strong>pontiﬁces</strong></span> <span class='ocrx_word' id='word_1_423' title='bbox 1508 3845 1564 3890; x_wconf 92' lang='lat' dir='ltr'><strong>et</strong></span> <span class='ocrx_word' id='word_1_424' title='bbox 1593 3834 1789 3888; x_wconf 65' lang='lat' dir='ltr'><strong>scribat</strong></span> <span class='ocrx_word' id='word_1_425' title='bbox 1820 3848 2023 3902; x_wconf 83' lang='lat' dir='ltr'><strong>cogno-</strong></span> 
     </span>
    </p>
   </div>
   <div class='ocr_carea' id='block_1_57' title="bbox 451 3922 2026 4008">
    <p class='ocr_par' dir='ltr' id='par_1_57' title="bbox 451 3922 2026 4008">
     <span class='ocr_line' id='line_1_57' title="bbox 451 3922 2026 4008; baseline -0.009 -17"><span class='ocrx_word' id='word_1_426' title='bbox 451 3940 693 4008; x_wconf 88' lang='lat' dir='ltr'><strong>verant),</strong></span> <span class='ocrx_word' id='word_1_427' title='bbox 714 3937 852 3990; x_wconf 70' lang='lat' dir='ltr'><strong>clam</strong></span> <span class='ocrx_word' id='word_1_428' title='bbox 886 3931 1168 3988; x_wconf 86' lang='lat' dir='ltr'><strong>accersitis</strong></span> <span class='ocrx_word' id='word_1_429' title='bbox 1198 3928 1367 3998; x_wconf 78' lang='lat' dir='ltr'><strong>Magis</strong></span> <span class='ocrx_word' id='word_1_430' title='bbox 1398 3925 1695 3996; x_wconf 83' lang='lat' dir='ltr'><strong>praecepit:</strong></span> <span class='ocrx_word' id='word_1_431' title='bbox 1737 3942 1754 3975; x_wconf 82' lang='grc' dir='ltr'>ι</span> <span class='ocrx_word' id='word_1_432' title='bbox 1783 3922 2026 3979; x_wconf 83' lang='lat' dir='ltr'><strong>Profecti</strong></span> 
     </span>
    </p>
   </div>
   <div class='ocr_carea' id='block_1_58' title="bbox 454 4014 2024 4092">
    <p class='ocr_par' dir='ltr' id='par_1_58' title="bbox 454 4014 2024 4092">
     <span class='ocr_line' id='line_1_58' title="bbox 454 4014 2024 4092; baseline -0.013 -5"><span class='ocrx_word' id='word_1_433' title='bbox 454 4033 607 4090; x_wconf 76' lang='lat' dir='ltr'><strong>illuc.</strong></span> <span class='ocrx_word' id='word_1_434' title='bbox 652 4039 910 4083; x_wconf 75' lang='lat' dir='ltr'><strong>accurate</strong></span> <span class='ocrx_word' id='word_1_435' title='bbox 945 4023 1207 4092; x_wconf 85' lang='lat' dir='ltr'><strong>inquirite</strong></span> <span class='ocrx_word' id='word_1_436' title='bbox 1242 4020 1310 4074; x_wconf 89' lang='lat' dir='ltr'><strong>de</strong></span> <span class='ocrx_word' id='word_1_437' title='bbox 1335 4034 1546 4086; x_wconf 86' lang='lat' dir='ltr'><strong>puero;</strong></span> <span class='ocrx_word' id='word_1_438' title='bbox 1583 4017 1676 4071; x_wconf 91' lang='lat' dir='ltr'><strong>ubi</strong></span> <span class='ocrx_word' id='word_1_439' title='bbox 1707 4032 1837 4070; x_wconf 78' lang='lat' dir='ltr'><strong>vero</strong></span> <span class='ocrx_word' id='word_1_440' title='bbox 1870 4014 2024 4069; x_wconf 89' lang='lat' dir='ltr'><strong>illum</strong></span> 
     </span>
    </p>
   </div>
   <div class='ocr_carea' id='block_1_59' title="bbox 455 4109 2027 4186">
    <p class='ocr_par' dir='ltr' id='par_1_59' title="bbox 455 4109 2027 4186">
     <span class='ocr_line' id='line_1_59' title="bbox 455 4109 2027 4186; baseline -0.012 -6"><span class='ocrx_word' id='word_1_441' title='bbox 455 4124 806 4186; x_wconf 76' lang='lat' dir='ltr'><strong>inveneritis,</strong></span> <span class='ocrx_word' id='word_1_442' title='bbox 858 4119 1170 4173; x_wconf 89' lang='lat' dir='ltr'><strong>renuntiate</strong></span> <span class='ocrx_word' id='word_1_443' title='bbox 1208 4123 1264 4168; x_wconf 87' lang='lat' dir='ltr'><strong>et</strong></span> <span class='ocrx_word' id='word_1_444' title='bbox 1315 4111 1473 4175; x_wconf 86' lang='lat' dir='ltr'><strong>mihi,</strong></span> <span class='ocrx_word' id='word_1_445' title='bbox 1510 4121 1570 4163; x_wconf 92' lang='lat' dir='ltr'><strong>ut</strong></span> <span class='ocrx_word' id='word_1_446' title='bbox 1594 4125 1696 4178; x_wconf 78' lang='lat' dir='ltr'><strong>ego</strong></span> <span class='ocrx_word' id='word_1_447' title='bbox 1727 4109 1943 4164; x_wconf 79' lang='lat' dir='ltr'><strong>veniam</strong></span> <span class='ocrx_word' id='word_1_448' title='bbox 1969 4116 2027 4163; x_wconf 87' lang='lat' dir='ltr'><strong>et</strong></span> 
     </span>
    </p>
   </div>
   <div class='ocr_carea' id='block_1_60' title="bbox 451 4191 2065 4267">
    <p class='ocr_par' dir='ltr' id='par_1_60' title="bbox 451 4191 2065 4267">
     <span class='ocr_line' id='line_1_60' title="bbox 451 4191 2065 4267; baseline -0.014 1"><span class='ocrx_word' id='word_1_449' title='bbox 451 4214 678 4267; x_wconf 70' lang='lat' dir='ltr'><strong>adorem</strong></span> <span class='ocrx_word' id='word_1_450' title='bbox 715 4207 977 4264; x_wconf 67' lang='lat' dir='ltr'><strong>illum&quot;.i</strong></span> <span class='ocrx_word' id='word_1_451' title='bbox 1020 4204 1143 4257; x_wconf 66' lang='lat' dir='ltr'><strong>llaec</strong></span> <span class='ocrx_word' id='word_1_452' title='bbox 1173 4210 1353 4255; x_wconf 85' lang='lat' dir='ltr'><strong>autem</strong></span> <span class='ocrx_word' id='word_1_453' title='bbox 1382 4199 1566 4252; x_wconf 89' lang='lat' dir='ltr'><strong>animo</strong></span> <span class='ocrx_word' id='word_1_454' title='bbox 1596 4195 1737 4249; x_wconf 78' lang='lat' dir='ltr'><strong>dixit</strong></span> <span class='ocrx_word' id='word_1_455' title='bbox 1773 4191 2023 4248; x_wconf 85' lang='lat' dir='ltr'><strong>mendaci</strong></span> <span class='ocrx_word' id='word_1_456' title='bbox 2064 4226 2065 4229; x_wconf 62' lang='grc' dir='ltr'><strong>η</strong></span> 
     </span>
    </p>
   </div>
   <div class='ocr_carea' id='block_1_61' title="bbox 451 4287 2019 4364">
    <p class='ocr_par' dir='ltr' id='par_1_61' title="bbox 451 4287 2019 4364">
     <span class='ocr_line' id='line_1_61' title="bbox 451 4287 2019 4364; baseline -0.014 -4"><span class='ocrx_word' id='word_1_457' title='bbox 451 4317 508 4361; x_wconf 83' lang='lat' dir='ltr'><strong>et</strong></span> <span class='ocrx_word' id='word_1_458' title='bbox 547 4304 806 4359; x_wconf 85' lang='lat' dir='ltr'><strong>subdolo.</strong></span> <span class='ocrx_word' id='word_1_459' title='bbox 840 4297 1159 4355; x_wconf 73' lang='lat' dir='ltr'><strong>Cum&#39;eniin</strong></span> <span class='ocrx_word' id='word_1_460' title='bbox 1190 4308 1369 4364; x_wconf 82' lang='lat' dir='ltr'><strong>regem</strong></span> <span class='ocrx_word' id='word_1_461' title='bbox 1403 4290 1745 4345; x_wconf 80' lang='lat' dir='ltr'><strong>nasciturum</strong></span> <span class='ocrx_word' id='word_1_462' title='bbox 1778 4287 2019 4348; x_wconf 85' lang='lat' dir='ltr'><strong>audiret,</strong></span> 
     </span>
    </p>
   </div>
   <div class='ocr_carea' id='block_1_62' title="bbox 452 4377 2019 4467">
    <p class='ocr_par' dir='ltr' id='par_1_62' title="bbox 452 4377 2019 4467">
     <span class='ocr_line' id='line_1_62' title="bbox 452 4377 2019 4467; baseline -0.014 -16"><span class='ocrx_word' id='word_1_463' title='bbox 452 4398 548 4467; x_wconf 82' lang='lat' dir='ltr'><strong>qui</strong></span> <span class='ocrx_word' id='word_1_464' title='bbox 590 4397 995 4465; x_wconf 80' lang='lat' dir='ltr'><strong>gubernaturus</strong></span> <span class='ocrx_word' id='word_1_465' title='bbox 1038 4397 1185 4443; x_wconf 88' lang='lat' dir='ltr'><strong>esset</strong></span> <span class='ocrx_word' id='word_1_466' title='bbox 1222 4385 1499 4449; x_wconf 83' lang='lat' dir='ltr'><strong>lsraelem,</strong></span> <span class='ocrx_word' id='word_1_467' title='bbox 1534 4381 1814 4436; x_wconf 88' lang='lat' dir='ltr'><strong>Christum</strong></span> <span class='ocrx_word' id='word_1_468' title='bbox 1860 4377 2019 4431; x_wconf 86' lang='lat' dir='ltr'><strong>talem</strong></span> 
     </span>
    </p>
   </div>
   <div class='ocr_carea' id='block_1_63' title="bbox 454 4470 2025 4558">
    <p class='ocr_par' dir='ltr' id='par_1_63' title="bbox 454 4470 2025 4558">
     <span class='ocr_line' id='line_1_63' title="bbox 454 4470 2025 4558; baseline -0.015 -17"><span class='ocrx_word' id='word_1_469' title='bbox 454 4504 638 4558; x_wconf 47' lang='lat' dir='ltr'><strong>regem</strong></span> <span class='ocrx_word' id='word_1_470' title='bbox 674 4486 793 4539; x_wconf 82' lang='lat' dir='ltr'><strong>fore</strong></span> <span class='ocrx_word' id='word_1_471' title='bbox 833 4481 1065 4552; x_wconf 86' lang='lat' dir='ltr'><strong>putavit,</strong></span> <span class='ocrx_word' id='word_1_472' title='bbox 1115 4478 1307 4547; x_wconf 87' lang='lat' dir='ltr'><strong>quales</strong></span> <span class='ocrx_word' id='word_1_473' title='bbox 1340 4473 1498 4528; x_wconf 90' lang='lat' dir='ltr'><strong>multi</strong></span> <span class='ocrx_word' id='word_1_474' title='bbox 1530 4479 1681 4532; x_wconf 81' lang='lat' dir='ltr'><strong>sunt,</strong></span> <span class='ocrx_word' id='word_1_475' title='bbox 1714 4470 1875 4537; x_wconf 87' lang='lat' dir='ltr'><strong>cujus</strong></span> <span class='ocrx_word' id='word_1_476' title='bbox 1904 4481 2025 4535; x_wconf 76' lang='lat' dir='ltr'><strong>reg-</strong></span> 
     </span>
    </p>
   </div>
   <div class='ocr_carea' id='block_1_64' title="bbox 2140 1996 3717 2071">
    <p class='ocr_par' dir='ltr' id='par_1_64' title="bbox 2140 1996 3717 2071">
     <span class='ocr_line' id='line_1_64' title="bbox 2140 1996 3717 2071; baseline 0.002 -21"><span class='ocrx_word' id='word_1_477' title='bbox 2140 1996 2284 2050; x_wconf 83' lang='grc' dir='ltr'>οῦτω</span> <span class='ocrx_word' id='word_1_478' title='bbox 2337 1998 2431 2051; x_wconf 66' lang='grc' dir='ltr'>καὶ</span> <span class='ocrx_word' id='word_1_479' title='bbox 2476 2000 2533 2050; x_wconf 84' lang='grc' dir='ltr'>ἐν</span> <span class='ocrx_word' id='word_1_480' title='bbox 2568 2001 2630 2068; x_wconf 81' lang='grc' dir='ltr'>τῇ</span> <span class='ocrx_word' id='word_1_481' title='bbox 2684 1998 2777 2051; x_wconf 89' lang='grc' dir='ltr'><strong>τοῦ</strong></span> <span class='ocrx_word' id='word_1_482' title='bbox 2818 2001 2983 2052; x_wconf 87' lang='grc' dir='ltr'>τόπου</span> <span class='ocrx_word' id='word_1_483' title='bbox 3021 1999 3243 2071; x_wconf 75' lang='grc' dir='ltr'>θεωρίᾳ.</span> <span class='ocrx_word' id='word_1_484' title='bbox 3293 2000 3403 2053; x_wconf 79' lang='lat' dir='ltr'><strong>Kal</strong></span> <span class='ocrx_word' id='word_1_485' title='bbox 3435 2002 3717 2068; x_wconf 71' lang='grc' dir='ltr'>συμφωνεῖ</span> 
     </span>
    </p>
   </div>
   <div class='ocr_carea' id='block_1_65' title="bbox 2144 2087 3715 2158">
    <p class='ocr_par' dir='ltr' id='par_1_65' title="bbox 2144 2087 3715 2158">
     <span class='ocr_line' id='line_1_65' title="bbox 2144 2087 3715 2158; baseline 0.001 -19"><span class='ocrx_word' id='word_1_486' title='bbox 2144 2088 2281 2157; x_wconf 70' lang='grc' dir='ltr'>μετὰ</span> <span class='ocrx_word' id='word_1_487' title='bbox 2308 2087 2403 2153; x_wconf 69' lang='grc' dir='ltr'><strong>τοῦ</strong></span> <span class='ocrx_word' id='word_1_488' title='bbox 2447 2090 2726 2157; x_wconf 58' lang='grc' dir='ltr'>προφήτου</span> <span class='ocrx_word' id='word_1_489' title='bbox 2779 2089 3049 2153; x_wconf 70' lang='grc' dir='ltr'>Ἰωάννου,</span> <span class='ocrx_word' id='word_1_490' title='bbox 3087 2091 3167 2141; x_wconf 79' lang='grc' dir='ltr'>ὅτι</span> <span class='ocrx_word' id='word_1_491' title='bbox 3208 2089 3369 2150; x_wconf 81' lang='grc' dir='ltr'>αὐτὸς</span> <span class='ocrx_word' id='word_1_492' title='bbox 3403 2088 3505 2158; x_wconf 79' lang='grc' dir='ltr'><strong>μὲν</strong></span> <span class='ocrx_word' id='word_1_493' title='bbox 3534 2087 3715 2154; x_wconf 76' lang='grc' dir='ltr'>εἶπεν,</span> 
     </span>
    </p>
   </div>
   <div class='ocr_carea' id='block_1_66' title="bbox 2139 2177 3714 2248">
    <p class='ocr_par' dir='ltr' id='par_1_66' title="bbox 2139 2177 3714 2248">
     <span class='ocr_line' id='line_1_66' title="bbox 2139 2177 3714 2248; baseline -0.001 -16"><span class='ocrx_word' id='word_1_494' title='bbox 2139 2180 2220 2232; x_wconf 83' lang='grc' dir='ltr'><strong>ὅτι</strong></span> <span class='ocrx_word' id='word_1_495' title='bbox 2250 2198 2267 2229; x_wconf 84' lang='grc' dir='ltr'>ι</span> <span class='ocrx_word' id='word_1_496' title='bbox 2294 2180 2659 2248; x_wconf 76' lang='grc' dir='ltr'>Προσκυνεῖτε</span> <span class='ocrx_word' id='word_1_497' title='bbox 2688 2179 2779 2233; x_wconf 80' lang='grc' dir='ltr'><strong>τὸν</strong></span> <span class='ocrx_word' id='word_1_498' title='bbox 2802 2180 2987 2245; x_wconf 89' lang='grc' dir='ltr'>τόπον,</span> <span class='ocrx_word' id='word_1_499' title='bbox 3009 2177 3069 2232; x_wconf 78' lang='grc' dir='ltr'><strong>οῦ</strong></span> <span class='ocrx_word' id='word_1_500' title='bbox 3101 2180 3333 2247; x_wconf 77' lang='grc' dir='ltr'>ἔστησαν</span> <span class='ocrx_word' id='word_1_501' title='bbox 3360 2183 3407 2233; x_wconf 85' lang='grc' dir='ltr'>οἱ</span> <span class='ocrx_word' id='word_1_502' title='bbox 3437 2184 3591 2243; x_wconf 75' lang='grc' dir='ltr'>πόὶες</span> <span class='ocrx_word' id='word_1_503' title='bbox 3613 2182 3714 2232; x_wconf 71' lang='grc' dir='ltr'><strong>αὖ-</strong></span> 
     </span>
    </p>
   </div>
   <div class='ocr_carea' id='block_1_67' title="bbox 2140 2271 3713 2343">
    <p class='ocr_par' dir='ltr' id='par_1_67' title="bbox 2140 2271 3713 2343">
     <span class='ocr_line' id='line_1_67' title="bbox 2140 2271 3713 2343; baseline 0.002 -20"><span class='ocrx_word' id='word_1_504' title='bbox 2140 2271 2231 2324; x_wconf 83' lang='grc' dir='ltr'><strong>τοῦ</strong></span> <span class='ocrx_word' id='word_1_505' title='bbox 2252 2287 2265 2302; x_wconf 80' lang='grc'>⁶</span> <span class='ocrx_word' id='word_1_506' title='bbox 2299 2292 2317 2324; x_wconf 76' lang='grc' dir='ltr'><strong>ι</strong></span> <span class='ocrx_word' id='word_1_507' title='bbox 2344 2274 2548 2335; x_wconf 74' lang='grc' dir='ltr'>ἐκεῖνος</span> <span class='ocrx_word' id='word_1_508' title='bbox 2578 2273 2743 2336; x_wconf 81' lang='grc' dir='ltr'>δὲ,ὄτι</span> <span class='ocrx_word' id='word_1_509' title='bbox 2772 2293 2789 2324; x_wconf 83' lang='grc' dir='ltr'>ι</span> <span class='ocrx_word' id='word_1_510' title='bbox 2817 2274 2929 2326; x_wconf 85' lang='grc' dir='ltr'>Οὐκ</span> <span class='ocrx_word' id='word_1_511' title='bbox 2960 2274 3074 2343; x_wconf 74' lang='grc' dir='ltr'>εἰμὶ</span> <span class='ocrx_word' id='word_1_512' title='bbox 3095 2274 3239 2339; x_wconf 79' lang='grc' dir='ltr'>ἄξιος</span> <span class='ocrx_word' id='word_1_513' title='bbox 3270 2276 3355 2326; x_wconf 84' lang='grc' dir='ltr'><strong>ἴνα</strong></span> <span class='ocrx_word' id='word_1_514' title='bbox 3375 2274 3713 2343; x_wconf 75' lang='grc' dir='ltr'>βαστάσωτὰ</span> 
     </span>
    </p>
   </div>
   <div class='ocr_carea' id='block_1_68' title="bbox 2140 2363 3711 2436">
    <p class='ocr_par' dir='ltr' id='par_1_68' title="bbox 2140 2363 3711 2436">
     <span class='ocr_line' id='line_1_68' title="bbox 2140 2363 3711 2436; baseline 0.002 -20"><span class='ocrx_word' id='word_1_515' title='bbox 2140 2365 2462 2435; x_wconf 81' lang='grc' dir='ltr'>ὑποδήματα</span> <span class='ocrx_word' id='word_1_516' title='bbox 2489 2365 2581 2419; x_wconf 87' lang='grc' dir='ltr'><strong>τοῦ</strong></span> <span class='ocrx_word' id='word_1_517' title='bbox 2609 2365 2783 2419; x_wconf 84' lang='grc' dir='ltr'>ὀπίσω</span> <span class='ocrx_word' id='word_1_518' title='bbox 2807 2363 2919 2435; x_wconf 85' lang='grc' dir='ltr'>’μου</span> <span class='ocrx_word' id='word_1_519' title='bbox 2944 2370 3261 2436; x_wconf 82' lang='grc' dir='ltr'>ἐρχομένου.</span> <span class='ocrx_word' id='word_1_520' title='bbox 3286 2385 3303 2417; x_wconf 79' lang='grc' dir='ltr'><strong>ι</strong></span> <span class='ocrx_word' id='word_1_521' title='bbox 3326 2367 3574 2430; x_wconf 80' lang='grc' dir='ltr'><strong>Βλέπεις,</strong></span> <span class='ocrx_word' id='word_1_522' title='bbox 3594 2368 3711 2430; x_wconf 78' lang='grc' dir='ltr'><strong>πῶς</strong></span> 
     </span>
    </p>
   </div>
   <div class='ocr_carea' id='block_1_69' title="bbox 2138 2456 3712 2527">
    <p class='ocr_par' dir='ltr' id='par_1_69' title="bbox 2138 2456 3712 2527">
     <span class='ocr_line' id='line_1_69' title="bbox 2138 2456 3712 2527; baseline 0.001 -18"><span class='ocrx_word' id='word_1_523' title='bbox 2138 2457 2232 2510; x_wconf 86' lang='grc' dir='ltr'><strong>καὶ</strong></span> <span class='ocrx_word' id='word_1_524' title='bbox 2262 2458 2321 2508; x_wconf 77' lang='grc' dir='ltr'>ἐν</span> <span class='ocrx_word' id='word_1_525' title='bbox 2350 2460 2464 2521; x_wconf 83' lang='grc' dir='ltr'>τοῖς</span> <span class='ocrx_word' id='word_1_526' title='bbox 2513 2456 2774 2527; x_wconf 84' lang='grc' dir='ltr'>μεγάλοις</span> <span class='ocrx_word' id='word_1_527' title='bbox 2821 2475 2918 2510; x_wconf 88' lang='grc' dir='ltr'><strong>και</strong></span> <span class='ocrx_word' id='word_1_528' title='bbox 2953 2460 3011 2509; x_wconf 86' lang='grc' dir='ltr'>ὲν</span> <span class='ocrx_word' id='word_1_529' title='bbox 3065 2460 3177 2519; x_wconf 83' lang='grc' dir='ltr'>τοῖς</span> <span class='ocrx_word' id='word_1_530' title='bbox 3238 2460 3457 2527; x_wconf 79' lang='grc' dir='ltr'>μικροῖς</span> <span class='ocrx_word' id='word_1_531' title='bbox 3512 2458 3712 2520; x_wconf 72' lang='grc' dir='ltr'>πάντες</span> 
     </span>
    </p>
   </div>
   <div class='ocr_carea' id='block_1_70' title="bbox 2135 2548 3710 2619">
    <p class='ocr_par' dir='ltr' id='par_1_70' title="bbox 2135 2548 3710 2619">
     <span class='ocr_line' id='line_1_70' title="bbox 2135 2548 3710 2619; baseline -0.001 -18"><span class='ocrx_word' id='word_1_532' title='bbox 2135 2548 2514 2618; x_wconf 80' lang='grc' dir='ltr'>όμοφωνοῦσιν</span> <span class='ocrx_word' id='word_1_533' title='bbox 2544 2550 2594 2602; x_wconf 76' lang='lat' dir='ltr'><strong>ot</strong></span> <span class='ocrx_word' id='word_1_534' title='bbox 2624 2553 2919 2619; x_wconf 81' lang='grc' dir='ltr'>προφῆται,</span> <span class='ocrx_word' id='word_1_535' title='bbox 2958 2550 3051 2603; x_wconf 80' lang='grc' dir='ltr'>καὶ</span> <span class='ocrx_word' id='word_1_536' title='bbox 3085 2549 3452 2618; x_wconf 83' lang='grc' dir='ltr'>προσκυνοῦσι</span> <span class='ocrx_word' id='word_1_537' title='bbox 3486 2552 3580 2602; x_wconf 69' lang='grc' dir='ltr'>καὶ</span> <span class='ocrx_word' id='word_1_538' title='bbox 3610 2567 3710 2616; x_wconf 83' lang='grc' dir='ltr'>με-</span> 
     </span>
    </p>
   </div>
   <div class='ocr_carea' id='block_1_71' title="bbox 2135 2642 3712 2714">
    <p class='ocr_par' dir='ltr' id='par_1_71' title="bbox 2135 2642 3712 2714">
     <span class='ocr_line' id='line_1_71' title="bbox 2135 2642 3712 2714; baseline 0 -20"><span class='ocrx_word' id='word_1_539' title='bbox 2135 2643 2427 2711; x_wconf 80' lang='grc' dir='ltr'>γαλύνουσι</span> <span class='ocrx_word' id='word_1_540' title='bbox 2456 2660 2468 2707; x_wconf 88' lang='grc'><strong>;</strong></span> <span class='ocrx_word' id='word_1_541' title='bbox 2496 2644 2782 2701; x_wconf 70' lang='grc' dir='ltr'>καὶούδεὶς</span> <span class='ocrx_word' id='word_1_542' title='bbox 2810 2642 2918 2695; x_wconf 88' lang='grc' dir='ltr'><strong>τῶν</strong></span> <span class='ocrx_word' id='word_1_543' title='bbox 2952 2644 3243 2714; x_wconf 60' lang='grc' dir='ltr'>προφητῶν</span> <span class='ocrx_word' id='word_1_544' title='bbox 3270 2644 3439 2706; x_wconf 79' lang='grc' dir='ltr'>ἐστιν,</span> <span class='ocrx_word' id='word_1_545' title='bbox 3475 2643 3532 2706; x_wconf 83' lang='grc' dir='ltr'>ὃς</span> <span class='ocrx_word' id='word_1_546' title='bbox 3572 2644 3712 2712; x_wconf 82' lang='grc' dir='ltr'>μετὰ</span> 
     </span>
    </p>
   </div>
   <div class='ocr_carea' id='block_1_72' title="bbox 2135 2733 3711 2805">
    <p class='ocr_par' dir='ltr' id='par_1_72' title="bbox 2135 2733 3711 2805">
     <span class='ocr_line' id='line_1_72' title="bbox 2135 2733 3711 2805; baseline 0.001 -19"><span class='ocrx_word' id='word_1_547' title='bbox 2135 2735 2195 2786; x_wconf 68' lang='grc' dir='ltr'>τὸ</span> <span class='ocrx_word' id='word_1_548' title='bbox 2226 2733 2604 2804; x_wconf 82' lang='grc' dir='ltr'>προφητεῦσαι</span> <span class='ocrx_word' id='word_1_549' title='bbox 2646 2736 2742 2787; x_wconf 79' lang='grc' dir='ltr'><strong>καὶ</strong></span> <span class='ocrx_word' id='word_1_550' title='bbox 2770 2736 2944 2787; x_wconf 87' lang='grc' dir='ltr'>είπεῖν</span> <span class='ocrx_word' id='word_1_551' title='bbox 2984 2735 3112 2804; x_wconf 81' lang='grc' dir='ltr'>περὶ</span> <span class='ocrx_word' id='word_1_552' title='bbox 3142 2735 3235 2787; x_wconf 88' lang='grc' dir='ltr'><strong>τοῦ</strong></span> <span class='ocrx_word' id='word_1_553' title='bbox 3268 2735 3527 2805; x_wconf 80' lang='grc' dir='ltr'>Χριστοῦ,</span> <span class='ocrx_word' id='word_1_554' title='bbox 3556 2736 3711 2788; x_wconf 75' lang='grc' dir='ltr'>οὐδὲν</span> 
     </span>
    </p>
   </div>
   <div class='ocr_carea' id='block_1_73' title="bbox 2134 2825 3709 2897">
    <p class='ocr_par' dir='ltr' id='par_1_73' title="bbox 2134 2825 3709 2897">
     <span class='ocr_line' id='line_1_73' title="bbox 2134 2825 3709 2897; baseline -0.001 -19"><span class='ocrx_word' id='word_1_555' title='bbox 2134 2825 2404 2878; x_wconf 85' lang='grc' dir='ltr'>δείκνυσιν</span> <span class='ocrx_word' id='word_1_556' title='bbox 2458 2826 2651 2878; x_wconf 72' lang='grc' dir='ltr'>ἑαυτὸν</span> <span class='ocrx_word' id='word_1_557' title='bbox 2704 2825 2898 2895; x_wconf 86' lang='grc' dir='ltr'>μικρὸν</span> <span class='ocrx_word' id='word_1_558' title='bbox 2948 2827 3042 2878; x_wconf 78' lang='grc' dir='ltr'><strong>καὶ</strong></span> <span class='ocrx_word' id='word_1_559' title='bbox 3100 2825 3315 2897; x_wconf 81' lang='grc' dir='ltr'>εὐτελῆ,</span> <span class='ocrx_word' id='word_1_560' title='bbox 3369 2828 3461 2879; x_wconf 78' lang='grc' dir='ltr'><strong>καὶ</strong></span> <span class='ocrx_word' id='word_1_561' title='bbox 3494 2827 3709 2889; x_wconf 67' lang='grc' dir='ltr'>οὐδενὸς</span> 
     </span>
    </p>
   </div>
   <div class='ocr_carea' id='block_1_74' title="bbox 2134 2915 3709 2986">
    <p class='ocr_par' dir='ltr' id='par_1_74' title="bbox 2134 2915 3709 2986">
     <span class='ocr_line' id='line_1_74' title="bbox 2134 2915 3709 2986; baseline -0.001 -16"><span class='ocrx_word' id='word_1_562' title='bbox 2134 2917 2284 2981; x_wconf 81' lang='grc' dir='ltr'>ἄξιον</span> <span class='ocrx_word' id='word_1_563' title='bbox 2337 2916 2521 2984; x_wconf 83' lang='grc' dir='ltr'>λόγου,</span> <span class='ocrx_word' id='word_1_564' title='bbox 2577 2915 2758 2978; x_wconf 74' lang='grc' dir='ltr'>καῢὼς</span> <span class='ocrx_word' id='word_1_565' title='bbox 2792 2918 2886 2969; x_wconf 74' lang='grc' dir='ltr'><strong>καὶ</strong></span> <span class='ocrx_word' id='word_1_566' title='bbox 2933 2917 3183 2986; x_wconf 78' lang='grc' dir='ltr'><strong>’Δϐραάμ</strong></span> <span class='ocrx_word' id='word_1_567' title='bbox 3234 2918 3337 2985; x_wconf 71' lang='grc' dir='ltr'>γῆν</span> <span class='ocrx_word' id='word_1_568' title='bbox 3371 2919 3464 2969; x_wconf 75' lang='grc' dir='ltr'><strong>καὶ</strong></span> <span class='ocrx_word' id='word_1_569' title='bbox 3518 2918 3709 2971; x_wconf 71' lang='grc' dir='ltr'>σποδὸν</span> 
     </span>
    </p>
   </div>
   <div class='ocr_carea' id='block_1_75' title="bbox 2134 3005 3706 3075">
    <p class='ocr_par' dir='ltr' id='par_1_75' title="bbox 2134 3005 3706 3075">
     <span class='ocr_line' id='line_1_75' title="bbox 2134 3005 3706 3075; baseline 0.001 -17"><span class='ocrx_word' id='word_1_570' title='bbox 2134 3006 2394 3059; x_wconf 78' lang='grc' dir='ltr'>ἐκάλεσεν</span> <span class='ocrx_word' id='word_1_571' title='bbox 2428 3005 2640 3059; x_wconf 80' lang='grc' dir='ltr'>ἑαυτόν.</span> <span class='ocrx_word' id='word_1_572' title='bbox 2679 3005 2752 3059; x_wconf 82' lang='grc' dir='ltr'><strong>Οὐ</strong></span> <span class='ocrx_word' id='word_1_573' title='bbox 2787 3005 2943 3073; x_wconf 89' lang='grc' dir='ltr'>μόνον</span> <span class='ocrx_word' id='word_1_574' title='bbox 2972 3006 3029 3058; x_wconf 86' lang='grc' dir='ltr'>δὲ</span> <span class='ocrx_word' id='word_1_575' title='bbox 3055 3008 3080 3058; x_wconf 89' lang='lat'><strong>6</strong></span> <span class='ocrx_word' id='word_1_576' title='bbox 3107 3007 3345 3075; x_wconf 84' lang='grc' dir='ltr'>Μιχαίας</span> <span class='ocrx_word' id='word_1_577' title='bbox 3378 3007 3473 3058; x_wconf 71' lang='grc' dir='ltr'>καὶ</span> <span class='ocrx_word' id='word_1_578' title='bbox 3494 3008 3520 3056; x_wconf 85' lang='grc' dir='ltr'>ὁ</span> <span class='ocrx_word' id='word_1_579' title='bbox 3544 3008 3652 3057; x_wconf 73' lang='grc' dir='ltr'><strong>Δ]ιὸ</strong></span> <span class='ocrx_word' id='word_1_580' title='bbox 3678 3007 3706 3059; x_wconf 97' lang='lat'><strong>6</strong></span> 
     </span>
    </p>
   </div>
   <div class='ocr_carea' id='block_1_76' title="bbox 2132 3094 3706 3168">
    <p class='ocr_par' dir='ltr' id='par_1_76' title="bbox 2132 3094 3706 3168">
     <span class='ocr_line' id='line_1_76' title="bbox 2132 3094 3706 3168; baseline -0.001 -17"><span class='ocrx_word' id='word_1_581' title='bbox 2132 3094 2255 3151; x_wconf 78' lang='grc' dir='ltr'>εἷπε</span> <span class='ocrx_word' id='word_1_582' title='bbox 2288 3098 2417 3168; x_wconf 79' lang='grc' dir='ltr'><strong>περὶ</strong></span> <span class='ocrx_word' id='word_1_583' title='bbox 2450 3098 2549 3166; x_wconf 80' lang='grc' dir='ltr'>τῆς</span> <span class='ocrx_word' id='word_1_584' title='bbox 2578 3097 2848 3168; x_wconf 82' lang='grc' dir='ltr'>Βηθλεὲμ,</span> <span class='ocrx_word' id='word_1_585' title='bbox 2896 3097 3031 3150; x_wconf 78' lang='grc' dir='ltr'>ἀλλὰ</span> <span class='ocrx_word' id='word_1_586' title='bbox 3082 3101 3176 3151; x_wconf 70' lang='grc' dir='ltr'><strong>καὶ</strong></span> <span class='ocrx_word' id='word_1_587' title='bbox 3209 3098 3390 3151; x_wconf 79' lang='grc' dir='ltr'>πολλοὶ</span> <span class='ocrx_word' id='word_1_588' title='bbox 3417 3099 3595 3168; x_wconf 62' lang='grc' dir='ltr'>ἕτεροι</span> <span class='ocrx_word' id='word_1_589' title='bbox 3626 3095 3706 3150; x_wconf 80' lang='grc' dir='ltr'><strong>εἷ-</strong></span> 
     </span>
    </p>
   </div>
   <div class='ocr_carea' id='block_1_77' title="bbox 2134 3189 3701 3260">
    <p class='ocr_par' dir='ltr' id='par_1_77' title="bbox 2134 3189 3701 3260">
     <span class='ocr_line' id='line_1_77' title="bbox 2134 3189 3701 3260; baseline -0.001 -17"><span class='ocrx_word' id='word_1_590' title='bbox 2134 3209 2253 3255; x_wconf 88' lang='grc' dir='ltr'>πον,</span> <span class='ocrx_word' id='word_1_591' title='bbox 2279 3189 2373 3253; x_wconf 85' lang='grc' dir='ltr'><strong>οῦς</strong></span> <span class='ocrx_word' id='word_1_592' title='bbox 2395 3190 2490 3242; x_wconf 72' lang='grc' dir='ltr'><strong>καὶ</strong></span> <span class='ocrx_word' id='word_1_593' title='bbox 2512 3190 2951 3260; x_wconf 79' lang='grc' dir='ltr'>παρῃτησὰμεθα</span> <span class='ocrx_word' id='word_1_594' title='bbox 2988 3191 3205 3250; x_wconf 80' lang='grc' dir='ltr'>ἑκόντες</span> <span class='ocrx_word' id='word_1_595' title='bbox 3226 3190 3313 3243; x_wconf 79' lang='grc' dir='ltr'>διὰ</span> <span class='ocrx_word' id='word_1_596' title='bbox 3340 3190 3402 3243; x_wconf 84' lang='grc' dir='ltr'><strong>τὸ</strong></span> <span class='ocrx_word' id='word_1_597' title='bbox 3436 3191 3570 3243; x_wconf 83' lang='grc' dir='ltr'>πολὺ</span> <span class='ocrx_word' id='word_1_598' title='bbox 3601 3192 3701 3259; x_wconf 75' lang='grc' dir='ltr'>τῆς</span> 
     </span>
    </p>
   </div>
   <div class='ocr_carea' id='block_1_78' title="bbox 2131 3282 3697 3356">
    <p class='ocr_par' dir='ltr' id='par_1_78' title="bbox 2131 3282 3697 3356">
     <span class='ocr_line' id='line_1_78' title="bbox 2131 3282 3697 3356; baseline -0.001 -20"><span class='ocrx_word' id='word_1_599' title='bbox 2131 3286 2370 3356; x_wconf 76' lang='grc' dir='ltr'>γραφῆς,</span> <span class='ocrx_word' id='word_1_600' title='bbox 2405 3283 2593 3352; x_wconf 83' lang='grc' dir='ltr'>ὥσπερ</span> <span class='ocrx_word' id='word_1_601' title='bbox 2617 3286 2707 3335; x_wconf 77' lang='grc' dir='ltr'>καὶ</span> <span class='ocrx_word' id='word_1_602' title='bbox 2739 3284 2832 3334; x_wconf 78' lang='grc' dir='ltr'>ἐπὶ</span> <span class='ocrx_word' id='word_1_603' title='bbox 2858 3286 2967 3345; x_wconf 68' lang='grc' dir='ltr'>τοῖς</span> <span class='ocrx_word' id='word_1_604' title='bbox 2998 3282 3198 3345; x_wconf 81' lang='grc' dir='ltr'>ἄλλοις.</span> <span class='ocrx_word' id='word_1_605' title='bbox 3245 3282 3385 3336; x_wconf 82' lang='grc' dir='ltr'>Ἀλλ’</span> <span class='ocrx_word' id='word_1_606' title='bbox 3410 3284 3548 3336; x_wconf 79' lang='grc' dir='ltr'>ἰτέον</span> <span class='ocrx_word' id='word_1_607' title='bbox 3573 3284 3697 3335; x_wconf 77' lang='grc' dir='ltr'>ἔνθα</span> 
     </span>
    </p>
   </div>
   <div class='ocr_carea' id='block_1_79' title="bbox 2130 3375 3695 3445">
    <p class='ocr_par' dir='ltr' id='par_1_79' title="bbox 2130 3375 3695 3445">
     <span class='ocr_line' id='line_1_79' title="bbox 2130 3375 3695 3445; baseline -0.001 -17"><span class='ocrx_word' id='word_1_608' title='bbox 2130 3378 2220 3429; x_wconf 83' lang='grc' dir='ltr'><strong>τὸν</strong></span> <span class='ocrx_word' id='word_1_609' title='bbox 2253 3377 2363 3428; x_wconf 87' lang='grc' dir='ltr'><strong>τῶν</strong></span> <span class='ocrx_word' id='word_1_610' title='bbox 2396 3376 2601 3443; x_wconf 76' lang='grc' dir='ltr'>Μάγων</span> <span class='ocrx_word' id='word_1_611' title='bbox 2641 3375 2797 3442; x_wconf 81' lang='grc' dir='ltr'>λόγον</span> <span class='ocrx_word' id='word_1_612' title='bbox 2855 3376 3286 3444; x_wconf 56' lang='grc' dir='ltr'>καταλείψαντές</span> <span class='ocrx_word' id='word_1_613' title='bbox 3339 3378 3529 3445; x_wconf 84' lang='grc' dir='ltr'>ἐσμεν.</span> <span class='ocrx_word' id='word_1_614' title='bbox 3568 3377 3695 3427; x_wconf 75' lang='grc' dir='ltr'>Τότε</span> 
     </span>
    </p>
   </div>
   <div class='ocr_carea' id='block_1_80' title="bbox 2141 3466 3699 3538">
    <p class='ocr_par' dir='ltr' id='par_1_80' title="bbox 2141 3466 3699 3538">
     <span class='ocr_line' id='line_1_80' title="bbox 2141 3466 3699 3538; baseline -0.001 -18"><span class='ocrx_word' id='word_1_615' title='bbox 2141 3467 2389 3538; x_wconf 77' lang='grc' dir='ltr'>Ἡρώδης</span> <span class='ocrx_word' id='word_1_616' title='bbox 2426 3468 2688 3533; x_wconf 83' lang='grc' dir='ltr'>ἀκούσας,</span> <span class='ocrx_word' id='word_1_617' title='bbox 2723 3469 2804 3520; x_wconf 77' lang='grc' dir='ltr'>ὅτι</span> <span class='ocrx_word' id='word_1_618' title='bbox 2844 3469 2900 3520; x_wconf 80' lang='grc' dir='ltr'>ὲν</span> <span class='ocrx_word' id='word_1_619' title='bbox 2933 3466 3177 3536; x_wconf 79' lang='grc' dir='ltr'>Βηθλεὲμ</span> <span class='ocrx_word' id='word_1_620' title='bbox 3210 3470 3468 3535; x_wconf 80' lang='grc' dir='ltr'>γεννᾶται</span> <span class='ocrx_word' id='word_1_621' title='bbox 3498 3470 3524 3520; x_wconf 88' lang='lat'><strong>6</strong></span> <span class='ocrx_word' id='word_1_622' title='bbox 3568 3470 3699 3536; x_wconf 86' lang='grc' dir='ltr'>Χρι-</span> 
     </span>
    </p>
   </div>
   <div class='ocr_carea' id='block_1_81' title="bbox 2132 3560 3701 3632">
    <p class='ocr_par' dir='ltr' id='par_1_81' title="bbox 2132 3560 3701 3632">
     <span class='ocr_line' id='line_1_81' title="bbox 2132 3560 3701 3632; baseline 0.001 -20"><span class='ocrx_word' id='word_1_623' title='bbox 2132 3560 2254 3622; x_wconf 76' lang='grc' dir='ltr'>στδς</span> <span class='ocrx_word' id='word_1_624' title='bbox 2289 3560 2611 3631; x_wconf 78' lang='grc' dir='ltr'>(ἐγίνωσκον</span> <span class='ocrx_word' id='word_1_625' title='bbox 2638 3562 2745 3630; x_wconf 81' lang='grc' dir='ltr'>γὰρ</span> <span class='ocrx_word' id='word_1_626' title='bbox 2772 3563 2924 3631; x_wconf 86' lang='grc' dir='ltr'>παρὰ</span> <span class='ocrx_word' id='word_1_627' title='bbox 2960 3561 3069 3614; x_wconf 88' lang='grc' dir='ltr'><strong>τῶν</strong></span> <span class='ocrx_word' id='word_1_628' title='bbox 3108 3561 3404 3630; x_wconf 72' lang='grc' dir='ltr'>προφητῶν</span> <span class='ocrx_word' id='word_1_629' title='bbox 3431 3563 3484 3613; x_wconf 75' lang='grc' dir='ltr'><strong>οἵ</strong></span> <span class='ocrx_word' id='word_1_630' title='bbox 3505 3579 3566 3613; x_wconf 87' lang='grc' dir='ltr'><strong>τε</strong></span> <span class='ocrx_word' id='word_1_631' title='bbox 3602 3564 3701 3632; x_wconf 85' lang='grc' dir='ltr'><strong>ἀρ-</strong></span> 
     </span>
    </p>
   </div>
   <div class='ocr_carea' id='block_1_82' title="bbox 2129 3650 3699 3722">
    <p class='ocr_par' dir='ltr' id='par_1_82' title="bbox 2129 3650 3699 3722">
     <span class='ocr_line' id='line_1_82' title="bbox 2129 3650 3699 3722; baseline 0 -19"><span class='ocrx_word' id='word_1_632' title='bbox 2129 3655 2333 3721; x_wconf 87' lang='grc' dir='ltr'>χιερεῖς</span> <span class='ocrx_word' id='word_1_633' title='bbox 2386 3651 2480 3704; x_wconf 75' lang='grc' dir='ltr'>καὶ</span> <span class='ocrx_word' id='word_1_634' title='bbox 2535 3654 2582 3705; x_wconf 88' lang='grc' dir='ltr'>οἱ</span> <span class='ocrx_word' id='word_1_635' title='bbox 2621 3652 2972 3720; x_wconf 87' lang='grc' dir='ltr'>γραμματεῖς</span> <span class='ocrx_word' id='word_1_636' title='bbox 3012 3650 3214 3719; x_wconf 88' lang='grc' dir='ltr'>τοῦτο,)</span> <span class='ocrx_word' id='word_1_637' title='bbox 3266 3652 3438 3722; x_wconf 84' lang='grc' dir='ltr'>λάθρα</span> <span class='ocrx_word' id='word_1_638' title='bbox 3465 3653 3699 3716; x_wconf 81' lang='grc' dir='ltr'>καλέσας</span> 
     </span>
    </p>
   </div>
   <div class='ocr_carea' id='block_1_83' title="bbox 2128 3743 3697 3812">
    <p class='ocr_par' dir='ltr' id='par_1_83' title="bbox 2128 3743 3697 3812">
     <span class='ocr_line' id='line_1_83' title="bbox 2128 3743 3697 3812; baseline 0 -16"><span class='ocrx_word' id='word_1_639' title='bbox 2128 3745 2252 3803; x_wconf 74' lang='grc' dir='ltr'>τοὺς</span> <span class='ocrx_word' id='word_1_640' title='bbox 2283 3744 2529 3810; x_wconf 79' lang='grc' dir='ltr'>Μάγους,</span> <span class='ocrx_word' id='word_1_641' title='bbox 2566 3743 2716 3809; x_wconf 82' lang='grc' dir='ltr'>λέγει</span> <span class='ocrx_word' id='word_1_642' title='bbox 2749 3745 2885 3812; x_wconf 71' lang='grc' dir='ltr'>πρὸς</span> <span class='ocrx_word' id='word_1_643' title='bbox 2918 3743 3134 3809; x_wconf 80' lang='grc' dir='ltr'>αὐτοὺς,</span> <span class='ocrx_word' id='word_1_644' title='bbox 3159 3762 3177 3795; x_wconf 80' lang='grc' dir='ltr'><strong>ι</strong></span> <span class='ocrx_word' id='word_1_645' title='bbox 3203 3744 3547 3808; x_wconf 80' lang='grc' dir='ltr'>Ἀπελθόντες</span> <span class='ocrx_word' id='word_1_646' title='bbox 3579 3746 3697 3809; x_wconf 76' lang='grc' dir='ltr'>ἑξε-</span> 
     </span>
    </p>
   </div>
   <div class='ocr_carea' id='block_1_84' title="bbox 2127 3832 3697 3906">
    <p class='ocr_par' dir='ltr' id='par_1_84' title="bbox 2127 3832 3697 3906">
     <span class='ocr_line' id='line_1_84' title="bbox 2127 3832 3697 3906; baseline 0.003 -21"><span class='ocrx_word' id='word_1_647' title='bbox 2127 3832 2329 3886; x_wconf 87' lang='grc' dir='ltr'>τοὶσατε</span> <span class='ocrx_word' id='word_1_648' title='bbox 2365 3834 2495 3902; x_wconf 72' lang='grc' dir='ltr'>περὶ</span> <span class='ocrx_word' id='word_1_649' title='bbox 2531 3832 2625 3884; x_wconf 88' lang='grc' dir='ltr'><strong>τοῦ</strong></span> <span class='ocrx_word' id='word_1_650' title='bbox 2673 3833 2889 3885; x_wconf 75' lang='grc' dir='ltr'>παιδίου</span> <span class='ocrx_word' id='word_1_651' title='bbox 2920 3849 2933 3863; x_wconf 76' lang='grc' dir='ltr'><strong>ο</strong></span> <span class='ocrx_word' id='word_1_652' title='bbox 2982 3835 3119 3887; x_wconf 77' lang='grc' dir='ltr'>ἐπὰν</span> <span class='ocrx_word' id='word_1_653' title='bbox 3162 3835 3218 3886; x_wconf 82' lang='grc' dir='ltr'><strong>δὲ</strong></span> <span class='ocrx_word' id='word_1_654' title='bbox 3260 3834 3476 3906; x_wconf 76' lang='grc' dir='ltr'>εὕρητε,</span> <span class='ocrx_word' id='word_1_655' title='bbox 3511 3838 3697 3903; x_wconf 81' lang='grc' dir='ltr'>ἀπαγ-</span> 
     </span>
    </p>
   </div>
   <div class='ocr_carea' id='block_1_85' title="bbox 2127 3923 3682 3997">
    <p class='ocr_par' dir='ltr' id='par_1_85' title="bbox 2127 3923 3682 3997">
     <span class='ocr_line' id='line_1_85' title="bbox 2127 3923 3682 3997; baseline -0.001 -20"><span class='ocrx_word' id='word_1_656' title='bbox 2127 3924 2345 3994; x_wconf 88' lang='grc' dir='ltr'>γείλατέ</span> <span class='ocrx_word' id='word_1_657' title='bbox 2380 3943 2489 3994; x_wconf 79' lang='grc' dir='ltr'>μοι,</span> <span class='ocrx_word' id='word_1_658' title='bbox 2514 3925 2660 3987; x_wconf 86' lang='grc' dir='ltr'>ὅπως</span> <span class='ocrx_word' id='word_1_659' title='bbox 2691 3923 2848 3989; x_wconf 68' lang='grc' dir='ltr'>κάγὼ</span> <span class='ocrx_word' id='word_1_660' title='bbox 2879 3924 3050 3979; x_wconf 72' lang='grc' dir='ltr'>ἐλθὼν</span> <span class='ocrx_word' id='word_1_661' title='bbox 3072 3929 3430 3997; x_wconf 79' lang='grc' dir='ltr'>προσκυνήσω</span> <span class='ocrx_word' id='word_1_662' title='bbox 3462 3927 3627 3995; x_wconf 81' lang='grc' dir='ltr'>αὐτῷ.</span> <span class='ocrx_word' id='word_1_663' title='bbox 3663 3946 3682 3977; x_wconf 75' lang='grc' dir='ltr'><strong>ι</strong></span> 
     </span>
    </p>
   </div>
   <div class='ocr_carea' id='block_1_86' title="bbox 2128 4013 3699 4086">
    <p class='ocr_par' dir='ltr' id='par_1_86' title="bbox 2128 4013 3699 4086">
     <span class='ocr_line' id='line_1_86' title="bbox 2128 4013 3699 4086; baseline 0.001 -17"><span class='ocrx_word' id='word_1_664' title='bbox 2128 4016 2297 4069; x_wconf 89' lang='grc' dir='ltr'>Τοῦτο</span> <span class='ocrx_word' id='word_1_665' title='bbox 2334 4017 2390 4069; x_wconf 81' lang='grc' dir='ltr'>δὲ</span> <span class='ocrx_word' id='word_1_666' title='bbox 2439 4013 2558 4068; x_wconf 85' lang='grc' dir='ltr'>εἷπε</span> <span class='ocrx_word' id='word_1_667' title='bbox 2607 4015 2954 4086; x_wconf 74' lang='grc' dir='ltr'>ψευδόμενος.</span> <span class='ocrx_word' id='word_1_668' title='bbox 2998 4016 3244 4086; x_wconf 79' lang='grc' dir='ltr'>Ἐνόμιζε</span> <span class='ocrx_word' id='word_1_669' title='bbox 3274 4019 3403 4086; x_wconf 82' lang='grc' dir='ltr'>γὰρ,</span> <span class='ocrx_word' id='word_1_670' title='bbox 3450 4019 3529 4070; x_wconf 84' lang='grc' dir='ltr'>ὅτι</span> <span class='ocrx_word' id='word_1_671' title='bbox 3573 4019 3699 4072; x_wconf 73' lang='grc' dir='ltr'>ἐπεὶ</span> 
     </span>
    </p>
   </div>
   <div class='ocr_carea' id='block_1_87' title="bbox 2128 4109 3696 4181">
    <p class='ocr_par' dir='ltr' id='par_1_87' title="bbox 2128 4109 3696 4181">
     <span class='ocr_line' id='line_1_87' title="bbox 2128 4109 3696 4181; baseline -0.001 -18"><span class='ocrx_word' id='word_1_672' title='bbox 2128 4110 2384 4181; x_wconf 79' lang='grc' dir='ltr'>βασιλεὺς</span> <span class='ocrx_word' id='word_1_673' title='bbox 2434 4110 2731 4176; x_wconf 82' lang='grc' dir='ltr'>γεννᾶται,</span> <span class='ocrx_word' id='word_1_674' title='bbox 2780 4109 2873 4162; x_wconf 78' lang='grc' dir='ltr'>καὶ</span> <span class='ocrx_word' id='word_1_675' title='bbox 2926 4109 3007 4162; x_wconf 83' lang='grc' dir='ltr'><strong>ὅτι</strong></span> <span class='ocrx_word' id='word_1_676' title='bbox 3044 4110 3230 4179; x_wconf 80' lang='grc' dir='ltr'>μέλλει</span> <span class='ocrx_word' id='word_1_677' title='bbox 3270 4113 3553 4180; x_wconf 82' lang='grc' dir='ltr'>ποιμανεῖν</span> <span class='ocrx_word' id='word_1_678' title='bbox 3604 4112 3696 4163; x_wconf 81' lang='grc' dir='ltr'><strong>τὸν</strong></span> 
     </span>
    </p>
   </div>
   <div class='ocr_carea' id='block_1_88' title="bbox 2139 4194 3694 4266">
    <p class='ocr_par' dir='ltr' id='par_1_88' title="bbox 2139 4194 3694 4266">
     <span class='ocr_line' id='line_1_88' title="bbox 2139 4194 3694 4266; baseline 0.001 -17"><span class='ocrx_word' id='word_1_679' title='bbox 2139 4195 2378 4265; x_wconf 79' lang='grc' dir='ltr'>Ἰσραὴλ,</span> <span class='ocrx_word' id='word_1_680' title='bbox 2411 4195 2648 4258; x_wconf 85' lang='grc' dir='ltr'>τοιοῦτός</span> <span class='ocrx_word' id='word_1_681' title='bbox 2693 4196 2810 4247; x_wconf 75' lang='grc' dir='ltr'>ἐστι</span> <span class='ocrx_word' id='word_1_682' title='bbox 2841 4195 3093 4265; x_wconf 83' lang='grc' dir='ltr'>βασιλεὺς</span> <span class='ocrx_word' id='word_1_683' title='bbox 3124 4198 3153 4248; x_wconf 89' lang='grc' dir='ltr'><strong>ό</strong></span> <span class='ocrx_word' id='word_1_684' title='bbox 3196 4198 3450 4266; x_wconf 82' lang='grc' dir='ltr'>Χριστὸς,</span> <span class='ocrx_word' id='word_1_685' title='bbox 3499 4199 3575 4261; x_wconf 85' lang='grc' dir='ltr'>ὼς</span> <span class='ocrx_word' id='word_1_686' title='bbox 3614 4194 3694 4262; x_wconf 80' lang='grc' dir='ltr'><strong>εἷς</strong></span> 
     </span>
    </p>
   </div>
   <div class='ocr_carea' id='block_1_89' title="bbox 2125 4286 3696 4359">
    <p class='ocr_par' dir='ltr' id='par_1_89' title="bbox 2125 4286 3696 4359">
     <span class='ocr_line' id='line_1_89' title="bbox 2125 4286 3696 4359; baseline 0.002 -19"><span class='ocrx_word' id='word_1_687' title='bbox 2125 4289 2233 4340; x_wconf 87' lang='grc' dir='ltr'><strong>τῶν</strong></span> <span class='ocrx_word' id='word_1_688' title='bbox 2272 4286 2502 4350; x_wconf 82' lang='grc' dir='ltr'>πολλῶν,</span> <span class='ocrx_word' id='word_1_689' title='bbox 2537 4287 2629 4340; x_wconf 77' lang='grc' dir='ltr'><strong>καὶ</strong></span> <span class='ocrx_word' id='word_1_690' title='bbox 2662 4288 2694 4356; x_wconf 83' lang='grc' dir='ltr'>ἠ</span> <span class='ocrx_word' id='word_1_691' title='bbox 2726 4286 2919 4340; x_wconf 84' lang='grc' dir='ltr'>τούτου</span> <span class='ocrx_word' id='word_1_692' title='bbox 2954 4286 3204 4357; x_wconf 84' lang='grc' dir='ltr'>βασιλεία</span> <span class='ocrx_word' id='word_1_693' title='bbox 3235 4289 3570 4359; x_wconf 83' lang='grc' dir='ltr'>πρόσκαιρος</span> <span class='ocrx_word' id='word_1_694' title='bbox 3605 4292 3696 4344; x_wconf 73' lang='lat' dir='ltr'><strong>xal</strong></span> 
     </span>
    </p>
   </div>
   <div class='ocr_carea' id='block_1_90' title="bbox 2124 4376 3695 4451">
    <p class='ocr_par' dir='ltr' id='par_1_90' title="bbox 2124 4376 3695 4451">
     <span class='ocr_line' id='line_1_90' title="bbox 2124 4376 3695 4451; baseline 0.004 -20"><span class='ocrx_word' id='word_1_695' title='bbox 2124 4380 2391 4446; x_wconf 75' lang='grc' dir='ltr'>ἐπίγειος.</span> <span class='ocrx_word' id='word_1_696' title='bbox 2436 4376 2543 4431; x_wconf 79' lang='lat' dir='ltr'><strong>Kal</strong></span> <span class='ocrx_word' id='word_1_697' title='bbox 2586 4380 2707 4429; x_wconf 76' lang='grc' dir='ltr'>ἐπεὶ</span> <span class='ocrx_word' id='word_1_698' title='bbox 2737 4379 2794 4430; x_wconf 83' lang='grc' dir='ltr'>ὲν</span> <span class='ocrx_word' id='word_1_699' title='bbox 2842 4380 2941 4447; x_wconf 82' lang='grc' dir='ltr'>μὲν</span> <span class='ocrx_word' id='word_1_700' title='bbox 2975 4381 3040 4448; x_wconf 84' lang='grc' dir='ltr'>τῇ</span> <span class='ocrx_word' id='word_1_701' title='bbox 3087 4378 3332 4448; x_wconf 81' lang='grc' dir='ltr'>Βηθλεὲμ</span> <span class='ocrx_word' id='word_1_702' title='bbox 3365 4381 3563 4451; x_wconf 79' lang='grc' dir='ltr'>ἤκουσε</span> <span class='ocrx_word' id='word_1_703' title='bbox 3598 4387 3695 4450; x_wconf 69' lang='grc' dir='ltr'>τὴν</span> 
     </span>
    </p>
   </div>
   <div class='ocr_carea' id='block_1_91' title="bbox 2124 4465 3693 4543">
    <p class='ocr_par' dir='ltr' id='par_1_91' title="bbox 2124 4465 3693 4543">
     <span class='ocr_line' id='line_1_91' title="bbox 2124 4465 3693 4543; baseline 0.001 -20"><span class='ocrx_word' id='word_1_704' title='bbox 2124 4470 2218 4523; x_wconf 84' lang='grc' dir='ltr'><strong>τοῦ</strong></span> <span class='ocrx_word' id='word_1_705' title='bbox 2260 4469 2499 4539; x_wconf 82' lang='grc' dir='ltr'>Χριστοῦ</span> <span class='ocrx_word' id='word_1_706' title='bbox 2533 4470 2787 4539; x_wconf 75' lang='grc' dir='ltr'>γέννησιν</span> <span class='ocrx_word' id='word_1_707' title='bbox 2814 4465 2978 4534; x_wconf 84' lang='grc' dir='ltr'>εἶναι,</span> <span class='ocrx_word' id='word_1_708' title='bbox 3003 4470 3100 4540; x_wconf 82' lang='grc' dir='ltr'><strong>τὴν</strong></span> <span class='ocrx_word' id='word_1_709' title='bbox 3124 4470 3185 4522; x_wconf 80' lang='grc' dir='ltr'>δὲ</span> <span class='ocrx_word' id='word_1_710' title='bbox 3220 4470 3316 4523; x_wconf 88' lang='grc' dir='ltr'><strong>τοῦ</strong></span> <span class='ocrx_word' id='word_1_711' title='bbox 3348 4476 3511 4525; x_wconf 85' lang='grc' dir='ltr'>τόπου</span> <span class='ocrx_word' id='word_1_712' title='bbox 3539 4476 3693 4543; x_wconf 74' lang='grc' dir='ltr'>ἀκρί-</span> 
     </span>
    </p>
   </div>
   <div class='ocr_carea' id='block_1_92' title="bbox 452 4555 2030 4646">
    <p class='ocr_par' dir='ltr' id='par_1_92' title="bbox 452 4555 2020 4646">
     <span class='ocr_line' id='line_1_92' title="bbox 452 4555 2020 4646; baseline -0.017 -11"><span class='ocrx_word' id='word_1_713' title='bbox 452 4555 583 4635; x_wconf 74' lang='lat' dir='ltr'><strong>num</strong></span> <span class='ocrx_word' id='word_1_714' title='bbox 613 4574 912 4646; x_wconf 85' lang='lat' dir='ltr'><strong>temporale</strong></span> <span class='ocrx_word' id='word_1_715' title='bbox 943 4579 1089 4627; x_wconf 87' lang='lat' dir='ltr'><strong>esset</strong></span> <span class='ocrx_word' id='word_1_716' title='bbox 1120 4581 1175 4623; x_wconf 89' lang='lat' dir='ltr'><strong>et</strong></span> <span class='ocrx_word' id='word_1_717' title='bbox 1200 4578 1505 4622; x_wconf 80' lang='lat' dir='ltr'><strong>terrenum.</strong></span> <span class='ocrx_word' id='word_1_718' title='bbox 1532 4563 1600 4618; x_wconf 85' lang='lat' dir='ltr'><strong>Et</strong></span> <span class='ocrx_word' id='word_1_719' title='bbox 1628 4579 1754 4619; x_wconf 91' lang='lat' dir='ltr'><strong>cum</strong></span> <span class='ocrx_word' id='word_1_720' title='bbox 1783 4562 1839 4613; x_wconf 91' lang='lat' dir='ltr'><strong>in</strong></span> <span class='ocrx_word' id='word_1_721' title='bbox 1864 4556 2020 4610; x_wconf 86' lang='lat' dir='ltr'><strong>Beth-</strong></span> 
     </span>
    </p>
   </div>
   <div class='ocr_carea' id='block_1_93' title="bbox 2131 4555 3694 4646">
    <p class='ocr_par' dir='ltr' id='par_1_93' title="bbox 2131 4556 3694 4630">
     <span class='ocr_line' id='line_1_93' title="bbox 2131 4556 3694 4630; baseline 0.006 -20"><span class='ocrx_word' id='word_1_722' title='bbox 2131 4560 2278 4611; x_wconf 75' lang='grc' dir='ltr'>όειαν</span> <span class='ocrx_word' id='word_1_723' title='bbox 2308 4559 2407 4611; x_wconf 79' lang='grc' dir='ltr'><strong>οὐκ</strong></span> <span class='ocrx_word' id='word_1_724' title='bbox 2445 4556 2737 4627; x_wconf 79' lang='grc' dir='ltr'>ἐγίνωσκε,</span> <span class='ocrx_word' id='word_1_725' title='bbox 2774 4557 3103 4628; x_wconf 82' lang='grc' dir='ltr'>βουλόμενος</span> <span class='ocrx_word' id='word_1_726' title='bbox 3130 4557 3340 4612; x_wconf 79' lang='grc' dir='ltr'>ἀνελεῖν</span> <span class='ocrx_word' id='word_1_727' title='bbox 3370 4563 3430 4614; x_wconf 83' lang='grc' dir='ltr'><strong>τὸ</strong></span> <span class='ocrx_word' id='word_1_728' title='bbox 3460 4564 3694 4630; x_wconf 58' lang='grc' dir='ltr'>παιδίω,</span> 
     </span>
    </p>
   </div>
   <div class='ocr_carea' id='block_1_94' title="bbox 453 4650 2018 4738">
    <p class='ocr_par' dir='ltr' id='par_1_94' title="bbox 453 4650 2018 4738">
     <span class='ocr_line' id='line_1_94' title="bbox 453 4650 2018 4738; baseline -0.019 -11"><span class='ocrx_word' id='word_1_729' title='bbox 453 4675 591 4727; x_wconf 90' lang='lat' dir='ltr'><strong>leem</strong></span> <span class='ocrx_word' id='word_1_730' title='bbox 618 4670 842 4738; x_wconf 86' lang='lat' dir='ltr'><strong>quidem</strong></span> <span class='ocrx_word' id='word_1_731' title='bbox 859 4663 1064 4720; x_wconf 87' lang='lat' dir='ltr'><strong>Christi</strong></span> <span class='ocrx_word' id='word_1_732' title='bbox 1093 4659 1302 4714; x_wconf 90' lang='lat' dir='ltr'><strong>natales</strong></span> <span class='ocrx_word' id='word_1_733' title='bbox 1326 4657 1443 4711; x_wconf 80' lang='lat' dir='ltr'><strong>fore</strong></span> <span class='ocrx_word' id='word_1_734' title='bbox 1463 4656 1815 4722; x_wconf 74' lang='lat' dir='ltr'><strong>intelligeret,</strong></span> <span class='ocrx_word' id='word_1_735' title='bbox 1838 4650 2018 4702; x_wconf 90' lang='lat' dir='ltr'><strong>locum</strong></span> 
     </span>
    </p>
   </div>
   <div class='ocr_carea' id='block_1_95' title="bbox 449 4742 2022 4822">
    <p class='ocr_par' dir='ltr' id='par_1_95' title="bbox 449 4742 2022 4822">
     <span class='ocr_line' id='line_1_95' title="bbox 449 4742 2022 4822; baseline -0.019 0"><span class='ocrx_word' id='word_1_736' title='bbox 449 4784 582 4822; x_wconf 88' lang='lat' dir='ltr'><strong>vero</strong></span> <span class='ocrx_word' id='word_1_737' title='bbox 616 4766 765 4819; x_wconf 88' lang='lat' dir='ltr'><strong>illius</strong></span> <span class='ocrx_word' id='word_1_738' title='bbox 797 4771 1011 4816; x_wconf 89' lang='lat' dir='ltr'><strong>certum</strong></span> <span class='ocrx_word' id='word_1_739' title='bbox 1048 4765 1101 4811; x_wconf 91' lang='lat' dir='ltr'><strong>et</strong></span> <span class='ocrx_word' id='word_1_740' title='bbox 1147 4752 1572 4807; x_wconf 85' lang='lat' dir='ltr'><strong>determinatum</strong></span> <span class='ocrx_word' id='word_1_741' title='bbox 1607 4747 1904 4816; x_wconf 83' lang='lat' dir='ltr'><strong>ignoraret,</strong></span> <span class='ocrx_word' id='word_1_742' title='bbox 1943 4742 2022 4792; x_wconf 86' lang='lat' dir='ltr'><strong>in-</strong></span> 
     </span>
    </p>
   </div>
   <div class='ocr_carea' id='block_1_96' title="bbox 451 4829 2021 4916">
    <p class='ocr_par' dir='ltr' id='par_1_96' title="bbox 451 4829 2021 4916">
     <span class='ocr_line' id='line_1_96' title="bbox 451 4829 2021 4916; baseline -0.018 -5"><span class='ocrx_word' id='word_1_743' title='bbox 451 4860 600 4913; x_wconf 84' lang='lat' dir='ltr'><strong>vidia</strong></span> <span class='ocrx_word' id='word_1_744' title='bbox 639 4863 839 4916; x_wconf 88' lang='lat' dir='ltr'><strong>motus,</strong></span> <span class='ocrx_word' id='word_1_745' title='bbox 871 4860 926 4905; x_wconf 88' lang='lat' dir='ltr'><strong>et</strong></span> <span class='ocrx_word' id='word_1_746' title='bbox 954 4846 1180 4902; x_wconf 79' lang='lat' dir='ltr'><strong>infantis</strong></span> <span class='ocrx_word' id='word_1_747' title='bbox 1211 4843 1412 4896; x_wconf 77' lang='lat' dir='ltr'><strong>caedem</strong></span> <span class='ocrx_word' id='word_1_748' title='bbox 1439 4841 1551 4908; x_wconf 87' lang='lat' dir='ltr'><strong>jam</strong></span> <span class='ocrx_word' id='word_1_749' title='bbox 1581 4846 1709 4891; x_wconf 89' lang='lat' dir='ltr'><strong>ante</strong></span> <span class='ocrx_word' id='word_1_750' title='bbox 1742 4829 2021 4903; x_wconf 75' lang='lat' dir='ltr'><strong>praemedi-</strong></span> 
     </span>
    </p>
   </div>
   <div class='ocr_carea' id='block_1_97' title="bbox 451 4927 2018 5015">
    <p class='ocr_par' dir='ltr' id='par_1_97' title="bbox 451 4927 2018 5015">
     <span class='ocr_line' id='line_1_97' title="bbox 451 4927 2018 5015; baseline -0.019 -11"><span class='ocrx_word' id='word_1_751' title='bbox 451 4962 617 5015; x_wconf 81' lang='lat' dir='ltr'><strong>tatus,</strong></span> <span class='ocrx_word' id='word_1_752' title='bbox 639 4949 763 5012; x_wconf 64' lang='lat' dir='ltr'><strong>haec</strong></span> <span class='ocrx_word' id='word_1_753' title='bbox 793 4943 1048 4997; x_wconf 78' lang='lat' dir='ltr'><strong>simulate</strong></span> <span class='ocrx_word' id='word_1_754' title='bbox 1079 4947 1135 4991; x_wconf 92' lang='lat' dir='ltr'><strong>et</strong></span> <span class='ocrx_word' id='word_1_755' title='bbox 1184 4937 1312 4988; x_wconf 85' lang='lat' dir='ltr'><strong>iiete</strong></span> <span class='ocrx_word' id='word_1_756' title='bbox 1343 4932 1512 5000; x_wconf 67' lang='lat' dir='ltr'><strong>Magis</strong></span> <span class='ocrx_word' id='word_1_757' title='bbox 1542 4929 1704 4983; x_wconf 89' lang='lat' dir='ltr'><strong>dicit:</strong></span> <span class='ocrx_word' id='word_1_758' title='bbox 1741 4949 1758 4976; x_wconf 76' lang='grc' dir='ltr'>ι</span> <span class='ocrx_word' id='word_1_759' title='bbox 1794 4927 2018 5015; x_wconf 38' lang='lat' dir='ltr'><strong>[lenuit</strong></span> 
     </span>
    </p>
   </div>
   <div class='ocr_carea' id='block_1_98' title="bbox 452 5012 2017 5100">
    <p class='ocr_par' dir='ltr' id='par_1_98' title="bbox 452 5012 2017 5100">
     <span class='ocr_line' id='line_1_98' title="bbox 452 5012 2017 5100; baseline -0.019 -6"><span class='ocrx_word' id='word_1_760' title='bbox 452 5044 582 5094; x_wconf 87' lang='lat' dir='ltr'><strong>tiate</strong></span> <span class='ocrx_word' id='word_1_761' title='bbox 606 5012 774 5100; x_wconf 81' lang='lat' dir='ltr'><strong>mihi,</strong></span> <span class='ocrx_word' id='word_1_762' title='bbox 806 5039 867 5084; x_wconf 89' lang='lat' dir='ltr'><strong>ut</strong></span> <span class='ocrx_word' id='word_1_763' title='bbox 895 5039 950 5083; x_wconf 90' lang='lat' dir='ltr'><strong>et</strong></span> <span class='ocrx_word' id='word_1_764' title='bbox 979 5040 1080 5096; x_wconf 84' lang='lat' dir='ltr'><strong>ego</strong></span> <span class='ocrx_word' id='word_1_765' title='bbox 1112 5022 1328 5077; x_wconf 88' lang='lat' dir='ltr'><strong>veniam</strong></span> <span class='ocrx_word' id='word_1_766' title='bbox 1354 5028 1409 5073; x_wconf 91' lang='lat' dir='ltr'><strong>et</strong></span> <span class='ocrx_word' id='word_1_767' title='bbox 1433 5019 1657 5072; x_wconf 86' lang='lat' dir='ltr'><strong>adorem</strong></span> <span class='ocrx_word' id='word_1_768' title='bbox 1694 5016 1870 5067; x_wconf 89' lang='lat' dir='ltr'><strong>illum.</strong></span> <span class='ocrx_word' id='word_1_769' title='bbox 1899 5032 1916 5063; x_wconf 75' lang='grc' dir='ltr'><strong>ι</strong></span> <span class='ocrx_word' id='word_1_770' title='bbox 1952 5012 2017 5065; x_wconf 92' lang='lat' dir='ltr'><strong>lli</strong></span> 
     </span>
    </p>
   </div>
   <div class='ocr_carea' id='block_1_99' title="bbox 448 5106 2009 5189">
    <p class='ocr_par' dir='ltr' id='par_1_99' title="bbox 448 5106 2009 5189">
     <span class='ocr_line' id='line_1_99' title="bbox 448 5106 2009 5189; baseline -0.018 -5"><span class='ocrx_word' id='word_1_771' title='bbox 448 5147 580 5184; x_wconf 88' lang='lat' dir='ltr'><strong>vero</strong></span> <span class='ocrx_word' id='word_1_772' title='bbox 599 5126 784 5181; x_wconf 81' lang='lat' dir='ltr'><strong>audito</strong></span> <span class='ocrx_word' id='word_1_773' title='bbox 805 5136 928 5189; x_wconf 76' lang='lat' dir='ltr'><strong>rege</strong></span> <span class='ocrx_word' id='word_1_774' title='bbox 949 5107 1176 5188; x_wconf 77' lang='lat' dir='ltr'><strong>profecti</strong></span> <span class='ocrx_word' id='word_1_775' title='bbox 1203 5122 1348 5167; x_wconf 89' lang='lat' dir='ltr'><strong>sunt.</strong></span> <span class='ocrx_word' id='word_1_776' title='bbox 1379 5108 1474 5161; x_wconf 71' lang='lat' dir='ltr'><strong>cEt</strong></span> <span class='ocrx_word' id='word_1_777' title='bbox 1492 5122 1620 5161; x_wconf 89' lang='lat' dir='ltr'><strong>ecce</strong></span> <span class='ocrx_word' id='word_1_778' title='bbox 1645 5106 1821 5167; x_wconf 85' lang='lat' dir='ltr'><strong>stella,</strong></span> <span class='ocrx_word' id='word_1_779' title='bbox 1847 5118 2009 5173; x_wconf 88' lang='lat' dir='ltr'><strong>quam</strong></span> 
     </span>
    </p>
   </div>
   <div class='ocr_carea' id='block_1_100' title="bbox 448 5199 2013 5274">
    <p class='ocr_par' dir='ltr' id='par_1_100' title="bbox 448 5199 2013 5274">
     <span class='ocr_line' id='line_1_100' title="bbox 448 5199 2013 5274; baseline -0.016 -3"><span class='ocrx_word' id='word_1_780' title='bbox 448 5219 703 5271; x_wconf 82' lang='lat' dir='ltr'><strong>viderant</strong></span> <span class='ocrx_word' id='word_1_781' title='bbox 745 5214 802 5265; x_wconf 89' lang='lat' dir='ltr'><strong>in</strong></span> <span class='ocrx_word' id='word_1_782' title='bbox 833 5211 1076 5270; x_wconf 88' lang='lat' dir='ltr'><strong>Urieute,</strong></span> <span class='ocrx_word' id='word_1_783' title='bbox 1110 5202 1452 5274; x_wconf 65' lang='lat' dir='ltr'><strong>praecedebat</strong></span> <span class='ocrx_word' id='word_1_784' title='bbox 1482 5199 1625 5259; x_wconf 89' lang='lat' dir='ltr'><strong>illos,</strong></span> <span class='ocrx_word' id='word_1_785' title='bbox 1674 5199 1850 5250; x_wconf 79' lang='lat' dir='ltr'><strong>donec</strong></span> <span class='ocrx_word' id='word_1_786' title='bbox 1882 5210 2013 5264; x_wconf 88' lang='lat' dir='ltr'><strong>pro-</strong></span> 
     </span>
    </p>
   </div>
   <div class='ocr_carea' id='block_1_101' title="bbox 451 5283 2005 5378">
    <p class='ocr_par' dir='ltr' id='par_1_101' title="bbox 451 5283 2005 5378">
     <span class='ocr_line' id='line_1_101' title="bbox 451 5283 2005 5378; baseline -0.015 -19"><span class='ocrx_word' id='word_1_787' title='bbox 451 5322 637 5378; x_wconf 55' lang='lat' dir='ltr'><strong>gressa</strong></span> <span class='ocrx_word' id='word_1_788' title='bbox 667 5310 838 5357; x_wconf 87' lang='lat' dir='ltr'><strong>staret</strong></span> <span class='ocrx_word' id='word_1_789' title='bbox 866 5312 1029 5367; x_wconf 85' lang='lat' dir='ltr'><strong>supra</strong></span> <span class='ocrx_word' id='word_1_790' title='bbox 1058 5298 1239 5349; x_wconf 66' lang='lat' dir='ltr'><strong>lot-um</strong></span> <span class='ocrx_word' id='word_1_791' title='bbox 1273 5293 1325 5345; x_wconf 91' lang='lat' dir='ltr'><strong>in</strong></span> <span class='ocrx_word' id='word_1_792' title='bbox 1358 5304 1467 5359; x_wconf 87' lang='lat' dir='ltr'><strong>quo</strong></span> <span class='ocrx_word' id='word_1_793' title='bbox 1495 5297 1611 5342; x_wconf 85' lang='lat' dir='ltr'><strong>erat</strong></span> <span class='ocrx_word' id='word_1_794' title='bbox 1640 5285 1842 5355; x_wconf 73' lang='lat' dir='ltr'><strong>puer“.</strong></span> <span class='ocrx_word' id='word_1_795' title='bbox 1881 5306 1901 5335; x_wconf 70' lang='grc' dir='ltr'><strong>ι</strong></span> <span class='ocrx_word' id='word_1_796' title='bbox 1926 5283 2005 5335; x_wconf 88' lang='grc' dir='ltr'><strong>Τιι</strong></span> 
     </span>
    </p>
   </div>
   <div class='ocr_carea' id='block_1_102' title="bbox 450 5376 2007 5460">
    <p class='ocr_par' dir='ltr' id='par_1_102' title="bbox 450 5376 2007 5460">
     <span class='ocr_line' id='line_1_102' title="bbox 450 5376 2007 5460; baseline -0.016 -9"><span class='ocrx_word' id='word_1_797' title='bbox 450 5376 604 5460; x_wconf 75' lang='lat' dir='ltr'><strong>vero,</strong></span> <span class='ocrx_word' id='word_1_798' title='bbox 637 5406 761 5447; x_wconf 91' lang='lat' dir='ltr'><strong>eum</strong></span> <span class='ocrx_word' id='word_1_799' title='bbox 795 5391 974 5459; x_wconf 74' lang='lat' dir='ltr'><strong>Magos</strong></span> <span class='ocrx_word' id='word_1_800' title='bbox 1009 5387 1216 5439; x_wconf 83' lang='lat' dir='ltr'><strong>dixisse</strong></span> <span class='ocrx_word' id='word_1_801' title='bbox 1256 5382 1447 5435; x_wconf 83' lang='lat' dir='ltr'><strong>audis:</strong></span> <span class='ocrx_word' id='word_1_802' title='bbox 1486 5378 1764 5432; x_wconf 67' lang='lat' dir='ltr'><strong>«Vidimus</strong></span> <span class='ocrx_word' id='word_1_803' title='bbox 1797 5376 2007 5430; x_wconf 87' lang='lat' dir='ltr'><strong>stellam</strong></span> 
     </span>
    </p>
   </div>
   <div class='ocr_carea' id='block_1_103' title="bbox 452 5468 2011 5557">
    <p class='ocr_par' dir='ltr' id='par_1_103' title="bbox 452 5468 2011 5557">
     <span class='ocr_line' id='line_1_103' title="bbox 452 5468 2011 5557; baseline -0.015 -16"><span class='ocrx_word' id='word_1_804' title='bbox 452 5490 626 5557; x_wconf 81' lang='lat' dir='ltr'><strong>ipsius</strong></span> <span class='ocrx_word' id='word_1_805' title='bbox 676 5485 729 5537; x_wconf 93' lang='lat' dir='ltr'><strong>in</strong></span> <span class='ocrx_word' id='word_1_806' title='bbox 780 5481 1066 5544; x_wconf 65' lang='lat' dir='ltr'><strong>Oriente,»</strong></span> <span class='ocrx_word' id='word_1_807' title='bbox 1130 5487 1469 5544; x_wconf 86' lang='lat' dir='ltr'><strong>nequaquam</strong></span> <span class='ocrx_word' id='word_1_808' title='bbox 1520 5482 1678 5539; x_wconf 82' lang='lat' dir='ltr'><strong>putes</strong></span> <span class='ocrx_word' id='word_1_809' title='bbox 1733 5468 2011 5522; x_wconf 85' lang='lat' dir='ltr'><strong>Christum</strong></span> 
     </span>
    </p>
   </div>
   <div class='ocr_carea' id='block_1_104' title="bbox 450 5559 2013 5651">
    <p class='ocr_par' dir='ltr' id='par_1_104' title="bbox 450 5559 2013 5651">
     <span class='ocr_line' id='line_1_104' title="bbox 450 5559 2013 5651; baseline -0.013 -20"><span class='ocrx_word' id='word_1_810' title='bbox 450 5588 673 5651; x_wconf 77' lang='lat' dir='ltr'><strong>pmpter</strong></span> <span class='ocrx_word' id='word_1_811' title='bbox 720 5577 824 5629; x_wconf 89' lang='lat' dir='ltr'><strong>hoc</strong></span> <span class='ocrx_word' id='word_1_812' title='bbox 861 5572 1090 5639; x_wconf 88' lang='lat' dir='ltr'><strong>reliquis</strong></span> <span class='ocrx_word' id='word_1_813' title='bbox 1124 5564 1662 5637; x_wconf 63' lang='lat' dir='ltr'><strong>omnibus,siniilem</strong></span> <span class='ocrx_word' id='word_1_814' title='bbox 1714 5570 1768 5615; x_wconf 89' lang='lat' dir='ltr'><strong>et</strong></span> <span class='ocrx_word' id='word_1_815' title='bbox 1802 5559 2013 5612; x_wconf 90' lang='lat' dir='ltr'><strong>nudum</strong></span> 
     </span>
    </p>
   </div>
   <div class='ocr_carea' id='block_1_105' title="bbox 448 5658 2014 5730">
    <p class='ocr_par' dir='ltr' id='par_1_105' title="bbox 448 5658 2014 5730">
     <span class='ocr_line' id='line_1_105' title="bbox 448 5658 2014 5730; baseline -0.014 -4"><span class='ocrx_word' id='word_1_816' title='bbox 448 5672 732 5727; x_wconf 68' lang='lat' dir='ltr'><strong>immittunt</strong></span> <span class='ocrx_word' id='word_1_817' title='bbox 777 5683 920 5723; x_wconf 90' lang='lat' dir='ltr'><strong>esse.</strong></span> <span class='ocrx_word' id='word_1_818' title='bbox 957 5664 1060 5730; x_wconf 81' lang='lat' dir='ltr'><strong>Qui</strong></span> <span class='ocrx_word' id='word_1_819' title='bbox 1108 5662 1255 5718; x_wconf 90' lang='lat' dir='ltr'><strong>enim</strong></span> <span class='ocrx_word' id='word_1_820' title='bbox 1293 5662 1437 5714; x_wconf 85' lang='lat' dir='ltr'><strong>circa</strong></span> <span class='ocrx_word' id='word_1_821' title='bbox 1492 5658 1774 5711; x_wconf 80' lang='lat' dir='ltr'><strong>stellarum</strong></span> <span class='ocrx_word' id='word_1_822' title='bbox 1829 5664 2014 5706; x_wconf 87' lang='lat' dir='ltr'><strong>motus</strong></span> 
     </span>
    </p>
   </div>
   <div class='ocr_carea' id='block_1_106' title="bbox 1547 5834 1883 5892">
    <p class='ocr_par' dir='ltr' id='par_1_106' title="bbox 1547 5834 1883 5892">
     <span class='ocr_line' id='line_1_106' title="bbox 1547 5834 1883 5892; baseline -0.012 -1"><span class='ocrx_word' id='word_1_823' title='bbox 1547 5839 1591 5871; x_wconf 63' lang='grc'><strong>⁸³</strong></span> <span class='ocrx_word' id='word_1_824' title='bbox 1644 5835 1776 5892; x_wconf 85' lang='lat' dir='ltr'><strong>ibid.</strong></span> <span class='ocrx_word' id='word_1_825' title='bbox 1828 5834 1883 5887; x_wconf 83' lang='lat'><strong>9.</strong></span> 
     </span>
    </p>
   </div>
   <div class='ocr_carea' id='block_1_107' title="bbox 522 5841 1471 5917">
    <p class='ocr_par' dir='ltr' id='par_1_107' title="bbox 522 5841 1471 5917">
     <span class='ocr_line' id='line_1_107' title="bbox 522 5841 1471 5917; baseline -0.012 -11"><span class='ocrx_word' id='word_1_826' title='bbox 522 5854 562 5883; x_wconf 63' lang='grc' dir='ltr'>δ’</span> <span class='ocrx_word' id='word_1_827' title='bbox 597 5851 750 5905; x_wconf 77' lang='lat' dir='ltr'><strong>Joan.</strong></span> <span class='ocrx_word' id='word_1_828' title='bbox 780 5865 814 5917; x_wconf 83' lang='grc' dir='ltr'><strong>ι,</strong></span> <span class='ocrx_word' id='word_1_829' title='bbox 848 5851 940 5904; x_wconf 68' lang='lat'><strong>27.</strong></span> <span class='ocrx_word' id='word_1_830' title='bbox 1019 5848 1061 5876; x_wconf 67' lang='grc'>⁸⁵</span> <span class='ocrx_word' id='word_1_831' title='bbox 1103 5845 1289 5899; x_wconf 77' lang='lat' dir='ltr'><strong>Matth.</strong></span> <span class='ocrx_word' id='word_1_832' title='bbox 1327 5859 1381 5909; x_wconf 86' lang='lat' dir='ltr'><strong>Ii,</strong></span> <span class='ocrx_word' id='word_1_833' title='bbox 1417 5841 1471 5896; x_wconf 89' lang='lat'><strong>8.</strong></span> 
     </span>
    </p>
   </div>
   <div class='ocr_carea' id='block_1_108' title="bbox 2127 4648 3698 4721">
    <p class='ocr_par' dir='ltr' id='par_1_108' title="bbox 2127 4648 3698 4721">
     <span class='ocr_line' id='line_1_108' title="bbox 2127 4648 3698 4721; baseline 0.004 -21"><span class='ocrx_word' id='word_1_834' title='bbox 2127 4648 2306 4719; x_wconf 81' lang='grc' dir='ltr'>φθόνῳ</span> <span class='ocrx_word' id='word_1_835' title='bbox 2362 4649 2705 4717; x_wconf 79' lang='grc' dir='ltr'>κινούμενος,</span> <span class='ocrx_word' id='word_1_836' title='bbox 2742 4648 2889 4714; x_wconf 85' lang='grc' dir='ltr'>λέγει</span> <span class='ocrx_word' id='word_1_837' title='bbox 2932 4650 3043 4710; x_wconf 83' lang='grc' dir='ltr'>τοῖς</span> <span class='ocrx_word' id='word_1_838' title='bbox 3097 4650 3308 4719; x_wconf 84' lang='grc' dir='ltr'>Μάγοις</span> <span class='ocrx_word' id='word_1_839' title='bbox 3356 4652 3567 4721; x_wconf 69' lang='grc' dir='ltr'>ψευδῶς</span> <span class='ocrx_word' id='word_1_840' title='bbox 3602 4656 3698 4709; x_wconf 73' lang='grc' dir='ltr'>καὶ</span> 
     </span>
    </p>
   </div>
   <div class='ocr_carea' id='block_1_109' title="bbox 2127 4740 3697 4814">
    <p class='ocr_par' dir='ltr' id='par_1_109' title="bbox 2127 4740 3697 4814">
     <span class='ocr_line' id='line_1_109' title="bbox 2127 4740 3697 4814; baseline 0.007 -23"><span class='ocrx_word' id='word_1_841' title='bbox 2127 4741 2472 4802; x_wconf 79' lang='grc' dir='ltr'>ὲπιπλόιστως</span> <span class='ocrx_word' id='word_1_842' title='bbox 2491 4743 2572 4802; x_wconf 84' lang='grc' dir='ltr'><strong>τὸ,</strong></span> <span class='ocrx_word' id='word_1_843' title='bbox 2600 4758 2617 4791; x_wconf 87' lang='grc' dir='ltr'>ι</span> <span class='ocrx_word' id='word_1_844' title='bbox 2643 4740 3028 4807; x_wconf 77' lang='grc' dir='ltr'>’Λναγγείλατέ</span> <span class='ocrx_word' id='word_1_845' title='bbox 3053 4759 3166 4810; x_wconf 88' lang='grc' dir='ltr'>μοι,</span> <span class='ocrx_word' id='word_1_846' title='bbox 3185 4745 3330 4805; x_wconf 83' lang='grc' dir='ltr'>ὅπως</span> <span class='ocrx_word' id='word_1_847' title='bbox 3348 4746 3501 4814; x_wconf 82' lang='grc' dir='ltr'>κάγὼ</span> <span class='ocrx_word' id='word_1_848' title='bbox 3522 4745 3697 4802; x_wconf 78' lang='grc' dir='ltr'>ἐλθὼν</span> 
     </span>
    </p>
   </div>
   <div class='ocr_carea' id='block_1_110' title="bbox 2125 4829 3693 4905">
    <p class='ocr_par' dir='ltr' id='par_1_110' title="bbox 2125 4829 3693 4905">
     <span class='ocr_line' id='line_1_110' title="bbox 2125 4829 3693 4905; baseline 0.003 -21"><span class='ocrx_word' id='word_1_849' title='bbox 2125 4832 2493 4901; x_wconf 79' lang='grc' dir='ltr'>προσκυνήσω</span> <span class='ocrx_word' id='word_1_850' title='bbox 2513 4831 2682 4901; x_wconf 83' lang='grc' dir='ltr'>αὐτῷ.</span> <span class='ocrx_word' id='word_1_851' title='bbox 2710 4848 2728 4880; x_wconf 79' lang='grc' dir='ltr'><strong>ι</strong></span> <span class='ocrx_word' id='word_1_852' title='bbox 2756 4831 2818 4881; x_wconf 85' lang='grc' dir='ltr'><strong>Οἱ</strong></span> <span class='ocrx_word' id='word_1_853' title='bbox 2840 4829 2895 4882; x_wconf 79' lang='grc' dir='ltr'>δὲ</span> <span class='ocrx_word' id='word_1_854' title='bbox 2917 4830 3249 4893; x_wconf 82' lang='grc' dir='ltr'>ἀκούσαντες</span> <span class='ocrx_word' id='word_1_855' title='bbox 3281 4835 3374 4887; x_wconf 87' lang='grc' dir='ltr'><strong>τοῦ</strong></span> <span class='ocrx_word' id='word_1_856' title='bbox 3406 4835 3693 4905; x_wconf 83' lang='grc' dir='ltr'>βασιλέως,</span> 
     </span>
    </p>
   </div>
   <div class='ocr_carea' id='block_1_111' title="bbox 2127 4919 3697 4996">
    <p class='ocr_par' dir='ltr' id='par_1_111' title="bbox 2127 4919 3697 4996">
     <span class='ocr_line' id='line_1_111' title="bbox 2127 4919 3697 4996; baseline 0.003 -21"><span class='ocrx_word' id='word_1_857' title='bbox 2127 4924 2528 4994; x_wconf 74' lang='grc' dir='ltr'>ἐπορεύθησαν.</span> <span class='ocrx_word' id='word_1_858' title='bbox 2557 4940 2575 4972; x_wconf 82' lang='grc' dir='ltr'>ι</span> <span class='ocrx_word' id='word_1_859' title='bbox 2605 4923 2710 4974; x_wconf 82' lang='grc' dir='ltr'><strong>Καὶ</strong></span> <span class='ocrx_word' id='word_1_860' title='bbox 2742 4920 2851 4974; x_wconf 79' lang='grc' dir='ltr'>ἰδοὺ</span> <span class='ocrx_word' id='word_1_861' title='bbox 2879 4924 2906 4974; x_wconf 89' lang='lat'><strong>6</strong></span> <span class='ocrx_word' id='word_1_862' title='bbox 2936 4922 3112 4992; x_wconf 84' lang='grc' dir='ltr'>ἀστὴρ</span> <span class='ocrx_word' id='word_1_863' title='bbox 3136 4920 3195 4975; x_wconf 81' lang='grc' dir='ltr'>ὃν</span> <span class='ocrx_word' id='word_1_864' title='bbox 3225 4919 3362 4977; x_wconf 72' lang='grc' dir='ltr'>εἶδον</span> <span class='ocrx_word' id='word_1_865' title='bbox 3394 4930 3451 4978; x_wconf 80' lang='grc' dir='ltr'>ἐν</span> <span class='ocrx_word' id='word_1_866' title='bbox 3471 4930 3534 4996; x_wconf 80' lang='grc' dir='ltr'>τῇ</span> <span class='ocrx_word' id='word_1_867' title='bbox 3565 4928 3697 4981; x_wconf 76' lang='grc' dir='ltr'>ἀνα-</span> 
     </span>
    </p>
   </div>
   <div class='ocr_carea' id='block_1_112' title="bbox 2120 5010 3694 5087">
    <p class='ocr_par' dir='ltr' id='par_1_112' title="bbox 2120 5010 3694 5087">
     <span class='ocr_line' id='line_1_112' title="bbox 2120 5010 3694 5087; baseline 0.001 -18"><span class='ocrx_word' id='word_1_868' title='bbox 2120 5017 2269 5086; x_wconf 81' lang='grc' dir='ltr'>τολῇ,</span> <span class='ocrx_word' id='word_1_869' title='bbox 2303 5016 2543 5083; x_wconf 65' lang='grc' dir='ltr'>προῆγεν</span> <span class='ocrx_word' id='word_1_870' title='bbox 2577 5015 2803 5079; x_wconf 66' lang='grc' dir='ltr'>αὐτοὺς,</span> <span class='ocrx_word' id='word_1_871' title='bbox 2839 5014 2941 5078; x_wconf 84' lang='grc' dir='ltr'>’έως</span> <span class='ocrx_word' id='word_1_872' title='bbox 2976 5010 3037 5069; x_wconf 82' lang='grc' dir='ltr'><strong>οῦ</strong></span> <span class='ocrx_word' id='word_1_873' title='bbox 3068 5014 3236 5068; x_wconf 81' lang='grc' dir='ltr'>ἐλθὼν</span> <span class='ocrx_word' id='word_1_874' title='bbox 3267 5017 3396 5087; x_wconf 77' lang='grc' dir='ltr'>ἔστη</span> <span class='ocrx_word' id='word_1_875' title='bbox 3430 5020 3611 5070; x_wconf 80' lang='grc' dir='ltr'>ἐπάνω</span> <span class='ocrx_word' id='word_1_876' title='bbox 3632 5011 3694 5070; x_wconf 79' lang='grc' dir='ltr'><strong>οῦ</strong></span> 
     </span>
    </p>
   </div>
   <div class='ocr_carea' id='block_1_113' title="bbox 2118 5104 3696 5178">
    <p class='ocr_par' dir='ltr' id='par_1_113' title="bbox 2118 5104 3696 5178">
     <span class='ocr_line' id='line_1_113' title="bbox 2118 5104 3696 5178; baseline 0.001 -20"><span class='ocrx_word' id='word_1_877' title='bbox 2118 5104 2186 5178; x_wconf 75' lang='grc' dir='ltr'>ἦν</span> <span class='ocrx_word' id='word_1_878' title='bbox 2212 5108 2270 5160; x_wconf 75' lang='grc' dir='ltr'>τὸ</span> <span class='ocrx_word' id='word_1_879' title='bbox 2300 5108 2537 5159; x_wconf 85' lang='grc' dir='ltr'>παιδίον.</span> <span class='ocrx_word' id='word_1_880' title='bbox 2568 5125 2585 5156; x_wconf 76' lang='grc' dir='ltr'><strong>ι</strong></span> <span class='ocrx_word' id='word_1_881' title='bbox 2612 5106 2684 5158; x_wconf 83' lang='grc' dir='ltr'>Σὺ</span> <span class='ocrx_word' id='word_1_882' title='bbox 2703 5108 2759 5159; x_wconf 84' lang='grc' dir='ltr'>δὲ</span> <span class='ocrx_word' id='word_1_883' title='bbox 2787 5107 2861 5177; x_wconf 77' lang='grc' dir='ltr'>μὴ</span> <span class='ocrx_word' id='word_1_884' title='bbox 2889 5107 3128 5171; x_wconf 80' lang='grc' dir='ltr'>ἀκούσας</span> <span class='ocrx_word' id='word_1_885' title='bbox 3158 5109 3269 5160; x_wconf 84' lang='grc' dir='ltr'><strong>τῶν</strong></span> <span class='ocrx_word' id='word_1_886' title='bbox 3286 5110 3489 5177; x_wconf 83' lang='grc' dir='ltr'>Μάγων</span> <span class='ocrx_word' id='word_1_887' title='bbox 3518 5111 3696 5162; x_wconf 77' lang='grc' dir='ltr'>εἰπόν-</span> 
     </span>
    </p>
   </div>
   <div class='ocr_carea' id='block_1_114' title="bbox 2119 5194 3688 5269">
    <p class='ocr_par' dir='ltr' id='par_1_114' title="bbox 2119 5194 3688 5269">
     <span class='ocr_line' id='line_1_114' title="bbox 2119 5194 3688 5269; baseline 0.002 -21"><span class='ocrx_word' id='word_1_888' title='bbox 2119 5213 2227 5248; x_wconf 89' lang='grc' dir='ltr'><strong>των</strong></span> <span class='ocrx_word' id='word_1_889' title='bbox 2250 5196 2351 5257; x_wconf 86' lang='grc' dir='ltr'>ὂτι,</span> <span class='ocrx_word' id='word_1_890' title='bbox 2384 5214 2401 5245; x_wconf 84' lang='grc' dir='ltr'>ι</span> <span class='ocrx_word' id='word_1_891' title='bbox 2438 5194 2661 5261; x_wconf 83' lang='grc' dir='ltr'>Εἲδομεν</span> <span class='ocrx_word' id='word_1_892' title='bbox 2684 5197 2849 5248; x_wconf 84' lang='grc' dir='ltr'>αὑτοῦ</span> <span class='ocrx_word' id='word_1_893' title='bbox 2879 5200 2966 5249; x_wconf 72' lang='grc' dir='ltr'><strong>τὸν</strong></span> <span class='ocrx_word' id='word_1_894' title='bbox 2999 5199 3201 5267; x_wconf 85' lang='grc' dir='ltr'>ἀστέρα</span> <span class='ocrx_word' id='word_1_895' title='bbox 3218 5201 3275 5250; x_wconf 81' lang='grc' dir='ltr'>ὲν</span> <span class='ocrx_word' id='word_1_896' title='bbox 3291 5203 3354 5269; x_wconf 81' lang='grc' dir='ltr'>τῇ</span> <span class='ocrx_word' id='word_1_897' title='bbox 3377 5203 3626 5269; x_wconf 81' lang='grc' dir='ltr'>ἀνατολῇ,</span> <span class='ocrx_word' id='word_1_898' title='bbox 3668 5219 3688 5251; x_wconf 74' lang='grc' dir='ltr'><strong>ι</strong></span> 
     </span>
    </p>
   </div>
   <div class='ocr_carea' id='block_1_115' title="bbox 2120 5285 3693 5356">
    <p class='ocr_par' dir='ltr' id='par_1_115' title="bbox 2120 5285 3693 5356">
     <span class='ocr_line' id='line_1_115' title="bbox 2120 5285 3693 5356; baseline 0.004 -18"><span class='ocrx_word' id='word_1_899' title='bbox 2120 5291 2349 5356; x_wconf 78' lang='grc' dir='ltr'>νομίσῃς</span> <span class='ocrx_word' id='word_1_900' title='bbox 2394 5288 2490 5338; x_wconf 78' lang='grc' dir='ltr'>καὶ</span> <span class='ocrx_word' id='word_1_901' title='bbox 2534 5285 2694 5337; x_wconf 87' lang='grc' dir='ltr'>αὐτὸν</span> <span class='ocrx_word' id='word_1_902' title='bbox 2743 5286 2819 5349; x_wconf 85' lang='grc' dir='ltr'>ὼς</span> <span class='ocrx_word' id='word_1_903' title='bbox 2874 5288 2970 5341; x_wconf 78' lang='grc' dir='ltr'><strong>ἕνα</strong></span> <span class='ocrx_word' id='word_1_904' title='bbox 3009 5288 3118 5340; x_wconf 85' lang='grc' dir='ltr'><strong>τῶν</strong></span> <span class='ocrx_word' id='word_1_905' title='bbox 3172 5290 3381 5342; x_wconf 84' lang='grc' dir='ltr'>πολλῶν</span> <span class='ocrx_word' id='word_1_906' title='bbox 3422 5285 3562 5344; x_wconf 69' lang='grc' dir='ltr'>εἶναι</span> <span class='ocrx_word' id='word_1_907' title='bbox 3601 5292 3693 5345; x_wconf 79' lang='grc' dir='ltr'>τὸν</span> 
     </span>
    </p>
   </div>
   <div class='ocr_carea' id='block_1_116' title="bbox 2121 5378 3691 5452">
    <p class='ocr_par' dir='ltr' id='par_1_116' title="bbox 2121 5378 3691 5452">
     <span class='ocr_line' id='line_1_116' title="bbox 2121 5378 3691 5452; baseline 0.004 -23"><span class='ocrx_word' id='word_1_908' title='bbox 2121 5378 2377 5446; x_wconf 88' lang='grc' dir='ltr'>Χριστόν,</span> <span class='ocrx_word' id='word_1_909' title='bbox 2413 5378 2474 5429; x_wconf 85' lang='grc' dir='ltr'><strong>Οἱ</strong></span> <span class='ocrx_word' id='word_1_910' title='bbox 2531 5378 2642 5447; x_wconf 84' lang='grc' dir='ltr'>γὰρ</span> <span class='ocrx_word' id='word_1_911' title='bbox 2686 5380 2814 5448; x_wconf 78' lang='grc' dir='ltr'>περὶ</span> <span class='ocrx_word' id='word_1_912' title='bbox 2851 5382 2920 5432; x_wconf 71' lang='grc' dir='ltr'>τὰ</span> <span class='ocrx_word' id='word_1_913' title='bbox 2971 5381 3197 5434; x_wconf 83' lang='grc' dir='ltr'>τοιαῦτα</span> <span class='ocrx_word' id='word_1_914' title='bbox 3242 5385 3565 5452; x_wconf 84' lang='grc' dir='ltr'>ἀστρολόγοι</span> <span class='ocrx_word' id='word_1_915' title='bbox 3597 5385 3691 5436; x_wconf 58' lang='grc' dir='ltr'>οὐ.</span> 
     </span>
    </p>
   </div>
   <div class='ocr_carea' id='block_1_117' title="bbox 2120 5468 3694 5544">
    <p class='ocr_par' dir='ltr' id='par_1_117' title="bbox 2120 5468 3694 5544">
     <span class='ocr_line' id='line_1_117' title="bbox 2120 5468 3694 5544; baseline 0.007 -25"><span class='ocrx_word' id='word_1_916' title='bbox 2120 5469 2257 5519; x_wconf 65' lang='grc' dir='ltr'>τωδὶ</span> <span class='ocrx_word' id='word_1_917' title='bbox 2292 5468 2564 5534; x_wconf 75' lang='grc' dir='ltr'>λέγουσιν,</span> <span class='ocrx_word' id='word_1_918' title='bbox 2605 5470 2687 5522; x_wconf 82' lang='grc' dir='ltr'><strong>ὅτι</strong></span> <span class='ocrx_word' id='word_1_919' title='bbox 2732 5472 2840 5531; x_wconf 76' lang='grc' dir='ltr'><strong>πᾶς</strong></span> <span class='ocrx_word' id='word_1_920' title='bbox 2875 5469 3161 5541; x_wconf 80' lang='grc' dir='ltr'>ἄνθρωπος</span> <span class='ocrx_word' id='word_1_921' title='bbox 3194 5472 3456 5543; x_wconf 85' lang='grc' dir='ltr'>κέκτηται</span> <span class='ocrx_word' id='word_1_922' title='bbox 3485 5477 3694 5544; x_wconf 78' lang='grc' dir='ltr'>ἀστέρα</span> 
     </span>
    </p>
   </div>
   <div class='ocr_carea' id='block_1_118' title="bbox 2121 5558 3691 5634">
    <p class='ocr_par' dir='ltr' id='par_1_118' title="bbox 2121 5558 3691 5634">
     <span class='ocr_line' id='line_1_118' title="bbox 2121 5558 3691 5634; baseline 0.004 -24"><span class='ocrx_word' id='word_1_923' title='bbox 2121 5558 2210 5611; x_wconf 67' lang='grc' dir='ltr'><strong>τὸν</strong></span> <span class='ocrx_word' id='word_1_924' title='bbox 2251 5558 2525 5628; x_wconf 79' lang='grc' dir='ltr'>μηνύοντα</span> <span class='ocrx_word' id='word_1_925' title='bbox 2559 5559 2706 5628; x_wconf 76' lang='grc' dir='ltr'><strong>αὑτῷ</strong></span> <span class='ocrx_word' id='word_1_926' title='bbox 2746 5560 2854 5612; x_wconf 81' lang='grc' dir='ltr'>πᾶν</span> <span class='ocrx_word' id='word_1_927' title='bbox 2881 5561 3017 5626; x_wconf 85' lang='grc' dir='ltr'>ὅπερ</span> <span class='ocrx_word' id='word_1_928' title='bbox 3054 5561 3119 5615; x_wconf 85' lang='grc' dir='ltr'>ἂν</span> <span class='ocrx_word' id='word_1_929' title='bbox 3155 5562 3339 5631; x_wconf 81' lang='grc' dir='ltr'>μέλλει</span> <span class='ocrx_word' id='word_1_930' title='bbox 3373 5563 3691 5634; x_wconf 74' lang='grc' dir='ltr'>συμϐαίνειν</span> 
     </span>
    </p>
   </div>
   <div class='ocr_carea' id='block_1_119' title="bbox 2122 5648 3688 5723">
    <p class='ocr_par' dir='ltr' id='par_1_119' title="bbox 2122 5648 3688 5723">
     <span class='ocr_line' id='line_1_119' title="bbox 2122 5648 3688 5723; baseline 0.003 -21"><span class='ocrx_word' id='word_1_931' title='bbox 2122 5651 2269 5718; x_wconf 77' lang='grc' dir='ltr'>αὐτῷ</span> <span class='ocrx_word' id='word_1_932' title='bbox 2306 5648 2443 5719; x_wconf 66' lang='grc' dir='ltr'>παρ’</span> <span class='ocrx_word' id='word_1_933' title='bbox 2465 5651 2594 5721; x_wconf 80' lang='grc' dir='ltr'>ὅλην</span> <span class='ocrx_word' id='word_1_934' title='bbox 2623 5651 2789 5704; x_wconf 74' lang='grc' dir='ltr'>αὐτοῦ</span> <span class='ocrx_word' id='word_1_935' title='bbox 2818 5654 2913 5721; x_wconf 80' lang='grc' dir='ltr'>τὴν</span> <span class='ocrx_word' id='word_1_936' title='bbox 2945 5652 3112 5723; x_wconf 64' lang='grc' dir='ltr'>ζωήν.</span> <span class='ocrx_word' id='word_1_937' title='bbox 3155 5652 3479 5723; x_wconf 79' lang='grc' dir='ltr'>Ἐξαιρέτως</span> <span class='ocrx_word' id='word_1_938' title='bbox 3502 5656 3558 5709; x_wconf 78' lang='grc' dir='ltr'>δὲ</span> <span class='ocrx_word' id='word_1_939' title='bbox 3579 5656 3688 5709; x_wconf 87' lang='grc' dir='ltr'><strong>τῶν</strong></span> 
     </span>
    </p>
   </div>
  </div>
