4090 6476
439 468 542 537 ιει
1641 461 1965 526 JOANNIS
2001 456 2524 522 CANTACUZENI
3590 454 3701 519 4.32

441 580 575 661 illud
608 579 896 652 prophetae
919 574 1272 642 vaticinium,
1317 592 1336 627 ι
1370 573 1451 630 Ex
1476 571 1710 644 [Egypto
1742 569 1930 627 vocavi
1968 569 2027 623 ll-

2142 586 2240 636 ιαι,
2272 569 2356 622 ὅτι
2387 572 2415 622 ὁ
2458 567 2745 639 γεννηθείς
2792 569 2911 624 ἐστι
2938 569 3036 639 μὲν
3069 569 3223 635 Θεὸς,
3274 570 3459 635 καθὼς
3479 573 3534 626 οἱ
3565 591 3704 644 προ-

442 675 579 730 iium
608 671 865 728 meum“.
897 689 916 723 ο
950 669 1196 724 Herodes
1225 676 1409 723 autem
1439 666 1634 721 videns
1667 664 1772 719 sibi
1798 664 2019 718 illusum

2142 660 2297 731 ρῆται
2328 661 2625 732 ἐκήρυξαν,
2652 662 2768 715 ἔστι
2795 661 2853 715 δὲ
2879 665 2978 719 καὶ
3003 664 3290 735 ἄνθρωπος
3322 664 3563 737 ἀληθῶς,
3603 668 3704 721 καὶ

445 781 570 821 esse
604 780 636 819 a
666 763 856 833 Magis,
905 761 1224 831 indignatus
1261 770 1349 814 est
1394 758 1571 816 valde.
1626 767 1680 811 et
1711 755 1894 810 missis
1938 770 2024 808 sa-

2142 756 2187 809 ιύ
2219 755 2362 808 κατά
2395 756 2725 825 φαντασίαν,
2768 754 2952 819 καθώς
2977 772 3123 820 τινες
3155 756 3553 827 ὲδογμάτισαν’
3580 758 3705 813 δεύ-

451 855 716 910 tellitihus
738 849 1226 907 interfecitomnes
1248 846 1514 917 puerosin
1535 844 1836 903 Bethleem.
1863 852 2025 911 quot-

2142 863 2285 917 τερον
2316 847 2395 909 δὲ,
2431 849 2516 900 ὅτι
2537 847 2782 917 ἀνεφάνη
2810 848 2909 901 καὶ
2939 849 2970 918 ἠ
2998 848 3089 901 τοῦ
3120 851 3397 919 προφήτου
3430 850 3701 920 Ἱερεμίου

445 953 579 1014 quot
609 954 770 996 erant
808 939 1002 994 bimuli
1039 949 1096 992 et
1141 937 1389 990 minores
1425 944 1579 998 natu,
1606 943 1663 987 et
1687 936 1884 987 horum
1921 932 2025 985 ali-

2142 938 2458 1010 προφητεία,
2492 939 2808 1008 ὴλέγουσα,
2847 957 2866 990 ι
2914 940 3076 1010 Φωνὴ
3117 941 3173 992 ὲν
3214 940 3392 1011 Ῥαμᾶ
3428 942 3701 1013 ἠκούσθη,

446 1046 583 1105 quot
626 1034 817 1087 millia.
859 1030 966 1085 Sed
998 1029 1123 1100 quis
1171 1028 1366 1081 horum
1408 1025 1642 1081 sensus?
1685 1024 1872 1078 Primo
1907 1024 2028 1095 qui-

2142 1031 2327 1101 Ξρῆνος
2376 1032 2470 1084 καὶ
2528 1032 2806 1101 κλαυθμὸς
2855 1033 2952 1086 καὶ
2994 1033 3226 1102 ὀδυρμὸς
3266 1033 3455 1097 πολύς.
3499 1035 3705 1105 Ῥαχὴλ

445 1129 571 1183 dem
605 1133 665 1181 ut
698 1131 994 1194 appareret
1031 1122 1187 1176 illum
1221 1120 1316 1190 qui
1347 1130 1509 1172 natus
1533 1125 1651 1171 erat
1683 1117 1853 1171 Deum
1879 1130 2024 1181 esse,

447 1194 915 1289 quemadmodum
941 1213 1226 1284 propheta:
1242 1210 1737 1264 annuntiaverunt.
1753 1207 2026 1260 Praeterea

446 1321 630 1364 autem
661 1319 717 1363 et
748 1308 914 1361 homo
939 1314 1025 1360 est
1058 1318 1247 1367 verus,
1284 1318 1395 1355 non
1428 1299 1734 1355 secundum
1764 1297 2030 1368 imagina-

449 1404 678 1464 tionem,
723 1410 784 1455 ut
841 1399 1093 1453 nonnulli
1134 1398 1467 1452 docuerunt.
1504 1392 1762 1450 Secundo
1792 1406 1926 1447 vero
1967 1395 2028 1443 ut

449 1503 741 1565 appareret
766 1492 896 1546 hinc
915 1482 1168 1545 Jeremia:
1191 1488 1501 1558 prOphetia.
1524 1469 1649 1556 qua:
1673 1485 1838 1539 dicit:
1871 1500 1890 1534 ι
1909 1483 2026 1538 Vox

446 1590 500 1643 in
537 1587 711 1641 [tanta
757 1583 944 1637 audita
977 1593 1082 1646 est,
1117 1580 1465 1642 lamentatio,
1496 1578 1749 1648 ploratus
1775 1573 2027 1633 et'ﬂetus

448 1679 676 1732 multus.
704 1673 915 1731 Rachel
946 1675 1168 1743 plorans
1195 1671 1400 1725 liberos
1431 1685 1580 1733 suos,
1611 1670 1668 1724 'et
1700 1669 2031 1731 noluitpon-

448 1772 643 1835 solari,
683 1778 978 1838 prepterea
1029 1765 1177 1834 quod
1225 1779 1336 1818 non
1373 1762 1721 1830 supersint“.
1759 1780 1779 1812 ι
1815 1761 2026 1826 Tertio,

448 1864 596 1934 quod
626 1877 739 1915 non
768 1861 837 1914 de
865 1858 1069 1913 Christi
1104 1866 1321 1910 tantum
1357 1853 1715 1923 generatione
1745 1852 2030 1921 propheta:

451 1955 836 2026 praedixerint,
864 1967 1058 2005 verum
1083 1951 1248 2005 etiam
1265 1949 1333 2002 de
1360 1948 1544 2001 multis
1570 1946 1707 1999 locis
1734 1944 2035 1999 etdemon-

450 2046 829 2104 strationibus,
853 2043 1050 2112 partim
1071 2034 1291 2111 quidem
1312 2049 1538 2109 propter
1557 2038 1855 2091 multorum
1879 2036 2045 2090 inlir-r

451 2138 726 2201 mitatem,
753 2147 813 2190 ut
837 2137 922 2189 his
942 2134 1176 2188 ducibus
1199 2134 1251 2185 in
1274 2134 1559 2186 veritatem
1578 2129 2033 2200 perducerentur;

452 2230 649 2303 partim
666 2244 819 2295 vero,
841 2237 899 2283 ut
915 2227 1207 2295 impiorum
1223 2225 1548 2279 obturarent
1563 2238 1757 2287 ora,ne
1772 2222 1879 2276 illis
1895 2235 1975 2274 vei
1992 2219 2038 2273 i-

452 2334 615 2378 tatem
637 2320 991 2391 impugnandi
1012 2329 1157 2374 esset
1171 2317 1407 2372 occasio.
1428 2316 1778 2383 Quwcunque
1797 2314 1945 2368 enim
1968 2317 2036 2366 de

450 2417 673 2470 Christo
694 2414 945 2467 au'tdicta
964 2412 1378 2480 autl‘actalsnnt,
1407 2409 1463 2461 in
1481 2409 1720 2477 aliquam
1751 2406 2035 2461 hominum

457 2506 754 2573 utilitatem
772 2498 1244 2558 cedunt.0hserva
1266 2502 1529 2570 itaque,et
1548 2497 2035 2567 comperies,quod

453 2600 641 2655 omnia
669 2613 792 2667 qua:
820 2596 914 2651 'vel
942 2595 1089 2650 dicta
1116 2594 1201 2648 vel
1230 2594 1373 2647 facta
1406 2600 1539 2647 sunt
1567 2591 1634 2645 ab
1663 2590 1834 2646 Adam
1862 2604 2038 2659 usque

458 2693 525 2746 ad
553 2691 882 2745 hodiernum
910 2696 1149 2757 tempus,
1172 2686 1229 2740 in
1251 2685 1481 2740 Christo
1508 2684 1730 2739 demum
1761 2682 2037 2738 declarata

456 2794 587 2838 sunt
613 2785 675 2837 et
706 2780 1004 2850 completa,
1044 2778 1191 2848 quod
1229 2776 1286 2830 in
1322 2777 1431 2831 alio
1466 2790 1740 2847 quoquam
1773 2773 1893 2829 fieri
1926 2789 2037 2828 non

457 2887 693 2950 poterat.
727 2877 907 2943 Quare
934 2884 991 2930 et
1020 2875 1125 2929 hoc
1156 2873 1487 2942 completur,
1519 2890 1537 2923 ι
1569 2871 1648 2926 Ex
1678 2870 1913 2941 Aﬂgypto
1942 2885 2037 2924 vo-

457 2975 573 3026 cavi
613 2971 784 3031 tib’nm
814 2973 1027 3023 'me'um.
1055 2986 1073 3019 ι
1124 2964 1275 3020 Ῥιιοι·
1309 2974 1494 3019 autem
1528 2965 1785 3018 Christus
1824 2963 1934 3034 jam
1968 2960 2037 3016 ad

459 3064 673 3118 virilem
709 3072 764 3116 ct
791 3063 992 3131 justam
1025 3066 1243 3114 aetatem
1270 3066 1617 3128 progressus,
1641 3055 1906 3110 Joannem
1937 3053 2040 3108 Za-

457 3155 660 3209 chariae
701 3153 872 3207 ﬁlium
905 3151 1162 3214 accessit,
1194 3154 1287 3220 qui
1314 3149 1598 3204 Christum
1632 3149 1698 3202 ad
1729 3162 1787 3201 se
1812 3147 2039 3201 venien-

461 3258 571 3303 tem
625 3248 979 3316 COIISpicalus
1015 3242 1151 3297 dicit
1198 3242 1424 3307 Judmis,
1464 3261 1482 3291 ι
1511 3242 1650 3295 Ecce
1683 3244 1869 3309 Agnus
1911 3237 2033 3299 Dei.

459 3339 554 3410 qui
596 3339 741 3393 tollit
772 3346 1062 3407 peccatum
1102 3333 1365 3388 mundi".
1396 3352 1414 3384 ι
1447 3332 1560 3388 Cur
1586 3344 1767 3387 autem
1795 3332 2038 3385 Joannes

460 3435 609 3486 hunc
629 3431 842 3500 Agnnm
880 3429 977 3481 Dei
1002 3443 1124 3482 esse
1148 3427 1372 3491 dixerit,
1401 3435 1589 3495 postea
1617 3424 2038 3494 explicabimus.

459 3523 596 3589 Quis
630 3536 764 3576 vero
799 3520 944 3573 alius
989 3516 1182 3571 mundi
1238 3525 1525 3585 peccatum
1566 3514 1761 3569 tollere
1812 3511 2038 3583 poterit,

462 3627 628 3682 quam
656 3612 776 3681 ipse
796 3609 1185 3673 Deusi'Quare
1208 3607 1377 3671 hunc,
1395 3606 1595 3678 dequo
1622 3607 1778 3674 prius
1798 3604 2037 3658 dixerat:

470 3704 620 3757 cNon
664 3717 786 3756 sum
833 3701 1035 3770 dignus
1087 3709 1147 3752 ut
1173 3709 1390 3769 portem
1435 3698 1810 3753 calceamenta
1841 3696 1984 3766 ejus,
2018 3712 2035 3745 ι

464 3810 615 3850 nunc
667 3794 841 3847 Deum
876 3806 1000 3846 esse
1031 3789 1321 3845 confessus
1367 3799 1473 3851 est.
1521 3790 1592 3842 At
1617 3787 1875 3842 Christus
1905 3785 2044 3840 dicit

465 3887 544 3943 illi
569 3905 581 3939 :
613 3907 630 3936 ι
650 3887 950 3954 Propheta,
975 3882 1127 3950 ades,
1150 3881 1368 3951 baptiza
1388 3896 1497 3935 me.
1526 3899 1544 3933 ι
1569 3880 1811 3936 Joannes
1832 3887 2039 3933 autent:

471 3998 491 4031 ι
523 3979 637 4048 Ego
666 3991 808 4046 opus
841 3975 1025 4030 habeo
1057 3974 1155 4028 abs
1188 3982 1239 4026 te
1272 3971 1568 4041 baptizari,
1616 3979 1674 4025 et
1701 3981 1758 4025 tu
1786 3971 1945 4026 venis
1974 3970 2044 4025 ad

466 4071 606 4126 me"
626 4108 641 4134 ,
673 4086 692 4121 ι
728 4068 991 4123 En'etiam
1012 4066 1121 4120 hoc
1147 4063 1461 4120 considera.
1486 4060 1762 4132 Propheta
1785 4062 1879 4117 ille
1897 4077 2047 4133 mag-

466 4179 596 4228 nus,
625 4161 742 4232 qui,
800 4167 943 4213 utet
985 4172 1086 4212 vos
1118 4157 1222 4225 ipsi
1268 4154 1544 4218 fatemini.
1577 4169 1642 4209 ex
1672 4154 2044 4225 promissione

467 4260 632 4310 natus
659 4262 761 4318 est,
792 4251 883 4321 qui
925 4267 957 4305 a
989 4248 1101 4304 Deo
1126 4238 1618 4316 ad'baptizandum
1669 4247 1869 4301 missus
1901 4254 2044 4309 erat,

467 4364 600 4402 num
626 4362 656 4399 a
680 4346 832 4399 nudo
865 4343 1090 4398 homine
1115 4353 1223 4398 tam
1248 4340 1529 4396 serviliter
1553 4339 1888 4411 baptismum
1920 4352 2049 4409 pos-

468 4439 658 4494 ceret?
690 4436 807 4491 Hoc
837 4449 989 4491 certe
1025 4448 1190 4489 nemo
1232 4445 1363 4488 vere
1409 4433 1628 4509 sapiens
1667 4427 2045 4485 atlirmaverit.

470 4531 577 4586 Sed
610 4530 681 4584 ab
725 4545 813 4594 ee,
860 4514 1027 4598 quem
1059 4525 1231 4580 Deum
1269 4538 1388 4577 csse
1420 4522 1711 4578 confessus
1739 4531 1881 4584 erat,
1910 4521 2049 4590 hap-

2128 1120 2396 1173 κλαίουσα
2427 1120 2495 1172 τά
2528 1122 2697 1174 τέκνα
2739 1121 2931 1186 αὐτῆς,
2963 1123 3062 1175 καὶ
3087 1124 3188 1176 οὐκ
3231 1123 3391 1193 ἤθελε
3422 1127 3711 1195 παρακλη-

2132 1211 2314 1283 θῆναι,
2347 1212 2430 1265 δτι
2479 1213 2579 1265 οὐκ
2631 1212 2758 1268 εἰσί.
2796 1231 2815 1264 ι
2872 1213 3089 1285 Τρίτον,
3123 1214 3206 1267 ὅτι
3256 1215 3531 1284 μὴμόνον
3576 1218 3709 1285 περὶ

2130 1303 2229 1371 τῆς
2262 1302 2359 1356 τοῦ
2393 1302 2634 1369 Χριστοῦ
2677 1303 2985 1374 γεννήσεως
3012 1307 3275 1374 προεῖπον
3315 1308 3365 1358 ot
3401 1307 3706 1376 προφῆται,

2130 1395 2270 1451 ἀλλὰ
2302 1397 2398 1450 καὶ
2430 1398 2560 1468 περὶ
2590 1397 2772 1450 τόπων
2815 1398 3028 1450 πολλῶν
3090 1399 3184 1450 καὶ
3232 1400 3439 1469 ἑτέρων
3488 1400 3709 1453 ἀποδεί-

2135 1489 2293 1558 ξεων,
2343 1492 2405 1544 τὸ
2450 1491 2554 1562 μὲν
2598 1491 2689 1545 διὰ
2737 1491 2835 1563 τὴν
2879 1493 2988 1545 τῶν
3036 1493 3248 1548 πολλῶν
3282 1495 3591 1561 ἀσθένειαν,
3621 1496 3711 1550 ἵνα

2132 1585 2447 1653 ἀνάγωνται
2497 1584 2607 1638 ἀπὸ
2637 1585 2843 1637 τούτων
2871 1585 2951 1649 είς
2979 1584 3078 1656 τὴν
3120 1586 3398 1656 ἀλήθειαν,
3434 1588 3496 1640 τὸ
3525 1588 3581 1641 δὲ
3618 1589 3707 1643 ἵνα

2133 1677 2595 1747 ὲπιστομίζωνται
2644 1679 2695 1729 οἱ
2743 1679 2928 1741 κακοὶ,
2963 1680 3057 1730 καὶ
3102 1679 3254 1732 οὐδὲν
3303 1678 3469 1750 ἔχωσι
3521 1683 3711 1751 χώραν

2133 1767 2318 1836 λέγειν
2353 1769 2493 1821 κατὰ
2526 1769 2623 1835 τῆς
2662 1768 2943 1839 ἀληθείας.
2977 1769 3120 1823 Ὅσα
3165 1772 3263 1824 καὶ
3304 1772 3413 1843 γάρ
3443 1772 3713 1842 ἐλαλήθη-

2139 1876 2241 1913 σαν
2275 1858 2529 1929 περὶτοῦ
2567 1860 2832 1931 Χριστοῦ,
2879 1863 2973 1915 καὶ
3004 1863 3106 1916 ὅσα
3154 1863 3427 1931 ἐγένοντο,
3469 1865 3547 1927 είς
3589 1866 3713 1919 τίνα

2138 1954 2248 2005 τῶν
2292 1952 2597 2022 ἀνθρώπων
2640 1955 2840 2024 χωρεῖς
2896 1954 3321 2026 Παρατήρησαι,
3370 1960 3464 2010 καὶ
3497 1957 3715 2027 μέλλεις

2139 2045 2347 2113 εὑρεῖν,
2383 2044 2467 2096 ὅτι
2502 2044 2609 2098 ἀπὸ
2636 2043 2732 2096 τοῦ
2782 2044 2952 2113 Ἀδάμ
2980 2045 3148 2116 μέχρι
3190 2045 3292 2114 τῆς
3323 2047 3589 2118 σήμερον,
3614 2049 3717 2102 ὃσα

2137 2136 2503 2205 ὲλαληοησαν,
2535 2135 2629 2189 καὶ
2655 2136 2756 2189 ὅσα
2781 2136 3159 2207 ἐπράχθησαν,
3186 2137 3283 2190 ὅλα
3313 2140 3370 2192 ὲν
3395 2139 3474 2210 τῷ
3492 2142 3717 2213 Χριστῷ

2138 2228 2514 2296 ἀνεφάνησαν,
2556 2226 2692 2297 ὅπερ
2739 2228 3027 2297 ἀμήχανον
3063 2231 3122 2281 ἐν
3152 2229 3298 2301 ἄλλῳ
3329 2232 3435 2283 τινὶ
3462 2232 3721 2303 τελεσθῆ-

2139 2335 2248 2384 ναι,
2283 2318 2376 2371 καὶ
2399 2319 2481 2371 ὅτι
2510 2336 2531 2369 ι
2568 2316 2659 2382 Ἐξ
2680 2317 2962 2386 Αἰγύπτου
2991 2318 3229 2373 ἐκάλεσα
3260 2319 3351 2373 τὸν
3378 2319 3492 2373 υίόν
3529 2338 3656 2390 μου.
3690 2340 3710 2373 ι

2150 2408 2450 2478 ’Δνδρωθὲν
2481 2408 2540 2461 δὲ
2563 2410 2625 2461 τὸ
2655 2409 2895 2472 παιδίον,
2940 2410 3038 2465 καὶ⁵
3073 2410 3229 2464 ἐλθὸν
3258 2414 3339 2475 εἰς
3370 2411 3430 2464 τὸ
3453 2412 3551 2482 τῆς
3598 2412 3718 2482 ἡλι-

2141 2503 2266 2564 κίας
2293 2502 2522 2567 τέλειον,
2556 2499 2780 2571 ἔρχεται
2810 2505 2944 2572 πρὸς
2992 2503 3248 2575 Ἰωάννην
3291 2505 3384 2559 τὸν
3406 2505 3502 2558 τοῦ
3533 2508 3717 2576 Ζαχιιι⁹

2144 2595 2262 2665 ρίου
2291 2595 2430 2649 υἱόν.
2473 2594 2535 2646 '0
2562 2594 2618 2648 δὲ
2644 2592 2770 2649 ίδὼν
2815 2595 2906 2649 τὸν
2936 2595 3174 2667 Χριστὸν
3201 2599 3338 2669 πρὸς
3368 2599 3530 2652 αὐτὸν
3558 2600 3720 2671 ἐρχό-

2144 2702 2327 2757 μενον,
2379 2685 2529 2754 λέγει
2580 2686 2698 2749 τοῖς
2745 2685 3057 2754 Ἰουδαίοις,
3100 2706 3122 2740 ι
3157 2689 3266 2742 Ἴδε
3316 2691 3346 2743 6
3395 2690 3569 2761 ἀμνὸς
3621 2690 3721 2745 τοῦ

2140 2777 2304 2845 Θεοῦ,
2330 2779 2359 2832 6
2388 2778 2562 2849 αἴρων
2590 2777 2691 2848 τὴν
2723 2780 2999 2850 ἁμαρτίαν
3020 2780 3113 2833 τοῦ
3140 2781 3369 2850 κόσμου.
3387 2800 3405 2833 ι
3425 2782 3551 2844 Πῶς
3587 2784 3722 2852 γοῦν

2139 2875 2429 2944 ὠνόμασεν
2464 2875 2627 2928 αὑτὸν
2661 2875 2691 2927 6
2736 2872 2994 2943 Ἰωάννης
3046 2874 3255 2945 ἀμνόν;
3309 2876 3546 2946 ἐροῦμεν
3600 2878 3716 2946 μετ’

2141 2966 2347 3035 ὀλίγον.
2388 2966 2461 3017 Τὸ
2489 2965 2546 3018 δὲ
2578 2967 2759 3034 αίρειν
2789 2966 2888 3037 τὴν
2937 2965 3216 3035 ἁμαρτίαν
3242 2965 3339 3020 τοῦ
3371 2968 3603 3038 κόσμου,
3637 2969 3720 3031 τίς

2141 3055 2303 3118 ἄλλος
2330 3054 2556 3109 δύναται
2597 3054 2829 3124 ποιῆσαι
2859 3054 3018 3107 τοῦτο
3066 3056 3116 3107 εί
3174 3054 3248 3126 μὴ
3296 3054 3467 3124 Θεός;
3523 3056 3633 3109 Καὶ
3659 3048 3724 3110 οῦ

2141 3150 2413 3219 πρότερον
2441 3147 2630 3214 ἔλεγεν
2648 3187 2666 3213 ,
2695 3146 2780 3199 δτι
2808 3146 2909 3199 οὐκ
2938 3147 3086 3198 ἔστιν
3113 3145 3263 3210 ἄξιος
3283 3146 3366 3200 τὰ
3396 3147 3722 3218 ὑποδήματα

2144 3238 2435 3308 βαστάσαι,
2454 3237 2647 3296 τοῦτον
2693 3239 2836 3292 κατὰ
2866 3238 2928 3292 τὸ
2961 3239 3139 3309 παρὸν
3167 3237 3300 3292 Θεὸν
3342 3239 3714 3310 ὡμολόγησεν.

2154 3333 2214 3383 '0
2241 3332 2300 3385 δὲ
2328 3332 2565 3403 Χριστὸς
2592 3331 2741 3395 λέγει
2769 3333 2905 3401 πρὸς
2934 3332 3121 3397 αὐτὸν,
3165 3350 3183 3383 ι
3216 3333 3503 3403 Προφῆτα,
3527 3333 3705 3403 δεῦρο,

2142 3425 2409 3496 βάπτισόν
2447 3443 2536 3496 με.
2573 3444 2591 3477 ι
2632 3427 2695 3479 Τί
2730 3425 2863 3493 γοῦν
2892 3426 2921 3478 6
2961 3424 3248 3497 Ἰωάννης;
3292 3442 3311 3477 ι
3351 3425 3497 3497 Ἐγὼ
3527 3428 3714 3499 χρείαν

2140 3517 2250 3586 ἔχω
2277 3516 2384 3569 ὑπὸ
2429 3515 2521 3569 σοῦ
2569 3515 2961 3586 βᾶπτισθῆναι,
2990 3514 3086 3569 καὶ
3117 3516 3182 3568 σὺ
3211 3514 3345 3587 ἔρχῃ
3381 3518 3518 3587 πρός
3549 3533 3656 3587 με;
3694 3536 3721 3571 ι

2142 3608 2345 3663 Σκόπει
2374 3609 2467 3662 καὶ
2495 3608 2677 3663 τοῦτο.
2733 3608 2792 3662 Ὃ
2821 3609 3110 3679 προφήτης
3131 3611 3160 3662 6
3193 3611 3367 3679 μέγας
3400 3610 3429 3662 6
3454 3609 3515 3675 ἐξ
3542 3612 3722 3680 ἐπαγ-

2142 3702 2333 3769 γελίας
2376 3701 2682 3772 γεννηθεὶς,
2731 3701 2804 3763 ὡς
2855 3702 2952 3753 καὶ
3004 3702 3166 3771 ὑμεῖς
3230 3701 3441 3769 λέγετε,
3487 3704 3516 3756 ὁ
3564 3703 3723 3775 παρὰ

2143 3793 2278 3846 Θεοῦ
2311 3793 2638 3854 ἀποσταλεὶς
2682 3791 2993 3863 βαπτίζειν,
3027 3794 3179 3863 παρὰ
3218 3792 3380 3861 ψιλοῦ
3421 3794 3717 3863 ἀνθρώπου

2146 3885 2328 3955 ᾐτεῖτο
2359 3882 2647 3952 βάπτισμα
2677 3885 2734 3937 ὲν
2765 3883 3000 3955 δουλικῷ
3026 3884 3104 3954 τῷ
3157 3886 3426 3955 σχήματι;
3494 3887 3720 3950 Πάντως

2145 3975 2322 4037 οὐδεὶς
2351 3975 2459 4027 τῶν
2486 3971 2546 4028 εῦ
2584 3975 2933 4045 φρονούντων
2962 3977 3109 4029 είποι
3140 3976 3273 4031 αὑτό
3297 3993 3314 4010 ⁸
3346 3977 3461 4031 ἀλλ’
3487 3977 3547 4030 ὸν
3580 3977 3731 4033 Θεὸν

2144 4066 2467 4136 ὡμολόγησε
2503 4069 2743 4133 πάντως,
2769 4067 2829 4134 ἐξ
2850 4066 3016 4120 αὑτοῦ
3040 4068 3185 4121 αίτεῖ
3209 4068 3305 4123 καὶ
3328 4069 3389 4121 τὸ
3412 4069 3721 4140 βάπτισμα.

2159 4159 2303 4213 Ἀλλ’
2335 4160 2464 4223 ῐσως
2500 4160 2618 4228 ἐρεῖ
2660 4175 2768 4224 τις,
2809 4159 2891 4212 δτι
2937 4161 2965 4213 6
3000 4160 3236 4230 Χριστὸς
3283 4160 3403 4232 ᾔτει
3446 4163 3595 4232 παρά
3627 4162 3725 4216 τοῦ

2160 4250 2413 4305 Ἰωάννου
2459 4249 2765 4318 βάπτισμα.
2820 4248 2960 4301 Ἀλλ’
2998 4250 3105 4301 οὐκ
3148 4248 3267 4320 ᾔτει
3308 4247 3470 4302 τοῦτο
3500 4251 3720 4319 ὁμοίως.

2149 4339 2269 4392 Καὶ
2294 4339 2489 4391 σκόπει
2521 4336 2581 4389 τὸ
2610 4342 2777 4405 μέσον
2801 4335 2912 4389 τῶν
2931 4335 3056 4409 δύο.
3078 4335 3156 4389 ,⁸0
3188 4336 3292 4405 μὲν
3323 4339 3431 4407 γὰρ
3470 4337 3724 4407 Ἰωάννης

2149 4428 2367 4498 πρῶτον
2400 4428 2566 4480 αὑτὸν
2622 4426 2758 4481 Θεὸν
2805 4426 3152 4498 ὁμολογήσας
3190 4427 3287 4479 καὶ
3325 4426 3637 4496 άνθρωπονο
3663 4428 3721 4478 ὲν

2150 4521 2261 4591 γὰρ
2294 4519 2373 4589 τῷ
2407 4520 2605 4583 είπεῖν,
2648 4521 2736 4572 ὅτι
2769 4520 2873 4573 οὐκ
2912 4519 3059 4571 ἔστιν
3091 4518 3241 4582 ἄξιος
3266 4520 3339 4572 τά
3362 4518 3563 4572 τούτου
3591 4519 3724 4571 ὐπο-

408 4622 409 4629 “
471 4627 696 4678 tismum
736 4621 897 4690 petit.
932 4618 1037 4673 Sed
1070 4616 1221 4671 dicet
1267 4615 1501 4669 fortasse
1546 4614 1767 4682 aliquis,
1811 4611 1958 4681 quod
1993 4618 2038 4667 el

2151 4613 2368 4681 δήματα
2395 4610 2709 4683 βαστάζειν,
2738 4612 2833 4665 καὶ
2861 4612 2943 4664 ὃτι
2969 4628 2991 4662 ι
3027 4611 3134 4664 Ἴδε
3157 4613 3185 4663 6
3212 4611 3383 4680 αῐρων
3408 4615 3512 4681 τὴν
3545 4612 3729 4681 ἀμαρ-

469 4718 587 4785 ipse
614 4715 871 4768 Christus
907 4726 936 4764 a
962 4710 1176 4765 Joanne
1220 4708 1554 4777 baptismum
1577 4705 1819 4775 petierit.
1839 4705 2041 4761 Verum

469 4824 578 4861 non
610 4803 785 4858 simili
808 4802 1021 4855 ratione
1048 4798 1152 4854 hoc
1183 4798 1347 4861 facit;
1374 4812 1546 4867 quare
1577 4794 1844 4861 medium,
1893 4792 2044 4863 quod

469 4903 615 4953 inter
667 4894 932 4961 utrosilue
976 4903 1085 4955 est,
1124 4887 1590 4944 considerandum
1628 4885 1756 4939 erit.
1804 4883 2047 4939 Joannes

467 4987 696 5054 quidem
747 4982 925 5050 ipsum
977 4988 1134 5032 antea
1184 4987 1240 5031 et
1274 4977 1441 5030 Deum
1491 4987 1547 5029 et
1589 4974 1870 5029 hominem
1923 4988 2045 5028 esse

358 5090 363 5097 '
468 5077 754 5133 confessus
799 5079 941 5126 erat.
974 5069 1112 5125 Cum
1161 5068 1309 5123 enim
1343 5068 1577 5123 dixisset
1626 5081 1686 5121 se
1728 5066 2043 5136 indignum,

465 5172 559 5238 qui
591 5167 961 5220 calt-camenta
990 5160 1139 5214 illius
1162 5167 1437 5228 portaret:
1465 5168 1543 5219 et,
1578 5177 1595 5207 ι
1620 5157 1761 5211 Ecce
1785 5157 1877 5226 qui
1898 5154 2041 5209 tollit

465 5268 751 5329 peccatum
782 5254 1014 5321 mundi;
1044 5272 1062 5304 ι
1091 5253 1381 5321 ipsumque
1403 5250 1489 5304 his
1514 5249 1699 5305 verbis
1723 5249 1896 5304 Deum
1914 5262 2037 5302 esse
2059 5261 2083 5283 ο

463 5344 831 5413 osten'dts‘set,
860 5344 1016 5400 addit
1044 5355 1099 5398 et
1123 5346 1250 5409 hoc,
1289 5362 1308 5394 ι
1338 5342 1449 5413 Ego
1475 5358 1613 5412 Opus
1643 5341 1820 5396 habeo
1849 5338 1948 5394 abs
1984 5348 2036 5393 te

464 5440 755 5511 baptizari,
784 5448 839 5494 et
872 5447 928 5492 tu
960 5437 1116 5492 venis
1139 5436 1219 5489 ad.
1235 5434 1351 5489 me?
1384 5454 1401 5486 ι
1441 5436 1691 5489 Christus
1713 5441 1897 5487 autem
1924 5446 2032 5486 non

346 5590 352 5596 ,
463 5535 567 5600 sic,
604 5534 699 5589 sed
738 5531 1035 5602 imperiose
1065 5538 1121 5584 et
1160 5544 1287 5585 cum
1321 5529 1653 5584 auctoritate
1689 5529 1844 5583 illum
1883 5540 2033 5582 com-

462 5627 652 5696 pellat,
679 5623 902 5678 dicens:
944 5641 962 5674 ι
993 5619 1290 5692 PrOpheta,
1323 5622 1473 5684 ades,
1500 5620 1714 5691 haptiza
1740 5635 1847 5675 me.
1882 5637 1899 5669 ι
1934 5618 2034 5672 Ille

2146 4705 2268 4779 τίαν
2297 4703 2392 4756 τοῦ
2419 4703 2652 4774 κόσμου,
2674 4722 2695 4756 ι
2719 4704 2815 4757 καὶ
2840 4702 3012 4767 δεῖξαι
3038 4702 3202 4756 αὑτὸν
3230 4701 3385 4755 ειὶεόν⁹
3414 4703 3722 4774 ὶπήγαγεν,

2161 4813 2180 4847 ι
2227 4793 2371 4865 Ἐγὼ
2420 4796 2615 4866 χρείαν
2666 4796 2776 4865 ἔχω
2827 4793 2934 4847 ὑπὸ
2988 4795 3082 4847 σοῦ
3113 4793 3498 4865 βαπτισθῆναι,
3534 4795 3725 4848 καὶσὺ

2146 4886 2280 4959 ἔρχῃ
2313 4888 2449 4958 πρός
2482 4905 2587 4957 με;
2629 4905 2651 4940 ι
2689 4888 2751 4940 '0
2784 4886 2842 4940 δὲ
2869 4886 3103 4956 Χριστὸς
3128 4886 3229 4958 οὐχ
3258 4887 3452 4952 οὕτως,
3478 4887 3615 4941 ἀλλά
3639 4887 3724 4941 δε-

2149 4980 2429 5042 σποτικῶς
2458 4997 2517 5033 τε
2559 4978 2676 5050 ἅμα
2705 4979 2802 5033 καὶ
2843 4979 3271 5044 ὲξουσιαστικῶς
3315 4979 3419 5048 ἔφη
3453 4979 3591 5049 πρὸς
3625 4979 3724 5031 αὺ-

2145 5072 2267 5139 τὸν,
2305 5090 2326 5124 ι
2368 5073 2653 5143 Προφῆτα,
2675 5070 2861 5140 δεῦρο,
2892 5071 3155 5142 βάπτισόν
3186 5088 3276 5141 με.
3311 5090 3331 5124 ι
3381 5072 3440 5125 '0
3467 5073 3525 5125 δὲ
3550 5071 3721 5137 ἔδειξε

2149 5164 2251 5235 μὲν
2282 5166 2377 5219 καὶ
2405 5164 2506 5235 τὴν
2532 5163 2694 5217 αὑτοῦ
2727 5164 3083 5235 άναξιότητα,
3117 5156 3401 5234 ὑπήκουσε
3431 5164 3488 5218 δὲ
3518 5166 3615 5217 καὶ
3641 5164 3731 5234 τῷ

2144 5253 2240 5308 τοῦ
2295 5257 2505 5324 Κυρίου
2556 5252 2969 5324 προστάγματι.
3007 5255 3270 5325 Ἔρχεται
3300 5254 3484 5307 τοίνυν
3535 5254 3594 5306 ὲν
3636 5252 3720 5321 τῷ

2157 5345 2426 5418 Ἰορδάνῃ,
2452 5345 2545 5399 καὶ
2573 5344 2965 5414 βαπτισθέντος
2995 5345 3088 5397 τοῦ
3120 5342 3356 5414 Χριστοῦ
3374 5343 3718 5414 ἐσχίσθησαν

2140 5438 2199 5490 oi.
2222 5436 2464 5507 οὐρανοὶ,
2491 5423 2590 5490 καὶ
2622 5436 2774 5507 φωνὴ
2808 5437 3029 5504 ἐγένετο
3060 5439 3127 5490 ὲκ
3170 5437 3281 5489 τῶν
3324 5435 3594 5507 οὐρανῶν,
3624 5435 3716 5489 λέ-

2136 5543 2331 5598 γουσα,
2376 5547 2394 5579 ι
2435 5528 2505 5582 Σὺ
2538 5524 2589 5580 εἴ
2618 5530 2647 5580 6
2677 5528 2803 5590 Υἱός
2835 5532 2988 5599 μουό
3012 5527 3314 5598 ἀγαπητὸς,
3346 5530 3402 5580 ὲν
3440 5527 3523 5580 σοὶ
3552 5528 3717 5599 ηὐδό-

2134 5637 2302 5690 κησα.
2333 5639 2353 5672 ι
2390 5616 2543 5682 Εἶδες
2576 5621 2812 5690 πρᾶγμα
2864 5622 3116 5693 φοϐερὸν,
3154 5620 3245 5671 καὶ
3288 5620 3462 5689 γέμον
3506 5618 3713 5688 ἐκπλή-

461 5728 645 5774 autem
674 5715 1038 5771 humilitatem
1061 5728 1238 5780 suam,
1270 5729 1376 5785 qua
1401 5714 1661 5785 indignus
1691 5722 1833 5772 erat.
1864 5710 2027 5765 simul

2142 5708 2302 5775 Ξεως,
2355 5707 2500 5772 "Ero;
2552 5709 2649 5762 τοῦ
2718 5708 2812 5765 νῦν
2874 5709 3021 5780 67m
3087 5708 3357 5777 ἐλάλουν,
3426 5707 3715 5781 προφῆται

530 5909 575 5939 ⁸⁸
614 5905 753 5964 Osee
776 5922 853 5975 ιι,
880 5907 938 5965 2.
1013 5905 1057 5940 “
1086 5907 1285 5964 Jerem.
1321 5919 1466 5970 xxxi,
1511 5901 1597 5957 15.

1673 5901 1717 5934 ”
1763 5899 1922 5957 Joan.
1957 5913 1996 5966 ι,
2027 5894 2123 5952 29.
2196 5897 2243 5931 δ’
2267 5894 2465 5953 Matth.
2497 5909 2583 5962 ιιι,
2615 5894 2703 5964 14,
2740 5894 2847 5950 15.
