  <div class='ocr_page' id='page_1' title='image "/cluster/home/n/w/nwhite01/storage/ocr_20150623/154:no.2/coo.31924054870591/224.png"; bbox 0 0 4090 6450; ppageno 0'>
   <div class='ocr_carea' id='block_1_1' title="bbox 395 322 1970 430">
    <p class='ocr_par' dir='ltr' id='par_1_1' title="bbox 395 322 1970 400">
     <span class='ocr_line' id='line_1_1' title="bbox 395 322 1970 400; baseline 0.011 -18"><span class='ocrx_word' id='word_1_1' title='bbox 395 324 426 382; x_wconf 85' lang='grc'>4</span> <span class='ocrx_word' id='word_1_2' title='bbox 465 322 501 383; x_wconf 87' lang='lat'><strong>3</strong></span> <span class='ocrx_word' id='word_1_3' title='bbox 1311 335 1616 398; x_wconf 81' lang='lat' dir='ltr'><strong>CONTRA</strong></span> <span class='ocrx_word' id='word_1_4' title='bbox 1654 337 1970 400; x_wconf 82' lang='grc' dir='ltr'><strong>ΜΑΗΟΜΕ</strong></span> 
     </span>
    </p>
   </div>
   <div class='ocr_carea' id='block_1_2' title="bbox 2073 322 3654 430">
    <p class='ocr_par' dir='ltr' id='par_1_2' title="bbox 2073 342 3654 430">
     <span class='ocr_line' id='line_1_2' title="bbox 2073 342 3654 430; baseline 0.016 -27"><span class='ocrx_word' id='word_1_5' title='bbox 2073 342 2148 407; x_wconf 72' lang='grc' dir='ltr'><strong>ΞΜ</strong></span> <span class='ocrx_word' id='word_1_6' title='bbox 2187 343 2567 409; x_wconf 81' lang='lat' dir='ltr'><strong>APOLOGIA</strong></span> <span class='ocrx_word' id='word_1_7' title='bbox 2607 346 2661 409; x_wconf 83' lang='grc' dir='ltr'><strong>Ι.</strong></span> <span class='ocrx_word' id='word_1_8' title='bbox 3547 365 3654 430; x_wconf 62' lang='grc'><strong>434</strong></span> 
     </span>
    </p>
   </div>
   <div class='ocr_carea' id='block_1_3' title="bbox 397 438 1970 543">
    <p class='ocr_par' dir='ltr' id='par_1_3' title="bbox 397 438 1970 526">
     <span class='ocr_line' id='line_1_3' title="bbox 397 438 1970 526; baseline 0.014 -36"><span class='ocrx_word' id='word_1_9' title='bbox 397 438 719 507; x_wconf 84' lang='grc' dir='ltr'>προέλεγον,</span> <span class='ocrx_word' id='word_1_10' title='bbox 746 442 971 513; x_wconf 84' lang='grc' dir='ltr'>ἄγγελοι</span> <span class='ocrx_word' id='word_1_11' title='bbox 999 447 1309 519; x_wconf 79' lang='grc' dir='ltr'>ὑπηρέτουν</span> <span class='ocrx_word' id='word_1_12' title='bbox 1328 466 1343 483; x_wconf 85' lang='grc'>⁶</span> <span class='ocrx_word' id='word_1_13' title='bbox 1373 451 1466 506; x_wconf 86' lang='grc' dir='ltr'>νῦν</span> <span class='ocrx_word' id='word_1_14' title='bbox 1496 454 1554 508; x_wconf 66' lang='grc' dir='ltr'><strong>δὲ</strong></span> <span class='ocrx_word' id='word_1_15' title='bbox 1577 453 1702 509; x_wconf 74' lang='grc' dir='ltr'>οὔτε</span> <span class='ocrx_word' id='word_1_16' title='bbox 1728 455 1970 526; x_wconf 82' lang='grc' dir='ltr'>ἄγγελοι,</span> 
     </span>
    </p>
   </div>
   <div class='ocr_carea' id='block_1_4' title="bbox 2073 438 3654 543">
    <p class='ocr_par' dir='ltr' id='par_1_4' title="bbox 2080 462 3654 543">
     <span class='ocr_line' id='line_1_4' title="bbox 2080 462 3654 543; baseline 0.017 -30"><span class='ocrx_word' id='word_1_17' title='bbox 2080 462 2340 527; x_wconf 77' lang='lat' dir='ltr'><strong>ostendit,</strong></span> <span class='ocrx_word' id='word_1_18' title='bbox 2373 472 2428 518; x_wconf 90' lang='lat' dir='ltr'><strong>et</strong></span> <span class='ocrx_word' id='word_1_19' title='bbox 2456 464 2675 521; x_wconf 84' lang='lat' dir='ltr'><strong>Domini</strong></span> <span class='ocrx_word' id='word_1_20' title='bbox 2707 476 2968 526; x_wconf 86' lang='lat' dir='ltr'><strong>manuato</strong></span> <span class='ocrx_word' id='word_1_21' title='bbox 2990 472 3189 543; x_wconf 89' lang='lat' dir='ltr'><strong>paruit.</strong></span> <span class='ocrx_word' id='word_1_22' title='bbox 3221 475 3524 537; x_wconf 83' lang='lat' dir='ltr'><strong>Jordanem</strong></span> <span class='ocrx_word' id='word_1_23' title='bbox 3547 483 3654 540; x_wconf 84' lang='lat' dir='ltr'><strong>ita-</strong></span> 
     </span>
    </p>
   </div>
   <div class='ocr_carea' id='block_1_5' title="bbox 394 527 1970 638">
    <p class='ocr_par' dir='ltr' id='par_1_5' title="bbox 394 527 1962 616">
     <span class='ocr_line' id='line_1_5' title="bbox 394 527 1962 616; baseline 0.013 -34"><span class='ocrx_word' id='word_1_24' title='bbox 394 527 520 583; x_wconf 76' lang='grc' dir='ltr'>οὖτε</span> <span class='ocrx_word' id='word_1_25' title='bbox 568 531 869 602; x_wconf 76' lang='grc' dir='ltr'>ἄνθρωποι,</span> <span class='ocrx_word' id='word_1_26' title='bbox 922 538 1040 592; x_wconf 77' lang='grc' dir='ltr'>ἀλλ’</span> <span class='ocrx_word' id='word_1_27' title='bbox 1071 541 1233 605; x_wconf 77' lang='grc' dir='ltr'>αὑτός</span> <span class='ocrx_word' id='word_1_28' title='bbox 1277 542 1424 598; x_wconf 77' lang='grc' dir='ltr'>ἐστιν</span> <span class='ocrx_word' id='word_1_29' title='bbox 1461 546 1489 598; x_wconf 88' lang='grc' dir='ltr'><em>ὁ</em></span> <span class='ocrx_word' id='word_1_30' title='bbox 1533 546 1666 610; x_wconf 83' lang='grc' dir='ltr'>Θεὸς</span> <span class='ocrx_word' id='word_1_31' title='bbox 1698 549 1726 601; x_wconf 85' lang='grc' dir='ltr'>ὁ</span> <span class='ocrx_word' id='word_1_32' title='bbox 1768 549 1962 616; x_wconf 74' lang='grc' dir='ltr'>εἰπὼν,</span> 
     </span>
    </p>
   </div>
   <div class='ocr_carea' id='block_1_6' title="bbox 2073 527 3657 638">
    <p class='ocr_par' dir='ltr' id='par_1_6' title="bbox 2075 527 3657 638">
     <span class='ocr_line' id='line_1_6' title="bbox 2075 527 3657 638; baseline 0.018 -34"><span class='ocrx_word' id='word_1_33' title='bbox 2075 566 2184 621; x_wconf 89' lang='lat' dir='ltr'><strong>que</strong></span> <span class='ocrx_word' id='word_1_34' title='bbox 2233 553 2560 624; x_wconf 79' lang='lat' dir='ltr'><strong>ingreditur.</strong></span> <span class='ocrx_word' id='word_1_35' title='bbox 2612 558 2721 615; x_wconf 85' lang='lat' dir='ltr'><strong>Sed</strong></span> <span class='ocrx_word' id='word_1_36' title='bbox 2753 527 3657 638; x_wconf 32' lang='lat' dir='ltr'><strong>Christobaptismo-scissim?&quot;</strong></span> 
     </span>
    </p>
   </div>
   <div class='ocr_carea' id='block_1_7' title="bbox 394 617 1970 725">
    <p class='ocr_par' dir='ltr' id='par_1_7' title="bbox 394 617 1962 709">
     <span class='ocr_line' id='line_1_7' title="bbox 394 617 1962 709; baseline 0.013 -37"><span class='ocrx_word' id='word_1_37' title='bbox 394 621 475 673; x_wconf 77' lang='grc' dir='ltr'>ὅτι</span> <span class='ocrx_word' id='word_1_38' title='bbox 499 641 517 674; x_wconf 88' lang='grc' dir='ltr'><strong>ι</strong></span> <span class='ocrx_word' id='word_1_39' title='bbox 543 623 614 677; x_wconf 79' lang='grc' dir='ltr'><strong>Σὺ</strong></span> <span class='ocrx_word' id='word_1_40' title='bbox 636 617 688 676; x_wconf 80' lang='grc' dir='ltr'>εἳ</span> <span class='ocrx_word' id='word_1_41' title='bbox 711 626 740 681; x_wconf 85' lang='grc' dir='ltr'><strong>ὁ</strong></span> <span class='ocrx_word' id='word_1_42' title='bbox 773 626 901 691; x_wconf 75' lang='grc' dir='ltr'><strong>Υἱός</strong></span> <span class='ocrx_word' id='word_1_43' title='bbox 923 647 1024 699; x_wconf 88' lang='grc' dir='ltr'><strong>μου</strong></span> <span class='ocrx_word' id='word_1_44' title='bbox 1045 634 1072 685; x_wconf 84' lang='grc' dir='ltr'>ὁ</span> <span class='ocrx_word' id='word_1_45' title='bbox 1097 632 1402 705; x_wconf 71' lang='grc' dir='ltr'>ἀγαπητὸς,</span> <span class='ocrx_word' id='word_1_46' title='bbox 1423 638 1479 689; x_wconf 84' lang='grc' dir='ltr'><strong>ἐν</strong></span> <span class='ocrx_word' id='word_1_47' title='bbox 1504 641 1587 690; x_wconf 81' lang='grc' dir='ltr'>σοὶ</span> <span class='ocrx_word' id='word_1_48' title='bbox 1615 638 1916 709; x_wconf 66' lang='grc' dir='ltr'>ηὐδόκησα.</span> <span class='ocrx_word' id='word_1_49' title='bbox 1943 658 1962 692; x_wconf 71' lang='grc' dir='ltr'><strong>ι</strong></span> 
     </span>
    </p>
   </div>
   <div class='ocr_carea' id='block_1_8' title="bbox 2073 617 3656 725">
    <p class='ocr_par' dir='ltr' id='par_1_8' title="bbox 2079 644 3656 725">
     <span class='ocr_line' id='line_1_8' title="bbox 2079 644 3656 725; baseline 0.018 -28"><span class='ocrx_word' id='word_1_50' title='bbox 2079 644 2227 710; x_wconf 82' lang='lat' dir='ltr'><strong>coeli,</strong></span> <span class='ocrx_word' id='word_1_51' title='bbox 2280 656 2336 702; x_wconf 87' lang='lat' dir='ltr'><strong>et</strong></span> <span class='ocrx_word' id='word_1_52' title='bbox 2368 664 2473 703; x_wconf 83' lang='lat' dir='ltr'><strong>vox</strong></span> <span class='ocrx_word' id='word_1_53' title='bbox 2506 647 2733 707; x_wconf 70' lang='lat' dir='ltr'><strong>caelitus</strong></span> <span class='ocrx_word' id='word_1_54' title='bbox 2767 656 2953 713; x_wconf 84' lang='lat' dir='ltr'><strong>audita</strong></span> <span class='ocrx_word' id='word_1_55' title='bbox 2993 667 3100 723; x_wconf 88' lang='lat' dir='ltr'><strong>est,</strong></span> <span class='ocrx_word' id='word_1_56' title='bbox 3135 661 3367 721; x_wconf 87' lang='lat' dir='ltr'><strong>dicens:</strong></span> <span class='ocrx_word' id='word_1_57' title='bbox 3401 683 3421 718; x_wconf 84' lang='grc' dir='ltr'><strong>ι</strong></span> <span class='ocrx_word' id='word_1_58' title='bbox 3471 667 3552 723; x_wconf 90' lang='lat' dir='ltr'><strong>Tu</strong></span> <span class='ocrx_word' id='word_1_59' title='bbox 3592 684 3656 725; x_wconf 90' lang='lat' dir='ltr'><strong>es</strong></span> 
     </span>
    </p>
   </div>
   <div class='ocr_carea' id='block_1_9' title="bbox 395 712 3655 833">
    <p class='ocr_par' dir='ltr' id='par_1_9' title="bbox 395 712 3655 833">
     <span class='ocr_line' id='line_1_9' title="bbox 395 712 3655 833; baseline 0.017 -67"><span class='ocrx_word' id='word_1_60' title='bbox 395 712 570 768; x_wconf 76' lang='lat' dir='ltr'><strong>Filius</strong></span> <span class='ocrx_word' id='word_1_61' title='bbox 600 731 757 773; x_wconf 87' lang='lat' dir='ltr'><strong>meus</strong></span> <span class='ocrx_word' id='word_1_62' title='bbox 791 719 1051 790; x_wconf 85' lang='lat' dir='ltr'><strong>dilectus,</strong></span> <span class='ocrx_word' id='word_1_63' title='bbox 1108 725 1165 779; x_wconf 91' lang='lat' dir='ltr'><strong>in</strong></span> <span class='ocrx_word' id='word_1_64' title='bbox 1200 736 1255 783; x_wconf 92' lang='lat' dir='ltr'><strong>te</strong></span> <span class='ocrx_word' id='word_1_65' title='bbox 1298 728 1431 782; x_wconf 90' lang='lat' dir='ltr'><strong>mihi</strong></span> <span class='ocrx_word' id='word_1_66' title='bbox 1462 728 1601 785; x_wconf 83' lang='lat' dir='ltr'><strong>bene</strong></span> <span class='ocrx_word' id='word_1_67' title='bbox 1634 732 2022 801; x_wconf 87' lang='lat' dir='ltr'><strong>complacitum</strong></span> <span class='ocrx_word' id='word_1_68' title='bbox 2071 739 2269 793; x_wconf 65' lang='grc' dir='ltr'><strong>θείη.»</strong></span> <span class='ocrx_word' id='word_1_69' title='bbox 2297 742 2782 807; x_wconf 84' lang='lat' dir='ltr'><strong>Animadvertisne</strong></span> <span class='ocrx_word' id='word_1_70' title='bbox 2832 767 2949 808; x_wconf 87' lang='lat' dir='ltr'><strong>rem</strong></span> <span class='ocrx_word' id='word_1_71' title='bbox 2978 756 3308 827; x_wconf 70' lang='lat' dir='ltr'><strong>terribilem,</strong></span> <span class='ocrx_word' id='word_1_72' title='bbox 3333 770 3389 816; x_wconf 91' lang='lat' dir='ltr'><strong>et</strong></span> <span class='ocrx_word' id='word_1_73' title='bbox 3423 771 3655 833; x_wconf 93' lang='lat' dir='ltr'><strong>stupore</strong></span> 
     </span>
     <span class='ocr_line' id='line_1_10' title="bbox 395 812 2126 833; baseline 0 0"><span class='ocrx_word' id='word_1_74' title='bbox 395 812 654 833; x_wconf 34' lang='lat'><strong>_.-_-_#.</strong></span> <span class='ocrx_word' id='word_1_75' title='bbox 819 829 828 833; x_wconf 76' lang='lat'><strong>-</strong></span> <span class='ocrx_word' id='word_1_76' title='bbox 1012 814 1016 821; x_wconf 85' lang='grc'><strong><em>-</em></strong></span> <span class='ocrx_word' id='word_1_77' title='bbox 1106 822 1156 833; x_wconf 94' lang='grc'><strong>..</strong></span> <span class='ocrx_word' id='word_1_78' title='bbox 1463 826 1475 833; x_wconf 91' lang='grc'><strong>.</strong></span> <span class='ocrx_word' id='word_1_79' title='bbox 1528 824 1544 833; x_wconf 90' lang='grc'><strong>.</strong></span> <span class='ocrx_word' id='word_1_80' title='bbox 1699 826 1710 833; x_wconf 85' lang='grc'>.</span> <span class='ocrx_word' id='word_1_81' title='bbox 2094 831 2126 833; x_wconf 63' lang='lat'><strong>_,</strong></span> 
     </span>
    </p>
   </div>
   <div class='ocr_carea' id='block_1_10' title="bbox 395 812 3659 928">
    <p class='ocr_par' dir='ltr' id='par_1_10' title="bbox 395 812 3659 928">
     <span class='ocr_line' id='line_1_11' title="bbox 395 812 3659 928; baseline 0.016 -64"><span class='ocrx_word' id='word_1_82' title='bbox 395 812 654 879; x_wconf 76' lang='lat' dir='ltr'><strong>plenam?</strong></span> <span class='ocrx_word' id='word_1_83' title='bbox 698 817 977 875; x_wconf 84' lang='lat' dir='ltr'><strong>Hactenus</strong></span> <span class='ocrx_word' id='word_1_84' title='bbox 1012 814 1253 892; x_wconf 77' lang='lat' dir='ltr'><strong>quidem</strong></span> <span class='ocrx_word' id='word_1_85' title='bbox 1302 826 1477 887; x_wconf 82' lang='lat' dir='ltr'><strong>sancti</strong></span> <span class='ocrx_word' id='word_1_86' title='bbox 1528 824 1920 895; x_wconf 83' lang='lat' dir='ltr'><strong>loquebantur,</strong></span> <span class='ocrx_word' id='word_1_87' title='bbox 1961 831 2337 899; x_wconf 76' lang='lat' dir='ltr'><strong>praedixerunt</strong></span> <span class='ocrx_word' id='word_1_88' title='bbox 2380 841 2684 909; x_wconf 74' lang='lat' dir='ltr'><strong>prophetae,</strong></span> <span class='ocrx_word' id='word_1_89' title='bbox 2749 844 3214 907; x_wconf 84' lang='lat' dir='ltr'><strong>ministraverunt</strong></span> <span class='ocrx_word' id='word_1_90' title='bbox 3267 856 3659 928; x_wconf 65' lang='lat' dir='ltr'><strong>angeli,;nunc</strong></span> 
     </span>
    </p>
   </div>
   <div class='ocr_carea' id='block_1_11' title="bbox 395 911 3090 1000">
    <p class='ocr_par' dir='ltr' id='par_1_11' title="bbox 395 911 3090 1000">
     <span class='ocr_line' id='line_1_12' title="bbox 395 911 3090 1000; baseline 0.018 -47"><span class='ocrx_word' id='word_1_91' title='bbox 395 917 526 959; x_wconf 82' lang='lat' dir='ltr'><strong>vero</strong></span> <span class='ocrx_word' id='word_1_92' title='bbox 558 922 661 965; x_wconf 88' lang='lat' dir='ltr'><strong>nec</strong></span> <span class='ocrx_word' id='word_1_93' title='bbox 710 911 914 980; x_wconf 83' lang='lat' dir='ltr'><strong>angeli,</strong></span> <span class='ocrx_word' id='word_1_94' title='bbox 962 928 1066 969; x_wconf 89' lang='lat' dir='ltr'><strong>nec</strong></span> <span class='ocrx_word' id='word_1_95' title='bbox 1132 915 1410 982; x_wconf 84' lang='lat' dir='ltr'><strong>homines,</strong></span> <span class='ocrx_word' id='word_1_96' title='bbox 1481 918 1579 977; x_wconf 83' lang='lat' dir='ltr'><strong>sed</strong></span> <span class='ocrx_word' id='word_1_97' title='bbox 1614 918 1731 989; x_wconf 89' lang='lat' dir='ltr'><strong>ipse</strong></span> <span class='ocrx_word' id='word_1_98' title='bbox 1768 920 1913 976; x_wconf 87' lang='lat' dir='ltr'><strong>Deus</strong></span> <span class='ocrx_word' id='word_1_99' title='bbox 1938 929 2044 991; x_wconf 89' lang='lat' dir='ltr'><strong>est,</strong></span> <span class='ocrx_word' id='word_1_100' title='bbox 2083 925 2176 995; x_wconf 89' lang='lat' dir='ltr'><strong>qui</strong></span> <span class='ocrx_word' id='word_1_101' title='bbox 2199 926 2355 994; x_wconf 86' lang='lat' dir='ltr'><strong>dicit,</strong></span> <span class='ocrx_word' id='word_1_102' title='bbox 2389 948 2408 983; x_wconf 90' lang='grc' dir='ltr'><strong>ι</strong></span> <span class='ocrx_word' id='word_1_103' title='bbox 2439 930 2523 986; x_wconf 90' lang='lat' dir='ltr'><strong>Tu</strong></span> <span class='ocrx_word' id='word_1_104' title='bbox 2553 948 2613 989; x_wconf 86' lang='lat' dir='ltr'><strong>es</strong></span> <span class='ocrx_word' id='word_1_105' title='bbox 2638 936 2811 994; x_wconf 86' lang='lat' dir='ltr'><strong>Filius</strong></span> <span class='ocrx_word' id='word_1_106' title='bbox 2838 955 2996 999; x_wconf 89' lang='lat' dir='ltr'><strong>meus</strong></span> <span class='ocrx_word' id='word_1_107' title='bbox 3014 944 3090 1000; x_wconf 90' lang='lat' dir='ltr'><strong>dil</strong></span> 
     </span>
    </p>
   </div>
   <div class='ocr_carea' id='block_1_12' title="bbox 394 1001 1261 1074">
    <p class='ocr_par' dir='ltr' id='par_1_12' title="bbox 394 1001 1261 1074">
     <span class='ocr_line' id='line_1_13' title="bbox 394 1001 1261 1074; baseline 0.008 -18"><span class='ocrx_word' id='word_1_108' title='bbox 394 1001 539 1056; x_wconf 87' lang='lat' dir='ltr'><strong>bene</strong></span> <span class='ocrx_word' id='word_1_109' title='bbox 573 1004 967 1074; x_wconf 85' lang='lat' dir='ltr'><strong>complacitum</strong></span> <span class='ocrx_word' id='word_1_110' title='bbox 997 1015 1101 1071; x_wconf 83' lang='lat' dir='ltr'><strong>est.</strong></span> <span class='ocrx_word' id='word_1_111' title='bbox 1135 1027 1154 1061; x_wconf 75' lang='grc' dir='ltr'><strong>ι</strong></span> <span class='ocrx_word' id='word_1_112' title='bbox 1256 1014 1261 1015; x_wconf 59' lang='grc'><strong>“</strong></span> 
     </span>
    </p>
   </div>
   <div class='ocr_carea' id='block_1_13' title="bbox 468 1095 1975 1185">
    <p class='ocr_par' dir='ltr' id='par_1_13' title="bbox 468 1095 1975 1185">
     <span class='ocr_line' id='line_1_14' title="bbox 468 1095 1975 1185; baseline 0.01 -35"><span class='ocrx_word' id='word_1_113' title='bbox 468 1101 554 1155; x_wconf 85' lang='grc' dir='ltr'>ιθ’.</span> <span class='ocrx_word' id='word_1_114' title='bbox 589 1100 735 1170; x_wconf 67' lang='lat' dir='ltr'><strong>&quot;Agat</strong></span> <span class='ocrx_word' id='word_1_115' title='bbox 766 1102 825 1167; x_wconf 77' lang='grc' dir='ltr'>ἐξ</span> <span class='ocrx_word' id='word_1_116' title='bbox 864 1095 941 1167; x_wconf 77' lang='grc' dir='ltr'><strong>ὧν</strong></span> <span class='ocrx_word' id='word_1_117' title='bbox 985 1102 1334 1173; x_wconf 66' lang='grc' dir='ltr'>ἐγράψαμεν,</span> <span class='ocrx_word' id='word_1_118' title='bbox 1362 1106 1593 1165; x_wconf 75' lang='grc' dir='ltr'>δύνασαι</span> <span class='ocrx_word' id='word_1_119' title='bbox 1644 1107 1734 1165; x_wconf 75' lang='grc' dir='ltr'>ἵνα</span> <span class='ocrx_word' id='word_1_120' title='bbox 1778 1113 1975 1185; x_wconf 76' lang='grc' dir='ltr'>κρίνῃς</span> 
     </span>
    </p>
   </div>
   <div class='ocr_carea' id='block_1_14' title="bbox 315 1196 1973 1275">
    <p class='ocr_par' dir='ltr' id='par_1_14' title="bbox 315 1196 1973 1275">
     <span class='ocr_line' id='line_1_15' title="bbox 315 1196 1973 1275; baseline 0.008 -27"><span class='ocrx_word' id='word_1_121' title='bbox 315 1262 321 1267; x_wconf 25' lang='grc' dir='ltr'><strong>ν</strong></span> <span class='ocrx_word' id='word_1_122' title='bbox 395 1196 489 1249; x_wconf 77' lang='grc' dir='ltr'>καὶ</span> <span class='ocrx_word' id='word_1_123' title='bbox 523 1197 612 1261; x_wconf 77' lang='grc' dir='ltr'>σὺ,</span> <span class='ocrx_word' id='word_1_124' title='bbox 640 1198 736 1259; x_wconf 73' lang='grc' dir='ltr'>καὶ</span> <span class='ocrx_word' id='word_1_125' title='bbox 773 1198 884 1262; x_wconf 80' lang='grc' dir='ltr'>πᾶς</span> <span class='ocrx_word' id='word_1_126' title='bbox 928 1199 1361 1270; x_wconf 82' lang='grc' dir='ltr'>Μουσουλμάνος</span> <span class='ocrx_word' id='word_1_127' title='bbox 1386 1205 1703 1275; x_wconf 81' lang='grc' dir='ltr'>’φρόνιμος,</span> <span class='ocrx_word' id='word_1_128' title='bbox 1737 1207 1821 1260; x_wconf 77' lang='grc' dir='ltr'>ὅτι</span> <span class='ocrx_word' id='word_1_129' title='bbox 1877 1209 1973 1261; x_wconf 78' lang='grc' dir='ltr'><strong>εὖ·</strong></span> 
     </span>
    </p>
   </div>
   <div class='ocr_carea' id='block_1_15' title="bbox 3095 950 3656 1022">
    <p class='ocr_par' dir='ltr' id='par_1_15' title="bbox 3095 950 3656 1022">
     <span class='ocr_line' id='line_1_16' title="bbox 3095 950 3656 1022; baseline 0.014 -21"><span class='ocrx_word' id='word_1_130' title='bbox 3095 958 3273 1017; x_wconf 87' lang='lat' dir='ltr'><strong>ectus,</strong></span> <span class='ocrx_word' id='word_1_131' title='bbox 3297 950 3355 1005; x_wconf 90' lang='lat' dir='ltr'><strong>in</strong></span> <span class='ocrx_word' id='word_1_132' title='bbox 3380 967 3492 1022; x_wconf 90' lang='lat' dir='ltr'><strong>quo</strong></span> <span class='ocrx_word' id='word_1_133' title='bbox 3519 953 3656 1009; x_wconf 89' lang='lat' dir='ltr'><strong>mihi</strong></span> 
     </span>
    </p>
   </div>
   <div class='ocr_carea' id='block_1_16' title="bbox 2148 1099 3657 1208">
    <p class='ocr_par' dir='ltr' id='par_1_16' title="bbox 2148 1099 3657 1208">
     <span class='ocr_line' id='line_1_17' title="bbox 2148 1099 3657 1208; baseline 0.021 -43"><span class='ocrx_word' id='word_1_134' title='bbox 2148 1111 2236 1167; x_wconf 75' lang='lat' dir='ltr'><strong>l9.</strong></span> <span class='ocrx_word' id='word_1_135' title='bbox 2267 1113 2347 1169; x_wconf 80' lang='lat' dir='ltr'><strong>Ex</strong></span> <span class='ocrx_word' id='word_1_136' title='bbox 2376 1114 2464 1208; x_wconf 76' lang='lat' dir='ltr'><strong>bis</strong></span> <span class='ocrx_word' id='word_1_137' title='bbox 2500 1099 2646 1177; x_wconf 78' lang='lat' dir='ltr'><strong>sane</strong></span> <span class='ocrx_word' id='word_1_138' title='bbox 2662 1138 2787 1193; x_wconf 69' lang='lat' dir='ltr'><strong>qua:</strong></span> <span class='ocrx_word' id='word_1_139' title='bbox 2814 1127 3140 1197; x_wconf 86' lang='lat' dir='ltr'><strong>scripsimus</strong></span> <span class='ocrx_word' id='word_1_140' title='bbox 3160 1132 3412 1203; x_wconf 85' lang='lat' dir='ltr'><strong>judicare</strong></span> <span class='ocrx_word' id='word_1_141' title='bbox 3442 1145 3657 1208; x_wconf 81' lang='lat' dir='ltr'><strong>poteris</strong></span> 
     </span>
    </p>
   </div>
   <div class='ocr_carea' id='block_1_17' title="bbox 2072 1205 3657 1295">
    <p class='ocr_par' dir='ltr' id='par_1_17' title="bbox 2072 1205 3657 1295">
     <span class='ocr_line' id='line_1_18' title="bbox 2072 1205 3657 1295; baseline 0.019 -40"><span class='ocrx_word' id='word_1_142' title='bbox 2072 1211 2130 1257; x_wconf 85' lang='lat' dir='ltr'><strong>et</strong></span> <span class='ocrx_word' id='word_1_143' title='bbox 2176 1210 2256 1267; x_wconf 90' lang='lat' dir='ltr'><strong>tu,</strong></span> <span class='ocrx_word' id='word_1_144' title='bbox 2305 1214 2362 1259; x_wconf 90' lang='lat' dir='ltr'><strong>et</strong></span> <span class='ocrx_word' id='word_1_145' title='bbox 2409 1205 2456 1261; x_wconf 89' lang='lat' dir='ltr'><strong>si</strong></span> <span class='ocrx_word' id='word_1_146' title='bbox 2508 1209 2636 1278; x_wconf 83' lang='lat' dir='ltr'><strong>quis</strong></span> <span class='ocrx_word' id='word_1_147' title='bbox 2687 1213 2830 1270; x_wconf 82' lang='lat' dir='ltr'><strong>alius</strong></span> <span class='ocrx_word' id='word_1_148' title='bbox 2879 1215 3355 1277; x_wconf 86' lang='lat' dir='ltr'><strong>Musulmanorum</strong></span> <span class='ocrx_word' id='word_1_149' title='bbox 3410 1205 3657 1295; x_wconf 76' lang='lat' dir='ltr'><strong>prudens</strong></span> 
     </span>
    </p>
   </div>
   <div class='ocr_carea' id='block_1_18' title="bbox 400 1288 1970 1388">
    <p class='ocr_par' dir='ltr' id='par_1_18' title="bbox 400 1288 1970 1369">
     <span class='ocr_line' id='line_1_19' title="bbox 400 1288 1970 1369; baseline 0.01 -30"><span class='ocrx_word' id='word_1_150' title='bbox 400 1289 673 1356; x_wconf 78' lang='grc' dir='ltr'>ρίσκονται</span> <span class='ocrx_word' id='word_1_151' title='bbox 718 1288 864 1355; x_wconf 76' lang='grc' dir='ltr'>ἅγιοι</span> <span class='ocrx_word' id='word_1_152' title='bbox 907 1290 1206 1361; x_wconf 74' lang='grc' dir='ltr'>ἄνθρωποι,</span> <span class='ocrx_word' id='word_1_153' title='bbox 1253 1294 1454 1358; x_wconf 71' lang='grc' dir='ltr'>οἵτινες</span> <span class='ocrx_word' id='word_1_154' title='bbox 1500 1291 1645 1350; x_wconf 76' lang='grc' dir='ltr'>εἶδον</span> <span class='ocrx_word' id='word_1_155' title='bbox 1693 1300 1827 1369; x_wconf 68' lang='grc' dir='ltr'>περὶ</span> <span class='ocrx_word' id='word_1_156' title='bbox 1873 1298 1970 1354; x_wconf 80' lang='grc' dir='ltr'>τοῦ</span> 
     </span>
    </p>
   </div>
   <div class='ocr_carea' id='block_1_19' title="bbox 2073 1288 3661 1388">
    <p class='ocr_par' dir='ltr' id='par_1_19' title="bbox 2075 1294 3661 1388">
     <span class='ocr_line' id='line_1_20' title="bbox 2075 1294 3661 1388; baseline 0.016 -38"><span class='ocrx_word' id='word_1_157' title='bbox 2075 1294 2259 1360; x_wconf 80' lang='lat' dir='ltr'><strong>fuerit,</strong></span> <span class='ocrx_word' id='word_1_158' title='bbox 2302 1298 2452 1367; x_wconf 88' lang='lat' dir='ltr'><strong>quod</strong></span> <span class='ocrx_word' id='word_1_159' title='bbox 2504 1300 2864 1361; x_wconf 83' lang='lat' dir='ltr'><strong>inveniantur</strong></span> <span class='ocrx_word' id='word_1_160' title='bbox 2899 1311 3389 1379; x_wconf 84' lang='lat' dir='ltr'><strong>sancti-homines,</strong></span> <span class='ocrx_word' id='word_1_161' title='bbox 3434 1320 3531 1388; x_wconf 85' lang='lat' dir='ltr'><strong>qui</strong></span> <span class='ocrx_word' id='word_1_162' title='bbox 3582 1322 3661 1375; x_wconf 88' lang='lat' dir='ltr'><strong>vi-</strong></span> 
     </span>
    </p>
   </div>
   <div class='ocr_carea' id='block_1_20' title="bbox 398 1380 1970 1476">
    <p class='ocr_par' dir='ltr' id='par_1_20' title="bbox 398 1380 1970 1458">
     <span class='ocr_line' id='line_1_21' title="bbox 398 1380 1970 1458; baseline 0.01 -26"><span class='ocrx_word' id='word_1_163' title='bbox 398 1380 633 1448; x_wconf 72' lang='grc' dir='ltr'>Χριστοῦ</span> <span class='ocrx_word' id='word_1_164' title='bbox 660 1382 949 1448; x_wconf 84' lang='grc' dir='ltr'>ὀπτασίας,</span> <span class='ocrx_word' id='word_1_165' title='bbox 980 1383 1077 1445; x_wconf 70' lang='grc' dir='ltr'>καὶ</span> <span class='ocrx_word' id='word_1_166' title='bbox 1108 1384 1218 1438; x_wconf 77' lang='grc' dir='ltr'>εἰσὶ</span> <span class='ocrx_word' id='word_1_167' title='bbox 1249 1388 1551 1458; x_wconf 77' lang='grc' dir='ltr'><strong>προφῆται,</strong></span> <span class='ocrx_word' id='word_1_168' title='bbox 1577 1390 1628 1443; x_wconf 75' lang='lat' dir='ltr'><strong>oi</strong></span> <span class='ocrx_word' id='word_1_169' title='bbox 1646 1392 1777 1458; x_wconf 73' lang='grc' dir='ltr'>περὶ</span> <span class='ocrx_word' id='word_1_170' title='bbox 1802 1393 1970 1446; x_wconf 80' lang='grc' dir='ltr'>αὐτοῦ</span> 
     </span>
    </p>
   </div>
   <div class='ocr_carea' id='block_1_21' title="bbox 2073 1380 3655 1476">
    <p class='ocr_par' dir='ltr' id='par_1_21' title="bbox 2075 1380 3655 1476">
     <span class='ocr_line' id='line_1_22' title="bbox 2075 1380 3655 1476; baseline 0.016 -34"><span class='ocrx_word' id='word_1_171' title='bbox 2075 1386 2264 1445; x_wconf 86' lang='lat' dir='ltr'><strong>siones</strong></span> <span class='ocrx_word' id='word_1_172' title='bbox 2291 1389 2360 1445; x_wconf 92' lang='lat' dir='ltr'><strong>de</strong></span> <span class='ocrx_word' id='word_1_173' title='bbox 2388 1391 2617 1457; x_wconf 81' lang='lat' dir='ltr'><strong>Christo</strong></span> <span class='ocrx_word' id='word_1_174' title='bbox 2644 1396 2905 1465; x_wconf 89' lang='lat' dir='ltr'><strong>viderint,</strong></span> <span class='ocrx_word' id='word_1_175' title='bbox 2934 1409 2993 1457; x_wconf 88' lang='lat' dir='ltr'><strong>et</strong></span> <span class='ocrx_word' id='word_1_176' title='bbox 3029 1403 3176 1472; x_wconf 89' lang='lat' dir='ltr'><strong>quod</strong></span> <span class='ocrx_word' id='word_1_177' title='bbox 3210 1380 3497 1476; x_wconf 61' lang='lat' dir='ltr'><strong>prophetae</strong></span> <span class='ocrx_word' id='word_1_178' title='bbox 3522 1410 3655 1474; x_wconf 87' lang='lat' dir='ltr'><strong>sint,</strong></span> 
     </span>
    </p>
   </div>
   <div class='ocr_carea' id='block_1_22' title="bbox 398 1472 1970 1564">
    <p class='ocr_par' dir='ltr' id='par_1_22' title="bbox 398 1472 1970 1558">
     <span class='ocr_line' id='line_1_23' title="bbox 398 1472 1970 1558; baseline 0.01 -34"><span class='ocrx_word' id='word_1_179' title='bbox 398 1472 898 1543; x_wconf 69' lang='grc' dir='ltr'>προφητεύσαντες,</span> <span class='ocrx_word' id='word_1_180' title='bbox 946 1475 979 1545; x_wconf 75' lang='grc' dir='ltr'>ἢ</span> <span class='ocrx_word' id='word_1_181' title='bbox 1034 1477 1307 1535; x_wconf 83' lang='grc' dir='ltr'>τοσούτων</span> <span class='ocrx_word' id='word_1_182' title='bbox 1356 1482 1450 1535; x_wconf 79' lang='grc' dir='ltr'><strong>καὶ</strong></span> <span class='ocrx_word' id='word_1_183' title='bbox 1503 1485 1763 1537; x_wconf 83' lang='grc' dir='ltr'><strong>τοιούτων</strong></span> <span class='ocrx_word' id='word_1_184' title='bbox 1803 1486 1970 1558; x_wconf 85' lang='grc' dir='ltr'>λαλη-</span> 
     </span>
    </p>
   </div>
   <div class='ocr_carea' id='block_1_23' title="bbox 2073 1472 3658 1564">
    <p class='ocr_par' dir='ltr' id='par_1_23' title="bbox 2073 1472 3658 1564">
     <span class='ocr_line' id='line_1_24' title="bbox 2073 1472 3658 1564; baseline 0.017 -33"><span class='ocrx_word' id='word_1_185' title='bbox 2073 1478 2165 1547; x_wconf 88' lang='lat' dir='ltr'><strong>qui</strong></span> <span class='ocrx_word' id='word_1_186' title='bbox 2197 1479 2265 1536; x_wconf 93' lang='lat' dir='ltr'><strong>de</strong></span> <span class='ocrx_word' id='word_1_187' title='bbox 2304 1481 2406 1536; x_wconf 87' lang='lat' dir='ltr'><strong>illo</strong></span> <span class='ocrx_word' id='word_1_188' title='bbox 2443 1483 2556 1539; x_wconf 87' lang='lat' dir='ltr'><strong>sint</strong></span> <span class='ocrx_word' id='word_1_189' title='bbox 2595 1487 2920 1547; x_wconf 81' lang='lat' dir='ltr'><strong>vaticinati:</strong></span> <span class='ocrx_word' id='word_1_190' title='bbox 2952 1472 3426 1564; x_wconf 29' lang='lat' dir='ltr'><strong>quamvis‘adbuc</strong></span> <span class='ocrx_word' id='word_1_191' title='bbox 3470 1509 3551 1556; x_wconf 94' lang='lat' dir='ltr'><strong>tot</strong></span> <span class='ocrx_word' id='word_1_192' title='bbox 3592 1472 3658 1557; x_wconf 85' lang='lat' dir='ltr'><strong>ac</strong></span> 
     </span>
    </p>
   </div>
   <div class='ocr_carea' id='block_1_24' title="bbox 397 1566 1970 1655">
    <p class='ocr_par' dir='ltr' id='par_1_24' title="bbox 397 1566 1970 1649">
     <span class='ocr_line' id='line_1_25' title="bbox 397 1566 1970 1649; baseline 0.01 -33"><span class='ocrx_word' id='word_1_193' title='bbox 397 1566 598 1625; x_wconf 81' lang='grc' dir='ltr'>θέντων</span> <span class='ocrx_word' id='word_1_194' title='bbox 656 1568 753 1627; x_wconf 72' lang='grc' dir='ltr'>καὶ</span> <span class='ocrx_word' id='word_1_195' title='bbox 832 1566 1300 1640; x_wconf 73' lang='grc' dir='ltr'>ἀποδειχθέντων,</span> <span class='ocrx_word' id='word_1_196' title='bbox 1356 1573 1439 1631; x_wconf 75' lang='grc' dir='ltr'>ἔτι</span> <span class='ocrx_word' id='word_1_197' title='bbox 1516 1576 1970 1649; x_wconf 82' lang='grc' dir='ltr'>πεπλανημένους</span> 
     </span>
    </p>
   </div>
   <div class='ocr_carea' id='block_1_25' title="bbox 2073 1566 3658 1655">
    <p class='ocr_par' dir='ltr' id='par_1_25' title="bbox 2073 1571 3658 1655">
     <span class='ocr_line' id='line_1_26' title="bbox 2073 1571 3658 1655; baseline 0.016 -33"><span class='ocrx_word' id='word_1_198' title='bbox 2073 1571 2240 1625; x_wconf 80' lang='lat' dir='ltr'><strong>tantis</strong></span> <span class='ocrx_word' id='word_1_199' title='bbox 2287 1575 2629 1643; x_wconf 76' lang='lat' dir='ltr'><strong>argumentis</strong></span> <span class='ocrx_word' id='word_1_200' title='bbox 2683 1579 2870 1637; x_wconf 82' lang='lat' dir='ltr'><strong>citatis</strong></span> <span class='ocrx_word' id='word_1_201' title='bbox 2924 1591 2981 1639; x_wconf 89' lang='lat' dir='ltr'><strong>et</strong></span> <span class='ocrx_word' id='word_1_202' title='bbox 3037 1584 3450 1655; x_wconf 83' lang='lat' dir='ltr'><strong>demonstratis,</strong></span> <span class='ocrx_word' id='word_1_203' title='bbox 3509 1592 3658 1648; x_wconf 92' lang='lat' dir='ltr'><strong>arbi-</strong></span> 
     </span>
    </p>
   </div>
   <div class='ocr_carea' id='block_1_26' title="bbox 394 1651 1969 1739">
    <p class='ocr_par' dir='ltr' id='par_1_26' title="bbox 394 1651 1969 1739">
     <span class='ocr_line' id='line_1_27' title="bbox 394 1651 1969 1739; baseline 0.013 -34"><span class='ocrx_word' id='word_1_204' title='bbox 394 1651 698 1721; x_wconf 73' lang='grc' dir='ltr'>λογίζονται</span> <span class='ocrx_word' id='word_1_205' title='bbox 743 1657 836 1714; x_wconf 75' lang='grc' dir='ltr'>καὶ</span> <span class='ocrx_word' id='word_1_206' title='bbox 878 1660 1159 1728; x_wconf 86' lang='grc' dir='ltr'>κρίνουσιν</span> <span class='ocrx_word' id='word_1_207' title='bbox 1206 1664 1356 1733; x_wconf 74' lang='grc' dir='ltr'>ἡμᾶς</span> <span class='ocrx_word' id='word_1_208' title='bbox 1404 1666 1532 1729; x_wconf 82' lang='grc' dir='ltr'>τοὺς</span> <span class='ocrx_word' id='word_1_209' title='bbox 1581 1667 1969 1739; x_wconf 77' lang='grc' dir='ltr'>Χριστιανοὺς,</span> 
     </span>
    </p>
   </div>
   <div class='ocr_carea' id='block_1_27' title="bbox 2078 1666 3656 1754">
    <p class='ocr_par' dir='ltr' id='par_1_27' title="bbox 2078 1666 3656 1754">
     <span class='ocr_line' id='line_1_28' title="bbox 2078 1666 3656 1754; baseline 0.015 -39"><span class='ocrx_word' id='word_1_210' title='bbox 2078 1668 2294 1716; x_wconf 80' lang='lat' dir='ltr'><strong>trentur</strong></span> <span class='ocrx_word' id='word_1_211' title='bbox 2326 1674 2383 1718; x_wconf 90' lang='lat' dir='ltr'><strong>et</strong></span> <span class='ocrx_word' id='word_1_212' title='bbox 2430 1666 2684 1737; x_wconf 86' lang='lat' dir='ltr'><strong>judicent</strong></span> <span class='ocrx_word' id='word_1_213' title='bbox 2724 1686 2826 1726; x_wconf 86' lang='lat' dir='ltr'><strong>nos</strong></span> <span class='ocrx_word' id='word_1_214' title='bbox 2856 1674 2952 1743; x_wconf 90' lang='lat' dir='ltr'><strong>qui</strong></span> <span class='ocrx_word' id='word_1_215' title='bbox 3000 1674 3283 1746; x_wconf 87' lang='lat' dir='ltr'><strong>Christum</strong></span> <span class='ocrx_word' id='word_1_216' title='bbox 3331 1682 3656 1754; x_wconf 81' lang='lat' dir='ltr'><strong>proﬁtemur</strong></span> 
     </span>
    </p>
   </div>
   <div class='ocr_carea' id='block_1_28' title="bbox 397 1747 1970 1832">
    <p class='ocr_par' dir='ltr' id='par_1_28' title="bbox 397 1747 1969 1832">
     <span class='ocr_line' id='line_1_29' title="bbox 397 1747 1969 1832; baseline 0.013 -34"><span class='ocrx_word' id='word_1_217' title='bbox 397 1747 623 1811; x_wconf 79' lang='grc' dir='ltr'>ἑαυτοὺς</span> <span class='ocrx_word' id='word_1_218' title='bbox 676 1747 735 1802; x_wconf 76' lang='grc' dir='ltr'><strong>δὲ</strong></span> <span class='ocrx_word' id='word_1_219' title='bbox 783 1750 1120 1820; x_wconf 82' lang='grc' dir='ltr'>ὀρθοδόξους,</span> <span class='ocrx_word' id='word_1_220' title='bbox 1152 1758 1248 1809; x_wconf 77' lang='grc' dir='ltr'>καὶ</span> <span class='ocrx_word' id='word_1_221' title='bbox 1309 1756 1409 1829; x_wconf 18' lang='grc' dir='ltr'>ίναν</span> <span class='ocrx_word' id='word_1_222' title='bbox 1445 1759 1507 1825; x_wconf 68' lang='grc' dir='ltr'><strong>ἐξ</strong></span> <span class='ocrx_word' id='word_1_223' title='bbox 1553 1753 1629 1814; x_wconf 83' lang='grc' dir='ltr'><strong>ὧν</strong></span> <span class='ocrx_word' id='word_1_224' title='bbox 1680 1761 1969 1832; x_wconf 84' lang='grc' dir='ltr'>ἀκούουσι,</span> 
     </span>
    </p>
   </div>
   <div class='ocr_carea' id='block_1_29' title="bbox 2073 1747 3657 1832">
    <p class='ocr_par' dir='ltr' id='par_1_29' title="bbox 2076 1753 3657 1830">
     <span class='ocr_line' id='line_1_30' title="bbox 2076 1753 3657 1830; baseline 0.015 -23"><span class='ocrx_word' id='word_1_225' title='bbox 2076 1753 2421 1815; x_wconf 83' lang='lat' dir='ltr'><strong>errabundos</strong></span> <span class='ocrx_word' id='word_1_226' title='bbox 2465 1773 2606 1827; x_wconf 84' lang='lat' dir='ltr'><strong>esse,</strong></span> <span class='ocrx_word' id='word_1_227' title='bbox 2675 1776 2736 1818; x_wconf 86' lang='lat' dir='ltr'><strong>se</strong></span> <span class='ocrx_word' id='word_1_228' title='bbox 2796 1779 2927 1819; x_wconf 83' lang='lat' dir='ltr'><strong>vero</strong></span> <span class='ocrx_word' id='word_1_229' title='bbox 2977 1767 3337 1826; x_wconf 82' lang='lat' dir='ltr'><strong>orthodoxos.</strong></span> <span class='ocrx_word' id='word_1_230' title='bbox 3381 1768 3480 1828; x_wconf 81' lang='lat' dir='ltr'><strong>His</strong></span> <span class='ocrx_word' id='word_1_231' title='bbox 3522 1790 3657 1830; x_wconf 91' lang='lat' dir='ltr'><strong>vero</strong></span> 
     </span>
    </p>
   </div>
   <div class='ocr_carea' id='block_1_30' title="bbox 394 1836 1973 1926">
    <p class='ocr_par' dir='ltr' id='par_1_30' title="bbox 394 1836 1973 1926">
     <span class='ocr_line' id='line_1_31' title="bbox 394 1836 1973 1926; baseline 0.015 -37"><span class='ocrx_word' id='word_1_232' title='bbox 394 1836 718 1903; x_wconf 74' lang='grc' dir='ltr'>λογίσωνται</span> <span class='ocrx_word' id='word_1_233' title='bbox 781 1843 947 1913; x_wconf 76' lang='grc' dir='ltr'>ἡμᾶς.</span> <span class='ocrx_word' id='word_1_234' title='bbox 981 1845 1160 1914; x_wconf 80' lang='grc' dir='ltr'>ὀρθῶς</span> <span class='ocrx_word' id='word_1_235' title='bbox 1223 1848 1583 1918; x_wconf 75' lang='grc' dir='ltr'><strong>φρονοῦντας,</strong></span> <span class='ocrx_word' id='word_1_236' title='bbox 1639 1853 1674 1926; x_wconf 69' lang='grc' dir='ltr'><strong>ἢ</strong></span> <span class='ocrx_word' id='word_1_237' title='bbox 1737 1856 1832 1910; x_wconf 80' lang='grc' dir='ltr'>καὶ</span> <span class='ocrx_word' id='word_1_238' title='bbox 1889 1857 1973 1912; x_wconf 76' lang='grc' dir='ltr'>ἔτι</span> 
     </span>
    </p>
   </div>
   <div class='ocr_carea' id='block_1_31' title="bbox 394 1933 1974 2022">
    <p class='ocr_par' dir='ltr' id='par_1_31' title="bbox 394 1933 1974 2022">
     <span class='ocr_line' id='line_1_32' title="bbox 394 1933 1974 2022; baseline 0.015 -38"><span class='ocrx_word' id='word_1_239' title='bbox 394 1933 562 2002; x_wconf 80' lang='grc' dir='ltr'><strong>εὐχῆς</strong></span> <span class='ocrx_word' id='word_1_240' title='bbox 604 1933 788 2001; x_wconf 80' lang='grc' dir='ltr'>ἀξίους</span> <span class='ocrx_word' id='word_1_241' title='bbox 835 1939 986 2010; x_wconf 70' lang='grc' dir='ltr'>παρὰ</span> <span class='ocrx_word' id='word_1_242' title='bbox 1037 1941 1147 1993; x_wconf 85' lang='grc' dir='ltr'><strong>τῶν</strong></span> <span class='ocrx_word' id='word_1_243' title='bbox 1194 1943 1644 2017; x_wconf 79' lang='grc' dir='ltr'>Μουσουλμάνων</span> <span class='ocrx_word' id='word_1_244' title='bbox 1693 1950 1974 2022; x_wconf 80' lang='grc' dir='ltr'>κρίνουσιν</span> 
     </span>
    </p>
   </div>
   <div class='ocr_carea' id='block_1_32' title="bbox 394 2025 1972 2120">
    <p class='ocr_par' dir='ltr' id='par_1_32' title="bbox 394 2025 1972 2120">
     <span class='ocr_line' id='line_1_33' title="bbox 394 2025 1972 2120; baseline 0.019 -45"><span class='ocrx_word' id='word_1_245' title='bbox 394 2025 565 2093; x_wconf 76' lang='grc' dir='ltr'>ἡμᾶς.</span> <span class='ocrx_word' id='word_1_246' title='bbox 590 2026 664 2089; x_wconf 84' lang='grc' dir='ltr'>ὡς</span> <span class='ocrx_word' id='word_1_247' title='bbox 692 2029 757 2082; x_wconf 78' lang='grc' dir='ltr'>σὺ</span> <span class='ocrx_word' id='word_1_248' title='bbox 778 2028 979 2099; x_wconf 77' lang='grc' dir='ltr'>λέγεις’</span> <span class='ocrx_word' id='word_1_249' title='bbox 1003 2033 1085 2087; x_wconf 73' lang='grc' dir='ltr'>διὸ</span> <span class='ocrx_word' id='word_1_250' title='bbox 1109 2035 1487 2112; x_wconf 78' lang='grc' dir='ltr'>ὁμολογοῦμεν</span> <span class='ocrx_word' id='word_1_251' title='bbox 1511 2046 1605 2099; x_wconf 80' lang='grc' dir='ltr'>καὶ</span> <span class='ocrx_word' id='word_1_252' title='bbox 1633 2048 1972 2120; x_wconf 77' lang='grc' dir='ltr'><strong>πιστεύομεν</strong></span> 
     </span>
    </p>
   </div>
   <div class='ocr_carea' id='block_1_33' title="bbox 393 2119 1973 2210">
    <p class='ocr_par' dir='ltr' id='par_1_33' title="bbox 393 2119 1973 2210">
     <span class='ocr_line' id='line_1_34' title="bbox 393 2119 1973 2210; baseline 0.017 -37"><span class='ocrx_word' id='word_1_253' title='bbox 393 2119 477 2173; x_wconf 79' lang='grc' dir='ltr'>ὅτι</span> <span class='ocrx_word' id='word_1_254' title='bbox 504 2119 535 2171; x_wconf 81' lang='grc' dir='ltr'>ὁ</span> <span class='ocrx_word' id='word_1_255' title='bbox 567 2120 801 2191; x_wconf 74' lang='grc' dir='ltr'>Χριστὸς</span> <span class='ocrx_word' id='word_1_256' title='bbox 831 2124 961 2190; x_wconf 66' lang='lat' dir='ltr'><strong>Tib;</strong></span> <span class='ocrx_word' id='word_1_257' title='bbox 1000 2127 1095 2180; x_wconf 83' lang='grc' dir='ltr'>τοῦ</span> <span class='ocrx_word' id='word_1_258' title='bbox 1137 2129 1274 2185; x_wconf 86' lang='grc' dir='ltr'>Θεοῦ</span> <span class='ocrx_word' id='word_1_259' title='bbox 1315 2133 1433 2189; x_wconf 63' lang='grc' dir='ltr'>ἐστι</span> <span class='ocrx_word' id='word_1_260' title='bbox 1482 2140 1577 2192; x_wconf 82' lang='grc' dir='ltr'>καὶ</span> <span class='ocrx_word' id='word_1_261' title='bbox 1607 2139 1761 2207; x_wconf 79' lang='grc' dir='ltr'>Θεὸς,</span> <span class='ocrx_word' id='word_1_262' title='bbox 1786 2119 1973 2210; x_wconf 85' lang='grc' dir='ltr'>καθὼς</span> 
     </span>
    </p>
   </div>
   <div class='ocr_carea' id='block_1_34' title="bbox 396 2211 1971 2301">
    <p class='ocr_par' dir='ltr' id='par_1_34' title="bbox 396 2211 1971 2301">
     <span class='ocr_line' id='line_1_35' title="bbox 396 2211 1971 2301; baseline 0.019 -39"><span class='ocrx_word' id='word_1_263' title='bbox 396 2211 461 2263; x_wconf 79' lang='grc' dir='ltr'>σὺ</span> <span class='ocrx_word' id='word_1_264' title='bbox 503 2212 742 2283; x_wconf 79' lang='grc' dir='ltr'>γράφεις</span> <span class='ocrx_word' id='word_1_265' title='bbox 778 2216 836 2269; x_wconf 82' lang='grc' dir='ltr'>ἐν</span> <span class='ocrx_word' id='word_1_266' title='bbox 872 2219 937 2289; x_wconf 86' lang='grc' dir='ltr'><strong>τῇ</strong></span> <span class='ocrx_word' id='word_1_267' title='bbox 976 2221 1114 2291; x_wconf 85' lang='grc' dir='ltr'>πρός</span> <span class='ocrx_word' id='word_1_268' title='bbox 1150 2239 1220 2292; x_wconf 85' lang='grc' dir='ltr'><strong>με</strong></span> <span class='ocrx_word' id='word_1_269' title='bbox 1253 2226 1512 2301; x_wconf 79' lang='grc' dir='ltr'>ἐπιστολῇ</span> <span class='ocrx_word' id='word_1_270' title='bbox 1542 2233 1786 2299; x_wconf 83' lang='grc' dir='ltr'>πάντως.</span> <span class='ocrx_word' id='word_1_271' title='bbox 1835 2237 1971 2292; x_wconf 73' lang='grc' dir='ltr'><strong>Ἀπὸ</strong></span> 
     </span>
    </p>
   </div>
   <div class='ocr_carea' id='block_1_35' title="bbox 394 2301 1970 2387">
    <p class='ocr_par' dir='ltr' id='par_1_35' title="bbox 394 2301 1970 2387">
     <span class='ocr_line' id='line_1_36' title="bbox 394 2301 1970 2387; baseline 0.02 -33"><span class='ocrx_word' id='word_1_272' title='bbox 394 2301 584 2357; x_wconf 80' lang='grc' dir='ltr'>τούτου</span> <span class='ocrx_word' id='word_1_273' title='bbox 611 2305 994 2380; x_wconf 77' lang='grc' dir='ltr'><strong>ἐπλανήθησαν</strong></span> <span class='ocrx_word' id='word_1_274' title='bbox 1019 2316 1067 2368; x_wconf 82' lang='grc' dir='ltr'>οἱ</span> <span class='ocrx_word' id='word_1_275' title='bbox 1104 2314 1391 2387; x_wconf 82' lang='grc' dir='ltr'>Ἕλληνες,</span> <span class='ocrx_word' id='word_1_276' title='bbox 1427 2322 1536 2376; x_wconf 79' lang='grc' dir='ltr'><strong>ἀπὸ</strong></span> <span class='ocrx_word' id='word_1_277' title='bbox 1569 2325 1763 2381; x_wconf 84' lang='grc' dir='ltr'>τούτου</span> <span class='ocrx_word' id='word_1_278' title='bbox 1798 2322 1970 2385; x_wconf 77' lang='grc' dir='ltr'>ἐπλα-</span> 
     </span>
    </p>
   </div>
   <div class='ocr_carea' id='block_1_36' title="bbox 399 2396 1968 2492">
    <p class='ocr_par' dir='ltr' id='par_1_36' title="bbox 399 2396 1968 2492">
     <span class='ocr_line' id='line_1_37' title="bbox 399 2396 1968 2492; baseline 0.021 -46"><span class='ocrx_word' id='word_1_279' title='bbox 399 2396 637 2466; x_wconf 81' lang='grc' dir='ltr'>νήθησαν</span> <span class='ocrx_word' id='word_1_280' title='bbox 667 2401 716 2452; x_wconf 88' lang='grc' dir='ltr'><strong>οί</strong></span> <span class='ocrx_word' id='word_1_281' title='bbox 760 2399 1025 2473; x_wconf 76' lang='grc' dir='ltr'>Ἑϐραῖοι,</span> <span class='ocrx_word' id='word_1_282' title='bbox 1058 2407 1167 2460; x_wconf 77' lang='grc' dir='ltr'>ἀπὸ</span> <span class='ocrx_word' id='word_1_283' title='bbox 1208 2411 1401 2465; x_wconf 83' lang='grc' dir='ltr'>τούτου</span> <span class='ocrx_word' id='word_1_284' title='bbox 1445 2415 1493 2467; x_wconf 80' lang='lat' dir='ltr'><strong>oi</strong></span> <span class='ocrx_word' id='word_1_285' title='bbox 1525 2416 1968 2492; x_wconf 80' lang='grc' dir='ltr'>Μουσουλμάνοι.</span> 
     </span>
    </p>
   </div>
   <div class='ocr_carea' id='block_1_37' title="bbox 411 2487 1967 2581">
    <p class='ocr_par' dir='ltr' id='par_1_37' title="bbox 411 2487 1967 2581">
     <span class='ocr_line' id='line_1_38' title="bbox 411 2487 1967 2581; baseline 0.022 -44"><span class='ocrx_word' id='word_1_286' title='bbox 411 2487 492 2539; x_wconf 55' lang='lat' dir='ltr'><strong>At?)</strong></span> <span class='ocrx_word' id='word_1_287' title='bbox 529 2489 632 2543; x_wconf 75' lang='grc' dir='ltr'>οὐκ</span> <span class='ocrx_word' id='word_1_288' title='bbox 681 2492 929 2563; x_wconf 76' lang='grc' dir='ltr'>ἐδέχοντο</span> <span class='ocrx_word' id='word_1_289' title='bbox 978 2498 1152 2553; x_wconf 81' lang='grc' dir='ltr'>ταῦτα</span> <span class='ocrx_word' id='word_1_290' title='bbox 1199 2501 1409 2571; x_wconf 83' lang='grc' dir='ltr'>πίστει,</span> <span class='ocrx_word' id='word_1_291' title='bbox 1436 2506 1512 2572; x_wconf 84' lang='grc' dir='ltr'>ὡς</span> <span class='ocrx_word' id='word_1_292' title='bbox 1539 2508 1668 2577; x_wconf 77' lang='grc' dir='ltr'>ἄξια</span> <span class='ocrx_word' id='word_1_293' title='bbox 1704 2487 1967 2581; x_wconf 82' lang='grc' dir='ltr'>πίστεως,</span> 
     </span>
    </p>
   </div>
   <div class='ocr_carea' id='block_1_38' title="bbox 410 2578 1971 2672">
    <p class='ocr_par' dir='ltr' id='par_1_38' title="bbox 410 2578 1971 2672">
     <span class='ocr_line' id='line_1_39' title="bbox 410 2578 1971 2672; baseline 0.021 -41"><span class='ocrx_word' id='word_1_294' title='bbox 558 2584 782 2653; x_wconf 79' lang='grc' dir='ltr'><strong>ἐζήτουν</strong></span> <span class='ocrx_word' id='word_1_295' title='bbox 832 2589 971 2643; x_wconf 67' lang='grc' dir='ltr'>αὑτὰ</span> <span class='ocrx_word' id='word_1_296' title='bbox 1017 2593 1156 2661; x_wconf 81' lang='grc' dir='ltr'>μετὰ</span> <span class='ocrx_word' id='word_1_297' title='bbox 1200 2595 1553 2665; x_wconf 81' lang='grc' dir='ltr'>ἀποδείξεως.</span> <span class='ocrx_word' id='word_1_298' title='bbox 1588 2604 1696 2658; x_wconf 80' lang='grc' dir='ltr'><strong>Καὶ</strong></span> <span class='ocrx_word' id='word_1_299' title='bbox 1749 2607 1880 2672; x_wconf 87' lang='grc' dir='ltr'>ίσως</span> 
     </span>
    </p>
   </div>
   <div class='ocr_carea' id='block_1_39' title="bbox 404 2665 1971 2762">
    <p class='ocr_par' dir='ltr' id='par_1_39' title="bbox 404 2665 1971 2762">
     <span class='ocr_line' id='line_1_40' title="bbox 404 2665 1971 2762; baseline 0.021 -43"><span class='ocrx_word' id='word_1_300' title='bbox 404 2665 745 2762; x_wconf 50' lang='grc' dir='ltr'>’βλληνεςφξ</span> <span class='ocrx_word' id='word_1_301' title='bbox 772 2675 846 2746; x_wconf 79' lang='grc' dir='ltr'>μὴ</span> <span class='ocrx_word' id='word_1_302' title='bbox 876 2676 1092 2747; x_wconf 64' lang='grc' dir='ltr'>ἔχοντες</span> <span class='ocrx_word' id='word_1_303' title='bbox 1121 2681 1339 2752; x_wconf 73' lang='grc' dir='ltr'>βίϐλους</span> <span class='ocrx_word' id='word_1_304' title='bbox 1364 2689 1461 2741; x_wconf 84' lang='grc' dir='ltr'>καὶ</span> <span class='ocrx_word' id='word_1_305' title='bbox 1492 2665 1971 2762; x_wconf 68' lang='grc' dir='ltr'>προφήτας,ούδέν</span> 
     </span>
    </p>
   </div>
   <div class='ocr_carea' id='block_1_40' title="bbox 400 2758 1970 2854">
    <p class='ocr_par' dir='ltr' id='par_1_40' title="bbox 400 2758 1970 2854">
     <span class='ocr_line' id='line_1_41' title="bbox 400 2758 1970 2854; baseline 0.022 -45"><span class='ocrx_word' id='word_1_306' title='bbox 400 2758 507 2811; x_wconf 78' lang='grc' dir='ltr'>εἰσι</span> <span class='ocrx_word' id='word_1_307' title='bbox 532 2760 800 2832; x_wconf 73' lang='grc' dir='ltr'>τοσαύτης</span> <span class='ocrx_word' id='word_1_308' title='bbox 831 2770 1167 2841; x_wconf 69' lang='grc' dir='ltr'>κατηγορίας</span> <span class='ocrx_word' id='word_1_309' title='bbox 1200 2773 1372 2845; x_wconf 77' lang='grc' dir='ltr'>ἄξιοι,</span> <span class='ocrx_word' id='word_1_310' title='bbox 1404 2758 1682 2854; x_wconf 14' lang='grc' dir='ltr'>ὥσπερήοί</span> <span class='ocrx_word' id='word_1_311' title='bbox 1724 2786 1970 2844; x_wconf 69' lang='grc' dir='ltr'>Ἰουδαῖοι</span> 
     </span>
    </p>
   </div>
   <div class='ocr_carea' id='block_1_41' title="bbox 400 2852 1971 2947">
    <p class='ocr_par' dir='ltr' id='par_1_41' title="bbox 400 2852 1971 2947">
     <span class='ocr_line' id='line_1_42' title="bbox 400 2852 1971 2947; baseline 0.02 -45"><span class='ocrx_word' id='word_1_312' title='bbox 400 2852 494 2906; x_wconf 71' lang='grc' dir='ltr'>καὶ</span> <span class='ocrx_word' id='word_1_313' title='bbox 536 2857 583 2906; x_wconf 72' lang='grc' dir='ltr'>οἱ</span> <span class='ocrx_word' id='word_1_314' title='bbox 616 2856 1060 2929; x_wconf 83' lang='grc' dir='ltr'>Μουσουλμάνοι.</span> <span class='ocrx_word' id='word_1_315' title='bbox 1108 2865 1220 2918; x_wconf 82' lang='grc' dir='ltr'>Καὶ</span> <span class='ocrx_word' id='word_1_316' title='bbox 1265 2867 1375 2939; x_wconf 83' lang='grc' dir='ltr'><strong>γὰρ</strong></span> <span class='ocrx_word' id='word_1_317' title='bbox 1429 2872 1530 2926; x_wconf 76' lang='grc' dir='ltr'>οὐκ</span> <span class='ocrx_word' id='word_1_318' title='bbox 1565 2852 1704 2930; x_wconf 56' lang='grc' dir='ltr'><strong>⁷ἔστι</strong></span> <span class='ocrx_word' id='word_1_319' title='bbox 1758 2879 1971 2947; x_wconf 83' lang='grc' dir='ltr'>γελοῖον</span> 
     </span>
    </p>
   </div>
   <div class='ocr_carea' id='block_1_42' title="bbox 399 2947 1968 3035">
    <p class='ocr_par' dir='ltr' id='par_1_42' title="bbox 399 2947 1968 3035">
     <span class='ocr_line' id='line_1_43' title="bbox 399 2947 1968 3035; baseline 0.022 -41"><span class='ocrx_word' id='word_1_320' title='bbox 399 2947 649 3014; x_wconf 79' lang='grc' dir='ltr'>πρᾶγμα,</span> <span class='ocrx_word' id='word_1_321' title='bbox 702 2949 789 3003; x_wconf 73' lang='grc' dir='ltr'>ἵνα</span> <span class='ocrx_word' id='word_1_322' title='bbox 840 2952 943 3016; x_wconf 83' lang='grc' dir='ltr'><strong>τὰς</strong></span> <span class='ocrx_word' id='word_1_323' title='bbox 993 2957 1093 3025; x_wconf 84' lang='grc' dir='ltr'>μὲν</span> <span class='ocrx_word' id='word_1_324' title='bbox 1134 2957 1355 3027; x_wconf 73' lang='grc' dir='ltr'>βίϐλους</span> <span class='ocrx_word' id='word_1_325' title='bbox 1410 2966 1632 3035; x_wconf 85' lang='grc' dir='ltr'>τιμῶσι,</span> <span class='ocrx_word' id='word_1_326' title='bbox 1685 2952 1775 3023; x_wconf 8' lang='grc' dir='ltr'><strong>τὰη</strong></span> <span class='ocrx_word' id='word_1_327' title='bbox 1805 2972 1861 3026; x_wconf 76' lang='grc' dir='ltr'><strong>δὲ</strong></span> <span class='ocrx_word' id='word_1_328' title='bbox 1910 2976 1968 3027; x_wconf 80' lang='grc' dir='ltr'>ὲν</span> 
     </span>
    </p>
   </div>
   <div class='ocr_carea' id='block_1_43' title="bbox 396 3036 1968 3133">
    <p class='ocr_par' dir='ltr' id='par_1_43' title="bbox 396 3036 1968 3133">
     <span class='ocr_line' id='line_1_44' title="bbox 396 3036 1968 3133; baseline 0.018 -43"><span class='ocrx_word' id='word_1_329' title='bbox 396 3036 578 3101; x_wconf 78' lang='grc' dir='ltr'>αὐτοῖς</span> <span class='ocrx_word' id='word_1_330' title='bbox 630 3045 993 3114; x_wconf 77' lang='grc' dir='ltr'><strong>γεγραμμένα</strong></span> <span class='ocrx_word' id='word_1_331' title='bbox 1039 3049 1309 3119; x_wconf 62' lang='lat' dir='ltr'><strong>adtribui;</strong></span> <span class='ocrx_word' id='word_1_332' title='bbox 1359 3055 1455 3109; x_wconf 79' lang='grc' dir='ltr'><strong>καὶ</strong></span> <span class='ocrx_word' id='word_1_333' title='bbox 1498 3059 1627 3124; x_wconf 78' lang='grc' dir='ltr'>τοὺς</span> <span class='ocrx_word' id='word_1_334' title='bbox 1677 3064 1968 3133; x_wconf 77' lang='grc' dir='ltr'>προφήτας</span> 
     </span>
    </p>
   </div>
   <div class='ocr_carea' id='block_1_44' title="bbox 302 3128 1966 3223">
    <p class='ocr_par' dir='ltr' id='par_1_44' title="bbox 302 3128 1966 3223">
     <span class='ocr_line' id='line_1_45' title="bbox 302 3128 1966 3223; baseline 0.019 -46"><span class='ocrx_word' id='word_1_335' title='bbox 302 3130 309 3135; x_wconf 79' lang='grc'><em>’</em></span> <span class='ocrx_word' id='word_1_336' title='bbox 399 3128 832 3198; x_wconf 79' lang='grc' dir='ltr'>μακαρίζοντες,</span> <span class='ocrx_word' id='word_1_337' title='bbox 888 3136 982 3189; x_wconf 80' lang='grc' dir='ltr'>τὸν</span> <span class='ocrx_word' id='word_1_338' title='bbox 1040 3142 1174 3210; x_wconf 78' lang='grc' dir='ltr'>παρ’</span> <span class='ocrx_word' id='word_1_339' title='bbox 1229 3145 1418 3209; x_wconf 79' lang='grc' dir='ltr'>αὐτοῖς</span> <span class='ocrx_word' id='word_1_340' title='bbox 1481 3128 1966 3223; x_wconf 58' lang='grc' dir='ltr'>πφφητευόμενον</span> 
     </span>
    </p>
   </div>
   <div class='ocr_carea' id='block_1_45' title="bbox 398 3219 1969 3315">
    <p class='ocr_par' dir='ltr' id='par_1_45' title="bbox 398 3219 1969 3315">
     <span class='ocr_line' id='line_1_46' title="bbox 398 3219 1969 3315; baseline 0.019 -44"><span class='ocrx_word' id='word_1_341' title='bbox 398 3219 886 3291; x_wconf 74' lang='grc' dir='ltr'>ἀποστρέφωνταις</span> <span class='ocrx_word' id='word_1_342' title='bbox 947 3228 1070 3282; x_wconf 79' lang='grc' dir='ltr'>Ἐπὶ</span> <span class='ocrx_word' id='word_1_343' title='bbox 1127 3232 1292 3287; x_wconf 82' lang='grc' dir='ltr'>πλέον</span> <span class='ocrx_word' id='word_1_344' title='bbox 1348 3236 1405 3290; x_wconf 78' lang='grc' dir='ltr'><strong>δέ</strong></span> <span class='ocrx_word' id='word_1_345' title='bbox 1463 3241 1570 3293; x_wconf 82' lang='grc' dir='ltr'>είσι</span> <span class='ocrx_word' id='word_1_346' title='bbox 1629 3219 1969 3315; x_wconf 81' lang='grc' dir='ltr'>κατηγορίας</span> 
     </span>
    </p>
   </div>
   <div class='ocr_carea' id='block_1_46' title="bbox 396 3310 1969 3409">
    <p class='ocr_par' dir='ltr' id='par_1_46' title="bbox 396 3310 1969 3409">
     <span class='ocr_line' id='line_1_47' title="bbox 396 3310 1969 3409; baseline 0.02 -47"><span class='ocrx_word' id='word_1_347' title='bbox 396 3310 537 3374; x_wconf 75' lang='grc' dir='ltr'>ἄξιοι</span> <span class='ocrx_word' id='word_1_348' title='bbox 580 3314 628 3366; x_wconf 73' lang='lat' dir='ltr'><strong>oi</strong></span> <span class='ocrx_word' id='word_1_349' title='bbox 687 3316 1131 3391; x_wconf 78' lang='grc' dir='ltr'>Μουσουλμάνοι.</span> <span class='ocrx_word' id='word_1_350' title='bbox 1177 3327 1597 3407; x_wconf 70' lang='grc' dir='ltr'>Παραλασᾴντες</span> <span class='ocrx_word' id='word_1_351' title='bbox 1655 3310 1969 3409; x_wconf 4' lang='lat' dir='ltr'><strong>vapido-{tros</strong></span> 
     </span>
    </p>
   </div>
   <div class='ocr_carea' id='block_1_47' title="bbox 401 3403 1967 3503">
    <p class='ocr_par' dir='ltr' id='par_1_47' title="bbox 401 3403 1967 3503">
     <span class='ocr_line' id='line_1_48' title="bbox 401 3403 1967 3503; baseline 0.022 -50"><span class='ocrx_word' id='word_1_352' title='bbox 401 3403 543 3468; x_wconf 80' lang='grc' dir='ltr'>μετὰ</span> <span class='ocrx_word' id='word_1_353' title='bbox 570 3404 679 3460; x_wconf 85' lang='grc' dir='ltr'>τῶν</span> <span class='ocrx_word' id='word_1_354' title='bbox 701 3407 875 3465; x_wconf 79' lang='grc' dir='ltr'>ἄλλων</span> <span class='ocrx_word' id='word_1_355' title='bbox 906 3412 1147 3482; x_wconf 77' lang='grc' dir='ltr'>βιόλίων,</span> <span class='ocrx_word' id='word_1_356' title='bbox 1174 3419 1256 3473; x_wconf 84' lang='grc' dir='ltr'>ὅτι</span> <span class='ocrx_word' id='word_1_357' title='bbox 1283 3420 1347 3475; x_wconf 78' lang='grc' dir='ltr'>τὸ</span> <span class='ocrx_word' id='word_1_358' title='bbox 1376 3403 1473 3477; x_wconf 71' lang='grc' dir='ltr'><strong>τού</strong></span> <span class='ocrx_word' id='word_1_359' title='bbox 1514 3403 1755 3497; x_wconf 69' lang='grc' dir='ltr'>Χριστού</span> <span class='ocrx_word' id='word_1_360' title='bbox 1785 3431 1967 3503; x_wconf 84' lang='grc' dir='ltr'>Εὐαγ-</span> 
     </span>
    </p>
   </div>
   <div class='ocr_carea' id='block_1_48' title="bbox 394 3494 1969 3599">
    <p class='ocr_par' dir='ltr' id='par_1_48' title="bbox 394 3494 1969 3599">
     <span class='ocr_line' id='line_1_49' title="bbox 394 3494 1969 3599; baseline 0.023 -54"><span class='ocrx_word' id='word_1_361' title='bbox 394 3494 576 3562; x_wconf 71' lang='grc' dir='ltr'>τὲλιον</span> <span class='ocrx_word' id='word_1_362' title='bbox 619 3496 774 3566; x_wconf 72' lang='grc' dir='ltr'>ἅγιον</span> <span class='ocrx_word' id='word_1_363' title='bbox 820 3506 915 3557; x_wconf 87' lang='grc' dir='ltr'>καὶ</span> <span class='ocrx_word' id='word_1_364' title='bbox 956 3507 1159 3562; x_wconf 81' lang='grc' dir='ltr'>τέλειον</span> <span class='ocrx_word' id='word_1_365' title='bbox 1193 3512 1288 3565; x_wconf 74' lang='grc' dir='ltr'>καὶ</span> <span class='ocrx_word' id='word_1_366' title='bbox 1336 3516 1447 3569; x_wconf 79' lang='grc' dir='ltr'><strong>ἀπὸ</strong></span> <span class='ocrx_word' id='word_1_367' title='bbox 1494 3494 1627 3574; x_wconf 80' lang='grc' dir='ltr'>Θεοῦ</span> <span class='ocrx_word' id='word_1_368' title='bbox 1658 3522 1796 3589; x_wconf 74' lang='grc' dir='ltr'>ἐστι,</span> <span class='ocrx_word' id='word_1_369' title='bbox 1825 3494 1969 3599; x_wconf 70' lang='grc' dir='ltr'>λόγῳ</span> 
     </span>
    </p>
   </div>
   <div class='ocr_carea' id='block_1_49' title="bbox 402 3586 1969 3681">
    <p class='ocr_par' dir='ltr' id='par_1_49' title="bbox 402 3586 1969 3681">
     <span class='ocr_line' id='line_1_50' title="bbox 402 3586 1969 3681; baseline 0.022 -43"><span class='ocrx_word' id='word_1_370' title='bbox 402 3586 552 3657; x_wconf 79' lang='grc' dir='ltr'>μόνῳ</span> <span class='ocrx_word' id='word_1_371' title='bbox 594 3591 829 3660; x_wconf 83' lang='grc' dir='ltr'>τιμῶσιν</span> <span class='ocrx_word' id='word_1_372' title='bbox 876 3595 1031 3665; x_wconf 83' lang='grc' dir='ltr'>αὐτὸ,</span> <span class='ocrx_word' id='word_1_373' title='bbox 1064 3598 1212 3672; x_wconf 74' lang='grc' dir='ltr'>ἔργῳ</span> <span class='ocrx_word' id='word_1_374' title='bbox 1251 3603 1308 3657; x_wconf 74' lang='grc' dir='ltr'><strong>δὲ</strong></span> <span class='ocrx_word' id='word_1_375' title='bbox 1350 3608 1606 3663; x_wconf 80' lang='grc' dir='ltr'>τοσοῦτον</span> <span class='ocrx_word' id='word_1_376' title='bbox 1632 3586 1969 3681; x_wconf 68' lang='grc' dir='ltr'>ἀφίστανται</span> 
     </span>
    </p>
   </div>
   <div class='ocr_carea' id='block_1_50' title="bbox 400 3681 1973 3778">
    <p class='ocr_par' dir='ltr' id='par_1_50' title="bbox 400 3681 1973 3778">
     <span class='ocr_line' id='line_1_51' title="bbox 400 3681 1973 3778; baseline 0.022 -48"><span class='ocrx_word' id='word_1_377' title='bbox 400 3681 677 3750; x_wconf 73' lang='grc' dir='ltr'>μακρόθεν</span> <span class='ocrx_word' id='word_1_378' title='bbox 713 3685 903 3752; x_wconf 82' lang='grc' dir='ltr'>αὐτοῦ,</span> <span class='ocrx_word' id='word_1_379' title='bbox 927 3689 1051 3744; x_wconf 84' lang='grc' dir='ltr'>ὅσον</span> <span class='ocrx_word' id='word_1_380' title='bbox 1078 3693 1173 3746; x_wconf 76' lang='grc' dir='ltr'><strong>τοῦ</strong></span> <span class='ocrx_word' id='word_1_381' title='bbox 1206 3697 1440 3767; x_wconf 84' lang='grc' dir='ltr'>ούρανοῦ</span> <span class='ocrx_word' id='word_1_382' title='bbox 1480 3703 1514 3772; x_wconf 83' lang='grc' dir='ltr'><strong>ἠ</strong></span> <span class='ocrx_word' id='word_1_383' title='bbox 1542 3707 1637 3774; x_wconf 84' lang='grc' dir='ltr'><strong>γῆ.</strong></span> <span class='ocrx_word' id='word_1_384' title='bbox 1666 3707 1777 3760; x_wconf 73' lang='grc' dir='ltr'><strong>Καὶ</strong></span> <span class='ocrx_word' id='word_1_385' title='bbox 1808 3710 1973 3778; x_wconf 78' lang='grc' dir='ltr'><strong>ἀφέν-</strong></span> 
     </span>
    </p>
   </div>
   <div class='ocr_carea' id='block_1_51' title="bbox 395 3773 1969 3864">
    <p class='ocr_par' dir='ltr' id='par_1_51' title="bbox 395 3773 1969 3864">
     <span class='ocr_line' id='line_1_52' title="bbox 395 3773 1969 3864; baseline 0.022 -41"><span class='ocrx_word' id='word_1_386' title='bbox 395 3789 490 3864; x_wconf 80' lang='grc' dir='ltr'><strong>τες</strong></span> <span class='ocrx_word' id='word_1_387' title='bbox 519 3773 618 3845; x_wconf 81' lang='grc' dir='ltr'>τὴν</span> <span class='ocrx_word' id='word_1_388' title='bbox 658 3777 755 3847; x_wconf 83' lang='grc' dir='ltr'>τῆς</span> <span class='ocrx_word' id='word_1_389' title='bbox 803 3780 1065 3850; x_wconf 81' lang='grc' dir='ltr'>ἀληθείας</span> <span class='ocrx_word' id='word_1_390' title='bbox 1111 3785 1251 3852; x_wconf 76' lang='grc' dir='ltr'>ὁδὸν,</span> <span class='ocrx_word' id='word_1_391' title='bbox 1283 3773 1641 3849; x_wconf 81' lang='grc' dir='ltr'>ἀκολουθοῦσι</span> <span class='ocrx_word' id='word_1_392' title='bbox 1693 3801 1814 3864; x_wconf 78' lang='grc' dir='ltr'>ταῖς</span> <span class='ocrx_word' id='word_1_393' title='bbox 1856 3773 1969 3857; x_wconf 69' lang='grc' dir='ltr'><strong>τῶν</strong></span> 
     </span>
    </p>
   </div>
   <div class='ocr_carea' id='block_1_52' title="bbox 407 3863 1972 3963">
    <p class='ocr_par' dir='ltr' id='par_1_52' title="bbox 407 3863 1972 3963">
     <span class='ocr_line' id='line_1_53' title="bbox 407 3863 1972 3963; baseline 0.022 -49"><span class='ocrx_word' id='word_1_394' title='bbox 407 3863 680 3933; x_wconf 73' lang='grc' dir='ltr'>’Ἑλλήνων</span> <span class='ocrx_word' id='word_1_395' title='bbox 725 3875 980 3938; x_wconf 83' lang='grc' dir='ltr'>ματαίαις</span> <span class='ocrx_word' id='word_1_396' title='bbox 1023 3878 1115 3929; x_wconf 76' lang='grc' dir='ltr'>καὶ</span> <span class='ocrx_word' id='word_1_397' title='bbox 1157 3885 1605 3953; x_wconf 62' lang='grc' dir='ltr'>πεπλανημένως</span> <span class='ocrx_word' id='word_1_398' title='bbox 1636 3888 1836 3959; x_wconf 72' lang='grc' dir='ltr'>δόξαις,</span> <span class='ocrx_word' id='word_1_399' title='bbox 1875 3896 1972 3963; x_wconf 67' lang='grc' dir='ltr'>καὶ</span> 
     </span>
    </p>
   </div>
   <div class='ocr_carea' id='block_1_53' title="bbox 400 3956 1969 4057">
    <p class='ocr_par' dir='ltr' id='par_1_53' title="bbox 400 3956 1969 4057">
     <span class='ocr_line' id='line_1_54' title="bbox 400 3956 1969 4057; baseline 0.024 -53"><span class='ocrx_word' id='word_1_400' title='bbox 400 3956 545 4026; x_wconf 69' lang='grc' dir='ltr'>ἅπερ</span> <span class='ocrx_word' id='word_1_401' title='bbox 582 3958 641 4007; x_wconf 77' lang='grc' dir='ltr'>οὗ</span> <span class='ocrx_word' id='word_1_402' title='bbox 685 3958 905 4016; x_wconf 80' lang='grc' dir='ltr'>δύναται</span> <span class='ocrx_word' id='word_1_403' title='bbox 955 3966 984 4017; x_wconf 85' lang='grc' dir='ltr'><strong>ὁ</strong></span> <span class='ocrx_word' id='word_1_404' title='bbox 1039 3967 1163 4031; x_wconf 86' lang='grc' dir='ltr'>νοῦς</span> <span class='ocrx_word' id='word_1_405' title='bbox 1213 3972 1394 4027; x_wconf 80' lang='grc' dir='ltr'>αὐτῶν</span> <span class='ocrx_word' id='word_1_406' title='bbox 1439 3976 1526 4030; x_wconf 80' lang='grc' dir='ltr'>ἵνα</span> <span class='ocrx_word' id='word_1_407' title='bbox 1568 3981 1875 4057; x_wconf 78' lang='grc' dir='ltr'>καταλάϐῃ,</span> <span class='ocrx_word' id='word_1_408' title='bbox 1907 3988 1969 4041; x_wconf 73' lang='grc' dir='ltr'>οὗ</span> 
     </span>
    </p>
   </div>
   <div class='ocr_carea' id='block_1_54' title="bbox 404 4052 1967 4145">
    <p class='ocr_par' dir='ltr' id='par_1_54' title="bbox 404 4052 1967 4145">
     <span class='ocr_line' id='line_1_55' title="bbox 404 4052 1967 4145; baseline 0.02 -45"><span class='ocrx_word' id='word_1_409' title='bbox 404 4052 791 4122; x_wconf 75' lang='grc' dir='ltr'>παραδέχονται</span> <span class='ocrx_word' id='word_1_410' title='bbox 821 4056 979 4122; x_wconf 80' lang='grc' dir='ltr'>ὅλως,</span> <span class='ocrx_word' id='word_1_411' title='bbox 1003 4060 1139 4116; x_wconf 72' lang='grc' dir='ltr'>ἀλλὰ</span> <span class='ocrx_word' id='word_1_412' title='bbox 1178 4063 1472 4135; x_wconf 78' lang='grc' dir='ltr'>ζητοῦντες</span> <span class='ocrx_word' id='word_1_413' title='bbox 1499 4071 1569 4124; x_wconf 80' lang='grc' dir='ltr'><strong>τὰ</strong></span> <span class='ocrx_word' id='word_1_414' title='bbox 1604 4073 1744 4145; x_wconf 82' lang='grc' dir='ltr'>ὑπὲρ</span> <span class='ocrx_word' id='word_1_415' title='bbox 1779 4052 1967 4145; x_wconf 70' lang='grc' dir='ltr'>φύσιν,</span> 
     </span>
    </p>
   </div>
   <div class='ocr_carea' id='block_1_55' title="bbox 412 4142 1971 4224">
    <p class='ocr_par' dir='ltr' id='par_1_55' title="bbox 412 4142 1971 4224">
     <span class='ocr_line' id='line_1_56' title="bbox 412 4142 1971 4224; baseline 0.022 -35"><span class='ocrx_word' id='word_1_416' title='bbox 412 4142 500 4191; x_wconf 69' lang='lat' dir='ltr'><strong>ml</strong></span> <span class='ocrx_word' id='word_1_417' title='bbox 536 4142 604 4213; x_wconf 77' lang='grc' dir='ltr'>μὴ</span> <span class='ocrx_word' id='word_1_418' title='bbox 631 4146 929 4216; x_wconf 80' lang='grc' dir='ltr'>δυνάμενοι</span> <span class='ocrx_word' id='word_1_419' title='bbox 957 4155 1293 4223; x_wconf 83' lang='grc' dir='ltr'>κατανοῆσαι</span> <span class='ocrx_word' id='word_1_420' title='bbox 1328 4159 1487 4223; x_wconf 84' lang='grc' dir='ltr'>αὐτὰ,</span> <span class='ocrx_word' id='word_1_421' title='bbox 1522 4163 1834 4220; x_wconf 70' lang='grc' dir='ltr'>πλανῶνται</span> <span class='ocrx_word' id='word_1_422' title='bbox 1861 4170 1971 4224; x_wconf 81' lang='grc' dir='ltr'><strong>ἀπὸ</strong></span> 
     </span>
    </p>
   </div>
   <div class='ocr_carea' id='block_1_56' title="bbox 418 4231 1970 4323">
    <p class='ocr_par' dir='ltr' id='par_1_56' title="bbox 418 4231 1970 4323">
     <span class='ocr_line' id='line_1_57' title="bbox 418 4231 1970 4323; baseline 0.021 -40"><span class='ocrx_word' id='word_1_423' title='bbox 418 4231 512 4297; x_wconf 73' lang='grc' dir='ltr'>τῆς</span> <span class='ocrx_word' id='word_1_424' title='bbox 540 4235 803 4305; x_wconf 73' lang='grc' dir='ltr'>ἀληθείας,</span> <span class='ocrx_word' id='word_1_425' title='bbox 833 4244 928 4294; x_wconf 84' lang='grc' dir='ltr'><strong>καί</strong></span> <span class='ocrx_word' id='word_1_426' title='bbox 965 4243 1186 4311; x_wconf 79' lang='grc' dir='ltr'>λέγουσι</span> <span class='ocrx_word' id='word_1_427' title='bbox 1235 4250 1304 4303; x_wconf 75' lang='grc' dir='ltr'>τὰ</span> <span class='ocrx_word' id='word_1_428' title='bbox 1353 4256 1454 4323; x_wconf 75' lang='grc' dir='ltr'>τῆς</span> <span class='ocrx_word' id='word_1_429' title='bbox 1497 4254 1738 4321; x_wconf 82' lang='grc' dir='ltr'>διανοίας</span> <span class='ocrx_word' id='word_1_430' title='bbox 1788 4262 1970 4316; x_wconf 84' lang='grc' dir='ltr'>αὐτῶν</span> 
     </span>
    </p>
   </div>
   <div class='ocr_carea' id='block_1_57' title="bbox 414 4323 1970 4416">
    <p class='ocr_par' dir='ltr' id='par_1_57' title="bbox 414 4323 1970 4416">
     <span class='ocr_line' id='line_1_58' title="bbox 414 4323 1970 4416; baseline 0.019 -40"><span class='ocrx_word' id='word_1_431' title='bbox 414 4323 827 4400; x_wconf 71' lang='grc' dir='ltr'>ἁναπλάσματα,</span> <span class='ocrx_word' id='word_1_432' title='bbox 862 4333 943 4387; x_wconf 81' lang='grc' dir='ltr'>ὅτι</span> <span class='ocrx_word' id='word_1_433' title='bbox 974 4336 1097 4400; x_wconf 82' lang='grc' dir='ltr'><strong>Πῶς</strong></span> <span class='ocrx_word' id='word_1_434' title='bbox 1126 4339 1242 4394; x_wconf 81' lang='grc' dir='ltr'>ἐστι</span> <span class='ocrx_word' id='word_1_435' title='bbox 1278 4341 1505 4398; x_wconf 80' lang='grc' dir='ltr'>δυνατὸν</span> <span class='ocrx_word' id='word_1_436' title='bbox 1535 4345 1681 4416; x_wconf 75' lang='grc' dir='ltr'>ἔχειν</span> <span class='ocrx_word' id='word_1_437' title='bbox 1710 4348 1802 4403; x_wconf 80' lang='grc' dir='ltr'>τὸν</span> <span class='ocrx_word' id='word_1_438' title='bbox 1832 4351 1970 4406; x_wconf 83' lang='grc' dir='ltr'>Θεὸν</span> 
     </span>
    </p>
   </div>
   <div class='ocr_carea' id='block_1_58' title="bbox 409 4418 1968 4512">
    <p class='ocr_par' dir='ltr' id='par_1_58' title="bbox 409 4418 1968 4512">
     <span class='ocr_line' id='line_1_59' title="bbox 409 4418 1968 4512; baseline 0.016 -41"><span class='ocrx_word' id='word_1_439' title='bbox 409 4418 519 4471; x_wconf 76' lang='grc' dir='ltr'>υἱὸν</span> <span class='ocrx_word' id='word_1_440' title='bbox 547 4418 673 4474; x_wconf 79' lang='grc' dir='ltr'>ἄνευ</span> <span class='ocrx_word' id='word_1_441' title='bbox 703 4425 1002 4494; x_wconf 82' lang='grc' dir='ltr'>γυναικός;</span> <span class='ocrx_word' id='word_1_442' title='bbox 1037 4430 1134 4483; x_wconf 78' lang='grc' dir='ltr'><strong>καὶ</strong></span> <span class='ocrx_word' id='word_1_443' title='bbox 1164 4431 1338 4487; x_wconf 84' lang='grc' dir='ltr'>ταῦτα</span> <span class='ocrx_word' id='word_1_444' title='bbox 1372 4435 1518 4500; x_wconf 85' lang='grc' dir='ltr'>τίνες</span> <span class='ocrx_word' id='word_1_445' title='bbox 1546 4437 1597 4490; x_wconf 92' lang='grc' dir='ltr'><strong>οί</strong></span> <span class='ocrx_word' id='word_1_446' title='bbox 1630 4441 1968 4512; x_wconf 77' lang='grc' dir='ltr'>ἐρευνῶντες</span> 
     </span>
    </p>
   </div>
   <div class='ocr_carea' id='block_1_59' title="bbox 400 4509 1968 4599">
    <p class='ocr_par' dir='ltr' id='par_1_59' title="bbox 400 4509 1968 4599">
     <span class='ocr_line' id='line_1_60' title="bbox 400 4509 1968 4599; baseline 0.019 -41"><span class='ocrx_word' id='word_1_447' title='bbox 400 4509 502 4576; x_wconf 76' lang='grc' dir='ltr'>τὴν</span> <span class='ocrx_word' id='word_1_448' title='bbox 529 4509 620 4562; x_wconf 79' lang='grc' dir='ltr'>τοῦ</span> <span class='ocrx_word' id='word_1_449' title='bbox 642 4510 775 4567; x_wconf 74' lang='grc' dir='ltr'>Θεοῦ</span> <span class='ocrx_word' id='word_1_450' title='bbox 805 4515 1098 4585; x_wconf 77' lang='grc' dir='ltr'>γέννησινς</span> <span class='ocrx_word' id='word_1_451' title='bbox 1139 4520 1203 4574; x_wconf 82' lang='grc' dir='ltr'>Οἱ</span> <span class='ocrx_word' id='word_1_452' title='bbox 1237 4524 1325 4593; x_wconf 83' lang='grc' dir='ltr'><strong>μὴ.</strong></span> <span class='ocrx_word' id='word_1_453' title='bbox 1352 4509 1711 4594; x_wconf 73' lang='grc' dir='ltr'>γινώσκοντες</span> <span class='ocrx_word' id='word_1_454' title='bbox 1763 4533 1968 4599; x_wconf 87' lang='grc' dir='ltr'>πόσους</span> 
     </span>
    </p>
   </div>
   <div class='ocr_carea' id='block_1_60' title="bbox 399 4599 1975 4691">
    <p class='ocr_par' dir='ltr' id='par_1_60' title="bbox 399 4599 1975 4691">
     <span class='ocr_line' id='line_1_61' title="bbox 399 4599 1975 4691; baseline 0.019 -41"><span class='ocrx_word' id='word_1_455' title='bbox 399 4599 656 4670; x_wconf 82' lang='grc' dir='ltr'>ἀστέρας,</span> <span class='ocrx_word' id='word_1_456' title='bbox 695 4603 810 4675; x_wconf 79' lang='grc' dir='ltr'>ἔχει</span> <span class='ocrx_word' id='word_1_457' title='bbox 869 4609 899 4662; x_wconf 79' lang='grc' dir='ltr'><strong><em>ὁ</em></strong></span> <span class='ocrx_word' id='word_1_458' title='bbox 952 4611 1204 4679; x_wconf 76' lang='grc' dir='ltr'>οὐρανὸς,</span> <span class='ocrx_word' id='word_1_459' title='bbox 1258 4616 1430 4680; x_wconf 79' lang='grc' dir='ltr'>πόσας</span> <span class='ocrx_word' id='word_1_460' title='bbox 1491 4606 1723 4685; x_wconf 55' lang='grc' dir='ltr'>κοτύλας</span> <span class='ocrx_word' id='word_1_461' title='bbox 1785 4624 1975 4691; x_wconf 79' lang='grc' dir='ltr'>ὓδατος</span> 
     </span>
    </p>
   </div>
   <div class='ocr_carea' id='block_1_61' title="bbox 397 4691 1977 4787">
    <p class='ocr_par' dir='ltr' id='par_1_61' title="bbox 397 4691 1977 4787">
     <span class='ocr_line' id='line_1_62' title="bbox 397 4691 1977 4787; baseline 0.02 -44"><span class='ocrx_word' id='word_1_462' title='bbox 397 4691 513 4760; x_wconf 78' lang='grc' dir='ltr'>εχει</span> <span class='ocrx_word' id='word_1_463' title='bbox 557 4694 616 4753; x_wconf 72' lang='grc' dir='ltr'>τὸ</span> <span class='ocrx_word' id='word_1_464' title='bbox 645 4698 902 4767; x_wconf 70' lang='grc' dir='ltr'>πέλαγος,</span> <span class='ocrx_word' id='word_1_465' title='bbox 933 4703 1074 4774; x_wconf 81' lang='grc' dir='ltr'>πόση</span> <span class='ocrx_word' id='word_1_466' title='bbox 1110 4706 1261 4760; x_wconf 74' lang='grc' dir='ltr'>ἐστὶν</span> <span class='ocrx_word' id='word_1_467' title='bbox 1295 4711 1322 4780; x_wconf 69' lang='grc' dir='ltr'><strong>η</strong></span> <span class='ocrx_word' id='word_1_468' title='bbox 1373 4711 1525 4781; x_wconf 77' lang='grc' dir='ltr'>παρὰ</span> <span class='ocrx_word' id='word_1_469' title='bbox 1573 4714 1634 4767; x_wconf 81' lang='grc' dir='ltr'>τὸ</span> <span class='ocrx_word' id='word_1_470' title='bbox 1676 4716 1854 4785; x_wconf 78' lang='grc' dir='ltr'>χεῖλος</span> <span class='ocrx_word' id='word_1_471' title='bbox 1878 4722 1977 4787; x_wconf 78' lang='grc' dir='ltr'>τῆς</span> 
     </span>
    </p>
   </div>
   <div class='ocr_carea' id='block_1_62' title="bbox 401 4780 1974 4878">
    <p class='ocr_par' dir='ltr' id='par_1_62' title="bbox 401 4780 1974 4878">
     <span class='ocr_line' id='line_1_63' title="bbox 401 4780 1974 4878; baseline 0.018 -45"><span class='ocrx_word' id='word_1_472' title='bbox 401 4780 683 4854; x_wconf 74' lang='grc' dir='ltr'>θαλάσσης</span> <span class='ocrx_word' id='word_1_473' title='bbox 726 4790 935 4859; x_wconf 78' lang='grc' dir='ltr'>ἄμμος,</span> <span class='ocrx_word' id='word_1_474' title='bbox 966 4795 1061 4846; x_wconf 74' lang='grc' dir='ltr'>καὶ</span> <span class='ocrx_word' id='word_1_475' title='bbox 1108 4796 1244 4850; x_wconf 70' lang='grc' dir='ltr'>ἄλλα</span> <span class='ocrx_word' id='word_1_476' title='bbox 1293 4780 1465 4868; x_wconf 80' lang='grc' dir='ltr'>ὅμοια</span> <span class='ocrx_word' id='word_1_477' title='bbox 1512 4780 1725 4867; x_wconf 70' lang='grc' dir='ltr'>τούτοις</span> <span class='ocrx_word' id='word_1_478' title='bbox 1780 4780 1974 4878; x_wconf 48' lang='grc' dir='ltr'>μυρίαξ</span> 
     </span>
    </p>
   </div>
   <div class='ocr_carea' id='block_1_63' title="bbox 399 4875 1975 4961">
    <p class='ocr_par' dir='ltr' id='par_1_63' title="bbox 399 4875 1975 4961">
     <span class='ocr_line' id='line_1_64' title="bbox 399 4875 1975 4961; baseline 0.016 -33"><span class='ocrx_word' id='word_1_479' title='bbox 399 4875 515 4928; x_wconf 81' lang='lat' dir='ltr'><strong>Kal</strong></span> <span class='ocrx_word' id='word_1_480' title='bbox 536 4877 632 4948; x_wconf 80' lang='grc' dir='ltr'>τὴν</span> <span class='ocrx_word' id='word_1_481' title='bbox 662 4879 867 4936; x_wconf 88' lang='grc' dir='ltr'>τούτων</span> <span class='ocrx_word' id='word_1_482' title='bbox 893 4886 1198 4958; x_wconf 67' lang='grc' dir='ltr'>κατάληψιν</span> <span class='ocrx_word' id='word_1_483' title='bbox 1231 4891 1579 4961; x_wconf 78' lang='grc' dir='ltr'>ἀγνοοῦντες,</span> <span class='ocrx_word' id='word_1_484' title='bbox 1623 4899 1975 4955; x_wconf 85' lang='grc' dir='ltr'>πιστεύουσιν</span> 
     </span>
    </p>
   </div>
   <div class='ocr_carea' id='block_1_64' title="bbox 398 4966 1973 5062">
    <p class='ocr_par' dir='ltr' id='par_1_64' title="bbox 398 4966 1973 5062">
     <span class='ocr_line' id='line_1_65' title="bbox 398 4966 1973 5062; baseline 0.018 -43"><span class='ocrx_word' id='word_1_485' title='bbox 398 4966 573 5036; x_wconf 78' lang='grc' dir='ltr'>ὅμως,</span> <span class='ocrx_word' id='word_1_486' title='bbox 603 4972 683 5025; x_wconf 83' lang='grc' dir='ltr'>ὅτι</span> <span class='ocrx_word' id='word_1_487' title='bbox 713 4973 848 5029; x_wconf 80' lang='grc' dir='ltr'>Θεοῦ</span> <span class='ocrx_word' id='word_1_488' title='bbox 893 4977 1000 5031; x_wconf 80' lang='grc' dir='ltr'>εἰσι</span> <span class='ocrx_word' id='word_1_489' title='bbox 1034 4982 1337 5051; x_wconf 80' lang='grc' dir='ltr'>ποιήματα,</span> <span class='ocrx_word' id='word_1_490' title='bbox 1373 4986 1466 5039; x_wconf 72' lang='grc' dir='ltr'>καὶ</span> <span class='ocrx_word' id='word_1_491' title='bbox 1512 4990 1569 5041; x_wconf 81' lang='grc' dir='ltr'><strong>ἐν</strong></span> <span class='ocrx_word' id='word_1_492' title='bbox 1614 4990 1809 5062; x_wconf 76' lang='grc' dir='ltr'>είρήνῃ</span> <span class='ocrx_word' id='word_1_493' title='bbox 1839 4993 1973 5046; x_wconf 75' lang='grc' dir='ltr'><strong>διά-</strong></span> 
     </span>
    </p>
   </div>
   <div class='ocr_carea' id='block_1_65' title="bbox 400 5062 1971 5152">
    <p class='ocr_par' dir='ltr' id='par_1_65' title="bbox 400 5062 1971 5152">
     <span class='ocr_line' id='line_1_66' title="bbox 400 5062 1971 5152; baseline 0.018 -44"><span class='ocrx_word' id='word_1_494' title='bbox 400 5074 579 5125; x_wconf 85' lang='grc' dir='ltr'>γουσι,</span> <span class='ocrx_word' id='word_1_495' title='bbox 619 5062 716 5132; x_wconf 82' lang='grc' dir='ltr'>τὴν</span> <span class='ocrx_word' id='word_1_496' title='bbox 765 5066 823 5119; x_wconf 81' lang='grc' dir='ltr'><strong>δὲ</strong></span> <span class='ocrx_word' id='word_1_497' title='bbox 861 5067 956 5120; x_wconf 83' lang='grc' dir='ltr'><strong>τοῦ</strong></span> <span class='ocrx_word' id='word_1_498' title='bbox 992 5069 1124 5123; x_wconf 79' lang='grc' dir='ltr'>Υίοῦ</span> <span class='ocrx_word' id='word_1_499' title='bbox 1153 5072 1247 5125; x_wconf 75' lang='grc' dir='ltr'>τοῦ</span> <span class='ocrx_word' id='word_1_500' title='bbox 1282 5074 1417 5127; x_wconf 87' lang='grc' dir='ltr'>Θεοῦ</span> <span class='ocrx_word' id='word_1_501' title='bbox 1452 5079 1710 5149; x_wconf 82' lang='grc' dir='ltr'>γέννησιν</span> <span class='ocrx_word' id='word_1_502' title='bbox 1746 5084 1971 5152; x_wconf 78' lang='grc' dir='ltr'>ἀκριὸο-</span> 
     </span>
    </p>
   </div>
   <div class='ocr_carea' id='block_1_66' title="bbox 401 5149 1970 5243">
    <p class='ocr_par' dir='ltr' id='par_1_66' title="bbox 401 5149 1970 5243">
     <span class='ocr_line' id='line_1_67' title="bbox 401 5149 1970 5243; baseline 0.017 -43"><span class='ocrx_word' id='word_1_503' title='bbox 401 5149 652 5218; x_wconf 75' lang='grc' dir='ltr'>λογοῦσιν</span> <span class='ocrx_word' id='word_1_504' title='bbox 697 5156 848 5225; x_wconf 79' lang='grc' dir='ltr'>ὅμως</span> <span class='ocrx_word' id='word_1_505' title='bbox 877 5160 1076 5215; x_wconf 77' lang='grc' dir='ltr'>ἐκεῖνοι</span> <span class='ocrx_word' id='word_1_506' title='bbox 1103 5165 1149 5216; x_wconf 80' lang='grc' dir='ltr'>οἱ</span> <span class='ocrx_word' id='word_1_507' title='bbox 1199 5165 1273 5234; x_wconf 83' lang='grc' dir='ltr'>μὴ</span> <span class='ocrx_word' id='word_1_508' title='bbox 1317 5168 1678 5232; x_wconf 79' lang='grc' dir='ltr'>γινώσκοντες</span> <span class='ocrx_word' id='word_1_509' title='bbox 1705 5170 1805 5243; x_wconf 80' lang='grc' dir='ltr'>τὴν</span> <span class='ocrx_word' id='word_1_510' title='bbox 1835 5173 1970 5228; x_wconf 82' lang='grc' dir='ltr'>ἰδίαν</span> 
     </span>
    </p>
   </div>
   <div class='ocr_carea' id='block_1_67' title="bbox 400 5244 1969 5333">
    <p class='ocr_par' dir='ltr' id='par_1_67' title="bbox 400 5244 1969 5333">
     <span class='ocr_line' id='line_1_68' title="bbox 400 5244 1969 5333; baseline 0.016 -39"><span class='ocrx_word' id='word_1_511' title='bbox 400 5244 674 5313; x_wconf 83' lang='grc' dir='ltr'>γέννησιν·</span> <span class='ocrx_word' id='word_1_512' title='bbox 708 5248 1021 5307; x_wconf 76' lang='grc' dir='ltr'>εἰπάτωσαν</span> <span class='ocrx_word' id='word_1_513' title='bbox 1069 5255 1222 5325; x_wconf 78' lang='grc' dir='ltr'>ἡμῖν,</span> <span class='ocrx_word' id='word_1_514' title='bbox 1261 5258 1376 5321; x_wconf 85' lang='grc' dir='ltr'><strong>πῶς</strong></span> <span class='ocrx_word' id='word_1_515' title='bbox 1417 5261 1758 5333; x_wconf 81' lang='grc' dir='ltr'>ὲσωματὼθη</span> <span class='ocrx_word' id='word_1_516' title='bbox 1788 5263 1849 5317; x_wconf 84' lang='grc' dir='ltr'>τὸ</span> <span class='ocrx_word' id='word_1_517' title='bbox 1875 5266 1969 5319; x_wconf 77' lang='grc' dir='ltr'><strong>τοῦ</strong></span> 
     </span>
    </p>
   </div>
   <div class='ocr_carea' id='block_1_68' title="bbox 398 5338 1971 5428">
    <p class='ocr_par' dir='ltr' id='par_1_68' title="bbox 398 5338 1971 5428">
     <span class='ocr_line' id='line_1_69' title="bbox 398 5338 1971 5428; baseline 0.012 -40"><span class='ocrx_word' id='word_1_518' title='bbox 398 5338 607 5406; x_wconf 74' lang='grc' dir='ltr'>πατρὸς</span> <span class='ocrx_word' id='word_1_519' title='bbox 662 5341 843 5394; x_wconf 84' lang='grc' dir='ltr'>αὐτῶν</span> <span class='ocrx_word' id='word_1_520' title='bbox 895 5346 1118 5415; x_wconf 78' lang='grc' dir='ltr'>σπέρμα</span> <span class='ocrx_word' id='word_1_521' title='bbox 1174 5351 1232 5399; x_wconf 82' lang='grc' dir='ltr'><strong>ἐν</strong></span> <span class='ocrx_word' id='word_1_522' title='bbox 1280 5354 1347 5421; x_wconf 76' lang='grc' dir='ltr'>τῇ</span> <span class='ocrx_word' id='word_1_523' title='bbox 1397 5354 1575 5425; x_wconf 79' lang='grc' dir='ltr'>κοιλίᾳ</span> <span class='ocrx_word' id='word_1_524' title='bbox 1620 5355 1716 5424; x_wconf 78' lang='grc' dir='ltr'>τῆς</span> <span class='ocrx_word' id='word_1_525' title='bbox 1764 5357 1971 5428; x_wconf 78' lang='grc' dir='ltr'>μητρὸς</span> 
     </span>
    </p>
   </div>
   <div class='ocr_carea' id='block_1_69' title="bbox 402 5426 1974 5516">
    <p class='ocr_par' dir='ltr' id='par_1_69' title="bbox 402 5426 1974 5516">
     <span class='ocr_line' id='line_1_70' title="bbox 402 5426 1974 5516; baseline 0.016 -40"><span class='ocrx_word' id='word_1_526' title='bbox 402 5426 602 5493; x_wconf 82' lang='grc' dir='ltr'>αὐτῶν,</span> <span class='ocrx_word' id='word_1_527' title='bbox 638 5431 733 5483; x_wconf 74' lang='grc' dir='ltr'>καὶ</span> <span class='ocrx_word' id='word_1_528' title='bbox 766 5434 895 5488; x_wconf 84' lang='grc' dir='ltr'>πότε</span> <span class='ocrx_word' id='word_1_529' title='bbox 926 5438 1145 5505; x_wconf 75' lang='grc' dir='ltr'>ἐγένετο</span> <span class='ocrx_word' id='word_1_530' title='bbox 1191 5441 1223 5512; x_wconf 80' lang='grc' dir='ltr'><strong>ἡ</strong></span> <span class='ocrx_word' id='word_1_531' title='bbox 1252 5440 1398 5513; x_wconf 80' lang='grc' dir='ltr'>ψυχὴ</span> <span class='ocrx_word' id='word_1_532' title='bbox 1449 5445 1627 5497; x_wconf 83' lang='grc' dir='ltr'>αὐτῶν</span> <span class='ocrx_word' id='word_1_533' title='bbox 1656 5447 1728 5516; x_wconf 29' lang='grc' dir='ltr'>,ἐν</span> <span class='ocrx_word' id='word_1_534' title='bbox 1762 5447 1839 5515; x_wconf 82' lang='grc' dir='ltr'>τῷ</span> <span class='ocrx_word' id='word_1_535' title='bbox 1866 5446 1974 5500; x_wconf 81' lang='grc' dir='ltr'><strong>σώ-</strong></span> 
     </span>
    </p>
   </div>
   <div class='ocr_carea' id='block_1_70' title="bbox 404 5524 1974 5607">
    <p class='ocr_par' dir='ltr' id='par_1_70' title="bbox 404 5524 1974 5607">
     <span class='ocr_line' id='line_1_71' title="bbox 404 5524 1974 5607; baseline 0.011 -35"><span class='ocrx_word' id='word_1_536' title='bbox 404 5538 537 5591; x_wconf 82' lang='grc' dir='ltr'>ματι</span> <span class='ocrx_word' id='word_1_537' title='bbox 583 5524 785 5589; x_wconf 81' lang='grc' dir='ltr'>αὐτῶν,</span> <span class='ocrx_word' id='word_1_538' title='bbox 816 5530 908 5580; x_wconf 71' lang='grc' dir='ltr'>καὶ</span> <span class='ocrx_word' id='word_1_539' title='bbox 944 5530 1076 5583; x_wconf 79' lang='grc' dir='ltr'>πότε</span> <span class='ocrx_word' id='word_1_540' title='bbox 1119 5527 1304 5602; x_wconf 81' lang='grc' dir='ltr'>ἦλθεν,</span> <span class='ocrx_word' id='word_1_541' title='bbox 1336 5534 1433 5588; x_wconf 70' lang='grc' dir='ltr'><strong>καὶ</strong></span> <span class='ocrx_word' id='word_1_542' title='bbox 1480 5537 1529 5589; x_wconf 83' lang='grc' dir='ltr'><strong>εί</strong></span> <span class='ocrx_word' id='word_1_543' title='bbox 1575 5535 1829 5607; x_wconf 74' lang='grc' dir='ltr'>ἡνωμένη</span> <span class='ocrx_word' id='word_1_544' title='bbox 1856 5537 1974 5591; x_wconf 74' lang='grc' dir='ltr'>ἐστὶ</span> 
     </span>
    </p>
   </div>
   <div class='ocr_carea' id='block_1_71' title="bbox 406 5610 1971 5699">
    <p class='ocr_par' dir='ltr' id='par_1_71' title="bbox 406 5610 1971 5699">
     <span class='ocr_line' id='line_1_72' title="bbox 406 5610 1971 5699; baseline 0.015 -37"><span class='ocrx_word' id='word_1_545' title='bbox 406 5610 550 5678; x_wconf 78' lang='grc' dir='ltr'>μετὰ</span> <span class='ocrx_word' id='word_1_546' title='bbox 596 5613 691 5667; x_wconf 79' lang='grc' dir='ltr'>τοῦ</span> <span class='ocrx_word' id='word_1_547' title='bbox 740 5617 1078 5690; x_wconf 78' lang='grc' dir='ltr'>σπέρματος,</span> <span class='ocrx_word' id='word_1_548' title='bbox 1111 5619 1145 5691; x_wconf 82' lang='grc' dir='ltr'>ἦ</span> <span class='ocrx_word' id='word_1_549' title='bbox 1177 5621 1267 5691; x_wconf 67' lang='lat' dir='ltr'><strong>ob;</strong></span> <span class='ocrx_word' id='word_1_550' title='bbox 1300 5626 1392 5679; x_wconf 70' lang='grc' dir='ltr'>καὶ</span> <span class='ocrx_word' id='word_1_551' title='bbox 1420 5625 1472 5679; x_wconf 81' lang='grc' dir='ltr'><strong>εί</strong></span> <span class='ocrx_word' id='word_1_552' title='bbox 1513 5625 1661 5681; x_wconf 83' lang='grc' dir='ltr'>ἔστιν</span> <span class='ocrx_word' id='word_1_553' title='bbox 1694 5628 1971 5699; x_wconf 81' lang='grc' dir='ltr'>ἡνωμένη,</span> 
     </span>
    </p>
   </div>
   <div class='ocr_carea' id='block_1_72' title="bbox 480 5768 814 5834">
    <p class='ocr_par' dir='ltr' id='par_1_72' title="bbox 480 5768 814 5834">
     <span class='ocr_line' id='line_1_73' title="bbox 480 5768 814 5834; baseline 0.027 -8"><span class='ocrx_word' id='word_1_554' title='bbox 480 5768 527 5803; x_wconf 71' lang='grc'><strong>’⁸³</strong></span> <span class='ocrx_word' id='word_1_555' title='bbox 559 5770 693 5833; x_wconf 83' lang='lat' dir='ltr'><strong>Ibid.</strong></span> <span class='ocrx_word' id='word_1_556' title='bbox 727 5774 814 5834; x_wconf 74' lang='lat' dir='ltr'><strong>i7-</strong></span> 
     </span>
    </p>
   </div>
   <div class='ocr_carea' id='block_1_73' title="bbox 2074 1844 3669 1929">
    <p class='ocr_par' dir='ltr' id='par_1_73' title="bbox 2074 1844 3669 1929">
     <span class='ocr_line' id='line_1_74' title="bbox 2074 1844 3669 1929; baseline 0.013 -31"><span class='ocrx_word' id='word_1_557' title='bbox 2074 1844 2302 1910; x_wconf 83' lang='lat' dir='ltr'><strong>auditis,</strong></span> <span class='ocrx_word' id='word_1_558' title='bbox 2351 1848 2568 1906; x_wconf 83' lang='lat' dir='ltr'><strong>discant</strong></span> <span class='ocrx_word' id='word_1_559' title='bbox 2615 1866 2719 1906; x_wconf 88' lang='lat' dir='ltr'><strong>nos</strong></span> <span class='ocrx_word' id='word_1_560' title='bbox 2774 1862 2924 1910; x_wconf 76' lang='lat' dir='ltr'><strong>recte</strong></span> <span class='ocrx_word' id='word_1_561' title='bbox 2971 1859 3216 1925; x_wconf 86' lang='lat' dir='ltr'><strong>sentire;</strong></span> <span class='ocrx_word' id='word_1_562' title='bbox 3263 1865 3518 1929; x_wconf 88' lang='lat' dir='ltr'><strong>quamvis</strong></span> <span class='ocrx_word' id='word_1_563' title='bbox 3543 1867 3669 1919; x_wconf 75' lang='lat' dir='ltr'><strong>inos—</strong></span> 
     </span>
    </p>
   </div>
   <div class='ocr_carea' id='block_1_74' title="bbox 2076 1933 3655 2023">
    <p class='ocr_par' dir='ltr' id='par_1_74' title="bbox 2076 1933 3655 2023">
     <span class='ocr_line' id='line_1_75' title="bbox 2076 1933 3655 2023; baseline 0.011 -34"><span class='ocrx_word' id='word_1_564' title='bbox 2076 1933 2547 1994; x_wconf 73' lang='lat' dir='ltr'><strong>Musulmanorum</strong></span> <span class='ocrx_word' id='word_1_565' title='bbox 2603 1941 3006 2002; x_wconf 85' lang='lat' dir='ltr'><strong>intercessione</strong></span> <span class='ocrx_word' id='word_1_566' title='bbox 3054 1962 3194 2018; x_wconf 87' lang='lat' dir='ltr'><strong>opus</strong></span> <span class='ocrx_word' id='word_1_567' title='bbox 3249 1949 3456 2006; x_wconf 89' lang='lat' dir='ltr'><strong>habere</strong></span> <span class='ocrx_word' id='word_1_568' title='bbox 3508 1952 3655 2023; x_wconf 87' lang='lat' dir='ltr'><strong>judi-</strong></span> 
     </span>
    </p>
   </div>
   <div class='ocr_carea' id='block_1_75' title="bbox 2044 2031 3656 2111">
    <p class='ocr_par' dir='ltr' id='par_1_75' title="bbox 2044 2031 3656 2111">
     <span class='ocr_line' id='line_1_76' title="bbox 2044 2031 3656 2111; baseline 0.012 -30"><span class='ocrx_word' id='word_1_569' title='bbox 2044 2036 2220 2094; x_wconf 75' lang='lat' dir='ltr'><strong>-ceut,</strong></span> <span class='ocrx_word' id='word_1_570' title='bbox 2246 2031 2714 2100; x_wconf 84' lang='lat' dir='ltr'><strong>quemadmodum</strong></span> <span class='ocrx_word' id='word_1_571' title='bbox 2744 2045 2800 2090; x_wconf 90' lang='lat' dir='ltr'><strong>tu</strong></span> <span class='ocrx_word' id='word_1_572' title='bbox 2841 2036 3004 2105; x_wconf 87' lang='lat' dir='ltr'><strong>dicis,</strong></span> <span class='ocrx_word' id='word_1_573' title='bbox 3034 2055 3102 2094; x_wconf 89' lang='lat' dir='ltr'><strong>eo</strong></span> <span class='ocrx_word' id='word_1_574' title='bbox 3123 2041 3283 2111; x_wconf 71' lang='lat' dir='ltr'><strong>,‘quod</strong></span> <span class='ocrx_word' id='word_1_575' title='bbox 3323 2044 3656 2100; x_wconf 82' lang='lat' dir='ltr'><strong>conﬁtemur</strong></span> 
     </span>
    </p>
   </div>
   <div class='ocr_carea' id='block_1_76' title="bbox 2072 2121 3654 2205">
    <p class='ocr_par' dir='ltr' id='par_1_76' title="bbox 2072 2121 3654 2205">
     <span class='ocr_line' id='line_1_77' title="bbox 2072 2121 3654 2205; baseline 0.011 -28"><span class='ocrx_word' id='word_1_576' title='bbox 2072 2129 2130 2177; x_wconf 89' lang='lat' dir='ltr'><strong>ct</strong></span> <span class='ocrx_word' id='word_1_577' title='bbox 2159 2121 2441 2180; x_wconf 90' lang='lat' dir='ltr'><strong>credimus</strong></span> <span class='ocrx_word' id='word_1_578' title='bbox 2480 2123 2763 2182; x_wconf 82' lang='lat' dir='ltr'><strong>Christum</strong></span> <span class='ocrx_word' id='word_1_579' title='bbox 2802 2129 2900 2185; x_wconf 86' lang='lat' dir='ltr'><strong>Dei</strong></span> <span class='ocrx_word' id='word_1_580' title='bbox 2949 2130 3149 2189; x_wconf 84' lang='lat' dir='ltr'><strong>Filium</strong></span> <span class='ocrx_word' id='word_1_581' title='bbox 3183 2149 3308 2191; x_wconf 89' lang='lat' dir='ltr'><strong>esse</strong></span> <span class='ocrx_word' id='word_1_582' title='bbox 3356 2146 3414 2193; x_wconf 89' lang='lat' dir='ltr'><strong>et</strong></span> <span class='ocrx_word' id='word_1_583' title='bbox 3455 2138 3654 2205; x_wconf 89' lang='lat' dir='ltr'><strong>Deum,</strong></span> 
     </span>
    </p>
   </div>
   <div class='ocr_carea' id='block_1_77' title="bbox 2072 2216 3652 2293">
    <p class='ocr_par' dir='ltr' id='par_1_77' title="bbox 2072 2216 3652 2293">
     <span class='ocr_line' id='line_1_78' title="bbox 2072 2216 3652 2293; baseline 0.013 -25"><span class='ocrx_word' id='word_1_584' title='bbox 2072 2216 2536 2284; x_wconf 89' lang='lat' dir='ltr'><strong>quemadmodum</strong></span> <span class='ocrx_word' id='word_1_585' title='bbox 2569 2228 2627 2275; x_wconf 92' lang='lat' dir='ltr'><strong>tu</strong></span> <span class='ocrx_word' id='word_1_586' title='bbox 2657 2220 2714 2276; x_wconf 90' lang='lat' dir='ltr'><strong>in</strong></span> <span class='ocrx_word' id='word_1_587' title='bbox 2736 2223 2968 2293; x_wconf 90' lang='lat' dir='ltr'><strong>epistola</strong></span> <span class='ocrx_word' id='word_1_588' title='bbox 3004 2227 3070 2281; x_wconf 92' lang='lat' dir='ltr'><strong>ad</strong></span> <span class='ocrx_word' id='word_1_589' title='bbox 3100 2243 3189 2284; x_wconf 91' lang='lat' dir='ltr'><strong>me</strong></span> <span class='ocrx_word' id='word_1_590' title='bbox 3224 2229 3390 2286; x_wconf 88' lang='lat' dir='ltr'><strong>missa</strong></span> <span class='ocrx_word' id='word_1_591' title='bbox 3432 2232 3652 2289; x_wconf 87' lang='lat' dir='ltr'><strong>scribis.</strong></span> 
     </span>
    </p>
   </div>
   <div class='ocr_carea' id='block_1_78' title="bbox 2072 2304 3655 2385">
    <p class='ocr_par' dir='ltr' id='par_1_78' title="bbox 2072 2304 3655 2385">
     <span class='ocr_line' id='line_1_79' title="bbox 2072 2304 3655 2385; baseline 0.013 -25"><span class='ocrx_word' id='word_1_592' title='bbox 2072 2304 2400 2363; x_wconf 78' lang='lat' dir='ltr'><strong>Defecerunt</strong></span> <span class='ocrx_word' id='word_1_593' title='bbox 2437 2319 2625 2366; x_wconf 89' lang='lat' dir='ltr'><strong>autem</strong></span> <span class='ocrx_word' id='word_1_594' title='bbox 2650 2312 2719 2368; x_wconf 91' lang='lat' dir='ltr'><strong>ab</strong></span> <span class='ocrx_word' id='word_1_595' title='bbox 2743 2314 2849 2370; x_wconf 86' lang='lat' dir='ltr'><strong>hoc</strong></span> <span class='ocrx_word' id='word_1_596' title='bbox 2873 2315 3070 2385; x_wconf 60' lang='lat' dir='ltr'><strong>Graeci,</strong></span> <span class='ocrx_word' id='word_1_597' title='bbox 3102 2317 3428 2377; x_wconf 82' lang='lat' dir='ltr'><strong>defecerunt</strong></span> <span class='ocrx_word' id='word_1_598' title='bbox 3452 2325 3521 2379; x_wconf 92' lang='lat' dir='ltr'><strong>ab</strong></span> <span class='ocrx_word' id='word_1_599' title='bbox 3547 2323 3655 2381; x_wconf 89' lang='lat' dir='ltr'><strong>hoc</strong></span> 
     </span>
    </p>
   </div>
   <div class='ocr_carea' id='block_1_79' title="bbox 2077 2394 3655 2486">
    <p class='ocr_par' dir='ltr' id='par_1_79' title="bbox 2077 2394 3655 2486">
     <span class='ocr_line' id='line_1_80' title="bbox 2077 2394 3655 2486; baseline 0.016 -37"><span class='ocrx_word' id='word_1_600' title='bbox 2077 2394 2313 2466; x_wconf 70' lang='lat' dir='ltr'><strong>Hebraei,</strong></span> <span class='ocrx_word' id='word_1_601' title='bbox 2367 2400 2437 2455; x_wconf 92' lang='lat' dir='ltr'><strong>ab</strong></span> <span class='ocrx_word' id='word_1_602' title='bbox 2486 2401 2682 2457; x_wconf 91' lang='lat' dir='ltr'><strong>eodem</strong></span> <span class='ocrx_word' id='word_1_603' title='bbox 2737 2407 2906 2462; x_wconf 89' lang='lat' dir='ltr'><strong>etiam</strong></span> <span class='ocrx_word' id='word_1_604' title='bbox 2958 2408 3313 2479; x_wconf 76' lang='lat' dir='ltr'><strong>Musulmani,</strong></span> <span class='ocrx_word' id='word_1_605' title='bbox 3364 2425 3655 2486; x_wconf 79' lang='lat' dir='ltr'><strong>propterea</strong></span> 
     </span>
    </p>
   </div>
   <div class='ocr_carea' id='block_1_80' title="bbox 2072 2489 3653 2576">
    <p class='ocr_par' dir='ltr' id='par_1_80' title="bbox 2072 2489 3653 2576">
     <span class='ocr_line' id='line_1_81' title="bbox 2072 2489 3653 2576; baseline 0.014 -34"><span class='ocrx_word' id='word_1_606' title='bbox 2072 2489 2221 2559; x_wconf 90' lang='lat' dir='ltr'><strong>quod</strong></span> <span class='ocrx_word' id='word_1_607' title='bbox 2255 2490 2372 2546; x_wconf 71' lang='lat' dir='ltr'><strong>Haec</strong></span> <span class='ocrx_word' id='word_1_608' title='bbox 2404 2507 2514 2551; x_wconf 89' lang='lat' dir='ltr'><strong>non</strong></span> <span class='ocrx_word' id='word_1_609' title='bbox 2547 2502 2608 2549; x_wconf 88' lang='lat' dir='ltr'><strong>ut</strong></span> <span class='ocrx_word' id='word_1_610' title='bbox 2638 2493 2743 2551; x_wconf 78' lang='lat' dir='ltr'><strong>fide</strong></span> <span class='ocrx_word' id='word_1_611' title='bbox 2772 2497 2935 2569; x_wconf 82' lang='lat' dir='ltr'><strong>digna</strong></span> <span class='ocrx_word' id='word_1_612' title='bbox 2970 2516 3070 2570; x_wconf 81' lang='lat' dir='ltr'><strong>per</strong></span> <span class='ocrx_word' id='word_1_613' title='bbox 3111 2502 3273 2558; x_wconf 80' lang='lat' dir='ltr'><strong>ﬁdem</strong></span> <span class='ocrx_word' id='word_1_614' title='bbox 3298 2515 3653 2576; x_wconf 85' lang='lat' dir='ltr'><strong>receperunt,</strong></span> 
     </span>
    </p>
   </div>
   <div class='ocr_carea' id='block_1_81' title="bbox 2059 2581 3657 2667">
    <p class='ocr_par' dir='ltr' id='par_1_81' title="bbox 2059 2581 3657 2667">
     <span class='ocr_line' id='line_1_82' title="bbox 2059 2581 3657 2667; baseline 0.013 -29"><span class='ocrx_word' id='word_1_615' title='bbox 2059 2581 2171 2647; x_wconf 77' lang='lat' dir='ltr'><strong>,sed</strong></span> <span class='ocrx_word' id='word_1_616' title='bbox 2204 2582 2776 2645; x_wconf 88' lang='lat' dir='ltr'><strong>demonstrationibus</strong></span> <span class='ocrx_word' id='word_1_617' title='bbox 2806 2591 3101 2661; x_wconf 87' lang='lat' dir='ltr'><strong>cupierunt</strong></span> <span class='ocrx_word' id='word_1_618' title='bbox 3140 2595 3441 2667; x_wconf 83' lang='lat' dir='ltr'><strong>inquirere.</strong></span> <span class='ocrx_word' id='word_1_619' title='bbox 3476 2599 3657 2658; x_wconf 84' lang='lat' dir='ltr'><strong>Minus</strong></span> 
     </span>
    </p>
   </div>
   <div class='ocr_carea' id='block_1_82' title="bbox 2072 2665 3653 2763">
    <p class='ocr_par' dir='ltr' id='par_1_82' title="bbox 2072 2665 3653 2763">
     <span class='ocr_line' id='line_1_83' title="bbox 2072 2665 3653 2763; baseline 0.013 -34"><span class='ocrx_word' id='word_1_620' title='bbox 2072 2665 2254 2730; x_wconf 82' lang='lat' dir='ltr'><strong>tamen</strong></span> <span class='ocrx_word' id='word_1_621' title='bbox 2291 2676 2490 2744; x_wconf 78' lang='lat' dir='ltr'><strong>Graeci,</strong></span> <span class='ocrx_word' id='word_1_622' title='bbox 2520 2680 2616 2749; x_wconf 86' lang='lat' dir='ltr'><strong>qui</strong></span> <span class='ocrx_word' id='word_1_623' title='bbox 2642 2681 2803 2738; x_wconf 86' lang='lat' dir='ltr'><strong>libris</strong></span> <span class='ocrx_word' id='word_1_624' title='bbox 2836 2684 3001 2740; x_wconf 88' lang='lat' dir='ltr'><strong>simul</strong></span> <span class='ocrx_word' id='word_1_625' title='bbox 3039 2697 3095 2742; x_wconf 91' lang='lat' dir='ltr'><strong>et</strong></span> <span class='ocrx_word' id='word_1_626' title='bbox 3121 2665 3409 2760; x_wconf 82' lang='lat' dir='ltr'><strong>prophetis</strong></span> <span class='ocrx_word' id='word_1_627' title='bbox 3441 2704 3653 2763; x_wconf 89' lang='lat' dir='ltr'><strong>carent,</strong></span> 
     </span>
    </p>
   </div>
   <div class='ocr_carea' id='block_1_83' title="bbox 2072 2769 3663 2843">
    <p class='ocr_par' dir='ltr' id='par_1_83' title="bbox 2072 2769 3663 2843">
     <span class='ocr_line' id='line_1_84' title="bbox 2072 2769 3663 2843; baseline 0.013 -20"><span class='ocrx_word' id='word_1_628' title='bbox 2072 2769 2364 2825; x_wconf 87' lang='lat' dir='ltr'><strong>incusandi</strong></span> <span class='ocrx_word' id='word_1_629' title='bbox 2391 2783 2542 2839; x_wconf 87' lang='lat' dir='ltr'><strong>sunt,</strong></span> <span class='ocrx_word' id='word_1_630' title='bbox 2574 2790 2739 2842; x_wconf 89' lang='lat' dir='ltr'><strong>quam</strong></span> <span class='ocrx_word' id='word_1_631' title='bbox 2775 2776 2949 2833; x_wconf 67' lang='lat' dir='ltr'><strong>Judaei</strong></span> <span class='ocrx_word' id='word_1_632' title='bbox 2981 2788 3037 2833; x_wconf 93' lang='lat' dir='ltr'><strong>et</strong></span> <span class='ocrx_word' id='word_1_633' title='bbox 3068 2781 3417 2840; x_wconf 82' lang='lat' dir='ltr'><strong>Mnsulmani.</strong></span> <span class='ocrx_word' id='word_1_634' title='bbox 3459 2785 3663 2843; x_wconf 87' lang='lat' dir='ltr'><strong>Nonne&#39;</strong></span> 
     </span>
    </p>
   </div>
   <div class='ocr_carea' id='block_1_84' title="bbox 2070 2863 3667 2945">
    <p class='ocr_par' dir='ltr' id='par_1_84' title="bbox 2070 2863 3667 2945">
     <span class='ocr_line' id='line_1_85' title="bbox 2070 2863 3667 2945; baseline 0.012 -30"><span class='ocrx_word' id='word_1_635' title='bbox 2070 2863 2218 2917; x_wconf 85' lang='lat' dir='ltr'><strong>enim</strong></span> <span class='ocrx_word' id='word_1_636' title='bbox 2263 2864 2558 2921; x_wconf 86' lang='lat' dir='ltr'><strong>ridiculum</strong></span> <span class='ocrx_word' id='word_1_637' title='bbox 2588 2877 2690 2934; x_wconf 87' lang='lat' dir='ltr'><strong>est,</strong></span> <span class='ocrx_word' id='word_1_638' title='bbox 2732 2871 2880 2939; x_wconf 88' lang='lat' dir='ltr'><strong>quod</strong></span> <span class='ocrx_word' id='word_1_639' title='bbox 2908 2872 3060 2941; x_wconf 86' lang='lat' dir='ltr'><strong>ipsos</strong></span> <span class='ocrx_word' id='word_1_640' title='bbox 3088 2874 3262 2930; x_wconf 86' lang='lat' dir='ltr'><strong>libros</strong></span> <span class='ocrx_word' id='word_1_641' title='bbox 3294 2866 3667 2945; x_wconf 57' lang='lat' dir='ltr'><strong>venerantur,</strong></span> 
     </span>
    </p>
   </div>
   <div class='ocr_carea' id='block_1_85' title="bbox 2071 2959 3651 3033">
    <p class='ocr_par' dir='ltr' id='par_1_85' title="bbox 2071 2959 3651 3033">
     <span class='ocr_line' id='line_1_86' title="bbox 2071 2959 3651 3033; baseline 0.013 -24"><span class='ocrx_word' id='word_1_642' title='bbox 2071 2970 2136 3009; x_wconf 89' lang='lat' dir='ltr'><strong>ea</strong></span> <span class='ocrx_word' id='word_1_643' title='bbox 2174 2971 2309 3011; x_wconf 82' lang='lat' dir='ltr'><strong>vero</strong></span> <span class='ocrx_word' id='word_1_644' title='bbox 2359 2972 2482 3026; x_wconf 67' lang='lat' dir='ltr'><strong>quae</strong></span> <span class='ocrx_word' id='word_1_645' title='bbox 2540 2959 2595 3013; x_wconf 92' lang='lat' dir='ltr'><strong>in</strong></span> <span class='ocrx_word' id='word_1_646' title='bbox 2645 2960 2783 3030; x_wconf 88' lang='lat' dir='ltr'><strong>ipsis</strong></span> <span class='ocrx_word' id='word_1_647' title='bbox 2834 2965 3213 3033; x_wconf 86' lang='lat' dir='ltr'><strong>continentur,</strong></span> <span class='ocrx_word' id='word_1_648' title='bbox 3266 2979 3651 3031; x_wconf 83' lang='lat' dir='ltr'><strong>contemnunt.</strong></span> 
     </span>
    </p>
   </div>
   <div class='ocr_carea' id='block_1_86' title="bbox 2070 3052 3650 3132">
    <p class='ocr_par' dir='ltr' id='par_1_86' title="bbox 2070 3052 3650 3132">
     <span class='ocr_line' id='line_1_87' title="bbox 2070 3052 3650 3132; baseline 0.011 -31"><span class='ocrx_word' id='word_1_649' title='bbox 2070 3055 2127 3101; x_wconf 87' lang='lat' dir='ltr'><strong>et</strong></span> <span class='ocrx_word' id='word_1_650' title='bbox 2164 3063 2289 3103; x_wconf 91' lang='lat' dir='ltr'><strong>cum</strong></span> <span class='ocrx_word' id='word_1_651' title='bbox 2323 3052 2618 3121; x_wconf 87' lang='lat' dir='ltr'><strong>prophetas</strong></span> <span class='ocrx_word' id='word_1_652' title='bbox 2654 3053 2849 3108; x_wconf 84' lang='lat' dir='ltr'><strong>beatos</strong></span> <span class='ocrx_word' id='word_1_653' title='bbox 2881 3069 3002 3110; x_wconf 90' lang='lat' dir='ltr'><strong>esse</strong></span> <span class='ocrx_word' id='word_1_654' title='bbox 3034 3058 3354 3125; x_wconf 73' lang='lat' dir='ltr'><strong>praedicent,</strong></span> <span class='ocrx_word' id='word_1_655' title='bbox 3396 3076 3525 3117; x_wconf 88' lang='lat' dir='ltr'><strong>eum</strong></span> <span class='ocrx_word' id='word_1_656' title='bbox 3556 3067 3650 3132; x_wconf 86' lang='lat' dir='ltr'><strong>qui</strong></span> 
     </span>
    </p>
   </div>
   <div class='ocr_carea' id='block_1_87' title="bbox 2072 3138 3650 3210">
    <p class='ocr_par' dir='ltr' id='par_1_87' title="bbox 2072 3138 3650 3210">
     <span class='ocr_line' id='line_1_88' title="bbox 2072 3138 3650 3210; baseline 0.013 -20"><span class='ocrx_word' id='word_1_657' title='bbox 2072 3139 2140 3191; x_wconf 90' lang='lat' dir='ltr'><strong>ah</strong></span> <span class='ocrx_word' id='word_1_658' title='bbox 2170 3138 2308 3206; x_wconf 87' lang='lat' dir='ltr'><strong>ipsis</strong></span> <span class='ocrx_word' id='word_1_659' title='bbox 2336 3141 2635 3210; x_wconf 77' lang='lat' dir='ltr'><strong>praedictus</strong></span> <span class='ocrx_word' id='word_1_660' title='bbox 2663 3153 2767 3209; x_wconf 90' lang='lat' dir='ltr'><strong>est,</strong></span> <span class='ocrx_word' id='word_1_661' title='bbox 2802 3150 3177 3202; x_wconf 84' lang='lat' dir='ltr'><strong>aversantur?</strong></span> <span class='ocrx_word' id='word_1_662' title='bbox 3202 3150 3433 3207; x_wconf 82' lang='lat' dir='ltr'><strong>Maxime</strong></span> <span class='ocrx_word' id='word_1_663' title='bbox 3468 3164 3650 3210; x_wconf 89' lang='lat' dir='ltr'><strong>tamen</strong></span> 
     </span>
    </p>
   </div>
   <div class='ocr_carea' id='block_1_88' title="bbox 2071 3231 3652 3309">
    <p class='ocr_par' dir='ltr' id='par_1_88' title="bbox 2071 3231 3652 3309">
     <span class='ocr_line' id='line_1_89' title="bbox 2071 3231 3652 3309; baseline 0.011 -26"><span class='ocrx_word' id='word_1_664' title='bbox 2071 3231 2319 3285; x_wconf 92' lang='lat' dir='ltr'><strong>omnium</strong></span> <span class='ocrx_word' id='word_1_665' title='bbox 2386 3232 2716 3289; x_wconf 88' lang='lat' dir='ltr'><strong>Musulmani</strong></span> <span class='ocrx_word' id='word_1_666' title='bbox 2772 3235 3145 3305; x_wconf 82' lang='lat' dir='ltr'><strong>vituperandi,</strong></span> <span class='ocrx_word' id='word_1_667' title='bbox 3199 3242 3294 3309; x_wconf 91' lang='lat' dir='ltr'><strong>qui</strong></span> <span class='ocrx_word' id='word_1_668' title='bbox 3361 3260 3487 3298; x_wconf 89' lang='lat' dir='ltr'><strong>cum</strong></span> <span class='ocrx_word' id='word_1_669' title='bbox 3542 3262 3652 3302; x_wconf 83' lang='lat' dir='ltr'><strong>una</strong></span> 
     </span>
    </p>
   </div>
   <div class='ocr_carea' id='block_1_89' title="bbox 2070 3321 3654 3400">
    <p class='ocr_par' dir='ltr' id='par_1_89' title="bbox 2070 3321 3654 3400">
     <span class='ocr_line' id='line_1_90' title="bbox 2070 3321 3654 3400; baseline 0.011 -26"><span class='ocrx_word' id='word_1_670' title='bbox 2070 3333 2198 3375; x_wconf 89' lang='lat' dir='ltr'><strong>cum</strong></span> <span class='ocrx_word' id='word_1_671' title='bbox 2257 3321 2380 3377; x_wconf 85' lang='lat' dir='ltr'><strong>aliis</strong></span> <span class='ocrx_word' id='word_1_672' title='bbox 2428 3323 2584 3378; x_wconf 85' lang='lat' dir='ltr'><strong>libris</strong></span> <span class='ocrx_word' id='word_1_673' title='bbox 2639 3325 2844 3382; x_wconf 87' lang='lat' dir='ltr'><strong>Christi</strong></span> <span class='ocrx_word' id='word_1_674' title='bbox 2904 3328 3261 3400; x_wconf 83' lang='lat' dir='ltr'><strong>Evangelium</strong></span> <span class='ocrx_word' id='word_1_675' title='bbox 3319 3348 3418 3388; x_wconf 90' lang='lat' dir='ltr'><strong>ceu</strong></span> <span class='ocrx_word' id='word_1_676' title='bbox 3466 3351 3654 3392; x_wconf 88' lang='lat' dir='ltr'><strong>sacro-</strong></span> 
     </span>
    </p>
   </div>
   <div class='ocr_carea' id='block_1_90' title="bbox 2071 3415 3652 3494">
    <p class='ocr_par' dir='ltr' id='par_1_90' title="bbox 2071 3415 3652 3494">
     <span class='ocr_line' id='line_1_91' title="bbox 2071 3415 3652 3494; baseline 0.011 -29"><span class='ocrx_word' id='word_1_677' title='bbox 2071 3421 2347 3478; x_wconf 89' lang='lat' dir='ltr'><strong>sanctum,</strong></span> <span class='ocrx_word' id='word_1_678' title='bbox 2396 3415 2708 3472; x_wconf 87' lang='lat' dir='ltr'><strong>absolutum</strong></span> <span class='ocrx_word' id='word_1_679' title='bbox 2746 3427 2802 3473; x_wconf 89' lang='lat' dir='ltr'><strong>et</strong></span> <span class='ocrx_word' id='word_1_680' title='bbox 2844 3419 3094 3477; x_wconf 90' lang='lat' dir='ltr'><strong>divinum</strong></span> <span class='ocrx_word' id='word_1_681' title='bbox 3137 3424 3428 3494; x_wconf 86' lang='lat' dir='ltr'><strong>recipiant,</strong></span> <span class='ocrx_word' id='word_1_682' title='bbox 3465 3430 3652 3483; x_wconf 82' lang='lat' dir='ltr'><strong>verbis</strong></span> 
     </span>
    </p>
   </div>
   <div class='ocr_carea' id='block_1_91' title="bbox 2070 3503 3651 3577">
    <p class='ocr_par' dir='ltr' id='par_1_91' title="bbox 2070 3503 3651 3577">
     <span class='ocr_line' id='line_1_92' title="bbox 2070 3503 3651 3577; baseline 0.012 -19"><span class='ocrx_word' id='word_1_683' title='bbox 2070 3503 2242 3560; x_wconf 88' lang='lat' dir='ltr'><strong>nudis</strong></span> <span class='ocrx_word' id='word_1_684' title='bbox 2272 3506 2408 3562; x_wconf 90' lang='lat' dir='ltr'><strong>illud</strong></span> <span class='ocrx_word' id='word_1_685' title='bbox 2444 3523 2804 3575; x_wconf 84' lang='lat' dir='ltr'><strong>venerantur,</strong></span> <span class='ocrx_word' id='word_1_686' title='bbox 2834 3512 2994 3568; x_wconf 83' lang='lat' dir='ltr'><strong>factis</strong></span> <span class='ocrx_word' id='word_1_687' title='bbox 3018 3529 3152 3570; x_wconf 90' lang='lat' dir='ltr'><strong>vero</strong></span> <span class='ocrx_word' id='word_1_688' title='bbox 3192 3526 3407 3574; x_wconf 90' lang='lat' dir='ltr'><strong>tantum</strong></span> <span class='ocrx_word' id='word_1_689' title='bbox 3446 3520 3516 3575; x_wconf 87' lang='lat' dir='ltr'><strong>ab</strong></span> <span class='ocrx_word' id='word_1_690' title='bbox 3555 3522 3651 3577; x_wconf 92' lang='lat' dir='ltr'><strong>illo</strong></span> 
     </span>
    </p>
   </div>
   <div class='ocr_carea' id='block_1_92' title="bbox 2072 3597 3654 3678">
    <p class='ocr_par' dir='ltr' id='par_1_92' title="bbox 2072 3597 3654 3678">
     <span class='ocr_line' id='line_1_93' title="bbox 2072 3597 3654 3678; baseline 0.011 -25"><span class='ocrx_word' id='word_1_691' title='bbox 2072 3597 2365 3664; x_wconf 85' lang='lat' dir='ltr'><strong>dissident,</strong></span> <span class='ocrx_word' id='word_1_692' title='bbox 2398 3609 2667 3670; x_wconf 85' lang='lat' dir='ltr'><strong>quantum</strong></span> <span class='ocrx_word' id='word_1_693' title='bbox 2704 3604 2904 3660; x_wconf 88' lang='lat' dir='ltr'><strong>coelum</strong></span> <span class='ocrx_word' id='word_1_694' title='bbox 2954 3621 2983 3661; x_wconf 90' lang='lat' dir='ltr'><strong>a</strong></span> <span class='ocrx_word' id='word_1_695' title='bbox 3025 3615 3171 3663; x_wconf 89' lang='lat' dir='ltr'><strong>terra</strong></span> <span class='ocrx_word' id='word_1_696' title='bbox 3226 3610 3416 3678; x_wconf 86' lang='lat' dir='ltr'><strong>distat,</strong></span> <span class='ocrx_word' id='word_1_697' title='bbox 3459 3621 3516 3667; x_wconf 91' lang='lat' dir='ltr'><strong>et</strong></span> <span class='ocrx_word' id='word_1_698' title='bbox 3565 3630 3654 3670; x_wconf 88' lang='lat' dir='ltr'><strong>re-</strong></span> 
     </span>
    </p>
   </div>
   <div class='ocr_carea' id='block_1_93' title="bbox 2071 3690 3651 3762">
    <p class='ocr_par' dir='ltr' id='par_1_93' title="bbox 2071 3690 3651 3762">
     <span class='ocr_line' id='line_1_94' title="bbox 2071 3690 3651 3762; baseline 0.011 -17"><span class='ocrx_word' id='word_1_699' title='bbox 2071 3690 2200 3746; x_wconf 89' lang='lat' dir='ltr'><strong>licta</strong></span> <span class='ocrx_word' id='word_1_700' title='bbox 2229 3692 2480 3748; x_wconf 88' lang='lat' dir='ltr'><strong>veritatis</strong></span> <span class='ocrx_word' id='word_1_701' title='bbox 2512 3694 2622 3759; x_wconf 87' lang='lat' dir='ltr'><strong>via,</strong></span> <span class='ocrx_word' id='word_1_702' title='bbox 2668 3712 2839 3753; x_wconf 89' lang='lat' dir='ltr'><strong>vanas</strong></span> <span class='ocrx_word' id='word_1_703' title='bbox 2876 3707 2933 3754; x_wconf 87' lang='lat' dir='ltr'><strong>et</strong></span> <span class='ocrx_word' id='word_1_704' title='bbox 2964 3700 3308 3758; x_wconf 88' lang='lat' dir='ltr'><strong>errabundas</strong></span> <span class='ocrx_word' id='word_1_705' title='bbox 3339 3705 3651 3762; x_wconf 82' lang='lat' dir='ltr'><strong>Graecorum</strong></span> 
     </span>
    </p>
   </div>
   <div class='ocr_carea' id='block_1_94' title="bbox 2073 3782 3650 3864">
    <p class='ocr_par' dir='ltr' id='par_1_94' title="bbox 2073 3782 3650 3864">
     <span class='ocr_line' id='line_1_95' title="bbox 2073 3782 3650 3864; baseline 0.011 -28"><span class='ocrx_word' id='word_1_706' title='bbox 2073 3782 2370 3851; x_wconf 88' lang='lat' dir='ltr'><strong>opiniones</strong></span> <span class='ocrx_word' id='word_1_707' title='bbox 2402 3797 2733 3858; x_wconf 86' lang='lat' dir='ltr'><strong>sequuntur,</strong></span> <span class='ocrx_word' id='word_1_708' title='bbox 2783 3799 2841 3844; x_wconf 91' lang='lat' dir='ltr'><strong>et</strong></span> <span class='ocrx_word' id='word_1_709' title='bbox 2882 3806 3005 3860; x_wconf 71' lang='lat' dir='ltr'><strong>quae</strong></span> <span class='ocrx_word' id='word_1_710' title='bbox 3049 3792 3364 3850; x_wconf 89' lang='lat' dir='ltr'><strong>intellectus</strong></span> <span class='ocrx_word' id='word_1_711' title='bbox 3402 3796 3650 3864; x_wconf 78' lang='lat' dir='ltr'><strong>ipsorum</strong></span> 
     </span>
    </p>
   </div>
   <div class='ocr_carea' id='block_1_95' title="bbox 2073 3879 3650 3953">
    <p class='ocr_par' dir='ltr' id='par_1_95' title="bbox 2073 3879 3650 3953">
     <span class='ocr_line' id='line_1_96' title="bbox 2073 3879 3650 3953; baseline 0.01 -23"><span class='ocrx_word' id='word_1_712' title='bbox 2073 3890 2273 3945; x_wconf 84' lang='lat' dir='ltr'><strong>capere</strong></span> <span class='ocrx_word' id='word_1_713' title='bbox 2321 3879 2532 3948; x_wconf 86' lang='lat' dir='ltr'><strong>nequit,</strong></span> <span class='ocrx_word' id='word_1_714' title='bbox 2583 3884 2810 3936; x_wconf 91' lang='lat' dir='ltr'><strong>omnino</strong></span> <span class='ocrx_word' id='word_1_715' title='bbox 2851 3897 2961 3937; x_wconf 90' lang='lat' dir='ltr'><strong>non</strong></span> <span class='ocrx_word' id='word_1_716' title='bbox 3003 3886 3319 3953; x_wconf 88' lang='lat' dir='ltr'><strong>recipiunt;</strong></span> <span class='ocrx_word' id='word_1_717' title='bbox 3368 3889 3468 3943; x_wconf 82' lang='lat' dir='ltr'><strong>sed</strong></span> <span class='ocrx_word' id='word_1_718' title='bbox 3517 3890 3650 3946; x_wconf 92' lang='lat' dir='ltr'><strong>dum</strong></span> 
     </span>
    </p>
   </div>
   <div class='ocr_carea' id='block_1_96' title="bbox 2074 3971 3654 4049">
    <p class='ocr_par' dir='ltr' id='par_1_96' title="bbox 2074 3971 3654 4049">
     <span class='ocr_line' id='line_1_97' title="bbox 2074 3971 3654 4049; baseline 0.008 -28"><span class='ocrx_word' id='word_1_719' title='bbox 2074 3982 2241 4039; x_wconf 88' lang='lat' dir='ltr'><strong>supra</strong></span> <span class='ocrx_word' id='word_1_720' title='bbox 2302 3979 2557 4024; x_wconf 89' lang='lat' dir='ltr'><strong>naturam</strong></span> <span class='ocrx_word' id='word_1_721' title='bbox 2608 3971 2824 4042; x_wconf 75' lang='lat' dir='ltr'><strong>singula</strong></span> <span class='ocrx_word' id='word_1_722' title='bbox 2879 3972 3277 4044; x_wconf 79' lang='lat' dir='ltr'><strong>investigantes</strong></span> <span class='ocrx_word' id='word_1_723' title='bbox 3336 3994 3401 4032; x_wconf 81' lang='lat' dir='ltr'><strong>ea</strong></span> <span class='ocrx_word' id='word_1_724' title='bbox 3455 3996 3654 4049; x_wconf 74' lang='lat' dir='ltr'><strong>appre-</strong></span> 
     </span>
    </p>
   </div>
   <div class='ocr_carea' id='block_1_97' title="bbox 2076 4060 3654 4141">
    <p class='ocr_par' dir='ltr' id='par_1_97' title="bbox 2076 4060 3654 4141">
     <span class='ocr_line' id='line_1_98' title="bbox 2076 4060 3654 4141; baseline 0.008 -29"><span class='ocrx_word' id='word_1_725' title='bbox 2076 4060 2319 4116; x_wconf 86' lang='lat' dir='ltr'><strong>hendere</strong></span> <span class='ocrx_word' id='word_1_726' title='bbox 2341 4070 2450 4115; x_wconf 73' lang='lat' dir='ltr'><strong>ncn</strong></span> <span class='ocrx_word' id='word_1_727' title='bbox 2488 4072 2742 4130; x_wconf 88' lang='lat' dir='ltr'><strong>possunt,</strong></span> <span class='ocrx_word' id='word_1_728' title='bbox 2769 4078 2798 4117; x_wconf 93' lang='lat' dir='ltr'><strong>a</strong></span> <span class='ocrx_word' id='word_1_729' title='bbox 2833 4064 3068 4119; x_wconf 87' lang='lat' dir='ltr'><strong>veritate</strong></span> <span class='ocrx_word' id='word_1_730' title='bbox 3105 4065 3384 4132; x_wconf 88' lang='lat' dir='ltr'><strong>aberrant,</strong></span> <span class='ocrx_word' id='word_1_731' title='bbox 3413 4078 3471 4124; x_wconf 88' lang='lat' dir='ltr'><strong>et</strong></span> <span class='ocrx_word' id='word_1_732' title='bbox 3505 4073 3654 4141; x_wconf 80' lang='lat' dir='ltr'><strong>cogi-</strong></span> 
     </span>
    </p>
   </div>
   <div class='ocr_carea' id='block_1_98' title="bbox 2074 4152 3653 4229">
    <p class='ocr_par' dir='ltr' id='par_1_98' title="bbox 2074 4152 3653 4229">
     <span class='ocr_line' id='line_1_99' title="bbox 2074 4152 3653 4229; baseline 0.008 -26"><span class='ocrx_word' id='word_1_733' title='bbox 2074 4152 2344 4206; x_wconf 85' lang='lat' dir='ltr'><strong>tationum</strong></span> <span class='ocrx_word' id='word_1_734' title='bbox 2372 4168 2597 4207; x_wconf 86' lang='lat' dir='ltr'><strong>suarum</strong></span> <span class='ocrx_word' id='word_1_735' title='bbox 2633 4154 2889 4224; x_wconf 74' lang='lat' dir='ltr'><strong>ﬁgmenta</strong></span> <span class='ocrx_word' id='word_1_736' title='bbox 2915 4155 3227 4223; x_wconf 80' lang='lat' dir='ltr'><strong>proferunt,</strong></span> <span class='ocrx_word' id='word_1_737' title='bbox 3253 4174 3475 4229; x_wconf 74' lang='lat' dir='ltr'><strong>neliipc,</strong></span> <span class='ocrx_word' id='word_1_738' title='bbox 3505 4162 3653 4227; x_wconf 58' lang='lat' dir='ltr'><strong>Qum</strong></span> 
     </span>
    </p>
   </div>
   <div class='ocr_carea' id='block_1_99' title="bbox 2072 4241 3649 4312">
    <p class='ocr_par' dir='ltr' id='par_1_99' title="bbox 2072 4241 3649 4312">
     <span class='ocr_line' id='line_1_100' title="bbox 2072 4241 3649 4312; baseline 0.009 -17"><span class='ocrx_word' id='word_1_739' title='bbox 2072 4241 2238 4296; x_wconf 87' lang='lat' dir='ltr'><strong>modo</strong></span> <span class='ocrx_word' id='word_1_740' title='bbox 2282 4243 2544 4312; x_wconf 83' lang='lat' dir='ltr'><strong>possibile</strong></span> <span class='ocrx_word' id='word_1_741' title='bbox 2588 4252 2674 4299; x_wconf 86' lang='lat' dir='ltr'><strong>est</strong></span> <span class='ocrx_word' id='word_1_742' title='bbox 2720 4255 2780 4301; x_wconf 91' lang='lat' dir='ltr'><strong>ut</strong></span> <span class='ocrx_word' id='word_1_743' title='bbox 2832 4246 2980 4300; x_wconf 87' lang='lat' dir='ltr'><strong>Deus</strong></span> <span class='ocrx_word' id='word_1_744' title='bbox 3028 4246 3229 4305; x_wconf 84' lang='lat' dir='ltr'><strong>habeat</strong></span> <span class='ocrx_word' id='word_1_745' title='bbox 3282 4250 3477 4305; x_wconf 84' lang='lat' dir='ltr'><strong>Filium</strong></span> <span class='ocrx_word' id='word_1_746' title='bbox 3530 4254 3649 4310; x_wconf 83' lang='lat' dir='ltr'><strong>sine</strong></span> 
     </span>
    </p>
   </div>
   <div class='ocr_carea' id='block_1_100' title="bbox 2075 4333 3648 4411">
    <p class='ocr_par' dir='ltr' id='par_1_100' title="bbox 2075 4333 3648 4411">
     <span class='ocr_line' id='line_1_101' title="bbox 2075 4333 3648 4411; baseline 0.008 -24"><span class='ocrx_word' id='word_1_747' title='bbox 2075 4333 2352 4388; x_wconf 81' lang='lat' dir='ltr'><strong>muliere?</strong></span> <span class='ocrx_word' id='word_1_748' title='bbox 2382 4335 2450 4390; x_wconf 84' lang='lat' dir='ltr'><strong>Et</strong></span> <span class='ocrx_word' id='word_1_749' title='bbox 2473 4335 2530 4389; x_wconf 86' lang='lat' dir='ltr'><strong>hi</strong></span> <span class='ocrx_word' id='word_1_750' title='bbox 2563 4345 2691 4391; x_wconf 88' lang='lat' dir='ltr'><strong>sunt</strong></span> <span class='ocrx_word' id='word_1_751' title='bbox 2716 4337 2810 4407; x_wconf 87' lang='lat' dir='ltr'><strong>qui</strong></span> <span class='ocrx_word' id='word_1_752' title='bbox 2844 4350 3266 4407; x_wconf 83' lang='lat' dir='ltr'><strong>perscrutantur</strong></span> <span class='ocrx_word' id='word_1_753' title='bbox 3288 4344 3529 4411; x_wconf 90' lang='lat' dir='ltr'><strong>penitius</strong></span> <span class='ocrx_word' id='word_1_754' title='bbox 3553 4347 3648 4399; x_wconf 81' lang='lat' dir='ltr'><strong>llei</strong></span> 
     </span>
    </p>
   </div>
   <div class='ocr_carea' id='block_1_101' title="bbox 2071 4426 3652 4502">
    <p class='ocr_par' dir='ltr' id='par_1_101' title="bbox 2071 4426 3652 4502">
     <span class='ocr_line' id='line_1_102' title="bbox 2071 4426 3652 4502; baseline 0.004 -23"><span class='ocrx_word' id='word_1_755' title='bbox 2071 4426 2505 4495; x_wconf 74' lang='lat' dir='ltr'><strong>generationem,</strong></span> <span class='ocrx_word' id='word_1_756' title='bbox 2553 4438 2608 4484; x_wconf 89' lang='lat' dir='ltr'><strong>et</strong></span> <span class='ocrx_word' id='word_1_757' title='bbox 2662 4430 2918 4500; x_wconf 80' lang='lat' dir='ltr'><strong>ignorant</strong></span> <span class='ocrx_word' id='word_1_758' title='bbox 2960 4431 3180 4486; x_wconf 76' lang='lat' dir='ltr'><strong>interim</strong></span> <span class='ocrx_word' id='word_1_759' title='bbox 3234 4443 3369 4502; x_wconf 88' lang='lat' dir='ltr'><strong>quot</strong></span> <span class='ocrx_word' id='word_1_760' title='bbox 3406 4435 3460 4488; x_wconf 88' lang='lat' dir='ltr'><strong>in</strong></span> <span class='ocrx_word' id='word_1_761' title='bbox 3511 4438 3652 4491; x_wconf 65' lang='lat' dir='ltr'><strong>caelo</strong></span> 
     </span>
    </p>
   </div>
   <div class='ocr_carea' id='block_1_102' title="bbox 2077 4518 3655 4596">
    <p class='ocr_par' dir='ltr' id='par_1_102' title="bbox 2077 4518 3655 4596">
     <span class='ocr_line' id='line_1_103' title="bbox 2077 4518 3655 4596; baseline 0.008 -25"><span class='ocrx_word' id='word_1_762' title='bbox 2077 4518 2249 4573; x_wconf 67' lang='lat' dir='ltr'><strong>stella:</strong></span> <span class='ocrx_word' id='word_1_763' title='bbox 2282 4519 2522 4586; x_wconf 82' lang='lat' dir='ltr'><strong>luceant,</strong></span> <span class='ocrx_word' id='word_1_764' title='bbox 2564 4531 2702 4589; x_wconf 88' lang='lat' dir='ltr'><strong>quot</strong></span> <span class='ocrx_word' id='word_1_765' title='bbox 2740 4535 2897 4590; x_wconf 67' lang='lat' dir='ltr'><strong>aqua:</strong></span> <span class='ocrx_word' id='word_1_766' title='bbox 2926 4538 3216 4578; x_wconf 88' lang='lat' dir='ltr'><strong>mensuras</strong></span> <span class='ocrx_word' id='word_1_767' title='bbox 3250 4526 3532 4581; x_wconf 87' lang='lat' dir='ltr'><strong>contineat</strong></span> <span class='ocrx_word' id='word_1_768' title='bbox 3562 4544 3655 4596; x_wconf 76' lang='lat' dir='ltr'><strong>pe-</strong></span> 
     </span>
    </p>
   </div>
   <div class='ocr_carea' id='block_1_103' title="bbox 2072 4611 3651 4682">
    <p class='ocr_par' dir='ltr' id='par_1_103' title="bbox 2072 4611 3651 4682">
     <span class='ocr_line' id='line_1_104' title="bbox 2072 4611 3651 4682; baseline 0.004 -17"><span class='ocrx_word' id='word_1_769' title='bbox 2072 4611 2250 4682; x_wconf 81' lang='lat' dir='ltr'><strong>lagus,</strong></span> <span class='ocrx_word' id='word_1_770' title='bbox 2283 4623 2525 4681; x_wconf 83' lang='lat' dir='ltr'><strong>quantus</strong></span> <span class='ocrx_word' id='word_1_771' title='bbox 2551 4614 2622 4668; x_wconf 89' lang='lat' dir='ltr'><strong>sit</strong></span> <span class='ocrx_word' id='word_1_772' title='bbox 2649 4629 2831 4669; x_wconf 80' lang='lat' dir='ltr'><strong>arenae</strong></span> <span class='ocrx_word' id='word_1_773' title='bbox 2862 4614 2916 4668; x_wconf 91' lang='lat' dir='ltr'><strong>in</strong></span> <span class='ocrx_word' id='word_1_774' title='bbox 2942 4611 3133 4670; x_wconf 74' lang='lat' dir='ltr'><strong>littore</strong></span> <span class='ocrx_word' id='word_1_775' title='bbox 3172 4617 3336 4671; x_wconf 89' lang='lat' dir='ltr'><strong>maris</strong></span> <span class='ocrx_word' id='word_1_776' title='bbox 3364 4632 3651 4677; x_wconf 82' lang='lat' dir='ltr'><strong>numerus.</strong></span> 
     </span>
    </p>
   </div>
   <div class='ocr_carea' id='block_1_104' title="bbox 2073 4704 3651 4773">
    <p class='ocr_par' dir='ltr' id='par_1_104' title="bbox 2073 4704 3651 4773">
     <span class='ocr_line' id='line_1_105' title="bbox 2073 4704 3651 4773; baseline 0.004 -16"><span class='ocrx_word' id='word_1_777' title='bbox 2073 4715 2128 4758; x_wconf 89' lang='lat' dir='ltr'><strong>et</strong></span> <span class='ocrx_word' id='word_1_778' title='bbox 2158 4704 2264 4760; x_wconf 84' lang='lat' dir='ltr'><strong>alia</strong></span> <span class='ocrx_word' id='word_1_779' title='bbox 2297 4704 2613 4773; x_wconf 88' lang='lat' dir='ltr'><strong>hujusmodi</strong></span> <span class='ocrx_word' id='word_1_780' title='bbox 2650 4706 2887 4760; x_wconf 80' lang='lat' dir='ltr'><strong>inﬁnita.</strong></span> <span class='ocrx_word' id='word_1_781' title='bbox 2932 4706 2998 4761; x_wconf 86' lang='lat' dir='ltr'><strong>Et</strong></span> <span class='ocrx_word' id='word_1_782' title='bbox 3028 4707 3157 4762; x_wconf 89' lang='lat' dir='ltr'><strong>licet</strong></span> <span class='ocrx_word' id='word_1_783' title='bbox 3199 4707 3397 4761; x_wconf 91' lang='lat' dir='ltr'><strong>horum</strong></span> <span class='ocrx_word' id='word_1_784' title='bbox 3442 4719 3651 4764; x_wconf 87' lang='lat' dir='ltr'><strong>certam</strong></span> 
     </span>
    </p>
   </div>
   <div class='ocr_carea' id='block_1_105' title="bbox 2075 4797 3649 4868">
    <p class='ocr_par' dir='ltr' id='par_1_105' title="bbox 2075 4797 3649 4868">
     <span class='ocr_line' id='line_1_106' title="bbox 2075 4797 3649 4868; baseline 0.006 -20"><span class='ocrx_word' id='word_1_785' title='bbox 2075 4797 2344 4849; x_wconf 82' lang='lat' dir='ltr'><strong>rationem</strong></span> <span class='ocrx_word' id='word_1_786' title='bbox 2389 4798 2664 4867; x_wconf 76' lang='lat' dir='ltr'><strong>ignorent,</strong></span> <span class='ocrx_word' id='word_1_787' title='bbox 2702 4798 2935 4852; x_wconf 87' lang='lat' dir='ltr'><strong>credunt</strong></span> <span class='ocrx_word' id='word_1_788' title='bbox 2984 4806 3169 4852; x_wconf 86' lang='lat' dir='ltr'><strong>tamen</strong></span> <span class='ocrx_word' id='word_1_789' title='bbox 3199 4801 3341 4868; x_wconf 85' lang='lat' dir='ltr'><strong>quod</strong></span> <span class='ocrx_word' id='word_1_790' title='bbox 3390 4800 3507 4856; x_wconf 68' lang='lat' dir='ltr'><strong>haec</strong></span> <span class='ocrx_word' id='word_1_791' title='bbox 3554 4802 3649 4856; x_wconf 86' lang='lat' dir='ltr'><strong>Dei</strong></span> 
     </span>
    </p>
   </div>
   <div class='ocr_carea' id='block_1_106' title="bbox 2075 4888 3651 4958">
    <p class='ocr_par' dir='ltr' id='par_1_106' title="bbox 2075 4888 3651 4958">
     <span class='ocr_line' id='line_1_107' title="bbox 2075 4888 3651 4958; baseline 0.005 -17"><span class='ocrx_word' id='word_1_792' title='bbox 2075 4904 2243 4957; x_wconf 74' lang='lat' dir='ltr'><strong>Opera</strong></span> <span class='ocrx_word' id='word_1_793' title='bbox 2274 4888 2404 4953; x_wconf 88' lang='lat' dir='ltr'><strong>sint,</strong></span> <span class='ocrx_word' id='word_1_794' title='bbox 2440 4903 2621 4958; x_wconf 78' lang='lat' dir='ltr'><strong>neque</strong></span> <span class='ocrx_word' id='word_1_795' title='bbox 2658 4888 2728 4944; x_wconf 88' lang='lat' dir='ltr'><strong>de</strong></span> <span class='ocrx_word' id='word_1_796' title='bbox 2771 4890 2855 4943; x_wconf 91' lang='lat' dir='ltr'><strong>his</strong></span> <span class='ocrx_word' id='word_1_797' title='bbox 2888 4891 3317 4945; x_wconf 87' lang='lat' dir='ltr'><strong>tumultuantur.</strong></span> <span class='ocrx_word' id='word_1_798' title='bbox 3353 4892 3475 4947; x_wconf 86' lang='lat' dir='ltr'><strong>Filii</strong></span> <span class='ocrx_word' id='word_1_799' title='bbox 3522 4911 3651 4949; x_wconf 85' lang='lat' dir='ltr'><strong>vero</strong></span> 
     </span>
    </p>
   </div>
   <div class='ocr_carea' id='block_1_107' title="bbox 2082 4980 3648 5054">
    <p class='ocr_par' dir='ltr' id='par_1_107' title="bbox 2082 4980 3648 5054">
     <span class='ocr_line' id='line_1_108' title="bbox 2082 4980 3648 5054; baseline 0.004 -21"><span class='ocrx_word' id='word_1_800' title='bbox 2082 4980 2176 5034; x_wconf 78' lang='lat' dir='ltr'><strong>Dei</strong></span> <span class='ocrx_word' id='word_1_801' title='bbox 2196 4981 2603 5049; x_wconf 79' lang='lat' dir='ltr'><strong>generationem</strong></span> <span class='ocrx_word' id='word_1_802' title='bbox 2631 4982 2879 5050; x_wconf 73' lang='lat' dir='ltr'><strong>argutius</strong></span> <span class='ocrx_word' id='word_1_803' title='bbox 2904 4983 3136 5035; x_wconf 85' lang='lat' dir='ltr'><strong>scrutari</strong></span> <span class='ocrx_word' id='word_1_804' title='bbox 3171 4990 3404 5044; x_wconf 69' lang='lat' dir='ltr'><strong>leltl&#39;lnl,</strong></span> <span class='ocrx_word' id='word_1_805' title='bbox 3435 4984 3488 5038; x_wconf 88' lang='lat' dir='ltr'><strong>hi</strong></span> <span class='ocrx_word' id='word_1_806' title='bbox 3522 4985 3648 5054; x_wconf 90' lang='lat' dir='ltr'><strong>ipsi,</strong></span> 
     </span>
    </p>
   </div>
   <div class='ocr_carea' id='block_1_108' title="bbox 2082 5060 3651 5143">
    <p class='ocr_par' dir='ltr' id='par_1_108' title="bbox 2082 5060 3651 5143">
     <span class='ocr_line' id='line_1_109' title="bbox 2082 5060 3651 5143; baseline 0.003 -18"><span class='ocrx_word' id='word_1_807' title='bbox 2082 5073 2342 5140; x_wconf 81' lang='lat' dir='ltr'><strong>inquam&#39;,</strong></span> <span class='ocrx_word' id='word_1_808' title='bbox 2395 5072 2491 5140; x_wconf 89' lang='lat' dir='ltr'><strong>qui</strong></span> <span class='ocrx_word' id='word_1_809' title='bbox 2547 5087 2649 5126; x_wconf 86' lang='lat' dir='ltr'><strong>nec</strong></span> <span class='ocrx_word' id='word_1_810' title='bbox 2713 5071 2986 5140; x_wconf 83' lang='lat' dir='ltr'><strong>propriam</strong></span> <span class='ocrx_word' id='word_1_811' title='bbox 3038 5060 3122 5126; x_wconf 76' lang='lat' dir='ltr'><strong>sui</strong></span> <span class='ocrx_word' id='word_1_812' title='bbox 3182 5073 3356 5142; x_wconf 89' lang='lat' dir='ltr'><strong>ipsius</strong></span> <span class='ocrx_word' id='word_1_813' title='bbox 3417 5091 3651 5143; x_wconf 80' lang='lat' dir='ltr'><strong>genera-</strong></span> 
     </span>
    </p>
   </div>
   <div class='ocr_carea' id='block_1_109' title="bbox 2081 5163 3654 5236">
    <p class='ocr_par' dir='ltr' id='par_1_109' title="bbox 2081 5163 3654 5236">
     <span class='ocr_line' id='line_1_110' title="bbox 2081 5163 3654 5236; baseline -0.001 -17"><span class='ocrx_word' id='word_1_814' title='bbox 2081 5166 2285 5219; x_wconf 86' lang='lat' dir='ltr'><strong>tionem</strong></span> <span class='ocrx_word' id='word_1_815' title='bbox 2328 5173 2627 5217; x_wconf 81' lang='lat' dir='ltr'><strong>noverunt.</strong></span> <span class='ocrx_word' id='word_1_816' title='bbox 2674 5163 2917 5234; x_wconf 74' lang='lat' dir='ltr'><strong>Agedum</strong></span> <span class='ocrx_word' id='word_1_817' title='bbox 2948 5164 3136 5218; x_wconf 85' lang='lat' dir='ltr'><strong>dicant</strong></span> <span class='ocrx_word' id='word_1_818' title='bbox 3182 5166 3257 5218; x_wconf 86' lang='lat' dir='ltr'><strong>illi</strong></span> <span class='ocrx_word' id='word_1_819' title='bbox 3303 5167 3483 5231; x_wconf 79' lang='lat' dir='ltr'><strong>nobis,</strong></span> <span class='ocrx_word' id='word_1_820' title='bbox 3516 5184 3654 5236; x_wconf 78' lang='lat' dir='ltr'><strong>qun-</strong></span> 
     </span>
    </p>
   </div>
   <div class='ocr_carea' id='block_1_110' title="bbox 2082 5253 3689 5344">
    <p class='ocr_par' dir='ltr' id='par_1_110' title="bbox 2082 5253 3689 5344">
     <span class='ocr_line' id='line_1_111' title="bbox 2082 5253 3689 5344; baseline 0.002 -36"><span class='ocrx_word' id='word_1_821' title='bbox 2082 5255 2243 5310; x_wconf 86' lang='lat' dir='ltr'><strong>modo</strong></span> <span class='ocrx_word' id='word_1_822' title='bbox 2269 5256 2440 5324; x_wconf 85' lang='lat' dir='ltr'><strong>patris</strong></span> <span class='ocrx_word' id='word_1_823' title='bbox 2473 5253 2717 5322; x_wconf 86' lang='lat' dir='ltr'><strong>ipsorum</strong></span> <span class='ocrx_word' id='word_1_824' title='bbox 2751 5269 2939 5309; x_wconf 90' lang='lat' dir='ltr'><strong>semen</strong></span> <span class='ocrx_word' id='word_1_825' title='bbox 2966 5256 3022 5309; x_wconf 89' lang='lat' dir='ltr'><strong>in</strong></span> <span class='ocrx_word' id='word_1_826' title='bbox 3053 5257 3244 5311; x_wconf 83' lang='lat' dir='ltr'><strong>matris</strong></span> <span class='ocrx_word' id='word_1_827' title='bbox 3269 5265 3426 5312; x_wconf 86' lang='lat' dir='ltr'><strong>utero</strong></span> <span class='ocrx_word' id='word_1_828' title='bbox 3448 5274 3652 5327; x_wconf 84' lang='lat' dir='ltr'><strong>corpus</strong></span> <span class='ocrx_word' id='word_1_829' title='bbox 3670 5340 3689 5344; x_wconf 34' lang='lat'><strong>-</strong></span> 
     </span>
    </p>
   </div>
   <div class='ocr_carea' id='block_1_111' title="bbox 2078 5345 3652 5418">
    <p class='ocr_par' dir='ltr' id='par_1_111' title="bbox 2078 5345 3652 5418">
     <span class='ocr_line' id='line_1_112' title="bbox 2078 5345 3652 5418; baseline 0.002 -18"><span class='ocrx_word' id='word_1_830' title='bbox 2078 5346 2282 5402; x_wconf 80' lang='lat' dir='ltr'><strong>factum</strong></span> <span class='ocrx_word' id='word_1_831' title='bbox 2331 5346 2423 5413; x_wconf 85' lang='lat' dir='ltr'><strong>sit,</strong></span> <span class='ocrx_word' id='word_1_832' title='bbox 2471 5354 2527 5400; x_wconf 90' lang='lat' dir='ltr'><strong>ct</strong></span> <span class='ocrx_word' id='word_1_833' title='bbox 2573 5347 2794 5414; x_wconf 88' lang='lat' dir='ltr'><strong>quando</strong></span> <span class='ocrx_word' id='word_1_834' title='bbox 2831 5347 3012 5401; x_wconf 89' lang='lat' dir='ltr'><strong>anima</strong></span> <span class='ocrx_word' id='word_1_835' title='bbox 3062 5345 3306 5418; x_wconf 87' lang='lat' dir='ltr'><strong>ipsorum</strong></span> <span class='ocrx_word' id='word_1_836' title='bbox 3348 5348 3406 5402; x_wconf 88' lang='lat' dir='ltr'><strong>in</strong></span> <span class='ocrx_word' id='word_1_837' title='bbox 3449 5363 3652 5417; x_wconf 84' lang='lat' dir='ltr'><strong>corpus</strong></span> 
     </span>
    </p>
   </div>
   <div class='ocr_carea' id='block_1_112' title="bbox 2079 5432 3648 5509">
    <p class='ocr_par' dir='ltr' id='par_1_112' title="bbox 2079 5432 3648 5509">
     <span class='ocr_line' id='line_1_113' title="bbox 2079 5432 3648 5509; baseline 0 -14"><span class='ocrx_word' id='word_1_838' title='bbox 2079 5442 2385 5505; x_wconf 82' lang='lat' dir='ltr'><strong>devenerit,</strong></span> <span class='ocrx_word' id='word_1_839' title='bbox 2418 5444 2521 5496; x_wconf 79' lang='lat' dir='ltr'><strong>vel</strong></span> <span class='ocrx_word' id='word_1_840' title='bbox 2573 5457 2706 5496; x_wconf 87' lang='lat' dir='ltr'><strong>num</strong></span> <span class='ocrx_word' id='word_1_841' title='bbox 2759 5441 3063 5495; x_wconf 86' lang='lat' dir='ltr'><strong>adveniens</strong></span> <span class='ocrx_word' id='word_1_842' title='bbox 3098 5456 3224 5494; x_wconf 89' lang='lat' dir='ltr'><strong>cum</strong></span> <span class='ocrx_word' id='word_1_843' title='bbox 3273 5440 3395 5509; x_wconf 87' lang='lat' dir='ltr'><strong>ipso</strong></span> <span class='ocrx_word' id='word_1_844' title='bbox 3433 5432 3648 5495; x_wconf 85' lang='lat' dir='ltr'><strong>semine</strong></span> 
     </span>
    </p>
   </div>
   <div class='ocr_carea' id='block_1_113' title="bbox 2077 5530 3649 5602">
    <p class='ocr_par' dir='ltr' id='par_1_113' title="bbox 2077 5530 3649 5602">
     <span class='ocr_line' id='line_1_114' title="bbox 2077 5530 3649 5602; baseline -0.001 -15"><span class='ocrx_word' id='word_1_845' title='bbox 2077 5532 2366 5602; x_wconf 83' lang='lat' dir='ltr'><strong>conjuncta</strong></span> <span class='ocrx_word' id='word_1_846' title='bbox 2392 5533 2476 5586; x_wconf 89' lang='lat' dir='ltr'><strong>vel</strong></span> <span class='ocrx_word' id='word_1_847' title='bbox 2512 5534 2664 5588; x_wconf 89' lang='lat' dir='ltr'><strong>unita</strong></span> <span class='ocrx_word' id='word_1_848' title='bbox 2692 5532 2879 5598; x_wconf 85' lang='lat' dir='ltr'><strong>fuerit,</strong></span> <span class='ocrx_word' id='word_1_849' title='bbox 2911 5547 3007 5588; x_wconf 84' lang='lat' dir='ltr'><strong>seu</strong></span> <span class='ocrx_word' id='word_1_850' title='bbox 3042 5532 3245 5586; x_wconf 89' lang='lat' dir='ltr'><strong>minus.</strong></span> <span class='ocrx_word' id='word_1_851' title='bbox 3271 5530 3388 5595; x_wconf 84' lang='lat' dir='ltr'><strong>Vel,</strong></span> <span class='ocrx_word' id='word_1_852' title='bbox 3423 5532 3466 5585; x_wconf 87' lang='lat' dir='ltr'><strong>si</strong></span> <span class='ocrx_word' id='word_1_853' title='bbox 3497 5532 3649 5585; x_wconf 84' lang='lat' dir='ltr'><strong>unita</strong></span> 
     </span>
    </p>
   </div>
   <div class='ocr_carea' id='block_1_114' title="bbox 2080 5623 3646 5696">
    <p class='ocr_par' dir='ltr' id='par_1_114' title="bbox 2080 5623 3646 5696">
     <span class='ocr_line' id='line_1_115' title="bbox 2080 5623 3646 5696; baseline -0.003 -16"><span class='ocrx_word' id='word_1_854' title='bbox 2080 5625 2204 5691; x_wconf 80' lang='lat' dir='ltr'><strong>fuit,</strong></span> <span class='ocrx_word' id='word_1_855' title='bbox 2253 5624 2530 5696; x_wconf 75' lang='lat' dir='ltr'><strong>quodnam</strong></span> <span class='ocrx_word' id='word_1_856' title='bbox 2586 5624 2720 5680; x_wconf 81' lang='lat' dir='ltr'><strong>illud</strong></span> <span class='ocrx_word' id='word_1_857' title='bbox 2771 5624 2840 5679; x_wconf 87' lang='lat' dir='ltr'><strong>sit</strong></span> <span class='ocrx_word' id='word_1_858' title='bbox 2894 5624 3119 5681; x_wconf 86' lang='lat' dir='ltr'><strong>unionis</strong></span> <span class='ocrx_word' id='word_1_859' title='bbox 3166 5623 3471 5678; x_wconf 74' lang='lat' dir='ltr'><strong>vinculum.</strong></span> <span class='ocrx_word' id='word_1_860' title='bbox 3529 5623 3646 5686; x_wconf 83' lang='lat' dir='ltr'><strong>Vel,</strong></span> 
     </span>
    </p>
   </div>
  </div>
