4090 6448
371 300 477 366 437

1332 310 1635 371 CONTRA
1676 310 2167 371 MAHOMETEM
2215 312 2591 374 APOLOGIA
2634 292 2701 374 I.‘

3528 311 3651 377 43$

374 419 579 486 μάταια
634 433 727 470 και
779 417 950 489 ψευδῆ
1004 420 1185 489 λέγειν
1231 423 1291 475 οὐ
1348 423 1616 476 παύεσθε·
1654 424 1941 494 Πάντωςή

2062 424 2188 481 j'orte
2240 427 2336 494 (nt
2368 438 2422 482 tu
2457 428 2678 497 inquis)
2718 426 2945 492 dissidia
2982 426 3129 482 inter
3169 430 3435 494 utrosque
3478 426 3623 478 exsi-

372 508 558 570 πέστις
603 509 662 573 ἐξ
712 512 879 581 ἀκοῆς
931 516 1068 570 ἐστι.
1118 514 1225 566 Καὶ
1268 516 1351 580 τίς
1385 515 1527 569 οὕτω
1568 519 1779 580 πιστὸς.
1816 518 1890 580 ὡς
1924 521 1987 572 ὁ-

370 597 465 648 τοῦ
505 597 638 650 Θεοῦ
664 600 862 666 Λόγος,
896 601 954 654 ὃν
996 604 1153 670 ὑμεῖς
1197 606 1383 673 λέγετε
1427 606 1608 676 ψυχὴν
1653 607 1811 669 Θεοῦ,
1856 610 1951 661 καὶ

371 689 602 757 Πνεῦμα
630 690 794 759 Θεοῦς
838 694 966 747 ποῖα
995 695 1050 748 δὲ
1083 698 1269 767 γραφὴ
1314 699 1590 769 ἁγιωτέρα
1622 702 1718 754 καὶ
1767 719 1953 755 πιστο-

369 784 508 849 τέρα
536 782 628 835 τοῦ
657 785 1028 853 Εὑαγγελίους
1063 788 1090 841 ὃ
1122 789 1186 860 δὴ
1214 791 1547 859 Εὑαγγέλιον
1576 793 1831 861 ὁμολογεῖ
1857 797 1952 846 καὶ

374 875 536 938 αὐτὸς
570 878 597 928 6
645 878 888 948 Μωὰμεθ
946 880 1100 947 ἅγιον
1136 885 1231 936 καὶ
1264 884 1473 937 τέλειον
1502 901 1518 916 ·
1552 885 1661 939 ἔδει
1690 887 1847 955 γοῦν,
1878 889 1953 951 ὡς

374 967 612 1036 εἴρηται,
645 969 729 1020 ἵνα
773 972 1361 1045 άπολυπραγμονήτως
1409 980 1704 1047 πιστεύητε
1744 981 1812 1032 τὰ
1856 979 1951 1033 τοῦ

374 1061 511 1113 Θ;οὖ
549 1063 706 1129 λόγια
739 1069 832 1117 καὶ
860 1067 969 1119 τῶν
1000 1073 1321 1139 προφητῶν.
1369 1072 1525 1124 Ἐπεὶ
1560 1074 1616 1127 δὲ
1657 1076 1736 1135 εἰς
1768 1077 1955 1128 τοιαύ-

374 1171 474 1216 τας
506 1156 736 1220 ἀτοπίας
782 1158 1132 1227 εὑρίσκεσθε,
1173 1163 1284 1216 ἰδοὺ
1323 1164 1635 1232 ὲξανάγκης
1685 1166 1953 1236 μέλλομεν

379 1246 549 1298 εἰπεῖν
598 1264 650 1299 τι
700 1251 1376 1325 παραδειγματικώτερον,
1420 1259 1469 1310 εξ
1528 1261 1624 1311 καὶ
1672 1260 1740 1311 τὰ
1774 1277 1955 1330 παρα-

380 1339 642 1407 δείγματα
673 1343 732 1394 ού
773 1343 1030 1399 δύνανται
1062 1348 1232 1414 δεῖξαι
1281 1352 1488 1421 ἀκριϐῆ
1524 1354 1624 1421 τὴν
1663 1354 1951 1423 ἀλήθειαν,

380 1429 669 1499 ἐξαιρέτως
719 1432 776 1484 δὲ
830 1438 914 1500 εἰς
970 1438 1060 1490 τὸν
1110 1439 1268 1494 Θεόν.
1336 1441 1460 1495 Τῶν
1514 1443 1795 1497 ἀδυνάτων
1845 1445 1954 1514 γάρ

377 1522 522 1574 ἐστιν
554 1522 897 1596 ἀνθρώπινον
933 1530 1059 1582 νοῦν
1102 1532 1282 1598 εὑρεῖν
1312 1550 1365 1586 τι
1414 1538 1650 1607 πρᾶγμα
1684 1538 1955 1601 εἰκονίζον

376 1616 620 1687 ἁκριδώς
648 1620 748 1690 τὴν
778 1621 874 1673 τοῦ
908 1622 1044 1676 Θεοῦ
1077 1627 1356 1693 γέννησιν.
1395 1628 1586 1697 Ὅμως
1616 1629 1951 1698 ἐξανάγκης,

375 1709 450 1772 ὼς
479 1712 720 1780 εἴρηται,
753 1714 988 1783 λέγομεν
1038 1717 1121 1769 ὅτι
1166 1720 1425 1785 γεννᾶται
1455 1722 1530 1783 ὡς
1556 1722 1712 1791 λόγος
1744 1725 1810 1777 ὲκ
1839 1726 1955 1790 νοῦ,
1989 1765 2030 1819 Β

378 1803 473 1855 καὶ
512 1804 666 1867 ἀκτὶς
701 1806 759 1872 ἐξ
811 1807 983 1876 ἡλίου.
1015 1809 1080 1862 Τί
1128 1809 1260 1878 γοῦν
1306 1813 1458 1866 δοκεῖ
1487 1815 1651 1884 ὑμῖν;
1686 1818 1824 1885 μετὰ
1854 1835 1953 1887 γυ-

377 1895 564 1956 ναικὸς
616 1899 784 1969 γεννᾷ
832 1901 861 1952 6
905 1899 1032 1965 νοῦς
1087 1901 1182 1954 τὸν
1235 1902 1417 1969 λόγον,
1467 1909 1560 1961 καὶ
1597 1909 1624 1960 6
1657 1909 1810 1978 ἥλιος
1860 1912 1956 1981 τὴν

379 1990 572 2041 ἀκτῖνα
614 1990 816 2055 αὐτοῦς
861 1993 894 2063 ἢ
945 1994 1033 2048 διὰ
1088 1997 1245 2050 τοῦτο
1290 2000 1612 2069 εὑρίσκεται
1676 2004 1958 2069 διάστασις

380 2082 475 2133 καὶ
505 2082 782 2151 χωρισμὸς
812 2086 909 2136 καὶ
944 2086 1223 2156 σχίσματα
1271 2090 1436 2160 μέσον
1465 2094 1684 2161 αὐτῶν;
1720 2097 1831 2149 Καὶ
1860 2097 1957 2149 ἐὰν

378 2175 417 2239 ἡ
444 2173 670 2240 τοιαύτη
695 2174 948 2244 γέννησις
970 2180 1071 2232 οὐκ
1097 2179 1211 2250 ἔχει
1237 2180 1383 2251 ἅπερ
1413 2182 1605 2252 λέγετε
1629 2186 1810 2255 ὑμεῖς,
1839 2188 1959 2253 πῶς

280 2300 283 2303 -
377 2268 412 2332 ἠ
457 2265 550 2317 τοῦ
600 2265 735 2317 Θεοῦ
785 2267 1005 2338 ἀπαθὴς
1057 2272 1152 2324 καὶ
1199 2273 1344 2344 ἁπλῆ
1372 2275 1628 2345 γέννησις
1673 2277 1960 2333 ὑπόκειται

380 2356 496 2418 τοῖς
542 2356 813 2420 τοιούτοις
871 2360 967 2413 καὶ
1022 2360 1301 2424 τοσούτοις
1360 2365 1717 2435 άτοπὴμασι;
1770 2369 1959 2423 Ταῦτα

386 2447 559 2499 πάντα
603 2448 911 2518 εἰρήκαμεν
944 2450 1256 2525 ὲξανάγκης
1287 2456 1373 2509 διὰ
1414 2457 1517 2527 τὴν
1557 2461 1818 2515 ἀπιστίαν
1866 2465 1961 2517 καὶ

399 2538 668 2591 ἀσθένειαν
692 2540 871 2607 ὑμῶν.
931 2545 1011 2597 Τὰ
1062 2545 1157 2598 τοῦ
1213 2547 1351 2600 Θεοῦ
1409 2551 1517 2620 γὰρ
1567 2551 1708 2623 ὑπὲρ
1772 2557 1958 2608 πᾶσαν

391 2628 726 2701 ἀνθρωπίνην
771 2633 866 2686 καὶ
902 2635 1204 2708 ἀγγελικὴν
1251 2641 1562 2711 κατάληψίν
1604 2647 1764 2700 εἰσιν.
1798 2649 1962 2701 Εὐκο-

386 2720 629 2791 πώτερον
660 2724 768 2794 γάρ
803 2726 919 2780 ἐστι
956 2733 1248 2783 καταπιεῖν
1287 2734 1579 2803 ἄνθρωπον
1611 2738 1704 2791 τὸν
1729 2740 1961 2810 οὐρανὸν

384 2817 479 2866 καὶ
504 2816 602 2885 τὴν
623 2819 728 2888 γῆν
750 2820 858 2873 σὺν
881 2823 1016 2875 πᾶσι
1052 2826 1168 2887 τοῖς
1205 2826 1525 2896 κτίσμασιν,
1555 2830 1587 2900 ἢ
1614 2830 1752 2885 Θεοῦ
1796 2833 1959 2900 φύσιν

384 2905 735 2964 καταλαϐεῖν.
767 2911 828 2963 Εἰ
853 2912 910 2965 δὲ
934 2913 1095 2967 τοῦτο
1120 2917 1549 2984 άδύνατον,οὐδὲ
1569 2922 1673 2992 τὴν
1699 2926 1960 2995 γέννησιν

383 2995 708 3069 ἑξανάγκης.
745 3001 936 3072 Ὅμως
974 3006 1003 3058 ὁ
1040 3006 1288 3077 Μωάμεθ
1344 3011 1441 3065 καὶ
1478 3014 1678 3078 πάντες
1721 3019 1769 3068 οἱ
1814 3019 1963 3072 Μου-

2052 531 2219 575 stant.
2254 522 2519 576 Errantes
2549 522 2696 577 enim
2725 537 2755 576 a
2787 538 2918 577 vero
2945 530 2998 575 et
3031 529 3182 576 recto
3211 519 3452 585 tramite,
3484 534 3622 571 vana

2051 620 2107 663 et
2138 611 2316 664 inania
2364 612 2514 681 loqui
2548 627 2830 681 nunquam
2864 612 3139 667 desinitis.
3174 610 3337 664 Fides
3373 618 3525 664 certe
3556 624 3621 661 ex

2051 705 2241 758 auditu
2290 715 2414 760 est:
2465 717 2522 759 et
2569 707 2700 775 quid
2745 722 2934 775 quaaso
2980 714 3091 760 tam
3143 704 3248 758 ﬁde
3281 703 3504 772 dignum
3550 716 3635 753 es.

2052 814 2213 865 quam
2248 798 2488 853 Verbum
2523 799 2642 863 Dei,
2677 800 2823 867 quod
2857 813 2958 852 vos
3001 797 3241 851 animam
3278 795 3395 857 Dei,
3432 803 3489 848 et
3518 791 3609 860 Spi

2054 888 2220 942 ritum
2255 889 2346 942 Dei
2378 872 2712 958 appellatis?
2755 889 2885 954 Qum
2945 898 3126 943 autem
3162 887 3434 954 scriptura
3466 886 3643 937 Evan-

2053 980 2195 1050 gelio
2224 989 2308 1035 est
2351 981 2619 1045 sanctior,
2667 991 2723 1036 et
2775 982 2881 1036 ﬁde
2915 980 3180 1051 dignior?
3233 979 3366 1033 Illud
3400 978 3550 1034 enim
3583 988 3641 1030 et

2055 1072 2170 1140 ipse.
2220 1072 2494 1125 Mahomet
2553 1084 2968 1128 sacrosanctum
3031 1082 3087 1127 et
3148 1071 3461 1126 absolutum
3516 1085 3640 1123 esse

2054 1163 2368 1218 conﬁtetur.
2402 1162 2557 1234 Opus
2609 1164 2778 1234 igitur
2814 1165 2982 1219 fuerit
3028 1164 3129 1234 (ut
3168 1173 3225 1217 et
3264 1173 3393 1216 ante
3427 1161 3637 1216 dictum

2053 1256 2181 1323 est),
2223 1257 2543 1310 curiositate
2569 1258 2719 1312 omni
2752 1258 2980 1321 omissa,
3014 1258 3108 1313 Dei
3146 1269 3202 1311 et
3239 1255 3636 1325 prOphetarnm

2054 1349 2283 1403 credere
2336 1350 2642 1404 miraculis.
2681 1351 2953 1418 Quoniam
2997 1366 3130 1425 vero
3186 1351 3239 1404 in
3284 1357 3490 1403 tantam
3543 1346 3642 1400 ab—

2053 1443 2377 1497 surditatem
2432 1443 2771 1506 devenistis,
2804 1456 2897 1497 "en
2952 1443 3285 1496 necessitate
3349 1439 3628 1508 compulsi

2056 1539 2261 1607 aliquid
2294 1539 2540 1607 apertius
2570 1554 2669 1593 ceu
2699 1538 2952 1608 exemplo
2978 1536 3156 1591 oculis
3176 1536 3426 1606 subjecto
3444 1532 3638 1587 adum-

2057 1632 2363 1698 brabimus,
2397 1633 2526 1687 licet
2559 1632 2769 1687 veritas
2807 1629 3077 1698 exemplis
3125 1627 3367 1697 perfecte
3402 1626 3636 1679 demon-

2058 1728 2222 1780 strari
2278 1741 2384 1779 non
2421 1724 2651 1794 possit,
2711 1738 2888 1792 eaque
2946 1720 3219 1791 imprimis
3274 1732 3396 1788 qtue
3467 1718 3638 1770 Deum

2060 1825 2326 1887 spectant.
2361 1815 2702 1885 lmpossibile
2740 1815 2890 1869 enim
2918 1821 3002 1869 est
3027 1814 3321 1864 humanam
3365 1808 3639 1863 rationem

2061 1925 2176 1963 rem
2212 1909 2449 1977 aliquam
2495 1905 2768 1971 invenire,
2801 1920 2922 1975 qua:
2951 1912 3141 1958 exacte
3173 1910 3229 1957 et
3257 1900 3510 1954 absolute
3545 1899 3637 1951 Dei

2060 2000 2476 2070 generationem
2524 1997 2737 2051 referre
2772 1996 2968 2065 possit.
3013 1994 3401 2071 Verumtamen
3453 2003 3645 2044 ncces-

2061 2093 2224 2146 sitate
2270 2091 2442 2145 coacti
2478 2096 2578 2159 (ut
2625 2090 2787 2144 modo
2841 2087 3120 2155 diximus)
3173 2084 3413 2139 fatemur
3440 2084 3640 2138 Filium

2063 2184 2156 2238 Dei
2201 2182 2283 2237 sic
2323 2198 2351 2236 a
2384 2183 2496 2238 Deo
2531 2181 2807 2253 generari,
2849 2189 2909 2234 ut
2938 2180 3082 2233 ratio
3110 2193 3175 2231 ex
3202 2186 3389 2232 mente
3432 2177 3517 2229 vel
3556 2175 3646 2228 in-

2067 2277 2308 2339 tellectn,
2353 2284 2407 2331 et
2458 2276 2595 2331 radii
2628 2290 2695 2329 ex
2748 2276 2863 2328 sole
2914 2271 3165 2343 generari
3213 2278 3641 2325 consueverunt.

2063 2367 2203 2434 Quid
2234 2369 2405 2438 igitur
2430 2370 2590 2423 vobis
2627 2366 2893 2421 videtur?
2920 2365 3057 2419 Num
3086 2378 3154 2419 ex
3198 2362 3433 2416 muliere
3482 2361 3654 2414 intcl«

2064 2460 2240 2515 lectus
2292 2461 2586 2526 rationem,
2639 2468 2732 2513 aut
2789 2459 2868 2513 sol
2911 2457 3096 2512 radios
3125 2454 3341 2526 gignit?
3382 2454 3465 2507 vel
3509 2470 3638 2506 num

2068 2561 2358 2622 propterea
2406 2550 2628 2620 aliquod
2669 2552 2816 2603 inter
2849 2548 2964 2602 lucc
2993 2546 3285 2600 dissidium
3329 2544 3646 2613 deprehen-

2066 2644 2256 2698 ditur?
2289 2643 2443 2709 Qnod
2475 2643 2518 2696 si
2558 2642 2726 2711 igitur
2760 2641 2879 2694 haec
2925 2638 3210 2709 generatio
3244 2637 3314 2690 ab
3357 2637 3444 2690 his
3477 2636 3648 2704 (quod

2065 2747 2121 2792 et
2168 2752 2264 2791 vos
2298 2735 2569 2802 fatemini)
2596 2734 2781 2788 libera
2833 2741 2937 2791 est,
2971 2730 3249 2800 quomodo
3285 2730 3377 2784 Dei
3429 2728 3646 2797 simpli-

2067 2846 2184 2884 cem
2216 2837 2272 2883 ct
2318 2829 2467 2881 omni
2497 2828 2752 2896 passione
2784 2834 3062 2880 carentem
3109 2822 3523 2894 generationem
3568 2826 3652 2874 tot

2066 2932 2121 2977 et
2150 2923 2314 2976 tantis
2343 2920 2782 2975 absurditatibus
2813 2917 3114 2988 subjectum
3145 2930 3266 2970 esse
3296 2910 3647 2985 putabimus?

2066 3015 2337 3069 Caeterum
2388 3013 2568 3067 omnia
2618 3012 2736 3066 haec
2765 3011 2953 3064 dicere
2984 3008 3283 3079 postulavit
3321 3006 3644 3067 necessitas,

382 3091 677 3158 σουλμάνοι
711 3096 1038 3177 όμολογοῦσι
1074 3102 1171 3153 καὶ
1196 3101 1446 3168 λέγουσιν
1467 3106 1549 3159 ὅτι
1573 3107 1601 3159 6
1626 3109 1864 3177 Χριστὸς
1896 3115 1960 3166 ἐκ

2067 3116 2292 3177 propter
2332 3104 2778 3159 incredulitatem
2832 3110 2887 3156 et
2941 3100 3317 3174 inﬁrmitatem
3377 3108 3640 3152 vestram.

380 3185 483 3253 τῆς
515 3185 672 3254 ἁγίας
699 3190 978 3259 Παρθένου
1014 3193 1389 3265 Μαρίαςᾶνευ
1430 3200 1621 3271 ἀνδρὸς
1668 3205 1960 3276 ἐγεννήθη.

382 3277 481 3327 καὶ
514 3278 785 3345 παρθένος
815 3281 1002 3335 ἔτεκεν
1046 3285 1229 3349 αὑτὸν,
1258 3288 1355 3340 καὶ
1389 3292 1531 3357 μετὰ
1563 3293 1664 3362 τὴν
1704 3296 1964 3367 γέννησιν

381 3370 655 3437 παρθένος
716 3373 921 3442 ἔμεινε,
989 3377 1085 3430 καὶ
1142 3378 1232 3444 ἀεὶ
1296 3382 1567 3451 παρθένος
1617 3388 1959 3456 εὑρίσκεται.

395 3463 553 3516 Ἐπεὶ
601 3465 733 3532 γοῦν
788 3466 949 3521 τοῦτο
1012 3470 1402 3539 ὁμολογοῦσιν,
1454 3474 1644 3545 ὥσπερ
1698 3480 1814 3531 ἐστὶ
1869 3483 1964 3534 καὶ

380 3556 633 3625 ἀλήθεια,
663 3560 983 3614 εἰπάτωσαν
1031 3563 1162 3631 ὑμῖν
1206 3565 1296 3617 τὸν
1342 3566 1500 3635 λόγον
1556 3572 1656 3641 τῆς
1705 3574 1964 3644 τοιαύτης

378 3651 712 3720 γεννήσεως.
745 3654 806 3705 Εἰ
843 3654 899 3727 δὲ
952 3655 1112 3710 τοῦτο
1154 3658 1442 3725 ἀδύνατον,
1466 3661 1521 3714 τί
1565 3669 1965 3730 ματαιοπονοῦ-

382 3757 491 3803 σιν,
542 3741 678 3811 ἀέρα
731 3743 1018 3813 δέροντες,
1064 3748 1157 3799 καὶ
1208 3748 1493 3816 λέγοντες,
1552 3753 1636 3806 ὅτι
1699 3732 1964 3810 ἀδύνατον

382 3832 533 3900 ἔχειν
555 3834 641 3886 τὸν
662 3834 792 3888 Θεὸν
812 3836 940 3890 Υἱδν
962 3840 1092 3893 ἄνευ
1124 3826 1382 3908 γυναικός
1408 3859 1421 3908 ;
1452 3844 1548 3897 καὶ
1571 3844 1746 3899 ταῦτα
1781 3849 1960 3915 τίνες;

381 3927 436 3980 οἱ
463 3928 533 3979 τὰ
563 3928 751 3999 εὐτελῆ
798 3932 890 3982 καὶ
934 3931 1204 4001 οὐδαμινὰ
1241 3932 1317 4002 μὴ
1371 3935 1759 4002 γινώσκοντες.
1792 3942 1964 3993 Εἰπὰ-

385 4031 567 4069 τωσαν
597 4017 703 4086 γάρ
733 4018 885 4105 ἡμῖν,
912 4019 940 4071 ὁ
971 4019 1172 4088 κώνωψ
1210 4021 1316 4073 ποῦ
1346 4021 1457 4091 ἔχει
1489 4026 1556 4077 τὰ
1584 4025 1895 4095 σπλάγχνα,
1926 4028 1958 4098 ἢ

394 4108 553 4159 πόθεν
604 4108 884 4179 ἐξέρχεται
938 4111 970 4179 ἡ
1019 4113 1174 4180 φωνὴ
1224 4111 1432 4180 αὐτοῦ;
1495 4115 1651 4178 ποῖός
1703 4118 1822 4168 ἐστι
1865 4117 1959 4170 τοῦ

408 4200 677 4269 μύρμηκος
707 4206 733 4257 ὁ
759 4203 1085 4271 ἐγκέφαλος,
1117 4205 1248 4257 ποία
1269 4208 1302 4274 ἡ
1331 4206 1566 4276 καρδίας
1600 4208 1633 4277 ἢ
1690 4209 1808 4271 πῶς
1848 4210 1964 4279 ἔχει

404 4292 645 4366 τοιαύτην
674 4296 898 4364 γνῶσιν,
922 4298 1065 4353 ὥστε
1096 4301 1274 4351 ποιεῖν
1302 4300 1566 4368 τεράστια
1615 4302 1917 4370 πράγματα
1943 4321 1958 4365 ;

395 4387 426 4456 ῆ
475 4390 504 4457 ἡ
551 4391 802 4457 μέλισσα,
834 4393 930 4444 καὶ
974 4388 1043 4446 τὰ
1092 4394 1257 4461 ὃμοια
1320 4393 1547 4459 αύτοί;;
1597 4394 1659 4446 Εἰ
1715 4393 1848 4458 γοῦν
1894 4394 1964 4448 τὰ

2068 3198 2264 3251 Divina
2296 3196 2444 3251 enim
2477 3208 2699 3248 omnem
2731 3193 3033 3246 humanum
3069 3201 3124 3245 et
3147 3190 3457 3260 angelicum
3490 3189 3650 3243 intel-

2063 3291 2266 3344 lectum
2323 3295 2676 3356 exsuperant.
2729 3284 2967 3339 Facilius
3021 3283 3171 3336 enim
3213 3289 3298 3336 est
3355 3281 3554 3335 coelum
3591 3290 3649 3334 et

2067 3384 2271 3436 terram
2323 3394 2449 3433 cum
2504 3378 2765 3431 otnnihus
2815 3374 3089 3431 creaturis
3137 3374 3424 3438 devorare,
3480 3388 3646 3440 quam

2066 3473 2159 3526 Dei
2197 3483 2448 3524 naturam
2489 3470 2983 3538 comprehendere.
3035 3466 3091 3521 Si
3137 3476 3319 3521 autem
3366 3464 3501 3519 illud
3535 3466 3644 3518 im-

2065 3562 2332 3632 possibile
2380 3569 2487 3625 cst,
2521 3576 2623 3614 nec
2656 3560 3066 3629 generationem
3107 3557 3279 3627 ipsius
3312 3573 3646 3627 cognoscere

2065 3671 2292 3712 necesse
2319 3654 2509 3709 fuerit.
2538 3653 2909 3708 Nihilominus
2935 3662 3116 3707 tamen
3149 3661 3201 3705 et
3232 3652 3347 3721 ipse
3373 3652 3651 3707 Mahomct
3708 3688 3712 3691 η

2063 3759 2120 3804 et
2145 3764 2335 3804 omnes
2368 3747 2697 3802 Musulmani
2733 3746 3090 3809 conﬁtentur,
3122 3745 3268 3812 quod
3302 3745 3556 3798 Christus
3584 3759 3654 3797 ex

2065 3844 2189 3897 diva
2223 3842 2435 3912 virgine
2473 3840 2643 3895 Maria
2688 3840 2825 3894 citra
2853 3837 3076 3892 virilem
3109 3852 3332 3903 oreram
3365 3848 3527 3891 natus
3554 3837 3650 3901 sit,

2062 3937 2291 4006 etquod
2331 3935 2485 4005 virgo
2527 3934 2707 4003 ipsum
2740 3931 3037 4001 pepererit,
3082 3940 3138 3984 et
3165 3931 3320 3999 virgo
3370 3937 3493 3997 post
3524 3944 3652 3997 par-

2066 4041 2180 4086 tum
2211 4028 2602 4098 permanserit,
2639 4038 2971 4093 semperque
2997 4022 3153 4092 virgo
3183 4037 3308 4099 esse
3338 4020 3649 4090 deprehen-

2064 4125 2248 4179 datur.
2280 4122 2418 4174 (Ium
2442 4119 2609 4189 igitur
2639 4117 2754 4171 haec
2786 4131 2916 4170 vere
2945 4114 3341 4175 conﬁteantur,
3370 4121 3650 4181 exponant

2065 4213 2225 4267 nobis
2277 4210 2512 4279 agedum
2565 4207 2731 4277 hujus
2791 4205 3167 4276 generationis
3227 4203 3527 4257 ra'ionem.
3588 4203 3648 4255 Si

2065 4312 2249 4358 autem
2279 4303 2387 4356 hoc
2417 4300 2761 4370 impossibile
2797 4306 2903 4361 est,
2941 4297 3075 4367 quid
3103 4310 3290 4365 quaeso
3335 4310 3516 4348 aerem
3549 4294 3650 4347 ila-

2065 4396 2317 4467 gellando
2348 4396 2549 4449 frustra
2589 4392 2866 4456 laborant,
2909 4390 3143 4445 dicendo
3193 4389 3340 4458 quod
3391 4388 3651 4455 impossi-

387 4481 582 4549 εύτελῆ
657 4483 750 4537 καὶ
832 4483 1101 4550 οὐδαμινὰ
1166 4482 1461 4550 ἀγνοοῦσι,
1526 4484 1794 4554 μαθόντες
1859 4489 1960 4556 τὴν

2067 4486 2177 4541 bile
2205 4487 2278 4540 sit
2313 4487 2481 4539 Deum
2513 4483 2719 4538 habere
2749 4482 2946 4536 Filium
2973 4481 3094 4534 sine
3127 4480 3358 4533 muliere
3385 4479 3406 4532 i
3442 4477 3505 4530 Et
3533 4479 3651 4531 lucc

386 4574 596 4626 ἑαυτῶν
641 4574 947 4639 ἀσθένειαν,
986 4575 1375 4640 σιωπάτωσαν,
1419 4577 1518 4628 καὶ
1561 4576 1636 4646 μὴ
1680 4577 1961 4648 πολυπρα-

385 4666 718 4735 γμονοῦντες
742 4669 1149 4724 ἀπιστείτωσαν
1172 4671 1242 4724 τὰ
1276 4671 1418 4739 ὑπὲρ
1445 4670 1757 4739 κατάληψιν
1790 4674 1961 4739 ἀγγέ-

384 4759 495 4811 λων
522 4761 615 4812 καὶ
653 4760 976 4831 ἀνθρώπων,
1006 4763 1142 4816 ἀλλὰ
1176 4764 1592 4815 πιστευέτωσαν
1628 4766 1743 4827 τοῖς
1781 4763 1963 4832 λόγοις

396 4851 652 4922 Ἀδραὰμ
677 4854 770 4906 καὶ
800 4854 911 4905 τῶν
936 4855 1255 4925 προφητῶν.
1276 4856 1473 4917 οἵτινες
1506 4855 1751 4922 ἔγνωσαν
1784 4855 1874 4908 διά
1899 4873 1960 4908 τε

386 4944 637 5013 όρόισεων
675 4945 769 4997 καὶ
819 4945 1222 5015 ἀποκαλύψεων
1255 4946 1353 5000 καὶ
1389 4945 1766 5016 προφητειῶν,
1811 4948 1894 4999 ὅτι
1933 4948 1962 4998 ό

387 5035 626 5105 Χριστὸς
656 5037 818 5099 αὑτός
844 5039 996 5089 ἐστιν
1020 5037 1241 5109 ἀληθῶς
1293 5039 1326 5092 ὅ
1370 5038 1499 5103 Υἱὸς
1544 5042 1636 5095 τοῦ
1668 5040 1831 5106 Θεοῦ,
1868 5042 1965 5095 καὶ

387 5128 520 5190 θεὸς
552 5128 823 5197 ἀληθινὸς,
853 5129 949 5182 καὶ
977 5132 1187 5194 τέλειος
1216 5131 1532 5201 ἄνθρωπος.

389 5221 698 5274 conticvant
715 5264 729 5283 ,

2070 4578 2293 4648 quidem
2347 4578 2562 4643 dicunt,
2624 4576 2719 4646 qui
2774 4590 2877 4628 nec
2926 4573 3189 4628 vilissima
3244 4571 3652 4641 contemptissi-

2071 4689 2269 4743 maque
2321 4677 2719 4741 cognoverunt.
2772 4669 3095 4724 Edisserant
3144 4666 3294 4721 enim
3351 4665 3404 4718 hi
3466 4665 3649 4723 nobis.

2073 4766 2297 4820 ubinam
2344 4765 2503 4818 culex
2532 4762 2744 4817 viscera
2793 4776 2893 4815 sua
2929 4760 3151 4822 habeat,
3196 4758 3280 4812 vel
3330 4759 3455 4826 quis
3502 4755 3653 4810 vocis

2071 4857 2221 4911 illius
2267 4868 2483 4910 meatus
2538 4855 2651 4920 sit;
2711 4853 2874 4922 quale
2930 4851 3001 4906 sit
3061 4850 3307 4905 formica:
3337 4849 3650 4910 cerebrum,

2070 4951 2233 5020 quale
2265 4965 2402 5011 cor;
2437 4948 2615 5017 qualis
2662 4947 2736 5001 sit
2779 4961 2943 5015 apum
2990 4942 3381 5009 consideratio,
3425 4950 3481 4996 et
3530 4956 3654 5011 quae

2072 5041 2157 5095 his
2199 5040 2399 5094 similia
2437 5046 2585 5093 sunt.
2628 5036 2785 5103 Quod
2818 5037 2861 5091 si
2895 5044 3079 5090 autem
3120 5034 3248 5089 vilia
3293 5034 3408 5087 iure
3436 5042 3493 5088 et
3521 5049 3648 5089 con-

2072 5142 2277 5202 tempta
2323 5132 2598 5200 ignorant,
2662 5128 3037 5184 infirmitatem
3084 5137 3654 5197 suam_agnoscentcs

810 5238 916 5276 nec
973 5224 1298 5279 curiositate
1353 5242 1482 5281 -sua
1575 5228 1686 5283 illis
1740 5226 1903 5283 ﬁdem
1991 5226 2281 5296 derogent,
2345 5241 2470 5295 quae
2555 5224 2878 5294 angelorum
2939 5222 3337 5289 hominumque
3397 5218 3651 5274 intellec-

390 5323 503 5368 tum
558 5314 863 5379 excedunt;
897 5316 1028 5386 quin
1080 5320 1308 5371 credant
1366 5319 1550 5387 potius
1614 5320 1850 5374 Abrahae
1907 5330 1964 5375 et
2004 5321 2400 5389 prophetarum
2468 5316 2729 5382 oraculis,
2769 5317 2863 5386 qui
2931 5315 3048 5369 hmo
3080 5330 3175 5383 per
3205 5312 3467 5397 visiones,
3497 5325 3655 5364 rere-

384 5406 625 5461 iatioucs
671 5418 722 5462 et
771 5409 994 5462 oracula
1044 5422 1423 5477 cognoverunt
1512 5414 1657 5481 quod
1709 5412 1964 5468 Christus
2003 5413 2217 5468 scilicet
2253 5427 2439 5467 revera
2473 5411 2647 5466 Filius
2686 5410 2778 5464 Dei
2823 5408 2914 5475 sit,
2947 5417 3003 5474 et
3039 5408 3180 5462 idem
3256 5420 3423 5460 verus
3484 5404 3650 5460 Deus.

384 5510 442 5558 et
466 5500 636 5559 homo
676 5502 955 5571 perfectus
2651 5502 2660 5511 ’
