4090 6482
421 327 516 392 441

418 538 531 615 τῶν
559 537 822 607 νεφελῶν,
845 543 942 597 καὶ
961 542 1352 613 ἔσσμαιόμοιος
1380 544 1460 616 τῷ
1487 545 1749 618 Ὑψίστῳ.
1767 567 1785 603 ι
1811 550 1997 604 Ταῦτα

419 629 516 689 οἶν
545 634 713 688 αὐτοῦ
760 634 1182 707 ἐνθυμηθέντος,
1225 638 1667 711 συνηκολούθησε
1708 641 1766 694 τὸ
1807 644 1995 711 τάγμα

421 725 590 781 αὑτοῦ
615 730 685 799 τῇ
717 728 910 782 τούτου
941 728 1188 801 ἀσεϐείᾳ,
1215 733 1309 784 καὶ
1336 733 1621 801 παρευθὺς
1659 734 1854 788 ἔπεσεν
1887 735 1998 790 ἀπὸ

420 815 516 870 τοῦ
570 816 808 886 οὐρανοῦ
871 819 969 872 σὺν
1029 821 1179 892 πάσῃ
1246 823 1313 891 τῇ
1373 824 1605 893 στρατιᾷ
1660 823 1853 888 αὐτοῦ,
1902 825 1998 878 xal.

422 905 675 975 ἐγένοντο
722 908 1000 979 δαίμονες.
1032 908 1169 964 Τότε
1225 911 1352 966 ίδὼν
1405 915 1435 967 6
1469 914 1715 978 διάϐολος
1770 916 1863 968 τὸν
1907 918 2002 971 άν-

423 1003 643 1075 θρωπον
694 1004 753 1057 ὲν
802 1004 880 1074 τῷ
933 1006 1288 1079 παραδείσῳ,
1350 1007 1447 1061 καὶ
1502 1010 1785 1081 φθονήσας
1825 1010 1997 1080 αὐτῷ,

423 1094 680 1149 ἀπελθὼν
728 1088 869 1168 εὗρε
904 1097 1006 1168 τὴν
1052 1101 1311 1166 γυναῖκα,
1356 1100 1454 1153 καὶ
1487 1099 1563 1165 ὡς
1593 1101 1999 1173 εὐεξαπάτητον

430 1191 614 1261 μέρος,
645 1191 795 1259 λέγει
826 1193 986 1262 αὐτῇ,
1037 1193 1105 1246 Τί
1145 1192 1228 1246 ὃτι
1281 1196 1308 1247 6
1344 1193 1477 1257 Θεὸς
1504 1193 1813 1248 ἐνετείλατο
1844 1196 1994 1265 ὑμῖν,

431 1282 515 1336 ἵνα
539 1283 646 1336 ἀπὸ
673 1284 874 1346 παντὸς
897 1283 1059 1350 ξύλου
1086 1283 1178 1336 τοῦ
1211 1285 1272 1336 ἐν
1304 1284 1383 1354 τῷ
1415 1283 1736 1355 παραδείσῳ
1761 1284 1997 1354 φάγητε,

430 1377 534 1430 άπὸ
562 1375 620 1430 δὲ
653 1376 751 1428 τοῦ
797 1374 956 1443 ξύλου
985 1374 1081 1427 τοῦ
1112 1377 1171 1430 ἐν
1201 1376 1354 1446 μέσῳ
1406 1373 1505 1430 τοῦ
1547 1376 1878 1446 παραδείσου
1921 1379 1997 1448 μὴ

427 1466 636 1537 φάγητε
662 1467 758 1520 ἀπ’
782 1456 1067 1540 αὑτοῢς¹ᾘ
1111 1468 1156 1521 δ’
1190 1468 1258 1522 ἂν
1292 1468 1480 1541 ἡμέρᾳ
1514 1469 1731 1539 φάγητε
1763 1470 1859 1524 ἀπ’
1898 1470 2001 1524 αὐ-

423 1558 540 1625 τοῦ,
594 1559 810 1630 θαλάτῳ
855 1560 1253 1626 ἀποθανεῖσθε;
1306 1563 1382 1615 Οὐ
1429 1563 1539 1632 γὰρ
1603 1560 1820 1634 θανάτῳ
1866 1566 2003 1619 ἀπο-

428 1653 695 1715 θανεῖσθε,
731 1652 847 1706 ἀλλ’
894 1654 985 1708 ἵνα
1035 1654 1110 1726 μὴ
1150 1655 1421 1725 φαγόντες
1443 1653 1541 1710 ἀπ’
1579 1655 1770 1721 αὐτοῦ,
1792 1657 1999 1711 διανοι-

426 1744 595 1811 γῶσιν
649 1746 698 1798 οἱ
750 1745 1024 1815 ὀφθαλμοὶ
1079 1746 1266 1816 ὑμῶν.
1327 1748 1420 1801 καὶ
1477 1744 1666 1802 ἔσεσθε
1725 1748 1802 1812 ὡς
1861 1748 1998 1814 θεοὶ,

426 1814 980 1907 γινώσκοντεςνκαλδν
1010 1814 1128 1891 καὶὴ
1156 1839 1413 1909 πονηρόν.
1445 1838 1616 1893 Τοῦτο
1647 1839 1930 1894 ἀκούσασα
1964 1843 1999 1911 ἠ
2034 1814 2074 1869 Β

426 1930 583 1997 γυνὴ,
619 1933 712 1982 καὶ
747 1929 1118 1998 άπατηθεῖσα,
1150 1929 1358 1998 ἔφαγεν
1405 1930 1514 1984 ἀπὸ
1547 1930 1641 1984 τοῦ
1694 1930 1875 1996 ξύλου,
1905 1935 2002 1988 καὶ

424 2020 592 2076 ἔδωκε
644 2021 742 2076 καὶ
789 2019 867 2092 τῷ
921 2021 1076 2092 ἀνδρὶ
1104 2021 1275 2093 αὐτῆς
1328 2021 1406 2094 τῷ
1460 2023 1652 2094 Ἀδὰμ,
1684 2023 1779 2077 καὶ
1830 2023 2001 2093 ἔφαγε

425 2113 522 2168 καὶ
553 2114 738 2178 αὐτὸς,
768 2113 1117 2185 ἐπιθυμήσας
1171 2115 1429 2183 γενέσθαι
1466 2114 1620 2178 Θεὸς.
1657 2116 1766 2171 Καὶ
1798 2116 2003 2185 φαγόν-

423 2221 520 2269 τες
563 2205 672 2259 ἀπὸ
719 2204 814 2258 τοῦ
848 2205 1008 2270 ξύλου
1037 2206 1064 2259 6
1087 2223 1149 2260 τε
1191 2206 1366 2277 ’Δδᾶμ
1395 2208 1489 2262 καὶ
1531 2209 1562 2278 ἠ
1598 2203 1708 2261 Εὕα
1742 2208 2003 2276 ἐξέπεσον

421 2297 524 2367 τῆς
551 2297 793 2367 χάριτος.
822 2297 957 2352 Τότε
989 2298 1139 2366 λέγει
1167 2299 1317 2368 αὐτῷ
1353 2299 1381 2350 6
1418 2296 1912 2370 Θεδςπεριπατὼν
1944 2302 2002 2352 ἐν

420 2387 500 2459 τῷ
529 2389 841 2460 παραδείσῳ
869 2388 930 2442 τὸ
952 2389 1201 2455 δειλινὸν,
1237 2409 1256 2443 ι
1305 2390 1499 2461 Ἀδάμ,
1528 2391 1630 2445 ποῦ
1665 2388 1749 2456 εἷς
1790 2411 1806 2443 ι
1854 2390 1916 2445 '0
1945 2393 2000 2445 δὲ

423 2480 595 2550 λέγει,
633 2500 652 2534 t
683 2480 791 2552 Τῆς
814 2498 911 2546 cur
932 2482 999 2552 ἧς
1034 2500 1128 2535 σου
1147 2483 1357 2552 ἥκουσα
1379 2484 1814 2552 περιπατοῦντος
1846 2485 1900 2535 ἒν
1924 2483 2000 2552 τῷ

424 2574 759 2644 παραδείσῳ,
798 2574 879 2631 ὅτι
902 2575 1110 2645 γυμνός
1151 2575 1291 2644 ειμι,
1334 2579 1429 2631 καὶ
1482 2576 1745 2648 ἑκρύϐην.
1776 2594 1795 2628 ι
1832 2578 1941 2631 Καὶ
1973 2577 2002 2631 6

424 2665 555 2730 856;
611 2667 748 2735 πρδς
801 2668 983 2732 αὑτὸν,
1040 2687 1059 2720 ι
1115 2667 1228 2722 Καὶ
1269 2670 1354 2732 τίς
1410 2685 1511 2723 σοι.
1544 2669 1869 2739 ἀνήγγειλεν
1917 2671 2000 2723 ὅτι

425 2755 631 2824 γυμνὸς
665 2750 734 2818 εἴ,
767 2755 814 2807 εί
847 2757 925 2826 μὴ
958 2755 1068 2809 άπὸ
1106 2755 1199 2809 τοῦ
1221 2757 1404 2823 ξύλου,
1434 2752 1494 2811 οὗ
1524 2758 1886 2828 ἐνετειλάμην
1917 2774 2000 2811 σοι

428 2851 502 2919 μὴ
528 2851 741 2919 φαγεῖν,
781 2850 1015 2919 ἔφαγες;
1060 2868 1079 2902 ι
1120 2848 1231 2906 Καὶ
1273 2851 1552 2919 ὀργισθεὶς
1603 2852 1769 2905 αὑτὸν
1812 2852 1841 2905 6
1867 2851 2002 2914 Θεὸς

424 2944 675 3010 ιξέϐαλεν
708 2945 816 2998 ἀπὸ
848 2944 941 2997 τοῦ
991 2943 1317 3014 παραδείσου
1341 2945 1480 3014 μετὰ
1525 2944 1790 3015 κατάρας.
1824 2945 2000 3014 Πρόσ-

424 3035 544 3100 εξον
577 3037 708 3103 γοῦν
739 3037 806 3090 τὰ
859 3038 1154 3106 γενόμενα.
1188 3037 1577 3106 Τραχηλιάσας
1655 3038 1683 3089 6
1728 3036 1996 3100 διάϐολος,

424 3127 519 3206 καὶ
546 3124 823 3196 βουληθεὶς
858 3125 932 3188 ὡς
960 3125 1396 3194 ἀπονενοημένος
1426 3126 1686 3194 γενέσθαι
1716 3125 1871 3190 Θεὸς,
1901 3126 1999 3179 καὶ
2027 3155 2070 3213 c

423 3218 610 3287 ὅμοιος
657 3217 737 3287 τῷ
771 3217 1037 3287 ’Υψίστῳ,
1091 3215 1289 3270 ἔπεσεν
1342 3219 1407 3270 ὲκ
1465 3215 1561 3269 τοῦ
1620 3215 1854 3285 οὐρανοῦ
1905 3216 2003 3271 σὺν

426 3309 591 3361 παντὶ
616 3308 693 3379 τῷ
725 3309 965 3377 τάγματι
1019 3307 1208 3374 αὑτοῦ,
1243 3308 1336 3363 καὶ
1391 3308 1515 3363 ἀντὶ
1560 3299 1744 3375 etesia;
1790 3308 2008 3372 ἐγένετο

426 3398 619 3460 σκότος
644 3400 741 3452 καὶ
783 3399 1052 3462 διάϐολος.
1081 3400 1184 3454 Διά
1223 3400 1335 3471 γὰρ
1364 3400 1463 3471 τὴν
1495 3400 1878 3470 ὑπερηφανίαν
1911 3399 2008 3452 καὶ

424 3490 658 3562 ἔπαρσιν
691 3490 858 3546 αὐτοῦ
890 3494 1174 3565 ἀπερρίφη
1205 3493 1314 3546 ἀπὸ
1347 3492 1442 3546 τοῦ
1470 3492 1628 3556 Θεοῦ,
1668 3495 1767 3547 καὶ
1799 3493 1898 3563 οὐχ
1928 3492 2006 3557 ὡς

425 3584 588 3653 ὑμεῖς
650 3584 866 3654 λέγετε,
912 3586 996 3639 ὅτι
1054 3586 1304 3657 ὡρίσθη,
1359 3587 1447 3640 ἵνα
1499 3588 1855 3658 προσκυνήσῃ
1915 3588 2009 3639 τὸν

438 3675 634 3743 ’Δδὰμ,
675 3680 769 3731 καὶ
797 3675 897 3731 οὐκ
919 3678 1209 3751 ἠθέλησεν,
1246 3678 1439 3749 ὥσπερ
1470 3680 1521 3732 οι
1554 3679 1732 3752 ἕτεροι
1762 3679 2007 3748 ἄγγελοι.

426 3770 492 3823 Oi
525 3773 634 3840 γὰρ
661 3769 840 3840 ἕτεροι
890 3770 1115 3839 ἄγγελοι
1147 3769 1634 3842 προσκυνήσαντες
1681 3772 1770 3825 τὸν
1810 3772 2005 3840 Ἀδὰμ,

425 3852 737 3931 ἐσώθησαν,
775 3863 871 3920 καὶ
908 3864 1193 3934 μείναντες
1224 3863 1285 3916 ἐν
1331 3865 1397 3936 τῇ
1433 3864 1583 3930 τάξει
1621 3864 1824 3928 αὐτῶν,
1857 3865 2009 3934 sup!-

430 3972 651 4011 σκονται
683 3956 848 4025 μέχρι
897 3955 993 4008 τοῦ
1030 3954 1123 4009 νῦν
1153 3954 1397 4026 ἄγγελοι.
1442 3958 1501 4010 '0
1539 3957 1596 4010 δὲ
1641 3956 1889 4021 διάϐολος
1936 3957 2010 4027 μὴ

433 4046 668 4116 θελήσας
716 4048 1096 4117 προσκυνῆσαι
1142 4048 1234 4101 τὸν
1282 4047 1477 4115 Ἀδὰμ,
1519 4048 1801 4118 ὀργισθεὶς
1852 4048 2008 4114 παρὰ

436 4138 524 4189 τοῦ
566 4139 723 4206 Θεοῦ,
756 4139 992 4204 ἄγγελος
1028 4138 1105 4194 ὣν
1154 4140 1350 4208 γέγονε
1396 4139 1661 4204 διάϐολος.
1707 4139 1817 4193 Καὶ
1862 4140 2012 4200 τίνος

448 4231 748 4301 φρονήσεως
780 4229 931 4297 λόγοι
976 4230 1118 4283 εἰσὶν
1147 4225 1334 4294 obrui;
1371 4230 1811 4301 Προηγουμένως
1859 4230 2009 4284 οὐδεο

447 4322 541 4393 μία
587 4325 782 4397 Γραφὴ
832 4326 983 4392 λέγει
1028 4324 1207 4386 τοῦτο,
1239 4322 1364 4378 οὔτε
1405 4324 1433 4376 6
1476 4322 1743 4388 Μωῠσῆς,
1780 4321 1905 4376 οὔτε
1962 4325 2012 4376 οἱ

434 4418 730 4486 προφῆται,
758 4416 886 4471 οὔτε
915 4419 942 4470 6
974 4413 1233 4487 Χριστός.
1280 4415 1436 4468 Ἐπεὶ
1456 4414 1590 4486 γοῦν
1617 4415 1776 4468 οὐδὲν
1805 4415 1922 4486 ἔχει
1950 4415 2012 4480 ἐξ

1387 339 1693 404 CONTRA
1730 342 2007 407 MAHOM

2108 349 2218 410 'EM
2259 349 2641 410 APOLOGIA
2687 352 2767 410 11..
3586 354 3695 418 4ἷὲ

422 443 520 498 καὶ
558 440 799 516 αὐθάδης
840 437 1019 511 εἶπεν,
1054 444 1136 500 ὅτι
1169 464 1190 500 t
1226 447 1391 519 θήσω
1425 453 1518 504 τὸν
1552 453 1744 525 θρόνον
1780 474 1886 528 μου
1920 458 2007 512 ἐπὶ

2118 463 2445 517 temerarius
2478 461 2618 517 dixit

2676 481 2691 517 :
2743 480 2762 514 ι
2798 462 3025 521 l’ouam
3063 464 3246 520 sedem
3298 482 3474 522 meam
3525 485 3690 541 supra

2106 553 2303 615 nubes.
2356 564 2413 608 et
2465 569 2560 609 ero
2612 553 2811 609 similis
2863 554 3141 612 Altissimo
3171 556 3216 589 “
3293 576 3310 610 ν
3347 558 3472 614 flare
3504 570 3690 617 autem

2104 660 2229 699 cum
2267 646 2312 698 is
2348 644 2402 698 in
2436 645 2624 698 animo
2653 645 2923 707 volveret.
2971 643 3103 700 huic
3147 650 3440 703 commissa
3491 651 3690 707 cohors

2104 734 2253 788 illius
2288 733 2627 803 impietatem
2669 734 2883 790 imitata
2926 745 3029 799 est,
3070 736 3162 792 hic
3207 748 3392 794 autem
3418 742 3560 795 coelo
3592 741 3689 797 de-
3804 777 3809 781 ο

2103 826 2296 896 pulsus
2322 841 2447 880 cum
2476 826 2625 881 omni
2665 842 2762 881 sua
2792 827 2991 881 militia
3031 829 3256 889 excidit.
3291 841 3348 885 et
3392 831 3446 884 hi
3493 848 3688 887 omnes

2103 918 2158 972 in
2213 917 2493 973 daemones
2546 920 2739 973 mutati
2799 928 2949 973 sunt.
2999 919 3135 975 Cum
3199 921 3382 992 itaque
3433 921 3688 979 diabolus

2101 1009 2382 1065 hominem
2432 1011 2487 1065 in
2550 1012 2804 1080 paradiso
2852 1012 3106 1073 vidisset,
3161 1013 3365 1075 invidia
3418 1015 3473 1068 in
3531 1017 3688 1070 illum

2103 1111 2304 1168 motus,
2351 1101 2619 1157 accedens
2656 1105 2837 1172 primo
2884 1103 3176 1158 mulierem
3235 1120 3337 1160 ceu
3384 1105 3691 1162 faciliorem

2100 1195 2355 1264 decepta,
2384 1209 2672 1264 aggressus
2719 1205 2824 1260 est,
2872 1205 2929 1251 et
2973 1197 3115 1252 dixit
3164 1215 3178 1253 :
3220 1197 3333 1254 Cur
3362 1199 3508 1255 Deus
3548 1214 3692 1268 prae—

2101 1286 2247 1356 cepit
2300 1284 2477 1349 vobis,
2502 1287 2591 1340 “ut
2640 1301 2717 1355 ex,
2755 1289 2902 1342 omni
2955 1289 3153 1344 arbore
3216 1305 3341 1359 qua:
3398 1290 3454 1344 in
3516 1306 3683 1359 para-

2099 1378 2221 1433 diso
2249 1386 2353 1443 est,
2385 1379 2706 1441 comedetis,
2742 1380 3068 1435 abstineatis
3113 1390 3301 1437 autem
3344 1381 3415 1436 ab
3460 1381 3687 1447 arbore,

2101 1486 2223 1542 quas
2248 1471 2301 1525 lu
2337 1471 2521 1527 medio
2550 1471 2791 1542 paradisi
2815 1482 2921 1534 est,
2951 1482 3008 1527 et
3039 1472 3188 1543 quod
3235 1488 3575 1544 quacunque
3602 1475 3694 1530 die

2101 1560 2454 1616 comederitis
2486 1575 2554 1614 ex
2588 1559 2704 1628 illa,
2752 1571 2932 1617 morte
2982 1560 3104 1617 sitis
3147 1562 3446 1622 morituri?
3473 1563 3693 1633 Nequa—

2103 1667 2269 1722 quam
2303 1652 2450 1708 enim
2492 1662 2668 1707 morte
2698 1652 3035 1716 moriemini,
3063 1653 3159 1708 sed
3191 1669 3260 1709 ne
3285 1669 3352 1708 ex
3384 1653 3471 1710 illa
3502 1669 3691 1710 come-

2104 1745 2298 1801 dentes
2328 1747 2506 1800 oculis
2545 1746 2747 1801 vestris
2776 1745 2983 1817 apertis
3013 1745 3227 1802 similes
3263 1747 3398 1816 ipsis
3425 1747 3536 1801 diis
3560 1746 3692 1803 red-

2103 1840 2394 1905 deremini,
2427 1842 2809 1911 cognoscendo
2837 1842 3096 1897 nimirum
3130 1842 3337 1897 bonum
3370 1854 3428 1898 et
3457 1844 3684 1904 malum.

2103 1932 2221 2009 haec
2247 1930 2537 2002 prohibuit
2563 1931 2849 1988 Dominus.
2873 1933 2969 1988 liis
2992 1933 3222 1999 auditis,
3245 1934 3444 1989 mulier
3461 1935 3690 2007 decepta

2104 2024 2347 2080 comedit
2370 2039 2436 2080 ex
2470 2025 2687 2086 arbore.
2722 2035 2780 2080 et
2805 2025 2959 2080 dedit
2998 2026 3199 2081 marito
3230 2042 3331 2081 suo
3366 2027 3560 2093 Adam,
3593 2027 3690 2098 qui

2101 2125 2160 2169 et
2200 2117 2315 2186 ipse
2346 2116 2606 2181 comedit,
2661 2116 2969 2171 divinitatis
3029 2118 3365 2186 inajestatem
3403 2118 3687 2173 affectans.

2103 2209 2175 2264 Et
2217 2207 2570 2265 comedentes
2623 2224 2692 2263 ex
2737 2209 2937 2263 arbore
2980 2209 3151 2263 Azlam
3186 2209 3350 2265 simul
3378 2218 3433 2264 et
3478 2210 3609 2276 Eva,
3656 2224 3688 2263 a

2102 2302 2281 2371 gratia
2308 2301 2659 2355 exciderunt.
2706 2300 2853 2355 Deus
2884 2313 3067 2355 autem
3115 2302 3261 2357 circa
3310 2302 3595 2357 meridiem
3632 2303 3690 2357 in

2106 2394 2265 2447 horto
2293 2393 2655 2447 obambulans
2683 2391 2818 2447 dicit
2848 2392 2929 2446 illi
2961 2408 2976 2445 :
3009 2412 3026 2443 ι
3047 2392 3242 2457 Adam,
3275 2391 3368 2445 ubi
3395 2392 3496 2447 es?
3529 2414 3549 2442 ε
3584 2392 3689 2446 llic

2103 2495 2287 2540 autem
2325 2484 2633 2553 reSpondit.
2665 2502 2683 2535 ι
2718 2484 2916 2539 Audivi
2948 2498 3138 2538 vocem
3173 2492 3320 2537 tuam
3358 2484 3691 2538 ambulantis

2104 2576 2159 2630 in
2188 2575 2463 2644 paradiso.
2512 2584 2570 2629 et
2614 2575 2876 2630 abscondi
2928 2589 3036 2641 me,
3083 2575 3210 2644 quia
3250 2574 3431 2628 nudus
3474 2590 3619 2630 sum.
3663 2592 3699 2627 »-

2104 2666 2257 2723 υἱοίι
2307 2666 2383 2720 illi
2426 2666 2593 2729 Deus,
2629 2684 2648 2717 ι
2693 2666 2763 2721 Et
2794 2666 3048 2736 quisnam
3097 2665 3197 2720 tibi
3233 2666 3496 2729 ostendit,
3546 2664 3694 2735 quod

2102 2760 2287 2815 nudus
2340 2760 2460 2815 sis?
2492 2774 2623 2814 num
2672 2774 2738 2814 ex
2791 2759 3009 2825 arbore,
3046 2758 3114 2813 de
3163 2773 3272 2828 qua
3325 2758 3558 2829 praecepi
3595 2757 3694 2812 tibi

2101 2867 2172 2906 ne
2228 2853 2568 2926 comederes,
2602 2851 2928 2906 comedisti‘l
2970 2868 2988 2902 ι
3039 2851 3109 2905 Et
3155 2851 3328 2905 iratus
3377 2850 3458 2905 illi
3506 2850 3696 2904 Domi-

2103 2960 2210 2999 nus
2240 2944 2407 3013 ejecit
2431 2960 2555 2999 eum
2579 2944 2836 3014 paradiso
2865 2958 2990 2997 cum
3027 2943 3415 2997 maledictione
3437 2943 3506 2999 ".
3539 2942 3697 2999 Nunc.

2102 3042 2283 3090 autem
2325 3038 2439 3090 inec
2484 3050 2622 3105 qum.
2658 3035 2799 3089 facta
2851 3045 3001 3099 sunt,
3054 3034 3365 3089 considera.
3418 3034 3696 3092 Diabolus

2102 3128 2287 3180 animo
2318 3126 2517 3187 elatus.
2547 3135 2604 3180 et
2632 3127 2790 3198 quasi
2821 3130 3034 3181 ratione
3051 3127 3518 3184 destitutus.cum
3551 3128 3693 3183 deus

2111 3209 2256 3281 ﬁeri,
2303 3226 2360 3272 et
2392 3217 2676 3273 Altissimo
2724 3217 2921 3274 similis
2964 3232 3086 3273 esse
3138 3218 3500 3287 concupiscit,
3550 3219 3695 3274 ctelo

2107 3314 2232 3365 cum
2265 3319 2378 3365 tota
2412 3325 2511 3365 sua
2544 3308 2776 3365 cohorte
2807 3309 3035 3371 excidit.
3063 3319 3119 3364 et
3151 3324 3222 3364 ex
3267 3310 3392 3366 luce
3436 3311 3492 3364 in
3536 3319 3694 3365 tenex

2108 3401 2236 3457 bras
2263 3410 2350 3458 est
2393 3412 2738 3473 permutatus
2787 3410 2843 3457 et
2881 3401 3199 3469 diabolum;
3242 3413 3466 3474 propter
3495 3419 3694 3474 super-

2109 3493 2256 3549 biam
2293 3495 2442 3549 enim
2469 3508 2623 3549 suam
2653 3504 2710 3549 et
2763 3494 2933 3548 animi
2985 3493 3188 3548 fastum
3229 3510 3259 3549 a
3297 3495 3409 3549 Deo
3449 3493 3698 3565 reiectus

2108 3597 2194 3642 est
2215 3603 2230 3650 ;
2255 3602 2358 3642 nec
2384 3595 2447 3641 ut
2467 3601 2566 3641 vos
2587 3586 2774 3642 dicere
2805 3586 3018 3651 soletis,
3043 3586 3099 3641 in
3124 3587 3227 3642 hoc
3254 3595 3500 3641 creatum
3525 3586 3695 3641 fuisse

2111 3688 2174 3732 ut
2217 3678 2485 3733 Adamum
2521 3677 2798 3743 adoraret,
2854 3678 3091 3732 aliorum
3143 3678 3463 3748 angelorum
3510 3694 3692 3741 more,

2112 3771 2202 3842 qui
2238 3772 2391 3826 illum
2419 3771 2715 3850 adorantes
2736 3774 2941 3825 servati
2962 3780 3113 3834 sunt,
3134 3773 3265 3826 etin
3291 3771 3555 3842 dignitate
3590 3786 3693 3829 sua

2115 3863 2468 3935 persistentes
2518 3862 2702 3918 adhuc
2755 3862 2931 3932 angeli
2974 3862 3266 3927 dicuntur;
3314 3863 3462 3916 hunc
3502 3871 3695 3922 autem

2112 3959 2240 4030 quia
2271 3956 2536 4011 adorandi
2569 3955 2814 4010 ofﬁcium
2848 3953 3057 4008 Adamo
3092 3955 3397 4024 negaverit,
3428 3952 3524 4007 Dei
3561 3954 3696 4016 iram

2115 4052 2169 4106 in
2203 4066 2325 4107 sese
2360 4048 2748 4110 concitavisse,
2781 4054 2840 4100 et
2870 4061 2937 4101 ex
2967 4045 3161 4114 angelo
3188 4043 3392 4098 factum
3428 4058 3552 4098 esse
3579 4042 3699 4103 dia.

2116 4143 2328 4196 bolum.
2361 4140 2534 4207 Quam
2568 4141 2716 4193 enim
2747 4137 3133 4193 auctoritatem
3165 4136 3283 4189 haec
3303 4135 3475 4190 verba
3492 4133 3701 4189 habere

2113 4233 2405 4294 videntur,
2454 4230 2754 4301 prmsertim
2809 4244 2935 4285 cum
2985 4229 3136 4283 nulla
3173 4227 3455 4295 Scriptura
3501 4225 3699 4288 horum

2114 4324 2453 4387 meminerit,
2474 4338 2577 4379 nec
2598 4323 2796 4386 Moses,
2827 4336 2929 4376 nec
2951 4320 3254 4390 prophetae,
3277 4332 3381 4373 nec
3405 4316 3701 4372 Christus?

2114 4417 2250 4492 Cium
2285 4414 2454 4481 igitur
2481 4414 2633 4468 omni
2662 4415 2863 4468 horum
2911 4410 3231 4467 testimonio
3274 4417 3520 4474 careant,
3558 4408 3700 4465 falsa

432 4506 657 4559 ἐκείνων
704 4504 803 4577 τὴν
853 4507 1185 4577 μαρτυρίαν,
1241 4504 1321 4558 ενι
1383 4505 1579 4576 ψευδὲς
1637 4507 1734 4557 καὶ
1791 4505 2007 4588 ἀπαρά-

2114 4517 2247 4564 suut
2293 4517 2353 4563 et
2397 4505 2723 4578 rejicienda,
2759 4514 2873 4560 tum
2917 4504 3085 4558 etiam
3128 4502 3231 4556 hac
3262 4501 3331 4556 de
3357 4516 3520 4556 causa
3552 4500 3701 4570 quod

429 4598 640 4653 δεκτον.
667 4599 876 4662 Ἄλλως
923 4616 1005 4666 τε,
1047 4598 1131 4653 δτι
1166 4602 1198 4670 ἡ
1251 4598 1351 4669 μὲν
1394 4599 1560 4667 φύσις
1600 4598 1712 4651 τῶν
1758 4599 2014 4667 ἀγγέλων

431 4690 582 4744 ἐστὶν
609 4691 754 4762 ἁπλῆ
782 4691 876 4743 καὶ
903 4691 1220 4760 ἀσώματος,
1256 4692 1349 4743 καὶ
1382 4690 1571 4744 ἐπάνω
1603 4690 1713 4743 τῶν
1741 4690 2011 4761 οὐρανῶν,

432 4785 468 4852 ἡ
518 4783 579 4837 δὲ
627 4782 722 4837 τοῦ
751 4784 925 4855 Ἀδὰμ
978 4785 1044 4837 ἐκ
1092 4784 1195 4852 γῆς
1243 4784 1426 4854 χοῖκή.
1480 4784 1642 4846 ﬂcio;
1688 4781 1822 4851 γοῦν
1875 4781 2014 4853 ἔχων

431 4879 617 4943 ποσῶς
648 4880 851 4947 γνῶσιν
886 4879 1073 4948 μέλλει
1103 4877 1354 4944 δέξεσθαι
1398 4876 1498 4946 τὴν
1525 4875 1798 4948 τοσαύτην
1828 4890 2012 4946 παρα-

429 4971 653 5037 λογίανς
694 4969 838 5024 Ἀλλ’
875 4971 990 5041 ὲρεί
1030 4986 1117 5032 τις
1159 4969 1243 5022 ὅτι
1281 4969 1374 5021 καὶ
1400 4968 1430 5021 6
1458 4966 1692 5037 Χριστδς
1722 4967 2014 5039 ἄνθρωπος

432 5067 531 5131 ὢν,
565 5067 680 5129 πῶς
711 5067 809 5139 (ὡς
833 5069 881 5120 οἱ
910 5062 1228 5137 Χριστιανοὶ
1264 5063 1542 5132 λέγουσιν)
1571 5063 1676 5116 ὑπὸ
1706 5062 1815 5115 τῶν
1843 5062 2013 5131 ἀγγέ-

432 5159 543 5212 λων
564 5161 989 5228 προσκυνεῖταις
1026 5157 1137 5211 Καὶ
1168 5156 1304 5228 πρὸς
1336 5156 1545 5211 ἐκεῖνον
1568 5154 1791 5213 λεκτέον
1813 5156 2012 5220 οὕτως,

437 5252 521 5305 ὅτι
557 5252 585 5304 6
606 5251 734 5314 Υἱὸς
757 5249 854 5304 καὶ
877 5251 1049 5317 Λόγος
1071 5246 1169 5300 τοῦ
1197 5247 1334 5301 Θεοῦ
1366 5247 1474 5319 πρὸ
1513 5247 1623 5301 τῶν
1649 5247 1862 5300 αἰώνων
1885 5247 2021 5311 Θεὸς

438 5340 534 5406 ὢν,
569 5342 956 5413 προσεκυνεῖτο
998 5339 1096 5392 σὺν
1120 5339 1200 5408 τῷ
1247 5340 1426 5414 Ila-api.
1455 5339 1623 5393 αὑτοῦ
1648 5338 1726 5408 τῷ
1763 5338 1882 5408 Θεῷ
1914 5338 2021 5390 ὑπὸ

437 5432 548 5487 τῶν
589 5432 860 5501 ἀγγέλων,
893 5431 990 5485 καὶ
1047 5428 1146 5483 νῦν
1201 5428 1447 5499 γεγονὼς
1493 5430 1804 5501 ἄνθρωπος,
1851 5427 2018 5501 ,πάλιν

438 5527 826 5595 προσκυνεῖται
882 5523 977 5578 ὑπ’
1030 5522 1212 5580 αὐτῶν
1260 5522 1372 5577 τῶν
1428 5522 1697 5592 ἀγγέλων,
1742 5522 1836 5574 καὶ
1876 5524 2016 5591 μετέι

437 5618 532 5680 τοῦ
560 5616 832 5688 σώματος.
857 5614 1395 5689 Συμπροσκυνετται¹
1425 5614 1563 5686 γοῦν
1596 5615 1693 5670 καὶ
1723 5616 1751 5669 6
1800 5614 2015 5686 ἄνθρω-

510 5796 555 5829 ⁶⁸
586 5794 691 5856 lsa.
726 5809 836 5857 xiv,
896 5795 978 5852 li.
1056 5796 1100 5827 "
1131 5793 1266 5850 Gen.
1304 5813 1385 5862 rt,
1432 5796 1455 5849 l
1498 5811 1652 5873 seqq.

2120 4600 2438 4671 angelorum
2473 4609 2670 4652 natura
2702 4596 2957 4667 simplex,
2986 4610 3120 4664 pura
3148 4604 3205 4651 et
3233 4595 3557 4664 incorporea
3591 4604 3699 4656 est,

2126 4703 2183 4748 et
2220 4703 2387 4762 supra
2445 4691 2615 4746 caelos
2659 4690 2978 4757 constituta,
3010 4688 3205 4743 Adami
3258 4701 3387 4741 vero
3429 4702 3502 4741 ex
3555 4696 3704 4740 terra

2116 4785 2431 4841 commista.
2451 4782 2589 4850 Quis
2614 4782 2782 4852 igitur
2808 4781 2896 4837 vel
2919 4764 3191 4835 tantillum
3215 4779 3444 4833 rationis
3470 4777 3703 4841 habens,

2109 4890 2226 4931 rem
2277 4884 2388 4930 tam
2423 4873 2718 4929 absurdam
2761 4871 3054 4929 crederet?
3099 4870 3207 4925 Sed
3259 4869 3409 4924 dicat
3458 4870 3659 4937 aliquis
3688 4909 3704 4933 ,

2108 4968 2260 5037 quod
2293 4975 2351 5021 et
2384 4965 2661 5028 Christus,
2689 4980 2813 5020 cum
2858 4964 3024 5018 homo
3058 4965 3150 5026 sit,
3177 4963 3332 5033 juxta
3361 4961 3709 5018 Christiano-

2117 5074 2238 5115 rum
2271 5061 2622 5123 sententiam,
2671 5058 2741 5113 ab
2784 5056 2995 5127 angelis
3039 5056 3327 5111 adoretur.
3360 5055 3469 5111 Sed
3503 5056 3571 5110 ad
3604 5055 3709 5110 hoc

2117 5152 2200 5206 sic
2228 5148 2706 5220 respondendum:
2739 5148 2910 5203 Filius
2933 5158 2988 5203 et
3013 5137 3263 5201 Verbum
3298 5147 3391 5201 Dei
3415 5161 3541 5226 cum
3575 5156 3705 5200 ante

2118 5243 2317 5297 sarcula
2358 5242 2503 5296 Deus
2533 5249 2701 5305 esset,
2733 5239 2802 5294 ab
2831 5238 3043 5309 angelis
3090 5252 3199 5292 una
3226 5252 3352 5292 cum
3399 5238 3513 5292 Deo
3547 5236 3707 5291 Patre

2118 5349 2220 5391 suo
2255 5333 2630 5390 adorabatur:
2666 5340 2724 5387 et
2752 5347 2900 5386 utntc
2932 5332 3098 5385 homo
3133 5330 3314 5385 factus
3334 5345 3554 5383 rursum
3574 5327 3708 5382 adow

2116 5436 2274 5483 ratur
2305 5427 2374 5481 ab
2409 5425 2607 5481 iisdem
2644 5439 2751 5479 una
2790 5437 2916 5477 cum
2959 5436 3218 5491 corpore,
3242 5421 3328 5475 ita
3362 5428 3423 5473 ut
3447 5435 3554 5473 una
3578 5420 3701 5486 'jam

2118 5521 2285 5576 homo
2311 5519 2596 5585 adoretur,
2625 5531 2789 5587 quem
2821 5516 2993 5572 Filius
3028 5529 3084 5571 et
3112 5514 3351 5572 Verbum
3375 5511 3470 5567 Dei
3495 5524 3707 5565 assum-

2121 5613 2230 5685 psit
2256 5628 2383 5669 cum
2429 5610 2738 5669 substantia
2773 5625 2894 5678 sua,
2929 5605 3396 5681 quemadmodum
3443 5598 3698 5679 primitus
