4090 6456
415 309 523 373 417

1617 321 1946 385 JOANNIS
1984 325 2535 393 CANTACUZENH

3565 336 3670 403 448

410 416 570 480 dic't,
597 415 987 489 desumpserit,
1020 434 1129 475 non
1163 420 1346 488 video,
1380 422 1474 480 sed
1500 425 1847 497 cogitationis
1884 446 1996 486 suae

2104 434 2295 504 Εὐρὼν
2325 437 2435 507 γάρ
2472 437 2797 508 ἀνθρώπους
2825 439 3058 511 ἀμαθεῖς
3092 443 3187 500 καὶ
3224 444 3538 516 ἀγροίκους.
3577 452 3673 505 καὶ

416 510 672 581 ﬁgmenta
701 523 850 568 sunt.
885 515 1146 572 Homines
1175 518 1324 573 enim
1377 532 1570 578 nactus
1606 522 1860 580 indoctos
1911 543 2003 581 ru-

416 603 631 673 desque
657 604 906 676 nihilque
936 607 1050 664 fere
1074 623 1103 663 a
1128 608 1303 664 brutis
1334 611 1664 669 animalibus
1687 615 2001 674 differentes

417 696 651 761 (Arabes
684 700 828 752 enim
864 709 1112 767 pastores
1140 702 1291 772 sunt)
1342 720 1405 759 ea
1438 721 1559 775 quae
1591 711 1810 780 propria
1858 711 2000 767 ratio

417 795 706 855 pepererat
757 787 1015 859 ﬁgmenta
1063 792 1272 853 docuit.
1326 793 1394 848 de
1447 795 1643 862 quibus
1693 798 1998 854 silebimus.

417 873 537 929 Non
568 877 715 930 enim
787 879 1083 948 primarius
1133 883 1306 936 nostri
1358 884 1591 939 instituti
1648 901 1847 956 scopus
1892 898 1998 955 est,

416 965 886 1023 Musnlmanorum
919 971 1131 1040 iniquas
1182 984 1239 1027 et
1282 976 1550 1030 erraticas
1576 977 1859 1033 confutare
1885 981 2002 1050 opi-

330 1066 335 1071 ‘
416 1057 634 1124 niones,
670 1060 765 1114 sed
803 1066 1178 1118 tantummodo
1207 1075 1493 1135 augustam
1530 1069 1700 1136 illam,
1729 1081 1998 1137 sanctam,

413 1149 615 1219 justam
657 1163 714 1208 et
771 1154 1051 1210 honestam
1080 1155 1513 1215 Christianorum
1541 1161 1858 1232 religionem
1905 1181 2000 1220 ex-

416 1256 644 1310 ponere.
695 1234 1277 1311 Quare'redeundum
1331 1251 1400 1305 ad
1447 1252 1525 1320 id,
1563 1253 1723 1319 {unde
1765 1255 1998 1326 digressi

425 1346 639 1388 sumus.

485 1490 543 1546 4.
578 1489 714 1545 Cum
747 1492 916 1548 Adam
949 1495 1090 1551 ﬁlios
1122 1498 1403 1567 genuisset
1447 1508 1502 1554 et
1529 1499 1692 1566 ﬁlias,
1716 1511 1773 1557 et
1801 1502 1998 1560 iisdem

411 1581 673 1637 similiter
706 1585 847 1641 ﬁlios
877 1597 934 1641 et
997 1588 1135 1642 ﬁlias
1180 1590 1653 1662 progignentibus,
1697 1594 1998 1652 humanum

413 1688 586 1741 genus
617 1690 783 1744 super
828 1685 1026 1732 terram
1067 1676 1492 1748 multiplicatum
1527 1694 1633 1740 est.
1668 1684 1776 1742 Sed
1824 1689 1996 1743 Adam

2100 521 2212 581 οἷον
2240 530 2392 582 οὐδὲν
2415 530 2523 583 τῶν
2547 531 2755 601 ἀλόγων
2790 533 2945 597 ζώων
2978 536 3356 609 διαφέροντας,
3385 544 3677 615 κτηνοτρόο

2102 635 2191 685 φοι
2234 620 2343 688 γὰρ
2373 621 2693 691 εὑρίσκοντο
2723 625 2982 695 Ἀραόεςο
3010 628 3215 696 ἐδίδαξε
3248 631 3350 701 τῆς
3378 633 3513 697 ιδίας
3541 636 3675 693 ἀνα-

2102 710 2402 780 πλάσματα
2430 712 2669 776 διανοίας
2713 715 2871 769 ἅτινα
2913 718 3230 786 σιωπῶμεν,
3260 723 3380 776 ἐπεὶ
3403 724 3503 781 οὐκ
3527 725 3676 783 ἔστιν

2101 804 2262 868 αὐτὸς
2302 807 2716 877 προηγούμενος
2758 809 2787 862 ὁ
2828 811 3049 878 σκοπὸς,
3080 813 3141 865 τὸ
3171 795 3388 888 ἐλέγξαι
3431 817 3531 880 τὰς
3568 818 3676 879 τῶν

2100 896 2539 965 Μουσουλμάνων
2561 901 2905 970 παρανομίας
2926 904 3024 957 καὶ
3048 906 3473 978 πεπλανημένας
3496 908 3674 976 δόξας,

2100 986 2237 1041 ἀλλὰ
2269 988 2429 1058 μόνον
2464 990 2635 1053 δεῖξαι
2666 992 2726 1044 τὸ
2760 991 2867 1047 τῶν
2896 993 3239 1063 Χριστιανῶν
3281 997 3448 1062 σέὸας
3478 999 3636 1066 ᾇγιον
3657 1040 3672 1064 ,

2101 1080 2196 1131 καὶ
2238 1079 2468 1147 δίκαιον,
2524 1080 2619 1136 καὶ
2669 1083 2853 1139 καλόν.
2913 1084 3054 1139 Ἀλλ’
3097 1088 3237 1141 ίτέον
3284 1088 3407 1143 ὅθεν
3452 1088 3674 1161 ἐξήλθο-

2104 1187 2224 1240 μεν.

2172 1478 2237 1547 δ’.
2283 1479 2649 1551 Γεννήσαντος
2676 1480 2771 1536 τοῦ
2824 1481 2995 1552 ’Δδὰμ
3024 1483 3175 1549 uici);
3205 1483 3302 1538 καὶ
3327 1483 3635 1554 θυγατέρας
3653 1522 3670 1549 ,

2100 1575 2370 1628 κάκείνων
2389 1576 2766 1645 γεννησάντων
2790 1576 2993 1646 ὁμοίως
3027 1578 3177 1640 υίοὺς
3209 1578 3305 1632 καὶ
3343 1577 3672 1647 θυγατέρας,

2100 1666 2408 1737 ἐπληθύνθη
2432 1668 2491 1721 τὺ
2524 1669 2679 1736 γένος
2709 1670 2800 1723 ἐπὶ
2825 1670 2925 1741 τῆς
2947 1670 3054 1741 γῆς
3075 1671 3182 1724 τῶν
3206 1670 3307 1725 ἀνθ
3319 1669 3536 1741 ρώπων.
3563 1671 3674 1724 Καὶ

411 1779 538 1819 cum
593 1766 704 1821 Eva
761 1784 858 1824 sua
924 1773 1173 1840 quamvis
1222 1774 1435 1830 seducti
1493 1791 1523 1830 a
1570 1777 1812 1846 diabolo,
1860 1780 1991 1837 dum

2098 1759 2125 1809 ὁ
2165 1758 2267 1828 μὲν
2307 1759 2477 1828 Ἀδὰμ
2513 1762 2607 1814 καὶ
2634 1763 2669 1831 ἡ
2700 1757 2811 1816 Εὕα
2844 1762 3211 1830 πλανηθέντες
3232 1762 3337 1816 ὑπὸ
3362 1761 3456 1816 τοῦ
3485 1761 3672 1815 διαϐό-

412 1855 761 1913 divinitatem
818 1860 1111 1927 affectant,
1167 1865 1481 1933 paradisum
1542 1882 1764 1937 quoque
1828 1887 1992 1939 quem

414 1947 693 2004 habebant
747 1952 1080 2018 amisissent,
1145 1956 1511 2013 nihilominus
1577 1967 1761 2016 tamen
1824 1962 1994 2017 Deum

413 2026 805 2108 adoravernnt,
845 2053 1148 2100 creatorem
1181 2055 1237 2100 et
1269 2046 1529 2103 factorem
1560 2063 1744 2105 suum.
1788 2050 1996 2108 llorum

414 2138 599 2183 autem
640 2133 840 2199 posteri
882 2150 1003 2187 cum
1042 2152 1070 2189 a
1112 2140 1341 2193 veritate
1381 2140 1752 2208 deﬁexisscnt,
1792 2145 1998 2202 incide-

413 2231 546 2276 runt
585 2222 637 2276 in
686 2225 924 2281 nefanda
956 2229 1184 2295 scelera,
1216 2246 1384 2300 Opera
1420 2234 1696 2289 horrenda
1732 2236 1908 2302 dictu,
1942 2248 1997 2293 et

412 2325 635 2381 peccata
669 2318 813 2386 ipsas
839 2303 1047 2374 natura:
1093 2323 1241 2393 leges
1283 2324 1625 2391 excedentia,
1657 2344 1779 2398 quae
1812 2329 1991 2386 virum

411 2408 614 2464 bonum
670 2427 772 2464 nec
821 2415 1107 2467 nominare
1162 2416 1382 2482 quidem
1419 2417 1597 2473 decet.
1634 2419 1745 2474 Nec
1782 2431 1990 2476 tantum

414 2500 471 2553 in
523 2501 673 2556 hisce
731 2506 912 2570 pravis
969 2508 1289 2577 multisque,
1325 2518 1386 2563 ut
1439 2511 1699 2576 diximus,
1756 2514 1995 2583 peccatis

410 2604 788 2660 peccaverunt
822 2610 837 2660 ;
872 2594 967 2649 sed
1019 2599 1209 2652 relicto
1238 2599 1402 2652 ctiam
1441 2600 1553 2656 Deo
1581 2602 1706 2657 εωιί
1734 2614 1789 2657 et
1835 2611 1993 2657 terrm

408 2692 684 2742 creatore,
718 2686 1092 2742 adoravcrunt
1120 2700 1426 2755 creaturas,
1456 2701 1513 2745 et
1538 2694 1996 2763 creaturamlplus

410 2784 577 2836 quam
597 2772 936 2829 Creatorem.
960 2776 1023 2829 Hi
1053 2778 1199 2832 enim
1220 2780 1387 2834 solem
1412 2782 1796 2846 adoraverunt,
1812 2785 1891 2839 illi
1915 2786 1997 2838 lu-

411 2876 563 2923 nam,
593 2863 683 2915 alii
708 2866 912 2940 stellas,
936 2878 990 2921 et
1012 2869 1124 2923 haec
1154 2872 1335 2925 omnia
1366 2872 1888 2943 ipsiusiDeinominc
1906 2876 1993 2930 di-

412 2953 562 3023 gnati
582 2966 728 3010 sunt.
762 2956 826 3011 Et
852 2961 1313 3029 quemadmodum
1348 2965 1399 3018 iu
1438 2967 1679 3021 tenebris
1709 2969 1995 3036 profundis

406 3047 775 3114 ambulantes,
793 3066 854 3104 ea
877 3054 1151 3123 quaeipsis
1176 3056 1480 3127 propinqua
1505 3067 1634 3114 sunt
1655 3076 1765 3114 non
1785 3061 1989 3127 vident,

406 3140 514 3197 alia
540 3155 671 3194 vero
699 3157 819 3211 quae
842 3159 1107 3213 nusquam
1134 3156 1411 3211 sunt,esse
1436 3150 1822 3220 imaginantur,
1842 3151 1915 3206 ita
1935 3158 1993 3206 et

411 3230 519 3285 illis
539 3233 788 3302 contigit.
809 3234 1049 3304 Longius
1070 3237 1217 3291 enim
1237 3253 1268 3291 a
1297 3255 1423 3295 vera
1443 3240 1565 3296 luce
1582 3241 1837 3313 digressi,
1858 3250 1913 3297 et
1936 3243 1989 3297 in

412 3327 655 3380 tenebris
673 3326 1548 3407 ignorantia:ambulantes,Deum
1568 3334 1787 3403 quidem
1801 3349 1992 3390 verum

410 3419 640 3472 aversati
668 3428 815 3484 sunt,
849 3431 904 3475 et
937 3424 1080 3479 idola
1117 3426 1432 3492 coluerunt,
1454 3438 1509 3480 et
1541 3425 1806 3481 iniisdem
1829 3426 1994 3482 laetati

406 3511 632 3569 sunt.Et
650 3511 900 3585 Aigyptii,
911 3517 1132 3584 quidem
1154 3517 1347 3573 bovem
1365 3512 1750 3583 adorabant,et
1768 3534 1991 3588 aquam;

409 3601 654 3656 Africani
695 3621 875 3674 ovem,
912 3606 1028 3662 ludi
1076 3610 1290 3670 vinum,
1339 3607 1432 3662 alii
1465 3607 1663 3664 ﬂuvios
1704 3618 1761 3664 et
1792 3609 1993 3676 fontes,

410 3692 503 3746 alii
544 3703 753 3749 statuas
803 3710 1124 3764 erexerunt,
1157 3709 1213 3753 et
1261 3699 1413 3754 stulti
1469 3715 1731 3754 manuum
1768 3716 1993 3754 suarum

410 3801 579 3854 opera
608 3803 704 3857 pro
733 3789 838 3844 diis
863 3793 1178 3846 coluerunt.
1217 3790 1418 3845 Desino
1447 3805 1778 3845 enumerare
1807 3791 1996 3861 singu-

410 3877 588 3935 larum
623 3882 908 3951 regionum
933 3898 1173 3947 errores,
1199 3892 1424 3953 propter
1452 3883 1724 3937 inﬁnitam
1757 3883 1991 3951 copiam.

409 3972 490 4037 Ex
527 3973 608 4027 his
638 3979 783 4029 enim
823 3990 923 4031 ceu
961 3976 1409 4045 particularibus,
1444 3976 1826 4046 unusquisque
1862 3974 1994 4030 reli-

404 4080 519 4137 qua
555 4081 777 4136 quoque
813 4082 1152 4136 cognoscere
1193 4068 1417 4137 poterit.
1452 4068 1845 4124 Verumtamen
1883 4083 1995 4122 non

285 4186 305 4203 ο
409 4172 479 4211 co
529 4174 701 4227 usque
754 4169 967 4214 tantum
1021 4160 1242 4214 illorum
1271 4160 1528 4215 vecordia
1565 4161 1856 4230 processit,
1898 4159 1992 4215 sed

408 4262 470 4308 et
513 4251 733 4323 Scythis
766 4268 887 4306 inos
916 4262 1035 4307 crat
1063 4252 1168 4306 deo
1197 4267 1300 4308 suo
1333 4269 1430 4309 eos
1457 4253 1551 4323 qui
1586 4269 1651 4307 ex
1694 4253 1994 4323 naufragiis

410 4332 606 4401 Salvati
654 4353 830 4407 erant,
886 4344 1194 4410 immolare,
1236 4354 1511 4416 quotquot
1556 4345 1749 4402 saltem
1797 4347 1995 4415 depre-

412 4435 580 4497 hendi
611 4445 866 4505 possent;
896 4437 1083 4505 sicque
1117 4452 1258 4505 quos
1292 4439 1515 4506 propria
1555 4445 1872 4491 servaverat
1902 4450 1995 4490 so-
2026 4463 2072 4518 ο

413 4527 596 4590 lcrtia,
656 4527 875 4581 illorum
927 4528 1240 4583 trucidabat
1268 4528 1589 4583 crudelitas.
1632 4527 1737 4581 Alii
1771 4543 1991 4581 rursum

412 4621 672 4677 homines
700 4620 843 4674 bello
872 4628 1062 4689 captos
1106 4631 1484 4684 numerantes,
1523 4635 1555 4673 e
1601 4620 1853 4675 centenis
1881 4622 1997 4674 sin-

412 4712 559 4780 gulis
591 4727 758 4764 unum
788 4712 1171 4767 immolabant.
1200 4711 1279 4765 En
1314 4713 1408 4766 tibi
1435 4711 1631 4774 caedes,
1661 4720 1717 4765 et
1750 4712 1995 4766 crudeli-

416 4812 583 4859 tatem
618 4804 875 4858 omnibus
905 4804 1084 4859 brutis
1115 4813 1172 4858 et
1201 4803 1335 4857 feris
1380 4802 1728 4858 ferociorem.
1770 4802 1995 4858 Nullum

417 4898 617 4952 animal
649 4914 773 4954 cum
815 4899 1033 4971 generis
1066 4898 1149 4952 sui
1190 4907 1446 4951 consorte
1474 4906 1697 4968 pugnat,
1730 4911 1831 4952 nec
1861 4899 1995 4954 illud

416 4992 632 5059 perdit;
674 4992 730 5045 bi
761 4997 888 5045 ver'o
938 4992 1071 5059 ipsis
1117 4990 1251 5046 feris
1288 4991 1447 5059 longe
1482 4989 1838 5045 immaniores
1878 5007 1997 5047 esse

416 5084 843 5140 convincuntur.
885 5083 1004 5138 Non
1032 5083 1178 5137 enim
1214 5082 1533 5152 peregrinos
1566 5083 1730 5137 modo
1764 5091 1819 5138 et
1861 5082 1996 5138 alie-

416 5178 648 5249 nigenas
679 5178 1026 5240 occiderunt,
1074 5192 1263 5231 verum
1315 5182 1481 5230 etiam
1532 5175 1732 5230 fratres
1770 5184 1827 5230 et
1871 5191 1999 5230 san-

413 5272 583 5339 guine
628 5271 876 5340 junctos.
905 5266 1196 5323 Cretenses
1222 5269 1367 5322 enim
1405 5276 1461 5322 et
1510 5267 1820 5333 Pbtenices,
1871 5283 1995 5323 cum

414 5359 588 5415 corda
639 5359 907 5412 haberent
946 5371 1055 5410 aere
1095 5357 1339 5424 duriOra,
1373 5356 1716 5412 daemonibus
1747 5359 1998 5428 proprios

420 5450 565 5505 ﬁlios
614 5459 670 5505 et
722 5447 863 5503 ﬁlias
898 5448 1299 5505 sacriﬁcabant.
1351 5448 1624 5505 Caeterum
1680 5450 1997 5518 priusquam

419 5540 536 5597 haec
569 5540 783 5604 ﬁerent,
837 5539 1102 5594 diluvium
1138 5539 1251 5595 Noé
1304 5542 1642 5611 temporibus
1686 5542 1996 5607 inundavit,

422 5635 662 5705 etaquis
709 5634 994 5691 submersa
1037 5645 1122 5691 est
1168 5637 1349 5691 omnis
1391 5637 1580 5691 anima'
1626 5637 1838 5698 vivens,
1886 5647 1993 5690 tam

429 5728 668 5786 hominis
692 5743 857 5801 quam
885 5728 1128 5784 omnium
1160 5731 1388 5785 aliorum
1438 5729 1774 5796 animalium,
1807 5729 1997 5785 volati-

2099 1848 2213 1914 λου,
2248 1851 2343 1903 καὶ
2377 1851 2694 1916 ἐλπίσαντες
2736 1854 2988 1921 γενέσθαι
3016 1854 3151 1920 θεοὶ,
3182 1855 3473 1910 ἀπώλεσαν
3493 1856 3584 1909 καὶ
3612 1853 3673 1907 ὃν

2098 1936 2243 2010 εἶχον
2290 1940 2633 2009 παράδεισον.
2668 1941 2861 2012 Ὅμως
2907 1944 2966 1998 δὲ
3010 1944 3382 2015 προσεκύνουν
3419 1945 3509 1997 τὸν
3540 1943 3675 1997 Θεὸν

2096 2034 2189 2085 τὸν
2215 2033 2549 2105 δημιουργὸν
2578 2036 2673 2089 καὶ
2698 2037 2948 2108 πλάστην
2978 2038 3173 2093 αὐτῶν.
3206 2040 3270 2091 (ll
3294 2039 3339 2092 δ’
3360 2037 3422 2103 ἐξ
3447 2030 3673 2091 ὶκεὶνων

2099 2127 2554 2197 παρατραπέντες
2582 2128 2691 2182 ἀπὸ
2719 2131 2817 2199 τῆς
2848 2130 3107 2199 ἀληθείας
3132 2132 3391 2185 ἐνέπεσον
3433 2133 3512 2194 είς
3541 2128 3672 2185 ἀθε-

2101 2217 2287 2286 μίτους
2329 2220 2557 2285 πράξεις
2592 2220 2686 2274 καὶ
2733 2222 3139 2293 ἀρῤητουργίας
3173 2224 3268 2276 καὶ
3313 2227 3470 2293 παρὰ
3508 2222 3670 2291 φύσιν

2095 2308 2393 2378 ἁμαρτίας,
2416 2310 2481 2372 ἀς
2511 2311 2631 2364 οὐδὲ
2657 2312 2880 2382 θεμιτὸν
2910 2316 3085 2367 εἰπεῖν
3108 2316 3246 2377 ὂλως
3272 2312 3545 2386 ἀνθρώπῳ
3570 2316 3674 2369 σώ-

2097 2418 2274 2470 φρονι.
2309 2403 2399 2471 Μὴ
2434 2403 2597 2471 μόνον
2623 2406 2679 2459 δὲ
2713 2407 2959 2476 ἥμαρτον
2981 2409 3040 2460 ἐν
3064 2410 3343 2472 τοιαύταις
3374 2409 3671 2480 ἁμαρτίαις

2097 2494 2319 2558 πολλαῖς
2358 2497 2467 2569 καὶ.
2486 2500 2705 2564 κακαῖς,
2752 2500 2829 2563 ὼς
2863 2502 3111 2572 εἴπομεν,
3150 2501 3269 2555 ἀλλ’
3301 2503 3535 2570 ἀφέντες
3577 2501 3671 2557 τὸν

2096 2587 2229 2641 Θεὸν
2251 2589 2342 2641 τὸν
2365 2591 2593 2663 ποιητὴν
2623 2593 2718 2646 τοῦ
2749 2595 2981 2664 οὐρανοῦ
3014 2594 3112 2649 καὶ
3136 2595 3237 2662 τῆς
3268 2595 3373 2663 γῆς
3401 2594 3668 2667 προσεκύ-

2096 2696 2266 2749 νησαν
2288 2682 2353 2734 τά
2371 2682 2668 2752 κτίσματα,
2694 2688 2790 2741 καὶ
2813 2687 3191 2757 ἐσεϐάσθησαν
3208 2688 3306 2758 τὴν
3325 2688 3501 2742 κτίσιν
3517 2688 3669 2758 παρὰ

2093 2772 2186 2824 τὸν
2216 2773 2500 2829 κτίσαντα.
2541 2777 2652 2829 Καὶ
2679 2778 2728 2830 oi
2772 2780 2872 2847 μὲν
2909 2780 3326 2851 προσεκύνησαν
3359 2780 3449 2833 τὸν
3491 2781 3668 2852 ἥλιον.

2095 2866 2144 2918 oi
2171 2866 2227 2919 δὲ
2249 2866 2348 2937 τὴν
2381 2868 2633 2940 σελήνην,
2656 2873 2704 2923 οί
2729 2872 2787 2925 δὲ
2811 2873 2938 2935 τοὺς
2965 2874 3225 2944 ἀστέρας,
3260 2874 3355 2927 καὶ
3387 2874 3669 2944 ὠνόμαζον

2093 2959 2190 3010 καὶ
2223 2959 2453 3012 ἐκάλουν
2482 2961 2617 3015 αὐτά
2649 2963 2825 3026 θεούς.
2863 2965 2975 3018 Καὶ
2995 2964 3185 3035 ὥσπερ
3210 2968 3263 3018 oi
3293 2967 3350 3019 ἐν
3381 2966 3668 3037 βαθυτάτῳ

2096 3049 2277 3104 σκότει
2323 3053 2702 3122 πορευόμενοι,
2748 3056 2816 3110 τὰ
2867 3057 2966 3125 μὲν
2999 3057 3228 3129 πλησίον
3259 3059 3443 3112 αὐτῶν
3491 3059 3668 3128 ἀληθῆ

2096 3144 2193 3213 οὐχ
2219 3144 2408 3214 δρῶσι,
2433 3148 2502 3198 τὰ
2524 3146 2580 3200 δὲ
2611 3148 2685 3219 μὴ
2708 3147 2838 3201 δντα
2863 3150 2937 3211 ώς
2962 3150 3088 3203 ὅντα
3116 3150 3498 3219 φαντάζονται,
3526 3150 3670 3205 οὕτω

2098 3236 2194 3289 καὶ
2211 3238 2300 3289 ἐπ’
2323 3239 2572 3303 ἐκείνοις.
2593 3243 3014 3311 Μακρυνθέντες
3032 3246 3139 3313 γὰρ
3162 3247 3271 3299 ἀπο
3299 3245 3391 3298 τοῦ
3411 3245 3668 3315 ἀληθινοῦ

2098 3329 2299 3397 φωτὸς.
2322 3333 2393 3384 τὰ
2412 3335 2470 3385 ἐν
2494 3333 2573 3403 τῷ
2594 3337 2775 3390 σκότει
2797 3338 2894 3406 τῆς
2921 3337 3198 3404 ἀγνωσίας
3215 3339 3668 3411 περιπατοῦντες,

2097 3420 2190 3473 τὸν
2223 3421 2323 3490 μὲν
2366 3423 2623 3494 ἀληθινὸν
2660 3426 2792 3479 Θεὸν
2825 3427 3256 3498 ἀπεστρέφοντο,
3288 3432 3357 3483 τὰ
3382 3431 3442 3484 δὲ
3475 3430 3669 3483 εἴδωλα

2096 3514 2437 3582 ἠσπάσαντο,
2468 3518 2560 3572 καί
2589 3521 2677 3573 ἐπ’
2705 3522 2887 3586 αὐτοῖς
2909 3522 3225 3593 ἠγάλλοντο.
3251 3525 3361 3577 Καὶ
3379 3525 3667 3589 Αίγύπτιοι

2100 3606 2201 3674 μὲν
2227 3609 2597 3677 προσεκύνουν
2641 3612 2734 3665 τὸν
2774 3613 2904 3683 βοῦν
2955 3616 3048 3669 καὶ
3082 3616 3145 3670 τὸ
3183 3616 3347 3683 ὓδωρ,
3382 3617 3577 3679 Λίϐυες
3611 3617 3670 3669 δὲ

2067 3694 2158 3747 ’τὸ
2192 3698 2464 3766 πρόϐατον
2486 3740 2500 3763 ,
2532 3702 2582 3753 οἱ
2613 3703 2672 3755 δὲ
2706 3703 2859 3757 Ἰνδοὶ
2886 3706 2979 3760 τὸν
3006 3703 3173 3772 οἶνον,
3198 3707 3376 3777 ἕτεροι
3410 3708 3469 3763 δὲ
3502 3725 3672 3762 ποτα-

2099 3787 2235 3852 μοὺς
2254 3790 2348 3841 καὶ
2380 3792 2607 3860 κρήνας,
2637 3794 2813 3865 ἕτεροι
2841 3797 2899 3850 δὲ
2948 3800 3167 3852 ἐποίουν
3193 3799 3541 3868 ἀνδριάντας,
3577 3804 3672 3854 καὶ

2098 3877 2168 3929 τά
2200 3877 2338 3946 ἔργα
2365 3882 2473 3933 τῶν
2512 3885 2715 3954 χειρῶν
2751 3888 2930 3942 αὐτῶν
2986 3890 3064 3953 ὡς
3105 3891 3261 3954 θεοὺς
3299 3884 3672 3963 προσεκύνουν

2096 3969 2147 4021 οἱ
2179 3968 2426 4038 μάταιοι.
2473 3972 2702 4043 Ἀφίημι
2749 3965 3229 4053 γὰρ’ἀπαριθμεϊν
3268 3984 3387 4046 ἑνὸς
3428 3984 3667 4039 ἑκάστου

2095 4063 2263 4116 τόπου
2313 4064 2523 4137 πλάνην
2571 4069 2660 4121 διά
2691 4071 2754 4124 τὸ
2787 4074 2919 4127 πολὺ
2948 4080 3050 4145 τῆς
3092 4079 3333 4146 γραφῆς.
3379 4079 3512 4131 Ἀπὸ
3559 4081 3671 4147 γὰρ

2094 4157 2324 4209 τουτωνὶ
2372 4157 2481 4210 τῶν
2532 4161 2773 4228 μερικῶν
2822 4166 2931 4229 πᾶς
2970 4183 3054 4229 τις
3098 4167 3320 4221 δύναται
3355 4169 3557 4235 γνῶναι
3599 4171 3672 4222 τὰ

2095 4248 2277 4303 λοιπά.
2325 4249 2402 4303 Οὐ
2459 4251 2619 4319 μόνον
2655 4253 2714 4307 δὲ
2754 4256 2914 4326 μέχρι
2943 4260 3136 4314 τούτου
3185 4261 3315 4331 ἔστη
3368 4263 3400 4329 ἡ
3440 4263 3667 4315 ἐκείνων

2095 4342 2348 4406 ἀπόνοια,
2376 4343 2513 4397 ἀλλά
2542 4347 2767 4411 καὶτοῖς
2792 4349 3024 4414 Σκύθαις
3046 4349 3113 4423 ἦν
3141 4354 3260 4417 ἔθος
3281 4355 3429 4408 θύειν
3450 4354 3525 4424 τῷ
3558 4355 3663 4422 θεῷ

2097 4431 2276 4484 αὐτῶν
2311 4433 2438 4494 τοὺς
2481 4434 2589 4487 ἀπὸ
2619 4430 2895 4506 ναυαγίων
2926 4443 3349 4511 περισωθέντας.
3400 4444 3512 4497 Κᾶν
3546 4443 3659 4497 ὅσοι

2097 4525 2204 4594 ἄρα
2243 4527 2337 4577 καὶ
2367 4526 2705 4596 εὑρίσκοντο,
2736 4532 2831 4583 καὶ
2864 4531 2957 4595 οὓς
2987 4535 3022 4604 ἡ
3056 4536 3281 4604 πρόνοια
3313 4535 3501 4599 ἔσωζε.
3532 4530 3660 4585 τού-

2095 4636 2221 4681 τους
2258 4620 2458 4673 ὲκείνοι
2492 4620 2768 4689 ἐφόνευον.
2805 4624 3023 4695 Ἕτεροι
3057 4628 3240 4694 πάλιν,
3266 4630 3426 4700 εἴπερ
3455 4630 3533 4690 εἰς
3569 4626 3670 4681 πό-

2095 4712 2153 4765 λε
2162 4730 2261 4782 μον
2279 4712 2556 4783 ἐζώγρουν
2578 4715 2731 4778 τινὰς
2770 4716 2880 4769 τῶν
2918 4719 3243 4789 ἀνθρώπων,
3267 4722 3491 4784 τούτους
3517 4720 3674 4791 ἀριθ-

2102 4803 2332 4872 μοῦντες
2369 4804 2473 4857 ἀνὰ
2505 4803 2697 4857 ἑκατὸν
2735 4805 2890 4857 ἔθυον
2924 4807 3042 4863 ἕνα.
3085 4806 3232 4873 Εἶδες
3277 4810 3675 4880 ἀπανθρωπίαν

2100 4893 2196 4946 καὶ
2222 4892 2502 4963 ὠμότητα.
2540 4894 2633 4944 καὶ
2661 4893 2842 4946 αὐτῶν
2875 4896 2981 4947 τῶν
3013 4897 3223 4965 ἀλόγων
3253 4898 3408 4963 ζώων
3440 4898 3536 4951 καὶ
3574 4898 3674 4967 θην

2103 4970 2235 5057 ρίων
2264 4983 2728 5053 θηριωδεστέρανς
2763 4985 2878 5037 Πᾶν
2904 4985 3042 5049 ζῶον
3073 4990 3133 5040 οὐ
3170 4991 3401 5059 μάχεται
3429 4990 3509 5059 τῷ
3540 4992 3676 5059 δμοφ

2101 5080 2255 5147 γενεϊ
2282 5075 2453 5144 αὐτῷ,
2477 5075 2598 5128 οὐδὲ
2626 5075 2875 5145 φθείρει,
2906 5080 3103 5132 ἐκεῖνοι
3130 5080 3186 5131 δὲ
3218 5084 3313 5134 καὶ
3342 5081 3522 5135 αὐτῶν
3561 5081 3674 5135 τῶν

2102 5170 2308 5241 θηρίων
2340 5169 2703 5238 ἀπηνέστεροι
2724 5168 3057 5238 εὑρίσκοντο.
3086 5170 3163 5225 Οὐ
3197 5172 3355 5240 μόνον
3379 5174 3488 5243 γὰρ
3516 5174 3680 5227 ἀλλο-

2101 5262 2306 5324 δαποὺς
2341 5261 2436 5314 καὶ⁷
2487 5261 2672 5325 ξένους
2713 5260 3034 5331 ἀνθρώπους
3080 5263 3355 5331 ἐφόνευον,
3404 5266 3539 5320 ἀλλὰ
3574 5267 3673 5320 καὶ

2101 5358 2230 5417 τοὺς
2264 5355 2551 5425 δμογνίους
2571 5392 2586 5415 ,
2611 5354 2707 5406 καὶ
2755 5352 2878 5406 καθ’
2904 5348 3042 5422 αἷμα
3087 5359 3390 5422 συγγενεῖ-.
3418 5359 3530 5411 Καὶ
3563 5357 3674 5426 γάρ

2101 5448 2150 5500 οἱ
2183 5448 2399 5517 Κρῆτες
2430 5447 2523 5497 καὶ
2551 5443 2797 5505 Φοίνικες
2826 5445 2952 5507 τοὺς
2981 5445 3190 5497 ἑαυτῶν
3224 5447 3422 5508 παῖδας
3451 5451 3545 5501 καὶ
3573 5450 3673 5500 θυ-

2103 5541 2342 5608 γατέρας
2357 5539 2512 5591 ἔθυον
2544 5542 2656 5601 τοῖς
2686 5537 2956 5608 δαίμοσιν,
2986 5540 3033 5590 οἱ
3052 5537 3540 5609 χαλκάσπλαγχνοι.
3563 5543 3605 5594 ιι
3615 5542 3677 5609 pb

2102 5634 2174 5687 δὲ’
2206 5633 2410 5686 τούτων
2450 5632 2667 5701 ἐγένετο
2697 5632 2725 5684 ὁ
2754 5631 3136 5699 κατακλυσμὸς
3186 5634 3243 5684 ὲν
3271 5635 3391 5696 ταῖς
3440 5634 3676 5703 ἡμέραις

2104 5726 2198 5779 τοῦ
2221 5726 2365 5789 Νῶε,
2388 5725 2481 5778 καὶ
2504 5724 2776 5781 ἀπέθανεν
2794 5728 2850 5779 ἐν
2874 5727 2986 5788 τοῖς
3011 5724 3161 5779 ὕδασι
3189 5725 3340 5779 πᾶσα
3360 5725 3506 5797 ψυχὴ
3523 5724 3676 5790 ζῶσα
