4090 6446
389 456 498 526 449

1363 458 1661 524 CONTRA
1704 455 2185 522 MAHOMETEM
2227 459 2598 522 APOLOGIA
2646 414 2732 527 II.

3550 469 3658 531 45f}

392 583 683 655 ἀνθρώπου
709 600 767 637 τε
795 583 887 638 καὶ
905 582 1107 647 παντὸς
1134 581 1274 648 ζῶον
1307 579 1557 634 πετεινοῦ
1577 577 1672 632 καὶ
1696 577 1968 647 τετραπόο

2075 576 2202 630 Iium
2254 585 2310 631 et
2360 578 2806 647 quadrupedum,
2838 588 3064 647 propter
3088 589 3334 650 peccata,
3371 596 3494 651 qua:
3523 590 3660 637 tunc

391 676 484 730 δου
509 675 598 728 διὰ
632 674 728 740 τὰς
755 676 866 729 τῶν
881 676 1003 730 τότε
1025 672 1431 746 εὑρισκομένων
1453 671 1757 736 ἀνθρώπων
1781 669 1967 737 ἁμαρ-

390 769 536 831 τίας.
556 767 907 838 Διεσὼθησαν
920 768 978 820 δὲ
1010 768 1068 820 ὲν
1083 765 1150 840 τῇ
1181 765 1398 835 κιϐωτῷ
1418 763 1587 834 ψυχαὶ
1617 762 1774 831 μόναι
1801 760 1967 826 ὀκτὼ,

391 862 420 912 ὅ
450 877 511 912 τε
545 858 668 912 Νῶε
708 860 802 913 καὶ
829 861 862 931 ἡ
889 859 1032 928 γυνὴ
1057 858 1249 923 αὐτοῦ,
1279 858 1329 911 oi
1373 858 1522 924 τρεῖς
1545 871 1605 907 τε
1641 851 1749 907 υἱοὶ
1778 851 1970 918 αὐτοῦ,

393 951 489 1006 καὶ
514 952 573 1005 αἱ
601 955 750 1020 τρεῖς
774 955 1029 1019 γυναῖκες
1052 951 1255 1006 αὐτῶν.
1288 947 1485 1018 Εξσῆξε
1502 946 1559 1000 δὲ
1587 946 1713 1002 Νῶε
1740 946 1833 1000 καὶ
1864 944 1973 997 ἀπὸ

395 1043 594 1106 παντδς
633 1044 772 1108 ζὼου
801 1045 951 1100 tm:
976 1044 1077 1111 τῆς
1105 1041 1338 1097 κιϐωτοῦ
1369 1042 1457 1095 διὰ
1493 1040 1556 1093 τὸ
1583 1039 1762 1109 γένος.
1796 1038 1972 1091 Πάλιν

395 1136 450 1189 δὲ
480 1138 509 1189 ό
536 1135 854 1203 πανάγαθος
881 1135 1017 1199 Θεὸς
1059 1135 1292 1201 ἐπέταξε
1326 1132 1406 1204 τῷ
1434 1134 1583 1202 γένει
1610 1131 1721 1186 τῶν
1759 1131 1974 1201 ἀνθρώ-

400 1246 513 1282 πων
540 1227 600 1281 τὸ
626 1247 646 1280 ε
668 1228 1002 1295 Αὐξανέσθε,
1020 1230 1114 1282 καὶ
1139 1227 1613 1301 πληθύνεσθε,καὶ
1642 1223 1972 1295 πληρώσατε

404 1324 496 1389 τὴν
522 1321 647 1390 γῆν,
675 1339 693 1373 ι
711 1319 913 1392 ὁμοίως
938 1320 1164 1388 καὶτοῖς
1182 1319 1365 1385 ζώοις.
1382 1316 1496 1372 Καὶ
1520 1316 1686 1370 πάλιν
1712 1316 1972 1370 ἐνέπεσον

395 1417 443 1467 οἱ
469 1415 748 1495 ἄνθρωποι
778 1414 858 1476 εἰς
890 1413 1175 1478 ἀσέϐειαν,
1203 1414 1273 1484 ἣν
1311 1412 1408 1465 καὶ
1455 1412 1597 1465 κατὰ
1635 1410 1799 1481 μέρος
1837 1409 1975 1478 φθά-

399 1526 590 1564 σαντες
640 1508 749 1579 ﬁeri
794 1507 1119 1577 εἰρήκαμεν.
1187 1506 1247 1558 '0
1294 1505 1351 1558 δὲ
1398 1504 1736 1574 Μελχισεδὲκ
1793 1504 1890 1556 καὶ
1942 1502 1973 1556 ό

404 1596 659 1667 Ἀϐραάμ
684 1597 779 1651 καὶ
809 1597 935 1651 Λὼτ
966 1599 994 1651 ὁ
1037 1595 1259 1666 ἀνεψιὸς
1284 1594 1448 1667 αὒτοῦ
1485 1597 1767 1667 ἐφάνησαν
1791 1592 1973 1646 δοῦλοι

396 1690 489 1744 τοῦ
517 1690 652 1744 Θεοῦ
677 1689 770 1744 τοῦ
797 1690 1047 1751 ὑψίστου.
1078 1690 1261 1753 Ἀπας
1287 1689 1343 1744 δὲ
1372 1693 1401 1745 ό
1438 1690 1644 1760 κόσμος
1693 1687 1971 1759 προσεκύ·

399 1797 568 1850 ντισαν
601 1781 681 1850 τῷ
728 1780 962 1849 διαϐόλῳ
987 1780 1084 1835 καὶ
1114 1782 1227 1843 τοῖς
1255 1780 1515 1844 εἰδώλοις.
1563 1778 1623 1832 'O
1658 1777 1970 1844 πανάγαθος

394 1873 573 1927 τοίνυν
599 1871 730 1933 Θεὸς
771 1870 896 1925 ἰδὼν
931 1870 994 1924 τὸ
1032 1871 1215 1940 τίμιον
1243 1870 1473 1940 πλάσμα
1500 1869 1690 1935 αὐτοῦ,
1722 1869 1786 1922 τὸ
1814 1868 1971 1938 γένος

2074 668 2339 735 temporis
2388 669 2538 722 inter
2575 669 2833 724 homines
2880 684 3004 724 esse
3038 668 3601 736 deprehendebantur
3638 690 3657 728 :

2073 770 2303 816 servatae
2333 769 2517 814 autem
2544 772 2673 816 sunt
2702 761 2757 815 in
2796 777 2922 817 arca
2954 778 3065 817 non
3102 765 3292 834 plures
3329 781 3495 835 quam
3530 777 3658 821 octo

2072 851 2290 916 animm,
2324 850 2437 907 Noé
2471 852 2684 908 scilicet
2718 862 2775 908 et
2814 871 2949 909 uxor
2977 855 3144 922 illius,
3177 865 3289 911 tres
3322 858 3420 913 lilii
3457 859 3654 928 ipsius,

2071 951 2129 999 et
2159 957 2358 996 uxores
2391 958 2608 997 eorum.
2646 943 2761 998 Noé
2791 961 2922 999 Vero
2950 946 3295 1017 singulorum
3334 951 3655 1005 animalium

2072 1048 2246 1104 genus
2275 1033 2331 1088 in
2363 1049 2545 1089 arcam
2579 1036 2907 1104 induxerat;
2942 1039 3088 1094 Deus
3119 1051 3302 1096 autem
3329 1042 3572 1112 optimus
3600 1054 3659 1098 et

2075 1122 2340 1193 benignus
2385 1121 2569 1179 denuo
2621 1133 2882 1195 praecepit
2921 1126 3165 1184 humano
3206 1132 3418 1200 generi,
3475 1151 3494 1185 ‹
3525 1133 3667 1188 Cre-

2073 1214 2230 1280 scite,
2254 1216 2772 1289 multiplicaminilet
2790 1216 3013 1290 implete
3036 1229 3234 1276 terram
3253 1223 3335 1292 ⁸⁸;
3363 1243 3382 1276 ι
3406 1225 3662 1281 similiter

2074 1316 2129 1361 et
2168 1308 2518 1364 animalibus.
2552 1312 2666 1365 Sed
2718 1327 2937 1366 rursum
2973 1313 3039 1367 ad
3073 1314 3414 1384 impietatem
3446 1317 3659 1388 delapsi

2073 1412 2204 1455 sunt
2233 1401 2508 1467 homines,
2540 1420 2703 1473 quam
2743 1406 2908 1461 modo
2942 1422 3040 1478 per
3070 1418 3256 1478 partes
3280 1414 3657 1480 exposuimus.

2073 1494 2442 1551 Melchisedek
2464 1512 2621 1563 vero,
2660 1500 2959 1567 Abraham,
2994 1509 3048 1556 et
3081 1501 3185 1556 Lot
3214 1503 3363 1558 illius
3394 1520 3458 1558 ex
3491 1505 3662 1560 fratre

2073 1600 2267 1654 nepos,
2297 1587 2390 1642 Dei
2424 1588 2676 1644 altissimi
2709 1591 2947 1647 cultores
2972 1608 3030 1648 se
3058 1608 3183 1649 esse
3206 1594 3659 1662 declaraveruzit;

2074 1684 2223 1733 totus
2270 1687 2452 1733 autem
2502 1682 2745 1738 mundus
2813 1684 3036 1740 diabolo
3086 1686 3313 1741 servivit
3366 1699 3421 1743 et
3476 1690 3656 1745 idolis.

2073 1768 2220 1825 Deus
2273 1769 2459 1841 itaque
2512 1773 2945 1844 benignissimus
2996 1792 3121 1833 cum
3152 1778 3383 1836 vidisset
3415 1780 3658 1836 nobilem

2076 1859 2223 1915 illam
2278 1872 2589 1919 creaturam
2639 1882 2820 1933 suam,
2868 1884 3044 1938 genus
3105 1872 3404 1926 humanum
3445 1870 3663 1929 scilicet

344 1996 359 2026 χ
393 1965 602 2034 δηλαθὴ
634 1965 740 2018 τῶν
771 1964 1097 2035 ἀνθρώπων,
1125 1965 1561 2033 τυραννούμενον
1589 1960 1696 2014 ὑπὸ
1724 1960 1821 2014 τοῦ
1852 1961 1969 2014 δια-

2075 1953 2281 2009 diaboli
2333 1958 2624 2027 tyrannide
2666 1973 2942 2027 pressum,
2994 1958 3088 2031 qui
3136 1962 3387 2019 viventes
3436 1965 3658 2033 quidem

395 2059 576 2125 δόλου,
605 2057 666 2120 ὃς
695 2057 906 2123 ζῶντας
939 2056 1040 2127 μὲν
1072 2057 1297 2119 τούτους
1325 2055 1620 2126 ὲφενάκιζε
1649 2056 1745 2110 καὶ
1763 2053 1968 2123 ἠπάτα,

391 2153 532 2206 ὥστε
567 2153 896 2221 προσκυνεῖν
922 2149 1070 2219 αύτῷ
1097 2149 1171 2214 ὡς
1194 2147 1325 2219 θεῷ,
1354 2148 1732 2202 ἀποθανόντων
1757 2146 1814 2200 δὲ
1840 2162 1975 2199 κατ-

389 2247 504 2315 εἶχε
532 2246 631 2306 τὰς
670 2243 850 2298 αὐτῶν
895 2241 1070 2312 ψυχὰς
1099 2242 1161 2296 ὲν
1186 2240 1264 2311 τῷ
1290 2239 1393 2313 ᾄδῃ
1424 2240 1504 2311 τῷ
1526 2238 1710 2309 πικρῷ
1736 2238 1829 2292 καὶ
1856 2238 1975 2302 ἑζο-

394 2337 653 2406 φωμένῳ,
680 2331 1101 2403 σπλαγχνισθεὶς
1132 2330 1336 2385 ἔσωσεν
1364 2330 1520 2388 αὐτό.
1552 2329 1677 2393 Πῶς
1700 2329 1757 2384 δὲ
1790 2327 1972 2402 ἐσώθη

392 2432 454 2483 τὸ
481 2430 592 2483 τῶν
621 2427 927 2497 ἀνθρώπων
956 2427 1133 2494 γένος,
1165 2425 1334 2480 ἄκουε
1363 2424 1650 2494 νουνεχῶς.

458 2528 519 2576 ε’.
564 2521 622 2574 '0
650 2520 749 2590 μὲν
773 2519 881 2591 γὰρ
911 2518 1196 2590 ἄνθρωπος
1219 2517 1384 2580 αὐτὸς
1405 2516 1588 2587 ιαυτῷ
1604 2517 1715 2594 ⁸οὐκ
1741 2514 1973 2587 ἠδύνατο

392 2615 679 2685 βοηθῆσαι.
712 2614 785 2667 Τὸ
819 2613 940 2684 μὲν,
973 2613 1056 2666 ὅτι
1094 2613 1195 2665 οὐκ
1235 2611 1490 2665 ἐϐούλετο
1513 2610 1599 2663 διὰ
1626 2610 1687 2662 τὸ
1719 2610 1820 2672 τὰς
1849 2609 1975 2680 ήδο-

352 2763 357 2767 ,
392 2710 485 2770 νας
518 2706 761 2777 νομίζειν
792 2701 934 2759 εἶναι
976 2705 1146 2775 ἄκρον
1191 2703 1417 2773 ἀγαθὸν,
1451 2705 1531 2766 εἰς
1567 2701 1841 2773 τοσαύτην
1876 2702 1973 2756 καὶ

392 2800 499 2869 γὰρ
520 2799 729 2867 πλάνην
754 2797 1033 2863 ἐνέπεσον,
1057 2796 1435 2862 σκοτισθέντες
1453 2797 1557 2851 ὑπὸ
1576 2796 1672 2850 τοῦ
1695 2796 1934 2866 πονηροῦ
1954 2809 1973 2827 ⁸

393 2891 453 2944 τὸ
481 2891 549 2958 δ’,
582 2892 663 2944 ὅτι
699 2889 792 2943 τὸν
830 2889 929 2959 μὲν
952 2889 1130 2960 ἀληθῆ
1160 2888 1294 2944 Θεὸν
1322 2892 1424 2944 οὑκ
1449 2890 1776 2959 ἐγίνωσκον,
1806 2904 1975 2957 προσ-

394 2983 618 3050 εκύμουν
647 2981 706 3034 δὲ
738 2984 850 3045 τοῖς
883 2981 1125 3044 εἰδώλοις
1148 2982 1267 3052 ἤτοι
1296 2981 1405 3044 τοῖς
1436 2980 1758 3050 δαιμονίοις,
1788 2983 1883 3032 καὶ
1912 2979 1972 3032 ὲν

396 3077 577 3129 σκότει
610 3075 708 3143 τῆς
746 3073 1026 3142 ἀγνωσίας
1055 3073 1415 3145 ὑπάρχοντες,
1443 3076 1536 3126 τὸν
1569 3071 1704 3125 Θεὸν
1737 3072 1838 3125 οὐκ
1858 3072 1973 3139 ὲγί-

393 3185 623 3233 τωσκον,
660 3167 755 3221 καὶ
795 3166 989 3237 έμενον
1015 3164 1076 3218 ὲν
1113 3167 1183 3238 τῇ
1223 3165 1573 3237 αἰχμαλωσίᾳ
1604 3164 1699 3218 τοῦ
1746 3163 1968 3234 ἐχθροῦ.

405 3258 766 3329 ’Υποθὼμεθα
785 3259 843 3313 δὲ
882 3259 977 3312 καὶ
997 3260 1176 3325 τοῦτο,
1210 3259 1293 3312 ὃτι
1324 3259 1557 3330 ἐνόησαν
1583 3260 1665 3322 είς
1692 3260 1845 3311 ποῖον
1874 3257 1972 3327 βά·
1997 3317 2040 3342 η

1995 3317 2040 3380 C

396 3351 597 3422 ραθρον
630 3351 820 3406 κακῶν
843 3351 1126 3414 ἐνέπεσον,
1162 3350 1257 3404 καὶ
1287 3348 1406 3413 πῶς
1429 3350 1654 3420 ἔμελλον
1681 3350 1970 3421 βοηθήσειν

391 3444 622 3507 ἑαυτοῖς,
678 3441 800 3496 ἐπεὶ
857 3437 1007 3513 εῐχον
1045 3445 1148 3511 τὴν
1192 3441 1532 3514 προγονικὴν
1581 3442 1828 3514 κατάραν
1874 3441 1969 3496 τοῦ

403 3535 595 3606 Ἀδὰμ,
632 3536 728 3591 καὶ
758 3535 908 3599 ὅπως
955 3535 1183 3605 ἔμελλον
1224 3533 1487 3604 γενέσθαι
1529 3535 1812 3602 ἀθάνατοι,
1848 3535 1973 3589 ἐπεὶ

387 3630 481 3684 τὸν
513 3629 740 3684 θάνατον
785 3628 1453 3700 ὲκληρώσαντοςηῐῐάντες
1476 3629 1586 3699 γὰρ
1624 3630 1675 3682 οἱ
1711 3627 1771 3693 ἐξ
1802 3629 1973 3699 mea“.

391 3720 577 3789 θνητοὶ
609 3720 957 3789 κατέστησαν
977 3720 1068 3773 διὰ
1086 3721 1187 3789 τὴν
1214 3718 1311 3772 τοῦ
1340 3722 1547 3788 πατρὸς
1575 3718 1759 3773 αὐτῶν
1799 3719 1973 3789 nam

389 3809 687 3881 ἁμαρτίαν.
732 3810 885 3862 Ἐπεὶ
913 3807 1044 3877 γοῦν
1074 3807 1200 3860 οὔτε
1228 3808 1450 3877 ἐνόησεν
1483 3808 1512 3861 ὁ
1542 3806 1829 3877 ἄνθρωπος
1864 3806 1974 3859 ἀπὸ

393 3902 549 3955 ποίου
596 3898 762 3969 ὕψους
799 3898 896 3953 καὶ
947 3898 1240 3968 μεγαλείου
1285 3895 1540 3963 ἐξέπεσε,
1581 3898 1677 3949 καὶ
1718 3895 1797 3958 είς
1846 3896 1974 3950 ὅσον

396 3991 664 4063 βάραθρον
680 3992 905 4063 ἀτιμίας
935 3990 1216 4053 ἐνέπεσεν,
1235 3991 1350 4045 ἀλλ’
1371 3992 1420 4044 εί
1450 3994 1545 4045 καὶ
1573 3992 1705 4054 ἴσως
1726 3988 1971 4060 ἐνόησεν,

402 4085 498 4136 οὒκ
517 4083 746 4154 ἠδύνατο
780 4083 1048 4155 βοηθῆσαι
1071 4081 1277 4153 ἑαυτῷ,
1309 4082 1498 4137 λοιπὸν
1521 4083 1856 4146 ἐκινδύνευε,
1884 4080 1973 4135 ἴνα

412 4174 678 4240 διαπαντὸς
718 4175 1044 4246 εὑρίσκηται
1088 4177 1122 4246 ή
1168 4176 1443 4246 ἁμαρτία,
1494 4174 1590 4228 καὶ
1637 4174 1898 4247 βασιλεύῃ
1944 4175 1974 4228 ὁ

417 4264 618 4332 θάνατος
649 4270 746 4321 ἐπὶ
781 4267 962 4321 πάντα
998 4267 1310 4338 ἄνθρωπον.
1349 4266 1523 4321 Τοῦτο
1567 4267 1689 4320 ίδὼν
1739 4266 1906 4319 Δαϐὶδ
1942 4266 1973 4318 ό

364 4404 371 4411 .
412 4364 709 4433 προφήτης,
729 4359 906 4427 εἶπεν,
925 4360 1009 4415 ὅτι
1039 4380 1057 4413 ι
1075 4360 1398 4431 Ἀνθρωπος
1421 4363 1478 4414 ὲν
1499 4362 1633 4431 τιμῇ
1662 4358 1739 4414 ὢν
1762 4357 1824 4412 οὐ
1847 4375 1971 4411 συν-

398 4451 521 4522 ῆκε,
554 4451 1143 4524 παρεσυνεϐλήθητοῖς
1177 4454 1403 4522 κτήνεσι
1434 4454 1544 4514 τοῖς
1579 4452 1851 4523 ἀνοήτοις,
1875 4449 1972 4504 καὶ

395 4543 652 4615 ὡμοιώθη
673 4544 883 4606 αὐτοῖς.
906 4561 925 4594 ι
973 4541 1115 4596 Ἀλλ’
1146 4544 1174 4597 ό
1197 4541 1581 4614 φιλάνθρωπος
1605 4542 1739 4605 Θεὸς
1764 4541 1972 4608 σπλαγ-

391 4613 654 4707 χνισθεὶς,
681 4636 783 4690 οὐκ
806 4634 959 4707 εἴασε
987 4634 1089 4706 τὴν
1130 4635 1317 4689 εἰκόνα
1338 4613 1505 4688 αύτοῦ
1536 4635 1628 4687 ἐπὶ
1661 4634 1829 4707 πλέον
1868 4633 1973 4686 ὑπὸ
2005 4613 2050 4670 Ῑ)

388 4728 487 4782 τοῦ
503 4728 754 4782 διαϐόλου
771 4727 1180 4798 τυραννεῖσθαι.
1201 4729 1395 4781 Τοίνυν
1416 4727 1510 4780 καὶ
1529 4726 1734 4797 ἤρξατο
1755 4722 1970 4778 ἀπὸτοῦ

398 4820 656 4890 Ἀϐραὰμ
680 4820 1074 4875 ἀνακαλεῖσθαι
1120 4821 1222 4874 καὶ
1260 4818 1705 4891 ὲπιδιορθοῦσθαι
1738 4818 1832 4872 τὸν
1876 4817 1972 4871 ἄν·

386 4916 635 4984 ορωπον.
663 4912 772 4966 Τοῦ
802 4912 914 4983 γὰρ
949 4911 1210 4981 Ἀϐραὰμ
1253 4912 1619 4981 γεννήσαντος
1651 4909 1743 4963 τὸν
1785 4906 1975 4962 Ἰσαὰκ

382 5006 487 5062 καὶ
514 5007 610 5059 τοῦ
640 5007 827 5061 Ἰσαὰκ
866 5005 960 5059 τὸν
998 5001 1220 5070 Ἰακὼϐ,
1250 5004 1343 5058 καὶ
1370 5002 1465 5056 τοῦ
1499 5001 1694 5056 Ἰακὼϐ
1719 5000 1846 5064 τοὺς
1872 5000 1974 5053 δὼς

378 5102 524 5156 δέκα
569 5099 716 5162 υἱοὺς
767 5098 959 5164 αὐτοῦ,
999 5097 1376 5167 φθονήσαντες
1422 5098 1470 5149 οἱ
1509 5095 1699 5148 ἕνδεκα
1735 5094 1843 5146 oio‘t
1878 5092 1996 5173 τοῦ⁵

394 5191 600 5248 Ἰακὼϐ
644 5191 725 5263 τῷ
763 5190 981 5261 ἀδελφῷ
1024 5190 1204 5244 αὐτῶν
1247 5188 1326 5259 τῷ
1369 5188 1593 5259 Ἰωσὴφ,
1641 5187 1839 5256 ἔδησαν
1880 5187 1974 5238 κα).

373 5286 587 5344 ἔϐαλον
601 5285 766 5340 αὐτὸν
785 5286 867 5349 είς
884 5283 977 5337 τὸν
990 5283 1222 5346 λάκκον,
1244 5282 1337 5335 καὶ
1353 5298 1377 5334 ε
1389 5283 1411 5333 ὃ
1422 5282 1604 5353 ρόντες
1619 5282 1754 5348 Διγυ
1762 5278 1972 5344 πτίους,

373 5378 711 5447 πεπράκασι
730 5376 939 5430 τοῦτον.
965 5375 1027 5427 Οί
1054 5373 1113 5427 δὲ
1134 5373 1522 5440 ἀπαγαγόντες
1548 5372 1637 5423 τὸν
1674 5370 1874 5438 Ἰωσὴφ
1892 5370 1973 5431 είς

372 5472 670 5537 Αἴγυπτον
700 5467 974 5523 δεδώκασι
1009 5465 1087 5535 τῷ
1115 5466 1337 5533 Φαραὼ.
1386 5465 1496 5517 Καὶ
1525 5467 1552 5517 ὁ
1580 5461 1781 5534 Φαραὼ
1810 5462 1976 5515 κατέ-

373 5579 596 5631 στησεν
624 5561 785 5617 αὐτὸν
818 5542 1058 5631 ἄρχοντα
1099 5558 1287 5628 πάσης
1333 5556 1436 5626 γῆς
1480 5556 1782 5625 Αἰγύπτου.
1814 5555 1977 5607 Γενο-

377 5659 562 5729 μένου
612 5655 671 5710 δὲ
718 5654 904 5725 λιμοῦ,
949 5650 1262 5721 κατέϐησαν
1305 5650 1608 5717 οί’ἁδελφο“ι
1661 5649 1860 5718 Ἰωσὴφ
1892 5648 1975 5710 είς

371 5752 670 5818 Αἰγυπτον
700 5748 881 5818 εὑρεῖν
906 5746 1286 5817 χορτάσματα.
1331 5742 1389 5796 '0
1436 5743 1492 5796 δὲ
1535 5742 1737 5812 Ἰωσὴφ
1769 5739 1974 5821 γνωριε-

459 5936 512 5969 ⁸⁶
542 5934 779 6004 Genus,
821 5936 873 5992 Ι.
950 5934 1017 5967 ⁵⁶⁹
1042 5932 1186 5991 Psal.
1218 5950 1405 6000 nvui,
1426 5934 1519 5989 2l.

2072 2043 2372 2100 fasciuaret
2420 2058 2476 2101 et
2525 2047 2810 2116 deciperet
2842 2058 2903 2103 ut
2934 2050 3114 2121 ipsum
3163 2068 3263 2107 ceu
3315 2054 3478 2108 deum
3510 2056 3663 2111 cole-

2074 2147 2217 2203 rent,
2266 2149 2611 2195 mortuorum
2640 2157 2773 2196 vero
2801 2145 3015 2198 animas
3048 2145 3102 2199 in
3148 2145 3293 2201 tristi
3335 2156 3393 2201 et
3422 2147 3662 2202 obscuro

2074 2230 2293 2285 inferno
2348 2233 2652 2297 detineret,
2712 2235 3091 2292 misericordia
3140 2238 3375 2304 ductus,
3426 2242 3660 2297 salutem

2073 2324 2204 2378 dare
2257 2324 2454 2378 voluit.
2502 2325 2721 2380 Modum
2765 2328 2949 2398 itaque
2996 2346 3107 2400 quo
3149 2331 3455 2389 humanum
3485 2350 3664 2403 genus

2071 2414 2138 2467 ad
2171 2415 2402 2469 salutem
2433 2417 2703 2486 pervenit,
2735 2418 3028 2489 diligenter
3062 2422 3305 2492 percipe.

2144 2506 2197 2561 5.
2244 2506 2362 2576 Ipse
2395 2509 2620 2579 quidem
2657 2511 2823 2566 homo
2851 2514 3095 2582 seipsum
3133 2514 3328 2585 juvare
3357 2531 3471 2571 non
3503 2527 3662 2587 pote-

2073 2606 2179 2659 rat.
2217 2601 2417 2668 partim
2447 2602 2669 2673 quidem
2703 2604 2849 2673 quod
2887 2620 2998 2659 non
3028 2606 3210 2670 vellet,
3247 2623 3317 2662 eo
3356 2608 3504 2679 quod
3558 2624 3667 2665 vo-

2070 2690 2312 2761 luptates
2333 2695 2536 2749 summi
2577 2695 2860 2753 boui‘loco
2891 2697 3119 2754 duceret
3147 2700 3224 2770 (in
3262 2710 3477 2757 tantum
3509 2703 3669 2759 enim

2073 2782 2279 2838 erroris
2312 2785 2627 2842 inciderant
2674 2802 2704 2840 a
2753 2788 2902 2843 malo
2931 2791 3242 2861 excaecati),
3264 2793 3472 2861 partim
3507 2809 3670 2858 vero,

2073 2872 2221 2942 quod
2258 2890 2452 2931 verum
2480 2877 2652 2931 Deum
2689 2877 2992 2948 ignoraret,
3024 2882 3260 2937 serviret
3284 2893 3469 2938 autem
3502 2885 3673 2942 idolis'

2072 2976 2129 3019 et
2163 2965 2529 3032 dmmonibus,
2561 2980 2618 3025 et
2668 2970 2724 3025 in
2759 2972 3005 3027 tenebris
3053 2964 3378 3044 ignorantiae
3401 2976 3671 3034 desidens

2074 3059 2245 3114 Deum
2280 3076 2392 3115 non
2426 3063 2786 3131 agnoscebat,
2830 3064 2929 3120 sed
2984 3065 3038 3120 in
3078 3066 3254 3123 hostis
3298 3070 3672 3139 permanebat

2074 3153 2418 3223 captivitate.
2458 3153 2602 3220 Quin
2662 3164 2719 3210 et
2753 3156 2861 3233 hoc
2917 3158 3277 3215 concedimus
3331 3163 3662 3218 statuimus-

2074 3261 2205 3316 que,
2256 3247 2406 3315 quod
2458 3246 2978 3303 animadverterunt
3027 3249 3254 3320 quidem
3288 3251 3346 3306 iu
3388 3262 3661 3322 quantum

2074 3339 2347 3394 malorum
2398 3339 2731 3395 barathrum
2799 3340 3152 3409 incidissent;
3216 3342 3671 3420 sed.quomodo-

2073 3430 2288 3499 seipsos
2332 3431 2618 3502 iuvarent,
2675 3430 2771 3501 qui
2833 3433 3103 3503 majorum
3173 3448 3428 3498 suorum,
3465 3437 3662 3493 Adami

2076 3539 2298 3593 nempe.
2335 3523 2728 3580 maledictione
2780 3526 3115 3581 tenebantur
3165 3543 3181 3582 :
3240 3533 3300 3583 et
3332 3543 3447 3598 quo
3495 3531 3662 3586 modo

2076 3613 2417 3671 immortales
2463 3615 2850 3680 redderentur,
2881 3620 2974 3688 qui
3004 3626 3242 3674 mortem
3285 3634 3387 3675 ceu
3421 3621 3671 3678 haeredic

2078 3707 2218 3761 tario
2273 3706 2399 3779 jure
2456 3710 2825 3779 acceperant?
2896 3710 3100 3767 Omnes
3157 3712 3308 3767 enim
3364 3729 3433 3768 ex
3486 3716 3662 3771 Adam

2078 3798 2250 3868 geniti
2290 3800 2553 3856 mortales
2608 3801 2736 3857 facti
2771 3812 2923 3869 sunt,
2981 3812 3213 3875 propter
3241 3805 3434 3860 Adami
3491 3811 3667 3878 patris

2076 3889 2322 3960 ipsorum
2361 3894 2879 3963 transgressionem.
2942 3893 3217 3960 Quoniam
3276 3899 3446 3969 igitur
3494 3899 3675 3953 homo

2077 3992 2175 4038 aut
2211 3983 2487 4054 ignoravit
2541 3983 2611 4040 de
2664 3995 2871 4055 quanta
2910 3988 3252 4043 sublimitate
3296 3998 3350 4044 et
3410 3991 3668 4062 magniﬁ-

2077 4077 2260 4131 centia
2309 4079 2635 4144 excidisset,
2687 4087 2745 4135 et
2780 4081 2838 4135 in
2887 4093 3159 4151 quantum
3194 4083 3456 4154 delapsus
3510 4095 3661 4141 esset

2080 4166 2400 4235 Ignominia;
2426 4168 2751 4223 barathrum
2777 4209 2793 4237 ,
2843 4180 2940 4225 aut
2974 4171 3081 4226 hnc
3110 4171 3253 4228 forte
3279 4174 3523 4245 cognito,
3550 4174 3669 4229 sibi

2080 4258 2186 4329 ipsi
2222 4267 2406 4314 tamen
2439 4260 2737 4316 subvenire
2771 4276 2881 4316 non
2916 4271 3158 4333 poterat,
3210 4265 3518 4335 periculum
3546 4266 3670 4338 jam

2076 4357 2218 4413 erat,
2274 4366 2344 4406 ne
2398 4362 2628 4422 peccato
2676 4367 2897 4424 semper
2951 4355 3116 4410 nobis
3176 4364 3468 4424 praesente,
3514 4373 3676 4414 more

2078 4442 2246 4499 etiam
2278 4443 2431 4498 omni
2463 4443 2674 4498 bomini
2703 4444 3105 4501 dominaretur.
3130 4446 3267 4502 Illud
3298 4447 3465 4518 igitur
3490 4446 3672 4504 David:

2080 4537 2422 4606 perspiciens
2468 4535 2611 4591 dixit
2647 4554 2660 4591 :
2708 4556 2727 4589 ι
2768 4536 2943 4593 Homo
2975 4554 3101 4593 cum
3156 4538 3214 4594 in
3270 4540 3481 4595 honore
3518 4552 3674 4597 esset

2082 4642 2188 4681 non
2222 4628 2528 4694 intellexit;
2561 4639 2915 4698 comparatus
2950 4642 3034 4685 est
3059 4631 3325 4702 iumentis
3356 4632 3682 4702 insipientiv

2080 4716 2207 4780 bus,
2245 4730 2301 4773 et
2326 4718 2436 4773 illis
2468 4718 2668 4774 similis
2706 4727 2791 4773 est
2821 4720 2999 4776 factus
3021 4722 3114 4774 ⁸⁸⁸.
3157 4739 3176 4772 ι
3220 4721 3364 4777 Deus
3402 4737 3533 4777 vero
3564 4724 3667 4778 hu-

2081 4810 2228 4864 mani
2261 4809 2442 4864 fautor
2456 4809 2698 4880 generis,
2727 4811 3110 4868 misericordia
3141 4826 3341 4877 motus,
3365 4814 3667 4885 imaginem

2081 4918 2238 4959 suam
2275 4902 2512 4959 ulterius
2542 4903 2748 4959 diaboli
2773 4904 3009 4975 imperio
3040 4907 3215 4976 premi
3253 4922 3361 4961 non
3385 4889 3661 4977 permisit.

2082 4995 2294 5066 lnccpit
2348 4996 2519 5068 igitur
2551 4997 2620 5051 ab
2663 4996 2967 5053 ‘Abrahami
3017 5001 3366 5070 temporibus
3404 5018 3664 5058 revocare

2080 5098 2137 5143 et
2190 5089 2487 5144 restituere
2525 5090 2831 5147 lio-niuem.
2876 5092 3014 5148 Cum
3059 5097 3210 5149 enim
3264 5098 3535 5152 Abraham
3571 5115 3666 5168 ge-

2080 5182 2295 5237 nuisset
2319 5182 2489 5247 lsaac,
2520 5192 2577 5237 et
2609 5183 2703 5239 hic
2726 5184 3016 5251 Jacobnm,
3041 5186 3217 5242 Jacob
3242 5199 3425 5242 autem
3459 5189 3675 5247 duode-

2077 5274 2187 5329 cim
2224 5273 2367 5330 ﬁlios
2399 5277 2542 5346 ejus,
2569 5277 2824 5332 undecim
2864 5293 2933 5333 ex
2977 5278 3087 5335 illis
3131 5280 3400 5336 adversus
3438 5283 3674 5338 fratrem

2079 5383 2239 5423 suum
2270 5368 2472 5437 Joseph
2507 5368 2716 5424 invidia
2750 5370 2912 5436 moti,
2939 5386 3065 5425 eum
3088 5372 3400 5440 ligaverunt
3427 5387 3484 5429 et
3506 5369 3670 5429 (Timi-

2076 5467 2269 5514 serunt
2309 5459 2364 5512 in
2397 5460 2719 5526 cisternam,
2751 5468 2806 5514 et
2832 5460 3052 5516 tandem
3082 5463 3372 5535 Aigyptios
3400 5465 3667 5535 quosdam

2076 5551 2249 5617 nacti,
2292 5550 2688 5607 vendiderunt.
2738 5550 2807 5607 Hi
2860 5568 2993 5609 vero
3043 5554 3344 5626 Josephum
3378 5557 3431 5610 in
3465 5556 3669 5627 Egyp-

2078 5655 2192 5701 tum
2225 5645 2526 5702 abductum
2565 5643 2839 5701 dederunt
2870 5646 3165 5711 Pharaoni,
3195 5650 3287 5718 qui
3323 5664 3469 5715 eum,
3497 5652 3669 5703 totius

2076 5738 2298 5813 ngypti
2355 5736 2644 5795 dominum
2686 5739 3007 5796 constituit.
3056 5740 3259 5796 Exorta
3291 5751 3477 5794 autem
3522 5739 3675 5795 fama

3760 22 3863 28 ...ι-
3908 22 4021 29 τμη-ν
