4090 6448
379 419 486 480 453

1339 412 1641 474 CONTRA
1681 413 2173 474 ΜΑΠΟΜΕἸῈΜ
2213 413 2588 474 APOLOGEA
2644 414 2724 474 ll.

3541 417 3646 480 65's

384 529 750 600 κατηγόρημα
775 529 948 580 κεῖται
968 525 1124 578 τοῦτο
1142 524 1260 578 καθ’
1291 525 1448 593 ἡμῶν
1470 525 1580 578 τῶν
1601 525 1966 592 Χριστιανῶν,

2085 523 2331 588 dicente,
2371 525 2482 593 Fgo
2533 539 2652 578 sum
2689 525 2828 578 Deus
2873 524 3045 588 solus,
3091 534 3146 578 et
3182 525 3481 584 divinitatis
3521 547 3653 584 ean-

382 624 467 674 ὅτι
487 621 580 673 τοῦ
604 618 737 670 Θεοῦ
772 618 1038 679 εἰπόντος,
1073 617 1154 669 ὅτι
1197 615 1342 682 Ἐγὼ
1371 615 1505 676 Θεὸς
1539 613 1724 683 μόνος,
1753 613 1850 666 καὶ
1868 613 1968 666 οὐκ

386 713 498 781 ἔχω
519 712 845 780 συντροφίαν
865 693 1067 778 εἰς’τὴν
1101 707 1237 777 ἐμὴν
1271 707 1526 778 θεότητα,
1552 706 1714 777 ἡμεῖς
1739 705 1970 776 λέγομεν

382 817 477 857 τον
512 803 742 873 Χριστὸν
773 803 904 855 Θεὸν
937 806 1028 854 καὶ
1067 800 1202 853 Θεοῦ
1236 801 1386 868 Υίὸν,
1427 803 1520 854 καὶ
1551 796 1969 870 προσκυνοῦμεν

383 897 612 958 πολλοὺς
646 895 834 962 θεοὺς,
869 896 963 948 καὶ
991 895 1132 947 ἔστω
1177 895 1282 948 ὑπὸ
1313 893 1621 962 ἁναθέματι
1653 894 1680 945 ὁ
1722 907 1967 962 προσκυ-

382 991 491 1042 νῶν
521 988 677 1052 οεοὺς
719 987 811 1040 δύο
845 987 876 1058 ἢ
920 989 1070 1057 τρεῖς
1105 986 1136 1056 ἢ
1173 989 1267 1040 καὶ
1304 987 1558 1051 πολλούς.
1613 985 1774 1040 Ἀλλὰ
1807 970 1996 1056 προσ-’

387 1079 660 1148 κυνοῦμεν
707 1079 840 1131 Θεὸν
885 1079 986 1132 ἕνα
1026 1079 1310 1148 ἀληθινὸν,
1343 1080 1436 1133 τὸν
1469 1079 1700 1148 ποιητὴν
1737 1078 1968 1149 οὐρανοῦ

386 1172 482 1224 καὶ
508 1172 608 1238 τῆς
633 1169 758 1239 γῆς.
799 1169 859 1224 Ὀ
889 1171 998 1239 γὰρ
1033 1170 1164 1233 Θεὸς
1189 1153 1458 1224 διδάσκων
1486 1173 1610 1232 τοὺς
1652 1171 1966 1240 Ἐϐραίους,

393 1265 474 1314 ἵνα
522 1265 722 1332 μηκέτι
763 1261 1250 1333 είδωλολατρῶσιν,
1277 1258 1430 1316 εἶπεν
1475 1264 1680 1326 αὐτοῖς,
1716 1283 1734 1315 ι
1775 1263 1836 1314 Οἱ
1878 1281 1968 1315 πι-

393 1354 666 1417 στεύοντες
697 1357 810 1417 τοῖς
841 1353 1081 1419 εἰδώλοις
1127 1355 1444 1410 πιστεύουσι
1482 1355 1623 1418 θεοῖς
1659 1355 1892 1416 πολλοῖς.
1940 1373 1960 1406 ι

405 1443 467 1494 Οἱ
497 1441 554 1494 δὲ
583 1441 904 1512 Χριστιανοὶ
943 1445 1078 1514 ὀρθὰ
1103 1445 1448 1516 φρονοῦντες,
1481 1445 1564 1496 ἑνὶ
1590 1443 1708 1513 Θεῷ
1745 1443 1968 1496 πιστεύ-

389 1537 650 1610 ουσιλκαὶ
678 1535 740 1587 οὐ
770 1535 984 1598 πολλοῖς
1009 1552 1024 1568 ο
1053 1537 1236 1600 καθὼς
1270 1539 1363 1590 καὶ
1395 1539 1422 1590 6
1463 1537 1695 1604 Χριστὸς
1727 1535 1967 1599 ἐδίδαξεν

391 1631 447 1678 ὲν
481 1629 592 1690 τοῖς
631 1627 976 1698 Εὐατγελίοις
1015 1630 1204 1695 εἰπὼν,
1237 1631 1319 1683 ὅτι
1355 1648 1374 1680 ι
1417 1627 1558 1695 Ἐγὼ
1585 1628 1677 1680 καὶ
1707 1629 1732 1680 6
1776 1627 1966 1696 Πατὴρ

391 1723 448 1772 ’ἐν
481 1721 672 1788 ἐσμεν,
706 1739 722 1772 ι
755 1721 848 1773 καὶ
875 1739 894 1772 ι
939 1722 1000 1774 '0
1027 1723 1124 1792 ἐμὲ
1153 1723 1390 1792 θεωρῶν,
1419 1721 1615 1792 θεωρεῖ
1636 1721 1726 1774 τὸν
1748 1723 1969 1790 Πατέρα

394 1829 516 1876 μου.
559 1829 576 1862 ι
621 1811 809 1879 Ὑμεῖς
839 1813 894 1866 δὲ
921 1815 1245 1882 ἀγνοοῦντες
1270 1814 1368 1876 τὰς
1395 1815 1640 1885 Γραφόις,
1671 1815 1966 1865 ὲκπίπτετε

2075 625 2283 670 sortem
2319 631 2429 668 nor.
2469 616 2664 677 habeo,
2718 630 2815 670 nos
2855 623 3039 671 tamen
3088 615 3338 672 dicamus
3369 617 3648 673 Christu-n

2073 708 2242 762 Deum
2300 723 2422 762 esse
2491 715 2547 762 et
2611 708 2704 762 Dei
2739 708 2973 772 Filium;
3021 709 3166 762 unde
3223 709 3389 763 etiam
3451 711 3652 764 multos

2073 801 2204 854 deos
2238 785 2554 853 adoremus.
2611 799 2883 853 Caeterum
2916 799 3211 854 anathema
3259 800 3350 865 sit,
3399 803 3652 870 qu‘sqnis

2071 891 2156 944 vel
2216 891 2354 944 duos
2407 889 2490 944 vel
2531 899 2640 945 tres
2678 891 2934 958 pluresve
2971 891 3105 944 deos
3161 892 3508 957 adoraverit;
3552 907 3688 948 nos

2071 999 2210 1036 vero
2269 998 2436 1035 unum
2498 983 2666 1053 Deum
2721 997 2910 1036 verum
2974 983 3291 1043 adoramus.
3347 995 3650 1041 creatorem

2069 1077 2194 1131 coeli
2232 1083 2287 1129 et
2325 1085 2506 1128 terrae.
2560 1076 2704 1128 Deus
2736 1076 2884 1129 enim
2929 1075 3173 1130 Hebraeis
3219 1079 3546 1146 prtecipiens
3579 1095 3650 1133 ne

2074 1171 2305 1236 posthac
2349 1166 2622 1218 idolorqu
2657 1165 2830 1219 cultui
2863 1151 3218 1234 inservirent,
3252 1169 3388 1224 dixit
3423 1186 3438 1222 :
3477 1189 3496 1220 ‹
3546 1170 3651 1236 Qui

2073 1260 2234 1313 idolis
2281 1261 2536 1320 eieluut,
2591 1259 2778 1312 multis
2830 1259 2938 1313 diis
2991 1259 3246 1315 credunt.
3285 1280 3303 1312 ι
3349 1262 3651 1318 Christiani

2070 1368 2223 1414 vero,
2252 1368 2373 1422 qua:
2403 1361 2548 1406 recta
2588 1361 2717 1405 sunt
2751 1352 3076 1417 sentientes,
3120 1354 3216 1407 uni
3253 1355 3361 1409 Deo
3394 1357 3652 1420 credant,

2071 1456 2126 1500 et
2183 1461 2292 1498 non
2351 1445 2537 1498 multis
2589 1445 2740 1512 juxta
2790 1445 2994 1498 Christi
3030 1431 3360 1510 doctrinam,
3401 1463 3563 1514 quam
3600 1449 3658 1503 in

2070 1536 2368 1606 Evangelio
2403 1536 2646 1595 tradidit,
2692 1535 2924 1590 dicens:
2959 1555 2978 1587 ι
3025 1535 3132 1604 Ego
3180 1545 3235 1589 et
3288 1538 3448 1590 Pater
3483 1555 3650 1592 unum

2071 1643 2328 1694 sumusp
2353 1639 2407 1682 et
2435 1646 2448 1680 :
2483 1647 2499 1680 ι
2528 1627 2632 1693 Qui
2666 1643 2749 1680 me
2781 1629 2950 1688 videt,
2988 1627 3132 1682 videt
3169 1629 3382 1682 Patrem
3411 1646 3646 1684 ineunt.»

2071 1721 2180 1776 Vos
2213 1729 2397 1788 autem
2453 1735 2578 1774 cum
2636 1719 2950 1788 Seripturas
3005 1720 3293 1790 ignoretis,
3327 1735 3357 1774 a
3415 1721 3650 1775 veritate

2071 1811 2364 1874 exciditis;
2415 1819 2470 1864 et
2506 1825 2629 1864 cum
2671 1810 2774 1862 hoc
2818 1811 3020 1864 factum
3075 1812 3262 1878 tuerit,
3297 1809 3422 1866 aliis
3454 1814 3657 1866 auditis
3712 1789 3727 1804 θ

391 1905 488 1972 τῆς
507 1905 786 1972 ἀληθείας.
819 1907 927 1958 Καὶ
942 1906 1467 1974 τούτου’γεγονότο;,
1491 1907 1626 1958 ἄλλα
1651 1905 1964 1968 ἀκούοντες,

2078 1905 2179 1958 alia
2209 1913 2265 1956 et
2295 1903 2512 1959 diversa
2545 1903 2870 1972 intelligitis.
2909 1904 3122 1959 llebrmi
3177 1921 3311 1958 vero
3345 1906 3522 1968 Deum,
3551 1907 3654 1960 mi-

391 1993 524 2044 ἄλλα
565 1995 884 2060 γινώσκετε.
915 1996 974 2048 Oi
1011 1996 1066 2048 δὲ
1108 1994 1354 2066 Ἑϐραῖοι
1383 1995 1834 2066 συμπαθηθέντες
1865 1996 1972 2049 ὑπὸ

391 2085 486 2136 τοῦ
534 2086 691 2148 Θεοῦ,
742 2087 894 2140 οὐδὲν
935 2087 1235 2152 ἀπώλοντο,
1285 2089 1434 2158 ὅμως
1473 2087 1533 2140 δὲ
1569 2087 1667 2156 τὴν
1708 2091 1812 2156 γῆν
1870 2087 1974 2156 τῆς

393 2179 723 2246 ἐπαγγελίας
775 2181 875 2232 οὐκ
913 2175 1074 2235 εἶδον.
1114 2180 1276 2234 Ἀλλὰ
1311 2181 1826 2243 καταδικασθέντες.
1879 2182 1972 2233 εὕ-

397 2273 646 2338 ρὶσκοντο
665 2272 942 2339 διάγοντες
971 2271 1404 2342 πεπλανημένως
1423 2274 1596 2336 οὕτως
1613 2275 1668 2325 ὲν
1693 2277 1754 2342 τῇ
1779 2273 1876 2341 ἐρή
1894 2291 1973 2343 up

392 2361 620 2430 χρόνους
657 2362 1086 2430 τεσσαράκοντα,
1123 2361 1283 2432 ἄχρις
1328 2362 1394 2415 ἂν
1428 2363 1790 2432 τελευτήσωσι
1834 2365 1972 2416 πάν-

392 2469 482 2513 τες
529 2437 749 2514 ἐκεῖνοι,
797 2454 885 2508 διὰ
927 2455 1008 2517 τὸ,
1063 2455 1151 2508 ἵνα
1211 2455 1358 2508 οὐδὲν
1410 2455 1562 2508 ἴδωσι
1596 2457 1692 2524 τὴν
1743 2456 1864 2525 γῆν,
1907 2457 1974 2526 ἣν

394 2543 756 2611 ἐπηγγείλατο
780 2546 805 2595 ό
837 2545 969 2607 Θεὸς
993 2543 1176 2598 δοῦναι
1204 2549 1316 2610 τοῖς
1340 2547 1478 2608 υἱοῖς
1519 2547 1792 2616 Ἀϐραάμ.
1818 2547 1973 2600 Μετὰ

393 2633 450 2687 δὲ
478 2635 574 2706 τῖτ)
617 2635 875 2705 τελευτὴν
911 2637 1138 2690 ἐκείνων
1175 2638 1424 2702 εἰσῆλθον
1470 2638 1540 2692 τὰ
1581 2639 1746 2692 τέκνα
1787 2640 1972 2692 αὐτῶν

396 2727 474 2788 εἰς
523 2725 618 2794 τὴν
665 2727 766 2795 γῆν
800 2730 899 2794 τῆς
946 2727 1300 2794 ἐπαγγελίας,
1331 2729 1558 2780 κάκεῖσε
1604 2723 1764 2797 εὖρον
1797 2729 1974 2783 πολλὰ

396 2814 574 2882 ἀγαθὰ
613 2807 669 2868 ἐν
709 2817 868 2887 αὐτῇ.
910 2817 1021 2870 Καὶ
1050 2819 1167 2870 ἐκεῖ
1194 2819 1516 2872 ἀπέστειλεν
1547 2820 1734 2880 αὐτοῖς
1781 2823 1808 2873 6
1841 2821 1974 2883 θεὸς

397 2911 790 2980 προφήταςκαὶ
820 2909 1198 2970 διδασκάλους.
1245 2909 1406 2962 Ἀλλὰ
1435 2911 1561 2972 τοὺς
1597 2911 1696 2979 μὲν
1721 2912 1827 2964 ἀπὸ
1857 2911 1976 2965 τού-

392 3019 501 3055 των
527 3003 870 3066 ἀπέκτειναν,
901 3003 1024 3064 τοὺς
1051 3001 1107 3054 δὲ
1132 3000 1539 3072 ἐλιθοϐόλησαν,
1575 3005 1668 3056 καὶ
1691 3003 1972 3074 ἐφάνησαν

395 3095 679 3163 ἀχάριστοι
711 3095 805 3145 καὶ
837 3094 1152 3162 ἀγνώμονες
1205 3095 1285 3158 εἰς
1317 3095 1411 3146 τὸν
1445 3094 1600 3148 Θεόν.
1641 3097 1750 3148 Καὶ
1779 3097 1838 3148 οὐ
1877 3097 1975 3162 μό-

2076 1997 2412 2051 scricordem
2443 1997 2682 2059 experti,
2715 2012 3060 2065 nequiiqiiam
3089 2000 3404 2066 perierunt;
3449 2010 3654 2052 terram

2077 2100 2259 2142 tamen
2291 2087 2678 2154 promissionis
2721 2103 2826 2140 non
2861 2089 3141 2148 viderunt.
3171 2089 3265 2142 sed
3295 2105 3326 2144 a
3357 2089 3471 2143 Deo
3502 2091 3656 2142 dani-

2077 2181 2212 2241 nati,
2243 2179 2430 2232 multis
2462 2179 2748 2233 erroribus
2777 2179 2906 2234 hinc
2953 2181 3078 2234 inde
3111 2196 3208 2249 per
3231 2181 3509 2235 desertum
3543 2181 3656 2234 cir-

2075 2273 2356 2326 cuuiducti
2409 2281 2542 2326 sunt
2577 2274 2740 2328 annis
2769 2273 2994 2330 circiter
3039 2273 3422 2342 quadraginta,
3473 2273 3654 2326 donec

2075 2379 2270 2417 omnes
2329 2361 2403 2414 illi
2439 2363 2640 2414 mortui
2675 2371 2824 2418 sunt.
2861 2377 2930 2415 ne
2985 2361 3198 2416 scilicet
3255 2375 3454 2415 terram
3504 2361 3662 2414 vide-

2077 2466 2219 2516 rent,
2253 2470 2416 2523 quam
2453 2455 2598 2508 Deus
2634 2470 2691 2508 se
2729 2453 2854 2507 [iliis
2890 2453 3166 2506 Abraham
3218 2452 3478 2506 daturum
3533 2469 3662 2520 pro-

2075 2547 2324 2602 miserat.
2377 2547 2506 2600 Post
2555 2547 2765 2600 obitum
2801 2560 2936 2599 vero
2969 2545 3214 2608 illorum,
3249 2545 3410 2599 liberi
3457 2549 3654 2597 horum

2078 2650 2280 2692 terram
2346 2639 2675 2707 promissam
2728 2637 2960 2708 ingressi
3019 2645 3170 2693 sunt.
3222 2637 3274 2689 in
3330 2652 3436 2706 qua
3490 2637 3656 2690 simul

2077 2731 2220 2786 bona
2249 2749 2410 2801 quam
2457 2733 2688 2802 plurima
2723 2740 2854 2786 sunt
2884 2730 3089 2800 adepti.
3133 2731 3200 2784 Et
3235 2731 3375 2784 hanc
3409 2731 3660 2785 incolen-

2077 2826 2228 2878 tibus
2252 2824 2398 2878 Deus
2429 2825 2724 2894 prophetas
2763 2823 2913 2878 misit
2975 2833 3030 2876 et
3067 2821 3340 2884 doctores,
3371 2823 3466 2876 sed
3524 2822 3660 2876 alios

2076 2913 2300 2982 quidem
2359 2913 2577 2967 illorum
2631 2913 2970 2978 occiderunt,
3006 2912 3054 2964 al
3079 2926 3142 2965 os
3195 2927 3328 2964 vero
3383 2911 3660 2980 lapidave-

2078 3014 2227 3070 runt,
2263 3015 2318 3058 et
2374 3006 2588 3074 seipsos
2635 3006 2876 3074 ingratos
2921 3002 3282 3057 exhibuerunt
3353 3013 3408 3056 et
3457 2998 3664 3056 beneﬂ-

2077 3097 2290 3150 ciorum
2330 3095 2420 3150 Dei
2473 3097 2840 3148 immemores.
2872 3093 3076 3149 Verum
3117 3109 3222 3145 non
3258 3092 3455 3160 ingrati
3493 3091 3657 3146 modo

373 3203 486 3240 ’νον
516 3189 614 3240 οὐκ
647 3187 852 3240 ἐδίδουν
876 3187 1251 3258 εὐχαριστίαν,
1289 3185 1427 3240 ἀλλὰ
1453 3189 1547 3240 καὶ
1579 3186 1754 3240 διόλου
1786 3188 1973 3258 σχεδον

2081 3185 2326 3248 fuerunt,
2357 3183 2449 3240 scd
2485 3183 2650 3238 etiam
2682 3194 2947 3252 perpetuo
2978 3182 3090 3240 fere
3119 3183 3390 3235 idoiorum
3418 3181 3659 3236 cultibus

397 3281 836 3349 εἰδωλολάτρουν.
881 3283 988 3334 Καὶ
1019 3281 1110 3335 διὰ
1153 3280 1316 3334 τοῦτο
1356 3281 1669 3350 παρέδωκεν
1714 3281 1910 3344 αὐτοὺς
1946 3283 1973 3333 ὁ

395 3371 530 3432 Θεὸς
551 3373 628 3434 είς
656 3356 1051 3440 αἰχμαλωσίας.
1079 3371 1247 3425 Πάλιν
1269 3371 1324 3424 δὲ
1350 3371 1640 3440 συμπαθὴς
1671 3370 1744 3422 ὢν
1768 3372 1796 3422 6
1817 3371 1973 3435 Θεδς,

395 3463 712 3516 ἀνεκαλεῖτο
733 3463 952 3527 αὐτούς.
977 3465 1076 3518 Διά
1091 3480 1174 3516 τοι
1196 3463 1352 3516 τοῦτο
1379 3465 1472 3516 καὶ
1495 3462 1582 3515 ἐπ’
1606 3463 1846 3533 ἐσχάτων
1865 3463 1974 3515 τῶν

393 3551 618 3622 ἡμερῶν
643 3551 898 3622 εὐδόκησε
926 3552 1022 3605 καὶ
1045 3550 1330 3622 ἠθέλησεν,
1363 3551 1451 3604 ἵνα
1475 3552 1502 3602 ὁ
1531 3549 1655 3606 Υίὸς
1679 3553 1771 3602 καὶ
1803 3550 1974 3616 Λόγος

395 3641 564 3696 αὑτοῦ
599 3641 766 3696 ἐλθὼν
795 3645 870 3704 είς
896 3643 987 3694 τὸν
1015 3641 1241 3708 κόσμον,
1286 3641 1439 3712 σώσῃ
1461 3640 1551 3693 τὸν
1577 3639 1884 3710 ἄνθρωπον,
1917 3639 1976 3692 δν

396 3741 424 3790 6
450 3733 690 3798 διάϐολος
726 3735 1036 3804 ἀπατήσας,
1075 3733 1385 3802 ἀπέστησεν
1414 3733 1523 3786 ἀπὸ
1553 3731 1646 3784 τοῦ
1693 3731 1848 3798 Θεοῦ,
1883 3733 1976 3784 καὶ

396 3827 720 3900 προσεκύνει
746 3829 812 3896 τῇ
843 3827 1019 3879 κτίσει
1049 3825 1142 3878 καὶ
1171 3823 1249 3894 τῷ
1271 3823 1526 3896 διαϐόλῳ.
1551 3823 1846 3878 Κατελθὼν
1866 3825 1978 3877 τοί⁴

396 3939 492 3972 νυν
526 3921 554 3973 6
587 3921 713 3982 Υἱὸς
745 3921 840 3973 καὶ
868 3919 1041 3986 Λόγος
1071 3917 1167 3971 τοῦ
1197 3917 1333 3971 Θεοῦ
1365 3918 1430 3972 ὲκ
1455 3917 1564 3970 τῶν
1587 3918 1854 3988 οὐρανῶν,
1882 3917 1976 3970 καὶ

399 4011 578 4066 λαϐὼν
606 4013 786 4082 σάρκα
829 4013 893 4064 ἐκ
927 4011 1024 4078 τῆς
1066 4011 1228 4078 ἁγίας
1265 4011 1546 4082 Παρθένου
1575 4013 1815 4080 Μαρίας,
1847 4011 1974 4079 ἐγέ-

410 4123 526 4158 νετο
561 4106 865 4176 ἄνθρωπος,
899 4105 975 4170 ὡς
1005 4104 1319 4176 ἔμπροσθεν
1351 4106 1501 4174 παρὰ
1531 4105 1640 4157 τῶν
1671 4105 1842 4174 ἁγίων
1882 4105 1977 4156 καὶ

419 4199 698 4268 προφητῶν
741 4196 1057 4268 ἀπεδείχθη,
1111 4197 1208 4250 καὶ
1248 4195 1490 4266 γεγονὼς
1522 4195 1831 4265 ἄνθρωπος,
1882 4195 1974 4247 καὶ

417 4291 749 4360 καρτερήσας
769 4289 991 4360 χρόνους
1013 4287 1332 4358 τριάκοντα,
1357 4285 1558 4356 ἤρξατο
1587 4285 1858 4338 διδάσκειν
1887 4285 1976 4338 τὸν

405 4377 550 4444 λαὸν,
584 4383 678 4434 καὶ
706 4381 1029 4451 ἑρμηνεύειν
1059 4381 1156 4448 τὴν
1187 4382 1286 4448 τῆς
1312 4379 1574 4448 ἀληθείας
1627 4377 1725 4432 καὶ
1769 4377 1974 4430 δικαιο-

405 4469 570 4538 σύνης
590 4471 731 4534 ὁδὸν,
752 4471 846 4522 καὶ
867 4470 1130 4524 διδάσκων
1153 4469 1414 4538 ἔπραττε,
1449 4469 1543 4523 καὶ
1575 4469 1831 4535 πράττων
1865 4468 1974 4520 s6!-

2081 3276 2274 3338 dediti,
2309 3285 2366 3329 et
2415 3284 2640 3344 propter
2691 3275 2795 3329 hoc
2837 3273 3064 3328 tradidit
3099 3289 3194 3326 eos
3230 3271 3370 3327 Deus
3404 3273 3457 3325 in
3483 3273 3661 3341 capti-

2083 3371 2329 3424 vitatem.
2363 3367 2555 3421 Denuo
2585 3377 2766 3420 autem
2800 3365 3017 3419 illorqu
3067 3364 3346 3427 misertus,
3375 3379 3470 3418 eos
3501 3380 3663 3417 rero»

2081 3461 2264 3528 cavit;
2311 3463 2616 3529 eademque
2647 3459 2714 3514 de
2749 3475 2910 3514 causa
2946 3460 3154 3514 ultimis
3177 3461 3289 3530 jam
3320 3459 3662 3528 temporibus

2083 3551 2656 3622 apprOpinquautibus
2714 3551 3106 3620 complacitum
3165 3550 3239 3605 illi
3271 3561 3356 3607 est
3387 3560 3443 3605 et
3471 3551 3668 3604 decre-

2081 3647 2182 3708 vit,
2219 3653 2276 3698 ut
2310 3643 2482 3697 Filius
2512 3652 2569 3696 et
2591 3643 2828 3698 Verbum
2855 3657 3015 3696 suum
3053 3642 3106 3695 in
3138 3643 3404 3721 mundum
3435 3641 3666 3696 veniens

2083 3737 2325 3791 Salraret
2360 3733 2664 3798 hominem,
2699 3749 2864 3801 quem
2897 3731 3152 3786 diabolus
3179 3730 3473 3802 deceptum
3499 3748 3526 3786 a
3557 3731 3670 3785 Deo

2083 3825 2409 3888 abduxerat,
2445 3833 2508 3878 ut
2555 3833 2826 3878 creaturae
2855 3823 3092 3878 serviret
3133 3833 3189 3878 et
3219 3823 3460 3877 diabolo.
3494 3821 3668 3878 Filius

2084 3919 2271 3988 itaque
2325 3927 2382 3972 et
2413 3915 2655 3972 Verbum
2709 3915 2802 3971 Dei
2834 3916 3052 3971 caelitus
3105 3917 3466 3978 descendens,
3499 3931 3666 3971 carne

2083 4029 2151 4068 ex
2189 4013 2316 4067 diva
2354 4011 2570 4081 virgine
2609 4009 2778 4063 Maria
2815 4017 3095 4078 assumpta
3143 4008 3310 4062 homo
3346 4007 3520 4061 factus
3553 4018 3662 4072 est,

2083 4107 2548 4178 quemadmodum
2580 4118 2746 4172 supra
2795 4085 3111 4156 sattctot'uin
3151 4109 3208 4154 et
3265 4099 3660 4168 prophetarum

2087 4195 2419 4252 testimoniis
2454 4193 2977 4248 demonstravimus.
3033 4190 3100 4246 Et
3137 4191 3302 4244 homo
3333 4190 3507 4244 factus
3537 4205 3662 4243 eum

2083 4287 2248 4342 annis
2299 4287 2531 4340 vixisset
2581 4285 2827 4354 triginta,
2891 4283 3063 4353 caspit
3124 4282 3324 4336 docere
3377 4282 3663 4352 populum,

2085 4380 2309 4449 illisque
2343 4379 2594 4432 veritatis
2647 4385 2703 4431 et.
2752 4375 2982 4445 iustitiae
3013 4374 3158 4429 viam
3191 4374 3509 4434 ostendere,
3565 4380 3666 4427 do-

2085 4486 2328 4540 censque
2385 4479 2646 4538 operatus
2679 4476 2785 4532 est,
2817 4477 2872 4520 et
2903 4468 3048 4520 inter
3077 4467 3419 4542 opt-randum
3455 4465 3664 4530 docuit,

397 4562 589 4626 δασκε,
620 4563 716 4615 καὶ
747 4563 918 4614 ἐποίει
947 4561 1205 4630 θαύματα
1232 4560 1440 4630 μεγάλα
1475 4562 1567 4614 καὶ
1595 4561 1826 4626 ἐξαίσια.
1861 4561 1973 4629 Οὗχ

2083 4563 2366 4631 ediditque
2395 4560 2656 4614 miracula
2691 4574 2882 4629 magna
2913 4565 2970 4612 et
2999 4557 3292 4627 stupenda,
3331 4571 3443 4611 non
3477 4572 3668 4626 quem-

399 4648 589 4720 ὥσπερ
617 4650 759 4703 κατὰ
803 4651 1029 4720 καιροὺς
1066 4651 1331 4719 ἐποίησάν
1360 4667 1507 4713 τινες
1537 4649 1646 4704 τῶν
1675 4650 1850 4718 ἁγίων
1879 4651 1972 4703 ἐπὶ

401 4743 476 4810 τῷ
503 4741 726 4810 ὀνόματι
745 4745 837 4795 τοῦ
867 4742 1024 4806 Θεοῦ,
1059 4743 1134 4806 ὡς
1154 4743 1352 4806 δοῦλοι,
1387 4742 1521 4798 ἀλλὰ
1545 4743 1882 4805 δεσποτικῶς
1915 4760 1974 4796 τε

401 4833 500 4884 καὶ
552 4831 970 4896 ἐξουσιαστικῶς
1028 4834 1200 4885 ἐποίει
1259 4834 1352 4885 καὶ
1405 4832 1676 4898 ἔπραττεν
1727 4833 1826 4884 ὅσοι
1883 4833 1976 4885 καὶ

401 4924 689 4992 ἔπραττεν.
713 4920 843 4977 Eine
865 4926 972 4992 γάρ
996 4924 1191 4992 λεπρὸς
1213 4924 1382 4994 αὐτῷ,
1413 4943 1432 4974 ι
1462 4917 1654 4992 Κύριε,
1681 4925 1775 4976 ἐὰν
1795 4924 1974 4996 θέλῃ-,

399 5013 624 5066 δύνασαί
657 5031 722 5082 με
763 5014 1080 5084 καθαρίσαι.
1115 5033 1134 5066 ι
1164 5015 1274 5068 Καὶ
1305 5012 1456 5067 εἷπεν
1481 5014 1629 5084 αὐτῷ
1651 5019 1678 5068 ό
1708 5016 1940 5082 Χριστὸς
1966 5055 1982 5080 ,

409 5125 426 5157 ι
464 5105 633 5171 θέω,
661 5106 1046 5177 καθαρίσθητι.
1080 5125 1098 5158 ι
1136 5100 1243 5161 κὰπ.
1275 5104 1473 5160 εἶπενό
1509 5110 1836 5176 παράλυτος,
1870 5108 1981 5160 Κύ-

405 5214 508 5264 ριε,
526 5200 818 5268 τριάκοντα
840 5201 934 5251 καὶ
959 5196 1102 5251 ὀκτὼ
1121 5200 1346 5268 χρόνους
1374 5201 1730 5268 κατάκειμαι,
1756 5199 1851 5251 καὶ
1876 5200 1975 5252 οὐκ

403 5288 512 5357 ἔχω
538 5289 852 5358 ἄνθρωπον,
889 5289 972 5341 ἵνα
1001 5290 1129 5342 ὅταν
1168 5290 1414 5361 ταραχθῇ
1443 5291 1506 5342 τὸ
1537 5289 1704 5360 ὕδωρ,
1735 5289 1873 5362 βάλῃ
1907 5307 1976 5360 με

404 5383 461 5430 ἐν
492 5377 638 5448 αὖτῷ
668 5379 918 5450 (ἄγγελος
960 5381 1066 5449 γὰρ
1106 5380 1264 5448 παρα
1287 5381 1420 5434 Θεοῦ
1447 5381 1804 5434 ἀπεστέλλετο
1839 5383 1978 5435 κατὰ

404 5471 617 5539 καιρὸν,
659 5472 752 5524 καὶ
779 5473 1050 5542 ἐτάρασσε
1084 5473 1143 5524 τὸ
1179 5471 1342 5544 ὕδωρ,
1369 5475 1463 5527 καὶ
1493 5475 1520 5526 ὁ
1555 5476 1768 5544 πρῶτος
1802 5473 1978 5543 ἐμϐάς

406 5563 544 5626 μετὰ
569 5562 666 5630 τὴν
722 5564 964 5632 ταραχὴν
1000 5561 1092 5614 τοῦ
1128 5561 1336 5626 ὕδατος,
1366 5563 1524 5633 ὑγιὴς
1557 5564 1764 5632 ἐγίνετο
1790 5563 1980 5632 οἱῳδή-

406 5665 536 5700 ποτε
580 5652 862 5721 κατείχετο
895 5652 1208 5723 νοσήματι).
1240 5654 1327 5717 Ὠς
1365 5655 1496 5721 γοῦν
1537 5653 1846 5725 παράλυτος
1879 5656 1977 5708 καὶ

1533 5807 1557 5817 η

480 5839 519 5866 ⁶¹
572 5837 757 5893 Matth.
802 5857 916 5898 \‘ttt,

2083 4656 2378 4710 admodum
2408 4653 2540 4706 olim
2583 4665 2978 4720 nonnunquam
3007 4651 3218 4720 aliquot
3252 4661 3569 4704 sanctorum
3605 4652 3660 4702 iu

2082 4747 2308 4802 nomine
2349 4743 2445 4799 Dei
2489 4743 2739 4797 feeirunt
2771 4757 2868 4796 ceu
2921 4741 3088 4802 servi,
3125 4739 3220 4794 sed
3271 4753 3397 4792 cum
3435 4739 3667 4807 imperio

2081 4851 2139 4894 et
2173 4836 2500 4892 auctoritate
2532 4833 2662 4888 fecit
2691 4843 2747 4888 et
2787 4841 3048 4902 operatus
3079 4840 3164 4886 est
3206 4845 3554 4901 quaecunque
3585 4830 3668 4886 le-

2086 4931 2179 4984 cit.
2224 4929 2452 4982 Dicebat
2510 4927 2658 4982 enim
2691 4926 2766 4980 illi
2795 4927 3040 4992 leprosos
3075 4945 3088 4980 :
3124 4945 3144 4978 ι
3179 4925 3436 4991 Domine,
3477 4926 3524 4980 si
3563 4941 3663 4980 vo-

2085 5021 2155 5072 lu.
2179 5019 2280 5081 ris,
2317 5028 2471 5088 potes
2504 5033 2588 5070 nic
2622 5017 2922 5083 mundare;
2963 5036 2981 5068 ›
3015 5027 3070 5072 et
3105 5019 3239 5070 dixit
3268 5017 3346 5071 illi
3367 5017 3618 5072 Christus
3650 5033 3665 5071 ε

2089 5129 2108 5162 ι
2142 5111 2296 5175 Volo,
2372 5109 2638 5162 mundare
2665 5109 2733 5163 “.
2769 5129 2786 5160 ι
2841 5109 2910 5162 Ει
2963 5109 3102 5163 dixit
3153 5109 3229 5163 illi
3285 5109 3665 5180 paralyticus:

2084 5199 2336 5260 Domine,
2369 5198 2530 5252 annis
2577 5201 2686 5269 jam
2724 5199 2944 5269 triginta
2977 5209 3034 5255 ct
3087 5209 3211 5254 octo
3246 5200 3506 5264 decubui,
3567 5219 3668 5256 m-c

2085 5293 2263 5347 habeo
2303 5309 2656 5362 quamquam,
2714 5296 2967 5364 quicum
3029 5309 3170 5362 aqua
3205 5293 3422 5346 turbata
3474 5295 3662 5354 fuerzt.

2085 5402 2172 5439 me
2209 5386 2262 5438 in
2312 5386 2461 5438 illam
2495 5385 2755 5440 immittat
2795 5385 3058 5456 (Angelus
3093 5386 3239 5438 enim
3303 5384 3518 5438 Domini
3565 5386 3662 5438 de-

2087 5475 2388 5531 scendebat
2439 5487 2594 5531 certo
2637 5488 2904 5550 tempore,
2939 5485 2996 5531 et
3055 5475 3312 5530 turbabat
3342 5489 3560 5544 aquam,
3602 5475 3656 5525 in

2085 5581 2249 5636 quam
2283 5565 2374 5635 qui
2404 5567 2617 5636 primus
2649 5567 3030 5628 descenderat.
3061 5581 3228 5621 sanus
3259 5563 3590 5618 reddebatur
3616 5577 3655 5616 ai

2084 5671 2414 5726 quocunque
2448 5657 2666 5722 morbo,
2703 5675 2812 5726 quo
2841 5655 3232 5726 laboraverat).
3269 5653 3406 5710 Cum
3468 5654 3655 5722 itaque
