4090 6456
401 438 513 515 455

1574 442 1897 509 JOANNIS
1935 406 2457 510 CANTACUZENI

3560 433 3667 504 456

402 557 742 631 paralyticus
772 554 1028 612 inlirmus
1073 555 1475 627 hominumque
1506 554 1808 611 destitutus
1833 554 1987 610 auxi--

2102 556 2359 618 ἀδύνατος
2393 557 2486 608 καὶ
2547 560 2623 627 μή
2674 552 2814 625 ἔχων
2855 551 3167 623 ἄνθρωπον,
3219 547 3398 604 ἔκειτο
3452 548 3679 620 χρόνους

402 649 503 715 lio,
541 649 656 704 illic
685 647 843 718 juxta
881 648 1148 716 piscinam
1184 664 1285 719 per
1320 662 1497 703 annos
1525 648 1751 718 triginta
1782 655 1837 701 et
1862 654 1988 700 octo

405 741 785 803 decubuisset,
824 740 980 794 illum
1013 740 1209 796 videns
1237 740 1514 805 Christus,
1551 741 1813 794 misertus
1844 739 1990 792 illius

401 832 548 886 dixit
594 831 661 886 ad
719 847 845 887 eum
882 848 897 888 :
941 849 959 881 ‹
1000 831 1166 886 Visne
1218 845 1387 884 sanus
1422 829 1578 884 fieri?
1614 848 1632 881 ›
1695 827 1812 882 Hoc
1857 840 1992 880 vero

405 925 690 981 Christum
722 924 991 979 adorante
1016 935 1072 979 et
1092 923 1377 991 credente,
1406 922 1547 977 dicit
1574 920 1641 975 ad
1675 935 1802 974 cum
1832 919 1995 975 Chri-

406 1028 567 1074 stus:
606 1037 623 1070 σ
663 1018 817 1072 Tolle
880 1017 1084 1072 lectum
1150 1025 1343 1079 tuum,
1394 1025 1449 1069 et
1506 1015 1595 1069 abi
1658 1013 1712 1068 in
1767 1014 1991 1067 domum

406 1121 558 1165 tuam
590 1112 659 1165 ⁶¹.
693 1128 712 1161 ι
749 1109 1016 1165 Similiter
1081 1108 1318 1163 faciebat
1380 1107 1627 1176 ubique,
1663 1117 1994 1175 quocunque

402 1204 653 1259 locorum
687 1202 991 1256 incederet.
1016 1201 1208 1256 Caecos
1240 1200 1479 1262 sanavit,
1512 1200 1804 1268 visumque
1836 1197 1996 1252 resti-

408 1297 535 1359 tuit,
570 1294 755 1350 surdis
779 1293 1026 1348 auditum
1059 1292 1327 1356 reddidit.
1362 1292 1590 1346 claudos
1618 1289 1875 1345 incedere
1912 1288 1995 1343 fe-

406 1388 502 1448 cit,
539 1384 872 1455 paralyticos
925 1384 1112 1438 nervis
1149 1384 1323 1439 firmis
1354 1394 1412 1438 et
1467 1381 1755 1437 vivacibus
1788 1379 1994 1436 conﬁr-

405 1479 595 1543 mavit,
632 1488 888 1532 mortuos
945 1477 1350 1541 ressuscitavit,
1407 1475 1777 1531 daemoniacos
1805 1482 1997 1529 aucto-

404 1571 567 1624 ritate
604 1585 819 1623 summa
856 1569 1130 1632 liberavit,
1182 1577 1238 1623 et
1290 1577 1351 1623 ut
1391 1566 1707 1623 summatim
1740 1581 1999 1637 compre-

405 1662 667 1724 hendam,
707 1660 894 1715 onmia
943 1660 1076 1715 fecit
1109 1660 1281 1714 instar
1321 1659 1440 1721 Dei,
1467 1658 1624 1730 juxta
1669 1657 1848 1728 ipsius
1895 1674 1994 1712 vo-

404 1756 673 1810 luntatem
708 1764 764 1808 et
806 1753 1130 1807 arbitrium.
1158 1751 1325 1807 Venit
1363 1749 1430 1806 ad
1466 1751 1645 1814 illum,
1675 1749 1773 1820 qui
1813 1763 1995 1805 caecus

402 1849 589 1901 fuerat
636 1862 665 1900 a
715 1845 1002 1899 nitivitate
1038 1859 1158 1906 sua,
1204 1856 1260 1897 et
1293 1843 1477 1897 oravit
1525 1842 1724 1908 illum;
1757 1856 1995 1910 cumque

2092 648 2389 717 τριάκοντα
2429 646 2524 700 καὶ
2549 644 2693 698 ὀκτὼ
2715 644 2946 716 πλησίον
2966 643 3067 714 τῆς
3097 640 3488 713 κολυμϐήθρας
3510 640 3675 694 ἀσθε-

2093 738 2200 793 νῶν
2230 737 2569 810 παράλυτος,
2627 737 2820 790 τοῦτον
2856 735 2980 790 ίδὼν
3008 736 3037 787 6
3067 733 3321 804 Χριστὸς,
3355 732 3449 788 καὶ
3477 732 3682 801 σπλαγ-

2095 828 2353 899 χνισθεὶς,
2378 828 2526 897 λέγει
2550 826 2687 898 πρὸς
2703 827 2890 893 αὐτὸν,
2915 846 2934 878 ι
2957 823 3149 888 Θέλεις
3168 823 3326 895 ὑγιὴς
3345 823 3629 892 γενέσθαι;
3654 843 3673 875 ι

2095 921 2201 974 Τοῦ
2223 923 2282 974 δὲ
2306 921 2788 993 προσκυνήσαντος
2812 921 2907 974 καὶ
2925 920 3322 980 πιστεύσαντος
3338 916 3415 987 τῷ
3433 915 3680 988 Χριστῷ,

2084 1011 2244 1081 λέγει
2275 1014 2410 1083 πρὸς
2433 1011 2596 1067 αὑτὸν
2625 1013 2926 1083 ὁΧριστδς,
2963 1029 2982 1064 t
3015 1006 3187 1078 1Ἀρόν
3216 1026 3310 1064 σου
3336 1010 3436 1080 τὴν
3462 1010 3676 1077 κλίνην,

2095 1108 2192 1160 καὶ
2222 1106 2399 1175 ὕπαγε
2426 1107 2507 1170 είς
2525 1104 2617 1159 τδν
2645 1100 2796 1159 οἶκόν
2831 1122 2953 1160 σου.
2994 1122 3012 1155 ι
3046 1101 3122 1157 T6
3149 1101 3280 1157 αὐτὸ
3306 1100 3483 1153 ἐποίει
3508 1100 3680 1154 ἁπαν-

2095 1199 2267 1268 ταχοῦ
2304 1197 2434 1252 ἔνθα
2462 1194 2531 1271 ἦν
2559 1197 2903 1270 περιπατῶν.
2935 1196 3182 1264 Τυφλοὺς
3217 1193 3544 1264 ἐθεράπευε,
3587 1193 3684 1246 καὶ

2096 1292 2269 1345 ἐποίει
2285 1292 2484 1356 αὐτοὺς
2509 1292 2747 1362 βλέπειν,
2768 1291 2895 1354 τοὺς
2919 1292 3139 1359 κωφοὺς
3160 1288 3401 1351 ἀκούειν,
3419 1286 3545 1350 τοὺς
3574 1301 3687 1353 λω-

2096 1383 2224 1449 λοὺς
2243 1383 2566 1456 περιπατεῖν
2586 1424 2601 1452 ,
2626 1384 2755 1448 τοῦς
2782 1382 3132 1454 παραλύτους
3157 1380 3488 1449 συνέσφιγγε
3511 1418 3525 1443 ,
3554 1377 3683 1440 τοὺς

2098 1480 2329 1550 νεκροὺς
2356 1478 2572 1545 ἀνίστα,
2600 1480 2730 1543 τοὺς
2753 1475 3237 1547 δαιμονιζομένους
3254 1472 3679 1539 ἐξουσιαστικῶς

2097 1570 2420 1641 ἐθεράπευε,
2454 1571 2549 1623 καὶ
2576 1568 2651 1632 ὡς
2687 1570 2745 1622 ἐν
2779 1566 3000 1637 συνόψει
3050 1568 3247 1625 εἰπεῖν,
3282 1566 3353 1617 τὰ
3393 1564 3572 1617 πάντα
3605 1561 3682 1623 ὡς

2097 1664 2234 1729 Θεὸς
2282 1663 2480 1729 ἐποίει,
2510 1662 2697 1726 καθὼς
2728 1660 2983 1715 ἐϐούλετό
3029 1676 3090 1713 τε
3123 1661 3219 1712 καὶ
3247 1657 3434 1729 ήθελε.
3471 1655 3683 1725 Τυφλὺς

2097 1751 2264 1827 ἦλθεν
2291 1756 2355 1808 ἐκ
2381 1754 2633 1824 γενετῆς,
2665 1754 2759 1806 καὶ
2792 1752 3173 1821 παρεκάλεσεν
3216 1749 3401 1813 αὑτὸν,
3428 1751 3524 1803 καὶ
3554 1752 3683 1811 τοὺς

2102 1847 2201 1917 μὲν
2231 1846 2424 1909 ἄλλους
2461 1846 2696 1914 τυφλοὺς
2751 1842 3055 1915 ἐθεράπευε
3086 1844 3232 1914 μόνῳ
3262 1842 3431 1911 λόγῳ,
3468 1841 3679 1893 ἐκεῖνον

407 1939 544 1991 alios
579 1952 753 1991 caecos
811 1936 961 1991 nudo
1012 1945 1069 1991 et
1118 1937 1236 1990 solo
1266 1936 1438 1990 verbo
1468 1935 1794 2001 sanavisset,
1845 1936 1994 1990 hunc

2102 1912 2153 1991 δέ
2194 1938 2293 2009 οὐχ
2323 1936 2519 2000 οὕτως,
2542 1912 2702 1989 una
2731 1912 2940 1997 πτύσας
2988 1934 3067 1996 εις
3088 1912 3361 2002 ήτὴνίγῆν,
3389 1930 3482 1983 καὶ
3511 1927 3683 1994 πηλόν

406 2046 518 2083 non
559 2030 713 2091 item,
739 2028 833 2083 sed
869 2029 921 2081 in
956 2039 1158 2081 terram
1191 2044 1253 2082 ex
1268 2043 1497 2097 spuens,
1530 2028 1703 2081 lutum
1734 2043 1803 2082 ex
1833 2037 1994 2098 sputo

406 2121 563 2184 fecit,
598 2119 905 2187 eculnsquq
938 2119 1088 2172 illius
1128 2120 1370 2184 inunxit,
1425 2118 1616 2173 dicens
1673 2118 1741 2172 ad
1789 2118 1992 2174 illum:

415 2233 436 2264 ε
489 2213 615 2276 Abi,
661 2214 820 2267 ablue
855 2212 905 2264 in
952 2212 1163 2281 piscina
1201 2210 1377 2276 Siloe;
1423 2229 1441 2262 ι
1484 2221 1541 2265 et
1587 2225 1711 2266 cum
1747 2211 1994 2276 lavisset,

408 2304 585 2356 visum
621 2303 828 2373 recepit
855 2304 920 2354 “.
952 2303 1225 2368 Quidnam
1274 2303 1377 2356 hoc
1414 2302 1617 2356 factum
1648 2301 1997 2357 denotavisse

409 2396 752 2465 putabimus,
803 2396 948 2464 quod
988 2396 1128 2448 alios
1166 2409 1343 2448 caecos
1376 2394 1494 2448 solo
1541 2394 1712 2448 verbo
1758 2394 1996 2460 sanavit,

410 2490 478 2542 ad
531 2487 678 2541 hunc
725 2502 858 2541 vero
914 2488 1247 2543 sanandum.
1290 2486 1469 2539 lutum
1506 2484 1668 2539 fecit?
1697 2483 1815 2539 Non
1847 2484 1997 2539 aliud

410 2587 586 2644 certe,
634 2594 796 2648 quam
828 2595 951 2632 cum
1000 2579 1091 2631 alii
1136 2576 1265 2632 cmci
1295 2593 1324 2631 a
1353 2578 1638 2631 nativitate
1672 2592 1769 2631 sua
1809 2577 1999 2631 oculos

411 2671 712 2727 habui-rint
745 2686 931 2732 sanos.
985 2668 1176 2740 p'ostca
1228 2671 1410 2725 oculis
1455 2669 1601 2739 capti
1651 2680 1815 2733 sunt,
1893 2669 2001 2723 hoc

412 2778 546 2817 vero
580 2764 757 2818 oculis
787 2764 1019 2817 omnino
1047 2771 1271 2817 carente
1310 2762 1380 2816 ab
1430 2762 1551 2832 ipso
1593 2763 1996 2825 matrisutero,

412 2855 591 2910 lutum
640 2854 771 2909 fecit
801 2854 1091 2918 Dominus,
1141 2855 1381 2909 innuens
1443 2869 1501 2908 se
1557 2854 1708 2909 hunc
1742 2854 1998 2908 eumdem

413 2962 557 3014 esse,
593 2947 687 3018 qui
743 2963 775 3002 c
824 2948 943 3001 luto
995 2946 1276 3000 hominem
1332 2945 1677 3009 formaverit,
1727 2953 1784 2998 et
1831 2944 2001 3013 hujus

412 3056 562 3094 nunc
604 3041 659 3093 in
706 3055 941 3108 corpore
974 3038 1253 3093 defectum
1297 3038 1415 3092 luto
1446 3046 1668 3106 sumpto
1704 3035 1998 3107 compleat.

413 3133 623 3187 Deinde
660 3132 957 3186 dixitcaeco
991 3149 1005 3185 :
1050 3150 1068 3182 ι
1101 3131 1296 3186 Credis
1334 3131 1387 3184 in
1421 3131 1619 3184 Filium
1658 3129 1786 3184 Dei?
1829 3149 1847 3181 ι
1895 3128 2002 3183 Re-

2097 2020 2331 2100 ποιήσας
2359 2028 2449 2081 διὰ
2481 2027 2577 2080 τοῦ
2606 2025 2950 2095 πτύσματος,
2984 2025 3171 2095 έχρῐσε
3204 2023 3330 2087 τοὺς
3365 2020 3682 2091 ὀφθαλμοὺς

2097 2123 2288 2186 αὐτοῦ,
2325 2122 2497 2177 εἰπὼν
2546 2121 2685 2192 πρὸς
2718 2121 2907 2186 αὐτὸν,
2944 2138 2964 2170 ι
3004 2108 3249 2186 ’Υπαγε,
3295 2116 3447 2186 νίψαι
3478 2117 3558 2178 είς
3587 2113 3681 2166 τοῦ

2097 2218 2319 2287 Σιλωὰμ
2342 2215 2440 2286 τὴν
2466 2212 2878 2285 κολυμδήθραν,
2914 2231 2933 2264 ι
2963 2214 3058 2266 καῖ
3077 2210 3373 2280 νιψάμενος
3396 2206 3683 2274 ἀνέϐλεψε.

2098 2311 2163 2364 Τί
2189 2310 2347 2363 τοῦτο
2370 2307 2657 2378 δηλοῦντος
2686 2307 2780 2359 τοῦ
2804 2305 3155 2376 πράγματος,
3188 2305 3272 2355 ὃτι
3304 2302 3429 2364 τοὺς
3460 2301 3560 2367 μὲν
3592 2299 3688 2354 ἄλ-

2098 2404 2224 2463 λους
2283 2403 2492 2463 πάντας
2526 2399 2829 2470 ἐθεράπευε
2870 2397 3013 2466 λόγῳ
3067 2396 3237 2466 μόνῳ,
3289 2394 3367 2453 είς
3412 2389 3600 2445 τοῦτον
3629 2389 3686 2443 δέ

2101 2493 2325 2560 ἐποίησε
2349 2490 2549 2561 πηλόν;
2577 2489 2743 2544 Οὐδὲν
2769 2487 2917 2555 ἄλλο,
2941 2487 2974 2556 ἢ
3000 2489 3082 2541 ὅτι
3109 2487 3159 2539 οί
3184 2486 3283 2555 μὲν
3307 2483 3457 2538 ἄλλοι
3474 2481 3688 2551 τυφλοὶ,

2106 2583 2323 2652 ἔχοντες
2352 2582 2459 2634 ἀπὸ
2487 2581 2797 2650 γεννήσεως
2820 2579 2991 2648 αὐτῆς
3012 2577 3139 2639 τοὺς
3167 2575 3484 2645 ὀφθαλμοὺς
3507 2572 3687 2627 αὐτῶν

2102 2678 2297 2745 ὑγιεῖς,
2319 2675 2729 2746 ἐτυφλώθησαν,
2752 2675 2847 2728 τοῦ
2866 2674 2921 2727 δὲ
2954 2672 3198 2743 μηδόλως
3237 2671 3452 2741 ἔχοντος
3483 2667 3687 2738 ὀφθαλο

2105 2772 2238 2837 μοῦς
2267 2766 2325 2833 ἐξ
2359 2766 2529 2836 αὐτῆς
2558 2766 2887 2835 γεννήσεως,
2927 2761 3152 2831 ἐποίησε
3183 2761 3352 2831 πηλὸν
3373 2764 3401 2813 6
3428 2758 3686 2831 Χριστὸς,

2078 2860 2363 2913 ’δεικνύων
2405 2860 2486 2912 ὅτι
2515 2857 2680 2922 αὐτός
2710 2858 2858 2911 ἐστιν
2898 2858 2927 2909 6
2967 2855 3075 2909 ἀπὸ
3113 2854 3288 2922 πηλοῦ
3326 2853 3557 2912 ’πλάσας
3595 2851 3688 2904 τὸν

2100 2954 2408 3026 ἄνθρωπον,
2440 2953 2538 3007 καὶ
2576 2952 2637 3006 τὸ
2676 2951 2925 3005 ἐλλεῖπον
2960 2949 3055 3004 τοῦ
3103 2948 3356 3018 σώματος
3397 2945 3554 3008 αὖθις
3598 2944 3691 2998 διὰ

2101 3050 2197 3102 τοῦ
2260 3045 2438 3118 πηλοῦ
2495 3045 2909 3117 ἀνεπλήρωσεν.
2963 3040 3096 3097 Εἶτα
3149 3041 3299 3111 λέγει
3353 3038 3430 3110 τῷ
3478 3035 3687 3107 τυφλῷ,

2107 3159 2126 3193 ι
2168 3141 2450 3203 Πιστεύεις
2476 3140 2555 3202 είς
2586 3138 2678 3191 τὸν
2708 3136 2839 3190 Υίδν
2868 3134 2964 3190 τοῦ
2995 3135 3169 3201 Θεοῦ;
3209 3153 3229 3187 ι
3271 3133 3437 3201 Λέγει
3475 3129 3626 3199 αύτῷ
3658 3131 3689 3181 6

415 3219 636 3288 spondit
667 3220 756 3274 ille
787 3237 802 3275 :
840 3237 858 3269 ε
907 3219 974 3272 Ει
1002 3220 1124 3289 quis
1166 3229 1272 3281 est,
1307 3218 1558 3284 Domine,
1598 3228 1660 3273 ut
1688 3217 1909 3273 credam
1944 3217 1997 3270 in

2103 3233 2322 3301 τυφλὸς,
2344 3251 2362 3284 ι
2376 3232 2485 3284 Καὶ
2503 3229 2585 3293 τίς
2600 3230 2738 3294 ἐστι,
2753 3226 3046 3301 Κύριε,ῖνα
3062 3223 3335 3278 πιστεύσω
3352 3223 3433 3286 εἰς
3453 3219 3619 3274 αὐτόν
3635 3234 3682 3285 ς»

414 3311 607 3366 illum?
644 3332 662 3361 ι
724 3311 860 3363 Cum
894 3311 1044 3363 enim
1102 3325 1281 3364 caecus
1314 3309 1529 3372 fuisset,
1567 3309 1850 3364 Christum
1887 3323 1995 3362 non

417 3415 686 3469 noverat;
727 3413 783 3457 et
841 3402 982 3455 dixit
1037 3402 1113 3455 illi
1174 3402 1477 3457 Christus:
1519 3421 1536 3454 ι
1584 3400 1695 3471 Ego
1727 3417 1871 3468 sum,
1902 3402 1998 3470 qui

415 3493 614 3562 loquor
653 3492 771 3546 tibi.
806 3509 824 3541 ι
887 3492 1044 3545 Tunc
1111 3492 1249 3547 dixit
1300 3508 1522 3548 caecus:
1562 3512 1580 3545 ι
1625 3492 1827 3557 Credo,
1888 3493 1996 3546 Do-

418 3584 587 3643 mine.
632 3592 686 3635 ct
714 3581 965 3636 adoravit
1021 3584 1199 3638 illum.
1258 3602 1277 3635 ι
1317 3584 1583 3640 Similiter
1614 3594 1669 3639 et
1699 3585 1866 3639 millia
1897 3583 1999 3637 ali-

415 3679 554 3741 quot
589 3670 874 3724 hominum
907 3673 1143 3740 quodam
1175 3674 1263 3727 die
1290 3672 1569 3729 Christum
1605 3683 1764 3728 erant
1798 3674 1998 3740 secuti,

416 3763 649 3815 verbum
700 3761 871 3830 ipsius
932 3771 988 3815 et
1045 3763 1353 3817 doctrinam
1416 3765 1726 3826 audientes,
1766 3775 1824 3817 et
1873 3779 1998 3817 cum

417 3850 719 3916 esurirent,
753 3867 861 3904 non
903 3851 1231 3905 invenerunt
1260 3857 1310 3906 in
1352 3853 1473 3906 loco
1504 3854 1598 3907 illo
1629 3854 1817 3922 plures
1840 3853 2001 3922 pani-

418 3943 527 3997 bus
564 3944 831 4013 quinque,
872 3934 928 3997 et
992 3944 1133 3998 duos
1189 3946 1396 4014 pisces.
1448 3946 1522 4000 Et
1562 3945 1844 3999 benedixit
1894 3946 2003 4001 illis

414 4032 693 4099 Christus,
722 4034 1091 4103 praecepitque
1123 4035 1434 4104 discipulis,
1466 4034 1561 4104 qui
1594 4037 1852 4091 omnibus
1883 4036 2002 4092 istis

420 4139 590 4193 panes
624 4134 1024 4194 apposucrunt,
1058 4127 1125 4181 de
1153 4127 1358 4196 quibus
1391 4129 1753 4183 comederunt
1783 4145 1999 4193 omnes,

419 4225 477 4270 ct
501 4218 731 4271 saturati
761 4227 914 4280 sunt,
957 4228 1015 4273 et
1043 4219 1243 4287 reliqui
1272 4220 1498 4275 luerunt
1538 4222 1763 4292 cophini
1795 4223 2003 4279 duode~

420 4309 527 4361 cini
585 4309 728 4377 pleni
786 4324 985 4376 panum
1036 4309 1360 4378 fragmentis
1403 4321 1459 4366 et
1492 4314 1737 4382 piscibus
1772 4314 1838 4371 “.
1893 4312 2003 4370 Sed

418 4399 544 4469 quis
572 4401 766 4454 horum
819 4402 1056 4455 sensus?
1114 4402 1320 4456 Partim
1357 4404 1579 4473 quidem
1623 4418 1683 4460 ut
1715 4406 1884 4462 edant
1920 4407 2003 4461 fa-

421 4491 627 4556 melici,
660 4494 859 4561 partim
901 4508 1035 4547 vero
1084 4502 1143 4547 ut
1195 4493 1507 4566 intelligant
1565 4508 1623 4553 et
1684 4500 1870 4553 animo
1890 4500 2004 4553 'suo

2103 3324 2300 3394 τυφλὸς
2344 3321 2454 3392 γὰρ
2503 3320 2600 3383 ὢν,
2650 3321 2752 3375 οὐκ
2789 3319 3054 3388 ἐγίνωσκε
3098 3317 3192 3369 τὸν
3225 3314 3484 3387 Χριστόν,
3519 3313 3629 3367 Καὶ
3660 3313 3691 3365 6
3730 3344 3753 3363 κ

2105 3416 2335 3485 Χριστὸς
2361 3415 2498 3485 πρὸς
2526 3411 2714 3475 αὑτὸν,
2743 3431 2762 3463 ι
2790 3409 2934 3479 Ἐγώ
2960 3410 3076 3480 εῖμι
3104 3410 3132 3461 6
3156 3408 3337 3463 λαλῶν
3369 3424 3473 3461 σοι.
3507 3425 3526 3457 ι
3551 3406 3691 3459 Τότε

2100 3508 2247 3577 λέγει
2272 3509 2300 3561 6
2326 3506 2546 3574 τυφλὸς,
2570 3523 2590 3557 ι
2617 3503 2888 3568 Πιστεύω,
2928 3501 3105 3572 Κύριε
3127 3516 3141 3532 ο
3166 3501 3261 3555 καὶ
3281 3497 3692 3570 προσεκύνησεν

2101 3597 2272 3668 αὐτῷ.
2308 3616 2328 3650 ι
2377 3596 2632 3659 Χιλιάδες
2669 3594 2861 3648 πολλαὶ
2892 3592 3198 3665 ἀνθρώπων
3254 3592 3314 3645 ἐν
3364 3589 3464 3660 μιᾷ
3509 3589 3692 3660 ἡμέρᾳ.

2103 3691 2468 3760 προσέμειναν
2505 3688 2798 3751 ἀκούοντες
2834 3687 2926 3740 τὸν
2960 3686 3117 3754 λόγον
3163 3682 3258 3737 τοῦ
3294 3680 3534 3754 Χριστοῦ
3590 3682 3685 3735 καὶ

2102 3785 2202 3855 τὴν
2233 3783 2604 3836 διδασκαλίαν.
2640 3781 2750 3834 Καὶ
2780 3778 3100 3842 ἐπείνασαν,
3136 3779 3231 3829 καὶ
3256 3775 3356 3844 οὐχ
3382 3774 3690 3845 εὑρέθησαν

2102 3873 2163 3924 ἐν
2192 3870 2269 3940 τῷ
2302 3871 2450 3939 τόπῳ
2473 3869 2666 3940 ἐκείνῳ
2697 3867 2861 3921 πλέον
2892 3868 3000 3921 τῶν
3031 3868 3193 3920 πέντε
3221 3866 3426 3935 ἄρτων,
3460 3863 3691 3916 καὶτῶν

2103 3964 2197 4017 δύο
2251 3962 2471 4033 ἰχθύων.
2511 3961 2790 4027 Εὺλόγησε
2832 3958 3012 4012 τοίνυν
3065 3957 3204 4011 αὐτὰ
3235 3958 3262 4008 6
3304 3954 3562 4025 Χριστὸς,
3595 3953 3692 4006 καὶ

2106 4051 2410 4124 προσέταξε
2430 4054 2540 4117 τοῖς
2566 4052 2839 4121 μαθηταῖς
2868 4050 3058 4112 αὑτοῦ,
3085 4049 3181 4102 καὶ
3208 4046 3533 4119 παρέθηκαν
3554 4047 3689 4100 πᾶσι

2103 4148 2230 4209 τοὺς
2247 4146 2461 4216 ἄρτους.
2501 4146 2611 4198 Καὶ
2644 4146 2847 4213 ἔφαγον
2872 4143 3100 4205 πάντες,
3127 4140 3222 4195 καὶ
3255 4138 3684 4210 ἐχορτάσθησαν,

2108 4238 2204 4290 καὶ
2228 4234 2627 4305 ἐπερίσσευσαν
2657 4236 2867 4301 κόφινοι
2889 4231 3098 4285 δώδεκα
3123 4232 3229 4284 ἀπὸ
3252 4230 3360 4282 τῶν
3388 4229 3572 4299 ἄρτων
3593 4228 3687 4283 καὶ

2111 4327 2224 4383 ἀπὸ
2243 4329 2350 4380 τῶν
2376 4326 2595 4399 ίχθύων,
2620 4326 2689 4379 Τί
2715 4323 2871 4378 τοῦτο
2905 4326 3172 4393 σημαῖνον
3192 4340 3208 4389 ;
3229 4323 3301 4374 Τὸ
3325 4321 3447 4391 μὲν,
3473 4321 3556 4373 ῐνα
3587 4319 3684 4387 φά·

2103 4436 2279 4489 γωσιν
2314 4418 2390 4481 ὡς
2419 4418 2739 4483 πεινῶντες,
2760 4417 2822 4470 τὸ
2857 4416 2936 4479 δὲ,
2971 4417 3059 4469 ῐνα
3088 4418 3318 4484 νοήσωσι
3340 4414 3436 4467 καὶ
3454 4414 3680 4478 ἐνθυμη-

2109 4511 2299 4575 θῶσιν,
2335 4510 2418 4562 ὄτι
2453 4509 2612 4572 αὑτός
2645 4509 2794 4562 ἐστιν
2841 4509 2869 4560 6
2903 4510 2961 4560 ἐν
2993 4508 3062 4576 τῇ
3098 4507 3294 4578 ἐρήμῳ
3327 4501 3524 4573 θρέψας
3554 4497 3681 4560 τοὺς

421 4584 778 4649 meditemur,
814 4584 961 4638 hunc
997 4585 1147 4638 illutn
1192 4600 1311 4641 esse
1342 4587 1438 4656 qni
1469 4590 1522 4642 iu
1557 4589 1778 4643 deserto
1820 4599 1998 4658 patres

2116 4602 2362 4672 πατέρας
2397 4599 2578 4654 αὐτῶν
2606 4598 2668 4652 τὸ
2701 4599 2900 4668 μάννα.
2930 4598 3255 4668 Ἀνθρωπος
3302 4591 3561 4655 ἀπέθανε,
3590 4589 3688 4644 καὶ

421 4677 668 4747 ipsorum
727 4694 926 4732 manna
986 4681 1272 4735 cibaverit.
1336 4681 1530 4745 Porro,
1582 4681 1746 4735 homo
1779 4682 2003 4751 quidam

421 4780 675 4825 mortuus
717 4781 803 4825 est
845 4781 902 4825 et
928 4772 1199 4841 sepultus,
1233 4787 1472 4842 cumque
1510 4773 1568 4827 in
1599 4771 1854 4842 sepulcro
1884 4772 2004 4827 dies

421 4866 627 4931 egisset
683 4871 944 4932 quatuor,
995 4864 1241 4918 defuncti
1303 4878 1527 4918 sorores
1591 4862 2005 4917 accersiverunt

421 4955 726 5009 Christum.
761 4956 858 5009 llic
909 4966 1091 5009 autem
1137 4955 1272 5010 dicit
1304 4955 1383 5007 illi
1415 4972 1429 5007 :
1473 4971 1492 5003 ι
1543 4951 1772 5015 Lazare.
1808 4955 1897 5008 exi
1923 4955 2005 5009 fo-

423 5064 531 5101 ras.
571 5067 589 5098 ι
646 5048 714 5101 Ει
764 5048 910 5101 illico
988 5048 1083 5116 qui
1154 5057 1405 5105 mortuus
1465 5047 1682 5111 fuerat,
1751 5048 2005 5116 sepulcro

424 5155 680 5208 egressus
712 5149 818 5205 est,
850 5149 906 5194 et
955 5140 1281 5199 ambulavit,
1318 5137 1519 5205 ligatus
1568 5154 1876 5208 manusque
1905 5155 2004 5209 pe-

423 5232 631 5301 desque
682 5233 786 5292 (sic
837 5233 983 5285 enim
1035 5233 1208 5285 moris
1255 5241 1374 5283 erat
1400 5229 1714 5285 Judaeorum
1754 5242 2005 5288 mortuos

426 5327 681 5395 sepelire)
740 5335 795 5379 et
856 5326 939 5379 sic
1026 5323 1463 5378 resuscitatiouis
1536 5324 1801 5379 miraculo
1853 5324 2003 5380 aliud

426 5417 562 5471 illud
593 5420 843 5471 incessus
867 5417 954 5470 sui
995 5416 1323 5469 miraculum
1364 5415 1632 5472 successit
1659 5417 1729 5470 ".
1768 5415 1875 5471 Sed
1904 5433 2004 5472 cur

428 5508 547 5561 haec
585 5507 766 5561 facta?
819 5507 891 5564 Ut
944 5522 1071 5562 cum
1124 5507 1378 5563 homines
1425 5509 1675 5565 viderent
1707 5509 1856 5565 hunc
1894 5524 2005 5564 non

430 5598 811 5652 tantummodo
865 5610 1114 5654 mortuos
1156 5600 1421 5664 excitare,
1479 5600 1577 5656 sed
1627 5601 1792 5656 etiam
1857 5601 2007 5656 hunc

429 5687 883 5757 quatriduanum,
942 5691 1323 5765 intelligerent
1377 5696 1526 5749 hunc
1580 5710 1703 5750 esse
1766 5693 1892 5750 vitae
1952 5704 2009 5749 et

2110 4692 2306 4760 ἐτάφη,
2333 4692 2428 4743 καῖ⁸
2445 4692 2768 4757 ποιήσαντος
2794 4690 2852 4741 ἐν
2872 4686 2948 4757 τῷ
2968 4686 3129 4755 τάφῳ
3146 4686 3365 4757 ἡμέρας
3394 4683 3689 4753 τέσσαρας,

2112 4781 2496 4852 παρεκάλεσαν
2528 4780 2622 4833 τὸν
2648 4780 2886 4850 Χριστὸν
2921 4780 2977 4832 αἱ
3024 4779 3218 4831 τούτου
3251 4776 3503 4845 ἀδελφαὶ,
3532 4773 3630 4827 καὶ
3665 4775 3697 4826 6

2111 4872 2345 4944 Χριστὸς
2379 4872 2530 4940 λέγει
2560 4870 2699 4941 πρὸς
2732 4870 2919 4937 αὑτὸν,
2955 4888 2974 4922 ι
3014 4871 3259 4941 Λάζαρε,
3292 4869 3458 4938 δεῦρο
3494 4868 3621 4932 ἐξω.
3667 4884 3685 4917 ι

2112 4966 2222 5019 Καὶ
2287 4961 2546 5037 παραυτὰ
2619 4962 2810 5034 ἐξῆλθε
2867 4962 2962 5016 τοῦ
3020 4961 3195 5031 τάφου
3265 4964 3294 5016 6
3372 4959 3689 5029 τεθνηκὼς,

2109 5058 2205 5111 καὶ
2255 5056 2630 5128 περιεπάτησε
2687 5055 2973 5125 δεδεμένος
3017 5054 3118 5117 τὰς
3170 5056 3359 5126 χεῖρας
3416 5055 3513 5105 καὶ
3566 5053 3693 5112 τοὺς

2109 5148 2296 5211 πόδας.
2350 5146 2507 5200 Οὕτω
2562 5147 2671 5215 γὰρ
2710 5143 2778 5217 ἦν
2823 5145 2947 5208 ἐθος
3005 5145 3346 5214 ἐνταφιάζειν
3389 5145 3501 5205 τοῖς
3560 5141 3695 5196 ἰου-

2113 5236 2307 5299 δαίοις.
2348 5237 2457 5288 Καὶ¹
2497 5236 2592 5288 ἐπὶ
2638 5235 2716 5304 τῷ
2759 5238 2996 5305 θαύματι
3037 5235 3139 5304 τῆς
3191 5233 3383 5287 τούτου
3423 5232 3696 5301 ἐγέροεως

2114 5327 2523 5399 ἐπηκολούθησε
2554 5329 2648 5381 καὶ
2676 5328 2738 5379 τὸ
2766 5327 2870 5397 τῆς
2901 5328 3165 5397 βαδίσεως
3192 5325 3380 5380 αὐτοῦ.
3413 5323 3479 5377 Ti
3508 5323 3564 5377 δέ
3597 5320 3692 5375 καὶ

2111 5419 2294 5484 τοῦτο;
2321 5417 2655 5483 Ἰναίδόντες
2687 5419 3050 5490 οίᾶνθρωποι,
3084 5418 3200 5480 πῶς
3259 5417 3529 5488 ἀνέστησε
3567 5414 3695 5476 τοὺς

2117 5512 2308 5582 πρώην
2332 5513 2580 5580 νεκροὺς,
2602 5513 2737 5567 ἀλλὰ
2754 5513 2819 5582 δὴ
2843 5516 2934 5567 καὶ
2958 5512 3048 5566 τὸν
3071 5511 3465 5581 τετραήμερον,
3487 5511 3695 5579 νοήσω·

2118 5620 2201 5657 σιν
2230 5604 2312 5656 ὅτι
2361 5599 2513 5665 οὗτός
2555 5605 2701 5657 ἐστιν
2725 5607 2755 5658 6
2797 5604 2940 5673 ζωῆς
2971 5603 3064 5657 καὶ
3114 5603 3349 5681 θανάτου
3390 5603 3689 5671 Δεσπότης.

2119 5697 2230 5749 Καὶ
2258 5697 2386 5749 ὅταν
2417 5696 2780 5752 ῐδωσιναύτδν
2809 5697 2874 5765 δὴ
2906 5696 2998 5753 τὸν
3022 5698 3257 5769 Χριστὸν
3286 5698 3346 5750 ἐν
3372 5698 3450 5768 τῦ
3506 5694 3690 5767 τάφῳ.

504 5858 549 5888 ⁸³
606 5860 839 5931 Joan.v,
892 5867 1002 5923 1-8.
1080 5868 1124 5901 ⁸³
1158 5850 1316 5923 Joan.
1376 5870 1509 5934 tx,i
1560 5886 1714 5939 seqq.
1794 5870 1839 5901 ⁸³
1878 5869 2043 5925 Marc.
2080 5886 2155 5936 vr,
2206 5873 2295 5926 51.
2373 5874 2602 5929 “Joan.
2662 5890 2735 5939 XI,
2793 5876 3005 5947 lscqq.
