4090 6450
363 517 471 583 εἴη

1300 510 1597 571 CONTRA
1643 505 2127 568 MAHOMETEM
2167 504 2541 565 APOLOGIA
2586 504 2670 563 Il.

3513 495 3617 560 458

366 631 731 687 πιστεύσωσιν
778 628 865 681 ὅτι
919 627 948 679 6
989 626 1056 695 τῇ
1115 621 1218 692 ἰδίᾳ
1268 621 1488 691 ἐξουσίᾳ
1536 619 1768 674 ἁνιστῶν
1814 617 1941 680 τοῦς

2057 618 2239 674 mortis
2272 618 2605 679 Dominum;
2650 623 2707 672 et
2735 623 2796 670 ut
2824 615 2869 671 si
2897 613 3178 671 Christum
3215 620 3403 684 postea
3434 616 3618 685 sepul-

366 724 620 793 νεκροὺς,
692 718 874 788 πολλῷ
927 716 1131 787 μᾶλλον
1190 714 1313 767 κατ’
1370 712 1620 779 ἐξουσίαν
1676 712 1753 774 ὡς
1806 710 1942 772 Θεὸς

365 812 694 879 ἀναστήσειν
720 805 901 876 μέλλει
921 796 984 856 τδ
1029 804 1159 857 ίδιον
1188 801 1373 869 σῶμα.
1403 801 1601 869 Ἔλεγε
1643 800 1752 869 γὰρ
1802 798 1941 870 πρὸς

362 903 493 965 τοὺς
533 886 783 971 μαθητὰς
817 896 984 951 αὑτοῦ
1011 895 1140 959 τοὺς
1187 892 1539 955 ἀποστόλους,
1592 893 1675 944 ὅτι
1709 909 1728 942 ι
1754 890 1944 954 Οὐδεὶς

365 995 515 1062 οἴρει
542 991 643 1057 τὴν
663 990 841 1061 ψυχήν
878 1006 980 1059 μου
1003 987 1097 1042 ἀπ’
1119 987 1252 1055 ἐμοῦ
1274 1002 1288 1017 ο
1319 1005 1337 1036 ι
1366 986 1460 1039 καὶ
1488 985 1571 1038 ὅτι
1606 1001 1624 1035 ι
1666 983 1945 1050 Ἐξξυσίαν

364 1085 475 1152 ἔχω
508 1083 681 1136 Θεῖναι
722 1081 910 1150 αὐτὴν,
946 1080 1040 1134 καὶ
1096 1077 1344 1143 ἐξουσίαν
1401 1077 1510 1147 ἔχω
1548 1075 1709 1129 πάλιν
1758 1075 1944 1129 λαϐεῖν

369 1177 559 1245 αὑτήν.
601 1193 618 1224 ι
672 1174 779 1227 Καὶ
844 1175 926 1227 ὅτι
963 1173 1062 1244 μὲν
1120 1172 1404 1225 ἐπίστευον
1460 1172 1540 1233 είς
1574 1170 1665 1222 τὸν
1712 1169 1945 1239 Χριστὸν

375 1267 491 1320 καθ’
514 1263 754 1336 ἐκάστην
776 1266 989 1336 ἡμέραν
1016 1261 1196 1335 πλήθη
1244 1262 1594 1333 ἀναρίθμητα
1619 1259 1717 1315 ἀνθ
1728 1259 1944 1331 ρώπων,

379 1360 470 1409 καὶ
499 1356 814 1426 ὡμολόγουν
849 1354 1011 1408 αὑτὸν
1042 1353 1198 1417 Θεὸν,
1224 1354 1318 1407 καὶ
1347 1352 1484 1406 Θεοῦ
1516 1351 1665 1417 Υἱδν,
1697 1351 1947 1421 ὑπῆρχον

369 1450 427 1501 δὲ
457 1451 504 1501 ot
549 1449 826 1518 ἀρχιερεῖς
855 1448 948 1500 καὶ.
974 1447 1022 1499 oi
1067 1448 1413 1518 γραμματεῖς
1448 1444 1543 1498 καὶ
1582 1446 1632 1497 οῖ
1686 1444 1945 1514 ἄρχοντες

369 1540 552 1593 αὐτῶν
603 1538 1132 1609 ἁντιταττόμενοιτῇ
1179 1539 1274 1592 τοῦ
1303 1536 1442 1591 Θεοῦ
1493 1536 1810 1606 διδασκαλίᾳ
1853 1539 1946 1588 καὶ

369 1631 764 1700 ἀντιλέγοντες,
820 1631 1063 1701 ἀνεφάνη
1087 1631 1152 1684 ἐκ
1180 1626 1279 1698 τῆς
1337 1629 1561 1683 Ἡσαΐου
1610 1628 1947 1699 προφητείας

370 1721 657 1791 λεγούσης,
683 1721 766 1774 ὅτι
794 1740 813 1772 ι
838 1719 1184 1791 Ὀφθαλμοῦς
1205 1719 1420 1792 ἔχοντες
1445 1719 1507 1773 οὐ
1539 1717 1815 1789 βλέψουσι,
1852 1716 1948 1770 καὶ

364 1807 482 1866 ὦτα
543 1812 761 1882 ἔχοντες
819 1813 922 1866 οὑκ
988 1812 1317 1867 ἀκούσουσιν
1353 1809 1685 1881 ’,ἐπαχύνθη
1744 1810 1853 1881 γὰρ
1909 1811 1944 1879 ἡ

368 1904 565 1974 καρδία
586 1904 785 1971 αὑτῶν,
805 1905 901 1959 καὶ
915 1905 1041 1970 τοὺς
1059 1903 1375 1974 ὀφθαλμοὺς
1392 1902 1571 1958 αὑτῶν
1593 1903 1943 1973 ἐκάμμυσαν,

376 1964 474 2048 καὶ
498 1998 609 2058 τοῖς
635 1995 738 2049 ὠσὶ
771 1964 995 2065 ’βαρέως
1020 1964 1321 2067 vita-conca».
1434 1995 1546 2048 Καὶ
1603 1964 1859 2065 ἐτελέσθη
1981 1964 2022 2019 Β

262 2124 274 2138 .
372 2089 700 2158 προφητεία.
732 2086 1289 2159 Θαυματουργοῦντος
1312 2086 1534 2155 καὶγὰρ
1562 2085 1655 2140 τοῦ
1685 2085 1946 2156 Χριστοῦ,

374 2181 693 2248 εὑρίσκοντο
741 2179 934 2251 ὥσπερ
983 2179 1411 2249 τυφλώττοντες,
1459 2177 1557 2232 καὶ
1607 2177 1949 2239 διδάσκοντος

371 2270 692 2340 εὑρίσκοντο
717 2271 912 2337 κωφοὶ,
947 2268 1080 2323 ὡσεὶ
1106 2269 1274 2332 ἀσπὶς
1318 2268 1476 2338 κωφὴ
1508 2269 1600 2320 καὶ
1660 2267 1861 2337 βύουσα
1880 2266 1951 2321 τὰ

367 2354 484 2415 ὦτα
507 2361 699 2431 αὑτῆς.
730 2363 841 2415 Καὶ
869 2363 950 2416 ὅτι
971 2361 1070 2432 μὲν
1087 2360 1240 2430 ἔλεγε
1263 2361 1398 2430 πρὸς
1419 2359 1617 2423 αὐτοὺς
1646 2361 1672 2411 6
1689 2358 1944 2429 Χριστος,

371 2456 450 2517 ὡς
486 2474 505 2505 ι
527 2453 590 2511 Ei
615 2454 805 2523 τυφλοὶ⁵
833 2448 955 2524 ἦτε,
976 2455 1076 2507 οὑκ
1102 2452 1169 2506 ἂν
1201 2450 1352 2522 ἔχετε
1414 2450 1690 2521 ἁμαρτίαν
1709 2466 1724 2480 ·
1753 2450 1849 2503 νῦν
1892 2450 1949 2502 δέ
1972 2450 1975 2453 “

370 2547 557 2613 λέγετε
603 2546 685 2599 ὅτι
713 2545 990 2615 Βλέπομεν
1016 2561 1031 2577 ο
1075 2545 1109 2614 ἡ
1145 2539 1238 2599 οὖν
1267 2541 1510 2613 ἁμαρτία
1533 2540 1688 2611 ὑμῶν
1722 2542 1892 2610 μένει.
1925 2560 1942 2592 ι

372 2639 486 2694 Καὶ
518 2636 751 2708 ἀλλαχοῦ
776 2637 938 2691 πάλιν
958 2638 1113 2705 ἔλεγε
1151 2634 1280 2703 περὶ
1302 2634 1502 2701 αὐτῶν,
1535 2633 1614 2687 ὅτι
1638 2652 1656 2685 ι
1678 2633 1741 2687 Εί
1767 2635 1829 2686 ἐκ
1856 2632 1949 2687 τοῦ

374 2729 509 2783 Θεοῦ
531 2726 649 2798 ἦτε,
666 2732 915 2801 ἠγαπᾶτε
940 2731 1006 2783 ἂν
1032 2727 1152 2798 ἐμέ.
1180 2747 1198 2780 ι
1213 2727 1382 2782 Τοῦτο
1398 2726 1636 2780 τοιοῦτον
1656 2726 1923 2796 ἐνι.”ομω
1936 2746 1952 2789 ;

372 2821 547 2875 ταῦτα
577 2821 860 2885 ποιοῦντος
883 2821 975 2874 τοῦ
1009 2819 1270 2890 Χριστοῦ,
1305 2819 1536 2882 οὐδόλως
1563 2814 1725 2889 ἦλθον
1751 2820 1952 2872 ἐκεῖνοι

374 2913 456 2975 εἰς
480 2912 752 2982 αἴσθησιν,
777 2913 911 2966 ἀλλὰ
943 2913 1171 2983 ἐζήτουν
1206 2910 1501 2981 πρόφασιν,
1529 2912 1677 2973 ὅπως
1707 2912 1953 2963 θανατώ-

379 3021 546 3059 σωσιν
598 3005 783 3060 αὐτόν.
842 3006 981 3075 Περὶ
1015 3005 1071 3058 δέ
1126 3006 1234 3056 τῶν
1285 3003 1575 3073 Οαυμάτων
1642 3002 1831 3067 αὑτοῦ,
1879 2996 1954 3055 ὧν

373 3100 599 3171 ἐποίησε
625 3098 703 3168 τῷ
724 3100 872 3166 γένει
902 3100 1012 3151 τῶν
1081 3097 1369 3169 ⁸Ε6ραίων,
1400 3099 1453 3149 τί
1503 3094 1608 3165 χρὴ
1633 3095 1728 3146 καὶ
1749 3092 1950 3161 λέγειν,

372 3194 619 3265 ἀπείρων
642 3192 809 3246 ὄντων
835 3192 929 3245 καὶ
957 3189 1379 3262 ἀναριθμήτων;
1407 3187 1599 3258 Ὅμως
1629 3186 1722 3239 καὶ
1744 3186 1952 3238 τούτων

376 3286 700 3354 γεγονότων,
721 3284 821 3337 οὑκ
843 3279 1005 3355 ἦλθον
1050 3284 1130 3345 είς
1164 3280 1417 3350 αἴσθησιν
1469 3278 1604 3341 ὅλως
1628 3278 1677 3329 oi
1732 3275 1951 3347 μάταιοι
1977 3305 2021 3367 C

376 3376 473 3433 καὶ
521 3377 947 3446 πεπλανημένοι,
979 3374 1114 3427 ἀλλὰ
1164 3374 1242 3444 τῷ
1272 3371 1453 3443 φοόνῳ
1517 3369 1612 3423 καλ⁵
1665 3370 1731 3438 τῇ
1781 3366 1952 3435 κακίᾳ

378 3465 695 3536 νικώμενοι,
722 3452 949 3535 ἐζήτουν
978 3464 1144 3518 παντὶ
1174 3463 1363 3533 τρόπῳ
1393 3462 1488 3515 καὶ
1523 3460 1675 3532 πάσῃ
1736 3458 1949 3528 μηχανῇ

378 3562 528 3623 ὅπως
559 3559 812 3628 ἐγείρωσι
844 3558 984 3612 κατὰ
1038 3555 1132 3609 τοῦ
1166 3553 1405 3626 Χριστοῦ
1464 3551 1824 3623 κατηγορίαν,
1857 3553 1953 3603 καὶ

377 3646 848 3703 θανατώσωσιτδν
911 3645 1210 3716 εὐεργέτην
1266 3643 1469 3708 αὑτῶν,
1503 3641 1602 3694 καὶ
1639 3643 1737 3710 οὑχ
1797 3634 1954 3709 εὗρον

377 3736 647 3808 ἐτερον,ῆ
681 3738 762 3791 ὅτι
813 3736 1127 3806 βλασφημεῖ
1153 3731 1325 3800 οὗτος,
1362 3733 1536 3803 λέγων
1586 3734 1779 3786 ἑαυτὸν
1825 3732 1952 3785 Υἱὸν

378 3829 537 3894 Θεοῦ,
567 3831 660 3881 καὶ
682 3830 763 3882 ὅτι
792 3829 1077 3899 ἄνθρωπος
1103 3827 1178 3880 ὢν
1210 3828 1354 3880 ποιεῖ
1402 3826 1596 3881 ἑαυτὸν
1660 3826 1813 3880 Θεόν.
1846 3825 1955 3878 Καὶ

379 3922 474 3975 δτι
496 3922 689 3991 ἢκουον
718 3920 811 3973 τοῦ
830 3919 1067 3990 Χριστοῦ
1093 3920 1342 3986 λέγοντος
1362 3916 1498 3988 πρὸς
1523 3917 1650 3981 τοὺς
1668 3916 1952 3971 πιστεύον-

384 4029 482 4074 τας
510 4014 586 4075 είς
638 4010 819 4076 αὑτὸν,
854 4014 935 4063 ὅτι
984 4027 1003 4060 ι
1048 4008 1347 4077 Ἀφέωνταί
1382 4025 1477 4061 σου
1507 4008 1562 4061 αί
1596 4007 1889 4077 ἁμαρτίαι,
1930 4031 1948 4060 ο

391 4101 592 4166 ελεγον,
638 4101 721 4154 ὅτι
756 4101 929 4152 (Τίνα
964 4099 1190 4151 σεαυτὸν
1224 4099 1421 4173 ποιεῖς,
1454 4097 1549 4149 καὶ
1600 4097 1686 4159 τίς
1735 4096 1955 4149 δύναται

399 4192 605 4259 ἀφιέναι
631 4191 905 4265 ἁμαρτίας
930 4191 1046 4245 ἀλλ’
1075 4190 1107 4260 ἢ
1136 4190 1298 4261 μόνος
1341 4192 1369 4242 6
1392 4189 1563 4255 Θεός;
1602 4207 1621 4241 ι
1658 4188 1767 4241 Καὶ
1798 4186 1958 4241 τοῦτο

400 4281 601 4354 ἀληθῶς
623 4285 808 4354 ἔλεγον
833 4285 883 4336 οἱ
943 4282 1212 4347 Ἰουδαῖοι,
1241 4281 1324 4335 ὅτι
1377 4278 1513 4332 Θεοῦ
1549 4279 1712 4349 μόνου
1748 4278 1863 4331 ἐστὶ
1895 4278 1957 4331 τὸ

390 4381 604 4449 άφιίναι
637 4380 930 4450 ἁμαρτίας.
963 4377 1074 4431 Καὶ
1100 4374 1207 4444 γὰρ
1230 4370 1549 4441 ἀγνοοῦντες
1582 4369 1630 4421 oi
1654 4365 1829 4422 ἄθλιοι
1874 4368 1957 4419 ὅτι

388 4474 549 4538 αὑτός
590 4476 736 4527 ἐστιν
762 4475 790 4526 6
818 4472 940 4531 Υίὸς
963 4470 1056 4523 τοῦ
1080 4467 1215 4521 Θεοῦ
1248 4469 1277 4520 6
1298 4464 1555 4535 Χριστὸς,
1597 4461 1783 4527 ἔλεγον
1817 4459 1961 4530 ᾇπερ·

384 4565 574 4634 ἔλεγον
593 4579 611 4599 ο
649 4582 667 4617 ι
697 4565 807 4619 Καὶ
836 4561 1121 4632 ἐσκοτίσθη
1153 4561 1187 4629 ἡ
1218 4559 1476 4619 ἀσύνετος
1530 4554 1710 4609 αὑτῶν
1734 4554 1956 4625 καρδία,

2048 722 2165 766 tum
2190 710 2467 777 viderent,
2495 707 2791 765 crederent
2838 708 2986 763 hunc
3019 708 3111 778 qui
3144 709 3364 778 propria
3416 707 3619 764 virtute

2047 810 2296 857 mortuos
2349 800 2720 866 exeitavisset,
2776 801 2950 854 multo
3002 798 3174 869 magis
3209 806 3480 869 potestate
3522 815 3621 854 sua

2046 909 2205 950 suum
2266 894 2443 964 ipsius
2507 908 2710 964 corpus
2759 908 2878 948 esse
2942 893 3331 947 excitaturum.
3393 890 3623 947 Dicebat

2045 986 2196 1043 enim
2216 986 2502 1056 discipulis
2524 986 2641 1040 suis
2654 984 2920 1055 apostolis
2946 1002 2958 1037 :
2989 1004 3007 1036 ‹
3027 984 3200 1039 Nemo
3228 984 3360 1041 tollit
3379 984 3620 1039 animam

2047 1095 2223 1135 meam
2275 1096 2307 1134 a
2342 1095 2453 1135 me.
2486 1079 2816 1134 Potestatem
2871 1077 3043 1132 habeo
3096 1078 3336 1148 ponendi
3388 1092 3530 1143 eam,
3565 1087 3622 1131 et

2047 1177 2377 1240 potestatem
2416 1168 2592 1223 habeo
2622 1167 2917 1238 recipiendi
2949 1182 3071 1222 eam
3098 1168 3163 1220 “.
3200 1186 3217 1218 ›
3253 1165 3408 1234 Quod
3440 1151 3617 1221 tamen

2047 1261 2278 1331 singulis
2334 1259 2528 1316 diebus
2583 1259 2941 1315 credentibus
2996 1259 3052 1313 in
3110 1259 3392 1315 Christum
3446 1259 3623 1314 turbis

2050 1355 2339 1410 hominum
2365 1354 2879 1416 innumerabilibus,
2904 1355 3192 1423 ipsumque
3228 1353 3400 1408 Deum
3430 1361 3486 1408 et
3524 1351 3619 1405 Dei

2051 1446 2250 1501 Filium
2283 1447 2699 1512 conﬁtentibus,
2726 1445 3036 1516 pontifices,
3072 1444 3287 1509 scribae,
3339 1454 3397 1499 et
3424 1445 3619 1499 horum

2050 1538 2330 1607 principes
2379 1548 2570 1593 contra
2626 1538 2722 1593 Dei
2774 1536 3081 1593 doctrinam
3129 1536 3427 1600 instructi,
3492 1535 3624 1590 huic

2050 1639 2235 1685 essent
2263 1630 2685 1698 contradicturi,
2715 1646 2782 1686 ex
2805 1631 2960 1685 lsaiae
2984 1629 3268 1701 prophetia
3303 1628 3623 1699 praedictum

2049 1735 2189 1787 erat,
2221 1721 2315 1792 qui
2359 1722 2495 1777 dicit
2536 1738 2551 1777 :
2589 1742 2608 1774 ι
2647 1719 2845 1778 Oculos
2886 1722 3158 1776 habentes
3190 1736 3299 1774 non
3335 1720 3622 1784 videbunt,

2050 1825 2106 1869 et
2136 1828 2299 1868 aures
2349 1812 2617 1869 habentes
2666 1829 2774 1867 non
2820 1813 3084 1880 audient;
3147 1812 3508 1867 incrassmum
3542 1822 3626 1866 est

2038 1906 2346 1962 'enim'cor
2374 1920 2589 1971 eorum,
2629 1914 2684 1960 et
2734 1906 2924 1960 oculos
2955 1905 3198 1975 ipsorum
3250 1905 3624 1965 occluserunt,

2054 2009 2109 2056 et
2141 1999 2371 2054 auribus
2403 1998 2692 2053 diﬁiculter
2724 1998 3053 2053 audiverunt
3085 1998 3150 2050 ‘7.
3185 2016 3203 2049 ι
3231 1994 3362 2064 Qua:
3391 1996 3631 2066 prophe-

2056 2093 2125 2145 tia
2156 2091 2337 2147 omnis
2372 2090 2593 2160 impleta
2634 2099 2736 2145 est.
2771 2088 3027 2144 Miracula
3059 2089 3205 2157 enim
3237 2089 3435 2144 edente
3464 2083 3628 2143 Chri-

2053 2192 2162 2248 sto,
2212 2190 2471 2253 tanquam
2514 2182 2641 2236 (τποί
2678 2192 3054 2252 apparuerunt
3086 2199 3101 2236 :
3133 2191 3190 2236 et
3228 2182 3333 2237 hoc
3372 2183 3629 2245 docente,

2055 2274 2239 2330 surdis
2273 2274 2499 2328 fuerunt
2532 2272 2764 2339 similes,
2800 2273 2972 2329 instar
3002 2273 3205 2338 aspidis
3236 2275 3416 2331 surdae
3456 2284 3511 2329 et
3537 2277 3629 2331 ob-

2055 2365 2291 2420 turantis
2329 2380 2491 2420 aures
2527 2380 2672 2420 suas.
2723 2365 2793 2419 Et
2828 2373 2961 2421 tunc
3010 2367 3233 2438 quidem
3284 2367 3505 2423 dicebat
3560 2346 3645 2423 ad!

2054 2456 2178 2512 illos
2205 2456 2462 2511 Christus
2504 2476 2516 2509 :
2553 2475 2571 2508 ι
2615 2455 2771 2523 Quod
2813 2454 2857 2511 si
2898 2456 3025 2512 cteci
3064 2458 3283 2524 essetis,
3320 2474 3430 2512 non
3463 2458 3629 2514 habe-

2056 2548 2190 2604 retis
2214 2555 2540 2618 pcccatum;
2574 2563 2722 2602 nunc
2757 2564 2888 2612 vero
2920 2546 3126 2614 dicitis,
3152 2547 3453 2615 Videmus;
3507 2564 3618 2618 pec

2055 2652 2237 2698 catum
2286 2640 2449 2704 igitur
2500 2649 2744 2694 vestrum
2797 2639 2850 2693 in
2901 2638 3056 2695 vobis
3103 2649 3287 2696 manet
3317 2640 3381 2694 ⁸⁸.
3424 2659 3442 2692 ι
3491 2641 3630 2696 Tum

2055 2734 2220 2791 etiam
2251 2733 2381 2788 alibi
2410 2732 2545 2788 dicit
2575 2731 2643 2788 de
2672 2732 2778 2787 illis
2818 2732 3111 2789 Christus:
3145 2751 3165 2784 ι
3205 2731 3262 2788 Si
3292 2748 3359 2788 ex
3394 2734 3506 2792 Deo
3545 2752 3633 2792 es-

2054 2825 2210 2891 setis,
2238 2825 2431 2896 utique
2459 2824 2760 2897 diligeretis
2789 2840 2877 2879 me
2904 2824 2971 2879 “.
3001 2843 3021 2877 ι
3047 2816 3417 2881 Nihilominus
3451 2836 3633 2884 tamen

2058 2919 2174 2974 hac
2206 2917 2433 2973 Christo
2479 2917 2736 2984 faciente,
2772 2915 3201 2987 haudquaquam
3242 2917 3308 2972 ad
3366 2921 3633 2990 cognitio--

2058 3025 2182 3063 nem
2212 3018 2623 3080 pervenerunt;
2656 3009 2787 3078 quin
2818 3009 3001 3078 potius
3037 3009 3382 3064 occasionem
3422 3026 3634 3081 quaere.

2059 3103 2211 3165 bant,
2264 3115 2368 3170 qua
2398 3115 2527 3155 eum
2578 3100 2975 3157 interﬁcerent.
3009 3099 3116 3154 Sed
3157 3100 3286 3169 quid
3336 3102 3535 3156 attinet
3565 3101 3634 3157 de

2058 3193 2340 3249 miraculis
2369 3192 2563 3262 ipsius,
2610 3207 2733 3263 quae
2780 3191 2835 3246 in
2873 3191 3225 3247 Hebraeorum
3283 3202 3443 3262 gente
3476 3193 3626 3260 fecit,

2057 3281 2267 3348 dicere,
2314 3297 2439 3336 cum
2477 3280 2689 3335 inﬁnita
2741 3280 2850 3337 sint
2902 3291 2957 3336 et
3014 3282 3471 3347 innumerabilia?
3523 3282 3627 3339 Sed

2056 3389 2159 3429 nec
2193 3373 2301 3428 illis
2343 3373 2506 3427 editis
2560 3372 2625 3427 ad
2665 3371 3032 3444 cognitionem
3087 3383 3456 3443 pervenerunt
3505 3375 3629 3429 vani

2056 3474 2112 3522 et
2158 3464 2450 3521 errabundi
2486 3463 2758 3531 homines,
2790 3480 2983 3519 verum
3025 3464 3233 3520 invidia
3281 3475 3338 3521 et
3370 3467 3634 3535 improbi—

2059 3567 2169 3614 tate
2201 3557 2332 3613 victi
2378 3557 2697 3629 qumrebant
2728 3556 2876 3611 omni
2932 3555 3095 3611 modo
3137 3565 3192 3611 et
3237 3566 3460 3625 conatu,
3492 3573 3632 3629 quo-

2058 3648 2220 3704 modo
2251 3649 2305 3703 in
2336 3646 2615 3704 Christum
2665 3646 3073 3703 accusationem
3114 3646 3351 3717 aliquam
3384 3663 3629 3713 movere,

2058 3741 2348 3812 ipsumque
2380 3741 2785 3795 benefactorem
2829 3754 2989 3795 suum
3031 3737 3342 3793 interﬁcere
3373 3747 3631 3808 possent;

2060 3848 2163 3887 nec
2220 3832 2382 3887 aliam
2439 3832 2796 3905 invenerunt,
2853 3845 3018 3900 quam
3069 3828 3217 3894 quod
3250 3827 3633 3899 blasphemum

2058 3927 2329 3990 dicerent,
2372 3925 2468 3997 qui
2516 3940 2575 3981 se
2604 3924 2831 3985 dixisset
2871 3923 2965 3978 Dei
3018 3921 3239 3988 Filium,
3283 3931 3340 3976 et
3370 3919 3464 3991 qui
3508 3936 3634 3976 cum

2060 4022 2227 4074 homo
2255 4025 2424 4083 esset,
2455 4032 2514 4071 se
2541 4016 2712 4069 Deum
2740 4029 2864 4069 esse
2895 4012 3198 4083 jactitaret.
3234 4011 3450 4067 Etcum
3479 4012 3637 4067 audi-

2058 4120 2185 4167 rent
2211 4109 2493 4165 Christum
2539 4106 2816 4162 dicentem
2860 4104 3216 4160 credentibus
3241 4104 3294 4159 in
3336 4119 3440 4160 se:
3482 4125 3501 4157 ι
3534 4106 3639 4162 Re-

2059 4204 2354 4258 mittuntur
2372 4200 2467 4256 tibi
2491 4208 2708 4269 peccata
2735 4207 2824 4253 tua
2841 4198 2909 4263 ⁷⁸,
2940 4216 2958 4250 ι
2982 4197 3268 4252 dicebant:
3291 4213 3311 4244 ι
3334 4194 3633 4263 Quemnam

2062 4296 2297 4365 teipsum
2351 4292 2574 4348 facis-ia
2616 4298 2672 4345 et
2702 4307 2717 4344 :
2750 4308 2770 4342 ι
2798 4288 3061 4357 Quisnam
3120 4297 3302 4359 p0test
3357 4289 3637 4342 remittere

2058 4393 2283 4455 peccata
2334 4392 2533 4456 praeter
2584 4382 2763 4437 solum
2814 4381 2984 4435 Deum
3007 4380 3122 4432 7"?
3169 4400 3187 4432 ι
3233 4378 3298 4432 Ει
3344 4394 3474 4434 sane
3506 4393 3638 4433 vere

2062 4476 2324 4531 dixerunt
2350 4474 2547 4539 Judmi,
2581 4471 2726 4543 quod
2761 4471 2930 4527 solius
2965 4470 3061 4527 Dei
3092 4470 3163 4526 sit
3196 4477 3413 4541 peccata
3442 4470 3665 4525 remit-.

2066 4580 2220 4635 tere;
2250 4585 2373 4624 nam
2408 4567 2724 4639 ignorantes
2747 4566 2805 4621 hi
2838 4563 3049 4631 miseri,
3082 4563 3227 4635 quod
3261 4562 3512 4618 Christus
3542 4563 3634 4618 Dei

383 4661 480 4713 καὶ
511 4656 895 4726 ἐτυφλώθησαν
924 4655 973 4707 οἱ
1007 4651 1277 4722 ὀφθαλμοὶ
1316 4648 1518 4712 αὐτῶν,
1572 4650 1668 4700 καὶ
1691 4648 1791 4700 οὑκ
1821 4642 1954 4699 εἶδον

2066 4670 2211 4717 esset
2238 4660 2434 4725 Filius,
2460 4673 2524 4714 ea
2566 4673 2689 4728 quae
2748 4655 2912 4712 modo
2941 4651 3203 4720 diximus,
3259 4653 3539 4721 dixerunt,
3584 4663 3642 4709 et

380 4751 466 4805 ὅτι
498 4751 617 4803 κατ’
645 4748 891 4813 ἐξουσίαν
916 4749 1079 4810 ποιεῖ,
1105 4744 1203 4798 ὅσα
1248 4741 1343 4795 καὶ
1383 4742 1547 4795 ποιεῖ.
1597 4736 1691 4803 Εἷς
1716 4739 1825 4810 γὰρ
1854 4738 1962 4791 τῶν

390 4839 654 4912 μαθητῶν
720 4838 814 4891 τοῦ
874 4834 1114 4906 Χριστοῦ
1146 4835 1173 4887 6
1207 4832 1437 4903 Πέτρος,
1469 4828 1622 4891 ἐντὸς
1677 4826 1960 4898 πλοιαρίου

383 4933 794 5004 εὑρισκόμενος,
847 4930 941 4982 καὶ
1001 4925 1127 4981 ίδὼν
1173 4926 1262 4978 τὸν
1327 4921 1589 4994 Χριστὸν,
1654 4913 1775 4972 εἷπε
1825 4917 1962 4988 πρὸς

382 5026 569 5091 αὑτὸν,
604 5043 623 5076 ι
648 5022 921 5078 Κέλευσόν
949 5037 1016 5091 με
1044 5017 1180 5090 πρὸς
1215 5016 1275 5069 σέ
1301 5015 1477 5069 ἐλθεῖν
1507 5011 1602 5065 ἐπὶ
1640 5011 1709 5065 τὰ
1732 5010 1951 5064 ὕδατα.»

385 5121 499 5175 Καὶ
531 5120 558 5172 6
584 5119 819 5190 Χριστὸς
851 5116 986 5187 πρὸς
1031 5112 1212 5179 αὑτὸν,
1258 5128 1277 5162 ι
1315 5107 1490 5161 Ἐλθέ.
1563 5106 1675 5160 Καὶ
1725 5103 1958 5169 ἐξελθὼν

383 5218 496 5270 ἀπὸ
557 5213 651 5267 τοῦ
716 5211 926 5274 πλοίου,
994 5203 1380 5277 περιπατήσας
1410 5201 1523 5255 ἐπὶ.
1566 5199 1674 5253 τῶν
1727 5198 1958 5264 ὑδάτων,

384 5312 629 5383 enato“
659 5309 735 5371 εἰς
771 5306 952 5360 αὐτόν.
988 5322 1005 5356 ι
1043 5299 1248 5354 Τούτου
1282 5296 1412 5365 γοῦν
1446 5294 1753 5365 γεγονότος,
1781 5291 1833 5346 τί
1854 5291 1961 5344 ἔδει

383 5406 517 5460 ἄλλο
534 5406 724 5467 αὑτοὺς
746 5402 959 5472 νοῆσαι,
982 5397 1015 5468 ἦ
1039 5397 1121 5449 ὅτι
1150 5391 1309 5454 αὑτός
1335 5392 1481 5442 ἐστιν
1501 5390 1529 5441 6
1556 5387 1653 5458 τὴν
1687 5383 1957 5457 Ἐρυθρὰν

380 5497 661 5568 διατεμὼν
712 5494 1010 5555 θάλασσαν,
1056 5490 1151 5539 καὶ
1200 5481 1519 5543 διαϐιϐάσας
1549 5480 1677 5543 τοὺς
1715 5481 1959 5547 πατέρας

382 5584 569 5643 αὐτῶν
593 5586 684 5637 ἐπὶ
711 5581 812 5651 τῆς
838 5580 1028 5650 ξηρᾶς,
1056 5576 1085 5628 ὁ
1109 5573 1251 5628 κατὰ
1286 5574 1349 5624 τὸ
1372 5572 1545 5642 παρὸν
1578 5571 1810 5639 ποιήσας
1859 5568 1960 5637 τὴν

384 5680 562 5749 ὑγρὰν
593 5677 754 5747 φύσιν
785 5673 895 5728 τῶν
921 5672 1127 5726 ὑδάτων
1152 5668 1340 5735 ὥσπερ
1381 5663 1553 5732 ξηρὰν
1584 5662 1685 5731 γῆν
1712 5659 1789 5730 τῷ
1819 5661 1961 5731 λόγῳ

386 5774 487 5827 καὶ
551 5773 629 5843 τῷ
689 5770 1070 5844 προστάγματι
1129 5761 1328 5825 αὑτοῦ;
1393 5757 1540 5812 Ἀλλ’
1572 5758 1693 5811 ὅσον
1760 5756 1959 5827 μᾶλλον

2067 4751 2485 4808 obtenebratum
2517 4760 2603 4804 est
2661 4747 2981 4819 imprudens
3026 4762 3121 4802 cor
3165 4747 3431 4817 ipsorum,
3459 4755 3515 4802 et
3544 4749 3645 4802 ob-

2066 4844 2253 4900 caecati
2284 4850 2413 4899 sunt
2444 4839 2590 4898 oculi
2629 4839 2896 4911 ipsorum,
2930 4853 3034 4894 nec
3057 4838 3316 4894 viderunt
3341 4837 3487 4907 quod
3514 4853 3640 4893 cum

2066 4934 2398 4990 auctoritate
2419 4934 2537 4989 haec
2565 4932 2793 4999 faceret,
2827 4945 3171 5002 quaecunque
3200 4928 3459 4985 faciebat.
3490 4927 3646 4985 Unus

2065 5026 2213 5081 enim
2246 5025 2643 5097 discipulorum
2692 5021 2895 5079 Christi
2942 5022 3163 5089 Petrus,
3215 5036 3342 5077 cum
3404 5020 3460 5075 in
3515 5024 3640 5075 navi

2065 5127 2232 5182 esset,
2267 5118 2491 5174 Christo
2532 5116 2650 5172 viso
2690 5114 2826 5170 dixit
2862 5131 2877 5170 :
2911 5133 2929 5165 ‹
2971 5108 3111 5169 Jube
3138 5129 3226 5169 me
3254 5112 3323 5167 ad
3359 5120 3410 5167 te
3449 5111 3642 5167 venire

2067 5223 2234 5279 super
2271 5220 2490 5278 ,aquas.
2556 5223 2573 5256 ι
2627 5204 2696 5259 Ει
2749 5202 2887 5259 dixit
2938 5203 3014 5258 illi
3070 5202 3324 5258 Christus
3372 5220 3383 5255 :
3426 5220 3444 5252 ε
3481 5200 3642 5254 Veni.

2071 5298 2170 5353 llic
2214 5307 2398 5353 autem
2438 5295 2619 5350 navim
2664 5309 2939 5366 egressus,
2990 5292 3151 5364 aquis
3187 5291 3536 5347 inambulans
3575 5293 3643 5346 ad

2068 5393 2248 5462 ipsum
2280 5387 2453 5443 venit.
2484 5406 2502 5439 ι
2534 5386 2648 5441 Hoc
2679 5401 2803 5441 cum
2833 5386 3174 5457 contigisset,
3197 5384 3456 5457 quidnam
3492 5382 3640 5437 aliud

2068 5479 2192 5534 illos
2217 5477 2458 5550 cogitare
2506 5474 2817 5545 oportebat,
2846 5491 3010 5545 quam
3051 5475 3199 5546 quod
3258 5473 3402 5529 idem
3441 5473 3530 5527 ille
3560 5487 3641 5526 es-

2067 5578 2176 5636 set,
2210 5572 2306 5640 qui
2349 5581 2497 5623 mare
2536 5567 2787 5622 Rubrum
2818 5567 3181 5633 dissecucrat,
3217 5575 3275 5622 ct
3304 5576 3490 5637 patres
3522 5563 3643 5616 illo-

2069 5678 2191 5718 rum
2225 5660 2375 5716 sicco
2408 5659 2724 5714 traduxerat
2757 5658 2916 5729 pede,
2944 5658 3037 5730 qui
3068 5660 3235 5714 etiam
3276 5673 3425 5712 nunc
3460 5655 3643 5709 humi-

2068 5756 2195 5810 dam
2223 5760 2419 5808 natura
2472 5753 2759 5807 materiam
2806 5765 3073 5821 aquarum
3106 5750 3279 5804 instar
3308 5748 3475 5802 aridae
3509 5741 3646 5799 soli-

461 5943 507 5977 “
539 5892 698 5998 ican.
724 5934 986 6004 x,l7,18.
1060 5932 1229 5988 "lsa.
1256 5949 1333 5995 vr,
1367 5929 1422 5999 9,
1451 5931 1540 5987 l0.
1614 5929 1658 5962 ⁸⁸
1679 5926 1838 5984 Joan.
1871 5941 1954 5991 lx,

2114 5921 2158 5955 ”
2190 5919 2348 5978 Joan.
2384 5930 2504 5984 νιιι,
2543 5915 2631 5972 ιε.
2707 5915 2751 5947 ⁷⁰
2775 5911 2914 5969 Ibid.
2950 5910 3038 5965 53.
3110 5908 3159 5943 ¹¹⁶
3188 5907 3374 5962 Matth.
3406 5919 3518 5973 xiv,
3545 5902 3638 5961 28.

673 6044 923 6104 Ριτιιοι.
988 6040 1105 6099 Gn.
1152 6030 1352 6094 CLIV.
1456 6022 1459 6027 ’

3198 6007 3275 6067 15
