4090 6452
455 468 565 533 659

1642 463 1964 526 JOANNIS
2003 462 2492 526 CANTACUZEN
2503 464 2530 525 Ι

3596 458 3708 528 4ιο

454 585 579 640 dam
609 581 727 637 solo
758 578 928 635 verbo
956 587 1014 635 et
1046 578 1303 636 mandato
1341 593 1442 637 suo
1481 556 1727 635 iecerat?
1758 578 1865 634 Sed
1917 591 2029 648 quo

2143 573 2276 647 ἦσαν
2299 578 2626 649 θεωροῦντες
2682 578 2748 634 τὰ
2780 575 3006 632 τοιαῦτα
3041 577 3320 649 θαύματα,
3350 575 3601 632 τοσοῦτον
3627 578 3708 648 τῷ

454 676 615 745 plura
653 674 741 730 his
769 671 968 729 similia
1012 670 1279 727 miracula
1301 684 1487 727 coram
1517 669 1725 733 vident,
1759 684 1827 724 eo
1858 668 2029 739 magis

454 766 537 819 ita
570 771 625 819 et
654 763 840 819 furore
872 761 1298 817 tumultuantur.
1321 759 1528 816 Deinde
1559 767 1885 830 tempestate
1908 769 2031 813 orta

453 856 774 911 vehementi
808 854 971 909 simul
999 865 1055 909 et
1086 869 1278 924 magna
1316 853 1369 907 in
1401 854 1562 927 mari,
1584 852 1725 907 adeo
1752 861 1812 907 ut
1852 853 2030 915 navis,

455 948 510 1002 in
540 964 645 1018 qua
676 957 836 1003 erant
861 946 1062 1002 Christi
1082 945 1729 1016 discipuli,obtegeretur
1750 943 2031 1007 ﬂuctibus,

458 1054 655 1109 magna
698 1032 831 1093 voce
889 1037 989 1106 ipsi
1021 1037 1473 1091 exclamaverunt
1501 1034 1747 1090 dicentes
1778 1052 1791 1087 :
1825 1052 1844 1086 ι
1875 1034 2040 1100 Iesu,-

459 1145 617 1184 serva
658 1144 779 1191 nos,
817 1128 1083 1197 perimus.
1135 1145 1155 1179 ι
1212 1125 1468 1181 Christus
1511 1136 1695 1180 autem
1748 1125 1852 1197 ipsi
1894 1126 2031 1180 mari

398 1232 399 1235 ‘
459 1220 753 1282 imperiose
772 1220 935 1273 simul
952 1228 1007 1274 et
1026 1234 1151 1273 cum
1170 1218 1495 1273 auctoritate
1510 1218 1792 1288 praecipit:
1822 1237 1840 1270 ι
1866 1218 2032 1283 Tace,

460 1312 802 1372 obmutesce,
845 1327 865 1361 ι
899 1317 955 1363 et
996 1309 1180 1363 statim
1234 1308 1374 1363 facta
1408 1318 1492 1364 est
1526 1309 1890 1379 tranquillitas
1920 1324 2036 1364 ma-

458 1418 585 1471 gna.
640 1401 811 1456 Judaei
870 1402 1054 1470 itaque
1105 1400 1220 1455 viso
1267 1399 1374 1455 hoc
1426 1388 2035 1470 inopinato'miraculo

461 1492 702 1557 attoniti,
735 1508 929 1562 magna
952 1507 1085 1547 voce
1126 1493 1507 1548 clamaverunt
1536 1508 1552 1545 :
1589 1512 1607 1544 ι
1640 1491 1772 1558 Quis
1803 1502 1887 1548 est
1920 1494 2032 1561 hic,

460 1584 609 1654 quod
656 1592 713 1639 et
757 1584 907 1639 venti
953 1592 1011 1639 et
1058 1598 1207 1638 mare
1244 1584 1320 1638 illi
1366 1583 1743 1639 obediunt“?
1774 1603 1794 1636 ›
1830 1585 2032 1641 Verum

463 1687 646 1729 tamen
676 1675 941 1730 miracula
975 1674 1239 1729 viderunt
1282 1674 1516 1738 inﬁnita,
1560 1683 1619 1731 et
1648 1684 1904 1731 naturam
1951 1690 2038 1730 re-

459 1783 585 1821 rum
613 1769 1037 1837 exsuperantia;
1073 1766 1177 1835 ipsi
1205 1780 1336 1820 vero
1360 1780 1588 1836 prorsus
1629 1767 2037 1838 incorrigibiles

460 1866 889 1927 permanserunt
924 1872 941 1910 :
976 1855 1122 1910 unde
1161 1865 1217 1911 et
1260 1855 1514 1912 Christus
1551 1857 1620 1912 ad
1669 1857 1820 1927 ipsos
1850 1860 1981 1914 dicit
2019 1877 2033 1913 :

2135 672 2295 742 θυμῷ
2332 670 2690 742 ἠνωχλοῦντο.
2717 672 2837 726 Ἔτι
2868 672 3134 735 κλύδωνος
3160 671 3441 741 γεγονότος
3475 670 3705 743 σφοδροῦ

2133 766 2228 818 καὶ
2269 764 2506 832 μεγάλου
2543 766 2602 817 ὲν
2633 767 2698 833 τῇ
2755 764 3021 835 Θαλάσσῃ,
3049 763 3190 817 ῶστε
3245 762 3615 817 καλύπτεσθαι
3649 764 3710 814 τὸ

2134 854 2336 919 πλοῖον,
2375 856 2433 907 ὲν
2458 846 2501 923 ᾧ
2533 850 2669 927 ἦσαν
2694 858 2742 910 οἱ
2764 857 2854 910 τοῦ
2886 858 3123 928 Χριστοῦ
3160 860 3428 928 μαθηταὶ,
3466 859 3572 913 ὑπὸ
3600 860 3711 912 τῶν

2135 948 2419 1016 κυμάτων,
2448 947 2687 1019 ἔκραξαν
2713 943 2857 1003 οῦτοι
2891 953 3099 1023 μεγάλῃ
3137 956 3204 1023 τῇ
3236 956 3410 1021 φωνῇ,
3435 952 3709 1020 λέγοντες,

2141 1055 2160 1089 ι
2203 1035 2401 1105 Ἰησοῦ,
2436 1037 2609 1089 σῶσον
2642 1038 2790 1108 ἡμᾶς
2810 1054 2827 1071 ·
2848 1039 3221 1110 ἀπολλύμεθα.
3249 1059 3267 1092 ι
3302 1040 3712 1110 ΚαὶόΧριστδς

2126 1125 2283 1190 ’λέγει
2310 1128 2375 1197 τῇ
2409 1125 2654 1198 Θαλάσσῃ
2686 1126 3018 1192 δεσποτικῶς
3069 1128 3212 1183 οὕτω
3241 1128 3335 1183 καὶ
3353 1128 3714 1195 ὲξουσιωδῶς,

2141 1236 2158 1268 ι
2196 1216 2407 1283 Σιώπα,
2467 1219 2791 1289 πεφίμωσο’
2825 1238 2845 1271 ι
2877 1219 2967 1273 καὶ
3022 1220 3181 1283 εὐθὺς
3233 1221 3451 1288 ἐγένετο
3503 1220 3715 1290 γαλήνη

2139 1308 2391 1378 μεγάλη.
2448 1312 2511 1364 Οί
2568 1310 2746 1364 τοίνυν
2810 1310 3052 1364 Ἰουδαῖοι
3102 1311 3305 1374 ἰδόντες
3352 1311 3412 1364 τὸ
3473 1311 3717 1364 τοιοῦτον

2138 1401 2439 1471 παράδοξον
2468 1402 2679 1472 θαῦμα,
2706 1405 2798 1457 καὶ
2821 1402 3210 1469 ἐκπλαγέντες,
3238 1401 3476 1470 ἔκραξαν
3503 1400 3717 1471 μεγάλῃ

2134 1496 2201 1565 τῇ
2235 1497 2384 1565 φωνῇ
2438 1495 2533 1548 καὶ
2559 1490 2746 1561 εἶπον,
2780 1514 2800 1549 ι
2842 1496 2939 1559 Τίς
2972 1496 3119 1551 ἐστιν
3170 1490 3341 1562 οὗτος,
3383 1496 3464 1547 ὅτι
3519 1495 3634 1559 καὶ,
3666 1496 3717 1547 οἱ
3772 1522 3779 1527 ~

2136 1572 2327 1657 ἄνεμοι
2351 1588 2445 1641 καὶ
2478 1588 2512 1657 ἡ
2562 1587 2806 1643 Θάλασσα
2869 1590 3237 1643 ὑπακούουσιν
3269 1588 3449 1657 αῦτῷς
3486 1606 3506 1640 ι
3554 1586 3719 1642 Ἀλλά

2135 1679 2205 1733 τὰ
2240 1683 2339 1751 μὲν
2362 1680 2619 1750 θαύματα
2651 1681 2715 1734 τὰ
2740 1682 2942 1751 ἄπειρα
2969 1682 3200 1734 ἔῦλεπον
3223 1680 3317 1735 καὶ
3359 1680 3499 1750 ὑπὲρ
3526 1679 3716 1749 φύσιν,

2138 1774 2335 1839 ἐκείνοι
2367 1772 2423 1825 δὲ
2456 1772 2649 1843 έμενον
2675 1774 2952 1836 παντελῶς
2974 1772 3309 1845 ἀδιόρθωτοι.
3332 1773 3427 1827 Διά
3443 1791 3527 1827 τοι
3555 1773 3727 1826 τοῦτο

2139 1864 2237 1917 καὶ
2263 1865 2290 1916 6
2324 1863 2561 1934 Χριστος
2622 1853 2775 1931 ἔλεγε
2805 1864 2943 1934 πρὸς
3012 1865 3230 1930 αὐτοὺς,
3293 1882 3312 1916 ι
3359 1865 3502 1931 Ἐγώ
3534 1867 3652 1935 εἰμι
3681 1866 3715 1935 ἡ

468 1969 489 2001 σ
519 1948 631 2018 Ego
684 1964 804 2004 sum
841 1950 1045 2004 ostium
1074 1947 1145 2003 ".
1186 1966 1205 2001 ι
1241 1948 1309 2004 Ει
1340 1949 1470 2003 alibi
1513 1966 1529 2005 :
1561 1948 1675 2020 Ego
1701 1966 1820 2004 sum
1854 1951 1941 2007 via
1969 1952 2039 2006 ⁷³.

2145 1950 2284 2021 θύρα
2307 1967 2323 1983 ο
2350 1970 2370 2005 ι
2433 1951 2526 2006 καὶ
2585 1950 2846 2022 ἀλλαχοῦ,
2913 1971 2932 2004 ι
2964 1951 3104 2021 Ἐγώ
3140 1955 3257 2022 εἰμι
3306 1954 3341 2022 ἡ
3377 1953 3530 2017 ὀδόςο
3563 1971 3582 2006 ι
3621 1956 3719 2009 καὶ

460 2042 677 2097 Rursus
712 2041 881 2098 alibi:
915 2058 935 2093 ι
976 2039 1087 2111 Ego
1127 2055 1249 2095 sum
1279 2042 1483 2096 veritas
1505 2041 1570 2097 ".
1638 2041 1792 2108 Quod
1823 2043 1868 2097 si
1904 2043 2039 2098 mihi

457 2147 571 2188 non
625 2131 883 2196 creditis,
958 2131 1046 2186 vel
1116 2130 1376 2202 operibus
1441 2132 1650 2188 credite
1683 2132 1769 2187 ⁷⁸⁸.
1835 2150 1854 2184 ι
1915 2131 2041 2188 Haec

460 2236 594 2277 vero
644 2220 899 2278 Christus
953 2220 1115 2287 dixit,
1173 2229 1237 2275 ut
1287 2221 1381 2293 qui
1428 2221 1686 2278 obcaecati
1737 2234 1897 2277 erant
1943 2222 2041 2277 Ju-

460 2311 564 2366 dzei
597 2352 613 2379 ,
681 2321 1082 2383 cognoscerent
1157 2310 1306 2380 quod
1381 2311 1566 2365 nullus
1638 2310 2037 2381 prophetarum

460 2411 521 2461 et
574 2415 894 2457 sanctorum
958 2410 1108 2457 tanta
1173 2416 1302 2458 cum
1357 2401 1688 2457 auctoritate
1757 2416 2042 2457 sermones

464 2508 617 2559 suos,
680 2501 742 2548 ut
806 2492 1100 2560 Dominus,
1155 2493 1464 2564 protulerit,
1517 2492 1613 2548 sed
1665 2493 1875 2564 seipsos
1927 2509 2042 2548 ser-

461 2600 565 2640 vos
599 2592 658 2641 et
680 2581 966 2639 ministros
1011 2599 1132 2639 esse
1172 2583 1560 2640 ostenderunt.
1621 2583 1878 2640 Christus
1908 2601 2041 2640 vero

462 2695 576 2735 non
604 2680 705 2745 sic,
771 2678 867 2733 sed
912 2692 1016 2734 ceu
1061 2678 1328 2734 Dominus
1360 2688 1415 2734 et
1471 2678 1726 2748 princeps
1776 2690 2041 2734 creaturae

462 2785 590 2826 cum
613 2768 939 2825 auctoritate
970 2767 1109 2824 dixit
1136 2778 1193 2823 et
1238 2768 1370 2824 fecit
1396 2769 1581 2823 omnia
1614 2769 1788 2822 instar
1827 2767 1944 2822 Dei.
1975 2767 2042 2823 Et

464 2876 598 2918 sane
630 2875 696 2916 ex
726 2860 930 2931 populo
972 2868 1027 2915 et
1070 2859 1248 2915 turbis
1296 2875 1491 2930 magna
1533 2859 1819 2914 hominum
1852 2859 2039 2914 multi-

464 2954 598 3009 tudo
629 2956 683 3008 in
723 2954 877 3008 illum
916 2952 1189 3018 credidit;
1219 2967 1286 3008 ex
1342 2952 1541 3007 scribis
1566 2966 1717 3017 vero,
1750 2950 2041 3008 Pharisaais

464 3057 521 3101 et
554 3044 899 3116 principibus
928 3043 1090 3114 pauci
1109 3053 1165 3098 et
1196 3042 1385 3098 faciles
1405 3053 1713 3097 rrumeratu.
1750 3041 1845 3098 His
1873 3044 2041 3114 igitur

462 3138 546 3194 sic
565 3138 853 3201 absolutis,
883 3144 937 3191 et
967 3135 1133 3190 tantis
1165 3134 1507 3206 inﬁnitisque
1538 3134 1703 3189 editis
1737 3134 2035 3201 miraculis,

463 3239 629 3299 atque
656 3229 907 3284 doctrina
934 3243 1063 3282 vera
1100 3243 1199 3297 per
1248 3239 1360 3283 tres
1389 3243 1563 3282 annos
1593 3228 1890 3283 continuos
1926 3226 2039 3281 sin—

2140 2037 2295 2103 αῧθις
2352 2040 2606 2113 ἀλλαχοῦ,
2649 2060 2668 2094 ι
2711 2042 2852 2108 Ἐγώ
2894 2043 3009 2113 είμι
3043 2045 3077 2112 ἠ
3131 2044 3397 2114 ἀλήθεια·
3425 2064 3443 2096 ι
3484 2047 3599 2109 καλ,
3631 2045 3718 2100 ὅτι

2144 2130 2304 2183 «Κᾶν
2352 2130 2475 2200 ἐμοὶ
2512 2131 2587 2203 μὴ
2635 2132 2949 2202 πιστεύητε,
2986 2135 3099 2196 τοῖς
3128 2132 3314 2205 ἔργοις
3342 2133 3652 2188 πιστεύετε.
3691 2155 3712 2188 ο

2141 2221 2330 2277 Ταῦτα
2368 2222 2424 2275 δὲ
2472 2221 2658 2291 ἔλεγεν
2684 2226 2710 2277 6
2739 2222 2997 2291 Χριστὸς,
3030 2223 3119 2276 ἵνα
3164 2223 3369 2291 γνῶσιν
3421 2226 3470 2278 οί
3504 2228 3719 2278 ἐσκοτιο

2141 2311 2329 2380 σμένοι
2370 2310 2612 2365 Ἰουδαῖοι
2641 2311 2722 2364 ὅτι
2782 2312 2959 2374 οὐδεὶς
3018 2310 3129 2364 τῶν
3192 2312 3486 2384 προφητῶν
3539 2314 3574 2383 ἦ
3607 2313 3719 2367 τῶν

2138 2404 2309 2472 ἁγίων
2336 2398 2460 2457 εἶπέ
2491 2420 2621 2458 ποτε
2654 2402 2846 2471 λόγους
2868 2402 3306 2468 ιξουσιαστικοὺς
3324 2404 3398 2467 ὼς
3417 2405 3717 2476 Δεσπότης,

2140 2497 2254 2550 ἀλλ’
2294 2495 2565 2550 ἐδείκνυον
2595 2496 2823 2558 ἑαυτοὺς
2854 2494 3069 2558 δούλους
3093 2496 3187 2548 καὶ
3209 2496 3486 2567 ὑπηρέτας
3522 2496 3717 2551 αὐτοῦ’

2140 2590 2170 2642 6
2205 2587 2504 2655 δὲΧριστὶς
2522 2586 2618 2654 οὐχ
2653 2585 2846 2652 οὕτως,
2870 2585 2983 2640 ἀλλ’
2999 2586 3072 2647 ὡς
3098 2584 3375 2656 Δεσπότης
3398 2584 3490 2636 καὶ
3512 2584 3721 2655 Κύριος

2139 2678 2237 2747 τῆς
2271 2678 2493 2740 κτίσεως
2522 2677 2698 2743 ἔλεγε.
2724 2677 2818 2730 καὶ
2851 2675 3088 2745 ἔπραττε
3149 2677 3271 2729 κατ’
3329 2674 3577 2740 ἐξουσίαν
3636 2676 3721 2738 ῶς

2140 2770 2293 2833 Θεός.
2320 2771 2426 2824 Καὶ
2451 2770 2559 2821 ἀπὸ
2590 2768 2689 2838 μὲν
2724 2768 2815 2822 τοῦ
2845 2768 3002 2838 ὄχλου
3036 2765 3129 2821 καὶ
3148 2765 3240 2820 τοῦ
3268 2765 3396 2818 λαοῦ
3436 2766 3720 2819 ἐπίστευον

2143 2861 2322 2931 πλήθη
2386 2859 2561 2914 πολλὰ
2620 2859 2712 2912 καὶ
2746 2859 2948 2929 ἄπειρα
3000 2860 3080 2921 είς
3107 2856 3288 2923 αὑτὸν,
3339 2857 3447 2910 ἀπὸ
3502 2856 3558 2909 δὲ
3609 2856 3723 2910 τῶν

2140 2950 2516 3023 γραμματέων
2543 2950 2638 3005 καὶ
2666 2950 2975 3019 Φαρισαίων
3010 2949 3229 3002 καὶτῶν
3247 2948 3525 3019 ἀρχόντων
3547 2947 3724 3017 ὀλίγοι

2141 3042 2236 3095 καὶ
2288 3040 2669 3112 εὐαρίθμητοι.
2703 3039 2921 3093 Τούτων
2973 3039 3105 3109 γοῦν
3161 3037 3303 3092 οὕτω
3357 3036 3721 3106 τελουμένων,

2143 3132 2238 3185 καὶ
2297 3129 2568 3183 τοσούτων
2621 3127 2867 3196 ἀπείρων
2934 3126 3231 3199 θαυμάτων
3291 3126 3722 3197 ἐνεργουμένων.

2145 3223 2241 3277 καὶ
2270 3221 2393 3275 καθ’
2427 3220 2664 3291 ἑκάστην
2698 3218 2913 3288 ἡμέραν
2969 3216 3280 3278 ἁδιακόπως
3310 3216 3537 3286 χρόνους
3566 3218 3719 3283 τρεῖς

464 3294 608 3390 gulis
643 3320 837 3375 diebus
878 3334 975 3389 per
1016 3294 1298 3372 Christum
1347 3317 1689 3383 annuntiata,
1724 3317 2038 3387 proferente

2145 3314 2483 3385 λαλουμένης
2514 3310 2862 3374 διδασκαλίας
2920 3309 3069 3379 παρά
3087 3308 3181 3362 τοῦ
3214 3306 3474 3378 Χριστοῦ,
3509 3307 3601 3360 καὶ
3633 3308 3727 3360 ποτ

465 3411 635 3466 etiam
695 3409 789 3463 illo
837 3423 1234 3477 nonnunquam
1276 3407 1672 3477 prephetarum
1727 3407 2042 3462 testimonia

468 3504 603 3556 (non
630 3500 775 3570 quod
801 3498 1127 3554 testimoniis
1154 3498 1385 3552 aliorum
1416 3499 1485 3553 de
1518 3514 1575 3553 se
1604 3498 1892 3569 indigeret,
1946 3497 2044 3553 sed

468 3598 696 3662 propter
714 3586 1151 3643 incredulitatem
1173 3597 1227 3641 et
1239 3588 1264 3642 J
1276 3586 1553 3643 udaeorum
1569 3589 1737 3642 animi
1756 3588 1787 3643 d
1799 3589 2040 3655 uritiam,

469 3693 589 3739 tum
623 3679 861 3749 denique
901 3688 1124 3749 prepter
1148 3678 1434 3733 hominum
1465 3679 1883 3750 inﬁrmitatem),
1909 3695 2050 3733 non-

471 3787 754 3845 nunquam
773 3772 937 3825 etiam
964 3770 1067 3825 hoc
1092 3772 1298 3826 citante
1324 3769 1695 3824 Abrahamum
1718 3781 1809 3824 aut
1833 3769 2041 3834 Mosen,

470 3865 729 3936 inprimis
765 3877 895 3918 vero
935 3861 1106 3916 Deum
1151 3861 1326 3929 ipsum
1360 3860 1575 3915 Patrem
1623 3875 1804 3925 suum,
1842 3859 2047 3916 Iudaeis

470 3969 659 4014 autem
695 3954 1062 4011 nihilominus
1083 3951 1374 4007 inc-trabili
1418 3952 1608 4005 morbo
1636 3951 1780 4005 circa
1813 3950 1930 4005 [nec
1955 3951 2041 4004 la-

470 4047 812 4111 borantibus,
835 4059 934 4100 nec
948 4043 1224 4114 propriam
1244 4041 1462 4097 illorum
1484 4041 1714 4095 salutem
1734 4041 2048 4096 volentibus

471 4145 779 4206 admittere,
813 4138 1021 4193 relictis
1050 4136 1137 4191 his
1156 4135 1413 4190 Christus
1458 4148 1520 4187 ea
1551 4147 1673 4203 qua:
1704 4132 1770 4185 ad
1824 4132 2047 4186 univer-

472 4237 641 4292 salem
675 4234 845 4288 totius
872 4229 1058 4283 mundi
1090 4227 1318 4283 salutem
1360 4225 1574 4281 faciunt
1599 4239 1762 4295 agere
1785 4224 1951 4294 coepit
1991 4232 2048 4278 et

470 4328 654 4383 dicere
673 4324 958 4394 discipulis
989 4322 1103 4377 suis
1126 4333 1377 4390 quaenam
1415 4318 1493 4373 illi
1526 4325 1713 4372 chent
1736 4325 2000 4371 eventura
2030 4332 2043 4368 :

476 4438 496 4471 ι
532 4417 674 4473 Ecce
700 4416 866 4478 enim,
906 4413 1101 4482 inquit,
1140 4410 1488 4465 ascendimus
1514 4405 1973 4485 Hierosolymam,
1995 4411 2053 4459 et

476 4509 649 4564 Filius
668 4506 907 4561 hominis
951 4504 1197 4558 tradetur
1220 4499 1566 4572 principibus
1593 4498 1941 4553 sacerdotum
1994 4506 2052 4550 et

471 4598 686 4663 scribis,
703 4597 1027 4663 tradentque
1041 4607 1166 4648 eum
1186 4591 1456 4662 gentibus,
1469 4600 1523 4644 et
1535 4587 1885 4658 ilagellabunt
1900 4601 2048 4650 eum,

473 4701 528 4746 et
550 4690 781 4745 illudent
804 4687 904 4751 illi,
921 4697 976 4741 et
990 4684 1265 4754 ‘despueut
1285 4684 1338 4736 in
1356 4683 1530 4746 illum,
1546 4678 1794 4734 occident
1809 4679 1983 4743 illum,
1998 4688 2055 4732 ct

474 4782 633 4836 tertia
667 4781 754 4832 die
777 4786 1023 4845 resurget
1048 4792 1062 4840 ;
1083 4786 1137 4828 et
1158 4773 1360 4827 auditis
1383 4772 1467 4825 his
1488 4769 1742 4839 discipuli
1767 4772 1887 4840 ejus
1921 4783 2055 4823 moe-

474 4884 596 4923 rore
613 4870 792 4921 allecti
820 4876 949 4921 sunt
983 4864 1221 4921 valde".
1258 4883 1276 4915 ι
1331 4863 1515 4917 (Tunc
1540 4859 2056 4929 subtluxitdiscipuo

366 4986 369 4991 -
471 4964 553 5012 ins
576 4968 704 5012 suos
728 4955 1000 5019 Christus,
1028 4964 1084 5007 et
1112 4953 1363 5009 ascendit
1391 4953 1443 5007 in
1467 4961 1709 5006 montem
1726 4950 1968 5011 Thahor,
2000 4960 2056 5004 ct

473 5049 688 5104 refulsit
718 5047 890 5101 iacies
919 5045 1086 5112 illius,
1110 5043 1314 5099 Christi
1342 5044 1572 5107 scilicet,
1610 5044 1730 5113 plus
1750 5058 1912 5112 quam
1941 5044 2046 5109 sol,

471 5152 527 5197 et
546 5140 871 5195 vestimenta
897 5139 1042 5193 illius
1062 5137 1202 5192 facta
1228 5134 1640 5190 iueruntvduti
1667 5136 2047 5191 nix.Videntes

468 5249 601 5287 vero
635 5232 889 5302 discipuli
933 5230 1284 5300 splendorem
1338 5228 1493 5283 (aciei
1526 5226 1693 5295 illius,
1725 5228 2045 5283 ceciderunt

470 5328 523 5381 in
557 5334 760 5380 terram
783 5340 797 5391 ;
820 5339 930 5379 non
956 5323 1100 5377 enim
1130 5322 1549 5391 poterantltunc
1582 5320 1747 5375 ferre.
1776 5321 2042 5376 Viderunt

468 5428 652 5472 autem
676 5425 731 5471 et.
762 5414 948 5469 Mosen
973 5424 1028 5469 et
1049 5413 1219 5468 Eliam
1243 5428 1368 5468 cum
1400 5411 1618 5493 Christo
1647 5412 2042 5481 colloquentes,

468 5512 641 5568 forma
664 5509 851 5563 servili
879 5508 946 5563 ⁷⁸.
971 5508 1127 5563 Nunc
1158 5507 1343 5578 itaque
1362 5506 1464 5560 hoc
1484 5504 1685 5560 factum
1718 5505 2001 5559 considera
2026 5523 2040 5559 :

474 5602 649 5671 primo
679 5601 901 5671 quidem
929 5607 988 5653 ut
1020 5599 1251 5668 apostoli
1274 5595 1389 5652 viso
1415 5595 1708 5667 Splendore
1737 5595 2042 5650 divinitatis

468 5712 580 5749 sua:
610 5704 761 5749 certo
793 5692 1184 5762 intelligerent,
1201 5689 1347 5759 quod
1369 5702 1466 5745 sua
1498 5698 1694 5758 sponte
1728 5696 1784 5742 et
1813 5688 2035 5757 propria

537 5806 803 5875 ‘V‘Jlatth.
851 5823 959 5871 τιν,
990 5806 1182 5871 25—53;
1225 5804 1389 5860 Marc.
1419 5821 1493 5868 vt,
1531 5806 1599 5860 55
1632 5821 1787 5875 seqq.

470 5876 519 5943 ut
560 5874 751 5933 manu.
800 5893 918 5947 xvi,
963 5877 1053 5933 2i.
1108 5876 1180 5941 7"
1218 5875 1413 5932 Matth.
1456 5891 1593 5945 xvtt,
1628 5877 1651 5931 1
1686 5874 1865 5951 ξειίίς,
1928 5902 1945 5951 ζ

1888 5806 1932 5835 τ’
1962 5804 2119 5859 Joan.
2160 5819 2211 5870 ι,
2247 5804 2298 5860 9.

2149 3407 2249 3478 μὲν
2287 3406 2543 3477 φέροντος
2571 3402 2734 3456 αὐτοῦ
2773 3402 3082 3473 μαρτυρίας
3116 3403 3196 3464 είς
3233 3400 3399 3469 μέσον
3450 3399 3559 3453 ἀπὸ
3614 3400 3725 3452 τῶν

2148 3498 2464 3570 προφητῶν,
2498 3497 2598 3565 οὐχ
2624 3495 2700 3559 ῶς
2729 3494 2920 3566 χρείαν
2937 3494 3155 3564 ἔχοντος
3177 3493 3379 3563 ἑτέρων
3419 3490 3727 3563 μαρτυρίας

2148 3590 2287 3661 ὑπὲρ
2314 3589 2500 3649 αὐτοῦ,
2531 3576 2667 3639 Θεοῦ
2706 3585 2877 3649 ὄντος,
2902 3585 3039 3638 ἀλλά
3067 3584 3154 3637 διὰ
3181 3585 3279 3653 τὴν
3327 3582 3585 3637 ἀπιστίαν
3630 3583 3727 3637 καὶ

2149 3676 2586 3747 σκληροκαρδίαν
2620 3675 2729 3727 τῶν
2778 3673 3068 3739 Ἰουδαίων,
3098 3672 3179 3726 ἔτι
3209 3673 3265 3726 δὲ
3291 3674 3383 3728 καὶ
3440 3673 3725 3726 ἁσθένεαν

2147 3770 2255 3825 τῶν
2309 3769 2634 3838 ἀνθρώπων,
2669 3769 2761 3820 ποῖ
2796 3769 2852 3820 δὲ
2891 3767 3147 3836 φέροντος
3197 3765 3285 3817 τόν
3332 3782 3393 3817 τε
3468 3761 3726 3831 ’Δεραὰμ

2148 3861 2367 3918 καὶτὸν
2401 3862 2628 3922 Μωσέα,
2661 3859 2861 3929 μᾶλλον
2915 3859 2971 3911 δὲ
3026 3859 3117 3911 τὸν
3172 3857 3303 3911 Θεὸν
3356 3855 3451 3909 καὶ
3504 3856 3726 3924 Πατέρα.

2149 3954 2338 4022 αὐτοῦ,
2376 3956 2473 4008 καὶ
2525 3953 2633 4007 τῶν
2697 3952 2966 4007 Ἰουδαίων
3017 3951 3101 4004 ἔτι
3131 3950 3219 4004 διὰ
3268 3947 3444 4002 ταῦτα
3487 3948 3723 4009 ἀνιάτως

2149 4049 2466 4115 νοσούντων,
2488 4048 2582 4102 καὶ
2613 4047 2685 4117 μὴ
2715 4045 3048 4116 βουλομένων
3071 4044 3168 4115 τὴν
3184 4042 3394 4102 ἑαυτῶν
3424 4043 3721 4111 σωτηρίαν.

2150 4142 2312 4209 ἀφεὶς
2344 4140 2543 4202 αὐτοὺς
2570 4142 2598 4192 6
2654 4137 2908 4209 Χριστὸς,
2952 4136 3154 4207 ἤρξατο
3207 4134 3467 4205 πράττειν
3522 4134 3587 4186 τὰ
3627 4132 3721 4201 τῆς

2152 4230 2428 4301 σωτηρίας
2460 4228 2553 4283 τοῦ
2610 4229 2816 4297 κόσμου
2857 4227 3184 4292 καθολικῶς,
3243 4225 3337 4278 καὶ
3390 4225 3567 4293 λέγειν
3608 4225 3719 4284 τρῖς

2154 4322 2421 4392 μαθηταῖς
2451 4319 2615 4373 αὑτοῦ
2651 4319 2715 4372 τὰ
2750 4318 3011 4389 μέλλοντα
3065 4317 3213 4388 αὐτῷ
3248 4316 3561 4386 συμϐαίνει]
3600 4328 3614 4343 ·
3637 4315 3714 4364 ὅτι

2157 4433 2176 4464 ι
2226 4414 2354 4466 Ἰδοὺ
2387 4412 2751 4482 ἀναϐαίνομεν
2775 4415 2855 4474 εἰς
2886 4410 3258 4479 Ἰεροσόλυμα,
3282 4406 3377 4462 καὶ
3408 4410 3434 4460 6
3468 4406 3587 4464 Υίὸς
3620 4399 3709 4452 τοῦ

2152 4505 2438 4578 ἀνθρώπου
2461 4504 2895 4576 παραδοθήσεττι
2926 4505 3036 4566 τοῖς
3064 4502 3375 4573 ἀρχιερεῦσι
3398 4496 3490 4551 καί⁵
3538 4511 3715 4565 γραμ-

2083 4619 2125 4678 ο
2158 4596 2409 4670 ματεῦσι,
2444 4598 2538 4652 καὶ
2581 4596 2996 4666 παραδώσουσιν
3049 4594 3210 4646 αὑτὸν
3241 4595 3349 4655 τοῖς
3402 4590 3597 4654 ἔθνεσι,
3625 4589 3719 4639 καὶ

2156 4688 2595 4761 μαστιγώσουσιν
2648 4688 2831 4753 αὑτὸν,
2863 4687 2956 4739 καὶ
3009 4685 3370 4754 ἐμπαίξουσιν
3430 4679 3600 4750 αὐτῷ,
3631 4680 3726 4733 κα)⁸

2152 4785 2329 4854 ὲμπτύ
2343 4800 2517 4836 τουσιν
2542 4781 2711 4850 αὐτῷ,
2742 4781 2834 4834 καὶ
2868 4779 3254 4833 ἀποκτενοῦσιν
3301 4776 3485 4839 αὐτὸν,
3519 4776 3614 4829 καὶ
3658 4775 3728 4844 τῇ

2157 4873 2317 4943 τρίτῃ
2371 4872 2553 4941 ἡμέρᾳ
2601 4868 2983 4943 ἀναστῇσεται.
3034 4866 3144 4919 Καὶ
3200 4862 3534 4926 ἀκούσαντες
3570 4861 3729 4914 τοῦτο

2152 4940 2207 5015 οί
2235 4940 2479 5033 μαθηταὶ
2511 4959 2699 5023 αὐτοῦ,
2736 4940 3085 5029 ἐλυπήθησαν
3148 4956 3374 5025 σειόδρα,
3416 4958 3508 5007 καὶ
3533 4951 3731 5022 ἐταρά-

2155 5054 2413 5125 χθησαν.ι
2429 5054 2560 5106 Τότε
2586 5051 2804 5120 ἐπαίρει
2820 5050 2945 5111 τοὺς
2967 5048 3212 5117 μαθητὰς
3232 5046 3396 5100 αὑτοῦ
3417 5046 3444 5097 ὁ
3468 5042 3726 5113 Χρισιὸς,

2155 5146 2251 5198 κα)⁵
2305 5145 2474 5214 ἀνέϐη
2522 5145 2612 5196 ἐπὶ
2659 5144 2719 5195 τδ
2773 5142 2895 5212 ὄρος
2930 5142 2989 5193 τὸ
3021 5138 3241 5207 Θοῦὼρ,
3293 5136 3389 5190 καὶ
3434 5135 3645 5204 ἔλαμψε
3670 5135 3730 5185 τὸ

2152 5237 2447 5304 πρόσωπον
2480 5233 2645 5287 αὑτοῦ
2699 5232 2762 5304 δὴ
2801 5232 2894 5285 ταῦ
2952 5230 3188 5300 Χριστοῦ
3240 5229 3379 5299 ὑπὲρ
3416 5228 3505 5280 τὸν
3553 5227 3726 5295 ἤιιον,

2147 5328 2216 5380 τὰ
2244 5326 2300 5379 δὲ
2326 5327 2515 5395 ἱμάτια
2544 5323 2706 5378 αὑτοῦ
2729 5324 2944 5391 ἐγένετο
2963 5322 3131 5375 λευκὰ
3161 5320 3291 5372 ὡσεὶ
3320 5319 3467 5387 χιών.
3506 5318 3730 5378 Ἰδόντες

2150 5414 2207 5467 δὲ
2228 5414 2278 5467 oi
2312 5414 2550 5484 μαθηταὶ
2582 5415 2680 5482 τὴν
2710 5412 3075 5482 λαμπρότητα
3092 5408 3184 5462 τοῦ
3212 5409 3506 5479 προσώπου
3536 5406 3728 5471 αὐτοῦ,

2151 5507 2350 5560 ἔπεσον
2389 5507 2468 5568 είς
2525 5506 2624 5575 τὴν
2674 5504 2811 5574 γῆνο
2867 5503 2926 5556 οὐ
2978 5504 3085 5570 γὰρ
3139 5500 3484 5572 ἠδυνήθησαν
3542 5500 3729 5568 φέρειν

2149 5599 2339 5668 αὑτήν.
2373 5595 2522 5650 Εἶδον
2556 5597 2611 5650 δὲ
2643 5597 2736 5649 καὶ
2768 5594 2858 5648 τὸν
2886 5595 3129 5663 Μωῦσῆν
3160 5591 3256 5645 καὶ
3284 5591 3375 5646 τὸν
3417 5590 3605 5644 Ἠλίαν
3636 5588 3726 5640 τὸν

2149 5690 2436 5759 προφήτην
2466 5687 2606 5759 μετά
2618 5685 2712 5740 τοῦ
2736 5685 2973 5756 Χριστοῦ
2995 5683 3385 5748 συλλαλοῦντας
3414 5686 3471 5736 ἐν
3494 5679 3730 5754 δουλικῷ

2402 5806 2448 5839 ⁷³
2479 5806 2637 5862 Joan.
2681 5819 2791 5870 xw,
2815 5802 2868 5859 6.
2968 5805 3013 5837 ⁷⁸
3041 5801 3177 5858 ibid.
3218 5794 3221 5799 ’
3264 5801 3331 5837 ⁷⁶’
3354 5801 3515 5860 Joan.
3548 5817 3601 5869 ε,
3629 5800 3726 5858 38.
