4090 6480
455 458 464 467 ·
520 420 626 490 τιδι

1474 413 1774 476 CONTRA
1814 403 2304 470 MAHOMETEM
2351 405 2732 467 APULOGIA
2779 407 2859 468 II.

3681 404 3786 466 462

523 547 604 617 τῷ
639 545 900 616 σχήματι.
933 543 1042 596 Καὶ
1077 544 1268 595 σκόπει
1296 540 1356 592 τὸ
1405 535 1656 605 γεγονός·
1714 530 1934 601 πρῶτον
1977 530 2096 598 μὲν,

2219 525 2487 579 voluntate
2520 540 2617 580 sua
2667 527 2721 579 in
2753 532 2984 582 mortem
3036 523 3368 589 traderetur,
3403 538 3508 577 non
3553 522 3787 578 aliorum

524 638 614 692 ενα
653 637 850 700 ἰδόντες
879 637 931 689 οἱ
980 633 1272 689 ἀπόστολοι
1294 629 1393 700 τὴν
1419 627 1782 698 λαμπρότητα
1810 626 1907 694 τῆς
1933 620 2124 674 αὑτοῦ

522 728 778 797 θεότητος
834 729 1106 797 νοήσωσιν
1161 721 1409 799 ἀκριὸῶς
1439 759 1456 786 ,
1526 721 1608 774 ὅτι
1673 715 1938 778 ἑκουσίως
2007 715 2101 766 καὶ

518 820 706 890 οἰκείῳ
733 819 998 888 θελήματι
1019 816 1293 887 παρεδόθη
1317 816 1403 877 είς
1421 812 1660 882 σφαγὴν,
1693 810 1754 863 οὐ
1784 807 2097 876 δυναστείᾳ·

520 911 772 979 δεύτερον
805 911 883 975 δὲ,
916 911 1003 963 ἴνα
1032 909 1242 963 λόιόωσι
1272 904 1633 976 παραμυθίαν
1660 901 1756 956 καὶ
1808 900 2100 969 ἀνακωχὴν

519 1005 628 1058 ἀπὸ
648 1003 744 1072 τῆς
767 1004 964 1072 λύπης,
991 1002 1060 1074 ἢν
1083 997 1228 1072 εἶχον
1252 998 1585 1059 ἀκούσαντες
1613 1013 1680 1048 πε
1691 995 1744 1066 pl
1769 995 1865 1046 τοῦ
1895 991 2100 1055 πάθους

521 1097 614 1147 τοῦ
648 1097 883 1166 Χριστοῦ
910 1112 925 1129 ο
957 1096 1052 1148 καὶ
1105 1093 1312 1163 τρίτον,
1369 1091 1456 1144 ἵνα
1494 1089 1694 1150 ἰδόντες
1745 1085 1840 1139 τὸν
1897 1083 2103 1138 Μωσέα
2137 1091 2144 1098 ’

523 1189 616 1239 ml
673 1187 764 1239 τὸν
813 1186 1003 1240 Ἠλίαν
1055 1186 1182 1248 τοὺς
1218 1184 1504 1254 προφήτας
1555 1177 1997 1249 παρισταμένους
2024 1175 2102 1244 τῷ

525 1278 744 1350 Χριστῷ
791 1279 928 1347 μετά
951 1277 1125 1342 δέους,
1185 1271 1678 1346 πληροφορηθιῗωιν
1733 1267 1979 1338 ἀκριϐῶς
2021 1269 2102 1321 ὅτι

526 1370 689 1433 αυτός
725 1370 874 1422 ἐστιν
918 1372 946 1423 6
981 1369 1267 1440 Δεσπότης
1313 1367 1410 1420 καὶ
1460 1365 1666 1436 Κύριος
1716 1363 1936 1417 πάντων
1994 1358 2121 1414 τῶν·

527 1461 846 1531 προφητῶν,
908 1462 1002 1514 καὶ
1056 1462 1240 1533 πάσης
1290 1461 1389 1530 τῆς
1447 1458 1700 1520 κτίσεωςο
1759 1454 1867 1508 καὶ
1925 1451 1986 1506 τδ
2039 1451 2104 1520 δὴ

524 1555 832 1624 θαυμαστὸν
863 1556 956 1608 καὶ
987 1555 1152 1626 μέγα,
1187 1555 1269 1608 ὄτι
1301 1553 1492 1623 ὥσπερ
1527 1549 1621 1604 ἐπὶ
1673 1545 1770 1601 τοῦ
1831 1545 2104 1617 Ἰορδάνου

526 1647 926 1716 βαπτιζομένου
972 1647 1066 1700 τοῦ
1105 1645 1366 1717 Χριστοῦ,
1420 1643 1638 1711 ξγένετο
1687 1639 1841 1710 φωνὴ
1871 1639 1937 1692 ὲκ
1997 1636 2106 1690 τῶν

523 1735 770 1805 οὐρανῶν
793 1735 1125 1806 σχισθέντων
1175 1734 1380 1799 αὐτῶν,
1414 1733 1670 1802 λέγουσι,
1707 1747 1725 1780 ι
1750 1719 1920 1790 Οὗτός
1959 1726 2105 1779 ἐστιν

522 1827 552 1876 6
573 1825 701 1888 Υἱός
723 1843 824 1896 μου
841 1829 866 1880 6
881 1826 1162 1896 ἀγαπητὸς
1179 1821 1291 1895 ὲνῷ
1315 1824 1605 1894 εὐδόκησα,
1627 1822 1792 1877 αὑτοῦ
1816 1818 2065 1874 ἀκούετε.
2079 1837 2098 1870 ι

2205 619 2452 688 potentia
2484 627 2748 682 coactus;
2784 616 3049 684 secundo,
3091 625 3151 672 ut
3183 616 3312 671 hinc
3355 615 3787 670 consolationem

2203 719 2261 765 et
2287 710 2455 764 animi
2487 710 2944 779 tranquillitatem
2973 693 3307 779 acciperent,
3338 718 3395 764 et
3440 723 3469 762 a
3525 723 3790 774 maerore,

2204 819 2364 874 quem
2397 819 2461 858 ex
2496 803 2811 858 narratione
2834 803 3107 872 paSsionis
3130 802 3331 857 Christi
3359 812 3486 856 ante
3521 817 3792 870 concepe-

2205 905 2347 964 rant,
2378 913 2499 953 sese
2534 905 2858 953 revocarent
2893 888 2916 960 ς’
2946 897 3130 959 tertio,
3160 906 3224 950 nt
3257 897 3376 950 viso
3404 896 3550 949 Mose
3591 903 3646 948 et
3675 894 3792 948 Elia
3833 907 3835 910 ‘

2203 990 2488 1062 prophetis
2509 1005 2638 1045 cum
2675 991 2980 1044 reverentia
3005 989 3234 1045 Christo
3265 986 3599 1049 astantibus,
3653 985 3793 1039 certi

2207 1080 2568 1136 redderentur
2599 1081 2747 1134 hunc
2795 1079 3044 1135 omnium
3093 1077 3486 1147 prophetarum
3523 1075 3687 1129 simul
3736 1084 3792 1128 et

2206 1171 2386 1226 omnis
2407 1178 2814 1226 creaturae‘esse
2853 1171 3172 1225 Dominum.
3202 1169 3404 1225 Verum
3439 1175 3496 1222 et
3533 1167 3637 1221 hoe
3686 1166 3792 1218 mi-

2206 1263 2456 1318 raculum
2488 1263 2702 1334 ingens,
2755 1263 2904 1334 quod
2949 1261 3412 1334 quemadmodum
3448 1259 3675 1315 Christo
3739 1257 3794 1311 in

2205 1356 2444 1412 Jordane
2476 1356 2774 1426 baptizato,
2831 1355 2910 1411 sic
2951 1356 3119 1411 etiam
3152 1370 3256 1409 vox
3292 1353 3360 1408 de
3393 1353 3536 1409 coelo
3561 1352 3796 1406 discisso

2205 1448 2347 1504 facta
2364 1426 2447 1504 est
2467 1447 2691 1503 dicens:
2728 1467 2746 1500 ι
2772 1447 2871 1503 Hic
2894 1455 2978 1502 est
2997 1447 3168 1502 Filius
3186 1461 3340 1501 meus
3357 1445 3593 1501 dilectus
3609 1444 3660 1498 in
3685 1459 3797 1513 quo

2207 1543 2341 1598 mihi
2370 1542 2755 1612 complacitum
2773 1552 2878 1606 est,
2897 1543 3079 1611 ipsum
3101 1540 3319 1606 audite;
3348 1559 3364 1590 ι
3398 1539 3504 1593 hoc
3530 1537 3794 1603 nimirum

2207 1636 2453 1692 oratione
2481 1635 2887 1696 hacinnuente,
2919 1642 2978 1688 ut
3007 1633 3206 1703 partim
3227 1620 3455 1700 quidem
3481 1630 3800 1700 plenissime

2208 1727 2344 1783 certi
2374 1728 2624 1782 etsecuri
2655 1727 3042 1790 redderentur,
3077 1725 3226 1780 hunc
3250 1724 3452 1780 Filium
3479 1733 3534 1778 et
3555 1721 3796 1777 Verbum

2215 1819 2309 1875 Dei
2339 1835 2481 1887 esse;
2537 1820 2736 1889 partim
2765 1834 2918 1886 vero,
2943 1828 3003 1873 ut
3040 1819 3168 1888 quia
3205 1819 3313 1889 jam
3349 1827 3570 1887 tempus
3624 1815 3804 1884 sepnl~

524 1913 696 1969 Τοῦτο
719 1891 1000 1980 δηλοῦντος
1033 1891 1130 1969 τοῦ
1160 1891 1341 1984 λόγου,
1379 1915 1467 1968 ἵνα
1498 1891 1560 1968 τὸ
1607 1914 1704 1984 μὲν
1735 1914 1880 1965 κατὰ
1927 1910 2110 1964 πάντα

2219 1922 2354 1968 turae
2381 1912 2586 1968 Christi
2621 1912 2881 1976 instabat,
2908 1919 2964 1966 et
2999 1919 3122 1981 post
3153 1910 3496 1978 sepulturam
3529 1917 3582 1963 et
3605 1923 3800 1963 resur—

528 2010 845 2063 πιστωθῶσι
914 2009 1009 2062 ml
1076 2009 1570 2081 πληροφορηθῶσιν
1600 2008 1681 2061 ὅτι
1720 2000 2109 2069 αὐτός’έστινὸ

526 2099 655 2162 Υἱὸς
683 2103 775 2155 καὶ
804 2103 974 2170 Λόγος
995 2101 1090 2155 τοῦ
1151 2101 1321 2155 Θεοῦ*
1355 2102 1416 2154 τὸ
1446 2101 1524 2166 δὲ,
1559 2099 1649 2152 ἵνα
1701 2100 1824 2151 ἐπεὶ
1851 2099 1880 2150 ὀ
1922 2097 2110 2166 καιρὸς

524 2193 624 2260 τῆς
655 2194 834 2263 ταφῆς
861 2194 954 2246 τοῦ
980 2193 1217 2266 Χριστοῦ
1251 2193 1469 2265 ήγγιζε,
1503 2191 1598 2246 καὶ
1627 2193 1767 2260 μετὰ
1801 2191 1901 2260 τὴν
1928 2191 2110 2260 ταφὴν

524 2285 619 2334 καὶ
645 2283 746 2353 τὴν
779 2284 1100 2352 ἀνάστασιν,
1135 2286 1426 2356 μέλλουσιν
1472 2285 1844 2352 ἀποσταλῆναι
1910 2283 2005 2336 ἐπὶ
2049 2280 2112 2334 τὸ

527 2375 790 2444 κήρυγμα
812 2376 860 2427 οἱ
886 2376 1196 2440 ἀπόστολοι,
1230 2377 1574 2448 εὑρίσκονται
1630 2376 1687 2428 δὲ
1735 2373 1906 2442 ὀλίγοι
1963 2368 2110 2428 οῦτοι

527 2461 622 2514 καὶ
655 2462 886 2526 ἰδιῶται,
937 2467 1034 2518 καὶ
1058 2464 1326 2531 ἀσθενεῖς,
1374 2464 1526 2518 οὐδὲν
1572 2462 1927 2532 ἀποϐλέψωσι
1971 2461 2112 2532 πρὸς

525 2553 626 2623 τήν
672 2557 878 2609 οἰκείαν
943 2557 1254 2620 ἀσθένειαν,
1298 2555 1443 2610 ἀλλά
1501 2556 1639 2625 πρὸς
1672 2555 1772 2625 τήν
1828 2554 1922 2608 τοῦ
1970 2552 2108 2607 Θεοῦ

521 2645 784 2715 δύναμιν,
807 2647 902 2700 καὶ
933 2647 1022 2701 ἴνα
1064 2648 1266 2711 ἰδόντες
1295 2648 1394 2716 τὴν
1415 2647 1506 2701 τοῦ
1531 2645 1668 2698 Θεοῦ
1708 2645 1868 2710 δόξαν
1909 2662 1968 2698 τε
2017 2643 2113 2697 καὶ

529 2737 912 2806 λαμπρότητα,
951 2738 1286 2802 ἀκούσαντες
1321 2738 1379 2792 δὲ
1435 2739 1529 2792 καὶ
1574 2737 1673 2806 τὴν
1715 2736 1809 2789 τοῦ
1843 2735 1983 2804 Θεοῦ
2020 2737 2116 2789 καὶ

533 2829 744 2896 Πατρδς
770 2831 954 2900 φωνήν
980 2847 1040 2883 τε
1074 2831 1170 2885 καὶ
1227 2831 1562 2902 μαρτυρίαν,
1595 2831 1865 2900 νοήσωσιν
1900 2829 1991 2882 ’ὅτι
2033 2823 2114 2890 εἷς

528 2915 660 2978 Θεός
692 2917 838 2968 ἐστιν
867 2919 894 2970 6
922 2917 1111 2989 Πατὴρ
1139 2919 1235 2972 καὶ
1257 2919 1286 2970 6
1312 2917 1460 2984 Υἱὸς,
1489 2920 1582 2970 καὶ
1621 2917 1717 2987 μία
1749 2917 1868 2969 ἐστὶ
1899 2915 2112 2986 θεότης,

531 3008 626 3060 καὶ
655 3007 835 3075 φύσις,
872 3010 966 3063 καὶ
1028 3009 1260 3081 δύναμις
1313 3010 1521 3080 Πατρός
1561 3027 1618 3062 τε
1673 3007 1769 3062 καὶ
1816 3007 1964 3068 Υἱοῦ,
2023 3008 2117 3059 καὶ

529 3090 910 3172 θαρρήσαντες
965 3104 1044 3166 εἰς
1099 3105 1200 3170 τὴν
1230 3103 1324 3156 τοῦ
1373 3102 1511 3177 Θεοῦ
1543 3101 1799 3170 δύναμιν,
1839 3099 2116 3153 ἀπέλθωσι

538 3189 676 3255 μετά
719 3189 1028 3260 προθυμίας
1077 3192 1172 3243 ἐπὶ
1228 3192 1289 3244 τὸ
1355 3193 1642 3262 κήρυγμα,
1707 3191 1802 3243 καὶ
1852 3190 2113 3260 πληρωθῇ

534 3280 828 3334 κάντεῦθεν
893 3285 924 3352 ή
985 3282 1080 3336 τοῦ
1156 3283 1321 3337 Δαϐὶδ
1384 3285 1712 3354 προφητεία,
1772 3285 1806 3354 ἡ
1862 3283 2112 3350 λέγουσα,

538 3373 779 3444 «Θαϐὼρ
831 3377 924 3428 καὶ
967 3377 1184 3448 Ἑρμῶν
1232 3380 1291 3431 ὲν
1327 3377 1406 3448 τῷ
1437 3379 1662 3448 ὀνόματί
1709 3394 1802 3430 σου
1858 3377 2118 3444 ἀγαλλιά-

539 3479 753 3519 σονται.
783 3483 800 3516 ι
847 3464 906 3519 '0
933 3465 990 3518 δὲ
1026 3467 1313 3539 προφήτης
1370 3468 1616 3537 Μωῦσῆς
1665 3469 1874 3530 ἐκεῖνος
1937 3463 2114 3531 εἶπεν,

534 3553 609 3616 ὡς
639 3554 946 3625 ἔμπροσθεν
999 3558 1239 3628 εἴρηται,
1298 3558 1383 3610 ὅτι
1423 3576 1442 3610 ι
1473 3558 1765 3629 Προφήτην
1820 3559 2115 3628 ἀναστήσει

541 3645 734 3715 Κύριος
759 3649 784 3700 6
814 3648 944 3710 Θεὸς
969 3649 1034 3702 ἐκ
1066 3649 1175 3702 τῶν
1222 3649 1468 3718 ἀδελφῶν
1491 3650 1670 3721 ήμῶν,
1697 3649 1781 3714 ὡς
1812 3651 1935 3719 ἐμέ.
1965 3652 2118 3703 Πᾶσα

537 3735 700 3806 ψυχὴ,
735 3738 855 3806 ἥτις
904 3740 1006 3791 οὐκ
1037 3739 1328 3793 ἀκούσεται
1394 3738 1489 3792 τοῦ
1545 3741 1826 3811 προφήτου
1883 3740 2115 3805 ἐκείνου,

540 3827 1070 3900 εξολοθρευθήσεται.
1097 3849 1116 3883 ι
1153 3831 1263 3884 Καὶ
1295 3833 1377 3884 ὅτι
1405 3833 1527 3885 τότε
1573 3831 1673 3902 μὲν
1706 3827 1862 3886 εἶπεν
1889 3830 2116 3898 ἐκεῖνος,

540 3921 618 3972 ὅτι
651 3939 670 3972 ι
709 3922 863 3974 Πᾶσα
890 3921 1058 3992 ψυχὴ,
1083 3923 1206 3993 ἥτις
1258 3925 1358 3976 οὐκ
1392 3924 1684 3978 ἀκούσεται
1711 3923 1805 3976 τοῦ
1831 3924 2118 3994 προφήτου

537 4008 768 4071 ἐκείνου,
825 4009 1362 4080 ἐξολοθρευθήσεται,
1398 4029 1417 4063 ι
1462 4009 1558 4064 καὶ
1586 4010 1671 4064 ὅτι
1721 4013 1788 4063 τὰ
1816 4009 2120 4079 λαληθέντα

545 4099 695 4169 ποιρὰ
747 4117 806 4151 τε
838 4099 929 4152 τοῦ
963 4101 1244 4165 Μωῡσέως
1291 4103 1386 4156 καὶ
1449 4102 1559 4157 τῶν
1615 4103 1914 4173 προφητῶν
1970 4101 2120 4169 λόγοι

547 4191 647 4243 εἰσὶ
695 4193 790 4244 τοῦ
845 4192 1002 4257 Θεοῦ,
1054 4193 1215 4247 τοῦτο
1273 4194 1539 4265 πρόδηλον
1579 4198 1677 4248 καὶ
1718 4194 1956 4264 ἁληθές’
2004 4193 2119 4246 ἀλλ’

544 4283 688 4352 ὅμως
727 4285 824 4338 καὶ
855 4287 949 4338 ἐπὶ
975 4284 1070 4339 τοῦ
1099 4285 1502 4356 βαπτίσματος,
1544 4290 1639 4340 καὶ
1668 4286 1762 4339 ἐπὶ
1789 4290 1891 4357 τῆς
1954 4304 2122 4358 μετα-

545 4380 900 4446 μορφώσεως,
939 4380 1046 4434 ἀπὸ
1077 4379 1186 4434 τῶν
1235 4379 1483 4451 οὐρανῶν
1545 4380 1815 4449 κατῆλθεν
1862 4383 1895 4451 ή
1944 4379 2119 4450 φωνὴ,

545 4469 640 4522 καὶ
660 4471 720 4522 οὺ
750 4469 818 4523 δι’
841 4471 1156 4541 ἀνθρώπου,
1186 4473 1323 4526 ἀλλὰ
1367 4473 1592 4543 ἀμέσως
1648 4474 1745 4526 ἀπ’
1795 4473 1960 4526 αὐτοῦ
2023 4473 2150 4539 τοῦ,

543 4561 676 4614 Θεοῦ
711 4567 801 4616 καὶ
830 4565 1064 4635 Πατρός.
1101 4565 1325 4629 Βλέπεις
1351 4566 1467 4627 πῶς
1500 4566 1706 4620 ἀνωθεν
1734 4572 1827 4618 καὶ
1877 4566 2114 4635 ὲξαρχῆς

543 4655 607 4705 ἐκ
636 4654 726 4707 τοῦ
765 4657 906 4708 κατὰ
940 4661 1136 4728 μικρὸν
1160 4658 1444 4727 ἐφαίνοντο
1476 4659 1546 4713 τά
1576 4659 1670 4712 τοῦ
1699 4659 1938 4728 Χριστοῦ
1967 4675 1980 4725 ;
2013 4661 2124 4714 Καὶ

545 4744 732 4816 ὥσπερ
753 4749 859 4800 ἀπὸ
887 4752 983 4820 τῆς
1017 4751 1212 4812 νυκτὸς
1267 4751 1426 4804 οὐδὲν
1479 4752 1731 4819 φαίνεται
1790 4754 2069 4821 παρευθὺς
2099 4751 2128 4804 6

547 4837 716 4906 ἥλιος,
757 4840 890 4893 ἀλλὰ
921 4842 1136 4911 πρῶτον
1173 4843 1272 4913 μὲν
1309 4844 1536 4914 ἄρχεται
1561 4846 1595 4913 ή
1643 4844 1808 4913 αὐγὴ,
1835 4841 1955 4896 εἶτα
1988 4844 2121 4912 φῶς,

546 4928 640 4980 καὶ
675 4931 814 4997 μετά
838 4931 1009 4985 ταῦτα
1041 4935 1069 4986 ὁ
1095 4933 1269 5003 ἥλιος,
1296 4933 1440 4988 οὕτω
1474 4935 1566 4987 καὶ
1600 4935 1694 4986 ἐπὶ
1732 4933 1829 4986 τοῦ
1861 4935 2122 5004 Χριστοῦ.

548 5021 644 5076 Ἐκ
689 5023 781 5076 τοῦ
831 5025 1174 5095 καταμικρδν
1231 5025 1458 5095 ἤρξατο,
1517 5024 1638 5080 εἶτα
1679 5026 1888 5096 ἔλαμψε
1952 5029 2046 5079 καὶ
2097 5031 2125 5081 6

547 5114 783 5186 Χριστὸς
818 5120 895 5178 εἰς
926 5119 1016 5170 τὸν
1044 5119 1270 5186 κῦσμον,
1307 5121 1400 5171 καὶ
1421 5123 1501 5183 εἰς
1535 5120 1632 5181 τὰς
1661 5119 1836 5188 ψυχὰς
1885 5120 1994 5172 τῶν
2043 5121 2124 5183 εἰς

548 5209 710 5262 αὑτὸν
753 5211 1186 5270 πιστευσάντων.
1222 5212 1250 5262 ὁ
1285 5212 1474 5282 νοητὸς
1523 5212 1692 5280 ἣλιος.
1726 5208 1857 5265 Εἶτα
1906 5212 2124 5282 ἔρχεται

546 5299 576 5350 6
613 5301 845 5369 Χριστὸς
873 5304 953 5364 εἰς
1019 5302 1397 5373 Ἰεροσόλυμα,
1430 5302 1514 5355 ἵνα
1569 5304 1797 5373 τελεσθῇ
1855 5305 1944 5354 ἐπ’
1975 5302 2124 5371 αὑτῷ

551 5393 612 5444 τὸ
635 5393 826 5457 πάθος,
863 5391 1048 5454 καθὼς
1101 5388 1223 5445 εἷπε
1264 5394 1400 5463 πρὸς
1435 5393 1563 5456 τοὺς
1609 5393 1965 5456 ἀποστόλους.
2021 5395 2131 5447 Καὶ

554 5485 886 5547 εἰσελθόντος
914 5484 1078 5537 αὐτοῦ
1110 5487 1188 5547 εἰς
1221 5486 1321 5555 τὴν
1369 5487 1546 5552 πόλιν,
1579 5487 1784 5557 ἤρξατο
1813 5488 1872 5538 τὸ
1927 5485 2132 5556 πλῆθος

554 5579 784 5648 κράζειν
810 5581 902 5634 xal
929 5581 1132 5648 λέγειν,
1177 5579 1466 5650 ἐξαιρέτως
1487 5580 1543 5632 δὲ
1592 5582 1640 5632 οἱ
1693 5579 1803 5630 τῶν
1867 5577 2133 5646 Ἐϐραίων

551 5671 760 5736 παῖδες,
787 5692 804 5724 ι
832 5673 1247 5742 Εὐλογημένοςὸ
1265 5675 1558 5743 ἐρχόμενος
1578 5675 1633 5724 ὲν
1653 5671 1876 5739 ἀνύειν-τι
1901 5670 2129 5740 κυρίου»

619 5854 664 5886 ’⁷
699 5855 855 5909 Deut.
890 5873 1036 5920 XVIII,
1073 5857 1154 5910 18.

2213 2005 2515 2058 rectionem
2573 2003 2805 2073 apostoli
2865 2002 2931 2056 ad
2997 2001 3448 2072 praedicationem
3513 1998 3802 2055 emittendi

2210 2107 2402 2163 erant;
2431 2097 2487 2151 hi
2521 2111 2651 2151 vero
2671 2098 2801 2151 licet
2834 2095 2993 2166 pauci
3022 2107 3228 2160 essent,
3257 2094 3463 2150 indocti
3495 2103 3552 2150 et
3573 2092 3802 2158 inﬁrmi,

2213 2206 2324 2245 non
2358 2200 2540 2245 tamen
2567 2189 2630 2243 ad
2654 2205 2808 2243 suam
2833 2189 3228 2253 infirmitatem,
3257 2189 3350 2242 sed
3382 2186 3449 2242 ad
3476 2186 3574 2240 Dei
3608 2193 3801 2255 poten-

2213 2282 2342 2338 tiam
2373 2281 2734 2352 respicerent,
2775 2289 2832 2334 ct
2865 2290 2926 2334 ut
2970 2279 3174 2334 Christi
3218 2277 3389 2349 gloria
3413 2287 3469 2334 et
3502 2277 3799 2348 splendore

2213 2377 2352 2439 viso,
2387 2375 2595 2444 Deique
2618 2373 2794 2429 Patris
2819 2388 2950 2428 voce
2976 2382 3031 2428 et
3058 2371 3375 2427 testimonio
3401 2372 3612 2439 audito,
3639 2371 3806 2427 intel-

2214 2468 2452 2538 ligerent
2485 2481 2657 2521 unum
2713 2467 2886 2520 Deum
2936 2481 3054 2519 esse
3081 2475 3136 2519 et
3183 2465 3402 2520 Patrem
3463 2474 3518 2519 et
3576 2465 3796 2528 Filium,

2181 2569 2184 2573 ‘
2214 2561 2470 2629 quodque
2507 2574 2611 2613 una
2637 2559 2708 2614 sit
2737 2557 2998 2612 divinitas
3034 2566 3227 2612 natura
3251 2566 3306 2613 et
3348 2555 3594 2622 potentia
3622 2555 3805 2610 Patris

2215 2663 2271 2708 et
2299 2652 2444 2719 Filii,
2483 2661 2651 2721 utque
2679 2651 2734 2705 in
2767 2651 2862 2706 Dei
2894 2650 3199 2721 potentiam
3233 2647 3431 2704 conﬁsi
3459 2663 3584 2704 cum
3611 2647 3810 2702 alacri-

2222 2753 2334 2799 tate
2368 2743 2780 2813 pradicationis
2811 2742 3094 2813 negotium
3119 2739 3574 2812 aggrederentur,
3625 2747 3682 2794 et
3704 2739 3808 2793 im~

2221 2837 2471 2908 pleretur
2505 2837 2595 2890 hic
2617 2835 2840 2891 Davidis
2873 2835 3160 2906 prophetia
3191 2834 3405 2899 dicens,
3434 2851 3454 2885 ι
3483 2833 3704 2887 Thabor
3747 2842 3831 2886 et.

2221 2927 2461 2984 ﬂermon
2479 2930 2537 2983 in
2566 2927 2789 2984 nomine
2810 2939 2904 2983 tuo
2923 2927 3287 2984 exsultabunt.
3305 2944 3325 2977 ι
3344 2925 3614 2981 Caeterum
3632 2924 3808 2980 Moses

2227 3023 2321 3076 ille
2373 3023 2642 3102 propheta
2699 3022 2858 3086 dixit,
2918 3028 2978 3074 ut
3028 3029 3083 3073 et
3142 3027 3269 3073 ante
3320 3017 3642 3072 adnotatum
3672 3024 3806 3071 est:
3895 3046 3898 3050 ί

2225 3131 2242 3163 ι
2279 3111 2609 3180 Ριιονιιοισιη
2641 3110 2904 3166 excitabit
2942 3109 3210 3163 Dominus
3255 3107 3400 3162 Deus
3442 3122 3509 3161 ex
3541 3105 3808 3161 fratribus

2221 3206 2440 3270 vestris,
2471 3203 2615 3260 sicut
2642 3221 2748 3258 me.
2780 3201 2972 3258 Omnis
3000 3194 3204 3262 anima,
3249 3216 3371 3268 qua:
3397 3214 3506 3253 non
3532 3198 3808 3253 audiverit

2227 3297 2551 3367 prophetam
2581 3292 3176 3362 illum,exstirpabitur
3202 3293 3268 3346 ⁷⁷.
3299 3311 3316 3344 ι
3361 3290 3525 3357 Quod
3549 3305 3680 3344 vero
3715 3289 3808 3344 hic

2225 3376 2429 3443 dixerit
2467 3400 2689 3440 onmem
2723 3386 2961 3438 animam
3018 3398 3141 3452 quae
3197 3397 3306 3438 non
3351 3381 3626 3436 audiverit
3682 3397 3809 3450 pro-

2225 3480 2444 3549 phetam
2477 3477 2654 3539 illum,
2695 3490 2816 3530 esse
2848 3474 3283 3542 exstirpandam,
3337 3483 3392 3528 et
3435 3471 3581 3541 quod
3622 3471 3806 3525 omnia

2226 3588 2348 3641 quae
2382 3587 2410 3625 a
2435 3571 2582 3625 Mose
2614 3576 2670 3624 et
2699 3568 2988 3638 prophetis
3013 3567 3298 3632 dicuntur,
3338 3565 3506 3620 verba
3543 3564 3635 3618 Dei
3668 3565 3802 3630 sint,
3896 3594 3911 3606 ι

2227 3661 2578 3716 manifestum
2599 3669 2703 3726 est,
2734 3667 2790 3714 et
2812 3673 3002 3712 verum
3025 3672 3144 3712 esse
3170 3665 3407 3713 constat.
3438 3657 3806 3711 Nihilominus

2231 3766 2412 3812 tamen
2447 3761 2504 3808 et
2539 3756 2592 3807 in
2626 3752 2903 3822 "baptismo
2963 3760 3018 3804 et
3062 3749 3119 3804 in
3177 3749 3663 3805 transformatione
3702 3764 3808 3802 vox

2229 3851 2453 3907 caelitus
2487 3847 2727 3902 demissa
2751 3854 2855 3908 est,
2887 3853 2944 3897 et
2980 3858 3089 3897 non
3117 3859 3214 3912 per
3243 3842 3548 3905 hominem,
3581 3841 3677 3896 sed
3713 3842 3812 3895 im-

2229 3942 2466 3996 media'te
2501 3955 2600 4009 per
2647 3939 2830 4008 ipsum
2863 3937 3037 3990 Deum
3078 3937 3317 3988 Patrem.
3377 3932 3568 3986 Viden’
3619 3933 3808 4000 igitur,

2228 4031 2508 4103 quomodo
2561 4029 2818 4100 primitus
2871 4035 2927 4081 et
2974 4025 3043 4079 ab
3081 4024 3238 4078 initio
3270 4022 3532 4092 paulatim
3587 4037 3651 4078 ea
3691 4039 3812 4092 quae

2227 4123 2436 4182 Christi
2471 4129 2621 4186 sunt,
2650 4117 3050 4190 apparuerint?
3093 4117 3160 4171 Et
3193 4113 3660 4186 quemadmodum
3687 4125 3813 4182 post

2231 4217 2410 4272 noctis
2444 4213 2699 4270 tenebras
2725 4227 2833 4265 non
2868 4219 3094 4279 repente
3117 4209 3198 4263 sol
3226 4207 3468 4272 videtur,
3510 4207 3605 4261 sed
3627 4207 3810 4276 primo

2231 4308 2511 4378 Splendor,
2541 4303 2741 4359 deinde
2765 4303 2973 4366 lumen,
3006 4303 3226 4355 tandem
3256 4315 3390 4355 vero
3420 4299 3535 4368 ipse
3560 4299 3641 4354 sol
3683 4316 3696 4353 :
3736 4301 3811 4354 ita

2231 4402 2395 4457 etiam
2440 4399 2508 4453 de
2553 4396 2776 4453 Christo
2813 4394 3015 4449 factum
3062 4407 3185 4448 esse
3229 4391 3501 4448 videmus.
3539 4391 3811 4446 Paulatim

2231 4495 2378 4550 enim
2415 4491 2618 4561 coepit;
2655 4488 2855 4543 deinde
2881 4489 2993 4555 ipse
3026 4484 3408 4550 Christus,sol
3440 4499 3605 4538 verus
3630 4493 3688 4538 et
3723 4500 3810 4536 ra-

2153 4603 2197 4660 ι)
2234 4585 2480 4652 tionalis,
2531 4584 2710 4637 lucem
2767 4580 2823 4633 in
2865 4577 3132 4632 mundum
3161 4577 3364 4640 intulit,
3393 4585 3448 4630 et
3479 4574 3556 4628 'in
3598 4576 3814 4629 animas

2227 4681 2446 4735 illorum
2485 4676 2577 4745 qui
2605 4673 2659 4726 in
2688 4687 2813 4726 eum
2847 4670 3104 4724 credunt.
3138 4667 3347 4722 Deinde
3375 4666 3808 4736 Hierosolymam

2225 4770 2481 4827 Christus
2506 4769 2621 4835 ipse
2655 4762 2933 4824 ascendit,
2961 4770 3021 4813 ut
3052 4759 3228 4829 ipsius
3254 4757 3578 4827 impleretur
3604 4758 3811 4827 passio,

2227 4857 2692 4933 quemadmodum
2740 4853 3011 4925 apostolis
3063 4851 3393 4922 praedixerat
3422 4866 3441 4884 ο
3483 4869 3502 4902 ι
3531 4852 3597 4906 Ει
3636 4851 3817 4921 ingre-

2235 4954 2422 5008 diente
2449 4951 2570 5020 ipso
2601 4951 2654 5002 in
2691 4949 2913 5012 urbem,
2947 4945 3116 5014 cmpit
3148 4945 3384 5014 populus
3415 4945 3725 4998 exclamare
3755 4953 3812 4998 et

2234 5043 2418 5098 dicere
2465 5037 2760 5109 (inprimis
2805 5029 3006 5090 autem
3049 5034 3404 5089 Hebraeorum
3457 5035 3636 5102 pueri)
3668 5051 3682 5086 ;
3709 5033 3814 5087 Bc—

2235 5135 2514 5198 nedictus,
2542 5129 2634 5200 qui
2675 5128 2824 5183 venit
2854 5128 2910 5182 in
2953 5128 3178 5182 nomine
3209 5127 3447 5187 Domini,
3477 5126 3732 5180 llosanna
3761 5130 3814 5180 in

2235 5222 2544 5285 altissimis,
2596 5235 2693 5274 rex
2731 5217 2984 5282 lsraelis;
3033 5232 3136 5285 pax
3184 5217 3241 5271 in
3279 5217 3418 5271 caelo
3453 5224 3509 5270 et
3553 5215 3722 5283 gloria
3760 5216 3816 5268 in

2236 5311 2576 5368 altissimis.»
2607 5309 2816 5362 Furore
2837 5315 3021 5360 autem
3047 5304 3238 5374 repleti
3258 5304 3449 5359 scribae
3468 5311 3525 5358 et
3555 5301 3815 5371 Pharisaei

2236 5404 2498 5458 dixerunt
2551 5399 2682 5455 Jesu
2717 5414 2731 5451 :
2769 5415 2787 5448 ι
2824 5397 3051 5464 lnerepa
3107 5395 3233 5449 illos
3283 5403 3360 5448 ut.
3411 5401 3682 5446 taceant.»
3745 5393 3818 5445 At

2237 5494 2491 5550 Christus
2552 5489 2836 5560 respondit
2893 5488 3044 5542 illis:
3090 5487 3218 5541 «An
3271 5501 3552 5555 nunquam
3607 5485 3813 5554 legistis

2245 5585 2584 5654 Prophetam
2618 5583 2894 5636 dicentem
2929 5597 2944 5634 :
2978 5581 3058 5634 Ex
3081 5594 3174 5633 ore
3205 5578 3496 5633 infantium
3524 5586 3579 5629 et
3608 5577 3817 5629 lacten-

2250 5679 2383 5730 tium
2414 5674 2756 5730 concinnabo
2779 5671 3034 5726 laudem?
3065 5669 3216 5734 Quod
3251 5671 3292 5722 si
3327 5669 3383 5721 hi
3414 5665 3704 5730 tacuerint,
3736 5665 3816 5716 la-

3424 5809 3458 5826 Ν
