4090 6494
276 398 384 469 ὶ63

1477 401 1797 464 IOANNIS
1834 401 2357 466 CANTACUZENI

274 519 431 587 pides
451 515 764 572 clamabunt
782 513 851 567 ⁷⁸.
872 531 897 565 ι
929 512 1008 567 En
1035 512 1198 567 ctiam
1221 526 1367 566 nunc
1391 510 1631 565 attende.
1664 508 1852 579 Angeli

1971 510 2200 566 Ὠσαννὰ
2229 515 2287 567 ὲν
2317 516 2428 580 τοῖς
2471 514 2736 586 ὑψίστοις,
2775 516 3027 587 βασιλεὺς
3062 516 3303 589 Ἰσραὴλ,
3338 518 3529 590 εἰρήνη
3562 514 3567 521 ’

275 612 331 667 in
363 612 537 681 ipsius
568 608 771 665 Christi
818 606 1190 678 generationis
1233 604 1602 660 celebratione
1631 601 1849 658 cecine-

271 712 423 765 runt,
459 719 478 753 ι
507 702 688 756 Gloria
717 701 771 753 in
813 697 1048 754 excelsis
1083 697 1194 752 Deo
1216 735 1232 763 ,
1278 704 1332 751 et
1358 695 1413 749 in
1445 703 1589 749 terra
1622 708 1750 763 pax,
1793 692 1850 748 in

274 795 595 850 hominibus
642 792 784 848 bona
830 790 1171 855 voluntas;3
1208 804 1357 845 nunc
1410 802 1540 843 vero
1584 789 1851 842 dixerunt

272 886 479 957 pueri:
541 886 837 937 «Hosanna
893 882 949 936 in
1005 882 1328 947 altissimis,
1377 880 1702 935 benedictus
1754 879 1849 949 qui

277 978 430 1033 venit
464 979 519 1031 in
548 974 771 1029 nomine
798 974 1035 1033 Domini.
1065 989 1161 1028 rex
1190 973 1449 1039 lsraells;
1485 988 1585 1043 pax
1619 973 1673 1027 in
1712 960 1851 1029 caelo

281 1073 336 1121 et
362 1064 534 1134 gloria
567 1064 620 1116 in
662 1061 964 1117 altissimis.
1000 1080 1016 1111 3
1055 1061 1190 1126 Quis
1220 1075 1354 1115 vero
1387 1058 1658 1114 Dominus
1685 1073 1850 1127 super

280 1168 479 1211 terram
510 1154 776 1210 vocatur?
827 1152 1022 1209 Nullus
1073 1152 1215 1207 alius
1247 1159 1397 1206 certe
1427 1162 1624 1219 praeter
1652 1150 1848 1204 Deum.

278 1249 547 1302 Dicuntur
575 1244 831 1315 equidem
897 1243 1060 1298 etiam
1091 1242 1248 1296 multi
1285 1241 1570 1296 hominum
1615 1238 1846 1307 domini,

278 1339 373 1397 sed
402 1354 527 1393 cum
559 1336 907 1408 appositione
933 1335 1175 1389 nominis
1206 1334 1289 1389 sui
1315 1377 1328 1400 ,
1390 1343 1448 1388 ut
1495 1334 1730 1403 legimus
1781 1330 1850 1385 de

276 1431 443 1485 Josue
471 1429 582 1482 lilio
610 1428 729 1483 Non
763 1427 1010 1491 dicente,
1046 1445 1065 1476 ε
1097 1425 1359 1483 Dominus
1396 1439 1553 1480 meus
1592 1423 1771 1478 Moses
1793 1438 1841 1489 ;3

275 1522 445 1577 ct-dc
511 1519 635 1573 aliis
696 1518 882 1572 multis
935 1516 1272 1582 dicentibus,
1310 1532 1330 1567 ι
1403 1515 1669 1570 Dominus
1695 1529 1850 1569 meus

277 1612 504 1667 David»
540 1610 712 1676 Quam
741 1607 958 1664 dicendi
994 1607 1453 1662 consuetudinem
1479 1607 1645 1662 etiam
1684 1605 1850 1661 hodie

278 1704 423 1758 inter
468 1702 721 1755 homines
775 1708 1046 1757 servatam
1096 1698 1379 1753 videmus.
1446 1696 1662 1751 Domini
1720 1709 1850 1749 vero

274 1806 475 1846 nomen
526 1790 607 1845 sic
642 1787 924 1843 indeﬁnite
978 1786 1188 1840 nemini
1249 1786 1337 1839 alii
1377 1801 1543 1854 quam
1606 1784 1709 1840 soli
1736 1783 1848 1837 Dee

1956 603 2020 656 ἐν
2083 603 2321 676 οὐρανῷ,
2359 607 2452 661 καὶ
2497 607 2623 673 δόξα
2684 608 2747 662 ἐν
2807 608 3076 677 ὑψίστοις.
3107 628 3126 661 3
3160 610 3293 663 Τότε
3354 609 3530 679 θυμοῦ

1960 693 2298 764 πλησθέντες
2331 698 2383 750 οί
2411 700 2765 768 γραμματεῖς
2823 701 2919 754 καὶ
2973 701 3283 770 Φαρισαῖοι,
3311 699 3532 766 λέγουσι

1957 786 2038 854 τῷ
2074 786 2276 857 Ἰησοῦ,
2315 805 2334 840 ι
2373 789 2730 861 Ἐπιτίμησον
2753 790 2937 855 αὐτοῖς
2968 792 3058 846 ἵνα
3098 792 3471 862 σιωπήσωσιν.
3505 808 3525 842 3

1970 878 2031 931 '0
2060 878 2118 931 δὲ
2165 878 2398 948 Χριστὸς
2430 882 2566 951 πρὸς
2614 882 2833 947 αὐτοὺς,
2871 901 2889 934 ι
2936 883 3208 936 Οὐδέποτε
3259 883 3531 951 ἀνέγνωτε

1956 970 2053 1024 τοῦ
2090 972 2380 1042 Προφήτου
2407 973 2675 1042 λέγοντος,
2712 975 2808 1026 Ἐκ
2858 974 3122 1043 στόματος
3176 975 3389 1043 νηπίων
3435 975 3533 1027 καὶ

1959 1062 2299 1132 θηλαζόντων
2322 1067 2639 1137 κατηρτίσω
2661 1062 2830 1129 οῐνον;
2848 1066 2972 1120 Ἐὰν
2993 1062 3138 1123 οὗτοι
3156 1071 3528 1135 σιωπήσωσιν,

1958 1156 2006 1209 οί
2030 1155 2167 1209 λίθοι
2191 1155 2573 1226 κεκράξονται.
2610 1176 2630 1210 3
2654 1158 2923 1228 Πρόσεξον
2952 1159 3044 1211 καὶ
3075 1160 3217 1213 κατὰ
3240 1159 3301 1210 τὸ
3322 1159 3495 1228 παρόν
3512 1197 3525 1210 .

1960 1244 2130 1307 Εἶπον
2185 1250 2235 1302 oi
2265 1250 2490 1317 ἄγγελοι
2527 1251 2605 1313 είς
2659 1252 2759 1320 τὴν
2810 1250 2905 1304 τοῦ
2958 1249 3197 1321 Χριστοῦ
3256 1250 3529 1320 γέννησιν,

1965 1361 1985 1393 ι
2021 1342 2159 1407 Δόξα
2193 1343 2253 1395 ὲν
2314 1342 2558 1410 ὑψίστοις
2589 1342 2731 1412 Θεῷ,
2771 1343 2866 1397 καὶ
2917 1345 3008 1397 ἐπὶ
3041 1344 3144 1413 γῆς
3200 1343 3414 1414 είρήνῃ,
3475 1344 3533 1393 ἐν

1958 1432 2268 1503 ἀνθρώποις
2332 1434 2584 1487 εὐδοκίαν
2615 1453 2635 1486 3
2699 1431 2854 1487 εἷπον
2900 1435 2950 1487 oi
3009 1434 3195 1498 παῖδες
3227 1433 3343 1497 νῦν,
3406 1452 3423 1484 ι
3452 1432 3536 1487 Ὧ-

1965 1526 2132 1579 σαννὰ
2166 1525 2226 1578 ἐν
2246 1527 2359 1588 τοῖς
2389 1525 2654 1597 ὑψίστοις,
2685 1526 3047 1595 εὐλογημένος
3077 1526 3103 1578 6
3121 1512 3415 1596 ’ἐρχόμενος
3473 1526 3533 1577 ὲν

1956 1618 2181 1687 ὀνόματι
2214 1617 2444 1689 Κυρίου,
2479 1615 2733 1686 βασιλεὺς
2781 1616 2873 1670 τοῦ
2935 1618 3178 1689 Ἰσραὴλ,
3247 1618 3436 1687 εἰρήνη
3473 1618 3532 1667 ἐν

1957 1710 2192 1780 οὐρανῷ,
2225 1709 2553 1774 καὶδόξα-ὲν
2591 1708 2855 1777 ὑψίστοις.
2889 1726 2909 1759 3
2948 1708 3043 1771 Τίς
3101 1707 3232 1776 γοῦν
3286 1707 3531 1759 καλεῖται

1960 1800 2163 1867 Κύριος
2195 1798 2288 1851 ἐπὶ
2310 1798 2457 1866 γῆς;
2495 1798 2720 1861 Πάντως
2759 1798 2935 1861 οὐδεὶς
2963 1797 3145 1863 ἄλλος,
3207 1797 3241 1867 ἢ
3294 1799 3321 1850 6
3378 1796 3529 1858 Θεός.

278 1882 556 1937 tribuitur.
611 1878 957 1949 Quapropter
1009 1877 1265 1933 Christus
1317 1892 1442 1931 cum
1493 1876 1641 1931 Lees
1682 1882 1852 1939 esset,

1960 1888 2348 1956 Λέγονταιιμὲν
2375 1887 2636 1952 πολλάκις
2678 1888 2775 1941 καὶ
2815 1888 3094 1958 ἄνθρωποι
3135 1889 3339 1959 κύριοι,
3396 1891 3533 1958 μετὰ

274 1990 386 2029 non
423 1972 589 2029 modo
638 1986 747 2026 non
804 1970 1107 2040 increpavit
1133 1970 1420 2025 dicentes:
1459 1986 1477 2019 ι
1518 1967 1771 2022 llosanna
1799 1967 1853 2021 in

274 2067 580 2130 altissimis,
621 2083 640 2116 3
680 2074 810 2127 etc.,
874 2063 968 2118 sed
1014 2063 1181 2117 etiam
1224 2060 1445 2116 Davidis
1476 2060 1664 2116 citavit
1694 2060 1849 2114 testi-

276 2158 546 2222 monium,
582 2157 768 2211 dicens
797 2172 809 2209 :
849 2173 867 2205 ι
901 2154 985 2208 An
1018 2169 1127 2208 non
1158 2152 1373 2224 legistis
1397 2151 1732 2222 Prophetam
1764 2149 1852 2204 di-

276 2262 531 2309 centem:
569 2252 648 2306 Ex
670 2265 767 2306 ore
788 2248 1077 2305 infantium
1104 2258 1161 2302 et
1184 2245 1501 2303 lactentium
1529 2244 1853 2299 concinnavi

274 2344 539 2403 laudent?
575 2362 593 2396 3
630 2343 731 2408 Qui
769 2355 901 2396 vero
943 2339 1153 2410 lapides
1198 2347 1367 2402 sunt,
1426 2350 1569 2406 quos
1602 2334 1855 2390 Christus

276 2439 703 2494 vociferaturos~
734 2433 916 2489 dixit?
978 2432 1179 2487 Gentes
1234 2429 1520 2493 nimirum,
1571 2444 1693 2499 qua:
1726 2436 1856 2483 tunc

278 2530 501 2601 quidem
530 2543 625 2582 cor
655 2526 932 2580 habebant
960 2523 1159 2578 durum
1216 2521 1285 2576 ad
1350 2520 1509 2575 Iidem
1551 2519 1856 2589 suscipien-

280 2625 403 2677 dam
431 2661 446 2686 ,
478 2619 641 2691 paulo
677 2625 800 2688 post
826 2631 957 2672 vero
986 2615 1364 2670 clamaverunt
1396 2613 1529 2682 ipsis
1558 2611 1855 2667 tonitribus

162 2724 169 2730 ’
280 2717 482 2773 clarius
511 2727 566 2770 et
604 2712 937 2779 sublimius;
969 2710 1102 2783 quin
1131 2719 1188 2767 et
1225 2709 1609 2781 sepulcrorum
1642 2708 1857 2781 lapides

265 2810 445 2882 .plane
472 2815 528 2860 et
553 2815 767 2875 aperte,
796 2802 1035 2874 qualiter
1076 2802 1167 2856 vix
1198 2817 1463 2871 unquam,
1511 2802 1730 2856 Domini
1770 2815 1859 2856 re-

280 2897 682 2954 surrectionem
718 2911 841 2950 cum
892 2894 1081 2949 divina
1116 2894 1321 2949 virtute
1370 2902 1428 2950 et
1466 2902 1737 2963 petestate
1778 2892 1858 2948 fa-

288 3002 433 3043 ctam
462 2989 920 3043 exclamaverunt.
958 2984 1085 3041 Post
1114 2987 1233 3041 bazc
1254 3001 1386 3041 vero
1414 2986 1546 3040 dicit
1570 2985 1856 3054 discipulis

282 3080 724 3136 suisChristus:
758 3098 775 3130 ι
807 3078 947 3134 Ecce
996 3077 1348 3133 ascendimus
1389 3077 1855 3148 Hierosolymam,

1956 1978 2013 2032 δὲ
2045 1978 2365 2050 προσθήκης
2399 1979 2681 2049 ὀνόματος,
2709 1978 2897 2051 ὥσπερ
2963 1982 3059 2033 καὶ
3113 1981 3210 2033 ἐπὶ
3272 1979 3365 2033 τοῦ
3411 1978 3530 2031 υίοῦ

1957 2072 2114 2141 Ναυῆ
2160 2070 2255 2125 τοῦ
2327 2070 2504 2141 Ἰησοῦ
2565 2071 2832 2135 είπόντος,
2880 2075 2961 2128 ὅτι
3023 2093 3041 2126 ι
3083 2075 3141 2128 Ὀ
3193 2071 3381 2141 κύ,.ιὸς
3428 2088 3531 2141 μου

1955 2163 2219 2233 Μωῦσῆς,
2256 2182 2275 2215 3
2309 2165 2402 2217 καὶ
2432 2164 2525 2216 ἐπὶ
2559 2162 2654 2216 τοῦ
2690 2201 2705 2217 .
2740 2202 2756 2217 .
2792 2202 2808 2219 .
2848 2204 2864 2220 .
2900 2205 2915 2221 .
2949 2205 2964 2220 .
3000 2167 3270 2227 είπόντος,
3302 2165 3383 2218 ὅτι
3415 2182 3434 2215 ι
3472 2165 3531 2214 Ὁ

1956 2257 2144 2325 κύριός
2171 2273 2274 2325 μου
2298 2258 2326 2310 6
2353 2256 2584 2333 Aa6i6._3
2636 2256 2797 2311 Ἀλλὰ
2829 2259 2925 2311 καὶ
2975 2258 3139 2329 μέχρι
3164 2259 3263 2327 τῆς
3290 2256 3530 2326 σήμερον

1956 2347 2407 2417 ὲπικρατησάσης
2445 2346 2739 2418 συνηθείας
2762 2349 2821 2401 ἐν
2873 2348 3204 2420 ἀνθρώποις.
3257 2345 3415 2401 Οὕτω
3473 2347 3531 2399 δὲ

1957 2436 2429 2507 ἀπροσδιορίστως
2451 2440 2513 2491 τὸ
2545 2456 2564 2489 ι
2591 2438 2777 2510 κύριος
2803 2457 2822 2491 3
2849 2439 3062 2501 οὐδενὸς
3093 2440 3284 2511 ἑτέρου
3319 2438 3470 2495 ἐστὶν
3495 2439 3530 2507 ἧ

1954 2530 2050 2584 τοῦ
2078 2530 2234 2584 Θεοῦ.
2269 2531 2371 2584 Διά
2397 2549 2477 2584 τοι
2516 2531 2673 2585 τοῦτο
2703 2532 2799 2586 καὶ
2827 2534 2856 2586 ὁ
2890 2532 3123 2603 Χριστὸς
3160 2532 3294 2597 Θεὸς
3327 2531 3422 2595 ὢν,
3458 2533 3533 2601 μὴ

1962 2623 2122 2693 μόνον
2147 2622 2301 2677 οὐδὲν
2351 2624 2656 2694 ἐπετίμησε
2702 2626 2815 2686 τοῖς
2865 2623 3086 2693 λέγουσι
3122 2625 3205 2686 τὸ,
3245 2642 3263 2675 ι
3306 2623 3534 2677 Ὡσαννὰ

1956 2718 2016 2769 ὲν
2051 2715 2321 2785 ὑψίστοις,
2354 2734 2373 2769 3
2413 2716 2547 2769 ἀλλὰ
2568 2717 2663 2770 καὶ
2687 2717 2778 2770 τὸν
2800 2715 2969 2769 Δαὸὶδ
2988 2718 3069 2778 είς
3105 2716 3273 2781 μέσον
3300 2714 3533 2785 ἤγαγεν,

1958 2802 2128 2855 είπὼν
2183 2803 2265 2855 ὃτι
2320 2819 2339 2854 ι
2396 2803 2668 2857 Οὐδέποτε
2735 2805 3008 2872 ἀνέγνωτε
3081 2803 3178 2856 τοῦ
3243 2804 3533 2874 Προφήτου

1958 2893 2227 2963 λέγοντος,
2268 2894 2366 2950 Ἐκ
2432 2894 2700 2964 στόματος
2757 2897 2967 2966 νηπίων
3044 2897 3138 2951 καὶ
3193 2895 3536 2964 θηλαζόντων

1959 2988 2278 3059 κατηρτίσω
2336 2982 2487 3041 αἶνον
2517 3005 2532 3053 ;
2568 3007 2586 3038 3
2628 2988 2785 3051 Τίνες
2845 2988 2902 3042 δέ
2963 2990 3175 3042 είσινοί
3232 2988 3392 3055 λίθοι,
3441 2988 3535 3052 οὓς

1960 3072 2116 3131 εἶπεν
2138 3080 2165 3132 6
2190 3078 2447 3148 Χριστὸς,
2472 3078 2556 3131 ὅτι
2586 3079 2978 3150 κεκράξονταις
3009 3079 3089 3133 Τὰ
3123 3073 3270 3149 ἔθνη,
3296 3084 3364 3133 τὰ
3390 3082 3535 3133 κατὰ

280 3182 339 3227 et
369 3170 724 3241 perﬁcientur
752 3169 937 3224 omnia
972 3183 1094 3237 qua:
1120 3168 1325 3237 scripta
1353 3176 1482 3223 sunt
1514 3181 1544 3221 a
1574 3166 1854 3238 prophetis

1962 3170 2023 3223 τὸ
2057 3170 2230 3241 παρὸν
2254 3168 2499 3240 σκληρὰν
2523 3168 2716 3239 ἔχοντα
2747 3170 2848 3240 τὴν
2876 3171 3108 3241 καρδίαν
3168 3152 3304 3241 πρίῖς
3340 3173 3533 3225 ὑποδο-

283 3266 352 3319 de
385 3262 524 3318 Filio
552 3262 811 3317 hominis.
845 3259 1118 3315 Tradetur
1166 3259 1312 3314 enim
1348 3259 1623 3330 gentibus,
1653 3266 1708 3313 et
1735 3258 1859 3312 illu-

284 3359 447 3414 detur
474 3355 575 3422 illi,
604 3354 904 3411 calumnias
933 3351 1194 3421 patietur,
1229 3360 1287 3405 et
1315 3350 1637 3421 despuetur,
1673 3360 1729 3405 et
1763 3348 1858 3403 lla-

284 3450 544 3520 gellatum
600 3445 877 3511 occident,
915 3444 1187 3513 tertiaque
1221 3443 1312 3498 die
1342 3452 1592 3513 resurget
1622 3440 1689 3496 τ’.
1726 3461 1744 3494 3
1790 3441 1861 3497 Et

285 3558 411 3598 cum
446 3555 604 3597 ctena
631 3538 742 3608 jam
771 3544 918 3593 esset
947 3535 1124 3599 linita,
1188 3534 1326 3590 dicit
1382 3533 1665 3603 discipulis
1695 3533 1810 3589 suis
1839 3549 1854 3587 :

291 3655 312 3689 ε
349 3634 503 3691 Unus
535 3639 779 3687 vestrum
841 3628 1035 3698 prodet
1066 3642 1175 3683 me.
1213 3645 1232 3679 3
1282 3626 1349 3681 Et
1383 3624 1860 3694 interrogaverunt

284 3740 413 3782 eum
446 3720 670 3792 singuli,
705 3739 724 3773 ι
763 3719 901 3774 Num
934 3734 1037 3787 ego
1065 3717 1222 3772 sunt?
1262 3734 1281 3767 ι
1363 3724 1418 3769 et
1469 3714 1607 3768 nulli
1660 3713 1856 3767 horum

285 3812 596 3886 respondit.
656 3809 810 3865 Tunc
828 3820 884 3864 et
910 3808 1080 3864 ludas
1100 3808 1191 3877 qui
1214 3813 1333 3861 erat
1363 3820 1429 3859 ex
1460 3803 1857 3874 discipulorum

285 3920 518 3962 numero
544 3904 696 3970 dicit,
731 3922 749 3957 ι
787 3902 928 3958 Num
951 3915 1051 3973 ego
1074 3900 1249 3955 "sum?
1272 3897 1415 3954 Dicit
1438 3896 1514 3952 illi
1544 3897 1572 3953 J
1583 3911 1726 3961 esus,
1776 3896 1856 3950 Tu

283 4000 524 4056 dixisti.»
558 3998 623 4053 Et
672 3997 836 4068 paulo
880 4006 1000 4065 post
1049 3993 1185 4047 dicit
1216 3991 1313 4054 illi,
1356 4010 1375 4043 ι
1416 3989 1571 4057 Quod
1599 3989 1737 4044 facis
1774 3988 1860 4045 fac

283 4094 395 4148 cito
426 4092 498 4144 ⁸⁸.
538 4109 557 4142 3
594 4089 714 4145 Non
772 4086 924 4143 enim
983 4094 1201 4155 poterat
1233 4083 1533 4154 quidquam
1568 4096 1667 4137 nec
1688 4081 1861 4138 Judas

286 4200 388 4241 nec
416 4184 556 4239 alius
581 4190 773 4237 contra
803 4179 1086 4235 Christum
1135 4176 1338 4242 facere,
1399 4175 1506 4231 nisi
1564 4175 1669 4231 hoc
1729 4190 1856 4231 cum

282 4278 376 4333 illo
398 4275 806 4332 consentiente.
844 4272 966 4326 Mox
1011 4281 1200 4325 autem
1251 4278 1439 4340 postea
1480 4283 1698 4324 rursum
1724 4268 1858 4324 dicit

284 4370 567 4441 discipulis
601 4368 716 4424 suis
747 4366 1002 4423 Christus
1029 4381 1044 4419 :
1085 4382 1103 4416 ι
1136 4364 1215 4418 Ex
1231 4378 1379 4419 nunc
1400 4362 1859 4434 appropinquavit

282 4471 529 4532 tempus,
562 4459 710 4530 quod
752 4457 981 4527 praedixi
1018 4452 1202 4510 vobis.
1232 4455 1504 4511 Caeterum
1529 4470 1638 4508 non
1674 4455 1859 4509 turbe-

1960 3260 2064 3332 χὴν
2094 3260 2194 3329 τῆς
2253 3260 2514 3324 πίστεως.
2547 3260 2703 3315 Μετὰ
2755 3262 2932 3332 βραχὺ
2979 3261 3037 3316 δὲ
3092 3264 3232 3317 αὐτὰ
3295 3268 3363 3318 τὰ
3406 3264 3533 3338 ἔθνη

1960 3350 2322 3418 κεκράξονται
2352 3348 2584 3420 βροντῆς
2618 3349 2968 3421 ὑψηλότερον.
3006 3351 3169 3405 Ἀλλὰ
3196 3353 3288 3406 καὶ
3313 3355 3362 3406 οί
3396 3352 3538 3406 λίθοι

1959 3440 2056 3495 τοῦ
2091 3441 2258 3508 τάφου
2290 3441 2507 3510 τρανῶς
2555 3442 2845 3510 βοήσουσιν
2908 3440 3034 3494 ὅσον
3085 3440 3237 3496 οὔπω
3294 3447 3394 3505 τὴν
3438 3443 3535 3498 τοῦ

1960 3531 2166 3602 Κυρίου
2189 3532 2506 3597 ἀνάστασιν,
2532 3531 2632 3603 τὴν
2660 3534 2800 3602 μετὰ
2844 3532 2944 3604 τῆς
3007 3533 3229 3603 θεῖκῆςν
3255 3535 3537 3606 δυνάμεως

1959 3626 2056 3680 καὶ
2077 3623 2323 3689 ἐξουσίας
2345 3625 2738 3695 γενησομένην.
2760 3626 2915 3681 Μετὰ
2952 3626 3010 3680 δὲ
3036 3628 3205 3682 ταῦτα
3231 3628 3380 3698 λέγει
3423 3631 3539 3692 τοῖς

1962 3718 2227 3789 μαθηταῖς
2255 3717 2418 3771 αὑτοῦ
2447 3719 2478 3772 6
2513 3718 2765 3788 Χριστὸς,
2803 3738 2822 3771 ι
2861 3718 2991 3773 Ἰδοὺ
3043 3720 3401 3791 ἀνεϐαίνομεν
3454 3722 3539 3785 εἰς

1972 3810 2337 3880 Ἱεροσόλυμα,
2372 3811 2467 3863 καὶ
2493 3808 2907 3877 τελεσθήσονται
2966 3815 3144 3867 πάντα
3169 3814 3532 3883 γεγραμμένα

1959 3903 2048 3958 διὰ
2072 3901 2182 3955 τῶν
2215 3902 2513 3972 προφητῶν
2556 3901 2640 3971 τῷ
2669 3900 2784 3971 Υἱῷ
2808 3902 2902 3955 τοῦ
2953 3902 3261 3975 ἀνθρώπου.
3300 3906 3541 3973 Παραδο-

1960 3995 2190 4067 θήσεται
2245 3993 2355 4064 γὰρ
2395 3995 2508 4056 τοῖς
2559 3993 2758 4059 ἔθνεσι,
2793 3994 2888 4047 καὶ
2942 3994 3399 4065 ἐμπαιχθήσεται,
3444 3998 3539 4049 καὶ

1962 4085 2370 4157 ὑϐρισθήσεται,
2409 4086 2502 4139 καὶ
2539 4085 3008 4156 ἐμπτυσθήσεται,
3029 4088 3121 4139 καὶ
3166 4084 3542 4157 μαστιγώσαν-

1958 4195 2048 4242 τες
2086 4174 2475 4232 ἀποκτενοῦσιν
2499 4174 2681 4243 αὐτὸν,
2710 4177 2807 4228 καὶ
2857 4178 2924 4246 τῇ
2954 4178 3113 4247 τρὲτη
3169 4176 3355 4248 ἡμέρᾳ
3407 4178 3541 4230 ἀνα-

1961 4272 2236 4342 στήσεται.
2270 4287 2290 4321 3
2322 4269 2433 4324 Καὶ
2459 4266 2673 4322 δείπνου
2703 4269 3019 4339 γενομένου,
3045 4267 3193 4337 λέγει
3243 4270 3380 4339 πρὸς
3407 4273 3533 4333 τοὺς

1963 4362 2212 4434 μαθητὰς
2252 4361 2439 4428 αὐτοῦ,
2504 4354 2640 4423 «Εἷς
2696 4360 2758 4424 ιξ
2813 4360 2966 4431 ὑμῶν
3019 4360 3336 4431 παραδώσει
3394 4378 3528 4430 με.»

1964 4455 2077 4509 Kal
2096 4454 2323 4524 ἠρώτων
2345 4449 2426 4515 εἷς
2456 4453 2685 4515 ἕκαστος
2710 4453 2897 4517 αὐτὸν,
2937 4469 2956 4505 ι
2978 4453 3068 4523 Μή
3102 4469 3155 4506 τι
3191 4453 3302 4521 ὲγὼ
3327 4453 3471 4523 sint;
3501 4469 3520 4501 3

281 4561 374 4608 tur
404 4566 498 4606 cor
526 4561 793 4611 vestrum,
821 4561 999 4618 neque
1024 4545 1281 4600 formidet
1301 4546 1372 4598 ⁸⁸.
1403 4561 1421 4595 ι
1477 4543 1546 4598 Et
1575 4552 1854 4614 postquam

1970 4545 2082 4597 Kal
2106 4544 2243 4612 πρός
2288 4559 2410 4597 τινα
2443 4543 2598 4611 λόγον
2645 4544 2744 4597 οὑκ
2780 4543 3080 4613 ἀπεκρίθη.
3133 4544 3298 4614 Λέγει
3327 4544 3382 4598 δὲ
3433 4544 3528 4596 καὶ

282 4642 562 4700 docuisset
581 4650 639 4697 et
670 4638 1025 4694 animavisset
1043 4651 1144 4693 eos
1176 4635 1533 4699 sullicientcr,
1562 4634 1701 4688 dixit
1726 4635 1807 4689 eis
1838 4649 1853 4686 :

290 4756 309 4788 ε
339 4737 498 4792 Nunc
528 4735 750 4805 quidem
783 4732 1063 4795 dolebitis,
1116 4747 1242 4785 mox
1273 4741 1458 4785 autem
1513 4727 1857 4793 laetabinzini,

1970 4634 2193 4700 Ἰούδας,
2224 4633 2469 4705 μαθητὴς
2497 4634 2574 4689 ὢν
2600 4638 2692 4689 καὶ
2714 4635 2896 4699 αὐτὸς,
2933 4654 2951 4687 ι
2981 4636 3072 4706 Μή
3104 4654 3153 4688 τι
3178 4636 3290 4704 ἐγώ
3318 4639 3475 4705 είμι;
3509 4654 3527 4685 3

1957 4726 2122 4794 Δέγει
2151 4725 2300 4795 αὑτῴ
2323 4727 2352 4778 ὁ
2378 4725 2608 4797 Ἰησοὺς,
2638 4721 2670 4777 ι’
2686 4727 2761 4780 Σὺ
2791 4723 2972 4790 εἶπας.
2994 4744 3012 4779 3
3034 4728 3143 4780 Kal
3176 4728 3315 4799 μετὰ
3342 4728 3537 4800 μικρὸν

281 4836 339 4883 ct
384 4824 642 4897 gaudium
695 4830 938 4877 vestrum
999 4836 1160 4875 nemo
1215 4819 1430 4875 auferet
1461 4833 1490 4871 a
1540 4818 1699 4873 vobis
1724 4816 1791 4870 θ’.
1833 4833 1853 4867 3

1960 4817 2105 4886 λέγει
2142 4817 2310 4887 αὐτῷ,
2350 4836 2368 4868 ι
2405 4820 2469 4871 Ὃ
2501 4821 2696 4882 ποιεῖς,
2725 4819 2950 4887 ποίησον
2977 4819 3184 4890 τάχιον.
3216 4837 3236 4872 3
3269 4821 3401 4874 Οὐδὲ
3428 4822 3538 4890 γὰρ

290 4938 310 4972 ι
346 4918 585 4988 Surgite,
612 4929 806 4969 eamus
838 4912 1036 4969 hinc".
1080 4931 1099 4965 3
1144 4910 1206 4965 Et
1238 4909 1375 4965 abiit
1404 4909 1467 4988 in_
1487 4908 1671 4962 locum
1724 4921 1857 4962 con—

284 4984 522 5066 suetum.
590 5006 883 5062 Pontiﬁces
913 5016 1097 5060 autem
1125 4984 1468 5072 congregati.
1497 5014 1621 5053 cum
1664 4997 1860 5054 scribis

291 5115 341 5158 st
382 5100 673 5157 Pharisaeis
722 5108 777 5153 et
824 5098 972 5152 omni
1032 5094 1266 5149 concilio
1297 5106 1515 5158 eorum,
1550 5090 1807 5146 dixerunt
1840 5107 1855 5144 :

297 5194 470 5260 iQuid
516 5191 819 5250 facienms,
885 5186 1148 5257 quoniam
1177 5186 1343 5239 homo
1377 5185 1464 5238 hic
1499 5183 1671 5237 multa
1701 5184 1856 5255 signa

285 5283 441 5340 edit?
478 5283 534 5336 Si
590 5281 670 5334 sic
704 5278 1117 5349 permiserimus
1144 5275 1541 5343 eumhvenieut
1566 5285 1715 5330 certe
1746 5277 1855 5330 Ro-

287 5375 456 5439 mani,
482 5385 538 5429 et
566 5372 757 5427 tollent
784 5385 885 5422 nos
905 5379 960 5422 ct
985 5369 1167 5422 locum
1190 5367 1335 5423 hunc
1360 5378 1415 5420 et
1430 5375 1651 5437 gentem
1681 5383 1698 5422 ;
1722 5357 1858 5421 con-

287 5469 438 5524 ducit
473 5476 535 5521 ut
559 5465 822 5519 moriatur
845 5461 910 5513 ⁸⁸.
936 5481 953 5514 3
991 5459 1160 5515 Judas
1189 5470 1371 5515 autem
1406 5461 1690 5516 lscariotes
1724 5476 1858 5531 pro-

286 5559 467 5615 lectus
501 5558 568 5610 ad
599 5552 886 5623 pontiﬁces
918 5563 973 5607 et
1012 5553 1239 5618 scribas,
1272 5553 1409 5607 dixit
1440 5554 1551 5608 illis
1599 5571 1613 5608 :
1661 5572 1679 5604 ι
1718 5552 1861 5619 Quid

356 5770 402 5803 ⁷⁸
436 5765 625 5821 Matth.
662 5780 775 5827 xxi,
808 5766 879 5829 9;
906 5764 1038 5820 an.
1074 5781 1181 5832 xix,
1218 5768 1304 5822 '58.

1425 5769 1470 5802 ⁷⁹
1502 5769 1636 5823 Luc.
1692 5783 1765 5830 tx,
1813 5766 1877 5818 21
1931 5779 2088 5833 seqq.

288 5839 336 5869 θ’
363 5842 523 5892 Joan.
559 5849 670 5891 XVI.
699 5836 792 5890 22.
868 5836 914 5867 ⁸³
945 5837 1104 5892 Joan.
1142 5852 1250 5896 xiv.
1289 5839 1378 5893 5|.
1455 5842 1500 5872 ⁸⁸
1528 5840 1687 5894 Joan.
1723 5850 1798 5896 xt.
1830 5836 1919 5900 47,
1948 5836 2035 5888 48.

1960 4908 2198 4978 ἠδύνατο
2240 4908 2451 4971 αὑτὸςὸ
2512 4909 2800 4979 Ἰούδας,ἢ
2851 4909 3034 4979 ἓτερύς
3074 4928 3157 4973 τις
3207 4910 3433 4981 ποιῆσαί
3479 4927 3535 4964 τι

1962 5000 2104 5054 κατὰ
2135 5000 2228 5052 τοῦ
2258 4998 2497 5069 Χριστοῦ
2533 4999 2662 5053 ἄνευ
2718 5000 2818 5070 τῆς
2876 5000 3042 5053 αὐτοῦ
3106 5001 3399 5071 θελήσεωςδ
3427 5004 3536 5056 Καὶ

1963 5094 2082 5161 μετ’
2102 5092 2280 5160 ὀλίγον
2309 5091 2472 5146 πάλιν
2520 5091 2674 5161 λέγει
2729 5094 2841 5155 τοῖς
2902 5092 3169 5163 μαθηταῖς
3199 5096 3228 5148 6
3278 5095 3535 5166 Χριστὸς,

1963 5199 1985 5241 ι,
2030 5183 2163 5235 Ἀπὸ
2188 5181 2282 5236 τοῦ
2309 5182 2402 5236 νῦν
2425 5182 2655 5253 ἤγγικεν
2687 5187 2714 5237 6
2766 5202 2977 5255 καιρος,
3002 5192 3062 5240 δν
3093 5189 3352 5256 προεῖπον
3386 5189 3541 5258 ὐμίέο

1969 5273 2128 5327 ’Λλλὰ
2149 5274 2596 5343 μὴταρασσέσθω
2613 5276 2767 5345 ὑμῶν
2791 5279 2824 5347 ἡ
2838 5278 3054 5349 καρδία,
3078 5278 3214 5349 μηδὲ
3227 5279 3495 5334 δειλιάτω.
3511 5300 3531 5332 3

1960 5365 2070 5419 Καὶ
2124 5363 2338 5429 διδάξας
2397 5365 2493 5419 καὶ
2561 5360 2991 5438 παραθαρῤὕνας
3048 5371 3247 5432 αὐτοὺς
3312 5370 3535 5434 ἱκανῶς,

1961 5452 2119 5508 εἶπεν
2165 5457 2368 5522 αὐτοῖς,
2407 5476 2424 5507 ι
2456 5456 2569 5509 Νῦν
2603 5458 2702 5527 μὲν
2730 5457 3134 5530 λυπηθήσεσθε,
3194 5464 3312 5533 μετ’
3356 5462 3537 5532 ὀλίγον

1966 5547 2021 5600 δὲ
2055 5547 2383 5618 χαρήσεσθε,
2410 5549 2507 5602 καὶ
2541 5550 2638 5621 τὴν
2663 5552 2836 5622 χαρὰν
2868 5554 3019 5623 ὑμῶν
3070 5554 3243 5620 οὐδεὶς
3271 5554 3418 5627 αἴρει
3443 5552 3534 5622 ἀφ’

2192 5768 2238 5799 ⁸ο
2269 5765 2427 5824 Joan.
2488 5784 2609 5838 xm,
2677 5770 2871 5827 21-27.
2976 5771 3020 5804 ⁸⁸
3058 5771 3215 5826 .loan.
3274 5786 3387 5837 xw,
3442 5770 3534 5826 27.

3418 406 3529 472 ἄδι
3612 442 3626 457 ο
