4090 6464
479 418 587 484 4ῡῦ

1427 409 1725 472 CONTRA
1762 405 2258 474 ΜᾹΗΟΜΕΤΕΜ
2299 402 2683 467 APOLOGIA
2726 400 2811 467 II.

3630 402 3738 465 4’36

477 538 652 607 ὗμων.
694 530 1023 601 Ἐγείρεσθε.
1055 529 1297 601 ἄγωμεν.
1334 548 1350 581 ι
1385 529 1499 584 Καὶ
1548 526 1788 597 ἀπῆλθον
1842 526 1922 591 εἰς
1953 524 2048 580 τὸν

2169 520 2362 577 dabitis
2390 520 2524 575 mihi
2559 529 2617 574 ut
2653 534 2754 589 ego
2784 516 3008 588 prodam
3060 518 3212 572 illum
3246 518 3330 571 ⁸⁸2
3361 517 3426 572 Ει
3469 518 3741 574 dederunt

476 629 662 692 τόπον,
689 625 748 680 δν
777 624 924 695 εἶχεν
981 625 1046 677 ὲκ
1082 621 1392 692 συνηθείας.
1424 623 1487 676 Οἱ
1550 622 1733 691 μέντοι
1777 620 2057 691 ἀρχιερεῖς

477 719 832 789 συναχθέντες
864 715 1001 787 μετά
1028 714 1136 768 τῶν
1193 712 1569 785 γραμματέων
1601 714 1696 766 καὶ
1747 711 2058 781 Φαρισαίων

473 807 571 860 καὶ
603 805 803 867 παντὺς
836 801 929 854 τοῦ
968 800 1251 871 συνεδρίου
1300 801 1480 854 αὐτῶν
1528 800 1739 868 ἔλεγον,
1782 818 1802 850 ί
1836 799 1902 851 Τί
1937 816 2058 853 ποι-

475 893 667 962 οῦμεν,
705 892 787 944 δτι
820 892 846 943 6
868 889 1156 959 ἄνθρωπος
1186 880 1340 949 οὗτος
1386 887 1558 940 πολλὰ
1615 887 1818 956 σημεῖα
1873 886 2053 951 ποιεῖς

492 983 616 1035 Ἐὰν
644 981 872 1051 ἀερῶμεν
914 979 1076 1033 αὐτὸν
1134 977 1330 1043 οὕτως,
1364 987 1583 1040 παντως
1642 976 1956 1029 ἐλεύσονται
2007 977 2056 1027 οί

490 1073 775 1141 Ῥωμαῖοι,
808 1071 902 1124 καὶ
936 1070 1163 1140 ἀροῦσιν
1197 1069 1354 1139 ἡμῶν
1387 1069 1482 1121 καὶ
1529 1069 1620 1122 τὸν
1649 1068 1814 1122 τόπον
1851 1067 1942 1120 καὶ
1996 1066 2058 1119 τὸ

479 1162 651 1222 ἔθνος.
707 1161 984 1230 Συμφέρει
1047 1158 1361 1213 ἀποθανεῖν.
1397 1176 1418 1210 ι
1469 1157 1527 1212 '0
1582 1159 1653 1227 δὲ
1702 1157 2057 1229 Ἰσκαριώτης

492 1249 690 1312 Ἰούδας
725 1247 974 1302 ἀπελθὼν
996 1249 1076 1309 είς
1106 1247 1231 1311 τοὺς
1269 1247 1546 1317 ἀρχιερεῖς
1563 1247 1659 1300 καὶ¹
1685 1248 2056 1316 γραμματεῖς,

478 1336 632 1395 εἶπεν
669 1341 878 1403 αὐτοῖς,
919 1358 939 1391 ι
976 1338 1043 1391 Τί
1069 1338 1257 1392 θέλετέ
1289 1355 1379 1406 μοι
1423 1336 1629 1399 δοῦναι,
1662 1338 1758 1392 καὶ
1786 1337 1895 1404 ἐγὼ
1930 1337 2058 1407 ὑμῖν

480 1432 789 1502 παραδώσω
858 1430 1066 1497 αὐτόνς
1126 1432 1237 1484 Kal
1290 1430 1503 1483 ἔδωκαν
1551 1430 1702 1501 αύτῷ
1760 1430 2057 1501 τριάκοντα
2110 1448 2115 1453 ·

477 1524 740 1597 ἀργύρια.
770 1544 789 1576 ι
827 1525 938 1578 Καὶ
1002 1523 1122 1595 μετ’
1174 1510 1353 1590 ὀλίγον
1381 1523 1563 1576 λαϐὼν
1598 1524 1626 1575 6
1670 1521 1871 1586 Ἰούδας
1929 1522 2059 1576 λαὸν

482 1615 689 1677 ἱκανὸν,
750 1614 967 1685 ἔρχεται
1025 1613 1156 1669 ἔνθα
1210 1612 1495 1684 εὑρίσκετο
1555 1613 1584 1666 6
1637 1612 1895 1684 Χριστός.
1953 1612 2060 1667 Καὶ

480 1707 792 1778 ἐρχομένων
855 1707 1105 1773 ἐκείνων,
1146 1707 1293 1775 λέγει
1345 1708 1462 1769 τοῖς
1521 1705 1790 1775 μαθηταῖς
1840 1704 2060 1758 αύτοῦό

2161 612 2239 668 illi
2276 612 2845 683 trigintalargenteos.
2886 628 2904 662 ι
2945 610 3013 665 Ει
3046 611 3206 679 paulo
3235 618 3357 680 post
3386 610 3554 666 Judas
3583 613 3743 666 turba

2161 704 2332 759 multa
2356 710 2657 772 assumpta,
2699 717 2767 758 eo
2809 702 3030 757 devenit
3057 702 3149 757 ubi
3187 701 3443 758 Christus
3496 702 3744 758 invenie-

2159 789 2345 846 batur.
2400 790 2615 857 Quibus
2668 789 3041 858 venientibus,
3095 790 3231 846 dicit
3289 792 3578 862 discipulis
3623 794 3743 848 suis

2157 882 2410 941 Christus
2441 900 2456 938 :
2493 901 2512 933 ‹
2551 882 2793 953 Surgite,
2824 897 3036 947 eamus,
3094 899 3226 939 ecce
3264 884 3356 954 qui
3416 885 3602 954 prodit
3633 901 3740 949 me,

2160 975 2591 1046 appropinquat.
2613 993 2630 1026 ι
2675 975 2742 1029 Et
2773 976 3070 1031 accedente
3109 975 3248 1031 Juda
3274 992 3398 1031 cum
3426 977 3744 1032 .ludtcorunt

2162 1075 2361 1131 turma,
2427 1066 2562 1121 dicit
2608 1065 2716 1120 illis
2761 1066 3059 1122 Christus:
3136 1085 3154 1119 ι
3210 1067 3383 1133 Quem
3449 1067 3737 1137 qua-ritis?

2162 1157 2361 1212 Dicunt
2402 1157 2505 1223 illi,
2535 1158 2726 1213 Iesum
2754 1158 3119 1213 Nazarenam.
3150 1158 3293 1213 Dicit
3321 1160 3431 1213 illis
3461 1158 3744 1221 Christus,

2166 1269 2185 1303 ι
2213 1252 2329 1320 Ego
2356 1265 2500 1305 sum.
2532 1269 2551 1301 ι
2595 1252 2663 1305 Ει
2690 1251 2797 1306 hoc
2818 1252 3026 1316 audito,
3086 1266 3279 1306 omnes
3312 1253 3569 1322 prostrati
3616 1260 3748 1306 sunt

2160 1342 2215 1397 in
2248 1350 2477 1396 terram.
2509 1341 2651 1396 Num
2679 1342 2850 1412 igitur
2882 1343 2973 1410 qui
3003 1351 3084 1397 tot
3127 1357 3191 1397 ac
3221 1351 3374 1396 tanta
3407 1342 3609 1396 fecerat
3648 1342 3749 1395 mi-

2162 1432 2370 1497 racula,
2396 1432 2489 1502 qui
2529 1448 2635 1485 una
2668 1447 2799 1487 voce
2836 1432 3137 1503 prostravit
3164 1445 3475 1503 quaerentes
3510 1449 3591 1500 se,
3634 1449 3747 1487 non

2160 1523 2342 1593 potuit
2398 1539 2549 1577 nunc
2612 1523 2833 1578 efﬁcere
2867 1540 2934 1579 ne
2974 1523 3129 1578 illum
3181 1524 3749 1594 comprehenderent?

2168 1614 2322 1669 Haud
2377 1615 2545 1670 dubie
2602 1615 2767 1687 igitur
2825 1631 2924 1672 sua
2968 1627 3163 1686 sponte
3222 1616 3332 1671 illis
3368 1616 3605 1672 traditus
3639 1627 3744 1673 est.

2161 1705 2321 1761 Tunc
2348 1706 2483 1762 dicit
2511 1708 2619 1763 illis
2640 1708 2800 1764 Jesus
2832 1704 2847 1762 Ξ
2878 1727 2897 1759 ι
2932 1708 2988 1763 Si
3030 1708 3195 1779 igitur
3230 1725 3316 1763 me
3349 1709 3616 1779 qureritis,
3669 1711 3749 1765 si-

478 1800 737 1871 Χριστὸς,
772 1817 790 1852 ι
828 1798 1159 1869 Ἐγείρεσθε,
1212 1800 1459 1868 ἄγωμεν,
1512 1798 1619 1851 ἰδοὺ
1653 1801 1680 1852 6
1726 1798 2055 1870 παραδιδούς

2169 1799 2275 1853 nite
2304 1798 2404 1853 hos
2442 1800 2648 1854 abire.»
2686 1800 2752 1854 Et
2777 1798 3025 1854 dimissis
3056 1799 3348 1869 discipulis
3370 1800 3568 1869 ipsius.
3600 1815 3752 1855 com-

484 1870 551 1958 με
598 1891 850 1959 ἤγγικεν.
889 1906 908 1939 ι
950 1888 1060 1940 Καὶ
1112 1886 1357 1950 ἐλθόντος
1392 1886 1484 1940 τοῦ
1547 1885 1719 1940 Ἰούδα
1776 1886 1913 1955 μετὰ
1963 1885 2059 1939 τοῦ

2169 1890 2580 1961 prehenderunt
2626 1889 2931 1947 Christum.
2981 1890 3219 1946 Videsne
3282 1872 3563 1961 quomodo
3623 1900 3750 1944 ante

481 1982 610 2034 λαοῦ
637 1980 743 2033 τῶν
788 1978 1075 2042 Ἰουδαίων,
1098 1979 1247 2048 λέγει
1281 1978 1415 2050 πρὸς
1465 1979 1665 2042 αὐτοὺς
1706 1980 1756 2032 ηό
1803 1977 2057 2050 Χριστὸς,

489 2090 509 2122 ι
542 2071 675 2123 Τίνα
721 2071 968 2141 ζητεῖτες
1042 2071 1307 2137 Λέγουσιν
1362 2071 1510 2140 αὐτῷ
1570 2071 1790 2135 ἐκεῖνοι,
1852 2070 2060 2141 Ἰησοῦν

480 2166 572 2213 τὸν
621 2159 963 2231 Ναζωραῖον.
1022 2160 1187 2229 Λέγει
1256 2162 1284 2213 6
1373 2160 1631 2230 Χριστὸς,
1719 2159 1857 2229 Ἐγὼ
1921 2162 2057 2230 cipit.

481 2252 592 2306 Kal
620 2250 777 2305 τοῦτο
809 2252 1165 2316 ἀκούσαντες,
1194 2252 1389 2305 ἔπεσον
1416 2253 1615 2315 πάντες
1645 2254 1725 2314 εἰς
1753 2254 1854 2322 τὴν
1876 2252 2000 2321 γῆν.
2033 2269 2053 2302 ι

482 2345 549 2396 Τί
576 2344 668 2412 δέ;
693 2346 721 2397 6
746 2345 975 2414 ποιήσας
1012 2343 1247 2398 τοσαῦτα
1276 2344 1369 2397 καὶ
1401 2343 1699 2414 τηλικαῦτα
1729 2343 2002 2413 θαύματα,
2033 2344 2062 2395 6

481 2436 589 2491 ἀπὸ
651 2436 818 2508 μόνης
870 2437 1059 2500 λαλιᾶς
1121 2436 1284 2490 αὑτοῦ
1350 2436 1512 2509 ῥίψας
1571 2437 1698 2500 τοὺς
1761 2435 2061 2506 ζητοῦντας

485 2531 670 2596 αὑτὸν,
735 2530 836 2583 οὐκ
889 2530 1138 2602 ἠδυνήθη
1206 2530 1453 2600 ποιῆσαι,
1506 2528 1595 2583 ἵνα
1651 2530 1735 2599 μὴ’
1787 2529 2061 2600 δυνηθῶσι

487 2624 759 2691 κρατῆσαι
783 2621 944 2674 αὐτόν
963 2639 979 2688 ;
1000 2621 1224 2684 Πάντως
1255 2620 1525 2690 πρόδηλον
1556 2619 1637 2673 ὅτι
1666 2620 1844 2691 οἰκείᾳ
1871 2619 2064 2689 βουλή-

486 2729 566 2765 σει
592 2712 887 2783 παρεδόθη.
920 2712 1051 2765 Τότε
1079 2712 1225 2781 λέγει
1249 2713 1432 2775 αὐτοῖς
1465 2712 1492 2764 ό
1517 2710 1775 2782 Χριστὸς,
1809 2729 1826 2762 t
1857 2711 1918 2762 Εἰ
1969 2709 2063 2763 οῦν

485 2802 586 2872 ἐμὲ
616 2800 836 2871 ζητῆτε,
880 2802 1049 2872 ἄφετε
1083 2800 1308 2866 τούτους
1352 2802 1603 2870 ὑπάγειν.
1633 2819 1651 2851 ι
1685 2800 1794 2852 Καὶ
1833 2799 2063 2868 ἀφέντες

486 2893 610 2954 τοὺς
636 2889 881 2961 μαθητὰς
902 2890 1094 2953 αὑτοῦ,
1115 2891 1427 2959 ἐκράτησαν
1452 2890 1543 2943 τὸν
1565 2889 1815 2959 Χριστόν.
1835 2888 2062 2951 Βλέπεις

489 2983 604 3046 πῶς
637 2982 853 3052 πρῶτον
916 2981 1012 3053 μὲν
1067 2981 1176 3034 ἀπὸ
1226 2983 1392 3053 μόνης
1441 2980 1541 3050 τῆς
1603 2980 1795 3043 λαλιᾶς
1842 2980 2060 3045 ἔπεσον,

487 3075 677 3130 ἔπειτα
698 3076 754 3129 ὲν
791 3073 866 3146 τῷ
887 3078 1062 3145 εἰπεῖν
1094 3076 1228 3145 πρὸς
1256 3075 1491 3142 αὐτοῦςκ
1528 3093 1546 3126 ι
1580 3075 1781 3141 Ἅφετε
1837 3073 2063 3136 τούτους

488 3167 740 3238 ὐπάγειν,
777 3167 871 3220 ἐὰν
898 3168 997 3237 ἐμὲ
1026 3166 1252 3238 ξητῆτε,
1294 3186 1315 3220 ι
1358 3167 1514 3238 μόνος
1538 3158 1549 3167 ’
1571 3166 1843 3238 παρεδόθη
1885 3164 2064 3236 οἰκείᾳ

489 3258 740 3330 θελήσει;
775 3259 1019 3322 Ἕδειξεν
1066 3258 1142 3323 ῶς
1198 3262 1257 3313 ὲν
1312 3260 1496 3329 ταυτῷ
1553 3261 1646 3312 καὶ
1689 3260 1789 3327 τὴν
1836 3258 2066 3328 δύναμιν

491 3350 678 3413 αὑτοῦ.
713 3352 807 3405 καὶ
828 3351 926 3423 τὴν
957 3351 1197 3423 θέλησιν.
1230 3352 1328 3405 Διά
1378 3370 1459 3404 τοι
1495 3354 1652 3405 τοῦτο
1681 3352 1777 3407 καὶ
1815 3351 1844 3404 6
1902 3351 2067 3404 Δαόὶδ

491 3436 632 3507 εἷπε,
671 3461 690 3493 ι
719 3433 1052 3513 Παρεδόθην,
1079 3444 1174 3495 καὶ
1196 3444 1295 3496 οὐκ
1326 3442 1757 3514 ἐξεπορευόμην.
1790 3462 1809 3495 ι
1858 3443 2067 3511 Ἥγουν

490 3533 744 3599 δυνάμεις
787 3534 925 3607 ἔχων
952 3539 979 3588 ὀ
1003 3536 1254 3605 Χριστδς,
1282 3536 1371 3590 ἵνα
1396 3538 1470 3606 μὴ
1518 3535 1818 3607 παραδοθῇ,
1852 3535 2066 3588 ἐθελον-

491 3625 588 3697 τὴς
604 3626 896 3697 παρεδόθη.
916 3626 1233 3697 ’Λπήγαγον
1259 3627 1439 3679 τοίνυν
1454 3626 1547 3679 τὸν
1577 3626 1814 3697 Χριστὸν
1835 3627 1914 3689 εἰς
1941 3624 2068 3688 τοὺς

493 3720 785 3789 ἀρχιερεῖς.
821 3718 886 3771 0i
940 3717 995 3771 δὲ
1059 3717 1302 3787 μαθηταὶ
1366 3718 1696 3790 φοϐηθέντες
1732 3717 1954 3786 ἔφυγον.
2005 3719 2069 3772 Ui

495 3808 623 3877 γοῦν
648 3809 924 3879 ἀρχιερεῖς
952 3808 1362 3879 παραλαϐόντες
1390 3806 1480 3861 τὸν
1509 3807 1719 3877 Ἰησοῦν
1769 3806 2068 3879 ἐχάρησανο

495 3902 585 3955 καὶ
644 3901 1147 3972 προσκαλεσάμενοι
1200 3900 1295 3954 δύο
1357 3900 1815 3971 ψευδομάρτυρας
1883 3901 2071 3968 ἔλεγον

499 3993 615 4048 κατ’
645 3991 809 4049 αὐτοῦ
833 3994 933 4047 ὃσα
955 3992 1241 4047 ἐϐούλοντο
1268 3992 1500 4062 ψευδῶς.
1548 3993 1608 4048 Ὀ
1642 3993 1821 4047 τοίνυν
1862 3992 2075 4064 Ἰησοῦς

496 4085 725 4141 ἐσιώπα.
763 4085 925 4153 Λέγει
975 4085 1104 4152 γοῦν
1159 4084 1309 4156 αὐτῷ
1337 4088 1365 4139 6
1394 4086 1707 4158 ἀρχιερεὺς,
1737 4103 1756 4138 ι
1778 4083 2073 4156 Ἐξορκίζω

504 4195 558 4231 σε
597 4178 736 4232 κατά
764 4179 859 4231 τοῦ
888 4178 1044 4242 Θεοῦ,
1100 4177 1186 4230 ἵνα
1217 4178 1347 4248 ἡμῖν
1379 4178 1560 4248 εῐπῃς,
1592 4179 1640 4230 εί
1696 4178 1760 4231 σὺ
1802 4173 1855 4232 si
1880 4179 1906 4231 6
1945 4178 2074 4240 Υἱὸς

506 4269 585 4322 τοῦ
614 4270 939 4340 Εὐλογητοῦ,
980 4273 1027 4323 εί
1054 4270 1118 4322 σὺ
1145 4264 1195 4321 εἰ
1226 4271 1253 4322 6
1284 4270 1516 4339 Χριστὸς
1549 4272 1576 4323 6
1612 4268 1737 4334 Υἱὸς
1796 4269 1888 4322 τοῦ
1936 4267 2072 4323 Θεοῦ

498 4361 587 4414 τοῦ
651 4364 868 4428 ζῶντος.
906 4381 924 4414 ι
963 4360 1128 4430 Λέγει
1161 4361 1308 4432 αὑτῷ
1334 4364 1363 4415 6
1432 4362 1660 4433 Ἰησοῦς,
1701 4380 1719 4414 ι
1759 4361 1900 4430 Ἐγώ
1931 4362 2068 4432 είμι.

499 4453 644 4526 Πλὴν
664 4454 810 4522 λέγω
826 4454 976 4522 ὑμῖν,
1003 4455 1206 4525 ἀπάρτι
1256 4453 1448 4524 ὄψεσθε
1470 4453 1560 4507 τὸν
1589 4454 1714 4507 Υίδν
1739 4453 1832 4507 τοῦ
1865 4452 2076 4523 ἀνθρώ-

2166 1980 2385 2052 quidem
2428 1983 2593 2037 unico
2626 1981 2799 2037 verbo
2831 1982 3092 2051 prostrati
3151 1982 3497 2049 ceciderint;
3548 1982 3750 2038 deinde

2167 2087 2300 2128 vero
2332 2087 2457 2127 cum
2489 2071 2703 2128 diceret
2730 2071 2863 2134 illis,
2908 2090 2928 2125 ι
2968 2072 3146 2129 Sinite
3180 2073 3281 2130 bos
3334 2073 3509 2137 abire,
3561 2074 3606 2129 si
3662 2089 3750 2128 me

2168 2165 2469 2235 quaeritis,»
2513 2166 2668 2220 solus
2690 2166 2913 2234 propria
2938 2181 3035 2221 sua
3061 2167 3347 2220 voluntate
3369 2165 3751 2221 consentiente

2167 2253 2255 2307 bis
2283 2254 2520 2310 traditus
2549 2254 2657 2310 sit?
2704 2254 3118 2313 Demonstravit
3166 2255 3352 2325 itaque
3394 2255 3446 2308 in
3478 2270 3539 2310 se
3571 2262 3629 2310 et
3657 2270 3751 2324 po-

2152 2345 2395 2401 tentiam
2426 2361 2605 2413 suam,
2639 2353 2695 2401 et
2724 2345 3091 2401 voluntatem.
3119 2346 3470 2414 Quapropter
3497 2353 3555 2398 et
3578 2344 3749 2399 David

2168 2434 2325 2500 dixit,
2384 2432 2677 2512 «Traditus
2706 2450 2828 2491 sum
2853 2477 2866 2501 ,
2901 2442 2955 2488 et
2990 2449 3098 2488 non
3125 2434 3461 2489 declinavi.»
3506 2432 3562 2489 Si
3602 2434 3753 2488 enim

2167 2527 2422 2584 Christus
2455 2543 2582 2583 cum
2631 2526 2871 2582 evadere
2903 2533 3092 2597 posset
3149 2525 3385 2579 traditus
3419 2533 3526 2589 est,
3562 2525 3754 2581 volens

2169 2621 2413 2691 seipsum
2454 2619 2697 2677 tradidit.
2753 2619 3119 2676 Abduxerunt
3167 2621 3349 2689 itaque
3375 2619 3656 2676 Christum
3685 2619 3751 2672 ad

2168 2710 2478 2781 pontifices.
2511 2710 2775 2781 Discipuli
2836 2717 3020 2765 autem
3051 2709 3248 2762 timore
3276 2708 3519 2776 correpti
3592 2706 3747 2777 fuge-

2172 2810 2320 2855 runt.
2344 2782 2725 2857 'Sacerdotum
2760 2811 2948 2856 autem
2990 2801 3273 2875 principes
3302 2809 3532 2870 propter
3563 2797 3753 2855 Jcsum

2168 2895 2634 2963 comprehensum
2666 2893 2837 2965 gavisi
2867 2902 3038 2958 sunt;
3093 2901 3149 2947 et
3205 2890 3488 2945 advocatis
3536 2890 3756 2946 duobus

2170 2983 2321 3039 falsis
2345 2984 2573 3040 testibus
2600 2994 2799 3040 contra
2836 2983 2994 3037 illum
3020 3019 3034 3045 ,
3066 2994 3413 3051 quaecunque
3437 2979 3645 3035 libebat
3666 2980 3756 3035 di-

2170 3077 2369 3132 cebant
2396 3075 2706 3130 mendacia.
2737 3075 2901 3130 Jesus
2942 3088 3075 3127 vero
3126 3072 3366 3129 tacebat.
3416 3071 3555 3127 Dicit
3588 3072 3755 3143 igitur

2173 3166 2252 3221 illi
2286 3180 2536 3221 summus
2583 3164 2844 3219 sacerdos
2878 3180 2892 3217 :
2932 3181 2950 3214 ι
2991 3162 3202 3233 Adjuro
3261 3172 3313 3217 te
3359 3178 3459 3231 per
3491 3161 3660 3217 Deum
3694 3174 3756 3218 ut

2172 3259 2324 3314 dicas
2357 3257 2539 3320 nobis,
2592 3270 2722 3309 num
2752 3264 2810 3309 tu
2839 3257 2917 3310 sis
2965 3253 3113 3308 ﬁlius
3156 3252 3466 3316 Benedicti,
3502 3253 3587 3307 vel
3618 3269 3751 3307 num

2170 3360 2228 3407 tu
2259 3351 2334 3406 sis
2354 3349 2609 3405 Christus
2634 3347 2806 3403 Filius
2845 3346 2939 3402 Dei
2979 3345 3240 3401 viventis.
3285 3345 3425 3400 Dicit
3458 3345 3533 3400 illi
3570 3346 3754 3409 Jesus.

2170 3441 2282 3512 Ego
2334 3455 2476 3496 sum.
2534 3439 2932 3495 Verumtamen
2987 3438 3114 3493 dico
3174 3437 3351 3502 vobis,
3400 3452 3431 3491 a
3468 3452 3617 3492 nunc
3676 3439 3757 3491 vi-

2171 3533 2373 3589 debitis
2388 3532 2591 3586 Filium
2620 3529 2869 3584 hominis
2894 3527 3177 3585 sedentem
3194 3543 3224 3582 a
3245 3523 3458 3583 dextris
3474 3528 3755 3598 potentiae.

2170 3633 2228 3680 et
2257 3622 2578 3679 venientem
2642 3619 2699 3675 in
2762 3620 3010 3675 nubibus
3061 3620 3242 3675 coeli.»
3310 3619 3467 3676 Tunc
3505 3620 3758 3691 princeps

2146 3715 2525 3773 sacerdotum
2557 3712 2727 3768 scidit
2753 3711 3096 3790 vestimenta,
3123 3726 3244 3777 sua,
3269 3705 3465 3768 dicens
3495 3729 3507 3765 :
3549 3731 3566 3763 ι
3610 3711 3758 3767 Blas-

2173 3808 2469 3879 phcmavit,
2531 3804 2665 3876 quid
2723 3805 2870 3860 ultra
2926 3804 3240 3874 indigemus
3272 3804 3555 3860 testibus?
3618 3807 3757 3863 Ecce

2171 3913 2272 3953 vos
2306 3897 2411 3967 ipsi
2447 3894 2740 3950 audivistis
2778 3895 3176 3965 blasphemiam
3207 3892 3404 3964 ipsius.
3438 3893 3584 3962 Quid
3607 3897 3762 3953 vobis

2172 3989 2429 4045 videtur?
2501 3991 2570 4042 At
2619 3987 2701 4043 illi
2736 3986 2995 4042 dixerunt
3047 4005 3061 4041 :
3130 3986 3283 4042 Reus
3337 3988 3532 4042 mortis
3584 3997 3689 4043 est.
3735 4009 3753 4041 ι

2174 4081 2409 4149 Quidam
2439 4080 2606 4148 igitur
2632 4080 2935 4134 astantium
2978 4078 3130 4133 dedit
3156 4079 3233 4133 illi
3266 4079 3505 4150 alapam.
3530 4079 3600 4134 Et
3630 4096 3758 4136 cum

2176 4171 2484 4226 illusissent
2516 4171 2618 4237 illi,
2677 4169 3035 4225 abduxerunt
3065 4170 3243 4233 illum,
3295 4179 3354 4225 et
3410 4170 3763 4229 tradiderunt

2175 4263 2373 4319 Pilato.
2406 4263 2575 4318 ludas
2609 4277 2743 4318 vero
2783 4262 2979 4318 abiens
3027 4261 3163 4317 dicit
3197 4261 3545 4333 principibus
3577 4280 3762 4320 sacer-

2174 4355 2365 4410 dotum
2395 4373 2408 4410 :
2447 4375 2467 4408 ι
2502 4354 2755 4419 Peccavi,
2789 4355 3027 4425 prodens
3048 4356 3369 4425 sanguinem
3400 4356 3681 4411 innoxium
3704 4373 3753 4425 ;o

2177 4458 2234 4504 et
2260 4447 2539 4520 argenteis
2567 4447 2625 4501 in
2658 4446 2926 4514 templum
2973 4445 3257 4515 proiectis,
3294 4445 3466 4513 abiit,
3525 4455 3583 4502 et
3638 4462 3762 4503 sus-

499 4560 598 4596 που
621 4543 925 4615 καθήμενον
943 4547 1004 4598 ὲκ
1024 4545 1215 4609 δεξιῶν
1232 4545 1326 4614 τῆς
1345 4544 1647 4614 δυνάμεως,
1671 4548 1764 4598 καὶ
1779 4544 2066 4616 ἐρχόμενον

2176 4539 2368 4611 pendit
2396 4554 2478 4594 se.
2509 4538 2810 4595 Pontiﬁces
2840 4553 2977 4593 vero
3007 4537 3260 4607 pecuniis
3318 4539 3565 4606 acceptis
3600 4538 3758 4593 dixe-

496 4635 591 4686 ἐπὶ
618 4636 722 4686 τῶν
750 4634 990 4705 νεφελῶν
1024 4635 1115 4687 τοῦ
1151 4634 1405 4705 οὐρανοῦ.
1451 4654 1471 4688 ι
1526 4636 1662 4689 Τότε
1710 4638 1738 4689 6
1779 4635 2072 4705 ἀρχιερεὺς

498 4724 745 4796 διέρρηξε
768 4725 839 4777 τὰ
868 4726 880 4776 ί
889 4726 1056 4796 μάτια
1071 4726 1237 4790 αὑτοῦ
1261 4726 1453 4795 λέγων,
1476 4728 1555 4781 ὅτι
1578 4746 1596 4779 ι
1621 4726 1896 4797 Ἐὁλασφή
1907 4742 2069 4797 μησε·

498 4817 665 4870 τίὲτι
726 4819 916 4888 χρείαν
973 4818 1171 4889 ἔχομεν
1229 4822 1565 4890 μαρτύρων;
1631 4821 1707 4874 ίδε
1762 4820 2074 4890 νῦν·ὐμεῖς

497 4910 766 4978 ἠκούσατε
794 4912 893 4980 τὴν
915 4909 1268 4983 βλασφημίαν
1298 4911 1487 4967 αὐτοῦ.
1508 4912 1572 4966 Τί
1601 4913 1729 4984 ύμῖν
1752 4913 1899 4968 δοκεῖ
1922 4931 1936 4979 ;
1964 4932 1982 4963 ι
2009 4914 2074 4971 Ol

495 5001 553 5055 δὲ
578 4997 750 5067 εἷπον,
784 5020 802 5052 t
838 5001 1062 5072 Ἔνοχος
1107 5003 1338 5057 θανάτου
1395 5002 1563 5058 ἐστίν.
1599 5021 1617 5055 ι
1692 5004 1900 5057 Ἔδωκε
1942 5003 2074 5073 γοῦν

498 5090 647 5160 αὑτῴ
672 5083 750 5153 εἷς
781 5090 892 5143 τῶν
943 5091 1369 5163 παρεστηκότων
1404 5093 1679 5162 ῥάπισμα.
1710 5093 1821 5146 Καὶ
1869 5095 2075 5162 ἐμπαί·-

503 5178 688 5242 ξαν-τες
733 5177 904 5249 αὐτῷ,
946 5179 1235 5247 ἀπήγαγον
1290 5181 1387 5233 καὶ
1431 5179 1753 5251 παρέδωκαν
1784 5180 1947 5234 αὑτὸν
1994 5181 2075 5250 τῷ

499 5268 735 5339 Πιλάτῳ.
752 5268 812 5324 ’0
825 5270 881 5323 δὲ
898 5268 1097 5333 Ἰούδας
1113 5268 1386 5335 ἀπελθὼν,
1405 5269 1555 5339 λέγει
1574 5271 1683 5334 τοῖς
1703 5267 2074 5341 ἀρχιερεῦσιν,

2175 4641 2327 4697 runt,
2367 4631 2515 4687 «Non
2542 4631 2666 4686 licet
2695 4645 2816 4685 eam
2841 4644 3047 4700 ponere
3074 4630 3131 4684 in
3153 4631 3473 4696 corbonam,
3499 4628 3758 4700 quoniam

2172 4724 2410 4795 pretium
2439 4722 2721 4793 sanguinis
2749 4731 2857 4777 est.
2877 4740 2894 4772 ι
2940 4723 3205 4777 Emerunt
3234 4722 3403 4793 igitur
3432 4724 3533 4776 hac
3566 4739 3758 4795 agrum

2174 4815 2347 4886 ﬁguli,
2378 4816 2431 4867 in
2462 4814 2806 4883 sepulturam
2842 4813 3291 4883 peregrinorum.
3340 4815 3545 4870 Milites
3575 4824 3764 4871 autem

2174 4907 2426 4979 praesidis
2477 4915 2763 4976 acceptum
2795 4905 2986 4961 Jesum
3019 4916 3295 4989 exuerunt
3356 4909 3604 4964 vestibus
3625 4908 3762 4975 suis,

2182 5008 2238 5054 ct
2274 5000 2577 5053 induerunt
2614 4997 2766 5051 illum
2791 4996 3081 5068 chlamyde
3119 4999 3410 5067 probrosa,
3435 5010 3491 5055 et
3517 4999 3761 5055 abduxe-

2185 5097 2322 5144 runt
2350 5104 2476 5145 eum
2542 5089 2608 5142 ad
2647 5104 2830 5158 regem
2865 5088 3159 5144 llcrodem.
3220 5089 3287 5144 Et
3348 5106 3474 5147 cum
3538 5091 3766 5145 vidisset

2184 5181 2339 5236 illum
2368 5176 2636 5245 Herodes,
2672 5179 2888 5235 remisit
2913 5179 3065 5234 illum
3088 5179 3282 5235 Pilato.
3315 5180 3414 5235 llic
3437 5198 3569 5236 vero
3590 5182 3765 5237 inter-

2184 5270 2399 5342 rogavit
2431 5284 2529 5325 eos
2569 5270 2784 5337 dit-ens,
2827 5269 2997 5337 «Quid
3020 5271 3204 5326 dicitis
3229 5272 3295 5326 de
3329 5272 3560 5329 homine
3591 5273 3758 5328 isto?»

508 5358 846 5430 «Ἥμαρτον,
884 5359 1159 5432 παραδοὺς
1186 5353 1333 5430 αἷμα
1360 5361 1555 5415 ἀθῶον.
1592 5377 1614 5412 ι
1660 5360 1771 5413 Καὶ
1806 5360 1969 5431 ῥίψας
2014 5360 2066 5414 τέ

2189 5361 2260 5419 At
2282 5360 2363 5416 illi
2394 5361 2653 5416 dixerunt
2682 5377 2697 5415 :
2740 5378 2761 5413 t
2799 5361 3071 5433 Crucilige
3102 5361 3292 5417 illum.
3334 5382 3354 5414 ι
3393 5363 3604 5419 Pilatus
3638 5378 3766 5417 vero

511 5453 752 5525 ἀργύρια
781 5457 839 5507 ἐν
869 5452 948 5525 τῷ
972 5453 1393 5526 ναῷ,,ἀπελθὼν
1424 5454 1731 5526 ἀπήγξατο.
1786 5453 1851 5508 Οί
1879 5454 1935 5508 δὲ
1981 5454 2081 5524 ἀρ-

498 5553 699 5619 χιερεῖς
729 5550 983 5613 λαϐόντες
1017 5549 1084 5604 τὰ
1131 5549 1393 5624 ἀργύρια,
1440 5543 1616 5615 εἷπον,
1668 5567 1686 5600 ι
1722 5549 1839 5601 Οὐκ
1869 5546 2079 5612 ἔξεστιν

499 5645 629 5711 ἡμῖν
654 5641 838 5714 βαλεῖν
863 5641 1003 5698 αὐτὰ
1023 5642 1103 5706 είς
1125 5640 1216 5697 τὸν
1238 5640 1531 5712 κορϐανᾶν,
1567 5641 1691 5695 ἐπεὶ
1719 5639 1855 5712 τιμὴ
1905 5641 2077 5709 αἵμα-

571 5825 617 5858 πδ
648 5824 846 5883 Matth.
878 5842 1021 5892 xxVI,
1061 5823 1146 5878 15,

2189 5453 2370 5524 inquit
2397 5471 2413 5508 :
2456 5471 2475 5506 ι
2510 5453 2579 5507 Ει
2609 5453 2878 5524 quidnam
2907 5454 3034 5509 mali
3062 5454 3235 5510 fecit?
3264 5474 3281 5507 ι
3324 5456 3393 5512 At
3419 5455 3497 5511 illi
3522 5456 3716 5510 dicunt
3748 5469 3762 5507 :

2195 5565 2214 5601 ι
2247 5546 2578 5617 Obloquitur
2600 5545 2826 5611 Caesari,
2857 5556 2914 5601 et
2938 5546 3183 5618 seipsum
3209 5547 3346 5603 dicit
3373 5547 3471 5602 Dei
3504 5545 3758 5601 Filium.»

2188 5639 2258 5696 Et
2292 5639 2372 5696 sic
2408 5637 2813 5696 conturbabant
2838 5639 3099 5696 Pilatum.
3155 5639 3254 5696 llic
3303 5655 3434 5696 vero
3494 5637 3761 5695 voluntati
