4090 6448
298 4720 316 4767 \.

365 422 476 495 157

1593 394 1922 496 JOANNiS
1962 434 2495 497 CANTACL’ZEN‘I

3508 434 3615 497 τοι

361 543 585 601 illorum
616 545 1016 611 satisfacturus,
1044 552 1265 616 accepta
1289 560 1425 615 aqua
1449 560 1630 600 coram
1656 544 1932 609 omnibus,

2046 544 2128 607 τός
2152 545 2318 599 ἐστιν.
2359 564 2378 598 ι
2433 544 2740 616 Ἥγόρασαν
2773 542 2949 598 τοίνυν
2980 542 3040 608 ἐξ
3093 542 3272 597 αὐτῶν
3298 541 3390 597 τὸν
3442 541 3613 612 ἀγρόν

361 652 555 692 manus
572 637 746 692 abluit
769 638 959 694 dicens
990 655 1008 694 :
1039 639 1327 693 «innoxius
1348 653 1448 708 ego
1469 652 1590 691 sum
1618 653 1646 691 a
1667 635 1933 705 sanguine

358 725 494 799 justi
526 726 730 799 hujus;
793 745 892 783 vos
941 728 1214 783 videritis.
1251 747 1269 779 ι
1310 728 1390 782 11ιί
1448 743 1578 781 vero
1623 726 1930 780 dixerunt:

369 840 387 871 ι
417 817 651 891 Sanguis
677 822 797 892 ejus
823 835 990 891 super
1022 834 1121 875 nos
1149 861 1162 883 ,
1213 830 1268 875 et
1291 834 1457 889 super
1484 818 1622 872 ﬁlios
1652 825 1925 872 nostros.»

363 908 429 963 Et
460 919 591 965 tunc
616 911 838 966 tradidit
871 910 1058 967 Iesum
1085 910 1373 972 militibus.
1408 918 1468 964 ut
1496 908 1932 979 crucifigeretur.

362 999 444 1054 Illi
472 1016 604 1054 vero
635 1017 756 1055 cum
789 1002 1150 1072 accepissent,
1178 1000 1255 1055 illi
1286 1000 1598 1063 illuserunt,
1622 1006 1676 1052 et
1697 1010 1932 1065 exspue-

367 1104 495 1147 runt
536 1093 589 1147 in
624 1093 821 1148 faciem
853 1094 992 1164 ej'us,
1057 1100 1113 1147 et
1148 1090 1563 1162 ﬂagellaverunt
1592 1103 1740 1153 eum,
1798 1087 1932 1157 quin

363 1194 419 1239 et
450 1187 783 1240 vestimenta
816 1185 962 1240 illius
996 1183 1331 1239 diviserunt.
1387 1182 1652 1238 Gcstabat
1684 1194 1815 1235 vero
1851 1189 1935 1233 tu-

365 1278 543 1332 nicam
584 1278 998 1345 inconsutilem,
1032 1292 1198 1348 super
1232 1291 1394 1346 quam
1423 1276 1674 1346 iecerunt
1704 1283 1932 1336 sortem,

363 1368 618 1437 quisnam
648 1369 794 1424 illam
829 1371 1127 1440 acciperet.
1191 1369 1417 1423 Etcum
1468 1368 1587 1421 haec
1648 1365 1931 1428 fecissent,

362 1460 718 1515 abduxerunt
745 1461 935 1517 Iesum
964 1460 1032 1515 ad
1067 1459 1501 1531 cruciﬁgendum
1533 1457 1710 1511 illum.
1760 1456 1937 1510 Dede-

364 1561 494 1606 runt
544 1553 711 1607 etiam
774 1554 849 1608 illi
883 1562 1095 1623 potum,
1148 1551 1275 1606 felle
1310 1551 1532 1605 mistum
1591 1556 1831 1609 acetum,
1880 1556 1933 1599 et

363 1642 759 1699 cruciﬁxerunt
782 1659 934 1699 eum.
967 1643 1035 1698 Et
1055 1642 1452 1698 obtenebratus
1482 1648 1568 1695 est
1594 1639 1675 1694 sol
1696 1639 1764 1693 ab
1798 1639 1931 1692 hora

366 1734 524 1790 tertia
559 1751 732 1805 usque
767 1736 831 1791 ad
865 1736 1055 1791 horam
1081 1750 1316 1802 nonam;
1377 1743 1433 1789 et
1464 1733 1600 1787 hora
1630 1748 1773 1787 nona
1798 1729 1934 1786 emi-

366 1825 439 1879 sit
470 1826 725 1896 spiritum
753 1867 768 1892 ,
801 1826 1110 1883 astantibus
1138 1824 1301 1881 simul
1352 1825 1506 1880 cruci
1537 1832 1722 1878 sancta
1756 1828 1931 1875 matre

365 1918 561 1987 ipsius,
593 1925 647 1973 et
679 1933 787 1972 uno
810 1918 1204 1988 discipulorum
1231 1916 1463 1973 Joanne.
1523 1912 1742 1984 Reliqui
1800 1926 1931 1966 vero

367 2006 623 2076 discipuli
653 2022 845 2062 omnes
868 2007 1218 2079 aufugerunt,
1252 2013 1307 2061 et
1358 2004 1639 2060 latuerunt
1681 2003 1933 2056 abseonsi

370 2112 481 2165 prie
535 2098 731 2153 timore
783 2114 903 2153 suo.
953 2099 1023 2153 Et
1074 2096 1344 2153 accedens
1395 2094 1616 2166 quidam
1674 2092 1933 2155 militum,

366 2192 557 2245 lancea
587 2190 824 2260 perfodit
860 2192 1004 2246 latus
1056 2189 1253 2260 ipsius.
1303 2189 1501 2244 Postea
1550 2187 1780 2242 veniens
1812 2185 1937 2255 qui-

369 2284 492 2339 dem
516 2284 866 2353 optimatum,
897 2283 1099 2353 Ioseph
1130 2282 1389 2349 nomine,
1446 2297 1474 2341 a
1505 2280 1682 2336 Pilato
1737 2292 1939 2347 corpus

366 2373 571 2430 Christi
608 2376 802 2446 petiit;
863 2385 920 2430 et
949 2375 1233 2444 deponens
1260 2371 1421 2439 illud,
1453 2371 1744 2442 adjuvante
1773 2367 1937 2423 simul

371 2467 482 2522 alio
508 2468 772 2538 quodam,
825 2466 1127 2521 Nieodemo
1161 2465 1397 2533 scilicet,
1448 2462 1679 2518 involvit
1710 2461 1941 2516 sindone

368 2570 424 2613 ct
459 2562 694 2630 myrrhae
744 2559 859 2615 fere
889 2559 1047 2615 libris
1075 2568 1319 2625 centum,
1368 2565 1532 2627 prout
1566 2569 1682 2609 mos
1737 2560 1822 2608 est
1847 2550 1943 2607 Ju-

372 2652 504 2707 dmis
530 2653 788 2723 sepelire.
850 2652 1057 2707 Nactus
1085 2666 1215 2706 vero
1249 2649 1561 2720 sepulcrum
1595 2646 1843 2701 excisum
1882 2645 1940 2698 in

374 2751 550 2814 petra,
573 2743 827 2813 sepelivit
854 2742 1225 2814 corpusJesu,
1249 2750 1306 2796 et
1324 2741 1584 2811 imposuit
1602 2741 1678 2794 illi
1709 2739 1940 2814 lapidem

371 2836 531 2892 valde
564 2852 838 2907 magnum.
868 2836 1120 2892 Crastina
1149 2842 1330 2891 autem
1364 2835 1452 2890 die
1487 2833 1682 2890 scribae
1712 2842 1768 2888 et
1805 2832 1944 2888 Pha—

320 2982 326 2987 .
376 2931 511 2985 τῖεαεὶ
536 2931 818 2986 venientes
852 2931 918 2985 ad
944 2930 1179 2985 Pilatum
1201 2930 1459 2985 dixerunt
1482 2929 1564 2982 illi
1595 2943 1608 2979 :
1655 2926 1941 2989 «Domine,

378 3018 649 3080 recordati
691 3041 903 3090 sumus,
942 3023 1091 3094 quod
1118 3024 1387 3094 impostor
1423 3021 1514 3076 hic
1542 3021 1735 3076 vivens
1764 3020 1947 3075 adhuc

375 3116 596 3183 dixerit,
633 3133 692 3172 se
732 3126 858 3187 post
892 3116 1012 3172 dies
1035 3125 1151 3172 tres
1177 3122 1641 3170 resurrecturum.
1675 3111 1815 3170 Jube
1847 3110 1947 3183 igi-

2035 641 2131 694 τοῦ
2160 642 2446 713 κεραμέως
2473 643 2550 705 είς
2590 640 2763 712 ταφήν
2802 641 2914 704 τοῖς
2941 638 3133 707 ξένοις.
3161 641 3224 693 Oi
3249 640 3303 693 δέ
3348 638 3614 708 στρατιῶ-

2035 751 2121 785 ται
2152 734 2244 788 τοῦ
2275 734 2535 805 ἡγεμόνος
2564 731 2965 803 παραλαϐόντες
2986 733 3078 785 τὸν
3115 729 3616 802 Ἰησοῦν,ἐξέδυσαν

2035 824 2197 878 αὑτὸν
2230 821 2297 875 τὰ
2324 821 2512 892 ἱμάτια
2544 820 2729 889 αὐτοῦ,
2761 823 2855 876 καὶ
2878 820 3135 874 ἐνέδυσαν
3163 819 3323 873 αὑτὸν
3363 817 3613 889 χλαμύδα

2036 915 2268 985 ὕϐρεως,
2307 915 2397 968 καὶ
2430 913 2715 983 ἀπήγαγον
2745 911 2903 966 αὐτὸν
2930 913 3009 976 είς
3035 911 3125 966 τὺν
3154 910 3378 982 βασιλέα
3433 910 3613 981 Ἦρώ-

2035 1008 2158 1077 δην.
2191 1009 2301 1060 Kal.
2335 1005 2481 1060 ἰδὼν
2510 1006 2674 1060 αὐτῆν
2702 1006 2733 1059 ὅ
2795 1003 3063 1075 Ἡρώδης,
3103 1004 3266 1058 πάλιν
3319 1002 3610 1057 ἀπέστειλε

2035 1098 2220 1152 τοῦτον
2247 1096 2323 1168 τῷ
2352 1096 2588 1167 Πιλάτῳ.
2630 1098 2688 1150 Ὀ
2719 1096 2775 1150 δέ
2825 1095 3053 1159 Πιλᾶτος
3090 1094 3374 1166 ἠρώτησεν
3404 1090 3611 1154 αὐτοὺς

2035 1188 2224 1254 εἰπὼν,
2263 1207 2281 1238 ι
2316 1187 2381 1240 Τί
2416 1187 2600 1255 λέγετε
2635 1190 2763 1256 περὶ
2796 1185 2888 1239 τοῦ
2917 1185 3203 1256 ἀνθρώπου
3231 1181 3419 1235 τούτου
3444 1198 3460 1250 ;
3487 1200 3505 1232 ι
3545 1181 3608 1232 Οί

2034 1282 2090 1333 δὲ
2124 1275 2297 1342 εἷπον,
2328 1297 2344 1329 ι
2377 1279 2699 1349 Σταύρωσον
2739 1278 2918 1333 αὐτόν.
2950 1296 2970 1329 ι
3006 1278 3116 1330 Kal.
3142 1277 3170 1329 ό
3201 1273 3450 1335 Πιλᾶτος,
3489 1291 3507 1323 ι
3543 1270 3611 1324 Τί

2036 1371 2141 1444 γὰρ
2167 1372 2336 1425 κακον
2359 1372 2611 1442 ἐποίησεν
2636 1363 2827 1436 οὗτος
2861 1388 2879 1420 ι
2916 1370 2981 1423 οι
3005 1368 3061 1421 δέ
3097 1367 3302 1435 ἐλεγον,
3338 1384 3356 1416 ι
3379 1363 3614 1418 Ἀντιλέ-

2036 1479 2122 1530 γει
2156 1462 2230 1532 τῷ
2256 1462 2516 1530 Καίσαρι,
2549 1461 2643 1515 καὶ
2664 1460 2794 1514 Υἰὸν
2833 1459 2969 1513 Θεοῦ
3025 1459 3215 1512 ἐαυτὸν
3254 1456 3415 1510 ποιεῖ.
3446 1473 3464 1506 ι
3501 1454 3611 1508 Kal.

2036 1553 2240 1623 ὢχλουν
2280 1553 2369 1607 τὸν
2408 1552 2660 1607 Πιλᾶτον.
2703 1551 2765 1606 '0
2809 1550 2865 1604 δὲ
2923 1550 3245 1621 βουλόμενος
3295 1548 3517 1618 ποιῆσαι
3549 1543 3613 1596 τὸ

2039 1643 2246 1712 θέλημα
2285 1641 2482 1707 αὐτῶν,
2511 1640 2691 1695 λαϐὼν
2725 1639 2889 1712 ὕδωρ,
2938 1640 3237 1709 ἀπενίψατο
3289 1635 3603 1709 ἔμπροσθεν
3654 1688 3659 1692 .

2037 1736 2275 1801 πάντων,
2306 1732 2497 1801 είπὼν,
2536 1752 2554 1786 ι
2596 1733 2797 1796 ’Λθῶός
2822 1733 2937 1802 εἰμι
2967 1731 3075 1800 ἐγὼ
3099 1730 3205 1784 ἀπὸ
3255 1729 3348 1783 τοῦ
3379 1729 3612 1797 αἵματος

2036 1822 2352 1880 τῖῦδικαίου
2385 1825 2601 1879 τούτου*
2630 1824 2787 1894 ὑμεῖς
2816 1822 3034 1893 ὄψεσθε.
3078 1841 3097 1875 ι
3127 1822 3188 1875 Οἱ
3213 1820 3268 1874 δὲ
3294 1816 3465 1884 εἷπον,
3501 1836 3519 1869 ι
3538 1817 3615 1870 Τὸ

2038 1912 2177 1986 αἷμα
2211 1915 2377 1970 αὐτοῦ
2408 1915 2672 1986 ἐφ’ήμᾶς
2726 1914 2819 1966 καὶ
2878 1912 2972 1966 ἐπὶ
3023 1911 3092 1966 τὰ
3147 1911 3312 1964 τέκνα
3374 1908 3551 1980 ἡμῶν.
3584 1927 3607 1961 ι

2037 2009 2170 2061 Τότε
2202 2007 2488 2076 παρέδωκε
2545 2005 2636 2059 τὴν
2676 2003 2882 2076 Ἰησοῦν
2933 2004 3045 2066 τοῖς
3094 2000 3480 2071 στρατιώταις,
3520 1999 3612 2053 ἵνα

2040 2098 2350 2169 σταυρωθῇ.
2397 2098 2459 2152 Ol
2513 2092 2569 2150 δὲ
2633 2094 3042 2165 παραλαϐόντες
3103 2094 3286 2159 αὐτὸν,
3322 2089 3615 2156 ἐνέπαιξαν

2039 2190 2209 2261 αὐτῷ,
2243 2192 2339 2245 καὶ
2371 2188 2675 2243 ἐνέπτυσαν
2706 2189 2784 2250 εἰς
2826 2186 2886 2240 τδ
2941 2187 3230 2256 πρόσωπον
3287 2181 3474 2246 αὐτοῦ,
3518 2182 3615 2235 καὶ

2039 2280 2423 2351 ἐμαστίγωσαν
2455 2279 2619 2332 αὐτόν
2645 2294 2659 2309 ⁸
2696 2277 3023 2348 ἐμερίσαντο
3062 2275 3119 2329 δέ
3178 2275 3270 2329 καὶ
3299 2274 3366 2327 τὰ
3416 2273 3614 2343 ἱμάτια

2039 2374 2251 2428 τούτου.
2296 2371 2514 2442 Ἐφόρει
2535 2371 2591 2424 δέ
2621 2371 2715 2424 καὶ
2744 2368 2952 2440 χιτῶνα
2984 2366 3250 2439 ἇρῤαφον,
3287 2364 3522 2434 ὑφαντὸν
3541 2362 3614 2416 δι’

2018 2455 2184 2531 ’ὅλου,
2206 2464 2451 2535 καὶπερὶ
2481 2462 2692 2517 ἐκείνου
2750 2461 2941 2514 ἐϐαλον
2962 2458 3186 2528 κλῆρον,
3222 2458 3371 2520 ποῖος
3431 2453 3618 2525 μέλλει

2041 2557 2227 2611 λαϐεῖν
2263 2542 2457 2610 αὐτόν.⁸
2483 2556 2594 2610 Kal.
2617 2551 2789 2608 ταῦτα
2827 2551 3173 2622 ποιήσαντες,
3200 2549 3482 2618 ἀπήγαγον
3525 2545 3619 2598 τὸν

2054 2647 2282 2718 Ἰησοῦν,
2309 2647 2393 2700 ἵνα
2423 2645 2729 2716 σταυρῶσιν
2758 2642 2942 2698 αὐτόν.
2987 2641 3275 2694 Ἐπότισαν
3297 2636 3427 2707 γοῦν
3454 2635 3620 2691 αὐτὸν

2043 2740 2137 2793 καὶ
2166 2738 2286 2805 ὅξος
2315 2736 2454 2807 μετὰ
2485 2736 2648 2808 χολῆς
2704 2733 3064 2805 μεμιγμένον,
3120 2730 3215 2785 καὶ
3266 2728 3620 2801 ἐσταύρωσαν

2044 2830 2227 2884 αὐτόν.
2257 2829 2362 2883 Kal.
2388 2827 2674 2896 ἐσκοτίσθη
2729 2826 2756 2879 ὁ
2795 2823 2946 2895 ἣλιος
2972 2822 3078 2875 ἀπὸ
3110 2819 3259 2888 ὥρας
3286 2818 3479 2889 τρίτης
3511 2816 3619 2879 ἐως

2044 2919 2194 2991 ὥρας
2225 2918 2474 2988 ἐννάτης,
2505 2916 2601 2971 καὶ
2626 2918 2692 2987 τῇ
2712 2914 2907 2986 ἐννάτη
2929 2912 3049 2983 ὥρᾳ
3066 2909 3327 2973 ἀπέθανε,
3354 2924 3623 2978 παριστα-

2050 3010 2229 3083 μένων
2259 3011 2317 3064 ἐν
2342 3009 2419 3081 τῷ
2461 3007 2681 3079 σταυρῷ
2742 3006 2842 3076 τῆς
2875 3022 2936 3058 τε
2989 3003 3148 3073 ἁγίας
3193 3000 3358 3056 αὐτοῦ
3414 2998 3618 3070 μητρὸς

2046 3106 2142 3161 καὶ
2168 3105 2286 3170 ἐνὸς
2308 3105 2373 3159 ἐκ
2402 3103 2511 3157 τῶν
2549 3101 2807 3173 μαθητῶν
2836 3099 2998 3154 αὑτοῦ
3022 3096 3116 3152 τοῦ
3153 3096 3422 3151 Ἰωάννου.
3460 3094 3522 3148 Ol
3560 3092 3620 3146 δὲ

376 3221 467 3263 ιιιι·
496 3207 701 3265 muniri
741 3210 1055 3280 sepulcrum
1098 3222 1273 3278 usque
1314 3206 1382 3261 ad
1410 3205 1553 3260 diem
1579 3202 1842 3271 tertium;
1872 3218 1941 3259 ne

2050 3197 2199 3251 ἄλλοι
2225 3195 2466 3267 μαθηταὶ
2495 3191 2658 3248 αὐτοῦ
2694 3191 2894 3261 ἔφυγον
2924 3191 3145 3254 πάντες,
3173 3187 3268 3242 καὶ
3306 3183 3622 3257 ἐκρύϐησαν

374 3303 517 3359 forte
561 3302 820 3373 discipuli
874 3301 1025 3356 illius
1055 3300 1342 3355 venientes
1368 3297 1824 3364 lurenturillum,
1887 3305 1945 3350 et

373 3394 561 3449 dicant
598 3393 802 3464 populo
856 3389 1002 3461 quod
1057 3389 1358 3445 surrexerit
1401 3403 1431 3443 a
1462 3387 1714 3449 mortuis.
1757 3396 1813 3441 et
1866 3383 1946 3440 sic

374 3500 528 3540 error
554 3490 866 3555 postremus
902 3478 1138 3535 deterior
1169 3479 1236 3535 sit
1264 3478 1466 3550 priori.
1486 3497 1504 3531 ι
1529 3476 1673 3531 Dixit
1692 3474 1901 3530 Pilatus
1926 3491 1941 3527 :

382 3596 401 3627 ‹
440 3575 663 3631 llabetis
713 3570 1039 3636 custodiam,
1095 3569 1241 3626 abite
1275 3578 1330 3625 et
1375 3569 1650 3625 custodite
1677 3576 1943 3637 quantum

377 3670 630 3739 potestis.
660 3667 727 3719 Hi
748 3671 930 3720 autem
961 3662 1189 3734 profecti
1233 3664 1589 3717 muniverunt
1607 3664 1943 3731 sepulcrum,

375 3761 727 3831 obsignantes
752 3754 987 3827 lapidem
1011 3769 1118 3810 una
1138 3770 1262 3810 cum
1289 3752 1538 3808 custodia
1561 3770 1579 3802 ι
1604 3751 1944 3820 (custodiam

378 3862 562 3907 autem
627 3852 730 3905 hoc
779 3847 901 3902 loco
959 3855 1193 3900 turmam
1232 3844 1470 3899 militum
1502 3839 1817 3911 intelligas).
1877 3838 1948 3893 Et

380 3945 544 4001 tertio
582 3943 674 3998 die
692 3940 873 3997 factus
899 3949 985 3996 est
1009 3947 1173 3994 terra:
1190 3948 1376 3993 m0tus
1404 3949 1636 4006 magnus
1658 3975 1670 3997 ,
1699 3943 1754 3988 et
1785 3934 1948 3988 devo-

380 4039 634 4092 lutuse‘st
662 4033 804 4105 lapis
851 4033 917 4088 de
951 4031 1230 4101 sepulcro,
1272 4037 1328 4084 ct
1371 4027 1572 4081 milites
1605 4042 1715 4096 prae
1750 4028 1947 4080 timore

381 4128 616 4184 mortuis
638 4136 766 4182 sunt
803 4124 1012 4179 similes
1041 4118 1192 4175 facti.
1223 4118 1476 4173 Christus
1498 4126 1681 4172 autem
1711 4119 1948 4174 surrexit

378 4236 408 4273 e
439 4217 718 4287 sepulcro.
785 4213 987 4268 Milites
1016 4226 1148 4266 vero
1187 4207 1418 4279 profecti
1480 4209 1949 4263 annuntiaverunt

378 4307 721 4379 principibus
740 4302 1085 4360 sacerdotum
1113 4310 1168 4355 et
1186 4298 1392 4355 Scribis
1443 4299 1624 4354 omnia
1657 4316 1779 4370 quae
1807 4301 1947 4356 facta

383 4401 632 4464 fuerant;
666 4404 725 4452 et
748 4394 1028 4450 dederunt
1068 4390 1179 4446 illis
1207 4390 1495 4460 pontifices
1543 4390 1830 4461 pecuniam
1858 4404 1949 4444 co-

381 4490 617 4560 piosam,
642 4486 899 4541 dicentes.
919 4481 1050 4549 illis,
1087 4481 1293 4537 «Dicite
1318 4483 1461 4552 quod
1488 4480 1647 4536 vobis
1670 4479 1949 4534 dormien-

2047 3290 2155 3346 ἀπὸ
2182 3289 2278 3344 τοῦ
2302 3290 2469 3359 φόϐου
2500 3287 2699 3341 αὐτῶν.
2733 3285 2843 3341 Καὶ
2879 3281 3050 3337 ἐλθὼν
3080 3277 3157 3345 εἷς
3184 3279 3296 3334 τῶν
3351 3293 3620 3346 στρατιω-

2046 3381 2153 3435 τῶν
2191 3380 2326 3451 μετὰ
2359 3379 2562 3449 ξίφους,
2589 3377 2774 3442 ἔνυξεν
2800 3376 2966 3430 αὐτοῦ
2986 3375 3082 3445 τὴν
3111 3372 3369 3441 πλευράν.
3417 3367 3620 3423 Ἐλθὼν

2045 3472 2101 3527 δὲ
2123 3465 2203 3535 εἷς
2226 3470 2336 3525 τῶν
2384 3470 2683 3542 ἀρχόντων,
2765 3467 2966 3538 Ἰωσὴφ
3007 3462 3434 3535 ὀνομαζόμενος,
3491 3460 3626 3530 ᾐτή-

2050 3581 2181 3617 σατο
2201 3562 2261 3615 τὸ
2278 3561 2445 3630 σῶμα
2477 3560 2572 3614 τοῦ
2597 3557 2837 3631 Χριστοῦ
2872 3558 2949 3627 τῷ
2968 3556 3205 3624 Πιλάτῳ,
3232 3554 3327 3608 καὶ
3380 3550 3627 3605 καθελὼν

2047 3652 2207 3706 τοῦτο
2233 3650 2457 3705 ἀπὸτοῦ
2490 3648 2729 3720 σταυροῦ
2779 3649 2919 3718 μετὰ
2972 3647 3066 3701 καὶ
3117 3644 3327 3716 ἐτέρου,
3385 3641 3625 3711 τοῦνομα

2046 3740 2382 3811 Νικοδήμου,
2414 3740 2657 3810 ἐνείλησε
2701 3738 2839 3807 μετὰ
2896 3736 3156 3797 σινδόνος,
3197 3731 3294 3787 καὶ
3352 3729 3627 3801 σμύρνης,

2049 3834 2179 3886 ὡσεὶ
2205 3834 2402 3903 λιτρῶν
2429 3832 2641 3885 ἑκατόν.
2670 3827 2826 3883 Οὕτω
2856 3829 2963 3899 γὰρ
2992 3822 3060 3899 ἦν
3093 3825 3209 3888 ἔθος
3234 3825 3347 3886 τοῖς
3403 3820 3629 3874 Ἰουδαί-

2049 3942 2129 3988 οις
2154 3925 2289 3996 μετά
2310 3924 2418 3993 σμύ
2429 3941 2556 3993 ρτης
2587 3921 2948 3990 ἐνταφιάζειν.
2977 3917 3166 3989 Εὐρὼν
3182 3915 3236 3969 δέ
3254 3913 3346 3968 καὶ
3363 3914 3628 3996 μνημεῖον

2049 3995 2487 4081 λελατομημένον
2509 4013 2571 4063 ἐκ
2599 4009 2819 4076 πέτρας,
2844 4007 3011 4075 ἔθαψε
3030 4005 3089 4057 τὸ
3120 4002 3277 4071 σῶμα
3296 3997 3388 4054 τοῦ
3424 3995 3602 4069 Ἰησοῦ

2051 4101 2165 4165 θεὶς
2200 4099 2287 4154 ἐπ’
2316 4099 2461 4171 αὐτῷ
2504 4101 2595 4153 καὶ
2646 4098 2795 4151 λίθον
2856 4096 3064 4167 σφόδρα
3119 4095 3313 4164 μέγαν.
3354 4092 3433 4160 τῇ
3496 4087 3631 4157 γοῦν

2050 4193 2316 4265 ἐπαύριον
2347 4192 2592 4254 ἐλθόντες
2616 4190 2665 4243 οἱ
2715 4189 3063 4258 γραμματεῖς
3119 4185 3215 4237 zeal.
3239 4183 3288 4235 οἱ
3342 4181 3629 4250 Φαρισαῖοι

2050 4287 2186 4358 πρὸς
2219 4285 2468 4351 Πιλάτον,
2506 4281 2657 4338 εἷπον
2687 4281 2834 4349 αὐτῷ
2852 4297 2866 4313 ο
2916 4297 2934 4332 t
2960 4279 3152 4350 Κύριε,
3170 4278 3527 4348 ἐμνήσθημεν
3546 4276 3629 4328 ὅτι

2050 4378 2257 4440 ἐκεῖνος
2300 4376 2328 4429 ὁ
2394 4374 2596 4437 πλάνος
2654 4368 2808 4425 εἶπεν
2855 4371 2934 4424 ἐτι
2983 4369 3090 4432 ζῶν
3136 4368 3217 4420 ὅτι
3275 4365 3432 4420 Μετά
3484 4363 3626 4432 τρεῖς

2050 4467 2267 4537 ἡμέρας
2314 4464 2618 4535 ἐγείρομαι.
2659 4461 2929 4516 Κέλευσον
2961 4458 3054 4512 οῦν
3093 4455 3485 4524 ἀσφαλισθῆναι
3530 4450 3619 4503 τὸν

386 4539 532 4636 {ibus
558 4578 819 4634 venerint
842 4575 1096 4646 discipuli
1131 4574 1301 4639 illius,
1334 4539 1391 4628 et
1422 4572 1585 4627 iurati
1627 4573 1736 4625 sint
1773 4569 1943 4623 illum.

2057 4562 2226 4627 τάφον
2253 4558 2360 4619 ἐως
2393 4557 2494 4625 τῆς
2522 4555 2713 4626 τρίτης
2739 4551 2976 4623 ἡμέρας.
3024 4550 3236 4620 μήποτε
3288 4545 3524 4604 ἐλθόντες
3571 4539 3622 4642 o-i

382 4671 537 4739 Quod
562 4670 918 4725 sihoceoram
942 4665 1171 4738 praeside
1197 4664 1446 4720 auditum
1464 4662 1649 4726 fuerit,
1688 4675 1786 4715 nos
1821 4674 1953 4730 per-

385 4762 740 4817 suadebimus
764 4776 911 4822 eum,
947 4773 1152 4828 vosque
1175 4757 1324 4811 omni
1348 4770 1479 4809 cura
1515 4751 1884 4808 exsolvemus.
1930 4768 1947 4799 ι

389 4854 452 4908 lli
479 4868 608 4908 vero
633 4851 861 4922 pecunia
884 4859 1129 4919 accepta,
1156 4847 1405 4902 fecerunt
1433 4853 1490 4897 ut
1511 4842 1692 4898 edocti
1717 4841 1953 4897 fuerant.

386 4948 546 5002 Iesus
575 4953 759 4999 autem
790 4942 981 4997 abiens
1005 4939 1218 4996 invenit
1241 4936 1540 5007 discipulos
1565 4950 1713 4998 suos,
1744 4945 1800 4989 et
1821 4934 1959 4988 dixit

391 5037 500 5091 illis
538 5053 553 5090 :
591 5055 609 5087 ι
651 5035 759 5090 Pax
795 5033 974 5088 vobis.
1009 5049 1030 5084 ι
1090 5030 1156 5084 Hi
1210 5043 1343 5083 vero
1370 5026 1618 5081 videntes
1674 5024 1828 5079 illum
1868 5039 1959 5095 ga-

389 5129 491 5184 visi
519 5136 667 5184 suut.
701 5126 770 5181 Et
807 5140 935 5179 cum
972 5121 1263 5176 mansisset
1319 5117 1462 5187 apud
1512 5116 1633 5172 illos
1678 5115 1798 5171 dies
1826 5130 1960 5186 qua-

391 5220 662 5291 draginta,
692 5218 898 5272 docens
914 5226 971 5269 et
996 5212 1334 5268 confirmans
1366 5208 1512 5275 illos,
1537 5208 1625 5263 die
1653 5208 1962 5278 quadrage-

391 5311 530 5363 sima
556 5308 664 5363 illis
688 5307 826 5361 dixit
865 5323 878 5357 :
918 5320 937 5353 ι
975 5302 1260 5357 Abeuntes
1317 5298 1391 5352 ite
1424 5296 1479 5351 in
1522 5297 1787 5351 mundum
1828 5299 1956 5353 uni-

393 5413 637 5461 versum,
661 5394 960 5467 prmdirate
978 5391 1031 5445 in
1057 5404 1249 5445 omnes
1272 5398 1482 5461 gentes.
1514 5389 1616 5455 Qui
1638 5390 1957 5455 crediderit,

390 5501 445 5545 et
472 5486 781 5558 baptizatus
810 5482 994 5546 fuerit,
1031 5479 1121 5535 hic
1171 5480 1489 5536 salvabitur.
1546 5480 1648 5547 Qui
1681 5497 1810 5536 vero
1844 5497 1957 5537 non

392 5574 716 5638 crediderit,
750 5570 1229 5626 condemnabitur.
1254 5570 1553 5627 Credentes
1591 5581 1773 5627 autem
1808 5573 1958 5642 signa

394 5669 510 5722 haec
537 5666 948 5729 consequentur
984 5678 998 5715 :
1037 5660 1095 5714 in
1131 5660 1353 5715 nomine
1402 5676 1524 5715 meo
1553 5659 1820 5715 daemonia
1855 5658 1960 5727 eji-

392 5758 560 5818 cient,
614 5750 817 5821 linguis
875 5753 1031 5806 novis
1066 5753 1379 5820 loquentur,
1418 5761 1703 5821 serpentes
1744 5750 1956 5811 tollent,

2062 4647 2301 4719 μαθηταὶ
2331 4644 2519 4711 αὐτοῦ,
2545 4644 2820 4715 κλέψωσιν
2852 4641 3038 4708 αὐτὸν,
3063 4640 3163 4693 καὶ
3187 4637 3384 4691 εἴπωσι
3408 4634 3486 4702 τῷ
3511 4629 3629 4700 λαῷ

2056 4740 2141 4793 ὅτι
2193 4738 2403 4809 ἠγέρθη
2437 4736 2547 4791 ἀπδ
2586 4736 2694 4788 τῶν
2746 4733 2978 4805 νεκρῶν,
3020 4731 3114 4784 καὶ
3159 4730 3311 4783 ἐσται
3359 4728 3392 4796 ἠ
3428 4724 3632 4795 ἐσχάτη

2056 4810 2234 4900 πλάνη
2286 4830 2486 4901 χείρων
2540 4829 2639 4897 τῆς
2692 4824 2937 4906 πρώτης.
2968 4841 2986 4874 ι
3019 4823 3165 4891 Ἔφη
3205 4820 3264 4874 δέ
3300 4819 3329 4871 ὁ
3380 4816 3633 4879 Πιλᾶτος,

2066 4934 2086 4970 ι
2146 4918 2345 4989 Ἔχετε
2404 4915 2768 4980 κουστωδίαν,
2819 4903 3081 4978 ὑπάγετε,
3131 4905 3505 4978 ἀσφαλίσασθε
3556 4903 3633 4965 ὡς

2057 5014 2255 5066 οἴδατε.
2313 5011 2375 5064 Ui
2415 5009 2472 5061 δέ
2510 5004 2859 5070 ἀπελθόντες,
2895 5001 3266 5071 ἠσφαλίσαντο
3295 4998 3387 5051 τὸν
3434 4996 3627 5062 τάφον,

2060 5105 2461 5176 σφραγίσαντες
2506 5101 2597 5153 τὸν
2637 5097 2785 5151 λίθον
2852 5090 2990 5166 μετὰ
3065 5093 3166 5162 τῆς
3232 5089 3569 5145 κουστωδίας
3600 5105 3619 5137 ι

2061 5194 2383 5270 (κουστωδία
2398 5192 2454 5246 δέ
2476 5191 2694 5259 ἐλέγετο
2715 5190 2773 5241 τ’)
2789 5187 2974 5256 τάγμα
2990 5185 3096 5239 τῶν
3114 5180 3506 5251 στρατιωτῶν).
3521 5177 3632 5230 Kal.

2058 5266 2125 5357 τῇ
2150 5285 2306 5354 τρίτῃ
2335 5281 2516 5352 ἡμέρα
2540 5279 2755 5346 ἐγένετο
2790 5273 3012 5345 σεισμὸς
3041 5274 3230 5344 μέγας,
3257 5271 3352 5323 καὶ
3371 5266 3631 5338 ἐκυλίσθη

2061 5378 2089 5430 ὁ
2123 5375 2269 5438 λίθος
2296 5377 2359 5427 ἐκ
2379 5371 2471 5425 τοῦ
2507 5367 2802 5442 μνημείου,
2831 5366 2924 5420 καὶ
2953 5367 3059 5420 ἀπὸ
3082 5364 3175 5417 τοῦ
3224 5362 3392 5432 φόϐου
3448 5357 3630 5413 αὐτῶν

2060 5469 2109 5520 οἱ
2145 5464 2475 5537 στρατιῶται
2505 5462 2754 5531 ἐγένοντο
2786 5458 2918 5516 ὡσεὶ
2944 5454 3154 5527 νεκροί.
3191 5455 3250 5508 '0
3297 5453 3353 5506 δέ
3393 5448 3630 5521 Χριστὸς

2062 5562 2261 5631 ἀνέστη
2292 5562 2354 5613 ἐκ
2378 5558 2469 5611 τοῦ
2496 5556 2689 5625 τάφου.
2725 5554 2789 5606 Οί
2814 5552 2878 5605 δέ·
2916 5548 3249 5619 στρατιῶται
3302 5544 3632 5605 ἀπελθόντες

2063 5652 2404 5724 ἀπήγγειλαν
2423 5652 2531 5711 τοῖς
2550 5643 2860 5716 ἀρχιερεῦσι
2874 5644 2967 5696 καὶ
2982 5654 3397 5712 γραμματευσιν
3418 5638 3635 5692 ἅπαντα

2064 5747 2132 5799 τὰ
2155 5745 2437 5814 γενόμενα.
2459 5742 2567 5795 Kal.
2594 5740 2802 5793 ἐδωκαν
2823 5737 3003 5797 αὐτοῖς
3024 5736 3072 5787 oi
3094 5726 3373 5802 ἀρχιερεῖς
3390 5727 3636 5803 ἀργύρια

396 5859 450 5901 et
477 5846 521 5899 si
544 5843 673 5914 quid
703 5840 940 5898 letltifcri
962 5844 1219 5914 biberint,
1244 5861 1351 5901 non
1372 5844 1591 5899 nocebit
1620 5843 1760 5909 illis;
1795 5834 1943 5911 supcl

2068 5839 2248 5903 ἱκανὰ,
2307 5837 2547 5896 εἰπόντες
2612 5832 2742 5903 πρὸς
2793 5829 3009 5895 αὐτοὺς,
3048 5826 3296 5881 «Εἴπατε
3353 5822 3640 5896 ὃτιἮμῶν
