4090 6478
473 326 581 389 669

1427 330 1728 394 CONTRA
1767 333 2253 396 ΜΑΗΟΜΕΤΕΜ
2294 336 2672 397 ΑΡΟΙ.ΟΟΙΛ
2715 338 2794 397 Π.

3612 329 3720 393 4Ἶο

470 445 834 516 κοιμωμὲνων
856 441 1016 517 ἦλθον
1046 449 1094 502 οῖ
1121 449 1363 522 μαθηταὶ
1415 453 1603 519 αὐτοῦ,
1656 453 1750 508 καὶ
1810 454 2044 524 ἔκλεψαν

2163 457 2402 511 infirmos
2427 472 2622 511 manus
2645 463 2875 525 ponent,
2907 464 3351 510 etsananuntur.
3389 453 3497 508 Vos
3532 461 3716 507 autem

473 538 656 590 αὐτόν.
695 538 801 590 Καὶ
823 539 918 591 ἐὰν
952 540 1193 610 ἀκουσθῇ
1253 542 1408 596 τοῦτο
1458 544 1548 595 ἐπὶ
1602 544 1695 597 τοῦ
1757 547 2043 616 ἡγεμόνος,

473 631 636 699 ἡμεῖς
725 631 988 700 πείσομεν
1077 634 1260 699 αὐτὸν,
1324 635 1420 688 καὶ
1485 636 1631 706 ὑμᾶς
1709 638 2046 707 ἀμερίμνους

475 724 794 792 ποιήσομεν.
837 742 855 775 ι
911 726 971 777 Οἱ
1002 724 1056 777 δὲ
1117 725 1374 791 λαϐόντες
1419 729 1490 780 τὰ
1540 727 1802 799 ἀργύρια,
1861 731 2048 800 ἐποίη-

477 833 576 868 σαν
607 815 681 876 ὡς
718 816 1104 885 ἐδιδάχθησαν.
1155 818 1214 870 Ὀ
1257 819 1313 872 δέ
1362 819 1570 890 Ἰησοῦς
1633 821 1886 875 ἀπελθὼν
1921 816 2048 893 εὗρε

480 908 607 968 τοὺς
649 907 896 976 μαθητὰς
948 909 1131 970 αὐτοῦ,
1177 911 1272 962 καὶ
1309 907 1463 964 εἶπεν
1522 913 1740 976 αὐτοῖς,
1792 931 1810 965 ι
1843 915 2047 984 Εἰρήνη

478 999 626 1065 ὑμῖν.
661 1017 678 1048 ι
725 999 785 1051 Ol
815 1000 868 1050 δὲ
905 999 1106 1062 ἰδόντες
1139 1003 1324 1066 αὐτόν,
1351 1004 1650 1073 ἐχάρησαν.
1682 1005 1788 1057 Kal.
1816 1007 2051 1076 ποιήσας

484 1089 602 1155 μετ’
636 1089 816 1141 αὐτῶν
852 1091 1064 1160 ἡμέρας
1095 1093 1526 1160 τεσσαράκοντα,
1564 1095 1658 1146 καὶ
1690 1095 1910 1160 διδάξας
1958 1097 2052 1150 καὶ

482 1177 742 1248 στηρίξας
789 1179 1006 1244 αὐτοὺς,
1065 1184 1128 1251 τῇ
1183 1187 1597 1255 τεσσαρακοστῇ
1651 1186 1835 1256 ἡμέρα
1904 1186 2052 1256 λέγει

484 1267 614 1334 πρὸς
650 1267 883 1335 αὐτοὺς,
927 1286 945 1317 ι
991 1268 1047 1320 Ἀ
1059 1270 1350 1333 πελθόντες
1372 1273 1450 1334 είς
1470 1273 1558 1326 τὸν
1583 1274 1790 1344 κόσμον
1812 1275 2050 1344 ἅπαντα,

485 1357 754 1424 κηρύξατε
797 1360 975 1413 πάντα
1006 1361 1072 1413 τὰ
1109 1361 1258 1428 ἔθνη.
1306 1363 1364 1416 Ὀ
1401 1365 1700 1427 πιστεύσας
1731 1367 1825 1418 καὶ
1861 1366 2056 1436 βαπτι-

485 1449 632 1509 σθεὶς
673 1449 1003 1519 σωθήσεται,
1057 1452 1084 1502 6
1115 1453 1170 1504 δὲ
1222 1456 1531 1524 ἀπιστήσας
1567 1456 2052 1527 κατακριθήσεται.

485 1541 692 1609 Σημεῖα
717 1542 772 1594 δέ
803 1545 914 1605 τοῖς
947 1543 1274 1598 πιστεύσασι
1321 1545 1491 1598 ταῦτα
1539 1547 2052 1618 παρακολουθήσειο

494 1631 581 1684 Ἐν
619 1632 694 1701 τῷ
726 1634 949 1703 ὀνόματί
983 1653 1083 1706 μου
1118 1637 1370 1707 δαιμόνια
1425 1639 1733 1706 ἐκϐαλοῦσι,
1787 1640 2058 1708 γλώσσαις

2150 548 2338 602 sedete
2375 548 2788 618 Hierosolymis,
2820 546 2998 602 donec
3046 548 3248 600 virtute
3280 560 3348 598 ex
3379 545 3491 598 alto
3524 543 3720 597 indua-

2149 638 2304 692 mini.
2342 657 2360 689 ι
2396 639 2463 692 Ει
2495 638 2776 692 benedixit
2806 637 2934 703 illis,
2985 635 3241 705 interque
3267 634 3720 691 benedicendum

2149 731 2376 784 secessit
2407 731 2474 785 ab
2499 730 2628 792 illis,
2661 738 2718 784 et
2741 730 2989 784 sublatus
3019 737 3106 784 est
3139 727 3192 782 in
3223 727 3392 783 caelos
3413 767 3428 792 ,
3488 737 3543 780 et
3571 725 3726 779 sedet

2149 822 2216 874 ad
2245 821 2492 875 dextram
2517 821 2636 876 Dei.
2669 820 2918 889 Apostoli
2954 829 3141 874 autem
3171 818 3383 873 reversi
3437 825 3569 871 sunt
3599 815 3729 870 Ilie-

2151 913 2481 984 rosolymam
2512 927 2634 966 cum
2667 911 2867 981 gaudio
2898 925 3117 979 magno.
3149 918 3533 977 exspectantes
3552 907 3726 962 virtu-

2152 1011 2262 1058 tem
2286 1019 2352 1057 ex
2384 1003 2496 1056 alto
2522 1003 2868 1070 promissam.
2901 1000 3033 1066 Quis
3053 1010 3234 1054 autem
3256 1000 3453 1053 horum
3479 997 3726 1052 omnium

2153 1093 2392 1149 sensus?
2457 1092 2616 1158 Quod
2670 1093 2716 1147 si
2750 1093 2966 1162 singula
3015 1090 3318 1146 secundum
3351 1105 3569 1144 omnem
3601 1087 3726 1142 dili-

2154 1185 2390 1255 gentiam
2421 1183 2697 1239 discutere
2725 1184 3014 1249 vellemus,
3066 1185 3364 1251 omniaqne
3415 1196 3538 1250 quae
3583 1179 3727 1232 facta

2154 1284 2283 1330 sunt
2313 1274 2654 1340 describere,
2692 1275 2864 1329 multo
2889 1289 3020 1329 sane
3047 1288 3187 1344 opus
3221 1273 3559 1327 haberemus
3590 1270 3727 1324 οιῑο.

2155 1365 2430 1433 Quoniam
2458 1375 2642 1422 autem
2668 1367 2816 1420 varia
2848 1377 2935 1421 est
2953 1365 3150 1420 horum
3182 1364 3342 1431 ratio,
3369 1372 3425 1417 et
3447 1362 3727 1431 explicatu

2156 1459 2394 1513 diﬂieilis
2451 1467 2678 1530 propter
2729 1469 2971 1514 vestram
3038 1458 3441 1529 ignorantiam,
3496 1453 3733 1525 agedum

2158 1551 2304 1620 quod
2339 1550 2608 1620 reliquum
2668 1561 2752 1606 est
2796 1551 3141 1606 brevissimis
3196 1551 3402 1612 verbis,
3461 1555 3731 1616 quantum

2162 1642 2277 1696 fieri
2312 1650 2522 1712 potest,
2553 1643 2926 1698 absolvemus.
2981 1641 3344 1712 Inspiciamus
3385 1641 3566 1706 itaque
3597 1651 3729 1705 pro-

481 1724 778 1793 λαλήσουσι
829 1733 1064 1793 καιναῖς,
1142 1730 1292 1800 ὄφεις
1349 1733 1561 1802 ἐροῦσι,
1613 1733 1716 1785 κᾶν
1756 1732 2056 1802 θανάσιμόν

2163 1734 2397 1804 phetias,
2435 1749 2556 1804 quae
2586 1734 2654 1790 de
2672 1733 2876 1790 Christi
2905 1735 3160 1804 passione
3185 1732 3596 1804 copiosissimas,
3627 1743 3733 1785 cett

480 1833 531 1868 τι
598 1819 814 1877 πίωσιν.
862 1823 921 1874 ού
978 1822 1051 1891 μὴ
1102 1824 1295 1886 αὐτοὺς
1354 1823 1550 1895 βλάψῃ,
1607 1811 1710 1878 ἐπὶ·
1744 1825 2060 1895 ἀρῤώστους

2166 1835 2384 1881 torrens
2409 1826 2568 1895 aquis
2596 1835 2790 1882 auctus
2825 1827 3119 1891 nivalibus,
3150 1827 3445 1881 habentur.

480 1913 670 1980 χεῖρας
737 1914 1202 1984 ἐπιθήσουσι,και
1270 1916 1447 1979 καλῶς
1513 1917 1744 1980 ἕξουσιν.
1817 1918 2003 1987 Ὑμεῖς
2045 1917 2102 1970 δὲ
2152 1917 2411 1973 καθίσατε
2441 1919 2496 1971 ἐν
2525 1919 2590 1989 τῇ
2645 1919 2798 1972 πόλει
2852 1917 3230 1988 Ἰερουσαλὴμ,
3292 1917 3394 1980 ἕως
3466 1913 3526 1968 οὗ
3584 1913 3736 1967 ἰνδά-

483 2007 648 2074 σησθε
707 2009 935 2077 δύναμιν
991 2010 1049 2075 ἐξ
1123 2010 1312 2081 ὕψους.
1373 2031 1391 2064 ι
1461 2010 1566 2065 Καὶ
1625 2012 1918 2080 εὐλόγησεν
1955 2011 2172 2076 αὐτοὺς,
2215 2012 2309 2065 καὶ
2341 2013 2398 2064 ἐν
2430 2011 2504 2082 τῷ
2543 2009 2782 2079 εὐλογεῖν
2854 2010 3074 2075 αὐτοὺς,
3127 2010 3314 2077 διέστη
3375 2008 3469 2063 ἀπ’
3534 2006 3736 2084 αὐτῶν,
3840 2025 3844 2029 ·

482 2105 574 2154 καί
613 2106 907 2174 ἀνεφέρετο
967 2107 1048 2170 εἰς
1087 2107 1213 2167 τοὺς
1254 2106 1536 2177 οὐρανοὺς,
1564 2107 1670 2159 ’καὶ
1721 2106 1973 2160 ἐκάθισεν
2012 2108 2077 2160 ἐκ
2109 2105 2298 2173 δεξιῶν
2356 2104 2449 2160 τοῦ
2495 2103 2652 2158 Θεοῦ.
2695 2105 2757 2158 Ol
2796 2103 2853 2158 δέ
2901 2102 3191 2156 ἀπόστολοι
3259 2100 3605 2170 ὑπέστρεψαν
3656 2101 3738 2163 είς

492 2195 846 2268 Ἰερουσαλὴμ
907 2199 1042 2267 μετά
1087 2201 1261 2269 χαρᾶς
1336 2201 1597 2269 μεγάλης,
1639 2199 1982 2269 ἐκδεχόμενοι
2009 2198 2105 2269 τήν
2137 2198 2196 2264 ἐξ
2225 2197 2390 2268 ὕψους
2422 2197 2674 2265 δύναμιν.
2743 2195 2808 2250 Τί
2839 2196 2896 2250 δὲ
2941 2195 3072 2266 περὶ
3125 2195 3232 2247 τῶν
3277 2195 3615 2262 γεγονότωνς
3675 2193 3738 2245 Εἰ

488 2296 586 2361 μὲν
620 2294 757 2346 κατά
805 2296 986 2347 πᾶσαν
1045 2294 1328 2364 ἀκρίϐειαν
1357 2294 1746 2364 πειραθείημεν
1801 2293 2120 2358 σπουδάσαι,
2167 2295 2352 2364 γραφῇ
2398 2292 2582 2347 δοῦναι
2619 2294 2797 2348 πάντα
2863 2293 2931 2346 τὰ
2968 2289 3250 2362 γεγονότα,
3280 2290 3479 2360 πολλῆς
3518 2289 3586 2342 ἂν
3617 2306 3744 2358 σχοι-

485 2382 580 2450 λῆε
612 2382 934 2453 δεηθείημεν
958 2400 970 2412 ο
1003 2385 1125 2436 ἐπεὶ
1173 2382 1229 2434 δὲ
1262 2382 1426 2445 πολύς
1451 2383 1610 2434 ἐστιν
1641 2385 1669 2435 6
1691 2384 1820 2452 περὶ
1864 2381 2065 2436 τούτων
2099 2381 2276 2450 λόγος,
2309 2383 2400 2435 καὶ
2455 2383 2891 2454 δυσερμήνευτος
2921 2381 3011 2434 διὰ
3070 2381 3170 2451 τὴν
3235 2381 3511 2448 ἀγνωσίαν
3559 2379 3740 2448 ὑμῶν,

488 2474 616 2543 φέρε
644 2473 708 2543 δὴ
734 2473 918 2526 λοιπὸν
948 2473 1217 2544 εἴπωμεν,
1271 2475 1344 2536 ὡς
1379 2476 1435 2527 ἐν
1477 2475 1700 2545 βραχέσι
1739 2476 1918 2546 λόγοις
1970 2475 2030 2529 τὸ
2068 2477 2208 2530 κατά
2241 2475 2490 2546 δύναμιν.
2547 2476 2775 2545 Εἰδομεν
2827 2474 3161 2546 προφητείας
3187 2474 3276 2528 ἐπὶ
3295 2474 3356 2528 τδ
3405 2473 3576 2538 πάθος
3644 2473 3740 2526 τοῦ

487 2565 750 2637 Χριστοῦ,
777 2565 962 2637 ὥσπερ
990 2568 1215 2639 νιφάδας
1247 2569 1459 2634 ὓδατος.

489 2705 492 2713 ,
562 2663 635 2728 ς’.
663 2663 1012 2734 Συνήχθησαν
1063 2665 1114 2718 οἱ
1162 2665 1457 2736 ἀρχιερεῖς,
1499 2668 1552 2719 οἱ
1601 2670 1972 2738 γραμματεῖς,
2013 2671 2061 2722 οἱ

488 2759 789 2827 Φαρισαῖοι,
843 2756 979 2810 ἀλλά
1016 2757 1078 2826 δὴ
1110 2758 1205 2811 καὶ
1266 2757 1512 2829 Ἡρώδης
1567 2759 1594 2810 6
1641 2758 1918 2828 βασιλεὺς,
1967 2762 2063 2814 καὶ

492 2829 711 2913 Πόντιος
769 2849 997 2912 Πιλᾶτος
1049 2849 1192 2903 κατὰ
1223 2848 1317 2904 τοῦ
1348 2850 1609 2921 Χριστοῦ.
1667 2851 1778 2905 Kal
1829 2853 1978 2921 λέγει
2033 2855 2062 2907 6

487 2945 669 3009 Δαϐἰδ,
698 2963 717 2994 ι
739 2945 856 2997 Ἷνα
876 2943 1221 3014 τίέφρύαξαν
1252 2945 1402 3015 ἔθνη,
1430 2946 1526 3000 καὶ
1566 2947 1686 3001 λαοὶ
1719 2947 2060 3016 ἐμελέτησαν

491 3035 653 3099 κενά;
714 3037 1073 3105 Παρέστησαν
1102 3038 1150 3088 οἱ
1184 3036 1424 3105 βασιλεῖς
1449 3036 1549 3107 τῆς
1581 3035 1706 3105 γῆς,
1740 3036 1836 3090 καὶ
1873 3038 1922 3090 οἱ
1955 3037 2059 3106 ἄρ-

488 3143 676 3196 χοντες
703 3128 1062 3198 συνήχθησαν.
1100 3128 1192 3183 ἐπὶ
1223 3128 1285 3182 τὸ
1333 3128 1484 3195 αὐτὸ,
1529 3129 1667 3181 κατὰ
1704 3127 1798 3182 τοῦ
1859 3127 2060 3198 Κυρίου

490 3218 585 3270 καὶ
616 3219 755 3273 κατά
786 3221 875 3272 τοῦ
900 3221 1136 3291 Χριστοῦ
1165 3220 1352 3276 αὑτοῦ.
1397 3237 1417 3272 ι

2239 2669 2294 2725 6.
2330 2668 2657 2740 Congregati
2685 2675 2812 2724 sunt
2843 2668 3151 2740 pontiﬁces,
3184 2667 3404 2732 scribae,
3457 2665 3743 2726 Pharisaei.

2172 2772 2288 2819 tum
2323 2762 2488 2816 etiam
2527 2776 2621 2816 rex
2662 2758 2910 2816 Herodes
2942 2768 2998 2814 et
3027 2758 3235 2814 Pilatus
3261 2758 3530 2825 adversus
3581 2757 3744 2812 Chri-

2171 2861 2339 2908 stum.
2359 2851 2528 2907 David
2551 2860 2734 2906 autem
2760 2850 2931 2904 dicit:
2974 2869 2992 2902 ι
3023 2849 3202 2916 Quare
3238 2849 3582 2913 fremuerunt
3611 2863 3744 2919 gen-

2171 2949 2275 3003 tes,
2330 2924 2388 2994 et
2438 2937 2625 3008 populi
2663 2921 2912 2992 meditati
2967 2947 3099 2993 sunt
3155 2937 3384 2991 inania?
3438 2935 3743 2990 Astiterunt

2172 3045 2327 3101 reges
2375 3037 2558 3094 terrae,
2611 3038 2667 3086 et
2700 3029 2980 3100 principes
3040 3037 3420 3084 convenerunt
3459 3028 3513 3082 in
3544 3041 3737 3090 unum,

2171 3133 2363 3176 contra
2388 3120 2707 3188 Dominum,
2732 3128 2789 3176 et
2812 3128 3004 3174 contra
3025 3117 3310 3176 Christum
3350 3119 3470 3190 ejus
3487 3120 3589 3174 ⁸⁸.»

562 3304 626 3365 ζ’.
659 3285 963 3378 Παρέδωκε
982 3307 1074 3360 τὸν
1109 3308 1347 3376 Χριστὸν
1377 3309 1490 3371 τοῖς
1532 3305 1805 3372 Ἰουδαίοις
1854 3309 1934 3373 είς
1964 3309 2059 3364 θά-

2239 3311 2291 3364 7.
2332 3309 2578 3394 Prodidit
2613 3308 2897 3366 Christum
2946 3307 3153 3371 Judaeis
3203 3307 3260 3362 in
3310 3317 3543 3364 mortem
3574 3307 3746 3365 ludas

492 3418 648 3453 νατον
694 3400 893 3463 Ἰούδας
919 3399 1214 3470 ὁμαθητὴς
1243 3399 1429 3455 αὐτοῦ.
1473 3401 1581 3453 Καὶ
1642 3399 1805 3453 πάλιν
1854 3400 2003 3470 λέγει
2035 3403 2064 3455 6

494 3492 651 3554 αὐτὸς
686 3492 848 3545 Δαϐὶδ
913 3494 1044 3562 περὶ
1104 3489 1292 3556 αὐτοῦ,
1340 3511 1358 3544 ι
1430 3493 1492 3545 Οἱ
1529 3493 1714 3563 ἐχθροί
1758 3510 1860 3562 μου
1909 3489 2065 3550 εἷπον

495 3583 638 3636 κακά
667 3596 780 3651 μοι’
805 3583 941 3636 Πότε
975 3583 1348 3650 ἀποθανεῖται,
1367 3585 1458 3637 κα)⁵
1493 3584 1774 3639 ἀπολεῖται
1805 3585 1876 3638 ’τὸ
1895 3585 2066 3656 ὄνομα

495 3675 662 3728 αὐτοῦ
691 3694 706 3742 ;
753 3675 866 3728 Kal.
896 3676 1278 3746 εἰσεπορεύετο
1306 3675 1402 3730 τοῦ
1449 3675 1602 3738 ἰδεῖν,
1635 3677 1816 3748 μάτην
1859 3676 2064 3732 ἐλάλει.

506 3767 574 3820 Ἦ
594 3769 787 3836 καρδία
817 3767 984 3822 αὑτοῦ
1025 3770 1334 3838 συνήγαγεν
1378 3768 1630 3838 ἀνομίαν.
1684 3767 2069 3841 Ἐξεπορεύετο

499 3857 627 3925 ἔξω,
677 3860 770 3912 καὶ
801 3859 980 3912 ἐλάλει
1010 3859 1102 3911 ἐπὶ
1153 3858 1214 3911 τὸ
1233 3859 1388 3914 αὑτό.
1421 3858 1532 3912 Καὶ
1563 3859 1672 3929 γάρ
1727 3861 1754 3912 6
1782 3860 2070 3930 ἄνθρωπος

499 3953 597 4017 τῆς
623 3951 848 4021 εἰρήνης
881 3968 1007 4021 μου,
1059 3950 1088 4002 6
1112 3950 1309 4004 ἐσθίων
1351 3951 1551 4021 ἄρτους
1577 3967 1702 4021 μου,
1735 3951 2070 4019 ἐμεγάλυνεν

505 4045 589 4093 ἐπ’
613 4043 712 4110 ἐμὲ
741 4045 1092 4112 πτερνισμόν.
1136 4042 1493 4113 Κατάστησον
1547 4042 1636 4096 ἐπ’
1687 4042 1850 4095 αὑτὸν
1893 4043 2075 4112 ἀμαρ-

508 4135 696 4198 τωλὸν,
721 4137 813 4188 καὶ
839 4133 1085 4198 διάϐολος
1118 4137 1300 4205 στήτω
1322 4137 1386 4189 ἐκ
1411 4135 1602 4202 δεξιῶν
1641 4133 1833 4190 αὑτοῦ.
1889 4133 1979 4188 Ἐν
1997 4132 2075 4203 τῷ

516 4227 795 4296 κρίνεσθαι
830 4229 1017 4294 αὐτὸν,
1051 4228 1258 4293 ἐξέλθοι
1288 4228 1845 4298 καταδεδικασμένος,
1898 4230 1995 4282 καὶ
2019 4229 2070 4302 ,ή

512 4319 781 4389 προσευχὴ
805 4317 971 4373 αὐτοῦ
1002 4319 1244 4386 γενέσθω
1283 4320 1363 4382 είς
1402 4319 1702 4389 ἁμαρτίαν.
1754 4319 2077 4390 Γενηθήτω-

2170 3399 2474 3469 discipulus
2493 3399 2635 3471 ejus.
2693 3398 2758 3456 Et
2791 3413 3012 3455 rursum
3044 3399 3112 3455 de
3159 3399 3354 3455 eodem
3397 3400 3542 3455 idem
3572 3399 3744 3456 David

2168 3495 2421 3565 loquitur
2468 3512 2485 3550 :
2559 3494 2829 3549 «Inimici
2891 3493 2999 3548 mei
3043 3492 3298 3548 dixerunt
3361 3493 3499 3548 mihi
3558 3495 3740 3549 mala:

2169 3584 2398 3651 Quando
2417 3586 2704 3650 morietur,
2720 3595 2771 3640 et
2788 3583 3203 3655 peribitnomen
3219 3583 3373 3654 ejus?
3393 3582 3460 3638 Et
3475 3568 3750 3654 ingredio-

2169 3682 2332 3737 batur
2357 3692 2415 3737 ut
2445 3681 2681 3748 videret,
2711 3695 2850 3735 vana
2875 3680 3228 3750 loquebatur,
3291 3695 3387 3736 cor
3413 3680 3563 3734 illius
3610 3694 3750 3734 con-

2172 3773 2416 3845 gregavit
2452 3772 2823 3841 iniquitatem.
2856 3770 3257 3840 Egrediebatur
3284 3769 3451 3833 foras,
3477 3769 3752 3838 etloque-

2173 3865 2337 3920 batur
2372 3863 2428 3916 in
2490 3863 2754 3933 idipsum.
2803 3859 3024 3916 Etenim
3065 3863 3228 3916 homo
3280 3862 3431 3931 pacis
3459 3875 3616 3924 meae,
3653 3862 3754 3930 qui

2175 3956 2414 4012 comedit
2459 3969 2631 4025 panes
2672 3969 2844 4017 meos,
2907 3953 3274 4023 magniﬁcavit
3337 3953 3606 4007 adversus
3664 3968 3754 4007 me

2176 4048 2678 4120 supplantationem
2715 4047 2782 4102 ⁸⁷.
2817 4047 3104 4102 Constituc
3133 4061 3300 4115 super
3342 4060 3468 4100 eum
3495 4055 3757 4114 peceato-

2177 4157 2319 4202 rem,
2375 4148 2435 4194 et
2490 4139 2854 4194 calumniator
2897 4146 3064 4192 stcta
3093 4136 3302 4191 dextris
3331 4136 3472 4207 ejus.
3529 4135 3756 4189 Etcum

2176 4231 2454 4303 judicatur
2475 4233 2638 4284 exeat
2671 4229 3071 4284 condemnatus
3093 4270 3108 4294 ,
3162 4238 3219 4283 et
3257 4242 3449 4298 preces
3476 4229 3595 4298 ejus
3627 4227 3761 4281 ﬂant

2182 4323 2238 4377 in
2270 4329 2582 4392 peccatum.
2614 4320 2772 4374 Fiant
2799 4319 2918 4374 dies
2949 4321 3066 4390 ejus
3091 4319 3274 4389 pauci,
3306 4318 3758 4389 etepiscopatum

509 4425 606 4461 σαν
628 4411 686 4463 αἱ
718 4411 924 4481 ήμέραι
951 4411 1114 4465 αὑτοῦ
1143 4411 1346 4480 ὀλίγαι,
1379 4414 1472 4465 καὶ
1500 4413 1598 4482 τὴν
1640 4413 1946 4483 ἐπισκοπὴν
1978 4412 2059 4466 αὐ-

2183 4416 2305 4483 ejus
2340 4411 2575 4480 accipiat
2630 4409 2792 4464 alter.
2843 4410 2901 4463 In
2959 4409 3314 4480 generatione
3348 4424 3456 4463 una
3508 4408 3762 4463 deleatur

505 4502 600 4554 τοῦ
631 4502 784 4556 λάϐοι
817 4503 1027 4575 ἕτερος.
1082 4505 1176 4557 Ἐν
1241 4505 1405 4573 γενεᾷ
1469 4505 1571 4575 μιᾷ
1622 4503 1969 4574 ἐξαλειφθείη
2018 4503 2059 4556 τί

2184 4518 2387 4558 nomen
2409 4503 2548 4570 ejus.
2569 4502 2626 4556 In
2652 4499 2977 4553 memoriam
3007 4498 3196 4552 redeat
3219 4495 3523 4566 iniquitatis
3544 4503 3761 4564 patrum

507 4595 682 4664 ὄνομα
703 4596 894 4663 αὐτοῦ,
920 4597 1305 4667 ἀναμνησθείη
1339 4599 1373 4666 ή
1405 4596 1607 4666 ἀνομία
1659 4598 1768 4652 τῶν
1826 4597 2059 4667 πατέρωε

2185 4593 2305 4665 ejus
2335 4593 2391 4645 in
2414 4599 2714 4660 conspectu
2742 4585 2960 4640 Domini
2983 4601 2999 4650 ;
3025 4594 3080 4666 et
3102 4593 3390 4654 peccatum
3420 4581 3614 4636 matris
3637 4581 3761 4650 ejus

509 4687 678 4740 αὑτοῦ
709 4687 893 4742 ἔναντι
933 4687 1167 4760 Κυρίου,
1204 4691 1298 4742 καὶ
1329 4691 1362 4759 ἡ
1411 4688 1662 4758 ἁμαρτία
1726 4688 1827 4757 τῆς
1877 4689 2059 4758 μητρδη

2189 4700 2298 4740 uon
2325 4683 2598 4738 deleatur.
2626 4679 2916 4748 Dispereat
2941 4676 3010 4731 de
3035 4685 3180 4732 terra
3210 4675 3472 4728 memoria
3500 4672 3766 4742 ejus.‘Di~

509 4780 672 4832 αὐτοῦ
697 4781 771 4850 μὴ
793 4780 1161 4851 ἐξαλειφθείη.
1209 4779 1678 4849 ”Εξολοθρευθείη
1713 4781 1781 4834 ἐκ
1809 4781 1912 4850 γῆς
1947 4795 2056 4849 μνη

2186 4772 2320 4825 Ιυιίι
2347 4769 2815 4831 maledictionem,
2842 4773 2902 4820 et
2931 4765 3114 4820 veniet
3135 4764 3186 4818 ei
3210 4779 3226 4827 ;
3249 4771 3307 4817 et
3327 4778 3435 4818 non
3460 4762 3634 4816 voluit
3667 4761 3769 4816 be-

515 4873 747 4942 μὸσυνον
783 4873 973 4927 αὑτοῦ.
1019 4873 1311 4943 Ἠγάπησε
1347 4872 1621 4940 κατάραν,
1647 4873 1742 4925 καὶ
1763 4872 1885 4942 ἥξει
1909 4871 2059 4939 αὐτῷ

2189 4864 2582 4928 nedietionem,
2607 4868 2664 4915 et
2696 4857 3045 4929 elongabitur
3068 4857 3138 4912 ab
3165 4871 3234 4912 eo
3264 4854 3364 4911 ⁸⁸.»

515 4963 610 5014 καὶ
641 4963 742 5015 οὐκ
768 4961 1035 5033 ἠθέλησεν
1066 4960 1343 5028 εὐλογίαν,
1385 4961 1483 5014 καὶ
1517 4959 1967 5029 μακρυνθήσεται
1996 4959 2092 5011 ἀπ’
3820 4977 3845 5046 ξ

517 5055 706 5110 αὑτοῦ.
741 5075 759 5108 υ
3822 5051 3847 5104 ο

585 5145 658 5218 η’.
698 5145 1020 5218 Παρέλαϐον
1059 5146 1109 5199 οί
1155 5144 1403 5199 Ἰουδαῖοι
1432 5143 1525 5197 τὸν
1546 5141 1812 5214 Χριστὸν,
1839 5141 1932 5194 καὶ
1945 5141 2059 5210 ἀπή

2271 5128 2324 5183 8.
2357 5122 2856 5196 Apprehenderunt
2884 5119 3058 5177 Judaei
3104 5118 3413 5190 Christum,
3431 5127 3489 5175 et
3519 5115 3770 5174 abduxe-
3833 5120 3868 5196 ς

517 5210 690 5308 γαγον
721 5210 886 5292 αὑτὸν
935 5239 1016 5300 είς
1044 5238 1171 5299 τοὺς
1211 5236 1510 5307 ἀρχιερεῖς.
1539 5210 1650 5288 Kal.
1681 5233 1831 5302 λέγει
1855 5232 2056 5286 Ἦσαῖα

2199 5231 2331 5276 runt
2357 5235 2483 5274 eum
2512 5218 2581 5273 ad
2617 5216 2890 5286 principes
2913 5214 3280 5268 sacerdotum.
3303 5210 3373 5266 Et
3401 5211 3470 5267 de
3493 5211 3598 5266 hoc
3615 5211 3776 5267 Jero-
3833 5210 3862 5288 ί

521 5303 652 5404 περὶ
684 5333 876 5398 αὐτοῦ,
915 5350 935 5384 σ
978 5331 1123 5399 Ἐγὼ
1149 5329 1206 5383 δέ
1363 5303 1551 5400 ἀρνίον
1603 5326 1811 5380 ἄκακον
1875 5323 2059 5394 ἡγόμη

2205 5315 2342 5368 mias
2374 5311 2511 5367 dicit
2542 5327 2558 5364 :
2619 5329 2637 5361 ι
2690 5309 2803 5379 Ego
2833 5322 2965 5361 vero
3005 5313 3264 5375 tanquam
3302 5319 3478 5373 agnus
3508 5303 3790 5359 innocens.

519 5425 612 5478 τοῦ
639 5425 861 5480 θύεσθαι
913 5442 930 5474 ι

2203 5406 2467 5471 ducebar,
2511 5413 2573 5457 ut
2611 5411 2884 5456 mactarer
2902 5399 2974 5453 ⁸⁹.
3007 5417 3028 5450 ι

595 5521 662 5569 θ’.
696 5515 932 5570 Ἔλαϐεν
1001 5513 1204 5578 Ἰούδας
1230 5516 1530 5584 τριάκοντα
1558 5509 1823 5582 ἀργύρια,
1867 5507 2059 5560 καὶπά

2279 5505 2333 5558 9.
2362 5499 2591 5568 Accepit
2611 5496 2783 5552 ludas
2804 5494 3029 5563 triginta
3068 5497 3380 5562 argenteos,
3407 5494 3779 5584 emet-uritque

521 5613 609 5666 λιν
637 5610 862 5683 ἔρριψεν
885 5611 1049 5675 αὐτὰ,
1081 5573 1483 5678 καὶνὴγόρασαν
1501 5605 1560 5672 ἐξ
1596 5573 1776 5658 αύτύόν
1804 5601 1894 5654 τὸν
1919 5599 2059 5666 ἀγρο

2204 5580 2306 5668 pro
2339 5594 2447 5650 illis
2475 5604 2665 5660 agrum
2702 5585 2872 5657 liguli.
2927 5585 2995 5639 Et
3043 5582 3312 5640 Jeremias
3365 5577 3503 5634 dicit
3535 5593 3549 5631 :
3581 5593 3602 5628 σ
3649 5573 3778 5636 Sta-

597 5775 644 5810 ³⁸
670 5773 892 5844 Psalm,
930 5771 1053 5838 1,2.
1132 5768 1176 5801 ’"
1210 5768 1348 5825 Psal.
1384 5784 1466 5834 XL,
1500 5767 1658 5820 7.l0.
1733 5764 1776 5801 ⁸⁸
1819 5763 1959 5819 Psal.
1994 5778 2056 5816 cv

2181 5760 2325 5815 7-l8.
2408 5756 2449 5789 ”
2493 5753 2696 5810 Jercm.
2741 5765 2815 5818 χι,
2857 5744 2942 5801 l9.

3651 5831 3744 5854 ,ἀισ-
