4090 6456
343 266 455 333 473

338 469 442 525 Kal
461 470 611 537 λέγει
641 468 939 537 Ζαχαρίας,
973 485 991 519 ι
1029 465 1449 535 Ἐττιϐλέψονται
1481 469 1620 538 πρός
1644 485 1712 538 με
1751 470 1830 532 είς
1863 467 1922 519 ὃν

338 557 722 626 ἐξεκέντησαν.
761 574 780 606 ›

415 646 508 704 ιϐ’.
555 650 882 718 Ἐσκοτίσθη
909 651 935 701 6
959 651 1108 720 ἥλιος
1141 652 1534 722 εὑρισκομένου
1566 651 1658 706 τοῦ
1682 649 1919 722 Χριστοῦ

343 743 403 796 ὲν
438 741 514 810 τῷ
548 741 767 812 σταυρῷ
804 743 910 794 ἀπὸ
936 742 1085 812 ὥρας
1115 743 1280 812 ἕκτης
1312 743 1417 804 ἕως
1475 742 1626 814 ὥρας
1669 743 1918 812 ἐννάτης.

343 834 446 889 Kal
477 834 626 901 λέγει
661 830 959 903 Ζαχαρίας,
1004 853 1018 882 ι
1060 834 1164 888 Καὶ
1193 836 1224 902 ή
1261 833 1444 903 ἡμέρα
1487 834 1670 904 ἐκείνη
1705 834 1920 904 γνωστὴ

345 925 424 996 τῷ
471 926 676 996 Κυρίῳ,
731 927 825 979 καὶ
849 929 946 996 οὑχ
990 926 1197 996 ἡμέρα,
1235 928 1329 979 καὶ
1381 927 1441 978 οὐ
1489 927 1604 990 νὺξ,
1641 928 1734 980 καὶ
1785 925 1923 994 προς

347 1016 586 1085 ἑσπέραν
616 1016 731 1084 φῶς
779 1017 1072 1080 ἐσται,καὶ
1099 1019 1252 1070 ἔσται
1310 1016 1512 1086 Κύριος
1559 1018 1639 1080 είς
1691 1017 1920 1088 βασιλέα

349 1107 444 1159 ἐπὶ
505 1109 686 1160 πᾶσαν
715 1108 812 1178 τὴν
846 1110 970 1178 γῆν.
1035 1111 1124 1162 Ἐν
1155 1113 1220 1182 τῇ
1275 1112 1465 1181 ἡμέρᾳ
1534 1110 1720 1183 ἐκείνῃ
1772 1110 1924 1164 ἔσται

349 1198 547 1268 Κύριος
573 1195 674 1263 εἷς,
708 1202 800 1252 καὶ
831 1201 890 1253 τὸ
919 1203 1090 1271 ὄνομα
1123 1202 1286 1255 αὑτοῦ
1313 1203 1394 1259 ἓν.
1425 1221 1442 1254 ι
1479 1203 1752 1274 Πρόσεξον
1770 1203 1922 1270 γοῦν,

350 1292 454 1345 ἀπὸ
481 1293 713 1356 κτίσεως
749 1295 960 1363 κόσμου
1002 1296 1034 1364 ἡ
1076 1295 1174 1361 νὺξ
1213 1296 1518 1367 διαδέχεται
1553 1297 1654 1365 τὴν
1686 1298 1923 1366 ἡμέραν,

351 1385 504 1452 καὶὴ
558 1384 739 1455 ἡμέρα
767 1386 866 1454 τὴν
915 1385 1105 1440 νύκτα.
1156 1387 1284 1444 Ἐπὶ
1321 1389 1377 1442 δὲ
1407 1389 1511 1458 τῆς
1561 1389 1654 1442 τοῦ
1684 1387 1923 1458 Χριστοῦ

351 1471 711 1540 σταυρώσεως
763 1473 861 1542 οὐχ
917 1473 1112 1540 οὕτως,
1193 1476 1310 1528 ἀλλ’
1351 1477 1646 1548 ἐσκοτίσθη
1683 1481 1711 1531 ὁ
1749 1477 1924 1548 ἥλιος,

350 1565 447 1617 καὶ
484 1566 534 1616 εί
565 1564 667 1634 μὲν
698 1566 840 1618 κατά
879 1566 978 1632 τὴν
1008 1566 1275 1632 πολλάκις
1327 1568 1574 1638 συνήθως
1628 1569 1928 1638 γινομένην

349 1656 688 1709 ἐπισκότισιν
714 1652 808 1710 τοῦ
845 1657 1000 1728 ἡλίου
1034 1659 1091 1711 ἐν
1122 1658 1200 1728 τῷ
1257 1659 1436 1730 καιρῷ
1483 1661 1582 1730 τῆς
1616 1659 1782 1713 αὑτοῦ
1839 1660 1930 1713 ἐκ·

348 1745 580 1813 λείψεως
613 1747 850 1814 ἐγένετο,
898 1750 996 1801 οὐκ
1047 1750 1113 1802 ἂν
1153 1750 1280 1820 περὶ
1319 1751 1489 1819 αὐτῆς
1519 1751 1706 1820 ἔλεγεν
1731 1753 1758 1805 6
1795 1769 1930 1822 προ-

351 1835 655 1904 φήτης,ὼς
684 1835 739 1887 δὲ
772 1835 967 1890 ἄλλοτέ
1026 1854 1178 1890 ποτε.
1227 1836 1382 1890 Ἐπεὶ
1437 1839 1494 1891 δὲ
1539 1841 1571 1908 ἡ
1635 1839 1734 1910 μὲν
1786 1838 1929 1892 κατὰ

350 1926 514 1996 φύσιν
549 1926 643 1978 τοῦ
708 1926 856 1997 ἡλίου
917 1927 1159 1998 ἔκλειψις
1214 1927 1308 1982 καὶ
1363 1931 1700 1993 ἐπισκότισις
1749 1931 1807 1983 ἐν
1853 1929 1930 2000 τῷ

351 2019 532 2089 καιρῷ
556 2019 655 2085 τῆς
687 2019 825 2086 μετὰ
851 2021 951 2087 τῆς
975 2020 1208 2090 σελήνης
1243 2021 1466 2076 συνόδου
1496 2022 1729 2091 γίνεται,
1771 2023 1830 2075 ἐν
1869 2021 1928 2076 δὲ

352 2113 419 2179 τῇ
447 2110 1024 2182 τεσσαρεσκαιδεκάτῃ
1065 2111 1251 2183 ἡμέρᾳ
1302 2114 1472 2181 αὐτῆς
1510 2114 1787 2180 οὐδέποτε,
1814 2113 1930 2166 ἀλλ’

354 2202 474 2255 οὐδὲ
504 2204 675 2271 χωρεί
709 2203 797 2254 ἴνα
820 2203 1048 2273 γένηταί
1086 2221 1244 2267 ποτε,
1276 2205 1364 2258 διὰ
1392 2205 1550 2258 τοῦτο
1585 2206 1660 2265 ὡς
1693 2205 1930 2271 ἐξαίσιον

357 2297 451 2346 καὶ
480 2294 798 2360 θαυμαστὸν
822 2295 916 2347 καὶ
957 2295 1099 2365 ὑπὲρ
1159 2294 1323 2363 φύσιν
1369 2298 1602 2367 πρᾶγμα
1658 2298 1931 2367 ἐσημειώ-

358 2387 543 2438 σατοὸ
573 2385 912 2454 προφητικὸς
967 2386 1148 2451 λόγος,
1200 2386 1286 2439 ἵνα
1332 2388 1535 2454 γνῶσιν
1578 2389 1626 2441 οἱ
1675 2389 1929 2457 ἄφρονες,

357 2476 452 2529 καὶ
484 2476 534 2528 oi
567 2477 639 2544 μὴ
689 2475 904 2544 ἔχοντες
958 2477 1212 2555 αἴσθησιν
1257 2479 1498 2532 λάϐωσιν
1539 2480 1814 2549 αἴσθησιν,
1850 2482 1932 2535 ὅτι

360 2565 452 2616 ἐπὶ
482 2563 560 2633 τῷ
585 2562 676 2616 τοῦ
708 2564 946 2633 Χριστοῦ
979 2564 1145 2617 πάθει
1193 2568 1221 2618 6
1269 2565 1422 2638 ἥλιος
1478 2567 1789 2638 ἐσκοτίσθη,
1843 2571 1935 2622 καὶ

359 2657 412 2708 οἱ
439 2655 656 2724 μάταιοι
692 2656 800 2710 τῶν
828 2656 1131 2725 ἀνθρώπων
1157 2658 1256 2712 οὐκ
1295 2659 1624 2712 ἐπίστευσαν
1650 2662 1732 2714 ὅτι
1771 2661 1935 2724 αὑτός

362 2749 510 2801 ἐστιν
539 2749 567 2801 6
617 2750 770 2810 Θεός.
806 2751 874 2802 Ai.
904 2751 1100 2820 πέτραι
1149 2751 1499 2823 ἐσχίσθησαν,
1556 2755 1652 2806 τοῦ
1701 2753 1831 2806 ναοῦ
1874 2755 1934 2806 τι)

363 2841 762 2911 καταπέτασμα
829 2842 1054 2912 ἐσχίσθη
1131 2843 1359 2906 εἰς’δύο
1412 2845 1522 2897 ἀπὸ
1573 2846 1780 2900 ἄνωθεν
1833 2847 1936 2910 ἓως

365 2933 532 2986 κάτω.
569 2934 647 2988 Τὰ
681 2937 924 3020 μνημεῖα
973 2937 1348 3006 ἀνεῴχθησαν,
1380 2938 1674 2992 καὶπολλὰ
1709 2941 1936 3009 σώματα

1299 265 1600 327 CONTRA
1641 266 2133 329 ΜΑΠΟΜΕΤΕΜ
2177 267 2555 330 APOLOGIA
2595 268 2672 330 Ιῐ.

411 399 466 448 ιη
493 417 506 435 .
553 377 890 446 Ἐκέντησαν
917 375 1016 446 τὴν
1049 375 1292 446 πλευρὰν
1321 375 1488 430 αὑτοῦ
1525 376 1663 446 μετὰ
1711 376 1916 445 ξίφους.
1950 380 1993 436 Α

3499 269 3605 340 474

2100 379 2188 432 18.
2238 378 2616 434 Confoderunt
2669 377 2812 433 latus
2848 376 3021 449 ipsius
3062 379 3272 434 lancea.
3300 379 3370 436 Et
3401 379 3470 437 de
3499 382 3606 440 hoc

2025 469 2320 525 Zacharias
2367 488 2380 524 :
2433 488 2450 521 ι
2506 469 2822 540 Respicient
2881 470 2934 525 in
2990 485 3099 536 mc,
3135 486 3297 542 quem
3355 487 3604 544 pupuge-

2023 563 2222 614 runt'.
2260 579 2280 612 ι

2097 651 2185 706 l9.
2226 650 2630 707 Obtenebratus
2700 660 2786 707 est
2828 652 2931 718 sol,
2967 651 3226 715 Christo~
3261 653 3315 707 in
3386 669 3607 710 crucem

2023 758 2320 814 suspenso,
2382 745 2450 799 ab
2506 745 2635 798 hora
2682 755 2834 800 sexta
2901 760 3072 814 usque
3118 745 3184 800 ad
3241 746 3436 800 horam
3505 763 3609 800 no-

2022 852 2172 890 nam.
2224 835 2290 890 Et
2341 837 2420 890 sic
2453 835 2584 892 dicit
2638 837 2984 894 Zacharias:
3024 856 3040 888 ι
3075 837 3143 892 Ει
3172 838 3289 892 dies
3336 839 3452 894 haec
3519 854 3612 893 co-

2026 925 2348 996 gnoscibilis
2375 925 2632 989 Domino,
2662 935 2857 980 etnon
2891 926 3029 994 dies,
3081 935 3137 982 et
3204 941 3312 983 non
3375 945 3504 994 nox,
3558 940 3614 984 et

2025 1019 2129 1076 sub
2187 1033 2474 1087 vesperam
2545 1017 2652 1073 erit
2718 1019 2847 1083 lux,
2919 1027 2974 1073 et
3044 1020 3314 1075 Dominus
3387 1023 3495 1075 erit
3558 1020 3612 1073 in

2025 1127 2208 1182 regem
2269 1127 2436 1182 super
2487 1111 2798 1166 universam
2869 1120 3094 1166 terram.
3131 1113 3192 1167 In
3243 1113 3332 1168 die
3386 1114 3476 1167 illa
3509 1111 3617 1165 erit

2029 1204 2292 1260 Dominus
2342 1219 2506 1267 unus,
2549 1212 2605 1258 et
2649 1218 2850 1258 nomen
2881 1205 3003 1274 ejus
3050 1204 3282 1258 unum'.
3317 1223 3346 1278 »ο
3375 1204 3615 1258 Attende

2027 1297 2216 1368 igitur.
2249 1297 2293 1351 A
2315 1296 2598 1351 creatione
2632 1296 2748 1366 ipsa
2781 1295 2970 1350 mundi
3001 1311 3107 1349 nox
3139 1295 3285 1350 diem
3316 1296 3618 1364 excipit,et

2027 1389 2287 1444 similiter
2332 1387 2451 1442 dies
2481 1395 2735 1453 noctem;
2800 1385 2855 1440 in
2911 1385 3167 1456 passione
3204 1401 3337 1440 vero
3395 1385 3615 1439 Domini

2029 1495 2140 1533 non
2194 1478 2296 1544 sic,
2355 1478 2451 1533 sed
2515 1478 2596 1532 sol
2643 1477 3039 1533 obtenebratus
3068 1486 3173 1532 est.
3221 1476 3380 1542 Quod
3412 1476 3456 1530 si
3488 1490 3618 1530 vero

2025 1571 2179 1641 juxta
2220 1586 2594 1636 communem,
2627 1585 2748 1641 qua:
2811 1571 3010 1640 smpius
3075 1571 3398 1639 contingere
3451 1569 3615 1630 solet.

2032 1663 2548 1719 obtenebrationem
2593 1665 2724 1720 solis
2777 1663 3001 1733 eclipsis
3037 1662 3379 1731 contigisset,
3411 1676 3620 1731 nequa-

2031 1772 2193 1826 quam
2229 1759 2293 1812 dc
2328 1756 2454 1823 hac,
2483 1765 2545 1810 ut
2572 1773 2673 1811 nec
2708 1755 2862 1820 alibi,
2895 1757 3161 1826 propheta
3194 1753 3453 1819 dixisset;
3491 1769 3616 1807 cum

2030 1847 2355 1902 naturaliter
2425 1847 2558 1902 solis
2614 1847 2836 1916 eclipsis
2885 1862 2951 1900 eo
3006 1854 3253 1914 tempore
3299 1846 3619 1913 contingere

2031 1942 2224 2006 soleat,
2263 1955 2371 2010 quo
2408 1941 2537 1993 luna
2569 1955 2693 1994 cum
2736 1939 2851 1994 sole
2899 1939 3192 2008 conjuncta
3233 1943 3342 1999 est,
3374 1937 3519 2005 quod
3564 1936 3618 1988 in

2033 2029 2245 2084 decima
2277 2037 2472 2097 quarta
2505 2028 2656 2082 illius
2685 2026 2772 2080 die
2805 2041 3086 2094 nunquam
3116 2023 3196 2087 ﬁt,
3244 2037 3347 2076 nec
3377 2035 3618 2091 unquam

2032 2124 2157 2177 erit.
2203 2121 2501 2190 PrOpterca
2561 2101 2660 2175 ceu
2716 2119 3066 2187 stupendam,
3124 2115 3506 2170 admirandam
3565 2121 3622 2166 et

2032 2220 2244 2265 natura:
2297 2210 2447 2279 leges
2500 2209 2860 2265 excedentem
2898 2224 3012 2262 rem
3047 2207 3402 2278 propheticus
3437 2219 3622 2260 sermo

2035 2303 2278 2366 denotat,
2310 2310 2368 2355 ut
2399 2309 2454 2356 et
2486 2301 2864 2371 imprudentes
2909 2299 3232 2368 intelligant,
3258 2307 3313 2352 ct
3335 2298 3425 2366 qui
3455 2312 3620 2352 sensu

2035 2401 2225 2448 carent
2253 2407 2479 2446 sensum
2517 2391 2813 2460 recipiant,
2839 2389 2986 2460 quod
3031 2389 3084 2442 in
3127 2387 3332 2444 Christi
3368 2387 3624 2457 passione

2035 2487 2116 2541 sol
2148 2485 2546 2539 obtenebratus
2595 2493 2700 2545 est,
2753 2493 2804 2536 et
2846 2481 3131 2536 vanissimi
3188 2479 3444 2533 homines
3509 2493 3622 2531 non

2036 2577 2413 2632 crediderunt.
2468 2575 2645 2630 Petra:
2698 2574 3065 2638 dissilierunt,
3099 2572 3288 2641 templi
3337 2572 3520 2625 velum
3569 2571 3622 2624 in

2038 2670 2175 2725 duas
2205 2679 2394 2740 partes
2415 2667 2644 2722 scissum
2676 2677 2759 2721 est
2789 2681 2817 2720 a
2857 2681 3075 2720 summo
3105 2679 3280 2733 usque
3327 2664 3392 2718 ad
3429 2663 3624 2726 imum,

2039 2760 2622 2828 monutnenta’aperta
2654 2765 2808 2823 sunt,
2839 2765 2894 2812 et
2929 2757 3099 2810 multa
3140 2770 3369 2825 corpora
3401 2765 3625 2809 saneto-

2041 2869 2164 2907 rum
2185 2852 2275 2922 qui
2300 2851 2736 2916 obdormierant,
2762 2856 3122 2904 surrexerunt
3138 2845 3626 2918 (quemadmodum

2043 2953 2294 2999 sanctum
2349 2943 2708 3013 Evangelium
2764 2939 3018 3010 testatur)
3079 2949 3136 2993 et
3200 2939 3431 3008 ingressi
3499 2947 3628 2991 sunt

363 3024 471 3077 τῶν
507 3029 929 3098 κεκοιμημένων
957 3028 1131 3096 ἁγίων
1147 3029 1355 3100 ἠγέρθη
1384 3031 1483 3100 (ὡς
1511 3032 1658 3100 λέγει
1690 3033 1749 3086 τὸ
1780 3035 1936 3101 ἆγιον

2044 3034 2498 3106 Hierosolymam.
2521 3043 2574 3088 et
2593 3041 2966 3102 apparuerunt
2984 3032 3172 3086 multis
3194 3049 3209 3099 ;
3234 3031 3325 3084 sed
3343 3029 3626 3085 vanissimi

363 3117 743 3186 Εὐαγγέλιον),
771 3120 863 3172 καὶ
886 3120 1136 3188 εἰσῆλθον
1169 3123 1246 3184 είς
1277 3124 1378 3192 τὴν
1421 3123 1804 3196 Ἰερουσαλὴμ,
1833 3129 1927 3180 καὶ

361 3205 796 3276 ἐνεφανίσθησαν
843 3208 1077 3271 πολλοῖς,
1103 3212 1197 3262 καὶ
1231 3211 1282 3263 οί
1325 3212 1547 3280 μάταιοι
1579 3213 1688 3266 τῶν
1724 3215 1932 3284 ἀνθρώ-

2042 3127 2290 3181 homines
2323 3141 2431 3178 non
2453 3123 2827 3186 crediderunt,
2857 3137 3051 3176 verum
3090 3121 3512 3176 obtenebratum
3545 3128 3630 3174 est

2041 3220 2283 3275 insciens
2317 3231 2412 3271 eor
2444 3216 2686 3280 illorum,
2731 3223 2788 3270 et
2816 3215 2868 3268 in
2898 3213 3140 3268 tenebris
3173 3223 3590 3268 convcrsantur.

364 3316 482 3352 πων
529 3299 630 3352 οὐκ
678 3299 1046 3370 ἐπίστευσαν,
1101 3301 1220 3354 ἀλλ’
1265 3303 1536 3375 ἐπωρώθη
1602 3306 1634 3375 ἡ
1687 3306 1950 3373 ἀσύνετος
2007 3309 2189 3364 αὐτῶν
2251 3307 2512 3378 καρδία,
2592 3306 2687 3359 καλ⁵
2771 3305 2830 3358 ἐν
2899 3306 2964 3375 τῇ
3036 3303 3228 3375 σκοτίᾳ
3307 3300 3632 3373 περιπολεύ-

361 3409 533 3448 ονται.

436 3492 504 3541 κ’.
551 3485 838 3540 Ἀπέθανε.
889 3487 996 3541 Kal
1024 3488 1176 3557 λέγει
1239 3489 1492 3555 Ἡσαΐας,
1544 3511 1563 3545 ι
1621 3495 1737 3548 Οὐκ
1795 3494 1944 3550 ἔστιν

363 3573 507 3640 εἶδος
541 3578 708 3647 αὐτῷ,
757 3577 876 3632 οὐδὲ
907 3579 1126 3642 κάλλος.
1165 3580 1270 3634 Καὶ
1332 3582 1552 3654 είδομεν
1606 3587 1794 3652 αὐτὸν,
1850 3588 1943 3640 καὶ

365 3673 468 3724 οὐκ
490 3668 636 3740 εἶχεν
661 3667 822 3734 εἶδος,
863 3673 986 3725 οὐδὲ
1018 3673 1237 3737 κάλλος,
1267 3673 1404 3728 ἀλλὰ
1467 3675 1528 3728 τὸ
1586 3672 1728 3739 εἶδος
1777 3678 1942 3730 αὐτοῦ

363 3765 584 3832 ἄτιμον,
611 3763 863 3816 ἐκλεῖπον
889 3764 949 3817 τὸ
975 3760 1115 3828 είδος
1143 3753 1309 3818 αὐτοῦ
1334 3768 1485 3839 παρὰ
1513 3768 1640 3832 τοὺς
1665 3769 1814 3831 υἱοὺς
1833 3770 1941 3822 τῶν

363 3853 704 3938 ἀνθρώπων..
733 3873 750 3905 ι
786 3857 921 3925 Περὶ
946 3857 1001 3909 δὲ
1020 3856 1112 3909 τοῦ
1163 3859 1399 3929 σταυροῦ
1453 3860 1652 3913 κείσθω
1703 3862 1730 3913 6
1764 3861 1944 3930 λόγος,

367 3951 464 4002 καὶ
487 3949 546 4000 ἐν
565 3947 644 4016 τῷ
670 3949 1006 4018 προσήκοντι
1040 3949 1221 4019 καιρῷ
1267 3950 1525 4022 ἐροῦμεν..

442 4043 550 4090 κα’.
579 4039 1027 4108 Παρεστήκεισαν
1058 4039 1117 4092 δὲ
1143 4039 1221 4110 τῷ
1276 4043 1496 4112 σταυρῷ
1527 4045 1559 4113 ἡ
1617 4045 1799 4116 μήτηρ
1851 4045 1947 4097 τοῦ

387 4126 578 4196 Ἰησοῦ,
613 4130 706 4181 καὶ
739 4131 803 4181 ἐκ
832 4129 940 4183 τῶν
986 4130 1244 4200 μαθητῶν
1297 4132 1462 4186 αὑτοῦ
1493 4136 1521 4186 6
1576 4135 1847 4204 Ἰωάννης.
1883 4135 1949 4188 Τί

383 4215 439 4266 δὲ
481 4218 565 4269 καὶ
587 4219 717 4288 περὶ
739 4217 927 4272 τούτου
959 4219 1124 4288 λέγει,
1167 4221 1422 4278 ἄκουσον.
1465 4241 1482 4274 ι
1520 4218 1629 4276 Ἦν
1663 4225 1949 4292 ἄνθρωπος

379 4307 439 4359 ἐν
479 4310 843 4381 Ἰερουσαλὴμ,
875 4306 919 4379 ᾧ
943 4311 1115 4382 ὄνομα
1171 4314 1418 4385 Συμεὼν,
1455 4316 1549 4369 καὶ
1581 4317 1608 4367 6
1661 4316 1947 4386 ἅνθρωπος
1979 4295 2022 4349 D

373 4392 525 4461 οὗτος
548 4401 699 4469 ἆγιος
726 4406 818 4454 καὶ
842 4402 1068 4468 δίκαιος,
1097 4407 1189 4457 καὶ
1214 4401 1280 4476 ἦν
1302 4405 1451 4477 αὐτῷ
1501 4409 1949 4477 κεχρηματισμέ-

372 4508 460 4546 νον
495 4492 603 4544 ὑπὸ
633 4492 725 4545 τοῦ
747 4492 883 4546 Θεοῦ
917 4495 992 4564 μὴ
1025 4496 1152 4550 ίδεῖν
1191 4495 1442 4560 θάνατον,
1495 4498 1599 4562 ἕως
1626 4495 1688 4554 οὗ
1717 4500 1802 4572 ιδῃ
1855 4501 1947 4553 τὸν

371 4584 628 4653 Χριστόν.
664 4586 768 4639 Καὶ
793 4586 868 4648 ὠς
899 4588 1188 4658 ἀπήγαγον
1211 4591 1290 4652 είς
1324 4593 1384 4643 τὸ
1416 4592 1558 4661 ἱερὸν
1600 4595 1791 4645 τοῦτον
1822 4610 1948 4646 παι-

373 4674 484 4727 δίον
508 4674 659 4742 δντα,
701 4677 793 4728 ἐπὶ
821 4679 900 4749 τῷ
932 4680 1217 4750 πληρῶσαι
1244 4683 1311 4735 τὰ
1338 4684 1395 4735 ἐν
1423 4682 1500 4752 τῷ
1529 4684 1679 4754 νόμῳ
1705 4702 1955 4755 γεγραμ-

379 4767 516 4835 μένα
540 4769 667 4835 περὶ
692 4769 879 4834 αὐτοῦ,
915 4772 1008 4823 καὶ
1033 4771 1194 4834 αὐτὸς
1218 4774 1245 4825 ὀ
1271 4773 1495 4844 Συμεὼν
1531 4775 1750 4840 ἐδέξατο
1789 4775 1954 4828 αὑτὸν

371 4860 464 4912 τὸν
493 4861 727 4932 Χριστὸν
761 4865 819 4914 ἐν
843 4866 964 4928 ταῖς
989 4865 1258 4932 ἀγκάλαις
1283 4866 1468 4930 αὑτοῦ,
1512 4867 1691 4939 ἱερεὺς
1719 4867 1829 4936 γὰρ
1861 4863 1950 4938 ἦν,

376 4954 469 5004 καὶ
491 4948 640 5017 εἶπε,
669 4972 686 5004 ι
723 4954 836 5006 Νῦν
862 4956 1117 5020 ἀπολύεις
1143 4957 1233 5011 τὸν
1286 4957 1473 5012 δοῦλόν
1508 4975 1624 5023 σου,
1678 4959 1950 5023 Δέσποτα,

377 5046 518 5099 κατὰ
539 5047 600 5097 τὸ
637 5045 788 5115 ῥῆμά
811 5064 904 5100 σου
955 5049 1012 5100 ἐν
1035 5049 1248 5119 είρήνῃ,
1277 5051 1360 5102 ὅτι
1388 5047 1530 5104 εῑδον
1577 5052 1627 5104 οι
1678 5047 1951 5120 ὀφθαλμοί

381 5153 483 5206 μου
513 5138 572 5190 τὸ
604 5139 870 5208 σωτήριόν
907 5157 1021 5205 σου,
1072 5141 1100 5193 ὃ
1125 5142 1425 5211 ἡτοίμασας
1465 5143 1606 5197 κατὰ
1659 5142 1952 5213 πρόσωπον

379 5233 598 5284 πάντων
626 5231 731 5286 τῶν
763 5232 928 5298 λαῶν,
963 5233 1078 5302 φῶς
1125 5235 1204 5297 είς
1233 5235 1578 5305 ἀποκάλυψιν
1629 5233 1822 5298 ἐθνῶν,
1857 5234 1955 5288 καὶ

379 5322 536 5388 δόξαν
567 5323 696 5377 λαοῦ
727 5340 820 5377 σου
868 5324 1103 5396 Ἰσραήλ.
1147 5344 1165 5377 ι
1211 5327 1317 5379 Kal
1347 5327 1609 5397 στραφεὶς
1670 5327 1806 5395 πρὸς
1851 5325 1951 5395 τὴν

381 5413 654 5485 Παρθένον
685 5411 862 5472 εἷπεν*
906 5436 924 5468 ι
971 5419 1103 5471 Ἰδοὺ
1129 5409 1283 5479 οὗτος
1306 5423 1483 5473 κεῖται
1514 5422 1593 5484 είς
1626 5418 1832 5473 πτῶσιν
1853 5420 1950 5472 καὶ

383 5508 679 5563 ἀνάστασιν
701 5509 910 5564 πολλῶν
950 5511 1007 5564 ἐν
1036 5509 1113 5580 τῷ
1164 5510 1401 5582 Ἰσραὴλ,
1439 5512 1533 5566 καὶ
1579 5512 1658 5574 είς
1723 5511 1950 5582 σημεῖον

2112 3495 2204 3550 20.
2246 3495 2502 3552 Christus
2551 3491 2889 3565 exspiravit."
2921 3494 2990 3548 Et
3019 3493 3188 3549 Isaias
3219 3493 3356 3547 dicit
3394 3507 3411 3550 :
3450 3510 3470 3544 ι
3506 3490 3631 3547 Νοη

2042 3595 2128 3642 est
2164 3587 2242 3641 illi
2271 3587 2504 3657 species,
2532 3601 2715 3658 neque
2746 3587 2952 3652 decor;
2990 3595 3047 3641 et
3075 3585 3316 3640 vidimus
3352 3600 3502 3651 eum,
3530 3598 3632 3638 nec

2043 3678 2284 3733 habebat
2320 3679 2583 3748 speciem,
2619 3693 2798 3748 neque
2842 3677 3123 3730 decorem.
3169 3676 3277 3730 Sed
3312 3675 3485 3728 forma
3516 3675 3634 3744 ejus

2042 3771 2374 3826 inhonorata
2418 3778 2475 3824 et
2506 3769 2766 3826 deficiens
2815 3784 2928 3839 prae
2961 3767 3088 3840 ﬁliis
3118 3767 3404 3821 hominum
3429 3766 3470 3819 ⁵.
3509 3784 3526 3816 ι
3557 3766 3634 3819 De

2045 3876 2210 3917 cruce
2265 3861 2411 3930 vero}
2435 3875 2618 3916 sermo
2651 3869 2834 3916 noster
2864 3862 2979 3931 jam
3025 3859 3222 3926 sileat;
3255 3858 3323 3913 de
3352 3858 3454 3912 hac
3482 3857 3634 3910 enim

2045 3966 2148 4006 suo
2178 3952 2300 4005 loco
2330 3959 2386 4004 et
2418 3959 2666 4020 tempore
2697 3949 2970 4006 dicemus.

2116 4041 2210 4096 ‘21.
2259 4041 2574 4096 Astiterunt
2607 4048 2789 4094 autem
2819 4038 2970 4094 cruci
3015 4045 3193 4092 mater
3222 4035 3377 4101 Jesu,
3405 4043 3463 4090 et
3492 4049 3637 4089 unus

2045 4134 2445 4202 discipulorum
2497 4133 2649 4188 illius
2713 4131 2985 4187 Joannes.
3021 4129 3167 4196 Quid
3198 4137 3380 4182 autem
3428 4126 3498 4182 de
3528 4127 3638 4180 hoc

2047 4224 2284 4288 dicatur,
2320 4223 2478 4278 audi.
2543 4243 2561 4275 ι
2601 4223 2736 4276 Erat
2767 4222 2934 4276 homo
2967 4219 3360 4299 Hierosolymis
3405 4217 3493 4272 cui
3536 4233 3640 4271 no-

2049 4331 2172 4371 men
2211 4317 2460 4380 Simeon,
2533 4324 2590 4371 et
2621 4316 2789 4370 homo
2837 4315 2940 4371 iste
2965 4316 3148 4385 justus
3177 4323 3232 4370 et
3271 4314 3429 4384 pius;
3461 4321 3517 4366 et
3549 4327 3641 4366 re-

2047 4423 2310 4477 sponsum
2347 4417 2638 4477 acceperat
2677 4423 2706 4462 a
2733 4408 2874 4472 Deo,
2901 4421 3012 4459 non
3047 4404 3292 4459 visurum
3321 4420 3379 4458 se
3407 4411 3638 4456 mortem

2051 4498 2160 4554 nisi
2193 4498 2347 4568 prius
2373 4499 2658 4553 Christum
2693 4495 2926 4551 videret.
2953 4493 3019 4548 Et
3047 4508 3171 4548 cum
3206 4493 3384 4560 ipsum
3407 4503 3639 4559 puerum

2052 4592 2234 4646 adhuc
2270 4589 2326 4645 in
2359 4589 2624 4658 templum
2676 4587 3020 4649 attulissent,
3070 4585 3138 4638 ad
3184 4579 3525 4651 implendum
3576 4593 3641 4631 ea

2056 4698 2180 4752 quae
2218 4683 2272 4736 in
2303 4681 2422 4751 lege
2456 4675 2730 4748 desd‘ipta
2761 4687 2910 4740 sunt,
2944 4676 3090 4731 idem
3127 4675 3220 4730 ille
3251 4672 3532 4728 Christum
3583 4671 3639 4723 in

2058 4774 2218 4827 ulnas
2248 4787 2376 4826 suas
2420 4771 2663 4840 suscepit
2691 4767 2970 4842 (sacerdos
3012 4766 3158 4819 enim
3199 4762 3415 4832 erat)ct
3452 4759 3590 4813 dixit
3624 4775 3637 4810 :

2051 4865 2212 4920 Nunc
2261 4863 2497 4918 dimittis
2553 4876 2767 4916 servum
2805 4869 2978 4922 tuum,
3013 4855 3275 4918 Domine,
3334 4848 3640 4906 secundum

2053 4958 2280 5012 verbum
2319 4965 2477 5010 tuum
2530 4954 2586 5008 in
2640 4967 2795 5023 pace,
2863 4950 3124 5016 quoniam
3176 4947 3438 5001 viderunt
3497 4944 3646 4999 oculi

2061 5049 2168 5103 mei
2231 5047 2473 5102 salutare
2522 5054 2697 5111 tuum,
2731 5043 2880 5114 quod
2935 5039 3196 5112 paraviin
3257 5046 3386 5092 ante
3445 5035 3643 5090 faciem

2060 5141 2306 5196 omnium
2341 5140 2694 5210 populorum,
2734 5137 2919 5190 lumen
2964 5134 3019 5188 in
3069 5131 3463 5187 revelationem
3509 5143 3644 5199 gen-

2062 5232 2300 5301 tium,:et
2323 5231 2552 5303 gloriam
2571 5229 2756 5301 populi
2780 5229 2858 5284 tui
2878 5227 3061 5283 Israel.
3099 5244 3116 5278 ι
3148 5226 3216 5280 Ει
3238 5237 3544 5278 conversus
3574 5221 3643 5275 ad

2060 5325 2328 5395 virginem
2376 5323 2598 5378 Mariam
2635 5322 2772 5376 dixit
2815 5338 2828 5376 :
2871 5320 3063 5389 t;Ecce
3091 5317 3304 5387 positus
3341 5323 3427 5370 est
3465 5314 3554 5368 hic
3587 5315 3647 5366 in

2061 5418 2275 5471 ruinam
2337 5425 2393 5470 et
2429 5415 2891 5471 resurrectionem
2940 5411 3240 5465 multorum
3287 5409 3344 5462 in
3374 5404 3655 5472 lsrael,cs

2057 5508 2112 5562 in
2146 5509 2363 5578 signum
2410 5508 2498 5565 cui
2551 5506 2971 5564 contradicitur.
2997 5504 3066 5559 Et
3117 5511 3263 5558 tuam
3297 5501 3476 5572 ipsius
3518 5493 3656 5553 arﬁ-

454 5681 476 5711 ’
515 5680 742 5749 Zachar,
770 5695 866 5749 xtl,
904 5682 991 5736 10.
1066 5680 1088 5714 ³
1123 5681 1350 5739 Zachar.
1379 5683 1577 5752 nul),
1613 5683 1666 5738 7.
1742 5683 1763 5715 ⁸
1800 5682 1899 5738 lsa.
1935 5695 2050 5748 uti,
2090 5679 2154 5748 2,
2178 5683 2242 5736 5.
