4090 6514
416 357 533 451 ⁸ιιι

1605 352 1932 417 JOANNIS
1969 356 2500 422 CANTACUZENI

3583 360 3690 428 476

428 484 575 524 mam
633 463 943 539 penetrabit
980 464 1219 537 gladius,
1251 473 1313 521 ut
1365 457 1688 539 retegantur
1718 482 1785 522 ex
1829 469 2048 525 multis,

2157 470 2553 541 ντιλεγὸμενον,
2588 470 2679 525 καὶ
2709 471 2804 528 σοῦ
2826 472 2884 527 δὲ
2921 471 3091 542 αὐτῆς
3116 470 3215 543 τὴν
3256 469 3437 543 ψυχὴν
3486 466 3695 525 διελεύ-

427 560 691 617 eordibus
746 559 1174 623 cogitationes'.
1230 578 1249 612 ι
1306 559 1465 615 Nunc
1501 571 1688 616 autem
1718 561 1850 631 quid
1899 563 2016 618 haec

432 653 539 707 sibi
584 652 776 716 velint,
808 650 1162 719 perpendito.
1191 652 1235 706 A
1293 652 1405 705 Deo
1460 651 1743 706 definitum
1778 661 1918 716 erat,
1947 668 2017 707 ne

435 753 668 798 mortem
721 742 930 796 videret
978 742 1224 803 Simeon.
1258 742 1363 797 nisi
1408 743 1562 812 prius
1605 742 1829 798 vidisset
1858 741 2020 799 Chri-

432 846 617 901 stum;
669 847 724 891 et
773 835 905 905 jam'
946 835 1012 889 ad
1069 836 1284 897 senium
1338 844 1648 890 extremum
1697 835 2017 892 devenerat.

430 928 715 984 Christum
751 945 883 984 vero
909 929 1123 993 videns,
1162 928 1306 983 dixit
1340 946 1354 983 :
1397 947 1415 980 ι
1446 927 1607 984 Nunc
1640 928 1875 983 dimittis
1904 945 2018 983 ser-

433 1037 564 1075 vum
620 1031 801 1085 tuum,
851 1022 1101 1084 Domine,
1139 1020 1444 1075 secundum
1491 1021 1719 1074 verbum
1769 1030 1921 1074 tuum
1950 1038 1963 1073 :
1997 1039 2015 1071 ι

435 1113 542 1168 hoc
575 1114 747 1168 verbo
789 1114 948 1183 plane
983 1114 1273 1176 denotans,
1293 1113 1440 1166 hunc
1470 1113 1649 1180 ipsum
1678 1112 1848 1166 Deum
1876 1126 2020 1178 esse,

437 1206 532 1276 qui
566 1206 639 1259 illi
674 1221 996 1274 responsum
1037 1205 1266 1261 dederat
1306 1204 1373 1260 de
1408 1221 1517 1259 non
1548 1203 1781 1259 videnda
1825 1214 2021 1271 morte,

438 1297 666 1367 etquasi
702 1302 730 1351 a
761 1298 997 1352 Domino
1017 1297 1142 1351 vitre
1163 1305 1220 1351 et
1252 1297 1443 1350 mortis
1469 1296 1709 1365 postulat
1738 1305 1799 1351 ut
1823 1295 1890 1349 ab
1921 1296 2025 1349 hac

440 1391 551 1442 vita
593 1390 838 1444 terrestri
886 1389 1175 1443 liberetur.
1226 1387 1382 1455 Quod
1414 1398 1596 1442 autem
1644 1387 1824 1442 dicit:
1869 1406 1887 1439 ι
1927 1387 2026 1442 llic

441 1482 652 1551 positus
669 1490 754 1535 est
774 1482 827 1535 in
850 1482 1065 1535 ruinam
1092 1481 1622 1536 etresnrrectionem
1650 1482 1947 1535 multorum
1971 1480 2026 1535 in

443 1572 629 1638 Israel,
660 1590 683 1623 ι
741 1571 1092 1625 manifestum
1130 1579 1234 1633 est,
1267 1570 1414 1639 quod
1478 1571 1693 1624 scilicet
1738 1570 2029 1626 animabus

446 1660 561 1714 suis
587 1660 933 1724 ceciderunt,
954 1668 1227 1730 quotquot
1250 1660 1304 1713 in
1325 1660 1478 1715 illum
1499 1675 1616 1727 non
1647 1659 2025 1715 crediderunt.

447 1748 547 1816 Qui
583 1765 714 1805 vero
739 1751 1118 1817 crediderunt,
1149 1766 1178 1804 a
1207 1752 1414 1820 peccati
1449 1751 1602 1820 lapsu
1642 1760 2025 1806 surrexerunt.

445 1841 578 1896 item
613 1841 714 1894 hoc
741 1857 755 1895 :
788 1858 806 1891 ι
831 1837 886 1894 l'n
910 1842 1127 1911 signum
1155 1841 1243 1895 cui
1277 1841 1697 1906 contradicitur,
1723 1860 1740 1893 ι
1771 1846 2025 1912 propter-

444 1950 509 1989 ea
578 1935 741 1997 dixit,
766 1934 911 2005 quod
960 1950 1154 1988 omnes
1188 1935 1255 1989 de
1284 1934 1506 1989 Christo
1559 1934 2031 2005 disceptwverunt,

446 2026 504 2081 hi
567 2025 789 2094 quidem
824 2025 1059 2079 dicendo
1109 2026 1257 2082 hunc
1302 2026 1506 2081 bonum
1558 2041 1701 2089 esse,
1739 2027 1831 2082 alii
1880 2044 2033 2093 vero,

450 2117 678 2171 malum.
717 2116 857 2184 Quin
882 2126 937 2172 et
962 2118 1016 2172 iu
1044 2117 1158 2188 ipsa
1192 2134 1357 2175 cruce
1384 2118 1495 2173 duo
1539 2118 1780 2173 latrones
1805 2119 1950 2174 inter
1979 2136 2036 2175 se

449 2211 861 2263 contendebant
896 2210 1026 2279 (una
1058 2211 1207 2265 enim
1271 2226 1396 2266 cum
1453 2210 1548 2265 illo
1596 2211 1733 2266 duos
1792 2211 2039 2269 latrones

450 2301 870 2365 crucifixcrunt,
903 2319 1074 2357 unum
1133 2319 1163 2359 a
1212 2304 1423 2359 dextris
1470 2304 1670 2374 ipsius,
1719 2305 1953 2360 alterum
2007 2322 2036 2361 a

426 2390 738 2457 ~sinistris),
772 2400 829 2446 et
869 2392 1008 2448 alter
1033 2393 1281 2463 quidem,
1310 2393 1590 2450 Christum
1636 2395 1690 2449 in
1717 2410 1883 2450 cruce
1921 2411 2039 2452 sus—

455 2496 688 2548 pensum
748 2482 1142 2552 conspicatus,
1211 2484 1461 2538 convicia
1498 2500 1503 2503 ‘
1540 2484 1596 2538 in
1653 2484 1808 2538 illum
1882 2485 2038 2555 jecit.

458 2572 609 2626 Alter
675 2588 853 2639 vero,
927 2574 1075 2629 hunc
1136 2575 1441 2645 increpavit
1518 2573 1708 2628 dicens
1761 2592 1775 2628 :
1841 2593 1859 2625 ι
1920 2575 2038 2628 Non

461 2664 624 2717 times
662 2675 717 2717 tu
769 2664 962 2727 Deum,
1015 2679 1141 2719 eum
1195 2664 1250 2718 in
1312 2664 1508 2719 eodem
1570 2664 1648 2719 sis
1694 2665 1935 2742 judicio?
1976 2666 2042 2737 _Et

430 2770 566 2808 .nos
630 2753 849 2825 quidem
903 2748 1072 2826 jusie,
1106 2754 1371 2825 operibus
1410 2755 1557 2809 enim
1623 2756 1832 2812 nostris
1883 2756 2047 2827 digna

464 2849 777 2919 patimur:
849 2849 942 2904 ltic
1030 2863 1164 2903 vero
1254 2847 1431 2917 iniqui
1504 2847 1642 2901 nihil
1717 2846 2040 2917 designavit.

466 2941 533 2994 Et
581 2941 713 2996 dicit
758 2941 862 3011 ipsi
891 2941 1061 2997 Jesu:
1107 2959 1125 2991 ι
1152 2940 1404 3007 Domine,
1431 2947 1709 2995 memento
1744 2939 1884 3004 mei,
1919 2954 2044 2993 cum

462 3033 686 3087 veneris
738 3032 793 3087 in
851 3048 1080 3103 regnum
1136 3041 1321 3097 tuum;
1357 3049 1375 3083 ι
1420 3040 1475 3085 et
1501 3030 1740 3086 salvatus
1773 3040 1879 3092 est,
1908 3031 2047 3086 alter

2123 580 2275 616 σεται
2307 564 2575 633 ῥομφαία,
2600 565 2747 628 ὅπως
2776 565 2843 619 ἂν
2882 563 3348 634 ἀποκαλυφθῶσιν
3386 564 3453 618 ἐκ
3484 562 3696 616 πολλῶν

2121 657 2359 726 καρδιῶν
2400 656 2763 725 διαλογισμοί.
2801 677 2819 710 ι
2854 658 2966 712 Kal
2990 658 3183 712 σκόπει
3229 656 3285 709 τί
3329 655 3584 726 βούλεται
3625 655 3698 708 τὰ

2120 747 2409 817 λεγόμενα.
2466 749 2598 801 Ἀπὸ
2623 748 2759 802 Θεοῦ
2790 745 2857 820 ἦν
2883 749 3208 819 ὡρισμένον,
3269 748 3359 800 ἵνα
3410 747 3564 800 οὐδὲν
3614 747 3699 818 ἴδῃ
3806 752 3811 753 “

2123 837 2355 892 θάνατον
2392 841 2420 893 6
2450 839 2697 910 Συμεὼν,
2734 840 2864 910 πρὶν
2922 841 2955 911 ἢ
3021 840 3104 910 ἴδῃ
3144 839 3238 892 ’τὸν
3292 837 3549 909 Χριστὸν,
3604 841 3701 891 καὶ

2123 931 2342 999 ἐγένετο
2376 930 2727 1001 ὑπέργηρως.
2791 930 2936 984 Ἰδὼν
2960 930 3017 985 δὲ
3069 931 3162 984 τὸν
3211 930 3470 1001 Χριστὸν,
3521 924 3696 992 εἶπεν,

2129 1044 2148 1076 ι
2182 1025 2293 1079 Νῦν
2322 1025 2577 1089 ἀπολύεις
2607 1026 2699 1079 τὸν
2738 1025 2922 1080 δοῦλόν
2977 1042 3096 1091 σου,
3129 1024 3399 1088 Δέσποτα,
3448 1024 3590 1078 κατὰ
3640 1023 3703 1076 τὸ

2126 1116 2284 1188 ῥῆμά
2315 1133 2430 1171 σου.
2469 1134 2489 1168 ι
2539 1115 2637 1170 Διὰ
2679 1115 2812 1183 γοῦν
2870 1115 3060 1169 τούτου
3100 1113 3192 1169 τοῦ
3246 1116 3488 1185 ῥήματος
3534 1113 3702 1176 ἔδειξε

2126 1209 2346 1270 πάντως
2373 1207 2455 1260 ὅτι
2496 1206 2660 1269 αὑτός
2689 1207 2835 1258 ἐστιν
2854 1208 2882 1259 6
2904 1205 3036 1270 Θεὸς
3079 1207 3107 1258 6
3130 1204 3477 1275 χρηματίσας
3515 1202 3700 1264 αὑτὸν,

2129 1297 2216 1351 ἱνα
2251 1299 2326 1368 μὴ
2358 1296 2442 1369 ῐδῃ
2472 1296 2722 1359 θάνατον,
2768 1295 2860 1350 καὶ
2895 1296 2972 1359 ὡς
3026 1295 3293 1365 δεσπότην
3335 1293 3568 1348 θανάτου
3607 1291 3706 1346 καὶ

2129 1387 2297 1458 ζωῆς,
2334 1389 2479 1441 αἰτεῖ
2516 1387 2575 1451 ὲξ
2607 1387 2773 1441 αὐτοῦ
2797 1387 2899 1457 τὴν
2935 1386 3042 1440 ἀπὸ
3070 1387 3180 1439 τῶν
3213 1384 3451 1439 ἐνταῦθα
3499 1382 3707 1435 ἀπόλυ-

2131 1495 2236 1533 σιν.
2268 1479 2339 1531 Τὸ
2364 1478 2442 1544 δὲ,
2475 1497 2493 1531 ‹
2527 1471 2698 1542 Οὗτος
2721 1482 2900 1532 κεῖται
2940 1480 3019 1541 εἰς
3043 1477 3254 1529 πτῶσιν
3292 1476 3386 1529 καὶ
3412 1474 3707 1527 ἀνάστασιν

2132 1571 2343 1626 πολλῶν
2399 1574 2457 1626 ὲν
2494 1572 2570 1642 τῷ
2604 1571 2846 1640 Ἰσραὴλ.
2876 1589 2896 1622 ι
2947 1569 3192 1640 δηλονότι
3222 1570 3271 1622 οἱ
3317 1568 3392 1637 μὴ
3426 1568 3504 1629 εἰς
3546 1567 3709 1620 αὐτὸν

2132 1664 2558 1727 πεπιστευκότες
2582 1663 2773 1717 ἔπεσον
2799 1663 3070 1734 ψυχικῶς,
3129 1663 3180 1716 οἱ
3207 1663 3266 1716 δὲ
3320 1661 3711 1722 πιστεύσαντες

2132 1757 2433 1827 ἀνέστησαν
2459 1757 2565 1810 ἀπὸ
2595 1756 2690 1810 τοῦ
2719 1757 2819 1820 τῆς
2857 1756 3139 1824 ἁμαρτίας
3195 1753 3511 1824 πτώματος.
3540 1753 3613 1806 Τὸ
3652 1752 3710 1805 δὲ

2143 1868 2162 1899 ι
2186 1851 2265 1911 εἰς
2296 1849 2995 1920 σημεῖον“ἀντιλεγόμενον,
3029 1867 3048 1899 ι
3084 1848 3165 1901 ὅτι
3221 1847 3421 1908 πάντες
3459 1847 3587 1912 περὶ
3613 1844 3710 1898 τοῦ

2137 1939 2377 2009 Χριστοῦ
2414 1937 2725 2005 ἀντέλεγον.
2761 1938 2823 1990 Ui
2854 1936 2953 2005 μὲν
2999 1935 3109 2005 γὰρ
3160 1933 3345 2001 ἔλεγον
3388 1933 3471 1985 ὄτι
3511 1931 3714 1999 ἀγαθός

2139 2034 2308 2095 ἐστιν,
2338 2032 2387 2085 οἱ
2409 2030 2488 2095 δὲ,
2517 2031 2599 2083 ὅτι
2649 2028 2913 2099 πονηρός.
2954 2027 3119 2080 Ἀλλὰ
3143 2026 3207 2094 δὴ
3234 2025 3328 2078 καὶ
3355 2022 3445 2077 ἐπ’
3469 2022 3617 2093 αὐτῷ
3636 2021 3715 2092 τῷ

2141 2122 2362 2193 σταυρῷ
2408 2122 2700 2189 ἀντέλεγον
2722 2120 2817 2174 δύο
2849 2118 3046 2190 λῃσταί
3066 2133 3082 2151 ο
3123 2114 3581 2185 συνεσταύρωσαν
3608 2112 3718 2182 γὰρ

2143 2216 2282 2285 μετὰ
2309 2212 2402 2266 τοῦ
2430 2210 2674 2283 Χριστοῦ
2702 2211 2906 2283 λῃστὰς
2936 2208 3050 2269 δύο,
3080 2208 3177 2261 ἕνα
3220 2208 3283 2260 ὲκ
3311 2204 3500 2270 δεξιῶν
3527 2202 3719 2279 αὐτοῦ,

2142 2306 2236 2359 καὶ
2259 2305 2358 2358 ἕνα
2388 2303 2449 2367 ἐξ
2479 2303 2798 2372 εὐωνύμων.
2852 2301 2967 2356 Kal
2990 2303 3025 2354 6
3051 2300 3152 2369 μὲν
3185 2294 3265 2360 εἷς
3295 2296 3420 2351 ἰδὼν
3458 2295 3549 2349 τὸν
3578 2296 3718 2365 Χρι·

2145 2396 2268 2449 στὶν
2296 2396 2352 2448 ὲν
2397 2394 2476 2464 τῷ
2529 2393 2765 2465 σταυρῷ,
2802 2392 3145 2463 ἐϐλασφήμει
3200 2390 3324 2444 κατ’
3356 2387 3518 2443 αὐτοῦ
3542 2404 3557 2420 ⁸
3618 2388 3647 2440 6
3673 2385 3720 2439 δ’

2145 2487 2300 2549 ἄλλος
2327 2486 2667 2554 ἐπετίμησεν
2718 2482 2888 2552 αὐτῷ,
2919 2480 3118 2546 εἰπὼν,
3156 2500 3173 2531 ι
3208 2480 3342 2534 Οὐδὲ
3371 2477 3508 2547 φοϐῇ
3538 2478 3600 2530 σὺ
3630 2476 3721 2529 τὸν

2147 2579 2301 2643 Θεὸν,
2356 2580 2438 2631 ὅτι
2474 2578 2530 2629 ὲν
2580 2574 2660 2645 τῷ
2724 2573 2877 2644 αὑτῷ
2952 2572 3178 2644 κρίματι
3239 2569 3327 2637 ei;
3393 2569 3505 2623 Kal
3559 2570 3722 2638 ἡμεῖς

2153 2670 2251 2740 μὲν
2284 2669 2394 2738 γὰρ
2419 2667 2669 2732 δικαίως,
2702 2665 2829 2730 ἄξια
2878 2664 2989 2733 γὰρ
3028 2656 3104 2718 ὧν
3130 2662 3447 2734 ἐπράξαμεν
3478 2660 3727 2729 ἀπολαμρ

2150 2763 2408 2831 ϐάνομεν,
2446 2753 2601 2823 οὗτος
2629 2758 2685 2812 δὲ
2713 2756 2868 2810 οὐδὲν
2924 2757 3126 2812 ἄτοπον
3155 2754 3377 2826 ἔπραξε.
3426 2751 3531 2806 Kal
3575 2752 3726 2819 λέγει

2148 2852 2228 2923 τῷ
2262 2850 2456 2921 Ἰησοῦ,
2497 2868 2517 2902 ι
2556 2847 2848 2919 Μνήσθητί
2877 2864 3002 2917 μου,
3056 2845 3251 2913 Κύριε,
3304 2843 3435 2897 ὅταν
3482 2840 3640 2910 ἔλθῃς
3668 2840 3729 2891 ὲν

2151 2947 2219 3016 τῇ
2251 2942 2501 3014 βασιλείᾳ
2526 2958 2641 2997 σου.
2674 2958 2693 2992 ι
2729 2939 2842 2993 Kal
2873 2937 3077 3009 ἐσώθη.
3116 2938 3145 2989 6
3170 2935 3215 2990 δ’
3254 2933 3414 2998 ἄλλος
3453 2931 3727 2987 ἀπώλετο.

2150 3040 2224 3094 Τὸ
2257 3039 2334 3104 δὲ,
2368 3056 2387 3090 ι
2418 3036 2522 3091 Σοῦ
2573 3037 2631 3090 δὲ
2662 3028 2832 3104 αὑτῆξ
2862 3033 2960 3105 τὴν
2991 3030 3168 3103 ψυχὴν
3215 3027 3547 3083 διελεύσεται
3596 3026 3733 3095 ῥομ-

464 3139 599 3180 vero
632 3124 857 3195 periit“.
891 3123 1023 3178 Item
1060 3140 1076 3179 :
1113 3142 1132 3176 ι
1172 3122 1344 3177 Tuam
1413 3137 1542 3176 vero
1592 3121 1765 3192 ipsius
1808 3122 2046 3175 animam

2153 3131 2313 3202 φαια,
2352 3132 2501 3192 ὅπως
2561 3128 2629 3183 ἂν
2671 3125 3132 3193 ἀποκαλυφθῶσιν
3157 3124 3221 3177 ὲκ
3250 3121 3462 3174 πολλῶν
3492 3116 3734 3189 καρδιῶν

464 3217 834 3288 pertransibit
880 3215 1124 3287 gladius,
1158 3232 1178 3267 ι
1254 3223 1315 3269 ιιι
1364 3222 1684 3284 retegantur
1738 3229 1805 3268 ex
1858 3214 2048 3269 multis

467 3309 733 3365 cordibus
759 3308 1145 3379 cogitationes.
1189 3326 1209 3361 ι
1246 3306 1370 3362 Haec
1393 3307 1467 3362 ita
1506 3306 1858 3378 intelligenda
1896 3315 2061 3364 sunt.

468 3402 704 3468 Quidam
757 3402 1148 3456 hmreticorum
1203 3408 1540 3470 putaverunt
1599 3398 1880 3454 Christum
1929 3413 2052 3454 esse

468 3496 694 3567 quidem
754 3497 848 3551 Dei
886 3496 1108 3561 Filium,
1142 3495 1423 3564 Deumque
1476 3509 1710 3559 verum,
1772 3494 2051 3549 hominem

470 3594 656 3642 autem
697 3600 890 3641 verum
930 3602 1051 3643 esse
1093 3594 1454 3657 negaverunt,
1505 3586 1603 3642 sed
1657 3586 1934 3641 hominem
1976 3585 2057 3641 fa—

475 3688 627 3732 ctum
658 3692 777 3732 esse
802 3676 964 3732 modo
987 3678 1223 3748 quodam
1267 3678 1671 3749 irnaginatorio.
1704 3677 1773 3732 Et
1807 3677 1912 3732 hoc
1937 3676 2060 3747 qui-

478 3769 604 3823 dem
648 3768 836 3825 multis
869 3771 1108 3838 videtur,
1127 3771 1273 3842 quod
1306 3771 1473 3826 homo
1517 3768 1741 3840 quidem
1793 3768 1867 3823 sit
1920 3769 2059 3823 citra

478 3865 934 3931 controversiam,
965 3878 1074 3919 non
1112 3872 1295 3918 tamen
1338 3862 1505 3917 homo
1538 3874 1724 3915 verus.
1754 3859 1870 3943 Hoc
1894 3858 2062 3929 igitur

478 3958 653 4011 instar
680 3957 957 4026 propheta:
997 3955 1303 4026 praevidens
1326 3953 1551 4009 Simeon
1590 3952 1753 4006 matri
1773 3950 1911 4005 dixit
1936 3949 2065 4006 Dei-

477 4066 656 4122 para-z
702 4050 798 4104 «Et
827 4059 973 4104 tuam
999 4048 1170 4119 ipsius
1199 4047 1434 4102 animam
1453 4043 2064 4115 pertransibitgladius,

479 4151 543 4196 ut
578 4151 894 4211 retegantur
926 4156 990 4194 ex
1011 4140 1199 4194 multis
1223 4136 1483 4192 cordibus
1505 4135 1892 4204 cogitationes;
1921 4152 1941 4185 ι
1963 4134 2067 4191 hoc

480 4233 716 4287 innueus
774 4232 863 4286 his
918 4231 1103 4285 verbis
1155 4245 1168 4283 :
1224 4228 1363 4284 Cum
1419 4226 1676 4281 homines
1730 4233 1782 4280 te
1832 4233 2061 4280 matrem

483 4324 633 4377 illius
686 4322 962 4389 dolvnte’m
1015 4319 1288 4380 viderint.
1343 4316 1566 4372 ﬂentem
1627 4325 1684 4371 et
1734 4317 2065 4387 plorantem.

484 4431 609 4469 cum
642 4416 792 4469 hunc
827 4417 878 4468 in
912 4428 1078 4469 cruce
1110 4411 1351 4481 pendere
1378 4409 1754 4480 conspexeris,
1777 4408 1912 4464 certi
1937 4407 2067 4463 red-

2151 3221 2516 3291 διαλογισμοὶ,
2543 3235 2565 3272 ι
2593 3221 2707 3289 ἔχει
2727 3219 2890 3273 οὕτω.
2923 3216 3080 3280 Τινὲς
3098 3215 3204 3268 τῶν
3237 3211 3532 3284 αἱρετικῶν
3554 3209 3735 3275 ὲδόξαο

2153 3314 2244 3369 ζον
2268 3314 2348 3368 ὅτι
2370 3314 2398 3365 6
2431 3314 2660 3383 Χριστὸς
2685 3311 2811 3374 Υἱὸς
2837 3314 2935 3379 μέν
2982 3311 3102 3361 ἔστι
3139 3305 3231 3359 τοῦ
3260 3303 3395 3357 Θεοῦ
3451 3302 3549 3354 καὶ
3597 3301 3733 3364 Θεὸς

2153 3407 2381 3478 ἀληθὴς,
2438 3405 2727 3476 ἄνθρωπος
2757 3402 2815 3456 δὲ
2853 3401 3059 3471 ἀληθὴς
3090 3399 3191 3453 οὐκ
3237 3397 3409 3460 ἔστιν,
3433 3393 3570 3448 ἀλλὰ
3591 3392 3736 3446 κατὰ

2156 3495 2458 3566 φαντασίαν
2501 3495 2722 3565 ἐγένετο
2753 3492 3063 3561 ἄνθρωπος.
3103 3489 3213 3543 Kal
3269 3486 3471 3558 ὲδόιιει⁵
3502 3483 3603 3554 μὲν
3653 3482 3738 3544 εἰς

2156 3590 2283 3654 τοὺς
2313 3586 2544 3651 πολλοὺς
2590 3584 2769 3650 τοῦτο,
2833 3585 2917 3637 ὅτι
2954 3578 3401 3650 ὁμολογουμένως
3448 3570 3739 3640 ἄνθρωπός

2159 3682 2330 3745 ἑστιν,
2370 3679 2431 3732 οὗ
2463 3679 2570 3749 μὴν
2608 3677 2666 3730 δὲ
2713 3676 2807 3729 καὶ
2845 3670 2913 3745 ἦν
2965 3673 3104 3727 κατὰ
3133 3668 3393 3740 ἀλήθειαν
3425 3666 3735 3737 ἄνθρωπος.

2161 3773 2335 3826 Τοῦτο
2367 3769 2499 3838 γοῦν
2544 3767 2782 3839 προϊδὼν
2813 3766 2842 3819 6
2889 3764 3139 3835 Συμεὼν,
3169 3761 3243 3824 ὼς
3283 3760 3592 3830 προφήτης,
3618 3751 3741 3809 εἶπε

2161 3865 2229 3934 τῇ
2259 3860 2529 3931 Θεοτόιιῳ,
2573 3878 2592 3912 ι
2630 3859 2740 3912 Kal
2770 3854 2866 3911 σοῦ
2896 3856 2954 3909 δὲ
2985 3854 3157 3924 αὐτῆς
3179 3853 3280 3922 τὴν
3330 3850 3509 3921 ψυχὴν
3537 3846 3765 3914 διελεύ-⁵

2165 3971 2318 4008 σεται
2349 3951 2618 4024 ῥομφαία,
2669 3950 2819 4010 ὅπως
2844 3948 2911 4003 ἂν
2941 3944 3400 4013 ἀποκαλυφθῶσιν
3424 3944 3493 3994 ὲκ
3527 3939 3739 3993 πολλῶν

2166 4042 2403 4115 καρδιῶν
2424 4038 2761 4109 διαλογισμοί
2790 4054 2802 4067 '
2846 4056 2865 4090 ι
2908 4042 3069 4090 τοῦτο
3107 4031 3393 4104 δηλοῦντος
3431 4029 3529 4083 τοῦ
3560 4030 3739 4097 λόγου,

2165 4137 2248 4192 ὃτι
2279 4135 2451 4189 Ὅταν
2480 4133 2662 4187 ἴδωσιν
2697 4132 2749 4185 οἱ
2801 4128 3080 4199 ἄνθρωποι
3109 4126 3171 4180 σὲ
3197 4124 3297 4193 τὴν
3326 4122 3544 4194 μητέρα
3577 4117 3742 4175 αὐτοῦ

2166 4225 2517 4296 λυπουμένην
2556 4224 2650 4277 καὶ
2705 4220 3018 4292 θρηνοῦσαν
3079 4218 3173 4271 καὶ
3222 4214 3545 4277 κλαίουσαν,
3603 4213 3743 4265 θεω-

2172 4317 2374 4391 ροῦσαν
2412 4315 2605 4369 τοῦτον
2630 4318 2690 4368 ὲν
2716 4313 2795 4384 τῷ
2829 4310 3071 4380 σταυρῷ,
3100 4308 3358 4380 μέλλουσι
3391 4305 3740 4374 πληροφορη-

2158 4410 2331 4481 ’θῆναι
2364 4410 2460 4463 καὶ
2481 4406 2825 4476 πιστωθῆναι
2855 4406 2904 4457 oi
2950 4404 3165 4473 ἔχοντες
3221 4398 3353 4469 περὶ
3393 4392 3556 4450 αὑτοῦ
3610 4391 3737 4451 τοὺς

487 4508 688 4561 dentur
719 4516 774 4561 et
803 4504 1303 4567 conﬁrmabuntur,
1332 4503 1427 4572 qui
1467 4502 1831 4573 cogitationes
1856 4500 1926 4555 de
1970 4499 2048 4554 illt

2171 4498 2575 4570 διαλογισμοὺς,
2607 4498 2691 4551 ὅτι
2704 4494 3155 4567 ὁμολογουμένως
3179 4492 3274 4543 καὶ
3298 4484 3580 4556 ἄνθρωπός
3595 4483 3733 4544 ἔστι,

488 4600 696 4653 habent
760 4598 976 4661 dubias,
1020 4595 1167 4666 quod
1202 4596 1336 4651 citra
1370 4610 1590 4651 omnem
1632 4591 2065 4650 controversiam

489 4704 547 4746 et
576 4694 740 4746 homo
766 4692 854 4753 sit,
885 4700 1100 4745 et-luus
1124 4689 1289 4744 illius.
1315 4688 1683 4745 Sanctaenim
1716 4696 1892 4742 mater
1922 4685 2069 4741 illius

492 4788 672 4842 doluit
696 4776 919 4856 quidem
942 4787 1118 4852 ιιιιιιοζί
1129 4802 1161 4839 ιι
1183 4784 1707 4854 cruce;couspicata,
1733 4780 2073 4849 exspectavit

496 4890 679 4936 autem
707 4880 876 4934 ‘simul
910 4878 1378 4951 resurrectionem
1421 4876 1571 4930 illius
1597 4873 1759 4927 tertio
1790 4871 2075 4938 die,secu—

494 4982 699 5035 turam,
739 4981 795 5026 et
827 4972 1008 5025 laetata
1047 4981 1152 5036 est,
1177 4969 1322 5038 quod
1348 4977 1406 5023 et
1433 4964 1685 5035 contigit.
1712 4963 1872 5019 Nunc
1910 4963 2076 5033 igitur

496 5066 781 5136 intelligis,
839 5063 1116 5134 quomodo
1168 5060 1353 5115 omnia
1391 5072 1515 5128 quae
1565 5057 1632 5110 de
1681 5053 1902 5110 Christo
1933 5054 2076 5109 facta

499 5166 653 5223 sunt,
685 5157 965 5227 prophetae
1004 5166 1060 5210 et
1088 5153 1264 5208 sancti
1311 5149 1683 5221 praedixerint,
1724 5146 2081 5218 quemadmo-

501 5250 631 5299 dum
662 5251 825 5300 etiam
871 5247 925 5298 in
966 5245 1072 5298 hoc
1117 5249 1310 5296 nostro
1354 5250 1684 5310 argumento
1741 5237 1945 5292 factum
1973 5245 2077 5293 est.

502 5338 571 5391 Et
610 5353 705 5391 vos
737 5336 980 5406 quidem,
1012 5335 1154 5387 sicut
1201 5330 1302 5392 illi,
1337 5329 1720 5401 imaginatorio
1770 5328 1933 5383 modo
1982 5329 2080 5384 ho—

508 5430 714 5484 minem
740 5430 942 5481 factum
966 5440 1087 5481 esse
1110 5438 1218 5477 non
1242 5423 1446 5486 dicitis,
1473 5421 1568 5476 sed
1584 5419 1863 5476 Christum
1890 5433 2083 5475 verum

512 5519 797 5573 hominem
857 5531 980 5571 esse
1033 5514 1319 5580 fatemini;
1352 5513 1711 5568 nihilominus
1745 5521 1922 5566 tamen
1985 5510 2088 5565 ali-

509 5613 644 5681 quid
678 5609 952 5665 haereticis
974 5607 1152 5683 simile
1175 5606 1375 5663 dicitis.
1395 5605 1514 5661 Non
1537 5605 1686 5661 enim
1714 5602 2089 5670 arbitramini,

581 5791 606 5823 ⁸
642 5790 777 5845 Luc.
819 5805 882 5856 ιι,
913 5788 1108 5845 25-52.
1187 5788 1207 5819 ‘
1243 5787 1374 5844 Luc.
1432 5798 1587 5855 xxnt,
1633 5783 1816 5841 lli-43.

2175 4593 2271 4647 καὶ
2300 4593 2390 4655 σὸς
2428 4590 2544 4654 υἱὸς
2587 4590 2846 4660 ὑπάρχει.
2920 4586 2986 4639 Ἠ
3015 4585 3124 4653 γὰρ
3186 4582 3319 4649 ἁγία
3363 4574 3520 4633 αὐτοῦ
3558 4576 3741 4644 μήτηρ

2177 4684 2424 4754 ἐλυπήθη
2457 4682 2579 4750 μὲν,
2606 4678 2883 4751 θεωροῦσα
2899 4678 2991 4731 τὸν
3010 4676 3126 4730 υίδν
3148 4673 3318 4743 αὐτῆς
3341 4674 3397 4726 ὲν
3411 4669 3489 4742 τῷ
3508 4664 3749 4736 σταυρῷ,

2180 4775 2452 4845 ἐξεδέχετο
2477 4773 2534 4827 δὲ
2575 4774 2727 4843 ὅμως
2757 4772 2853 4824 καὶ
2876 4769 2977 4840 τὴν
2993 4768 3295 4838 τριήμερον
3325 4761 3492 4817 αὐτοῦ
3522 4760 3758 4814 ἀνάστα·

2183 4883 2291 4930 σιν,
2345 4867 2443 4918 καὶ
2479 4864 2769 4934 ἠγάλλετο,
2818 4864 2956 4932 ὅπερ
2998 4860 3062 4929 δὴ
3106 4858 3200 4913 καὶ
3236 4856 3476 4926 ἐγένετο.
3530 4851 3758 4912 Βλέπεις

2182 4958 2298 5023 πῶς
2330 4954 2510 5011 πάντα
2548 4955 2618 5009 τὰ
2648 4957 2726 5017 εἰς
2747 4954 2840 5006 τὸν
2863 4952 3102 5021 Χριστὸν
3130 4947 3392 5018 γεγονότα
3418 4945 3682 5014 προεῖπον
3706 4941 3757 4993 oi

2183 5052 2466 5122 προφῆται
2493 5048 2588 5102 καὶ
2614 5049 2665 5100 οἱ
2699 5048 2869 5114 ἅγιοι,
2904 5043 2978 5106 ὡς
3028 5044 3124 5096 καὶ
3154 5042 3285 5113 περὶ
3322 5040 3422 5108 τῆς
3472 5035 3758 5105 παρούσης

2186 5143 2532 5207 ὑποθέσεωςς
2565 5141 2673 5193 Kal
2700 5140 2860 5209 ὑμεῖς
2897 5139 3020 5207 μὲν,
3071 5136 3149 5198 ὡς
3195 5134 3395 5187 ἐκεῖνοι
3430 5129 3642 5198 ἔλεγον,
3677 5127 3760 5178 ὅτι

2188 5234 2331 5289 κατὰ
2366 5232 2673 5303 φαντασίαν
2729 5230 2949 5297 ἐγένετο
3004 5226 3312 5296 ἄνθρωπος,
3348 5221 3509 5275 τοῦτο
3561 5217 3624 5270 οὒ
3677 5214 3764 5268 λέ-

2186 5342 2336 5397 γετε,
2386 5324 2525 5380 ἀλλὰ
2586 5322 2765 5392 ἀληθῆ
2804 5321 3092 5392 ἄνθρωπον
3151 5318 3337 5385 λέγετε
3381 5313 3475 5367 τὸν
3506 5306 3763 5380 Χριστὸν,

2190 5417 2340 5489 ὅμως
2366 5416 2556 5483 λέγετε
2583 5413 2885 5484 παρόμοιον
2910 5410 3165 5473 ικεινοις.
3197 5405 3330 5461 om
3363 5405 3474 5474 γὰρ
3510 5398 3767 5464 δοξάζετι

2193 5508 2274 5562 ὅτι
2308 5507 2469 5569 αὐτὸς
2493 5508 2521 5559 6
2554 5504 2791 5575 Χριστὸς
2822 5502 3171 5574 ἐσταυρώθη,
3205 5498 3321 5552 ἀλλ’
3358 5496 3436 5557 ὡς
3463 5492 3629 5563 δῆθεν
3679 5504 3767 5575 τι·

2199 5604 2407 5673 μῶντες
2442 5573 2677 5656 αὖτδνήοε
2708 5573 3126 5667 Μουσουλμανοι
3169 5592 3442 5662 λέγουσιν,
3483 5586 3566 5667 δτι
3609 5573 3772 5637 ἄλλον
