4090 6500
332 406 440 470 ξ’ἲἿ

1289 401 1596 465 CONTRA
1641 399 2129 465 MAHOMETEM
2169 402 2554 466 APOLOGIA‘
2592 404 2676 466 II.

3483 408 3602 472 ΠΕ

323 519 452 573 ἀντὶ
484 515 579 572 τοῦ
617 515 857 590 Χριστοῦ
889 515 1244 590 ἐσταύρωσαν
1298 521 1349 572 οἱ
1392 519 1660 587 Ἰουδαῖοι,
1693 530 1898 588 φαντα-

2016 519 2150 589 quod
2184 520 2304 599 ipse
2340 520 2641 578 cruciﬁxus
2672 521 2766 586 sit,
2798 519 2893 578 sed
2926 520 3252 579 Musulmani
3277 538 3376 581 ceu
3406 522 3591 581 bono»-

328 611 550 674 σθέντες
582 610 844 674 ὃτιαὺτός
875 612 1025 665 ἐστιν
1054 610 1358 682 δΧριστός.
1389 611 1504 665 Κᾶν
1530 611 1641 683 γὰρ
1666 609 1900 664 καθόλου

328 702 429 756 ἐπὶ
454 701 550 755 τοῦ
588 701 828 772 Χριστοῦ
860 702 921 754 οὐ
949 700 1211 772 δοξάζητε
1272 702 1597 772 φαντασίαν,
1633 700 1750 754 ἀλλ’
1780 699 1903 754 ἐπεὶ

326 793 577 846 ὁπωσοῦν
595 792 783 860 λέγετε
816 791 944 862 περὶ
979 792 1146 845 αὐτοῦ
1187 795 1270 846 ὅτι
1296 791 1516 861 ἐγένετο
1564 774 1693 845 ἄλλο
1753 791 1904 862 παρᾶ

328 886 429 953 τὴν
455 883 739 951 ἀλήθειαν,
774 884 1169 955 ἀπαραιτήτως
1199 883 1296 937 καὶ
1329 885 1489 955 ὑμεῖς
1538 885 1618 947 είς
1657 883 1758 953 τὴν
1805 881 1903 935 αὐ-

329 977 428 1045 τὴν
460 975 819 1045 περιπίπτετε
870 974 1099 1044 πλάνην.
1136 973 1330 1046 Ὅμως
1394 974 1554 1046 εἴπερ
1610 972 1901 1042 συνέλθητε

333 1065 451 1132 μετ’
482 1065 711 1117 ἐκείνων
757 1063 836 1128 είς
869 1063 1082 1132 λόγους,
1126 1065 1223 1118 καὶ
1278 1065 1477 1118 ἐκεῖνοι
1530 1065 1628 1135 μέν
1674 1063 1902 1116 είπωσιν

329 1154 415 1209 ὅτι
447 1154 723 1217 παντελῶς
780 1154 997 1223 ἐγένετο
1039 1157 1067 1209 6
1118 1156 1354 1226 Χριστὸς
1407 1155 1551 1210 κατὰ
1598 1153 1901 1224 φαντασίαν

334 1245 645 1315 ἄνθρωπος,
696 1246 857 1316 ὑμεῖς
889 1245 946 1298 δὲ
989 1247 1365 1315 ἀντιλέγοντες
1422 1246 1614 1317 εἴπητε
1668 1246 1753 1298 ὅτι
1802 1245 1901 1300 οὐκ

337 1336 484 1390 ἐστιν
512 1334 708 1401 οὕτως,
743 1336 878 1390 ἀλλὰ
906 1338 1048 1389 κατὰ
1077 1337 1339 1407 ἀλήθειαν
1392 1339 1492 1407 μὲν
1550 1337 1768 1406 ἐγένετο
1806 1336 1903 1390 ἄν·

334 1425 570 1495 θρωπος,
600 1426 721 1478 ἐπεὶ
754 1426 808 1478 δὲ
833 1426 981 1496 μόνῳ
1009 1426 1086 1497 τῷ
1105 1429 1268 1482 πάθει
1299 1430 1515 1498 ἐγένετο
1548 1431 1580 1500 ὴ
1608 1428 1901 1497 φαντασία,

334 1513 434 1566 καὶ
469 1514 625 1576 ἄλλος
656 1514 807 1567 ἐστὶν
839 1515 955 1568 ἀντ’
986 1516 1192 1569 ἐκείνου
1222 1520 1249 1570 6
1296 1517 1653 1586 craupwﬁalc,
1706 1517 1902 1570 ἐκεῖνοι

328 1604 378 1658 δ’
416 1598 571 1667 αὖθις
603 1605 931 1658 ἀντεῖπωσιν
962 1606 1043 1659 ὅτι
1081 1606 1208 1661 Ἐὰν
1247 1609 1404 1677 ὑμεῖς
1435 1608 1536 1677 μὲν
1573 1606 1771 1676 λέγητε
1820 1608 1902 1660 ὅτι

330 1698 440 1749 ἀπὸ
468 1697 667 1766 μέρους
696 1697 913 1765 ἐγένετο
962 1699 996 1770 ἡ
1046 1701 1340 1768 φαντασία,
1376 1700 1536 1769 ἡμεῖς
1577 1699 1633 1752 δὲ
1674 1700 1905 1769 λέγομεν

330 1794 391 1845 τὸ
424 1792 680 1856 καθόλου,
715 1793 768 1846 τί
828 1793 1285 1864 κατηγορούμεθα
1332 1792 1464 1864 παρ’
1511 1793 1688 1863 ὑμῶν,
1744 1792 1921 1864 εἴπερ·

330 1884 562 1951 λέγομεν
590 1883 650 1935 τὸ
686 1882 909 1937 καθόλου
940 1884 1281 1953 φαντασίαν;
1314 1884 1435 1937 οὐδὲ
1468 1884 1575 1954 γὰρ
1603 1883 1904 1937 ἀντίκειταί

332 1991 462 2027 ποτε
485 1975 544 2027 τὸ
574 1973 739 2045 μέρος
776 1975 856 2045 τῷ
881 1974 1131 2028 καθόλου·
1168 1976 1360 2047 ἐρωτῶ
1394 1992 1476 2037 σε,
1504 1974 1558 2029 τί
1590 1975 1902 2043 ἀναγκαίαν

332 2068 428 2119 καὶ
451 2065 889 2136 ὁμολογουμένην
908 2068 1204 2137 ἀπόκρισιν
1235 2067 1459 2137 μέλλετε
1488 2067 1673 2121 δοῦναι
1699 2069 1904 2134 αὐτοῖςς

332 2160 559 2222 Πάντως
589 2159 741 2228 ἔχετε
772 2161 949 2214 εἰπεῖν
977 2159 1257 2230 οὐδεμίαν.
1295 2160 1530 2222 Βλέπεις
1560 2159 1680 2223 πῶς
1709 2162 1736 2213 ό
1756 2159 1908 2214 διδά-

334 2249 434 2316 ξας
463 2250 524 2302 τὸ
553 2249 793 2304 τοιοῦτον
826 2250 1005 2322 δόγμα
1034 2251 1160 2315 τοὺς
1187 2251 1658 2320 Μουσουλμάνους
1691 2249 1905 2315 ἐδίδαξε

335 2341 524 2404 κακῶς
553 2358 568 2406 ;
601 2343 672 2395 Ἦ
701 2341 810 2413 γὰρ
843 2343 1053 2410 ἀγνοῶν
1088 2343 1326 2411 ἐδίδαξεν
1350 2341 1378 2395 ὃ
1431 2343 1532 2396 οὐκ
1587 2341 1905 2409 ἐγίνωσκεν,

338 2432 686 2503 ἢγινὼσκων
723 2433 929 2504 ἕκρνυψε
976 2432 1074 2505 τὴν
1127 2434 1413 2503 ἀλήθειαν.
1458 2432 1598 2486 Ἀλλ’
1650 2435 1808 2503 ἡμεῖς
1857 2432 1906 2485 οἱ

340 2527 653 2597 Χριστιανοὶ
706 2527 805 2601 οὐχ
832 2525 1027 2589 οὕτως,
1057 2526 1193 2579 ἀλλὰ
1226 2524 1570 2596 διδαχθέντες
1613 2524 1674 2578 τὸ
1703 2523 1907 2593 ἀληθὲς

341 2621 490 2690 παρά
524 2637 582 2671 τε
610 2619 717 2672 τῶν
763 2619 1080 2689 προφητῶν,
1148 2620 1299 2686 παρά
1340 2635 1400 2670 τε
1446 2617 1539 2670 τοῦ
1571 2617 1904 2685 Εὐαγγελίου

340 2702 436 2763 καὶ
472 2711 580 2763 τῶν
627 2710 886 2780 μαθητῶν
923 2708 1018 2762 τοῦ
1075 2709 1335 2777 Χριστοῦ,
1376 2707 1484 2760 τῶν
1542 2706 1905 2777 διδαχθέντων

339 2806 470 2877 παρ’
495 2802 683 2869 αὐτοῦ,
714 2803 857 2857 οὕτω
890 2801 1218 2871 φρονοῦμεν,
1258 2805 1352 2855 καὶ
1380 2800 1523 2854 οὕτω
1559 2797 1907 2869 πιστεύομεν,

336 2898 419 2948 ὅτι
452 2896 480 2947 ὁ
514 2895 637 2959 Υἱὸς
672 2893 764 2947 τοῦ
813 2892 973 2961 Θεοῦ,
1012 2894 1193 2961 σάρκα
1251 2891 1433 2946 λαϐὼν
1491 2891 1557 2944 ἐκ
1611 2889 1711 2960 τῆς
1747 2888 1908 2957 ἁγίας

338 2985 619 3055 Παρθένου
667 2985 758 3037 καὶ
791 2983 1081 3046 Θεοτόκου,
1110 2982 1328 3050 ἐγένετο
1365 2981 1649 3051 ἄνθρωπος
1680 2979 1908 3048 ἀληθὴς,

339 3080 432 3128 καὶ
463 3075 622 3137 αὐτὸς
660 3073 930 3128 ἀπέθανεν
961 3071 1202 3143 άληθῶς,
1231 3070 1328 3126 καὶ
1350 3069 1450 3124 οὐκ
1500 3069 1681 3134 ἄλλος.
1711 3069 1818 3124 Καὶ
1850 3070 1908 3122 ἐν

232 3236 237 3240 ἦ
338 3167 417 3232 τῷ
450 3162 685 3234 σταυρῷ,
713 3163 809 3217 καὶ
835 3161 917 3232 τῷ
963 3162 1150 3227 πάθει,
1200 3161 1296 3216 καὶ
1344 3162 1424 3232 τῷ
1484 3160 1701 3231 θανάτῳ
1740 3156 1905 3214 αὑτοῦ

342 3254 699 3327 καυχώμεθα.
737 3255 847 3308 Καὶ
869 3255 918 3308 εἰ
947 3254 1149 3325 βούλει,
1188 3255 1423 3311 ἄκουσον
1464 3253 1691 3307 Ἡσαΐου
1715 3253 1907 3320 λέγον·

340 3364 457 3413 τος,
491 3364 509 3396 ι
543 3346 654 3399 Οὐκ
676 3343 822 3397 ἐστιν
855 3338 994 3406 εῐδος
1027 3342 1203 3411 αὐτῷ,
1258 3343 1382 3396 οὐδέ
1424 3340 1574 3409 δόξα.
1630 3342 1740 3396 Καὶ
1771 3340 1915 3395 είδο-

346 3456 449 3508 μεν
479 3437 661 3503 αὐτὸν,
694 3435 789 3490 καὶ
818 3433 919 3489 οὐκ
950 3427 1095 3506 εἶχεν
1149 3431 1310 3497 εἶδος,
1352 3433 1477 3487 οὐδέ
1513 3430 1733 3496 κάλλος,
1778 3431 1916 3484 ἀλλὰ

342 3532 405 3583 τὸ
432 3528 572 3593 εἶδος
598 3527 765 3582 αὐτοῦ
787 3529 1006 3597 ἄτιμον,
1033 3527 1285 3581 ἐκλεῖπον
1311 3525 1373 3579 τὸ
1405 3521 1546 3588 εἶδος
1573 3523 1737 3579 αὐτοῦ
1764 3522 1918 3591 παρὰ

340 3622 471 3683 τοὺς
519 3621 666 3682 υἱοὺς
695 3618 805 3672 τῶν
838 3617 1167 3689 ἀνθρώπων.
1216 3615 1545 3686 Ἀνθρωπος
1600 3616 1659 3669 ἐν
1725 3617 1915 3686 πληγῇ

342 3709 446 3776 ὢν,
472 3710 565 3760 καὶ
601 3706 758 3769 εἰδὼς
790 3706 981 3776 φέρειν
1045 3704 1342 3775 μαλακίαν,
1390 3705 1474 3757 ὅτι
1526 3704 1916 3774 ἀπέστραπται

343 3801 407 3852 τὸ
439 3798 730 3869 πρόσωπον
755 3797 944 3860 αὐτοῦ,
970 3796 1271 3867 ὴτιμάσθη,
1333 3797 1430 3850 καὶ
1481 3796 1582 3850 οὐκ
1639 3796 1916 3866 ἐλογίσθη.

345 3886 518 3954 υῦτος
554 3888 649 3952 τὰς
676 3888 951 3961 ἁμαρτίας
987 3887 1144 3958 ἡμῶν
1175 3888 1355 3959 φέρει,
1412 3891 1504 3941 καὶ
1568 3891 1698 3956 περὶ
1759 3887 1919 3960 ἡμῶν

344 3984 622 4038 ὁδυνᾶται.
652 3982 758 4036 Καὶ
805 3982 967 4051 ἡμεῖς
1009 3979 1380 4051 ἐλογισάμεθα
1438 3979 1603 4034 αὐτὸν
1658 3974 1799 4032 εἶναι
1862 3981 1922 4033 ἐν

354 4077 497 4146 πόνῳ
544 4075 637 4128 καὶ
691 4075 746 4127 ἐν
785 4072 970 4142 πληγῇ
1039 4072 1143 4124 ὑπὸ
1192 4070 1351 4138 Θεοῦ,
1412 4072 1506 4126 καὶ
1552 4071 1609 4124 ἐν
1655 4070 1919 4124 κακώσει.

363 4169 530 4230 Αὐτὸς
556 4167 611 4220 δέ
640 4158 1055 4236 ὲτραυμάτίσθη
1089 4164 1176 4217 διὰ
1222 4166 1320 4227 τὰς
1364 4163 1595 4234 ἀνομίας
1623 4163 1803 4234 ἡμῶν,
1828 4163 1924 4215 καὶ

365 4256 759 4329 μεμαὶάκισίται
797 4258 883 4311 διὰ
913 4256 1013 4319 τὰς
1056 4257 1327 4327 ἁμαρτίας
1371 4256 1550 4327 ἡμῶν.
1582 4254 1807 4308 Παιδεία
1850 4254 1926 4306 εί-

356 4358 523 4425 ρήνης
552 4353 708 4422 ἡμῶν
752 4350 842 4405 ἐπ’
876 4348 1063 4416 αὑτὸν,
1119 4349 1196 4420 τῷ
1259 4346 1490 4418 μώλωπι
1557 4345 1722 4400 αὐτοῦ
1763 4347 1923 4416 ἡμεῖς

349 4445 602 4514 ίάθημεν.
639 4443 844 4504 Πάντες
895 4440 1273 4510 ὼς-πρόὸατα
1335 4439 1745 4508 ἐπλανήθημεν.
1799 4437 1926 4487 Ἀν-

2006 598 2191 667 raturi
2210 611 2364 667 illum
2381 612 2595 681 dicunt,
2613 611 2835 670 Judaaos
2862 612 3033 669 alium
3057 614 3349 683 quemdam
3377 615 3588 670 Christi

2004 703 2126 758 loco
2184 702 2530 758 eruciﬁsisse
2553 746 2568 770 ,
2603 717 2729 758 cum
2780 703 3171 775 imaginatione
3207 703 3342 759 falsa
3372 704 3590 774 decepti

2002 795 2151 851 hunc
2166 795 2446 850 Christum
2460 810 2583 850 esse
2599 797 2938 865 putaverint.
2956 795 3112 850 Licet
3124 797 3271 850 enim
3290 795 3345 849 in
3362 793 3589 850 Christo

2002 886 2370 941 universalem
2409 884 2561 940 illam
2609 884 3058 956 imaginationem
3090 887 3206 942 sive
3237 884 3586 955 phantasiam

1998 993 2110 1034 non
2133 977 2396 1048 probetis,
2419 992 2543 1032 cum
2574 987 2757 1032 tamen
2781 978 2934 1033 illum
2954 979 3139 1047 aliquo
3163 977 3326 1033 modo
3343 976 3428 1032 vel
3452 987 3590 1030 tem-

1997 1083 2130 1139 pore
2144 1083 2175 1123 a
2190 1082 2316 1123 vera
2326 1067 2629 1123 substantia
2643 1067 3062 1139 degeneravisse
3074 1067 3291 1135 dicatis,
3303 1067 3421 1122 sine
3435 1065 3586 1121 omni

2000 1159 2372 1216 controversia
2406 1157 2463 1212 in
2491 1159 2745 1213 eumdem
2777 1174 3024 1215 errorem
3056 1158 3319 1213 inciditis.
3347 1157 3404 1212 Si
3436 1158 3585 1212 enim

2001 1236 2297 1322 aliquando
2331 1250 2492 1307 vobis
2521 1266 2649 1306 cum
2700 1251 2834 1321 ipsis
2871 1249 3172 1319 disputatio
3214 1250 3501 1315 incideret,
3533 1259 3590 1306 et

2001 1344 2079 1399 illi
2106 1344 2329 1414 quidem
2362 1343 2607 1399 dixerint
2633 1340 2920 1398 Christum
2956 1356 3055 1410 per
3083 1342 3268 1396 omnia
3308 1341 3590 1395 hominem

2001 1434 2170 1491 fuisse
2191 1434 2662 1504 imaginatorium,
2687 1448 2784 1488 vos
2809 1449 2943 1489 vero
2975 1434 3062 1488 his
3086 1448 3118 1489 e
3143 1439 3336 1487 contra
3365 1447 3591 1502 respon~

2003 1527 2220 1591 deritis,
2258 1525 2409 1580 hunc
2466 1539 2660 1580 revera
2718 1525 3001 1579 hominem
3045 1538 3236 1578 verum
3283 1522 3475 1587 fuisse,
3533 1525 3589 1577 in
3655 1557 3658 1560 η

2005 1617 2121 1673 sola
2168 1625 2350 1672 autem
2385 1616 2642 1686 passione
2683 1615 2852 1671 fuisse
2886 1614 3357 1685 imaginatorium,
3393 1614 3595 1667 alium-

2005 1724 2114 1780 que
2160 1711 2282 1764 loco
2316 1709 2462 1765 illius
2492 1708 2813 1764 cruciﬁxum
2871 1722 3014 1773 esse,
3065 1707 3120 1761 hi
3171 1716 3353 1762 autem
3405 1706 3590 1760 denuo

2009 1800 2331 1869 objecerint,
2374 1799 2529 1867 Quod
2562 1798 2604 1854 si
2643 1813 2742 1853 vos
2803 1795 3195 1866 particularem
3247 1794 3590 1862 phantasiam

2006 1892 2093 1947 vel
2117 1892 2564 1961 imaginationem
2597 1891 2652 1943 in
2680 1887 2905 1945 Christo
2945 1886 3145 1941 factam
3176 1884 3348 1941 fuisse
3383 1884 3591 1947 dicitis,

2007 1999 2107 2038 cur
2137 1998 2237 2038 nos
2271 1983 2366 2052 qui
2399 1981 2775 2036 universalem
2811 1980 3134 2044 asserimus,
3168 1988 3395 2048 prepter
3426 1976 3531 2032 hoc
3561 1992 3592 2029 a

2005 2075 2166 2131 vobis
2196 2073 2558 2135 damnamur?
2588 2072 2935 2128 Particulare
2960 2071 3108 2126 enim
3140 2086 3265 2125 cum
3298 2067 3593 2124 universali

2005 2183 2116 2222 non
2172 2174 2394 2236 pugnat.
2420 2164 2497 2220 Te
2521 2165 2706 2232 itatue
2737 2165 3040 2233 interrogo.
3089 2177 3255 2232 quam
3280 2160 3595 2229 responsio-

2007 2272 2132 2315 nem
2185 2257 2298 2312 illis
2347 2256 2595 2312 aﬁeretis
2624 2252 2849 2326 dignam
2894 2264 2952 2310 et
3003 2252 3388 2323 probabilem?
3419 2250 3592 2317 Quam

2008 2352 2161 2401 certe
2190 2344 2301 2399 huc
2331 2343 2602 2409 aﬁ'cratis,
2639 2343 2846 2398 nullam
2895 2340 3109 2398 habetis
3154 2340 3400 2394 omnino.
3430 2339 3596 2394 Vides

2008 2435 2178 2505 igitur
2223 2451 2387 2505 quam
2432 2448 2690 2504 perverse
2738 2432 3111 2487 Musulmanos
3145 2429 3471 2490 instituerit,
3500 2427 3596 2496 qui

2009 2524 2326 2597 bujusmodi
2376 2523 2572 2592 dogma
2630 2520 2805 2586 dedit,
2847 2520 2965 2575 sive
2995 2519 3204 2574 inscius
3236 2532 3444 2580 rerum,
3477 2532 3600 2584 qtnu

2008 2634 2118 2674 non
2179 2614 2490 2680 intellexit,
2540 2613 2822 2679 docuerit;
2865 2611 2980 2666 sive
3031 2625 3087 2665 re
3135 2611 3282 2665 omni
3342 2607 3596 2677 cognita,

2010 2708 2302 2763 veritatem
2334 2716 2516 2761 tamen
2566 2702 2897 2759 occuluerit.
2929 2702 3105 2756 Aliter
3139 2716 3273 2755 vero
3316 2716 3416 2755 nos
3445 2699 3603 2754 Chri-

2010 2801 2176 2857 stiani
2237 2800 2526 2855 veritatem
2582 2797 2764 2852 edocti
2825 2797 2894 2852 ab
2963 2794 3100 2865 ipsis
3170 2793 3479 2864 prophetis,
3533 2807 3603 2846 ex

2010 2890 2311 2960 Evangelio
2341 2903 2562 2959 quoque
2597 2896 2652 2942 et
2688 2885 2977 2957 discipulis
3005 2901 3034 2940 a
3075 2884 3298 2940 Christo
3334 2884 3602 2937 institutis

2011 2985 2094 3041 sic
2115 2983 2405 3046 sentimus,
2424 2989 2480 3038 et
2495 2981 2572 3036 sic
2608 2980 2920 3036 credimus:
2944 2977 3091 3048 quod
3121 2976 3291 3032 Filius
3317 2975 3409 3030 Dei
3434 2990 3604 3029 carne

2011 3087 2287 3149 assumpta
2323 3094 2389 3133 ex
2420 3086 2609 3133 sancta
2630 3085 2688 3132 et
2712 3076 2943 3144 Deipara
2975 3073 3201 3143 Virgine
3242 3073 3410 3127 homo
3440 3086 3606 3126 verus

2011 3179 2174 3226 natus
2192 3171 2283 3232 sit,
2302 3179 2359 3225 et
2378 3167 2524 3223 idem
2543 3167 2660 3238 ipse
2685 3180 2815 3222 vere
2831 3166 2903 3220 sit
2924 3172 3196 3229 mortuus,
3215 3173 3279 3220 et'
3294 3178 3401 3216 non
3421 3162 3564 3216 alius
3586 3178 3603 3217 :

2017 3268 2075 3318 et
2102 3263 2156 3316 in
2185 3274 2374 3326 cruce,
2407 3267 2462 3314 et
2487 3258 2541 3313 in
2572 3259 2831 3328 passione
2858 3264 2916 3311 et
2949 3255 3006 3310 in
3043 3265 3224 3310 morte
3252 3254 3373 3325 ejus
3403 3252 3608 3322 gloria.

2018 3368 2163 3407 mur.
2215 3349 2374 3416 Quod
2433 3349 2479 3403 si
2533 3347 3026 3413 volueris,lsaiam
3076 3345 3354 3402 dicentem
3417 3343 3606 3398 audis

2026 3460 2044 3494 ι
2079 3440 2201 3496 Non
2251 3448 2337 3496 est
2386 3437 2601 3509 species
2651 3437 2725 3505 ei,
2782 3452 2964 3508 neque
3021 3436 3218 3508 gloria.
3255 3435 3324 3490 Et
3370 3434 3609 3490 vidimus

2018 3528 2169 3599 eum,
2215 3547 2318 3589 nec
2350 3530 2592 3585 habebat
2643 3530 2906 3600 speciem,
2947 3544 3126 3598 neque
3171 3530 3453 3585 decorem.
3500 3525 3609 3582 Sed

2020 3625 2233 3697 species
2259 3623 2380 3694 ejus
2420 3623 2770 3688 inhonorata,
2818 3637 2884 3678 ac
2946 3622 3208 3679 deﬁciens
3246 3622 3410 3677 decor
3439 3619 3614 3688 ipsius

2020 3733 2135 3788 prae
2189 3715 2316 3771 ﬁliis
2361 3714 2673 3770 hominum.
2708 3713 2886 3770 Homo
2940 3714 2997 3770 in
3044 3714 3201 3786 plaga
3240 3713 3617 3774 exsistens,et

2022 3807 2205 3863 sciens
2262 3804 2409 3861 ferre
2465 3802 2872 3870 inﬁrmitatem,
2925 3804 3053 3872 quia
3096 3817 3286 3857 aversa
3319 3811 3403 3856 est
3448 3801 3616 3855 facies

2022 3902 2162 3973 ejus,
2186 3901 2443 3970 despecta
2468 3907 2572 3966 est,
2607 3906 2664 3955 et
2697 3915 2804 3954 non
2834 3908 2920 3955 est
2946 3906 3224 3969 reputata.
3258 3895 3359 3952 Hic
3391 3903 3615 3965 peccata

2024 4002 2210 4049 nostra
2246 4001 2453 4063 portat,
2482 4001 2537 4047 et
2564 4006 2667 4062 pro
2692 3991 2857 4046 nobis
2879 3989 3052 4056 dolet,
3077 3997 3133 4044 et
3160 4002 3263 4060 nos
3299 3986 3624 4056 putavimus

2024 4099 2151 4140 cum
2179 4099 2298 4139 esse
2323 4084 2376 4138 in
2409 4082 2601 4139 dolore
2629 4093 2683 4137 et
2705 4082 2864 4152 plaga
2892 4096 2922 4136 a
2950 4082 3084 4144 Deo,
3116 4088 3173 4135 et
3203 4078 3257 4133 in
3293 4075 3613 4131 afﬂictione.

2025 4175 2151 4245 Ipse
2179 4176 2503 4230 vulneratus
2531 4181 2616 4228 est
2656 4180 2885 4244 propter
2929 4172 3255 4242 iniquitates
3287 4179 3526 4234 nostras,
3560 4175 3619 4223 et

2025 4267 2335 4323 inﬁrmatus
2387 4274 2474 4320 est
2527 4273 2756 4337 propter
2798 4275 3024 4335 peccata
3069 4270 3274 4318 nostra.
3314 4260 3616 4330 Disciplina

2026 4356 2180 4428 pacis
2228 4354 2394 4423 nobis
2451 4369 2618 4425 super
2680 4368 2808 4409 eum
2846 4370 2861 4408 :
2896 4353 3073 4407 livore
3131 4350 3254 4420 ejus
3302 4364 3407 4404 nos
3438 4347 3616 4402 sanati

2027 4464 2241 4504 sumus.
2276 4446 2482 4502 Omnes
2527 4455 2789 4514 tanquam
2825 4458 2956 4500 oves
2987 4442 3322 4498 erravimus.
3353 4438 3529 4494 llomo
3562 4439 3620 4493 in

347 4538 567 4608 θρωπος
596 4538 664 4605 τῇ
699 4534 804 4603 ὁδῷ
835 4531 1002 4615 αξτοῦ
1030 4527 1335 4601 ἐπλανήθη,
1375 4529 1469 4583 καὶ
1516 4528 1714 4599 Κύριος
1750 4525 1913 4597 παρέ-

2026 4539 2112 4594 via
2142 4554 2242 4595 sua
2271 4538 2501 4601 erravit,
2537 4545 2593 4591 et
2640 4535 2910 4590 Dominus
2935 4531 3168 4588 tradidit
3195 4546 3322 4586 eum
3355 4528 3620 4599 iniquita-

349 4604 526 4683 δῶκεν
552 4604 713 4682 αὐτδν
744 4604 1199 4696 ταῖςθάμαρτίαις
1248 4622 1426 4694 ἡμῶν.
1482 4621 1589 4677 Καὶ
1622 4622 1785 4684 αὐτὸς
1832 4620 1913 4674 διὰ

2034 4630 2185 4685 tibus
2212 4627 2441 4695 nostris,
2466 4636 2520 4683 et
2544 4627 2666 4698 ipse
2700 4635 2929 4697 propter
2956 4623 3314 4679 afﬁictionem
3351 4636 3459 4676 non
3491 4634 3624 4690 ape-

347 4723 411 4776 τδ
437 4719 809 4791 κεκακῶσθαι,
840 4720 940 4773 οὐκ
960 4719 1164 4786 ἀνοίγει
1191 4715 1253 4769 τό
1284 4716 1459 4785 στόμα
1489 4714 1676 4769 αὑτοῦ.
1715 4733 1733 4766 ι
1771 4709 1925 4775 Εἶδες

352 4816 469 4877 πῶς
518 4815 618 4867 οὐκ
654 4811 1002 4884 αἰσχύνονται
1034 4813 1083 4863 οί
1107 4808 1429 4880 Χριστιανοὶ
1455 4807 1544 4860 διὰ
1575 4807 1637 4860 τὸ
1660 4806 1756 4860 τοῦ
1790 4807 1925 4876 Χρι-

357 4905 486 4960 στοῦ
548 4904 741 4969 πάθος,
798 4901 933 4956 ἀλλὰ
977 4903 1073 4956 καί
1131 4904 1190 4956 ἐν
1247 4901 1399 4972 αὑτῷ
1444 4900 1786 4971 καυχῶνται,
1831 4901 1929 4953 καὶ

351 4996 567 5067 τρανῶς
617 4997 725 5049 εἱσι
757 4993 917 5047 τοῦτο
982 4993 1388 5064 κηρύττοντες;
1443 4993 1608 5056 Ποίας
1662 4993 1769 5064 γὰρ
1806 4993 1931 5064 ἐξη-

357 5090 568 5157 γήσεως
590 5086 763 5140 δεῖται
793 5086 826 5156 ἡ
858 5085 1114 5155 παροῦσα
1144 5084 1454 5156 προφητεία
1483 5084 1637 5155 ἡλίου
1676 5084 1933 5155 καθαρώ·

308 5248 313 5254 ἢ
354 5193 511 5247 τερον
541 5176 838 5245 λάμπουσα
868 5191 882 5241 ;
918 5173 1016 5238 Τίς
1072 5174 1179 5243 γὰρ
1221 5174 1330 5226 τῶν
1387 5173 1692 5243 ἀνθρώπων
1734 5175 1934 5245 πάσχει

356 5267 423 5319 δι’
472 5267 634 5322 ἄλλου
692 5264 969 5334 ἁμαρτίας
1036 5266 1188 5334 παρὰ
1233 5264 1408 5333 Θεοῦ;
1462 5266 1685 5329 Πάντως
1737 5267 1934 5330 οὐδείς.

354 5359 463 5413 Καὶ
507 5360 648 5421 τίνος
710 5358 821 5411 τῶν
861 5354 1168 5428 ἀνθρώπων
1223 5357 1446 5421 θάνατος
1507 5360 1725 5427 ἐγένετο
1769 5358 1933 5413 ἄλλον

356 5452 662 5513 ἀνάστασις
694 5466 709 5517 ;
741 5449 844 5504 Καὶ
875 5451 1018 5514 τίνος
1051 5451 1332 5521 ἀρρωστία
1363 5452 1579 5520 ἐγένετό
1612 5469 1742 5505 ποτε
1766 5452 1931 5506 ἄλλου

357 5542 548 5608 ὐγεία;
575 5544 802 5606 Πάντως
832 5541 979 5613 ἔχεις
1020 5543 1220 5608 εἰπεῖν,
1286 5547 1516 5609 Οὐδενὸς
1556 5544 1721 5601 ἄλλου
1767 5547 1799 5618 ἣ
1837 5547 1934 5602 τοῦ

353 5633 626 5703 Χριστοῦ.
688 5626 860 5698 Αὐτὸς
916 5620 1026 5704 γάρ
1081 5635 1243 5706 μόνος
1301 5638 1523 5711 ἔπαθεν,
1562 5639 1702 5711 ὑπὲρ
1755 5639 1936 5712 ἡμῶν,

432 5812 459 5843 τ
494 5815 596 5872 lsa.
627 5831 739 5883 Llll,
774 5816 796 5869 ί
835 5832 985 5887 seqq.

2031 4723 2146 4778 ruit
2211 4736 2275 4777 os
2317 4736 2479 4775 suum
2516 4719 2560 4775 ".
2603 4737 2622 4771 ι
2686 4716 3171 4773 Animadvertisne
3236 4729 3347 4784 qua
3404 4713 3623 4767 ratione

2040 4809 2135 4864 ﬁat
2168 4819 2229 4864 ut
2259 4808 2606 4864 Christianos
2662 4806 2937 4877 passionis
2990 4804 3198 4859 Christi
3242 4818 3351 4857 non
3395 4801 3621 4872 pudeat,

2035 4906 2168 4972 quin
2190 4902 2377 4973 potius
2404 4903 2459 4956 in
2487 4900 2596 4955 bac
2635 4900 2969 4969 glorientur,
3002 4905 3059 4952 ct
3101 4896 3248 4950 illam
3288 4892 3627 4965 praedicent?

2031 4995 2148 5062 Qua
2195 4996 2344 5050 enim
2389 4991 2850 5063 interpretatione
2890 4988 3215 5044 vaticinium
3249 4987 3354 5042 hoc
3387 5000 3628 5054 praesens

2033 5088 2152 5158 ipso
2178 5086 2293 5140 sole
2326 5083 2669 5155 splendidius
2700 5080 2947 5152 indiget?
2985 5079 3120 5147 Quis
3147 5079 3296 5133 enim
3337 5075 3628 5131 hominum

2034 5194 2135 5249 pro
2168 5177 2397 5233 alterius
2450 5175 2698 5246 peccatis
2741 5174 2973 5245 patitur,
3011 5182 3386 5240 praeterquam
3443 5166 3630 5222 Deus?

2032 5269 2230 5324 Nullus
2278 5284 2431 5323 sane.
2487 5267 2659 5337 Cujus
2704 5267 2871 5321 etiam
2923 5265 3169 5320 hominis
3198 5277 3350 5316 mors
3398 5259 3632 5314 alterius

2044 5361 2110 5417 ﬁt
2140 5361 2519 5418 resurrectio?
2549 5359 2722 5432 Cujus
2772 5359 3042 5431 aegritudo
3076 5356 3310 5411 alterius
3357 5362 3445 5409 est
3482 5351 3633 5407 sani-

2044 5455 2164 5511 tas?
2191 5455 2373 5510 Fateri
2401 5454 2629 5509 omnino
2657 5460 2899 5522 oportet,
2935 5450 3081 5522 quod
3113 5449 3217 5505 hoc
3250 5463 3360 5502 non
3391 5446 3463 5502 sit
3492 5444 3633 5498 alte-

2044 5549 2161 5603 rius
2182 5562 2348 5616 qnam
2385 5547 2558 5602 solius
2583 5544 2812 5601 Christi.
2840 5544 2962 5615 Ipse
2987 5543 3136 5598 enim
3171 5541 3321 5599 solus
3341 5554 3442 5609 pro
3473 5533 3641 5590 nobis.

2043 5656 2238 5712 passus
2288 5650 2397 5709 est,
2457 5650 2515 5699 ct
2564 5640 2684 5713 ipse
2753 5646 3111 5709 contemptus
3165 5647 3292 5704 est,
3343 5630 3442 5690 sed
3492 5640 3637 5683 con-
