4090 6518
534 392 646 460 479

1738 393 1773 456 J
1785 393 2060 456 TANle
2090 392 2615 457 CANTACUZENI

3715 396 3837 464 480

528 519 808 581 templum
873 508 1023 564 hunc
1081 507 1240 565 nihili
1308 508 1494 564 duxit.
1551 511 1674 580 Ipse
1745 521 2033 580 peccatum
2098 527 2129 568 e

2241 512 2338 566 καὶ
2381 513 2545 577 αὐτὸς
2562 513 2866 583 ἠτιμάσοη,
2908 512 3002 568 καὶ
3027 515 3127 570 οὐκ
3152 514 3438 583 έλογίσατό
3478 533 3529 570 τι
3560 515 3674 588 τὴν
3703 518 3833 571 ἀτι-

535 602 723 657 mcdio
782 601 1029 667 sustulit,
1092 609 1151 656 et
1188 603 1306 672 ipse
1357 616 1456 671 pro
1507 602 1671 657 nobis
1721 601 1964 658 afﬂictus
2012 614 2119 668 est,

534 703 593 748 et
622 693 738 762 ipse
786 692 1114 747 vulneratus
1141 701 1228 747 est
1258 699 1484 762 propter
1531 692 1852 763 iniquitates
1903 702 2124 749 nostras

539 793 602 838 ut
648 784 771 839 illas
817 784 1062 846 deleret,
1109 792 1165 840 et
1212 785 1389 839 livore
1440 784 1588 839 illius
1644 799 1745 839 nos
1786 799 1979 841 omnes
2019 801 2123 841 sa-

536 877 654 931 nati
688 892 903 933 sumus.
944 876 1123 931 Moses
1146 892 1275 931 vero
1307 877 1388 932 sic
1410 876 1545 931 dixit
1570 892 1585 929 :
1616 894 1634 927 ι
1656 876 1927 932 Videbitis
1954 878 2123 932 vitam

533 978 782 1023 vestram
828 985 1149 1039 suspensam
1186 979 1312 1024 ante
1343 970 1538 1025 oculos
1582 969 1857 1024 vestros‘.
1901 989 1920 1021 ι
1955 970 2125 1040 Cujus

541 1060 689 1114 enim
711 1061 820 1113 vita
851 1060 1113 1128 suspendi
1137 1069 1315 1130 potest
1334 1069 1461 1115 ante
1487 1060 1677 1114 oculos
1702 1060 1933 1130 alicujus
1953 1060 1976 1115 ?
1993 1060 2127 1115 Nul-

540 1149 651 1205 lius
670 1150 916 1205 omnino.
945 1150 1052 1205 Sed
1079 1151 1229 1205 solus
1250 1149 1506 1205 Christus
1533 1150 1589 1204 in
1630 1165 1794 1206 cruce
1823 1167 2127 1239 suspensus

544 1249 649 1300 est,
677 1240 770 1308 qui
792 1250 877 1294 est
899 1240 1010 1295 vita
1038 1239 1250 1294 mundi.
1280 1240 1402 1310 Ipse
1422 1240 1657 1311 enimjde
1688 1256 1747 1296 se
1765 1240 1904 1296 dixit
1929 1260 1942 1296 :
1972 1260 1990 1292 ι
2014 1243 2127 1313 Ego

541 1345 662 1385 sum
704 1332 837 1395 viti,
880 1346 982 1401 ego
1017 1347 1139 1386 sum
1169 1332 1277 1397 via,
1325 1347 1427 1402 ego
1457 1347 1576 1386 sum
1624 1333 1886 1388 veritas“.
1920 1352 1938 1385 ι
1970 1333 2129 1388 Nunc

542 1420 809 1475 nimirum
868 1422 1178 1493 intelligis,
1245 1423 1545 1493 prophetas
1593 1423 1761 1479 etiam
1819 1424 1889 1480 de
1952 1435 2129 1482 morte

539 1513 770 1579 Christi,
802 1515 1269 1584 quemadmodum
1313 1515 1382 1570 de
1427 1515 1657 1584 reliquis
1691 1516 1969 1583 omnibus,
2008 1532 2131 1573 esse

540 1604 894 1660 vaticinatos.
928 1606 1182 1675 Agnosce
1216 1606 1407 1677 igitur,
1433 1607 1580 1676 quod
1623 1606 1852 1663 indubie
1876 1606 2132 1664 Christus

542 1696 663 1765 ipse
695 1706 950 1752 mortuus
997 1698 1089 1753 sit.
1116 1698 1209 1754 llle
1260 1700 1377 1769 ipse
1415 1701 1565 1755 enim
1599 1700 1898 1756 cruciﬁxus
1951 1710 2035 1756 est
2076 1710 2133 1757 et

542 1795 819 1848 mortuus.
851 1798 907 1843 et
966 1805 1077 1844 non
1126 1790 1290 1853 alius,
1346 1800 1409 1845 ut
1457 1806 1558 1846 vos
1608 1791 1794 1847 dicere
1824 1791 2034 1847 soletis.
2066 1792 2133 1847 Et

538 1879 719 1935 livore
776 1882 925 1937 illius
966 1897 1160 1937 omnes
1208 1893 1386 1939 sanati
1441 1899 1655 1946 sumus.
1689 1894 1746 1940 et
1798 1894 1979 1939 morte
2016 1885 2135 1955 ejus

538 1986 742 2028 omnes
801 1976 1004 2030 sumus’
1067 1975 1361 2042 viviﬁeati,
1413 1986 1470 2031 et
1528 1977 1940 2033 resurrectione
1987 1977 2136 2033 illius

542 2078 742 2120 omnes
796 2066 1049 2132 vicimus,
1086 2076 1145 2122 et
1192 2083 1354 2122 cruce
1386 2069 1534 2124 illius
1575 2068 1780 2124 abolita
1818 2076 1902 2123 est
1929 2068 2135 2124 diaboli

546 2159 797 2227 tyrannis
857 2160 1159 2229 mortisque
1221 2161 1491 2230 potentia.
1526 2159 1583 2215 Si
1629 2174 1761 2215 vero
1803 2159 1929 2231 quis
1986 2176 2136 2217 nunc

542 2246 774 2317 objiciat
811 2266 826 2301 :
860 2248 965 2314 Qui
1024 2250 1192 2321 igitur
1241 2251 1534 2322 contingit,
1577 2262 1637 2306 ut
1683 2251 1939 2306 homines
1967 2254 2135 2307 etiam

546 2355 698 2394 nunc
733 2342 1065 2407 moriantur,
1094 2352 1151 2397 et
1183 2343 1440 2398 diabolus
1468 2343 1652 2398 adhuc
1698 2344 1840 2399 liber
1869 2345 1984 2399 sit?
2019 2354 2139 2400 ten-

545 2441 666 2486 tare
694 2433 840 2486 enim
879 2434 1134 2489 homines
1160 2450 1507 2504 nequaquam
1550 2434 1775 2499 desinit,
1799 2434 1894 2490 sed
1921 2450 2137 2490 summo

544 2525 733 2577 studio
764 2540 954 2579 omnes
1001 2525 1068 2579 ad
1112 2526 1448 2595 peccandum
1482 2526 1716 2592 incitat;
1750 2526 1883 2581 huic
1926 2542 2028 2581 nos
2058 2527 2138 2582 sic

540 2615 1013 2683 respondebimus
1056 2634 1069 2670 :
1108 2618 1263 2682 Haec,
1315 2633 1480 2687 quam
1545 2633 1649 2673 nos
1719 2627 1955 2673 mortem
2015 2634 2138 2675 esse

545 2713 828 2770 putamus,
873 2722 1021 2761 mors
1063 2722 1175 2760 non
1209 2718 1334 2773 est,
1366 2707 1462 2762 sed
1496 2721 1746 2762 somnus.
1793 2708 1934 2763 Olim
1988 2709 2137 2762 enim

549 2815 700 2857 mors
755 2802 879 2856 talis
908 2811 1049 2867 erat,
1103 2817 1225 2872 quae
1273 2802 1693 2857 resurrectione
1748 2801 1992 2868 carebat,
2042 2801 2136 2857 sed

548 2893 943 2950 detinebantur
979 2895 1032 2950 in
1080 2895 1301 2950 inferno
1336 2895 1556 2961 animae,
1590 2910 1738 2950 nunc
1793 2910 1924 2950 vero
1962 2910 2142 2950 resur-

546 2983 797 3039 rectione
860 2985 1021 3041 nobis
1054 3001 1084 3041 a
1127 2985 1238 3040 Deo
1287 2984 1513 3049 donata,
1546 2995 1808 3054 tanquam
1844 2999 1909 3039 ex
1944 2999 2139 3040 somno

545 3080 921 3133 resurrecturi
954 3093 1147 3134 sumus
1187 3093 1379 3133 omnes
1414 3077 1689 3141 homines,
1723 3086 1832 3132 tam
1870 3077 1944 3149 pii
1973 3093 2136 3148 quam

2233 604 2382 675 μίαν.
2424 606 2598 669 Αὐτὸς
2645 600 2748 676 ἦρε
2779 607 2878 677 τὴν
2925 608 3206 678 ἁμαρτίαν
3258 608 3325 661 ὲκ
3368 606 3464 661 τοῦ
3497 607 3696 678 μέσου,
3729 608 3832 662 καὶ

2232 698 2396 760 αὐτος
2428 698 2680 768 ώδυνήθη
2711 699 2853 768 ὑπὲρ
2876 700 3059 770 ἡμῶν,
3081 702 3175 754 καὶ
3198 700 3364 765 αὐτὸς
3390 700 3832 775 ἐτραυματὶσθη

2229 789 2320 844 διὰ
2352 789 2454 852 τὰς
2492 791 2730 860 ἀνομίας
2782 791 2960 861 ἡμῶν,
2998 793 3083 847 ενα
3146 792 3323 856 αὐτὰς
3374 790 3691 864 ἀπαλείψῃο
3731 793 3835 844 καὶ

2230 883 2310 953 τῷ
2387 883 2615 951 μώλωπι
2675 883 2842 937 αὐτοῦ
2884 884 3052 952 ἡμεῖς
3104 882 3309 944 πάντες
3364 882 3623 950 ῐάΘημεν.
3670 882 3740 935 Ὀ
3777 882 3837 935 δὲ

2230 975 2499 1045 Μωοῦσῆς
2532 973 2706 1037 οὕτως
2728 974 2978 1044 ειρηκεν,
3016 993 3034 1026 ι
3076 973 3312 1043 Ὄψεσθε
3347 974 3446 1041 τὴν
3472 971 3625 1044 ζωὴν
3662 975 3697 1041 ἡ
3710 972 3836 1041 μῶν

2234 1066 2597 1137 κρεμαμένην
2621 1066 2887 1120 ἀπέναντι
2914 1066 3021 1119 τῶν
3053 1065 3353 1135 ὀφθαλμῶν
3379 1065 3555 1134 ὑμῶν.
3599 1084 3623 1117 ι
3667 1064 3841 1129 Τίνος

2237 1157 2352 1230 ζωὴ
2381 1159 2607 1213 δύναται
2645 1159 3029 1229 κρεμασθῆναι
3080 1158 3341 1211 ἀπέναντι
3378 1159 3487 1211 τῶν
3515 1140 3841 1227 ὀφθαλμῶν

2235 1251 2393 1319 ὑμῶν
2421 1268 2436 1318 ;
2466 1250 2693 1313 Πάντως
2722 1249 2958 1312 οὐδενός.
2998 1249 3161 1303 Ἀλλά
3190 1249 3286 1303 καὶ
3322 1248 3484 1320 μόνος
3580 1248 3843 1318 Χριστὸς

2235 1337 2553 1409 ἐκρεμάσθη
2602 1340 2699 1390 ἐπὶ
2731 1337 2826 1391 τοῦ
2877 1336 3137 1407 σταυροῦ,
3194 1337 3254 1399 ὃς
3292 1337 3498 1405 ἐστινὴ
3551 1334 3678 1404 ζωὴ
3742 1336 3841 1390 τοῦ

2237 1426 2467 1497 κόσμου.
2504 1426 2673 1487 Αὐτὸς
2696 1428 2805 1496 γὰρ
2833 1425 3023 1494 εἴρηκε
3061 1424 3191 1491 περὶ
3222 1421 3411 1485 αὑτοῦ,
3460 1440 3479 1473 t
3532 1421 3842 1491 Ἐγώ-εἰμι

2238 1518 2272 1587 ὴ
2303 1516 2439 1587 ζωὴ,
2464 1517 2576 1585 ἐγὼ
2609 1518 2643 1587 ὴ
2677 1516 2814 1584 ὁδὸς,
2846 1516 2959 1584 ἐγὼ
2992 1518 3023 1587 ἡ
3059 1517 3315 1585 ἀλήθεια.
3357 1534 3374 1565 ι
3417 1515 3662 1575 Βλέπεις
3716 1514 3843 1577 πῶς

2240 1607 2399 1663 εἷπον
2431 1611 2482 1663 οἱ
2513 1609 2793 1681 προφῆται
2825 1613 2956 1680 περὶ
2984 1610 3079 1662 τοῦ
3140 1608 3378 1663 θανάτου
3418 1607 3512 1661 τοῦ
3552 1606 3842 1678 Χριστοῦ,

2239 1700 2316 1764 ώς
2349 1702 2599 1773 καὶπερὶ
2630 1704 2742 1755 τῶν
2782 1703 2962 1757 ἄλλων
3011 1703 3268 1766 πάντων;
3308 1699 3408 1752 Διὰ
3446 1698 3612 1753 τοῦτο
3664 1699 3846 1768 γίνω-

2244 1811 2341 1848 σκε
2372 1795 2458 1848 ὅτι
2499 1794 2953 1865 ὁμολογουμένως
3008 1792 3280 1847 ἀπέθανεν
3333 1792 3360 1843 6
3418 1792 3693 1861 Χριστὸς,
3745 1791 3842 1843 καὶ

2239 1885 2402 1949 αὑτός
2429 1887 2627 1940 έστινό
2679 1885 3021 1957 σταυρωθεὶς
3068 1883 3161 1938 καὶ
3209 1882 3519 1949 ἀποθανὼν,
3577 1882 3685 1935 καὶ
3737 1881 3845 1935 οὐκ

2238 1978 2422 2046 ἄλλος,
2449 1979 2524 2043 ώς
2555 1979 2714 2049 ὑμεῖς
2747 1978 2934 2046 λέγετε
2955 1994 2970 2009 ο
3002 1975 3195 2046 καὶτῷ
3239 1975 3470 2044 μώλωπι
3502 1973 3685 2027 αὐτοῦ
3706 1972 3844 2027 πάν-

2237 2089 2330 2137 τες
2374 2072 2630 2142 ἰάθημεν,
2664 2070 2761 2126 παὶ
2788 2070 2867 2139 τῷ
2897 2069 3116 2139 θανάτῳ
3159 2067 3326 2123 αὐτοῦ
3385 2067 3598 2130 πάντες
3664 2067 3845 2129 ἐζωο-

2238 2167 2571 2237 ποιήϐημεν,
2604 2164 2700 2219 καὶ
2748 2167 2815 2233 τῇ
2866 2164 3166 2217 ἀναστάσει
3202 2162 3370 2216 αὐτοῦ
3405 2163 3623 2224 πάντες
3650 2160 3844 2229 ἐνική-

2238 2278 2435 2330 σαμεν,
2466 2259 2561 2312 καὶ
2589 2256 2667 2328 τῷ
2700 2255 2921 2325 σταυρῷ
2951 2253 3118 2308 αὑτοῦ
3152 2252 3480 2323 κατηργὴοη
3509 2254 3541 2323 ή
3569 2251 3682 2304 τοῦ
3731 2251 3844 2304 δια-

2238 2347 2395 2401 ϐόλου
2424 2345 2701 2415 τυραννὶς,
2728 2344 2826 2397 καὶ
2854 2343 2948 2396 τοῦ
2999 2342 3235 2396 θανάτου
3266 2342 3325 2395 τὸ
3379 2342 3611 2411 κράτος.
3675 2341 3753 2394 Εῐο
3794 2339 3845 2392 δ’

2237 2440 2370 2502 ἴσως
2405 2438 2521 2508 ἐρεῖ
2547 2430 2741 2498 τιςότι
2775 2435 2888 2489 Καὶ
2917 2434 3033 2497 πῶς
3063 2436 3182 2487 ἐστι
3217 2433 3400 2499 τοῦτο,
3433 2434 3556 2486 ἐπεὶ
3612 2433 3844 2489 κατὰτὸ

2247 2530 2423 2601 παρὸν
2449 2530 2498 2582 οἱ
2558 2528 2841 2599 ἄνθρωποι
2880 2527 3347 2597 ἀποθνήσκουσιν,
3382 2529 3475 2580 καὶ
3509 2527 3537 2580 6
3564 2526 3841 2588 ’διάϐολος

2239 2620 2321 2675 ἔτι
2356 2620 2645 2692 ἐλεύθερός
2671 2622 2811 2683 ἐστι,
2862 2618 3042 2673 διόλου
3104 2620 3214 2687 γὰρ
3253 2617 3539 2687 πειράζειν
3572 2620 3709 2681 τοὺς
3742 2620 3839 2673 ἀνα

2240 2704 2493 2780 θρώπους
2516 2710 2576 2763 οὐ
2609 2709 2865 2775 παύεται,
2926 2708 3063 2762 άλλὰ
3086 2708 3300 2779 μεγάλῃ
3331 2710 3397 2778 τῇ
3458 2708 3678 2779 σπουδῇ
3731 2708 3835 2761 διε-

2240 2803 2417 2872 γείρει
2450 2803 2631 2856 πάντα
2665 2802 2957 2872 ἄνθρωπον
2985 2799 3365 2868 άμαρτάνειν;
3388 2799 3556 2868 ἡμεῖς
3598 2796 3833 2869 ἐροῦμεν

2241 2896 2375 2966 πρὸς
2397 2894 2560 2948 αὐτὸν
2596 2893 2801 2958 οὕτως,
2849 2892 2988 2946 ὅτιὸ
3040 2890 3395 2959 νομιζόμενος
3453 2888 3693 2953 Θάνατος
3733 2888 3830 2941 οὐκ

2240 2985 2634 3051 ἔστιθάνατος,
2670 2982 2806 3037 ἀλλὰ
2828 2980 3014 3044 ὕπνος.
3060 2980 3196 3033 Τότε
3229 2978 3339 3048 γὰρ
3392 2973 3463 3048 ἦν
3506 2979 3537 3031 6
3603 2978 3830 3039 θάνατος

2242 3078 2492 3143 θάνατος,
2521 3078 2610 3131 ὅτε
2638 3077 2739 3130 οὐκ
2765 3069 2833 3145 ἦν
2865 3073 3186 3135 ἀνάστασις,
3232 3070 3369 3124 ἀλλὰ
3420 3071 3747 3141 κατείχοντο
3775 3069 3829 3122 αἰ

548 3167 725 3237 impii.
756 3169 823 3223 Et
848 3170 1155 3235 considera,
1178 3185 1383 3241 quaeso,
1404 3185 1520 3224 rem
1563 3169 1907 3225 tremendam
1933 3180 1989 3226 et
2010 3170 2136 3226 hor-

2241 3171 2410 3241 ψυχαὶ
2436 3170 2541 3222 ὕπὸ
2572 3166 2667 3221 τοῦ
2725 3166 2878 3238 ᾅδου.
2916 3163 3032 3218 Νῦν
3083 3164 3139 3216 δὲ
3196 3163 3321 3215 ἐπεὶ
3380 3162 3641 3232 ἐδωρήθη
3696 3163 3823 3232 ἡμῖν

548 3260 786 3315 ribilem.
822 3262 881 3315 lu
913 3258 1193 3317 hominem
1243 3263 1391 3318 enim
1452 3261 1666 3317 ratione
1699 3271 1755 3317 et
1788 3276 1957 3317 sensu
2002 3278 2142 3333 prm-

547 3350 725 3404 ditum
774 3351 842 3404 ab
869 3351 1077 3406 Adamo
1108 3367 1257 3407 mors
1290 3351 1560 3422 regnavit,
1603 3353 1657 3406 in
1685 3366 1909 3406 omnem
1964 3352 2145 3407 homi-

547 3458 855 3509 nem;nec
923 3455 1045 3500 erat
1121 3444 1457 3500 resurrectio
1518 3444 1575 3499 in
1642 3444 1961 3500 hominibus
2022 3446 2142 3501 sine

548 3535 794 3602 Christo,
832 3537 1298 3606 quemadmodum
1319 3536 1604 3606 prophetae
1640 3537 1823 3592 testati
1859 3547 2008 3592 sunt.
2035 3537 2142 3593 Per

549 3624 758 3681 Christi
794 3641 927 3682 vero
961 3639 1195 3684 mortem
1252 3641 1401 3682 mors
1442 3625 1533 3682 illa
1574 3625 1786 3698 deiecta
1829 3636 1917 3683 est
1962 3635 2018 3681 et
2052 3642 2144 3683 su-

551 3730 769 3787 perata,
800 3720 1060 3790 venitque
1112 3718 1448 3774 resurrectio
1501 3732 1518 3773 :
1569 3726 1624 3773 et
1654 3728 1831 3774 morte
1862 3719 2142 3774 confracta

551 3807 821 3863 liberatus
854 3819 936 3863 est
971 3818 1117 3864 totus
1144 3806 1386 3864 mundus
1433 3821 1464 3861 a
1497 3814 1767 3876 potestate
1798 3806 2033 3870 Satanae,
2086 3816 2141 3862 et

554 3903 849 3959 credentes
874 3905 928 3958 in
960 3904 1239 3960 Christum
1264 3915 1443 3961 etnon
1463 3906 1777 3960 credentes.
1804 3904 2030 3969 Omnes,
2059 3905 2142 3960 in-

555 4013 742 4069 quam,
778 4014 806 4053 a
859 3998 1145 4069 tyrannide
1188 3997 1389 4054 diaboli
1425 4006 1556 4054 sunt
1600 3997 1842 4053 liberati.
1886 3998 1956 4052 Et
1984 4012 2138 4065 sane,

554 4089 663 4145 nisi
697 4070 1028 4145 Illusulmani
1064 4089 1360 4146 crederent
1385 4090 1850 4146 resurrectionem
1879 4103 2022 4157 esse,
2056 4104 2145 4144 ra-

559 4181 741 4238 tiones
786 4192 967 4239 certas
1016 4183 1362 4248 aﬂ‘erremus,
1418 4181 1622 4253 quibus
1679 4197 1802 4237 eam
1854 4195 2144 4251 possemus

556 4274 960 4344 comprobare;
994 4289 1119 4329 cum
1149 4288 1277 4329 vero
1305 4282 1362 4330 et
1392 4272 1495 4345 ipsi
1523 4272 1770 4329 eamdem
1805 4272 2144 4343 amplectan-

557 4371 651 4416 tur
687 4372 743 4418 et
769 4374 1108 4434 exspectent,
1148 4378 1620 4435 supervacaneum
1655 4363 1787 4417 mihi
1826 4362 2048 4417 videtur
2076 4361 2145 4418 de

553 4455 643 4509 illa
673 4456 861 4512 multis
894 4457 1186 4511 disserere.
1238 4456 1510 4511 Craterum
1542 4454 1648 4510 hoc
1677 4454 1855 4509 solum
1885 4453 2140 4520 dicimus,

2244 3259 2395 3330 παρὰ
2422 3257 2560 3310 Θεοῦ
2585 3257 2634 3328 ξή
2698 3255 3016 3317 ἀνάστασις,
3080 3251 3156 3314 ὡς
3212 3250 3271 3317 ἐξ
3328 3248 3502 3303 ὕπνου
3564 3250 3828 3319 μέλλομςν

2242 3349 2548 3419 ἀναστῆναι
2581 3348 2782 3410 πάντες
2813 3345 3113 3417 ἄνθρωποι,
3162 3344 3305 3397 οἵτε
3346 3340 3623 3407 εὐσεϐεῖς,
3671 3340 3722 3395 οἵ
3770 3356 3826 3391 τε

2244 3442 2486 3503 ἀσεϐεῖς.
2520 3439 2632 3493 Καὶ
2662 3439 2854 3493 σκόπει
2915 3438 3151 3507 πρᾶγμα
3185 3435 3417 3505 φοϐερὸν
3470 3434 3570 3488 καὶ
3630 3431 3827 3503 φρῖκης

2244 3536 2414 3605 γέμον
2453 3533 2534 3597 εἰς
2554 3532 2842 3602 ἄνθρωπον
2874 3531 3063 3604 ἔχοντα
3084 3527 3209 3583 νοῦν
3251 3527 3347 3581 καὶ
3376 3526 3660 3597 αἴσθησιν.
3699 3522 3825 3577 ’Λπδ

2243 3624 2340 3678 τοῦ
2394 3624 2568 3695 Ἀδὰμ
2602 3623 2956 3678 ἐϐασίλευσεν
2986 3624 3013 3677 6
3040 3621 3273 3683 θάνατος
3299 3620 3377 3681 εἰς
3408 3618 3596 3672 πάντα
3623 3616 3819 3685 ἄνθρω-

2247 3734 2369 3783 πον,
2408 3716 2502 3770 καὶ
2528 3717 2628 3772 οὐκ
2656 3710 2725 3788 ἦν
2762 3717 3059 3779 ἀνάστασις
3095 3715 3153 3767 ὲν
3182 3714 3298 3775 τοῖς
3350 3709 3671 3783 ἀνθρώποις
3702 3707 3818 3762 ἄνευ

2245 3807 2343 3860 τοῦ
2381 3807 2644 3879 Χριστοῦ,
2681 3806 2865 3870 καθὼς
2892 3805 3048 3876 παρὰ
3069 3804 3177 3860 τῶν
3205 3803 3506 3875 προφητῶν
3554 3794 3819 3873 μεμαρτύ·

2249 3913 2433 3966 ρηται.
2469 3895 2567 3949 Διὰ
2594 3895 2651 3948 δὲ
2678 3895 2773 3948 τοῦ
2806 3895 3041 3949 θανάτου
3084 3891 3180 3947 τοῦ
3212 3889 3457 3963 Χριστοῦ
3519 3886 3814 3955 κατεϐλήθη

2247 3987 2276 4039 ὁ
2307 3986 2565 4051 θάνατος,
2599 3986 2694 4040 καὶ
2722 3981 2890 4058 ἦλθεν
2912 3987 2946 4057 ἠ
2992 3984 3312 4048 ἀνάστασις,
3346 3984 3443 4036 καὶ
3502 3976 3816 4036 καταλυθέν-

2246 4096 2337 4141 τος
2369 4077 2462 4132 τοῦ
2488 4076 2746 4144 θανάτου,
2797 4074 3149 4147 ἠλευθερώθη
3205 4073 3349 4137 ἅπας
3381 4074 3411 4127 6
3475 4073 3677 4143 κόσμος
3717 4063 3813 4119 ἀπὸ

2245 4170 2346 4241 τῆς
2382 4169 2632 4237 ἐξουσίας
2652 4169 2743 4225 τοῦ
2776 4170 3014 4235 Σατανᾶ,
3058 4168 3151 4222 καὶ
3201 4168 3250 4220 οἱ
3299 4164 3697 4222 πιστεύσαντες
3725 4156 3812 4209 καὶ

2245 4265 2298 4318 οἱ
2330 4264 2407 4335 μὴ
2432 4264 2827 4327 πιστεύσαντες
2862 4263 2943 4326 εις
2973 4260 3064 4315 τὸν
3092 4259 3333 4331 Χριστὸν
3367 4258 3468 4328 τῆς
3517 4246 3807 4327 τυραννίδος

2245 4356 2342 4411 τοῦ
2386 4356 2639 4410 διαϐόλου
2724 4355 2926 4416 πάντες
2992 4349 3468 4424 ἠλευθερώθησαν.
3533 4345 3633 4401 Καὶ
3680 4338 3798 4394 ἴσως

2248 4449 2409 4517 εἴπερ
2444 4448 2599 4501 οὐδὲν
2625 4447 2913 4501 ἐπίστευον
2966 4445 3017 4498 οἱ
3050 4443 3470 4512 Μουσουλμάνοι
3515 4434 3642 4490 εῖναι
3677 4424 3794 4517 ἀνᾴ-

555 4546 1026 4616 quemadmodum
1063 4545 1380 4615 accepimus
1408 4553 1465 4600 ct
1497 4557 1690 4599 sumus
1723 4544 1905 4599 edocti
1948 4559 2013 4599 ex
2053 4559 2136 4599 sa-

2252 4513 2462 4603 στασιν,
2504 4539 2769 4609 ἐλέγομεν
2800 4537 2868 4590 ἂν
2898 4537 3096 4605 λόγους
3152 4535 3472 4606 δεικνύντας
3523 4513 3800 4616 εἷναι-τξῦο

553 4655 645 4694 era
680 4638 989 4707 Scriptura,
1030 4652 1193 4705 quam
1228 4643 1284 4691 et
1313 4635 1641 4690 Musulmani
1673 4651 1883 4691 sacram
1913 4649 2033 4690 esse
2054 4634 2136 4689 fa-

2242 4647 2352 4702 την
2391 4629 2597 4702 ἀληθῆ.
2638 4629 2796 4684 Ἐπεὶ
2825 4629 2883 4681 δὲ
2921 4628 3017 4682 καλ⁵
3051 4626 3208 4681 aii-rel.
3265 4626 3571 4695 στέργουσι,
3601 4610 3807 4707 mttu-

556 4739 766 4792 tentur,
790 4726 995 4782 Christi
1020 4728 1360 4781 resurrectio
1389 4727 1491 4781 toti
1514 4725 1722 4781 mundo
1755 4724 1983 4781 utilitati
2013 4723 2139 4781 fuit.

550 4820 631 4875 De
679 4818 901 4902 diabolo
951 4828 1137 4873 autem
1181 4819 1267 4874 sic
1314 4819 1552 4874 dicimus
1589 4816 1893 4883 :Quamvis
1959 4814 2142 4871 adhuc

552 4908 801 4963 nondum
830 4908 1233 4964 condemnatus
1280 4908 1350 4963 sit
1383 4908 1435 4961 in
1467 4908 1647 4963 locum
1684 4907 1970 4977 proprium
2024 4921 2142 4977 pa:—

555 5014 661 5064 naa,
714 5010 1005 5068 propterea
1031 4999 1176 5068 quod
1201 4999 1494 5071 judicium.
1528 5001 1674 5070 quod
1717 4997 2141 5069 Christusjudi-

554 5099 783 5146 caturus
836 5100 941 5153 est,
992 5092 1236 5146 nondum
1280 5100 1618 5146 transactum
1667 5091 1759 5157 sit,
1806 5092 1912 5147 hoc
1959 5102 2142 5147 tamen

553 5184 814 5238 veniente
844 5183 1099 5238 diabolus
1123 5183 1305 5255 ignem
1340 5183 1693 5239 haereditabit
1720 5183 2143 5255 inexstinguibi-

552 5277 687 5343 lem,
716 5278 809 5347 qui
838 5276 991 5330 illum
1024 5286 1229 5332 manet.
1277 5277 1347 5332 Et
1370 5277 1625 5347 quamvis
1661 5278 1915 5332 videatur
1945 5276 2037 5331 ille
2058 5275 2141 5331 vi-

555 5385 709 5433 vere,
740 5383 839 5440 pro
874 5379 1090 5424 mortuo
1119 5380 1300 5426 tamen
1332 5380 1417 5426 est
1448 5370 1756 5435 habendus,
1800 5371 2029 5442 perinde
2076 5385 2141 5426 ac

556 5459 604 5515 si
638 5459 913 5516 homicida
943 5461 1162 5533 aliquis,
1200 5473 1295 5519 aut
1328 5464 1440 5530 fur,
1470 5462 1680 5520 aliusve
1720 5465 2017 5535 quispiam,
2046 5463 2144 5534 qui

559 5554 794 5624 capitale
840 5554 1066 5628 aliquod
1114 5557 1394 5611 commisit
1429 5554 1664 5621 facinus,
1699 5571 1729 5611 a
1775 5571 1903 5627 rege
1949 5555 2145 5626 capitis

558 5645 836 5717 supplicio
865 5646 1209 5721 adiudicatus
1240 5647 1433 5713 fuerit,
1461 5646 1593 5702 licet
1620 5656 1744 5717 post
1775 5647 1919 5704 hanc
1954 5662 1983 5702 a
2015 5661 2143 5718 rege

637 5833 664 5866 "
703 5833 862 5889 Deut.
889 5847 1083 5900 xxvm,
1116 5831 1203 5889 66.
1282 5837 1302 5869 ’
1343 5832 1499 5889 Joan.
1554 5847 1662 5899 xiv,
1700 5829 1751 5885 6.

2243 4721 2494 4793 δέχονται
2521 4720 2725 4791 ταύτην
2746 4719 2812 4792 δὴ
2859 4719 2958 4789 τὴν
3013 4717 3334 4782 ἀνάστασιν,
3378 4710 3636 4785 περισσὺν
3682 4705 3811 4793 inu-

2407 4812 2590 4881 λέγειν
2634 4789 2732 4866 καὶ
2793 4789 3030 4881 γράφειν
3071 4809 3200 4880 περὶ
3230 4807 3458 4876 ταύτης.
3494 4805 3729 4873 Λέγομεν
3761 4789 3814 4844 δὲ

2248 4902 2408 4977 μόνον
2437 4904 2618 4970 τοῦτο,
2645 4904 2730 4957 ὅτι
2757 4902 2942 4966 καθὼς
2985 4899 3373 4971 παρελάϐομεν
3414 4898 3512 4951 καὶ
3538 4886 3806 4977 ἐδιδάχθη-

2249 4974 2350 5068 in"
2375 4995 2488 5050 ἀπδ
2524 4995 2621 5065 τῆς
2653 4994 2814 5063 ἁγίας
2840 4993 3088 5063 Γραφῆς,
3137 4992 3203 5063 ἥν
3233 4991 3328 5045 καὶ
3375 4990 3425 5043 οἱ
3463 4974 3815 5068 Μουσουλμάο

2248 5067 2329 5145 νοι
2361 5089 2523 5157 ἁγίαν
2551 5087 2832 5151 καλοῦσιν,
2873 5087 2908 5158 ἡ
2940 5086 3036 5140 τοῦ
3064 5084 3307 5158 Χριστοῦ
3352 5084 3653 5141 ἀνάστασις
3685 5067 3816 5138 ὠφέ⁶

2246 5183 2369 5237 λεια
2395 5182 2614 5251 ἐγένετο
2638 5180 2699 5234 ὲν
2727 5182 2836 5252 ὅλῳ
2860 5178 2940 5250 τῷ
2970 5179 3181 5251 κόσμῳ.
3209 5179 3345 5248 Περὶ
3377 5176 3435 5230 δὲ
3467 5175 3565 5229 τοῦ
3586 5163 3816 5252 διαϐόλρυ

2248 5276 2483 5346 λέγομεν
2517 5274 2696 5339 τοῦτο,
2727 5251 2817 5328 ὅτι
2839 5274 2888 5327 εἰ
2916 5271 3011 5326 καὶ
3033 5272 3221 5342 ἀκμὴν
3249 5271 3312 5324 οὗ
3352 5260 3714 5324 κατεδικάσθη
3735 5251 3821 5346 ἔδμ·

2251 5342 2537 5440 ρίσκεσθαι
2562 5366 2643 5430 εἰς
2677 5366 2769 5420 τὸν
2804 5366 2937 5420 ῐδιον
2960 5364 3125 5418 τόπον
3156 5363 3248 5417 τὸν
3279 5361 3378 5433 τῆς
3418 5360 3714 5416 κολάσεως,
3735 5342 3818 5440 διᾷ

2247 5431 2310 5512 τὸ
2352 5459 2427 5530 μὴ
2460 5457 2743 5527 γεγονέναι
2775 5455 2874 5527 τὴν
2900 5454 3084 5526 κρίσιν
3141 5431 3353 5521 ἀκμὴν,
3389 5450 3458 5522 ἢν
3488 5446 3673 5520 μέλλει

2250 5528 2365 5605 νειν
2394 5528 2686 5622 όΧριστός
2715 5564 2730 5580 ⁶
2787 5547 2905 5604 ἀλλ’
2938 5542 3032 5601 οὖν
3089 5545 3338 5609 ἐλθόντος
3389 5543 3604 5601 τούτου,
3643 5528 3817 5606 μέλλει

2254 5646 2691 5718 κληρονομήσειν
2735 5644 2763 5696 6
2787 5643 3031 5707 διάϐολος
3055 5642 3117 5697 τὸ
3147 5638 3511 5709 άτελεῦτητον
3531 5631 3659 5699 πῦρ,
3688 5625 3816 5686 ὅπερ
