4090 6454
245 413 348 480 481

1209 419 1506 495 CONTRA
1551 420 2042 482 MAHOMETEM
2082 423 2461 486 APOLOGIA
2505 429 2587 490 II.

3402 407 3512 505 ira

243 534 529 604 ἐκδέχεται
571 535 752 590 αὐτόν.
786 536 848 610 Εἰ
898 538 1005 608 γὰρ
1057 537 1152 590 καὶ
1204 539 1354 592 δοκεῖ
1399 540 1482 594 ὅτι
1527 540 1592 612 ζῇ
1649 535 1809 604 οὗτος

1939 542 2100 596 latam
2131 546 2460 598 sententiam
2507 547 2657 599 vivat
2709 546 2891 603 adhuc
2947 549 3138 605 diebus
3195 553 3406 623 aliquot
3455 558 3510 611 in

242 627 460 692 ἀλλ’ὡς
502 628 801 699 τεθνηκότα
846 630 1060 698 λογίζου
1119 631 1304 686 αὐτόν.
1340 633 1452 686 Καὶ
1501 633 1694 704 ὥσπερ
1743 653 1826 700 τις

242 721 441 789 φονεὺς
469 721 501 791 ἤ
533 722 798 794 κλέπτης,
828 723 860 793 ἢ
905 723 1064 787 ἀλλος
1106 740 1191 788 τις
1230 727 1462 796 ποιήσας
1494 727 1630 797 ἔργα
1662 727 1827 782 θανά-

244 829 344 866 του
392 813 542 878 ἀξια,
589 813 683 866 καὶ
736 815 1164 879 καταδικασθεὶς
1221 816 1372 886 παρὰ
1410 816 1504 870 τοῦ
1558 817 1824 887 βασιλέως

243 906 632 975 ἀποτμηθῆναι
680 906 779 976 τὴν
836 907 1082 976 κεφαλὴν
1115 909 1308 973 αὐτοῦ,
1351 904 1474 962 εἶτα
1529 911 1684 979 μετὰ·
1724 911 1825 980 τὴν

244 997 498 1067 τοιαύτην
526 998 620 1050 τοῦ
657 998 922 1067 βασιλέως
983 1001 1262 1067 ἀπόφασιν
1306 1000 1561 1064 ἐπιξήσει
1608 1005 1823 1072 ἡμέρας

247 1091 402 1152 τινὰς
433 1091 491 1142 ἐν
526 1094 595 1159 τῇ
653 1090 892 1160 φυλακῇ,
942 1091 1018 1152 ὡς
1084 1091 1362 1159 τεθνηκὼς
1399 1095 1823 1162 καταλογέζεται

243 1177 422 1246 οὗτος,
444 1185 491 1233 εἰ
536 1183 629 1234 καὶ
662 1183 740 1232 ἔτι
769 1183 906 1250 μετά
933 1183 1042 1238 τῶν
1060 1182 1279 1244 ζώντων
1304 1184 1622 1252 εὑρίσκεται
1646 1203 1660 1217 ·
1681 1186 1823 1240 οὕτω

249 1275 344 1324 καὶ
377 1273 469 1324 ἐπὶ
507 1271 600 1324 τοῦ
634 1273 881 1324 διαϐόλου
943 1274 1140 1343 νόησον
1201 1275 1382 1328 τοῦτο.
1465 1276 1584 1344 Ἀφ’
1623 1272 1685 1329 οὖ
1715 1279 1822 1349 γὰρ

249 1364 446 1432 ἀνέστη
511 1366 538 1416 6
559 1365 812 1433 Χριστὸς,
873 1367 1082 1427 ἐκεῖνος
1113 1366 1385 1423 ἀπώλετο.
1421 1369 1544 1421 Ὅτι
1571 1369 1626 1422 δὲ
1647 1368 1821 1423 πλάτ-

241 1473 324 1506 τει
358 1456 495 1507 κατὰ
516 1456 623 1508 τῶν
653 1455 958 1520 ἀνθρώπων
996 1457 1095 1510 ὅσα
1124 1457 1259 1527 δῆτα
1295 1461 1390 1512 καὶ
1432 1460 1693 1530 πράττει,
1724 1463 1821 1532 οὐχ

239 1550 320 1610 ὼς
374 1548 624 1611 ἐξουσίαν
655 1547 686 1618 ἢ
730 1549 961 1618 δύναμίν
985 1569 1107 1604 τινα
1145 1553 1286 1622 ἔχων
1311 1554 1565 1621 πράττει,
1598 1554 1714 1606 ἁλλ’
1747 1555 1821 1616 ὡς

240 1642 484 1710 πονηρὸς
530 1643 627 1694 καὶ
680 1642 937 1698 ἀπατεὼν
995 1645 1350 1715 ὑποκρίνεται
1435 1646 1643 1714 φιλίαν,
1727 1647 1821 1700 καὶ

241 1733 611 1801 συμϐουλεύει
644 1733 712 1786 τά
761 1735 1193 1806 ἀπηγορευμένα
1226 1737 1320 1790 xal.
1351 1737 1661 1808 βλάπτοντα
1696 1739 1822 1802 τοὺς

238 1823 587 1894 ἀνθρώπους.
635 1825 748 1878 Καὶ
785 1828 954 1896 εἰμὲν
988 1828 1124 1901 εὕρῃ
1156 1830 1249 1882 τὸν
1277 1830 1642 1895 ὑπακούοντα,
1675 1831 1824 1885 δοκεῖ

1927 650 2169 700 carcere,
2222 638 2456 692 mortuis
2510 633 2690 695 tamen
2724 641 3138 708 adnumeratur,
3187 645 3313 700 licet
3369 648 3512 703 inter

1928 729 2082 782 vivos
2106 730 2286 784 adhuc
2328 732 2420 785 sit.
2446 732 2596 786 ldcm
2646 734 2817 804 igitur
2862 735 2969 789 hoc.
3017 737 3086 791 de
3125 737 3345 792 diabolo
3395 740 3510 794 ﬁeri
3563 739 3566 742 ’

1931 821 2228 892 intelligas.
2260 823 2558 892 Postquam
2588 825 2734 878 enim
2768 826 3018 882 Christus
3043 829 3364 893 resurrexit,
3419 832 3511 888 ille

1926 916 2176 985 perditus
2207 925 2304 970 est.
2347 915 2697 971 Cumautem
2726 918 2779 970 in
2811 918 3063 973 homines
3086 935 3147 973 ea
3177 937 3298 990 qua:
3331 924 3510 979 facere

1925 1008 2088 1071 solet,
2146 1008 2516 1074 machinatur,
2573 1025 2680 1063 non
2736 1025 2834 1065 ceu
2888 1020 3214 1080 potestatem
3269 1017 3508 1084 aliquam

1923 1098 2137 1151 habens
2201 1107 2294 1152 aut
2340 1099 2622 1163 virtutem,
2661 1101 2811 1165 facit,
2871 1104 2968 1157 sed
3019 1113 3275 1174 tauquam
3335 1110 3511 1162 malus

1926 1199 2022 1244 aut
2058 1191 2467 1257 fraudulentus,
2512 1193 2808 1247 amicitiam
2861 1195 3105 1263 simulat,
3154 1213 3331 1266 eaque
3376 1215 3508 1254 con-

1923 1284 2057 1338 sulit
2091 1300 2212 1351 qua:
2242 1284 2560 1364 hominibus
2604 1288 2893 1343 interdicta
2929 1297 3058 1343 sunt
3097 1300 3153 1344 et
3200 1292 3385 1346 noxia.
3439 1293 3510 1346 Et

1922 1377 2144 1445 quidem
2180 1377 2225 1430 si
2263 1378 2502 1447 aliquem
2559 1379 2666 1447 sibi
2705 1380 3037 1450 morigerum
3089 1391 3285 1436 nactus
3313 1384 3504 1446 fuerit,

1921 1467 2147 1522 videtur
2197 1467 2429 1521 multum
2475 1470 2745 1538 potuisse,
2777 1479 2833 1523 et
2878 1470 3095 1524 dedisse
3137 1472 3416 1524 damnum.
3447 1471 3502 1524 Si

1921 1573 2054 1613 vero
2080 1559 2150 1614 ab
2178 1559 2364 1629 aliquo
2409 1574 2519 1612 non
2552 1558 2721 1614 fuerit
2765 1570 3043 1630 receptus,
3101 1561 3193 1616 sed
3241 1562 3504 1618 dimissus

1922 1649 2104 1703 inanis
2134 1661 2191 1703 et
2223 1665 2449 1715 vacuus,
2481 1651 2631 1704 omni
2663 1651 2963 1707 deatitutus
3009 1653 3208 1707 robore
3242 1653 3500 1718 discedit,

1921 1754 2024 1795 nec
2054 1741 2200 1794 vires
2228 1739 2396 1795 habet
2435 1741 2664 1810 aliquas.
2715 1739 2890 1794 llomo
2930 1741 3080 1795 enim
3117 1741 3397 1796 multoties
3427 1743 3496 1796 ab

1922 1831 2146 1886 homine
2181 1831 2397 1902 cogitur
2448 1842 2509 1886 ut
2556 1833 2761 1887 invitus
2793 1832 2976 1898 faciat,
3023 1833 3169 1902 quod
3221 1849 3323 1888 nec
3357 1835 3498 1898 vult,

238 1919 323 1970 ὅτι
353 1915 596 1988 ἠδυνήθη
633 1918 728 1970 καὶ
757 1917 982 1988 ἐποίησε
1013 1920 1223 1990 βλάϐην
1249 1936 1264 1952 ·
1296 1923 1344 1974 εἰ
1373 1920 1420 1974 δ’
1447 1923 1544 1992 οὐχ
1595 1923 1811 1993 εὑρήσει

1927 1940 2029 1980 nec
2069 1934 2196 1979 ante
2228 1925 2552 1989 constituit;
2581 1939 2607 1977 a
2648 1924 2866 1978 diabolo
2916 1937 3098 1980 autem
3133 1920 3241 1980 nan
3269 1927 3370 1982 sic.
3395 1927 3502 1982 Vo-

243 2009 584 2079 παραδοχὴν,
611 2008 730 2061 ἀλλ’
761 2011 1098 2080 ἀποπεμφθῇ
1125 2012 1274 2064 οὕτω
1296 2013 1474 2078 κενὸς,
1517 2013 1818 2084 ἀπέρχεται

239 2103 723 2172 κατῃσχυμμένος,
758 2105 854 2156 καὶ
909 2105 1180 2174 μηδεμίαν
1209 2104 1346 2174 ἔχων
1378 2106 1545 2176 ίσχύν.
1578 2107 1822 2176 ’Ἄνθρω-

239 2211 342 2253 πος
360 2195 470 2264 γὰρ
501 2195 764 2258 πολλάκις
795 2196 1172 2263 ἀναγκάζεται
1207 2197 1314 2250 ὑπὸ
1347 2195 1683 2268 ἀνθρώπου,
1720 2199 1818 2253 καὶ

235 2283 470 2352 πράττει
496 2283 648 2338 ἄκων
673 2285 812 2354 ὅπερ
845 2283 971 2337 οὔτε
1013 2284 1292 2354 βούλεται,
1319 2285 1445 2340 οὔτε
1479 2287 1584 2357 μὴν
1621 2305 1816 2357 προαι-

245 2376 438 2440 ρεῖται.
479 2374 616 2426 Ὑπὸ
663 2375 720 2428 δὲ
760 2374 854 2428 τοῦ
910 2374 1163 2428 διαϐόλου
1215 2376 1314 2446 οὐχ
1367 2376 1563 2440 οὕτως’
1613 2379 1733 2431 ἀλλ’
1787 2379 1815 2430 6

251 2464 568 2532 βουλόμενος
604 2467 853 2519 πείθεται
900 2469 964 2536 τῇ
1011 2467 1216 2536 ματαίᾳ
1267 2467 1437 2520 αὐτοῦ
1489 2471 1810 2542 συμϐουλῇ·

249 2557 280 2607 6
311 2555 364 2606 δὲ
394 2556 463 2626 μὴ
483 2556 800 2625 βουλόμενος
827 2557 1107 2625 λογίζεται
1166 2559 1328 2611 αὑτὸν
1375 2560 1451 2624 ὼς
1515 2561 1688 2615 οὐδέν.
1741 2563 1815 2616 Τὸ

245 2650 377 2701 αὐτὸ
405 2651 459 2702 δὲ
492 2651 650 2704 τοῦτο
711 2652 911 2721 πάσχει
959 2654 1062 2714 πᾶς
1108 2669 1191 2714 τις
1237 2652 1525 2723 ἅνθρωπος
1573 2657 1665 2708 καλ⁵
1723 2657 1814 2709 ἐπὶ

239 2743 336 2794 τοῦ
387 2743 511 2795 ίδίου
564 2744 852 2812 λογισμοῦ,
904 2744 1042 2815 ὅπερ
1095 2747 1190 2798 καὶ
1255 2745 1349 2818 ἐπὶ
1396 2746 1491 2799 τοῦ
1538 2746 1812 2804 διαϐόλου.

242 2836 502 2904 Ἔρχεται
535 2835 640 2903 γὰρ
668 2838 748 2900 είς
779 2836 1079 2905 ἐνθύμησίν
1111 2854 1260 2900 τινος
1297 2838 1650 2907 πράγματος,
1709 2858 1811 2894 κα·

233 2926 328 2978 λοῦ
353 2926 492 2993 λέγω
518 2928 610 2997 καὶ
641 2928 892 2998 αἰσχροῦ⁸
932 2929 1025 2981 καὶ
1057 2930 1105 2982 εί
1146 2929 1243 2999 μὲν
1277 2929 1391 2997 ἔχει
1436 2930 1529 2982 τὸν
1559 2932 1807 3000 ἄρχοντα

231 3018 406 3070 αὑτοῦ
433 3018 554 3070 νοῦν
583 3021 708 3085 ὑγιᾶ
741 3021 833 3072 καὶ
871 3023 1157 3091 φρόνιμον,
1191 3024 1373 3093 κρίνει
1436 3023 1536 3086 τὰς
1569 3025 1812 3096 ἐνθυμή-

231 3124 352 3168 σεις
379 3108 472 3182 καὶ
526 3109 648 3169 τοὺς
688 3109 985 3180 λογισμοὺς
1035 3111 1226 3175 αὑτοῦ,
1292 3112 1388 3166 καὶ
1435 3114 1703 3184 διακρίνει
1750 3117 1810 3169 τὸ

230 3201 482 3268 κρεῖττον
517 3201 622 3252 ἀπὸ
651 3201 741 3253 τοῦ
777 3205 1015 3271 χείρονος
1046 3217 1060 3234 ο

231 3293 406 3346 αὐτοῦ
435 3296 578 3361 νοῦς,
613 3295 839 3364 πράττει
873 3298 938 3349 τὰ
981 3295 1221 3366 βλαϐερὰ
1250 3297 1325 3359 ὡς
1356 3298 1631 3368 ὠφέλιμα.
1671 3297 1805 3350 Βλέ-

231 3403 364 3448 πεις
395 3388 568 3449 ὅπως,
600 3387 702 3441 κᾶν
742 3387 870 3458 δοκῇ
910 3389 991 3442 ὅτι
1020 3391 1102 3442 ἔτι
1132 3389 1308 3460 ἰσχύει
1333 3391 1360 3442 6
1387 3390 1650 3455 διάϐολος,
1705 3392 1808 3444 οὐκ

229 3479 388 3531 ἔστιν
416 3478 610 3542 οὕτως,
645 3480 759 3534 ἀλλ’
791 3481 1006 3552 ἐφθάρη
1061 3482 1156 3534 καὶ
1201 3483 1476 3552 ἠφανίσθη
1508 3482 1714 3537 τέλειον
1774 3486 1806 3554 ἡ

229 3571 496 3638 τυραννὶς
553 3571 741 3636 αὑτοῦ,
797 3574 1134 3636 ἀναστάντος
1173 3573 1266 3626 τοῦ
1317 3575 1556 3644 Χριστοῦ
1602 3577 1666 3629 ἐκ
1710 3576 1806 3629 τοῦ

229 3662 410 3730 τάφου
433 3681 447 3729 ;
473 3663 630 3717 Μετὰ
661 3665 768 3736 γὰρ
809 3666 906 3736 τὴν
937 3668 1194 3738 δευτέραν
1215 3668 1306 3720 τοῦ
1327 3668 1575 3735 Χριστοῦ
1604 3687 1810 3740 παρου-

235 3755 362 3809 σίαν
421 3756 606 3824 μέλλει
651 3759 1129 3830 παραπεμφθῆναι
1181 3761 1257 3830 τῷ
1312 3760 1566 3831 ἐξωτέρω
1603 3764 1804 3830 σκότει,

233 3848 333 3899 καὶ
360 3847 438 3917 τῷ
454 3847 804 3919 ἀτελευτήτῳ
835 3849 993 3918 πυρὶ,
1018 3850 1094 3911 ὡς
1118 3850 1268 3902 ἔστιν
1303 3852 1382 3913 είς
1431 3852 1590 3904 τοῦτο
1635 3853 1803 3916 ἄξιος.

250 3940 384 3992 Ἰδοὺ
417 3939 546 4007 γοῦν
577 3939 651 4002 ὡς
685 3943 1038 4012 προείρηται,
1089 3942 1262 4006 οὕτως
1321 3943 1680 4012 ἀναφαίνεται
1726 3946 1806 3998 ὅτι

246 4033 320 4082 τὰ
347 4036 471 4102 περὶ
501 4033 594 4086 τοῦ
620 4035 854 4103 Χριστοῦ
882 4035 1117 4106 ὲξαρχῆίς
1144 4039 1264 4092 -καὶ
1301 4039 1366 4090 ἐκ
1420 4037 1515 4090 τοῦ
1565 4055 1806 4106 καταμι-

248 4120 382 4187 κρδν
415 4121 702 4186 ἐφαίνοντο.
735 4122 900 4175 Ὅσον
921 4124 975 4174 δὲ
995 4125 1222 4192 ἤγγιζεν
1252 4127 1279 4178 ὁ
1305 4112 1492 4194 καιρὸς
1520 4125 1619 4194 τῆς
1637 4125 1804 4177 αὐτοῦ

255 4211 576 4277 γεννήσεως,
630 4213 1016 4283 καθαρώτερον
1085 4216 1181 4266 καὶ
1227 4217 1554 4286 τρανότερον
1617 4215 1806 4281 ἔλεγον

251 4303 378 4370 περὶ
411 4301 570 4354 αὑτοῦ
591 4306 639 4356 0i
669 4306 969 4373 προφῆται.
1005 4303 1122 4373 Ἀφ’
1149 4301 1211 4358 οῦ
1234 4307 1289 4358 δὲ
1313 4303 1475 4376 ἦλθεν
1496 4309 1522 4358 6
1545 4306 1803 4374 Χριστὸς,

239 4389 440 4442 δέδωκε
466 4393 572 4454 τοῖς
601 4393 910 4463 ἀνθρώποις
947 4394 1044 4464 τὴν
1068 4395 1251 4446 κλεῖδα
1283 4397 1380 4462 τῆς
1410 4393 1689 4461 γνώσεως,
1716 4394 1802 4446 ἵνα

233 4484 492 4551 καθαρῶς
540 4501 601 4536 τε
656 4488 747 4536 καὶ
797 4485 1047 4553 ἀψευδῶς
1093 4487 1322 4555 νοήσωσι
1370 4485 1469 4554 τὴν
1522 4485 1800 4552 ἀλήθειαν.

1921 2015 2042 2069 lens
2092 2015 2238 2068 enim
2284 2022 2439 2083 paret
2475 2028 2618 2066 vano
2642 2025 2691 2066 et
2720 2014 2887 2068 noxio
2918 2014 3064 2068 illius
3097 2015 3349 2069 consilio.
3395 2015 3498 2082 Qui

1921 2119 2052 2158 vero
2085 2119 2278 2174 parere
2312 2103 2570 2166 noluerit,
2603 2103 2879 2157 diabolum
2904 2119 3004 2158 ceu
3034 2119 3146 2158 rem
3173 2105 3330 2159 nihili
3365 2120 3501 2160 eon-

1902 2193 2138 2269 _temnit.
2173 2193 2316 2248 Idem
2357 2208 2488 2247 vero
2536 2193 2737 2263 singuli
2769 2194 3022 2248 homines
3055 2209 3085 2247 a
3127 2196 3346 2263 propria
3399 2211 3498 2250 sua

1919 2287 2134 2340 ratione
2164 2286 2472 2356 patiuntur,
2517 2285 2663 2354 quod
2711 2300 2742 2338 a
2797 2285 3034 2340 diabolo.
3089 2285 3288 2339 Incidit
3347 2287 3496 2340 enim

1917 2377 2083 2432 homo
2115 2380 2168 2432 in
2217 2377 2450 2447 alicujus
2490 2377 2905 2433 meditationem
2949 2376 3235 2442 facinoris,
3283 2380 3366 2432 vel
3401 2378 3501 2432 ho-

1916 2467 2082 2527 nesti,
2135 2466 2217 2520 vel
2264 2465 2576 2535 turpis;.et
2626 2467 2897 2535 siquidem
2942 2466 3246 2536 principem
3281 2469 3362 2520 vel
3399 2467 3499 2522 du-

1916 2575 2059 2622 cem,
2090 2568 2332 2612 mentcm
2363 2558 2624 2612 videlicet
2669 2573 2856 2611 sanam
2889 2557 3147 2612 habuerit
3175 2567 3231 2611 et
3255 2557 3499 2627 pruden-

1918 2660 2051 2717 tem,
2074 2652 2163 2706 illa
2191 2650 2576 2705 meditationes
2604 2651 2767 2705 simul
2805 2659 2860 2704 et
2893 2650 3090 2704 harum
3128 2666 3327 2705 causas
3359 2651 3501 2721 diju-

1915 2743 2084 2808 dicat,
2136 2745 2449 2814 bonumque
2483 2761 2510 2798 a
2564 2745 2706 2798 malo
2745 2744 3036 2798 discernit.
3093 2743 3148 2798 Si
3203 2759 3332 2798 vero
3388 2746 3498 2798 dux

1915 2836 2157 2893 hominis
2207 2852 2364 2892 mens
2411 2835 2622 2890 inﬁrma
2687 2835 2854 2891 fuerit
2906 2845 2962 2890 et
2997 2837 3293 2905 impotens,
3333 2835 3495 2890 noxia

1912 2944 2013 3000 pro
2038 2929 2266 2982 utilibus
2305 2927 2676 2996 amplecutur.
2723 2927 2883 2980 Vides
2914 2927 3080 2995 igitur
3113 2927 3388 2980 diabolum
3417 2928 3498 2979 vi-

1914 3022 2066 3076 ribus
2095 3036 2307 3085 carere,
2345 3020 2594 3089 quamvis
2624 3021 2842 3072 easdem
2870 3019 3074 3072 habere
3105 3018 3324 3071 videtur
3359 3038 3370 3071 :
3398 3017 3493 3073 sed

1914 3113 2250 3168 comminuta
2283 3124 2364 3166 est
2411 3122 2467 3164 et
2507 3111 2734 3164 evanuit
2763 3110 3015 3164 universa
3047 3109 3293 3179 tyrannis
3325 3108 3493 3172 illius,

1103 3205 1153 3255 εί
1184 3205 1240 3256 δὲ
1278 3205 1498 3257 ἀσθενεί
1531 3207 1557 3258 6
1579 3206 1804 3276 ἡγεμὼν

1914 3206 2131 3261 Christo
2188 3220 2255 3259 ex
2303 3203 2556 3272 sepulcro
2607 3201 2952 3256 resuscitato.
3012 3201 3142 3255 Post
3188 3200 3491 3254 secundum

1910 3301 2058 3353 enim
2114 3297 2319 3352 Christi
2377 3296 2674 3349 adventum
2733 3292 3069 3361 relegabitur
3125 3292 3178 3345 in
3238 3293 3494 3346 tenebras

1910 3391 2237 3455 exteriores,
2281 3397 2339 3443 et
2390 3387 2445 3441 iu
2507 3387 2688 3456 ignem
2739 3384 3270 3454 inexstinguihilem,
3331 3393 3494 3453 prout

1909 3479 2274 3538 commeritus
2304 3484 2408 3532 est.
2450 3476 2532 3530 En
2577 3477 2781 3545 itaque,
2832 3481 2892 3527 ut
2935 3482 3073 3527 ante.
3113 3471 3320 3526 dictum
3387 3481 3492 3536 est,

1909 3574 1989 3628 sic
2042 3571 2246 3625 factum
2296 3584 2414 3623 esse
2461 3575 2687 3636 apparet
2739 3585 2750 3620 :
2795 3564 2940 3634 quod
2999 3565 3210 3619 scilicet
3261 3581 3324 3620 ea
3373 3581 3494 3634 qua:

1908 3663 2198 3718 Christum
2222 3659 2480 3724 attinent,
2510 3659 2577 3712 ab
2605 3657 2764 3712 initio
2794 3655 3058 3725 paulatim
3083 3661 3490 3724 apparuerunt;

1907 3760 2114 3824 quanto
2186 3761 2369 3805 autem
2451 3754 2678 3818 preplus
2743 3746 3200 3815 appropinquavit
3278 3753 3494 3813 tempus

1911 3843 2282 3915 generationis
2332 3840 2516 3909 hujus,
2563 3847 2716 3893 tanto
2745 3839 2946 3892 clarius
2998 3837 3326 3905 planiusque
3359 3851 3492 3904 pro-

1909 3936 2087 4004 pheta
2127 3933 2196 3989 de
2249 3933 2346 3986 illo
2401 3931 2685 3985 vaticinati
2747 3938 2894 3983 sunt.
2946 3928 3244 3996 Postquam
3307 3939 3489 3980 autem

1907 4025 2160 4078 Christus
2213 4023 2386 4087 venit,
2438 4021 2665 4075 deditis
2705 4020 2910 4074 clavem
2969 4019 3214 4074 scientia:
3253 4018 3490 4074 immini-

1909 4116 2033 4179 bus,
2068 4123 2130 4168 ut
2171 4128 2308 4183 pure
2361 4119 2418 4166 et
2452 4112 2572 4164 sine
2622 4111 2771 4164 omni
2811 4112 2934 4164 fuco
2969 4110 3259 4165 veritatem
3290 4111 3489 4164 intelliv

1904 4214 2130 4277 gerent;
2161 4205 2294 4273 quin
2327 4204 2393 4271 (si
2422 4204 2624 4257 veritas
2675 4202 2904 4256 dicenda
2933 4209 3040 4272 est)
3077 4203 3193 4271 ipse
3233 4201 3488 4257 Christus

1907 4296 2126 4365 aperuit
2155 4295 2443 4349 thesauros
2477 4293 2851 4356 absconditos,
2897 4304 2952 4347 et
2996 4294 3048 4346 in
3103 4293 3343 4347 medium
3397 4293 3490 4348 de-

1906 4387 2094 4458 posuit
2141 4401 2240 4440 ceu
2284 4385 2559 4439 inﬁnitum
2598 4385 2838 4454 pelagus,
2885 4398 2943 4438 ut
2991 4385 3224 4455 quilibet
3276 4401 3342 4440 ex
3378 4387 3485 4441 hoc

1907 4481 2129 4536 nemine
2177 4477 2506 4548 prohibente
2544 4477 2778 4544 hauriat,
2854 4494 2975 4546 qu:e
3023 4478 3174 4532 illum
3211 4478 3490 4535 oblectant

234 4575 454 4629 Μᾶλλον
500 4577 556 4628 δὲ
589 4580 636 4630 εἰ
668 4577 775 4648 χρὴ
804 4578 1034 4646 τάληθὲς
1064 4581 1263 4645 είπεῖν,
1295 4579 1457 4641 αὐτὸς
1484 4579 1511 4630 6
1563 4577 1800 4646 Χριστὸς

1914 4582 1961 4627 et
1993 4573 2205 4642 juvant.
2254 4569 2319 4622 Et
2364 4569 2479 4622 haec
2512 4569 2734 4636 quidem
2782 4569 2907 4622 talia
2963 4577 3114 4624 sunt.
3181 4569 3488 4625 Redeamus

233 4669 416 4734 ἤνοιξε
450 4670 579 4734 τοὺς
613 4670 1030 4742 κεκρυμμένους
1083 4671 1414 4740 θησαυροὺς,
1464 4671 1562 4722 καὶ
1609 4667 1806 4733 ἔθηκεν

1912 4679 2048 4720 vero
2073 4663 2139 4717 ad
2173 4663 2225 4718 id
2258 4664 2402 4718 unde
2431 4678 2624 4718 sumus
2652 4662 2902 4732 digressi.

229 4766 316 4823 εἰς
353 4763 416 4814 τὸ
441 4762 630 4831 μέσον,
663 4760 854 4832 ὥσπερ
899 4780 954 4814 τι
1001 4762 1240 4830 πέλαγος
1288 4764 1539 4832 ἄπειρον,
1589 4763 1736 4824 ὅπως
1782 4761 1810 4813 ὁ
1863 4757 2185 4828 βουλόμενος
2220 4755 2771 4824 ἀρύηταιάκωλύτως
2836 4758 2900 4808 τά
2938 4756 3103 4810 αὐτοῦ
3171 4756 3487 4827 καταθύμια

225 4854 335 4908 καὶ
361 4851 636 4922 ὠφέλιμα.
685 4853 847 4905 Ἀλλά
879 4851 1051 4906 ταῦτα
1080 4856 1177 4924 μὲν
1202 4853 1394 4917 οὕτως.
1441 4855 1861 4923 Ἐπανέλθωμει
1901 4850 1958 4903 δὲ
1989 4849 2112 4902 ὅθεν
2141 4848 2459 4932 ἐξήλθομεν.

301 4948 414 5016 κβ’.
450 4945 816 5016 Κρεμαμένου
855 4947 951 4999 τοῦ
981 4947 1219 5017 Χριστοῦ
1257 4948 1350 5000 ἐπὶ
1396 4946 1490 4999 τοῦ
1540 4945 1799 5016 σταυροῦ,

211 5042 315 5102 ἐἰς
349 5039 456 5090 τῶν
492 5039 837 5108 στρατιωτῶν
864 5038 1046 5101 ἔνυξεν
1073 5036 1236 5090 αὑτοῦ
1263 5039 1361 5107 τὴν
1385 5038 1630 5108 πλευρὰν
1665 5037 1802 5106 μετὰ

210 5132 448 5200 ξίφους.
480 5133 642 5196 Λέγει
685 5131 814 5198 γοῦν
858 5133 1129 5200 Ζαχαρίας
1175 5129 1304 5197 περὶ
1354 5130 1568 5194 τούτου,
1619 5129 1800 5192 καθὼς

209 5223 332 5275 καὶ
375 5223 730 5290 προείπομεν,
753 5221 836 5273 ὅτι
869 5238 885 5269 ι
915 5220 1022 5272 Καὶ
1053 5218 1403 5287 ὲπιϐλέψουσι
1441 5218 1576 5288 πρός
1627 5235 1692 5288 με
1720 5220 1801 5280 εἰς

202 5315 240 5368 ὂ
254 5335 279 5366 ι
310 5311 692 5380 ἐξεκέντησαν.

293 5401 414 5470 κγ.
457 5403 742 5468 Ἀπέθανε,
774 5403 868 5455 καὶ
891 5400 1040 5469 λέγει
1071 5400 1100 5452 ὁ
1138 5399 1368 5462 Ἠσαίας
1392 5400 1491 5452 ὅσα
1527 5399 1623 5452 καὶ
1659 5399 1794 5468 φθά-

197 5510 428 5558 σαντες
467 5492 834 5564 ·ὲδηλὼσαμεν
873 5492 1150 5561 ἀνωτέρω.
1178 5490 1340 5557 Λέγει
1369 5490 1426 5544 δὲ
1468 5491 1558 5542 κα)⁵
1587 5491 1615 5542 6
1661 5489 1794 5542 θαυο

201 5581 440 5657 μαστὸς
468 5582 717 5650 Σολομὼν
747 5582 875 5651 περὶ
904 5579 996 5632 τοῦ
1031 5578 1238 5632 δικαίου
1263 5579 1356 5630 καὶ
1380 5577 1616 5647 μεγάλου
1653 5576 1800 5644 Ἰὼϐ,

195 5681 294 5740 ὡς
337 5675 403 5727 ὲκ
431 5674 723 5743 προσώπου
753 5673 847 5726 τοῦ
869 5672 1024 5734 Θεοῦ,
1066 5689 1083 5722 ι
1114 5669 1295 5724 Ζῶσαι
1324 5669 1514 5742 ὥσπερ
1549 5670 1686 5740 ἀνὴρ
1706 5671 1802 5739 τὴν

193 5764 402 5833 ὀσφύν
425 5781 538 5821 σου.
559 5765 847 5834 Ἐρωτήσω
873 5763 925 5816 δέ
953 5780 1031 5828 σε,
1059 5763 1120 5815 σὺ
1143 5762 1198 5814 δέ
1220 5778 1308 5830 μοι
1334 5761 1680 5832 ἀποκρίθητι,
1698 5761 1800 5813 ποῦ

193 5857 376 5929 ἦσυα
404 5857 488 5910 ὅτε
534 5855 868 5926 ὲθεμελίωσα
896 5857 994 5925 τὴν
1023 5856 1122 5924 γῆν
1149 5871 1163 5918 ;
1212 5852 1562 5920 Ἀνάγγειλόν
1604 5870 1717 5926 μοι,
1750 5858 1798 5906 εἰ

1975 4941 2067 4994 29..
2096 4938 2318 4994 Christo
2351 4941 2403 4991 in
2435 4952 2598 4992 cruce
2629 4938 2928 5006 pendente,
2980 4937 3203 5006 quidam
3247 4938 3482 4992 militum

1907 5036 2124 5106 aperuit
2158 5035 2300 5088 latus
2329 5033 2477 5086 illius
2506 5032 2722 5085 lancea.
2755 5029 2825 5082 Dc
2870 5030 2975 5082 hoc
3005 5030 3196 5098 igitur,
3232 5041 3290 5084 ut
3318 5046 3482 5099 supra

1908 5127 2246 5192 monuimus,
2322 5125 2616 5186 Zacharias
2663 5123 2883 5178 dicitzr
2930 5121 3222 5190 Videbunt,
3282 5123 3358 5178 in-
3401 5139 3486 5179 me

1904 5235 2067 5291 quem
2108 5227 2508 5289 pupugcruut.»

1977 5409 2069 5462 25.
2107 5406 2356 5460 Mortuus
2383 5413 2488 5468 est,
2539 5404 2607 5457 de
2658 5419 2768 5471 quo
2815 5413 2870 5457 et
2899 5403 3066 5457 Isaias
3109 5404 3239 5458 dicit
3268 5419 3330 5458 ea
3365 5419 3485 5473 quae

1908 5511 2072 5566 supra
2099 5495 2502 5551 reccnsuimus.
2537 5494 2680 5548 Dicit
2733 5509 2864 5547 vero
2908 5505 2964 5548 ct
2993 5495 3348 5549 admirandus
3389 5495 3482 5550 ille

1913 5588 2174 5642 Solomon
2224 5586 2292 5640 dc
2339 5586 2489 5656 justo
2535 5595 2590 5638 et
2639 5584 3001 5638 celeberrimo
3038 5584 3160 5647 Joh,
3221 5594 3478 5652 tauquam

1910 5680 2014 5732 sub
2044 5691 2278 5748 persona
2321 5676 2416 5732 Dei
2453 5691 2466 5728 :
2507 5694 2524 5725 ι
2556 5675 2792 5745 Act-inge
2817 5683 3074 5743 tanquam
3109 5675 3195 5727 vir
3233 5675 3478 5727 lumbum

1914 5778 2089 5822 tuum.
2152 5765 2508 5835 lnterrogabo
2566 5773 2638 5830 te,
2684 5775 2736 5819 tu
2765 5774 2946 5818 autem
3006 5763 3139 5817 mihi
3188 5760 3475 5827 responde.

1907 5858 2008 5914 Ubi
2030 5873 2154 5912 eras
2176 5873 2298 5912 cum
2326 5857 2610 5913 [nudarent
2637 5873 2736 5926 ego
2756 5864 2952 5912 terram
2972 5857 2994 5908 ?
3013 5854 3290 5910 Annuntia
3315 5851 3471 5918 mihi,
