4090 6460
632 432 746 498 483

1837 428 2156 490 JOANNIS
2197 424 2723 489 CANTACUZENI

3767 433 3858 497 481

629 546 684 598 si
718 543 828 598 scis
849 583 864 607 ,
894 539 1260 605 intellectum,
1288 537 1510 610 quando
1539 524 1680 592 facta
1700 546 1830 592 sunt
1854 537 2043 592 astra?
2072 537 2207 590 Lau-

2323 537 2617 590 ἐπίστασαι
2681 538 2923 605 σύνεσιν,
2952 539 3038 591 ὅτε
3071 538 3335 611 ἐγεννήθη
3367 540 3564 612 ἄστρα,
3597 540 3774 612 ᾔνεσάν
3799 561 3856 613 με

634 634 914 690 daverunt
945 648 1033 688 me
1067 648 1203 688 voce
1249 647 1444 703 magna
1487 645 1679 686 omnes
1735 628 1913 699 angeli
1962 628 2106 693 mei,
2157 636 2215 682 et

635 727 1056 782 celebraverunt
1087 725 1326 791 hymnis.
1375 724 1637 778 Conclusi
1673 731 1857 776 autem
1905 735 2054 774 mare
2090 736 2215 790 por-

635 819 724 879 tis.
770 827 824 873 et
872 817 1027 887 posui
1077 818 1154 871 illi
1201 817 1496 880 terminos,
1551 815 1777 884 dixique
1827 814 1958 868 illi:
1997 812 2212 868 ﬂuens-

633 925 741 979 que
769 911 981 973 venies.
1015 918 1071 963 et
1119 925 1228 962 non
1295 907 1737 978 transgredieris,
1791 907 1886 965 sed
1937 907 1992 960 in
2041 906 2214 975 teipso

633 999 967 1053 collidentur
1007 998 1106 1053 tibi
1144 997 1346 1053 ﬂuctus
1394 999 1493 1051 tui.
1546 999 1828 1052 Aununtia
1859 998 1988 1051 mihi
2031 1016 2042 1050 :
2080 1013 2212 1051 num

634 1101 692 1145 tu
718 1100 946 1160 accepto
974 1091 1095 1145 luto
1123 1089 1372 1143 formasti
1409 1090 1612 1143 animal
1637 1129 1651 1152 ,
1691 1099 1747 1144 et
1784 1103 2039 1142 sermone
2070 1104 2208 1158 prae-

630 1185 805 1238 ditum
871 1182 1098 1252 posuisti
1155 1181 1289 1234 illud
1336 1197 1500 1251 super
1554 1181 1799 1236 terram?
1839 1181 1982 1234 Num
2029 1181 2081 1234 in
2127 1194 2213 1234 ve-

630 1275 808 1344 stioviis
843 1273 1022 1344 abyssi
1049 1273 1466 1327 deambulavisti
1487 1273 1508 1326 ?
1532 1273 1946 1342 Aperiunturne
1975 1273 2072 1327 tibi
2099 1288 2210 1342 prae

631 1366 826 1420 timore
877 1365 1060 1436 ianua:
1095 1365 1310 1430 mortis,
1353 1375 1410 1419 et
1436 1366 1708 1435 janitores
1745 1364 1946 1420 inferni
1991 1374 2044 1420 te
2091 1367 2209 1420 viso

628 1457 1013 1524 stupuerunt'o
1030 1455 1082 1508 ἵ»
1116 1456 1475 1524 Respondens
1494 1440 1622 1511 vero
1641 1455 1766 1522 Job,
1787 1457 1922 1510 dixit
1940 1457 2204 1511 Domino:

633 1545 802 1601 «Novi
848 1549 994 1616 quod
1036 1548 1220 1602 omnia
1262 1550 1459 1617 possis,
1497 1557 1553 1602 et
1597 1548 1943 1617 impossibile
1992 1549 2089 1602 tibi
2122 1558 2208 1604 est

627 1639 790 1694 nihil.
824 1639 1033 1694 Auditu
1055 1639 1203 1694 enim
1233 1639 1388 1693 auris
1408 1639 1595 1694 audivi
1625 1647 1677 1693 te
1711 1642 1884 1708 prius,
1908 1655 2055 1694 nunc
2079 1654 2208 1694 vero

627 1733 824 1788 oculus
869 1748 1031 1786 meus
1059 1733 1201 1787 vidit
1231 1733 1354 1786 te”.
1383 1751 1402 1784 ι
1439 1732 1784 1802 Audivistine
1810 1732 1876 1787 de
1903 1741 2077 1786 morte
2105 1733 2209 1786 Do-

628 1825 761 1878 mini
789 1824 1136 1893 prophetiam
1189 1825 1332 1879 hanc
1359 1824 1725 1880 clarissimam
1764 1833 1828 1878 et
1873 1824 2208 1894 splendidis-

2317 631 2467 699 φωνῇ
2528 630 2740 701 μεγάλῃ
2774 633 2973 694 πάντες
3027 633 3248 699 ἄγγελοί
3305 650 3410 700 μου
3463 635 3559 687 καὶ
3615 633 3849 704 ὕμνησαν,

2317 723 2568 793 ’Ἐφραξα
2597 723 2652 774 δὲ
2681 723 2956 778 θάλασσαν
2988 726 3207 788 πύλαις,
3238 725 3441 796 ἐθέμην
3465 725 3521 778 δέ
3564 727 3697 795 αὐτῇ
3726 727 3848 797 ὅρια,

2314 816 2411 868 καὶ
2470 811 2623 868 εἷπον
2681 816 2844 886 αὐτῇ,
2901 817 3081 887 Μέχρι
3129 816 3322 870 τούτου
3361 818 3582 889 ἐλεύσῃ,
3641 820 3728 872 καὶ
3765 821 3848 891 οὐχ

2315 907 2625 980 ὑπερϐήσῃ,
2679 906 2796 959 ἀλλ’
2840 909 2897 960 ἐν
2948 910 3144 977 σεαυτῇ
3177 910 3647 979 ,συντριϐήσονταί
3692 927 3767 963 σου
3793 912 3852 964 τὰ

2317 999 2558 1068 κύματα.
2600 997 2942 1066 ’Λνάγγειλὸν
2968 1017 3079 1069 μοι,
3105 1003 3152 1052 εί
3191 1002 3253 1054 σὺ
3287 1001 3467 1054 λαϐὼν
3493 1003 3684 1072 πηλὸν,
3713 1003 3852 1056 ἔπλα-

2315 1109 2414 1154 σας
2441 1092 2600 1157 ζιίον,
2627 1092 2722 1144 καὶ
2749 1092 2979 1161 λαλητὸν
3011 1092 3140 1145 αὐτὸ
3181 1092 3303 1145 ἔθου
3356 1096 3450 1146 ἐπὶ
3499 1095 3598 1164 τῆς
3649 1097 3756 1162 γῆς,
3803 1099 3850 1148 ἑν

2311 1183 2370 1234 δὲ
2422 1182 2629 1251 ἴχνεσιν
2694 1182 2933 1236 ἀϐύσσου
2979 1186 3414 1252 περιεπάτησας,
3472 1186 3761 1253 ἀνοίγονται
3807 1187 3853 1238 δέ

2313 1291 2394 1326 σοι
2427 1273 2577 1343 φόϐῳ
2605 1273 2773 1328 πύλαι
2809 1273 3043 1328 θανάτου
3070 1316 3084 1338 ,
3123 1276 3360 1342 πυλωροὶ
3397 1276 3451 1329 δέ
3507 1277 3633 1346 ᾆδον
3686 1277 3853 1338 ἰδόντες

2313 1383 2370 1418 σε
2398 1365 2636 1435 ἔπτηξαν
2662 1383 2679 1433 ;
2711 1386 2729 1418 ›
2785 1365 3102 1421 ’Υπολαῧὼν
3137 1367 3193 1419 δὲ
3232 1366 3347 1420 Ἰὼΰ
3379 1367 3454 1436 τῷ
3483 1367 3670 1437 Κυρίῳ
3692 1369 3818 1438 λέγει
3839 1410 3853 1433 ,

2318 1478 2336 1509 ι
2378 1454 2508 1512 Οἶδα
2541 1459 2647 1521 ὅτιΔ
2673 1458 2852 1512 πάντα
2908 1459 3157 1524 δύνασαι,
3191 1461 3442 1512 ἀδυνατεῖ
3479 1460 3535 1512 δέ
3591 1476 3674 1512 σοι
3701 1460 3850 1512 οὐδέν.

2324 1548 2487 1617 Ἀκοῇ
2526 1549 2624 1616 μὲν
2656 1548 2764 1619 γάρ
2788 1549 2928 1612 ὠτὸς
2979 1549 3175 1618 ἤκουόν
3215 1567 3310 1601 σου
3360 1551 3419 1601 τὸ
3452 1550 3731 1618 πρότερον,
3769 1549 3853 1601 νῦν

2309 1637 2364 1690 δέ
2393 1638 2420 1689 6
2467 1637 2745 1707 ὀφθαλμός
2782 1656 2885 1706 μου
2919 1639 3133 1708 ἐώρακέ
3167 1656 3247 1694 σε.
3287 1658 3306 1690 ι
3347 1641 3619 1710 ’Λκήκοας
3676 1644 3759 1694 καὶ
3785 1642 3857 1700 είς

2309 1728 2400 1780 τὸν
2431 1727 2523 1780 τοῦ
2558 1727 2763 1797 Κυρίου
2795 1729 3027 1782 θάνατον
3088 1729 3430 1799 προφητείαν
3481 1732 3855 1801 καθαρωτάτην

2309 1837 2368 1874 τε
2398 1822 2489 1874 καὶ
2519 1821 2990 1891 ὑπερλάμπουσαν
3019 1839 3034 1887 ;
3070 1822 3239 1885 Αὐτὸς
3271 1823 3380 1891 γάρ
3412 1825 3440 1876 6
3473 1822 3609 1886 Θεὸς
3637 1825 3664 1876 6
3703 1825 3854 1890 λέγων

629 1889 865 1969 simam?
893 1889 1021 1985 ipse
1045 1915 1198 1970 enim
1231 1916 1376 1970 Deus
1401 1915 1469 1969 de
1496 1931 1556 1970 se
1585 1915 1799 1979 dicens,
1835 1889 1982 1984 quod
2005 1914 2207 1969 funda—

2311 1912 2439 1982 περὶ
2490 1911 2709 1978 ἑαυτοῦ,
2740 1913 2822 1964 ὅτι
2883 1913 3212 1983 ἐθεμελίωσε
3237 1917 3335 1983 τὴν
3373 1915 3499 1983 γῆν,
3548 1916 3628 1968 ὃτι
3684 1916 3862 1984 έθηκεν

625 2006 770 2059 verit
805 2015 1028 2072 terram,
1077 2005 1224 2074 quod
1257 2006 1512 2074 posuerit
1549 2003 1688 2059 mari
1727 2004 2016 2069 terminos,
2057 2004 2205 2074 quod

628 2095 1030 2149 celebraverint
1060 2109 1186 2149 eum
1216 2095 1398 2164 angeli
1431 2094 1557 2160 sui,
1613 2094 1756 2149 idem
1797 2094 1889 2148 ille
1933 2094 2069 2148 dicit
2103 2094 2205 2164 ipsi

623 2186 728 2242 Job
766 2207 778 2242 :
810 2206 828 2238 ι
852 2187 992 2241 Num
1019 2195 1241 2256 accepto
1263 2187 1381 2240 luto
1419 2186 1726 2240 formavisti
1754 2187 1982 2251 animal,
2011 2195 2066 2242 et
2092 2203 2208 2242 ser-

625 2297 791 2336 mone
823 2281 1110 2349 pru‘ditum
1138 2282 1371 2350 posuisti
1403 2281 1537 2335 illud
1569 2296 1738 2350 super
1781 2281 2026 2336 terram?
2064 2281 2204 2336 Num

624 2373 686 2427 in
739 2373 986 2442 vestigiis
1041 2374 1223 2444 abyssi
1279 2373 1743 2428 deambulavisti?
1804 2374 2208 2443 Aperienturne

634 2465 733 2518 tibi
760 2481 870 2534 pra:
902 2465 1099 2518 timore
1125 2465 1307 2533 jauure
1339 2465 1552 2528 mortis,
1583 2473 1641 2518 et
1675 2479 1806 2518 num
1828 2465 2098 2534 janitores
2129 2465 2209 2518 in-

629 2557 771 2611 ferni
811 2564 862 2610 te
892 2558 1008 2610 viso
1047 2555 1443 2625 stupuerunt?»
1487 2555 1890 2625 Quid,-qua‘so,
1919 2555 2003 2609 his
2028 2556 2209 2610 innuit

627 2646 802 2711 aliud,
831 2662 997 2717 quam
1035 2665 1048 2699 :
1085 2647 1200 2716 Ego
1255 2647 1402 2700 Deus
1462 2661 1582 2700 sum
1638 2648 1734 2716 qui
1771 2647 1876 2702 feci
1919 2647 2054 2712 haec,
2107 2661 2209 2716 ego

627 2737 817 2806 aperui
862 2746 1046 2806 portas
1069 2736 1290 2802 mortis;
1324 2737 1521 2791 timore
1549 2736 1694 2791 enim
1717 2740 1822 2793 mei
1840 2747 2043 2807 aperta:
2057 2745 2206 2800 sunt,

625 2839 684 2884 et
715 2846 800 2883 me
836 2830 953 2884 viso
988 2829 1045 2882 in
1081 2830 1298 2882 inferno
1332 2838 1669 2897 stupuerunt
1698 2831 1975 2901 ianitores
2035 2829 2205 2886 illius.

625 2923 1021 2978 Verumtamen
1055 2921 1317 2990 quidnam
1359 2937 1500 2991 opus
1547 2931 1632 2977 est
1690 2923 1832 2977 hanc
1863 2921 2206 2992 prophetiam

627 3013 1028 3083 interpretari?
1079 3011 1266 3066 Talem
1319 3015 1468 3067 enim
1506 3028 1634 3068 esse
1680 3013 1954 3078 videmus,
1991 3023 2071 3076 .ut
2123 3014 2206 3068 vel

628 3106 792 3175 plane
823 3104 1074 3173 stupidus
1100 3113 1156 3158 et
1180 3104 1331 3160 rudis
1359 3119 1478 3158 eam
1528 3105 1820 3175 intelligat.
1854 3105 1990 3160 illud
2032 3107 2204 3168 enim.

633 3197 803 3251 |Vi50
843 3211 929 3250 me
964 3197 1235 3266 janitores
1296 3197 1500 3251 inferni
1559 3207 1943 3267 stupuerunt,»
1999 3198 2204 3254 Christi

628 3289 1096 3342 resurrectionem
1138 3303 1260 3343 cum
1289 3290 1620 3344 auctoritate
1664 3291 1849 3344 divina
1880 3292 2207 3360 potentique

627 3379 836 3432 virtute
863 3379 1060 3433 factam
1094 3381 1398 3451 signiﬁcat,
1429 3393 1693 3451 praeterea
1719 3385 2032 3437 universam
2057 3383 2204 3436 illam

630 3468 835 3523 inferni
870 3471 1176 3540 mortisque
1229 3473 1684 3528 destructionem.
1724 3472 1869 3538 Quin
1923 3485 1980 3528 et
2034 3474 2204 3527 David

631 3561 942 3615 luculenter
984 3563 1064 3615 sic
1103 3563 1239 3617 dicit
1275 3580 1290 3616 :
1330 3582 1348 3614 ι
1386 3563 1504 3617 Non
1566 3563 1918 3632 derelinques
1969 3563 2204 3617 animam

633 3665 811 3705 meam
845 3652 900 3705 in
928 3651 1168 3717 inferno,
1200 3669 1383 3722 neque
1420 3652 1580 3706 dabis
1621 3661 1683 3705 ut
1705 3664 1930 3707 sanctus
1972 3667 2096 3706 tuus
2125 3653 2208 3706 vi-

631 3744 760 3798 deat
789 3745 1277 3813 corruptionem”.
1313 3763 1331 3796 ι
1367 3743 1553 3797 Tertia
1583 3743 1730 3797 enim
1785 3744 1874 3798 die
1906 3744 2208 3798 resurrexit

630 3836 920 3901 Dominus,
983 3851 1087 3891 nec
1147 3837 1562 3905 corruptionem
1609 3835 1783 3890 sensit
1815 3853 2018 3906 corpus
2058 3837 2206 3896 illius

630 3936 1068 3982 sacrosanctum.
1111 3926 1328 3981 Mortuo
1373 3925 1521 3979 enim
1549 3924 1663 3987 illo,
1690 3928 2102 3981 sanctissimum
2138 3929 2205 3983 il-

630 4018 740 4071 lius
791 4033 992 4088 corpus
1031 4017 1236 4085 Joseph
1267 4017 1434 4072 simul
1465 4027 1522 4071 et
1547 4017 1902 4085 Nicodemus,
1951 4030 2012 4072 ut
2040 4035 2206 4089 supra

629 4110 893 4174 diximus,
937 4109 1291 4162 involverunt
1321 4108 1576 4172 sindone,
1635 4111 1855 4181 myrrha
1907 4119 1963 4165 et
1994 4128 2208 4167 arorna-

633 4202 807 4254 tibus.
846 4200 912 4253 Et
941 4201 1010 4253 de
1040 4199 1320 4268 sepultura
1352 4201 1500 4254 illius
1527 4201 1661 4271 Magi
1694 4218 1913 4271 quoque
1957 4203 2011 4257 in
2045 4203 2208 4258 Beth-

629 4292 770 4346 leem
789 4291 1074 4345 venientes
1096 4291 1564 4360 pr0phetaverunt
1587 4292 1707 4362 ipso
1725 4303 1878 4361 nato,
1906 4293 2205 4352 oﬂ‘erentes

634 4381 716 4436 illi
749 4395 969 4445 aurum,
1006 4381 1136 4436 thus
1179 4392 1232 4436 et
1263 4385 1564 4452 myrrham.

703 4468 792 4521 24.
833 4467 1104 4522 Dixerunt
1131 4467 1304 4523 Judaei
1335 4470 1544 4524 Pilato:
1588 4470 1756 4525 «Jube
1789 4470 1990 4524 muniri
2019 4474 2204 4540 sepul-

2308 2003 2430 2070 ὅρια
2459 2005 2523 2072 τῇ
2577 2001 2845 2074 Θαλάσσῃ,
2876 2004 2956 2056 ὅτι
2990 2003 3240 2074 ὕμνησαν
3271 2005 3435 2059 αὑτὸν
3467 2007 3514 2056 οἱ
3542 2008 3749 2074 ἄγγελοι
3773 2007 3864 2060 αὑ·

2309 2091 2404 2145 τοῦ
2432 2108 2446 2121 °
2479 2092 2643 2154 αὐτὸς
2670 2093 2820 2160 λέγει
2866 2094 2943 2163 τῷ
2995 2095 3137 2158 Ἰὼϐ,
3181 2113 3200 2146 ι
3239 2097 3331 2165 Μή
3366 2113 3446 2148 τοι
3481 2097 3662 2150 λαϐὼν
3711 2097 3864 2166 πηλὸν

2307 2183 2550 2245 ἔπλασας
2582 2181 2743 2249 ζῶον,
2777 2185 2871 2236 καὶ
2901 2183 3130 2255 λαλητδν
3166 2186 3301 2238 αὐτὸ
3329 2186 3454 2240 ἔθου
3491 2187 3581 2238 ἐπὶ
3622 2187 3718 2255 τῆς
3748 2187 3862 2256 γῆς,

2309 2277 2340 2346 ἢ
2397 2277 2455 2328 ἐν
2502 2277 2707 2346 [χνεσιν
2753 2277 2992 2330 ἀϐύσσου
3043 2281 3498 2346 περιεπάτησας;
3552 2281 3864 2346 Ἀνοίγονται

2306 2365 2364 2418 δέ
2397 2382 2477 2418 σοι
2510 2366 2660 2436 φόϐῳ
2711 2365 2876 2418 πύλαι
2930 2366 3185 2430 θανάτου,
3214 2368 3458 2438 πυλωροὶ
3510 2368 3566 2421 δὲ
3587 2369 3711 2440 ᾅδου
3740 2370 3866 2422 ἰδόν-

2307 2471 2398 2518 τες
2428 2473 2486 2508 σε
2516 2455 2790 2524 ἐπτηξαν;
2827 2473 2845 2506 ι
2883 2457 2947 2508 Τί
2995 2457 3157 2510 τοῦτο
3189 2458 3382 2524 λέγων,
3441 2457 3472 2528 ῆ
3506 2459 3604 2527 ιὸτι
3663 2460 3794 2527 Ἐγὼ
3839 2462 3867 2512 6

2307 2547 2436 2609 Θεὸς
2467 2545 2496 2597 6
2527 2548 2758 2617 ποιήσας
2787 2547 2958 2600 ταῦτα
2986 2562 3001 2578 ο
3051 2549 3162 2614 ἐγὼ
3207 2548 3394 2616 ῆνοιξα
3429 2551 3527 2614 τὰς
3579 2550 3747 2613 πύλας
3777 2552 3867 2604 τοῦ

2309 2638 2559 2692 θανάτου·
2582 2638 2656 2707 τῷ
2681 2640 2787 2708 γάρ
2820 2639 2966 2709 φόϐῳ
2999 2657 3100 2708 μου
3123 2640 3470 2710 ἠνοίχθησαν,
3495 2644 3586 2696 καὶ
3616 2644 3712 2713 ἐμὲ
3740 2643 3869 2696 ἰδόν-

2307 2745 2399 2790 τες
2429 2729 2486 2780 ἐν
2541 2728 2617 2797 τῷ
2653 2727 2777 2798 ᾄδῃ,
2810 2728 3052 2798 ἔπτηξαν
3091 2731 3138 2782 oi
3173 2732 3414 2799 πυλωροὶ
3457 2731 3644 2786 αὑτοῦ.
3693 2734 3871 2800 Ὅμως

2307 2816 2450 2879 τίνος
2495 2815 2809 2886 ἐξηγήσεως
2855 2818 3028 2871 δεῖται
3060 2820 3092 2888 ἡ
3124 2821 3376 2890 παροῦσα
3428 2822 3750 2892 προφητεία,
3783 2822 3873 2874 οὓ-

2308 2927 2415 2971 τως
2468 2910 2836 2979 εὑρισκομένη
2867 2909 3026 2980 δήλη,
3077 2911 3152 2975 ὡς
3183 2913 3392 2965 καὶτὸν
3445 2915 3617 2984 πάντη
3652 2915 3874 2984 ἀνόητον

2313 3003 2409 3054 καὶ
2433 3002 2621 3072 ἀμαθῆ
2658 3003 2848 3069 νοῆσαι
2879 3001 3083 3072 ταύτην
3109 3020 3124 3069 ;
3165 3004 3238 3056 Τὸ
3267 3006 3396 3074 γὰρ.
3434 3025 3451 3057 ι
3477 3005 3692 3068 Ἰδόντες
3725 3023 3791 3074 με
3824 3006 3876 3059 οι

2314 3089 2557 3158 πυλωροὶ
2584 3091 2676 3143 τοῦ
2705 3091 2856 3161 ξᾷδου
2893 3091 3158 3159 ἔπτηξαν,
3200 3111 3219 3144 ι
3255 3094 3354 3164 τὴν
3387 3097 3524 3165 μετὰ
3558 3097 3875 3168 αύθεντικῆς

2312 3181 2497 3251 θεῖκῆς
2523 3199 2579 3234 τε
2616 3183 2731 3250 ἅμα
2796 3184 2890 3235 καὶ
2938 3183 3354 3254 ὲξουσιαστικῆς
3400 3173 3882 3256 δυνάμεωξγεγου

2310 3277 2463 3326 νυῑαν
2497 3275 2591 3327 τοῦ
2627 3274 2866 3348 Χριστοῦ
2901 3276 3198 3330 ἀνάστασιν
3229 3277 3398 3347 δηλοῖ,
3436 3280 3514 3330 ἔτι
3560 3297 3610 3348 τε
3655 3280 3760 3350 ίαὴν
3789 3285 3882 3334 καὶ

2309 3367 2407 3435 τὴν
2435 3366 2672 3435 παντελῆ
2707 3369 2800 3419 καὶ
2832 3367 3061 3420 καθόλου
3091 3367 3187 3419 τοῦ
3218 3367 3344 3437 ᾅδου
3393 3370 3488 3422 καὶ
3516 3369 3608 3422 τοῦ
3649 3371 3884 3426 θανάτου

2309 3459 2625 3512 κατάλυσιν.
2671 3460 2831 3512 Ἀλλά
2880 3461 2974 3513 καὶ
3003 3461 3029 3512 6
3078 3462 3243 3515 Δαῦιδ
3288 3463 3588 3533 διαρρήδην
3619 3463 3764 3516 οὕτω
3802 3465 3887 3516 λέ-

2308 3569 2416 3619 γει,
2465 3553 2547 3604 ὅτι
2601 3569 2618 3601 ι
2653 3553 2766 3604 Οὐκ
2811 3553 3232 3622 ἐγκαταλείψεις
3279 3556 3376 3625 τὴν
3425 3555 3604 3626 ψυχήν
3652 3575 3755 3627 μου
3809 3560 3892 3622 εἰς

2309 3643 2466 3712 ᾅδην,
2497 3644 2619 3695 οὐδὲ
2647 3643 2837 3706 δώσεις
2869 3645 2960 3696 τὸν
2989 3646 3133 3696 ὅσιόν
3175 3663 3269 3697 σου
3308 3647 3436 3698 ίδεῖν
3485 3647 3790 3716 διαφθοράν
3814 3688 3830 3704 .
3868 3669 3887 3702 ι

2311 3738 2390 3806 Τῇ
2433 3738 2591 3806 τρίτῃ
2624 3736 2732 3807 γὰρ
2763 3738 2948 3808 ἡμέρᾳ
2981 3739 3176 3809 ἀνέστη
3203 3740 3230 3791 6
3274 3739 3501 3810 Κύριος,
3542 3743 3638 3795 καὶ
3666 3741 3894 3810 διαφθο-

2313 3829 2411 3899 ρὰν
2443 3831 2542 3882 ούκ
2569 3830 2786 3895 ἐδέξατο
2814 3831 2874 3881 τὸ
2905 3831 3060 3897 άγιον
3084 3830 3248 3884 αὑτοῦ
3279 3832 3458 3902 σῶμα.
3497 3835 3892 3894 Ἀποθανόντος

2310 3922 2417 3992 γάρ
2460 3921 2645 3986 αὑτοῦ,
2682 3922 2952 3988 ἐνετύλιξε
2997 3923 3056 3974 τὸ
3088 3925 3350 3992 πανάγιον
3379 3925 3544 3978 αὑτοῦ
3581 3926 3734 3996 σῶμα
3765 3926 3792 3977 ὃ
3827 3941 3891 3975 τε

2321 4014 2518 4084 Ἰωσὴφ
2546 4015 2638 4066 καὶ
2665 4014 2997 4082 Νικόδημος,
3018 4015 3090 4078 ὡς
3117 4016 3429 4087 ἔμπροσθεν
3456 4017 3706 4087 εἴπομεν,
3753 4021 3900 4088 μετὰ

2311 4108 2567 4171 σινδόνος,
2603 4107 2696 4159 καὶ
2735 4106 2980 4175 σμύρνης
3024 4108 3117 4159 καὶ
3149 4110 3480 4177 ἀρωμάτων.
3511 4112 3620 4163 Καὶ
3645 4113 3908 4180 προεφή-

2308 4216 2506 4252 τευσαν
2530 4198 2766 4267 περὶτοῦ
2797 4201 3168 4268 ἐνταφιασμοῦ
3195 4203 3358 4256 αὑτοῦ
3391 4205 3439 4255 oi
3466 4207 3519 4255 ἐν
3549 4209 3611 4275 τῇ
3638 4207 3912 4276 Βηθλεέμ

2309 4289 2555 4351 ἐλθόντες
2595 4290 2796 4357 Μάγοι,
2844 4291 3198 4360 γεννηθέντος
3226 4293 3415 4358 αὐτοῦ,
3444 4297 3533 4347 καὶ
3560 4297 3911 4362 κομίσαντες

2308 4377 2457 4445 αὑτῴ
2491 4378 2582 4430 τόν
2629 4393 2688 4429 τε
2736 4379 2957 4448 χρυσὸν,
2985 4381 3074 4432 τὸν
3095 4380 3333 4447 λίϐανον,
3368 4385 3576 4450 καὶ-τὴν
3609 4383 3902 4450 σμύρναν,

2315 4521 2320 4526 .
2382 4471 2481 4524 κδ’.
2517 4467 2686 4523 Εἶπον
2730 4473 2779 4523 οἱ
2849 4472 3092 4526 Ἰουδαῖοι
3133 4474 3212 4544 τῷ
3265 4476 3496 4543 Πιλάτῳ,
3551 4492 3568 4522 ι
3603 4475 3911 4529 Κέλευσον

630 4572 808 4612 crum.
845 4575 861 4608 ι
902 4556 965 4609 Ει
1001 4557 1106 4612 nisi
1135 4558 1404 4612 munitum
1441 4560 1636 4613 ruisset
1663 4560 1818 4623 illud,
1865 4561 2207 4616 occasionem

2315 4562 2714 4630 ἀσφαλισθῆναι
2748 4561 2837 4616 τὸν
2885 4563 3080 4631 τάφον.
3110 4583 3129 4616 ι
3194 4565 3374 4619 Καὶ-εί
3406 4563 3500 4632 μὲν
3541 4563 3616 4632 μὴ
3648 4564 3922 4632 ἠσφαλί-

634 4650 955 4701 habu‘assent
1010 4649 1491 4702 resurrectionem
1547 4648 1875 4713 cavillaudi,
1935 4649 2204 4718 dicentes,

2315 4653 2437 4716 ζετο
2467 4656 2493 4705 6
2527 4654 2718 4720 τάφος,
2754 4650 2899 4724 εἷχον
2947 4656 3014 4707 ἂν
3067 4655 3198 4720 ἴσως
3233 4659 3504 4726 πρόφασιν
3536 4651 3680 4710 οὗτοι
3737 4675 3929 4712 συκο-

632 4738 777 4806 quod
817 4753 924 4792 non
957 4739 1226 4795 adfuisset
1272 4737 1435 4807 digna
1489 4747 1546 4792 et
1603 4737 1882 4792 subiciens
1933 4741 2204 4796 custodia.

2316 4745 2713 4814 φαντῆσαιτὴν
2753 4747 3057 4799 ἀνάστασιν
3087 4787 3100 4811 ,
3151 4749 3402 4816 λέγοντες
3427 4750 3512 4804 ὅτι
3561 4751 3660 4802 οὐκ
3717 4752 3933 4818 ἐγένε-

632 4828 836 4882 Verum
896 4843 1022 4881 cum
1059 4825 1357 4881 omnifaria
1409 4826 1659 4880 custodia
1703 4836 1760 4880 et
1807 4828 2088 4898 diligentia
2120 4831 2207 4886 his

2317 4853 2375 4887 το
2417 4836 2450 4903 ὴ
2509 4837 2864 4904 προσήκουσα
2913 4838 3213 4905 ἀσφάλεια.
3306 4841 3451 4893 Ἀλλ’
3503 4844 3624 4893 ἐπεὶ
3674 4844 3714 4913 ἡ
3757 4834 3933 4897 πᾶσα.

631 4919 930 4974 commissa
971 4919 1162 4982 fuerit,
1189 4917 1393 4969 nullam
1438 4917 1666 4970 omnino
1712 4921 2055 4974 occasionem
2086 4923 2207 4977 reli-

2316 4931 2411 4980 xat
2441 4927 2670 4978 παντοία
2718 4928 2962 4999 προσοχὴ
2991 4931 3086 4982 καὶ
3117 4931 3388 5000 ἀσφάλεια
3431 4934 3661 4996 ἐκείνοις
3705 4936 3932 4988 ἐπετέ-

634 5026 796 5079 quam
852 5009 1056 5063 habent
1105 5009 1500 5063 resurrectioni
1560 5009 1714 5064 illius
1760 5012 2204 5069 contradicendi.

2312 5034 2562 5086 τραπτο,
2620 5019 2876 5087 οὐδεμίαν
2932 5022 3205 5089 πρόφασιν
3257 5023 3475 5094 ἔχουσιν
3527 5028 3707 5078 εἰπεῖν
3776 5028 3936 5087 ὅλως

633 5101 711 5154 ita
745 5102 890 5154 enim
959 5111 1019 5154 ut
1072 5097 1365 5167 cupiebant
1426 5100 1835 5170 volebantque,
1895 5106 2207 5173 sepulcrum

2313 5109 2568 5176 περὶτῆς
2614 5110 2959 5174 ἀναστάσεως
2986 5113 3080 5165 τοῦ
3126 5115 3386 5185 Χριστοῦ.
3429 5115 3517 5178 Ὠς
3563 5121 3670 5186 γάρ
3709 5119 3935 5188 ἤθελον

633 5192 900 5246 custodiri
937 5202 1300 5244 curaverunt.
1363 5191 1528 5261 Lapis
1571 5194 1720 5247 enim
1753 5195 1882 5249 huic
1915 5195 2207 5266 impositus

2315 5200 2409 5250 καὶ
2432 5201 2736 5267 ἐϐούλοντο,
2763 5202 2935 5266 οὓτως
2965 5206 3292 5275 ἐποιήσαντο
3340 5211 3433 5260 καὶ
3464 5212 3561 5278 τὴν
3599 5210 3700 5261 τοῦ
3736 5213 3939 5278 τάφου

633 5293 717 5336 est
752 5286 964 5349 ingens,
997 5297 1155 5350 quem
1185 5283 1349 5336 etiam
1376 5285 1556 5353 sigillo
1579 5285 2050 5354 obsignaverunt:
2075 5289 2207 5358 quin

2315 5292 2634 5360 ἀσφάλειαν.
2666 5294 2824 5355 Δίθος
2857 5295 2967 5366 γάρ
2988 5297 3148 5367 ἐτέθη
3175 5299 3361 5352 ἐπάνω
3383 5301 3478 5353 τοῦ
3507 5302 3686 5370 τάφου
3734 5307 3941 5373 μέγας

635 5383 691 5426 et
729 5374 969 5425 militum
1003 5382 1240 5428 turmam
1283 5376 1348 5430 ad
1380 5379 1686 5431 custodiam
1717 5379 1886 5449 hujus
1911 5381 2207 5436 constitue-

2320 5385 2544 5451 σφόδρα,
2571 5387 2662 5437 καὶ
2688 5389 2943 5455 σφραγῖδι
2963 5372 3364 5458 ἐσφραγίσαντο
3388 5391 3597 5444 τοῦτον.
3631 5372 3755 5445 Καὶ
3789 5399 3942 5460 τάγ-

637 5473 788 5516 runt.
844 5463 1109 5518 Caeterum
1168 5477 1227 5521 ut
1269 5467 1602 5538 ingratorum
1645 5470 1958 5524 Judworum
2000 5473 2205 5527 eﬂrena

637 5554 967 5607 obturentur
1004 5557 1168 5621 labia,
1211 5561 1341 5626 quid
1383 5562 1477 5624 iit,
1531 5570 1586 5614 ct
1635 5561 1926 5629 qualcnam
1963 5574 2206 5632 tempore

639 5647 1066 5702 resurrectionis
1130 5647 1335 5708 Christi
1387 5651 1574 5707 editur
1610 5653 1980 5718 miraculum?
2026 5656 2206 5709 Terra:

2319 5494 2396 5544 μα.
2425 5479 2772 5545 στρατιωτῶν
2813 5481 3118 5552 ἐτάχθησαν
3165 5486 3246 5547 είς
3288 5487 3534 5556 φυλακὴν
3581 5490 3681 5541 καὶ
3725 5490 3941 5554 ἀσφά-

2316 5567 2464 5618 λειαν
2517 5568 2720 5623 αὑτοῦ.
2773 5572 2933 5625 ”Αλλ’
2995 5574 3078 5626 ἵνα
3127 5576 3455 5645 ἐμφραγῶσι
3502 5578 3571 5630 τά
3627 5579 3940 5630 ἁπύλιιιτκ

2318 5659 2560 5727 στόματα
2599 5661 2707 5714 τῶν
2742 5663 3052 5734 ἀχαρίστων
3092 5667 3380 5735 Ἰουδαίων,
3410 5671 3462 5722 τί
3502 5672 3777 5737 γίνετκι;
3831 5671 3944 5722 καὶ

740 5825 780 5855 ¹⁰
822 5826 919 5880 τοι)
971 5843 1190 5893 xxxviii,
1231 5831 1379 5884 5—H.

1490 5831 1529 5860 ”
1573 5828 1674 5886 Job
1715 5844 1842 5898 xui,
1892 5831 1996 5885 1-5.
2109 5835 2152 5865 ¹²
2195 5831 2334 5888 Psal.
2375 5849 2459 5900 xv,
2509 5835 2594 5890 iO.
2687 5857 2690 5860 ’
