4090 6470
380 481 489 547 685
1188 504 1192 508 Α
1344 478 1648 540 CONTRA
1689 481 1738 539 ill
1752 480 1995 539 AIlOMl

2017 480 2179 539 LTEM
2222 479 2595 540 APOLOGIA
2640 481 2720 543 ΙῘ.
3525 490 3632 557 486

381 594 435 647 τί
481 574 984 662 θαυματουργεῖται
1029 592 1096 662 τῇ
1147 588 1267 661 ὥρᾳ
1311 589 1414 660 τῆς
1466 590 1815 653 ἀναστάσεως
1863 589 1996 651 ’τοῦ⁴

2018 601 2033 653 ι
2068 597 2253 643 motus
2295 589 2355 642 fit
2388 590 2602 659 ingens,
2654 599 2713 646 et
2757 589 2959 645 milites
2988 591 3243 659 sepulcro
3271 593 3633 650 custodiendo

381 687 664 759 Χριστοῦς
698 682 930 752 Σεισμύς
973 683 1184 750 γίνεται
1231 681 1429 749 μέγας,
1463 682 1556 731 καὶ
1601 678 1709 732 ἀπὸ
1741 676 1833 730 τοῦ
1868 679 1963 745 φό-

2061 680 2310 750 deputati
2342 685 2575 737 mortuis
2606 681 2917 737 redduntur
2949 683 3183 740 similes.
3219 683 3474 741 Christus
3500 702 3632 742 vero

381 780 478 831 6ου
531 776 713 829 αὐτῶν
761 777 809 828 οἱ
844 773 1212 842 φυλάσσοντες
1261 770 1354 823 τὸν
1412 771 1578 839 τάφον
1628 767 1961 838 στρατιῶται

2095 770 2252 824 elicta
2289 771 2522 825 sindone
2571 786 2697 825 cum
2745 771 3087 826 aromatibus
3117 772 3321 841 quibus
3353 772 3635 826 inviilatus
3704 816 3710 821 .

380 858 628 936 ἐγένοντο
658 867 793 919 ὡσεὶ
824 863 1027 933 νεκροί.
1072 862 1129 916 Ὀ
1159 862 1213 915 δὲ
1237 861 1470 930 Χριστὸς
1509 855 1826 913 καταλιπὼν
1859 858 1959 927 τὴν

2060 859 2261 928 fuerat,
2330 862 2574 916 surrexit
2620 878 2651 917 e
2699 862 2979 931 sepulcro.
3041 863 3107 916 Et
3160 852 3373 918 de‘lioc
3422 864 3629 918 David:

384 961 596 1013 σινδόνα
621 957 895 1024 ἐντετυλιγ
903 956 1071 1026 μένην
1098 953 1239 1024 μετά
1263 954 1372 1005 τῶν
1401 952 1732 1023 ἀρωμάτων,
1757 950 1955 1020 ἀνέστη

2066 950 2337 1020 «Vespere
2364 953 2651 1006 occinetur
2672 953 2875 1017 luctus,
2898 960 2953 1006 et
2990 969 3151 1007 mane
3180 953 3475 1009 exsultatio
3505 954 3569 1007 “.
3606 973 3624 1006 ι

380 1054 446 1103 ὲκ
469 1050 563 1102 τοῦ
593 1048 786 1117 τάφου.
822 1046 931 1099 Καὶ
974 1046 1121 1115 λέγει
1139 1044 1303 1100 Δαὸὶδ
1331 1045 1412 1111 τὸ,
1449 1061 1467 1095 ι
1508 1043 1782 1111 Ἐσπέρας
1808 1040 1960 1094 αὐλι-

2058 1040 2314 1097 Ploratus
2368 1042 2594 1114 quidem
2653 1042 2880 1113 propter
2925 1046 3285 1113 sepulturam,
3339 1048 3632 1101 exsultatio

381 1142 645 1210 σθήσεται
676 1138 972 1207 κλαυθμὸς,
1020 1138 1113 1191 καὶ
1160 1138 1238 1199 είς
1282 1135 1342 1188 τὸ
1370 1134 1514 1205 πρωῒ
1559 1132 1899 1202 ἀγαλλίασιςο
1932 1151 1952 1187 ι

2056 1145 2239 1187 autem
2277 1143 2503 1204 propter
2533 1135 3023 1191 resurrectionem.
3046 1136 3304 1202 Vidistin,
3340 1138 3448 1193 imo
3475 1139 3632 1194 audi-

380 1220 657 1300 κλαυθμδς
695 1228 793 1299 μὲν
855 1229 943 1283 δ,ιά
996 1228 1094 1299 τὴν
1144 1228 1344 1301 ταφὴν,
1401 1227 1724 1295 ἀγαλλίασις
1775 1226 1832 1280 δὲ
1869 1226 1957 1279 διὰ

2056 1224 2182 1278 visti
2217 1226 2389 1297 magis
2422 1234 2711 1297 augustam
2749 1227 2921 1293 illam,
2979 1229 3220 1283 divinam
3255 1239 3310 1285 et
3345 1240 3626 1297 potentem

379 1321 478 1392 τὴν
508 1323 829 1375 ἀνάστασιν.
894 1316 1065 1385 Εἶδες,
1120 1320 1318 1391 μᾶλλον
1348 1318 1405 1373 δὲ
1432 1318 1678 1389 ἀκήκοας
1703 1319 1955 1372 αὐθεντι-

2058 1316 2315 1370 virtutem
2347 1327 2401 1372 et
2429 1318 2767 1386 potentiam?
2807 1321 2888 1372 An
2924 1334 3029 1373 non
3057 1320 3424 1390 obsuipescis.
3457 1331 3512 1377 et
3542 1333 3628 1377 at-

379 1417 479 1483 κὴν
523 1415 621 1468 καὶ
662 1413 848 1482 θεῖκὴν
877 1411 973 1464 xui
1024 1410 1349 1482 δεσποτικὴν
1394 1411 1652 1480 τοιαύτην
1703 1409 1983 1475 ἐξουσίαν.

2058 1410 2266 1463 tonitus
2300 1411 2363 1463 ad
2401 1412 2518 1465 haec
2566 1412 2856 1466 reddcris?
2908 1411 3211 1468 Fatendum
3264 1415 3491 1471 omnino
3545 1426 3629 1472 est

379 1500 475 1553 καὶ
519 1499 876 1563 δυναστείαν;
929 1499 1044 1553 Οὐκ
1090 1497 1473 1570 ὲξεθαμόήοης
1508 1499 1602 1551 xui
1650 1497 1955 1567 ἐξεπλάγης

2058 1513 2174 1552 rem
2205 1501 2284 1554 sic
2318 1515 2377 1554 se
2426 1500 2629 1555 habere
2654 1540 2668 1564 .
2714 1512 2770 1556 et
2805 1519 2911 1557 non
2944 1503 3123 1557 aliter.
3167 1507 3453 1570 Quomodo
3476 1492 3625 1563 enini

340 1650 347 1659 ι
379 1590 513 1661 πρὸς
543 1591 758 1655 ruina;
793 1592 976 1660 Ἔχεις
1014 1590 1228 1654 πάντως
1257 1591 1431 1643 εἰπεῖν
1469 1590 1550 1642 ὅτι
1591 1588 1766 1653 οὕτως
1810 1591 1949 1657 ἐστὶ,

2055 1587 2192 1641 alias
2235 1588 2495 1658 possibile
2529 1590 2729 1658 fuerat,
2762 1594 2983 1662 myrrha
3017 1595 3300 1650 conditum
3356 1613 3558 1667 corpus
3595 1616 3626 1654 a

377 1680 473 1732 xui.
497 1680 597 1731 οὐκ
622 1678 817 1739 ἄλλως.
845 1678 957 1731 Καὶ
986 1677 1092 1747 γὰρ
1122 1677 1238 1741 πῶς
1263 1681 1378 1730 ἐστι
1424 1678 1650 1732 δυνατὸν
1690 1680 1954 1749 ἐσμυρνι-

2054 1679 2286 1735 siudone
2321 1697 2482 1751 posse
2523 1684 2712 1739 revelli
2758 1696 2812 1740 et
2847 1687 3053 1751 evolvi,
3085 1702 3317 1758 eamque
3345 1690 3621 1747 evolutam

381 1774 578 1842 σμένον
631 1773 786 1843 σῶμα
810 1771 1147 1842 χωρισθῆναι
1174 1772 1273 1841 τῆς
1308 1771 1562 1834 σινδόνος,
1598 1774 1691 1827 xui
1720 1773 1950 1843 εὐρεθῆ-

2054 1772 2288 1826 iuveniri
2319 1773 2586 1844 integram
2623 1792 2928 1848 puramque
2961 1794 3085 1834 cum
3126 1788 3206 1836 tot
3241 1781 3471 1838 viscosis
3504 1800 3627 1841 aro-

376 1883 463 1917 ναι
489 1864 940 1935 ἐντετυλιγμένην
984 1862 1129 1923 σώαν
1160 1864 1253 1916 καὶ
1301 1865 1569 1935 ἀκεραίαν
1604 1867 1743 1933 μετά
1775 1865 1947 1918 τοιού·
1988 1945 1991 1946 ν

2053 1863 2335 1919 matibus?
2392 1865 2505 1921 lloc
2557 1878 2705 1923 certe
2754 1885 2923 1924 unum
2975 1872 3147 1927 etiam
3199 1883 3379 1929 estex
3413 1878 3626 1946 magnis

370 1972 479 2009 των
525 1956 860 2025 κολλητικῶν
907 1956 1263 2025 ἀρωμάτων;
1307 1956 1534 2021 Πάντως
1565 1956 1659 2009 xui
1700 1956 1946 2037 τοῦταέν
1981 1946 1985 2000 l

2010 1948 2020 1999 ι
2054 1952 2164 2007 illis
2195 1962 2252 2008 et
2306 1956 2596 2026 stupendis
2627 1959 2833 2015 Christi
2870 1961 3175 2018 miraculis.
3235 1962 3340 2018 Sed
3382 1977 3438 2021 et
3489 1945 3625 2037 lapis

372 2047 520 2098 ἐστιν
558 2047 622 2098 ἐκ
668 2047 775 2099 τῶν
817 2044 911 2097 τοῦ
964 2043 1194 2114 Χριστοῦ
1246 2044 1498 2115 μεγάλων
1548 2045 1640 2097 καὶ
1691 2027 1946 2110 ἐξαισίων

2049 2045 2344 2102 devolutus
2395 2062 2498 2115 est,
2553 2067 2619 2104 ne
2670 2051 2843 2108 Judaei
2894 2063 3152 2124 putarent
3183 2056 3484 2125 Christum,
3530 2027 3621 2128 qui

373 2137 690 2207 θαυμάτων.
756 2135 1215 2189 Ἀποκεκύλισται
1252 2135 1310 2187 δὲ
1341 2135 1435 2189 καὶ
1473 2138 1501 2188 ὁ
1539 2135 1704 2202 λίθος,
1742 2135 1828 2188 ἵνα
1873 2137 1946 2206 μὴ

2050 2151 2453 2207 resurrexerat,
2486 2141 2667 2197 adhuc
2696 2143 2751 2197 in
2787 2146 3044 2212 sepulcro
3072 2147 3295 2216 jacere,
3338 2165 3526 2204 verum
3566 2162 3624 2205 ut

372 2229 668 2297 νομίσωσιν
694 2230 743 2282 οἱ
783 2228 1023 2282 Ἰουδαῖοι
1058 2229 1140 2282 ὅτι
1168 2230 1196 2281 ό
1223 2227 1458 2299 Χριστὸς
1491 2227 1569 2281 ἔτι
1597 2229 1654 2280 ἐν
1679 2227 1754 2297 τῷ
1790 2228 1947 2298 τάφῳ

2048 2245 2145 2298 per
2181 2240 2339 2285 terrae
2370 2243 2575 2288 motum
2612 2244 2666 2288 et
2697 2236 2960 2307 lapidem,
2996 2248 3109 2293 tum
3137 2242 3301 2295 etiam
3330 2243 3534 2297 sudarii
3570 2253 3624 2297 et

375 2322 712 2390 εὑρίσκεται,
738 2323 1070 2387 ἀναστάντος
1096 2322 1283 2374 αὐτοῦ’
1321 2322 1436 2375 ἀλλ’
1469 2322 1574 2375 ἀπό
1606 2338 1665 2374 τε
1697 2320 1788 2374 τοῦ
1840 2338 1949 2373 σει-

2049 2323 2303 2378 siudouis
2339 2326 2547 2381 indicio
2577 2343 2703 2382 cum
2734 2331 3076 2387 aromatihus
3103 2333 3233 2399 illic,
3272 2345 3332 2389 ut
3360 2336 3620 2401 diximus,

387 2413 515 2481 σμοῦ
568 2416 663 2467 καὶ
707 2414 800 2468 τοῦ
840 2415 1010 2482 λίθου,
1056 2414 1137 2468 ἔτι
1168 2431 1226 2467 τε
1278 2411 1372 2466 τοῦ
1415 2414 1697 2483 σουδαρίου
1728 2416 1819 2467 καὶ
1849 2416 1946 2485 τῆς

2043 2416 2280 2488 jacentis
2302 2417 2355 2472 in
2381 2421 2750 2490 cognitimiem
2776 2424 3153 2492 pervenirent,
3172 2434 3229 2479 et
3257 2429 3619 2481 recordaren-

388 2505 609 2567 σινδόνος
632 2505 769 2576 μετά
791 2507 896 2558 τῶν
920 2505 1229 2574 ἀρωμάτων
1253 2504 1430 2558 αὐτῶν
1454 2505 1725 2574 κειμένων
1751 2502 1944 2572 οὕτως,

2049 2519 2139 2564 tur
2169 2509 2461 2564 verborum
2492 2510 2696 2568 Christi
2726 2529 2740 2568 :
2771 2514 2980 2570 «Nemo
3009 2510 3412 2572 tollitanimam
3444 2534 3619 2574 meam

379 2597 450 2657 ὡς
495 2599 740 2666 εἴπομεν,
791 2597 1020 2650 ἔλθωσιν
1076 2598 1155 2659 εἰς
1190 2597 1464 2665 αἴσθησιν,
1515 2598 1610 2649 καὶ
1665 2596 1944 2666 μνησθῶσι

2050 2618 2078 2653 a
2113 2617 2221 2656 me.
2255 2602 2585 2657 Potestatem
2624 2605 2801 2659 habeo
2835 2608 3071 2673 ponendi
3108 2621 3257 2672 eam,
3290 2617 3347 2663 et
3375 2620 3622 2678 potesta—

375 2687 469 2740 τοῦ
506 2690 709 2758 Κυρίου
741 2690 1025 2762 εἰρηκότος
1056 2689 1136 2742 ὅτι
1175 2708 1192 2741 ι
1228 2689 1416 2752 Οὐδεὶς
1444 2686 1594 2760 αἴρει
1637 2690 1736 2759 τὴν
1768 2688 1945 2760 ψυχήν

2050 2702 2157 2746 tem
2189 2692 2368 2748 habeo
2396 2710 2590 2750 rursus
2631 2695 2884 2751 sumendi
2914 2712 3034 2752 eam
3059 2696 3159 2753 “.i
3200 2699 3400 2762 Verum
3446 2717 3624 2772 neque

378 2794 483 2845 μου
546 2779 643 2832 ἀπ’
699 2778 857 2850 ἐμοῦ.
917 2780 1197 2843 Ἐξουσίαν
1241 2780 1349 2850 ἔχω
1415 2779 1587 2833 θεῖναι
1629 2780 1821 2851 αὐτὴν,
1851 2782 1948 2834 xui

2048 2784 2128 2839 sic
2176 2784 2574 2841 intellexerunt
2617 2788 2827 2853 miseri,
2887 2788 2981 2843 sed
3036 2791 3300 2859 pecunias
3352 2792 3625 2848 dederunt

373 2869 623 2935 ἐξουσίαν
650 2869 758 2941 ἔχω
789 2870 951 2923 πάλιν
971 2870 1152 2923 λαὸεῖν
1177 2872 1344 2941 αὐτὴν
1374 2887 1420 2925 ι.
1455 2870 1596 2923 Ἀλλ’
1625 2871 1734 2923 οὐδ’
1771 2870 1947 2937 οὕτως

2048 2873 2342 2942 militibus,
2375 2876 2470 2947 qui
2500 2875 2709 2935 Christi
2744 2879 3207 2935 resurrectionem
3237 2881 3619 2938 obscurarent.

373 2961 614 3029 συνῆκαν
652 2962 701 3013 οἱ
724 2962 973 3028 τάλανες,
1004 2960 1119 3015 ἀλλ’
1137 2960 1338 3014 ἔδωκαν
1374 2959 1614 3032 ἀργύρια
1636 2962 1749 3025 τοῖς
1778 2976 1943 3032 στρα-

368 3052 615 3115 τιώταις,
644 3052 729 3103 ἵνα
752 3052 1000 3121 κρύψωσι
1023 3051 1120 3121 τὴν
1152 3042 1246 3104 τοῦ
1273 3051 1509 3123 Χριστοῦ
1555 3052 1871 3107 ἀνάστασιν.
2086 3100 2102 3116 ,

442 3140 547 3195 κε’.
589 3142 646 3195 '0
703 3143 886 3211 μέντοι
934 3144 1172 3214 Χριστὸς
1228 3146 1466 3207 ἀναστὰς
1513 3144 1608 3198 καὶ
1661 3143 1830 3198 ἐλθὼν
1867 3147 1946 3208 είς

2120 3138 2214 3194 25.
2267 3137 2524 3193 Christus
2557 3154 2726 3209 porro
2768 3155 2891 3194 cum
2933 3142 3349 3207 resurrexisset,
3393 3145 3622 3200 veniens

365 3236 501 3299 τοὺς
535 3240 885 3303 ἀποστόλους,
920 3237 1069 3306 λέγει
1104 3238 1306 3303 αὐτοῖς,
1350 3255 1367 3288 ι
1408 3238 1611 3309 Εἰρήνη
1645 3237 1792 3308 ὑμῖν.
1829 3255 1849 3289 ι
1880 3238 1980 3309 Oi,

2008 3231 2115 3302 ,ιλιι
2159 3231 2437 3300 apostolos
2490 3231 2650 3296 dixit,
2693 3232 2832 3287 «Pax
2879 3233 3056 3289 vobis.
3093 3251 3111 3284 ι
3146 3234 3247 3288 illi
3286 3247 3468 3291 autem
3518 3239 3623 3294 hoc

361 3328 426 3380 δὲ
456 3284 730 3399 {ximam
764 3284 960 3393 166;;5;
987 3284 1172 3386 αὐτόν.
1203 3284 1306 3394 Ei:
1319 3330 1375 3384 δὲ
1401 3284 1719 3398 εξζὸτίῖωᾏ
1743 3330 1942 3400 Θωμᾶς
1970 3296 1976 3336 ¹

2008 3325 2015 3347 ¹
2049 3325 2168 3378 viso
2196 3325 2368 3395 gavisi
2405 3336 2554 3380 sunt.
2608 3325 2764 3380 Unus
2815 3341 2947 3380 vero
2979 3327 3175 3382 horum
3215 3329 3454 3386 Thomas
3482 3330 3623 3388 forte

364 3420 561 3489 ἔτυχεν
611 3422 906 3492 ἀποδημῶν
938 3425 1004 3494 τῇ
1035 3422 1154 3494 ὥρᾳ
1175 3426 1370 3495 ταύτῃ.
1414 3423 1680 3484 Ἀκούσας
1725 3422 1782 3475 δὲ
1815 3424 1945 3494 περὶ

2047 3415 2138 3469 illa
2172 3416 2305 3470 liora
2343 3433 2449 3471 non
2477 3417 2670 3471 aderat
2704 3418 2835 3472 illis.
2902 3418 3040 3473 Cum
3087 3430 3270 3475 autem
3320 3422 3386 3476 dc
3416 3422 3620 3480 Christi

364 3514 721 3578 ἀναστάσεως
758 3515 852 3568 τοῦ
904 3515 1145 3586 Χριστοῦ
1181 3509 1358 3583 εἶπεν,
1397 3532 1415 3566 «
1478 3515 1604 3567 Ἐάν
1635 3515 1711 3585 μὴ
1755 3515 1849 3568 ἴδω
1886 3517 1943 3567 ὲν

2047 3505 2449 3559 resurrectioae
2500 3505 2822 3571 audivisset,
2851 3507 2989 3563 dixit
3019 3525 3035 3565 :
3075 3529 3093 3561 ι
3129 3509 3245 3564 Nisi
3276 3510 3394 3580 ipse
3434 3513 3625 3569 videro

283 3670 287 3675 τ
366 3607 492 3667 ταῖς
522 3610 707 3675 χερσὶν
740 3591 1030 3660 αὐτοῦ’τὸν
1052 3606 1359 3661 τόποντῶν
1397 3607 1564 3677 ἥλων,
1614 3607 1707 3660 xui
1738 3607 1833 3660 ἐὰν
1869 3624 1898 3676 μ

2049 3594 2102 3648 in
2136 3595 2391 3660 manibus
2424 3596 2573 3651 iilius
2601 3596 2753 3667 signa
2784 3597 3089 3667 clavorum,
3116 3611 3168 3655 et
3201 3600 3485 3658 immisero
3512 3620 3627 3659 ma-

362 3698 553 3769 βάὶλω
588 3700 686 3770 τὴν
719 3700 874 3771 χεῖρά
906 3717 1008 3771 μου
1038 3700 1117 3764 εἰς
1145 3699 1243 3770 τὴν
1281 3699 1524 3770 πλευρὰν
1556 3699 1744 3765 αὐτοῦ,
1777 3701 1836 3751 οὐ
1867 3699 1942 3769 μὴ

2047 3699 2176 3739 num
2214 3699 2388 3739 meam
2432 3687 2486 3740 in
2546 3688 2688 3741 latus
2716 3688 2861 3759 ejus,
2916 3704 3026 3744 non
3071 3690 3318 3759 credam.
3361 3711 3381 3746 ι
3422 3693 3624 3764 [lisque

366 3793 665 3847 πιστεύσω.
700 3810 717 3843 ι
760 3793 868 3845 Καὶ
899 3792 1228 3862 ψηλαφήσας
1266 3793 1294 3845 ὁ
1334 3792 1559 3862 Θωμᾶς,
1601 3785 1728 3862 εὗρε
1759 3793 1818 3844 τδ
1848 3792 1944 3863 ζη-

2048 3778 2408 3832 coutrectatis
2458 3778 2721 3845 Thomas,
2771 3780 2921 3847 quod
2961 3781 3244 3852 quaerebat
3291 3784 3521 3851 inVenit,
3570 3796 3625 3841 et

364 3886 651 3957 τούμενον,
683 3888 777 3940 xui
806 3888 946 3957 μέγα
975 3886 1290 3957 ἀνεϐόησεν,
1332 3906 1351 3943 t
1394 3883 1452 3941 '0
1471 3885 1671 3958 Κύριός
1700 3902 1824 3956 μου,
1850 3886 1944 3938 xui

2046 3867 2215 3922 altum
2246 3870 2595 3932 exclamavit,
2632 3870 2930 3927 «numinus
2959 3886 3134 3938 meus,
3162 3883 3219 3928 et
3240 3872 3385 3929 Deus
3410 3891 3615 3930 meus.»

367 3979 396 4029 ὁ
449 3976 577 4041 Θεός
629 3993 755 4046 μου.
796 3996 815 4028 ι
859 3977 994 4030 Οὐδὲ
1043 3979 1151 4046 γὰρ
1196 3976 1407 4042 ἁπλῶς,
1463 3979 1559 4030 καὶ
1603 3974 1685 4037 ὡς
1710 3975 1938 4045 ἔτυχενο

2044 3959 2234 4030 Neque
2283 3963 2430 4016 enim
2480 3963 2719 4033 simplici
2773 3963 3014 4034 quodam
3060 3976 3117 4020 et
3164 3965 3396 4022 fortuito
3432 3967 3619 4035 modo,

372 4066 490 4118 οὐδὲ
511 4066 861 4137 χαριζόμενοι
885 4069 935 4120 οἱ
959 4068 1248 4122 ἀπόστολοι
1278 4068 1463 4137 ἔλεγον
1493 4069 1587 4120 xui
1617 4067 1939 4136 ὡμολόγουν

2046 4060 2308 4121 tanquam
2347 4053 2711 4125 gratiﬁcaturi
2738 4054 3021 4110 Christum
3067 4056 3502 4127 apostoliDeum
3534 4061 3622 4115 di-

378 4152 464 4203 τὶν
485 4154 713 4223 Χριστὸν
735 4154 889 4222 Θεὸν,
914 4153 1048 4207 ἁλλά
1075 4154 1215 4223 μετὰ
1238 4156 1437 4226 πολλῆς
1460 4157 1734 4227 προσοχῆς
1760 4171 1820 4207 τε
1846 4155 1943 4207 καὶ

2045 4143 2246 4198 cebant
2269 4156 2325 4199 et
2355 4145 2779 4211 conﬁtebantur,
2809 4145 2907 4202 sed
2953 4162 3076 4202 cum
3098 4163 3290 4219 magna
3315 4152 3623 4207 reverentia

385 4243 633 4312 σκέψεως.
690 4246 799 4298 Kui
830 4246 856 4296 ό
892 4247 1125 4317 Χριστὸς
1158 4247 1305 4314 λέγει
1338 4250 1475 4317 πρὸς
1514 4246 1679 4298 αὐτὸν
1709 4285 1723 4310 ,
1766 4264 1784 4297 ι
1818 4246 1939 4299 "Ott

2052 4244 2108 4288 et
2146 4235 2356 4295 studio.
2395 4236 2652 4292 Christus
2686 4248 2867 4292 autem
2895 4238 3030 4293 dicit
3064 4238 3139 4293 illi
3178 4258 3193 4293 :
3237 4239 3406 4307 «Quia
3436 4241 3621 4297 vidiSti

375 4335 617 4406 ἑώρακάς
668 4356 734 4409 με
771 4339 1165 4401 πεπίστευκας,
1233 4340 1510 4408 Μακάριοι
1578 4338 1629 4391 οἱ
1686 4339 1760 4409 μὴ
1809 4339 1943 4391 ίδόν-

2047 4340 2154 4389 me,
2195 4327 2503 4381 credidisti.
2543 4327 2692 4381 Beati
2719 4328 2814 4396 qui
2844 4344 2951 4382 non
2980 4329 3234 4384 videntes
3265 4332 3608 4386 credunt‘m

367 4444 459 4490 τες
483 4428 1022 4493 καὶσιιστεύσαντες.
1064 4449 1084 4484 ι
1141 4432 1296 4485 Μετά
1341 4430 1471 4499 γοῦν
1500 4431 1599 4501 τὴν
1640 4431 1940 4485 ἀνάστασιν

2045 4416 2176 4471 Ροει
2201 4419 2665 4472 resurrectionem
2713 4419 2880 4489 igitur
2907 4420 3165 4476 Christus
3204 4437 3328 4476 cum
3359 4425 3621 4492 apostolis

366 4512 717 4589 καρτερήσας
742 4522 769 4573 ό
802 4516 1047 4588 Χριστὸς
1073 4522 1284 4593 ἡμέρας
1337 4521 1750 4590 τεσσαράκοντα
1802 4521 1942 4590 μετὰ

2046 4524 2421 4568 commoratus
2443 4523 2526 4569 est
2551 4514 2670 4568 dies
2689 4515 3050 4584 quadraginta
3073 4532 3088 4582 ;
3111 4525 3168 4570 et
3193 4531 3315 4570 cum
3338 4515 3621 4573 docuisset

365 4611 479 4665 τῶν
504 4612 839 4680 ἀποστόλων,
868 4615 962 4667 καὶ
992 4613 1208 4678 διδάξας
1259 4612 1475 4678 αὐτοὺς,
1507 4612 1710 4666 ἔδωκεν
1754 4614 1939 4676 αὐτοῖς
1971 4640 1980 4694 1

2005 4646 2014 4688 ,
2047 4623 2163 4671 eos,
2193 4607 2343 4661 dedit
2370 4608 2479 4663 illis
2502 4617 2826 4678 potestatem
2847 4617 3034 4665 contra
3052 4609 3351 4678 daemones,
3374 4621 3427 4666 et
3445 4612 3620 4666 virtu-

363 4703 616 4767 ἐξουσίαν
645 4706 784 4761 κατὰ
816 4705 921 4760 τῶν
953 4705 1248 4774 δαιμόνων,
1290 4705 1385 4760 καὶ
1422 4705 1653 4774 δύναμιν
1685 4706 1932 4776 ἐνεργεῖν

2048 4707 2153 4752 tem
2166 4698 2361 4753 edendi
2381 4700 2663 4758 miracula.
2677 4715 2796 4769 quae
2808 4700 2883 4756 Ch
2894 4700 3396 4767 ristusl‘aciebat,et
3409 4711 3467 4756 ut
3484 4717 3623 4771 qna:-

366 4794 645 4864 θαύματα,
678 4801 834 4851 ἀτινα
876 4799 1047 4851 ὲποίει
1076 4798 1103 4850 ό
1129 4797 1388 4868 Χριστὸς,
1434 4797 1530 4852 xui
1575 4799 1707 4860 ὅσας
1750 4800 1933 4868 ἀμαρ-

2044 4806 2258 4860 cunquc
2272 4792 2326 4844 in
2342 4801 2483 4845 terra
2498 4791 2837 4846 remitterent
2853 4802 3098 4860 peccata,
3113 4808 3175 4847 ea
3190 4793 3241 4846 in
3254 4793 3393 4848 ccelo
3405 4809 3622 4863 quoque

364 4889 486 4951 τίας
510 4888 765 4944 λύσόυσιν
785 4891 875 4942 ἐπὶ
897 4890 997 4961 γῆς
1018 4891 1140 4961 τῆς,
1168 4889 1253 4942 ἵνα
1286 4884 1387 4943 ὦσι
1415 4891 1508 4944 xui
1536 4892 1594 4944 ὲν
1620 4893 1697 4961 τῷ
1721 4889 1938 4961 οὐρανῷ

2046 4894 2234 4938 essent
2259 4886 2521 4953 remissa;
2549 4895 2603 4939 et
2622 4894 2681 4938 ut
2699 4900 3044 4954 quaecunque
3064 4887 3115 4941 in
3139 4897 3283 4940 terra
3301 4876 3552 4957 liga'retit,
3567 4886 3622 4940 in

366 4978 679 5050 λελυμέναι,
711 4983 802 5034 xui
824 4982 955 5045 ὅσας
984 4982 1242 5052 δήσουσιν
1279 4983 1371 5034 ἐπὶ
1411 4984 1509 5051 τῆς
1547 4980 1674 5051 γῆς,
1708 4980 1792 5035 ἴνα
1834 4977 1936 5034 ὦσι

2046 4974 2186 5029 caelo
2206 4974 2371 5029 etiam
2388 4987 2571 5030 essent
2592 4976 2772 5047 ligata.
2817 4979 2936 5033 Non
2962 4989 3144 5033 tamen
3176 4980 3406 5048 apostoli
3432 4978 3615 5046 modo,

366 5069 460 5120 xui
489 5072 546 5121 ὲν
576 5071 653 5138 τῷ
683 5070 896 5138 οὐρανῷ
936 5071 1238 5141 δεδεμέναι.
1267 5072 1359 5141 Μὴ
1399 5072 1560 5140 μόνον
1598 5072 1655 5123 δὲ
1702 5071 1751 5122 οἱ
1798 5069 1930 5122 ἀπό-

2046 5081 2237 5123 terum
2262 5084 2456 5124 omnes
2478 5069 2698 5124 Christo
2726 5072 3039 5136 credentes,
3072 5072 3164 5141 qui
3194 5072 3347 5141 juxta
3388 5071 3617 5127 verbum

368 5160 563 5226 στολοι,
585 5160 718 5214 ἀλλὰ
745 5165 835 5215 καὶ
866 5162 1065 5226 πάντες
1087 5162 1133 5215 οἱ
1161 5164 1238 5225 είς
1263 5162 1355 5214 τὸν
1385 5161 1621 5232 Χριστὸν
1641 5176 1937 5213 πεπιστευσ

2040 5170 2096 5214 et
2122 5160 2400 5232 Evangelii
2427 5160 2732 5217 doctrinam
2764 5164 2974 5229 vivunt,
2999 5165 3248 5219 eamdem
3287 5174 3619 5234 potestatein

366 5253 544 5318 κότες,
582 5256 675 5306 καὶ
703 5255 842 5307 κατά
873 5257 961 5308 τὸν
994 5255 1152 5323 λόγον
1185 5257 1279 5306 καὶ
1313 5253 1411 5325 τὴν
1460 5252 1811 5306 διδασκαλίαν
1835 5251 1929 5304 τοῦ

2039 5268 2093 5311 et
2116 5258 2377 5311 virtutem
2406 5272 2436 5310 a
2457 5255 2677 5311 Christo
2700 5267 3053 5326 aeceperunt,
3082 5272 3245 5327 quam
3277 5267 3334 5311 et
3363 5256 3621 5326 apostoli.

364 5346 698 5414 Εὐαγγελίου
771 5352 1272 5417 περιπατήσαντες,
1317 5348 1419 5413 τὴν
1470 5347 1643 5417 αὐτὴν
1674 5345 1928 5410 ἐξουσίαν

2039 5347 2344 5418 eademque
2387 5364 2509 5402 cum
2543 5351 2807 5419 apostolis
2841 5350 3014 5403 sancti
3046 5349 3315 5403 miracula
3351 5349 3622 5404 iecerunt.

360 5447 458 5497 xui
493 5447 724 5518 δύναμιν
760 5445 953 5500 ἔλαϐον
1018 5447 1126 5498 ἀπὸ
1170 5444 1264 5499 τοῦ
1337 5442 1601 5512 Χριστοῦ,
1649 5443 1841 5497 ὁποίαν
1893 5443 1990 5496 xui
2015 5447 2065 5496 oi.
2099 5444 2409 5511 ἀπόστολοι,
2444 5446 2537 5499 καὶ
2563 5445 2630 5500 τὰ
2663 5446 2804 5499 αὐτά
2834 5445 3090 5514 θαύματα
3126 5444 3346 5496 ἐποίουν
3376 5446 3424 5496 oi
3453 5442 3620 5510 ἅγιοι,

363 5536 509 5605 ἅπερ
535 5539 632 5592 xui
668 5541 717 5592 oi
742 5539 1077 5593 ἀπόστολοι.-

430 5637 546 5695 κς·’.
579 5629 658 5701 Τῇ
692 5631 747 5685 δὲ
779 5631 1188 5701 τεσσαρακοστῇ
1231 5628 1413 5699 ἡμέρᾳ
1452 5624 1695 5697 ἀπῆλθεν
1721 5627 1747 5678 ὁ
1798 5626 1931 5696 Χρι-

2110 5628 2203 5683 26.
2245 5629 2342 5684 Die
2373 5639 2556 5683 autem
2592 5629 3010 5699 quadragesima
3039 5628 3175 5682 abiit
3203 5625 3457 5681 Christus
3493 5635 3619 5677 cum

361 5723 487 5786 στὺς
535 5723 673 5793 μετὰ
717 5722 827 5776 τῶν
878 5721 1135 5794 μαθητῶν
1192 5720 1355 5776 αὐτοῦ
1403 5720 1483 5785 εἰς
1536 5717 1596 5771 τὸ
1645 5718 1767 5788 ὅρος
1825 5718 1933 5772 τῶν

2041 5722 2308 5793 apostolis
2355 5723 2409 5776 in
2451 5732 2694 5779 montem
2739 5722 3020 5777 Olivarum
3051 5718 3440 5788 Hierosolyma:
3487 5714 3621 5769 vici-

464 5904 509 5937 ¹³
549 5904 693 5962 Psal.
729 5919 850 5973 xxx,
886 5903 940 5960 ϐ.
980 5939 995 5953 .
1046 5899 1091 5935 ιδ
1127 5900 1286 5958 Joan.
1312 5916 1368 5969 χ,
1408 5901 1491 5958 l8.
1574 5888 1617 5935 ³³
1654 5902 1811 5958 Joan.
1841 5917 1932 5968 xx,
1959 5898 2147 5957 26-29.
