4090 6450
485 423 589 487 493

1428 421 1730 482 CONTRA
1771 418 2260 483 ΜΑΗΟΜΕΤΕΜ
2301 423 2681 513 APOLOGIA
2723 425 2807 484 Π.

3633 424 3744 493 ωδ

481 545 689 608 πεσεῖν,
731 542 874 598 διατί
911 543 999 597 ἵνα
1028 540 1233 613 ποιήσῃ
1264 540 1466 608 αὐτόν;
1510 541 1624 595 Καὶ
1676 539 1811 612 μεθὸ
1835 556 2046 612 τραχη-

2163 573 2362 630 catum,
2401 564 2495 635 qui
2528 566 2824 634 peccantes
2852 561 3126 633 privantu:
3167 561 3339 633 gloria
3376 560 3471 617 Dei
3506 570 3564 616 et
3584 577 3743 632 para-

475 637 850 701 λιάσας.κατά
901 634 995 688 τοῦ
1049 633 1209 701 Θεοῦ,
1253 634 1375 688 ἀντὶ
1432 632 1669 702 ἀγγέλου
1723 634 1822 687 καὶ
1866 633 2054 701 τρωτὸς

477 729 696 798 ἐγένετο
754 728 943 791 σκότος
999 728 1094 779 καὶ
1126 726 1398 789 διάϐολος.
1452 725 1578 789 Πῶς
1611 725 1765 779 οὐδὲν
1799 725 2054 796 ἔφθειρεν

477 826 546 879 αὑ
559 821 641 876 τὸν
673 822 701 875 6
732 821 888 885 Θεὸς,
919 820 1034 874 ἀλλ’
1060 821 1243 873 εἴασεν
1276 819 1464 882 αὑτὸν,
1511 819 1609 872 καὶ
1639 820 1930 888 ἀπατήσας
1960 818 2054 872 τὸν

491 914 687 983 Ἀδὰμ,
724 912 1005 985 ἀπέστησε
1053 912 1149 965 καὶ
1179 910 1343 965 αὐτὸν
1375 909 1597 982 μακράν
1629 927 1731 963 που
1767 909 1861 964 τοῦ
1892 909 2051 975 Θεοῦ,

478 1007 577 1061 καὶ
601 1006 683 1060 ἔτι
710 1004 1004 1076 παρακινεῖ
1027 994 1240 1066 ’πάντας
1270 1001 1598 1072 ἀνθρώπους
1638 1003 1720 1065 εἰς
1760 1000 1821 1055 τὸ
1869 1002 2052 1072 ἀμαρι-

477 1100 681 1160 τάνειν,
711 1097 807 1150 καὶ
832 1095 1243 1166 ἁμαρτάνοντες
1279 1096 1600 1163 στεροῦνται
1633 1094 1731 1165 τῆς
1774 1093 1931 1161 δόξης
1957 1094 2053 1147 τοῦ

478 1189 640 1257 Θεοῦ,
678 1190 772 1243 καὶ
795 1187 892 1242 τοῦ
928 1186 1302 1257 παραδείσου;
1345 1187 1455 1240 Καὶ
1486 1173 1621 1241 ἄλλα
1662 1187 1834 1257 μυρία
1874 1186 2053 1241 ἄτοπα

478 1286 572 1339 καὶ
606 1282 754 1338 κακὰ
788 1283 1072 1351 μέλλουσιν
1103 1279 1429 1348 ἀνακύψειν,
1459 1280 1577 1343 ἑνὸς
1614 1279 1819 1333 ἀτόπου
1869 1277 2053 1332 δοθέν-

475 1391 590 1440 τος.
643 1376 745 1427 Διά
787 1373 945 1427 τοῦτό
980 1375 1097 1427 ἔστι
1134 1373 1367 1437 δίκαιον,
1405 1372 1494 1426 ἵνα
1530 1372 1711 1426 πίστει
1763 1371 2052 1443 δεχώμθα

474 1467 546 1523 τὰ
576 1468 728 1540 παρά
760 1466 855 1521 τοῦ
902 1464 1038 1520 Θεοῦ
1072 1448 1465 1535 πεπραγμένα,
1519 1466 1613 1518 καὶ
1656 1465 1756 1518 οὐκ
1802 1466 2052 1531 ἐξετάσει

476 1563 571 1616 καὶ
601 1557 1105 1632 πολυπραγμοσύνῃ
1137 1558 1374 1627 διδῶμεν
1406 1555 1571 1610 αὐτά.
1605 1557 1750 1610 Ἀλλ’
1789 1557 1939 1627 ὅμως
1966 1557 2055 1611 διὰ

476 1661 539 1716 τὸ
561 1655 696 1712 πολύ
724 1673 821 1711 σου
856 1655 1149 1726 περίεργον
1195 1654 1443 1723 εἴπωμεν
1472 1652 1734 1722 λογισμόν
1769 1669 1893 1706 τινα
1925 1654 2055 1721 περὶ

475 1751 704 1806 τούτου·
735 1749 833 1804 καὶ
870 1752 921 1802 εί
950 1749 1138 1819 ἔχεται
1167 1748 1267 1816 τῆς
1307 1746 1591 1816 ἀληθείας,
1627 1745 1755 1811 δόξα
1796 1738 1876 1815 τῷ
1912 1743 2055 1813 ἀγίῳ

475 1843 629 1913 θεῷ·
662 1842 712 1894 εἰ
759 1841 806 1893 δ’
855 1835 972 1905 οῦν,
1003 1837 1307 1908 ἀπέμεινεν
1355 1836 1433 1898 εἰς
1480 1837 1690 1889 ἐκεῖνον
1734 1833 1825 1888 τὸν
1889 1835 2053 1902 μόνον

476 1937 815 2005 γινώσκοντα
844 1937 944 2003 τὴν
970 1933 1155 1986 πᾶσαν
1189 1929 1471 1999 ἀλήθειαν.
1504 1927 1712 1996 Γράφει
1734 1927 1763 1979 6
1788 1925 2056 1994 Μωῦσῆς,

483 2032 681 2103 μᾶλλον
706 2028 766 2082 δὲ
792 2028 941 2096 λέγει
963 2026 992 2077 6
1013 2026 1146 2089 θεὸς
1175 2024 1264 2078 διά
1290 2020 1385 2076 τοῦ
1407 2021 1694 2084 Μοῦσέως,
1719 2019 1800 2072 ὅτι
1833 2036 1852 2071 ι
1889 2020 2054 2086 Ἀγα·

479 2124 679 2193 πήσεις
712 2120 916 2190 Κύριον
942 2117 1034 2170 τὸν
1062 2116 1197 2169 Θεόν
1223 2131 1319 2169 σου
1347 2115 1407 2179 ἐξ
1435 2114 1564 2182 ὅλης
1592 2111 1694 2182 τῆς
1724 2110 1904 2181 ψυχῆς
1936 2126 2054 2175 σου,

479 2211 573 2263 καὶ
597 2211 654 2276 ἐξ
680 2207 809 2277 ὅλης
834 2206 933 2277 τῆς
959 2205 1202 2268 διανοίας
1226 2220 1345 2271 σου,
1375 2203 1470 2256 καὶ
1498 2202 1556 2269 ἐξ
1591 2201 1720 2273 ὅλης
1744 2203 1843 2270 τῆς
1874 2198 2058 2269 ἰσχύος

483 2319 597 2356 σου.
629 2320 647 2355 ι
689 2302 854 2370 Λέγει
879 2301 907 2352 ὁ
937 2299 1174 2368 Χριστὸς
1200 2299 1257 2349 ὲν
1287 2296 1363 2367 τῷ
1397 2293 1737 2364 Εὐαγγελίῳ,
1775 2311 1794 2344 ι
1838 2291 1897 2345 '0
1922 2293 2060 2359 ἀγα-

487 2395 599 2449 πῶν
634 2411 703 2464 με
744 2391 1169 2462 ἀγαπηθήσεται
1203 2388 1309 2443 ὑπὸ
1333 2387 1428 2441 τοῦ
1463 2386 1677 2456 Πατρός
1700 2402 1858 2455 μου.»
1895 2386 2059 2454 Λέγει

500 2487 743 2550 Ἡσαΐας,
775 2506 793 2539 ι
821 2484 959 2539 Τάδε
992 2483 1142 2553 λέγει
1173 2483 1375 2551 Κύριος
1400 2521 1414 2535 .
1473 2480 1565 2550 Μὴ
1613 2477 1751 2548 γυνὴ
1799 2478 2057 2548 ἐπιλήσε-

493 2596 579 2633 ται
597 2581 662 2632 τὲ
690 2578 889 2646 ἔκγονα
911 2576 1079 2646 αὐτῆς
1105 2591 1120 2608 ο
1148 2576 1196 2627 εἰ
1219 2573 1275 2625 δὲ
1298 2573 1389 2626 καὶ
1420 2571 1558 2640 γυνὴ
1580 2571 1922 2640 ἐπιλήσεται,
1948 2568 2062 2636 ἐγὼ

487 2673 584 2726 οὐκ
612 2672 959 2742 ἐπιλήσομαι,
997 2668 1146 2734 λέγει
1191 2664 1447 2735 Κύριος.»
1488 2663 1596 2716 Καὶ
1627 2660 1798 2724 οὕτως
1834 2662 1984 2714 ἐστὶν
2022 2662 2057 2730 ἡ

487 2763 732 2837 ἀλήθεια.
780 2761 955 2830 Ὑπὲρ
1010 2758 1222 2829 μητέρα
1261 2758 1353 2809 καὶ
1393 2755 1607 2825 πατέρα
1648 2750 2060 2824 μυριοπλασίως

486 2857 677 2927 ἀγαπᾷ
706 2857 734 2908 6
757 2854 887 2916 Θεὸς
915 2853 1008 2905 τὸν
1025 2849 1331 2919 ἄνθρωπον,
1355 2846 1752 2917 καὶρὲπέκεινα.
1773 2844 1873 2897 Διά
1904 2844 2063 2896 τοῦτο

483 2947 689 3017 ὀφείλει
704 2947 810 3009 πᾶς
824 2944 1107 3014 ἄνθρωπος
1124 2942 1265 3010 ὑπὲρ
1289 2938 1522 3006 πατέρα,
1545 2937 1755 3007 μητέρα
1768 2974 1784 2999 ,
1801 2939 2057 3004 γυναῖκα,

487 3037 676 3100 τέκνα,
705 3034 991 3104 ἀδελφοὺς,
1025 3032 1163 3087 ἀλλά
1196 3033 1293 3085 καὶ
1336 3030 1509 3100 αὐτὴν
1552 3027 1649 3111 τὴν
1672 3027 1876 3098 ψυχὴν,
1918 3028 2058 3093 ἀγα-

2157 650 2319 708 diso?
2345 652 2451 708 Sed
2488 662 2546 709 et
2580 653 2682 706 alia
2722 652 2958 720 plurima
2996 650 3233 704 absurda
3269 651 3519 720 malaque
3558 664 3739 703 emer-

2156 759 2283 798 sura
2313 754 2463 806 sunt,
2505 745 2746 798 si’unum
2766 741 2994 813 aliquod
3034 741 3336 797 absurdum
3378 739 3735 797 concedatur.

2156 842 2323 893 Decet
2374 839 2537 908 igitur
2580 847 2640 892 ut
2685 853 2784 909 per
2824 837 2986 892 ﬁdem
3030 836 3399 907 suscipiamus
3442 850 3505 891 ea
3539 850 3661 904 qua:
3701 850 3733 888 a

2159 930 2268 989 Deo
2347 930 2490 987 facta
2552 940 2720 998 sunt,
2781 945 2885 985 nec
2965 945 3031 985 ea
3104 926 3450 998 inquisitioni
3519 935 3576 982 et
3636 941 3735 981 cu-

2157 1020 2387 1079 riositati
2436 1032 2641 1080 nostrae
2669 1021 3076 1093 permittamus.
3110 1021 3342 1091 Propter
3386 1018 3610 1073 nimiam
3645 1029 3735 1072 ta-

2157 1127 2280 1167 men
2338 1111 2718 1168 curiositatem
2753 1119 2924 1178 tuam,
2958 1111 3230 1165 rationem
3280 1109 3517 1180 aliquam
3566 1107 3735 1178 huius

2155 1203 2481 1270 all‘eremus;
2513 1218 2636 1274 quae
2665 1203 2713 1258 si
2744 1200 2964 1257 veritati
2993 1202 3163 1256 fuerit
3197 1209 3592 1264 consentanea,
3621 1199 3736 1270 glo-

2157 1294 2236 1349 ria
2266 1295 2338 1350 sit
2378 1303 2436 1349 et
2476 1295 2595 1350 laus
2638 1294 2751 1349 Deo
2791 1294 3182 1359 sanctissimo;
3231 1293 3285 1348 in
3331 1291 3485 1347 hunc
3524 1291 3730 1362 quippe

2155 1385 2332 1440 solum
2366 1383 2675 1446 referenda,
2711 1383 2808 1455 qui
2863 1383 3149 1439 veritatem
3178 1398 3399 1439 omnem
3453 1383 3733 1453 cognovit.

2156 1474 2338 1530 Moses
2363 1474 2578 1537 scribit,
2609 1474 2744 1545 quin
2777 1473 2962 1543 potius
3010 1473 3156 1530 Deus
3190 1488 3286 1543 per
3314 1473 3517 1530 Mnsem
3551 1472 3738 1542 loqui.

2157 1574 2247 1620 tur
2281 1583 2295 1620 :
2343 1585 2359 1616 ι
2398 1566 2598 1638 Diliges
2619 1566 2909 1623 Dominum
2937 1566 3107 1621 Deum
3136 1574 3291 1621 tuum
3316 1580 3383 1623 ex
3416 1572 3525 1619 tota
3553 1563 3736 1622 anima

2157 1671 2275 1727 tua,
2311 1671 2368 1716 et
2423 1676 2487 1716 ex
2521 1671 2631 1717 tota
2669 1663 3000 1732 cogitatione
3030 1674 3144 1728 tua,
3185 1672 3242 1717 et
3265 1678 3330 1721 ex
3365 1660 3495 1718 totis
3525 1661 3739 1716 viribus

2160 1751 2268 1806 tuis
2295 1753 2360 1808 ²².
2401 1771 2420 1803 ι
2460 1752 2565 1808 Sed
2597 1764 2654 1808 et
2673 1752 2931 1809 Christus
2983 1753 3040 1808 in
3072 1753 3367 1824 Evangelio
3393 1752 3528 1809 dicit
3552 1770 3599 1806 ιι
3633 1753 3738 1819 Qui

2160 1839 2343 1913 diligit
2368 1861 2475 1904 me.
2513 1844 2774 1915 diligetur
2799 1843 3009 1900 aPatre
3050 1859 3171 1899 meo
3205 1843 3273 1899 ³³.
3316 1862 3337 1896 ι
3377 1842 3509 1898 Item
3535 1843 3737 1898 Isaias:

2166 1952 2184 1985 ι
2226 1933 2353 1991 Haec
2394 1936 2534 1991 dicit
2577 1936 2878 1992 Dominus:
2932 1936 3076 1991 Num
3117 1935 3484 1991 obliviscetur
3542 1934 3742 1990 mulier

2160 2025 2459 2081 liberorum
2494 2029 2765 2101 suorum?
2792 2029 3180 2086 Verumtamen
3203 2037 3261 2082 et
3302 2027 3348 2087 si
3372 2029 3738 2085 obliviscatur

2160 2118 2383 2185 mulier,
2429 2134 2531 2188 ego
2578 2129 2758 2176 tamen
2810 2135 2918 2175 non
2980 2119 3300 2187 obliviscar,
3359 2119 3493 2175 dicit
3555 2118 3745 2174 Domi-

2161 2225 2267 2262 nus
2299 2209 2368 2263 “.
2413 2231 2432 2262 ι
2471 2209 2537 2263 Et
2588 2226 2781 2265 revera
2812 2212 3036 2281 quidem
3091 2210 3318 2267 evenire
3363 2211 3639 2273 videmus,
3685 2223 3745 2266 ut

2162 2298 2259 2356 Dei
2291 2317 2469 2367 amor,
2497 2318 2608 2372 quo
2636 2303 2893 2359 homines
2919 2305 3296 2375 prosequitur,
3339 2304 3529 2360 multis
3565 2303 3745 2357 modis

2165 2403 2454 2462 parentum
2516 2398 2567 2448 in
2644 2395 2848 2450 liberos
2901 2411 3145 2451 amorem
3203 2378 3521 2468 exsuperet:
3574 2395 3747 2451 Debet
3838 2437 3841 2439 .

2163 2484 2335 2555 igitur
2383 2487 2564 2540 omnis
2608 2486 2773 2541 homo
2816 2488 2939 2559 plus
2991 2503 3154 2558 quam
3201 2498 3455 2550 matrem,
3507 2498 3745 2558 patrem,

2166 2591 2415 2642 uxorem,
2465 2575 2694 2642 liberos,
2743 2578 2961 2643 fratres,
3017 2579 3130 2634 imo
3198 2580 3319 2650 plus
3370 2595 3533 2650 quam
3590 2596 3744 2636 suam
3828 2643 3831 2646 ⁴

2163 2669 2340 2739 ipsius
2377 2670 2639 2737 animam,
2661 2672 2832 2726 Deum
2871 2672 3125 2743 diligere.
3160 2673 3353 2729 Omnis
3383 2672 3532 2728 enim
3564 2672 3748 2728 homi-

2169 2761 2255 2821 nis
2307 2762 2506 2823 virtus,
2542 2763 2833 2833 omnisque
2879 2763 3025 2819 actio
3068 2764 3176 2820 huc
3233 2765 3428 2828 tendit,
3489 2764 3747 2837 hancque

2171 2852 2332 2908 tinem
2363 2854 2470 2908 sibi
2502 2854 2663 2909 habet
2710 2854 3074 2924 propositum,
3115 2865 3174 2910 ut
3231 2857 3401 2912 Deum
3432 2856 3657 2929 diligat;
3690 2870 3749 2912 et

2167 2953 2592 3014 quantocunque
2630 2945 2781 2998 iilum
2820 2960 3007 3000 amore
3033 2956 3358 3015 prosccutus
3378 2946 3564 3012 fuerit,
3590 2954 3745 3001 tanto

2167 3036 2224 3083 et
2255 3028 2485 3085 infinitis
2508 3030 2686 3085 modis
2718 3032 2926 3099 maiore
2968 3032 3227 3104 diligi-tur
3262 3051 3292 3089 a
3324 3036 3603 3091 Domino.r

488 3134 599 3203 πᾷν
639 3130 730 3185 τὸν
761 3132 916 3186 Θεόν.
943 3129 1101 3184 Πᾶσα
1150 3125 1260 3197 γὰρ
1299 3124 1468 3196 ἀρετὴ
1517 3122 1613 3176 τοῦ
1647 3121 1958 3193 ἀνθρώπου,
1992 3121 2087 3174 καὶ
2120 3122 2274 3177 πᾶσα
2335 3126 2534 3193 πρᾶξις
2576 3128 2657 3188 εἰς
2694 3128 2828 3178 αὐτὸ
2877 3126 3037 3180 τοῦτο
3065 3128 3402 3195 ἀποϐλέπει,
3447 3131 3543 3186 καὶ
3588 3131 3747 3189 τοῦτο

491 3229 607 3299 ἔχει
651 3228 713 3281 τὸ
762 3227 953 3291 τέλος,
1005 3226 1093 3280 ἵνα
1163 3222 1426 3294 ἀγαπήσῃ
1475 3221 1569 3277 τὸν
1630 3220 1785 3287 Θεὸν,
1835 3220 1930 3273 κού⁸
1991 3219 2118 3272 ὅσον
2171 3222 2452 3292 ἀγαπήσει
2489 3221 2674 3288 αὑτὸν,
2720 3221 2862 3293 ὑπὲρ
2904 3224 2964 3277 τὸ
3011 3225 3410 3294 μυριοπλάσιον
3459 3226 3747 3297 ἀγαπᾶται

494 3325 600 3379 ὑπὸ
629 3323 721 3380 τοῦ
751 3323 908 3378 Θεοῦ.

563 3523 675 3586 κζ’)
710 3518 844 3573 Ἀπὸ
871 3518 1027 3571 ποίου
1067 3516 1198 3587 γοῦν
1228 3515 1433 3586 τρόπου
1460 3513 1554 3566 καὶ
1582 3512 1692 3568 ἀπὸ
1731 3511 1888 3572 ποίας
1922 3511 2061 3581 πρά-

493 3612 627 3678 ξεως
669 3612 894 3667 δύναται
937 3611 1116 3665 ἐλθεῖν
1159 3609 1452 3680 ἄνθρωπος
1499 3607 1581 3670 είς
1631 3603 1925 3675 αἴσθησιν,
1974 3602 2062 3655 ἵνα

492 3706 755 3778 ἀγαπήσῃ
781 3706 872 3758 τὸν
905 3704 1061 3770 Θεὸν,
1092 3702 1210 3755 ἀλλ’
1238 3701 1271 3772 ἢ
1304 3700 1415 3754 ἀπὸ
1445 3698 1541 3753 τοῦ
1573 3696 1946 3765 ἐνθυμηθῆναι
1967 3695 2063 3747 καὶ

488 3784 914 3865 ἀναλογίσασθαι
941 3796 1083 3848 κατά
1116 3792 1243 3846 νοῦν
1272 3793 1356 3846 ὅτι
1387 3789 1456 3845 δι’
1482 3789 1582 3860 ἐμὲ
1615 3787 1705 3841 τὸν
1738 3785 2062 3857 ἁμαρτωλὸν

488 3893 579 3942 τὸν
609 3888 937 3958 παραϐάντα
962 3887 1053 3940 τὸν
1083 3885 1181 3940 τοῦ
1211 3883 1348 3938 θεοῦ
1377 3883 1541 3953 νόμον
1574 3883 1668 3935 καὶ
1690 3880 1788 3951 τὴν
1816 3878 2060 3948 ἐντολὴν,

490 3983 671 4036 ὅντινα
704 3980 987 4050 ἠπάτησεν
1016 3979 1044 4031 6
1078 3977 1350 4041 διάϐολος,
1384 3976 1479 4031 καὶ
1519 3975 1813 4027 ἀπέκτεινε
1852 3969 2064 4041 μακρό-

495 4089 588 4133 νας
619 4071 726 4124 ἀπὸ
771 4069 867 4123 τοῦ
901 4067 1072 4133 Θεοῦ;
1118 4065 1412 4135 Ἐφόρεσεν
1442 4065 1470 4117 6
1503 4063 1635 4126 Θεὸς
1660 4062 1758 4132 τὴν
1788 4062 2063 4129 ἡμετέραν

501 4166 695 4235 σάρκα,
731 4162 827 4215 καὶ
854 4162 1082 4229 γέγονεν
1105 4160 1414 4229 ἄνθρωπος,
1452 4158 1547 4209 καὶ
1580 4155 1819 4210 ἀπέθανε
1850 4152 1918 4204 δι’
1939 4149 2062 4218 ἐμὲ,

505 4257 641 4311 γαὶὸ
686 4254 902 4308 ἐκείνου
941 4253 1172 4315 Θάνατος
1227 4251 1453 4320 γέγονεν
1489 4246 1738 4317 ἡμετέρα
1787 4244 1927 4315 ζωὴ.
1971 4243 2064 4296 καὶ

501 4347 768 4418 ἠέκείνου
810 4345 1108 4407 ἀνάστασις
1156 4341 1358 4396 ἔδωκεν
1415 4342 1539 4410 ἐμοὶ
1570 4338 1664 4392 τὸν
1710 4336 2062 4408 παράδεισον,

495 4441 588 4494 καὶ
622 4440 722 4508 τὴν
753 4440 820 4510 ἣν
852 4435 1108 4491 ἀπώλεσα
1156 4430 1460 4505 βασιλείαν,
1512 4431 1609 4483 καὶ
1648 4430 1875 4498 ἄρχεται
1910 4424 2064 4478 ὲνθυ-

495 4527 717 4601 μεῖσθαι
744 4528 846 4599 τὴν
881 4526 1108 4597 ἄπειρον
1142 4524 1239 4579 τοῦ
1268 4521 1405 4575 Θεοῦ
1435 4518 1853 4590 φιλανθρωπίαν
1880 4533 1940 4570 τε
1966 4515 2061 4569 καὶ

493 4621 739 4691 ἀγάπην.
803 4619 914 4673 Καὶ
941 4615 1349 4688 ἐνθυμούμενος
1404 4613 1626 4687 ἔρχεται
1678 4610 1758 4673 είς
1811 4607 1913 4681 τὴν
1964 4604 2062 4660 τοῦ

492 4713 630 4767 Θεοῦ
659 4698 906 4781 ἀγάπην,
945 4709 1041 4764 καὶ
1094 4706 1292 4780 πληροῖ
1338 4707 1438 4769 τάς
1486 4700 1849 4761 ὲντολάς,τοῦ
1900 4699 2060 4765 Θεοῦ,

492 4807 587 4860 καὶ
616 4806 741 4868 τοὺς
774 4804 963 4873 λόγους
1008 4802 1103 4856 τοῦ
1137 4799 1501 4870 Εὐαγγελίου.
1533 4786 1765 4867 Πληρῶν
1796 4794 1853 4849 δὲ
1885 4793 2063 4847 ταῦτα

490 4902 521 4955 6
569 4899 890 4973 ἄνθρωπος,
939 4899 1229 4966 ἀγαπᾶται
1281 4893 1443 4957 αὐτὸς
1483 4891 1588 4947 ὑπὸ
1634 4888 1731 4944 τοῦ
1786 4887 1947 4953 Θεοῦ,
1985 4884 2061 4949 ὡς

493 4989 786 5061 πληρωτὴς
824 4985 933 5044 τῶν
969 4987 1135 5043 αὐτοῦ
1167 4985 1423 5040 ἐντολῶν.
1460 4983 1572 5038 Καὶ
1603 4984 1726 5035 τότε
1759 4977 2063 5049 πληροῦται

491 5083 520 5133 6
551 5080 638 5134 διὰ
665 5080 759 5134 τοῦ
798 5079 1075 5155 Μωῦσέῳς
1103 5077 1208 5131 ὑπὸ
1234 5075 1329 5130 τοῦ
1363 5076 1499 5129 Θεοῦ
1528 5076 1706 5143 λόγος,
1736 5073 1817 5139 τ’),
1852 5092 1870 5123 ι
1896 5071 2063 5139 Ἀγα-

495 5174 692 5243 πήσεις
716 5172 918 5242 Κύριον
939 5171 1030 5225 τὸν
1062 5171 1197 5224 Θεόν
1231 5187 1326 5223 σου
1360 5168 1422 5234 ἐξ
1450 5168 1579 5237 ὅλης
1608 5168 1709 5237 τῆς
1738 5163 1917 5234 ψυχῆς
1947 5176 2063 5225 σου,

494 5266 593 5317 καὶ
644 5264 705 5330 ἐξ
761 5263 891 5335 ὅλης
939 5265 1037 5334 τῆς
1090 5263 1330 5326 διανοίας
1366 5279 1485 5327 σου,
1534 5261 1630 5312 καὶ
1683 5257 1744 5321 ἐξ
1788 5256 1916 5325 ὅλης
1970 5254 2069 5323 τῆς

496 5354 680 5427 ἰσχύος
705 5371 822 5411 σου.
849 5375 868 5409 ι
906 5354 1215 5426 Πληροῦται
1251 5354 1306 5407 δὲ
1328 5355 1422 5407 καὶ
1454 5355 1484 5406 6
1516 5349 1608 5403 τοῦ
1632 5344 1872 5419 Χριστοῦ
1904 5344 2064 5412 λόγος

493 5446 524 5498 ὁ
555 5446 751 5513 λέγων,
786 5448 869 5500 ὅτι
923 5465 944 5498 ι
991 5446 1052 5500 ὐ
1082 5443 1319 5514 ἀγαπῶν
1377 5461 1446 5514 με
1499 5439 1927 5511 ἀγαπηθήσεται
1958 5434 2065 5488 ὑπὸ

495 5537 590 5590 τοῦ
641 5540 851 5609 Πατρός
905 5557 1036 5611 μουο
1069 5557 1088 5591 ι
1140 5539 1235 5592 καὶ
1285 5540 1313 5591 6
1369 5537 1735 5606 ἀγαπώμενος
1766 5530 1921 5601 ποιρά
1967 5525 2061 5583 τοῦ

498 5629 712 5702 Ματρὸς
746 5634 838 5685 καὶ
863 5632 1016 5702 παρὰ
1046 5631 1140 5684 τοῦ
1174 5629 1304 5683 Υίοῦ
1340 5630 1643 5697 ἀγαπᾶται.
1676 5621 1771 5689 Εἷς
1805 5623 1913 5691 γάρ
1946 5623 2064 5673 ἐστι

570 5860 617 5891 ¹¹
651 5861 809 5916 Deut.
844 5878 913 5930 vi,
968 5863 1022 5917 5.
1122 5863 1167 5893 ³³
1207 5861 1364 5916 Joan.
1407 5878 1518 5925 inv,
1562 5861 1652 5919 21.

2233 3491 2325 3547 27.
2356 3491 2474 3560 Qua
2526 3477 2718 3565 igitur~
2738 3495 2950 3550 ratione
2966 3479 3132 3563 τοηο
3160 3497 3396 3569 denique
3424 3498 3570 3557 facto
3595 3517 3745 3559 com-

2165 3596 2351 3641 motus
2391 3586 2578 3649 homo,
2620 3603 2688 3643 eo
2721 3588 3033 3645 intellectus
3087 3594 3379 3662 pervenire
3426 3596 3628 3665 poterit
3684 3603 3748 3654 ut

2164 3677 2336 3763 Deum
2366 3678 2596 3749 diligat?
2633 3680 2688 3736 Si
2716 3682 2974 3737 nimirum
3001 3682 3117 3740 haec
3141 3686 3459 3756 meditetur,
3484 3699 3541 3745 et
3562 3691 3745 3750 animo

2164 3786 2266 3827 suo
2295 3780 2543 3843 reputet:
2570 3773 2649 3828 En
2683 3784 2909 3847 propter
2932 3792 3019 3832 me
3040 3789 3406 3849 peccatorem,
3440 3789 3746 3850 transgres-

2162 3878 2349 3918 Snrem
2398 3864 2599 3921 divina:
2646 3865 2778 3936 legis
2816 3877 2870 3921 et
2914 3870 3193 3938 praecepti,
3226 3886 3392 3940 quem
3447 3873 3744 3946 deceperat

2165 3956 2438 4020 diabolus,
2474 3957 2746 4028 longeque
2775 3974 2806 4013 a
2841 3959 2950 4014 Deo
2971 3961 3270 4017 abductum
3300 3965 3603 4030 occiderat,
3638 3984 3741 4022 uo-

2165 4057 2333 4102 stram
2368 4062 2591 4102 carnem
2640 4049 2878 4119 gestavit
2928 4050 3093 4116 Deus,
3122 4052 3288 4107 homo
3338 4053 3517 4111 factus
3549 4065 3653 4124 est,
3685 4068 3745 4115 et

2170 4151 2399 4207 propter
2429 4153 2516 4193 me
2560 4155 2663 4192 moi
2683 4152 2791 4194 tem
2840 4141 3037 4205 subiit,
3061 4145 3292 4215 ejusque
3328 4161 3478 4202 mors
3500 4148 3612 4203 vita
3645 4166 3748 4205 no-

2165 4237 2275 4283 stra
2301 4228 2445 4283 facta
2476 4238 2581 4295 est,
2623 4231 2852 4301 ejusque
2887 4234 3221 4289 resurrectio
3253 4234 3385 4289 milil
3423 4238 3743 4306 paradisum

2165 4336 2527 4392 regnumque,
2550 4323 2695 4391 quod
2728 4324 3043 4391 amiseram,
3081 4328 3336 4383 reddidlt.
3362 4326 3518 4396 Quod
3552 4331 3598 4388 si
3639 4332 3747 4389 hoc

2166 4414 2329 4467 modo
2354 4415 2706 4469 censiderare
2739 4417 2968 4485 emperit
3005 4416 3171 4473 homo
3204 4418 3531 4477 immensum
3560 4421 3655 4479 Dei
3687 4425 3744 4480 in

2167 4507 2469 4562 humanum
2529 4523 2704 4578 genus
2762 4523 3006 4565 amorem
3060 4522 3118 4566 et
3175 4499 3527 4580 charitatem,
3578 4515 3746 4587 hujus

2167 4602 2614 4658 consideratione
2647 4603 2702 4659 in
2735 4618 2980 4659 amorem
3008 4604 3107 4660 Dei
3140 4606 3402 4671 devenit,
3440 4608 3745 4680 impletque

2169 4690 2266 4748 Dei
2295 4702 2589 4765 praecepta.
2628 4704 2686 4751 et
2720 4695 2886 4751 verba
2925 4696 3249 4768 Evangelii;
3289 4699 3491 4767 quibus
3516 4700 3584 4754 ab
3620 4702 3739 4772 ipso

2168 4786 2458 4855 completis
2483 4786 2647 4839 etiam
2679 4787 2796 4855 ipse
2834 4802 2863 4840 a
2896 4786 3008 4842 Deo
3041 4789 3382 4854 redamatttr,
3417 4805 3519 4847 ceu
3548 4792 3743 4847 obser-

2166 4883 2328 4931 vator
2393 4876 2778 4931 mandatorum
2850 4879 3092 4933 Domini.
3152 4878 3419 4949 Tuncque
3482 4882 3746 4953 impletur

2169 4985 2353 5026 sermo
2381 4970 2599 5025 Domini
2638 4986 2735 5040 per
2764 4970 2971 5027 Mosem
3006 4971 3228 5030 dictus:
3261 4991 3279 5025 ι
3314 4975 3518 5046 Diliges
3559 4977 3745 5032 Domi-

2168 5083 2302 5122 num
2352 5069 2523 5124 Deum
2570 5077 2725 5123 tuum
2758 5084 2825 5124 ex
2879 5076 2987 5125 tota
3040 5071 3222 5125 anima
3275 5081 3390 5139 tua,
3420 5080 3476 5127 et
3525 5090 3590 5129 ex
3635 5085 3745 5130 tota

2167 5161 2499 5231 cogitatione
2528 5170 2643 5226 tua,
2675 5171 2732 5215 et
2763 5177 2829 5217 ex
2864 5163 2995 5217 totis
3024 5163 3238 5218 viribus
3266 5166 3394 5221 tuis.
3426 5183 3446 5218 ι
3486 5166 3748 5240 lnipletur

2165 5260 2223 5306 et
2268 5249 2471 5306 Chrisai
2518 5251 2772 5314 verbum,
2799 5254 2944 5320 quod
2991 5254 3146 5317 dicit,
3179 5273 3197 5304 ι
3233 5255 3336 5322 Qui
3384 5254 3578 5329 diliget
3635 5275 3739 5323 me,

2172 5342 2434 5412 diligetur
2464 5357 2493 5395 a
2524 5342 2687 5399 Patre
2716 5359 2879 5410 meo;
2919 5363 2937 5397 ι
2981 5352 3038 5400 et
3081 5346 3175 5416 qui
3211 5347 3458 5423 diligitur
3491 5363 3522 5402 a
3561 5349 3742 5414 Patre,

2178 5432 2427 5503 dil‘gitur
2476 5432 2644 5487 etiam
2701 5449 2730 5488 a
2772 5434 2931 5490 Filio.
2969 5435 3123 5492 Unus
3169 5438 3315 5493 enim
3372 5438 3519 5494 Deus
3552 5448 3654 5504 est,
3689 5448 3748 5493 et

2174 5521 2356 5589 Pater,
2387 5535 2442 5579 et
2468 5524 2656 5579 Filius.
2683 5524 2747 5578 Et
2779 5527 2880 5581 bac
2902 5527 2969 5582 de
2998 5542 3163 5584 causa
3202 5530 3341 5583 Deus
3373 5529 3538 5583 homo
3571 5528 3748 5582 factus

2174 5627 2277 5672 est.
2305 5617 2573 5672 Piaeterea
2615 5620 2744 5672 olim
2783 5620 3062 5689 prophetis
3114 5622 3329 5678 locutus
3365 5631 3449 5677 est
3489 5621 3656 5687 licus,
3688 5629 3748 5675 et

1781 5860 1826 5891 “
1870 5859 1973 5913 lsa.
2037 5871 2190 5925 mx,
2226 5859 2308 5913 ιδ.
