4090 6450
338 376 444 441 495

1514 374 1839 437 JOANNIS
1879 372 2411 439 CANTACUZENI

3509 386 3618 457 496

338 483 840 554 apparueruntillis
868 482 1142 553 visiones;
1170 495 1225 541 et
1247 502 1393 541 nunc
1421 486 1640 555 quidem
1676 488 1729 541 in
1763 486 1919 539 nube,

2038 487 2170 550 Θεδς
2205 492 2231 542 6
2267 491 2455 562 Πατὴρ
2496 492 2589 549 καὶ
2626 494 2653 546 6
2700 492 2845 558 Υἱός.
2887 495 2995 549 Ka‘.
3026 494 3114 551 διὰ
3142 497 3299 553 τοῦτο
3330 500 3556 568 γέγονεν
3589 504 3620 558 6

344 588 403 629 ut
428 575 529 646 Ipsi
567 575 702 641 Job;
736 592 883 630 nunc
907 592 1037 631 vero
1076 578 1128 632 in
1163 578 1284 648 igne
1303 588 1355 633 et
1388 579 1640 647 caligine,
1671 590 1730 632 ut
1758 578 1925 643 Mosi;

337 667 471 722 alias
508 682 640 721 vero
664 668 717 721 in
765 683 895 721 aura
934 671 1105 734 tenui,
1141 679 1200 724 ut
1236 671 1419 727 nolim.
1453 670 1927 737 Quemadmodum

336 759 581 817 etOseas
607 761 875 830 propheta
906 763 1041 817 dicit
1063 780 1108 819 ιι
1147 763 1261 833 Ego
1290 763 1928 833 visionesmultiplicari,

336 865 392 911 et
418 857 469 909 in
504 854 756 908 manibus
786 855 1173 925 prophetarum
1205 855 1538 910 assimilatus
1563 856 1799 911 sum’h
1832 857 1930 909 Aa-

235 942 240 947 ’
271 1008 279 1013 λ
336 948 598 1002 ιὶιηίιαιηε
626 967 766 1013 sum,
793 949 995 1020 inquit,
1029 964 1161 1013 non,
1192 948 1354 1003 Visus
1375 962 1518 1011 sum,
1549 956 1738 1018 utpote
1761 948 1929 1003 visio-

336 1059 435 1095 nes
453 1040 897 1097 adumbraturus.
919 1041 1078 1096 Nunc
1105 1040 1272 1111 igitur
1299 1054 1423 1094 cum
1448 1040 1671 1093 humani
1710 1040 1928 1110 generis

338 1142 552 1187 amator
585 1134 674 1201 sit,
718 1143 775 1188 et
806 1134 1145 1199 misericors,
1200 1133 1588 1201 hominemque
1616 1132 1667 1185 iu
1716 1141 1926 1185 tantum

335 1224 367 1277 tl
397 1224 807 1295 ligatquantum
835 1226 981 1280 nulla
1015 1226 1201 1295 lingua
1234 1234 1415 1294 potest
1446 1225 1651 1292 eloqui,
1686 1239 1786 1277 nec
1822 1224 1926 1278 ulla

337 1324 494 1369 mens
513 1309 1310 1379 intelligere,quemadmodum
1333 1318 1462 1365 ante
1482 1327 1578 1380 per
1597 1310 1927 1364 tnultil‘arias

334 1392 578 1446 γιείοιιοε
593 1407 767 1447 servis
782 1395 896 1447 suis
918 1394 1123 1447 sanctis
1143 1394 1600 1453 conversabatur,
1617 1394 1661 1448 si
1682 1401 1812 1447 tunc
1829 1407 1928 1462 per

335 1499 557 1539 carnem
597 1500 699 1540 ceu
734 1486 857 1540 velo
893 1485 1320 1539 intermediantc
1363 1486 1524 1540 nobis
1565 1494 1926 1541 conversatus

336 1589 443 1648 est,
480 1589 537 1637 et
587 1580 770 1635 adhuc
811 1582 988 1635 servis
1038 1580 1152 1635 suis
1186 1592 1242 1636 et
1287 1581 1481 1638 amicis
1509 1591 1595 1638 est
1628 1598 1925 1638 conversa-

338 1685 535 1739 turus,
569 1675 1032 1745 quemadmodum
1077 1674 1210 1728 illud
1272 1656 1399 1730 ante
1455 1677 1929 1745 resurrectionem

336 1782 489 1820 suam
520 1782 587 1821 ex
621 1768 870 1830 mortuis,
890 1775 946 1820 et
976 1775 1100 1836 post
1123 1766 1269 1820 illam
1301 1768 1718 1825 demonstravit.
1753 1768 1917 1835 Quin,

338 1869 393 1913 et
439 1859 621 1914 adhuc
671 1874 982 1929 speramus,
1048 1870 1320 1929 quotquot
1365 1859 1657 1939 _Christum
1701 1862 1924 1928 prollte-

341 1968 485 2017 mur,
518 1954 662 2023 quod
700 1967 824 2005 cum
864 1951 955 2005 Dei
989 1952 1164 2006 Filius
1194 1963 1247 2005 et
1277 1951 1518 2006 Verbum
1554 1952 1698 2007 Deus
1730 1953 1918 2016 fuerit,

340 2045 504 2099 homo
534 2045 708 2099 factus
732 2044 821 2109 sit,
861 2044 989 2098 etin
1030 2044 1293 2099 mundum
1334 2046 1561 2099 veniens
1607 2061 1716 2099 non
1752 2062 1922 2101 vene-

339 2139 410 2190 rit
445 2145 501 2190 ut
543 2135 809 2191 mundum
857 2136 1153 2208 judicaret,
1210 2137 1309 2190 sed
1357 2146 1415 2189 ut
1465 2137 1693 2192 doceret
1759 2154 1920 2192 mun-
1976 2159 1986 2167 ·

339 2231 496 2289 dum,
518 2228 663 2299 quod
697 2229 811 2298 ipse
852 2230 922 2283 sit
951 2229 1119 2283 Filius
1148 2227 1261 2294 Dei,
1294 2229 1440 2283 Deus
1473 2244 1671 2298 nempe
1696 2230 1741 2284 is
1765 2232 1857 2300 qui
1890 2248 1919 2286 a

339 2319 622 2389 prophetis
676 2319 976 2390 praedictus
1008 2330 1170 2385 erat,
1214 2329 1268 2373 et
1315 2332 1373 2375 ut
1419 2322 1472 2375 in
1516 2322 1670 2375 illum
1725 2324 1919 2379 crede-

342 2422 496 2478 rent,
536 2428 841 2482 omnesque
894 2415 947 2465 in
1003 2412 1158 2483 illum
1213 2413 1506 2468 credentes
1550 2405 1606 2467 et
1661 2413 1920 2482 baptizati

340 2504 688 2560 salvareutur
720 2545 736 2570 ,
783 2506 876 2574 qui
927 2519 1057 2558 vero
1094 2519 1199 2558 non
1231 2505 1542 2573 crederent,
1590 2509 1922 2562 condemna-

266 2615 279 2627 '
341 2612 555 2656 rentur.
592 2601 804 2656 Rursus
834 2612 1017 2655 autem
1055 2615 1212 2657 certo
1264 2599 1514 2653 futurum
1572 2611 1687 2656 est.
1725 2609 1783 2652 ut
1826 2599 1920 2652 dc—

340 2710 455 2749 nuo
484 2693 699 2759 redeat,
729 2709 837 2747 non
871 2694 1019 2748 velut
1063 2705 1208 2757 ante,
1254 2695 1306 2746 in
1338 2692 1428 2745 vili
1458 2692 1652 2761 ligura,
1688 2700 1739 2743 et
1773 2699 1916 2743 statu

341 2787 560 2850 humili,
609 2786 887 2857 homoque
941 2787 1085 2857 quod
1132 2795 1416 2840 externam
1465 2783 1648 2853 specie
1698 2786 1917 2847 attinet,

338 2884 442 2936 sub
495 2897 599 2950 qua
656 2880 802 2936 Deus
860 2883 931 2935 sit
987 2879 1412 2951 intelligendus:
1457 2876 1551 2931 sed
1603 2877 1772 2930 instar
1820 2875 1916 2929 Dei

340 2976 632 3040 manifesti,
684 2984 740 3028 et
787 2989 888 3028 ceu
924 2971 1242 3042 unigenitus
1299 2971 1395 3025 Dei
1420 2967 1600 3023 Patris
1631 2967 1826 3028 Filius,
1864 2967 1915 3019 in

343 3069 516 3140 gloria
552 3083 669 3133 sua,
704 3082 829 3120 cum
863 3065 1121 3118 omnibus
1151 3062 1357 3133 angelis
1380 3105 1393 3129 ,
1426 3061 1750 3128 cunctisque
1770 3058 1919 3112 ordi-

2033 579 2166 644 Θεὸς
2196 580 2511 651 ἄνθρωπος.
2549 586 2669 639 Ἔτι
2702 587 2844 640 κατὰ
2875 592 3103 657 καιροὺς
3128 591 3393 658 ἐλάλησεν
3418 596 3445 646 6
3482 594 3614 658 Θεὶς

2032 677 2146 736 τοῖς
2177 678 2508 745 προφήταις,
2543 681 2637 761 καὶ
2668 681 2948 749 ἐφάνησαν
2971 685 3192 755 ὁράσεις
3225 689 3356 752 πρὸς
3380 661 3612 742 αὐτούς*

2032 765 2170 819 ἀλλὰ
2220 769 2353 820 ποτὲ
2394 770 2496 837 μὲν
2546 769 2633 823 διὰ
2672 773 2924 845 νεφέλης,
2976 774 3050 838 ὡς
3086 777 3164 845 τῷ
3207 778 3351 843 Ἰὼϐ,
3394 781 3523 833 ποτὲ
3560 782 3616 834 δὲ

2032 860 2118 913 διὰ
2164 864 2337 933 πυρὶς
2388 865 2479 917 καὶ
2509 866 2737 933 γνόφου,
2779 869 2854 933 ὡς
2899 870 2975 940 τῷ
3011 873 3256 939 Μωῦσεῖ,
3291 877 3422 929 ποτε
3463 878 3519 931 δὲ
3548 879 3618 931 δ.’

2032 954 2204 1025 αὔρας
2253 955 2481 1024 λεπτῆς,
2509 957 2585 1022 ὡς
2616 961 2693 1032 τῷ
2735 961 2893 1030 Ἠλίᾳ.
2920 981 2933 994 ·
2972 968 3046 1026 ῶς
3089 965 3184 1019 καὶ
3238 969 3392 1035 Ὠσηὲ
3425 971 3453 1021 ό
3485 988 3621 1039 προ-

2033 1048 2212 1117 φήτης
2235 1047 2435 1100 οὑτωσί
2471 1066 2659 1119 φησιν,
2697 1070 2714 1103 ι
2765 1052 2909 1119 Ἐγὼ
2937 1056 3156 1124 ὁράσεις
3185 1057 3491 1126 ὲπλήθυνα,
3524 1064 3617 1115 καὶ

2032 1141 2090 1192 ἐν
2122 1141 2283 1209 χερσὶ
2324 1142 2628 1212 προφητῶν
2659 1144 2972 1220 ὡμοιώυην.
3014 1166 3031 1199 ι
3075 1149 3405 1220 Ὠμοιὼθην
3438 1150 3616 1217 εἶπεν,

2029 1234 2129 1283 οὐκ
2166 1251 2183 1281 ‹
2222 1230 2436 1301 ὤφθην,
2482 1252 2499 1283 ι
2528 1234 2603 1298 ὡς
2640 1235 2889 1303 βούλεται
2924 1242 3286 1309 σχηματίζειν
3308 1243 3403 1307 τὰς
3439 1244 3613 1313 ὄψεις.

2030 1325 2145 1378 Νῦν
2175 1327 2230 1378 δὲ
2264 1327 2339 1391 ὡς
2371 1329 2758 1398 φιλάνθρωπος
2803 1333 2900 1386 καὶ
2949 1335 3271 1405 οἰκτίρμων,
3317 1338 3615 1408 ἀγαπήσας

2028 1419 2121 1471 τὸν
2173 1419 2466 1489 ἄνθρωπον
2500 1421 2627 1474 ὅσον
2679 1422 2803 1477 οὔτε
2860 1426 3081 1492 γλῶσσα
3124 1428 3351 1484 δύναται
3410 1435 3615 1496 εἰπεῖν,

2031 1508 2159 1562 οὔτε
2193 1510 2316 1573 νοῦς
2346 1514 2621 1581 ἐννοῆσαι,
2660 1512 2851 1585 ὥσπερ
2879 1517 3073 1587 πρώην
3094 1517 3185 1572 ,διὰ
3206 1521 3313 1572 τῶν
3345 1520 3614 1577 ἀλλεποιὶ.⁴

2027 1602 2207 1671 λήλων
2234 1603 2477 1673 θεωριῶν
2500 1606 2680 1675 ὁμίλει
2708 1610 2820 1671 τοῖς
2845 1607 3055 1672 δούλοις
3084 1611 3252 1664 αὐτοῦ
3276 1615 3388 1674 τοῖς
3406 1614 3607 1681 ἁγίοις,

2026 1693 2170 1748 οὕτω
2200 1695 2290 1749 διὰ
2325 1698 2501 1767 μέσης
2546 1699 2749 1768 σαρκὸς
2790 1701 2877 1763 ’ὡς
2925 1703 3436 1773 παραπετάσματος
3470 1705 3611 1774 ὼμίο

2028 1790 2188 1856 λησε.
2242 1789 2355 1841 Καὶ
2406 1789 2485 1842 ἔτι
2531 1789 2824 1845 ἀπόκειται
2865 1793 3084 1861 ὁμιλεῖν
3118 1798 3230 1858 τοῖς
3268 1795 3477 1857 δούλοις
3515 1795 3612 1848 καὶ

2028 1882 2208 1952 φίλοις
2242 1882 2436 1947 αὐτοῦ,
2482 1883 2666 1946 καθὼς
2698 1884 2867 1949 ἔδειξε
2901 1885 3057 1939 τοῦτο
3093 1887 3198 1957 πρὸ
3228 1889 3328 1958 τῆς
3368 1890 3608 1942 ἀναστάο

2028 1992 2189 2037 σεως,
2226 1977 2322 2027 καὶ
2359 1976 2499 2042 μετὰ
2530 1976 2630 2043 τὴν
2678 1977 2742 2028 ὲκ
2796 1977 3008 2047 νεκρῶν
3055 1980 3354 2033 ἀνάστασιν
3410 1979 3607 2038 αὐτοῦ.

2027 2069 2141 2121 Καὶ
2177 2068 2259 2119 ἔτι
2298 2067 2595 2136 ἐλπίζομεν
2631 2068 2832 2131 πάντες
2878 2070 2929 2122 οἱ
2981 2071 3322 2141 Χριστιανοὶ,
3362 2072 3606 2137 ὅτιθεὸς

2024 2152 2098 2206 ὣι
2130 2156 2158 2206 ό
2192 2154 2317 2215 Υἱὸς
2362 2154 2457 2206 καὶ
2486 2156 2658 2223 Λόγος
2702 2156 2795 2208 τοῦ
2845 2158 3004 2223 Θεοῦ,
3044 2160 3268 2228 γέγονεν
3294 2162 3606 2231 ἄνθρωπος,

2025 2244 2118 2294 καὶ
2149 2241 2320 2296 ἐλθὼν
2350 2244 2431 2306 εἰς
2470 2244 2564 2298 τὸν
2611 2244 2838 2313 κόσμον,
2870 2247 2973 2299 οὐκ
3009 2242 3173 2317 ἦλθεν
3199 2249 3289 2303 ἵνα
3326 2251 3486 2319 κρίνῃ
3511 2253 3605 2302 τὶν

2023 2335 2249 2402 κόσμον,
2280 2335 2396 2389 ἀλλ’
2424 2335 2510 2387 ἵνα
2529 2336 2716 2408 διδάξῃ
2742 2337 2834 2390 τὸν
2863 2338 3064 2408 κόσμον
3090 2338 3197 2405 ὅτι,
3221 2341 3382 2402 αὐτός
3403 2341 3549 2394 ἐστιν
3576 2343 3604 2392 6

2025 2427 2150 2489 Υἱὸς
2171 2426 2264 2480 τοῦ
2284 2426 2419 2479 Θεοῦ
2444 2431 2471 2479 6
2487 2427 2640 2491 Θεὸς.
2659 2428 2687 2480 6
2709 2429 2860 2500 παρᾶ
2876 2429 2994 2482 τῶν.
3006 2430 3177 2498 ἁγίων
3196 2432 3493 2501 προφητῶν
3511 2450 3607 2501 κη-

2025 2521 2268 2591 ρυχθεὶς,
2288 2522 2381 2573 καί
2402 2521 2486 2573 ἵνα
2510 2522 2876 2576 πιστεύσωσιν
2897 2524 2975 2586 εἰς
2992 2524 3177 2588 αὐτὸν,
3204 2528 3296 2576 καὶ
3314 2526 3363 2577 οί
3384 2524 3607 2578 πιστεύυ

2025 2630 2219 2673 σαντες
2250 2618 2347 2666 καὶ
2372 2612 2766 2680 βαπτισθέντες
2805 2615 3076 2678 σωθῶσιν,
3106 2618 3150 2668 οἱ
3173 2616 3229 2669 δὲ
3261 2617 3603 2687 ἀπιστήσαν-

2020 2723 2112 2769 τες
2144 2706 2541 2776 κατακριθῶσι.
2564 2707 2720 2759 Μετὰ
2737 2706 2981 2760 δὲταῦτα
3008 2709 3317 2775 ἀπόκειται,
3339 2710 3424 2762 ἵνα
3442 2710 3603 2763 πάλν

2024 2797 2175 2868 ἔλθῃ,
2193 2796 2384 2866 οὐχῖὠς
2406 2795 2466 2849 τὸ
2496 2799 2692 2868 πρώην
2720 2799 2778 2850 ἐν
2799 2798 3007 2851 εὐτελεῖ
3028 2799 3101 2868 τῷ
3120 2804 3361 2871 σχήματι
3387 2802 3481 2854 καὶ
3504 2818 3602 2854 τα-

2024 2891 2185 2961 πεινῇ
2210 2890 2568 2953 καταστάσει,
2589 2892 2682 2944 καὶ
2702 2890 2994 2961 ’ἄνθρωπος
3031 2894 3128 2960 μὲν
3158 2893 3219 2946 τὸ
3250 2896 3597 2964 φαινόμενον,

2022 2983 2153 3046 Θεὸς
2180 2982 2326 3035 δὲτὸ
2364 2982 2679 3051 νοούμενον,
2721 2983 2837 3035 ἀλλ’
2870 2984 2945 3047 ὡς
3008 2984 3141 3047 Θεὸς
3184 2988 3450 3056 φανερὸς,
3504 2990 3600 3039 καὶ

2026 3074 2323 3146 μονογενὴς
2363 3075 2488 3137 Υἱὸς
2530 3073 2626 3128 τοῦ
2686 3076 2823 3129 Θεοῦ
2866 3080 2959 3148 καὶ
3006 3078 3244 3149 Πατρός,
3291 3080 3387 3133 καὶ
3436 3081 3493 3131 ὲν
3532 3084 3599 3150 τῇ

338 3162 501 3216 nibus
528 3159 858 3215 cmlestium.
889 3155 1364 3223 Quemadmodum
1396 3151 1563 3207 David
1597 3152 1735 3206 dixit
1756 3168 1919 3223 supe-

2022 3166 2146 3236 δόξῃ
2181 3165 2349 3217 αὐτοῦ
2394 3168 2535 3235 μετὰ
2568 3165 2788 3218 πάντων
2830 3167 2939 3218 τῶν
2969 3168 3218 3236 ἀγγέλων
3253 3170 3345 3223 καὶ
3380 3171 3598 3224 πάντων

343 3257 479 3321 rius,
512 3255 656 3325 quod
716 3253 903 3308 veniat
961 3251 1027 3305 ad
1069 3248 1424 3320 judicandum
1482 3257 1705 3309 terram,
1760 3255 1815 3300 et
1848 3249 1916 3300 ad

333 3348 692 3419 judicandum
744 3345 965 3401 orbem,
1001 3344 1142 3408 Quin
1183 3350 1239 3397 et
1290 3343 1467 3411 ipsum
1521 3338 1804 3394 Christum
1863 3339 1915 3391 in

338 3438 653 3508 Evangeliis
685 3437 894 3490 dixisse
939 3435 1202 3504 scriptum
1234 3442 1339 3497 est,
1378 3451 1394 3483 ι
1436 3432 1593 3499 Quod
1650 3441 1917 3487 venturus

340 3535 412 3586 sit
437 3530 609 3584 Filius
634 3528 873 3582 hominis
902 3527 952 3580 in
979 3527 1221 3580 nubibus
1253 3525 1379 3580 cadi
1412 3525 1463 3576 in
1497 3523 1670 3593 gloria
1705 3538 1825 3588 sua,
1861 3532 1914 3576 et

341 3636 533 3675 omnes
564 3619 738 3672 sancti
782 3617 960 3687 angeli
997 3633 1122 3672 cum
1178 3630 1265 3669 eo.
1296 3614 1453 3668 Tunc
1502 3613 1720 3666 sedebit
1750 3627 1918 3680 super

339 3712 599 3764 thronum
634 3708 820 3779 glorim
854 3723 988 3773 sum,
1023 3715 1077 3762 et
1110 3707 1595 3775 congregabuntur
1624 3719 1810 3758 coram
1852 3720 1916 3758 eo

341 3820 534 3859 omnes
562 3812 774 3874 gentes,
793 3813 847 3857 et
868 3801 1141 3870 separabit
1161 3813 1258 3854 eos
1272 3799 1439 3852 veluti
1473 3806 1654 3865 pastor
1671 3805 1919 3866 segregat

338 3914 468 3953 oves
492 3896 560 3951 ab
585 3894 776 3960 haedis,
796 3903 851 3947 et
874 3901 1078 3947 statuet
1094 3904 1228 3944 oves
1251 3888 1475 3959 quidem
1495 3906 1524 3943 a
1549 3888 1757 3944 dextris
1777 3888 1914 3953 suis,

333 4000 510 4067 justos
536 3993 823 4067 nimirum,
873 3991 1061 4045 haados
1089 4005 1241 4054 vero,
1292 3987 1449 4042 idest
1497 3996 1841 4059 peccatores,
1884 4004 1916 4042 a

337 4086 576 4141 sinistris
596 4086 661 4141 '°.
699 4103 716 4136 ι
747 4083 814 4137 Ει
842 4082 993 4136 dabit
1014 4079 1399 4152 peccatoribus
1423 4079 1646 4149 quidem
1694 4096 1913 4150 pmnam

335 4178 796 4249 aeternam,justis
824 4191 953 4232 vero
975 4179 1140 4231 vitam
1157 4176 1571 4245 sempiternam,
1599 4177 1915 4247 paradisum

336 4284 393 4329 et
424 4274 565 4330 bona
603 4272 814 4329 omnia.
848 4268 1235 4325 Verumtamen
1291 4279 1348 4324 et
1378 4269 1564 4324 Daniel
1594 4270 1673 4323 sic
1729 4270 1862 4325 dicit
1899 4292 1913 4327 :

343 4386 363 4420 ι
407 4366 671 4421 Videbam
710 4363 887 4417 donec
923 4361 1103 4414 throni
1161 4370 1520 4429 ponerentur,
1553 4374 1607 4415 et
1638 4360 1916 4430 Antiquus

339 4444 556 4511 dierum
618 4453 888 4507 consedit.
954 4450 1210 4505 Thronus
1282 4451 1402 4520 ejus
1479 4452 1638 4519 quasi
1698 4451 1914 4504 llamma

341 4547 504 4619 ignis,
556 4556 612 4600 et
660 4553 793 4596 rota:
857 4543 976 4610 ejus
1017 4539 1156 4608 ignis
1205 4540 1450 4593 ardens:
1511 4540 1710 4593 ﬂuvius
1772 4540 1914 4609 ignis

340 4640 591 4697 trahebat
636 4634 953 4706 prmcedens
1000 4633 1176 4689 illum.
1231 4631 1374 4685 Mille
1414 4632 1583 4685 millia
1638 4631 1914 4684 ministra-

340 4732 473 4786 bant
513 4730 632 4792 illi,
687 4738 742 4781 et
779 4725 967 4779 decies
1012 4734 1241 4779 centena
1293 4722 1462 4776 millia
1514 4721 1733 4776 stabant
1787 4733 1914 4774 ante

342 4828 521 4882 illum.
550 4823 710 4882 Judic
738 4838 826 4874 um
861 4820 1128 4884 consedit,
1162 4828 1217 4871 et
1250 4816 1372 4870 libri
1414 4815 1587 4882 aperti
1634 4822 1782 4866 sunt.
1823 4814 1913 4868 Vi-

339 4917 536 4971 debam
580 4914 634 4967 in
672 4913 905 4976 visione,
939 4921 995 4965 et
1020 4927 1150 4966 ecce
1184 4924 1307 4963 cum
1369 4904 1606 4959 nubibus
1662 4904 1785 4958 (ειυιί
1821 4922 1911 4957 νο-

339 5011 524 5065 niebat
559 5010 710 5077 quasi
748 5004 917 5058 Filius
944 5002 1207 5064 hominis,
1229 5008 1285 5054 et
1315 5014 1488 5068 usque
1520 4998 1586 5050 ad
1613 4998 1911 5072 Antiquum

340 5105 553 5157 dierum
582 5098 856 5170 pervenit,
890 5105 943 5151 et
990 5104 1115 5149 ante
1167 5094 1358 5147 faciem
1409 5091 1556 5146 illius
1603 5090 1751 5145 allati
1789 5103 1917 5146 sunt

341 5194 441 5248 illi.
485 5192 551 5245 Et
585 5189 688 5259 ipsi
725 5187 849 5241 data
873 5193 955 5240 est
983 5191 1229 5253 potestas
1260 5190 1314 5233 et
1340 5180 1535 5250 gloria,
1560 5189 1616 5234 et
1647 5193 1912 5249 regnum:

341 5296 394 5338 et
422 5295 612 5337 omnes
649 5280 861 5350 p0puli.
901 5276 1081 5330 tribus
1111 5282 1168 5327 et
1213 5273 1405 5340 linguae
1446 5270 1522 5324 illi
1568 5270 1831 5337 servient,
1860 5279 1916 5325 et

345 5384 590 5445 potestas
622 5373 769 5426 illius
801 5378 1042 5439 potestas
1062 5364 1420 5433 sempiterna,
1447 5378 1567 5433 quae
1600 5379 1705 5417 non
1730 5372 1911 5418 trans-

346 5467 472 5533 ibit,
502 5473 560 5519 et
597 5477 829 5532 regnum
879 5459 1027 5543 illius
1071 5473 1177 5510 non
1237 5468 1644 5525 corrumpetur.
1689 5454 1914 5508 Horruit

341 5558 571 5625 spiritus
604 5567 782 5615 meus,
813 5565 914 5621 ego
952 5547 1142 5602 Daniel
1170 5547 1223 5599 in
1261 5548 1467 5602 visione
1499 5563 1639 5612 mea,
1667 5546 1914 5600 etvisio—

341 5657 440 5697 nes
473 5640 672 5709 capitis
700 5640 808 5693 mei
837 5637 1302 5708 perturbaverunt
1343 5654 1429 5692 me
1460 5640 1526 5691 ".
1573 5656 1591 5689 ι
1636 5637 1742 5693 Sed
1783 5653 1909 5691 ecce

445 5801 494 5833 ²⁵
528 5795 690 5867 Osee,
722 5813 818 5869 ιιι,
859 5801 946 5857 10.
1053 5801 1097 5832 ’⁸
1135 5800 1487 5874 Mattlt._xxv,
1525 5800 1615 5868 51,
1649 5799 1735 5854 5:2.

2019 3256 2130 3308 τῶν
2158 3257 2430 3327 οὐρανίων
2476 3258 2811 3324 ταγμάτων,
2863 3258 3048 3321 καθὼς
3095 3263 3122 3312 6
3176 3262 3341 3315 Δαῧὶδ
3380 3264 3436 3316 ἐν
3484 3265 3598 3326 τοῖς

2020 3347 2346 3417 ἔμπροσθεν
2401 3349 2658 3419 εἴρηκεν,
2701 3346 2783 3402 ὅτι
2837 3351 3055 3422 ἔρχεται
3106 3359 3289 3425 κρῖναι
3335 3354 3433 3427 τὴν
3471 3354 3594 3428 γῆν,

2020 3444 2203 3511 κρῖναι
2245 3441 2343 3509 τὴν
2387 3442 2740 3511 οἰκουμένην.
2805 3445 2914 3497 Καὶ
2969 3445 3131 3508 αὐτὸς
3185 3449 3213 3501 6
3255 3448 3492 3519 Χριστὸς
3538 3453 3596 3503 ὲν

2020 3531 2130 3591 τοῖς
2166 3529 2528 3596 Εὐαγγελίοις
2555 3530 2759 3582 οὑτωσὶ
2788 3535 3018 3601 γράφων
3056 3534 3301 3605 εἴρηκεν,
3355 3556 3373 3589 ι
3418 3529 3596 3594 Ὀταν

2019 3622 2149 3693 ἔλθῃ
2199 3622 2228 3674 ό
2274 3622 2399 3684 Tib;
2451 3622 2544 3675 τοῦ
2595 3624 2887 3691 ἀνθρώπου
2940 3625 3171 3678 ἐπὶτῶν
3210 3628 3449 3695 νεφελῶν
3501 3632 3596 3683 τοῦ

2020 3714 2252 3784 οὐρανοῦ
2291 3717 2346 3766 ὲν
2383 3717 2449 3782 τῇ
2486 3712 2613 3785 δόξῃ
2645 3715 2831 3779 αὐτοῦ,
2863 3717 2957 3768 καὶ
2998 3717 3202 3780 πάντες
3231 3722 3277 3771 oi
3320 3719 3466 3787 ἅγιοι
3499 3723 3598 3788 ἄγ-

2020 3807 2167 3873 γελοι
2205 3808 2326 3873 χέετ’
2366 3805 2554 3867 αὐτοῦ,
2611 3808 2731 3857 τότε
2785 3809 3000 3860 καθίσει
3050 3811 3142 3861 ἐπὶ
3196 3810 3385 3879 θρόνου
3438 3814 3598 3884 δόξης

2020 3900 2212 3964 αὐτοῦ,
2266 3900 2359 3950 καὶ
2410 3897 2850 3967 συναχθήσονται
2901 3906 3080 3953 πάνια
3116 3902 3182 3954 τὰ
3227 3901 3357 3971 ἔθνη
3392 3903 3601 3976 ἔμπρο-

2021 3991 2147 4043 σθεν
2180 3987 2370 4051 αὐτοῦ,
2409 3988 2504 4041 καὶ
2550 3989 2770 4059 ἁφοριεῑ
2831 3991 3029 4053 αὐτοὺς
3076 3992 3266 4063 ὥσπερ
3314 3996 3343 4046 ό
3389 4000 3597 4067 ποιμὴν

2018 4079 2272 4148 ἀφορίζει
2314 4078 2382 4131 τὰ
2412 4078 2666 4147 πρόϐατα
2718 4079 2828 4131 ἀπὸ
2855 4081 2963 4131 τῶν
2996 4081 3221 4151 ἐρίφων,
3267 4083 3361 4136 καὶ
3407 4086 3598 4157 στήσει

2016 4173 2084 4225 τὰ
2169 4172 2268 4241 μὲν
2352 4169 2600 4240 πρόϐατα
2666 4172 2733 4222 ἐκ
2807 4171 3000 4237 δεξιῶν
3068 4173 3273 4238 αὐτοῦ,
3348 4181 3596 4233 τουτέστι

2016 4266 2144 4327 τοὺς
2223 4264 2509 4327 δικαίους,
2586 4262 2653 4314 τὰ
2729 4262 2787 4314 δὲ
2853 4262 3042 4330 ἐρίφια
3132 4263 3191 4327 ἐξ
3254 4265 3589 4331 εὐωνύμων,

2016 4357 2188 4428 ἤγουν
2265 4355 2391 4418 τοὺς
2460 4354 2849 4424 ἁμαρτωλούς.
2931 4355 3040 4406 Καὶ
3108 4355 3267 4407 δώσει
3327 4362 3436 4419 τοῖς
3492 4359 3586 4426 μὲν

2019 4446 2366 4518 ἁμαρτωλοῖς
2399 4447 2620 4498 κόλασιν
2652 4444 2893 4508 αἰώνιον,
2945 4449 3054 4509 τοῖς
3085 4446 3141 4498 δὲ
3183 4448 3412 4510 δικαίοις
3440 4448 3579 4512 ζωὴν

1950 4526 1989 4579 ί)
2020 4542 2260 4610 αἰώνιον,
2298 4538 2391 4590 καὶ
2443 4537 2537 4589 τὸν
2600 4537 2963 4607 παράδεισον,
3028 4539 3122 4590 καὶ
3172 4540 3337 4592 πολλά
3386 4537 3579 4605 ἀγαθά.

2034 4631 2192 4684 Ἀλλὰ
2223 4633 2316 4683 καὶ
2346 4630 2543 4698 Δανιὴλ
2583 4629 2783 4681 οὐτωσί
2836 4644 3025 4696 φησιν’
3087 4647 3103 4681 ι
3148 4631 3445 4701 Ἐθεώρουν
3485 4631 3589 4690 ἓως,

2018 4717 2080 4775 οὗ
2139 4721 2318 4791 θρόνοι
2372 4721 2675 4790 ὲτέυησαν,
2718 4721 2808 4771 καὶ
2847 4720 2875 4771 6
2916 4721 3153 4784 Παλαιὸς
3202 4721 3310 4773 τῶν
3372 4721 3596 4791 ¹ἡμερῶν

2017 4813 2291 4867 ἐκάθισεν.
2342 4812 2399 4863 '0
2424 4810 2612 4880 θρόνος
2649 4809 2816 4862 αὐτοῦ
2847 4811 2979 4863 ὡσεὶ
3004 4810 3135 4878 φλὸξ
3172 4813 3364 4881 πυρὸς,
3392 4813 3442 4864 oi
3467 4828 3593 4882 τρο-

2016 4907 2102 4977 χοὶ
2154 4903 2319 4958 αὐτοῦ
2356 4901 2467 4972 πῦρ
2525 4902 2744 4969 φλέγον,
2785 4901 3030 4969 ποταμὸς
3066 4905 3236 4970 πλρὸς
3289 4897 3438 4954 εἷλκε
3497 4918 3598 4953 πο-

2026 4997 2319 5066 ρευόμενος
2367 4994 2678 5061 ἔμπροσθεν
2718 4990 2905 5054 αὐτοῦ,
2948 4992 3115 5061 χίλιαι
3165 4993 3401 5060 χιλιάῗες
3458 4992 3596 5044 ἐλει-

2017 5087 2283 5158 τοῦργθυν
2317 5082 2487 5153 αὐτῷ,
2515 5086 2609 5133 καὶ
2641 5083 2833 5150 μύριαι
2866 5083 3124 5150 μυριάδες
3156 5083 3598 5151 παρεςτήκεισαν

2014 5177 2184 5247 αὐτῷ,
2227 5177 2527 5245 Κριτήριον
2561 5174 2782 5225 ἐκάθισε
2811 5212 2824 5236 ,
2882 5176 2973 5226 καὶ
3010 5173 3184 5243 βίϐλοι
3219 5173 3595 5242 ἀνεῴχθησαν.

2035 5270 2334 5338 Ἐθεώρουν
2369 5270 2425 5318 ὲν
2464 5266 2728 5334 ὁράματι,
2760 5267 2854 5317 καὶ
2897 5265 3007 5317 ἰδοὺ
3042 5265 3178 5333 μετὰ
3209 5264 3316 5317 τῶν
3353 5263 3595 5332 νεφελῶν

2020 5364 2115 5415 τοῦ
2148 5362 2400 5431 οὐρανοῦ,
2435 5359 2509 5420 ὡς
2541 5358 2667 5420 Υἱὸς
2717 5356 3009 5427 ἀνθρώπου
3060 5356 3349 5425 ἐρχόμενος
3383 5352 3470 5425 ἦν,
3504 5353 3598 5405 καὶ

2022 5456 2126 5517 ἕως
2152 5452 2246 5505 τοῦ
2277 5449 2515 5504 Παλαιοῦ
2560 5449 2668 5501 τῶν
2699 5448 2919 5518 ἡμερῶν
2942 5447 3198 5516 ἔφθασεν,
3233 5449 3324 5498 καὶ
3366 5449 3597 5498 ἐνώπιον

2019 5547 2187 5600 αὐτοῦ
2213 5544 2670 5614 προσηνέχθησαν
2697 5542 2869 5610 αὐτῷ,
2907 5542 3000 5593 καὶ
3028 5539 3178 5608 αὐτῷ
3216 5539 3370 5608 ἐδόθη
3398 5539 3428 5606 ἡ
3451 5538 3597 5607 ἀρχὴ

2021 5637 2174 5705 καὶὴ
2209 5635 2345 5703 τιμὴ
2394 5635 2488 5687 καὶ
2520 5636 2551 5703 ἠ
2586 5630 2856 5704 βασιλεία,
2891 5633 2983 5684 καὶ
3016 5630 3215 5689 πάντες
3245 5629 3295 5679 υἱ
3323 5628 3464 5693 λαοὶ,
3499 5643 3598 5691 φυ-

1847 5801 1889 5833 ²⁷
1933 5797 2071 5852 Dan.
2110 5810 2208 5862 vn,
2241 5793 2395 5849 9-l5.
