4090 6456
393 448 504 518 493
583 467 612 476 ’

402 529 406 534 λ
854 545 1196 621 Arococis
1242 565 1520 621 TERTIA.

394 656 547 723 Quod
575 669 686 727 post
726 658 936 712 Domini
960 662 1375 729 ussumptioncm
1410 660 1685 712 duodecim
1715 659 1965 729 discipuli

462 750 607 803 illius
657 759 823 803 totum
881 753 1057 804 urbem
1111 753 1409 816 docuerint,
1471 751 1744 806 miraculis
1803 752 1966 806 simul

461 839 620 907 fidem
647 858 799 895 suam
821 843 1217 910 conﬁrmunies.
1248 843 1372 897 Tum
1389 845 1451 896 de
1475 843 1704 911 Deipara
1735 843 1968 914 Virgine,

465 939 528 989 de
559 936 846 999 quaestione
877 934 1091 999 Christi,
1122 952 1272 988 cruce
1299 945 1346 988 et
1381 937 1628 1004 imagine.

467 1133 518 1184 1.
546 1132 700 1197 Quod
750 1132 933 1199 itaque
981 1130 1230 1185 Christus
1258 1129 1429 1185 Filius
1475 1131 1594 1195 Dei,
1636 1141 1694 1186 et
1741 1133 1886 1187 Deus
1916 1140 1973 1187 et

397 1221 560 1274 homo
587 1236 618 1274 a
646 1221 854 1274 sanctis
886 1219 1048 1273 simul
1073 1230 1129 1275 et
1155 1220 1439 1290 praphctis
1481 1220 1729 1290 adeoque
1749 1221 1818 1276 ab
1853 1222 1973 1281 ipso

397 1311 508 1366 Deo
541 1311 701 1364 Patre
725 1309 1056 1379 praedicatus
1081 1309 1172 1370 sit,
1207 1308 1543 1364 sufﬁcienter
1572 1311 1626 1363 in
1662 1310 1974 1379 praeceden-

400 1404 545 1455 tibus
575 1402 1097 1456 demonstravimus.
1132 1400 1289 1454 Nunc
1315 1416 1445 1454 vero
1476 1401 1708 1472 agedum
1742 1401 1976 1468 reliquis

395 1494 558 1548 etiam
596 1492 882 1557 discussis,
918 1491 1285 1561 inspiciamus
1312 1507 1374 1547 ea
1407 1509 1528 1562 quae
1569 1494 1685 1547 haec
1716 1493 1971 1548 insecuta

395 1595 544 1651 sunt,
579 1586 817 1656 negotia.
851 1584 1108 1640 Christus
1148 1584 1295 1639 enim
1343 1600 1468 1639 cum
1523 1586 1866 1655 pmiiisisset
1915 1601 1974 1642 se

394 1694 754 1734 ascensurum
789 1679 855 1732 ad
888 1677 1104 1732 Patrem
1143 1693 1327 1742 suum,
1358 1678 1412 1732 in
1441 1679 1556 1746 ipsa
1579 1679 1975 1747 assuuiptionis

396 1771 536 1824 hora
594 1769 729 1822 dicit
784 1768 1155 1847 sanetisusuis
1193 1767 1505 1838 discipulis,
1547 1777 1605 1823 et
1657 1769 1918 1837 apostolis
1957 1786 1970 1823 :

401 1882 420 1912 ι
481 1860 720 1914 Profecti
779 1861 834 1914 in
904 1835 1170 1913 tnu’ndum
1249 1861 1567 1913 universum
1651 1860 1976 1915 annuntiate

395 1952 758 2023 Evangelium
818 1952 965 2007 omni
1030 1961 1318 2022 creaturae.
1392 1951 1496 2017 Qui
1552 1952 1857 2007 crediderit
1918 1963 1976 2007 et

396 2045 710 2114 baptizatus
740 2043 928 2108 fuerit,
969 2043 1314 2108 salvabitur;
1350 2044 1442 2112 qui
1469 2059 1602 2098 vero
1635 2059 1744 2097 non
1795 2029 1976 2099 credi?

395 2138 568 2201 derit,
618 2136 1097 2192 condemnabitur.
1154 2135 1262 2190 Vos
1303 2151 1434 2191 vero
1491 2135 1737 2190 desidete
1785 2135 1978 2191 lliero—

396 2229 640 2299 solymis,
659 2230 834 2284 donec
859 2228 1164 2283 induamini
1184 2229 1384 2282 virtute
1412 2243 1477 2282 ex
1501 2228 1611 2282 alto
1626 2228 1692 2283 ’⁸.
1721 2247 1739 2280 ι
1765 2229 1975 2283 Etcum

395 2320 791 2386 adoravissent,
819 2321 1096 2385 abierunt.
1125 2320 1254 2375 Pot
1277 2320 1396 2375 dies
1426 2335 1557 2374 vero
1585 2320 1816 2389 aliquot,
1848 2335 1977 2376 cum

396 2413 631 2485 apostoli
683 2413 1017 2470 unanimiter
1066 2413 1121 2467 in
1166 2413 1359 2468 eadem
1396 2412 1562 2468 domo
1596 2414 1975 2479 considerent,

397 2506 578 2561 factus
600 2515 683 2560 est
709 2519 880 2559 sonus
903 2519 1004 2559 ceu
1043 2503 1206 2558 ﬂatus
1237 2503 1476 2574 alicujus
1497 2504 1842 2560 vehementis
1874 2521 1890 2559 :
1921 2516 1980 2561 et

400 2601 595 2668 repleti
623 2608 753 2654 sunt
780 2613 974 2654 omnes
999 2599 1184 2653 divina
1213 2601 1410 2670 gratia.
1431 2599 1548 2654 Non
1575 2601 1722 2670 quod
1757 2602 1979 2658 Christo

399 2693 582 2747 adhuc
611 2693 664 2746 in
715 2691 878 2747 terris
907 2693 1088 2762 agenti
1143 2693 1490 2762 impossibile
1538 2693 1704 2749 fuerit
1747 2695 1976 2765 gratiam

399 2785 510 2842 illis
533 2785 663 2838 dare
683 2784 746 2847 ”,
771 2786 864 2838 sed
901 2795 958 2838 ut
984 2800 1176 2838 omnes
1199 2785 1587 2856 intelligerent,
1613 2803 1781 2841 unum
1807 2787 1978 2842 Deum

396 2890 521 2934 esse
554 2885 611 2930 et
669 2875 882 2928 Patrem
940 2883 996 2928 et
1041 2873 1263 2938 Filium,
1296 2884 1352 2930 et
1395 2889 1558 2928 unam
1618 2877 1981 2943 eamdemque

398 2967 579 3022 Patris
611 2975 666 3021 et
718 2965 835 3022 Filii
883 2975 1136 3020 naturam
1164 2973 1221 3018 et
1260 2969 1584 3034 potentiam.
1617 2965 1775 3020 Dedit
1830 2965 1979 3020 enim

398 3057 652 3112 Christus
676 3055 958 3125 apostolis,
982 3070 1106 3109 cum
1132 3055 1185 3108 in
1224 3054 1384 3107 terris
1413 3063 1620 3124 ageret,
1648 3054 1906 3108 virtutem
1924 3062 1981 3108 et

399 3153 724 3215 potestatem
761 3161 777 3193 ι
817 3142 1059 3197 calcaudi
1094 3156 1259 3208 super
1291 3151 1574 3210 serpentes
1615 3152 1673 3194 et
1709 3141 1976 3210 scorpios,

400 3245 453 3289 ιιι
490 3235 756 3289 adversus
789 3247 1008 3286 onmem
1047 3241 1374 3300 potestatem
1422 3231 1630 3286 inimici
1657 3232 1722 3297 ³ο,
1761 3249 1779 3284 ι
1815 3232 1871 3286 id
1897 3241 1980 3287 est

400 3328 636 3391 diaboli;
681 3327 828 3381 misit
866 3341 998 3378 vero
1049 3340 1198 3379 nunc
1252 3325 1416 3378 etiam
1474 3325 1616 3380 Deus
1663 3325 1826 3380 Pater
1875 3324 1984 3382 illis

400 3417 628 3488 gratiam
661 3430 838 3469 suam.
881 3412 945 3466 Et
988 3411 1195 3481 impleti
1241 3412 1424 3465 divina
1459 3413 1658 3483 gratia,
1687 3419 1745 3464 ut
1774 3413 1983 3468 dictum

399 3517 508 3573 est,
545 3506 800 3576 apostoli,
829 3504 1031 3576 singuli
1072 3503 1292 3558 illorum
1327 3519 1390 3556 ea
1420 3515 1817 3574 cognoverunt,
1861 3520 1984 3574 quas

405 3609 662 3656 naturam
697 3605 970 3656 excedunt
997 3641 1012 3664 ,
1061 3618 1255 3658 omnes
1292 3604 1509 3658 scilicet
1557 3603 1808 3658 omnium
1851 3620 1984 3673 gen-

406 3694 542 3773 tium
579 3708 700 3762 quae
747 3694 852 3748 sub
898 3695 1040 3751 cmlo
1073 3705 1198 3749 sunt
1256 3695 1507 3764 linguas,
1544 3709 1706 3762 quam
1756 3695 1987 3750 exactis-
2023 3707 2027 3710 ·

401 3788 563 3842 sime.
604 3787 835 3843 Causam
867 3803 998 3843 vero
1026 3789 1191 3860 hujus
1229 3788 1462 3858 inspice.
1495 3786 1563 3842 Ut
1587 3785 1850 3842 nimirum
1886 3803 1984 3855 ag-

402 3878 769 3950 grederentur
800 3881 970 3938 totius
991 3880 1187 3934 mundi
1215 3879 1522 3934 doctrinam
1541 3886 1595 3932 et
1621 3878 1984 3944 iunctionem,

402 3974 529 4032 data
558 3980 644 4028 est
677 3973 812 4044 ipsis
847 3973 1094 4028 omnium
1138 3971 1454 4041 linguarum
1479 3971 1761 4040 cognitio:
1796 3987 1865 4027 ne
1902 3972 1986 4026 iu-

404 4076 649 4139 terprete
712 4067 1062 4137 indigerent,
1113 4065 1211 4120 sed
1281 4074 1341 4120 ut
1389 4064 1494 4135 ipsi
1547 4074 1604 4121 et
1657 4066 1988 4136 interpretes

403 4170 608 4227 essent,
665 4171 720 4216 et
775 4160 1052 4215 doctores.
1115 4159 1184 4214 Et
1245 4159 1446 4214 docere
1495 4172 1781 4230 coeperunt
1828 4159 1988 4215 initio

405 4255 549 4310 facto
597 4271 626 4309 a
673 4253 1002 4310 Jerusalem.
1063 4252 1152 4306 Sic
1212 4249 1364 4306 enim
1413 4251 1679 4320 scriptum
1729 4261 1850 4308 erat
1918 4253 1988 4307 ab

405 4348 546 4406 isaia
575 4366 589 4402 :
628 4367 646 4400 ι
679 4347 723 4402 Ε
757 4345 890 4402 Sion
932 4344 1251 4424 egredietur
1278 4343 1390 4409 lex,
1421 4352 1478 4400 et
1501 4344 1735 4400 verbum
1767 4345 1986 4400 Domini

406 4441 475 4498 de
502 4439 808 4497 Jerusalem
836 4439 903 4492 “.
943 4455 963 4490 ι
995 4437 1169 4493 Judaei
1220 4452 1350 4492 vero
1383 4436 1564 4493 adhuc
1605 4436 1773 4491 corde
1812 4451 1990 4490 occae-

408 4545 534 4590 cato
564 4533 802 4604 praediti,
841 4547 952 4587 non
1003 4531 1426 4595 intellexerunt;
1469 4537 1525 4585 et
1575 4529 1863 4597 impletum
1903 4535 1990 4582 est

410 4627 467 4682 in
521 4626 674 4696 ipsis,
706 4624 856 4694 quod
891 4623 946 4678 in
976 4623 1095 4693 lege
1116 4622 1379 4678 scribitur
1410 4639 1424 4676 :
1472 4640 1490 4673 ι
1548 4619 1774 4688 Linguis
1807 4617 1983 4684 novis,

409 4727 466 4774 et
495 4718 619 4772 aliis
652 4716 813 4771 labiis
858 4716 1053 4785 loquar
1080 4714 1282 4784 populo
1324 4714 1435 4778 isti,
1467 4719 1523 4767 et
1554 4726 1736 4780 neque
1770 4710 1850 4764 sic
1883 4725 1986 4764 au-

409 4811 565 4868 client
594 4825 703 4872 me,
754 4809 888 4864 dicit
931 4807 1198 4862 Dominus
1222 4807 1290 4861 ⁸³.
1330 4823 1348 4857 ›
1383 4805 1450 4859 Et
1494 4803 1727 4872 apostoli
1760 4802 1982 4871 quidem

412 4901 674 4972 populum
710 4900 993 4964 docentes,
1019 4897 1309 4967 jusserunt
1339 4896 1394 4949 in
1425 4894 1710 4949 Christum
1735 4892 1986 4958 credere,

411 4978 676 5062 illumque
709 4990 985 5050 conﬁteri.
1017 4988 1162 5058 quod
1198 4989 1270 5042 sit
1299 4986 1467 5040 Filius
1492 4984 1589 5040 Dei
1624 4983 1880 5039 viventis.
1922 4985 1992 5040 Et

411 5089 552 5144 facta
602 5095 733 5141 sunt
780 5101 877 5153 per
905 5085 1032 5138 illos
1079 5081 1451 5145 miracula,et
1494 5078 1744 5148 prodigia
1795 5080 1986 5145 multa,

411 5197 520 5237 non
553 5190 735 5236 tamen
767 5194 834 5232 ea
859 5193 968 5246 qua
992 5175 1248 5230 Christus
1279 5172 1538 5238 faciebat,
1575 5171 1906 5226 auctoritate
1934 5182 1990 5225 ct

412 5284 701 5344 potestate,
737 5274 831 5326 sed
879 5281 1140 5348 taqguam
1193 5282 1222 5320 a
1269 5269 1450 5321 servis
1497 5275 1555 5320 et
1591 5265 1880 5320 ministris.
1929 5265 1988 5319 In

413 5366 634 5420 nomine
701 5363 850 5417 enim
894 5360 1101 5415 Christi
1135 5357 1398 5413 miracula
1454 5358 1714 5421 edebant,
1767 5359 1848 5412 sic
1905 5359 1990 5414 di-

410 5456 587 5511 cendo
619 5475 632 5507 :
666 5473 684 5505 ι
727 5454 786 5506 In
820 5453 1044 5506 nomine
1090 5451 1220 5505 J-esu
1249 5449 1456 5505 Christi
1487 5452 1660 5506 visum
1707 5451 1911 5520 recipe,
1959 5472 1977 5503 ι

407 5557 464 5604 et
494 5547 670 5600 visum
705 5543 912 5609 recepit
955 5557 1172 5596 caicus:
1207 5561 1225 5594 ι
1267 5543 1324 5596 lu
1356 5543 1580 5597 nomine
1618 5542 1747 5597 Jcsu
1777 5543 1984 5599 Christi

405 5635 529 5693 Filii
563 5633 660 5688 Dei
689 5642 941 5703 resurgat
983 5643 1252 5702 mortuus,
1294 5654 1314 5687 ι
1351 5643 1408 5690 et
1449 5635 1708 5690 surrexit.
1746 5636 1827 5705 Et
1886 5635 1990 5690 hoc

475 5814 521 5844 ³⁸
564 5809 736 5863 Marc.
773 5825 914 5881 73m.
974 5816 1063 5881 H,
1125 5815 1204 5869 15.

401 5877 424 5938 l
451 5883 578 5939 Cor.
617 5892 728 5942 xw,
759 5880 845 5935 21.

1607 451 1933 514 JOANNIS
1971 452 2495 519 CANTACUZENI

1317 5819 1363 5851 ²⁹
1405 5819 1518 5874 Luc
1582 5834 1727 5882 χχιιι,
1794 5819 1880 5874 59.
1959 5818 2001 5850 ³ο
2041 5819 2169 5874 Luc.
2211 5837 2267 5897 χ,
2324 5820 2405 5875 l9.
2485 5821 2525 5854 ³¹
2571 5822 2668 5878 lsa.
2725 5822 2989 5887 xviii,ll.

3555 461 3658 525 500

2559 573 2906 627 AliOADFIA
2942 563 3175 628 't‘PtTlH.

2077 665 2208 720 Ὅτι
2233 670 2384 734 μετὰ
2424 666 2542 734 τὴν
2568 667 2674 720 τοῦ
2715 666 2948 734 Κυρίου
2983 666 3298 735 ἀνάληψιν
3327 668 3382 719 ol
3425 665 3658 719 δώδεκα

2139 761 2298 827 μαθη
2308 759 2396 813 ταὶ
2423 760 2610 814 αὑτοῦ
2632 758 2842 816 πᾶσαν
2858 760 2973 823 τὴν
2992 759 3353 826 οἰκουμένην
3372 759 3660 821 ἐδίδαξαν

2145 850 2268 916 τοῖς
2281 852 2541 920 θαύμασι
2561 852 2974 920 πιστούμενοι,
2991 851 3083 904 καί
3105 851 3239 917 περὶ.
3261 849 3362 916 τῆς
3393 849 3482 902 ἀεὶ
3505 854 3658 916 [Iap-

2143 945 2320 998 θένου
2357 946 2672 1007 Θεοτόκου,
2702 945 2788 998 ἐτι
2830 960 2894 998 τε
2927 943 3061 1010 περὶ
3109 943 3221 1010 τῆς
3259 943 3365 996 τοῦ
3397 941 3659 1008 Χριστοῦ

2140 1037 2504 1106 ἐρωτήσεως,
2533 1037 2629 1091 καὶ
2659 1035 2764 1090 τοῦ
2794 1036 3063 1103 σταυροῦ
3085 1035 3186 1089 καὶ
3225 1033 3344 1088 τῶν
3377 1033 3654 1111 εἰκόνων.

2145 1132 2222 1185 α’.
2275 1133 2372 1183 Οτι
2397 1131 2494 1200 μὲν
2520 1129 2797 1200 ὁΧριστὸς
2831 1131 2860 1182 6
2878 1129 3007 1190 Υἱὸς
3035 1129 3129 1181 τοῦ
3148 1127 3285 1179 Θεοῦ
3305 1128 3398 1178 καὶ
3413 1127 3542 1187 Θεὸς
3567 1123 3662 1176 καὶ

2074 1223 2364 1290 ἄνθρωπος
2392 1219 2672 1290 ἐκηρύχθη
2724 1219 2877 1290 παρὰ
2931 1235 2993 1272 τε
3038 1220 3148 1271 τῶν
3177 1217 3352 1284 ἁγίων
3393 1216 3488 1269 καὶ
3519 1231 3653 1283 προι

2075 1314 2286 1385 φητῶν,
2308 1314 2442 1368 ἀλλά
2471 1313 2534 1383 δὴ
2553 1314 2649 1367 καὶ
2669 1312 2800 1382 παρ’
2825 1310 2991 1365 αὑτοῦ
3017 1310 3110 1364 τοῦ
3143 1309 3276 1362 Θεοῦ
3308 1309 3405 1362 καὶ
3428 1307 3660 1374 Πατρδς,

2080 1407 2279 1469 ἱκανῶς
2314 1408 2371 1459 ὲν
2404 1409 2519 1468 τοῖς
2576 1403 2888 1474 ἔμπροσθεν
2943 1402 3346 1456 ἀποδέδεικται.
3396 1399 3534 1468 Φέρε
3594 1398 3659 1466 δ]

2077 1496 2260 1550 λοιπὸν
2293 1497 2675 1562 ἐξετάσαντες,
2715 1496 2917 1564 ἴδωμεν
2965 1493 3062 1548 καὶ
3101 1494 3230 1563 περὶ
3276 1491 3499 1545 πάντων
3547 1488 3660 1541 τῶν

2080 1591 2220 1654 μετὰ
2259 1594 2434 1640 ταῦτα
2488 1584 3052 1655 ἐπακολουθησάντων
3105 1581 3471 1653 πραγμάτων.
3516 1581 3661 1649 Προ-

2077 1679 2252 1736 ειπὼν
2291 1681 2400 1750 γὰρ
2433 1679 2736 1748 όΧριστὸς,
2775 1678 2859 1730 δτι
2895 1697 2913 1730 ι
2937 1677 3070 1730 Ἰδοὺ
3096 1673 3376 1729 ἀναϐαίνω
3411 1671 3547 1742 πρὸς
3567 1669 3660 1722 τὸν

2082 1772 2300 1842 Πατέρα
2331 1788 2431 1839 μου
2468 1791 2487 1824 ι
2521 1773 2575 1822 ἓν
2610 1773 2677 1842 τῇ
2704 1768 2824 1839 ὥρᾳ
2864 1772 2963 1839 τῆς
2993 1767 3158 1820 αὐτοῦ
3192 1765 3536 1834 ἀναλήψεως,
3567 1760 3660 1814 λέ-

2004 1898 2051 1958 B
2081 1882 2168 1933 γει
2218 1867 2331 1926 τοῖς
2381 1859 2560 1932 ἁγίοις
2606 1859 2771 1914 αὑτοῦ
2835 1856 3110 1928 μαθηταῖς
3164 1858 3260 1911 καὶ
3315 1852 3662 1916 ἀποστόλοις,

2087 1975 2104 2010 ι
2146 1953 2514 2026 Πορευθέντες
2543 1955 2624 2015 είς
2653 1952 2746 2005 τὸν
2777 1952 2982 2022 κόσμον
3012 1952 3249 2011 ἅπαντα,
3277 1946 3553 2020 κηρύξατε
3597 1948 3661 1995 τὸ

2080 2050 2411 2117 Εὐαγγέλιον
2457 2047 2605 2120 πάσῃ
2642 2048 2709 2117 τῇ
2747 2045 2947 2102 κτίσει,
2984 2045 3043 2096 '0
3097 2043 3398 2103 πιστεύσας
3439 2039 3532 2093 καί
3565 2037 3661 2107 βα-

2080 2142 2329 2206 πτισθεὶς
2376 2141 2684 2210 σωθήσεται
2712 2156 2726 2214 ξ
2818 2138 2877 2191 δὲ
2918 2138 3224 2204 ἀπιστήσας
3258 2132 3662 2202 κατακριθήσεο

2077 2253 2190 2288 ται.
2237 2231 2427 2302 Ὑμεῖς
2459 2209 2520 2284 δξ
2567 2209 2831 2284 καθίσατε
2875 2231 2934 2281 ὲν
2973 2229 3039 2297 τῇ
3085 2226 3238 2279 πόλει
3275 2223 3659 2293 Ἰερουσαλὴμ,

2079 2328 2182 2389 ἕως
2215 2344 2278 2380 ου
2311 2322 2603 2392 ἐνδύσησθε
2625 2321 2722 2393 τὴν
2745 2323 2804 2386 ἐξ
2833 2320 3001 2389 ὕψους
3022 2319 3273 2388 δύναμιν.
3305 2335 3321 2368 ι
3353 2317 3458 2369 Καὶ
3483 2329 3662 2384 πρνισο

2081 2420 2416 2490 κύνησα-ιτες
2462 2414 2728 2484 ἀπῆλθον.
2784 2415 2892 2468 Καὶ
2935 2413 3052 2481 μεθ’
3085 2410 3304 2481 ἡμέρας
3352 2405 3525 2471 τινὰς,
3555 2423 3658 2458 κα-

2079 2506 2340 2577 θημένων
2367 2501 2708 2574 ὁμοθυμαδὸν
2745 2500 2852 2553 τῶν
2895 2499 3233 2560 ἀποστόλων,
3272 2498 3494 2565 ἐγένετο
3528 2490 3661 2564 ἦχος

2080 2599 2271 2668 ῶσπερ
2303 2596 2534 2667 σφοδροῦ
2563 2611 2710 2655 τινος
2745 2591 3079 2662 πνεύματος,
3113 2593 3207 2644 καὶ
3245 2589 3662 2657 ἐνεπλήσθησαν

2081 2694 2324 2754 ἅπαντες
2376 2689 2528 2751 θείας
2563 2690 2808 2757 χάριτος,
2842 2687 2939 2754 οὐχ
2986 2685 3063 2748 ὡς
3115 2683 3393 2744 ἀδυνάτως
3441 2680 3662 2750 ἔχοντος

2081 2785 2174 2838 τοῦ
2205 2784 2444 2854 Χριστοῦ
2471 2779 2656 2833 δοῦναι
2679 2779 2862 2840 αὐτοῖς
2892 2778 2990 2848 τὴν
3012 2777 3194 2846 χάριν,
3225 2774 3306 2827 ἔτι
3336 2769 3664 2842 εὑρισκομέ-

2081 2897 2172 2934 νου
2205 2875 2371 2931 αὑτοῦ
2405 2875 2465 2927 ὲν
2500 2876 2568 2944 τῇ
2603 2874 2699 2942 γῇ,
2748 2871 2867 2926 ἀλλ’
2893 2872 2981 2923 ἵνα
3025 2869 3197 2938 γνῶσι
3229 2869 3430 2928 πάντες
3466 2865 3546 2918 ὅτι
3579 2859 3661 2926 είς

2082 2970 2216 3034 Θεός
2244 2970 2392 3022 ἐστιν
2424 2969 2452 3020 6
2489 2967 2680 3036 Πατὴρ
2715 2965 2809 3018 καὶ
2837 2963 2867 3015 6
2904 2962 3174 3024 Υίδςμοαλ.
3209 2961 3307 3031 μία
3340 2964 3434 3012 καὶ
3457 2959 3492 3027 ἡ
3520 2955 3658 3026 αΰτή

2084 3069 2200 3118 ἐστι
2236 3061 2328 3116 τοῦ
2353 3079 2411 3115 τε
2442 3061 2656 3130 Πατρδς
2679 3059 2776 3112 καὶ
2802 3056 2896 3112 τοῦ
2926 3054 3058 3109 Υίοῦ
3089 3055 3251 3125 φύσις
3282 3052 3379 3106 καὶ
3406 3049 3661 3117 δύναμις.

2088 3159 2296 3212 Ἔδωκε
2328 3155 2425 3223 μὲν
2463 3156 2490 3206 6
2525 3153 2761 3222 Χριστὸς
2813 3151 2894 3204 ἔτι
2929 3153 2989 3203 ὲν
3022 3152 3088 3219 τῇ
3137 3150 3209 3217 γῇ
3255 3145 3330 3198 ῶν
3363 3142 3500 3214 πρὸς
3529 3142 3660 3202 τοὺς

2009 3237 2050 3294 C
2087 3247 2420 3310 ἀποστόλους
2435 3245 2666 3315 δύναμιν
2693 3244 2788 3297 καὶ
2824 3240 3076 3309 ἐξουσίαν
3099 3257 3118 3291 t
3147 3239 3240 3292 τοῦ
3271 3235 3460 3289 πατεῖν
3478 3231 3664 3285 ἐπάνω

2083 3342 2262 3410 ὄφεων
2311 3340 2407 3394 καὶ
2441 3337 2740 3408 σκορπίων,
2781 3338 2878 3388 καὶ
2922 3335 3016 3386 ἐπὶ
3055 3333 3240 3385 πᾶσαν
3295 3328 3396 3399 τὴν
3432 3324 3666 3394 δύναμιν

2083 3433 2177 3488 τοῦ
2213 3430 2432 3503 ἑχθροῦ,
2452 3449 2471 3481 ι
2494 3428 2761 3495 τουτέστι,
2777 3428 2870 3481 τοῦ
2892 3425 3137 3480 διαὸόλου
3159 3439 3172 3453 ’
3189 3418 3477 3476 ἀπέστειλε
3492 3417 3550 3470 δὲ
3569 3414 3666 3470 καὶ

2084 3529 2112 3580 6
2141 3525 2275 3588 Θεὸς
2305 3523 2401 3576 καὶ
2431 3521 2622 3592 Πατὴρ
2655 3521 2755 3591 τὴν
2781 3521 2943 3589 χάριν
2974 3517 3138 3573 αὑτοῦ
3177 3518 3258 3578 είς
3288 3513 3490 3576 αὐτούς
3509 3529 3523 3544 ο
3569 3509 3666 3564 καὶ

2085 3617 2518 3691 ἐμπλησθέντες,
2547 3613 2625 3677 ὡς
2651 3613 2892 3683 εἴρηται,
2926 3611 2976 3663 oi
3013 3605 3305 3662 ἀπόστολοι
3335 3603 3484 3664 θείας
3512 3601 3667 3671 χάρι-

2085 3731 2199 3776 τος,
2228 3711 2472 3778 ἔγνωσαν
2503 3707 2573 3760 τὰ
2599 3706 2740 3776 ὑπὲρ
2773 3704 2937 3772 φύσιν
2964 3702 3199 3764 ἕκαστος
3234 3696 3440 3758 αὐτῶν,
3483 3696 3667 3746 πᾶσαν

2087 3803 2340 3872 γλῶσσαν
2387 3798 2589 3861 παντὸς
2618 3796 2813 3865 γένους
2857 3795 2951 3848 τοῦ
3001 3794 3106 3846 ὑπὸ
3134 3793 3228 3846 τὸν
3262 3789 3492 3859 οὐρανὸν
3523 3785 3668 3842 κατὰ

2088 3897 2272 3949 πᾶσαν
2307 3891 2614 3961 ἀκρίϐειαν.
2651 3889 2763 3942 Καὶ
2812 3887 3004 3940 σκόπει
3039 3885 3181 3939 διατί
3206 3902 3221 3951 ;
3249 3883 3370 3935 Ὀτι
3405 3877 3670 3951 ἐνεχειρίο

2091 3990 2296 4054 σθησαν
2334 3982 2435 4054 τὴν
2467 3983 2568 4051 τῆς
2618 3981 2950 4048 οἰκουμένης
3002 3975 3356 4031 διδασκαλίαν
3390 3974 3487 4026 καὶ
3535 3988 3670 4043 προ-

2091 4080 2338 4143 στασίαν,
2371 4075 2527 4146 ἐδόθη
2566 4077 2703 4144 πρὸς
2724 4073 2921 4141 autem
2950 4071 2982 4142 ἡ
3008 4071 3117 4123 τῶν
3150 4067 3418 4136 γλωσσῶν
3439 4063 3667 4132 γνῶσις,

2089 4177 2176 4230 ἵνα
2207 4173 2285 4244 μὴ
2315 4171 2478 4241 ἔχωσι
2512 4167 2702 4238 χρείαν
2727 4164 3033 4236 ἑρμηνέως,
3055 4161 3339 4216 ἀλιλάὺτοὶ
3368 4159 3672 4228 εὑρίσκων-

2089 4283 2181 4321 ται
2230 4265 2326 4318 καὶ
2364 4261 2629 4330 ἑρμηνεῖς
2660 4259 2756 4310 καλ⁵
2800 4254 3115 4311 διδάσκαλοι
3163 4252 3257 4304 καὶ
3311 4251 3550 4322 ἤρξαντο
3592 4249 3668 4300 δι-

2089 4359 2312 4412 δάσκειν
2345 4351 2642 4422 ἀρξάμενοι
2673 4349 2779 4402 ἀπὸ
2825 4346 3201 4418 Ἰερουσαλήμ.
3233 4343 3393 4398 Οὕτω
3435 4344 3540 4410 γὰρ
3571 4341 3665 4408 γέ-

2092 4462 2335 4516 γραπται
2378 4444 2466 4497 διὰ
2513 4441 2608 4495 τοῦ
2648 4440 2895 4505 Ἠσαίου,
2943 4459 2963 4492 ι
3006 4439 3101 4492 Ἐκ
3149 4437 3289 4490 Σιὼν
3323 4435 3654 4502 ἐξελεύσεται

2016 4569 2067 4630 D
2095 4542 2280 4608 νόμος.
2317 4537 2414 4590 καὶ
2441 4537 2602 4604 λόγος
2637 4533 2843 4604 Κυρίου
2876 4530 3351 4630 ὲξ“’1ερουσαλήμ.
3383 4543 3401 4577 ι
3433 4526 3500 4630 9i
3527 4521 3658 4630 γοῦν

2105 4629 2349 4683 Ἰουδαῖοι
2380 4626 2462 4678 ἔτι
2486 4624 2910 4695 πεπωρωμένην
2938 4621 3152 4690 ἔχοντες
3193 4620 3293 4690 τὴν
3325 4615 3570 4687 καρδίαν,
3601 4612 3666 4666 οὐ

2095 4721 2358 4790 συνῆκαν.
2393 4719 2505 4773 Καὶ
2543 4716 2839 4787 ἐπληρώθη
2869 4716 2956 4768 ἐπ’
2993 4715 3179 4776 αὐτοῖς
3214 4714 3273 4766 τὸ
3303 4714 3361 4764 ἐν
3400 4706 3478 4778 τῷ
3519 4707 3672 4777 νόμῳ

2092 4813 2505 4883 γεγραμμένον,
2542 4811 2627 4875 τὸ,
2661 4827 2682 4861 ‹
2728 4809 2817 4861 Ἐν
2843 4805 3266 4876 ἑτερογλώσσοις
3295 4803 3391 4856 καὶ
3420 4803 3478 4853 ὲν
3503 4799 3677 4871 χείλε-

2097 4924 2182 4961 σιν
2216 4907 2426 4974 ἑτέροις
2461 4903 2684 4973 λαλήσω
2709 4901 2787 4969 τῷ
2816 4901 2932 4969 λαῷ
2960 4903 3157 4968 τούτῳ,
3213 4897 3308 4950 καὶ
3352 4894 3461 4948 οὐδ’
3498 4893 3677 4955 οὕτως

2097 4995 2509 5051 εἰσακούσονταί
2566 5013 2694 5063 μου,
2723 4993 2874 5060 λέγει
2907 4993 3135 5060 Κύριος.
3186 5008 3204 5041 ι
3238 4988 3345 5042 Καὶ
3377 4986 3566 5053 ἔλεγον
3597 4984 3678 5037 δι-

2097 5089 2387 5150 δάσκοντες
2417 5087 2467 5139 οἱ
2497 5085 2788 5139 ἀπόστολοι
2811 5085 2902 5136 τὸν
2935 5083 3083 5147 λαὸν,
3123 5082 3273 5141 ὅπως
3303 5076 3676 5130 πιστεύσωσιν

2099 5187 2178 5245 εἰς
2208 5183 2296 5236 τὸν
2329 5183 2590 5254 Χριστὸν,
2628 5183 2725 5237 καὶ
2751 5179 3112 5250 ὁμολογῶσιν,
3145 5180 3223 5230 ὅτι
3257 5171 3413 5238 οὗτός
3460 5177 3610 5227 ἐστιν
3649 5175 3678 5224 6

2099 5277 2229 5341 Υἱὸς
2260 5277 2353 5329 τοῦ
2385 5275 2520 5328 Θεοῦ
2574 5275 2667 5327 τοῦ
2703 5274 2926 5338 ζῶντος.
2963 5275 3072 5328 Καὶ
3124 5273 3375 5338 ἐγένοντο
3425 5269 3513 5320 διὰ
3563 5266 3677 5319 τῶν

2101 5371 2416 5424 ἀποστόλων
2445 5371 2700 5437 θαύματα
2726 5372 2819 5423 καὶ
2847 5369 3107 5438 τεράστια
3131 5368 3357 5432 ἄπειρα,
3381 5363 3480 5431 οὐχ
3506 5360 3680 5422 οὕτως

2101 5462 2439 5524 αὑθεντικῶς
2501 5465 2597 5516 καὶ
2652 5460 3076 5527 ὲξουσιαστιιιῶς
3139 5457 3329 5527 ὥσπερ
3381 5454 3607 5523 ἐποίησε
3649 5451 3680 5504 6

2097 5555 2356 5624 Χριστὸς,
2388 5555 2506 5608 ἀλλ’
2553 5554 2630 5619 ὡς
2676 5555 2852 5608 δοῦλοι
2885 5555 2977 5606 καὶ
3009 5550 3304 5621 ὑπηρέται.
3360 5547 3518 5601 Μετὰ
3565 5545 3674 5613 γὰρ

2097 5643 2191 5695 τοῦ
2226 5644 2491 5712 ὀνόματος
2541 5644 2633 5698 τοῦ
2679 5645 2922 5715 Χριστοῦ
2970 5639 3475 5713 ὲθαυματούργουν,
3526 5635 3674 5689 οὕτω

3099 5820 3140 5852 ³⁸
3188 5821 3292 5876 lsa.
3341 5835 3532 5885 3mm,
3568 5815 3672 5884 il;
