4090 6512
420 5694 439 5742 'l

511 379 612 445 50‘.

1455 380 1762 443 CONTRA
1803 376 2288 439 MAHOMETEM
2325 376 2703 439 APOLOGIA
2746 377 2857 438 ιιι.

3656 378 3762 442 .502

505 492 776 563 λέγοντες,
805 509 826 543 ι
876 491 964 545 Ἐν
990 490 1068 562 τῷ
1100 492 1325 562 ὀνόματι
1368 492 1546 562 Ἰησοῦ
1581 491 1825 564 Χριστοῦ
1858 489 2083 545 ἀνάϐλε-

2191 488 2335 544 idcm
2367 490 2623 546 dixerunt
2651 507 2775 544 cum
2803 500 3097 545 sanaretur
3124 493 3477 566 paralyticos.
3519 492 3664 559 Quin
3711 508 3767 544 Ill

499 586 630 659 ψον,
659 603 679 637 ι
713 587 808 638 καὶ
831 583 1128 639 ἀνέσλεπεν
1149 587 1177 641 ό
1203 584 1426 655 τυφλός.
1470 604 1489 637 ι
1514 584 1603 638 Ἐν
1634 583 1960 655 τῷ.όνόματι
1977 585 2084 651 Ἰη-

502 678 605 730 τσοῦ
628 676 867 748 Χριστοῦ
901 676 997 731 τοῦ
1038 678 1162 731 fieri
1192 678 1288 731 τοῦ
1316 677 1454 731 Θεοῦ
1482 679 1719 748 έγειραι,
1750 678 1779 730 ό
1813 676 2028 746 νεκρὸς,
2059 695 2076 726 ι

509 770 605 824 καὶ
637 769 915 826 ἀνίστατο.
973 768 1047 824 Τὸ
1091 771 1224 826 αὐτὸ
1266 771 1477 842 ἔλεγον,
1514 774 1610 826 καὶ
1645 768 2018 841 ἐθεραπεύετο
2056 771 2084 822 6

508 861 841 932 παράλυτος.
879 862 987 916 Καὶ
1016 863 1076 917 ἐν
1112 861 1190 934 τῷ
1217 863 1445 933 ὀνόματι
1480 863 1578 916 τοῦ
1610 862 1847 933 Χριστοῦ
1886 861 2082 932 ὲθερά-

510 970 676 1008 πευον
702 955 885 1008 πᾶσαν
908 955 1084 1022 νόσον,
1111 957 1207 1009 xal.
1236 957 1525 1009 ἐπίστευον
1550 955 1873 1026 καθημέραν
1898 954 2082 1025 πλήθη

508 1043 715 1116 ἄπειρα
734 1046 813 1108 είς
838 1046 931 1099 τὸν
962 1046 1221 1116 Χριστόν.
1248 1042 1384 1100 Εἶτα
1417 1047 1773 1118 μερισθέντες
1800 1049 1850 1099 oi
1874 1046 2082 1100 δώδεκα

506 1135 818 1197 ἀπόστολοι,
853 1136 1145 1206 διέδραμον
1190 1139 1281 1191 ἐπὶ
1333 1141 1516 1192 πᾶσαν
1567 1138 1665 1208 τὴν
1712 1138 1840 1208 γῆν,
1881 1141 1977 1191 καὶ
2027 1138 2084 1190 ὲ-

511 1226 744 1294 ποίησαν
770 1228 821 1279 οἱ
852 1226 1072 1289 ἀσεϐεῖς
1105 1226 1276 1282 πολλὰ
1309 1229 1453 1282 κακά
1495 1230 1586 1282 καὶ
1618 1233 1840 1283 ἐναντία
1870 1230 1950 1292 εἰς
1985 1228 2085 1283 αύ-

507 1315 655 1380 τοὺς,
688 1316 784 1368 καὶ
811 1318 889 1377 ei;
922 1322 1049 1382 τοὺς
1089 1320 1448 1384 πιστεύοντας
1478 1321 1556 1384 είς
1582 1323 1673 1375 τὸν
1699 1323 1958 1392 Χριστὸν,
1987 1321 2082 1375 καὶ

499 1407 834 1460 ἀπέκτεινον
861 1409 1188 1478 καθημέραν
1240 1414 1298 1464 ὲν
1332 1412 1614 1482 διαφόροις
1659 1416 1847 1477 τόποις
1899 1413 2081 1486 πλήθη

503 1498 851 1567 Χριστιανῶν
886 1500 1264 1571 ἀναρίθμητα.
1319 1504 1434 1557 Καὶ
1481 1507 1593 1573 γάρ
1623 1504 1770 1569 ἀπας
1798 1508 1827 1560 ὁ
1871 1507 2082 1577 κόσμος

501 1590 909 1663 εἰδωλολάτραι.
962 1592 1057 1659 Εἷς
1092 1597 1419 1669 Χριστιανὸς
1454 1598 1766 1669 ἐφονεύετο,
1815 1601 1908 1653 καὶ
1947 1600 2084 1654 δέκα

501 1684 737 1754 ἤρχοντο
765 1685 999 1740 δνώπιον
1041 1688 1150 1743 τῶν
1177 1690 1481 1761 τυράννων.
1529 1691 1675 1744 Δέκα
1709 1691 2079 1763 ἀπέθνησκον,

505 1776 603 1830 καὶ
633 1777 829 1831 ἑκατὸν
871 1778 1122 1850 ἡρχοντο,
1156 1782 1343 1852 χίλιοι,
1391 1783 1704 1854 τρισχίλιοι,
1734 1785 1865 1839 δέκα
1908 1786 1986 1855 χι)
2003 1786 2083 1839 ιά-

2192 580 2420 638 nomine
2481 581 2686 638 Christi
2754 582 3021 638 sanabant
3079 599 3296 640 omnem
3358 586 3653 650 morbum;
3714 594 3773 637 ct

2192 673 2438 743 quotidie
2470 675 2655 729 nuiltze
2696 673 2981 728 hominum
3022 674 3196 731 turba:
3226 675 3278 729 in
3323 676 3602 733 Christum
3644 688 3771 729 cre-

2192 765 2475 839 diderunt.
2510 766 2752 821 Tandem
2792 766 2952 823 divisi
3004 767 3297 822 duodecim
3342 767 3574 838 apostoli
3614 782 3773 837 pera-

2191 867 2493 929 graverunt
2521 867 2694 915 totum
2726 861 2934 916 orbem.
2966 861 3123 931 [mpii
3153 877 3284 916 vero
3312 861 3536 916 eosdem
3583 859 3771 913 uitiltis

2190 949 2353 1004 malis
2379 959 2441 1004 et
2471 951 2689 1006 damnis
2730 952 3063 1017 afﬂixerunt,
3097 953 3348 1022 aliosque
3382 953 3443 1008 in
3482 950 3767 1008 Christum

2190 1040 2500 1107 credentes,
2548 1052 2609 1097 ut
2638 1032 2890 1113 quotidie
2934 1043 3170 1099 diversis
3217 1044 3271 1098 in
3329 1044 3464 1099 locis
3515 1057 3769 1111 magnam

2191 1133 2509 1191 occiderent
2552 1132 2998 1189 Christianorum
3048 1135 3485 1190 multitudinem.
3528 1134 3774 1207 ,Univcr‘

2190 1240 2285 1279 sus
2308 1223 2454 1278 enim
2484 1224 2723 1278 mundus
2744 1224 3071 1279 idololatria:
3112 1225 3334 1281 deditus
3356 1235 3495 1279 erat.
3522 1224 3630 1279 Sed
3662 1239 3773 1278 uno

2185 1313 2504 1370 Christiano
2517 1314 2721 1376 occiso.
2738 1316 2923 1371 decem
2938 1332 3122 1372 coram
3144 1326 3257 1388 lyra
3267 1317 3389 1371 nnis
3400 1324 3769 1381 emerserunt;

2194 1415 2253 1461 et
2298 1405 2346 1461 si
2383 1407 2576 1461 decem
2622 1406 3033 1470 occiderentur,
3089 1410 3467 1477 exsurgebant
3496 1420 3719 1464 centum
3753 1427 3770 1474 ;

2189 1495 2233 1553 si
2258 1494 2427 1564 mille,
2448 1496 2791 1567 apparebant
2822 1496 3011 1552 decem
3046 1499 3250 1565 millia;
3286 1500 3330 1553 si
3359 1500 3548 1554 decem
3578 1501 3770 1562 millia.

2189 1588 2384 1661 viginti
2424 1590 2596 1645 millia
2634 1589 3007 1645 succedebant
3051 1591 3104 1645 in
3143 1592 3488 1662 martyrium.
3522 1591 3603 1646 Ne
3640 1607 3772 1646 vero

2190 1680 2356 1735 verba
2389 1693 2511 1734 mea
2542 1694 2570 1734 a
2606 1679 2791 1735 multis
2822 1695 2923 1735 ceu
2957 1679 3083 1734 ilcta
3127 1697 3249 1736 esse
3288 1680 3632 1752 iudicentur,
3660 1681 3762 1734 mi-

2188 1786 2294 1827 nus
2333 1770 2458 1826 dico
2481 1786 2646 1841 quam
2681 1772 2886 1827 veritas
2924 1770 3002 1826 rei
3050 1771 3317 1841 postulet.
3361 1771 3577 1859 Sazpips
3620 1771 3770 1825 enim

503 1867 613 1934 δες,
649 1867 826 1923 εἴκοσι
858 1870 1095 1941 χιλιάδες
1138 1874 1370 1944 ίἤρχοντο
1399 1878 1479 1939 είς
1507 1878 1570 1929 τὸ
1620 1877 1940 1949 μαρτύριον.
1962 1879 2083 1932 Ἵνα

2187 1878 2297 1919 uno
2341 1861 2431 1918 die
2465 1863 2830 1919 crediderunt
2864 1863 3150 1918 hominum
3205 1857 3606 1934 quinquaginta
3648 1861 3769 1915 mil-

503 1959 563 2013 δὲ
590 1957 666 2032 μὴ
689 1959 919 2027 δόξωσιν
941 1965 1023 2028 είς
1052 1969 1177 2026 τοὺς
1210 1968 1438 2031 πολλοὺς
1460 1968 1508 2021 οι
1534 1968 1682 2039 λόγοι
1715 1987 1819 2041 μου
1841 1969 2103 2041 ψευδεῖς,’

505 2053 648 2119 λέγω
680 2053 882 2123 μᾶλλον
911 2054 1170 2120 ἐλάττους
1206 2059 1308 2129 τῆς
1352 2060 1635 2132 ἀληθείας.
1672 2063 1781 2116 Καὶ
1814 2063 1925 2135 γὰρ
1955 2062 2083 2116 πολ-

503 2144 662 2210 λάκις
681 2146 968 2201 ἐπίστευον
989 2148 1087 2220 τὴν
1108 2151 1325 2222 ἡμέραν
1342 2155 1683 2225 πεντήκοντα
1710 2156 1969 2225 χιλιάδες,
1987 2156 2083 2210 καὶ

505 2238 786 2292 ἐπέκεινα.
823 2240 929 2291 Καὶ
961 2238 1155 2313 ὥσπερ
1188 2244 1296 2297 ἀπὸ
1326 2245 1436 2298 τῶν
1493 2248 1811 2316 κτισμάτων
1855 2243 2021 2319 ἦλθεν
2052 2250 2082 2303 ὁ

501 2324 712 2390 δίκαιος
758 2325 1016 2399 Ἀδραάμ
1045 2331 1126 2392 είς
1157 2331 1257 2400 τὴν
1292 2332 1471 2403 ἀληθῆ
1496 2334 1719 2402 γνῶσιν,
1764 2337 1859 2389 καὶ
1883 2353 2081 2408 προσε-

510 2417 730 2489 κύνησε,
762 2421 857 2474 καὶ
916 2421 1203 2477 ἐδούλευσε
1236 2426 1315 2495 τῷ
1373 2427 1520 2497 μόνῳ
1571 2429 1733 2498 φύσει
1792 2431 1905 2486 ὄντι
1933 2432 2076 2503 Θεῷ,

518 2504 677 2572 οὕτως
705 2509 815 2564 άπὸ
842 2511 953 2566 τῶν
980 2512 1075 2573 τοῦ
1098 2515 1337 2583 Χριστοῦ
1369 2515 1666 2588 θαυμάτων
1692 2521 1787 2575 καὶ
1818 2525 1924 2576 τῶν
1947 2524 2081 2577 ἀπο-

513 2600 709 2653 στόλων
737 2596 902 2672 ἦλθον
926 2605 995 2657 τὰ
1035 2605 1163 2676 ἔθνη
1216 2608 1420 2678 ὁμοίως
1448 2610 1530 2673 εις
1559 2610 1660 2681 τὴν
1694 2613 1792 2681 τῆς
1820 2613 2081 2684 ἀληθείας

509 2692 830 2763 κατάληψιν,
869 2697 964 2750 καὶ
995 2698 1421 2771 προσεκύνησαν
1470 2704 1566 2756 καὶ
1594 2703 1955 2775 ὡμολόγησαν
2004 2707 2082 2760 δι-

506 2784 671 2848 καίως
703 2786 786 2839 ὅτι
818 2787 985 2851 αὐτός
1018 2791 1170 2843 ἐστιν
1200 2789 1417 2861 ἀληθῶς
1448 2792 1477 2845 ὁ
1520 2794 1714 2867 Σωτὴρ
1739 2795 1835 2848 τοῦ
1876 2799 2080 2868 κόσμου

502 2873 536 2925 ὁ
559 2875 812 2945 Χριστὸς,
844 2878 1009 2941 αὐτός
1041 2883 1191 2934 ἐστιν
1225 2882 1253 2934 ό
1286 2882 1413 2945 Υἱὸς
1440 2883 1537 2937 τοῦ
1568 2885 1704 2939 Θεοῦ
1734 2887 1825 2939 τοῦ
1854 2887 2078 2954 ζῶντος,

502 2967 535 3020 ὁ
565 2967 769 3038 ἀληθὴς
792 2969 947 3034 Θεός.
982 2972 1154 3026 Πόθεν
1179 2972 1274 3027 οὖν
1306 2975 1527 3044 ἐγένετο
1559 2976 1750 3041 τοῦτο;
1788 2979 1898 3033 ἀπὸ
1921 2982 2080 3046 ποίας

502 3059 790 3130 δυνάμεως
839 3064 935 3116 καὶ
989 3065 1207 3134 ίσχύος;
1236 3067 1346 3120 ἀπὸ
1378 3068 1535 3121 ποίου
1567 3069 1805 3123 πλούτου
1852 3073 1946 3125 καὶ
1985 3090 2083 3141 με·

2183 1957 2280 2020 lia,
2310 1965 2366 2012 et
2406 1956 2664 2025 amplius.
2699 1955 2767 2011 Et
2792 1955 3260 2027 quemadmodum
3310 1971 3340 2010 a
3376 1956 3647 2010 creaturis
3697 1954 3767 2008 ad

2185 2065 2369 2105 veram
2418 2046 2786 2121 cognitionem
2827 2051 3081 2121 pervenit
3129 2050 3402 2104 Abraham
3447 2050 3664 2120 justus,
3710 2055 3767 2101 ct

2183 2142 2413 2198 servivit
2451 2143 2737 2214 eoluitque
2773 2144 2953 2198 solum
3009 2144 3178 2197 Deum
3210 2158 3439 2210 verum;
3481 2142 3563 2199 sic
3595 2143 3762 2198 etiam

2156 2230 2281 2304 ‘per
2310 2232 2515 2289 Christi
2548 2244 2605 2290 et
2628 2235 3007 2305 apostolorum
3045 2234 3307 2291 miracula
3339 2243 3534 2305 gentes
3566 2235 3765 2290 simili-

2184 2332 2269 2380 ter
2289 2325 2344 2380 in
2374 2326 2626 2381 veritatis
2652 2326 3022 2397 cognitionem
3056 2336 3451 2396 pervenerunt,
3488 2327 3769 2382 eamdem-

2183 2431 2291 2486 que
2320 2415 2635 2481 coluerunt,
2671 2428 2729 2472 et
2767 2415 3011 2486 perfecte
3045 2417 3285 2473 confessi
3316 2427 3448 2473 sunt
3481 2415 3765 2474 Christum

2183 2522 2373 2561 verum
2408 2521 2531 2563 esse
2571 2507 2760 2562 mundi
2787 2506 3152 2575 Salvatorcm,
3187 2507 3499 2581 Filiumque
3536 2511 3630 2565 Dei
3686 2513 3768 2565 vi-

2182 2598 2381 2660 ventis.
2418 2606 2475 2654 ct
2511 2616 2699 2656 verum
2728 2590 2945 2655 Deum.
3001 2601 3159 2658 Unde
3192 2601 3363 2672 igitur
3401 2603 3507 2658 hoc
3560 2603 3765 2658 factum

2181 2700 2267 2747 est
2289 2693 2312 2746 ?
2335 2708 2442 2763 qua
2465 2693 2668 2748 virtute
2692 2700 2748 2747 ct
2778 2694 3066 2763 potentia?
3101 2695 3306 2765 quibus
3341 2695 3540 2765 opibus
3571 2707 3626 2749 ct
3655 2711 3769 2749 ma-

2182 2780 2542 2852 gniﬁcentia?
2575 2799 2677 2853 per
2706 2800 2974 2854 quosnam
3002 2787 3364 2857 philosophos
3394 2797 3451 2842 et
3479 2791 3768 2864 orato:es?

2182 2874 2287 2929 Per
2324 2873 2536 2929 nullum
2586 2890 2849 2946 prorsus;
2884 2878 2981 2932 sed
3026 2880 3142 2934 sola
3178 2880 3274 2934 Dei
3329 2880 3569 2938 virtute.
3601 2897 3767 2949 quam

2185 2964 2484 3020 induerant
2518 2964 2810 3021 duodecim
2836 2970 3092 3036 apostoli,
3121 2970 3287 3026 rudes
3315 2982 3496 3033 antea,
3519 2983 3770 3042 agrestes

2180 3061 2239 3107 ct
2271 3053 2499 3108 inﬁrmi.
2533 3053 2625 3109 Sic
2651 3055 2798 3110 extim
2832 3056 3049 3113 dixerat
3080 3060 3189 3115 illis
3212 3060 3468 3116 Christus
3500 3079 3513 3115 :
3557 3081 3574 3112 ι
3618 3063 3762 3116 Ecce

504 3150 767 3218 γαλειου;
801 3152 909 3205 ἀπὸ
938 3156 1108 3207 ποίων
1149 3156 1458 3228 φιλοσόφων
1491 3160 1584 3213 καὶ
1630 3160 1914 3232 ρητόρωνς
1949 3164 2083 3217 Πάν-

2185 3146 2342 3198 mitto
2389 3160 2486 3198 vos
2523 3149 2782 3216 tauquam
2839 3164 2972 3206 oves
3021 3151 3077 3205 in
3131 3155 3315 3208 medio
3346 3153 3644 3224 luporum;
3700 3171 3770 3208 ne

501 3254 613 3301 τως
647 3239 739 3292 ἀπ’
768 3239 1005 3309 οὐδενὸς,
1033 3243 1067 3314 ἢ
1102 3243 1210 3296 ἀπὸ
1243 3244 1345 3315 τῆς
1374 3246 1469 3299 τοῦ
1509 3246 1644 3300 Θεοῦ
1672 3248 1980 3318 δυνάμεως,
2016 3251 2084 3320 ἢν

507 3330 827 3386 ὲνεδύσαντο
849 3335 899 3387 οἱ
914 3333 1123 3389 δώδεκα
1146 3338 1459 3401 ἀπόστολοι,
1479 3339 1529 3391 oi
1550 3339 1807 3407 ἀμαθεῖς,
1829 3342 1875 3393 oi
1902 3343 2086 3412 ἀγροι-

507 3440 618 3489 κοι,
638 3426 691 3477 οἱ
728 3424 1000 3490 ἀσθενεῖς.
1036 3427 1195 3481 Οὕτω
1225 3429 1333 3497 γὰρ
1381 3428 1604 3499 εἴρηκεν
1635 3432 1663 3483 ὀ
1689 3431 1924 3502 Χριστὸς
1947 3435 2086 3507 πρὸς

507 3515 727 3579 αὐτοὺς.
756 3517 838 3571 ὅτι
866 3535 888 3570 ι
935 3515 1071 3571 ’1δοῦ
1103 3519 1420 3592 ἀποστέλλω
1455 3521 1599 3590 ὑμᾶς
1636 3522 1710 3574 ὡς
1741 3524 1993 3592 πρόϐατα
2026 3527 2085 3582 ὲν

508 3602 660 3674 μέσῳ
687 3603 869 3658 λύκων
890 3621 905 3635 ο
945 3605 1021 3675 μὴ
1059 3587 1439 3678 μεριμνήσητε
1468 3587 1602 3674 γοῦν
1630 3610 1682 3664 τί
1707 3587 1925 3681 εἴττητε,
1957 3612 1990 3687 ἢ
2030 3615 2085 3668 τί

506 3691 780 3764 λαλήσητε
827 3692 1145 3766 εμπροσθεν
1183 3696 1386 3752 αὐτῶν.
1432 3697 1574 3768 Ἐγὼ
1615 3699 1726 3772 γὰρ
1767 3694 1927 3756 δώσω
1954 3703 2086 3774 ύμῖν

507 3785 683 3855 στόμα
712 3786 809 3840 καὶ
838 3787 1056 3856 σοφίαν,
1088 3782 1123 3862 ᾖ
1156 3789 1216 3841 οὗ
1256 3789 1580 3859 δυνήσονται
1616 3792 1939 3863 ἀντιστῆναι
1961 3795 2086 3851 οὐδὲ

507 3879 780 3945 ἀντειπεῖν
812 3879 1014 3944 πάντες
1038 3881 1085 3935 oi
1108 3880 1482 3952 ἀντικείμενοι
1516 3883 1666 3954 ὑμῖν.
1704 3904 1722 3936 ι
1759 3884 1871 3947 Καὶ
1905 3887 2085 3954 οὕτως

506 3972 748 4039 ἐγένετο.
805 3972 1013 4034 Πάντες
1049 3973 1098 4026 oi
1140 3972 1451 4042 φιλόσοφοι,
1486 3976 1690 4040 πάντες
1740 3977 1793 4030 oi
1827 3979 2083 4050 ῥήτορες,

507 4063 710 4127 πάντες
742 4065 792 4118 οἱ
844 4065 1013 4136 μάγοι
1070 4062 1243 4130 οὕτως
1273 4065 1563 4135 ἐφαίνοντο
1600 4068 1921 4146 ἔμπροσθεν
1972 4071 2085 4127 τῶν

506 4156 842 4224 ἀποστόλων,
882 4158 960 4223 ὡς
995 4157 1179 4230 ἰχθύες
1224 4160 1452 4228 ἀτωνοι.
1504 4163 1640 4217 Τότε
1697 4164 1993 4239 ἐπληρώθη
2047 4167 2083 4238 ἠ

514 4249 601 4303 τοῦ
623 4248 788 4302 Δαδὶδ
822 4250 1156 4321 προφητεία,
1185 4253 1218 4323 ἡ
1258 4250 1518 4320 λέγουσα,
1556 4273 1575 4307 ι
1623 4256 1734 4310 Καὶ
1763 4256 1994 4312 ἐλάλουν
2026 4261 2085 4314 ὲν

509 4346 618 4408 τοῖς
654 4344 979 4416 μαρτυρίοις
1009 4361 1105 4399 σου
1131 4346 1376 4401 ἐναντίον
1408 4347 1699 4417 βασιλέων,
1731 4355 1824 4403 καὶ
1856 4353 1958 4405 οὐκ
1987 4355 2087 4425 ᾐσ-

505 4437 771 4507 χυνόμην.
812 4457 832 4489 ι
880 4435 1042 4491 Ἀλλά
1093 4436 1158 4509 δὴ
1204 4439 1299 4492 καὶ
1337 4438 1432 4493 τοῦ
1472 4440 1793 4514 Ἡσαΐουμὴ
1840 4442 2084 4513 λέγουσα

2185 3236 2406 3290 solliciti
2438 3237 2583 3315 sitis,
2612 3236 2745 3308 quid
2792 3240 3015 3309 dicatis,
3050 3253 3145 3296 aut
3175 3244 3308 3312 quid
3341 3245 3643 3314 loquamini
3673 3262 3770 3299 co—

2186 3346 2301 3384 ram
2331 3331 2485 3400 ips's.
2517 3332 2631 3402 Ego
2653 3333 2803 3388 enim
2839 3334 2984 3389 dabo
3034 3334 3188 3391 vobis
3220 3351 3282 3392 os
3327 3347 3383 3391 et
3413 3339 3766 3407 sapientiam,

2184 3421 2273 3475 cui
2309 3437 2417 3475 non
2441 3433 2700 3490 poterunt
2734 3423 3014 3484 resistere.
3041 3443 3144 3484 uec
3171 3428 3558 3486 contradicere
3577 3446 3770 3487 omnes

2182 3517 2279 3584 qui
2328 3529 2449 3569 sese
2487 3527 2778 3586 opponunt
2811 3519 2976 3575 vobis
3001 3520 3070 3576 ³³.
3114 3537 3133 3573 ι
3178 3521 3242 3575 Ει
3278 3520 3360 3577 sic
3401 3523 3655 3578 evenisse
3689 3522 3771 3578 lc-

2183 3606 2379 3678 gimus.
2411 3605 2616 3663 Omnes
2663 3608 2810 3663 enim
2847 3611 3188 3682 philoSOphi,
3245 3630 3441 3672 omnes
3491 3617 3768 3684 rhetoreJ,

2183 3714 2375 3755 omnes
2405 3699 2570 3771 magi,
2607 3716 2797 3757 coram
2843 3706 3111 3774 apostolis
3145 3724 3246 3763 ceu
3287 3711 3466 3778 pisces
3492 3711 3627 3765 muti
3677 3728 3771 3780 ap—

2183 3802 2513 3864 paruerunt.
2537 3794 2696 3852 Tunc
2722 3797 3008 3868 impletum
3051 3810 3135 3857 est
3164 3803 3298 3859 illud
3327 3805 3551 3860 Davidis
3578 3806 3770 3860 vatici-

2184 3888 2337 3942 nium
2365 3908 2379 3943 :
2420 3905 2439 3939 ι
2467 3889 2536 3944 Ει
2569 3890 2837 3960 loquebar
2867 3892 2925 3946 in
2955 3896 3291 3952 testimoniis
3325 3897 3433 3953 tuis
3463 3912 3649 3952 coram
3685 3914 3773 3954 re—

2183 3974 2364 4047 gibus,
2392 3987 2448 4034 et
2471 3995 2581 4034 non
2612 3980 2998 4038 confundebar
3021 3984 3087 4040 “.
3118 4004 3135 4036 ι
3172 3985 3315 4052 Quin
3347 3997 3403 4042 et
3428 3988 3562 4042 illud
3593 3988 3766 4045 Isaias:

2191 4085 2211 4120 ι
2249 4068 2422 4136 Quam
2457 4070 2692 4142 speciosi
2741 4081 2871 4128 sunt
2923 4077 3090 4144 pedes
3127 4080 3626 4148 evangelizantium
3677 4099 3771 4152 pa-

2186 4173 2327 4220 cem.
2356 4160 2450 4229 qui
2495 4161 2829 4218 annuntiant
2869 4161 3010 4220 bona
3036 4165 3105 4219 ³³.
3151 4185 3170 4218 ι
3199 4167 3373 4224 Divisi
3416 4170 3604 4240 itaque
3638 4181 3771 4226 sunt

2183 4250 2442 4320 apostoli,
2473 4260 2528 4305 et
2561 4252 2795 4322 dispersi
2849 4253 2903 4307 in
2948 4257 3273 4314 universam
3311 4266 3547 4327 terram;
3579 4263 3771 4333 singu-

2183 4342 2334 4411 lique
2360 4342 2415 4396 in
2449 4343 2739 4415 illislocis,
2766 4345 2832 4400 ad
2865 4362 3002 4416 quos
3039 4361 3427 4419 pervenerant,
3455 4355 3769 4410 docuerunt

2182 4437 2562 4508 Evangellum.
2597 4439 2667 4494 Et
2703 4440 2928 4511 impleta
2974 4453 3060 4499 est
3089 4444 3311 4500 Davidis
3345 4446 3636 4516 prophetia
3685 4447 3771 4501 di-

500 4528 723 4598 ὁμοίως,
749 4527 826 4590 ὥς
866 4547 886 4580 ι
937 4529 1143 4597 Ὠρτῖοι
1165 4530 1215 4583 οἱ
1248 4531 1408 4595 πόδες
1437 4531 1546 4585 τῶν
1573 4533 2081 4607 εὐαγγελιζομένων

2186 4543 2354 4584 cens:
2390 4546 2409 4580 ι
2440 4531 2498 4584 1η
2527 4547 2745 4586 omnem
2766 4541 2966 4607 terram
2992 4535 3160 4591 exivit
3183 4551 3352 4593 sonus
3372 4554 3588 4603 eorum,
3622 4548 3679 4594 et
3713 4541 3767 4595 in

501 4619 749 4690 εἰρήνην,
784 4621 893 4674 τῶν
934 4620 1452 4693 εὐαγγελιζομένων
1496 4626 1566 4677 τὰ
1603 4624 1805 4694 ἀγαθά.
1844 4644 1864 4680 ι
1917 4628 2080 4700 Ἐμε-

505 4710 773 4782 ρίσθησαν
821 4712 931 4784 γὰρ
964 4713 1029 4766 οἱ·
1067 4702 1381 4781 ἀὲτὸστολοι,
1441 4719 1539 4772 καὶ
1581 4717 1963 4791 διεσπάρησαν
2000 4720 2083 4785 είς

503 4804 686 4857 πᾶσαν
720 4803 820 4872 τὴν
852 4805 980 4872 γῆν,
1006 4807 1102 4858 καὶ
1137 4804 1375 4871 ἐδίδαξεν
1426 4802 1507 4871 εἷς
1534 4808 1767 4875 ἕκαστος
1806 4813 1867 4865 τὸ
1897 4813 2085 4883 Εὐαγ-

504 4897 684 4964 γέλιον
732 4896 811 4960 είς
843 4895 903 4950 ὃν
934 4899 1103 4950 τόπον
1145 4897 1381 4969 ἀπῆλθε,
1427 4899 1522 4954 καὶ
1567 4901 1866 4974 ἐπληρώθη
1897 4908 1934 4976 ἡ
1985 4904 2082 4960 τοῦ

480 4988 692 5073 ⁴Διιιϐὶδ
718 4989 1045 5060 προφητεία,
1083 4990 1115 5060 ἡ
1152 4990 1413 5073 λέγουσα,
1449 5010 1468 5044 ι
1511 4994 1603 5056 Εἰς
1635 4996 1819 5049 πᾶσαν
1847 4996 1946 5067 τὴν
1978 4999 2084 5068 γῆν

504 5077 728 5149 ἐξῆλθεν
764 5081 792 5131 ὁ
818 5078 1055 5149 φθόγγος
1111 5080 1318 5145 αὐτῶν,
1349 5082 1444 5137 καὶ
1469 5085 1549 5147 είς
1603 5084 1674 5137 τά
1722 5085 1937 5156 πέρατα
1981 5087 2082 5156 τῆς

500 5170 831 5240 οἰκουμένης
883 5170 954 5223 τὰ
987 5171 1210 5242 ῥήματα
1252 5172 1452 5230 αὐτῶν.
1497 5193 1515 5226 ι
1550 5175 1759 5245 Excedat
1813 5177 1947 5246 γοῦν
1984 5179 2080 5231 καὶ

504 5260 582 5315 ῐδε
609 5262 703 5316 καὶ
733 5262 1001 5334 πρόσεεον
1032 5263 1298 5334 ἀκριϐῶς,
1331 5265 1412 5320 ὅτι
1451 5265 1672 5320 ἅπαντα
1702 5267 1803 5320 ὅσα
1839 5269 2085 5340 ἐγράφη-

506 5369 608 5406 σκν
659 5355 916 5423 ἐνταῦθα,
947 5357 1174 5427 οὐδεμία
1208 5357 1302 5411 καὶ
1338 5358 1477 5429 μόνη
1527 5358 1672 5426 λέξις
1717 5361 1935 5433 ἐγράφη
1984 5361 2083 5415 ἀπ’

505 5444 810 5517 ἀλλαχόθεν
838 5447 954 5502 ἀλλ’
984 5448 1017 5520 ἢ
1043 5449 1152 5503 ἀπὸ
1181 5449 1273 5503 τοῦ
1302 5452 1613 5533 ξίωῦσέως,
1641 5455 1749 5507 ἀπὸ
1782 5455 1894 5508 τῶν
1942 5470 2083 5527 προ-

505 5537 716 5607 φητῶν,
755 5540 867 5593 ἀπὸ
889 5539 985 5594 τοῦ
1019 5540 1204 5603 Δαόιδ.
1243 5543 1336 5596 καὶ
1361 5545 1469 5598 ἀπὸ
1496 5544 1592 5598 τοῦ
1628 5545 1989 5616 Εὐαγγελίου,
2023 5547 2084 5604 ἆ-

504 5645 614 5699 περ
640 5630 737 5684 καὶ
763 5631 969 5701 ὀφείλει
1001 5634 1146 5697 ἅπας
1174 5634 1605 5708 Μουσουλμάνος
1637 5638 1731 5692 ἵνα
1752 5638 1969 5708 στέρνη.
2004 5642 2082 5707 ὡς

488 5814 545 5827 ,η
575 5743 853 5827 ”,_Ma'uh.
876 5768 934 5827 χ.
976 5754 1040 5809 ιθ
1074 5754 1165 5819 ει),
1245 5756 1291 5789 ιι
1330 5757 1471 5814 Psal.
1508 5774 1696 5827 cxvnt,
1722 5761 1814 5815 ιτ.

511 5816 582 5886 5;
616 5816 753 5877 Rom
782 5825 954 5891 1,18.

1923 5763 1967 5795 ³³
2005 5777 2106 5819 ιεε.
2151 5762 2346 5836 ιιι,ξ7;
2378 5729 2619 5821 Nabum.
2651 5780 2696 5826 ι.
2730 5765 2815 5831 15ς
2853 5768 3011 5824 Rom.
3048 5784 3101 5835 ι,
3136 5767 3215 5823 15.

2184 4620 2452 4676 terminos
2513 4622 2667 4678 orbis
2721 4602 2924 4680 verba:
2962 4625 3208 4698 ipsorum
3264 4630 3330 4684 “.
3379 4649 3398 4679 ι
3462 4629 3770 4688 Considera

2183 4707 2374 4780 igitur,
2409 4710 2538 4766 vide
2581 4721 2637 4766 et
2674 4714 2900 4769 attende
2937 4714 3233 4786 diligenter
3273 4718 3476 4774 horum
3515 4725 3769 4793 omnium

2184 4815 2307 4868 quae
2339 4800 2429 4856 hic
2457 4803 2658 4873 scripta
2688 4814 2837 4870 sunt,
2867 4820 2937 4860 ne
2963 4806 3177 4861 unicam
3205 4809 3431 4879 quidem
3465 4811 3769 4870 dictionem

2185 4889 2408 4946 aliunde
2445 4907 2609 4961 quam
2635 4908 2667 4948 e
2703 4893 2873 4958 Mose,
2917 4896 3142 4965 Davide,
3181 4901 3465 4971 prephetis
3503 4912 3559 4957 et
3590 4902 3771 4959 Evan-

2184 4978 2329 5048 gelio
2375 4981 2761 5051 transcriptum
2814 4999 2960 5050 esse,
3015 5002 3138 5057 quze
3175 4991 3361 5045 omnia
3411 5007 3515 5062 pro
3542 4996 3767 5061 sanctis,

2184 5068 2350 5136 justis
2371 5079 2428 5125 et
2455 5072 2614 5128 bonis
2640 5074 2742 5143 ipsi
2777 5086 2999 5147 quoque
3029 5079 3359 5136 Musulmani
3398 5087 3650 5142 venerari
3680 5103 3772 5142 so-

2185 5159 2322 5214 lent.
2357 5158 2478 5230 ipse
2501 5161 2652 5216 enim
2684 5163 2981 5231 Mahomet,
3027 5183 3190 5238 quem
3214 5186 3406 5227 omnes
3437 5172 3768 5232 Musulmani

2185 5262 2580 5321 praeceptorem
2614 5269 2773 5309 suum
2826 5269 3153 5328 agnoscunt,
3201 5274 3312 5318 non
3347 5265 3527 5333 pomit
3562 5266 3617 5321 in
3651 5269 3772 5321 uni-

2187 5357 2404 5397 versum
2470 5343 2760 5401 veritatem
2818 5349 3116 5416 occulere,
3167 5367 3360 5409 verum
3424 5356 3599 5413 libros
3666 5360 3769 5414 hos

2139 5470 2145 5478 .
2183 5447 2406 5489 sanctos
2430 5450 2556 5490 esse
2589 5445 2848 5493 testatur.
2887 5440 3045 5507 Quod
3086 5443 3133 5498 si
3168 5443 3337 5516 igitur
3369 5447 3544 5503 libros
3573 5449 3773 5505 dicunt

2183 5539 2407 5584 sanctus
2434 5537 2491 5583 et
2519 5528 2718 5597 bonos,
2743 5547 2809 5585 ea
2843 5547 2976 5589 vero
3008 5550 3133 5605 quae
3166 5536 3221 5593 in
3258 5538 3345 5595 his
3378 5542 3766 5605 eontineutur,

2185 5619 2516 5677 Musutmani
2544 5619 2939 5691 contemnunt,
2980 5643 3207 5694 necesse
3233 5632 3459 5690 omnino
3493 5634 3663 5687 ruerit
3708 5644 3769 5688 ut

3330 5770 3375 5801 ’°
3416 5772 3558 5827 l‘sai.
3609 5787 3715 5827 xm
3727 5787 3764 5839 ι,
