4090 6454
379 285 483 345 503

1525 289 1847 351 JOANNIS
1881 291 2411 357 CANTACUZENI

3508 307 3613 370 ὅθί

372 395 554 448 «ιιιιοιί
596 395 847 451 homines
895 400 1018 454 illos
1057 401 1446 466 condemnem,
1481 403 1614 472 quin
1661 402 1843 472 potius
1872 404 1934 470 (si

2044 394 2200 472 ἅγια.
2257 407 2349 458 καὶ
2384 406 2588 469 δίκαια,
2622 409 2713 461 καὶ
2749 410 2907 466 καλά.
2941 413 3112 478 Αὐτὸς
3144 414 3250 484 γὰρ
3284 417 3312 470 6
3353 398 3621 485 Μωάμεθ,

369 501 558 539 verum
586 489 769 543 dicere
799 493 1039 559 oportet)
1076 504 1133 546 ut
1164 494 1384 546 illorum
1408 508 1507 547 ceu
1539 503 1721 548 mente
1754 505 1945 563 capto-

370 594 489 629 rum
528 580 915 645 misereantur,
944 585 1090 651 quod
1130 599 1225 637 vos
1260 584 1522 637 nimirum
1561 595 1636 639 tot
1664 585 1940 654 tantisque

366 667 557 720 donati
605 672 1011 735 occasionibus,
1044 673 1244 742 quibus
1291 675 1577 727 veritatem
1606 684 1655 727 et
1691 673 1939 729 invenire

363 769 418 814 et
437 776 770 830 cognoscere
802 763 952 829 licet,
977 766 1120 834 quod
1152 766 1401 822 Christus
1422 767 1591 821 Filius
1611 777 1665 821 et
1693 764 1933 822 Verbum

310 883 321 893 ς
369 850 460 903 Dei
480 851 573 914 sit,
591 854 775 907 relicta
795 863 973 908 tamen
990 856 1238 912 Veritatis
1267 857 1373 920 via,
1390 865 1414 909 at
1435 872 1602 926 SCOpO
1626 872 1753 911 vero
1778 857 1938 913 aber-

374 944 649 1000 ravetiris.
674 945 778 1001 Sed
806 949 1146 1003 redeundum
1191 965 1257 1002 eo
1289 950 1430 1003 unde
1458 951 1689 1019 digressi
1722 966 1935 1005 smnus.

2049 497 2107 549 ὃν
2137 497 2318 566 ἔχουσι
2347 500 2546 561 πάντες
2567 503 2613 553 οἱ
2641 502 3063 574 Μουσουλμὰνοι
3092 506 3435 570 διδάσκαλον,
3461 508 3624 572 αὐτὸς

2045 590 2146 642 οὐκ
2198 590 2460 662 ἠδυνήθη,
2502 594 2590 646 ἵνα
2642 595 2824 666 κρύψῃ
2874 598 3153 660 παντελῶς
3183 598 3280 666 τὴν
3340 600 3622 669 ἀλήθειαν,

2043 683 2140 734 καὶ
2196 687 2473 754 μαρτυρεί
2524 686 2627 749 τὰς
2673 688 2889 756 βίϐλους
2947 691 3128 758 ἁγίας.
3175 692 3304 745 Ἐὰν
3358 692 3489 759 γοῦν
3523 694 3624 756 τὰς

2040 772 2260 843 βίϐλους
2296 777 2393 844 μὲν
2438 778 2672 845 λέγωσιν
2712 781 2879 849 ἁγίας
2909 784 3000 835 καὶ
3038 783 3234 846 καλὰς,
3272 784 3340 837 τὰ
3370 784 3425 837 δὲ
3465 784 3621 850 λεγό-

2048 880 2185 931 μενα
2214 865 2279 925 ἐνΒ
2306 865 2498 929 αὐταῖς
2530 868 2796 922 ἀθετῶσιν
2836 873 2882 923 oi
2921 873 3363 942 Μουσουλμάνοι,
3401 873 3623 937 πάντως

2046 952 2163 1006 δέον
2192 956 2362 1016 ἐστὶν,
2404 956 2491 1008 ἵνα
2537 959 2646 1022 πᾶς
2677 960 2964 1029 ἄνθρωπος
3001 964 3382 1034 κατηγορήσῃ,
3419 964 3622 1032 μᾶλλον

361 1037 415 1088 δὲ
449 1036 498 1087 εί
530 1038 633 1107 χρὴ
666 1040 897 1108 τέληθὲς
927 1043 1120 1104 είπεῖν,
1158 1041 1354 1113 ἐλεήσῃ
1404 1042 1598 1103 αὐτοὺς
1652 1041 1723 1102 ὡς
1785 1042 2163 1111 μαινομένους,
2205 1044 2289 1096 ὅτι
2329 1046 2488 1109 ὑμεῖς
2544 1049 2759 1117 ἔχοντες
2818 1051 3086 1115 τοσαύτας
3142 1054 3239 1106 δια)⁸
3292 1054 3621 1124 τηλικαύτας

364 1138 643 1204 ἀφορμὰς,
672 1137 812 1190 ὥστε
846 1139 1029 1207 εὑρεῖν
1061 1138 1156 1208 τὴν
1183 1137 1465 1208 ἀλήθειαν,
1502 1138 1597 1191 καὶ
1664 1138 1869 1206 γνῶναι
1897 1139 1977 1191 ὅτι
2015 1141 2042 1192 6
2072 1140 2306 1209 Χριστὸς
2337 1141 2466 1205 Υίδς
2517 1144 2610 1197 καὶ
2646 1146 2819 1213 Λόγος
2875 1148 2971 1201 τοῦ
3010 1148 3150 1202 Θεοῦ
3188 1152 3360 1213 ἐστιν,
3391 1150 3618 1219 εἶφέντες

364 1231 460 1299 τὴν
496 1230 593 1297 τῆς
628 1229 887 1300 ἀληθείας
934 1230 1072 1297 ὁδὸν,
1124 1231 1468 1301 ἐπλανήθητε
1510 1233 1936 1302 ἀστοχήσαντες.
1987 1231 2129 1285 Ἀλλ’
2151 1233 2437 1287 ἐπανιτέον
2471 1235 2593 1289 ὅθεν
2628 1238 2947 1310 ἐξήλθομεν.

432 1412 484 1464 2.
536 1410 636 1476 Qui
674 1412 858 1479 itaque
905 1411 1183 1479 apostolos
1219 1412 1724 1481 persequebantur,
1756 1424 1812 1465 et
1843 1424 1939 1465 sua

365 1503 692 1572 premebant
727 1488 1043 1574 tyrannide,
1078 1503 1134 1556 hi
1185 1504 1285 1573 ipsi
1325 1502 1542 1556 tandem
1576 1502 1628 1555 in
1657 1502 1935 1558 Christum

362 1591 686 1657 credebant,
719 1603 775 1646 et
819 1592 1228 1647 conﬁtebantur
1279 1594 1425 1646 hunc
1445 1608 1566 1647 esse
1606 1592 1803 1647 Filium
1842 1592 1935 1647 Dei

2118 1419 2182 1489 β’.
2214 1420 2277 1472 Οἱ
2305 1424 2485 1474 τοίνυν
2513 1420 2797 1485 διώκοντες
2816 1424 2908 1475 καὶ
2926 1424 3315 1493 τυραννοῦντες
3340 1426 3466 1485 τοὺς
3482 1425 3619 1477 ἀπο-

2045 1511 2263 1572 στόλους
2310 1511 2592 1565 ἐπίστευον
2643 1514 2725 1574 εἰς
2777 1512 2868 1566 τὸν
2898 1513 3156 1582 Χριστὸν,
3182 1514 3277 1567 καὶ
3301 1513 3616 1583 ὡμολόγουν

2042 1605 2120 1658 ὅτι
2149 1604 2311 1665 αὐτός
2339 1607 2485 1658 ἐστιν
2509 1608 2534 1657 6
2562 1604 2688 1669 Υἱὸς
2718 1605 2810 1659 τοῦ
2840 1603 2976 1658 Θεοῦ
3002 1605 3097 1659 τοῦ
3127 1607 3351 1671 ζῶντος,
3382 1607 3476 1659 καὶ
3496 1608 3618 1660 ἀντὶ

360 1683 618 1744 viventis,
659 1682 768 1735 imo
802 1682 1177 1750 apostolorum
1233 1681 1353 1735 loco
1404 1682 1479 1736 illi
1520 1682 1621 1752 ipsi
1656 1698 1934 1752 praecones

2037 1696 2147 1749 τῶν
2178 1697 2491 1750 ἀποστόλων
2517 1698 2719 1765 μᾶλλον
2751 1697 2997 1765 ἐγένοντο
3018 1698 3219 1750 ἐκεῖνοι
3248 1700 3491 1767 κήρυκες
3519 1698 3615 1751 τοῦ

368 1774 610 1827 nominis
661 1773 867 1827 Christi
928 1772 1322 1827 reddebantur;
1372 1771 1439 1826 Et
1490 1789 1684 1827 omnes
1717 1774 1936 1843 quidem

2041 1787 2306 1857 ὀνόματος
2352 1788 2443 1842 τοῦ
2485 1787 2746 1859 Χριστοῦ.
2786 1789 2895 1842 Καὶ
2928 1788 3011 1841 ὅτι
3048 1788 3148 1859 μὲν
3184 1788 3385 1852 πάντες
3407 1789 3616 1842 οίάπό-

360 1863 642 1934 aposlolos
677 1874 871 1929 morte,
905 1879 1011 1933 qua
1042 1862 1321 1918 Christum
1352 1864 1590 1922 confessi
1625 1873 1774 1928 sunt,
1810 1864 1934 1919 sub-

2042 1883 2213 1935 στολοι
2235 1883 2326 1935 τὸν
2355 1881 2443 1934 διὰ
2469 1880 2769 1950 μαρτυρίου
2804 1880 3030 1934 θάνατον
3053 1880 3421 1946 ἀπέθνησκον,
3456 1880 3617 1933 τοῦτο

359 1956 502 2009 latos
528 1969 672 2019 esse,
725 1972 911 2008 verum
945 1965 1058 2022 est;
1107 1971 1215 2011 non
1255 1966 1435 2012 tamen
1487 1957 1542 2011 in
1581 1958 1682 2012 hos
1723 1967 1937 2013 tantum

362 2050 663 2104 sasvierunt
693 2049 868 2119 impii,
893 2060 1155 2118 quantum
1187 2048 1240 2103 in
1267 2049 1393 2106 illos
1415 2050 1509 2120 qui
1541 2050 1609 2104 ab
1632 2049 1938 2105 idololatria

359 2141 427 2195 ad
452 2140 731 2195 Christum
762 2140 1015 2195 conversi
1046 2139 1284 2195 fuerant.
1310 2139 1537 2196 Atroces
1562 2141 1708 2195 enim
1738 2141 1805 2196 de
1831 2136 1964 2195 illis/

362 2248 558 2303 poenas
606 2232 917 2286 sumebant.
954 2231 1297 2286 Membratim
1332 2232 1681 2287 disseeabant
1726 2248 1844 2296 eos,
1883 2240 1939 2285 et

359 2326 521 2397 quasi
557 2341 669 2379 uno
701 2334 977 2377 momento
1011 2325 1145 2378 salvi
1204 2332 1259 2377 et
1295 2324 1493 2393 integri
1538 2332 1933 2393 apparuerunt.

360 2417 419 2470 In
449 2417 694 2470 caminos
717 2416 1071 2485 dejecerunt:
1098 2416 1192 2470 sed
1227 2426 1484 2485 tanquam
1511 2431 1681 2485 aquas
1704 2414 1934 2485 ingressi

360 2510 743 2564 servabantur.
765 2509 1052 2563 Plumbum
1070 2508 1423 2577 liquefactum
1447 2508 1625 2561 coacti
1646 2506 1935 2570 bibebant,

361 2602 456 2658 sed
488 2617 592 2656 non
627 2602 986 2656 lmdebantur.
1014 2601 1067 2654 In
1093 2601 1259 2654 maris
1296 2600 1627 2670 profundum
1651 2600 1938 2668 demerge-

361 2692 495 2747 bant
519 2711 532 2746 :
555 2702 609 2746 et
630 2694 683 2745 in
702 2692 853 2753 littus
866 2700 1176 2745 evaserunt.
1201 2692 1262 2743 lit
1282 2691 1533 2759 quisnam
1550 2692 1631 2757 (ut
1651 2688 1757 2742 dici
1777 2686 1935 2756 solet)

362 2781 668 2856 martyrum
701 2793 968 2840 tormenta
1000 2794 1055 2837 et
1088 2785 1417 2838 tentationes
1440 2792 1619 2850 posset
1641 2783 1939 2845 exponere?

365 2879 611 2933 Tandem
639 2886 822 2932 autem
857 2876 1055 2930 mortui
1090 2884 1241 2938 sunt,
1291 2884 1346 2928 et
1379 2884 1648 2928 tormenta
1681 2874 1936 2942 volupta-

366 2981 480 3023 tum
510 2969 653 3033 loco,
680 2977 738 3021 et
769 2978 1003 3022 mortem
1030 2982 1131 3036 pro
1154 2966 1265 3020 vita
1293 2966 1727 3028 aestimaverunt,
1754 2973 1937 3019 osten-

2028 1973 2365 2043 ~ob1wgéxet.
2385 1973 2530 2026 Ἀλλ’
2552 1973 2650 2026 οὐκ
2676 1973 3001 2040 ἐτυράννουν
3025 1974 3075 2025 οἱ
3102 1972 3318 2034 ἀσεϐεῖς
3345 1972 3612 2037 ἐκείνους,

2037 2066 2162 2118 ὅσον
2191 2067 2313 2126 τοὺς
2342 2066 2775 2135 ἐπιστρέφοντας
2802 2064 2909 2116 ἀπὸ
2940 2067 3039 2132 τῆς
3067 2062 3509 2131 εἰδωλολατρείας
3535 2065 3616 2123 είς

2040 2155 2130 2209 τὸν
2155 2154 2411 2224 Χριστόν.
2452 2153 2706 2221 Μεγάλας
2733 2154 2827 2205 καὶ
2853 2152 2960 2221 γάρ
2982 2152 3252 2221 τιμωρίας
3288 2151 3505 2204 ἐποίουν
3532 2154 3616 2214 είς

2039 2247 2257 2310 αὐτοὺς,
2281 2221 2529 2316 ⁸μεληδὸν
2559 2247 2891 2315 κατέτεμνον
2925 2245 3170 2308 τούτους,
3214 2247 3304 2299 καὶ
3333 2245 3407 2307 ὡς
3438 2248 3495 2298 ἐν
3522 2248 3617 2315 ρο·

2040 2340 2115 2405 πῇ
2152 2339 2249 2407 μιᾷ
2287 2320 2605 2406 εὑρίσκοντο
2643 2336 2772 2388 σῶοι
2809 2336 2904 2389 καὶ
2949 2334 3221 2403 ἀκέραιοι.
3254 2337 3345 2402 Εἰς
3375 2335 3473 2398 τὰς
3510 2353 3614 2389 aa.-

2042 2430 2228 2501 μίνους
2273 2429 2580 2495 ἐνέϐαλλον,
2639 2428 2734 2482 καὶ
2763 2428 2839 2491 ὡς
2899 2430 2957 2482 ἐν
3016 2428 3175 2481 ῦδατι
3238 2428 3614 2499 εἰσερχόμενοι

2038 2522 2426 2591 ἐφυλάσσοντο.
2461 2512 2741 2575 Μόλυεδον
2798 2522 3309 2591 πεπυρακτωμένον
3362 2520 3613 2581 ἐπότιζον

2037 2612 2259 2676 αὐτοὺς,
2306 2615 2398 2665 καὶ
2446 2612 2546 2665 οὐκ
2573 2611 2924 2667 ἐϐλάπτοντο.
2960 2612 3052 2675 Εἰς
3084 2612 3177 2665 τὸν
3205 2613 3303 2681 τῆς
3335 2611 3613 2681 θαλάσσης

2040 2704 2201 2775 βυθὸν
2232 2706 2510 2775 ἔρριπτον,
2538 2705 2631 2756 καὶ
2658 2704 2737 2763 είς
2770 2704 2870 2773 τὴν
2899 2707 3100 2772 χέρσον
3126 2704 3464 2770 εὑρίσκοντο.
3506 2703 3614 2757 Καὶ

2038 2797 2121 2857 τίς
2154 2796 2393 2853 δύναται,
2423 2794 2497 2855 ὡς
2519 2793 2647 2856 ἔπος
2681 2796 2878 2861 είπεῖν,
2909 2793 3384 2865 ἐξαριθμήσασθαι
3415 2798 3508 2847 καὶ
3530 2796 3611 2845 εἰς

2039 2891 2158 2941 πεῖν
2186 2888 2284 2947 τὰς
2321 2886 2428 2938 τῶν
2462 2887 2760 2957 μαρτύρων
2793 2886 3061 2956 βασάνους
3090 2889 3187 2939 καὶ
3228 2887 3298 2940 τὰ
3342 2890 3611 2957 πειρατὴ-

2044 2993 2166 3046 ριας
2208 2976 2373 3037 Τέλος
2403 2976 2581 3027 τοίνυν
2613 2975 2982 3046 ἀπέθνησκον,
3028 2977 3123 3027 καὶ
3158 2975 3469 3042 ἐλογίζοντο
3511 2980 3612 3040 τὰς

364 3063 553 3131 diique
591 3076 691 3131 per
740 3068 1007 3129 martyres
1049 3058 1301 3113 Christus
1329 3072 1483 3112 suam
1536 3056 1710 3125 ipsius
1735 3057 1934 3110 divini—

2041 3065 2139 3132 μὲν
2182 3063 2447 3131 βασάνους
2488 3064 2721 3131 τρυφὰς,
2752 3054 2842 3115 τὸν
2899 3062 2957 3117 δὲ
3001 3062 3232 3116 θάνατον
3281 3062 3450 3132 ζωήν.
3498 3066 3610 3119 Καὶ

364 3161 529 3205 tatem
582 3160 638 3206 et
686 3151 1010 3219 potentiam,
1050 3148 1181 3227 quin
1217 3147 1377 3202 fidem
1431 3162 1651 3217 quoque.
1679 3156 1735 3201 et
1784 3147 1931 3200 desi-

360 3244 599 3301 derium.
635 3255 748 3310 quo
776 3255 903 3312 erga
935 3240 1087 3294 illum
1124 3240 1473 3294 tenebantur.
1507 3238 1581 3290 Eo
1606 3237 1750 3290 enim
1783 3236 1929 3305 quod

359 3334 495 3388 salvi
534 3344 591 3388 et
648 3333 803 3388 illaesi
848 3341 1203 3387 servarentur
1256 3342 1523 3402 martyres
1557 3331 1783 3395 Christi,
1838 3345 1933 3399 ap-

361 3425 589 3496 parebat
625 3424 872 3493 potentia
926 3431 982 3477 et
1033 3424 1327 3478 divinitas:
1376 3438 1473 3491 per
1512 3430 1746 3476 mortem
1799 3437 1931 3475 vero

360 3532 526 3582 quam
553 3515 922 3579 sustinebant,
955 3515 1173 3569 illorum
1209 3515 1262 3568 in
1310 3512 1588 3568 ChriStum
1623 3514 1757 3568 fides
1815 3514 1934 3567 elu-

364 3608 526 3664 cebat
572 3617 630 3663 et
678 3606 938 3669 charitas,
989 3607 1449 3676 quemadmodum
1491 3594 1676 3674 postea
1715 3605 1933 3673 planius

364 3699 859 3755 demonstrabitur.
878 3699 1110 3769 insignis
1126 3700 1271 3753 enim
1294 3698 1621 3751 certantium
1645 3695 1930 3761 fortitudo,

361 3804 419 3849 et
447 3796 640 3848 horum
671 3792 806 3847 fides
836 3795 1008 3847 instar
1035 3792 1168 3845 facis
1195 3791 1457 3861 fulgebat.
1494 3790 1595 3855 Qui
1616 3784 1772 3843 enim
1806 3789 1934 3843 illos

361 3888 618 3940 servabat
665 3885 866 3939 illaesos
907 3900 973 3938 ex
1030 3883 1229 3938 talibus
1288 3882 1562 3951 tantisque
1619 3881 1931 3945 tormentis,

362 3986 583 4049 poterat
602 3977 847 4042 omnino,
872 3991 940 4030 ne
963 3984 1328 4038 morerentur,
1353 3972 1590 4027 efﬁcere.
1616 3972 1723 4027 Sed
1743 3988 1933 4042 quem-

362 4071 655 4125 admodum
702 4071 755 4123 in
787 4070 1009 4137 proprio
1038 4082 1269 4136 corpore
1304 4065 1557 4120 Christus
1587 4063 1732 4126 fecit,
1766 4076 1825 4119 nt
1864 4065 1931 4119 ad

365 4163 538 4216 solam
571 4143 686 4231 ’qua
723 4160 981 4214 Hebraeos
1032 4157 1381 4231 compellavit
1417 4157 1932 4224 interrogationem,

361 4256 533 4322 Quem
587 4253 872 4322 quaeritis?
920 4267 1113 4306 omnes
1143 4251 1531 4307 conciderent:
1585 4265 1818 4321 cumque
1864 4250 1933 4303 ad

360 4347 581 4401 eosdem
614 4346 843 4408 diceret,
878 4343 1054 4398 Sinite
1090 4342 1190 4398 hos
1218 4343 1391 4405 abire,
1427 4342 1713 4413 discipulis
1742 4341 1934 4396 dimis-

2034 3155 2305 3207 ἐδείκνυεν
2340 3157 2368 3206 6
2398 3155 2635 3223 Χριστὸς
2673 3155 2762 3208 διὰ
2802 3154 2911 3207 τῶν
2957 3156 3252 3226 μαρτύρων
3298 3156 3607 3228 τὴν“αύτοῦ

2034 3245 2267 3316 θεότητά
2292 3264 2351 3298 τε
2378 3249 2470 3299 καὶ
2501 3246 2751 3315 δύναμιν,
2774 3247 2909 3301 ἀλλὰ
2935 3248 3029 3300 καὶ
3056 3247 3153 3320 τὴν
3184 3249 3366 3302 πίστιν
3395 3250 3489 3303 καὶ
3515 3249 3608 3302 τὸν

2035 3336 2198 3390 πόθον
2224 3336 2426 3399 αὐτῶν,
2452 3335 2511 3389 ὃν
2538 3332 2682 3407 εἶχον
2711 3338 2791 3400 είς
2823 3338 3006 3390 αὐτόν.
3041 3338 3140 3391 Διὰ
3172 3339 3271 3408 μὲν
3298 3334 3393 3392 οῦν
3422 3340 3482 3393 τὸ
3504 3358 3608 3407 φυ-

2032 3430 2327 3484 λάσσεσθαι
2359 3430 2534 3493 σώους
2569 3433 2662 3483 καὶ
2692 3430 2949 3494 ἀὸλαὸεἰς
2974 3432 3104 3494 τοὺς
3134 3434 3418 3504 μάρτυρας
3444 3435 3606 3501 ἐνςαί-

2033 3539 2154 3575 νετο
2206 3521 2372 3592 ἢτοῦ
2429 3521 2667 3591 Χριστοῦ
2722 3523 2951 3591 δύναμις
2988 3524 3085 3575 καὶ
3139 3523 3353 3594 θεότης,
3408 3524 3501 3578 διὸ.
3550 3525 3609 3579 δὲ

2033 3612 2128 3666 τοῦ
2181 3611 2412 3666 θανάτου
2468 3613 2529 3664 ὃν
2576 3613 2946 3682 ἀπέθνησκον,
2982 3613 3292 3666 ἐδεικνύετο
3342 3616 3489 3687 ήιείς
3520 3621 3612 3669 τον
3650 3629 3679 3641 ⁶

2033 3706 2271 3773 Χριστὸν
2306 3705 2490 3765 πίστις
2519 3720 2579 3756 τε
2627 3706 2720 3757 καὶ
2766 3706 2955 3773 ἀγάπη
2989 3704 3187 3766 αὐτῶν,
3221 3705 3297 3766 ὡς
3333 3706 3400 3758 ἂν
3431 3704 3622 3759 ἐντεῦ-

2035 3799 2127 3851 θεν
2166 3795 2273 3849 ἀπὸ
2301 3796 2491 3849 τούτου
2518 3796 2702 3864 δειχθῇ
2736 3796 2815 3847 ἔτι
2851 3795 3239 3866 καθαρώτερον
3270 3797 3329 3849 τὸ
3363 3798 3612 3867 δοκίμω)

2033 3890 2129 3957 τῆς
2184 3887 2438 3955 ἀνδρείας
2493 3887 2603 3939 τῶν
2656 3886 3100 3957 ἀγωνιζομένων,
3158 3890 3255 3941 καὶ
3314 3890 3346 3958 ἡ
3406 3891 3616 3942 τούτων

2036 3982 2220 4043 πίστις
2276 3979 2349 4042 ὡς
2424 3981 2632 4049 πυρσὸς
2705 3980 3023 4054 ἀναλάμψει.
3088 3980 3151 4036 Ὀ
3205 3982 3313 4050 γὰρ
3369 3984 3614 4049 φυλάξας

2036 4072 2233 4131 αὐτοὺς
2284 4069 2542 4133 ἀϐλαὸεῖς
2585 4072 2649 4123 ἐκ
2703 4070 2812 4123 τῶν
2862 4073 3132 4124 τοσσύτων
3194 4073 3288 4124 καὶ
3340 4072 3604 4125 τοιούτων

2036 4165 2408 4231 πειρατηρίων
2452 4162 2683 4231 ἠδύνατο
2728 4164 2944 4225 πάντως
2983 4166 3207 4233 ποιῆσαι
3244 4164 3329 4215 ἵνα
3359 4165 3435 4233 μὴ
3477 4167 3614 4218 ἁπο-

2036 4259 2296 4310 θάνωσιν.
2331 4255 2476 4311 Ἀλλ’
2503 4255 2695 4327 ὥσπερ
2725 4259 2782 4309 ἐν
2812 4256 2888 4324 τῷ
2923 4256 3037 4327 ἰδίῳ
3066 4256 3277 4325 σώματι
3308 4255 3610 4324 πεποίηκεν

2039 4352 2067 4402 6
2113 4332 2379 4420 Χριστὸς,
2441 4347 2524 4399 ὅτι
2574 4346 2663 4398 διὰ
2724 4343 2892 4413 μόνης
2947 4344 3084 4413 πρὸς
3137 4344 3264 4407 τοὺς
3324 4343 3610 4412 Ἐϐραίους

363 4440 459 4504 sis,
488 4454 545 4494 se
574 4437 852 4494 Christum
884 4437 1095 4492 scilicet
1115 4438 1624 4506 apprehenderent:
1658 4437 1821 4500 sicut,
1849 4436 1933 4489 in-

2041 4443 2381 4511 ἐρωτήσεως.
2427 4440 2509 4493 ὅτι
2566 4438 2699 4491 Τίνα
2745 4437 2992 4507 ζητεῖτε,
3044 4436 3350 4506 εὑρέθησαν
3411 4435 3602 4493 πάντες

362 4545 547 4598 quam,
583 4529 635 4581 in
667 4527 772 4581 hoc
801 4527 1045 4596 potentia
1072 4527 1247 4581 .sintul
1281 4535 1337 4581 et
1371 4527 1624 4582 voluntas
1655 4527 1800 4581 illius
1833 4541 1932 4594 ap-

360 4623 562 4692 paruit,
589 4623 661 4675 ita
690 4620 854 4675 etiam
885 4619 1069 4674 evenit
1098 4619 1153 4672 in
1186 4621 1534 4690 martyribus.
1565 4619 1937 4674 Servabantur

361 4714 509 4767 enim
542 4713 717 4779 ilkesi,
765 4712 949 4766 divina
980 4713 1185 4766 virtute
1219 4720 1273 4763 et
1319 4712 1584 4790 potentia,
1639 4710 1690 4762 in
1725 4707 1936 4777 magnis

362 4806 541 4874 pa-nis
562 4812 617 4857 et
640 4804 955 4858 tormentis:
978 4803 1333 4857 nihilominus
1359 4811 1539 4855 tamen
1564 4800 1765 4853 mortui
1785 4810 1932 4865 sunt,

362 4903 423 4948 ut
449 4894 670 4949 illorum
702 4896 755 4947 in
785 4894 1062 4949 Christum
1094 4896 1227 4948 fides
1252 4904 1559 4962 appareret,
1580 4899 1635 4943 et
1660 4891 1929 4955 viverent,

362 4988 416 5040 in
440 4996 707 5040 :eternum
736 4986 900 5041 vitam
929 5003 1059 5041 vere
1095 4987 1306 5040 beatam
1337 4994 1394 5039 et
1423 4984 1807 5038 immortalem.
1839 4985 1935 5038 llis

364 5081 529 5145 igitur
564 5079 715 5137 visis.
748 5081 841 5149 qui
900 5080 1061 5135 idolis
1087 5080 1421 5143 serviebant,
1461 5089 1517 5132 et
1569 5079 1934 5148 intell'gentes

360 5172 523 5226 simul
559 5186 722 5241 Opera
760 5188 881 5227 esse
936 5173 1059 5241 plus
1096 5188 1257 5241 ninam
1291 5171 1583 5233 naturalia,
1621 5187 1742 5241 quae
1792 5173 1932 5227 Deus

362 5260 621 5314 nimirum
655 5270 1000 5329 operaretur,
1057 5262 1309 5315 conversi
1354 5269 1482 5314 sunt
1532 5276 1721 5314 omnes
1755 5277 1928 5329 reges,

359 5368 552 5406 onmes
579 5352 859 5420 pra‘sidcs,
906 5367 1096 5405 omnes
1145 5352 1382 5422 tyranni,
1418 5353 1668 5406 universa
1697 5352 1929 5421 denique

363 5443 655 5496 multitudo
706 5453 905 5497 terram
942 5458 1199 5509 mareque
1258 5443 1590 5507 inhabitans,
1649 5445 1927 5499 Christum

359 5534 674 5598 enlnerunt,
726 5533 964 5589 confessi
1002 5545 1129 5587 sunt
1163 5545 1218 5589 et
1246 5537 1602 5592 crediderunt
1646 5538 1792 5592 hunc
1835 5540 1926 5593 Fi-

361 5623 493 5675 lium
546 5625 664 5691 Dei,
710 5633 768 5679 et
815 5625 984 5679 Deum
1027 5641 1217 5681 verum
1246 5644 1403 5684 esse:
1442 5639 1495 5683 et
1532 5629 1811 5699 impletum
1844 5640 1927 5684 e~t

364 5715 578 5771 D.t\‘itli$
607 5717 945 5789 aliorumque
970 5722 1353 5791 prophetarum
1379 5725 1679 5789 oraculum,
1714 5727 1799 5777 «lie
1838 5740 1921 5777 ns:

2040 4534 2331 4594 πεσόντες*
2387 4531 2475 4584 διὰ
2530 4530 2587 4582 δὲ
2637 4527 2698 4582 τὸ
2748 4530 2925 4581 εἰπεῖν
2983 4528 3167 4588 αὐτοῖς
3220 4527 3304 4580 ὅτι
3346 4544 3365 4578 ‹
3403 4526 3601 4591 ’Ἅφετε

2037 4624 2260 4687 τούτους
2315 4624 2581 4690 ὑπάγειν.
2646 4640 2664 4672 ι
2726 4620 2944 4691 ἀφῆκαν
3002 4620 3127 4681 τοὺς
3187 4617 3457 4688 μαθητὰς,
3510 4614 3607 4667 καὶ

2039 4716 2349 4787 παρέλαϐον
2385 4714 2476 4767 τὸν
2514 4713 2751 4783 Χριστόν
2777 4729 2792 4744 ο
2825 4712 2920 4764 καὶ
2968 4709 3043 4773 ὼς
3099 4711 3154 4762 ἐν
3208 4708 3391 4777 ταυτῷ
3438 4707 3611 4776 ἐφάνη

2037 4810 2128 4863 καὶ
2164 4810 2197 4877 ἡ
2226 4809 2454 4877 δύναμις
2502 4804 2667 4858 αὑτοῦ
2719 4805 2813 4856 καὶ
2849 4804 2880 4872 ἡ
2922 4803 3166 4869 θέλησις,
3197 4800 3340 4853 οὓτω
3391 4802 3484 4851 καὶ
3516 4800 3612 4849 ἐπὶ

2033 4901 2143 4953 τῶν
2203 4896 2524 4969 μαρτύρων.
2580 4894 2981 4963 Ἑφυλάσσοντο
3033 4892 3135 4961 μὲν
3188 4891 3296 4962 γὰρ
3354 4890 3611 4950 ἀϐλαϐεῖς

2035 4992 2141 5045 ὑπὸ
2197 4990 2297 5059 τῆς
2347 4989 2498 5049 θείας
2553 4988 2839 5057 δυνάμεως
2891 4990 2984 5039 καὶ
3036 4986 3285 5050 ἐξουσίας
3340 4983 3450 5037 ἀπὸ
3499 4980 3611 5035 τῶν

2036 5083 2290 5154 μεγάλων
2338 5080 2619 5150 τιμωριῶν
2671 5079 2764 5132 καὶ
2816 5078 3107 5148 βασάνων·
3158 5076 3503 5144 ἀπέθνησκον
3552 5075 3610 5126 δὲ

2031 5176 2199 5244 ὅμως,
2226 5174 2313 5225 ἵνα
2354 5174 2496 5241 φανῇ
2532 5172 2564 5239 ὴ
2611 5172 2691 5231 εἰς
2738 5169 2829 5221 τον
2879 5169 3116 5236 Χριστὸν
3160 5166 3343 5228 πίστις
3398 5163 3602 5229 αὐτῶν,

2031 5268 2127 5320 καὶ
2174 5266 2339 5331 ζῶσιν
2388 5266 2469 5327 εἰς
2517 5264 2859 5332 ἀπεράντους
2913 5261 3117 5322 αἰῶνας
3160 5259 3257 5329 τὴν
3292 5258 3461 5318 ὅντως
3503 5274 3609 5326 μα-

2032 5359 2231 5427 καρίαν
2280 5356 2425 5426 ζωὴν
2463 5358 2558 5409 καὶ
2600 5355 2887 5409 ἀθάνατον.
2935 5353 3123 5405 Ταῦτα
3169 5352 3347 5404 πάντα
3404 5349 3606 5410 ἰδόντες

2029 5454 2079 5505 οἱ
2111 5448 2548 5519 προσκυνοῦντες
2578 5448 2690 5508 τοῖς
2732 5445 2996 5512 εἰδώλοις,
3029 5445 3126 5497 καὶ
3161 5442 3604 5510 κατανοήσαντες

2029 5545 2109 5597 ὅτι
2141 5544 2209 5595 τὰ
2241 5542 2503 5610 γινόμενα
2528 5541 2629 5592 οὐκ
2659 5539 2767 5591 εἰσὶ
2805 5540 3039 5607 φυσικῆς
3068 5536 3392 5596 ἀκολουθίας
3438 5534 3598 5601 ἔργα,

2028 5634 2143 5688 ἀλλ’
2200 5633 2340 5704 ὑπὲρ
2408 5632 2569 5700 φύσιν
2637 5632 2767 5691 εἰσὶ,
2817 5632 2910 5685 καὶ
2968 5630 3099 5692 Θεός
3156 5631 3301 5680 ἐστιν
3358 5627 3385 5677 6
3424 5626 3601 5677 ταῦτα

2030 5725 2287 5795 ἐνεργῶν,
2321 5726 2778 5795 μετεστρανρησαν
2832 5725 3029 5784 πάντες
3073 5723 3119 5774 οί
3166 5719 3432 5791 βασιλεῖς,
3468 5716 3602 5769 πάν-
