4090 6458
582 350 689 413 507

1754 348 2094 410 'JOANNIS
2134 326 2662 409 CANTACUZ'ENI

3731 356 3839 423 508

574 465 814 533 ψάλλετε
839 465 1099 529 συνετῶς.
1142 464 1531 519 Ἐϐασίλευσεν
1575 467 1602 518 6
1626 466 1758 529 Θεὸς
1802 466 1900 520 ἐπὶ
1940 465 2008 519 τά
2035 465 2188 530 ἔθνη,
2228 467 2258 518 6
2299 465 2434 527 Θεὸς
2485 464 2721 534 κάθηται
2754 465 2845 519 ἐπὶ
2877 465 3071 536 θρόνου
3108 468 3271 537 ἀγίου
3314 469 3507 528 αὐτοῦ.
3546 471 3844 543 ’Ἄρχοντες

576 559 730 614 λαῶν
762 557 1108 629 συνήχθησαν
1150 559 1290 627 μετά
1344 558 1438 611 τοῦ
1476 558 1612 611 Θεοῦ
1677 556 1952 629 Ἀϐραάμ,
2013 558 2096 610 ὅτι
2131 556 2227 610 τοῦ
2276 555 2415 610 Θεοῦ
2463 558 2514 610 οί
2566 560 2823 627 κραταιοὶ
2882 560 2981 629 τῆς
3024 562 3129 631 γῆς
3178 562 3386 634 σφόδρα
3442 564 3786 637 ἐπήρθησαν,
3816 588 3838 622 ι

579 650 692 705 Καὶ
736 649 923 703 λοιπὸν
981 649 1140 720 δεῦρο
1191 650 1277 719 δὴ,
1326 649 1483 719 δεῦρο
1508 691 1523 712 ,
1558 649 1886 721 σκεψώμεθα
1922 650 1975 703 τί
2013 648 2260 720 βούλεται
2286 650 2346 701 τὸ
2374 649 2713 720 προφητικὸν
2742 650 2944 718 λόγιον.

650 743 708 797 5.
742 741 993 797 Psalmus
1025 743 1247 812 quidem
1283 759 1502 798 carmen
1533 754 1620 798 est
1651 743 2007 808 concinnum,
2050 742 2160 797 Deo

2334 747 2403 808 γ’.
2442 742 2511 795 Ἦ
2539 742 2833 814 ψαλμῳδία
2883 744 3054 813 ῦμνος
3104 738 3255 802 ἐστὶν
3294 748 3540 821 ιμμελὴς
3586 751 3666 821 τῷ
3721 753 3850 824 Θεῷ

574 843 989 889 consecratum.
1041 834 1105 889 Et
1151 834 1614 904 quemadmodum
1648 834 1848 905 aliquis
1878 851 1911 890 a
1952 844 2160 905 trepzeo

574 936 676 979 aut
703 925 935 980 victoria
960 941 1235 987 reversus.
1264 942 1372 993 pra:
1395 926 1600 996 ingenti
1622 926 1821 997 gaudio
1849 926 1987 980 nihil
2007 925 2159 979 aliud

576 1011 732 1069 dicit.
756 1025 940 1078 quam,
974 1011 1246 1066 cVicimus
1278 1012 1461 1087 hostes
1486 1031 1501 1076 ;
1527 1032 1544 1064 ι
1586 1028 1805 1067 rursum
1834 1028 1965 1067 vero
1993 1014 2161 1067 inter-

579 1113 833 1172 rogatus.
867 1102 1156 1167 Quomodo
1184 1114 1241 1158 et
1275 1119 1380 1172 qua
1427 1105 1641 1158 ratione
1682 1104 1759 1157 illi
1792 1103 2022 1158 victoria
2059 1104 2159 1159 ob-

580 1194 822 1257 venerit,
869 1195 1063 1248 eadem
1117 1195 1205 1248 illa
1244 1198 1564 1265 respondet,
1622 1216 1642 1248 ‹
1670 1196 1917 1250 Vicimus
1948 1196 2157 1261 hostes,

574 1284 834 1350 vicimus,
866 1284 1107 1353 inquam.
1145 1304 1164 1336 ι
1204 1284 1408 1339 Eodem
1431 1286 1594 1338 modo
1616 1286 1883 1355 propheta
1913 1286 2158 1355 pruden-

578 1375 726 1428 tibus
756 1374 931 1428 oculis
955 1375 1198 1444 gentium
1222 1364 2033 1445 conversionem‘perspiciens,
2065 1391 2159 1429 ex-

571 1465 861 1519 clamavit:
923 1483 941 1515 t
969 1464 1175 1519 Omnes
1210 1472 1424 1535 gentes,
1458 1465 1703 1535 plaudite
1741 1465 2020 1521 manibus.
2065 1467 2158 1537 ju-

569 1557 740 1612 liilate
788 1556 899 1610 Dco
948 1557 1004 1609 in
1038 1571 1172 1609 voce
1202 1557 1586 1609 exsultationis
1639 1573 1657 1606 ι
1717 1555 1770 1608 Id
1824 1566 1925 1619 est,
1968 1554 2032 1609 Et
2062 1557 2155 1626 qui

570 1658 731 1703 antea
769 1649 960 1703 ﬁdeles
1006 1647 1208 1708 fuistis,
1265 1658 1319 1702 ct
1359 1649 1453 1717 qui
1491 1658 1679 1717 postca
1712 1647 1936 1702 demum
1971 1648 2153 1703 credi-

570 1741 753 1804 distis,
788 1756 980 1796 omnes
1015 1739 1178 1794 simul
1216 1740 1456 1810 plaudite
1491 1740 1781 1794 manibus:
1812 1756 1988 1811 neque
2027 1742 2158 1795 sim-

570 1832 793 1902 pliciter
820 1831 941 1887 sine
968 1832 1182 1887 ratione
1205 1841 1261 1886 et
1290 1832 1484 1885 ordine
1507 1832 1763 1886 manibus
1785 1832 1983 1885 vestris
2004 1832 2158 1902 plan-

570 1922 737 1985 tlatis,
763 1922 857 1976 sed
892 1939 1017 1977 cum
1051 1938 1183 1977 voce
1221 1916 1625 1988 exscnltationis,
1662 1936 1717 1976 et
1751 1923 1972 1977 la-titiae.
2006 1923 2155 1989 Qua-

571 2020 801 2080 propter
849 2013 1114 2082 proiihcta
1143 2029 1364 2084 quoque
1411 2014 1692 2083 voluptate
1719 2029 1818 2068 ceu
1867 2014 2151 2083 abreptus,

572 2101 747 2156 dixit:
795 2122 815 2155 ι
842 2103 1069 2159 Psallite
1102 2105 1212 2159 Deo
1243 2114 1450 2167 nostro,
1488 2105 1724 2174 psallite.
1756 2105 1977 2160 Psallite
2019 2108 2152 2177 Regi
2189 2087 2229 2144 Β

570 2202 786 2257 nostro,
803 2193 1038 2263 psallite.
1066 2195 1335 2260 Quoniam
1360 2194 1626 2248 Dominus
1645 2193 1968 2258 altissimus,
1997 2195 2156 2248 terri-

572 2282 730 2345 bilis.
785 2300 877 2338 rex
930 2300 1161 2356 magnus
1199 2300 1369 2355 super
1407 2286 1722 2340 universam
1759 2295 1985 2340 terram.
2018 2304 2037 2338 ι
2088 2286 2156 2340 Et

570 2374 728 2441 quasi
762 2374 877 2445 ipse
897 2385 1193 2444 exponens
1235 2389 1334 2429 sua
1366 2376 1554 2441 verba,
1591 2374 1779 2429 addit:
1834 2394 1853 2425 ι
1885 2373 2156 2445 Regnavit

568 2474 720 2529 Deus
767 2489 935 2544 supra
968 2484 1195 2545 gentes;
1229 2495 1247 2526 ι
1302 2475 1353 2528 id
1391 2485 1493 2537 est,
1525 2482 1718 2545 gentes
1762 2475 1915 2545 prius
1950 2475 2155 2531 diaboli

572 2565 873 2637 tyrannide
921 2582 1143 2636 pressae,
1197 2567 1406 2622 relictis
1448 2584 1597 2623 nunc
1643 2569 1836 2637 patriis
1879 2569 1996 2624 suis
2025 2567 2154 2633 diis,

573 2654 740 2710 idolis
773 2656 988 2711 scilicet
1016 2656 1337 2712 inanimatis
1374 2665 1430 2713 et
1466 2659 1656 2721 mutis,
1704 2658 2143 2725 declinaverunt,

567 2748 871 2803 coluerunt
900 2758 957 2803 et
988 2749 1349 2803 crediderunt
1392 2750 1492 2804 soli
1533 2766 1666 2805 vero
1700 2763 1756 2805 et
1784 2749 1989 2805 viventi
2020 2753 2154 2817 Deo,

566 2839 831 2910 illiusque
878 2856 1045 2910 regno
1089 2840 1352 2907 subjecta:
1392 2851 1562 2896 sunt:
1600 2851 1760 2896 antea
1796 2842 1943 2897 enim
1989 2857 2155 2913 regno

575 2931 675 2986 Dei
703 2930 912 3001 indigni
941 2917 1363 3003 iudicabantur.
1398 2953 1415 2985 ι
1444 2934 1588 2989 Deus
1615 2934 1771 2989 sedet
1795 2950 1965 3003 super
1996 2934 2156 2990 thro-

570 3036 704 3075 num
728 3028 979 3076 sanetum
1008 3037 1221 3076 suum.»
1250 3021 1441 3077 Omnis
1469 3025 1704 3078 thronus
1729 3024 1955 3094 gloriam
1988 3023 2158 3094 signi-

570 3113 721 3174 ﬁcat,
751 3124 807 3169 et
827 3115 1100 3185 requiem.
1133 3113 1203 3169 Et
1232 3115 1491 3184 quoniam
1523 3116 1666 3171 Deus
1685 3126 1843 3169 antea
1878 3132 1986 3169 non
2013 3116 2159 3170 cele-

568 3208 766 3263 bratur
810 3224 840 3262 a
872 3209 1153 3278 gentibus,
1192 3208 1286 3263 sed
1341 3227 1371 3262 a
1401 3208 1534 3263 solis
1567 3208 1780 3277 angelis
1824 3216 1878 3262 et
1927 3209 2152 3271 sanctis,

573 3308 770 3368 gentes
802 3297 974 3369 gloria
1021 3299 1118 3353 Dei
1167 3298 1645 3361 destituebanlur;
1684 3314 1831 3352 nunc
1880 3314 2011 3351 vero
2059 3313 2153 3351 ac-

568 3386 833 3443 cedentes
876 3387 1140 3443 l'ruuntur
1173 3403 1366 3443 omnes
1418 3388 1588 3459 gloria
1626 3388 1742 3454 Dei,
1793 3396 1848 3441 et
1881 3387 2152 3457 requievit
2180 3423 2227 3485 ο

572 3477 720 3533 Deus
770 3478 822 3531 in
860 3478 1138 3549 gentibus.
1175 3478 1447 3546 Quoniam
1496 3492 1630 3532 vero
1663 3479 1827 3534 etiam
1864 3477 2152 3533 hominum

573 3569 809 3625 thronus
837 3570 1066 3641 gloriam
1099 3571 1285 3636 habet,
1331 3580 1387 3625 et
1436 3570 1729 3636 honorem,
1782 3569 1916 3638 quin
1960 3578 2018 3623 et
2066 3583 2158 3622 re-

571 3661 790 3730 quiem,
824 3661 1200 3716 innOrentiam
1232 3670 1417 3716 autem
1469 3676 1498 3714 a
1530 3660 1773 3730 peccatis
1804 3659 2008 3713 habere
2047 3673 2158 3713 non

573 3760 782 3822 potest,
798 3750 1084 3823 adjunxit:
1118 3768 1137 3803 ι
1165 3766 1338 3821 super
1361 3750 1624 3805 thronum
1644 3760 1894 3804 sanctum
1920 3763 2106 3803 suum.
2133 3766 2152 3799 ι

574 3844 827 3901 Humana
857 3844 1006 3898 enim
1035 3844 1217 3897 omnia
1253 3858 1361 3896 una
1392 3856 1515 3895 cum
1545 3841 1718 3905 labili,
1750 3848 1806 3894 et
1835 3840 1899 3893 ad
1929 3855 2159 3910 peccan-

574 3933 707 3985 dum
740 3938 990 4001 prompta
1018 3938 1213 3984 natura
1241 3929 1405 3982 etiam
1438 3927 1575 3982 illud
1600 3936 1948 3991 extraneum,
1981 3928 2159 3980 incer-

549 4030 697 4076 ‘tum
747 4020 833 4074 vel
882 4018 1191 4090 separabile
1225 4017 1455 4082 habent,
1507 4026 1567 4070 ut
1598 4016 1652 4071 in
1684 4015 1859 4085 prima
1892 4014 2157 4085 Apologia

572 4109 840 4164 diximus.
894 4108 990 4163 Dei
1023 4122 1152 4162 vero
1183 4109 1417 4163 thronus
1444 4107 1610 4171 altus,
1643 4115 1699 4161 et
1742 4105 1996 4160 sublimis
2028 4121 2158 4159 san-

570 4212 812 4273 ctusque
858 4212 963 4263 est,
1010 4211 1068 4256 et
1117 4198 1579 4273 magniﬁcentiam
1628 4199 1967 4270 gloriamque
2002 4212 2157 4251 suam

570 4295 745 4352 habet
793 4294 1104 4349 naturalem
1138 4301 1199 4348 et
1238 4292 1685 4363 inseparabilem.
1739 4289 2024 4360 Principes
2056 4302 2159 4358 po-

573 4388 835 4459 pulorum
877 4386 1198 4458 congregati
1233 4397 1361 4441 sunt
1390 4401 1516 4440 cum
1546 4384 1655 4438 Deo
1692 4383 1985 4438 Abraham.
2022 4380 2160 4448 Qui-

570 4494 701 4536 nam
729 4486 864 4534 sunt
888 4478 1205 4548 congregati
1236 4478 1313 4531 illi
1343 4475 1860 4546 principes?Reges
1892 4484 2070 4536 terrae.
2104 4482 2161 4528 et

576 4569 843 4636 praesides
894 4577 1002 4623 tam
1048 4568 1203 4638 parvi
1245 4583 1409 4638 quam
1446 4567 1648 4636 magni.
1686 4564 1750 4619 Et
1781 4566 2038 4634 quisnam
2076 4573 2162 4620 est

577 4664 720 4717 Deus
747 4659 1063 4716 Abraham?
1091 4658 1231 4714 Num
1265 4659 1407 4713 alius
1448 4667 1533 4712 est
1568 4667 1769 4727 prieter
1795 4655 1967 4709 Deum
2002 4655 2156 4710 illum

2260 829 2661 900 ἀφιερωμένος.
2699 833 2809 886 Καὶ
2857 832 3048 903 ὥσπερ
3093 834 3201 887 ἀπὸ
3244 837 3511 904 τροπαίου
3554 840 3654 890 καὶ
3680 840 3851 908 vim;

2260 923 2576 976 ἐπανελθών
2616 942 2727 988 τις,
2774 925 2882 979 ὑπὸ
2934 926 3178 995 μεγάλης
3233 929 3412 997 χαρᾶς
3462 928 3617 983 οὐδὲν
3651 929 3852 998 ἕτερον

2257 1012 2430 1080 λέγει,
2459 1013 2595 1083 ἢὸτι
2624 1032 2643 1066 ι
2667 1015 3057 1086 Νενικήκαμεν
3074 1017 3200 1079 τοὺς
3219 1017 3469 1087 ἐχθροὺς,
3504 1039 3523 1072 ι
3557 1020 3653 1073 καὶ
3682 1018 3852 1083 αὖθις

2259 1106 2646 1174 ἐρωτώμενος,
2677 1106 2803 1166 Πῶς
2842 1108 2940 1160 καὶ
2984 1108 3089 1161 τίνι
3139 1109 3328 1179 τρόπῳ
3381 1111 3571 1180 γέγονε
3602 1115 3690 1167 ’τὰ
3737 1113 3853 1183 τῆς

2257 1196 2434 1267 νίκης,
2462 1198 2625 1250 πάλιν
2649 1198 2714 1250 τὰ
2740 1199 2882 1251 αὐτὰ
2922 1199 3302 1267 ἀποκρίνεται,
3340 1202 3425 1255 ὅτι
3477 1221 3496 1256 ι
3529 1203 3818 1271 Νενικήκα

2260 1305 2384 1357 μεν,
2413 1291 2780 1359 νενικήκαμεν
2803 1307 2818 1322 ·
2850 1309 2869 1341 ι
2913 1290 3007 1343 τὸν
3031 1293 3267 1345 αὑτὸνδὲ
3296 1293 3501 1363 τρόπον
3530 1296 3625 1347 καὶ
3652 1298 3679 1347 ὁ
3710 1314 3856 1364 προ-

2257 1381 2457 1449 νήτης.
2486 1382 2695 1451 νοεροῖς
2724 1380 2851 1435 ἰδὼν
2876 1382 3095 1452 ὄμμασι
3124 1384 3224 1452 τὴν
3248 1384 3358 1437 τῶν
3386 1385 3559 1438 ἐθνῶν
3584 1387 3855 1455 ἐπιστρο-

2257 1473 2385 1543 φὴν,
2421 1471 2642 1542 ἐκραξε,
2678 1491 2698 1526 t
2731 1474 2917 1527 Πάντα
2969 1475 3036 1527 τά
3088 1475 3243 1544 ἔθνη,
3273 1479 3579 1547 κροτήσατσ
3627 1480 3853 1548 χεῖρας,

2257 1564 2561 1629 ἀλαλάξατε
2611 1564 2688 1643 τῷ
2730 1564 2852 1635 Θεῷ
2899 1566 2959 1619 ἐν
2992 1568 3144 1636 φωνῇ
3196 1568 3594 1635 ἀγαλλιάσεως.
3649 1591 3671 1622 ο
3708 1571 3862 1621 Του-

2254 1657 2423 1717 vim,
2453 1657 2563 1709 Καὶ
2621 1657 2672 1710 al
2731 1656 2927 1727 πρώην
2993 1648 3339 1722 πιστοὶ,’καὶ
3388 1661 3438 1714 οί
3487 1663 3629 1729 μετά
3668 1658 3858 1716 ταῦτα

2257 1746 2677 1812 πιστεύσαντες,
2709 1747 2914 1811 πάντες
2941 1749 3076 1818 ὁμοῦ
3127 1752 3437 1821 κροτήσατε
3481 1754 3691 1823 χεῖρας.
3725 1753 3856 1824 Οὐχ

2253 1835 2429 1897 οὕτως
2480 1835 2671 1897 ἀτελῶς
2729 1837 2990 1899 ἀσκόπως
3060 1839 3157 1892 καὶ
3215 1839 3473 1900 ἀτάκτως
3531 1840 3856 1911 κροτήσατε

2254 1924 2353 1986 τὰς
2402 1926 2591 1995 χεῖρας
2638 1923 2815 1993 ὑμῶν,
2846 1924 2962 1977 ἀλλ’
3014 1927 3075 1978 ἐν
3114 1928 3267 1996 φωνῇ
3311 1926 3698 1991 ἀγαλλιάσεως
3743 1929 3857 1980 καὶ

2256 2015 2616 2086 εὐφροσύνης.
2652 2016 2750 2069 Διά
2801 2034 2883 2069 τοι
2928 2017 3084 2070 τοῦτο
3115 2016 3209 2071 καὶ
3241 2018 3269 2070 6
3318 2020 3606 2087 προφήτης
3649 2018 3858 2081 ἔνθους

2260 2109 2351 2177 ὑφ’
2407 2108 2600 2178 ἡδονῆς
2643 2109 2943 2177 γενόμενος
2998 2109 3177 2177 ἔλεγε,
3229 2129 3248 2162 ι
3302 2111 3554 2166 mum
3593 2111 3674 2182 τῷ
3721 2111 3860 2182 Θεῷ

2254 2204 2436 2274 ἡμῶν,
2484 2201 2740 2272 ψάλλετε.
2774 2203 3026 2256 Ψάλλετε
3086 2203 3164 2272 τῷ
3222 2204 3440 2273 βασιλεῖ
3484 2205 3667 2276 ⁴ἡμῶν,
3703 2205 3859 2275 ψάλ-

2254 2296 2397 2351 λετε.
2426 2298 2551 2349 Ὅτι
2574 2295 2781 2366 Κύριος
2811 2295 3058 2365 ὕψιστος,
3090 2296 3346 2368 φοϐερὸς,
3372 2297 3631 2367 βασιλεὺς
3661 2299 3861 2368 μέγας

2255 2388 2350 2442 ἐπὶ
2399 2388 2582 2441 πᾶσαν
2637 2387 2737 2456 τὴν
2792 2389 2916 2456 γῆν.
2959 2407 2977 2440 ι
3021 2388 3134 2442 Kal
3163 2388 3355 2460 ὥσπερ
3402 2390 3566 2452 αὐτὸς
3611 2390 3858 2460 ἐξηγού-

2258 2499 2420 2552 μενος
2473 2482 2541 2534 τά
2600 2479 2795 2534 ἑαυτοῦ
2848 2482 3101 2551 ῥήματα.
3140 2480 3311 2548 λέγει,
3367 2500 3388 2533 t
3453 2481 3853 2535 Ἐϐασίλευσεν

2253 2570 2284 2623 6
2317 2568 2451 2630 Θεὸς
2483 2567 2577 2620 ἰπὶ
2605 2565 2675 2619 τὰ
2702 2565 2828 2636 ἔθνη
2863 2581 2876 2594 ⁸
2930 2584 2950 2618 ι
3001 2566 3305 2630 τουτέστιν,
3331 2566 3414 2620 δτι
3455 2565 3524 2619 τὰ
3571 2567 3847 2638 πρότερον

2257 2661 2363 2714 ὑπὸ
2386 2659 2481 2713 τοῦ
2531 2658 2781 2713 διαϐόλου
2830 2657 3253 2728 τυραννούμενα
3284 2659 3437 2729 ἔθνη,
3473 2658 3569 2712 νῦν
3613 2662 3846 2714 καταλι-

2256 2752 2429 2806 πόντα
2474 2753 2602 2815 τοὺς
2644 2750 2933 2822 πατρῴους
2969 2750 3152 2805 αὐτῶν
3193 2752 3372 2814 θεοὺς,
3403 2751 3471 2805 τά
3517 2752 3705 2822 ἀψυχα
3748 2752 3838 2804 ετ-

2255 2844 2401 2898 δωλα
2458 2846 2554 2898 καὶ
2609 2843 2804 2911 κωφὰ,
2860 2841 3157 2896 ὑπέκλιναν
3218 2841 3316 2895 καὶ
3376 2843 3845 2913 προσεκύνησαν,

2254 2932 2351 2986 καὶ
2404 2932 2735 2985 ἐπίστευσαν
2768 2931 2846 3000 τῷ
2905 2931 3053 3000 μόνῳ
3106 2931 3303 3000 ἀληθεῖ
3348 2933 3445 2985 καὶ
3488 2931 3656 2995 ζῶντι
3691 2932 3844 3002 Θεῷ,

2255 3028 2351 3081 καὶ
2404 3026 2511 3079 ὑπὸ
2556 3024 2655 3094 τὴν
2704 3023 2869 3077 αὐτοῦ
2918 3023 3200 3099 βασιλείαν
3247 3024 3517 3090 ἐγένοντο.
3557 3022 3693 3076 Οὐδὲ
3729 3023 3848 3092 γὰρ

2255 3117 2397 3182 ἄξιοι
2440 3117 2541 3184 τῆς
2577 3114 2673 3167 τοῦ
2724 3115 2861 3167 Θεοῦ
2899 3113 3181 3184 βασιλείας
3233 3115 3574 3185 εὑρίσκοντο.
3614 3114 3675 3166 'O
3704 3114 3850 3178 Θεὸς

2256 3208 2493 3279 κάθηται
2537 3208 2630 3261 ἐπὶ
2658 3206 2852 3277 θρόνου
2900 3205 3059 3274 ἁγίου
3102 3205 3289 3260 αὑτοῦ.
3325 3207 3442 3268 Πᾶς
3472 3206 3664 3277 θρόνος
3685 3206 3851 3275 δηλοῖ

2254 3300 2413 3367 δόξαν
2466 3299 2561 3352 καὶ
2606 3298 2935 3351 ἀνάπαυσιν.
2989 3299 3104 3351 Καὶ
3158 3297 3287 3350 ἐπεὶ
3343 3298 3614 3366 πρότερον
3671 3298 3773 3367 μὲν
3814 3300 3849 3350 6

2256 3387 2390 3450 Θεὸς
2438 3385 2540 3439 οὐκ
2586 3383 2873 3449 ἐδοξάζετο
2913 3384 3065 3453 παρά
3104 3383 3218 3436 τῶν
3266 3382 3465 3446 ἐθνῶν,
3493 3383 3632 3437 ἀλλά
3684 3384 3846 3453 παρά

2260 3478 2439 3548 μόνων
2493 3475 2604 3529 τῶν
2650 3474 2903 3543 ἀγγέλων
2945 3475 3039 3528 καὶ
3084 3474 3192 3527 τῶν
3245 3474 3440 3540 ἀγίων,
3481 3475 3845 3548 ἐστερεοῦντο

2257 3568 2326 3622 τά
2378 3568 2507 3638 ἔθνη
2562 3567 2663 3637 τῆς
2713 3566 2875 3636 δόξης
2920 3564 3014 3618 τοῦ
3047 3564 3211 3630 Θεοῦ,
3241 3563 3340 3619 νῦν
3367 3565 3425 3619 δὲ
3460 3567 3843 3633 προσελθόντα

2260 3650 2537 3714 ἀπέλαυον
2584 3658 2636 3711 οἱ
2684 3656 2891 3720 πάντες
2923 3657 3024 3724 τῆς
3067 3656 3228 3725 δόξης
3256 3655 3352 3709 τοῦ
3393 3654 3554 3720 Θεοῦ,
3581 3657 3678 3710 καὶ
3706 3659 3847 3711 ἐπα-
3918 3704 3925 3708 .

2258 3748 2503 3819 νεπαύθη
2536 3749 2564 3802 6
2596 3747 2733 3811 Θεὸς
2763 3749 2821 3801 ἂν
2850 3749 2965 3810 τοῖς
2998 3747 3231 3803 ἔθνεσιν.
3271 3747 3429 3813 Ἐπεὶ
3454 3747 3515 3801 δὲ
3543 3750 3642 3803 καὶ
3672 3751 3703 3802 6
3730 3750 3843 3803 τῶν

2258 3839 2562 3911 ἀνθρώπων
2608 3838 2802 3910 θρόνος
2850 3839 2966 3908 ἔχει
3003 3838 3104 3908 τὴν
3140 3837 3301 3902 δόξαν
3351 3839 3447 3893 καὶ
3493 3839 3597 3909 τὴν
3643 3840 3845 3911 τιμὴν,

2258 3932 2396 3986 ἀλλὰ
2422 3933 2487 4002 δὴ
2529 3935 2625 3986 καὶ
2663 3933 2763 4003 τὴν
2794 3932 3128 3997 ἀνάπαυσιν,
3167 3931 3269 4001 τὴν
3311 3930 3369 3983 δὲ
3413 3932 3848 4004 ἀναμαρτησίαν

2256 4022 2356 4073 οὐκ
2383 4020 2500 4074 ἐστι
2537 4019 2764 4073 δυνατὸν
2796 4017 2968 4088 ἔχειν,
3005 4016 3322 4087 προσέθηκε
3356 4016 3417 4070 τὸ
3450 4037 3470 4070 ι
3518 4019 3617 4104 ἐπὶ
3645 4020 3847 4104 θρόνου

2258 4113 2415 4181 ἁγίου
2450 4112 2638 4165 αὐτοῦ.
2679 4130 2698 4163 ι
2735 4110 2817 4163 Ta
2864 4110 2976 4179 γὰρ
3020 4108 3342 4182 ἀνθρώπινα
3393 4111 3534 4177 μετά
3570 4092 3844 4182 τοῦσερα.

2256 4200 2415 4273 λεροῦ
2447 4202 2541 4254 καὶ
2568 4202 2894 4271 ὲφαμάρτου
2924 4202 3110 4272 ἔχουσι
3152 4200 3247 4252 καὶ
3275 4197 3337 4251 τὸ
3379 4199 3734 4271 ἐξωτερικὸν,
3764 4202 3845 4262 ὡς

2257 4299 2316 4350 ὲν
2348 4298 2413 4364 τῇ
2450 4293 2645 4364 πρώτῃ
2678 4292 2950 4363 ἀπολογίᾳ
2994 4292 3325 4363 εἰρήκαμεν.
3368 4291 3430 4345 'O
3465 4290 3525 4346 δὲ
3558 4293 3652 4344 τοῦ
3699 4290 3841 4344 Θεοῦ

2259 4389 2448 4460 θρόνος
2478 4387 2574 4441 καὶ
2611 4385 2837 4455 ὑψηλὸς,
2872 4387 2966 4438 καὶ
2998 4384 3334 4455 ἐπηρμένος,
3366 4384 3460 4437 καὶ
3489 4382 3642 4449 ἅγιός
3686 4383 3825 4445 ἐστι,

2260 4482 2353 4536 καὶ
2387 4479 2618 4548 φυσικὸν
2643 4478 2737 4531 καὶ
2757 4479 3061 4549 ἀχώριστον
3096 4475 3210 4545 ἔχει
3233 4474 3294 4527 τὸ
3329 4472 3606 4545 μεγαλεῖον
3633 4470 3831 4535 αὑτοῦ,

2259 4569 2355 4622 καὶ
2387 4569 2485 4637 τὴν
2519 4567 2711 4633 δόξανο
2748 4584 2767 4619 t
2808 4567 3105 4635 ’Ἄρχοντες
3135 4563 3284 4617 λαῶν
3308 4560 3655 4632 συνήχθησαν
3689 4561 3841 4630 μετά

2258 4656 2352 4712 τοῦ
2401 4645 2535 4710 Θεοῦ
2575 4655 2851 4726 Ἁϐραάμ.
2901 4672 2922 4707 ι
2983 4652 3142 4715 Τίνες
3191 4654 3333 4705 εἰσιν
3373 4654 3423 4705 οί
3477 4648 3853 4721 συναχθέντες

577 4756 984 4815 universorum,
1011 4750 1106 4821 qui
1128 4749 1337 4805 creavit
1361 4748 1587 4816 malum,
1625 4756 1681 4801 et
1703 4756 1904 4800 terram
1921 4744 2014 4798 let
2036 4761 2160 4815 pro-

2265 4748 2560 4818 άρχοντεςς
2598 4748 2659 4800 Οἱ
2684 4744 2927 4817 βασιλεῖς
2958 4745 3057 4813 τῆς
3102 4742 3230 4813 γῆς,
3271 4744 3319 4797 οί
3367 4742 3670 4812 τοπάρχαι,
3709 4742 3767 4795 οῐ
3789 4759 3857 4796 τε

577 4858 766 4915 pterea
792 4845 963 4899 Deum
996 4843 1235 4898 Abrahae
1266 4840 1446 4895 dixit?
1475 4838 1633 4893 Absit
1663 4837 2028 4907 blasphemia.
2063 4835 2162 4890 Mi-

577 4935 749 4987 nime.
774 4933 883 4988 Sed
911 4934 1108 5003 partim
1130 4931 1352 5002 quidem
1376 4929 1669 4983 Dominum
1693 4936 1747 4981 et
1768 4926 2015 4998 judicent
2039 4927 2161 4979 uni-

578 5040 754 5079 versae
802 5032 980 5089 terrae,
1013 5023 1111 5093 qui
1162 5021 1457 5076 miseretur
1513 5028 1570 5074 et
1616 5019 1893 5080 irascitur,
1943 5016 2161 5072 vocavit

576 5115 750 5171 Deum
774 5114 1031 5168 Abrahae.
1056 5112 1160 5179 Qui
1194 5112 1269 5166 illi
1302 5113 1358 5166 in
1385 5110 1775 5166 devastatione
1791 5107 2159 5163 Sodomarum

578 5202 863 5272 apparuit,
915 5217 1100 5257 coram
1158 5215 1269 5270 quo
1306 5215 1367 5256 se
1415 5211 1616 5255 terram
1645 5206 1703 5253 et
1746 5199 1989 5254 cinerem
2038 5212 2161 5253 esse

575 5293 866 5366 judicavit,
918 5293 1017 5365 qui
1064 5292 1279 5348 scilicet
1320 5300 1441 5347 erat
1474 5291 1644 5346 Filius
1675 5299 1733 5346 et
1761 5290 1998 5347 Verbum
2039 5289 2160 5358 Dei,

581 5390 1051 5456 quemadmodum
1074 5387 1128 5441 in
1149 5382 1587 5455 praecedentibus
1605 5385 2040 5440 demonstratum
2059 5392 2167 5450 est,

583 5488 643 5532 et
668 5479 852 5534 adhuc
900 5479 1142 5550 patebit:
1187 5479 1386 5549 partim
1425 5494 1577 5543 vero,
1607 5488 1668 5534 ut
1698 5478 2168 5550 quemadmodum

586 5569 869 5625 Abraham
897 5569 1008 5624 Deo
1033 5569 1295 5636 credidit,
1329 5578 1385 5625 et
1418 5579 1672 5640 reputata
1708 5579 1792 5625 est
1825 5570 1901 5624 illi
1932 5570 2066 5626 [ich
2098 5568 2167 5623 ad

582 5664 888 5734 justitiam:
945 5666 1025 5723 sic
1053 5667 1217 5721 etiam
1258 5667 1517 5722 omnibus
1549 5665 1825 5737 gentibus,
1876 5668 1917 5722 si
1949 5666 2168 5721 deserto

588 5758 739 5815 cultu
775 5760 974 5830 patrio,
1025 5760 1134 5815 imo
1181 5760 1263 5832 (ut
1315 5778 1445 5817 vera
1482 5761 1684 5829 dicam)
1722 5777 1861 5818 vano
1911 5770 1964 5817 ct
2007 5760 2164 5825 falso,

2269 4841 2459 4909 μικροὶ
2502 4840 2599 4892 καὶ
2631 4837 2885 4908 μεγάλοι.
2920 4836 3030 4891 Καὶ
3081 4838 3167 4899 τίς
3215 4836 3364 4888 ἐστιν
3399 4834 3429 4883 6
3458 4832 3557 4886 τοῦ
3593 4832 3856 4903 Ἀϐραὰμ

2265 4933 2432 4998 Θεός;
2482 4933 2576 5002 Μὴ
2614 4929 2803 5000 ἕτερός
2851 4928 2969 4981 ἐστι
3016 4929 3170 4999 παρά
3221 4925 3317 4980 τὸν
3354 4924 3468 4979 τῶν
3518 4924 3660 4979 ὅλων
3692 4925 3853 4991 Θεὸν,

2264 5025 2357 5078 τὸν
2390 5025 2696 5093 ποιήσαντα
2744 5020 2836 5074 τὸν
2882 5020 3114 5091 οὐρανὸν
3162 5020 3261 5073 καὶ
3309 5019 3413 5088 τὴν
3461 5017 3593 5086 γῆν,
3621 5018 3720 5071 καὶ
3767 5017 3859 5071 διὰ

2264 5115 2425 5168 τοῦτο
2464 5115 2595 5167 ἴδιον
2631 5110 2797 5168 αὐτοῦ
2828 5112 2985 5166 καλεῖ
3011 5109 3106 5164 τοῦ
3144 5108 3438 5180 Ἀϐραάμ-ς
3475 5109 3703 5178 Ἄπαγε
3755 5110 3860 5176 τῆς

2266 5204 2658 5276 βλασφημίαςῑ
2706 5203 2864 5274 Οὐχὶ,
2908 5202 3046 5255 ἀλλά
3097 5202 3159 5253 τὸ
3213 5201 3334 5270 μὲν,
3373 5199 3456 5252 ὅτι
3508 5200 3708 5270 κύριον
3759 5203 3862 5253 καὶ

2268 5299 2464 5370 κριτὴν
2494 5296 2679 5366 πάσης
2727 5295 2828 5366 τῆς
2874 5294 3007 5365 γῆς,
3054 5292 3150 5347 καὶ
3200 5292 3456 5347 ἐλεοῦντα
3506 5293 3602 5346 καὶ
3634 5293 3864 5363 ὀργιζό-

2273 5407 2433 5463 μενον
2467 5388 2727 5443 ἐκάλεσεν
2769 5387 3046 5459 Ἀδραάμ,
3089 5388 3182 5439 τὸν
3229 5387 3323 5440 ἐπὶ
3373 5388 3441 5457 τῇ
3490 5390 3858 5457 καταστροφῇ

2269 5482 2381 5535 τῶν
2430 5479 2685 5551 Σοδόμων
2725 5478 2962 5548 ὀφθέντα
3003 5477 3176 5549 αὐτῷ,
3211 5478 3309 5530 καὶ
3357 5476 3464 5547 γῆν
3514 5479 3611 5529 καὶ
3656 5477 3864 5530 σποδὸν

2272 5574 2489 5643 ἔκρινεν
2541 5571 2731 5625 ἑαυτὸν
2781 5568 3093 5641 ἔμπροσθεν
3148 5570 3393 5633 ἐκείνου,
3424 5568 3483 5632 ὃς
3534 5564 3604 5638 ἦν
3660 5569 3690 5621 6
3726 5567 3863 5631 Υίὸς

2274 5666 2367 5718 καὶ
2415 5665 2587 5733 Λόγος
2636 5662 2731 5716 τοῦ
2762 5661 2923 5725 Θεοῦ,
2956 5661 3029 5724 ὡς
3073 5664 3133 5714 ὲν
3189 5663 3299 5725 τοῖς
3346 5660 3661 5731 ἔμπροσθεν
3714 5661 3862 5712 ἀπε-

2272 5756 2480 5827 δείχθη,
2518 5760 2609 5812 κα)⁵
2658 5757 2737 5811 ἑτι
2796 5753 3137 5826 φανήσεται’
3172 5752 3234 5805 τὸ
3280 5753 3360 5820 δὲ,
3402 5754 3486 5807 ὅτι
3534 5750 3730 5821 ὥσπερ
3763 5767 3862 5802 πι-
