  <div class='ocr_page' id='page_1' title='image "/cluster/home/n/w/nwhite01/storage/ocr_20150623/154:no.2/coo.31924054870591/262.png"; bbox 0 0 4090 6476; ppageno 0'>
   <div class='ocr_carea' id='block_1_1' title="bbox 316 438 425 502">
    <p class='ocr_par' dir='ltr' id='par_1_1' title="bbox 316 438 425 502">
     <span class='ocr_line' id='line_1_1' title="bbox 316 438 425 502; baseline 0 0"><span class='ocrx_word' id='word_1_1' title='bbox 316 438 425 502; x_wconf 82' lang='lat'><strong>509</strong></span> 
     </span>
    </p>
   </div>
   <div class='ocr_carea' id='block_1_2' title="bbox 1272 441 2682 510">
    <p class='ocr_par' dir='ltr' id='par_1_2' title="bbox 1272 441 2682 510">
     <span class='ocr_line' id='line_1_2' title="bbox 1272 441 2682 510; baseline 0.004 -8"><span class='ocrx_word' id='word_1_2' title='bbox 1272 441 1575 503; x_wconf 81' lang='lat' dir='ltr'><strong>CONTRA</strong></span> <span class='ocrx_word' id='word_1_3' title='bbox 1620 441 2109 507; x_wconf 79' lang='grc' dir='ltr'><strong>ΜΑΠΟΜΕΤΕΜ</strong></span> <span class='ocrx_word' id='word_1_4' title='bbox 2145 449 2522 510; x_wconf 77' lang='lat' dir='ltr'><strong>APOLOGIA</strong></span> <span class='ocrx_word' id='word_1_5' title='bbox 2565 450 2682 510; x_wconf 78' lang='grc' dir='ltr'><strong>ΙΙΙ.</strong></span> 
     </span>
    </p>
   </div>
   <div class='ocr_carea' id='block_1_3' title="bbox 3487 449 3595 514">
    <p class='ocr_par' dir='ltr' id='par_1_3' title="bbox 3487 449 3595 514">
     <span class='ocr_line' id='line_1_3' title="bbox 3487 449 3595 514; baseline 0.019 -3"><span class='ocrx_word' id='word_1_6' title='bbox 3487 449 3595 514; x_wconf 69' lang='grc'><strong>510</strong></span> 
     </span>
    </p>
   </div>
   <div class='ocr_carea' id='block_1_4' title="bbox 321 553 1905 630">
    <p class='ocr_par' dir='ltr' id='par_1_4' title="bbox 321 553 1904 630">
     <span class='ocr_line' id='line_1_4' title="bbox 321 553 1904 630; baseline 0.003 -22"><span class='ocrx_word' id='word_1_7' title='bbox 321 553 648 617; x_wconf 78' lang='grc' dir='ltr'>στεύσαντος</span> <span class='ocrx_word' id='word_1_8' title='bbox 693 555 786 609; x_wconf 90' lang='grc' dir='ltr'><strong>τοῦ</strong></span> <span class='ocrx_word' id='word_1_9' title='bbox 823 554 1082 626; x_wconf 72' lang='grc' dir='ltr'>Ἀϐραάμ</span> <span class='ocrx_word' id='word_1_10' title='bbox 1122 554 1199 626; x_wconf 83' lang='grc' dir='ltr'>τῷ</span> <span class='ocrx_word' id='word_1_11' title='bbox 1227 555 1368 625; x_wconf 81' lang='grc' dir='ltr'>Θεῷ,</span> <span class='ocrx_word' id='word_1_12' title='bbox 1404 557 1666 626; x_wconf 75' lang='grc' dir='ltr'><strong>ἐλογίσθη</strong></span> <span class='ocrx_word' id='word_1_13' title='bbox 1707 562 1739 630; x_wconf 80' lang='grc' dir='ltr'>ἡ</span> <span class='ocrx_word' id='word_1_14' title='bbox 1775 559 1904 612; x_wconf 76' lang='grc' dir='ltr'>τού-</span> 
     </span>
    </p>
   </div>
   <div class='ocr_carea' id='block_1_5' title="bbox 2010 553 3592 630">
    <p class='ocr_par' dir='ltr' id='par_1_5' title="bbox 2016 562 3592 629">
     <span class='ocr_line' id='line_1_5' title="bbox 2016 562 3592 629; baseline 0.001 -13"><span class='ocrx_word' id='word_1_15' title='bbox 2016 577 2302 617; x_wconf 80' lang='lat' dir='ltr'><strong>conversae</strong></span> <span class='ocrx_word' id='word_1_16' title='bbox 2357 562 2566 619; x_wconf 80' lang='lat' dir='ltr'><strong>fuerint</strong></span> <span class='ocrx_word' id='word_1_17' title='bbox 2610 565 2678 618; x_wconf 88' lang='lat' dir='ltr'><strong>ad</strong></span> <span class='ocrx_word' id='word_1_18' title='bbox 2724 564 2894 618; x_wconf 90' lang='lat' dir='ltr'><strong>Deum</strong></span> <span class='ocrx_word' id='word_1_19' title='bbox 2944 578 3160 629; x_wconf 86' lang='lat' dir='ltr'><strong>verum,</strong></span> <span class='ocrx_word' id='word_1_20' title='bbox 3210 571 3266 618; x_wconf 91' lang='lat' dir='ltr'><strong>et</strong></span> <span class='ocrx_word' id='word_1_21' title='bbox 3311 563 3592 618; x_wconf 75' lang='lat' dir='ltr'><strong>Christum</strong></span> 
     </span>
    </p>
   </div>
   <div class='ocr_carea' id='block_1_6' title="bbox 317 646 1897 718">
    <p class='ocr_par' dir='ltr' id='par_1_6' title="bbox 317 646 1897 718">
     <span class='ocr_line' id='line_1_6' title="bbox 317 646 1897 718; baseline 0.004 -18"><span class='ocrx_word' id='word_1_22' title='bbox 317 666 414 702; x_wconf 85' lang='grc' dir='ltr'><strong>του</strong></span> <span class='ocrx_word' id='word_1_23' title='bbox 475 646 660 711; x_wconf 84' lang='grc' dir='ltr'>πίστις</span> <span class='ocrx_word' id='word_1_24' title='bbox 705 649 786 711; x_wconf 90' lang='grc' dir='ltr'><strong>είς</strong></span> <span class='ocrx_word' id='word_1_25' title='bbox 837 647 1212 718; x_wconf 81' lang='grc' dir='ltr'>δικαιοσύνην,</span> <span class='ocrx_word' id='word_1_26' title='bbox 1255 649 1398 704; x_wconf 69' lang='grc' dir='ltr'>οὕτω</span> <span class='ocrx_word' id='word_1_27' title='bbox 1446 653 1540 705; x_wconf 69' lang='grc' dir='ltr'>καὶ</span> <span class='ocrx_word' id='word_1_28' title='bbox 1591 652 1773 705; x_wconf 80' lang='grc' dir='ltr'>πάντα</span> <span class='ocrx_word' id='word_1_29' title='bbox 1828 654 1897 707; x_wconf 85' lang='grc' dir='ltr'><strong>τά</strong></span> 
     </span>
    </p>
   </div>
   <div class='ocr_carea' id='block_1_7' title="bbox 317 738 1897 810">
    <p class='ocr_par' dir='ltr' id='par_1_7' title="bbox 317 738 1897 810">
     <span class='ocr_line' id='line_1_7' title="bbox 317 738 1897 810; baseline 0.003 -18"><span class='ocrx_word' id='word_1_30' title='bbox 317 739 447 808; x_wconf 73' lang='grc' dir='ltr'>ἔθνη</span> <span class='ocrx_word' id='word_1_31' title='bbox 507 739 876 792; x_wconf 80' lang='grc' dir='ltr'><strong>καταλιπόντα</strong></span> <span class='ocrx_word' id='word_1_32' title='bbox 917 738 978 792; x_wconf 86' lang='grc' dir='ltr'>τὸ</span> <span class='ocrx_word' id='word_1_33' title='bbox 1033 740 1265 808; x_wconf 77' lang='grc' dir='ltr'>πάτριον</span> <span class='ocrx_word' id='word_1_34' title='bbox 1323 740 1525 804; x_wconf 77' lang='grc' dir='ltr'>σέϐας,</span> <span class='ocrx_word' id='word_1_35' title='bbox 1588 741 1897 810; x_wconf 76' lang='grc' dir='ltr'>μᾶλλονδὲ</span> 
     </span>
    </p>
   </div>
   <div class='ocr_carea' id='block_1_8' title="bbox 315 828 1893 902">
    <p class='ocr_par' dir='ltr' id='par_1_8' title="bbox 315 828 1893 902">
     <span class='ocr_line' id='line_1_8' title="bbox 315 828 1893 902; baseline 0.001 -20"><span class='ocrx_word' id='word_1_36' title='bbox 315 828 549 899; x_wconf 76' lang='grc' dir='ltr'>τάληθὲς</span> <span class='ocrx_word' id='word_1_37' title='bbox 607 830 822 894; x_wconf 78' lang='grc' dir='ltr'>είπεῖν,</span> <span class='ocrx_word' id='word_1_38' title='bbox 873 829 937 883; x_wconf 85' lang='grc' dir='ltr'>τὺ</span> <span class='ocrx_word' id='word_1_39' title='bbox 998 830 1231 900; x_wconf 85' lang='grc' dir='ltr'>μάταιον</span> <span class='ocrx_word' id='word_1_40' title='bbox 1284 832 1380 885; x_wconf 76' lang='grc' dir='ltr'>καὶ</span> <span class='ocrx_word' id='word_1_41' title='bbox 1439 833 1893 902; x_wconf 79' lang='grc' dir='ltr'><strong>πεπλανημένον,</strong></span> 
     </span>
    </p>
   </div>
   <div class='ocr_carea' id='block_1_9' title="bbox 313 921 1898 995">
    <p class='ocr_par' dir='ltr' id='par_1_9' title="bbox 313 921 1898 995">
     <span class='ocr_line' id='line_1_9' title="bbox 313 921 1898 995; baseline 0.004 -23"><span class='ocrx_word' id='word_1_42' title='bbox 313 921 410 972; x_wconf 74' lang='grc' dir='ltr'>καὶ</span> <span class='ocrx_word' id='word_1_43' title='bbox 460 921 864 992; x_wconf 74' lang='grc' dir='ltr'>ἐπιστρέψαντα</span> <span class='ocrx_word' id='word_1_44' title='bbox 917 924 1010 976; x_wconf 78' lang='grc' dir='ltr'><strong>ἐπὶ</strong></span> <span class='ocrx_word' id='word_1_45' title='bbox 1057 924 1150 977; x_wconf 70' lang='grc' dir='ltr'>τὸν</span> <span class='ocrx_word' id='word_1_46' title='bbox 1201 925 1377 993; x_wconf 83' lang='grc' dir='ltr'>ἀληθῆ</span> <span class='ocrx_word' id='word_1_47' title='bbox 1431 925 1589 988; x_wconf 79' lang='grc' dir='ltr'>Θεὸν,</span> <span class='ocrx_word' id='word_1_48' title='bbox 1624 925 1719 977; x_wconf 62' lang='grc' dir='ltr'><strong>καὶ⁸</strong></span> <span class='ocrx_word' id='word_1_49' title='bbox 1767 928 1898 995; x_wconf 69' lang='grc' dir='ltr'>ὁμου</span> 
     </span>
    </p>
   </div>
   <div class='ocr_carea' id='block_1_10' title="bbox 2003 654 3592 720">
    <p class='ocr_par' dir='ltr' id='par_1_10' title="bbox 2003 654 3592 720">
     <span class='ocr_line' id='line_1_10' title="bbox 2003 654 3592 720; baseline -0.001 -12"><span class='ocrx_word' id='word_1_50' title='bbox 2003 654 2268 709; x_wconf 71' lang='lat' dir='ltr'><strong>cout‘essae</strong></span> <span class='ocrx_word' id='word_1_51' title='bbox 2318 657 2526 711; x_wconf 79' lang='lat' dir='ltr'><strong>fuerim</strong></span> <span class='ocrx_word' id='word_1_52' title='bbox 2564 657 2761 711; x_wconf 83' lang='lat' dir='ltr'><strong>Filium</strong></span> <span class='ocrx_word' id='word_1_53' title='bbox 2817 657 2910 710; x_wconf 86' lang='lat' dir='ltr'><strong>Dei</strong></span> <span class='ocrx_word' id='word_1_54' title='bbox 2957 671 3101 720; x_wconf 80' lang='lat' dir='ltr'><strong>esse,</strong></span> <span class='ocrx_word' id='word_1_55' title='bbox 3159 658 3326 710; x_wconf 92' lang='lat' dir='ltr'><strong>Deum</strong></span> <span class='ocrx_word' id='word_1_56' title='bbox 3377 673 3592 719; x_wconf 86' lang='lat' dir='ltr'><strong>verum,</strong></span> 
     </span>
    </p>
   </div>
   <div class='ocr_carea' id='block_1_11' title="bbox 2005 747 3595 819">
    <p class='ocr_par' dir='ltr' id='par_1_11' title="bbox 2005 747 3595 819">
     <span class='ocr_line' id='line_1_11' title="bbox 2005 747 3595 819; baseline 0.003 -21"><span class='ocrx_word' id='word_1_57' title='bbox 2005 747 2170 799; x_wconf 83' lang='lat' dir='ltr'><strong>etiam</strong></span> <span class='ocrx_word' id='word_1_58' title='bbox 2230 747 2354 801; x_wconf 89' lang='lat' dir='ltr'><strong>illis’</strong></span> <span class='ocrx_word' id='word_1_59' title='bbox 2391 749 2526 804; x_wconf 70' lang='lat' dir='ltr'><strong>fides</strong></span> <span class='ocrx_word' id='word_1_60' title='bbox 2579 749 2646 803; x_wconf 88' lang='lat' dir='ltr'><strong>ad</strong></span> <span class='ocrx_word' id='word_1_61' title='bbox 2687 749 2956 819; x_wconf 73' lang='lat' dir='ltr'><strong>justitiam</strong></span> <span class='ocrx_word' id='word_1_62' title='bbox 2991 747 3360 818; x_wconf 90' lang='lat' dir='ltr'><strong>reputabitur,</strong></span> <span class='ocrx_word' id='word_1_63' title='bbox 3423 757 3482 802; x_wconf 85' lang='lat' dir='ltr'><strong>ut</strong></span> <span class='ocrx_word' id='word_1_64' title='bbox 3540 757 3595 803; x_wconf 81' lang='lat' dir='ltr'><strong>et</strong></span> 
     </span>
    </p>
   </div>
   <div class='ocr_carea' id='block_1_12' title="bbox 2003 838 3592 909">
    <p class='ocr_par' dir='ltr' id='par_1_12' title="bbox 2003 838 3592 909">
     <span class='ocr_line' id='line_1_12' title="bbox 2003 838 3592 909; baseline 0.003 -21"><span class='ocrx_word' id='word_1_65' title='bbox 2003 838 2255 892; x_wconf 64' lang='lat' dir='ltr'><strong>Abrahae.</strong></span> <span class='ocrx_word' id='word_1_66' title='bbox 2283 849 2339 893; x_wconf 91' lang='lat' dir='ltr'><strong>et</strong></span> <span class='ocrx_word' id='word_1_67' title='bbox 2368 840 2610 893; x_wconf 68' lang='lat' dir='ltr'><strong>remissae</strong></span> <span class='ocrx_word' id='word_1_68' title='bbox 2627 840 2877 895; x_wconf 88' lang='lat' dir='ltr'><strong>suntillis</strong></span> <span class='ocrx_word' id='word_1_69' title='bbox 2901 855 3094 894; x_wconf 89' lang='lat' dir='ltr'><strong>onmes</strong></span> <span class='ocrx_word' id='word_1_70' title='bbox 3121 840 3462 909; x_wconf 87' lang='lat' dir='ltr'><strong>iniquitates,</strong></span> <span class='ocrx_word' id='word_1_71' title='bbox 3487 839 3592 892; x_wconf 83' lang='lat' dir='ltr'><strong>im-</strong></span> 
     </span>
    </p>
   </div>
   <div class='ocr_carea' id='block_1_13' title="bbox 2005 925 2972 1000">
    <p class='ocr_par' dir='ltr' id='par_1_13' title="bbox 2005 925 2972 1000">
     <span class='ocr_line' id='line_1_13' title="bbox 2005 925 2972 1000; baseline 0.005 -20"><span class='ocrx_word' id='word_1_72' title='bbox 2005 928 2183 996; x_wconf 80' lang='lat' dir='ltr'><strong>pietas</strong></span> <span class='ocrx_word' id='word_1_73' title='bbox 2215 941 2272 984; x_wconf 89' lang='lat' dir='ltr'><strong>et</strong></span> <span class='ocrx_word' id='word_1_74' title='bbox 2306 939 2530 998; x_wconf 87' lang='lat' dir='ltr'><strong>peccata</strong></span> <span class='ocrx_word' id='word_1_75' title='bbox 2562 931 2832 1000; x_wconf 90' lang='lat' dir='ltr'><strong>ipsorum.</strong></span> <span class='ocrx_word' id='word_1_76' title='bbox 2967 925 2972 928; x_wconf 68' lang='grc'><strong>’</strong></span> 
     </span>
    </p>
   </div>
   <div class='ocr_carea' id='block_1_14' title="bbox 317 1013 3594 1093">
    <p class='ocr_par' dir='ltr' id='par_1_14' title="bbox 317 1013 3594 1093">
     <span class='ocr_line' id='line_1_14' title="bbox 317 1013 3594 1093; baseline 0.002 -27"><span class='ocrx_word' id='word_1_77' title='bbox 317 1013 632 1083; x_wconf 86' lang='grc' dir='ltr'>λογήσαντα</span> <span class='ocrx_word' id='word_1_78' title='bbox 674 1013 766 1066; x_wconf 85' lang='grc' dir='ltr'><strong>τὸν</strong></span> <span class='ocrx_word' id='word_1_79' title='bbox 813 1014 1052 1082; x_wconf 76' lang='grc' dir='ltr'>Χριστὸν</span> <span class='ocrx_word' id='word_1_80' title='bbox 1100 1015 1228 1068; x_wconf 77' lang='grc' dir='ltr'>Υίὸν</span> <span class='ocrx_word' id='word_1_81' title='bbox 1279 1014 1439 1079; x_wconf 86' lang='grc' dir='ltr'>Θεοῦ,</span> <span class='ocrx_word' id='word_1_82' title='bbox 1507 1017 1603 1070; x_wconf 79' lang='grc' dir='ltr'>καὶ</span> <span class='ocrx_word' id='word_1_83' title='bbox 1671 1015 1806 1068; x_wconf 76' lang='grc' dir='ltr'>Θεὸν</span> <span class='ocrx_word' id='word_1_84' title='bbox 1872 1017 2150 1085; x_wconf 81' lang='grc' dir='ltr'>ἀληθινὸν.</span> <span class='ocrx_word' id='word_1_85' title='bbox 2208 1019 2462 1090; x_wconf 75' lang='grc' dir='ltr'>ἐλογίσθη</span> <span class='ocrx_word' id='word_1_86' title='bbox 2516 1023 2609 1074; x_wconf 71' lang='grc' dir='ltr'>καὶ</span> <span class='ocrx_word' id='word_1_87' title='bbox 2673 1022 2856 1074; x_wconf 83' lang='grc' dir='ltr'>αὐτῶν</span> <span class='ocrx_word' id='word_1_88' title='bbox 2899 1025 2932 1093; x_wconf 85' lang='grc' dir='ltr'><strong>ἡ</strong></span> <span class='ocrx_word' id='word_1_89' title='bbox 2984 1023 3170 1085; x_wconf 80' lang='grc' dir='ltr'><strong>πίστις</strong></span> <span class='ocrx_word' id='word_1_90' title='bbox 3229 1025 3312 1088; x_wconf 85' lang='grc' dir='ltr'><strong>είς</strong></span> <span class='ocrx_word' id='word_1_91' title='bbox 3383 1023 3594 1076; x_wconf 81' lang='grc' dir='ltr'>δικαιο-</span> 
     </span>
    </p>
   </div>
   <div class='ocr_carea' id='block_1_15' title="bbox 315 1107 3593 1184">
    <p class='ocr_par' dir='ltr' id='par_1_15' title="bbox 315 1107 3593 1184">
     <span class='ocr_line' id='line_1_15' title="bbox 315 1107 3593 1184; baseline 0.003 -22"><span class='ocrx_word' id='word_1_92' title='bbox 315 1108 508 1178; x_wconf 76' lang='grc' dir='ltr'>σύνην,</span> <span class='ocrx_word' id='word_1_93' title='bbox 578 1107 770 1176; x_wconf 80' lang='grc' dir='ltr'>ὥσπερ</span> <span class='ocrx_word' id='word_1_94' title='bbox 823 1109 902 1180; x_wconf 83' lang='grc' dir='ltr'><strong>τῷ</strong></span> <span class='ocrx_word' id='word_1_95' title='bbox 949 1109 1204 1181; x_wconf 73' lang='grc' dir='ltr'>Ἀϐραάμ</span> <span class='ocrx_word' id='word_1_96' title='bbox 1254 1109 1351 1163; x_wconf 66' lang='grc' dir='ltr'><strong>καλ⁵</strong></span> <span class='ocrx_word' id='word_1_97' title='bbox 1394 1110 1701 1180; x_wconf 78' lang='grc' dir='ltr'>ἀφείθησαν</span> <span class='ocrx_word' id='word_1_98' title='bbox 1749 1111 1924 1164; x_wconf 78' lang='grc' dir='ltr'>πᾶσαι</span> <span class='ocrx_word' id='word_1_99' title='bbox 1964 1115 2018 1166; x_wconf 84' lang='grc' dir='ltr'>αἱ</span> <span class='ocrx_word' id='word_1_100' title='bbox 2063 1114 2291 1184; x_wconf 82' lang='grc' dir='ltr'>ἀνομίαι</span> <span class='ocrx_word' id='word_1_101' title='bbox 2344 1113 2547 1180; x_wconf 74' lang='grc' dir='ltr'>αὐτῶν,</span> <span class='ocrx_word' id='word_1_102' title='bbox 2634 1117 2809 1168; x_wconf 81' lang='grc' dir='ltr'>πᾶσαι</span> <span class='ocrx_word' id='word_1_103' title='bbox 2865 1117 2923 1169; x_wconf 84' lang='grc' dir='ltr'><strong>αί</strong></span> <span class='ocrx_word' id='word_1_104' title='bbox 2976 1116 3253 1181; x_wconf 78' lang='grc' dir='ltr'>ἀσέϐειαι,</span> <span class='ocrx_word' id='word_1_105' title='bbox 3307 1118 3478 1170; x_wconf 81' lang='grc' dir='ltr'>πᾶσαι</span> <span class='ocrx_word' id='word_1_106' title='bbox 3535 1123 3593 1175; x_wconf 78' lang='lat' dir='ltr'><strong>ai</strong></span> 
     </span>
    </p>
   </div>
   <div class='ocr_carea' id='block_1_16' title="bbox 313 1200 604 1270">
    <p class='ocr_par' dir='ltr' id='par_1_16' title="bbox 313 1200 604 1270">
     <span class='ocr_line' id='line_1_16' title="bbox 313 1200 604 1270; baseline -0.007 -14"><span class='ocrx_word' id='word_1_107' title='bbox 313 1200 604 1270; x_wconf 76' lang='grc' dir='ltr'>ἁμαρτίαι.</span> 
     </span>
    </p>
   </div>
   <div class='ocr_carea' id='block_1_17' title="bbox 388 1295 1896 1368">
    <p class='ocr_par' dir='ltr' id='par_1_17' title="bbox 388 1295 1896 1368">
     <span class='ocr_line' id='line_1_17' title="bbox 388 1295 1896 1368; baseline 0.003 -20"><span class='ocrx_word' id='word_1_108' title='bbox 388 1297 450 1350; x_wconf 81' lang='grc' dir='ltr'>δ’.</span> <span class='ocrx_word' id='word_1_109' title='bbox 487 1297 606 1348; x_wconf 86' lang='grc' dir='ltr'>Ἔτι</span> <span class='ocrx_word' id='word_1_110' title='bbox 654 1295 902 1360; x_wconf 79' lang='grc' dir='ltr'>εἰπόντος</span> <span class='ocrx_word' id='word_1_111' title='bbox 945 1296 1038 1350; x_wconf 87' lang='grc' dir='ltr'><strong>τοῦ</strong></span> <span class='ocrx_word' id='word_1_112' title='bbox 1070 1295 1205 1350; x_wconf 83' lang='grc' dir='ltr'><strong>Θεοῦ</strong></span> <span class='ocrx_word' id='word_1_113' title='bbox 1240 1297 1360 1350; x_wconf 85' lang='grc' dir='ltr'>τότε</span> <span class='ocrx_word' id='word_1_114' title='bbox 1383 1297 1460 1368; x_wconf 78' lang='grc' dir='ltr'>τῷ</span> <span class='ocrx_word' id='word_1_115' title='bbox 1502 1298 1776 1367; x_wconf 79' lang='grc' dir='ltr'>Ἀϐραὰμ,</span> <span class='ocrx_word' id='word_1_116' title='bbox 1813 1299 1896 1352; x_wconf 82' lang='grc' dir='ltr'>ὅτι</span> 
     </span>
    </p>
   </div>
   <div class='ocr_carea' id='block_1_18' title="bbox 323 1387 1892 1458">
    <p class='ocr_par' dir='ltr' id='par_1_18' title="bbox 323 1387 1892 1458">
     <span class='ocr_line' id='line_1_18' title="bbox 323 1387 1892 1458; baseline 0.003 -18"><span class='ocrx_word' id='word_1_117' title='bbox 323 1407 344 1440; x_wconf 79' lang='grc' dir='ltr'><strong>ι</strong></span> <span class='ocrx_word' id='word_1_118' title='bbox 387 1387 604 1458; x_wconf 83' lang='grc' dir='ltr'>Πατέρα</span> <span class='ocrx_word' id='word_1_119' title='bbox 688 1389 901 1442; x_wconf 82' lang='grc' dir='ltr'>πολλῶν</span> <span class='ocrx_word' id='word_1_120' title='bbox 957 1389 1128 1442; x_wconf 80' lang='grc' dir='ltr'>ἐθνῶν</span> <span class='ocrx_word' id='word_1_121' title='bbox 1176 1389 1400 1443; x_wconf 77' lang='grc' dir='ltr'>τέθεικά</span> <span class='ocrx_word' id='word_1_122' title='bbox 1460 1407 1545 1454; x_wconf 89' lang='grc' dir='ltr'><strong>σε,</strong></span> <span class='ocrx_word' id='word_1_123' title='bbox 1585 1410 1604 1442; x_wconf 73' lang='grc' dir='ltr'><strong>ι</strong></span> <span class='ocrx_word' id='word_1_124' title='bbox 1662 1391 1754 1444; x_wconf 77' lang='grc' dir='ltr'>καὶ</span> <span class='ocrx_word' id='word_1_125' title='bbox 1809 1392 1892 1444; x_wconf 84' lang='grc' dir='ltr'>ὅτι</span> 
     </span>
    </p>
   </div>
   <div class='ocr_carea' id='block_1_19' title="bbox 325 1476 1896 1548">
    <p class='ocr_par' dir='ltr' id='par_1_19' title="bbox 325 1476 1896 1548">
     <span class='ocr_line' id='line_1_19' title="bbox 325 1476 1896 1548; baseline 0.004 -20"><span class='ocrx_word' id='word_1_126' title='bbox 325 1479 458 1530; x_wconf 72' lang='grc' dir='ltr'><strong>«Ἐν</strong></span> <span class='ocrx_word' id='word_1_127' title='bbox 482 1476 558 1546; x_wconf 83' lang='grc' dir='ltr'><strong>τῷ</strong></span> <span class='ocrx_word' id='word_1_128' title='bbox 586 1478 861 1547; x_wconf 87' lang='grc' dir='ltr'>σπέρματί</span> <span class='ocrx_word' id='word_1_129' title='bbox 919 1493 1013 1531; x_wconf 89' lang='grc' dir='ltr'><strong>σου</strong></span> <span class='ocrx_word' id='word_1_130' title='bbox 1073 1478 1534 1548; x_wconf 77' lang='grc' dir='ltr'><strong>εὐλογηθήσονται</strong></span> <span class='ocrx_word' id='word_1_131' title='bbox 1590 1480 1770 1532; x_wconf 81' lang='grc' dir='ltr'>πάντα</span> <span class='ocrx_word' id='word_1_132' title='bbox 1825 1481 1896 1534; x_wconf 84' lang='grc' dir='ltr'>τὰ</span> 
     </span>
    </p>
   </div>
   <div class='ocr_carea' id='block_1_20' title="bbox 316 1567 1896 1638">
    <p class='ocr_par' dir='ltr' id='par_1_20' title="bbox 316 1567 1896 1638">
     <span class='ocr_line' id='line_1_20' title="bbox 316 1567 1896 1638; baseline 0.003 -18"><span class='ocrx_word' id='word_1_133' title='bbox 316 1567 473 1637; x_wconf 74' lang='grc' dir='ltr'>ἔθνη,</span> <span class='ocrx_word' id='word_1_134' title='bbox 506 1588 523 1619; x_wconf 76' lang='grc' dir='ltr'>ι</span> <span class='ocrx_word' id='word_1_135' title='bbox 583 1567 925 1635; x_wconf 84' lang='grc' dir='ltr'>προκατιδὼν</span> <span class='ocrx_word' id='word_1_136' title='bbox 976 1568 1005 1620; x_wconf 96' lang='lat'><strong>6</strong></span> <span class='ocrx_word' id='word_1_137' title='bbox 1054 1569 1362 1638; x_wconf 69' lang='grc' dir='ltr'>προφήτης,</span> <span class='ocrx_word' id='word_1_138' title='bbox 1418 1571 1500 1623; x_wconf 84' lang='grc' dir='ltr'>ὅτι</span> <span class='ocrx_word' id='word_1_139' title='bbox 1556 1571 1679 1623; x_wconf 84' lang='grc' dir='ltr'>ὅσον</span> <span class='ocrx_word' id='word_1_140' title='bbox 1741 1570 1896 1624; x_wconf 73' lang='grc' dir='ltr'>οὖπω</span> 
     </span>
    </p>
   </div>
   <div class='ocr_carea' id='block_1_21' title="bbox 317 1658 1895 1730">
    <p class='ocr_par' dir='ltr' id='par_1_21' title="bbox 317 1658 1895 1730">
     <span class='ocr_line' id='line_1_21' title="bbox 317 1658 1895 1730; baseline -0.001 -16"><span class='ocrx_word' id='word_1_141' title='bbox 317 1659 624 1730; x_wconf 74' lang='grc' dir='ltr'>πληροῦται</span> <span class='ocrx_word' id='word_1_142' title='bbox 681 1660 709 1712; x_wconf 86' lang='lat'><strong>6</strong></span> <span class='ocrx_word' id='word_1_143' title='bbox 754 1659 890 1728; x_wconf 78' lang='grc' dir='ltr'>πρὸς</span> <span class='ocrx_word' id='word_1_144' title='bbox 937 1658 1028 1712; x_wconf 82' lang='grc' dir='ltr'><strong>τὸν</strong></span> <span class='ocrx_word' id='word_1_145' title='bbox 1092 1658 1344 1728; x_wconf 75' lang='grc' dir='ltr'>Ἀϐραὰμ</span> <span class='ocrx_word' id='word_1_146' title='bbox 1377 1659 1469 1712; x_wconf 77' lang='grc' dir='ltr'><strong>τοῦ</strong></span> <span class='ocrx_word' id='word_1_147' title='bbox 1523 1660 1659 1713; x_wconf 81' lang='grc' dir='ltr'>Θεοῦ</span> <span class='ocrx_word' id='word_1_148' title='bbox 1717 1662 1895 1725; x_wconf 77' lang='grc' dir='ltr'>λόγος,</span> 
     </span>
    </p>
   </div>
   <div class='ocr_carea' id='block_1_22' title="bbox 317 1751 1898 1822">
    <p class='ocr_par' dir='ltr' id='par_1_22' title="bbox 317 1751 1898 1822">
     <span class='ocr_line' id='line_1_22' title="bbox 317 1751 1898 1822; baseline -0.004 -13"><span class='ocrx_word' id='word_1_149' title='bbox 317 1755 725 1822; x_wconf 70' lang='grc' dir='ltr'>ἐπιστραφέντα</span> <span class='ocrx_word' id='word_1_150' title='bbox 789 1754 881 1804; x_wconf 78' lang='grc' dir='ltr'><strong>καὶ</strong></span> <span class='ocrx_word' id='word_1_151' title='bbox 936 1752 1045 1822; x_wconf 72' lang='grc' dir='ltr'>γὰρ</span> <span class='ocrx_word' id='word_1_152' title='bbox 1102 1751 1286 1804; x_wconf 86' lang='grc' dir='ltr'>πάντα</span> <span class='ocrx_word' id='word_1_153' title='bbox 1335 1753 1401 1804; x_wconf 69' lang='grc' dir='ltr'><strong>τά</strong></span> <span class='ocrx_word' id='word_1_154' title='bbox 1456 1752 1582 1819; x_wconf 80' lang='grc' dir='ltr'>ἔθνη</span> <span class='ocrx_word' id='word_1_155' title='bbox 1636 1753 1898 1819; x_wconf 79' lang='grc' dir='ltr'>γεγόνασι</span> 
     </span>
    </p>
   </div>
   <div class='ocr_carea' id='block_1_23' title="bbox 2075 1299 3593 1358">
    <p class='ocr_par' dir='ltr' id='par_1_23' title="bbox 2075 1299 3593 1358">
     <span class='ocr_line' id='line_1_23' title="bbox 2075 1299 3593 1358; baseline -0.003 -1"><span class='ocrx_word' id='word_1_156' title='bbox 2075 1302 2129 1358; x_wconf 74' lang='grc'>4.</span> <span class='ocrx_word' id='word_1_157' title='bbox 2162 1303 2432 1358; x_wconf 60' lang='lat' dir='ltr'><strong>Praeterea</strong></span> <span class='ocrx_word' id='word_1_158' title='bbox 2455 1303 2676 1358; x_wconf 86' lang='lat' dir='ltr'><strong>dicente</strong></span> <span class='ocrx_word' id='word_1_159' title='bbox 2705 1311 2836 1358; x_wconf 89' lang='lat' dir='ltr'><strong>tunc</strong></span> <span class='ocrx_word' id='word_1_160' title='bbox 2863 1304 2977 1356; x_wconf 90' lang='lat' dir='ltr'><strong>Deo</strong></span> <span class='ocrx_word' id='word_1_161' title='bbox 3003 1299 3069 1354; x_wconf 90' lang='lat' dir='ltr'><strong>ad</strong></span> <span class='ocrx_word' id='word_1_162' title='bbox 3096 1299 3371 1354; x_wconf 77' lang='lat' dir='ltr'><strong>Abraham</strong></span> <span class='ocrx_word' id='word_1_163' title='bbox 3394 1317 3411 1355; x_wconf 84' lang='lat'><strong>:</strong></span> <span class='ocrx_word' id='word_1_164' title='bbox 3451 1317 3469 1350; x_wconf 85' lang='grc' dir='ltr'>ι</span> <span class='ocrx_word' id='word_1_165' title='bbox 3490 1301 3593 1354; x_wconf 87' lang='lat' dir='ltr'><strong>Pa-</strong></span> 
     </span>
    </p>
   </div>
   <div class='ocr_carea' id='block_1_24' title="bbox 2005 1392 3590 1466">
    <p class='ocr_par' dir='ltr' id='par_1_24' title="bbox 2005 1392 3590 1466">
     <span class='ocr_line' id='line_1_24' title="bbox 2005 1392 3590 1466; baseline -0.001 -18"><span class='ocrx_word' id='word_1_166' title='bbox 2005 1403 2142 1449; x_wconf 93' lang='lat' dir='ltr'><strong>trem</strong></span> <span class='ocrx_word' id='word_1_167' title='bbox 2168 1397 2461 1450; x_wconf 88' lang='lat' dir='ltr'><strong>multarum</strong></span> <span class='ocrx_word' id='word_1_168' title='bbox 2481 1397 2721 1466; x_wconf 80' lang='lat' dir='ltr'><strong>gentium</strong></span> <span class='ocrx_word' id='word_1_169' title='bbox 2752 1394 3012 1460; x_wconf 72' lang='lat' dir='ltr'><strong>constitui</strong></span> <span class='ocrx_word' id='word_1_170' title='bbox 3047 1402 3120 1456; x_wconf 79' lang='lat' dir='ltr'><strong>te,</strong></span> <span class='ocrx_word' id='word_1_171' title='bbox 3145 1412 3162 1442; x_wconf 74' lang='grc' dir='ltr'><strong><em>ο</em></strong></span> <span class='ocrx_word' id='word_1_172' title='bbox 3186 1401 3272 1446; x_wconf 89' lang='lat' dir='ltr'><strong>et:</strong></span> <span class='ocrx_word' id='word_1_173' title='bbox 3297 1394 3352 1445; x_wconf 93' lang='lat' dir='ltr'><strong>in</strong></span> <span class='ocrx_word' id='word_1_174' title='bbox 3377 1392 3590 1446; x_wconf 87' lang='lat' dir='ltr'><strong>semine</strong></span> 
     </span>
    </p>
   </div>
   <div class='ocr_carea' id='block_1_25' title="bbox 2006 1480 3588 1556">
    <p class='ocr_par' dir='ltr' id='par_1_25' title="bbox 2006 1480 3588 1556">
     <span class='ocr_line' id='line_1_25' title="bbox 2006 1480 3588 1556; baseline -0.004 -15"><span class='ocrx_word' id='word_1_175' title='bbox 2006 1498 2100 1542; x_wconf 87' lang='lat' dir='ltr'><strong>tuo</strong></span> <span class='ocrx_word' id='word_1_176' title='bbox 2131 1487 2534 1542; x_wconf 76' lang='lat' dir='ltr'><strong>benedicentur</strong></span> <span class='ocrx_word' id='word_1_177' title='bbox 2563 1500 2755 1541; x_wconf 89' lang='lat' dir='ltr'><strong>omnes</strong></span> <span class='ocrx_word' id='word_1_178' title='bbox 2807 1485 3086 1556; x_wconf 72' lang='lat' dir='ltr'><strong>gentes”;</strong></span> <span class='ocrx_word' id='word_1_179' title='bbox 3121 1501 3139 1533; x_wconf 71' lang='grc' dir='ltr'><strong>ι</strong></span> <span class='ocrx_word' id='word_1_180' title='bbox 3184 1482 3497 1550; x_wconf 68' lang='lat' dir='ltr'><strong>praevidens</strong></span> <span class='ocrx_word' id='word_1_181' title='bbox 3533 1480 3588 1534; x_wconf 88' lang='lat' dir='ltr'><strong>id</strong></span> 
     </span>
    </p>
   </div>
   <div class='ocr_carea' id='block_1_26' title="bbox 2003 1573 3593 1650">
    <p class='ocr_par' dir='ltr' id='par_1_26' title="bbox 2003 1573 3593 1650">
     <span class='ocr_line' id='line_1_26' title="bbox 2003 1573 3593 1650; baseline -0.005 -18"><span class='ocrx_word' id='word_1_182' title='bbox 2003 1579 2226 1650; x_wconf 88' lang='lat' dir='ltr'><strong>quidem</strong></span> <span class='ocrx_word' id='word_1_183' title='bbox 2256 1578 2446 1644; x_wconf 84' lang='lat' dir='ltr'><strong>David,</strong></span> <span class='ocrx_word' id='word_1_184' title='bbox 2471 1578 2618 1648; x_wconf 88' lang='lat' dir='ltr'><strong>quod</strong></span> <span class='ocrx_word' id='word_1_185' title='bbox 2647 1577 2738 1631; x_wconf 93' lang='lat' dir='ltr'><strong>Dei</strong></span> <span class='ocrx_word' id='word_1_186' title='bbox 2773 1592 2958 1631; x_wconf 88' lang='lat' dir='ltr'><strong>sermo</strong></span> <span class='ocrx_word' id='word_1_187' title='bbox 2989 1576 3054 1629; x_wconf 87' lang='lat' dir='ltr'><strong>ad</strong></span> <span class='ocrx_word' id='word_1_188' title='bbox 3083 1575 3359 1630; x_wconf 80' lang='lat' dir='ltr'><strong>Abraham</strong></span> <span class='ocrx_word' id='word_1_189' title='bbox 3415 1573 3593 1626; x_wconf 82' lang='lat' dir='ltr'><strong>factus</strong></span> 
     </span>
    </p>
   </div>
   <div class='ocr_carea' id='block_1_27' title="bbox 2005 1662 3591 1740">
    <p class='ocr_par' dir='ltr' id='par_1_27' title="bbox 2005 1662 3591 1740">
     <span class='ocr_line' id='line_1_27' title="bbox 2005 1662 3591 1740; baseline -0.006 -16"><span class='ocrx_word' id='word_1_190' title='bbox 2005 1671 2253 1726; x_wconf 89' lang='lat' dir='ltr'><strong>nondum</strong></span> <span class='ocrx_word' id='word_1_191' title='bbox 2282 1671 2545 1740; x_wconf 89' lang='lat' dir='ltr'><strong>impletus</strong></span> <span class='ocrx_word' id='word_1_192' title='bbox 2567 1677 2714 1725; x_wconf 84' lang='lat' dir='ltr'><strong>esset</strong></span> <span class='ocrx_word' id='word_1_193' title='bbox 2739 1670 2886 1739; x_wconf 90' lang='lat' dir='ltr'><strong>(nam</strong></span> <span class='ocrx_word' id='word_1_194' title='bbox 2913 1683 3103 1722; x_wconf 85' lang='lat' dir='ltr'><strong>omnes</strong></span> <span class='ocrx_word' id='word_1_195' title='bbox 3123 1676 3315 1736; x_wconf 82' lang='lat' dir='ltr'><strong>gentes</strong></span> <span class='ocrx_word' id='word_1_196' title='bbox 3335 1663 3400 1718; x_wconf 87' lang='lat' dir='ltr'><strong>ad</strong></span> <span class='ocrx_word' id='word_1_197' title='bbox 3426 1662 3591 1716; x_wconf 74' lang='lat' dir='ltr'><strong>[idem</strong></span> 
     </span>
    </p>
   </div>
   <div class='ocr_carea' id='block_1_28' title="bbox 2004 1755 3594 1825">
    <p class='ocr_par' dir='ltr' id='par_1_28' title="bbox 2004 1755 3594 1825">
     <span class='ocr_line' id='line_1_28' title="bbox 2004 1755 3594 1825; baseline -0.003 -15"><span class='ocrx_word' id='word_1_198' title='bbox 2004 1776 2301 1824; x_wconf 66' lang='lat' dir='ltr'><strong>conversae,</strong></span> <span class='ocrx_word' id='word_1_199' title='bbox 2350 1761 2444 1815; x_wconf 76' lang='lat' dir='ltr'><strong>lilii</strong></span> <span class='ocrx_word' id='word_1_200' title='bbox 2488 1759 2720 1814; x_wconf 62' lang='lat' dir='ltr'><strong>Abrahae</strong></span> <span class='ocrx_word' id='word_1_201' title='bbox 2750 1758 2874 1813; x_wconf 80' lang='lat' dir='ltr'><strong>facti</strong></span> <span class='ocrx_word' id='word_1_202' title='bbox 2904 1762 3085 1824; x_wconf 68' lang='lat' dir='ltr'><strong>suntt,</strong></span> <span class='ocrx_word' id='word_1_203' title='bbox 3123 1765 3179 1812; x_wconf 91' lang='lat' dir='ltr'><strong>et</strong></span> <span class='ocrx_word' id='word_1_204' title='bbox 3217 1755 3363 1825; x_wconf 92' lang='lat' dir='ltr'><strong>quod</strong></span> <span class='ocrx_word' id='word_1_205' title='bbox 3401 1761 3594 1824; x_wconf 86' lang='lat' dir='ltr'><strong>gentes</strong></span> 
     </span>
    </p>
   </div>
   <div class='ocr_carea' id='block_1_29' title="bbox 316 1823 1905 1918">
    <p class='ocr_par' dir='ltr' id='par_1_29' title="bbox 316 1841 1900 1912">
     <span class='ocr_line' id='line_1_29' title="bbox 316 1841 1900 1912; baseline -0.003 -15"><span class='ocrx_word' id='word_1_206' title='bbox 316 1845 486 1898; x_wconf 82' lang='grc' dir='ltr'>τέκνα</span> <span class='ocrx_word' id='word_1_207' title='bbox 519 1842 614 1897; x_wconf 88' lang='grc' dir='ltr'><strong>τοῦ</strong></span> <span class='ocrx_word' id='word_1_208' title='bbox 658 1841 933 1911; x_wconf 69' lang='grc' dir='ltr'>Ἀϐραὰμ,</span> <span class='ocrx_word' id='word_1_209' title='bbox 965 1841 1060 1896; x_wconf 78' lang='grc' dir='ltr'>καὶ</span> <span class='ocrx_word' id='word_1_210' title='bbox 1086 1842 1168 1894; x_wconf 80' lang='grc' dir='ltr'><strong>ὅτι</strong></span> <span class='ocrx_word' id='word_1_211' title='bbox 1201 1842 1288 1895; x_wconf 78' lang='grc' dir='ltr'><strong>διὰ</strong></span> <span class='ocrx_word' id='word_1_212' title='bbox 1317 1843 1414 1911; x_wconf 83' lang='grc' dir='ltr'>τῆς</span> <span class='ocrx_word' id='word_1_213' title='bbox 1439 1843 1518 1904; x_wconf 86' lang='grc' dir='ltr'><strong>είς</strong></span> <span class='ocrx_word' id='word_1_214' title='bbox 1545 1843 1636 1896; x_wconf 79' lang='grc' dir='ltr'><strong>τὸν</strong></span> <span class='ocrx_word' id='word_1_215' title='bbox 1665 1843 1900 1912; x_wconf 78' lang='grc' dir='ltr'>Χριστὸν</span> 
     </span>
    </p>
   </div>
   <div class='ocr_carea' id='block_1_30' title="bbox 2010 1823 3592 1918">
    <p class='ocr_par' dir='ltr' id='par_1_30' title="bbox 2015 1823 3592 1918">
     <span class='ocr_line' id='line_1_30' title="bbox 2015 1823 3592 1918; baseline -0.003 -18"><span class='ocrx_word' id='word_1_216' title='bbox 2015 1865 2111 1918; x_wconf 82' lang='lat' dir='ltr'><strong>per</strong></span> <span class='ocrx_word' id='word_1_217' title='bbox 2143 1849 2305 1904; x_wconf 80' lang='lat' dir='ltr'><strong>fidem</strong></span> <span class='ocrx_word' id='word_1_218' title='bbox 2337 1849 2391 1902; x_wconf 91' lang='lat' dir='ltr'><strong>in</strong></span> <span class='ocrx_word' id='word_1_219' title='bbox 2426 1848 2729 1913; x_wconf 82' lang='lat' dir='ltr'><strong>Christum,</strong></span> <span class='ocrx_word' id='word_1_220' title='bbox 2779 1846 2873 1917; x_wconf 90' lang='lat' dir='ltr'><strong>qui</strong></span> <span class='ocrx_word' id='word_1_221' title='bbox 2906 1853 2990 1900; x_wconf 88' lang='lat' dir='ltr'><strong>est</strong></span> <span class='ocrx_word' id='word_1_222' title='bbox 3023 1859 3210 1898; x_wconf 86' lang='lat' dir='ltr'><strong>semen</strong></span> <span class='ocrx_word' id='word_1_223' title='bbox 3239 1823 3478 1896; x_wconf 60' lang='lat' dir='ltr'><strong>Abraha:</strong></span> <span class='ocrx_word' id='word_1_224' title='bbox 3506 1857 3592 1895; x_wconf 87' lang='lat' dir='ltr'><strong>se-</strong></span> 
     </span>
    </p>
   </div>
   <div class='ocr_carea' id='block_1_31' title="bbox 318 1934 1898 2006">
    <p class='ocr_par' dir='ltr' id='par_1_31' title="bbox 318 1934 1898 2006">
     <span class='ocr_line' id='line_1_31' title="bbox 318 1934 1898 2006; baseline -0.001 -16"><span class='ocrx_word' id='word_1_225' title='bbox 318 1937 581 2002; x_wconf 82' lang='grc' dir='ltr'>πίστεως,</span> <span class='ocrx_word' id='word_1_226' title='bbox 631 1936 688 1998; x_wconf 81' lang='grc' dir='ltr'>ὃς</span> <span class='ocrx_word' id='word_1_227' title='bbox 717 1937 833 1987; x_wconf 81' lang='grc' dir='ltr'>ἐστι</span> <span class='ocrx_word' id='word_1_228' title='bbox 875 1935 1097 2002; x_wconf 82' lang='grc' dir='ltr'>σπέρμα</span> <span class='ocrx_word' id='word_1_229' title='bbox 1113 1934 1211 1988; x_wconf 91' lang='grc' dir='ltr'><strong>τοῦ</strong></span> <span class='ocrx_word' id='word_1_230' title='bbox 1249 1934 1501 2006; x_wconf 79' lang='grc' dir='ltr'>Ἀϐραὰμ</span> <span class='ocrx_word' id='word_1_231' title='bbox 1524 1935 1666 1989; x_wconf 84' lang='grc' dir='ltr'><strong>κατά</strong></span> <span class='ocrx_word' id='word_1_232' title='bbox 1701 1936 1898 2006; x_wconf 84' lang='grc' dir='ltr'>σάρκα,</span> 
     </span>
    </p>
   </div>
   <div class='ocr_carea' id='block_1_32' title="bbox 319 2025 1901 2096">
    <p class='ocr_par' dir='ltr' id='par_1_32' title="bbox 319 2025 1901 2096">
     <span class='ocr_line' id='line_1_32' title="bbox 319 2025 1901 2096; baseline -0.003 -13"><span class='ocrx_word' id='word_1_233' title='bbox 319 2030 455 2084; x_wconf 86' lang='grc' dir='ltr'><strong>ἀλλά</strong></span> <span class='ocrx_word' id='word_1_234' title='bbox 492 2027 558 2096; x_wconf 80' lang='grc' dir='ltr'>δὴ</span> <span class='ocrx_word' id='word_1_235' title='bbox 583 2027 674 2080; x_wconf 74' lang='grc' dir='ltr'><strong>καὶ</strong></span> <span class='ocrx_word' id='word_1_236' title='bbox 703 2026 868 2081; x_wconf 84' lang='grc' dir='ltr'>αὑτοῦ</span> <span class='ocrx_word' id='word_1_237' title='bbox 903 2027 997 2079; x_wconf 91' lang='grc' dir='ltr'><strong>τοῦ</strong></span> <span class='ocrx_word' id='word_1_238' title='bbox 1020 2027 1186 2079; x_wconf 79' lang='grc' dir='ltr'><strong>Δαόὶδ</strong></span> <span class='ocrx_word' id='word_1_239' title='bbox 1221 2027 1316 2081; x_wconf 78' lang='grc' dir='ltr'><strong>καὶ</strong></span> <span class='ocrx_word' id='word_1_240' title='bbox 1346 2026 1610 2096; x_wconf 87' lang='grc' dir='ltr'>βασιλέως</span> <span class='ocrx_word' id='word_1_241' title='bbox 1635 2025 1901 2089; x_wconf 71' lang='grc' dir='ltr'>σώζονται</span> 
     </span>
    </p>
   </div>
   <div class='ocr_carea' id='block_1_33' title="bbox 323 2115 1903 2191">
    <p class='ocr_par' dir='ltr' id='par_1_33' title="bbox 323 2115 1903 2191">
     <span class='ocr_line' id='line_1_33' title="bbox 323 2115 1903 2191; baseline -0.002 -17"><span class='ocrx_word' id='word_1_242' title='bbox 323 2124 393 2175; x_wconf 80' lang='grc' dir='ltr'>τὰ</span> <span class='ocrx_word' id='word_1_243' title='bbox 416 2122 567 2191; x_wconf 81' lang='grc' dir='ltr'>ἔθνη,</span> <span class='ocrx_word' id='word_1_244' title='bbox 587 2122 707 2174; x_wconf 72' lang='grc' dir='ltr'>τότε</span> <span class='ocrx_word' id='word_1_245' title='bbox 722 2115 898 2184; x_wconf 74' lang='grc' dir='ltr'>εἶπεν,</span> <span class='ocrx_word' id='word_1_246' title='bbox 926 2121 1007 2173; x_wconf 84' lang='grc' dir='ltr'>ὅτι</span> <span class='ocrx_word' id='word_1_247' title='bbox 1030 2136 1050 2170; x_wconf 80' lang='grc' dir='ltr'>ι</span> <span class='ocrx_word' id='word_1_248' title='bbox 1079 2121 1373 2189; x_wconf 74' lang='grc' dir='ltr'>’Ἄρχοντες</span> <span class='ocrx_word' id='word_1_249' title='bbox 1397 2118 1540 2172; x_wconf 84' lang='grc' dir='ltr'>λαῶν</span> <span class='ocrx_word' id='word_1_250' title='bbox 1559 2118 1903 2189; x_wconf 79' lang='grc' dir='ltr'>συνήχθησαν</span> 
     </span>
    </p>
   </div>
   <div class='ocr_carea' id='block_1_34' title="bbox 324 2211 1904 2286">
    <p class='ocr_par' dir='ltr' id='par_1_34' title="bbox 324 2211 1904 2286">
     <span class='ocr_line' id='line_1_34' title="bbox 324 2211 1904 2286; baseline -0.003 -20"><span class='ocrx_word' id='word_1_251' title='bbox 324 2216 465 2286; x_wconf 84' lang='grc' dir='ltr'><strong>μετά</strong></span> <span class='ocrx_word' id='word_1_252' title='bbox 487 2211 582 2266; x_wconf 88' lang='grc' dir='ltr'><strong>τοῦ</strong></span> <span class='ocrx_word' id='word_1_253' title='bbox 611 2211 748 2265; x_wconf 88' lang='grc' dir='ltr'>Θεοῦ</span> <span class='ocrx_word' id='word_1_254' title='bbox 783 2211 1058 2281; x_wconf 69' lang='grc' dir='ltr'>Ἀϐραὰμ,</span> <span class='ocrx_word' id='word_1_255' title='bbox 1099 2230 1117 2264; x_wconf 78' lang='grc' dir='ltr'>ι</span> <span class='ocrx_word' id='word_1_256' title='bbox 1152 2212 1587 2280; x_wconf 78' lang='grc' dir='ltr'><strong>ἀναμιμνήσκων</strong></span> <span class='ocrx_word' id='word_1_257' title='bbox 1624 2213 1792 2264; x_wconf 85' lang='grc' dir='ltr'>πᾶσιν</span> <span class='ocrx_word' id='word_1_258' title='bbox 1811 2211 1904 2262; x_wconf 83' lang='grc' dir='ltr'>ἀν-</span> 
     </span>
    </p>
   </div>
   <div class='ocr_carea' id='block_1_35' title="bbox 322 2302 1902 2377">
    <p class='ocr_par' dir='ltr' id='par_1_35' title="bbox 322 2302 1902 2377">
     <span class='ocr_line' id='line_1_35' title="bbox 322 2302 1902 2377; baseline -0.002 -19"><span class='ocrx_word' id='word_1_259' title='bbox 322 2307 564 2377; x_wconf 81' lang='grc' dir='ltr'>θρώποις</span> <span class='ocrx_word' id='word_1_260' title='bbox 600 2305 700 2374; x_wconf 80' lang='grc' dir='ltr'>τὴν</span> <span class='ocrx_word' id='word_1_261' title='bbox 771 2304 911 2374; x_wconf 81' lang='grc' dir='ltr'>πρὸς</span> <span class='ocrx_word' id='word_1_262' title='bbox 937 2305 1030 2356; x_wconf 76' lang='grc' dir='ltr'><strong>τὸν</strong></span> <span class='ocrx_word' id='word_1_263' title='bbox 1079 2303 1214 2356; x_wconf 76' lang='grc' dir='ltr'>Θεὸν</span> <span class='ocrx_word' id='word_1_264' title='bbox 1263 2303 1360 2356; x_wconf 88' lang='grc' dir='ltr'><strong>τοῦ</strong></span> <span class='ocrx_word' id='word_1_265' title='bbox 1421 2302 1679 2374; x_wconf 76' lang='grc' dir='ltr'>Ἀϐραὰμ</span> <span class='ocrx_word' id='word_1_266' title='bbox 1734 2303 1902 2356; x_wconf 85' lang='grc' dir='ltr'>πάλαι</span> 
     </span>
    </p>
   </div>
   <div class='ocr_carea' id='block_1_36' title="bbox 331 2395 1904 2469">
    <p class='ocr_par' dir='ltr' id='par_1_36' title="bbox 331 2395 1904 2469">
     <span class='ocr_line' id='line_1_36' title="bbox 331 2395 1904 2469; baseline -0.003 -17"><span class='ocrx_word' id='word_1_267' title='bbox 331 2401 717 2469; x_wconf 78' lang='grc' dir='ltr'>προσκύνησιν,</span> <span class='ocrx_word' id='word_1_268' title='bbox 744 2401 836 2451; x_wconf 77' lang='grc' dir='ltr'><strong>καὶ</strong></span> <span class='ocrx_word' id='word_1_269' title='bbox 887 2399 986 2466; x_wconf 83' lang='grc' dir='ltr'>τὴν</span> <span class='ocrx_word' id='word_1_270' title='bbox 1023 2399 1131 2450; x_wconf 86' lang='grc' dir='ltr'><strong>ἀπὸ</strong></span> <span class='ocrx_word' id='word_1_271' title='bbox 1176 2397 1272 2449; x_wconf 86' lang='grc' dir='ltr'><strong>τοῦ</strong></span> <span class='ocrx_word' id='word_1_272' title='bbox 1335 2395 1472 2450; x_wconf 83' lang='grc' dir='ltr'>Θεοῦ</span> <span class='ocrx_word' id='word_1_273' title='bbox 1539 2397 1679 2467; x_wconf 84' lang='grc' dir='ltr'>πρὸς</span> <span class='ocrx_word' id='word_1_274' title='bbox 1738 2395 1904 2450; x_wconf 72' lang='grc' dir='ltr'>αὑτὸν</span> 
     </span>
    </p>
   </div>
   <div class='ocr_carea' id='block_1_37' title="bbox 340 2488 1904 2560">
    <p class='ocr_par' dir='ltr' id='par_1_37' title="bbox 340 2488 1904 2560">
     <span class='ocr_line' id='line_1_37' title="bbox 340 2488 1904 2560; baseline -0.002 -16"><span class='ocrx_word' id='word_1_275' title='bbox 340 2491 674 2557; x_wconf 71' lang='grc' dir='ltr'>ἐπαγγελίαν.</span> <span class='ocrx_word' id='word_1_276' title='bbox 727 2489 834 2542; x_wconf 80' lang='grc' dir='ltr'><strong>Καὶ</strong></span> <span class='ocrx_word' id='word_1_277' title='bbox 888 2489 1151 2558; x_wconf 80' lang='grc' dir='ltr'>πλησθεὶς</span> <span class='ocrx_word' id='word_1_278' title='bbox 1182 2489 1425 2560; x_wconf 79' lang='grc' dir='ltr'>ἀρρήτου</span> <span class='ocrx_word' id='word_1_279' title='bbox 1463 2488 1654 2559; x_wconf 81' lang='grc' dir='ltr'><strong>ἡδονῆς</strong></span> <span class='ocrx_word' id='word_1_280' title='bbox 1712 2489 1739 2540; x_wconf 90' lang='lat'><strong>6</strong></span> <span class='ocrx_word' id='word_1_281' title='bbox 1768 2505 1904 2560; x_wconf 88' lang='grc' dir='ltr'>προ-</span> 
     </span>
    </p>
   </div>
   <div class='ocr_carea' id='block_1_38' title="bbox 339 2577 1899 2649">
    <p class='ocr_par' dir='ltr' id='par_1_38' title="bbox 339 2577 1899 2649">
     <span class='ocr_line' id='line_1_38' title="bbox 339 2577 1899 2649; baseline -0.01 -14"><span class='ocrx_word' id='word_1_282' title='bbox 339 2582 512 2649; x_wconf 83' lang='grc' dir='ltr'>φήτης</span> <span class='ocrx_word' id='word_1_283' title='bbox 561 2579 712 2648; x_wconf 83' lang='grc' dir='ltr'>ἐλεγε</span> <span class='ocrx_word' id='word_1_284' title='bbox 737 2621 753 2645; x_wconf 97' lang='grc'><strong>,</strong></span> <span class='ocrx_word' id='word_1_285' title='bbox 813 2598 832 2631; x_wconf 88' lang='grc' dir='ltr'>ι</span> <span class='ocrx_word' id='word_1_286' title='bbox 861 2579 1107 2634; x_wconf 73' lang='grc' dir='ltr'>Ψάλλετε</span> <span class='ocrx_word' id='word_1_287' title='bbox 1136 2577 1212 2648; x_wconf 86' lang='grc' dir='ltr'>τῷ</span> <span class='ocrx_word' id='word_1_288' title='bbox 1263 2577 1384 2649; x_wconf 83' lang='grc' dir='ltr'>Θεῷ</span> <span class='ocrx_word' id='word_1_289' title='bbox 1441 2578 1621 2648; x_wconf 75' lang='grc' dir='ltr'>ἡμῶν,</span> <span class='ocrx_word' id='word_1_290' title='bbox 1644 2578 1899 2648; x_wconf 68' lang='grc' dir='ltr'>ψάλλετε,</span> 
     </span>
    </p>
   </div>
   <div class='ocr_carea' id='block_1_39' title="bbox 333 2669 1904 2744">
    <p class='ocr_par' dir='ltr' id='par_1_39' title="bbox 333 2669 1904 2744">
     <span class='ocr_line' id='line_1_39' title="bbox 333 2669 1904 2744; baseline -0.003 -18"><span class='ocrx_word' id='word_1_291' title='bbox 333 2673 576 2726; x_wconf 67' lang='grc' dir='ltr'>Ψάλλετε</span> <span class='ocrx_word' id='word_1_292' title='bbox 625 2671 701 2744; x_wconf 82' lang='grc' dir='ltr'>τῷ</span> <span class='ocrx_word' id='word_1_293' title='bbox 763 2671 971 2744; x_wconf 78' lang='grc' dir='ltr'>βασιλεῐ</span> <span class='ocrx_word' id='word_1_294' title='bbox 1027 2671 1210 2743; x_wconf 82' lang='grc' dir='ltr'>ἡμῶν,</span> <span class='ocrx_word' id='word_1_295' title='bbox 1273 2671 1534 2741; x_wconf 86' lang='grc' dir='ltr'>ψάλλετε.</span> <span class='ocrx_word' id='word_1_296' title='bbox 1595 2671 1780 2724; x_wconf 82' lang='grc' dir='ltr'>Πάντα</span> <span class='ocrx_word' id='word_1_297' title='bbox 1834 2669 1904 2722; x_wconf 79' lang='grc' dir='ltr'>τὰ</span> 
     </span>
    </p>
   </div>
   <div class='ocr_carea' id='block_1_40' title="bbox 327 2764 1901 2837">
    <p class='ocr_par' dir='ltr' id='par_1_40' title="bbox 327 2764 1901 2837">
     <span class='ocr_line' id='line_1_40' title="bbox 327 2764 1901 2837; baseline -0.004 -17"><span class='ocrx_word' id='word_1_298' title='bbox 327 2766 486 2833; x_wconf 76' lang='grc' dir='ltr'>ἔθνη,</span> <span class='ocrx_word' id='word_1_299' title='bbox 516 2768 819 2837; x_wconf 85' lang='grc' dir='ltr'>κροτήσατε</span> <span class='ocrx_word' id='word_1_300' title='bbox 862 2769 1074 2837; x_wconf 71' lang='grc' dir='ltr'>χεῖρας.</span> <span class='ocrx_word' id='word_1_301' title='bbox 1109 2785 1126 2817; x_wconf 79' lang='grc' dir='ltr'><strong>ι</strong></span> <span class='ocrx_word' id='word_1_302' title='bbox 1161 2765 1328 2818; x_wconf 86' lang='grc' dir='ltr'>Πάλιν</span> <span class='ocrx_word' id='word_1_303' title='bbox 1353 2765 1408 2818; x_wconf 83' lang='grc' dir='ltr'>δὲ</span> <span class='ocrx_word' id='word_1_304' title='bbox 1432 2764 1694 2817; x_wconf 83' lang='grc' dir='ltr'><strong>διδάσκων</strong></span> <span class='ocrx_word' id='word_1_305' title='bbox 1725 2764 1901 2828; x_wconf 69' lang='grc' dir='ltr'>ἔλεγε,</span> 
     </span>
    </p>
   </div>
   <div class='ocr_carea' id='block_1_41' title="bbox 330 2854 1898 2921">
    <p class='ocr_par' dir='ltr' id='par_1_41' title="bbox 330 2854 1898 2921">
     <span class='ocr_line' id='line_1_41' title="bbox 330 2854 1898 2921; baseline -0.004 -11"><span class='ocrx_word' id='word_1_306' title='bbox 330 2878 350 2910; x_wconf 78' lang='grc' dir='ltr'><strong>ι</strong></span> <span class='ocrx_word' id='word_1_307' title='bbox 393 2859 640 2913; x_wconf 74' lang='grc' dir='ltr'>Ψάλλετε</span> <span class='ocrx_word' id='word_1_308' title='bbox 672 2859 927 2921; x_wconf 78' lang='grc' dir='ltr'>συνετῶς.</span> <span class='ocrx_word' id='word_1_309' title='bbox 958 2878 975 2909; x_wconf 74' lang='grc' dir='ltr'><strong>ι</strong></span> <span class='ocrx_word' id='word_1_310' title='bbox 1019 2855 1085 2909; x_wconf 81' lang='grc' dir='ltr'>Τί</span> <span class='ocrx_word' id='word_1_311' title='bbox 1107 2859 1222 2910; x_wconf 79' lang='grc' dir='ltr'>ἐστι</span> <span class='ocrx_word' id='word_1_312' title='bbox 1258 2873 1284 2908; x_wconf 75' lang='lat' dir='ltr'><strong>r</strong></span> <span class='ocrx_word' id='word_1_313' title='bbox 1306 2856 1560 2909; x_wconf 78' lang='grc' dir='ltr'>Ψάλλετε</span> <span class='ocrx_word' id='word_1_314' title='bbox 1590 2854 1827 2916; x_wconf 81' lang='grc' dir='ltr'>συνετῶς</span> <span class='ocrx_word' id='word_1_315' title='bbox 1849 2869 1898 2918; x_wconf 77' lang='grc' dir='ltr'>;ι</span> 
     </span>
    </p>
   </div>
   <div class='ocr_carea' id='block_1_42' title="bbox 323 2947 1904 3021">
    <p class='ocr_par' dir='ltr' id='par_1_42' title="bbox 323 2947 1904 3021">
     <span class='ocr_line' id='line_1_42' title="bbox 323 2947 1904 3021; baseline -0.006 -12"><span class='ocrx_word' id='word_1_316' title='bbox 323 2954 586 3010; x_wconf 75' lang='grc' dir='ltr'>Τουτέστι</span> <span class='ocrx_word' id='word_1_317' title='bbox 605 2953 891 3021; x_wconf 72' lang='grc' dir='ltr'>νουνεχῶς,</span> <span class='ocrx_word' id='word_1_318' title='bbox 913 2950 1214 3020; x_wconf 78' lang='grc' dir='ltr'>φρονίμως.</span> <span class='ocrx_word' id='word_1_319' title='bbox 1249 2949 1378 3002; x_wconf 81' lang='grc' dir='ltr'>Μετ’</span> <span class='ocrx_word' id='word_1_320' title='bbox 1402 2949 1697 3019; x_wconf 82' lang='grc' dir='ltr'>ἐπιστήνης</span> <span class='ocrx_word' id='word_1_321' title='bbox 1732 2947 1904 3014; x_wconf 77' lang='grc' dir='ltr'>γνῶτε</span> 
     </span>
    </p>
   </div>
   <div class='ocr_carea' id='block_1_43' title="bbox 322 3041 1903 3115">
    <p class='ocr_par' dir='ltr' id='par_1_43' title="bbox 322 3041 1903 3115">
     <span class='ocr_line' id='line_1_43' title="bbox 322 3041 1903 3115; baseline -0.006 -14"><span class='ocrx_word' id='word_1_322' title='bbox 322 3049 394 3101; x_wconf 80' lang='grc' dir='ltr'><strong>τά</strong></span> <span class='ocrx_word' id='word_1_323' title='bbox 421 3046 716 3115; x_wconf 83' lang='grc' dir='ltr'>λεγόμενα,</span> <span class='ocrx_word' id='word_1_324' title='bbox 750 3044 925 3111; x_wconf 80' lang='grc' dir='ltr'>γνῶτε</span> <span class='ocrx_word' id='word_1_325' title='bbox 965 3043 1032 3095; x_wconf 75' lang='grc' dir='ltr'>τὰ</span> <span class='ocrx_word' id='word_1_326' title='bbox 1095 3043 1471 3112; x_wconf 84' lang='grc' dir='ltr'>πραττόμενα.</span> <span class='ocrx_word' id='word_1_327' title='bbox 1503 3041 1596 3111; x_wconf 80' lang='grc' dir='ltr'><strong>Μὴ</strong></span> <span class='ocrx_word' id='word_1_328' title='bbox 1659 3041 1903 3108; x_wconf 84' lang='grc' dir='ltr'>κροτεῖτε</span> 
     </span>
    </p>
   </div>
   <div class='ocr_carea' id='block_1_44' title="bbox 2008 1935 3594 2010">
    <p class='ocr_par' dir='ltr' id='par_1_44' title="bbox 2008 1935 3594 2010">
     <span class='ocr_line' id='line_1_44' title="bbox 2008 1935 3594 2010; baseline -0.005 -15"><span class='ocrx_word' id='word_1_329' title='bbox 2008 1940 2251 1995; x_wconf 90' lang='lat' dir='ltr'><strong>cundum</strong></span> <span class='ocrx_word' id='word_1_330' title='bbox 2303 1956 2550 2006; x_wconf 86' lang='lat' dir='ltr'><strong>carnem,</strong></span> <span class='ocrx_word' id='word_1_331' title='bbox 2600 1941 2692 2010; x_wconf 89' lang='lat' dir='ltr'><strong>qui</strong></span> <span class='ocrx_word' id='word_1_332' title='bbox 2743 1949 2799 1994; x_wconf 88' lang='lat' dir='ltr'><strong>et</strong></span> <span class='ocrx_word' id='word_1_333' title='bbox 2839 1939 3011 2009; x_wconf 88' lang='lat' dir='ltr'><strong>ipsius</strong></span> <span class='ocrx_word' id='word_1_334' title='bbox 3047 1936 3268 1992; x_wconf 86' lang='lat' dir='ltr'><strong>Davidis</strong></span> <span class='ocrx_word' id='word_1_335' title='bbox 3317 1935 3460 2006; x_wconf 79' lang='lat' dir='ltr'><strong>regis</strong></span> <span class='ocrx_word' id='word_1_336' title='bbox 3505 1941 3594 1988; x_wconf 87' lang='lat' dir='ltr'><strong>est</strong></span> 
     </span>
    </p>
   </div>
   <div class='ocr_carea' id='block_1_45' title="bbox 2005 2027 3595 2099">
    <p class='ocr_par' dir='ltr' id='par_1_45' title="bbox 2005 2027 3595 2099">
     <span class='ocr_line' id='line_1_45' title="bbox 2005 2027 3595 2099; baseline -0.006 -10"><span class='ocrx_word' id='word_1_337' title='bbox 2005 2034 2174 2097; x_wconf 85' lang='lat' dir='ltr'><strong>ﬁlius,</strong></span> <span class='ocrx_word' id='word_1_338' title='bbox 2203 2033 2475 2088; x_wconf 74' lang='lat' dir='ltr'><strong>salvanda:</strong></span> <span class='ocrx_word' id='word_1_339' title='bbox 2507 2043 2712 2098; x_wconf 89' lang='lat' dir='ltr'><strong>essent,</strong></span> <span class='ocrx_word' id='word_1_340' title='bbox 2751 2032 2926 2086; x_wconf 83' lang='lat' dir='ltr'><strong>dixit:</strong></span> <span class='ocrx_word' id='word_1_341' title='bbox 2976 2050 2994 2082; x_wconf 82' lang='grc' dir='ltr'>ι</span> <span class='ocrx_word' id='word_1_342' title='bbox 3025 2030 3315 2099; x_wconf 82' lang='lat' dir='ltr'><strong>Principes</strong></span> <span class='ocrx_word' id='word_1_343' title='bbox 3361 2027 3595 2096; x_wconf 84' lang='lat' dir='ltr'><strong>populo-</strong></span> 
     </span>
    </p>
   </div>
   <div class='ocr_carea' id='block_1_46' title="bbox 2005 2121 3596 2194">
    <p class='ocr_par' dir='ltr' id='par_1_46' title="bbox 2005 2121 3596 2194">
     <span class='ocr_line' id='line_1_46' title="bbox 2005 2121 3596 2194; baseline -0.004 -16"><span class='ocrx_word' id='word_1_344' title='bbox 2005 2141 2126 2179; x_wconf 90' lang='lat' dir='ltr'><strong>rum</strong></span> <span class='ocrx_word' id='word_1_345' title='bbox 2161 2123 2478 2194; x_wconf 82' lang='lat' dir='ltr'><strong>congregati</strong></span> <span class='ocrx_word' id='word_1_346' title='bbox 2511 2133 2641 2178; x_wconf 88' lang='lat' dir='ltr'><strong>sunt</strong></span> <span class='ocrx_word' id='word_1_347' title='bbox 2672 2138 2797 2178; x_wconf 88' lang='lat' dir='ltr'><strong>cum</strong></span> <span class='ocrx_word' id='word_1_348' title='bbox 2830 2123 2944 2176; x_wconf 88' lang='lat' dir='ltr'><strong>Deo</strong></span> <span class='ocrx_word' id='word_1_349' title='bbox 2977 2122 3284 2186; x_wconf 81' lang='lat' dir='ltr'><strong>Abraham;</strong></span> <span class='ocrx_word' id='word_1_350' title='bbox 3317 2139 3335 2172; x_wconf 76' lang='grc' dir='ltr'>ι</span> <span class='ocrx_word' id='word_1_351' title='bbox 3386 2121 3440 2172; x_wconf 91' lang='lat' dir='ltr'><strong>in</strong></span> <span class='ocrx_word' id='word_1_352' title='bbox 3478 2133 3596 2172; x_wconf 79' lang='lat' dir='ltr'><strong>me—</strong></span> 
     </span>
    </p>
   </div>
   <div class='ocr_carea' id='block_1_47' title="bbox 2008 2213 3594 2272">
    <p class='ocr_par' dir='ltr' id='par_1_47' title="bbox 2008 2213 3594 2272">
     <span class='ocr_line' id='line_1_47' title="bbox 2008 2213 3594 2272; baseline -0.006 0"><span class='ocrx_word' id='word_1_353' title='bbox 2008 2217 2241 2272; x_wconf 88' lang='lat' dir='ltr'><strong>moriam</strong></span> <span class='ocrx_word' id='word_1_354' title='bbox 2281 2231 2547 2270; x_wconf 83' lang='lat' dir='ltr'><strong>revocans</strong></span> <span class='ocrx_word' id='word_1_355' title='bbox 2581 2215 2840 2270; x_wconf 87' lang='lat' dir='ltr'><strong>omnibus</strong></span> <span class='ocrx_word' id='word_1_356' title='bbox 2873 2215 3194 2269; x_wconf 88' lang='lat' dir='ltr'><strong>hominibus</strong></span> <span class='ocrx_word' id='word_1_357' title='bbox 3226 2214 3357 2266; x_wconf 93' lang='lat' dir='ltr'><strong>olim</strong></span> <span class='ocrx_word' id='word_1_358' title='bbox 3397 2213 3594 2266; x_wconf 81' lang='lat' dir='ltr'><strong>factam</strong></span> 
     </span>
    </p>
   </div>
   <div class='ocr_carea' id='block_1_48' title="bbox 2007 2302 3596 2378">
    <p class='ocr_par' dir='ltr' id='par_1_48' title="bbox 2007 2302 3596 2378">
     <span class='ocr_line' id='line_1_48' title="bbox 2007 2302 3596 2378; baseline -0.004 -15"><span class='ocrx_word' id='word_1_359' title='bbox 2007 2309 2183 2378; x_wconf 86' lang='lat' dir='ltr'><strong>ipsius</strong></span> <span class='ocrx_word' id='word_1_360' title='bbox 2212 2307 2449 2362; x_wconf 63' lang='lat' dir='ltr'><strong>Abrahae</strong></span> <span class='ocrx_word' id='word_1_361' title='bbox 2497 2323 2684 2362; x_wconf 91' lang='lat' dir='ltr'><strong>coram</strong></span> <span class='ocrx_word' id='word_1_362' title='bbox 2722 2306 2837 2361; x_wconf 89' lang='lat' dir='ltr'><strong>Deo</strong></span> <span class='ocrx_word' id='word_1_363' title='bbox 2885 2306 3288 2366; x_wconf 86' lang='lat' dir='ltr'><strong>adorationetu,</strong></span> <span class='ocrx_word' id='word_1_364' title='bbox 3315 2313 3370 2360; x_wconf 89' lang='lat' dir='ltr'><strong>et</strong></span> <span class='ocrx_word' id='word_1_365' title='bbox 3408 2302 3499 2358; x_wconf 90' lang='lat' dir='ltr'><strong>Dei</strong></span> <span class='ocrx_word' id='word_1_366' title='bbox 3530 2303 3596 2356; x_wconf 89' lang='lat' dir='ltr'><strong>ad</strong></span> 
     </span>
    </p>
   </div>
   <div class='ocr_carea' id='block_1_49' title="bbox 2003 2394 3602 2469">
    <p class='ocr_par' dir='ltr' id='par_1_49' title="bbox 2003 2394 3602 2469">
     <span class='ocr_line' id='line_1_49' title="bbox 2003 2394 3602 2469; baseline -0.004 -16"><span class='ocrx_word' id='word_1_367' title='bbox 2003 2399 2161 2454; x_wconf 86' lang='lat' dir='ltr'><strong>illum</strong></span> <span class='ocrx_word' id='word_1_368' title='bbox 2200 2398 2661 2469; x_wconf 83' lang='lat' dir='ltr'><strong>promissionem:</strong></span> <span class='ocrx_word' id='word_1_369' title='bbox 2697 2406 2754 2452; x_wconf 91' lang='lat' dir='ltr'><strong>et</strong></span> <span class='ocrx_word' id='word_1_370' title='bbox 2782 2398 3043 2468; x_wconf 86' lang='lat' dir='ltr'><strong>impletus</strong></span> <span class='ocrx_word' id='word_1_371' title='bbox 3074 2397 3349 2466; x_wconf 84' lang='lat' dir='ltr'><strong>voluptate</strong></span> <span class='ocrx_word' id='word_1_372' title='bbox 3377 2394 3602 2448; x_wconf 82' lang='lat' dir='ltr'><strong>inenar-</strong></span> 
     </span>
    </p>
   </div>
   <div class='ocr_carea' id='block_1_50' title="bbox 2005 2487 3599 2562">
    <p class='ocr_par' dir='ltr' id='par_1_50' title="bbox 2005 2487 3599 2562">
     <span class='ocr_line' id='line_1_50' title="bbox 2005 2487 3599 2562; baseline -0.004 -15"><span class='ocrx_word' id='word_1_373' title='bbox 2005 2493 2163 2547; x_wconf 88' lang='lat' dir='ltr'><strong>rabili</strong></span> <span class='ocrx_word' id='word_1_374' title='bbox 2207 2492 2474 2562; x_wconf 83' lang='lat' dir='ltr'><strong>propheta</strong></span> <span class='ocrx_word' id='word_1_375' title='bbox 2519 2490 2698 2546; x_wconf 74' lang='lat' dir='ltr'><strong>dixit:</strong></span> <span class='ocrx_word' id='word_1_376' title='bbox 2755 2509 2774 2542; x_wconf 80' lang='grc' dir='ltr'>ι</span> <span class='ocrx_word' id='word_1_377' title='bbox 2801 2490 3024 2545; x_wconf 88' lang='lat' dir='ltr'><strong>Psallite</strong></span> <span class='ocrx_word' id='word_1_378' title='bbox 3058 2490 3170 2544; x_wconf 92' lang='lat' dir='ltr'><strong>Deo</strong></span> <span class='ocrx_word' id='word_1_379' title='bbox 3206 2497 3420 2549; x_wconf 88' lang='lat' dir='ltr'><strong>nostro,</strong></span> <span class='ocrx_word' id='word_1_380' title='bbox 3454 2487 3599 2556; x_wconf 88' lang='lat' dir='ltr'><strong>psal-</strong></span> 
     </span>
    </p>
   </div>
   <div class='ocr_carea' id='block_1_51' title="bbox 2002 2577 3595 2652">
    <p class='ocr_par' dir='ltr' id='par_1_51' title="bbox 2002 2577 3595 2652">
     <span class='ocr_line' id='line_1_51' title="bbox 2002 2577 3595 2652; baseline -0.006 -14"><span class='ocrx_word' id='word_1_381' title='bbox 2002 2583 2118 2638; x_wconf 87' lang='lat' dir='ltr'><strong>lite.</strong></span> <span class='ocrx_word' id='word_1_382' title='bbox 2168 2583 2389 2638; x_wconf 84' lang='lat' dir='ltr'><strong>Psallite</strong></span> <span class='ocrx_word' id='word_1_383' title='bbox 2433 2581 2567 2652; x_wconf 85' lang='lat' dir='ltr'><strong>Regi</strong></span> <span class='ocrx_word' id='word_1_384' title='bbox 2603 2589 2818 2647; x_wconf 82' lang='lat' dir='ltr'><strong>nostro,</strong></span> <span class='ocrx_word' id='word_1_385' title='bbox 2861 2578 3096 2650; x_wconf 86' lang='lat' dir='ltr'><strong>psallite.</strong></span> <span class='ocrx_word' id='word_1_386' title='bbox 3133 2577 3338 2633; x_wconf 89' lang='lat' dir='ltr'><strong>Omnes</strong></span> <span class='ocrx_word' id='word_1_387' title='bbox 3365 2585 3557 2647; x_wconf 80' lang='lat' dir='ltr'><strong>gentes</strong></span> <span class='ocrx_word' id='word_1_388' title='bbox 3580 2616 3595 2637; x_wconf 90' lang='lat'><strong>,</strong></span> 
     </span>
    </p>
   </div>
   <div class='ocr_carea' id='block_1_52' title="bbox 2009 2668 3597 2746">
    <p class='ocr_par' dir='ltr' id='par_1_52' title="bbox 2009 2668 3597 2746">
     <span class='ocr_line' id='line_1_52' title="bbox 2009 2668 3597 2746; baseline -0.004 -18"><span class='ocrx_word' id='word_1_389' title='bbox 2009 2674 2256 2746; x_wconf 84' lang='lat' dir='ltr'><strong>plaudite</strong></span> <span class='ocrx_word' id='word_1_390' title='bbox 2311 2673 2595 2728; x_wconf 89' lang='lat' dir='ltr'><strong>manibus.</strong></span> <span class='ocrx_word' id='word_1_391' title='bbox 2627 2691 2646 2725; x_wconf 74' lang='grc' dir='ltr'><strong>ι</strong></span> <span class='ocrx_word' id='word_1_392' title='bbox 2711 2672 2922 2726; x_wconf 88' lang='lat' dir='ltr'><strong>Deinde</strong></span> <span class='ocrx_word' id='word_1_393' title='bbox 2977 2685 3112 2724; x_wconf 82' lang='lat' dir='ltr'><strong>vero</strong></span> <span class='ocrx_word' id='word_1_394' title='bbox 3165 2671 3370 2723; x_wconf 89' lang='lat' dir='ltr'><strong>docens</strong></span> <span class='ocrx_word' id='word_1_395' title='bbox 3429 2668 3597 2722; x_wconf 84' lang='lat' dir='ltr'><strong>dixit:</strong></span> 
     </span>
    </p>
   </div>
   <div class='ocr_carea' id='block_1_53' title="bbox 2015 2758 3603 2834">
    <p class='ocr_par' dir='ltr' id='par_1_53' title="bbox 2015 2758 3603 2834">
     <span class='ocr_line' id='line_1_53' title="bbox 2015 2758 3603 2834; baseline -0.006 -14"><span class='ocrx_word' id='word_1_396' title='bbox 2015 2787 2032 2820; x_wconf 82' lang='grc' dir='ltr'>ι</span> <span class='ocrx_word' id='word_1_397' title='bbox 2066 2766 2286 2822; x_wconf 87' lang='lat' dir='ltr'><strong>Psallitc</strong></span> <span class='ocrx_word' id='word_1_398' title='bbox 2320 2765 2646 2834; x_wconf 87' lang='lat' dir='ltr'><strong>prudenter.</strong></span> <span class='ocrx_word' id='word_1_399' title='bbox 2681 2782 2699 2815; x_wconf 78' lang='grc' dir='ltr'>ι</span> <span class='ocrx_word' id='word_1_400' title='bbox 2735 2761 3012 2829; x_wconf 84' lang='lat' dir='ltr'><strong>Quidnam</strong></span> <span class='ocrx_word' id='word_1_401' title='bbox 3047 2761 3153 2815; x_wconf 90' lang='lat' dir='ltr'><strong>hoc</strong></span> <span class='ocrx_word' id='word_1_402' title='bbox 3183 2769 3286 2824; x_wconf 85' lang='lat' dir='ltr'><strong>est,</strong></span> <span class='ocrx_word' id='word_1_403' title='bbox 3323 2778 3342 2810; x_wconf 83' lang='grc' dir='ltr'>ι</span> <span class='ocrx_word' id='word_1_404' title='bbox 3377 2758 3603 2813; x_wconf 87' lang='lat' dir='ltr'><strong>Psallite</strong></span> 
     </span>
    </p>
   </div>
   <div class='ocr_carea' id='block_1_54' title="bbox 2005 2854 3602 2934">
    <p class='ocr_par' dir='ltr' id='par_1_54' title="bbox 2005 2854 3602 2934">
     <span class='ocr_line' id='line_1_54' title="bbox 2005 2854 3602 2934; baseline -0.007 -18"><span class='ocrx_word' id='word_1_405' title='bbox 2005 2860 2355 2934; x_wconf 88' lang='lat' dir='ltr'><strong>prudenter?</strong></span> <span class='ocrx_word' id='word_1_406' title='bbox 2384 2878 2404 2911; x_wconf 74' lang='grc' dir='ltr'>ι</span> <span class='ocrx_word' id='word_1_407' title='bbox 2459 2857 2517 2912; x_wconf 90' lang='lat' dir='ltr'><strong>ld</strong></span> <span class='ocrx_word' id='word_1_408' title='bbox 2555 2865 2660 2922; x_wconf 88' lang='lat' dir='ltr'><strong>est,</strong></span> <span class='ocrx_word' id='word_1_409' title='bbox 2696 2854 2942 2920; x_wconf 85' lang='lat' dir='ltr'><strong>cordate,</strong></span> <span class='ocrx_word' id='word_1_410' title='bbox 2979 2854 3282 2924; x_wconf 87' lang='lat' dir='ltr'><strong>sapienter,</strong></span> <span class='ocrx_word' id='word_1_411' title='bbox 3310 2867 3436 2905; x_wconf 91' lang='lat' dir='ltr'><strong>cum</strong></span> <span class='ocrx_word' id='word_1_412' title='bbox 3469 2867 3602 2905; x_wconf 83' lang='lat' dir='ltr'><strong>vera</strong></span> 
     </span>
    </p>
   </div>
   <div class='ocr_carea' id='block_1_55' title="bbox 2004 2941 3600 3021">
    <p class='ocr_par' dir='ltr' id='par_1_55' title="bbox 2004 2941 3600 3021">
     <span class='ocr_line' id='line_1_55' title="bbox 2004 2941 3600 3021; baseline -0.007 -14"><span class='ocrx_word' id='word_1_413' title='bbox 2004 2953 2234 3008; x_wconf 78' lang='lat' dir='ltr'><strong>scientia</strong></span> <span class='ocrx_word' id='word_1_414' title='bbox 2267 2949 2586 3021; x_wconf 77' lang='lat' dir='ltr'><strong>cognoscite</strong></span> <span class='ocrx_word' id='word_1_415' title='bbox 2637 2963 2760 3018; x_wconf 62' lang='lat' dir='ltr'><strong>quas</strong></span> <span class='ocrx_word' id='word_1_416' title='bbox 2803 2947 3086 3010; x_wconf 90' lang='lat' dir='ltr'><strong>dicuntur,</strong></span> <span class='ocrx_word' id='word_1_417' title='bbox 3131 2943 3470 3014; x_wconf 84' lang='lat' dir='ltr'><strong>cognoscite,</strong></span> <span class='ocrx_word' id='word_1_418' title='bbox 3510 2941 3600 2996; x_wconf 86' lang='lat' dir='ltr'><strong>in-</strong></span> 
     </span>
    </p>
   </div>
   <div class='ocr_carea' id='block_1_56' title="bbox 2005 3031 3604 3113">
    <p class='ocr_par' dir='ltr' id='par_1_56' title="bbox 2005 3031 3604 3113">
     <span class='ocr_line' id='line_1_56' title="bbox 2005 3031 3604 3113; baseline -0.007 -16"><span class='ocrx_word' id='word_1_419' title='bbox 2005 3059 2191 3113; x_wconf 87' lang='lat' dir='ltr'><strong>quam,</strong></span> <span class='ocrx_word' id='word_1_420' title='bbox 2205 3057 2267 3095; x_wconf 85' lang='lat' dir='ltr'><strong>ea</strong></span> <span class='ocrx_word' id='word_1_421' title='bbox 2284 3056 2402 3110; x_wconf 83' lang='lat' dir='ltr'><strong>quae</strong></span> <span class='ocrx_word' id='word_1_422' title='bbox 2421 3040 2575 3105; x_wconf 83' lang='lat' dir='ltr'><strong>tiunt,</strong></span> <span class='ocrx_word' id='word_1_423' title='bbox 2593 3054 2694 3094; x_wconf 91' lang='lat' dir='ltr'><strong>nec</strong></span> <span class='ocrx_word' id='word_1_424' title='bbox 2711 3036 3043 3108; x_wconf 87' lang='lat' dir='ltr'><strong>complodite</strong></span> <span class='ocrx_word' id='word_1_425' title='bbox 3063 3048 3274 3090; x_wconf 78' lang='lat' dir='ltr'><strong>veStras</strong></span> <span class='ocrx_word' id='word_1_426' title='bbox 3297 3050 3494 3088; x_wconf 89' lang='lat' dir='ltr'><strong>manus</strong></span> <span class='ocrx_word' id='word_1_427' title='bbox 3535 3031 3604 3087; x_wconf 87' lang='lat' dir='ltr'><strong>ii-</strong></span> 
     </span>
    </p>
   </div>
   <div class='ocr_carea' id='block_1_57' title="bbox 324 3125 1905 3211">
    <p class='ocr_par' dir='ltr' id='par_1_57' title="bbox 324 3131 1901 3208">
     <span class='ocr_line' id='line_1_57' title="bbox 324 3131 1901 3208; baseline -0.006 -16"><span class='ocrx_word' id='word_1_428' title='bbox 324 3143 423 3203; x_wconf 78' lang='grc' dir='ltr'>τὰς</span> <span class='ocrx_word' id='word_1_429' title='bbox 454 3143 642 3208; x_wconf 69' lang='grc' dir='ltr'>χείρ-ας</span> <span class='ocrx_word' id='word_1_430' title='bbox 691 3137 844 3207; x_wconf 83' lang='grc' dir='ltr'>ὑμῶν</span> <span class='ocrx_word' id='word_1_431' title='bbox 899 3136 1156 3204; x_wconf 78' lang='grc' dir='ltr'>ἁθέσμως</span> <span class='ocrx_word' id='word_1_432' title='bbox 1222 3136 1318 3188; x_wconf 84' lang='grc' dir='ltr'><strong>καὶ</strong></span> <span class='ocrx_word' id='word_1_433' title='bbox 1377 3134 1648 3196; x_wconf 77' lang='grc' dir='ltr'>ἀτάκτως,</span> <span class='ocrx_word' id='word_1_434' title='bbox 1716 3131 1792 3191; x_wconf 80' lang='grc' dir='ltr'>ὡς</span> <span class='ocrx_word' id='word_1_435' title='bbox 1843 3133 1901 3184; x_wconf 83' lang='grc' dir='ltr'><strong>ἐν</strong></span> 
     </span>
    </p>
   </div>
   <div class='ocr_carea' id='block_1_58' title="bbox 2010 3125 3602 3211">
    <p class='ocr_par' dir='ltr' id='par_1_58' title="bbox 2010 3125 3602 3203">
     <span class='ocr_line' id='line_1_58' title="bbox 2010 3125 3602 3203; baseline -0.006 -14"><span class='ocrx_word' id='word_1_436' title='bbox 2010 3135 2159 3203; x_wconf 78' lang='lat' dir='ltr'><strong>licito</strong></span> <span class='ocrx_word' id='word_1_437' title='bbox 2187 3143 2242 3186; x_wconf 89' lang='lat' dir='ltr'><strong>et</strong></span> <span class='ocrx_word' id='word_1_438' title='bbox 2267 3132 2481 3187; x_wconf 90' lang='lat' dir='ltr'><strong>turbato</strong></span> <span class='ocrx_word' id='word_1_439' title='bbox 2515 3132 2698 3193; x_wconf 90' lang='lat' dir='ltr'><strong>modo,</strong></span> <span class='ocrx_word' id='word_1_440' title='bbox 2749 3129 2878 3184; x_wconf 89' lang='lat' dir='ltr'><strong>utin</strong></span> <span class='ocrx_word' id='word_1_441' title='bbox 2900 3126 3396 3182; x_wconf 85' lang='lat' dir='ltr'><strong>comessationibus</strong></span> <span class='ocrx_word' id='word_1_442' title='bbox 3423 3125 3602 3180; x_wconf 72' lang='lat' dir='ltr'><strong>man!-</strong></span> 
     </span>
    </p>
   </div>
   <div class='ocr_carea' id='block_1_59' title="bbox 325 3225 1904 3298">
    <p class='ocr_par' dir='ltr' id='par_1_59' title="bbox 325 3225 1904 3298">
     <span class='ocr_line' id='line_1_59' title="bbox 325 3225 1904 3298; baseline -0.007 -15"><span class='ocrx_word' id='word_1_443' title='bbox 325 3233 440 3293; x_wconf 77' lang='grc' dir='ltr'>τοῖς</span> <span class='ocrx_word' id='word_1_444' title='bbox 497 3228 819 3298; x_wconf 84' lang='grc' dir='ltr'>συμποσίοις</span> <span class='ocrx_word' id='word_1_445' title='bbox 849 3226 1105 3296; x_wconf 84' lang='grc' dir='ltr'>κροτοῦσι</span> <span class='ocrx_word' id='word_1_446' title='bbox 1161 3225 1262 3289; x_wconf 79' lang='grc' dir='ltr'>τὰς</span> <span class='ocrx_word' id='word_1_447' title='bbox 1296 3227 1487 3296; x_wconf 81' lang='grc' dir='ltr'>χεῖρας</span> <span class='ocrx_word' id='word_1_448' title='bbox 1550 3226 1598 3277; x_wconf 82' lang='grc' dir='ltr'>οἱ</span> <span class='ocrx_word' id='word_1_449' title='bbox 1647 3225 1904 3294; x_wconf 77' lang='grc' dir='ltr'>ἄφρονες,</span> 
     </span>
    </p>
   </div>
   <div class='ocr_carea' id='block_1_60' title="bbox 327 3313 1908 3388">
    <p class='ocr_par' dir='ltr' id='par_1_60' title="bbox 327 3313 1908 3388">
     <span class='ocr_line' id='line_1_60' title="bbox 327 3313 1908 3388; baseline -0.006 -13"><span class='ocrx_word' id='word_1_450' title='bbox 327 3322 466 3375; x_wconf 84' lang='grc' dir='ltr'><strong>ἀλλά</strong></span> <span class='ocrx_word' id='word_1_451' title='bbox 519 3320 782 3388; x_wconf 79' lang='grc' dir='ltr'>μαθόντες</span> <span class='ocrx_word' id='word_1_452' title='bbox 834 3319 998 3372; x_wconf 81' lang='grc' dir='ltr'>πόθεν</span> <span class='ocrx_word' id='word_1_453' title='bbox 1043 3319 1076 3388; x_wconf 88' lang='grc' dir='ltr'><strong>ή</strong></span> <span class='ocrx_word' id='word_1_454' title='bbox 1130 3319 1277 3388; x_wconf 86' lang='grc' dir='ltr'>νίκη,</span> <span class='ocrx_word' id='word_1_455' title='bbox 1326 3316 1550 3386; x_wconf 74' lang='grc' dir='ltr'>πόθενή</span> <span class='ocrx_word' id='word_1_456' title='bbox 1615 3313 1908 3384; x_wconf 80' lang='grc' dir='ltr'>ἐλευθερία</span> 
     </span>
    </p>
   </div>
   <div class='ocr_carea' id='block_1_61' title="bbox 328 3407 1910 3484">
    <p class='ocr_par' dir='ltr' id='par_1_61' title="bbox 328 3407 1910 3484">
     <span class='ocr_line' id='line_1_61' title="bbox 328 3407 1910 3484; baseline -0.006 -17"><span class='ocrx_word' id='word_1_457' title='bbox 328 3415 494 3467; x_wconf 62' lang='grc' dir='ltr'>ποθεν</span> <span class='ocrx_word' id='word_1_458' title='bbox 549 3415 582 3484; x_wconf 84' lang='grc' dir='ltr'><strong>ή</strong></span> <span class='ocrx_word' id='word_1_459' title='bbox 640 3414 904 3483; x_wconf 82' lang='grc' dir='ltr'>σωτηρία,</span> <span class='ocrx_word' id='word_1_460' title='bbox 966 3413 1086 3467; x_wconf 82' lang='grc' dir='ltr'>δότε</span> <span class='ocrx_word' id='word_1_461' title='bbox 1147 3409 1565 3480; x_wconf 77' lang='grc' dir='ltr'>μεγαλωσύνην,</span> <span class='ocrx_word' id='word_1_462' title='bbox 1643 3407 1764 3460; x_wconf 85' lang='grc' dir='ltr'>δότε</span> <span class='ocrx_word' id='word_1_463' title='bbox 1819 3407 1910 3458; x_wconf 75' lang='grc' dir='ltr'>εὐ-</span> 
     </span>
    </p>
   </div>
   <div class='ocr_carea' id='block_1_62' title="bbox 325 3496 1908 3574">
    <p class='ocr_par' dir='ltr' id='par_1_62' title="bbox 325 3496 1908 3574">
     <span class='ocr_line' id='line_1_62' title="bbox 325 3496 1908 3574; baseline -0.005 -20"><span class='ocrx_word' id='word_1_464' title='bbox 325 3500 616 3574; x_wconf 71' lang='grc' dir='ltr'>χαριστίαν</span> <span class='ocrx_word' id='word_1_465' title='bbox 658 3501 734 3570; x_wconf 82' lang='grc' dir='ltr'>τῷ</span> <span class='ocrx_word' id='word_1_466' title='bbox 783 3501 1043 3568; x_wconf 80' lang='grc' dir='ltr'>νικοποιῴ</span> <span class='ocrx_word' id='word_1_467' title='bbox 1071 3499 1215 3569; x_wconf 80' lang='grc' dir='ltr'>Θεῷ·</span> <span class='ocrx_word' id='word_1_468' title='bbox 1253 3517 1272 3550; x_wconf 82' lang='grc' dir='ltr'>ι</span> <span class='ocrx_word' id='word_1_469' title='bbox 1307 3497 1627 3569; x_wconf 85' lang='grc' dir='ltr'>Κροτήσατε</span> <span class='ocrx_word' id='word_1_470' title='bbox 1664 3496 1764 3557; x_wconf 83' lang='grc' dir='ltr'>τὰς</span> <span class='ocrx_word' id='word_1_471' title='bbox 1793 3496 1908 3564; x_wconf 83' lang='grc' dir='ltr'><strong>χεῖ-</strong></span> 
     </span>
    </p>
   </div>
   <div class='ocr_carea' id='block_1_63' title="bbox 329 3582 1904 3665">
    <p class='ocr_par' dir='ltr' id='par_1_63' title="bbox 329 3582 1904 3665">
     <span class='ocr_line' id='line_1_63' title="bbox 329 3582 1904 3665; baseline -0.006 -19"><span class='ocrx_word' id='word_1_472' title='bbox 329 3612 453 3665; x_wconf 80' lang='grc' dir='ltr'>ρος,</span> <span class='ocrx_word' id='word_1_473' title='bbox 485 3594 604 3646; x_wconf 75' lang='grc' dir='ltr'>δότε</span> <span class='ocrx_word' id='word_1_474' title='bbox 654 3590 839 3661; x_wconf 80' lang='grc' dir='ltr'>φωνὴν</span> <span class='ocrx_word' id='word_1_475' title='bbox 869 3591 1131 3650; x_wconf 79' lang='grc' dir='ltr'>αἰνέσεως</span> <span class='ocrx_word' id='word_1_476' title='bbox 1159 3589 1254 3640; x_wconf 75' lang='grc' dir='ltr'>καὶ</span> <span class='ocrx_word' id='word_1_477' title='bbox 1270 3587 1646 3654; x_wconf 77' lang='grc' dir='ltr'>ἀγαλλιάσεως</span> <span class='ocrx_word' id='word_1_478' title='bbox 1677 3585 1757 3654; x_wconf 82' lang='grc' dir='ltr'>τῷ</span> <span class='ocrx_word' id='word_1_479' title='bbox 1786 3582 1904 3652; x_wconf 81' lang='grc' dir='ltr'>Θεῷ</span> 
     </span>
    </p>
   </div>
   <div class='ocr_carea' id='block_1_64' title="bbox 233 3675 1908 3752">
    <p class='ocr_par' dir='ltr' id='par_1_64' title="bbox 233 3675 1908 3752">
     <span class='ocr_line' id='line_1_64' title="bbox 233 3675 1908 3752; baseline -0.008 -14"><span class='ocrx_word' id='word_1_480' title='bbox 233 3689 246 3698; x_wconf 76' lang='grc'><strong><em>⁸</em></strong></span> <span class='ocrx_word' id='word_1_481' title='bbox 325 3685 424 3738; x_wconf 83' lang='grc' dir='ltr'><strong>τοῦ</strong></span> <span class='ocrx_word' id='word_1_482' title='bbox 442 3682 713 3752; x_wconf 68' lang='grc' dir='ltr'>Ἀδραὲμ,</span> <span class='ocrx_word' id='word_1_483' title='bbox 739 3698 758 3731; x_wconf 72' lang='grc' dir='ltr'><strong>ι</strong></span> <span class='ocrx_word' id='word_1_484' title='bbox 781 3680 1029 3732; x_wconf 83' lang='grc' dir='ltr'>τουτέστι</span> <span class='ocrx_word' id='word_1_485' title='bbox 1059 3678 1136 3746; x_wconf 82' lang='grc' dir='ltr'>τῷ</span> <span class='ocrx_word' id='word_1_486' title='bbox 1160 3676 1478 3747; x_wconf 79' lang='grc' dir='ltr'>γεννηθέντι</span> <span class='ocrx_word' id='word_1_487' title='bbox 1502 3679 1565 3728; x_wconf 77' lang='grc' dir='ltr'><strong>ἐκ</strong></span> <span class='ocrx_word' id='word_1_488' title='bbox 1591 3675 1908 3743; x_wconf 79' lang='grc' dir='ltr'>σπέρματος</span> 
     </span>
    </p>
   </div>
   <div class='ocr_carea' id='block_1_65' title="bbox 327 3765 1908 3844">
    <p class='ocr_par' dir='ltr' id='par_1_65' title="bbox 327 3765 1908 3844">
     <span class='ocr_line' id='line_1_65' title="bbox 327 3765 1908 3844; baseline -0.008 -16"><span class='ocrx_word' id='word_1_489' title='bbox 327 3775 426 3830; x_wconf 79' lang='grc' dir='ltr'><strong>τοῦ</strong></span> <span class='ocrx_word' id='word_1_490' title='bbox 457 3774 711 3844; x_wconf 73' lang='grc' dir='ltr'>Ἀϐραὰμ</span> <span class='ocrx_word' id='word_1_491' title='bbox 735 3772 874 3825; x_wconf 81' lang='grc' dir='ltr'><strong>κατά</strong></span> <span class='ocrx_word' id='word_1_492' title='bbox 909 3772 1108 3841; x_wconf 78' lang='grc' dir='ltr'>σάρκα,</span> <span class='ocrx_word' id='word_1_493' title='bbox 1167 3770 1228 3824; x_wconf 82' lang='grc' dir='ltr'>ὃν</span> <span class='ocrx_word' id='word_1_494' title='bbox 1275 3769 1552 3840; x_wconf 79' lang='grc' dir='ltr'>ἐκήρυξαν</span> <span class='ocrx_word' id='word_1_495' title='bbox 1611 3768 1815 3830; x_wconf 80' lang='grc' dir='ltr'>πάντες</span> <span class='ocrx_word' id='word_1_496' title='bbox 1857 3765 1908 3817; x_wconf 80' lang='grc' dir='ltr'>οἱ</span> 
     </span>
    </p>
   </div>
   <div class='ocr_carea' id='block_1_66' title="bbox 329 3855 1909 3936">
    <p class='ocr_par' dir='ltr' id='par_1_66' title="bbox 329 3855 1909 3936">
     <span class='ocr_line' id='line_1_66' title="bbox 329 3855 1909 3936; baseline -0.008 -18"><span class='ocrx_word' id='word_1_497' title='bbox 329 3866 628 3936; x_wconf 61' lang='grc' dir='ltr'>προφῆται,</span> <span class='ocrx_word' id='word_1_498' title='bbox 659 3861 718 3928; x_wconf 70' lang='lat' dir='ltr'><em>6y</em></span> <span class='ocrx_word' id='word_1_499' title='bbox 755 3862 1129 3931; x_wconf 85' lang='grc' dir='ltr'>ἀπεφήναντο,</span> <span class='ocrx_word' id='word_1_500' title='bbox 1166 3860 1226 3913; x_wconf 83' lang='grc' dir='ltr'>ὃν</span> <span class='ocrx_word' id='word_1_501' title='bbox 1265 3859 1628 3928; x_wconf 77' lang='grc' dir='ltr'>ὡμολόγησαν</span> <span class='ocrx_word' id='word_1_502' title='bbox 1663 3855 1798 3909; x_wconf 76' lang='grc' dir='ltr'>Θεόν</span> <span class='ocrx_word' id='word_1_503' title='bbox 1847 3870 1909 3907; x_wconf 85' lang='grc' dir='ltr'><strong>τε</strong></span> 
     </span>
    </p>
   </div>
   <div class='ocr_carea' id='block_1_67' title="bbox 331 3945 1905 4025">
    <p class='ocr_par' dir='ltr' id='par_1_67' title="bbox 331 3945 1905 4025">
     <span class='ocr_line' id='line_1_67' title="bbox 331 3945 1905 4025; baseline -0.008 -14"><span class='ocrx_word' id='word_1_504' title='bbox 331 3961 428 4012; x_wconf 79' lang='grc' dir='ltr'><strong>καὶ</strong></span> <span class='ocrx_word' id='word_1_505' title='bbox 465 3955 770 4025; x_wconf 75' lang='grc' dir='ltr'>ἄνθρωπον,</span> <span class='ocrx_word' id='word_1_506' title='bbox 804 3952 868 4012; x_wconf 81' lang='grc' dir='ltr'>ὃς</span> <span class='ocrx_word' id='word_1_507' title='bbox 943 3951 1195 4005; x_wconf 78' lang='grc' dir='ltr'>ἐκάθισεν</span> <span class='ocrx_word' id='word_1_508' title='bbox 1228 3950 1320 4003; x_wconf 82' lang='grc' dir='ltr'><strong>ἐπὶ</strong></span> <span class='ocrx_word' id='word_1_509' title='bbox 1357 3948 1452 4002; x_wconf 88' lang='grc' dir='ltr'><strong>τοῦ</strong></span> <span class='ocrx_word' id='word_1_510' title='bbox 1487 3948 1681 4019; x_wconf 84' lang='grc' dir='ltr'>θρόνου</span> <span class='ocrx_word' id='word_1_511' title='bbox 1737 3945 1905 4000; x_wconf 83' lang='grc' dir='ltr'>αὐτοῦ</span> 
     </span>
    </p>
   </div>
   <div class='ocr_carea' id='block_1_68' title="bbox 337 4035 1911 4113">
    <p class='ocr_par' dir='ltr' id='par_1_68' title="bbox 337 4035 1911 4113">
     <span class='ocr_line' id='line_1_68' title="bbox 337 4035 1911 4113; baseline -0.007 -13"><span class='ocrx_word' id='word_1_512' title='bbox 337 4047 430 4100; x_wconf 82' lang='grc' dir='ltr'><strong>τοῦ</strong></span> <span class='ocrx_word' id='word_1_513' title='bbox 473 4048 659 4113; x_wconf 81' lang='grc' dir='ltr'>ἁγίου,</span> <span class='ocrx_word' id='word_1_514' title='bbox 702 4043 762 4096; x_wconf 80' lang='grc' dir='ltr'><strong>δν</strong></span> <span class='ocrx_word' id='word_1_515' title='bbox 801 4046 866 4096; x_wconf 85' lang='grc' dir='ltr'><strong>ἐκ</strong></span> <span class='ocrx_word' id='word_1_516' title='bbox 911 4043 1010 4112; x_wconf 79' lang='grc' dir='ltr'>τῆς</span> <span class='ocrx_word' id='word_1_517' title='bbox 1067 4041 1232 4108; x_wconf 81' lang='grc' dir='ltr'>ἁγίας</span> <span class='ocrx_word' id='word_1_518' title='bbox 1304 4040 1583 4110; x_wconf 84' lang='grc' dir='ltr'>Παρθένου</span> <span class='ocrx_word' id='word_1_519' title='bbox 1647 4035 1911 4092; x_wconf 75' lang='grc' dir='ltr'>ἀνέλαϐεν</span> 
     </span>
    </p>
   </div>
   <div class='ocr_carea' id='block_1_69' title="bbox 346 4126 1913 4205">
    <p class='ocr_par' dir='ltr' id='par_1_69' title="bbox 346 4126 1913 4205">
     <span class='ocr_line' id='line_1_69' title="bbox 346 4126 1913 4205; baseline -0.01 -15"><span class='ocrx_word' id='word_1_520' title='bbox 346 4136 480 4204; x_wconf 60' lang='grc' dir='ltr'>ὑπὲρ</span> <span class='ocrx_word' id='word_1_521' title='bbox 506 4136 665 4205; x_wconf 81' lang='grc' dir='ltr'>φύσιν</span> <span class='ocrx_word' id='word_1_522' title='bbox 693 4133 996 4202; x_wconf 81' lang='grc' dir='ltr'>ἄνθρωπον.</span> <span class='ocrx_word' id='word_1_523' title='bbox 1021 4149 1042 4182; x_wconf 78' lang='grc' dir='ltr'>ι</span> <span class='ocrx_word' id='word_1_524' title='bbox 1073 4129 1320 4183; x_wconf 79' lang='grc' dir='ltr'>Ψάλλετε</span> <span class='ocrx_word' id='word_1_525' title='bbox 1351 4127 1611 4191; x_wconf 83' lang='grc' dir='ltr'>συνετῶς.</span> <span class='ocrx_word' id='word_1_526' title='bbox 1644 4145 1665 4178; x_wconf 71' lang='grc' dir='ltr'><strong>ι</strong></span> <span class='ocrx_word' id='word_1_527' title='bbox 1705 4126 1913 4194; x_wconf 85' lang='grc' dir='ltr'>Ἥγουν</span> 
     </span>
    </p>
   </div>
   <div class='ocr_carea' id='block_1_70' title="bbox 353 4216 1911 4292">
    <p class='ocr_par' dir='ltr' id='par_1_70' title="bbox 353 4216 1911 4292">
     <span class='ocr_line' id='line_1_70' title="bbox 353 4216 1911 4292; baseline -0.006 -14"><span class='ocrx_word' id='word_1_528' title='bbox 353 4226 605 4292; x_wconf 53' lang='lat' dir='ltr'><strong>tuseu;</strong></span> <span class='ocrx_word' id='word_1_529' title='bbox 626 4225 706 4287; x_wconf 88' lang='grc' dir='ltr'><strong>είς</strong></span> <span class='ocrx_word' id='word_1_530' title='bbox 729 4223 788 4276; x_wconf 78' lang='grc' dir='ltr'>τὸ</span> <span class='ocrx_word' id='word_1_531' title='bbox 806 4221 967 4289; x_wconf 71' lang='grc' dir='ltr'>βάθος</span> <span class='ocrx_word' id='word_1_532' title='bbox 985 4223 1092 4274; x_wconf 87' lang='grc' dir='ltr'><strong>τῶν</strong></span> <span class='ocrx_word' id='word_1_533' title='bbox 1119 4239 1147 4273; x_wconf 89' lang='grc' dir='ltr'><strong>ν</strong></span> <span class='ocrx_word' id='word_1_534' title='bbox 1163 4238 1214 4290; x_wconf 70' lang='grc' dir='ltr'><strong>ιη</strong></span> <span class='ocrx_word' id='word_1_535' title='bbox 1223 4220 1432 4290; x_wconf 85' lang='grc' dir='ltr'>μάτων,</span> <span class='ocrx_word' id='word_1_536' title='bbox 1448 4219 1586 4272; x_wconf 83' lang='grc' dir='ltr'>ίδετε</span> <span class='ocrx_word' id='word_1_537' title='bbox 1603 4216 1697 4271; x_wconf 63' lang='grc' dir='ltr'><strong>τον</strong></span> <span class='ocrx_word' id='word_1_538' title='bbox 1716 4217 1776 4269; x_wconf 73' lang='grc' dir='ltr'><strong>ἐν</strong></span> <span class='ocrx_word' id='word_1_539' title='bbox 1795 4217 1911 4277; x_wconf 82' lang='grc' dir='ltr'>τοῖς</span> 
     </span>
    </p>
   </div>
   <div class='ocr_carea' id='block_1_71' title="bbox 351 4311 1913 4387">
    <p class='ocr_par' dir='ltr' id='par_1_71' title="bbox 351 4311 1913 4387">
     <span class='ocr_line' id='line_1_71' title="bbox 351 4311 1913 4387; baseline -0.008 -17"><span class='ocrx_word' id='word_1_540' title='bbox 351 4320 692 4387; x_wconf 75' lang='grc' dir='ltr'>προφητικοῖς</span> <span class='ocrx_word' id='word_1_541' title='bbox 723 4316 908 4384; x_wconf 78' lang='grc' dir='ltr'>λόγοις</span> <span class='ocrx_word' id='word_1_542' title='bbox 931 4312 1384 4383; x_wconf 81' lang='grc' dir='ltr'>ἐγκεκρυμμένον</span> <span class='ocrx_word' id='word_1_543' title='bbox 1409 4311 1659 4383; x_wconf 76' lang='grc' dir='ltr'>οὐράνιον</span> <span class='ocrx_word' id='word_1_544' title='bbox 1693 4325 1913 4377; x_wconf 71' lang='grc' dir='ltr'>μαργαο</span> 
     </span>
    </p>
   </div>
   <div class='ocr_carea' id='block_1_72' title="bbox 343 4399 1914 4479">
    <p class='ocr_par' dir='ltr' id='par_1_72' title="bbox 343 4399 1914 4479">
     <span class='ocr_line' id='line_1_72' title="bbox 343 4399 1914 4479; baseline -0.006 -20"><span class='ocrx_word' id='word_1_545' title='bbox 343 4407 712 4479; x_wconf 80' lang='grc' dir='ltr'>ρίτην,ὦσπερ</span> <span class='ocrx_word' id='word_1_546' title='bbox 763 4408 855 4459; x_wconf 70' lang='grc' dir='ltr'><strong>τὸν</strong></span> <span class='ocrx_word' id='word_1_547' title='bbox 884 4407 1037 4475; x_wconf 81' lang='grc' dir='ltr'>παρὰ</span> <span class='ocrx_word' id='word_1_548' title='bbox 1058 4406 1172 4468; x_wconf 86' lang='grc' dir='ltr'>τοῖς</span> <span class='ocrx_word' id='word_1_549' title='bbox 1198 4403 1410 4464; x_wconf 79' lang='grc' dir='ltr'>πολλοῖς</span> <span class='ocrx_word' id='word_1_550' title='bbox 1440 4405 1498 4454; x_wconf 85' lang='grc' dir='ltr'><strong>ἐν</strong></span> <span class='ocrx_word' id='word_1_551' title='bbox 1531 4403 1642 4463; x_wconf 77' lang='grc' dir='ltr'>τοῖς</span> <span class='ocrx_word' id='word_1_552' title='bbox 1667 4399 1914 4469; x_wconf 83' lang='grc' dir='ltr'>ὀστρέοις</span> 
     </span>
    </p>
   </div>
   <div class='ocr_carea' id='block_1_73' title="bbox 2010 3219 3604 3294">
    <p class='ocr_par' dir='ltr' id='par_1_73' title="bbox 2010 3219 3604 3294">
     <span class='ocr_line' id='line_1_73' title="bbox 2010 3219 3604 3294; baseline -0.006 -13"><span class='ocrx_word' id='word_1_553' title='bbox 2010 3229 2112 3281; x_wconf 89' lang='lat' dir='ltr'><strong>bus</strong></span> <span class='ocrx_word' id='word_1_554' title='bbox 2148 3223 2414 3294; x_wconf 83' lang='lat' dir='ltr'><strong>plaudere</strong></span> <span class='ocrx_word' id='word_1_555' title='bbox 2444 3222 2624 3276; x_wconf 89' lang='lat' dir='ltr'><strong>solent</strong></span> <span class='ocrx_word' id='word_1_556' title='bbox 2653 3221 3034 3274; x_wconf 88' lang='lat' dir='ltr'><strong>insanientes:</strong></span> <span class='ocrx_word' id='word_1_557' title='bbox 3062 3219 3156 3274; x_wconf 82' lang='lat' dir='ltr'><strong>sed</strong></span> <span class='ocrx_word' id='word_1_558' title='bbox 3191 3233 3315 3272; x_wconf 91' lang='lat' dir='ltr'><strong>cum</strong></span> <span class='ocrx_word' id='word_1_559' title='bbox 3342 3219 3604 3272; x_wconf 85' lang='lat' dir='ltr'><strong>didiceri-</strong></span> 
     </span>
    </p>
   </div>
   <div class='ocr_carea' id='block_1_74' title="bbox 2013 3306 3602 3375">
    <p class='ocr_par' dir='ltr' id='par_1_74' title="bbox 2013 3306 3602 3375">
     <span class='ocr_line' id='line_1_74' title="bbox 2013 3306 3602 3375; baseline -0.005 -5"><span class='ocrx_word' id='word_1_560' title='bbox 2013 3318 2080 3370; x_wconf 85' lang='lat' dir='ltr'><strong>tis</strong></span> <span class='ocrx_word' id='word_1_561' title='bbox 2109 3323 2236 3368; x_wconf 87' lang='lat' dir='ltr'><strong>ante</strong></span> <span class='ocrx_word' id='word_1_562' title='bbox 2264 3313 2538 3366; x_wconf 81' lang='lat' dir='ltr'><strong>undenatn</strong></span> <span class='ocrx_word' id='word_1_563' title='bbox 2566 3313 2682 3366; x_wconf 69' lang='lat' dir='ltr'><strong>haec</strong></span> <span class='ocrx_word' id='word_1_564' title='bbox 2709 3309 2968 3375; x_wconf 78' lang='lat' dir='ltr'><strong>victoria,</strong></span> <span class='ocrx_word' id='word_1_565' title='bbox 3002 3310 3147 3362; x_wconf 87' lang='lat' dir='ltr'><strong>unde</strong></span> <span class='ocrx_word' id='word_1_566' title='bbox 3174 3307 3423 3370; x_wconf 87' lang='lat' dir='ltr'><strong>libertas.</strong></span> <span class='ocrx_word' id='word_1_567' title='bbox 3455 3306 3602 3362; x_wconf 87' lang='lat' dir='ltr'><strong>unde</strong></span> 
     </span>
    </p>
   </div>
   <div class='ocr_carea' id='block_1_75' title="bbox 2011 3401 3605 3473">
    <p class='ocr_par' dir='ltr' id='par_1_75' title="bbox 2011 3401 3605 3473">
     <span class='ocr_line' id='line_1_75' title="bbox 2011 3401 3605 3473; baseline -0.006 -11"><span class='ocrx_word' id='word_1_568' title='bbox 2011 3408 2124 3462; x_wconf 67' lang='lat' dir='ltr'><strong>hate</strong></span> <span class='ocrx_word' id='word_1_569' title='bbox 2147 3407 2314 3471; x_wconf 82' lang='lat' dir='ltr'><strong>salus,</strong></span> <span class='ocrx_word' id='word_1_570' title='bbox 2351 3405 2611 3459; x_wconf 82' lang='lat' dir='ltr'><strong>exhibete</strong></span> <span class='ocrx_word' id='word_1_571' title='bbox 2643 3402 3128 3473; x_wconf 84' lang='lat' dir='ltr'><strong>magniﬁcentiam,</strong></span> <span class='ocrx_word' id='word_1_572' title='bbox 3162 3401 3423 3455; x_wconf 82' lang='lat' dir='ltr'><strong>exhibete</strong></span> <span class='ocrx_word' id='word_1_573' title='bbox 3479 3415 3605 3470; x_wconf 85' lang='lat' dir='ltr'><strong>gra-</strong></span> 
     </span>
    </p>
   </div>
   <div class='ocr_carea' id='block_1_76' title="bbox 2011 3493 3603 3553">
    <p class='ocr_par' dir='ltr' id='par_1_76' title="bbox 2011 3493 3603 3553">
     <span class='ocr_line' id='line_1_76' title="bbox 2011 3493 3603 3553; baseline -0.004 0"><span class='ocrx_word' id='word_1_574' title='bbox 2011 3499 2218 3553; x_wconf 80' lang='lat' dir='ltr'><strong>tiarum</strong></span> <span class='ocrx_word' id='word_1_575' title='bbox 2260 3497 2536 3551; x_wconf 90' lang='lat' dir='ltr'><strong>actionem</strong></span> <span class='ocrx_word' id='word_1_576' title='bbox 2583 3497 2692 3550; x_wconf 90' lang='lat' dir='ltr'><strong>Deo</strong></span> <span class='ocrx_word' id='word_1_577' title='bbox 2736 3494 2950 3549; x_wconf 83' lang='lat' dir='ltr'><strong>auctori</strong></span> <span class='ocrx_word' id='word_1_578' title='bbox 2987 3494 3251 3548; x_wconf 59' lang='lat' dir='ltr'><strong>victoria.</strong></span> <span class='ocrx_word' id='word_1_579' title='bbox 3299 3511 3318 3544; x_wconf 82' lang='grc' dir='ltr'><strong>ι</strong></span> <span class='ocrx_word' id='word_1_580' title='bbox 3351 3493 3603 3547; x_wconf 85' lang='lat' dir='ltr'><strong>Plaudite</strong></span> 
     </span>
    </p>
   </div>
   <div class='ocr_carea' id='block_1_77' title="bbox 2009 3583 3602 3654">
    <p class='ocr_par' dir='ltr' id='par_1_77' title="bbox 2009 3583 3602 3654">
     <span class='ocr_line' id='line_1_77' title="bbox 2009 3583 3602 3654; baseline -0.005 -10"><span class='ocrx_word' id='word_1_581' title='bbox 2009 3589 2284 3652; x_wconf 86' lang='lat' dir='ltr'><strong>manibus,</strong></span> <span class='ocrx_word' id='word_1_582' title='bbox 2333 3588 2481 3643; x_wconf 88' lang='lat' dir='ltr'><strong>edite</strong></span> <span class='ocrx_word' id='word_1_583' title='bbox 2515 3603 2706 3642; x_wconf 83' lang='lat' dir='ltr'><strong>vocem</strong></span> <span class='ocrx_word' id='word_1_584' title='bbox 2760 3586 2940 3640; x_wconf 89' lang='lat' dir='ltr'><strong>laudis</strong></span> <span class='ocrx_word' id='word_1_585' title='bbox 2975 3595 3032 3639; x_wconf 87' lang='lat' dir='ltr'><strong>et</strong></span> <span class='ocrx_word' id='word_1_586' title='bbox 3065 3584 3455 3640; x_wconf 83' lang='lat' dir='ltr'><strong>exsultationis</strong></span> <span class='ocrx_word' id='word_1_587' title='bbox 3497 3583 3602 3654; x_wconf 85' lang='lat' dir='ltr'><strong>ipsi</strong></span> 
     </span>
    </p>
   </div>
   <div class='ocr_carea' id='block_1_78' title="bbox 2012 3678 3601 3749">
    <p class='ocr_par' dir='ltr' id='par_1_78' title="bbox 2012 3678 3601 3749">
     <span class='ocr_line' id='line_1_78' title="bbox 2012 3678 3601 3749; baseline -0.001 -15"><span class='ocrx_word' id='word_1_588' title='bbox 2012 3681 2123 3736; x_wconf 90' lang='lat' dir='ltr'><strong>Deo</strong></span> <span class='ocrx_word' id='word_1_589' title='bbox 2155 3680 2471 3746; x_wconf 74' lang='lat' dir='ltr'><strong>Abraham;</strong></span> <span class='ocrx_word' id='word_1_590' title='bbox 2507 3697 2524 3730; x_wconf 80' lang='grc' dir='ltr'><strong>ι</strong></span> <span class='ocrx_word' id='word_1_591' title='bbox 2570 3679 2622 3732; x_wconf 85' lang='lat' dir='ltr'><strong>id</strong></span> <span class='ocrx_word' id='word_1_592' title='bbox 2657 3689 2762 3743; x_wconf 89' lang='lat' dir='ltr'><strong>est,</strong></span> <span class='ocrx_word' id='word_1_593' title='bbox 2798 3678 2877 3733; x_wconf 88' lang='lat' dir='ltr'><strong>illi</strong></span> <span class='ocrx_word' id='word_1_594' title='bbox 2928 3680 3023 3749; x_wconf 84' lang='lat' dir='ltr'><strong>qui</strong></span> <span class='ocrx_word' id='word_1_595' title='bbox 3063 3688 3265 3734; x_wconf 88' lang='lat' dir='ltr'><strong>enatus</strong></span> <span class='ocrx_word' id='word_1_596' title='bbox 3291 3687 3374 3732; x_wconf 89' lang='lat' dir='ltr'><strong>est</strong></span> <span class='ocrx_word' id='word_1_597' title='bbox 3409 3694 3479 3733; x_wconf 82' lang='lat' dir='ltr'><strong>ex</strong></span> <span class='ocrx_word' id='word_1_598' title='bbox 3510 3693 3601 3732; x_wconf 81' lang='lat' dir='ltr'><strong>se-</strong></span> 
     </span>
    </p>
   </div>
   <div class='ocr_carea' id='block_1_79' title="bbox 2011 3771 3701 3842">
    <p class='ocr_par' dir='ltr' id='par_1_79' title="bbox 2011 3771 3701 3842">
     <span class='ocr_line' id='line_1_79' title="bbox 2011 3771 3701 3842; baseline -0.003 -14"><span class='ocrx_word' id='word_1_599' title='bbox 2011 3774 2157 3828; x_wconf 90' lang='lat' dir='ltr'><strong>mine</strong></span> <span class='ocrx_word' id='word_1_600' title='bbox 2194 3773 2426 3828; x_wconf 72' lang='lat' dir='ltr'><strong>Abrahze</strong></span> <span class='ocrx_word' id='word_1_601' title='bbox 2476 3771 2782 3827; x_wconf 86' lang='lat' dir='ltr'><strong>secundum</strong></span> <span class='ocrx_word' id='word_1_602' title='bbox 2815 3787 3060 3836; x_wconf 88' lang='lat' dir='ltr'><strong>carnem,</strong></span> <span class='ocrx_word' id='word_1_603' title='bbox 3099 3787 3262 3842; x_wconf 90' lang='lat' dir='ltr'><strong>quem</strong></span> <span class='ocrx_word' id='word_1_604' title='bbox 3311 3771 3606 3825; x_wconf 85' lang='lat' dir='ltr'><strong>annuntia-</strong></span> <span class='ocrx_word' id='word_1_605' title='bbox 3699 3832 3701 3834; x_wconf 28' lang='grc' dir='ltr'><strong>η</strong></span> 
     </span>
    </p>
   </div>
   <div class='ocr_carea' id='block_1_80' title="bbox 2014 3857 3604 3929">
    <p class='ocr_par' dir='ltr' id='par_1_80' title="bbox 2014 3857 3604 3929">
     <span class='ocr_line' id='line_1_80' title="bbox 2014 3857 3604 3929; baseline -0.005 -13"><span class='ocrx_word' id='word_1_606' title='bbox 2014 3869 2218 3916; x_wconf 88' lang='lat' dir='ltr'><strong>verunt</strong></span> <span class='ocrx_word' id='word_1_607' title='bbox 2271 3874 2466 3914; x_wconf 90' lang='lat' dir='ltr'><strong>omnes</strong></span> <span class='ocrx_word' id='word_1_608' title='bbox 2500 3859 2802 3929; x_wconf 62' lang='lat' dir='ltr'><strong>propheta,</strong></span> <span class='ocrx_word' id='word_1_609' title='bbox 2849 3873 3014 3928; x_wconf 89' lang='lat' dir='ltr'><strong>quem</strong></span> <span class='ocrx_word' id='word_1_610' title='bbox 3057 3857 3604 3919; x_wconf 82' lang='lat' dir='ltr'><strong>demonstraverunt,</strong></span> 
     </span>
    </p>
   </div>
   <div class='ocr_carea' id='block_1_81' title="bbox 1991 3946 3607 4023">
    <p class='ocr_par' dir='ltr' id='par_1_81' title="bbox 1991 3946 3607 4023">
     <span class='ocr_line' id='line_1_81' title="bbox 1991 3946 3607 4023; baseline -0.006 -15"><span class='ocrx_word' id='word_1_611' title='bbox 1991 3968 2178 4023; x_wconf 77' lang='lat' dir='ltr'><strong>quem</strong></span> <span class='ocrx_word' id='word_1_612' title='bbox 2221 3951 2455 4007; x_wconf 74' lang='lat' dir='ltr'><strong>confessi</strong></span> <span class='ocrx_word' id='word_1_613' title='bbox 2502 3961 2632 4005; x_wconf 84' lang='lat' dir='ltr'><strong>sunt</strong></span> <span class='ocrx_word' id='word_1_614' title='bbox 2659 3949 2830 4003; x_wconf 86' lang='lat' dir='ltr'><strong>Deum</strong></span> <span class='ocrx_word' id='word_1_615' title='bbox 2878 3959 2934 4003; x_wconf 87' lang='lat' dir='ltr'><strong>et</strong></span> <span class='ocrx_word' id='word_1_616' title='bbox 2965 3948 3290 4013; x_wconf 82' lang='lat' dir='ltr'><strong>hominem;</strong></span> <span class='ocrx_word' id='word_1_617' title='bbox 3321 3947 3417 4016; x_wconf 86' lang='lat' dir='ltr'><strong>qui</strong></span> <span class='ocrx_word' id='word_1_618' title='bbox 3461 3946 3607 4000; x_wconf 77' lang='lat' dir='ltr'><strong>sedit</strong></span> 
     </span>
    </p>
   </div>
   <div class='ocr_carea' id='block_1_82' title="bbox 2015 4040 3604 4118">
    <p class='ocr_par' dir='ltr' id='par_1_82' title="bbox 2015 4040 3604 4118">
     <span class='ocr_line' id='line_1_82' title="bbox 2015 4040 3604 4118; baseline -0.008 -14"><span class='ocrx_word' id='word_1_619' title='bbox 2015 4063 2181 4118; x_wconf 87' lang='lat' dir='ltr'><strong>super</strong></span> <span class='ocrx_word' id='word_1_620' title='bbox 2214 4049 2475 4099; x_wconf 83' lang='lat' dir='ltr'><strong>thronum</strong></span> <span class='ocrx_word' id='word_1_621' title='bbox 2523 4058 2683 4098; x_wconf 90' lang='lat' dir='ltr'><strong>suum</strong></span> <span class='ocrx_word' id='word_1_622' title='bbox 2730 4051 3006 4108; x_wconf 88' lang='lat' dir='ltr'><strong>sanctum,</strong></span> <span class='ocrx_word' id='word_1_623' title='bbox 3044 4041 3323 4095; x_wconf 85' lang='lat' dir='ltr'><strong>hominem</strong></span> <span class='ocrx_word' id='word_1_624' title='bbox 3367 4040 3604 4102; x_wconf 56' lang='lat' dir='ltr'><strong>scilicet,</strong></span> 
     </span>
    </p>
   </div>
   <div class='ocr_carea' id='block_1_83' title="bbox 2019 4132 3605 4211">
    <p class='ocr_par' dir='ltr' id='par_1_83' title="bbox 2019 4132 3605 4211">
     <span class='ocr_line' id='line_1_83' title="bbox 2019 4132 3605 4211; baseline -0.007 -17"><span class='ocrx_word' id='word_1_625' title='bbox 2019 4155 2185 4211; x_wconf 84' lang='lat' dir='ltr'><strong>quem</strong></span> <span class='ocrx_word' id='word_1_626' title='bbox 2217 4155 2286 4194; x_wconf 89' lang='lat' dir='ltr'><strong>ex</strong></span> <span class='ocrx_word' id='word_1_627' title='bbox 2318 4137 2444 4191; x_wconf 81' lang='lat' dir='ltr'><strong>diva</strong></span> <span class='ocrx_word' id='word_1_628' title='bbox 2479 4135 2782 4206; x_wconf 87' lang='lat' dir='ltr'><strong>assumpsit</strong></span> <span class='ocrx_word' id='word_1_629' title='bbox 2809 4133 3036 4205; x_wconf 83' lang='lat' dir='ltr'><strong>Virgine</strong></span> <span class='ocrx_word' id='word_1_630' title='bbox 3077 4132 3241 4187; x_wconf 88' lang='lat' dir='ltr'><strong>modo</strong></span> <span class='ocrx_word' id='word_1_631' title='bbox 3271 4141 3605 4201; x_wconf 89' lang='lat' dir='ltr'><strong>supernatu-</strong></span> 
     </span>
    </p>
   </div>
   <div class='ocr_carea' id='block_1_84' title="bbox 2015 4222 3606 4298">
    <p class='ocr_par' dir='ltr' id='par_1_84' title="bbox 2015 4222 3606 4298">
     <span class='ocr_line' id='line_1_84' title="bbox 2015 4222 3606 4298; baseline -0.006 -12"><span class='ocrx_word' id='word_1_632' title='bbox 2015 4232 2136 4286; x_wconf 88' lang='lat' dir='ltr'><strong>rali.</strong></span> <span class='ocrx_word' id='word_1_633' title='bbox 2201 4249 2220 4282; x_wconf 83' lang='grc' dir='ltr'>ι</span> <span class='ocrx_word' id='word_1_634' title='bbox 2250 4228 2471 4283; x_wconf 85' lang='lat' dir='ltr'><strong>Psallite</strong></span> <span class='ocrx_word' id='word_1_635' title='bbox 2519 4226 2890 4298; x_wconf 66' lang='lat' dir='ltr'><strong>prudenter,»</strong></span> <span class='ocrx_word' id='word_1_636' title='bbox 2947 4226 3003 4280; x_wconf 93' lang='lat' dir='ltr'><strong>in</strong></span> <span class='ocrx_word' id='word_1_637' title='bbox 3055 4223 3390 4296; x_wconf 75' lang='lat' dir='ltr'><strong>profundum</strong></span> <span class='ocrx_word' id='word_1_638' title='bbox 3431 4222 3606 4276; x_wconf 84' lang='lat' dir='ltr'><strong>animi</strong></span> 
     </span>
    </p>
   </div>
   <div class='ocr_carea' id='block_1_85' title="bbox 2015 4314 3605 4387">
    <p class='ocr_par' dir='ltr' id='par_1_85' title="bbox 2015 4314 3605 4387">
     <span class='ocr_line' id='line_1_85' title="bbox 2015 4314 3605 4387; baseline -0.006 -11"><span class='ocrx_word' id='word_1_639' title='bbox 2015 4323 2276 4376; x_wconf 86' lang='lat' dir='ltr'><strong>nimirum</strong></span> <span class='ocrx_word' id='word_1_640' title='bbox 2305 4319 2478 4374; x_wconf 87' lang='lat' dir='ltr'><strong>vestri</strong></span> <span class='ocrx_word' id='word_1_641' title='bbox 2529 4318 2842 4384; x_wconf 90' lang='lat' dir='ltr'><strong>recondite,</strong></span> <span class='ocrx_word' id='word_1_642' title='bbox 2892 4318 3154 4387; x_wconf 84' lang='lat' dir='ltr'><strong>respicite</strong></span> <span class='ocrx_word' id='word_1_643' title='bbox 3199 4317 3496 4385; x_wconf 79' lang='lat' dir='ltr'><strong>repositam</strong></span> <span class='ocrx_word' id='word_1_644' title='bbox 3545 4314 3605 4367; x_wconf 85' lang='lat' dir='ltr'><strong>in</strong></span> 
     </span>
    </p>
   </div>
   <div class='ocr_carea' id='block_1_86' title="bbox 2016 4406 3607 4479">
    <p class='ocr_par' dir='ltr' id='par_1_86' title="bbox 2016 4406 3607 4479">
     <span class='ocr_line' id='line_1_86' title="bbox 2016 4406 3607 4479; baseline -0.001 -17"><span class='ocrx_word' id='word_1_645' title='bbox 2016 4407 2358 4479; x_wconf 81' lang='lat' dir='ltr'><strong>propheticis</strong></span> <span class='ocrx_word' id='word_1_646' title='bbox 2400 4407 2642 4462; x_wconf 90' lang='lat' dir='ltr'><strong>oraculis</strong></span> <span class='ocrx_word' id='word_1_647' title='bbox 2680 4406 2961 4464; x_wconf 77' lang='lat' dir='ltr'><strong>emlestem</strong></span> <span class='ocrx_word' id='word_1_648' title='bbox 3013 4406 3389 4476; x_wconf 87' lang='lat' dir='ltr'><strong>margaritam,</strong></span> <span class='ocrx_word' id='word_1_649' title='bbox 3423 4414 3543 4473; x_wconf 75' lang='lat' dir='ltr'><strong>quae</strong></span> <span class='ocrx_word' id='word_1_650' title='bbox 3572 4420 3607 4460; x_wconf 64' lang='grc' dir='ltr'>ιι</span> 
     </span>
    </p>
   </div>
   <div class='ocr_carea' id='block_1_87' title="bbox 332 4491 1905 4569">
    <p class='ocr_par' dir='ltr' id='par_1_87' title="bbox 332 4491 1905 4569">
     <span class='ocr_line' id='line_1_87' title="bbox 332 4491 1905 4569; baseline -0.006 -17"><span class='ocrx_word' id='word_1_651' title='bbox 332 4500 662 4569; x_wconf 74' lang='grc' dir='ltr'>τιμώμενον.</span> <span class='ocrx_word' id='word_1_652' title='bbox 681 4517 701 4550; x_wconf 79' lang='grc' dir='ltr'><strong>ι</strong></span> <span class='ocrx_word' id='word_1_653' title='bbox 721 4497 966 4552; x_wconf 77' lang='grc' dir='ltr'>Ψὰλλετε</span> <span class='ocrx_word' id='word_1_654' title='bbox 1001 4495 1256 4556; x_wconf 80' lang='grc' dir='ltr'>συνετῶς.</span> <span class='ocrx_word' id='word_1_655' title='bbox 1288 4514 1306 4547; x_wconf 71' lang='grc' dir='ltr'><strong>ι</strong></span> <span class='ocrx_word' id='word_1_656' title='bbox 1327 4495 1386 4547; x_wconf 79' lang='grc' dir='ltr'>ὐ</span> <span class='ocrx_word' id='word_1_657' title='bbox 1403 4493 1512 4562; x_wconf 84' lang='grc' dir='ltr'><strong>γὰρ</strong></span> <span class='ocrx_word' id='word_1_658' title='bbox 1528 4493 1794 4552; x_wconf 66' lang='grc' dir='ltr'>ἀκένωτος</span> <span class='ocrx_word' id='word_1_659' title='bbox 1812 4491 1905 4559; x_wconf 84' lang='grc' dir='ltr'>θη·</span> 
     </span>
    </p>
   </div>
   <div class='ocr_carea' id='block_1_88' title="bbox 2010 4491 3606 4569">
    <p class='ocr_par' dir='ltr' id='par_1_88' title="bbox 2021 4496 3606 4568">
     <span class='ocr_line' id='line_1_88' title="bbox 2021 4496 3606 4568; baseline -0.004 -15"><span class='ocrx_word' id='word_1_660' title='bbox 2021 4500 2209 4553; x_wconf 88' lang='lat' dir='ltr'><strong>multis</strong></span> <span class='ocrx_word' id='word_1_661' title='bbox 2253 4507 2515 4568; x_wconf 85' lang='lat' dir='ltr'><strong>tanquam</strong></span> <span class='ocrx_word' id='word_1_662' title='bbox 2565 4497 2622 4550; x_wconf 87' lang='lat' dir='ltr'><strong>in</strong></span> <span class='ocrx_word' id='word_1_663' title='bbox 2652 4497 2853 4551; x_wconf 89' lang='lat' dir='ltr'><strong>ostreis</strong></span> <span class='ocrx_word' id='word_1_664' title='bbox 2894 4496 3161 4550; x_wconf 87' lang='lat' dir='ltr'><strong>honorata</strong></span> <span class='ocrx_word' id='word_1_665' title='bbox 3188 4505 3295 4550; x_wconf 88' lang='lat' dir='ltr'><strong>est.</strong></span> <span class='ocrx_word' id='word_1_666' title='bbox 3335 4513 3353 4547; x_wconf 87' lang='grc' dir='ltr'>ι</span> <span class='ocrx_word' id='word_1_667' title='bbox 3383 4496 3606 4550; x_wconf 65' lang='grc' dir='ltr'>ΡεκΙΙτιο</span> 
     </span>
    </p>
   </div>
   <div class='ocr_carea' id='block_1_89' title="bbox 334 4587 1903 4662">
    <p class='ocr_par' dir='ltr' id='par_1_89' title="bbox 334 4587 1903 4662">
     <span class='ocr_line' id='line_1_89' title="bbox 334 4587 1903 4662; baseline -0.004 -18"><span class='ocrx_word' id='word_1_668' title='bbox 334 4592 537 4662; x_wconf 78' lang='grc' dir='ltr'>σαυρδς</span> <span class='ocrx_word' id='word_1_669' title='bbox 581 4592 638 4643; x_wconf 80' lang='grc' dir='ltr'><strong>ἐν</strong></span> <span class='ocrx_word' id='word_1_670' title='bbox 684 4593 801 4652; x_wconf 83' lang='grc' dir='ltr'>ταῖς</span> <span class='ocrx_word' id='word_1_671' title='bbox 831 4591 1020 4658; x_wconf 71' lang='grc' dir='ltr'>χερσὶν</span> <span class='ocrx_word' id='word_1_672' title='bbox 1047 4588 1201 4657; x_wconf 81' lang='grc' dir='ltr'>ὑμῶν</span> <span class='ocrx_word' id='word_1_673' title='bbox 1239 4590 1408 4640; x_wconf 77' lang='grc' dir='ltr'>ἐστιν.</span> <span class='ocrx_word' id='word_1_674' title='bbox 1461 4587 1903 4650; x_wconf 79' lang='grc' dir='ltr'>Ἀναπτύξαντες</span> 
     </span>
    </p>
   </div>
   <div class='ocr_carea' id='block_1_90' title="bbox 329 4679 1912 4752">
    <p class='ocr_par' dir='ltr' id='par_1_90' title="bbox 329 4679 1912 4752">
     <span class='ocr_line' id='line_1_90' title="bbox 329 4679 1912 4752; baseline -0.003 -17"><span class='ocrx_word' id='word_1_675' title='bbox 329 4687 431 4746; x_wconf 78' lang='grc' dir='ltr'><strong>τὰς</strong></span> <span class='ocrx_word' id='word_1_676' title='bbox 462 4685 569 4735; x_wconf 82' lang='grc' dir='ltr'>τῶν</span> <span class='ocrx_word' id='word_1_677' title='bbox 622 4683 870 4752; x_wconf 77' lang='grc' dir='ltr'>πατέρων</span> <span class='ocrx_word' id='word_1_678' title='bbox 899 4685 1112 4752; x_wconf 76' lang='grc' dir='ltr'>ῥήσεις,</span> <span class='ocrx_word' id='word_1_679' title='bbox 1139 4680 1424 4751; x_wconf 75' lang='grc' dir='ltr'>εὑρίσκετε</span> <span class='ocrx_word' id='word_1_680' title='bbox 1457 4679 1642 4743; x_wconf 74' lang='grc' dir='ltr'>αὐτὸν,</span> <span class='ocrx_word' id='word_1_681' title='bbox 1674 4680 1730 4741; x_wconf 83' lang='grc' dir='ltr'>ὃς</span> <span class='ocrx_word' id='word_1_682' title='bbox 1758 4680 1912 4731; x_wconf 79' lang='grc' dir='ltr'>ἐστιν</span> 
     </span>
    </p>
   </div>
   <div class='ocr_carea' id='block_1_91' title="bbox 335 4771 1914 4846">
    <p class='ocr_par' dir='ltr' id='par_1_91' title="bbox 335 4771 1914 4846">
     <span class='ocr_line' id='line_1_91' title="bbox 335 4771 1914 4846; baseline -0.004 -17"><span class='ocrx_word' id='word_1_683' title='bbox 335 4777 366 4829; x_wconf 81' lang='grc' dir='ltr'><strong>ό</strong></span> <span class='ocrx_word' id='word_1_684' title='bbox 403 4775 637 4846; x_wconf 73' lang='grc' dir='ltr'>Χριστὸς</span> <span class='ocrx_word' id='word_1_685' title='bbox 681 4774 858 4835; x_wconf 83' lang='grc' dir='ltr'>ὁΥἰδς</span> <span class='ocrx_word' id='word_1_686' title='bbox 915 4774 1007 4826; x_wconf 81' lang='grc' dir='ltr'>καὶ</span> <span class='ocrx_word' id='word_1_687' title='bbox 1054 4773 1226 4840; x_wconf 74' lang='grc' dir='ltr'>Λόγος</span> <span class='ocrx_word' id='word_1_688' title='bbox 1279 4771 1375 4824; x_wconf 84' lang='grc' dir='ltr'><strong>τοῦ</strong></span> <span class='ocrx_word' id='word_1_689' title='bbox 1412 4771 1572 4833; x_wconf 86' lang='grc' dir='ltr'>Θεοῦ,</span> <span class='ocrx_word' id='word_1_690' title='bbox 1612 4773 1640 4824; x_wconf 88' lang='lat'><strong>6</strong></span> <span class='ocrx_word' id='word_1_691' title='bbox 1683 4773 1914 4840; x_wconf 82' lang='grc' dir='ltr'>ποιητὴς</span> 
     </span>
    </p>
   </div>
   <div class='ocr_carea' id='block_1_92' title="bbox 333 4862 1917 4934">
    <p class='ocr_par' dir='ltr' id='par_1_92' title="bbox 333 4862 1917 4934">
     <span class='ocr_line' id='line_1_92' title="bbox 333 4862 1917 4934; baseline -0.003 -16"><span class='ocrx_word' id='word_1_692' title='bbox 333 4867 521 4934; x_wconf 80' lang='grc' dir='ltr'>πάσης</span> <span class='ocrx_word' id='word_1_693' title='bbox 583 4864 830 4926; x_wconf 82' lang='grc' dir='ltr'>κτίσεως.</span> <span class='ocrx_word' id='word_1_694' title='bbox 868 4879 888 4914; x_wconf 81' lang='grc' dir='ltr'><strong>ι</strong></span> <span class='ocrx_word' id='word_1_695' title='bbox 929 4865 1017 4933; x_wconf 82' lang='grc' dir='ltr'><strong>Τῷ</strong></span> <span class='ocrx_word' id='word_1_696' title='bbox 1051 4864 1158 4934; x_wconf 78' lang='grc' dir='ltr'>γὰρ</span> <span class='ocrx_word' id='word_1_697' title='bbox 1179 4863 1320 4934; x_wconf 82' lang='grc' dir='ltr'>λόγῳ</span> <span class='ocrx_word' id='word_1_698' title='bbox 1381 4862 1587 4930; x_wconf 81' lang='grc' dir='ltr'>Κυρίου</span> <span class='ocrx_word' id='word_1_699' title='bbox 1618 4864 1665 4916; x_wconf 85' lang='lat' dir='ltr'><strong>oi</strong></span> <span class='ocrx_word' id='word_1_700' title='bbox 1698 4863 1917 4932; x_wconf 79' lang='grc' dir='ltr'>οὐρανοὶ</span> 
     </span>
    </p>
   </div>
   <div class='ocr_carea' id='block_1_93' title="bbox 332 4957 1912 5030">
    <p class='ocr_par' dir='ltr' id='par_1_93' title="bbox 332 4957 1912 5030">
     <span class='ocr_line' id='line_1_93' title="bbox 332 4957 1912 5030; baseline -0.003 -18"><span class='ocrx_word' id='word_1_701' title='bbox 332 4958 768 5030; x_wconf 70' lang='grc' dir='ltr'>ἐστερεώθησαν,</span> <span class='ocrx_word' id='word_1_702' title='bbox 829 4960 922 5011; x_wconf 75' lang='grc' dir='ltr'><strong>καὶ</strong></span> <span class='ocrx_word' id='word_1_703' title='bbox 950 4957 1029 5027; x_wconf 84' lang='grc' dir='ltr'><strong>τῷ</strong></span> <span class='ocrx_word' id='word_1_704' title='bbox 1059 4957 1332 5026; x_wconf 81' lang='grc' dir='ltr'>πνεύματι</span> <span class='ocrx_word' id='word_1_705' title='bbox 1358 4957 1454 5010; x_wconf 88' lang='grc' dir='ltr'><strong>τοῦ</strong></span> <span class='ocrx_word' id='word_1_706' title='bbox 1483 4957 1754 5026; x_wconf 79' lang='grc' dir='ltr'>στόματος</span> <span class='ocrx_word' id='word_1_707' title='bbox 1809 4957 1912 5009; x_wconf 80' lang='grc' dir='ltr'><strong>αὐ-</strong></span> 
     </span>
    </p>
   </div>
   <div class='ocr_carea' id='block_1_94' title="bbox 337 5048 1915 5121">
    <p class='ocr_par' dir='ltr' id='par_1_94' title="bbox 337 5048 1915 5121">
     <span class='ocr_line' id='line_1_94' title="bbox 337 5048 1915 5121; baseline 0.001 -19"><span class='ocrx_word' id='word_1_708' title='bbox 337 5051 436 5104; x_wconf 80' lang='grc' dir='ltr'><strong>τοῦ</strong></span> <span class='ocrx_word' id='word_1_709' title='bbox 489 5052 690 5121; x_wconf 81' lang='grc' dir='ltr'>πᾶσαή</span> <span class='ocrx_word' id='word_1_710' title='bbox 715 5050 946 5119; x_wconf 88' lang='grc' dir='ltr'>δύναμις</span> <span class='ocrx_word' id='word_1_711' title='bbox 967 5050 1171 5105; x_wconf 82' lang='grc' dir='ltr'>αὐτῶν.</span> <span class='ocrx_word' id='word_1_712' title='bbox 1209 5068 1229 5101; x_wconf 71' lang='grc' dir='ltr'><strong>ι</strong></span> <span class='ocrx_word' id='word_1_713' title='bbox 1279 5050 1466 5121; x_wconf 78' lang='grc' dir='ltr'>Ὁρᾷς,</span> <span class='ocrx_word' id='word_1_714' title='bbox 1501 5048 1620 5112; x_wconf 85' lang='grc' dir='ltr'><strong>πῶς</strong></span> <span class='ocrx_word' id='word_1_715' title='bbox 1651 5049 1781 5102; x_wconf 71' lang='grc' dir='ltr'>ποτὶ.</span> <span class='ocrx_word' id='word_1_716' title='bbox 1815 5049 1915 5116; x_wconf 72' lang='grc' dir='ltr'>μὲν</span> 
     </span>
    </p>
   </div>
   <div class='ocr_carea' id='block_1_95' title="bbox 336 5143 1915 5214">
    <p class='ocr_par' dir='ltr' id='par_1_95' title="bbox 336 5143 1915 5214">
     <span class='ocr_line' id='line_1_95' title="bbox 336 5143 1915 5214; baseline 0.001 -18"><span class='ocrx_word' id='word_1_717' title='bbox 336 5143 470 5198; x_wconf 83' lang='grc' dir='ltr'>Θεὸν</span> <span class='ocrx_word' id='word_1_718' title='bbox 493 5144 746 5214; x_wconf 77' lang='grc' dir='ltr'>ὀνομάζει</span> <span class='ocrx_word' id='word_1_719' title='bbox 790 5144 953 5195; x_wconf 83' lang='grc' dir='ltr'>αὑτὸν</span> <span class='ocrx_word' id='word_1_720' title='bbox 985 5145 1013 5196; x_wconf 91' lang='lat'><strong>6</strong></span> <span class='ocrx_word' id='word_1_721' title='bbox 1054 5144 1234 5208; x_wconf 76' lang='grc' dir='ltr'>Δαδὶδ,</span> <span class='ocrx_word' id='word_1_722' title='bbox 1298 5144 1428 5196; x_wconf 83' lang='grc' dir='ltr'>ποτὲ</span> <span class='ocrx_word' id='word_1_723' title='bbox 1500 5143 1558 5196; x_wconf 77' lang='grc' dir='ltr'>δὲ</span> <span class='ocrx_word' id='word_1_724' title='bbox 1621 5145 1757 5196; x_wconf 77' lang='grc' dir='ltr'>Θεὸν</span> <span class='ocrx_word' id='word_1_725' title='bbox 1821 5145 1915 5198; x_wconf 75' lang='grc' dir='ltr'>καὶ</span> 
     </span>
    </p>
   </div>
   <div class='ocr_carea' id='block_1_96' title="bbox 332 5234 1914 5308">
    <p class='ocr_par' dir='ltr' id='par_1_96' title="bbox 332 5234 1914 5308">
     <span class='ocr_line' id='line_1_96' title="bbox 332 5234 1914 5308; baseline 0.001 -18"><span class='ocrx_word' id='word_1_726' title='bbox 332 5234 643 5304; x_wconf 66' lang='grc' dir='ltr'>ἄνθρωπον,</span> <span class='ocrx_word' id='word_1_727' title='bbox 701 5237 834 5288; x_wconf 82' lang='grc' dir='ltr'>πατὲ</span> <span class='ocrx_word' id='word_1_728' title='bbox 859 5235 915 5288; x_wconf 85' lang='grc' dir='ltr'>δὲ</span> <span class='ocrx_word' id='word_1_729' title='bbox 972 5236 1146 5304; x_wconf 83' lang='grc' dir='ltr'>Λόγον</span> <span class='ocrx_word' id='word_1_730' title='bbox 1199 5235 1361 5303; x_wconf 86' lang='grc' dir='ltr'>Θεοῦ,</span> <span class='ocrx_word' id='word_1_731' title='bbox 1387 5238 1517 5289; x_wconf 80' lang='grc' dir='ltr'>ποτὲ</span> <span class='ocrx_word' id='word_1_732' title='bbox 1564 5237 1622 5290; x_wconf 85' lang='grc' dir='ltr'>δὲ</span> <span class='ocrx_word' id='word_1_733' title='bbox 1680 5239 1914 5308; x_wconf 84' lang='grc' dir='ltr'>ποιητὴν</span> 
     </span>
    </p>
   </div>
   <div class='ocr_carea' id='block_1_97' title="bbox 335 5327 1910 5401">
    <p class='ocr_par' dir='ltr' id='par_1_97' title="bbox 335 5327 1910 5401">
     <span class='ocr_line' id='line_1_97' title="bbox 335 5327 1910 5401; baseline 0.001 -21"><span class='ocrx_word' id='word_1_734' title='bbox 335 5327 518 5397; x_wconf 81' lang='grc' dir='ltr'>πάσης</span> <span class='ocrx_word' id='word_1_735' title='bbox 551 5327 814 5394; x_wconf 84' lang='grc' dir='ltr'>κτίσεως;</span> <span class='ocrx_word' id='word_1_736' title='bbox 863 5327 950 5380; x_wconf 85' lang='grc' dir='ltr'>Ἐν</span> <span class='ocrx_word' id='word_1_737' title='bbox 990 5327 1102 5397; x_wconf 76' lang='grc' dir='ltr'>γὰρ</span> <span class='ocrx_word' id='word_1_738' title='bbox 1139 5327 1214 5396; x_wconf 84' lang='grc' dir='ltr'><strong>τῷ</strong></span> <span class='ocrx_word' id='word_1_739' title='bbox 1267 5329 1445 5381; x_wconf 81' lang='grc' dir='ltr'>εἰπεῖν</span> <span class='ocrx_word' id='word_1_740' title='bbox 1473 5329 1636 5382; x_wconf 81' lang='grc' dir='ltr'>αὐτὸν</span> <span class='ocrx_word' id='word_1_741' title='bbox 1675 5330 1910 5401; x_wconf 82' lang='grc' dir='ltr'>ποιητὴν</span> 
     </span>
    </p>
   </div>
   <div class='ocr_carea' id='block_1_98' title="bbox 331 5414 1907 5490">
    <p class='ocr_par' dir='ltr' id='par_1_98' title="bbox 331 5414 1907 5490">
     <span class='ocr_line' id='line_1_98' title="bbox 331 5414 1907 5490; baseline 0.003 -23"><span class='ocrx_word' id='word_1_742' title='bbox 331 5414 428 5467; x_wconf 77' lang='grc' dir='ltr'><strong>τοῦ</strong></span> <span class='ocrx_word' id='word_1_743' title='bbox 454 5417 704 5486; x_wconf 81' lang='grc' dir='ltr'>οὐρανοῦ,</span> <span class='ocrx_word' id='word_1_744' title='bbox 738 5418 920 5486; x_wconf 83' lang='grc' dir='ltr'>πάσης</span> <span class='ocrx_word' id='word_1_745' title='bbox 952 5417 1185 5480; x_wconf 88' lang='grc' dir='ltr'>κτίσεως</span> <span class='ocrx_word' id='word_1_746' title='bbox 1214 5418 1444 5488; x_wconf 82' lang='grc' dir='ltr'>ποιητὴν</span> <span class='ocrx_word' id='word_1_747' title='bbox 1489 5419 1655 5472; x_wconf 75' lang='grc' dir='ltr'>αὑτὸν</span> <span class='ocrx_word' id='word_1_748' title='bbox 1687 5421 1907 5490; x_wconf 58' lang='grc' dir='ltr'>ἀπεφή-</span> 
     </span>
    </p>
   </div>
   <div class='ocr_carea' id='block_1_99' title="bbox 333 5508 1910 5580">
    <p class='ocr_par' dir='ltr' id='par_1_99' title="bbox 333 5508 1910 5580">
     <span class='ocr_line' id='line_1_99' title="bbox 333 5508 1910 5580; baseline 0.004 -22"><span class='ocrx_word' id='word_1_749' title='bbox 333 5524 486 5562; x_wconf 83' lang='grc' dir='ltr'>νατο.</span> <span class='ocrx_word' id='word_1_750' title='bbox 526 5508 584 5562; x_wconf 90' lang='lat'><strong>&#39;0</strong></span> <span class='ocrx_word' id='word_1_751' title='bbox 612 5509 721 5580; x_wconf 72' lang='grc' dir='ltr'><strong>γὰρ</strong></span> <span class='ocrx_word' id='word_1_752' title='bbox 747 5511 982 5579; x_wconf 88' lang='grc' dir='ltr'>ποιήσας</span> <span class='ocrx_word' id='word_1_753' title='bbox 1013 5510 1138 5571; x_wconf 85' lang='grc' dir='ltr'>τοὺς</span> <span class='ocrx_word' id='word_1_754' title='bbox 1188 5510 1474 5580; x_wconf 72' lang='grc' dir='ltr'>οὐρανοὺς,</span> <span class='ocrx_word' id='word_1_755' title='bbox 1536 5510 1701 5574; x_wconf 81' lang='grc' dir='ltr'>αὐτός</span> <span class='ocrx_word' id='word_1_756' title='bbox 1758 5512 1910 5565; x_wconf 79' lang='grc' dir='ltr'>ἐστιν</span> 
     </span>
    </p>
   </div>
   <div class='ocr_carea' id='block_1_100' title="bbox 330 5600 1722 5672">
    <p class='ocr_par' dir='ltr' id='par_1_100' title="bbox 330 5600 1722 5672">
     <span class='ocr_line' id='line_1_100' title="bbox 330 5600 1722 5672; baseline -0.001 -17"><span class='ocrx_word' id='word_1_757' title='bbox 330 5600 369 5655; x_wconf 73' lang='grc' dir='ltr'><strong>ὁ</strong></span> <span class='ocrx_word' id='word_1_758' title='bbox 393 5601 625 5670; x_wconf 78' lang='grc' dir='ltr'>ποιήσας</span> <span class='ocrx_word' id='word_1_759' title='bbox 652 5603 776 5663; x_wconf 79' lang='grc' dir='ltr'>τοὺς</span> <span class='ocrx_word' id='word_1_760' title='bbox 805 5601 1069 5669; x_wconf 84' lang='grc' dir='ltr'>ἀγγέλους</span> <span class='ocrx_word' id='word_1_761' title='bbox 1097 5602 1194 5654; x_wconf 80' lang='grc' dir='ltr'><strong>καὶ</strong></span> <span class='ocrx_word' id='word_1_762' title='bbox 1221 5603 1345 5664; x_wconf 81' lang='grc' dir='ltr'>τοὺς</span> <span class='ocrx_word' id='word_1_763' title='bbox 1377 5603 1722 5672; x_wconf 79' lang='grc' dir='ltr'>ἀνθρώπους.</span> 
     </span>
    </p>
   </div>
   <div class='ocr_carea' id='block_1_101' title="bbox 403 5692 1908 5767">
    <p class='ocr_par' dir='ltr' id='par_1_101' title="bbox 403 5692 1908 5767">
     <span class='ocr_line' id='line_1_101' title="bbox 403 5692 1908 5767; baseline 0.003 -25"><span class='ocrx_word' id='word_1_764' title='bbox 403 5692 470 5745; x_wconf 84' lang='grc' dir='ltr'>ε’.</span> <span class='ocrx_word' id='word_1_765' title='bbox 503 5693 612 5745; x_wconf 71' lang='grc' dir='ltr'><strong>Καὶ</strong></span> <span class='ocrx_word' id='word_1_766' title='bbox 643 5695 672 5746; x_wconf 91' lang='lat'><strong>6</strong></span> <span class='ocrx_word' id='word_1_767' title='bbox 699 5693 798 5763; x_wconf 85' lang='grc' dir='ltr'><strong>μὲν</strong></span> <span class='ocrx_word' id='word_1_768' title='bbox 833 5694 1068 5762; x_wconf 59' lang='grc' dir='ltr'>Μωῦσῆ.</span> <span class='ocrx_word' id='word_1_769' title='bbox 1094 5693 1261 5761; x_wconf 82' lang='grc' dir='ltr'>λέγει,</span> <span class='ocrx_word' id='word_1_770' title='bbox 1302 5713 1320 5746; x_wconf 84' lang='grc' dir='ltr'><strong>ι</strong></span> <span class='ocrx_word' id='word_1_771' title='bbox 1360 5697 1446 5748; x_wconf 87' lang='grc' dir='ltr'><strong>Ἐν</strong></span> <span class='ocrx_word' id='word_1_772' title='bbox 1469 5697 1618 5767; x_wconf 77' lang='grc' dir='ltr'>ἀρχῇ</span> <span class='ocrx_word' id='word_1_773' title='bbox 1651 5693 1908 5767; x_wconf 76' lang='grc' dir='ltr'>ἐποίησεν</span> 
     </span>
    </p>
   </div>
   <div class='ocr_carea' id='block_1_102' title="bbox 407 5871 1496 5944">
    <p class='ocr_par' dir='ltr' id='par_1_102' title="bbox 407 5871 1496 5944">
     <span class='ocr_line' id='line_1_102' title="bbox 407 5871 1496 5944; baseline 0.005 -16"><span class='ocrx_word' id='word_1_774' title='bbox 407 5872 455 5904; x_wconf 74' lang='grc'><strong>³⁵</strong></span> <span class='ocrx_word' id='word_1_775' title='bbox 494 5871 630 5928; x_wconf 83' lang='lat' dir='ltr'><strong>Gen.</strong></span> <span class='ocrx_word' id='word_1_776' title='bbox 665 5890 793 5943; x_wconf 60' lang='grc' dir='ltr'><strong>μή,</strong></span> <span class='ocrx_word' id='word_1_777' title='bbox 827 5874 878 5930; x_wconf 81' lang='lat'><strong>5.</strong></span> <span class='ocrx_word' id='word_1_778' title='bbox 958 5877 1002 5909; x_wconf 70' lang='grc' dir='ltr'><strong>⁸ο</strong></span> <span class='ocrx_word' id='word_1_779' title='bbox 1055 5875 1198 5931; x_wconf 75' lang='lat' dir='ltr'><strong>i’sal.</strong></span> <span class='ocrx_word' id='word_1_780' title='bbox 1241 5893 1413 5944; x_wconf 83' lang='lat' dir='ltr'><strong>xxxtt,</strong></span> <span class='ocrx_word' id='word_1_781' title='bbox 1444 5878 1496 5932; x_wconf 91' lang='lat'><em>6.</em></span> 
     </span>
    </p>
   </div>
   <div class='ocr_carea' id='block_1_103' title="bbox 2021 4588 3604 4662">
    <p class='ocr_par' dir='ltr' id='par_1_103' title="bbox 2021 4588 3604 4662">
     <span class='ocr_line' id='line_1_103' title="bbox 2021 4588 3604 4662; baseline -0.003 -17"><span class='ocrx_word' id='word_1_782' title='bbox 2021 4595 2353 4662; x_wconf 86' lang='lat' dir='ltr'><strong>prudenter;</strong></span> <span class='ocrx_word' id='word_1_783' title='bbox 2387 4609 2405 4642; x_wconf 78' lang='grc' dir='ltr'><strong>ι</strong></span> <span class='ocrx_word' id='word_1_784' title='bbox 2442 4591 2740 4646; x_wconf 87' lang='lat' dir='ltr'><strong>thesaurus</strong></span> <span class='ocrx_word' id='word_1_785' title='bbox 2758 4589 2904 4646; x_wconf 83' lang='lat' dir='ltr'><strong>enim</strong></span> <span class='ocrx_word' id='word_1_786' title='bbox 2932 4589 3294 4644; x_wconf 82' lang='lat' dir='ltr'><strong>inexhaustus</strong></span> <span class='ocrx_word' id='word_1_787' title='bbox 3316 4588 3459 4643; x_wconf 88' lang='lat' dir='ltr'><strong>intra</strong></span> <span class='ocrx_word' id='word_1_788' title='bbox 3486 4605 3604 4650; x_wconf 81' lang='lat' dir='ltr'><strong>tua-</strong></span> 
     </span>
    </p>
   </div>
   <div class='ocr_carea' id='block_1_104' title="bbox 2020 4681 3609 4752">
    <p class='ocr_par' dir='ltr' id='par_1_104' title="bbox 2020 4681 3609 4752">
     <span class='ocr_line' id='line_1_104' title="bbox 2020 4681 3609 4752; baseline -0.003 -13"><span class='ocrx_word' id='word_1_789' title='bbox 2020 4699 2126 4739; x_wconf 89' lang='lat' dir='ltr'><strong>nus</strong></span> <span class='ocrx_word' id='word_1_790' title='bbox 2174 4693 2390 4738; x_wconf 88' lang='lat' dir='ltr'><strong>vestras</strong></span> <span class='ocrx_word' id='word_1_791' title='bbox 2432 4692 2548 4748; x_wconf 87' lang='lat' dir='ltr'><strong>est,</strong></span> <span class='ocrx_word' id='word_1_792' title='bbox 2595 4698 2758 4752; x_wconf 86' lang='lat' dir='ltr'><strong>quem</strong></span> <span class='ocrx_word' id='word_1_793' title='bbox 2791 4681 3029 4737; x_wconf 87' lang='lat' dir='ltr'><strong>evolutis</strong></span> <span class='ocrx_word' id='word_1_794' title='bbox 3070 4692 3284 4751; x_wconf 88' lang='lat' dir='ltr'><strong>patrum</strong></span> <span class='ocrx_word' id='word_1_795' title='bbox 3323 4681 3609 4735; x_wconf 85' lang='lat' dir='ltr'><strong>vaticiniis</strong></span> 
     </span>
    </p>
   </div>
   <div class='ocr_carea' id='block_1_105' title="bbox 2025 4772 3606 4844">
    <p class='ocr_par' dir='ltr' id='par_1_105' title="bbox 2025 4772 3606 4844">
     <span class='ocr_line' id='line_1_105' title="bbox 2025 4772 3606 4844; baseline -0.003 -15"><span class='ocrx_word' id='word_1_796' title='bbox 2025 4775 2342 4839; x_wconf 78' lang='lat' dir='ltr'><strong>invenietis,</strong></span> <span class='ocrx_word' id='word_1_797' title='bbox 2379 4776 2474 4844; x_wconf 89' lang='lat' dir='ltr'><strong>qui</strong></span> <span class='ocrx_word' id='word_1_798' title='bbox 2509 4783 2593 4829; x_wconf 89' lang='lat' dir='ltr'><strong>est</strong></span> <span class='ocrx_word' id='word_1_799' title='bbox 2628 4773 2883 4829; x_wconf 82' lang='lat' dir='ltr'><strong>Christus</strong></span> <span class='ocrx_word' id='word_1_800' title='bbox 2917 4773 3087 4827; x_wconf 84' lang='lat' dir='ltr'><strong>Filius</strong></span> <span class='ocrx_word' id='word_1_801' title='bbox 3119 4783 3177 4827; x_wconf 90' lang='lat' dir='ltr'><strong>et</strong></span> <span class='ocrx_word' id='word_1_802' title='bbox 3210 4773 3448 4827; x_wconf 81' lang='lat' dir='ltr'><strong>Verbum</strong></span> <span class='ocrx_word' id='word_1_803' title='bbox 3487 4772 3606 4837; x_wconf 90' lang='lat' dir='ltr'><strong>Dei,</strong></span> 
     </span>
    </p>
   </div>
   <div class='ocr_carea' id='block_1_106' title="bbox 2024 4861 3610 4922">
    <p class='ocr_par' dir='ltr' id='par_1_106' title="bbox 2024 4861 3610 4922">
     <span class='ocr_line' id='line_1_106' title="bbox 2024 4861 3610 4922; baseline -0.003 -3"><span class='ocrx_word' id='word_1_804' title='bbox 2024 4878 2244 4922; x_wconf 84' lang='lat' dir='ltr'><strong>creator</strong></span> <span class='ocrx_word' id='word_1_805' title='bbox 2273 4867 2452 4920; x_wconf 85' lang='lat' dir='ltr'><strong>omnis</strong></span> <span class='ocrx_word' id='word_1_806' title='bbox 2485 4875 2775 4919; x_wconf 74' lang='lat' dir='ltr'><strong>creaturae.</strong></span> <span class='ocrx_word' id='word_1_807' title='bbox 2809 4883 2826 4915; x_wconf 84' lang='grc' dir='ltr'><strong>ι</strong></span> <span class='ocrx_word' id='word_1_808' title='bbox 2858 4863 3037 4918; x_wconf 85' lang='lat' dir='ltr'><strong>Verbo</strong></span> <span class='ocrx_word' id='word_1_809' title='bbox 3062 4863 3211 4917; x_wconf 87' lang='lat' dir='ltr'><strong>enim</strong></span> <span class='ocrx_word' id='word_1_810' title='bbox 3243 4863 3454 4916; x_wconf 88' lang='lat' dir='ltr'><strong>Dotnini</strong></span> <span class='ocrx_word' id='word_1_811' title='bbox 3483 4861 3610 4917; x_wconf 65' lang='lat' dir='ltr'><strong>celi</strong></span> 
     </span>
    </p>
   </div>
   <div class='ocr_carea' id='block_1_107' title="bbox 2021 4955 3612 5028">
    <p class='ocr_par' dir='ltr' id='par_1_107' title="bbox 2021 4955 3612 5028">
     <span class='ocr_line' id='line_1_107' title="bbox 2021 4955 3612 5028; baseline -0.003 -15"><span class='ocrx_word' id='word_1_812' title='bbox 2021 4959 2327 5013; x_wconf 74' lang='lat' dir='ltr'><strong>conﬁrmati</strong></span> <span class='ocrx_word' id='word_1_813' title='bbox 2363 4971 2512 5023; x_wconf 84' lang='lat' dir='ltr'><strong>sunt,</strong></span> <span class='ocrx_word' id='word_1_814' title='bbox 2547 4966 2602 5011; x_wconf 89' lang='lat' dir='ltr'><strong>et</strong></span> <span class='ocrx_word' id='word_1_815' title='bbox 2629 4955 2839 5028; x_wconf 84' lang='lat' dir='ltr'><strong>Spiritu</strong></span> <span class='ocrx_word' id='word_1_816' title='bbox 2865 4956 2980 5011; x_wconf 87' lang='lat' dir='ltr'><strong>oris</strong></span> <span class='ocrx_word' id='word_1_817' title='bbox 3011 4955 3098 5010; x_wconf 85' lang='lat' dir='ltr'><strong>sui</strong></span> <span class='ocrx_word' id='word_1_818' title='bbox 3132 4956 3313 5010; x_wconf 86' lang='lat' dir='ltr'><strong>omnis</strong></span> <span class='ocrx_word' id='word_1_819' title='bbox 3339 4956 3521 5010; x_wconf 83' lang='lat' dir='ltr'><strong>virtus</strong></span> <span class='ocrx_word' id='word_1_820' title='bbox 3547 4955 3612 5009; x_wconf 83' lang='lat' dir='ltr'><strong>il-</strong></span> 
     </span>
    </p>
   </div>
   <div class='ocr_carea' id='block_1_108' title="bbox 2019 5049 3609 5120">
    <p class='ocr_par' dir='ltr' id='par_1_108' title="bbox 2019 5049 3609 5120">
     <span class='ocr_line' id='line_1_108' title="bbox 2019 5049 3609 5120; baseline -0.002 -15"><span class='ocrx_word' id='word_1_821' title='bbox 2019 5051 2199 5106; x_wconf 91' lang='lat' dir='ltr'><strong>lorum</strong></span> <span class='ocrx_word' id='word_1_822' title='bbox 2233 5051 2298 5104; x_wconf 69' lang='lat'><strong>&quot;°.</strong></span> <span class='ocrx_word' id='word_1_823' title='bbox 2332 5069 2349 5101; x_wconf 75' lang='grc' dir='ltr'><strong>ι</strong></span> <span class='ocrx_word' id='word_1_824' title='bbox 2384 5050 2620 5106; x_wconf 81' lang='lat' dir='ltr'><strong>Videsne</strong></span> <span class='ocrx_word' id='word_1_825' title='bbox 2663 5050 2940 5120; x_wconf 79' lang='lat' dir='ltr'><strong>quomodo</strong></span> <span class='ocrx_word' id='word_1_826' title='bbox 2991 5065 3142 5105; x_wconf 80' lang='lat' dir='ltr'><strong>nunc</strong></span> <span class='ocrx_word' id='word_1_827' title='bbox 3177 5049 3399 5119; x_wconf 84' lang='lat' dir='ltr'><strong>quidem</strong></span> <span class='ocrx_word' id='word_1_828' title='bbox 3433 5049 3609 5102; x_wconf 90' lang='lat' dir='ltr'><strong>Deum</strong></span> 
     </span>
    </p>
   </div>
   <div class='ocr_carea' id='block_1_109' title="bbox 2021 5142 3614 5214">
    <p class='ocr_par' dir='ltr' id='par_1_109' title="bbox 2021 5142 3614 5214">
     <span class='ocr_line' id='line_1_109' title="bbox 2021 5142 3614 5214; baseline -0.001 -16"><span class='ocrx_word' id='word_1_829' title='bbox 2021 5145 2262 5214; x_wconf 87' lang='lat' dir='ltr'><strong>appellat</strong></span> <span class='ocrx_word' id='word_1_830' title='bbox 2295 5143 2488 5209; x_wconf 87' lang='lat' dir='ltr'><strong>David,</strong></span> <span class='ocrx_word' id='word_1_831' title='bbox 2519 5159 2665 5198; x_wconf 89' lang='lat' dir='ltr'><strong>nunc</strong></span> <span class='ocrx_word' id='word_1_832' title='bbox 2689 5158 2818 5198; x_wconf 83' lang='lat' dir='ltr'><strong>vero</strong></span> <span class='ocrx_word' id='word_1_833' title='bbox 2847 5143 3016 5198; x_wconf 89' lang='lat' dir='ltr'><strong>Deum</strong></span> <span class='ocrx_word' id='word_1_834' title='bbox 3039 5152 3095 5198; x_wconf 91' lang='lat' dir='ltr'><strong>et</strong></span> <span class='ocrx_word' id='word_1_835' title='bbox 3121 5142 3437 5209; x_wconf 90' lang='lat' dir='ltr'><strong>hominem;</strong></span> <span class='ocrx_word' id='word_1_836' title='bbox 3465 5157 3614 5197; x_wconf 89' lang='lat' dir='ltr'><strong>nunc</strong></span> 
     </span>
    </p>
   </div>
   <div class='ocr_carea' id='block_1_110' title="bbox 2021 5236 3614 5302">
    <p class='ocr_par' dir='ltr' id='par_1_110' title="bbox 2021 5236 3614 5302">
     <span class='ocr_line' id='line_1_110' title="bbox 2021 5236 3614 5302; baseline -0.001 -11"><span class='ocrx_word' id='word_1_837' title='bbox 2021 5238 2188 5291; x_wconf 88' lang='lat' dir='ltr'><strong>etiam</strong></span> <span class='ocrx_word' id='word_1_838' title='bbox 2230 5238 2472 5293; x_wconf 78' lang='lat' dir='ltr'><strong>Verbum</strong></span> <span class='ocrx_word' id='word_1_839' title='bbox 2523 5237 2644 5302; x_wconf 88' lang='lat' dir='ltr'><strong>Dei,</strong></span> <span class='ocrx_word' id='word_1_840' title='bbox 2687 5253 2836 5292; x_wconf 87' lang='lat' dir='ltr'><strong>nunc</strong></span> <span class='ocrx_word' id='word_1_841' title='bbox 2870 5239 3038 5293; x_wconf 88' lang='lat' dir='ltr'><strong>etiam</strong></span> <span class='ocrx_word' id='word_1_842' title='bbox 3078 5245 3391 5291; x_wconf 85' lang='lat' dir='ltr'><strong>creatorem</strong></span> <span class='ocrx_word' id='word_1_843' title='bbox 3429 5236 3614 5290; x_wconf 86' lang='lat' dir='ltr'><strong>omnis</strong></span> 
     </span>
    </p>
   </div>
   <div class='ocr_carea' id='block_1_111' title="bbox 2018 5326 3616 5393">
    <p class='ocr_par' dir='ltr' id='par_1_111' title="bbox 2018 5326 3616 5393">
     <span class='ocr_line' id='line_1_111' title="bbox 2018 5326 3616 5393; baseline -0.001 -10"><span class='ocrx_word' id='word_1_844' title='bbox 2018 5331 2325 5384; x_wconf 79' lang='lat' dir='ltr'><strong>creaturae?</strong></span> <span class='ocrx_word' id='word_1_845' title='bbox 2371 5328 2507 5383; x_wconf 86' lang='lat' dir='ltr'><strong>Cum</strong></span> <span class='ocrx_word' id='word_1_846' title='bbox 2539 5329 2685 5384; x_wconf 87' lang='lat' dir='ltr'><strong>enim</strong></span> <span class='ocrx_word' id='word_1_847' title='bbox 2717 5329 2844 5384; x_wconf 82' lang='lat' dir='ltr'><strong>coeli</strong></span> <span class='ocrx_word' id='word_1_848' title='bbox 2878 5336 3186 5384; x_wconf 89' lang='lat' dir='ltr'><strong>creatorem</strong></span> <span class='ocrx_word' id='word_1_849' title='bbox 3233 5327 3396 5393; x_wconf 86' lang='lat' dir='ltr'><strong>dixit,</strong></span> <span class='ocrx_word' id='word_1_850' title='bbox 3431 5326 3616 5382; x_wconf 82' lang='lat' dir='ltr'><strong>omnis</strong></span> 
     </span>
    </p>
   </div>
   <div class='ocr_carea' id='block_1_112' title="bbox 2018 5420 3614 5488">
    <p class='ocr_par' dir='ltr' id='par_1_112' title="bbox 2018 5420 3614 5488">
     <span class='ocr_line' id='line_1_112' title="bbox 2018 5420 3614 5488; baseline -0.006 -9"><span class='ocrx_word' id='word_1_851' title='bbox 2018 5433 2286 5479; x_wconf 81' lang='lat' dir='ltr'><strong>creaturae</strong></span> <span class='ocrx_word' id='word_1_852' title='bbox 2334 5437 2638 5479; x_wconf 86' lang='lat' dir='ltr'><strong>creatorem</strong></span> <span class='ocrx_word' id='word_1_853' title='bbox 2683 5439 2807 5479; x_wconf 85' lang='lat' dir='ltr'><strong>esse</strong></span> <span class='ocrx_word' id='word_1_854' title='bbox 2837 5422 3160 5478; x_wconf 85' lang='lat' dir='ltr'><strong>declaravit.</strong></span> <span class='ocrx_word' id='word_1_855' title='bbox 3193 5420 3296 5488; x_wconf 84' lang='lat' dir='ltr'><strong>Qui</strong></span> <span class='ocrx_word' id='word_1_856' title='bbox 3328 5420 3476 5474; x_wconf 87' lang='lat' dir='ltr'><strong>enim</strong></span> <span class='ocrx_word' id='word_1_857' title='bbox 3501 5433 3614 5473; x_wconf 60' lang='grc' dir='ltr'><strong>(πως</strong></span> 
     </span>
    </p>
   </div>
   <div class='ocr_carea' id='block_1_113' title="bbox 2018 5512 3608 5588">
    <p class='ocr_par' dir='ltr' id='par_1_113' title="bbox 2018 5512 3608 5588">
     <span class='ocr_line' id='line_1_113' title="bbox 2018 5512 3608 5588; baseline -0.004 -18"><span class='ocrx_word' id='word_1_858' title='bbox 2018 5516 2104 5572; x_wconf 86' lang='lat' dir='ltr'><strong>los</strong></span> <span class='ocrx_word' id='word_1_859' title='bbox 2139 5518 2293 5584; x_wconf 77' lang='lat' dir='ltr'><strong>fecit,</strong></span> <span class='ocrx_word' id='word_1_860' title='bbox 2330 5517 2477 5572; x_wconf 89' lang='lat' dir='ltr'><strong>idem</strong></span> <span class='ocrx_word' id='word_1_861' title='bbox 2511 5525 2596 5572; x_wconf 86' lang='lat' dir='ltr'><strong>est</strong></span> <span class='ocrx_word' id='word_1_862' title='bbox 2623 5517 2718 5588; x_wconf 87' lang='lat' dir='ltr'><strong>qui</strong></span> <span class='ocrx_word' id='word_1_863' title='bbox 2750 5517 2962 5573; x_wconf 85' lang='lat' dir='ltr'><strong>creavit</strong></span> <span class='ocrx_word' id='word_1_864' title='bbox 2993 5517 3218 5588; x_wconf 73' lang='lat' dir='ltr'><strong>angelos</strong></span> <span class='ocrx_word' id='word_1_865' title='bbox 3249 5522 3305 5568; x_wconf 90' lang='lat' dir='ltr'><strong>et</strong></span> <span class='ocrx_word' id='word_1_866' title='bbox 3329 5512 3608 5566; x_wconf 84' lang='lat' dir='ltr'><strong>homines.</strong></span> 
     </span>
    </p>
   </div>
   <div class='ocr_carea' id='block_1_114' title="bbox 2089 5691 3605 5769">
    <p class='ocr_par' dir='ltr' id='par_1_114' title="bbox 2089 5691 3605 5769">
     <span class='ocr_line' id='line_1_114' title="bbox 2089 5691 3605 5769; baseline -0.008 -15"><span class='ocrx_word' id='word_1_867' title='bbox 2089 5698 2144 5754; x_wconf 83' lang='lat'><strong>5.</strong></span> <span class='ocrx_word' id='word_1_868' title='bbox 2177 5698 2244 5753; x_wconf 90' lang='lat' dir='ltr'><strong>Et</strong></span> <span class='ocrx_word' id='word_1_869' title='bbox 2274 5697 2453 5755; x_wconf 76' lang='lat' dir='ltr'><strong>Moses</strong></span> <span class='ocrx_word' id='word_1_870' title='bbox 2485 5697 2713 5769; x_wconf 87' lang='lat' dir='ltr'><strong>quidem</strong></span> <span class='ocrx_word' id='word_1_871' title='bbox 2746 5695 2927 5768; x_wconf 89' lang='lat' dir='ltr'><strong>inquit</strong></span> <span class='ocrx_word' id='word_1_872' title='bbox 2956 5713 2970 5752; x_wconf 91' lang='lat'>:</span> <span class='ocrx_word' id='word_1_873' title='bbox 3013 5717 3032 5749; x_wconf 81' lang='grc' dir='ltr'>ι</span> <span class='ocrx_word' id='word_1_874' title='bbox 3063 5695 3123 5753; x_wconf 82' lang='lat' dir='ltr'><strong>In</strong></span> <span class='ocrx_word' id='word_1_875' title='bbox 3153 5691 3422 5766; x_wconf 87' lang='lat' dir='ltr'><strong>principio</strong></span> <span class='ocrx_word' id='word_1_876' title='bbox 3454 5701 3605 5744; x_wconf 71' lang='lat' dir='ltr'><strong>crea-</strong></span> 
     </span>
    </p>
   </div>
  </div>
