  <div class='ocr_page' id='page_1' title='image "/cluster/home/n/w/nwhite01/storage/ocr_20150623/154:no.2/coo.31924054870591/263.png"; bbox 0 0 4090 6490; ppageno 0'>
   <div class='ocr_carea' id='block_1_1' title="bbox 487 441 582 505">
    <p class='ocr_par' dir='ltr' id='par_1_1' title="bbox 487 441 582 505">
     <span class='ocr_line' id='line_1_1' title="bbox 487 441 582 505; baseline -0.021 0"><span class='ocrx_word' id='word_1_1' title='bbox 487 441 582 505; x_wconf 67' lang='lat' dir='ltr'><strong>ﬁll</strong></span> 
     </span>
    </p>
   </div>
   <div class='ocr_carea' id='block_1_2' title="bbox 1659 440 2536 504">
    <p class='ocr_par' dir='ltr' id='par_1_2' title="bbox 1659 440 2536 504">
     <span class='ocr_line' id='line_1_2' title="bbox 1659 440 2536 504; baseline -0.005 0"><span class='ocrx_word' id='word_1_2' title='bbox 1659 444 1978 504; x_wconf 73' lang='lat' dir='ltr'><strong>JUANNIS</strong></span> <span class='ocrx_word' id='word_1_3' title='bbox 2012 440 2536 502; x_wconf 74' lang='lat' dir='ltr'><strong>CANTACUZENI</strong></span> 
     </span>
    </p>
   </div>
   <div class='ocr_carea' id='block_1_3' title="bbox 3635 445 3744 510">
    <p class='ocr_par' dir='ltr' id='par_1_3' title="bbox 3635 445 3744 510">
     <span class='ocr_line' id='line_1_3' title="bbox 3635 445 3744 510; baseline 0.028 -4"><span class='ocrx_word' id='word_1_4' title='bbox 3635 445 3744 510; x_wconf 63' lang='grc' dir='ltr'><strong>ΜΞ</strong></span> 
     </span>
    </p>
   </div>
   <div class='ocr_carea' id='block_1_4' title="bbox 489 557 2070 628">
    <p class='ocr_par' dir='ltr' id='par_1_4' title="bbox 489 557 2061 623">
     <span class='ocr_line' id='line_1_4' title="bbox 489 557 2061 623; baseline -0.001 -14"><span class='ocrx_word' id='word_1_5' title='bbox 489 559 566 611; x_wconf 60' lang='lat' dir='ltr'><strong>sit</strong></span> <span class='ocrx_word' id='word_1_6' title='bbox 590 560 730 614; x_wconf 86' lang='lat' dir='ltr'><strong>Dens</strong></span> <span class='ocrx_word' id='word_1_7' title='bbox 757 559 956 612; x_wconf 74' lang='lat' dir='ltr'><strong>cmlum</strong></span> <span class='ocrx_word' id='word_1_8' title='bbox 981 565 1034 612; x_wconf 85' lang='lat' dir='ltr'><strong>et</strong></span> <span class='ocrx_word' id='word_1_9' title='bbox 1061 567 1258 611; x_wconf 90' lang='lat' dir='ltr'><strong>terram</strong></span> <span class='ocrx_word' id='word_1_10' title='bbox 1285 559 1349 623; x_wconf 72' lang='grc' dir='ltr'><strong>Μ;</strong></span> <span class='ocrx_word' id='word_1_11' title='bbox 1378 577 1392 610; x_wconf 80' lang='grc' dir='ltr'><strong>ι</strong></span> <span class='ocrx_word' id='word_1_12' title='bbox 1429 559 1595 613; x_wconf 81' lang='lat' dir='ltr'><strong>David</strong></span> <span class='ocrx_word' id='word_1_13' title='bbox 1621 569 1826 621; x_wconf 88' lang='lat' dir='ltr'><strong>autem,</strong></span> <span class='ocrx_word' id='word_1_14' title='bbox 1851 557 2061 610; x_wconf 75' lang='lat' dir='ltr'><strong>iVerho</strong></span> 
     </span>
    </p>
   </div>
   <div class='ocr_carea' id='block_1_5' title="bbox 2177 557 3733 628">
    <p class='ocr_par' dir='ltr' id='par_1_5' title="bbox 2177 557 3733 628">
     <span class='ocr_line' id='line_1_5' title="bbox 2177 557 3733 628; baseline 0 -17"><span class='ocrx_word' id='word_1_15' title='bbox 2177 562 2195 611; x_wconf 64' lang='grc' dir='ltr'><em>ὅ</em></span> <span class='ocrx_word' id='word_1_16' title='bbox 2235 562 2368 620; x_wconf 80' lang='grc' dir='ltr'>Θεὸς</span> <span class='ocrx_word' id='word_1_17' title='bbox 2429 560 2516 610; x_wconf 82' lang='grc' dir='ltr'><strong>τὸν</strong></span> <span class='ocrx_word' id='word_1_18' title='bbox 2548 558 2775 626; x_wconf 60' lang='grc' dir='ltr'>οὐρανὸν</span> <span class='ocrx_word' id='word_1_19' title='bbox 2824 558 2915 612; x_wconf 77' lang='grc' dir='ltr'>καὶ</span> <span class='ocrx_word' id='word_1_20' title='bbox 2957 557 3053 627; x_wconf 82' lang='grc' dir='ltr'>τὴν</span> <span class='ocrx_word' id='word_1_21' title='bbox 3113 559 3236 628; x_wconf 75' lang='grc' dir='ltr'>γήν“</span> <span class='ocrx_word' id='word_1_22' title='bbox 3276 577 3295 610; x_wconf 72' lang='grc' dir='ltr'><strong>ι</strong></span> <span class='ocrx_word' id='word_1_23' title='bbox 3369 560 3397 612; x_wconf 84' lang='grc' dir='ltr'><strong>ὁ</strong></span> <span class='ocrx_word' id='word_1_24' title='bbox 3441 558 3497 613; x_wconf 76' lang='grc' dir='ltr'>δὲ</span> <span class='ocrx_word' id='word_1_25' title='bbox 3549 561 3733 618; x_wconf 72' lang='grc' dir='ltr'>Δαϐὶδ,</span> 
     </span>
    </p>
   </div>
   <div class='ocr_carea' id='block_1_6' title="bbox 491 649 2057 718">
    <p class='ocr_par' dir='ltr' id='par_1_6' title="bbox 491 649 2057 718">
     <span class='ocr_line' id='line_1_6' title="bbox 491 649 2057 718; baseline 0 -17"><span class='ocrx_word' id='word_1_26' title='bbox 491 650 709 718; x_wconf 79' lang='lat' dir='ltr'><strong>(inquit)</strong></span> <span class='ocrx_word' id='word_1_27' title='bbox 757 649 968 704; x_wconf 84' lang='lat' dir='ltr'><strong>Domini</strong></span> <span class='ocrx_word' id='word_1_28' title='bbox 1026 649 1146 703; x_wconf 60' lang='lat' dir='ltr'><strong>curii</strong></span> <span class='ocrx_word' id='word_1_29' title='bbox 1201 651 1394 703; x_wconf 87' lang='lat' dir='ltr'><strong>firmati</strong></span> <span class='ocrx_word' id='word_1_30' title='bbox 1432 663 1578 704; x_wconf 92' lang='lat' dir='ltr'><strong>sunt.</strong></span> <span class='ocrx_word' id='word_1_31' title='bbox 1616 670 1633 701; x_wconf 74' lang='grc' dir='ltr'><strong>ι</strong></span> <span class='ocrx_word' id='word_1_32' title='bbox 1688 650 1848 703; x_wconf 82' lang='lat' dir='ltr'><strong>Certe</strong></span> <span class='ocrx_word' id='word_1_33' title='bbox 1896 665 2057 718; x_wconf 84' lang='lat' dir='ltr'><strong>quem</strong></span> 
     </span>
    </p>
   </div>
   <div class='ocr_carea' id='block_1_7' title="bbox 489 740 2061 804">
    <p class='ocr_par' dir='ltr' id='par_1_7' title="bbox 489 740 2061 804">
     <span class='ocr_line' id='line_1_7' title="bbox 489 740 2061 804; baseline -0.001 -10"><span class='ocrx_word' id='word_1_34' title='bbox 489 742 799 795; x_wconf 77' lang='lat' dir='ltr'><strong>Mahometh</strong></span> <span class='ocrx_word' id='word_1_35' title='bbox 852 740 1091 793; x_wconf 80' lang='lat' dir='ltr'><strong>Verbum</strong></span> <span class='ocrx_word' id='word_1_36' title='bbox 1131 741 1222 794; x_wconf 75' lang='grc' dir='ltr'><strong>Βιιί</strong></span> <span class='ocrx_word' id='word_1_37' title='bbox 1267 751 1442 804; x_wconf 89' lang='lat' dir='ltr'><strong>vocat,</strong></span> <span class='ocrx_word' id='word_1_38' title='bbox 1479 751 1532 793; x_wconf 80' lang='lat' dir='ltr'><strong>ct</strong></span> <span class='ocrx_word' id='word_1_39' title='bbox 1571 742 1893 795; x_wconf 79' lang='lat' dir='ltr'><strong>.‘ilusnlmani</strong></span> <span class='ocrx_word' id='word_1_40' title='bbox 1944 757 2061 793; x_wconf 87' lang='lat' dir='ltr'><strong>om-</strong></span> 
     </span>
    </p>
   </div>
   <div class='ocr_carea' id='block_1_8' title="bbox 492 831 2061 900">
    <p class='ocr_par' dir='ltr' id='par_1_8' title="bbox 492 831 2061 900">
     <span class='ocr_line' id='line_1_8' title="bbox 492 831 2061 900; baseline 0.003 -17"><span class='ocrx_word' id='word_1_41' title='bbox 492 847 611 894; x_wconf 83' lang='lat' dir='ltr'><strong>nes,</strong></span> <span class='ocrx_word' id='word_1_42' title='bbox 660 847 824 900; x_wconf 88' lang='lat' dir='ltr'><strong>quem</strong></span> <span class='ocrx_word' id='word_1_43' title='bbox 868 848 1060 885; x_wconf 69' lang='lat' dir='ltr'><strong>omnes</strong></span> <span class='ocrx_word' id='word_1_44' title='bbox 1105 831 1401 885; x_wconf 77' lang='lat' dir='ltr'><strong>Christiani</strong></span> <span class='ocrx_word' id='word_1_45' title='bbox 1451 850 1549 885; x_wconf 86' lang='lat' dir='ltr'><strong>ceu</strong></span> <span class='ocrx_word' id='word_1_46' title='bbox 1602 834 1838 886; x_wconf 73' lang='lat' dir='ltr'><strong>Verbum</strong></span> <span class='ocrx_word' id='word_1_47' title='bbox 1874 835 1966 886; x_wconf 87' lang='lat' dir='ltr'><strong>Dei</strong></span> <span class='ocrx_word' id='word_1_48' title='bbox 2008 845 2061 887; x_wconf 78' lang='lat' dir='ltr'><strong>rt</strong></span> 
     </span>
    </p>
   </div>
   <div class='ocr_carea' id='block_1_9' title="bbox 491 922 2058 992">
    <p class='ocr_par' dir='ltr' id='par_1_9' title="bbox 491 922 2058 992">
     <span class='ocr_line' id='line_1_9' title="bbox 491 922 2058 992; baseline 0.003 -20"><span class='ocrx_word' id='word_1_49' title='bbox 491 924 658 974; x_wconf 80' lang='lat' dir='ltr'><strong>Deum</strong></span> <span class='ocrx_word' id='word_1_50' title='bbox 709 922 961 984; x_wconf 85' lang='lat' dir='ltr'><strong>adorant,</strong></span> <span class='ocrx_word' id='word_1_51' title='bbox 1017 929 1083 976; x_wconf 89' lang='lat' dir='ltr'><strong>de</strong></span> <span class='ocrx_word' id='word_1_52' title='bbox 1138 924 1240 976; x_wconf 88' lang='lat' dir='ltr'><strong>hoc</strong></span> <span class='ocrx_word' id='word_1_53' title='bbox 1268 923 1460 976; x_wconf 83' lang='lat' dir='ltr'><strong>eodem</strong></span> <span class='ocrx_word' id='word_1_54' title='bbox 1498 924 1664 977; x_wconf 87' lang='lat' dir='ltr'><strong>David</strong></span> <span class='ocrx_word' id='word_1_55' title='bbox 1702 924 1856 986; x_wconf 85' lang='lat' dir='ltr'><strong>dicit,</strong></span> <span class='ocrx_word' id='word_1_56' title='bbox 1913 923 2058 992; x_wconf 89' lang='lat' dir='ltr'><strong>quod</strong></span> 
     </span>
    </p>
   </div>
   <div class='ocr_carea' id='block_1_10' title="bbox 489 1012 2058 1078">
    <p class='ocr_par' dir='ltr' id='par_1_10' title="bbox 489 1012 2058 1078">
     <span class='ocr_line' id='line_1_10' title="bbox 489 1012 2058 1078; baseline 0.003 -16"><span class='ocrx_word' id='word_1_57' title='bbox 489 1015 657 1066; x_wconf 65' lang='lat' dir='ltr'><strong>t&#39;tBittS</strong></span> <span class='ocrx_word' id='word_1_58' title='bbox 690 1012 1023 1076; x_wconf 80' lang='lat' dir='ltr'><strong>iirmaveril,</strong></span> <span class='ocrx_word' id='word_1_59' title='bbox 1065 1015 1114 1066; x_wconf 90' lang='lat' dir='ltr'><strong>id</strong></span> <span class='ocrx_word' id='word_1_60' title='bbox 1152 1024 1258 1078; x_wconf 79' lang='lat' dir='ltr'><strong>est,</strong></span> <span class='ocrx_word' id='word_1_61' title='bbox 1292 1015 1582 1067; x_wconf 75' lang='lat' dir='ltr'><strong>creaverit.</strong></span> <span class='ocrx_word' id='word_1_62' title='bbox 1635 1015 1706 1068; x_wconf 87' lang='lat' dir='ltr'><strong>De</strong></span> <span class='ocrx_word' id='word_1_63' title='bbox 1743 1015 1846 1068; x_wconf 89' lang='lat' dir='ltr'><strong>hoc</strong></span> <span class='ocrx_word' id='word_1_64' title='bbox 1869 1016 2058 1067; x_wconf 75' lang='lat' dir='ltr'><strong>eodem</strong></span> 
     </span>
    </p>
   </div>
   <div class='ocr_carea' id='block_1_11' title="bbox 487 1107 2062 1176">
    <p class='ocr_par' dir='ltr' id='par_1_11' title="bbox 487 1107 2062 1176">
     <span class='ocr_line' id='line_1_11' title="bbox 487 1107 2062 1176; baseline 0.002 -18"><span class='ocrx_word' id='word_1_65' title='bbox 487 1107 668 1160; x_wconf 66' lang='lat' dir='ltr'><strong>Moses</strong></span> <span class='ocrx_word' id='word_1_66' title='bbox 699 1107 853 1164; x_wconf 84' lang='lat' dir='ltr'><strong>dicit.</strong></span> <span class='ocrx_word' id='word_1_67' title='bbox 887 1110 1032 1175; x_wconf 89' lang='lat' dir='ltr'><strong>quod</strong></span> <span class='ocrx_word' id='word_1_68' title='bbox 1067 1109 1117 1159; x_wconf 93' lang='lat' dir='ltr'><strong>in</strong></span> <span class='ocrx_word' id='word_1_69' title='bbox 1150 1109 1416 1176; x_wconf 71' lang='lat' dir='ltr'><strong>princpio</strong></span> <span class='ocrx_word' id='word_1_70' title='bbox 1443 1109 1754 1163; x_wconf 84' lang='lat' dir='ltr'><strong>condiderit</strong></span> <span class='ocrx_word' id='word_1_71' title='bbox 1783 1109 1982 1163; x_wconf 63' lang='lat' dir='ltr'><strong>malum</strong></span> <span class='ocrx_word' id='word_1_72' title='bbox 2008 1119 2062 1161; x_wconf 89' lang='lat' dir='ltr'><strong>et</strong></span> 
     </span>
    </p>
   </div>
   <div class='ocr_carea' id='block_1_12' title="bbox 491 1193 2062 1267">
    <p class='ocr_par' dir='ltr' id='par_1_12' title="bbox 491 1193 2062 1267">
     <span class='ocr_line' id='line_1_12' title="bbox 491 1193 2062 1267; baseline 0.004 -19"><span class='ocrx_word' id='word_1_73' title='bbox 491 1209 709 1250; x_wconf 75' lang='lat' dir='ltr'><strong>tetram.</strong></span> <span class='ocrx_word' id='word_1_74' title='bbox 768 1199 831 1250; x_wconf 83' lang='lat' dir='ltr'><strong>Et.</strong></span> <span class='ocrx_word' id='word_1_75' title='bbox 887 1200 1012 1267; x_wconf 86' lang='lat' dir='ltr'><strong>quis</strong></span> <span class='ocrx_word' id='word_1_76' title='bbox 1067 1211 1170 1252; x_wconf 87' lang='lat' dir='ltr'><strong>tam</strong></span> <span class='ocrx_word' id='word_1_77' title='bbox 1227 1201 1545 1254; x_wconf 77' lang='lat' dir='ltr'><strong>stultusest</strong></span> <span class='ocrx_word' id='word_1_78' title='bbox 1592 1208 1651 1252; x_wconf 92' lang='lat' dir='ltr'><strong>ut</strong></span> <span class='ocrx_word' id='word_1_79' title='bbox 1683 1200 1917 1263; x_wconf 87' lang='lat' dir='ltr'><strong>dubitet,</strong></span> <span class='ocrx_word' id='word_1_80' title='bbox 1961 1193 2062 1254; x_wconf 65' lang='lat' dir='ltr'><strong>nec</strong></span> 
     </span>
    </p>
   </div>
   <div class='ocr_carea' id='block_1_13' title="bbox 488 1291 2063 1360">
    <p class='ocr_par' dir='ltr' id='par_1_13' title="bbox 488 1291 2063 1360">
     <span class='ocr_line' id='line_1_13' title="bbox 488 1291 2063 1360; baseline 0.003 -19"><span class='ocrx_word' id='word_1_81' title='bbox 488 1307 608 1342; x_wconf 75' lang='lat' dir='ltr'><strong>eum</strong></span> <span class='ocrx_word' id='word_1_82' title='bbox 665 1291 879 1348; x_wconf 80' lang='lat' dir='ltr'><strong>adoret.</strong></span> <span class='ocrx_word' id='word_1_83' title='bbox 939 1306 1101 1360; x_wconf 87' lang='lat' dir='ltr'><strong>quem</strong></span> <span class='ocrx_word' id='word_1_84' title='bbox 1159 1291 1323 1343; x_wconf 79' lang='lat' dir='ltr'><strong>David</strong></span> <span class='ocrx_word' id='word_1_85' title='bbox 1369 1292 1534 1343; x_wconf 73' lang='lat' dir='ltr'><strong>Deum</strong></span> <span class='ocrx_word' id='word_1_86' title='bbox 1595 1307 1714 1346; x_wconf 80' lang='lat' dir='ltr'><strong>esse</strong></span> <span class='ocrx_word' id='word_1_87' title='bbox 1768 1293 2063 1360; x_wconf 80' lang='lat' dir='ltr'><strong>pra-dicat?</strong></span> 
     </span>
    </p>
   </div>
   <div class='ocr_carea' id='block_1_14' title="bbox 487 1382 2060 1455">
    <p class='ocr_par' dir='ltr' id='par_1_14' title="bbox 487 1382 2060 1455">
     <span class='ocr_line' id='line_1_14' title="bbox 487 1382 2060 1455; baseline 0.004 -22"><span class='ocrx_word' id='word_1_88' title='bbox 487 1396 650 1449; x_wconf 64' lang='lat' dir='ltr'><strong>qut-nt</strong></span> <span class='ocrx_word' id='word_1_89' title='bbox 697 1382 874 1435; x_wconf 83' lang='lat' dir='ltr'><strong>Moses</strong></span> <span class='ocrx_word' id='word_1_90' title='bbox 910 1383 1076 1435; x_wconf 85' lang='lat' dir='ltr'><strong>Deum</strong></span> <span class='ocrx_word' id='word_1_91' title='bbox 1113 1398 1232 1435; x_wconf 78' lang='lat' dir='ltr'><strong>esse</strong></span> <span class='ocrx_word' id='word_1_92' title='bbox 1268 1382 1508 1455; x_wconf 77' lang='lat' dir='ltr'><strong>latetur?</strong></span> <span class='ocrx_word' id='word_1_93' title='bbox 1547 1384 1625 1437; x_wconf 88' lang='lat' dir='ltr'><strong>Tu</strong></span> <span class='ocrx_word' id='word_1_94' title='bbox 1666 1401 1796 1438; x_wconf 88' lang='lat' dir='ltr'><strong>vero</strong></span> <span class='ocrx_word' id='word_1_95' title='bbox 1833 1401 1956 1438; x_wconf 92' lang='lat' dir='ltr'><strong>cum</strong></span> <span class='ocrx_word' id='word_1_96' title='bbox 1993 1385 2060 1439; x_wconf 86' lang='lat' dir='ltr'><strong>de</strong></span> 
     </span>
    </p>
   </div>
   <div class='ocr_carea' id='block_1_15' title="bbox 487 1469 2059 1539">
    <p class='ocr_par' dir='ltr' id='par_1_15' title="bbox 487 1469 2059 1539">
     <span class='ocr_line' id='line_1_15' title="bbox 487 1469 2059 1539; baseline 0.006 -19"><span class='ocrx_word' id='word_1_97' title='bbox 487 1469 640 1521; x_wconf 74' lang='lat' dir='ltr'><strong>cmlis</strong></span> <span class='ocrx_word' id='word_1_98' title='bbox 671 1469 847 1533; x_wconf 80' lang='lat' dir='ltr'><strong>audis,</strong></span> <span class='ocrx_word' id='word_1_99' title='bbox 905 1486 1011 1523; x_wconf 88' lang='lat' dir='ltr'><strong>non</strong></span> <span class='ocrx_word' id='word_1_100' title='bbox 1051 1480 1136 1524; x_wconf 80' lang='lat' dir='ltr'><strong>est</strong></span> <span class='ocrx_word' id='word_1_101' title='bbox 1181 1472 1326 1539; x_wconf 90' lang='lat' dir='ltr'><strong>quod</strong></span> <span class='ocrx_word' id='word_1_102' title='bbox 1379 1474 1562 1538; x_wconf 79' lang='lat' dir='ltr'><strong>plures</strong></span> <span class='ocrx_word' id='word_1_103' title='bbox 1589 1475 1758 1528; x_wconf 74' lang='lat' dir='ltr'><strong>cmlos</strong></span> <span class='ocrx_word' id='word_1_104' title='bbox 1789 1492 1908 1530; x_wconf 72' lang='lat' dir='ltr'><strong>esse</strong></span> <span class='ocrx_word' id='word_1_105' title='bbox 1942 1477 2059 1530; x_wconf 76' lang='lat' dir='ltr'><strong>exi-</strong></span> 
     </span>
    </p>
   </div>
   <div class='ocr_carea' id='block_1_16' title="bbox 489 1560 2061 1632">
    <p class='ocr_par' dir='ltr' id='par_1_16' title="bbox 489 1560 2061 1632">
     <span class='ocr_line' id='line_1_16' title="bbox 489 1560 2061 1632; baseline 0.006 -21"><span class='ocrx_word' id='word_1_106' title='bbox 489 1561 699 1622; x_wconf 70' lang='lat' dir='ltr'><strong>stimes,</strong></span> <span class='ocrx_word' id='word_1_107' title='bbox 750 1560 844 1614; x_wconf 89' lang='lat' dir='ltr'><strong>sed</strong></span> <span class='ocrx_word' id='word_1_108' title='bbox 882 1576 1072 1626; x_wconf 91' lang='lat' dir='ltr'><strong>unum,</strong></span> <span class='ocrx_word' id='word_1_109' title='bbox 1124 1572 1180 1615; x_wconf 87' lang='lat' dir='ltr'><strong>et</strong></span> <span class='ocrx_word' id='word_1_110' title='bbox 1220 1577 1328 1615; x_wconf 85' lang='lat' dir='ltr'><strong>non</strong></span> <span class='ocrx_word' id='word_1_111' title='bbox 1367 1565 1571 1632; x_wconf 74' lang='lat' dir='ltr'><strong>plures.</strong></span> <span class='ocrx_word' id='word_1_112' title='bbox 1607 1565 1879 1632; x_wconf 85' lang='lat' dir='ltr'><strong>lnterpres</strong></span> <span class='ocrx_word' id='word_1_113' title='bbox 1915 1570 2061 1622; x_wconf 90' lang='lat' dir='ltr'><strong>enim</strong></span> 
     </span>
    </p>
   </div>
   <div class='ocr_carea' id='block_1_17' title="bbox 491 1645 2065 1728">
    <p class='ocr_par' dir='ltr' id='par_1_17' title="bbox 491 1645 2065 1728">
     <span class='ocr_line' id='line_1_17' title="bbox 491 1645 2065 1728; baseline 0.008 -26"><span class='ocrx_word' id='word_1_114' title='bbox 491 1648 814 1704; x_wconf 83' lang='lat' dir='ltr'><strong>llebraicam</strong></span> <span class='ocrx_word' id='word_1_115' title='bbox 863 1645 1104 1720; x_wconf 67' lang='lat' dir='ltr'><strong>phrasin:</strong></span> <span class='ocrx_word' id='word_1_116' title='bbox 1144 1663 1387 1717; x_wconf 73' lang='lat' dir='ltr'><strong>secutus,</strong></span> <span class='ocrx_word' id='word_1_117' title='bbox 1441 1656 1585 1721; x_wconf 75' lang='lat' dir='ltr'><strong>iuxta</strong></span> <span class='ocrx_word' id='word_1_118' title='bbox 1639 1657 1783 1709; x_wconf 83' lang='lat' dir='ltr'><strong>illius</strong></span> <span class='ocrx_word' id='word_1_119' title='bbox 1831 1650 1978 1728; x_wconf 72' lang='lat' dir='ltr'><strong>leges</strong></span> <span class='ocrx_word' id='word_1_120' title='bbox 2008 1671 2065 1714; x_wconf 86' lang='lat' dir='ltr'><strong>ct</strong></span> 
     </span>
    </p>
   </div>
   <div class='ocr_carea' id='block_1_18' title="bbox 488 1743 2062 1810">
    <p class='ocr_par' dir='ltr' id='par_1_18' title="bbox 488 1743 2062 1810">
     <span class='ocr_line' id='line_1_18' title="bbox 488 1743 2062 1810; baseline 0.008 -19"><span class='ocrx_word' id='word_1_121' title='bbox 488 1743 944 1794; x_wconf 83' lang='lat' dir='ltr'><strong>consuetudinem</strong></span> <span class='ocrx_word' id='word_1_122' title='bbox 976 1743 1260 1810; x_wconf 78' lang='lat' dir='ltr'><strong>pluraliter</strong></span> <span class='ocrx_word' id='word_1_123' title='bbox 1291 1746 1585 1798; x_wconf 77' lang='lat' dir='ltr'><strong>transtulit.</strong></span> <span class='ocrx_word' id='word_1_124' title='bbox 1618 1747 1911 1802; x_wconf 81' lang='lat' dir='ltr'><strong>Videamus</strong></span> <span class='ocrx_word' id='word_1_125' title='bbox 1935 1766 2062 1804; x_wconf 78' lang='lat' dir='ltr'><strong>vero</strong></span> 
     </span>
    </p>
   </div>
   <div class='ocr_carea' id='block_1_19' title="bbox 490 1834 2059 1909">
    <p class='ocr_par' dir='ltr' id='par_1_19' title="bbox 490 1834 2059 1909">
     <span class='ocr_line' id='line_1_19' title="bbox 490 1834 2059 1909; baseline 0.008 -24"><span class='ocrx_word' id='word_1_126' title='bbox 490 1834 558 1885; x_wconf 92' lang='lat' dir='ltr'><strong>de</strong></span> <span class='ocrx_word' id='word_1_127' title='bbox 584 1834 912 1900; x_wconf 89' lang='lat' dir='ltr'><strong>quibusnam</strong></span> <span class='ocrx_word' id='word_1_128' title='bbox 939 1836 1103 1889; x_wconf 81' lang='lat' dir='ltr'><strong>David</strong></span> <span class='ocrx_word' id='word_1_129' title='bbox 1129 1837 1243 1889; x_wconf 78' lang='lat' dir='ltr'><strong>inec</strong></span> <span class='ocrx_word' id='word_1_130' title='bbox 1269 1837 1447 1891; x_wconf 81' lang='lat' dir='ltr'><strong>dicat:</strong></span> <span class='ocrx_word' id='word_1_131' title='bbox 1481 1839 1679 1909; x_wconf 72' lang='lat' dir='ltr'><strong>«Cujus</strong></span> <span class='ocrx_word' id='word_1_132' title='bbox 1703 1841 1872 1894; x_wconf 88' lang='lat' dir='ltr'><strong>fortes</strong></span> <span class='ocrx_word' id='word_1_133' title='bbox 1899 1852 2059 1898; x_wconf 72' lang='lat' dir='ltr'><strong>terra:</strong></span> 
     </span>
    </p>
   </div>
   <div class='ocr_carea' id='block_1_20' title="bbox 2173 651 3741 720">
    <p class='ocr_par' dir='ltr' id='par_1_20' title="bbox 2173 651 3741 720">
     <span class='ocr_line' id='line_1_20' title="bbox 2173 651 3741 720; baseline 0.001 -18"><span class='ocrx_word' id='word_1_134' title='bbox 2173 671 2190 702; x_wconf 77' lang='grc' dir='ltr'><strong>ι</strong></span> <span class='ocrx_word' id='word_1_135' title='bbox 2230 653 2318 718; x_wconf 80' lang='grc' dir='ltr'><strong>Τῷ</strong></span> <span class='ocrx_word' id='word_1_136' title='bbox 2343 652 2500 718; x_wconf 59' lang='grc' dir='ltr'>Λόγῳ</span> <span class='ocrx_word' id='word_1_137' title='bbox 2537 652 2733 715; x_wconf 72' lang='grc' dir='ltr'>Κυρίου</span> <span class='ocrx_word' id='word_1_138' title='bbox 2757 652 2804 702; x_wconf 81' lang='grc' dir='ltr'>οἱ</span> <span class='ocrx_word' id='word_1_139' title='bbox 2828 651 3047 718; x_wconf 73' lang='grc' dir='ltr'>οὐρανοὶ</span> <span class='ocrx_word' id='word_1_140' title='bbox 3081 651 3508 720; x_wconf 77' lang='grc' dir='ltr'><strong>ἐστερεώθησαν.</strong></span> <span class='ocrx_word' id='word_1_141' title='bbox 3542 671 3560 703; x_wconf 73' lang='grc' dir='ltr'><strong>ι</strong></span> <span class='ocrx_word' id='word_1_142' title='bbox 3601 653 3741 704; x_wconf 69' lang='lat' dir='ltr'><strong>&quot;dv-</strong></span> 
     </span>
    </p>
   </div>
   <div class='ocr_carea' id='block_1_21' title="bbox 2163 741 3740 811">
    <p class='ocr_par' dir='ltr' id='par_1_21' title="bbox 2163 741 3740 811">
     <span class='ocr_line' id='line_1_21' title="bbox 2163 741 3740 811; baseline 0.001 -17"><span class='ocrx_word' id='word_1_143' title='bbox 2163 761 2266 804; x_wconf 65' lang='grc' dir='ltr'>τως</span> <span class='ocrx_word' id='word_1_144' title='bbox 2292 742 2350 794; x_wconf 77' lang='grc' dir='ltr'>ὃν</span> <span class='ocrx_word' id='word_1_145' title='bbox 2381 744 2526 810; x_wconf 84' lang='grc' dir='ltr'>λέγει</span> <span class='ocrx_word' id='word_1_146' title='bbox 2560 746 2585 794; x_wconf 78' lang='grc' dir='ltr'>ὁ</span> <span class='ocrx_word' id='word_1_147' title='bbox 2614 741 2856 811; x_wconf 76' lang='grc' dir='ltr'>Μωάμεθ</span> <span class='ocrx_word' id='word_1_148' title='bbox 2881 743 3052 808; x_wconf 83' lang='grc' dir='ltr'>Λόγον</span> <span class='ocrx_word' id='word_1_149' title='bbox 3105 743 3264 804; x_wconf 85' lang='grc' dir='ltr'>Θεοῦ,</span> <span class='ocrx_word' id='word_1_150' title='bbox 3299 746 3392 795; x_wconf 74' lang='grc' dir='ltr'><strong>καὶ</strong></span> <span class='ocrx_word' id='word_1_151' title='bbox 3457 745 3656 806; x_wconf 82' lang='grc' dir='ltr'>πάντες</span> <span class='ocrx_word' id='word_1_152' title='bbox 3689 743 3740 796; x_wconf 74' lang='lat' dir='ltr'><strong>oi</strong></span> 
     </span>
    </p>
   </div>
   <div class='ocr_carea' id='block_1_22' title="bbox 2165 832 3742 903">
    <p class='ocr_par' dir='ltr' id='par_1_22' title="bbox 2165 832 3742 903">
     <span class='ocr_line' id='line_1_22' title="bbox 2165 832 3742 903; baseline -0.002 -14"><span class='ocrx_word' id='word_1_153' title='bbox 2165 835 2603 900; x_wconf 81' lang='grc' dir='ltr'>Μουσουλμάνοι,</span> <span class='ocrx_word' id='word_1_154' title='bbox 2658 834 2715 884; x_wconf 82' lang='grc' dir='ltr'>ὃν</span> <span class='ocrx_word' id='word_1_155' title='bbox 2782 832 3146 903; x_wconf 76' lang='grc' dir='ltr'><strong>προσκυνοῦσι</strong></span> <span class='ocrx_word' id='word_1_156' title='bbox 3206 835 3408 896; x_wconf 85' lang='grc' dir='ltr'>πάντες</span> <span class='ocrx_word' id='word_1_157' title='bbox 3432 836 3479 885; x_wconf 92' lang='grc' dir='ltr'><strong>οί</strong></span> <span class='ocrx_word' id='word_1_158' title='bbox 3516 834 3742 901; x_wconf 90' lang='grc' dir='ltr'>Χριστι-</span> 
     </span>
    </p>
   </div>
   <div class='ocr_carea' id='block_1_23' title="bbox 2165 924 3743 992">
    <p class='ocr_par' dir='ltr' id='par_1_23' title="bbox 2165 924 3743 992">
     <span class='ocr_line' id='line_1_23' title="bbox 2165 924 3743 992; baseline -0.004 -10"><span class='ocrx_word' id='word_1_159' title='bbox 2165 931 2280 982; x_wconf 68' lang='grc' dir='ltr'>ανοὶ</span> <span class='ocrx_word' id='word_1_160' title='bbox 2307 929 2381 988; x_wconf 82' lang='grc' dir='ltr'>ὡς</span> <span class='ocrx_word' id='word_1_161' title='bbox 2406 927 2576 992; x_wconf 84' lang='grc' dir='ltr'>Λόγον</span> <span class='ocrx_word' id='word_1_162' title='bbox 2615 925 2750 978; x_wconf 86' lang='grc' dir='ltr'>Θεοῦ</span> <span class='ocrx_word' id='word_1_163' title='bbox 2783 926 2877 976; x_wconf 73' lang='grc' dir='ltr'><strong>καὶ</strong></span> <span class='ocrx_word' id='word_1_164' title='bbox 2922 924 3074 989; x_wconf 78' lang='grc' dir='ltr'>Θεὸν,</span> <span class='ocrx_word' id='word_1_165' title='bbox 3110 926 3204 976; x_wconf 86' lang='grc' dir='ltr'><strong>τὸν</strong></span> <span class='ocrx_word' id='word_1_166' title='bbox 3234 925 3398 977; x_wconf 79' lang='grc' dir='ltr'>αὑτὸν</span> <span class='ocrx_word' id='word_1_167' title='bbox 3430 925 3578 991; x_wconf 86' lang='grc' dir='ltr'>λέγει</span> <span class='ocrx_word' id='word_1_168' title='bbox 3638 927 3743 976; x_wconf 79' lang='grc' dir='ltr'><strong>Δα-</strong></span> 
     </span>
    </p>
   </div>
   <div class='ocr_carea' id='block_1_24' title="bbox 2165 1017 3738 1086">
    <p class='ocr_par' dir='ltr' id='par_1_24' title="bbox 2165 1017 3738 1086">
     <span class='ocr_line' id='line_1_24' title="bbox 2165 1017 3738 1086; baseline -0.001 -16"><span class='ocrx_word' id='word_1_169' title='bbox 2165 1021 2269 1080; x_wconf 57' lang='lat'><strong>626,</strong></span> <span class='ocrx_word' id='word_1_170' title='bbox 2294 1021 2376 1072; x_wconf 78' lang='grc' dir='ltr'><strong>ὅτι</strong></span> <span class='ocrx_word' id='word_1_171' title='bbox 2406 1021 2521 1069; x_wconf 83' lang='grc' dir='ltr'>ἐστε</span> <span class='ocrx_word' id='word_1_172' title='bbox 2535 1019 2700 1084; x_wconf 82' lang='grc' dir='ltr'>ρέωσε</span> <span class='ocrx_word' id='word_1_173' title='bbox 2726 1020 2848 1077; x_wconf 80' lang='grc' dir='ltr'>τοὺς</span> <span class='ocrx_word' id='word_1_174' title='bbox 2875 1019 3157 1086; x_wconf 71' lang='grc' dir='ltr'>οὐρανοὺς,</span> <span class='ocrx_word' id='word_1_175' title='bbox 3196 1018 3468 1070; x_wconf 78' lang='grc' dir='ltr'><strong>τουτέστιν</strong></span> <span class='ocrx_word' id='word_1_176' title='bbox 3491 1017 3738 1085; x_wconf 80' lang='grc' dir='ltr'>ἐποίησε,</span> 
     </span>
    </p>
   </div>
   <div class='ocr_carea' id='block_1_25' title="bbox 2164 1109 3739 1180">
    <p class='ocr_par' dir='ltr' id='par_1_25' title="bbox 2164 1109 3739 1180">
     <span class='ocr_line' id='line_1_25' title="bbox 2164 1109 3739 1180; baseline -0.001 -18"><span class='ocrx_word' id='word_1_177' title='bbox 2164 1112 2267 1163; x_wconf 86' lang='grc' dir='ltr'><strong>Τὸν</strong></span> <span class='ocrx_word' id='word_1_178' title='bbox 2297 1112 2460 1163; x_wconf 77' lang='grc' dir='ltr'>αὐτὸν</span> <span class='ocrx_word' id='word_1_179' title='bbox 2481 1111 2631 1176; x_wconf 80' lang='grc' dir='ltr'>λέγει</span> <span class='ocrx_word' id='word_1_180' title='bbox 2666 1111 2926 1177; x_wconf 78' lang='grc' dir='ltr'>Μωῦσῆς,</span> <span class='ocrx_word' id='word_1_181' title='bbox 2959 1109 3041 1162; x_wconf 85' lang='grc' dir='ltr'>ὃτι</span> <span class='ocrx_word' id='word_1_182' title='bbox 3075 1128 3092 1160; x_wconf 80' lang='grc' dir='ltr'><strong>ι</strong></span> <span class='ocrx_word' id='word_1_183' title='bbox 3140 1109 3228 1162; x_wconf 83' lang='grc' dir='ltr'><strong>Ἐν</strong></span> <span class='ocrx_word' id='word_1_184' title='bbox 3282 1110 3424 1180; x_wconf 79' lang='grc' dir='ltr'>ἀρχῇ</span> <span class='ocrx_word' id='word_1_185' title='bbox 3480 1110 3739 1178; x_wconf 78' lang='grc' dir='ltr'>ἐποίησεν</span> 
     </span>
    </p>
   </div>
   <div class='ocr_carea' id='block_1_26' title="bbox 2164 1201 3742 1270">
    <p class='ocr_par' dir='ltr' id='par_1_26' title="bbox 2164 1201 3742 1270">
     <span class='ocr_line' id='line_1_26' title="bbox 2164 1201 3742 1270; baseline -0.002 -14"><span class='ocrx_word' id='word_1_186' title='bbox 2164 1207 2189 1256; x_wconf 79' lang='grc' dir='ltr'>ὁ</span> <span class='ocrx_word' id='word_1_187' title='bbox 2219 1204 2349 1264; x_wconf 83' lang='grc' dir='ltr'>Θεὸς</span> <span class='ocrx_word' id='word_1_188' title='bbox 2384 1205 2474 1255; x_wconf 84' lang='grc' dir='ltr'><strong>τὸν</strong></span> <span class='ocrx_word' id='word_1_189' title='bbox 2502 1205 2731 1270; x_wconf 67' lang='grc' dir='ltr'>οὐρανὸν</span> <span class='ocrx_word' id='word_1_190' title='bbox 2762 1203 2856 1253; x_wconf 70' lang='grc' dir='ltr'><strong>καὶ</strong></span> <span class='ocrx_word' id='word_1_191' title='bbox 2901 1203 3000 1270; x_wconf 80' lang='grc' dir='ltr'><strong>τὴν</strong></span> <span class='ocrx_word' id='word_1_192' title='bbox 3053 1201 3180 1269; x_wconf 78' lang='grc' dir='ltr'>γῆν.</span> <span class='ocrx_word' id='word_1_193' title='bbox 3218 1221 3236 1252; x_wconf 75' lang='grc' dir='ltr'><strong>ι</strong></span> <span class='ocrx_word' id='word_1_194' title='bbox 3321 1202 3423 1254; x_wconf 75' lang='grc' dir='ltr'><strong>Καὶ</strong></span> <span class='ocrx_word' id='word_1_195' title='bbox 3471 1201 3552 1264; x_wconf 85' lang='grc' dir='ltr'><strong>τίς</strong></span> <span class='ocrx_word' id='word_1_196' title='bbox 3596 1202 3742 1253; x_wconf 74' lang='grc' dir='ltr'>οὕτω</span> 
     </span>
    </p>
   </div>
   <div class='ocr_carea' id='block_1_27' title="bbox 2167 1293 3736 1364">
    <p class='ocr_par' dir='ltr' id='par_1_27' title="bbox 2167 1293 3736 1364">
     <span class='ocr_line' id='line_1_27' title="bbox 2167 1293 3736 1364; baseline -0.003 -16"><span class='ocrx_word' id='word_1_197' title='bbox 2167 1295 2490 1364; x_wconf 79' lang='grc' dir='ltr'>μάταιο;,ὅ;</span> <span class='ocrx_word' id='word_1_198' title='bbox 2513 1294 2864 1358; x_wconf 68' lang='grc' dir='ltr'>ἀμφιϐάλλει,</span> <span class='ocrx_word' id='word_1_199' title='bbox 2904 1294 2997 1345; x_wconf 77' lang='grc' dir='ltr'><strong>καὶ</strong></span> <span class='ocrx_word' id='word_1_200' title='bbox 3039 1295 3100 1345; x_wconf 79' lang='grc' dir='ltr'>οὐ</span> <span class='ocrx_word' id='word_1_201' title='bbox 3126 1295 3422 1362; x_wconf 79' lang='grc' dir='ltr'>προσκυνεῖ</span> <span class='ocrx_word' id='word_1_202' title='bbox 3455 1293 3515 1345; x_wconf 82' lang='grc' dir='ltr'>ὃν</span> <span class='ocrx_word' id='word_1_203' title='bbox 3561 1296 3587 1345; x_wconf 75' lang='grc' dir='ltr'>ὁ</span> <span class='ocrx_word' id='word_1_204' title='bbox 3639 1296 3736 1344; x_wconf 70' lang='lat' dir='ltr'><strong>Act-</strong></span> 
     </span>
    </p>
   </div>
   <div class='ocr_carea' id='block_1_28' title="bbox 2165 1381 3741 1453">
    <p class='ocr_par' dir='ltr' id='par_1_28' title="bbox 2165 1381 3741 1453">
     <span class='ocr_line' id='line_1_28' title="bbox 2165 1381 3741 1453; baseline -0.003 -16"><span class='ocrx_word' id='word_1_205' title='bbox 2165 1386 2250 1437; x_wconf 73' lang='grc' dir='ltr'>ϐιδ</span> <span class='ocrx_word' id='word_1_206' title='bbox 2279 1385 2534 1453; x_wconf 76' lang='grc' dir='ltr'>κηρύττει</span> <span class='ocrx_word' id='word_1_207' title='bbox 2569 1384 2719 1449; x_wconf 85' lang='grc' dir='ltr'>Θεὸν,</span> <span class='ocrx_word' id='word_1_208' title='bbox 2764 1383 2821 1434; x_wconf 68' lang='grc' dir='ltr'>ὃν</span> <span class='ocrx_word' id='word_1_209' title='bbox 2848 1385 2874 1434; x_wconf 75' lang='grc' dir='ltr'>ὁ</span> <span class='ocrx_word' id='word_1_210' title='bbox 2914 1384 3115 1450; x_wconf 84' lang='grc' dir='ltr'><strong>Μωσῆς</strong></span> <span class='ocrx_word' id='word_1_211' title='bbox 3166 1383 3312 1449; x_wconf 86' lang='grc' dir='ltr'>λέγει</span> <span class='ocrx_word' id='word_1_212' title='bbox 3357 1383 3523 1449; x_wconf 80' lang='grc' dir='ltr'>Θεόν;</span> <span class='ocrx_word' id='word_1_213' title='bbox 3579 1383 3650 1433; x_wconf 83' lang='grc' dir='ltr'><strong>Σὺ</strong></span> <span class='ocrx_word' id='word_1_214' title='bbox 3685 1381 3741 1433; x_wconf 77' lang='grc' dir='ltr'>δὲ</span> 
     </span>
    </p>
   </div>
   <div class='ocr_carea' id='block_1_29' title="bbox 2165 1475 3746 1546">
    <p class='ocr_par' dir='ltr' id='par_1_29' title="bbox 2165 1475 3746 1546">
     <span class='ocr_line' id='line_1_29' title="bbox 2165 1475 3746 1546; baseline -0.001 -17"><span class='ocrx_word' id='word_1_215' title='bbox 2165 1479 2426 1546; x_wconf 70' lang='grc' dir='ltr'>οὐρανοὺς</span> <span class='ocrx_word' id='word_1_216' title='bbox 2455 1476 2714 1539; x_wconf 76' lang='grc' dir='ltr'>ἀκούσας,</span> <span class='ocrx_word' id='word_1_217' title='bbox 2750 1476 2914 1544; x_wconf 77' lang='grc' dir='ltr'>μηδὲν</span> <span class='ocrx_word' id='word_1_218' title='bbox 2957 1475 3243 1545; x_wconf 76' lang='grc' dir='ltr'>ὑπολάϐῃς</span> <span class='ocrx_word' id='word_1_219' title='bbox 3279 1475 3504 1537; x_wconf 80' lang='grc' dir='ltr'>πολλοὺς</span> <span class='ocrx_word' id='word_1_220' title='bbox 3525 1476 3746 1542; x_wconf 84' lang='grc' dir='ltr'>γεγονό-</span> 
     </span>
    </p>
   </div>
   <div class='ocr_carea' id='block_1_30' title="bbox 2165 1564 3745 1637">
    <p class='ocr_par' dir='ltr' id='par_1_30' title="bbox 2165 1564 3745 1637">
     <span class='ocr_line' id='line_1_30' title="bbox 2165 1564 3745 1637; baseline 0.001 -19"><span class='ocrx_word' id='word_1_221' title='bbox 2165 1585 2262 1630; x_wconf 84' lang='grc' dir='ltr'><strong>τας</strong></span> <span class='ocrx_word' id='word_1_222' title='bbox 2290 1568 2569 1636; x_wconf 62' lang='grc' dir='ltr'>οὐρανοὺς,</span> <span class='ocrx_word' id='word_1_223' title='bbox 2611 1566 2723 1618; x_wconf 79' lang='grc' dir='ltr'>ἀλλ’</span> <span class='ocrx_word' id='word_1_224' title='bbox 2747 1565 2866 1622; x_wconf 72' lang='grc' dir='ltr'>ἕνα.</span> <span class='ocrx_word' id='word_1_225' title='bbox 2908 1567 3000 1618; x_wconf 75' lang='grc' dir='ltr'><strong>καὶ</strong></span> <span class='ocrx_word' id='word_1_226' title='bbox 3039 1565 3101 1617; x_wconf 72' lang='grc' dir='ltr'>οὗ</span> <span class='ocrx_word' id='word_1_227' title='bbox 3135 1564 3390 1627; x_wconf 80' lang='grc' dir='ltr'>πολλούς.</span> <span class='ocrx_word' id='word_1_228' title='bbox 3449 1565 3508 1619; x_wconf 80' lang='grc' dir='ltr'><strong>Ὀ</strong></span> <span class='ocrx_word' id='word_1_229' title='bbox 3561 1567 3616 1618; x_wconf 78' lang='grc' dir='ltr'>δὲ</span> <span class='ocrx_word' id='word_1_230' title='bbox 3645 1569 3745 1637; x_wconf 79' lang='grc' dir='ltr'><strong>ἐρ-</strong></span> 
     </span>
    </p>
   </div>
   <div class='ocr_carea' id='block_1_31' title="bbox 2170 1653 3742 1726">
    <p class='ocr_par' dir='ltr' id='par_1_31' title="bbox 2170 1653 3742 1726">
     <span class='ocr_line' id='line_1_31' title="bbox 2170 1653 3742 1726; baseline 0.003 -20"><span class='ocrx_word' id='word_1_231' title='bbox 2170 1658 2373 1726; x_wconf 77' lang='grc' dir='ltr'>μηνεὺς</span> <span class='ocrx_word' id='word_1_232' title='bbox 2399 1659 2461 1723; x_wconf 81' lang='grc' dir='ltr'>τῇ</span> <span class='ocrx_word' id='word_1_233' title='bbox 2487 1653 2727 1724; x_wconf 64' lang='grc' dir='ltr'>Ἐϐραΐδι</span> <span class='ocrx_word' id='word_1_234' title='bbox 2756 1654 3132 1723; x_wconf 78' lang='grc' dir='ltr'><strong>ἀκολουθήσας</strong></span> <span class='ocrx_word' id='word_1_235' title='bbox 3187 1654 3477 1724; x_wconf 72' lang='grc' dir='ltr'><strong>διαλέκτῳ,</strong></span> <span class='ocrx_word' id='word_1_236' title='bbox 3532 1656 3581 1723; x_wconf 61' lang='grc' dir='ltr'>ἔγ</span> <span class='ocrx_word' id='word_1_237' title='bbox 3599 1657 3742 1726; x_wconf 60' lang='lat' dir='ltr'><strong>patan</strong></span> 
     </span>
    </p>
   </div>
   <div class='ocr_carea' id='block_1_32' title="bbox 2168 1744 3744 1815">
    <p class='ocr_par' dir='ltr' id='par_1_32' title="bbox 2168 1744 3744 1815">
     <span class='ocr_line' id='line_1_32' title="bbox 2168 1744 3744 1815; baseline 0.001 -19"><span class='ocrx_word' id='word_1_238' title='bbox 2168 1746 2546 1814; x_wconf 77' lang='grc' dir='ltr'>πληθυντικῶς</span> <span class='ocrx_word' id='word_1_239' title='bbox 2581 1747 2718 1796; x_wconf 71' lang='grc' dir='ltr'>κατὰ</span> <span class='ocrx_word' id='word_1_240' title='bbox 2753 1745 2860 1813; x_wconf 77' lang='grc' dir='ltr'>τὴν</span> <span class='ocrx_word' id='word_1_241' title='bbox 2900 1744 3122 1796; x_wconf 79' lang='grc' dir='ltr'>ἐκείνων</span> <span class='ocrx_word' id='word_1_242' title='bbox 3153 1744 3308 1807; x_wconf 78' lang='grc' dir='ltr'>τάξιν</span> <span class='ocrx_word' id='word_1_243' title='bbox 3337 1762 3394 1796; x_wconf 88' lang='grc' dir='ltr'><strong>τε</strong></span> <span class='ocrx_word' id='word_1_244' title='bbox 3429 1748 3526 1798; x_wconf 72' lang='grc' dir='ltr'>καὶ</span> <span class='ocrx_word' id='word_1_245' title='bbox 3579 1749 3744 1815; x_wconf 57' lang='grc' dir='ltr'>συνὴ-</span> 
     </span>
    </p>
   </div>
   <div class='ocr_carea' id='block_1_33' title="bbox 2170 1836 3746 1905">
    <p class='ocr_par' dir='ltr' id='par_1_33' title="bbox 2170 1836 3746 1905">
     <span class='ocr_line' id='line_1_33' title="bbox 2170 1836 3746 1905; baseline 0 -17"><span class='ocrx_word' id='word_1_246' title='bbox 2170 1837 2340 1889; x_wconf 72' lang='grc' dir='ltr'>θειαν.</span> <span class='ocrx_word' id='word_1_247' title='bbox 2377 1839 2605 1902; x_wconf 84' lang='grc' dir='ltr'>Ἱδωμεν</span> <span class='ocrx_word' id='word_1_248' title='bbox 2649 1836 2705 1888; x_wconf 80' lang='grc' dir='ltr'>δὲ</span> <span class='ocrx_word' id='word_1_249' title='bbox 2755 1836 2847 1887; x_wconf 75' lang='grc' dir='ltr'>καὶ</span> <span class='ocrx_word' id='word_1_250' title='bbox 2900 1836 3027 1905; x_wconf 70' lang='grc' dir='ltr'>περὶ</span> <span class='ocrx_word' id='word_1_251' title='bbox 3069 1837 3229 1890; x_wconf 87' lang='grc' dir='ltr'>τίνων</span> <span class='ocrx_word' id='word_1_252' title='bbox 3271 1837 3417 1902; x_wconf 82' lang='grc' dir='ltr'>λέγει</span> <span class='ocrx_word' id='word_1_253' title='bbox 3469 1839 3633 1890; x_wconf 74' lang='grc' dir='ltr'>Δαΰὶδ</span> <span class='ocrx_word' id='word_1_254' title='bbox 3665 1841 3746 1900; x_wconf 75' lang='grc' dir='ltr'><strong>τὸ,</strong></span> 
     </span>
    </p>
   </div>
   <div class='ocr_carea' id='block_1_34' title="bbox 489 1908 2070 2001">
    <p class='ocr_par' dir='ltr' id='par_1_34' title="bbox 489 1925 2062 2001">
     <span class='ocr_line' id='line_1_34' title="bbox 489 1925 2062 2001; baseline 0.004 -25"><span class='ocrx_word' id='word_1_255' title='bbox 489 1925 647 1977; x_wconf 80' lang='lat' dir='ltr'><strong>valde</strong></span> <span class='ocrx_word' id='word_1_256' title='bbox 675 1925 868 1978; x_wconf 80' lang='lat' dir='ltr'><strong>elevali</strong></span> <span class='ocrx_word' id='word_1_257' title='bbox 897 1936 1040 1978; x_wconf 84' lang='lat' dir='ltr'><strong>sunt.</strong></span> <span class='ocrx_word' id='word_1_258' title='bbox 1071 1946 1088 1974; x_wconf 75' lang='grc' dir='ltr'><strong>ι</strong></span> <span class='ocrx_word' id='word_1_259' title='bbox 1117 1925 1391 1991; x_wconf 84' lang='lat' dir='ltr'><strong>Quinam?</strong></span> <span class='ocrx_word' id='word_1_260' title='bbox 1421 1928 1683 1998; x_wconf 80' lang='lat' dir='ltr'><strong>Discipuli</strong></span> <span class='ocrx_word' id='word_1_261' title='bbox 1715 1931 1859 1984; x_wconf 67' lang='lat' dir='ltr'><strong>illius</strong></span> <span class='ocrx_word' id='word_1_262' title='bbox 1882 1937 2062 2001; x_wconf 86' lang='lat' dir='ltr'><strong>pauci,</strong></span> 
     </span>
    </p>
   </div>
   <div class='ocr_carea' id='block_1_35' title="bbox 2177 1908 3748 2001">
    <p class='ocr_par' dir='ltr' id='par_1_35' title="bbox 2179 1921 3748 1997">
     <span class='ocr_line' id='line_1_35' title="bbox 2179 1921 3748 1997; baseline 0.002 -19"><span class='ocrx_word' id='word_1_263' title='bbox 2179 1921 2284 1980; x_wconf 76' lang='grc' dir='ltr'>ιΟῦ</span> <span class='ocrx_word' id='word_1_264' title='bbox 2309 1931 2356 1979; x_wconf 77' lang='grc' dir='ltr'>οξ</span> <span class='ocrx_word' id='word_1_265' title='bbox 2397 1927 2648 1994; x_wconf 79' lang='grc' dir='ltr'>κραταιοὶ</span> <span class='ocrx_word' id='word_1_266' title='bbox 2675 1928 2768 1994; x_wconf 75' lang='grc' dir='ltr'><strong>τῆς</strong></span> <span class='ocrx_word' id='word_1_267' title='bbox 2798 1926 2901 1993; x_wconf 78' lang='grc' dir='ltr'>γῆς</span> <span class='ocrx_word' id='word_1_268' title='bbox 2951 1927 3156 1995; x_wconf 81' lang='grc' dir='ltr'>σφόδρα</span> <span class='ocrx_word' id='word_1_269' title='bbox 3231 1929 3608 1997; x_wconf 76' lang='grc' dir='ltr'>ἐπήρθησαν.»</span> <span class='ocrx_word' id='word_1_270' title='bbox 3653 1930 3748 1980; x_wconf 83' lang='grc' dir='ltr'><strong>Τί-</strong></span> 
     </span>
    </p>
   </div>
   <div class='ocr_carea' id='block_1_36' title="bbox 490 2017 2068 2086">
    <p class='ocr_par' dir='ltr' id='par_1_36' title="bbox 490 2017 2068 2086">
     <span class='ocr_line' id='line_1_36' title="bbox 490 2017 2068 2086; baseline 0.008 -19"><span class='ocrx_word' id='word_1_271' title='bbox 490 2017 585 2083; x_wconf 90' lang='lat' dir='ltr'><strong>qui</strong></span> <span class='ocrx_word' id='word_1_272' title='bbox 636 2020 797 2068; x_wconf 81' lang='lat' dir='ltr'><strong>modo</strong></span> <span class='ocrx_word' id='word_1_273' title='bbox 846 2027 1000 2068; x_wconf 86' lang='lat' dir='ltr'><strong>erant</strong></span> <span class='ocrx_word' id='word_1_274' title='bbox 1042 2017 1296 2082; x_wconf 86' lang='lat' dir='ltr'><strong>humiles,</strong></span> <span class='ocrx_word' id='word_1_275' title='bbox 1345 2019 1548 2073; x_wconf 81' lang='lat' dir='ltr'><strong>indOCti</strong></span> <span class='ocrx_word' id='word_1_276' title='bbox 1589 2029 1644 2074; x_wconf 88' lang='lat' dir='ltr'><strong>et</strong></span> <span class='ocrx_word' id='word_1_277' title='bbox 1689 2022 1871 2086; x_wconf 80' lang='lat' dir='ltr'><strong>rudes,</strong></span> <span class='ocrx_word' id='word_1_278' title='bbox 1923 2041 2068 2080; x_wconf 89' lang='lat' dir='ltr'><strong>mmc</strong></span> 
     </span>
    </p>
   </div>
   <div class='ocr_carea' id='block_1_37' title="bbox 498 2105 2068 2177">
    <p class='ocr_par' dir='ltr' id='par_1_37' title="bbox 498 2105 2068 2177">
     <span class='ocr_line' id='line_1_37' title="bbox 498 2105 2068 2177; baseline 0.006 -21"><span class='ocrx_word' id='word_1_279' title='bbox 498 2121 624 2156; x_wconf 73' lang='lat' dir='ltr'><strong>vero</strong></span> <span class='ocrx_word' id='word_1_280' title='bbox 666 2106 919 2158; x_wconf 77' lang='lat' dir='ltr'><strong>doctores</strong></span> <span class='ocrx_word' id='word_1_281' title='bbox 950 2105 1117 2159; x_wconf 86' lang='lat' dir='ltr'><strong>totius</strong></span> <span class='ocrx_word' id='word_1_282' title='bbox 1162 2108 1345 2160; x_wconf 88' lang='lat' dir='ltr'><strong>orbis:</strong></span> <span class='ocrx_word' id='word_1_283' title='bbox 1381 2109 1470 2176; x_wconf 92' lang='lat' dir='ltr'><strong>qni</strong></span> <span class='ocrx_word' id='word_1_284' title='bbox 1507 2115 1939 2177; x_wconf 62' lang='lat' dir='ltr'><strong>pCl‘St&#39;CIIUOHCIH</strong></span> <span class='ocrx_word' id='word_1_285' title='bbox 1974 2131 2068 2168; x_wconf 86' lang='lat' dir='ltr'><strong>su-</strong></span> 
     </span>
    </p>
   </div>
   <div class='ocr_carea' id='block_1_38' title="bbox 495 2196 2068 2272">
    <p class='ocr_par' dir='ltr' id='par_1_38' title="bbox 495 2196 2068 2272">
     <span class='ocr_line' id='line_1_38' title="bbox 495 2196 2068 2272; baseline 0.008 -25"><span class='ocrx_word' id='word_1_286' title='bbox 495 2197 814 2249; x_wconf 80' lang='lat' dir='ltr'><strong>stinuerunt</strong></span> <span class='ocrx_word' id='word_1_287' title='bbox 871 2196 938 2249; x_wconf 88' lang='lat' dir='ltr'><strong>ab</strong></span> <span class='ocrx_word' id='word_1_288' title='bbox 987 2198 1265 2258; x_wconf 84' lang='lat' dir='ltr'><strong>omnibus,</strong></span> <span class='ocrx_word' id='word_1_289' title='bbox 1315 2199 1406 2266; x_wconf 86' lang='lat' dir='ltr'><strong>qui</strong></span> <span class='ocrx_word' id='word_1_290' title='bbox 1457 2199 1671 2268; x_wconf 80' lang='lat' dir='ltr'><strong>injuriis</strong></span> <span class='ocrx_word' id='word_1_291' title='bbox 1727 2203 1927 2262; x_wconf 61' lang='lat' dir='ltr'><strong>allecti.</strong></span> <span class='ocrx_word' id='word_1_292' title='bbox 1977 2207 2068 2272; x_wconf 85' lang='lat' dir='ltr'><strong>qui</strong></span> 
     </span>
    </p>
   </div>
   <div class='ocr_carea' id='block_1_39' title="bbox 492 2287 2069 2362">
    <p class='ocr_par' dir='ltr' id='par_1_39' title="bbox 492 2287 2069 2362">
     <span class='ocr_line' id='line_1_39' title="bbox 492 2287 2069 2362; baseline 0.008 -27"><span class='ocrx_word' id='word_1_293' title='bbox 492 2287 740 2354; x_wconf 73' lang='lat' dir='ltr'><strong>colaphis</strong></span> <span class='ocrx_word' id='word_1_294' title='bbox 777 2288 921 2348; x_wconf 69' lang='lat' dir='ltr'><strong>itesi,</strong></span> <span class='ocrx_word' id='word_1_295' title='bbox 961 2287 1054 2354; x_wconf 90' lang='lat' dir='ltr'><strong>qni</strong></span> <span class='ocrx_word' id='word_1_296' title='bbox 1111 2305 1216 2341; x_wconf 90' lang='lat' dir='ltr'><strong>non</strong></span> <span class='ocrx_word' id='word_1_297' title='bbox 1251 2288 1528 2343; x_wconf 85' lang='lat' dir='ltr'><strong>habebant</strong></span> <span class='ocrx_word' id='word_1_298' title='bbox 1570 2308 1679 2359; x_wconf 89' lang='lat' dir='ltr'><strong>quo</strong></span> <span class='ocrx_word' id='word_1_299' title='bbox 1710 2304 1870 2362; x_wconf 85' lang='lat' dir='ltr'><strong>caput</strong></span> <span class='ocrx_word' id='word_1_300' title='bbox 1909 2298 2069 2350; x_wconf 64' lang='lat' dir='ltr'><strong>reclio</strong></span> 
     </span>
    </p>
   </div>
   <div class='ocr_carea' id='block_1_40' title="bbox 493 2378 2070 2449">
    <p class='ocr_par' dir='ltr' id='par_1_40' title="bbox 493 2378 2070 2449">
     <span class='ocr_line' id='line_1_40' title="bbox 493 2378 2070 2449; baseline 0.009 -23"><span class='ocrx_word' id='word_1_301' title='bbox 493 2385 706 2438; x_wconf 87' lang='lat' dir='ltr'><strong>nare-nt,</strong></span> <span class='ocrx_word' id='word_1_302' title='bbox 745 2393 888 2428; x_wconf 78' lang='lat' dir='ltr'><strong>ltum:</strong></span> <span class='ocrx_word' id='word_1_303' title='bbox 928 2378 1188 2430; x_wconf 69' lang='lat' dir='ltr'><strong>sublimes</strong></span> <span class='ocrx_word' id='word_1_304' title='bbox 1218 2387 1273 2431; x_wconf 88' lang='lat' dir='ltr'><strong>et</strong></span> <span class='ocrx_word' id='word_1_305' title='bbox 1305 2381 1482 2449; x_wconf 81' lang='lat' dir='ltr'><strong>magni</strong></span> <span class='ocrx_word' id='word_1_306' title='bbox 1509 2380 1790 2445; x_wconf 84' lang='lat' dir='ltr'><strong>videntur,</strong></span> <span class='ocrx_word' id='word_1_307' title='bbox 1823 2395 1875 2437; x_wconf 88' lang='lat' dir='ltr'><strong>et</strong></span> <span class='ocrx_word' id='word_1_308' title='bbox 1904 2385 2070 2441; x_wconf 83' lang='lat' dir='ltr'><strong>fortes</strong></span> 
     </span>
    </p>
   </div>
   <div class='ocr_carea' id='block_1_41' title="bbox 496 2466 2066 2536">
    <p class='ocr_par' dir='ltr' id='par_1_41' title="bbox 496 2466 2066 2536">
     <span class='ocr_line' id='line_1_41' title="bbox 496 2466 2066 2536; baseline 0.007 -19"><span class='ocrx_word' id='word_1_309' title='bbox 496 2466 612 2524; x_wconf 81' lang='lat' dir='ltr'><strong>llei.</strong></span> <span class='ocrx_word' id='word_1_310' title='bbox 652 2475 700 2516; x_wconf 93' lang='lat' dir='ltr'><strong>ct</strong></span> <span class='ocrx_word' id='word_1_311' title='bbox 746 2468 814 2518; x_wconf 88' lang='lat' dir='ltr'><strong>ad</strong></span> <span class='ocrx_word' id='word_1_312' title='bbox 859 2466 1083 2521; x_wconf 82' lang='lat' dir='ltr'><strong>honoris</strong></span> <span class='ocrx_word' id='word_1_313' title='bbox 1111 2467 1384 2536; x_wconf 75' lang='lat' dir='ltr'><strong>fastigium</strong></span> <span class='ocrx_word' id='word_1_314' title='bbox 1416 2471 1637 2524; x_wconf 87' lang='lat' dir='ltr'><strong>elevati.</strong></span> <span class='ocrx_word' id='word_1_315' title='bbox 1669 2472 1873 2528; x_wconf 83' lang='lat' dir='ltr'><strong>Omnes</strong></span> <span class='ocrx_word' id='word_1_316' title='bbox 1922 2477 2066 2529; x_wconf 91' lang='lat' dir='ltr'><strong>enim</strong></span> 
     </span>
    </p>
   </div>
   <div class='ocr_carea' id='block_1_42' title="bbox 496 2556 2073 2635">
    <p class='ocr_par' dir='ltr' id='par_1_42' title="bbox 496 2556 2073 2635">
     <span class='ocr_line' id='line_1_42' title="bbox 496 2556 2073 2635; baseline 0.011 -32"><span class='ocrx_word' id='word_1_317' title='bbox 496 2556 792 2624; x_wconf 83' lang='lat' dir='ltr'><strong>principes,</strong></span> <span class='ocrx_word' id='word_1_318' title='bbox 836 2573 1026 2610; x_wconf 82' lang='lat' dir='ltr'><strong>omnes</strong></span> <span class='ocrx_word' id='word_1_319' title='bbox 1057 2570 1308 2627; x_wconf 70' lang='lat' dir='ltr'><strong>satrapre,</strong></span> <span class='ocrx_word' id='word_1_320' title='bbox 1347 2576 1538 2615; x_wconf 86' lang='lat' dir='ltr'><strong>omnes</strong></span> <span class='ocrx_word' id='word_1_321' title='bbox 1573 2578 1725 2632; x_wconf 79' lang='lat' dir='ltr'><strong>reges</strong></span> <span class='ocrx_word' id='word_1_322' title='bbox 1757 2575 1912 2619; x_wconf 64' lang='lat' dir='ltr'><strong>terra!</strong></span> <span class='ocrx_word' id='word_1_323' title='bbox 1950 2577 2073 2635; x_wconf 87' lang='lat' dir='ltr'><strong>post</strong></span> 
     </span>
    </p>
   </div>
   <div class='ocr_carea' id='block_1_43' title="bbox 496 2647 2074 2727">
    <p class='ocr_par' dir='ltr' id='par_1_43' title="bbox 496 2647 2074 2727">
     <span class='ocr_line' id='line_1_43' title="bbox 496 2647 2074 2727; baseline 0.012 -29"><span class='ocrx_word' id='word_1_324' title='bbox 496 2647 668 2710; x_wconf 73' lang='lat' dir='ltr'><strong>Deum</strong></span> <span class='ocrx_word' id='word_1_325' title='bbox 711 2651 992 2716; x_wconf 87' lang='lat' dir='ltr'><strong>apostolos</strong></span> <span class='ocrx_word' id='word_1_326' title='bbox 1039 2650 1244 2703; x_wconf 81' lang='lat' dir='ltr'><strong>habent</strong></span> <span class='ocrx_word' id='word_1_327' title='bbox 1289 2654 1603 2717; x_wconf 85' lang='lat' dir='ltr'><strong>advocatos,</strong></span> <span class='ocrx_word' id='word_1_328' title='bbox 1644 2656 1899 2727; x_wconf 86' lang='lat' dir='ltr'><strong>ipsosque</strong></span> <span class='ocrx_word' id='word_1_329' title='bbox 1945 2661 2074 2716; x_wconf 91' lang='lat' dir='ltr'><strong>doc-</strong></span> 
     </span>
    </p>
   </div>
   <div class='ocr_carea' id='block_1_44' title="bbox 497 2743 2069 2818">
    <p class='ocr_par' dir='ltr' id='par_1_44' title="bbox 497 2743 2069 2818">
     <span class='ocr_line' id='line_1_44' title="bbox 497 2743 2069 2818; baseline 0.008 -25"><span class='ocrx_word' id='word_1_330' title='bbox 497 2750 646 2793; x_wconf 84' lang='lat' dir='ltr'><strong>tores</strong></span> <span class='ocrx_word' id='word_1_331' title='bbox 700 2750 755 2793; x_wconf 86' lang='lat' dir='ltr'><strong>et</strong></span> <span class='ocrx_word' id='word_1_332' title='bbox 807 2743 976 2796; x_wconf 88' lang='lat' dir='ltr'><strong>duces</strong></span> <span class='ocrx_word' id='word_1_333' title='bbox 1025 2743 1216 2797; x_wconf 86' lang='lat' dir='ltr'><strong>salutis</strong></span> <span class='ocrx_word' id='word_1_334' title='bbox 1247 2760 1357 2799; x_wconf 64' lang='lat' dir='ltr'><strong>sua:</strong></span> <span class='ocrx_word' id='word_1_335' title='bbox 1410 2748 1763 2800; x_wconf 79' lang='lat' dir='ltr'><strong>confitentur.</strong></span> <span class='ocrx_word' id='word_1_336' title='bbox 1822 2753 2069 2818; x_wconf 83' lang='lat' dir='ltr'><strong>Apostoli</strong></span> 
     </span>
    </p>
   </div>
   <div class='ocr_carea' id='block_1_45' title="bbox 494 2831 2069 2908">
    <p class='ocr_par' dir='ltr' id='par_1_45' title="bbox 494 2831 2069 2908">
     <span class='ocr_line' id='line_1_45' title="bbox 494 2831 2069 2908; baseline 0.008 -26"><span class='ocrx_word' id='word_1_337' title='bbox 494 2831 643 2883; x_wconf 86' lang='lat' dir='ltr'><strong>enim</strong></span> <span class='ocrx_word' id='word_1_338' title='bbox 700 2831 1005 2886; x_wconf 85' lang='lat' dir='ltr'><strong>docuerunt</strong></span> <span class='ocrx_word' id='word_1_339' title='bbox 1055 2835 1410 2904; x_wconf 73' lang='lat' dir='ltr'><strong>Evangelium</strong></span> <span class='ocrx_word' id='word_1_340' title='bbox 1462 2853 1679 2892; x_wconf 86' lang='lat' dir='ltr'><strong>onmem</strong></span> <span class='ocrx_word' id='word_1_341' title='bbox 1737 2855 2069 2908; x_wconf 72' lang='lat' dir='ltr'><strong>creaturam,</strong></span> 
     </span>
    </p>
   </div>
   <div class='ocr_carea' id='block_1_46' title="bbox 503 2923 2067 2996">
    <p class='ocr_par' dir='ltr' id='par_1_46' title="bbox 503 2923 2067 2996">
     <span class='ocr_line' id='line_1_46' title="bbox 503 2923 2067 2996; baseline 0.01 -20"><span class='ocrx_word' id='word_1_342' title='bbox 503 2923 784 2978; x_wconf 73' lang='lat' dir='ltr'><strong>ntiraeuiis</strong></span> <span class='ocrx_word' id='word_1_343' title='bbox 827 2924 990 2978; x_wconf 88' lang='lat' dir='ltr'><strong>simul</strong></span> <span class='ocrx_word' id='word_1_344' title='bbox 1027 2925 1157 2979; x_wconf 86' lang='lat' dir='ltr'><strong>illud</strong></span> <span class='ocrx_word' id='word_1_345' title='bbox 1208 2929 1651 2996; x_wconf 82' lang='lat' dir='ltr'><strong>coiiiprobantcs,</strong></span> <span class='ocrx_word' id='word_1_346' title='bbox 1708 2943 1764 2986; x_wconf 91' lang='lat' dir='ltr'><strong>ut</strong></span> <span class='ocrx_word' id='word_1_347' title='bbox 1793 2933 2067 2992; x_wconf 80' lang='lat' dir='ltr'><strong>diximus:</strong></span> 
     </span>
    </p>
   </div>
   <div class='ocr_carea' id='block_1_47' title="bbox 496 3016 2069 3091">
    <p class='ocr_par' dir='ltr' id='par_1_47' title="bbox 496 3016 2069 3091">
     <span class='ocr_line' id='line_1_47' title="bbox 496 3016 2069 3091; baseline 0.008 -25"><span class='ocrx_word' id='word_1_348' title='bbox 496 3022 554 3067; x_wconf 83' lang='lat' dir='ltr'><strong>et</strong></span> <span class='ocrx_word' id='word_1_349' title='bbox 609 3016 700 3082; x_wconf 90' lang='lat' dir='ltr'><strong>qui</strong></span> <span class='ocrx_word' id='word_1_350' title='bbox 758 3016 912 3082; x_wconf 83' lang='lat' dir='ltr'><strong>prius</strong></span> <span class='ocrx_word' id='word_1_351' title='bbox 947 3025 1326 3084; x_wconf 83' lang='lat' dir='ltr'><strong>persecutores</strong></span> <span class='ocrx_word' id='word_1_352' title='bbox 1377 3030 1535 3071; x_wconf 78' lang='lat' dir='ltr'><strong>erant</strong></span> <span class='ocrx_word' id='word_1_353' title='bbox 1578 3024 1816 3076; x_wconf 87' lang='lat' dir='ltr'><strong>nominis</strong></span> <span class='ocrx_word' id='word_1_354' title='bbox 1844 3023 2069 3091; x_wconf 77' lang='lat' dir='ltr'><strong>Christi,</strong></span> 
     </span>
    </p>
   </div>
   <div class='ocr_carea' id='block_1_48' title="bbox 498 3108 2068 3190">
    <p class='ocr_par' dir='ltr' id='par_1_48' title="bbox 498 3108 2068 3190">
     <span class='ocr_line' id='line_1_48' title="bbox 498 3108 2068 3190; baseline 0.008 -32"><span class='ocrx_word' id='word_1_355' title='bbox 498 3122 645 3159; x_wconf 90' lang='lat' dir='ltr'><strong>nunc</strong></span> <span class='ocrx_word' id='word_1_356' title='bbox 671 3123 767 3175; x_wconf 92' lang='lat' dir='ltr'><strong>pro</strong></span> <span class='ocrx_word' id='word_1_357' title='bbox 792 3108 884 3160; x_wconf 92' lang='lat' dir='ltr'><strong>illo</strong></span> <span class='ocrx_word' id='word_1_358' title='bbox 911 3109 1078 3161; x_wconf 88' lang='lat' dir='ltr'><strong>vitam</strong></span> <span class='ocrx_word' id='word_1_359' title='bbox 1105 3109 1388 3177; x_wconf 86' lang='lat' dir='ltr'><strong>deponunt</strong></span> <span class='ocrx_word' id='word_1_360' title='bbox 1412 3130 1423 3164; x_wconf 92' lang='lat'><strong>:</strong></span> <span class='ocrx_word' id='word_1_361' title='bbox 1456 3123 1509 3164; x_wconf 87' lang='lat' dir='ltr'><strong>et</strong></span> <span class='ocrx_word' id='word_1_362' title='bbox 1536 3113 1630 3181; x_wconf 91' lang='lat' dir='ltr'><strong>qui</strong></span> <span class='ocrx_word' id='word_1_363' title='bbox 1659 3116 1809 3181; x_wconf 87' lang='lat' dir='ltr'><strong>prius</strong></span> <span class='ocrx_word' id='word_1_364' title='bbox 1837 3117 1887 3168; x_wconf 91' lang='lat' dir='ltr'><strong>in</strong></span> <span class='ocrx_word' id='word_1_365' title='bbox 1921 3118 2068 3190; x_wconf 67' lang='lat' dir='ltr'><strong>illum</strong></span> 
     </span>
    </p>
   </div>
   <div class='ocr_carea' id='block_1_49' title="bbox 497 3197 2070 3279">
    <p class='ocr_par' dir='ltr' id='par_1_49' title="bbox 497 3197 2070 3279">
     <span class='ocr_line' id='line_1_49' title="bbox 497 3197 2070 3279; baseline 0.008 -28"><span class='ocrx_word' id='word_1_366' title='bbox 497 3197 804 3253; x_wconf 85' lang='lat' dir='ltr'><strong>calumnias</strong></span> <span class='ocrx_word' id='word_1_367' title='bbox 856 3208 910 3253; x_wconf 83' lang='lat' dir='ltr'><strong>et</strong></span> <span class='ocrx_word' id='word_1_368' title='bbox 968 3201 1306 3270; x_wconf 77' lang='lat' dir='ltr'><strong>tyrannidem</strong></span> <span class='ocrx_word' id='word_1_369' title='bbox 1362 3205 1712 3272; x_wconf 83' lang='lat' dir='ltr'><strong>exercebant,</strong></span> <span class='ocrx_word' id='word_1_370' title='bbox 1780 3225 1922 3263; x_wconf 91' lang='lat' dir='ltr'><strong>nunc</strong></span> <span class='ocrx_word' id='word_1_371' title='bbox 1976 3226 2070 3279; x_wconf 83' lang='lat' dir='ltr'><strong>per</strong></span> 
     </span>
    </p>
   </div>
   <div class='ocr_carea' id='block_1_50' title="bbox 498 3289 2066 3367">
    <p class='ocr_par' dir='ltr' id='par_1_50' title="bbox 498 3289 2066 3367">
     <span class='ocr_line' id='line_1_50' title="bbox 498 3289 2066 3367; baseline 0.008 -24"><span class='ocrx_word' id='word_1_372' title='bbox 498 3289 777 3343; x_wconf 87' lang='lat' dir='ltr'><strong>Christum</strong></span> <span class='ocrx_word' id='word_1_373' title='bbox 804 3299 857 3344; x_wconf 88' lang='lat' dir='ltr'><strong>et</strong></span> <span class='ocrx_word' id='word_1_374' title='bbox 889 3293 1166 3360; x_wconf 81' lang='lat' dir='ltr'><strong>apostolos</strong></span> <span class='ocrx_word' id='word_1_375' title='bbox 1189 3295 1314 3348; x_wconf 88' lang='lat' dir='ltr'><strong>facti</strong></span> <span class='ocrx_word' id='word_1_376' title='bbox 1343 3308 1469 3349; x_wconf 84' lang='lat' dir='ltr'><strong>sunt</strong></span> <span class='ocrx_word' id='word_1_377' title='bbox 1495 3307 1762 3365; x_wconf 82' lang='lat' dir='ltr'><strong>pastores,</strong></span> <span class='ocrx_word' id='word_1_378' title='bbox 1793 3299 2066 3367; x_wconf 80' lang='lat' dir='ltr'><strong>doctores,</strong></span> 
     </span>
    </p>
   </div>
   <div class='ocr_carea' id='block_1_51' title="bbox 497 3380 2069 3462">
    <p class='ocr_par' dir='ltr' id='par_1_51' title="bbox 497 3380 2069 3462">
     <span class='ocr_line' id='line_1_51' title="bbox 497 3380 2069 3462; baseline 0.011 -32"><span class='ocrx_word' id='word_1_379' title='bbox 497 3391 552 3432; x_wconf 87' lang='lat' dir='ltr'><strong>et</strong></span> <span class='ocrx_word' id='word_1_380' title='bbox 585 3380 734 3433; x_wconf 85' lang='lat' dir='ltr'><strong>orbis</strong></span> <span class='ocrx_word' id='word_1_381' title='bbox 765 3380 1057 3436; x_wconf 82' lang='lat' dir='ltr'><strong>luminaria</strong></span> <span class='ocrx_word' id='word_1_382' title='bbox 1107 3383 1226 3453; x_wconf 90' lang='lat' dir='ltr'><strong>ipso</strong></span> <span class='ocrx_word' id='word_1_383' title='bbox 1269 3388 1382 3441; x_wconf 89' lang='lat' dir='ltr'><strong>sole</strong></span> <span class='ocrx_word' id='word_1_384' title='bbox 1425 3389 1835 3456; x_wconf 86' lang='lat' dir='ltr'><strong>splendidiora:</strong></span> <span class='ocrx_word' id='word_1_385' title='bbox 1881 3403 1937 3447; x_wconf 89' lang='lat' dir='ltr'><strong>et</strong></span> <span class='ocrx_word' id='word_1_386' title='bbox 1976 3395 2069 3462; x_wconf 89' lang='lat' dir='ltr'><strong>qui</strong></span> 
     </span>
    </p>
   </div>
   <div class='ocr_carea' id='block_1_52' title="bbox 502 3470 2065 3545">
    <p class='ocr_par' dir='ltr' id='par_1_52' title="bbox 502 3470 2065 3545">
     <span class='ocr_line' id='line_1_52' title="bbox 502 3470 2065 3545; baseline 0.008 -22"><span class='ocrx_word' id='word_1_387' title='bbox 502 3470 670 3524; x_wconf 89' lang='lat' dir='ltr'><strong>modo</strong></span> <span class='ocrx_word' id='word_1_388' title='bbox 716 3472 987 3527; x_wconf 83' lang='lat' dir='ltr'><strong>idolorum</strong></span> <span class='ocrx_word' id='word_1_389' title='bbox 1037 3487 1194 3530; x_wconf 90' lang='lat' dir='ltr'><strong>erant</strong></span> <span class='ocrx_word' id='word_1_390' title='bbox 1228 3479 1487 3545; x_wconf 86' lang='lat' dir='ltr'><strong>cultores,</strong></span> <span class='ocrx_word' id='word_1_391' title='bbox 1529 3497 1674 3536; x_wconf 90' lang='lat' dir='ltr'><strong>nunc</strong></span> <span class='ocrx_word' id='word_1_392' title='bbox 1703 3482 1905 3537; x_wconf 90' lang='lat' dir='ltr'><strong>Christi</strong></span> <span class='ocrx_word' id='word_1_393' title='bbox 1943 3499 2065 3538; x_wconf 89' lang='lat' dir='ltr'><strong>sunt</strong></span> 
     </span>
    </p>
   </div>
   <div class='ocr_carea' id='block_1_53' title="bbox 503 3571 2068 3647">
    <p class='ocr_par' dir='ltr' id='par_1_53' title="bbox 503 3571 2068 3647">
     <span class='ocr_line' id='line_1_53' title="bbox 503 3571 2068 3647; baseline 0.01 -33"><span class='ocrx_word' id='word_1_394' title='bbox 503 3576 797 3632; x_wconf 78' lang='lat' dir='ltr'><strong>martyres,</strong></span> <span class='ocrx_word' id='word_1_395' title='bbox 845 3574 899 3618; x_wconf 86' lang='lat' dir='ltr'><strong>et</strong></span> <span class='ocrx_word' id='word_1_396' title='bbox 929 3578 1149 3635; x_wconf 85' lang='lat' dir='ltr'><strong>accepta</strong></span> <span class='ocrx_word' id='word_1_397' title='bbox 1198 3585 1228 3622; x_wconf 90' lang='lat' dir='ltr'><strong>a</strong></span> <span class='ocrx_word' id='word_1_398' title='bbox 1262 3571 1372 3623; x_wconf 91' lang='lat' dir='ltr'><strong>Deo</strong></span> <span class='ocrx_word' id='word_1_399' title='bbox 1411 3574 1581 3639; x_wconf 78' lang='lat' dir='ltr'><strong>gratia</strong></span> <span class='ocrx_word' id='word_1_400' title='bbox 1620 3572 1699 3642; x_wconf 80' lang='lat' dir='ltr'><strong>(ut</strong></span> <span class='ocrx_word' id='word_1_401' title='bbox 1726 3573 1931 3627; x_wconf 85' lang='lat' dir='ltr'><strong>dictum</strong></span> <span class='ocrx_word' id='word_1_402' title='bbox 1967 3578 2068 3647; x_wconf 70' lang='lat' dir='ltr'><strong>e~t)</strong></span> 
     </span>
    </p>
   </div>
   <div class='ocr_carea' id='block_1_54' title="bbox 506 3652 2070 3730">
    <p class='ocr_par' dir='ltr' id='par_1_54' title="bbox 506 3652 2070 3730">
     <span class='ocr_line' id='line_1_54' title="bbox 506 3652 2070 3730; baseline 0.009 -24"><span class='ocrx_word' id='word_1_403' title='bbox 506 3652 766 3706; x_wconf 64' lang='lat' dir='ltr'><strong>miracula</strong></span> <span class='ocrx_word' id='word_1_404' title='bbox 799 3655 958 3708; x_wconf 71' lang='lat' dir='ltr'><strong>edi-re</strong></span> <span class='ocrx_word' id='word_1_405' title='bbox 1007 3659 1442 3726; x_wconf 84' lang='lat' dir='ltr'><strong>conspiciuntur.</strong></span> <span class='ocrx_word' id='word_1_406' title='bbox 1484 3659 1747 3730; x_wconf 81' lang='lat' dir='ltr'><strong>Martyres</strong></span> <span class='ocrx_word' id='word_1_407' title='bbox 1779 3665 1924 3716; x_wconf 90' lang='lat' dir='ltr'><strong>enim</strong></span> <span class='ocrx_word' id='word_1_408' title='bbox 1965 3683 2070 3720; x_wconf 92' lang='lat' dir='ltr'><strong>non</strong></span> 
     </span>
    </p>
   </div>
   <div class='ocr_carea' id='block_1_55' title="bbox 505 3743 2072 3824">
    <p class='ocr_par' dir='ltr' id='par_1_55' title="bbox 505 3743 2072 3824">
     <span class='ocr_line' id='line_1_55' title="bbox 505 3743 2072 3824; baseline 0.011 -30"><span class='ocrx_word' id='word_1_409' title='bbox 505 3743 614 3796; x_wconf 86' lang='lat' dir='ltr'><strong>vivi</strong></span> <span class='ocrx_word' id='word_1_410' title='bbox 665 3745 827 3799; x_wconf 91' lang='lat' dir='ltr'><strong>modo</strong></span> <span class='ocrx_word' id='word_1_411' title='bbox 875 3749 1137 3802; x_wconf 84' lang='lat' dir='ltr'><strong>miracula</strong></span> <span class='ocrx_word' id='word_1_412' title='bbox 1191 3758 1245 3804; x_wconf 90' lang='lat' dir='ltr'><strong>et</strong></span> <span class='ocrx_word' id='word_1_413' title='bbox 1281 3751 1526 3819; x_wconf 84' lang='lat' dir='ltr'><strong>prodigia</strong></span> <span class='ocrx_word' id='word_1_414' title='bbox 1573 3753 1829 3813; x_wconf 88' lang='lat' dir='ltr'><strong>edebant,</strong></span> <span class='ocrx_word' id='word_1_415' title='bbox 1873 3757 2072 3824; x_wconf 88' lang='lat' dir='ltr'><strong>quibus</strong></span> 
     </span>
    </p>
   </div>
   <div class='ocr_carea' id='block_1_56' title="bbox 502 3837 2073 3915">
    <p class='ocr_par' dir='ltr' id='par_1_56' title="bbox 502 3837 2073 3915">
     <span class='ocr_line' id='line_1_56' title="bbox 502 3837 2073 3915; baseline 0.009 -26"><span class='ocrx_word' id='word_1_416' title='bbox 502 3837 636 3891; x_wconf 85' lang='lat' dir='ltr'><strong>visis</strong></span> <span class='ocrx_word' id='word_1_417' title='bbox 663 3839 967 3894; x_wconf 71' lang='lat' dir='ltr'><strong>idololatra:</strong></span> <span class='ocrx_word' id='word_1_418' title='bbox 994 3842 1423 3910; x_wconf 87' lang='lat' dir='ltr'><strong>obstupuerunt,</strong></span> <span class='ocrx_word' id='word_1_419' title='bbox 1455 3844 1548 3898; x_wconf 89' lang='lat' dir='ltr'><strong>sed</strong></span> <span class='ocrx_word' id='word_1_420' title='bbox 1581 3845 1743 3898; x_wconf 91' lang='lat' dir='ltr'><strong>etiam</strong></span> <span class='ocrx_word' id='word_1_421' title='bbox 1779 3858 1897 3915; x_wconf 84' lang='lat' dir='ltr'><strong>post</strong></span> <span class='ocrx_word' id='word_1_422' title='bbox 1929 3867 2073 3903; x_wconf 88' lang='lat' dir='ltr'><strong>mor-</strong></span> 
     </span>
    </p>
   </div>
   <div class='ocr_carea' id='block_1_57' title="bbox 505 3935 2071 4002">
    <p class='ocr_par' dir='ltr' id='par_1_57' title="bbox 505 3935 2071 4002">
     <span class='ocr_line' id='line_1_57' title="bbox 505 3935 2071 4002; baseline 0.008 -20"><span class='ocrx_word' id='word_1_423' title='bbox 505 3940 613 3982; x_wconf 77' lang='lat' dir='ltr'><strong>tem</strong></span> <span class='ocrx_word' id='word_1_424' title='bbox 650 3946 844 4000; x_wconf 81' lang='lat' dir='ltr'><strong>magna</strong></span> <span class='ocrx_word' id='word_1_425' title='bbox 893 3943 971 4001; x_wconf 87' lang='lat' dir='ltr'><strong>ct_</strong></span> <span class='ocrx_word' id='word_1_426' title='bbox 997 3935 1268 4002; x_wconf 79' lang='lat' dir='ltr'><strong>stupenda</strong></span> <span class='ocrx_word' id='word_1_427' title='bbox 1303 3935 1561 3990; x_wconf 86' lang='lat' dir='ltr'><strong>miracula</strong></span> <span class='ocrx_word' id='word_1_428' title='bbox 1593 3937 1902 3994; x_wconf 88' lang='lat' dir='ltr'><strong>ediderunt.</strong></span> <span class='ocrx_word' id='word_1_429' title='bbox 1954 3942 2071 3996; x_wconf 78' lang='lat' dir='ltr'><strong>Viri</strong></span> 
     </span>
    </p>
   </div>
   <div class='ocr_carea' id='block_1_58' title="bbox 503 4023 2074 4101">
    <p class='ocr_par' dir='ltr' id='par_1_58' title="bbox 503 4023 2074 4101">
     <span class='ocr_line' id='line_1_58' title="bbox 503 4023 2074 4101; baseline 0.007 -26"><span class='ocrx_word' id='word_1_430' title='bbox 503 4023 648 4076; x_wconf 81' lang='lat' dir='ltr'><strong>enim</strong></span> <span class='ocrx_word' id='word_1_431' title='bbox 680 4025 856 4078; x_wconf 90' lang='lat' dir='ltr'><strong>adhuc</strong></span> <span class='ocrx_word' id='word_1_432' title='bbox 887 4026 940 4078; x_wconf 92' lang='lat' dir='ltr'><strong>in</strong></span> <span class='ocrx_word' id='word_1_433' title='bbox 963 4035 1315 4096; x_wconf 77' lang='lat' dir='ltr'><strong>tyrannorum</strong></span> <span class='ocrx_word' id='word_1_434' title='bbox 1343 4040 1640 4096; x_wconf 80' lang='lat' dir='ltr'><strong>conspectu</strong></span> <span class='ocrx_word' id='word_1_435' title='bbox 1663 4030 2074 4101; x_wconf 75' lang='lat' dir='ltr'><strong>interrogabant</strong></span> 
     </span>
    </p>
   </div>
   <div class='ocr_carea' id='block_1_59' title="bbox 505 4111 2073 4178">
    <p class='ocr_par' dir='ltr' id='par_1_59' title="bbox 505 4111 2073 4178">
     <span class='ocr_line' id='line_1_59' title="bbox 505 4111 2073 4178; baseline 0.009 -14"><span class='ocrx_word' id='word_1_436' title='bbox 505 4111 668 4177; x_wconf 79' lang='lat' dir='ltr'><strong>idola,</strong></span> <span class='ocrx_word' id='word_1_437' title='bbox 719 4115 964 4169; x_wconf 86' lang='lat' dir='ltr'><strong>dicentes</strong></span> <span class='ocrx_word' id='word_1_438' title='bbox 1026 4135 1037 4168; x_wconf 91' lang='lat'><strong>:</strong></span> <span class='ocrx_word' id='word_1_439' title='bbox 1081 4118 1135 4169; x_wconf 93' lang='lat' dir='ltr'><strong>In</strong></span> <span class='ocrx_word' id='word_1_440' title='bbox 1191 4119 1410 4172; x_wconf 87' lang='lat' dir='ltr'><strong>nomine</strong></span> <span class='ocrx_word' id='word_1_441' title='bbox 1455 4120 1656 4175; x_wconf 86' lang='lat' dir='ltr'><strong>Christi</strong></span> <span class='ocrx_word' id='word_1_442' title='bbox 1710 4122 1874 4176; x_wconf 90' lang='lat' dir='ltr'><strong>dicite</strong></span> <span class='ocrx_word' id='word_1_443' title='bbox 1934 4125 2073 4178; x_wconf 80' lang='lat' dir='ltr'><strong>veri-</strong></span> 
     </span>
    </p>
   </div>
   <div class='ocr_carea' id='block_1_60' title="bbox 508 4204 2074 4273">
    <p class='ocr_par' dir='ltr' id='par_1_60' title="bbox 508 4204 2074 4273">
     <span class='ocr_line' id='line_1_60' title="bbox 508 4204 2074 4273; baseline 0.009 -17"><span class='ocrx_word' id='word_1_444' title='bbox 508 4212 699 4257; x_wconf 80' lang='lat' dir='ltr'><strong>tatem.</strong></span> <span class='ocrx_word' id='word_1_445' title='bbox 738 4204 806 4258; x_wconf 89' lang='lat' dir='ltr'><strong>Et</strong></span> <span class='ocrx_word' id='word_1_446' title='bbox 868 4209 1276 4273; x_wconf 89' lang='lat' dir='ltr'><strong>responderunt</strong></span> <span class='ocrx_word' id='word_1_447' title='bbox 1330 4210 1493 4271; x_wconf 81' lang='lat' dir='ltr'><strong>idola,</strong></span> <span class='ocrx_word' id='word_1_448' title='bbox 1532 4211 1785 4267; x_wconf 87' lang='lat' dir='ltr'><strong>Christus</strong></span> <span class='ocrx_word' id='word_1_449' title='bbox 1819 4223 1901 4268; x_wconf 88' lang='lat' dir='ltr'><strong>est</strong></span> <span class='ocrx_word' id='word_1_450' title='bbox 1934 4215 2074 4271; x_wconf 88' lang='lat' dir='ltr'><strong>Deus</strong></span> 
     </span>
    </p>
   </div>
   <div class='ocr_carea' id='block_1_61' title="bbox 503 4295 2076 4375">
    <p class='ocr_par' dir='ltr' id='par_1_61' title="bbox 503 4295 2076 4375">
     <span class='ocr_line' id='line_1_61' title="bbox 503 4295 2076 4375; baseline 0.007 -26"><span class='ocrx_word' id='word_1_451' title='bbox 503 4311 687 4351; x_wconf 83' lang='lat' dir='ltr'><strong>verus.</strong></span> <span class='ocrx_word' id='word_1_452' title='bbox 738 4295 991 4352; x_wconf 81' lang='lat' dir='ltr'><strong>lnftdeles</strong></span> <span class='ocrx_word' id='word_1_453' title='bbox 1021 4308 1205 4354; x_wconf 75' lang='lat' dir='ltr'><strong>3&quot;an</strong></span> <span class='ocrx_word' id='word_1_454' title='bbox 1243 4300 1326 4355; x_wconf 84' lang='lat' dir='ltr'><strong>his</strong></span> <span class='ocrx_word' id='word_1_455' title='bbox 1361 4303 1565 4358; x_wconf 88' lang='lat' dir='ltr'><strong>auditis</strong></span> <span class='ocrx_word' id='word_1_456' title='bbox 1596 4321 1788 4375; x_wconf 81' lang='lat' dir='ltr'><strong>magna</strong></span> <span class='ocrx_word' id='word_1_457' title='bbox 1821 4322 1951 4362; x_wconf 82' lang='lat' dir='ltr'><strong>voce</strong></span> <span class='ocrx_word' id='word_1_458' title='bbox 1984 4324 2076 4360; x_wconf 80' lang='lat' dir='ltr'><strong>ex-</strong></span> 
     </span>
    </p>
   </div>
   <div class='ocr_carea' id='block_1_62' title="bbox 504 4389 2075 4466">
    <p class='ocr_par' dir='ltr' id='par_1_62' title="bbox 504 4389 2075 4466">
     <span class='ocr_line' id='line_1_62' title="bbox 504 4389 2075 4466; baseline 0.007 -26"><span class='ocrx_word' id='word_1_459' title='bbox 504 4389 844 4443; x_wconf 80' lang='lat' dir='ltr'><strong>clamabant:</strong></span> <span class='ocrx_word' id='word_1_460' title='bbox 878 4391 1099 4458; x_wconf 63' lang='lat' dir='ltr'><strong>Magnus</strong></span> <span class='ocrx_word' id='word_1_461' title='bbox 1125 4403 1209 4446; x_wconf 90' lang='lat' dir='ltr'><strong>est</strong></span> <span class='ocrx_word' id='word_1_462' title='bbox 1234 4393 1373 4447; x_wconf 88' lang='lat' dir='ltr'><strong>Deus</strong></span> <span class='ocrx_word' id='word_1_463' title='bbox 1398 4394 1856 4458; x_wconf 84' lang='lat' dir='ltr'><strong>Christianorum,</strong></span> <span class='ocrx_word' id='word_1_464' title='bbox 1884 4413 2075 4466; x_wconf 85' lang='lat' dir='ltr'><strong>magna</strong></span> 
     </span>
    </p>
   </div>
   <div class='ocr_carea' id='block_1_63' title="bbox 501 4481 2073 4550">
    <p class='ocr_par' dir='ltr' id='par_1_63' title="bbox 501 4481 2073 4550">
     <span class='ocr_line' id='line_1_63' title="bbox 501 4481 2073 4550; baseline 0.006 -16"><span class='ocrx_word' id='word_1_465' title='bbox 501 4481 670 4535; x_wconf 87' lang='lat' dir='ltr'><strong>etiam</strong></span> <span class='ocrx_word' id='word_1_466' title='bbox 719 4482 850 4538; x_wconf 76' lang='lat' dir='ltr'><strong>lides</strong></span> <span class='ocrx_word' id='word_1_467' title='bbox 884 4481 1147 4550; x_wconf 90' lang='lat' dir='ltr'><strong>ipsorum,</strong></span> <span class='ocrx_word' id='word_1_468' title='bbox 1181 4495 1236 4540; x_wconf 92' lang='lat' dir='ltr'><strong>et</strong></span> <span class='ocrx_word' id='word_1_469' title='bbox 1289 4485 1343 4539; x_wconf 92' lang='lat' dir='ltr'><strong>in</strong></span> <span class='ocrx_word' id='word_1_470' title='bbox 1378 4485 1658 4541; x_wconf 89' lang='lat' dir='ltr'><strong>Christum</strong></span> <span class='ocrx_word' id='word_1_471' title='bbox 1694 4488 2073 4543; x_wconf 88' lang='lat' dir='ltr'><strong>crediderunt.</strong></span> 
     </span>
    </p>
   </div>
   <div class='ocr_carea' id='block_1_64' title="bbox 2173 2017 3753 2089">
    <p class='ocr_par' dir='ltr' id='par_1_64' title="bbox 2173 2017 3753 2089">
     <span class='ocr_line' id='line_1_64' title="bbox 2173 2017 3753 2089; baseline -0.001 -18"><span class='ocrx_word' id='word_1_472' title='bbox 2173 2037 2296 2081; x_wconf 75' lang='grc' dir='ltr'>νεςς</span> <span class='ocrx_word' id='word_1_473' title='bbox 2339 2020 2402 2071; x_wconf 77' lang='lat' dir='ltr'><strong>Oi</strong></span> <span class='ocrx_word' id='word_1_474' title='bbox 2441 2018 2678 2086; x_wconf 78' lang='grc' dir='ltr'>μαθηταὶ</span> <span class='ocrx_word' id='word_1_475' title='bbox 2708 2017 2872 2070; x_wconf 75' lang='grc' dir='ltr'>αὐτοῦ</span> <span class='ocrx_word' id='word_1_476' title='bbox 2898 2019 2946 2069; x_wconf 90' lang='grc' dir='ltr'><strong>οί</strong></span> <span class='ocrx_word' id='word_1_477' title='bbox 2988 2018 3180 2085; x_wconf 81' lang='grc' dir='ltr'>ὀλίγοι,</span> <span class='ocrx_word' id='word_1_478' title='bbox 3241 2021 3289 2072; x_wconf 90' lang='grc' dir='ltr'><strong>οί</strong></span> <span class='ocrx_word' id='word_1_479' title='bbox 3358 2019 3550 2089; x_wconf 79' lang='grc' dir='ltr'>πρώην</span> <span class='ocrx_word' id='word_1_480' title='bbox 3601 2022 3753 2072; x_wconf 76' lang='grc' dir='ltr'>εὐτε-</span> 
     </span>
    </p>
   </div>
   <div class='ocr_carea' id='block_1_65' title="bbox 2174 2109 3750 2179">
    <p class='ocr_par' dir='ltr' id='par_1_65' title="bbox 2174 2109 3750 2179">
     <span class='ocr_line' id='line_1_65' title="bbox 2174 2109 3750 2179; baseline 0.001 -17"><span class='ocrx_word' id='word_1_481' title='bbox 2174 2111 2285 2173; x_wconf 76' lang='grc' dir='ltr'>λεῖς</span> <span class='ocrx_word' id='word_1_482' title='bbox 2322 2114 2413 2162; x_wconf 76' lang='grc' dir='ltr'><strong>καὶ</strong></span> <span class='ocrx_word' id='word_1_483' title='bbox 2447 2111 2675 2179; x_wconf 73' lang='grc' dir='ltr'>ἀμαθεῖς</span> <span class='ocrx_word' id='word_1_484' title='bbox 2712 2113 2804 2162; x_wconf 69' lang='grc' dir='ltr'><strong>καὶ</strong></span> <span class='ocrx_word' id='word_1_485' title='bbox 2838 2111 3109 2178; x_wconf 75' lang='grc' dir='ltr'>ἄγροικοι,</span> <span class='ocrx_word' id='word_1_486' title='bbox 3169 2109 3262 2162; x_wconf 90' lang='grc' dir='ltr'><strong>νῦν</strong></span> <span class='ocrx_word' id='word_1_487' title='bbox 3323 2110 3380 2161; x_wconf 77' lang='grc' dir='ltr'>δὲ</span> <span class='ocrx_word' id='word_1_488' title='bbox 3431 2111 3750 2164; x_wconf 74' lang='grc' dir='ltr'>διδάσκαλοι</span> 
     </span>
    </p>
   </div>
   <div class='ocr_carea' id='block_1_66' title="bbox 2174 2200 3750 2269">
    <p class='ocr_par' dir='ltr' id='par_1_66' title="bbox 2174 2200 3750 2269">
     <span class='ocr_line' id='line_1_66' title="bbox 2174 2200 3750 2269; baseline -0.001 -15"><span class='ocrx_word' id='word_1_489' title='bbox 2174 2203 2270 2268; x_wconf 75' lang='grc' dir='ltr'>τῆς</span> <span class='ocrx_word' id='word_1_490' title='bbox 2295 2204 2644 2268; x_wconf 73' lang='grc' dir='ltr'>οἰκουμένης,</span> <span class='ocrx_word' id='word_1_491' title='bbox 2706 2203 2754 2252; x_wconf 87' lang='grc' dir='ltr'>οἱ</span> <span class='ocrx_word' id='word_1_492' title='bbox 2827 2203 3154 2269; x_wconf 80' lang='grc' dir='ltr'>διωκόμενοι</span> <span class='ocrx_word' id='word_1_493' title='bbox 3197 2200 3350 2267; x_wconf 76' lang='grc' dir='ltr'>παρὰ</span> <span class='ocrx_word' id='word_1_494' title='bbox 3406 2201 3646 2263; x_wconf 76' lang='grc' dir='ltr'>πάντων,</span> <span class='ocrx_word' id='word_1_495' title='bbox 3699 2203 3750 2252; x_wconf 77' lang='grc' dir='ltr'>οἱ</span> 
     </span>
    </p>
   </div>
   <div class='ocr_carea' id='block_1_67' title="bbox 2175 2289 3752 2361">
    <p class='ocr_par' dir='ltr' id='par_1_67' title="bbox 2175 2289 3752 2361">
     <span class='ocr_line' id='line_1_67' title="bbox 2175 2289 3752 2361; baseline -0.001 -17"><span class='ocrx_word' id='word_1_496' title='bbox 2175 2293 2550 2361; x_wconf 76' lang='grc' dir='ltr'>ὑϐριζόμενοι,</span> <span class='ocrx_word' id='word_1_497' title='bbox 2587 2294 2633 2343; x_wconf 75' lang='grc' dir='ltr'>οἱ</span> <span class='ocrx_word' id='word_1_498' title='bbox 2687 2292 3130 2359; x_wconf 72' lang='grc' dir='ltr'>κολαφιζόμενοι,</span> <span class='ocrx_word' id='word_1_499' title='bbox 3181 2291 3230 2342; x_wconf 82' lang='grc' dir='ltr'>οἱ</span> <span class='ocrx_word' id='word_1_500' title='bbox 3266 2289 3340 2360; x_wconf 80' lang='grc' dir='ltr'>μὴ</span> <span class='ocrx_word' id='word_1_501' title='bbox 3371 2291 3584 2358; x_wconf 73' lang='grc' dir='ltr'>ἔχοντες</span> <span class='ocrx_word' id='word_1_502' title='bbox 3637 2291 3752 2344; x_wconf 81' lang='grc' dir='ltr'><strong>ποῦ</strong></span> 
     </span>
    </p>
   </div>
   <div class='ocr_carea' id='block_1_68' title="bbox 2174 2379 3750 2451">
    <p class='ocr_par' dir='ltr' id='par_1_68' title="bbox 2174 2379 3750 2451">
     <span class='ocr_line' id='line_1_68' title="bbox 2174 2379 3750 2451; baseline -0.001 -17"><span class='ocrx_word' id='word_1_503' title='bbox 2174 2381 2270 2451; x_wconf 83' lang='grc' dir='ltr'>τὴν</span> <span class='ocrx_word' id='word_1_504' title='bbox 2299 2381 2537 2448; x_wconf 76' lang='grc' dir='ltr'>κεφαλὴν</span> <span class='ocrx_word' id='word_1_505' title='bbox 2577 2382 2773 2438; x_wconf 72' lang='grc' dir='ltr'>κλῖναι,</span> <span class='ocrx_word' id='word_1_506' title='bbox 2812 2379 2906 2431; x_wconf 90' lang='grc' dir='ltr'><strong>νῦν</strong></span> <span class='ocrx_word' id='word_1_507' title='bbox 2954 2379 3342 2446; x_wconf 78' lang='grc' dir='ltr'>ἀναφαίνονται</span> <span class='ocrx_word' id='word_1_508' title='bbox 3395 2379 3589 2446; x_wconf 68' lang='grc' dir='ltr'>ὑψηλοὶ</span> <span class='ocrx_word' id='word_1_509' title='bbox 3650 2385 3750 2432; x_wconf 78' lang='grc' dir='ltr'><strong>καὶ</strong></span> 
     </span>
    </p>
   </div>
   <div class='ocr_carea' id='block_1_69' title="bbox 2179 2470 3752 2540">
    <p class='ocr_par' dir='ltr' id='par_1_69' title="bbox 2179 2470 3752 2540">
     <span class='ocr_line' id='line_1_69' title="bbox 2179 2470 3752 2540; baseline -0.001 -17"><span class='ocrx_word' id='word_1_510' title='bbox 2179 2471 2426 2540; x_wconf 82' lang='grc' dir='ltr'>μεγάλοι,</span> <span class='ocrx_word' id='word_1_511' title='bbox 2469 2471 2561 2522; x_wconf 68' lang='grc' dir='ltr'>καὶ.</span> <span class='ocrx_word' id='word_1_512' title='bbox 2595 2471 2690 2523; x_wconf 86' lang='grc' dir='ltr'><strong>τοῦ</strong></span> <span class='ocrx_word' id='word_1_513' title='bbox 2721 2470 2856 2522; x_wconf 77' lang='grc' dir='ltr'>Θεοῦ</span> <span class='ocrx_word' id='word_1_514' title='bbox 2905 2473 3183 2539; x_wconf 81' lang='grc' dir='ltr'>κραταιοὶ,</span> <span class='ocrx_word' id='word_1_515' title='bbox 3243 2473 3338 2523; x_wconf 75' lang='grc' dir='ltr'><strong>καὶ</strong></span> <span class='ocrx_word' id='word_1_516' title='bbox 3378 2473 3458 2530; x_wconf 86' lang='grc' dir='ltr'><strong>είς</strong></span> <span class='ocrx_word' id='word_1_517' title='bbox 3518 2470 3619 2540; x_wconf 82' lang='grc' dir='ltr'><strong>τὴν</strong></span> <span class='ocrx_word' id='word_1_518' title='bbox 3651 2472 3752 2537; x_wconf 75' lang='grc' dir='ltr'>τῆς</span> 
     </span>
    </p>
   </div>
   <div class='ocr_carea' id='block_1_70' title="bbox 2176 2560 3750 2630">
    <p class='ocr_par' dir='ltr' id='par_1_70' title="bbox 2176 2560 3750 2630">
     <span class='ocr_line' id='line_1_70' title="bbox 2176 2560 3750 2630; baseline 0 -18"><span class='ocrx_word' id='word_1_519' title='bbox 2176 2562 2339 2628; x_wconf 76' lang='grc' dir='ltr'>τιμῆς</span> <span class='ocrx_word' id='word_1_520' title='bbox 2378 2561 2623 2630; x_wconf 75' lang='grc' dir='ltr'>κορυφὴν</span> <span class='ocrx_word' id='word_1_521' title='bbox 2675 2561 3022 2629; x_wconf 74' lang='grc' dir='ltr'>ἀναχθέντες.</span> <span class='ocrx_word' id='word_1_522' title='bbox 3075 2562 3281 2622; x_wconf 79' lang='grc' dir='ltr'>Πάντες</span> <span class='ocrx_word' id='word_1_523' title='bbox 3325 2561 3432 2627; x_wconf 80' lang='grc' dir='ltr'>γὰρ</span> <span class='ocrx_word' id='word_1_524' title='bbox 3488 2560 3750 2628; x_wconf 73' lang='grc' dir='ltr'>ἄρχὸντες</span> 
     </span>
    </p>
   </div>
   <div class='ocr_carea' id='block_1_71' title="bbox 2176 2652 3749 2722">
    <p class='ocr_par' dir='ltr' id='par_1_71' title="bbox 2176 2652 3749 2722">
     <span class='ocr_line' id='line_1_71' title="bbox 2176 2652 3749 2722; baseline -0.001 -17"><span class='ocrx_word' id='word_1_525' title='bbox 2176 2654 2378 2715; x_wconf 80' lang='grc' dir='ltr'>πάντες</span> <span class='ocrx_word' id='word_1_526' title='bbox 2404 2654 2702 2722; x_wconf 82' lang='grc' dir='ltr'>σατράπαι,</span> <span class='ocrx_word' id='word_1_527' title='bbox 2740 2655 2938 2714; x_wconf 84' lang='grc' dir='ltr'>πάντες</span> <span class='ocrx_word' id='word_1_528' title='bbox 2969 2655 3017 2704; x_wconf 79' lang='lat' dir='ltr'><strong>oi</strong></span> <span class='ocrx_word' id='word_1_529' title='bbox 3057 2653 3299 2720; x_wconf 76' lang='grc' dir='ltr'>βασιλεῖς</span> <span class='ocrx_word' id='word_1_530' title='bbox 3347 2653 3444 2721; x_wconf 83' lang='grc' dir='ltr'><strong>τῆς</strong></span> <span class='ocrx_word' id='word_1_531' title='bbox 3475 2654 3578 2719; x_wconf 72' lang='grc' dir='ltr'>γῆς</span> <span class='ocrx_word' id='word_1_532' title='bbox 3609 2652 3749 2720; x_wconf 80' lang='grc' dir='ltr'>μετὰ</span> 
     </span>
    </p>
   </div>
   <div class='ocr_carea' id='block_1_72' title="bbox 2176 2743 3746 2812">
    <p class='ocr_par' dir='ltr' id='par_1_72' title="bbox 2176 2743 3746 2812">
     <span class='ocr_line' id='line_1_72' title="bbox 2176 2743 3746 2812; baseline -0.001 -17"><span class='ocrx_word' id='word_1_533' title='bbox 2176 2743 2308 2796; x_wconf 86' lang='grc' dir='ltr'>Θεὸν</span> <span class='ocrx_word' id='word_1_534' title='bbox 2332 2745 2456 2796; x_wconf 71' lang='grc' dir='ltr'>τοὺς</span> <span class='ocrx_word' id='word_1_535' title='bbox 2497 2744 2828 2805; x_wconf 74' lang='grc' dir='ltr'>ἀποστόλους</span> <span class='ocrx_word' id='word_1_536' title='bbox 2856 2744 3035 2812; x_wconf 78' lang='grc' dir='ltr'>έχουσι</span> <span class='ocrx_word' id='word_1_537' title='bbox 3071 2744 3406 2812; x_wconf 76' lang='grc' dir='ltr'>προστάτας,</span> <span class='ocrx_word' id='word_1_538' title='bbox 3442 2744 3538 2796; x_wconf 73' lang='grc' dir='ltr'>καὶ</span> <span class='ocrx_word' id='word_1_539' title='bbox 3555 2743 3746 2802; x_wconf 67' lang='grc' dir='ltr'>αὐτοὺς</span> 
     </span>
    </p>
   </div>
   <div class='ocr_carea' id='block_1_73' title="bbox 2176 2829 3750 2899">
    <p class='ocr_par' dir='ltr' id='par_1_73' title="bbox 2176 2829 3750 2899">
     <span class='ocr_line' id='line_1_73' title="bbox 2176 2829 3750 2899; baseline -0.003 -15"><span class='ocrx_word' id='word_1_540' title='bbox 2176 2831 2498 2897; x_wconf 81' lang='grc' dir='ltr'>ὁμολογοῦσι</span> <span class='ocrx_word' id='word_1_541' title='bbox 2550 2831 2928 2892; x_wconf 73' lang='grc' dir='ltr'>διδασκάλους·</span> <span class='ocrx_word' id='word_1_542' title='bbox 2961 2834 3055 2882; x_wconf 73' lang='grc' dir='ltr'><strong>καὶ</strong></span> <span class='ocrx_word' id='word_1_543' title='bbox 3098 2833 3325 2899; x_wconf 76' lang='grc' dir='ltr'>ὁδηγοὺς</span> <span class='ocrx_word' id='word_1_544' title='bbox 3386 2833 3484 2898; x_wconf 81' lang='grc' dir='ltr'>τῆς</span> <span class='ocrx_word' id='word_1_545' title='bbox 3540 2829 3750 2882; x_wconf 81' lang='grc' dir='ltr'>ἑαυτῶν</span> 
     </span>
    </p>
   </div>
   <div class='ocr_carea' id='block_1_74' title="bbox 2178 2923 3754 2994">
    <p class='ocr_par' dir='ltr' id='par_1_74' title="bbox 2178 2923 3754 2994">
     <span class='ocr_line' id='line_1_74' title="bbox 2178 2923 3754 2994; baseline 0.001 -19"><span class='ocrx_word' id='word_1_546' title='bbox 2178 2926 2472 2993; x_wconf 76' lang='grc' dir='ltr'>σωτηρίας.</span> <span class='ocrx_word' id='word_1_547' title='bbox 2514 2925 2576 2976; x_wconf 90' lang='grc' dir='ltr'><strong>Οἱ</strong></span> <span class='ocrx_word' id='word_1_548' title='bbox 2606 2923 2893 2976; x_wconf 60' lang='grc' dir='ltr'>ἁπέστολοι</span> <span class='ocrx_word' id='word_1_549' title='bbox 2958 2926 3060 2994; x_wconf 73' lang='grc' dir='ltr'>γὰρ</span> <span class='ocrx_word' id='word_1_550' title='bbox 3115 2924 3358 2988; x_wconf 75' lang='grc' dir='ltr'>ἐδῖδαξαν</span> <span class='ocrx_word' id='word_1_551' title='bbox 3405 2925 3465 2976; x_wconf 88' lang='grc' dir='ltr'><strong>τὸ</strong></span> <span class='ocrx_word' id='word_1_552' title='bbox 3503 2925 3754 2992; x_wconf 81' lang='grc' dir='ltr'>Εὐαγγέ-</span> 
     </span>
    </p>
   </div>
   <div class='ocr_carea' id='block_1_75' title="bbox 2176 3014 3748 3084">
    <p class='ocr_par' dir='ltr' id='par_1_75' title="bbox 2176 3014 3748 3084">
     <span class='ocr_line' id='line_1_75' title="bbox 2176 3014 3748 3084; baseline -0.001 -17"><span class='ocrx_word' id='word_1_553' title='bbox 2176 3014 2291 3067; x_wconf 83' lang='grc' dir='ltr'>λιον</span> <span class='ocrx_word' id='word_1_554' title='bbox 2336 3015 2482 3082; x_wconf 76' lang='grc' dir='ltr'>πάσῃ</span> <span class='ocrx_word' id='word_1_555' title='bbox 2536 3017 2600 3082; x_wconf 78' lang='grc' dir='ltr'>τῇ</span> <span class='ocrx_word' id='word_1_556' title='bbox 2655 3014 2848 3076; x_wconf 83' lang='grc' dir='ltr'>κτίσει,</span> <span class='ocrx_word' id='word_1_557' title='bbox 2902 3019 3016 3076; x_wconf 84' lang='grc' dir='ltr'>τοῖς</span> <span class='ocrx_word' id='word_1_558' title='bbox 3074 3015 3315 3082; x_wconf 69' lang='grc' dir='ltr'>θαύμασι</span> <span class='ocrx_word' id='word_1_559' title='bbox 3378 3016 3748 3084; x_wconf 79' lang='grc' dir='ltr'>πιστούμενοι,</span> 
     </span>
    </p>
   </div>
   <div class='ocr_carea' id='block_1_76' title="bbox 2180 3103 3760 3174">
    <p class='ocr_par' dir='ltr' id='par_1_76' title="bbox 2180 3103 3760 3174">
     <span class='ocr_line' id='line_1_76' title="bbox 2180 3103 3760 3174; baseline 0.001 -17"><span class='ocrx_word' id='word_1_560' title='bbox 2180 3103 2360 3166; x_wconf 72' lang='grc' dir='ltr'>καθὼς</span> <span class='ocrx_word' id='word_1_561' title='bbox 2397 3105 2642 3173; x_wconf 70' lang='grc' dir='ltr'>εἴπομεν.</span> <span class='ocrx_word' id='word_1_562' title='bbox 2680 3107 2789 3158; x_wconf 68' lang='grc' dir='ltr'><strong>Καὶ</strong></span> <span class='ocrx_word' id='word_1_563' title='bbox 2817 3108 2864 3156; x_wconf 85' lang='grc' dir='ltr'>οἱ</span> <span class='ocrx_word' id='word_1_564' title='bbox 2899 3107 3162 3174; x_wconf 84' lang='grc' dir='ltr'>προτέρον</span> <span class='ocrx_word' id='word_1_565' title='bbox 3183 3106 3532 3172; x_wconf 41' lang='grc' dir='ltr'>διῶκταιλτοῦ</span> <span class='ocrx_word' id='word_1_566' title='bbox 3558 3107 3760 3174; x_wconf 82' lang='grc' dir='ltr'>ὀνόμα-</span> 
     </span>
    </p>
   </div>
   <div class='ocr_carea' id='block_1_77' title="bbox 2178 3193 3752 3267">
    <p class='ocr_par' dir='ltr' id='par_1_77' title="bbox 2178 3193 3752 3267">
     <span class='ocr_line' id='line_1_77' title="bbox 2178 3193 3752 3267; baseline 0.001 -21"><span class='ocrx_word' id='word_1_567' title='bbox 2178 3213 2266 3256; x_wconf 69' lang='grc' dir='ltr'><strong>τος</strong></span> <span class='ocrx_word' id='word_1_568' title='bbox 2299 3193 2394 3247; x_wconf 84' lang='grc' dir='ltr'><strong>τοῦ</strong></span> <span class='ocrx_word' id='word_1_569' title='bbox 2427 3194 2666 3264; x_wconf 80' lang='grc' dir='ltr'>Χριστοῦ</span> <span class='ocrx_word' id='word_1_570' title='bbox 2696 3195 2791 3247; x_wconf 91' lang='grc' dir='ltr'><strong>νῦν</strong></span> <span class='ocrx_word' id='word_1_571' title='bbox 2830 3196 2971 3264; x_wconf 77' lang='grc' dir='ltr'>ὑπὲρ</span> <span class='ocrx_word' id='word_1_572' title='bbox 2993 3196 3158 3249; x_wconf 79' lang='grc' dir='ltr'>αὑτοῦ</span> <span class='ocrx_word' id='word_1_573' title='bbox 3184 3198 3610 3267; x_wconf 74' lang='grc' dir='ltr'>ἀποθνήσκουσι.</span> <span class='ocrx_word' id='word_1_574' title='bbox 3637 3199 3752 3250; x_wconf 78' lang='grc' dir='ltr'><strong>Καὶ</strong></span> 
     </span>
    </p>
   </div>
   <div class='ocr_carea' id='block_1_78' title="bbox 2180 3286 3754 3356">
    <p class='ocr_par' dir='ltr' id='par_1_78' title="bbox 2180 3286 3754 3356">
     <span class='ocr_line' id='line_1_78' title="bbox 2180 3286 3754 3356; baseline 0.001 -18"><span class='ocrx_word' id='word_1_575' title='bbox 2180 3288 2228 3338; x_wconf 89' lang='grc' dir='ltr'><strong>οί</strong></span> <span class='ocrx_word' id='word_1_576' title='bbox 2279 3288 2543 3356; x_wconf 78' lang='grc' dir='ltr'>πρότερον</span> <span class='ocrx_word' id='word_1_577' title='bbox 2595 3286 2854 3354; x_wconf 78' lang='grc' dir='ltr'>ὑϐρισταὶ</span> <span class='ocrx_word' id='word_1_578' title='bbox 2908 3288 3002 3339; x_wconf 81' lang='grc' dir='ltr'><strong>καὶ</strong></span> <span class='ocrx_word' id='word_1_579' title='bbox 3054 3288 3348 3356; x_wconf 77' lang='grc' dir='ltr'>τύραννοι,</span> <span class='ocrx_word' id='word_1_580' title='bbox 3383 3288 3477 3340; x_wconf 90' lang='grc' dir='ltr'><strong>νῦν</strong></span> <span class='ocrx_word' id='word_1_581' title='bbox 3523 3288 3612 3341; x_wconf 82' lang='grc' dir='ltr'>διὰ</span> <span class='ocrx_word' id='word_1_582' title='bbox 3657 3289 3754 3341; x_wconf 83' lang='grc' dir='ltr'><strong>τοῦ</strong></span> 
     </span>
    </p>
   </div>
   <div class='ocr_carea' id='block_1_79' title="bbox 2179 3377 3758 3447">
    <p class='ocr_par' dir='ltr' id='par_1_79' title="bbox 2179 3377 3758 3447">
     <span class='ocr_line' id='line_1_79' title="bbox 2179 3377 3758 3447; baseline 0.002 -17"><span class='ocrx_word' id='word_1_583' title='bbox 2179 3377 2418 3445; x_wconf 81' lang='grc' dir='ltr'>Χριστοῦ</span> <span class='ocrx_word' id='word_1_584' title='bbox 2453 3379 2547 3430; x_wconf 70' lang='grc' dir='ltr'>καὶ</span> <span class='ocrx_word' id='word_1_585' title='bbox 2598 3378 2705 3431; x_wconf 79' lang='grc' dir='ltr'>τῶν</span> <span class='ocrx_word' id='word_1_586' title='bbox 2744 3378 3059 3430; x_wconf 80' lang='grc' dir='ltr'>ἀποστόλων</span> <span class='ocrx_word' id='word_1_587' title='bbox 3089 3379 3348 3447; x_wconf 86' lang='grc' dir='ltr'>ποιμένες</span> <span class='ocrx_word' id='word_1_588' title='bbox 3386 3379 3478 3431; x_wconf 73' lang='grc' dir='ltr'><strong>καὶ</strong></span> <span class='ocrx_word' id='word_1_589' title='bbox 3505 3380 3758 3433; x_wconf 73' lang='grc' dir='ltr'>διδάσκα-</span> 
     </span>
    </p>
   </div>
   <div class='ocr_carea' id='block_1_80' title="bbox 2180 3470 3755 3542">
    <p class='ocr_par' dir='ltr' id='par_1_80' title="bbox 2180 3470 3755 3542">
     <span class='ocr_line' id='line_1_80' title="bbox 2180 3470 3755 3542; baseline -0.003 -17"><span class='ocrx_word' id='word_1_590' title='bbox 2180 3474 2261 3526; x_wconf 87' lang='grc' dir='ltr'><strong>λοι</strong></span> <span class='ocrx_word' id='word_1_591' title='bbox 2294 3474 2389 3526; x_wconf 71' lang='grc' dir='ltr'><strong>καὶ</strong></span> <span class='ocrx_word' id='word_1_592' title='bbox 2419 3471 2704 3540; x_wconf 75' lang='grc' dir='ltr'>φωστῆρες</span> <span class='ocrx_word' id='word_1_593' title='bbox 2727 3472 2822 3541; x_wconf 73' lang='grc' dir='ltr'>τῆς</span> <span class='ocrx_word' id='word_1_594' title='bbox 2853 3471 3178 3539; x_wconf 71' lang='grc' dir='ltr'>οἰκουμένης</span> <span class='ocrx_word' id='word_1_595' title='bbox 3213 3470 3580 3538; x_wconf 81' lang='grc' dir='ltr'>κατέστησαν,</span> <span class='ocrx_word' id='word_1_596' title='bbox 3612 3471 3755 3542; x_wconf 81' lang='grc' dir='ltr'>ὑπὲρ</span> 
     </span>
    </p>
   </div>
   <div class='ocr_carea' id='block_1_81' title="bbox 2181 3562 3759 3636">
    <p class='ocr_par' dir='ltr' id='par_1_81' title="bbox 2181 3562 3759 3636">
     <span class='ocr_line' id='line_1_81' title="bbox 2181 3562 3759 3636; baseline -0.003 -17"><span class='ocrx_word' id='word_1_597' title='bbox 2181 3567 2271 3619; x_wconf 85' lang='grc' dir='ltr'><strong>τὸν</strong></span> <span class='ocrx_word' id='word_1_598' title='bbox 2319 3567 2470 3636; x_wconf 79' lang='grc' dir='ltr'>ἥλιον</span> <span class='ocrx_word' id='word_1_599' title='bbox 2518 3566 2848 3634; x_wconf 81' lang='grc' dir='ltr'>λάμποντες.</span> <span class='ocrx_word' id='word_1_600' title='bbox 2909 3564 3012 3617; x_wconf 78' lang='grc' dir='ltr'><strong>Καὶ</strong></span> <span class='ocrx_word' id='word_1_601' title='bbox 3036 3565 3084 3616; x_wconf 72' lang='lat' dir='ltr'><strong>oi</strong></span> <span class='ocrx_word' id='word_1_602' title='bbox 3135 3562 3244 3616; x_wconf 76' lang='grc' dir='ltr'>τῶν</span> <span class='ocrx_word' id='word_1_603' title='bbox 3295 3562 3531 3614; x_wconf 84' lang='grc' dir='ltr'>εἰδώλων</span> <span class='ocrx_word' id='word_1_604' title='bbox 3588 3563 3759 3617; x_wconf 73' lang='grc' dir='ltr'>πάλαι</span> 
     </span>
    </p>
   </div>
   <div class='ocr_carea' id='block_1_82' title="bbox 2184 3654 3756 3730">
    <p class='ocr_par' dir='ltr' id='par_1_82' title="bbox 2184 3654 3756 3730">
     <span class='ocr_line' id='line_1_82' title="bbox 2184 3654 3756 3730; baseline -0.004 -18"><span class='ocrx_word' id='word_1_605' title='bbox 2184 3659 2559 3730; x_wconf 73' lang='grc' dir='ltr'>προσκυνηταὶ</span> <span class='ocrx_word' id='word_1_606' title='bbox 2599 3657 2691 3710; x_wconf 85' lang='grc' dir='ltr'><strong>νῦν</strong></span> <span class='ocrx_word' id='word_1_607' title='bbox 2734 3657 2828 3709; x_wconf 90' lang='grc' dir='ltr'><strong>τοῦ</strong></span> <span class='ocrx_word' id='word_1_608' title='bbox 2875 3655 3113 3725; x_wconf 75' lang='grc' dir='ltr'>Χριστοῦ</span> <span class='ocrx_word' id='word_1_609' title='bbox 3172 3655 3470 3724; x_wconf 79' lang='grc' dir='ltr'>μάρτυρες,</span> <span class='ocrx_word' id='word_1_610' title='bbox 3516 3654 3610 3706; x_wconf 76' lang='grc' dir='ltr'>καὶ</span> <span class='ocrx_word' id='word_1_611' title='bbox 3654 3654 3756 3706; x_wconf 68' lang='grc' dir='ltr'>λα-</span> 
     </span>
    </p>
   </div>
   <div class='ocr_carea' id='block_1_83' title="bbox 2183 3748 3765 3820">
    <p class='ocr_par' dir='ltr' id='par_1_83' title="bbox 2183 3748 3765 3820">
     <span class='ocr_line' id='line_1_83' title="bbox 2183 3748 3765 3820; baseline -0.003 -17"><span class='ocrx_word' id='word_1_612' title='bbox 2183 3753 2371 3812; x_wconf 74' lang='grc' dir='ltr'>ϐόντες</span> <span class='ocrx_word' id='word_1_613' title='bbox 2405 3751 2501 3820; x_wconf 81' lang='grc' dir='ltr'>τὴν</span> <span class='ocrx_word' id='word_1_614' title='bbox 2529 3749 2761 3802; x_wconf 83' lang='grc' dir='ltr'>ἀπὸτοῦ</span> <span class='ocrx_word' id='word_1_615' title='bbox 2809 3749 2944 3800; x_wconf 82' lang='grc' dir='ltr'>Θεοῦ</span> <span class='ocrx_word' id='word_1_616' title='bbox 2997 3748 3177 3817; x_wconf 80' lang='grc' dir='ltr'>χάριν,</span> <span class='ocrx_word' id='word_1_617' title='bbox 3239 3749 3584 3814; x_wconf 85' lang='grc' dir='ltr'>εὑρίσκονται</span> <span class='ocrx_word' id='word_1_618' title='bbox 3641 3765 3765 3798; x_wconf 74' lang='grc' dir='ltr'>ποιο</span> 
     </span>
    </p>
   </div>
   <div class='ocr_carea' id='block_1_84' title="bbox 2183 3839 3760 3910">
    <p class='ocr_par' dir='ltr' id='par_1_84' title="bbox 2183 3839 3760 3910">
     <span class='ocr_line' id='line_1_84' title="bbox 2183 3839 3760 3910; baseline -0.004 -14"><span class='ocrx_word' id='word_1_619' title='bbox 2183 3844 2390 3908; x_wconf 77' lang='grc' dir='ltr'>οῦντες,</span> <span class='ocrx_word' id='word_1_620' title='bbox 2445 3844 2521 3905; x_wconf 78' lang='grc' dir='ltr'>ὡς</span> <span class='ocrx_word' id='word_1_621' title='bbox 2551 3841 2790 3910; x_wconf 77' lang='grc' dir='ltr'>εἴρηται,</span> <span class='ocrx_word' id='word_1_622' title='bbox 2834 3841 3110 3909; x_wconf 80' lang='grc' dir='ltr'>θαύματα.</span> <span class='ocrx_word' id='word_1_623' title='bbox 3163 3839 3235 3892; x_wconf 73' lang='grc' dir='ltr'>Οὐ</span> <span class='ocrx_word' id='word_1_624' title='bbox 3270 3841 3430 3906; x_wconf 76' lang='grc' dir='ltr'>μόνον</span> <span class='ocrx_word' id='word_1_625' title='bbox 3468 3840 3577 3907; x_wconf 72' lang='grc' dir='ltr'>γὰρ</span> <span class='ocrx_word' id='word_1_626' title='bbox 3626 3839 3760 3901; x_wconf 79' lang='grc' dir='ltr'><strong>ζῶν-</strong></span> 
     </span>
    </p>
   </div>
   <div class='ocr_carea' id='block_1_85' title="bbox 2180 3929 3758 4004">
    <p class='ocr_par' dir='ltr' id='par_1_85' title="bbox 2180 3929 3758 4004">
     <span class='ocr_line' id='line_1_85' title="bbox 2180 3929 3758 4004; baseline -0.004 -17"><span class='ocrx_word' id='word_1_627' title='bbox 2180 3954 2272 3997; x_wconf 80' lang='grc' dir='ltr'><strong>τες</strong></span> <span class='ocrx_word' id='word_1_628' title='bbox 2302 3938 2348 3987; x_wconf 86' lang='grc' dir='ltr'><strong>οί</strong></span> <span class='ocrx_word' id='word_1_629' title='bbox 2382 3935 2659 4004; x_wconf 84' lang='grc' dir='ltr'>μάρτυρες</span> <span class='ocrx_word' id='word_1_630' title='bbox 2691 3933 2965 4001; x_wconf 80' lang='grc' dir='ltr'>ἐνήργουν</span> <span class='ocrx_word' id='word_1_631' title='bbox 3011 3930 3264 3998; x_wconf 77' lang='grc' dir='ltr'>θαύματα</span> <span class='ocrx_word' id='word_1_632' title='bbox 3315 3931 3408 3982; x_wconf 67' lang='grc' dir='ltr'><strong>καὶ</strong></span> <span class='ocrx_word' id='word_1_633' title='bbox 3467 3929 3758 3998; x_wconf 74' lang='grc' dir='ltr'>τεράστια,</span> 
     </span>
    </p>
   </div>
   <div class='ocr_carea' id='block_1_86' title="bbox 2183 4021 3762 4098">
    <p class='ocr_par' dir='ltr' id='par_1_86' title="bbox 2183 4021 3762 4098">
     <span class='ocr_line' id='line_1_86' title="bbox 2183 4021 3762 4098; baseline -0.004 -17"><span class='ocrx_word' id='word_1_634' title='bbox 2183 4029 2326 4098; x_wconf 75' lang='grc' dir='ltr'>άπερ</span> <span class='ocrx_word' id='word_1_635' title='bbox 2367 4027 2592 4079; x_wconf 56' lang='grc' dir='ltr'>ἔϐλεπον</span> <span class='ocrx_word' id='word_1_636' title='bbox 2619 4026 2666 4077; x_wconf 88' lang='grc' dir='ltr'>οἱ</span> <span class='ocrx_word' id='word_1_637' title='bbox 2699 4024 3107 4094; x_wconf 70' lang='grc' dir='ltr'>εἰδωλολάτραι,</span> <span class='ocrx_word' id='word_1_638' title='bbox 3157 4025 3248 4076; x_wconf 65' lang='grc' dir='ltr'><strong>καὶ</strong></span> <span class='ocrx_word' id='word_1_639' title='bbox 3289 4021 3591 4086; x_wconf 75' lang='grc' dir='ltr'>ἐξίσταντο,</span> <span class='ocrx_word' id='word_1_640' title='bbox 3626 4023 3762 4074; x_wconf 68' lang='grc' dir='ltr'>ἀλλὰ</span> 
     </span>
    </p>
   </div>
   <div class='ocr_carea' id='block_1_87' title="bbox 2184 4112 3762 4190">
    <p class='ocr_par' dir='ltr' id='par_1_87' title="bbox 2184 4112 3762 4190">
     <span class='ocr_line' id='line_1_87' title="bbox 2184 4112 3762 4190; baseline -0.008 -15"><span class='ocrx_word' id='word_1_641' title='bbox 2184 4123 2277 4175; x_wconf 73' lang='grc' dir='ltr'>καὶ</span> <span class='ocrx_word' id='word_1_642' title='bbox 2310 4120 2444 4190; x_wconf 85' lang='grc' dir='ltr'>μετὰ</span> <span class='ocrx_word' id='word_1_643' title='bbox 2473 4121 2702 4174; x_wconf 80' lang='grc' dir='ltr'>θάνατον</span> <span class='ocrx_word' id='word_1_644' title='bbox 2750 4116 2961 4187; x_wconf 68' lang='grc' dir='ltr'>μεγάλα</span> <span class='ocrx_word' id='word_1_645' title='bbox 2989 4118 3081 4167; x_wconf 74' lang='grc' dir='ltr'><strong>καὶ</strong></span> <span class='ocrx_word' id='word_1_646' title='bbox 3122 4114 3334 4179; x_wconf 79' lang='grc' dir='ltr'>ἐξαίσια</span> <span class='ocrx_word' id='word_1_647' title='bbox 3395 4112 3652 4182; x_wconf 75' lang='grc' dir='ltr'>θαύματα</span> <span class='ocrx_word' id='word_1_648' title='bbox 3674 4117 3762 4165; x_wconf 81' lang='grc' dir='ltr'><strong>ὲν-</strong></span> 
     </span>
    </p>
   </div>
   <div class='ocr_carea' id='block_1_88' title="bbox 2184 4205 3762 4283">
    <p class='ocr_par' dir='ltr' id='par_1_88' title="bbox 2184 4205 3762 4283">
     <span class='ocr_line' id='line_1_88' title="bbox 2184 4205 3762 4283; baseline -0.019 1"><span class='ocrx_word' id='word_1_649' title='bbox 2184 4215 2409 4283; x_wconf 77' lang='grc' dir='ltr'><strong>ήργουν.</strong></span> <span class='ocrx_word' id='word_1_650' title='bbox 2441 4213 2648 4273; x_wconf 78' lang='grc' dir='ltr'>Ζῶντες</span> <span class='ocrx_word' id='word_1_651' title='bbox 2669 4209 2778 4279; x_wconf 69' lang='grc' dir='ltr'>γὰρ</span> <span class='ocrx_word' id='word_1_652' title='bbox 2807 4209 3038 4278; x_wconf 57' lang='grc' dir='ltr'><strong>¹Ιλρώιτων</strong></span> <span class='ocrx_word' id='word_1_653' title='bbox 3061 4205 3369 4275; x_wconf 73' lang='grc' dir='ltr'>ἔμπροσθεν</span> <span class='ocrx_word' id='word_1_654' title='bbox 3396 4205 3510 4256; x_wconf 87' lang='grc' dir='ltr'><strong>τῶν</strong></span> <span class='ocrx_word' id='word_1_655' title='bbox 3561 4205 3762 4272; x_wconf 75' lang='grc' dir='ltr'>τυράν-</span> 
     </span>
    </p>
   </div>
   <div class='ocr_carea' id='block_1_89' title="bbox 2183 4295 3759 4368">
    <p class='ocr_par' dir='ltr' id='par_1_89' title="bbox 2183 4295 3759 4368">
     <span class='ocr_line' id='line_1_89' title="bbox 2183 4295 3759 4368; baseline -0.008 -11"><span class='ocrx_word' id='word_1_656' title='bbox 2183 4322 2288 4358; x_wconf 89' lang='grc' dir='ltr'><strong>νων</strong></span> <span class='ocrx_word' id='word_1_657' title='bbox 2313 4304 2381 4357; x_wconf 75' lang='grc' dir='ltr'><strong>τὰ</strong></span> <span class='ocrx_word' id='word_1_658' title='bbox 2411 4301 2624 4366; x_wconf 72' lang='grc' dir='ltr'>εἴδωλα,</span> <span class='ocrx_word' id='word_1_659' title='bbox 2648 4302 2896 4368; x_wconf 87' lang='grc' dir='ltr'>λέγοντες</span> <span class='ocrx_word' id='word_1_660' title='bbox 2929 4299 3013 4350; x_wconf 79' lang='grc' dir='ltr'>ὅτι</span> <span class='ocrx_word' id='word_1_661' title='bbox 3035 4299 3125 4350; x_wconf 83' lang='grc' dir='ltr'><strong>Ἐν</strong></span> <span class='ocrx_word' id='word_1_662' title='bbox 3149 4298 3227 4365; x_wconf 76' lang='grc' dir='ltr'>τῷ</span> <span class='ocrx_word' id='word_1_663' title='bbox 3257 4295 3486 4365; x_wconf 79' lang='grc' dir='ltr'>ὀνόματι</span> <span class='ocrx_word' id='word_1_664' title='bbox 3509 4297 3601 4349; x_wconf 89' lang='grc' dir='ltr'><strong>τοῦ</strong></span> <span class='ocrx_word' id='word_1_665' title='bbox 3626 4298 3669 4348; x_wconf 84' lang='grc' dir='ltr'><strong>Χ</strong></span> <span class='ocrx_word' id='word_1_666' title='bbox 3675 4313 3759 4364; x_wconf 85' lang='grc' dir='ltr'>ρι-</span> 
     </span>
    </p>
   </div>
   <div class='ocr_carea' id='block_1_90' title="bbox 2189 4383 3752 4462">
    <p class='ocr_par' dir='ltr' id='par_1_90' title="bbox 2189 4383 3752 4462">
     <span class='ocr_line' id='line_1_90' title="bbox 2189 4383 3752 4462; baseline -0.008 -15"><span class='ocrx_word' id='word_1_667' title='bbox 2189 4396 2314 4447; x_wconf 87' lang='grc' dir='ltr'>στοῦ</span> <span class='ocrx_word' id='word_1_668' title='bbox 2367 4397 2566 4448; x_wconf 80' lang='grc' dir='ltr'>εἴπατε</span> <span class='ocrx_word' id='word_1_669' title='bbox 2625 4393 2724 4462; x_wconf 81' lang='grc' dir='ltr'><strong>τὴν</strong></span> <span class='ocrx_word' id='word_1_670' title='bbox 2797 4390 3078 4460; x_wconf 67' lang='grc' dir='ltr'>ἀλήθειαν,</span> <span class='ocrx_word' id='word_1_671' title='bbox 3145 4389 3238 4442; x_wconf 71' lang='grc' dir='ltr'><strong>καὶ</strong></span> <span class='ocrx_word' id='word_1_672' title='bbox 3277 4387 3637 4456; x_wconf 84' lang='grc' dir='ltr'>ἀπεκρίναντο</span> <span class='ocrx_word' id='word_1_673' title='bbox 3684 4383 3752 4434; x_wconf 74' lang='grc' dir='ltr'>τὲι</span> 
     </span>
    </p>
   </div>
   <div class='ocr_carea' id='block_1_91' title="bbox 2187 4474 3752 4555">
    <p class='ocr_par' dir='ltr' id='par_1_91' title="bbox 2187 4474 3752 4555">
     <span class='ocr_line' id='line_1_91' title="bbox 2187 4474 3752 4555; baseline -0.008 -15"><span class='ocrx_word' id='word_1_674' title='bbox 2187 4487 2408 4554; x_wconf 74' lang='grc' dir='ltr'>εἴδωλα,</span> <span class='ocrx_word' id='word_1_675' title='bbox 2437 4487 2518 4538; x_wconf 83' lang='grc' dir='ltr'><strong>ὅτι</strong></span> <span class='ocrx_word' id='word_1_676' title='bbox 2535 4487 2593 4540; x_wconf 83' lang='lat'><strong>&#39;0</strong></span> <span class='ocrx_word' id='word_1_677' title='bbox 2616 4484 2848 4555; x_wconf 85' lang='grc' dir='ltr'>Χριστὸς</span> <span class='ocrx_word' id='word_1_678' title='bbox 2877 4484 3007 4545; x_wconf 86' lang='grc' dir='ltr'>Θεὸς</span> <span class='ocrx_word' id='word_1_679' title='bbox 3031 4482 3276 4551; x_wconf 78' lang='grc' dir='ltr'>ἀληθινός</span> <span class='ocrx_word' id='word_1_680' title='bbox 3309 4483 3440 4534; x_wconf 77' lang='grc' dir='ltr'>ἐστι.</span> <span class='ocrx_word' id='word_1_681' title='bbox 3466 4480 3558 4533; x_wconf 83' lang='grc' dir='ltr'><strong>Καὶ</strong></span> <span class='ocrx_word' id='word_1_682' title='bbox 3580 4474 3752 4528; x_wconf 83' lang='grc' dir='ltr'>ταῦτα</span> 
     </span>
    </p>
   </div>
   <div class='ocr_carea' id='block_1_92' title="bbox 507 4568 2070 4650">
    <p class='ocr_par' dir='ltr' id='par_1_92' title="bbox 507 4571 2070 4649">
     <span class='ocr_line' id='line_1_92' title="bbox 507 4571 2070 4649; baseline 0.007 -25"><span class='ocrx_word' id='word_1_683' title='bbox 507 4571 568 4628; x_wconf 82' lang='lat' dir='ltr'><strong>Et</strong></span> <span class='ocrx_word' id='word_1_684' title='bbox 594 4572 816 4642; x_wconf 88' lang='lat' dir='ltr'><strong>quidem</strong></span> <span class='ocrx_word' id='word_1_685' title='bbox 852 4575 998 4644; x_wconf 79' lang='lat' dir='ltr'><strong>quod</strong></span> <span class='ocrx_word' id='word_1_686' title='bbox 1037 4593 1229 4632; x_wconf 90' lang='lat' dir='ltr'><strong>omnes</strong></span> <span class='ocrx_word' id='word_1_687' title='bbox 1269 4588 1538 4649; x_wconf 87' lang='lat' dir='ltr'><strong>martyres</strong></span> <span class='ocrx_word' id='word_1_688' title='bbox 1571 4578 1772 4633; x_wconf 88' lang='lat' dir='ltr'><strong>Christi</strong></span> <span class='ocrx_word' id='word_1_689' title='bbox 1813 4581 2070 4635; x_wconf 87' lang='lat' dir='ltr'><strong>miracula</strong></span> 
     </span>
    </p>
   </div>
   <div class='ocr_carea' id='block_1_93' title="bbox 2177 4568 3760 4650">
    <p class='ocr_par' dir='ltr' id='par_1_93' title="bbox 2185 4568 3760 4644">
     <span class='ocr_line' id='line_1_93' title="bbox 2185 4568 3760 4644; baseline -0.007 -13"><span class='ocrx_word' id='word_1_690' title='bbox 2185 4578 2474 4640; x_wconf 82' lang='grc' dir='ltr'>ἀκούοντες</span> <span class='ocrx_word' id='word_1_691' title='bbox 2495 4580 2542 4630; x_wconf 77' lang='lat' dir='ltr'><strong>oi</strong></span> <span class='ocrx_word' id='word_1_692' title='bbox 2574 4579 2810 4640; x_wconf 75' lang='grc' dir='ltr'>ἀσεϐεῖς,</span> <span class='ocrx_word' id='word_1_693' title='bbox 2864 4575 2957 4628; x_wconf 84' lang='grc' dir='ltr'><strong>καὶ</strong></span> <span class='ocrx_word' id='word_1_694' title='bbox 2987 4574 3275 4644; x_wconf 83' lang='grc' dir='ltr'>βλέποντες</span> <span class='ocrx_word' id='word_1_695' title='bbox 3331 4573 3509 4638; x_wconf 78' lang='grc' dir='ltr'>ἔλεγον</span> <span class='ocrx_word' id='word_1_696' title='bbox 3543 4568 3760 4640; x_wconf 80' lang='grc' dir='ltr'>μεγάλῃ</span> 
     </span>
    </p>
   </div>
   <div class='ocr_carea' id='block_1_94' title="bbox 500 4666 2079 4738">
    <p class='ocr_par' dir='ltr' id='par_1_94' title="bbox 500 4666 2079 4738">
     <span class='ocr_line' id='line_1_94' title="bbox 500 4666 2079 4738; baseline 0.006 -21"><span class='ocrx_word' id='word_1_697' title='bbox 500 4666 800 4727; x_wconf 59' lang='lat' dir='ltr'><strong>ediderint,</strong></span> <span class='ocrx_word' id='word_1_698' title='bbox 834 4683 955 4735; x_wconf 62' lang='lat' dir='ltr'><strong>quae</strong></span> <span class='ocrx_word' id='word_1_699' title='bbox 987 4680 1212 4738; x_wconf 87' lang='lat' dir='ltr'><strong>propter</strong></span> <span class='ocrx_word' id='word_1_700' title='bbox 1247 4671 1469 4724; x_wconf 86' lang='lat' dir='ltr'><strong>nimiam</strong></span> <span class='ocrx_word' id='word_1_701' title='bbox 1497 4672 1707 4734; x_wconf 88' lang='lat' dir='ltr'><strong>copiam</strong></span> <span class='ocrx_word' id='word_1_702' title='bbox 1745 4688 1892 4726; x_wconf 81' lang='lat' dir='ltr'><strong>nime</strong></span> <span class='ocrx_word' id='word_1_703' title='bbox 1916 4675 2079 4727; x_wconf 89' lang='lat' dir='ltr'><strong>omit-</strong></span> 
     </span>
    </p>
   </div>
   <div class='ocr_carea' id='block_1_95' title="bbox 507 4761 2080 4833">
    <p class='ocr_par' dir='ltr' id='par_1_95' title="bbox 507 4761 2080 4833">
     <span class='ocr_line' id='line_1_95' title="bbox 507 4761 2080 4833; baseline 0.006 -25"><span class='ocrx_word' id='word_1_704' title='bbox 507 4767 716 4819; x_wconf 85' lang='lat' dir='ltr'><strong>tuntur,</strong></span> <span class='ocrx_word' id='word_1_705' title='bbox 755 4770 990 4814; x_wconf 88' lang='lat' dir='ltr'><strong>constat.</strong></span> <span class='ocrx_word' id='word_1_706' title='bbox 1028 4763 1413 4817; x_wconf 82' lang='lat' dir='ltr'><strong>Verumtamen</strong></span> <span class='ocrx_word' id='word_1_707' title='bbox 1464 4778 1494 4817; x_wconf 89' lang='lat' dir='ltr'><strong>e</strong></span> <span class='ocrx_word' id='word_1_708' title='bbox 1536 4761 1724 4817; x_wconf 88' lang='lat' dir='ltr'><strong>multis</strong></span> <span class='ocrx_word' id='word_1_709' title='bbox 1771 4781 1878 4817; x_wconf 86' lang='lat' dir='ltr'><strong>non</strong></span> <span class='ocrx_word' id='word_1_710' title='bbox 1909 4781 2080 4833; x_wconf 85' lang='lat' dir='ltr'><strong>pauca</strong></span> 
     </span>
    </p>
   </div>
   <div class='ocr_carea' id='block_1_96' title="bbox 504 4849 2080 4924">
    <p class='ocr_par' dir='ltr' id='par_1_96' title="bbox 504 4849 2080 4924">
     <span class='ocr_line' id='line_1_96' title="bbox 504 4849 2080 4924; baseline 0.006 -23"><span class='ocrx_word' id='word_1_711' title='bbox 504 4849 574 4902; x_wconf 87' lang='lat' dir='ltr'><strong>ab</strong></span> <span class='ocrx_word' id='word_1_712' title='bbox 608 4850 754 4904; x_wconf 83' lang='lat' dir='ltr'><strong>illius</strong></span> <span class='ocrx_word' id='word_1_713' title='bbox 780 4853 962 4906; x_wconf 75' lang='lat' dir='ltr'><strong>saeculi</strong></span> <span class='ocrx_word' id='word_1_714' title='bbox 992 4853 1358 4922; x_wconf 86' lang='lat' dir='ltr'><strong>scriptoribus</strong></span> <span class='ocrx_word' id='word_1_715' title='bbox 1380 4853 1612 4907; x_wconf 84' lang='lat' dir='ltr'><strong>collecta</strong></span> <span class='ocrx_word' id='word_1_716' title='bbox 1643 4863 1792 4920; x_wconf 85' lang='lat' dir='ltr'><strong>sunt,</strong></span> <span class='ocrx_word' id='word_1_717' title='bbox 1826 4869 1854 4908; x_wconf 84' lang='lat' dir='ltr'><strong>e</strong></span> <span class='ocrx_word' id='word_1_718' title='bbox 1877 4855 2080 4924; x_wconf 87' lang='lat' dir='ltr'><strong>quibus</strong></span> 
     </span>
    </p>
   </div>
   <div class='ocr_carea' id='block_1_97' title="bbox 501 4943 2081 5016">
    <p class='ocr_par' dir='ltr' id='par_1_97' title="bbox 501 4943 2081 5016">
     <span class='ocr_line' id='line_1_97' title="bbox 501 4943 2081 5016; baseline 0.005 -22"><span class='ocrx_word' id='word_1_719' title='bbox 501 4953 558 4996; x_wconf 78' lang='lat' dir='ltr'><strong>et</strong></span> <span class='ocrx_word' id='word_1_720' title='bbox 593 4943 696 4997; x_wconf 90' lang='lat' dir='ltr'><strong>hoc</strong></span> <span class='ocrx_word' id='word_1_721' title='bbox 729 4961 898 4997; x_wconf 89' lang='lat' dir='ltr'><strong>unum</strong></span> <span class='ocrx_word' id='word_1_722' title='bbox 947 4945 1136 4999; x_wconf 88' lang='lat' dir='ltr'><strong>fuerit.</strong></span> <span class='ocrx_word' id='word_1_723' title='bbox 1164 4945 1369 5000; x_wconf 88' lang='lat' dir='ltr'><strong>Christi</strong></span> <span class='ocrx_word' id='word_1_724' title='bbox 1409 4955 1615 5016; x_wconf 76' lang='lat' dir='ltr'><strong>martyr</strong></span> <span class='ocrx_word' id='word_1_725' title='bbox 1645 4945 1932 5014; x_wconf 82' lang='lat' dir='ltr'><strong>Georgius.</strong></span> <span class='ocrx_word' id='word_1_726' title='bbox 1987 4949 2081 5016; x_wconf 87' lang='lat' dir='ltr'><strong>qui</strong></span> 
     </span>
    </p>
   </div>
   <div class='ocr_carea' id='block_1_98' title="bbox 503 5034 2085 5105">
    <p class='ocr_par' dir='ltr' id='par_1_98' title="bbox 503 5034 2085 5105">
     <span class='ocr_line' id='line_1_98' title="bbox 503 5034 2085 5105; baseline 0.002 -18"><span class='ocrx_word' id='word_1_727' title='bbox 503 5051 532 5087; x_wconf 88' lang='lat' dir='ltr'><strong>a</strong></span> <span class='ocrx_word' id='word_1_728' title='bbox 567 5035 726 5089; x_wconf 89' lang='lat' dir='ltr'><strong>nobis</strong></span> <span class='ocrx_word' id='word_1_729' title='bbox 755 5034 1088 5089; x_wconf 79' lang='lat' dir='ltr'><strong>Christianis</strong></span> <span class='ocrx_word' id='word_1_730' title='bbox 1115 5036 1316 5089; x_wconf 89' lang='lat' dir='ltr'><strong>colitur</strong></span> <span class='ocrx_word' id='word_1_731' title='bbox 1344 5037 1529 5105; x_wconf 86' lang='lat' dir='ltr'><strong>(quem</strong></span> <span class='ocrx_word' id='word_1_732' title='bbox 1555 5037 1720 5090; x_wconf 89' lang='lat' dir='ltr'><strong>etiam</strong></span> <span class='ocrx_word' id='word_1_733' title='bbox 1756 5037 1856 5104; x_wconf 88' lang='lat' dir='ltr'><strong>ipsi</strong></span> <span class='ocrx_word' id='word_1_734' title='bbox 1882 5036 2085 5090; x_wconf 79' lang='lat' dir='ltr'><strong>Musul-</strong></span> 
     </span>
    </p>
   </div>
   <div class='ocr_carea' id='block_1_99' title="bbox 505 5125 2081 5190">
    <p class='ocr_par' dir='ltr' id='par_1_99' title="bbox 505 5125 2081 5190">
     <span class='ocr_line' id='line_1_99' title="bbox 505 5125 2081 5190; baseline 0.003 -14"><span class='ocrx_word' id='word_1_735' title='bbox 505 5126 648 5176; x_wconf 85' lang='lat' dir='ltr'><strong>inani</strong></span> <span class='ocrx_word' id='word_1_736' title='bbox 706 5127 758 5177; x_wconf 85' lang='lat' dir='ltr'><strong>in</strong></span> <span class='ocrx_word' id='word_1_737' title='bbox 814 5125 1026 5179; x_wconf 90' lang='lat' dir='ltr'><strong>honore</strong></span> <span class='ocrx_word' id='word_1_738' title='bbox 1063 5125 1287 5190; x_wconf 90' lang='lat' dir='ltr'><strong>habent,</strong></span> <span class='ocrx_word' id='word_1_739' title='bbox 1329 5137 1383 5180; x_wconf 88' lang='lat' dir='ltr'><strong>et</strong></span> <span class='ocrx_word' id='word_1_740' title='bbox 1418 5125 1486 5179; x_wconf 90' lang='lat' dir='ltr'><strong>ab</strong></span> <span class='ocrx_word' id='word_1_741' title='bbox 1543 5126 1650 5180; x_wconf 87' lang='lat' dir='ltr'><strong>illis</strong></span> <span class='ocrx_word' id='word_1_742' title='bbox 1696 5125 1898 5180; x_wconf 85' lang='lat' dir='ltr'><strong>Cheter</strong></span> <span class='ocrx_word' id='word_1_743' title='bbox 1931 5128 2081 5181; x_wconf 81' lang='lat' dir='ltr'><strong>Eliaz</strong></span> 
     </span>
    </p>
   </div>
   <div class='ocr_carea' id='block_1_100' title="bbox 505 5216 2086 5286">
    <p class='ocr_par' dir='ltr' id='par_1_100' title="bbox 505 5216 2086 5286">
     <span class='ocr_line' id='line_1_100' title="bbox 505 5216 2086 5286; baseline 0.005 -20"><span class='ocrx_word' id='word_1_744' title='bbox 505 5216 751 5285; x_wconf 84' lang='lat' dir='ltr'><strong>dicitur),</strong></span> <span class='ocrx_word' id='word_1_745' title='bbox 793 5218 1078 5271; x_wconf 85' lang='lat' dir='ltr'><strong>tormentis</strong></span> <span class='ocrx_word' id='word_1_746' title='bbox 1112 5227 1163 5270; x_wconf 89' lang='lat' dir='ltr'><strong>et</strong></span> <span class='ocrx_word' id='word_1_747' title='bbox 1199 5218 1592 5286; x_wconf 80' lang='lat' dir='ltr'><strong>quaestionibus</strong></span> <span class='ocrx_word' id='word_1_748' title='bbox 1625 5221 1973 5273; x_wconf 86' lang='lat' dir='ltr'><strong>excruciatus</strong></span> <span class='ocrx_word' id='word_1_749' title='bbox 2000 5229 2086 5274; x_wconf 87' lang='lat' dir='ltr'><strong>est</strong></span> 
     </span>
    </p>
   </div>
   <div class='ocr_carea' id='block_1_101' title="bbox 503 5308 2080 5379">
    <p class='ocr_par' dir='ltr' id='par_1_101' title="bbox 503 5308 2080 5379">
     <span class='ocr_line' id='line_1_101' title="bbox 503 5308 2080 5379; baseline 0.004 -20"><span class='ocrx_word' id='word_1_750' title='bbox 503 5309 574 5359; x_wconf 90' lang='lat' dir='ltr'><strong>ah</strong></span> <span class='ocrx_word' id='word_1_751' title='bbox 607 5308 791 5377; x_wconf 87' lang='lat' dir='ltr'><strong>impiis</strong></span> <span class='ocrx_word' id='word_1_752' title='bbox 821 5318 873 5360; x_wconf 82' lang='lat' dir='ltr'><strong>et</strong></span> <span class='ocrx_word' id='word_1_753' title='bbox 902 5309 1228 5374; x_wconf 85' lang='lat' dir='ltr'><strong>idololatris,</strong></span> <span class='ocrx_word' id='word_1_754' title='bbox 1262 5318 1323 5363; x_wconf 89' lang='lat' dir='ltr'><strong>ut</strong></span> <span class='ocrx_word' id='word_1_755' title='bbox 1353 5310 1634 5364; x_wconf 87' lang='lat' dir='ltr'><strong>Christum</strong></span> <span class='ocrx_word' id='word_1_756' title='bbox 1675 5311 1995 5379; x_wconf 79' lang='lat' dir='ltr'><strong>abnegaret,</strong></span> <span class='ocrx_word' id='word_1_757' title='bbox 2024 5320 2080 5365; x_wconf 85' lang='lat' dir='ltr'><strong>et</strong></span> 
     </span>
    </p>
   </div>
   <div class='ocr_carea' id='block_1_102' title="bbox 503 5401 2078 5473">
    <p class='ocr_par' dir='ltr' id='par_1_102' title="bbox 503 5401 2078 5473">
     <span class='ocr_line' id='line_1_102' title="bbox 503 5401 2078 5473; baseline 0.003 -20"><span class='ocrx_word' id='word_1_758' title='bbox 503 5401 724 5454; x_wconf 87' lang='lat' dir='ltr'><strong>iilorum</strong></span> <span class='ocrx_word' id='word_1_759' title='bbox 759 5402 890 5454; x_wconf 87' lang='lat' dir='ltr'><strong>deos</strong></span> <span class='ocrx_word' id='word_1_760' title='bbox 921 5402 1126 5455; x_wconf 88' lang='lat' dir='ltr'><strong>coleret</strong></span> <span class='ocrx_word' id='word_1_761' title='bbox 1154 5401 1537 5473; x_wconf 82' lang='lat' dir='ltr'><strong>adoraretqtte.</strong></span> <span class='ocrx_word' id='word_1_762' title='bbox 1577 5404 1677 5458; x_wconf 84' lang='lat' dir='ltr'><strong>llic</strong></span> <span class='ocrx_word' id='word_1_763' title='bbox 1729 5420 1857 5457; x_wconf 78' lang='lat' dir='ltr'><strong>vero</strong></span> <span class='ocrx_word' id='word_1_764' title='bbox 1887 5405 2078 5458; x_wconf 90' lang='lat' dir='ltr'><strong>maluit</strong></span> 
     </span>
    </p>
   </div>
   <div class='ocr_carea' id='block_1_103' title="bbox 506 5489 2076 5564">
    <p class='ocr_par' dir='ltr' id='par_1_103' title="bbox 506 5489 2076 5564">
     <span class='ocr_line' id='line_1_103' title="bbox 506 5489 2076 5564; baseline 0.003 -20"><span class='ocrx_word' id='word_1_765' title='bbox 506 5489 749 5544; x_wconf 82' lang='lat' dir='ltr'><strong>infinitas</strong></span> <span class='ocrx_word' id='word_1_766' title='bbox 802 5501 1008 5546; x_wconf 83' lang='lat' dir='ltr'><strong>mortes</strong></span> <span class='ocrx_word' id='word_1_767' title='bbox 1053 5501 1108 5546; x_wconf 87' lang='lat' dir='ltr'><strong>et</strong></span> <span class='ocrx_word' id='word_1_768' title='bbox 1157 5493 1365 5548; x_wconf 87' lang='lat' dir='ltr'><strong>infinita</strong></span> <span class='ocrx_word' id='word_1_769' title='bbox 1399 5505 1669 5550; x_wconf 87' lang='lat' dir='ltr'><strong>tormenta</strong></span> <span class='ocrx_word' id='word_1_770' title='bbox 1725 5512 1823 5564; x_wconf 88' lang='lat' dir='ltr'><strong>pro</strong></span> <span class='ocrx_word' id='word_1_771' title='bbox 1857 5496 2076 5550; x_wconf 84' lang='lat' dir='ltr'><strong>nomine</strong></span> 
     </span>
    </p>
   </div>
   <div class='ocr_carea' id='block_1_104' title="bbox 503 5581 2079 5654">
    <p class='ocr_par' dir='ltr' id='par_1_104' title="bbox 503 5581 2079 5654">
     <span class='ocr_line' id='line_1_104' title="bbox 503 5581 2079 5654; baseline 0.003 -18"><span class='ocrx_word' id='word_1_772' title='bbox 503 5581 709 5636; x_wconf 82' lang='lat' dir='ltr'><strong>Christi</strong></span> <span class='ocrx_word' id='word_1_773' title='bbox 766 5583 1061 5642; x_wconf 79' lang='lat' dir='ltr'><strong>sustinere.</strong></span> <span class='ocrx_word' id='word_1_774' title='bbox 1095 5600 1256 5654; x_wconf 90' lang='lat' dir='ltr'><strong>quam</strong></span> <span class='ocrx_word' id='word_1_775' title='bbox 1311 5587 1472 5641; x_wconf 82' lang='lat' dir='ltr'><strong>fidem</strong></span> <span class='ocrx_word' id='word_1_776' title='bbox 1528 5604 1680 5642; x_wconf 86' lang='lat' dir='ltr'><strong>suam</strong></span> <span class='ocrx_word' id='word_1_777' title='bbox 1714 5589 1767 5642; x_wconf 92' lang='lat' dir='ltr'><strong>in</strong></span> <span class='ocrx_word' id='word_1_778' title='bbox 1799 5588 2079 5643; x_wconf 85' lang='lat' dir='ltr'><strong>Christum</strong></span> 
     </span>
    </p>
   </div>
   <div class='ocr_carea' id='block_1_105' title="bbox 485 5674 2080 5751">
    <p class='ocr_par' dir='ltr' id='par_1_105' title="bbox 485 5674 2080 5751">
     <span class='ocr_line' id='line_1_105' title="bbox 485 5674 2080 5751; baseline 0.007 -28"><span class='ocrx_word' id='word_1_779' title='bbox 485 5679 754 5744; x_wconf 59' lang='lat' dir='ltr'><strong>-,ej‘ccre.</strong></span> <span class='ocrx_word' id='word_1_780' title='bbox 811 5674 996 5732; x_wconf 78' lang='lat' dir='ltr'><strong>Mul&#39;is</strong></span> <span class='ocrx_word' id='word_1_781' title='bbox 1031 5677 1192 5747; x_wconf 79' lang='lat' dir='ltr'><strong>igitur</strong></span> <span class='ocrx_word' id='word_1_782' title='bbox 1235 5681 1520 5738; x_wconf 85' lang='lat' dir='ltr'><strong>tormentis</strong></span> <span class='ocrx_word' id='word_1_783' title='bbox 1561 5691 1616 5736; x_wconf 86' lang='lat' dir='ltr'><strong>et</strong></span> <span class='ocrx_word' id='word_1_784' title='bbox 1665 5681 1949 5751; x_wconf 86' lang='lat' dir='ltr'><strong>suppliciis</strong></span> <span class='ocrx_word' id='word_1_785' title='bbox 1987 5695 2080 5735; x_wconf 79' lang='lat' dir='ltr'><strong>ex-</strong></span> 
     </span>
    </p>
   </div>
   <div class='ocr_carea' id='block_1_106' title="bbox 590 5844 954 5916">
    <p class='ocr_par' dir='ltr' id='par_1_106' title="bbox 590 5844 954 5916">
     <span class='ocr_line' id='line_1_106' title="bbox 590 5844 954 5916; baseline 0.011 -16"><span class='ocrx_word' id='word_1_786' title='bbox 590 5844 629 5874; x_wconf 76' lang='lat'>“</span> <span class='ocrx_word' id='word_1_787' title='bbox 669 5848 805 5902; x_wconf 78' lang='lat' dir='ltr'><strong>Gen.</strong></span> <span class='ocrx_word' id='word_1_788' title='bbox 844 5867 878 5916; x_wconf 88' lang='lat' dir='ltr'><strong>t,</strong></span> <span class='ocrx_word' id='word_1_789' title='bbox 910 5852 954 5904; x_wconf 77' lang='grc' dir='ltr'>ί.</span> 
     </span>
    </p>
   </div>
   <div class='ocr_carea' id='block_1_107' title="bbox 2179 4664 3760 4742">
    <p class='ocr_par' dir='ltr' id='par_1_107' title="bbox 2179 4664 3760 4742">
     <span class='ocr_line' id='line_1_107' title="bbox 2179 4664 3760 4742; baseline -0.005 -19"><span class='ocrx_word' id='word_1_790' title='bbox 2179 4675 2246 4742; x_wconf 83' lang='grc' dir='ltr'>τῇ</span> <span class='ocrx_word' id='word_1_791' title='bbox 2282 4674 2455 4741; x_wconf 76' lang='grc' dir='ltr'>φωνῇ,</span> <span class='ocrx_word' id='word_1_792' title='bbox 2495 4670 2689 4736; x_wconf 80' lang='grc' dir='ltr'>Μέγας</span> <span class='ocrx_word' id='word_1_793' title='bbox 2745 4673 2771 4722; x_wconf 82' lang='grc' dir='ltr'>ὁ</span> <span class='ocrx_word' id='word_1_794' title='bbox 2802 4668 2934 4730; x_wconf 83' lang='grc' dir='ltr'>Θεὸς</span> <span class='ocrx_word' id='word_1_795' title='bbox 2973 4667 3081 4722; x_wconf 82' lang='grc' dir='ltr'>τῶν</span> <span class='ocrx_word' id='word_1_796' title='bbox 3133 4667 3498 4736; x_wconf 82' lang='grc' dir='ltr'>Χριστιανῶν,</span> <span class='ocrx_word' id='word_1_797' title='bbox 3543 4664 3760 4733; x_wconf 81' lang='grc' dir='ltr'>μεγάλη</span> 
     </span>
    </p>
   </div>
   <div class='ocr_carea' id='block_1_108' title="bbox 2179 4755 3770 4831">
    <p class='ocr_par' dir='ltr' id='par_1_108' title="bbox 2179 4755 3770 4831">
     <span class='ocr_line' id='line_1_108' title="bbox 2179 4755 3770 4831; baseline -0.004 -18"><span class='ocrx_word' id='word_1_798' title='bbox 2179 4765 2212 4831; x_wconf 83' lang='grc' dir='ltr'><strong>ἡ</strong></span> <span class='ocrx_word' id='word_1_799' title='bbox 2247 4761 2426 4824; x_wconf 73' lang='grc' dir='ltr'>πίστις</span> <span class='ocrx_word' id='word_1_800' title='bbox 2456 4762 2653 4823; x_wconf 68' lang='grc' dir='ltr'>αὐτῶν,</span> <span class='ocrx_word' id='word_1_801' title='bbox 2670 4761 2761 4812; x_wconf 74' lang='grc' dir='ltr'><strong>καὶ</strong></span> <span class='ocrx_word' id='word_1_802' title='bbox 2780 4760 3061 4811; x_wconf 73' lang='grc' dir='ltr'>ἐπίστευον</span> <span class='ocrx_word' id='word_1_803' title='bbox 3081 4759 3158 4819; x_wconf 84' lang='grc' dir='ltr'><strong>είς</strong></span> <span class='ocrx_word' id='word_1_804' title='bbox 3185 4759 3273 4809; x_wconf 88' lang='grc' dir='ltr'><strong>τὸν</strong></span> <span class='ocrx_word' id='word_1_805' title='bbox 3289 4755 3546 4825; x_wconf 82' lang='grc' dir='ltr'>Χριστόν.</span> <span class='ocrx_word' id='word_1_806' title='bbox 3571 4757 3670 4809; x_wconf 65' lang='grc' dir='ltr'><strong>Καὶ</strong></span> <span class='ocrx_word' id='word_1_807' title='bbox 3685 4757 3770 4808; x_wconf 78' lang='grc' dir='ltr'>ὅτι</span> 
     </span>
    </p>
   </div>
   <div class='ocr_carea' id='block_1_109' title="bbox 2185 4849 3773 4922">
    <p class='ocr_par' dir='ltr' id='par_1_109' title="bbox 2185 4849 3773 4922">
     <span class='ocr_line' id='line_1_109' title="bbox 2185 4849 3773 4922; baseline -0.002 -21"><span class='ocrx_word' id='word_1_808' title='bbox 2185 4853 2283 4922; x_wconf 82' lang='grc' dir='ltr'>μὲν</span> <span class='ocrx_word' id='word_1_809' title='bbox 2308 4856 2508 4914; x_wconf 79' lang='grc' dir='ltr'>πάντες</span> <span class='ocrx_word' id='word_1_810' title='bbox 2537 4856 2584 4905; x_wconf 86' lang='grc' dir='ltr'><strong>οί</strong></span> <span class='ocrx_word' id='word_1_811' title='bbox 2628 4854 2718 4903; x_wconf 71' lang='grc' dir='ltr'><strong>τοῦ</strong></span> <span class='ocrx_word' id='word_1_812' title='bbox 2753 4851 2988 4920; x_wconf 82' lang='grc' dir='ltr'>Χριστοῦ</span> <span class='ocrx_word' id='word_1_813' title='bbox 3019 4852 3294 4920; x_wconf 69' lang='grc' dir='ltr'>μάρτυρες</span> <span class='ocrx_word' id='word_1_814' title='bbox 3324 4849 3581 4917; x_wconf 80' lang='grc' dir='ltr'>Θαύματα</span> <span class='ocrx_word' id='word_1_815' title='bbox 3610 4851 3773 4916; x_wconf 70' lang='grc' dir='ltr'>ἐνήρ-</span> 
     </span>
    </p>
   </div>
   <div class='ocr_carea' id='block_1_110' title="bbox 2181 4938 3772 5012">
    <p class='ocr_par' dir='ltr' id='par_1_110' title="bbox 2181 4938 3772 5012">
     <span class='ocr_line' id='line_1_110' title="bbox 2181 4938 3772 5012; baseline -0.004 -16"><span class='ocrx_word' id='word_1_816' title='bbox 2181 4961 2310 5012; x_wconf 90' lang='grc' dir='ltr'>γουν</span> <span class='ocrx_word' id='word_1_817' title='bbox 2341 4945 2564 5012; x_wconf 78' lang='grc' dir='ltr'>ἄπειρα,</span> <span class='ocrx_word' id='word_1_818' title='bbox 2602 4944 2756 4996; x_wconf 76' lang='grc' dir='ltr'>ἆτινα</span> <span class='ocrx_word' id='word_1_819' title='bbox 2786 4942 2875 4994; x_wconf 57' lang='grc' dir='ltr'><strong>δικ</strong></span> <span class='ocrx_word' id='word_1_820' title='bbox 2899 4943 2961 4993; x_wconf 89' lang='grc' dir='ltr'><strong>τὸ</strong></span> <span class='ocrx_word' id='word_1_821' title='bbox 3009 4941 3213 5010; x_wconf 82' lang='grc' dir='ltr'>πλῆθος</span> <span class='ocrx_word' id='word_1_822' title='bbox 3242 4939 3529 5004; x_wconf 73' lang='grc' dir='ltr'>εἰάθησαν,</span> <span class='ocrx_word' id='word_1_823' title='bbox 3591 4938 3772 4990; x_wconf 83' lang='grc' dir='ltr'>τοιοῦ-</span> 
     </span>
    </p>
   </div>
   <div class='ocr_carea' id='block_1_111' title="bbox 2187 5029 3774 5103">
    <p class='ocr_par' dir='ltr' id='par_1_111' title="bbox 2187 5029 3774 5103">
     <span class='ocr_line' id='line_1_111' title="bbox 2187 5029 3774 5103; baseline -0.006 -16"><span class='ocrx_word' id='word_1_824' title='bbox 2187 5036 2285 5087; x_wconf 91' lang='grc' dir='ltr'><strong>τόν</strong></span> <span class='ocrx_word' id='word_1_825' title='bbox 2318 5037 2494 5091; x_wconf 79' lang='grc' dir='ltr'>ἐστιν.</span> <span class='ocrx_word' id='word_1_826' title='bbox 2531 5038 2682 5103; x_wconf 81' lang='grc' dir='ltr'>ὅμως</span> <span class='ocrx_word' id='word_1_827' title='bbox 2729 5034 2784 5084; x_wconf 79' lang='grc' dir='ltr'>δὲ</span> <span class='ocrx_word' id='word_1_828' title='bbox 2821 5035 2884 5086; x_wconf 81' lang='grc' dir='ltr'>ἐκ</span> <span class='ocrx_word' id='word_1_829' title='bbox 2917 5032 3022 5086; x_wconf 82' lang='grc' dir='ltr'><strong>τῶν</strong></span> <span class='ocrx_word' id='word_1_830' title='bbox 3075 5031 3288 5086; x_wconf 83' lang='grc' dir='ltr'>πολλῶν</span> <span class='ocrx_word' id='word_1_831' title='bbox 3355 5029 3774 5098; x_wconf 62' lang='grc' dir='ltr'>συνεγράψαντο</span> 
     </span>
    </p>
   </div>
   <div class='ocr_carea' id='block_1_112' title="bbox 2187 5117 3770 5197">
    <p class='ocr_par' dir='ltr' id='par_1_112' title="bbox 2187 5117 3770 5197">
     <span class='ocr_line' id='line_1_112' title="bbox 2187 5117 3770 5197; baseline -0.006 -17"><span class='ocrx_word' id='word_1_832' title='bbox 2187 5129 2235 5180; x_wconf 76' lang='grc' dir='ltr'>οἱ</span> <span class='ocrx_word' id='word_1_833' title='bbox 2266 5127 2345 5197; x_wconf 79' lang='grc' dir='ltr'>τῷ</span> <span class='ocrx_word' id='word_1_834' title='bbox 2369 5127 2546 5196; x_wconf 77' lang='grc' dir='ltr'>καιρῷ</span> <span class='ocrx_word' id='word_1_835' title='bbox 2571 5127 2958 5197; x_wconf 77' lang='grc' dir='ltr'>εὑρισκόμενοι</span> <span class='ocrx_word' id='word_1_836' title='bbox 3005 5126 3200 5194; x_wconf 75' lang='grc' dir='ltr'>ἐκείνῳ</span> <span class='ocrx_word' id='word_1_837' title='bbox 3230 5127 3331 5178; x_wconf 84' lang='grc' dir='ltr'><strong>οὐκ</strong></span> <span class='ocrx_word' id='word_1_838' title='bbox 3359 5123 3541 5189; x_wconf 83' lang='grc' dir='ltr'>ὀλίγα,</span> <span class='ocrx_word' id='word_1_839' title='bbox 3600 5121 3659 5185; x_wconf 73' lang='grc' dir='ltr'>ἐξ</span> <span class='ocrx_word' id='word_1_840' title='bbox 3692 5117 3770 5173; x_wconf 81' lang='grc' dir='ltr'>ὧν</span> 
     </span>
    </p>
   </div>
   <div class='ocr_carea' id='block_1_113' title="bbox 2187 5211 3774 5287">
    <p class='ocr_par' dir='ltr' id='par_1_113' title="bbox 2187 5211 3774 5287">
     <span class='ocr_line' id='line_1_113' title="bbox 2187 5211 3774 5287; baseline -0.007 -14"><span class='ocrx_word' id='word_1_841' title='bbox 2187 5220 2247 5273; x_wconf 75' lang='grc' dir='ltr'>ἓν</span> <span class='ocrx_word' id='word_1_842' title='bbox 2273 5223 2389 5273; x_wconf 78' lang='grc' dir='ltr'>ἐστι</span> <span class='ocrx_word' id='word_1_843' title='bbox 2410 5218 2589 5272; x_wconf 79' lang='grc' dir='ltr'>τοῦτο.</span> <span class='ocrx_word' id='word_1_844' title='bbox 2629 5217 2689 5270; x_wconf 83' lang='lat'><strong>&#39;0</strong></span> <span class='ocrx_word' id='word_1_845' title='bbox 2721 5217 2849 5286; x_wconf 80' lang='grc' dir='ltr'>παρ’</span> <span class='ocrx_word' id='word_1_846' title='bbox 2878 5217 3042 5287; x_wconf 79' lang='grc' dir='ltr'><strong>ἡμῶν</strong></span> <span class='ocrx_word' id='word_1_847' title='bbox 3073 5219 3181 5268; x_wconf 78' lang='grc' dir='ltr'><strong>τῶν</strong></span> <span class='ocrx_word' id='word_1_848' title='bbox 3210 5213 3552 5284; x_wconf 81' lang='grc' dir='ltr'>Χριστιανῶν</span> <span class='ocrx_word' id='word_1_849' title='bbox 3598 5211 3774 5280; x_wconf 83' lang='grc' dir='ltr'>τιμὼ-</span> 
     </span>
    </p>
   </div>
   <div class='ocr_carea' id='block_1_114' title="bbox 2188 5304 3774 5384">
    <p class='ocr_par' dir='ltr' id='par_1_114' title="bbox 2188 5304 3774 5384">
     <span class='ocr_line' id='line_1_114' title="bbox 2188 5304 3774 5384; baseline -0.006 -20"><span class='ocrx_word' id='word_1_850' title='bbox 2188 5330 2346 5384; x_wconf 81' lang='grc' dir='ltr'>μενος</span> <span class='ocrx_word' id='word_1_851' title='bbox 2434 5312 2640 5382; x_wconf 71' lang='grc' dir='ltr'>μάρτυς</span> <span class='ocrx_word' id='word_1_852' title='bbox 2713 5312 2805 5363; x_wconf 68' lang='grc' dir='ltr'><strong>τοῦ</strong></span> <span class='ocrx_word' id='word_1_853' title='bbox 2868 5310 3103 5381; x_wconf 82' lang='grc' dir='ltr'>Χριστοῦ</span> <span class='ocrx_word' id='word_1_854' title='bbox 3160 5309 3454 5376; x_wconf 76' lang='grc' dir='ltr'>Γεώργιος,</span> <span class='ocrx_word' id='word_1_855' title='bbox 3557 5305 3618 5367; x_wconf 88' lang='grc' dir='ltr'>ὃς</span> <span class='ocrx_word' id='word_1_856' title='bbox 3677 5304 3774 5356; x_wconf 81' lang='grc' dir='ltr'><strong>καὶ</strong></span> 
     </span>
    </p>
   </div>
   <div class='ocr_carea' id='block_1_115' title="bbox 2190 5396 3772 5473">
    <p class='ocr_par' dir='ltr' id='par_1_115' title="bbox 2190 5396 3772 5473">
     <span class='ocr_line' id='line_1_115' title="bbox 2190 5396 3772 5473; baseline -0.008 -17"><span class='ocrx_word' id='word_1_857' title='bbox 2190 5404 2323 5473; x_wconf 85' lang='grc' dir='ltr'>παρ’</span> <span class='ocrx_word' id='word_1_858' title='bbox 2352 5403 2530 5454; x_wconf 66' lang='grc' dir='ltr'>αὑτῶ)</span> <span class='ocrx_word' id='word_1_859' title='bbox 2602 5404 2708 5453; x_wconf 70' lang='grc' dir='ltr'>τῶν</span> <span class='ocrx_word' id='word_1_860' title='bbox 2766 5402 3204 5470; x_wconf 65' lang='grc' dir='ltr'>Μωςουλμάνιον</span> <span class='ocrx_word' id='word_1_861' title='bbox 3265 5400 3516 5466; x_wconf 68' lang='grc' dir='ltr'>τιμᾶται,</span> <span class='ocrx_word' id='word_1_862' title='bbox 3566 5396 3772 5462; x_wconf 67' lang='grc' dir='ltr'>ὀνομά-</span> 
     </span>
    </p>
   </div>
   <div class='ocr_carea' id='block_1_116' title="bbox 2187 5485 3774 5564">
    <p class='ocr_par' dir='ltr' id='par_1_116' title="bbox 2187 5485 3774 5564">
     <span class='ocr_line' id='line_1_116' title="bbox 2187 5485 3774 5564; baseline -0.009 -16"><span class='ocrx_word' id='word_1_863' title='bbox 2187 5496 2338 5560; x_wconf 70' lang='grc' dir='ltr'>ζεται</span> <span class='ocrx_word' id='word_1_864' title='bbox 2364 5495 2420 5547; x_wconf 82' lang='grc' dir='ltr'><strong>δὲ</strong></span> <span class='ocrx_word' id='word_1_865' title='bbox 2443 5497 2569 5564; x_wconf 82' lang='grc' dir='ltr'>παρ’</span> <span class='ocrx_word' id='word_1_866' title='bbox 2593 5538 2606 5545; x_wconf 92' lang='grc'>.</span> <span class='ocrx_word' id='word_1_867' title='bbox 2625 5495 2766 5546; x_wconf 79' lang='grc' dir='ltr'><strong>ὐτῶν</strong></span> <span class='ocrx_word' id='word_1_868' title='bbox 2792 5496 2971 5564; x_wconf 77' lang='grc' dir='ltr'>Χετὴρ</span> <span class='ocrx_word' id='word_1_869' title='bbox 2995 5493 3200 5555; x_wconf 59' lang='grc' dir='ltr'>Ἠλίας,</span> <span class='ocrx_word' id='word_1_870' title='bbox 3233 5488 3655 5560; x_wconf 70' lang='grc' dir='ltr'>βασανιζόμενος</span> <span class='ocrx_word' id='word_1_871' title='bbox 3680 5485 3774 5537; x_wconf 71' lang='grc' dir='ltr'><strong>καὶ</strong></span> 
     </span>
    </p>
   </div>
   <div class='ocr_carea' id='block_1_117' title="bbox 2191 5577 3771 5656">
    <p class='ocr_par' dir='ltr' id='par_1_117' title="bbox 2191 5577 3771 5656">
     <span class='ocr_line' id='line_1_117' title="bbox 2191 5577 3771 5656; baseline -0.008 -18"><span class='ocrx_word' id='word_1_872' title='bbox 2191 5587 2588 5656; x_wconf 81' lang='grc' dir='ltr'>πειραζόμενος</span> <span class='ocrx_word' id='word_1_873' title='bbox 2621 5587 2772 5653; x_wconf 64' lang='grc' dir='ltr'>παρὰ</span> <span class='ocrx_word' id='word_1_874' title='bbox 2802 5586 2911 5638; x_wconf 81' lang='grc' dir='ltr'>τῶν</span> <span class='ocrx_word' id='word_1_875' title='bbox 2967 5583 3182 5637; x_wconf 81' lang='grc' dir='ltr'>ἀσεϐῶν</span> <span class='ocrx_word' id='word_1_876' title='bbox 3216 5584 3310 5635; x_wconf 79' lang='grc' dir='ltr'><strong>καὶ</strong></span> <span class='ocrx_word' id='word_1_877' title='bbox 3343 5577 3771 5646; x_wconf 79' lang='grc' dir='ltr'>είδωλολατρῶν,</span> 
     </span>
    </p>
   </div>
   <div class='ocr_carea' id='block_1_118' title="bbox 2191 5669 3776 5750">
    <p class='ocr_par' dir='ltr' id='par_1_118' title="bbox 2191 5669 3776 5750">
     <span class='ocr_line' id='line_1_118' title="bbox 2191 5669 3776 5750; baseline -0.008 -18"><span class='ocrx_word' id='word_1_878' title='bbox 2191 5681 2274 5734; x_wconf 80' lang='grc' dir='ltr'><strong>ἵνα</strong></span> <span class='ocrx_word' id='word_1_879' title='bbox 2322 5678 2414 5732; x_wconf 87' lang='grc' dir='ltr'><strong>τὸν</strong></span> <span class='ocrx_word' id='word_1_880' title='bbox 2447 5678 2546 5749; x_wconf 75' lang='grc' dir='ltr'>μὲν</span> <span class='ocrx_word' id='word_1_881' title='bbox 2597 5679 2830 5749; x_wconf 80' lang='grc' dir='ltr'>Χριστὸν</span> <span class='ocrx_word' id='word_1_882' title='bbox 2902 5680 3228 5750; x_wconf 72' lang='grc' dir='ltr'>ἀρνήσηται,</span> <span class='ocrx_word' id='word_1_883' title='bbox 3287 5674 3527 5744; x_wconf 74' lang='grc' dir='ltr'>σεόαοθῇ</span> <span class='ocrx_word' id='word_1_884' title='bbox 3564 5671 3623 5725; x_wconf 74' lang='grc' dir='ltr'>δὲ</span> <span class='ocrx_word' id='word_1_885' title='bbox 3678 5669 3776 5721; x_wconf 67' lang='grc' dir='ltr'><strong>καὶ</strong></span> 
     </span>
    </p>
   </div>
   <div class='ocr_carea' id='block_1_119' title="bbox 2713 5309 3454 5381">
    <p class='ocr_par' dir='ltr' id='par_1_119' title="bbox 2713 5309 3454 5381">
     <span class='ocr_line' id='line_1_119' title="bbox 2713 5309 3454 5381; baseline -0.004 -20"><span class='ocrx_word' id='word_1_886' title='bbox 2713 5312 2805 5363; x_wconf 68' lang='grc' dir='ltr'><strong>τοῦ</strong></span> <span class='ocrx_word' id='word_1_887' title='bbox 2868 5310 3103 5381; x_wconf 79' lang='grc' dir='ltr'>Χριστοῦ</span> <span class='ocrx_word' id='word_1_888' title='bbox 3160 5309 3454 5376; x_wconf 75' lang='grc' dir='ltr'>Γεώργιος,</span> 
     </span>
    </p>
   </div>
  </div>
