4090 6450
959 358 987 370 κ

532 381 637 446 515

1694 382 2017 442 JOANNIS
2050 380 2581 442 CANTACUZENI

3677 382 3797 447 516'

529 494 667 549 diosi
704 502 851 557 sunt,
886 502 937 549 et
972 493 1191 563 quidam
1235 502 1401 563 agunt
1434 494 1485 547 in
1518 495 1813 547 montibus
1865 492 1940 547 illi
1974 508 2104 547 vero

2225 497 2402 565 παρὸν
2462 496 2579 548 οὐκ
2610 494 2790 564 ἔχουσι
2827 494 3022 565 μέτρον
3078 496 3127 547 οἱ
3177 494 3269 549 τοῦ
3318 495 3456 549 Θεοῦ
3508 496 3783 569 ἇιθρωποι

449 622 455 628 -
534 589 586 640 in
614 587 911 656 speluncis,
949 588 1038 641 alii
1065 603 1189 641 (um
1226 587 1543 641 hominibus
1589 593 2006 649 convcrsantur,
2056 594 2110 639 et

530 678 787 730 virtutem
831 677 1036 729 habent
1067 676 1476 745 potentiamque
1509 675 1706 729 edendi
1744 675 2022 729 miracula,
2054 682 2110 726 et

466 798 471 806 ι
529 769 722 821 edunt.
752 766 892 833 Quid
926 783 1053 821 vero
1103 766 1199 820 tibi
1254 765 1508 819 videtur?
1556 763 1698 818 Num
1752 771 1981 833 propter
2016 762 2114 815 I'al-

530 875 677 921 sum,
730 858 939 921 ﬁctum,
994 869 1048 911 et
1098 856 1264 911 fucati
1310 857 1401 911 Dei
1438 870 1635 910 nomen
1670 863 1999 924 coeperatus
2029 861 2112 907 est

534 950 826 1026 duodecim
856 949 1116 1018 apostolis
1149 948 1311 1013 Dens,
1341 947 1575 1000 indoctis
1606 947 1732 1010 illis,
1766 954 1821 1000 et
1853 945 2111 1007 rudibus;

534 1057 633 1110 per
682 1042 894 1095 inlinita
931 1039 1216 1100 miracula,
1261 1048 1317 1093 et
1348 1038 1618 1093 convertit
1665 1039 1984 1093 universum
2026 1055 2115 1091 0r-

537 1132 658 1185 bem
685 1132 748 1185 ad
788 1132 946 1185 ﬁdem
978 1130 1203 1193 Christi,
1237 1139 1292 1185 et
1318 1130 1411 1184 Dei
1448 1129 1839 1196 cognitionem,
1874 1132 2117 1183 frenum-

536 1241 645 1293 que
678 1224 865 1293 injecit
894 1223 1213 1276 rhetoribus
1234 1232 1289 1274 ct
1331 1220 1723 1291 philosophis?
1754 1220 1820 1274 Et
1850 1222 1971 1289 quis
2005 1230 2111 1272 tam

537 1318 705 1369 Illist'l‘
734 1320 827 1384 qui
862 1315 964 1368 hoc
1000 1314 1234 1368 dixerit?
1280 1313 1642 1367 Nobilissima:
1692 1313 1838 1367 enim
1867 1312 2113 1364 omnium

535 1416 917 1459 creaturarum
964 1416 1114 1469 sunt,
1149 1403 1373 1473 angelus
1405 1416 1460 1456 et
1510 1402 1694 1455 homo.
1742 1401 2009 1455 Craterum
2059 1410 2116 1453 et

533 1498 783 1567 angi-lus,
834 1513 959 1551 cum
1005 1496 1190 1549 animo
1220 1512 1321 1551 suo
1355 1495 1697 1549 divinitatem
1743 1492 2039 1553 allectaret,
2086 1508 2116 1545 a

531 1591 751 1660 propria
795 1590 967 1660 gloria
1008 1588 1230 1649 excidit,
1263 1597 1317 1642 et
1339 1603 1405 1641 ex
1440 1586 1634 1655 angelo
1665 1584 1917 1639 diabolus
1943 1584 2118 1637 factus

533 1696 641 1748 est,
679 1693 825 1735 etex
878 1682 999 1734 luce
1045 1681 1100 1735 in
1147 1680 1402 1734 tenebras
1454 1686 1714 1731 mutatus.
1758 1675 2022 1730 Similiter
2062 1685 2119 1727 et

535 1773 723 1837 homo,
762 1787 887 1825 cum
931 1781 1153 1826 sanctus
1187 1778 1355 1832 esset,
1392 1776 1448 1823 et
1485 1767 1798 1837 paradisum
1832 1766 2113 1829 incoleret,

2214 589 2263 640 οἱ
2300 585 2726 655 ἐπιμελούμενοι
2764 587 2865 657 τῆς
2925 588 3220 657 σωτηρίας,
3272 590 3368 641 καὶ
3392 588 3442 640 οἱ
3500 587 3599 657 μὶν
3637 589 3784 660 εύρί.

2216 697 2439 733 σκονται
2466 681 2544 741 είς
2577 681 2643 731 τὰ
2670 679 2792 749 δρη,
2817 679 2866 731 οἱ
2896 678 3047 739 δὲείς
3071 679 3138 733 τὰ
3178 680 3445 750 σπήλαια,
3478 681 3527 734 οἱ
3555 681 3613 733 δὲ
3645 684 3787 751 μετά

2214 774 2322 827 τῶν
2349 773 2675 843 ἀνθρώπων,
2704 775 2796 825 καὶ
2847 773 3030 842 ἔχουσι
3056 772 3285 841 δύναμιν
3344 770 3441 825 καὶ
3486 773 3643 843 ἰσχὺν
3672 792 3789 825 ποια

2214 864 2347 933 ἧσαι
2400 865 2656 934 θαύματα
2708 864 2803 917 καὶ⁸
2866 864 3130 917 ποιοῦσιν.
3166 860 3311 933 Ἀρα
3354 864 3407 917 τί
3465 881 3546 917 σοι
3600 864 3785 920 δοκεῖε

2217 957 2447 1011 Ἕνεκεν
2471 957 2705 1026 ψευδοῦς
2737 959 2832 1010 καὶ
2864 957 3248 1023 πεπλασμένον
3278 957 3368 1008 καὶ
3399 955 3645 1009 ἀντιθέου
3676 956 3792 1007 6‘16-

2220 1063 2387 1117 ματος
2418 1051 2761 1116 συνήργησεν
2810 1047 2838 1097 6
2864 1045 2995 1107 85‘;
3044 1048 3156 1107 τοῖς
3189 1043 3396 1097 δώδεκα
3446 1043 3787 1107 ἀποστόῖοιτ,

2217 1141 2329 1195 τοῖς
2366 1137 2606 1204 ἀμαθέσι
2638 1138 2733 1190 καὶ
2766 1138 3043 1204 ἀγροίκοις
3095 1135 3181 1187 διὰ
3218 1135 3325 1186 τῶν
3378 1134 3621 1206 ἀπείρων
3659 1134 3793 1187 θαυ-

2221 1229 2428 1295 μάτων,
2461 1228 2555 1281 καὶ
2614 1227 2957 1295 ἐπέστρεψαν
2994 1227 3174 1277 πᾶσαν
3225 1225 3321 1294 τὴν
3351 1226 3675 1295 οἰκουμένην
3707 1228 3792 1285 εἰς

2218 1322 2316 1385 τὴν
2351 1318 2443 1371 τοῦ
2486 1317 2724 1386 Χριστοῦ
2781 1320 2963 1369 πίστιν
3018 1316 3235 1385 καὶτὴν
3289 1316 3641 1383 Θεογνωσίαν,
3692 1320 3793 1371 καὶ

2219 1409 2584 1476 ἐπεστόμιζον
2611 1410 2737 1471 τοὺς
2774 1411 3011 1479 ῥήτορας
3039 1410 3131 1459 καὶ
3163 1409 3526 1477 φιλοσόφους;
3557 1406 3671 1461 Καὶ
3702 1408 3791 1468 τίς

2217 1500 2391 1559 οὕτως
2421 1500 2629 1564 ἄθλιος,
2666 1501 2814 1561 ὅστις
2841 1502 2986 1553 εῑποι
3017 1500 3182 1562 αὑτός
3233 1500 3341 1551 Καὶ
3369 1501 3479 1567 γὰρ
3501 1498 3568 1550 τὰ
3595 1496 3795 1566 τιμιό-

2218 1606 2349 1659 τερα
2375 1591 2679 1658 πράγματα
2720 1590 2940 1656 ἀπάσης
2970 1587 3068 1657 τῆς
3095 1589 3332 1651 κτίσεως
3370 1588 3399 1640 6
3430 1586 3658 1655 ἄγγελος
3692 1588 3790 1638 καὶ

2217 1679 2247 1732 6
2274 1679 2559 1748 ἄνθρωπός
2609 1680 2767 1732 εἰσιν.
2811 1679 2971 1731 Ἀλλά
2995 1679 3088 1731 καὶ
3113 1680 3141 1731 6
3179 1679 3409 1746 ἄγγελος
3461 1678 3790 1748 ἐνθυμηθεὶς

2220 1772 2477 1838 γενέσθαι
2532 1771 2688 1837 Θεὸς,
2718 1771 2941 1837 ἐξέπεσε
2965 1774 3063 1842 τῆς
3094 1772 3300 1832 οἰκείας
3329 1772 3510 1841 δόξης,
3547 1772 3641 1824 καὶ
3666 1773 3788 1825 ἀντὶ

534 1872 827 1932 postquam
864 1862 1207 1916 divinitatem
1236 1836 1495 1914 aﬂ‘ectare
1522 1859 1715 1927 coepit,
1758 1874 1823 1911 en
1857 1858 2040 1912 statim
2084 1873 2116 1912 e

2225 1836 2459 1933 ἀγγέλου
2496 1836 2714 1928 ἐγένετο
2741 1836 3030 1926 διάϐολος..
3059 1866 3153 1918 καὶ
3186 1865 3308 1916 ἀντὶ
3350 1836 3530 1933 φωτὸς
3572 1864 3790 1931 ἐγένετο

535 1968 728 2013 sancto
765 1967 1018 2025 peccator
1053 1956 1385 2024 comparuit,
1426 1962 1483 2009 et
1527 1953 1783 2023 paradiso
1831 1953 2112 2023 expulsus,

537 2047 605 2099 ad
656 2055 815 2099 terra:
849 2047 1120 2099 culturam
1160 2045 1559 2099 condemnatus
1587 2054 1690 2099 est.
1730 2044 1812 2105 Et,
1844 2043 1989 2112 quod
2031 2059 2120 2096 ca-

466 2202 469 2205 ,
536 2136 1010 2191 lamitosissimum
1061 2146 1166 2202 est,
1209 2136 1303 2204 qui
1351 2136 1674 2189 immortalis
1721 2145 1841 2189 crat
1878 2144 2117 2198 creatus,

536 2230 703 2283 uorti
748 2228 1032 2297 subjectus
1057 2236 1160 2291 est,
1198 2236 1253 2281 et
1284 2226 1496 2281 audivit
1538 2245 1553 2282 :
1590 2245 1608 2279 ι
1641 2227 1700 2280 In
1747 2228 1948 2281 sudore
1997 2226 2120 2279 vul-

538 2332 628 2375 tus
648 2320 724 2374 tui
745 2319 1000 2374 cumedes
1022 2334 1216 2387 panem
1245 2326 1399 2372 tuum
1423 2335 1437 2371 :
1464 2335 1482 2368 ι
1518 2325 1574 2371 et
1598 2335 1617 2367 ι
1638 2316 1774 2382 Quia
1796 2327 1936 2370 terra
1956 2331 2036 2377 es,
2066 2317 2118 2368 in

540 2422 744 2466 terram
779 2410 1157 2465 reverteris“.
1192 2427 1209 2458 ι
1242 2408 1344 2463 Sed
1373 2407 1501 2477 quid
1529 2406 1596 2461 de
1622 2406 1813 2475 angelo
1832 2412 1887 2458 et
1915 2405 2121 2457 Adamo

538 2504 801 2566 dicimus,
846 2503 991 2572 quod
1060 2513 1286 2571 propter
1358 2498 1667 2552 divinitatis
1719 2495 2119 2550 all‘ectationem

544 2597 660 2649 hac
688 2595 847 2649 modo
875 2594 1023 2647 dicta
1050 2591 1192 2660 passi
1226 2590 1359 2653 sint,
1392 2605 1518 2643 cum
1553 2589 1639 2641 vel
1666 2588 1721 2641 hi
1759 2587 1851 2656 qui
1886 2586 2015 2639 Mosi
2064 2602 2121 2639 se

541 2700 819 2755 opponere
865 2684 1164 2747 audebant,
1199 2691 1256 2736 et
1291 2682 1577 2734 incensum
1610 2679 1718 2732 Deo
1750 2678 1951 2731 ollerre
2000 2677 2126 2730 reli-

542 2777 717 2846 gionis
744 2777 938 2847 gratia,
969 2775 1115 2846 quod
1145 2788 1253 2827 non
1292 2773 1419 2837 illis,
1446 2771 1540 2826 sed
1566 2771 1697 2826 solis
1721 2770 1919 2824 licebat
1941 2784 2124 2823 sacer-

543 2868 789 2932 dotibus,
821 2877 981 2921 tcrra:
1010 2866 1161 2921 hiatu
1194 2873 1384 2935 aperto
1425 2862 1668 2931 absorpti
1723 2862 1833 2914 sint
1868 2878 1880 2914 :
1912 2861 2121 2915 Datban

541 2960 826 3023 nimirum,
862 2958 1094 3020 Abiron,
1126 2963 1181 3010 et
1226 2955 1407 3009 Core?
1447 2954 1689 3008 Emicuit
1716 2953 1880 3006 etiam
1922 2952 2062 3022 ignis
2093 2965 2125 3005 e

546 3062 716 3113 terra,
761 3058 817 3104 et
840 3048 1146 3105 combussit
1172 3045 1424 3116 Opbnem
1457 3053 1511 3098 et
1542 3043 1797 3099 Phinees.
1839 3041 2124 3095 Sacriﬁca-

542 3144 622 3196 vit
649 3141 810 3198 Ozias
833 3141 1147 3196 Iudaeorum
1178 3154 1294 3203 rex,
1332 3145 1387 3191 et
1418 3135 1703 3206 repentina
1742 3135 1887 3203 lepra
1928 3134 2126 3188 multa-

2220 1956 2431 2017 σκότος.
2457 1955 2532 2009 Τὸ
2561 1956 2691 2009 αὐτὸ
2719 1938 2810 2011 καὶ
2851 1958 2879 2008 6
2909 1957 3194 2025 ἄνθρωπος
3235 1958 3387 2026 ἅγιος
3426 1955 3524 2023 ὢν,
3578 1957 3675 2011 καὶ
3704 1959 3787 2009 sv-

2219 2047 2311 2109 τὸς
2341 2047 2436 2100 τοῦ
2473 2047 2809 2115 παραδείσου
2833 2048 3247 2116 εὑρισκόμενος.
3285 2048 3598 2117 ἐπεθύμησε
3633 2050 3794 2116 γενέ-

2222 2134 2346 2186 σθαι
2381 2133 2535 2198 Θεὸς,
2574 2134 2667 2186 καὶ
2696 2136 2976 2203 παρευθὺς
3000 2134 3123 2187 αντὶ
3163 2135 3257 2187 τοῦ
3305 2129 3449 2188 εἶναι
3496 2134 3650 2201 ἆγιος
3700 2136 3794 2186 εύο

2225 2226 2355 2295 ρέθη
2382 2225 2729 2295 ἁμαρτωλός.
2786 2227 2898 2279 Καὶ
2954 2226 3238 2295 ὲκὸληθεὶς
3295 2224 3387 2279 τοῦ
3435 2226 3795 2297 παραδείσου,

2222 2318 2588 2387 κατεδικάσθη
2620 2317 2952 2386 ἐργάζεσθαι
2989 2318 3088 2384 τὴν
3114 2316 3238 2385 γῆν.
3264 2317 3369 2373 Καὶ
3393 2319 3452 2370 τὸ
3476 2317 3544 2389 δὴ
3580 2322 3793 2389 χεῖρον,

2234 2406 2315 2456 δτι
2347 2404 2613 2467 ἀθάνατος
2652 2405 2892 2469 κτισθεὶς
2954 2405 3227 2475 παρεδόθη
3274 2406 3353 2467 εἰς
3400 2404 3649 2468 θάνατον,
3698 2408 3798 2456 καὶ

2222 2495 2454 2564 ἤκουσεν
2481 2495 2562 2548 δτι
2601 2512 2619 2546 ι
2676 2495 2764 2548 Ἐν
2792 2496 2980 2564 ἱδρῶτι
3010 2494 3104 2549 τοῦ
3146 2495 3435 2565 προσώπου
3486 2512 3579 2548 σου
3643 2497 3795 2567 φάγῃ

2222 2585 2313 2636 τὸν
2341 2585 2503 2651 ἄρτον
2528 2601 2643 2647 σου,
2678 2604 2698 2636 ι
2736 2585 2827 2637 καὶ
2854 2587 2937 2638 ὅτι
2980 2602 2999 2635 ι
3029 2585 3102 2655 Γῆ
3158 2580 3230 2649 εἴ,
3280 2586 3374 2638 καὶ
3420 2586 3496 2647 είς
3529 2585 3634 2654 γῆν
3682 2585 3790 2636 ἀπ-

2224 2675 2439 2748 ελεύσῃ.
2482 2695 2499 2728 ›
2550 2677 2660 2729 Καὶ
2705 2676 2757 2728 τί
2803 2676 2945 2744 λέγω
2992 2678 3120 2748 περὶ
3158 2677 3248 2730 τοῦ
3302 2677 3533 2745 ἀγγέλου
3578 2676 3669 2729 καὶ
3698 2675 3797 2728 τοῦ

2238 2767 2431 2837 Ἀδὰμ,
2467 2768 2548 2820 ὅτι
2594 2768 3035 2840 ἐπιθυμήσαντες
3086 2769 3338 2838 γενέσθαι
3398 2767 3535 2835 θεοὶ,
3596 2767 3800 2820 ἔπαθον

2224 2857 2325 2911 ὅσα
2360 2858 2582 2926 εῐπομεν
2610 2874 2624 2925 ;
2656 2858 2791 2910 ἀλλὰ
2826 2860 2919 2912 καὶ
2972 2860 3066 2911 ἐπὶ
3120 2859 3212 2911 τοῦ
3240 2859 3544 2922 Μωῦσέως,
3591 2860 3799 2926 τολμη-

2230 2948 2442 3000 σάντων
2476 2948 2639 3001 τινῶν
2688 2949 2912 3017 ποιῆσαι
2966 2948 3002 3002 ἀ
3040 2949 3114 3020 μὴ
3152 2950 3312 3018 θέμις
3374 2952 3573 3013 ποιεῖν,
3626 2950 3802 3018 ἤγουν

2228 3039 2498 3109 θυμιάσαι
2524 3039 2600 3109 τῷ
2630 3040 2748 3109 Θεῷ
2773 3040 3017 3102 δουλείας
3058 3042 3241 3112 χάριν,
3274 3040 3363 3094 διά
3395 3042 3455 3093 τὸ
3491 3041 3565 3112 μὴ
3594 3040 3803 3106 ἐξεῖναι

2229 3134 2413 3195 αὐτοῖς
2455 3132 2722 3203 θυμιᾶσαι
2746 3133 2860 3186 ἀλλ’
2900 3134 2932 3203 ἢ
2966 3134 3149 3202 μόνοις
3172 3136 3283 3196 τοῖς
3327 3133 3583 3203 ἱερεῦσιν.
3614 3133 3803 3203 ἠνοίχ-

542 3245 634 3289 tus
661 3243 767 3289 est.
804 3233 970 3288 Vides
998 3232 1184 3301 igitur,
1210 3239 1273 3284 ut
1302 3244 1427 3295 eum
1460 3242 1623 3281 omne
1654 3236 1938 3297 peccatum
1983 3227 2120 3280 Deus

2228 3221 2295 3293 θη
2336 3225 2368 3292 ἡ
2406 3223 2499 3293 γῆ,
2532 3225 2627 3277 xal
2654 3224 2886 3276 κατέπιε
2914 3224 3003 3277 τὸν
3033 3224 3211 3278 Δαθάν
3247 3224 3343 3277 καὶ
3392 3225 3482 3277 τὸν
3534 3224 3805 3292 Ἀὁειρὼν

538 3328 610 3391 ad
659 3337 877 3395 tempus
906 3325 1054 3379 ferre
1098 3324 1291 3385 soleat,
1322 3330 1375 3376 ct
1409 3321 1709 3389 peccatoris
1743 3319 2119 3388 pmnitentiam

544 3424 889 3482 exsitectare,
930 3413 1073 3466 hanc
1106 3412 1279 3466 solam
1319 3409 1600 3463 audaciam
1624 3423 1732 3461 non
1770 3408 1893 3469 fert,
1934 3407 2029 3461 sed
2060 3424 2128 3460 eo

546 3505 668 3572 ipso
703 3510 983 3557 momento
1025 3502 1121 3556 Dei
1166 3500 1475 3571 indignatio
1505 3507 1561 3554 et
1590 3499 1669 3553 ira
1708 3498 1762 3552 in
1812 3499 2128 3570 huiusmodi

548 3596 846 3650 audentem
879 3594 1177 3649 oboritur?

2229 3318 2324 3370 καὶ
2356 3316 2448 3369 τὸν
2489 3317 2649 3387 Κσρέ.
2690 3314 2915 3384 Ἐξῆλθε
2945 3315 3057 3387 πῦρ
3102 3316 3210 3369 ἀπὸ
3230 3316 3329 3386 τῆς
3361 3316 3484 3384 γῆς,
3514 3316 3608 3367 καὶ
3636 3315 3801 3368 κατέ-

2227 3424 2399 3461 καυσε
2457 3408 2548 3459 τὸν
2640 3408 2823 3475 Ὀφνεὶ
2881 3407 2977 3461 καὶ
3036 3407 3272 3471 .Φινεές.
3331 3407 3441 3461 Καὶ
3505 3405 3801 3474 ὲθυμίασεν

2238 3500 2422 3563 Ὀζίας
2451 3499 2611 3552 ὁτῶν
2659 3498 2932 3552 Ἰουδαίων
2991 3499 3270 3568 βασιλεὺς.
3332 3498 3468 3551 ἀλλὰ
3513 3498 3797 3568 παρευθὺς

2230 3589 2540 3660 ἒλεπρώθη.
2578 3591 2805 3654 Βλέπεις
2840 3591 2958 3654 πῶς
3001 3593 3181 3663 πάσης
3217 3592 3493 3662 ἁμαρτίας
3544 3592 3799 3658 ἀνέχεται

545 3690 573 3739 6
598 3686 750 3749 Θεὸς.
783 3687 875 3738 καὶ
905 3688 1167 3756 καρτερεῖ
1194 3685 1294 3753 τὴν
1329 3684 1423 3739 τοῦ
1454 3684 1783 3755 ἀμαρτωλοῦ
1837 3685 2152 3754 μετάνοιαν,
2189 3686 2395 3755 ταύτην
2446 3684 2504 3737 δὲ
2562 3687 2661 3756 τὴν
2694 3686 2901 3755 τόλμαν
2931 3688 3032 3739 οὐκ
3062 3687 3334 3754 ἀνέχεται,
3387 3685 3525 3740 ἀλλά
3551 3686 3667 3739 κατ’
3698 3689 3794 3739 αύο

544 3783 645 3851 τὴν
693 3781 791 3851 τὴν
839 3779 988 3851 ὥραν
1051 3779 1270 3850 ἔρχεται
1320 3780 1355 3849 ἡ
1413 3778 1508 3831 τοῦ
1548 3778 1685 3831 Θεοῦ
1718 3775 2095 3845 ἀγανάκτησις
2136 3777 2230 3831 καὶ
2262 3777 2401 3850 ὀργὴ
2434 3779 2514 3840 εἰς
2553 3778 2643 3830 τὸν
2682 3777 2748 3829 τά
2778 3778 3005 3831 τοιαῦτα
3035 3778 3354 3848 τολμῶντα;

618 3919 673 3974 8.
725 3916 1181 3987 Quandoquidem
1214 3916 1402 3987 igitur,
1450 3924 1513 3971 ut
1550 3917 1987 3971 demonstratum
2016 3925 2123 3983 est,

544 4012 688 4065 Dens
744 4009 1009 4079 apostolis
1065 4019 1392 4078 cooperatns
1442 4017 1547 4073 est,
1585 4016 1641 4061 et
1676 4007 2029 4077 martyribus,
2066 4007 2122 4062 in

546 4101 672 4156 lldei
699 4101 1028 4155 Christiana:
1057 4100 1586 4168 comprobationem,
1620 4099 1711 4168 qui
1749 4101 1801 4152 in
1838 4098 2121 4155 Christum

547 4208 655 4247 non
686 4190 885 4255 credit,
914 4205 1025 4244 non
1058 4191 1235 4246 credit
1266 4191 1401 4245 Deo.
1423 4190 1514 4244 Sic
1548 4190 1696 4243 enim
1729 4191 1841 4259 ipse
1872 4188 2129 4245 Christus

546 4285 601 4337 in
638 4282 949 4353 Evangeliis
984 4282 1123 4336 dixit
1165 4300 1179 4336 :
1221 4300 1241 4332 ι
1284 4281 1388 4347 Qui
1442 4296 1550 4334 non
1589 4281 1769 4335 credit
1822 4280 1977 4345 Filio,
2027 4296 2130 4335 nec

547 4373 694 4428 Patri
743 4374 942 4438 credit,
974 4392 991 4423 ι
1024 4381 1129 4427 et:
1175 4390 1192 4423 ι
1248 4371 1350 4437 Qui
1384 4386 1490 4425 non
1545 4371 1709 4424 habet
1758 4370 1977 4434 Filium,
2027 4387 2128 4427 nec

2302 3916 2372 3989 η’.
2414 3920 2565 3972 Ἐπεὶ
2601 3918 2752 3986 γοῦν,
2785 3919 2859 3982 ὡς
2892 3920 3287 3983 ἀποδέδεικται,
3313 3922 3444 3983 Θεὸς
3462 3914 3525 3986 ἦν
3547 3921 3573 3970 ό
3600 3936 3720 3971 συνε
3733 3939 3786 3987 ρ-

2230 4008 2344 4074 γῶν
2375 4009 2489 4068 τοῖς
2512 4023 2571 4059 τε
2603 4007 2928 4070 ἀποστόλοις
2978 4009 3072 4061 καὶ
3114 4009 3387 4078 μάρτυσιν
3436 4008 3511 4070 είς
3567 4006 3663 4077 τὴν
3694 4007 3788 4060 τοῦ

2231 4096 2473 4167 Χριστοῦ
2498 4096 2702 4164 πίστιν,
2735 4101 2763 4152 6
2794 4099 2869 4169 μὴ
2896 4099 3172 4154 πιστεύων
3208 4101 3288 4163 εἰς
3311 4101 3402 4153 τὸν
3437 4100 3693 4171 Χριστὸν,
3732 4101 3795 4154 οὐ

2229 4192 2647 4263 πιστεύειΘεῷ.
2704 4193 2862 4246 Οὕτω
2897 4193 3005 4262 γὰρ
3060 4194 3155 4246 καὶ
3204 4195 3231 4246 6
3280 4194 3510 4263 Xpucbg
3568 4195 3626 4246 ἐν
3686 4196 3800 4255 τοῖς

2230 4282 2590 4351 Εὐαγγελίοις
2632 4286 2887 4354 εἴρηκεν,
2936 4286 3019 4337 ὅτι
3088 4304 3106 4335 ι
3163 4285 3221 4338 '0
3254 4287 3328 4353 μὴ
3396 4286 3669 4339 πιστεύων
3723 4287 3801 4355 τῷ

2230 4372 2360 4438 Υίῴ,
2385 4371 2508 4424 οὐδὲ
2526 4372 2605 4440 τῷ
2627 4373 2852 4440 Πατρὶ,›
2882 4373 3027 4439 καὶ,ι
3050 4371 3107 4426 ’0
3128 4374 3203 4444 μὴ
3219 4373 3356 4442 ἔχων
3377 4375 3490 4439 τὸν,
3518 4374 3659 4438 Υίὸν,
3680 4376 3803 4429 οὐδὲ

546 4465 767 4519 Patrem
798 4465 983 4519 habet.
1028 4482 1046 4515 ι
1088 4463 1241 4529 Quod
1273 4462 1319 4516 si
1358 4462 1525 4531 igitur
1572 4461 1825 4515 Christus
1858 4477 1965 4515 non
2000 4469 2120 4537 erat

2230 4464 2323 4515 τὸν
2342 4464 2562 4533 Πατέρα
2596 4463 2731 4533 ἔχει.
2767 4482 2784 4513 ι
2822 4463 2997 4535 Εἴπερ
3042 4464 3172 4531 γοῦν
3207 4465 3308 4517 οὐκ
3359 4461 3427 4535 ἦν
3483 4468 3512 4519 6
3566 4468 3804 4535 Χριστὸς

548 4560 716 4623 Deus,
764 4574 865 4611 nec
896 4558 994 4614 Dei
1032 4554 1231 4620 Filius,
1262 4554 1358 4609 sed
1397 4554 1705 4607 temeritate
1732 4554 1966 4622 quadam
2010 4554 2120 4608 haac

2231 4554 2361 4616 Θεὸς
2388 4557 2479 4608 καὶ
2508 4555 2642 4607 Θεοῦ
2674 4555 2822 4618 Υἱὸς,
2851 4555 2991 4608 ἀλλὰ
3026 4556 3239 4625 τολμῶν
3267 4557 3419 4625 ἔλεγε
3470 4557 3666 4623 ταῦτα,
3700 4558 3805 4612 οὐκ

549 4650 732 4703 dicere
756 4665 923 4703 ausus
948 4648 1077 4709 fuit,
1110 4664 1291 4701 annon
1327 4645 1516 4700 eadem
1550 4646 1659 4716 pati
1690 4645 1945 4708 debebat,
2002 4660 2120 4713 qua!

2225 4648 2422 4713 ἔμελλε
2452 4647 2668 4709 παθεῖν,
2693 4648 2836 4717 ἅπερ
2895 4647 3098 4701 ἔπαθεν
3146 4650 3174 4702 δ
3222 4666 3282 4700 τε
3314 4649 3560 4713 διάϐολος
3615 4650 3714 4704 καὶ
3773 4653 3808 4704 6

549 4742 802 4796 diabolus
830 4751 886 4795 et
917 4739 1090 4794 Adam
1128 4739 1271 4809 passi
1325 4738 1486 4793 sunt?
1516 4738 1622 4793 Sed
1659 4754 1783 4792 cum
1812 4738 1954 4792 Deus
1982 4748 2120 4792 esset

2244 4736 2444 4804 Ἀδάμς
2464 4736 2624 4789 Ἀλλά
2657 4736 2789 4800 Θεὸς
2818 4736 2894 4790 ὣν
2925 4737 3195 4808 ἀληθινὸς,
3229 4740 3383 4808 ἔλεγε
3415 4740 3671 4810 καθαρῶς
3707 4745 3809 4794 καὶ

549 4849 735 4898 verus,
780 4843 968 4902 aperte
1010 4847 1205 4885 omnes
1244 4830 1454 4895 docuit,
1510 4841 1567 4882 ut
1613 4846 1802 4899 puram
1842 4831 2120 4883 veritatem

2234 4829 2481 4882 ἐδίδασκε
2505 4831 2612 4891 τοῖς
2640 4830 2831 4890 πᾶσιν,
2882 4830 2968 4883 ἵνα
3020 4832 3193 4898 γνῶσι
3224 4833 3483 4902 καθαρῶς
3538 4833 3638 4901 τὴν
3662 4833 3810 4903 ἀλή-

550 4931 937 4993 agnosccrent,
960 4923 1092 4990 quin
1121 4923 1303 4991 potius
1322 4921 1468 4975 illius
1485 4920 1849 4974 divinitatem.
1872 4921 2120 4986 Quando-

2232 4917 2410 4983 θειαν,
2450 4919 2651 4989 μᾶλλον
2676 4920 2732 4972 δὲ
2784 4920 2883 4990 τὴν
2942 4920 3111 4974 αὑτοῦ
3175 4921 3424 4992 θεότητα,
3465 4922 3615 4976 Ἐπεὶ
3669 4922 3809 4991 γοῦν

553 5013 776 5083 quidem
822 5013 989 5082 igitur
1024 5013 1183 5082 plane
1220 5024 1275 5067 et
1320 5013 1663 5068 conﬁdenter
1695 5027 1753 5067 se
1802 5012 1969 5082 Deum
2010 5027 2120 5067 esse

2226 5011 2439 5079 τρανῶς
2479 5012 2575 5063 καὶ
2604 5014 3182 5082 πεπαρρησιασμένως
3215 5014 3420 5081 ἔλεγεν,
3468 5015 3552 5068 ὅτι
3605 5032 3626 5067 ι
3667 5015 3810 5080 Θεός

555 5106 716 5169 dixit,
752 5116 809 5159 et
840 5103 1039 5158 Filium
1086 5106 1181 5161 Dei
1209 5105 1457 5161 altissimi
1489 5106 1556 5168 “,
1595 5119 1697 5159 nec
1726 5105 1778 5158 in
1810 5104 2120 5159 abscondite

2230 5102 2345 5167 εἰμι
2364 5099 2458 5152 καὶ
2477 5099 2602 5162 Υἱὸς
2625 5098 2716 5154 τοῦ
2738 5100 2870 5153 Θεοῦ
2894 5101 2985 5153 τοῦ
3012 5102 3256 5169 ὑψίστου,
3271 5124 3288 5155 ι
3308 5106 3403 5157 καὶ
3424 5104 3526 5159 οὐκ
3550 5107 3608 5159 ὲν
3624 5120 3812 5173 παρα-

556 5208 612 5249 ct
638 5196 836 5265 angulo
861 5197 1119 5259 obscuro,
1148 5197 1242 5252 sed
1272 5199 1325 5250 in
1349 5196 1530 5250 medio
1551 5196 1794 5278 omnium
1830 5196 1932 5250 hoc
1957 5196 2126 5251 dixit:

558 5303 682 5341 cum
731 5289 969 5357 denique
1006 5300 1060 5342 ct
1095 5290 1209 5360 ipse
1255 5290 1527 5343 Mahomet
1580 5303 1881 5357 omnesque
1924 5288 2127 5341 Musul-

557 5381 706 5434 mani
740 5381 1106 5435 conﬁteantur
1151 5383 1427 5437 Christum
1459 5381 1697 5435 Verbum
1748 5381 1841 5434 Dei
1878 5396 2019 5443 esse,
2069 5389 2125 5434 et

560 5470 823 5540 Spiritum
857 5472 971 5537 Dei,
1003 5481 1057 5527 et
1092 5473 1325 5528 animam
1360 5472 1478 5536 Dei,
1514 5488 1704 5525 omnes
1730 5471 1893 5526 etiam
1926 5471 2127 5524 Musul-

558 5561 702 5615 mani
737 5563 836 5618 hac
863 5564 1126 5633 religione
1162 5574 1437 5629 tenentur,
1476 5571 1538 5616 ut
1568 5564 1685 5617 sine
1717 5566 1865 5617 Omni
1912 5563 2128 5616 dubita-

654 5734 697 5797 έ³
733 5768 867 5823 Gen.
896 5785 974 5833 ιιι,
1011 5770 1096 5834 ts,
1133 5769 1217 5823 to.
1326 5773 1371 5804 ιι
1414 5771 1604 5825 Matth.
1635 5782 1713 5835 ιιι,
1747 5774 1850 5839 Π;
1885 5788 2015 5835 xvtt,
2046 5774 2096 5825 ες.

2236 5193 2421 5262 δύστῳ
2464 5194 2559 5247 καὶ
2587 5193 2761 5265 γωνίᾳ
2794 5194 2977 5262 ἔλεγεν
3000 5195 3153 5262 αὐτὸ,
3189 5196 3327 5251 ἀλλά
3363 5196 3529 5267 μέσον
3556 5196 3808 5264 πάντων,

2238 5284 2491 5353 ὁμολογεῖ
2514 5285 2571 5337 δὲ
2615 5286 2742 5355 περὶ
2767 5286 2960 5339 τούτου
2988 5288 3015 5340 6
3049 5287 3321 5357 Μωάμεθ,
3402 5290 3497 5341 καὶ⁵
3523 5287 3729 5351 πάντες
3753 5288 3809 5340 οἱ

2233 5376 2672 5446 Μουσουλμάνοι,
2704 5378 2783 5430 ὅτι
2806 5378 2978 5446 Λόγος
3011 5380 3145 5431 Θεοῦ
3187 5382 3333 5433 ἐστιν
3362 5382 3388 5433 6
3419 5379 3675 5451 Χριστὸς,
3707 5381 3809 5433 καὶ

2235 5468 2454 5537 πνεῦμα
2482 5469 2619 5521 Θεοῦ
2646 5472 2738 5521 καὶ
2769 5469 2915 5541 ψυχὴ
2944 5471 3103 5533 Θεοῦ,
3130 5470 3273 5525 οὓτω
3295 5471 3635 5542 χρεωστοῦσι
3662 5471 3804 5526 πάν-

2234 5576 2323 5623 τες
2358 5561 2407 5613 οί
2459 5562 2897 5630 Μουσουλμάνοι,
2951 5565 3035 5618 ἵνα
3070 5564 3437 5635 ἀνεξετάστως
3464 5565 3558 5617 καὶ
3592 5562 3806 5616 ἀπολυ-

3836 5770 3853 5821 ἓ
