  <div class='ocr_page' id='page_1' title='image "/cluster/home/n/w/nwhite01/storage/ocr_20150623/154:no.2/coo.31924054870591/267.png"; bbox 0 0 4090 6442; ppageno 0'>
   <div class='ocr_carea' id='block_1_1' title="bbox 512 383 617 445">
    <p class='ocr_par' dir='ltr' id='par_1_1' title="bbox 512 383 617 445">
     <span class='ocr_line' id='line_1_1' title="bbox 512 383 617 445; baseline 0 0"><span class='ocrx_word' id='word_1_1' title='bbox 512 383 617 445; x_wconf 75' lang='lat'><strong>5.0</strong></span> 
     </span>
    </p>
   </div>
   <div class='ocr_carea' id='block_1_2' title="bbox 1690 377 2583 444">
    <p class='ocr_par' dir='ltr' id='par_1_2' title="bbox 1690 377 2583 444">
     <span class='ocr_line' id='line_1_2' title="bbox 1690 377 2583 444; baseline -0.009 0"><span class='ocrx_word' id='word_1_2' title='bbox 1690 383 2011 444; x_wconf 61' lang='lat' dir='ltr'><strong>JOANNIS</strong></span> <span class='ocrx_word' id='word_1_3' title='bbox 2054 377 2583 438; x_wconf 59' lang='lat' dir='ltr'><strong>CANTACUZENI</strong></span> 
     </span>
    </p>
   </div>
   <div class='ocr_carea' id='block_1_3' title="bbox 3662 375 3766 440">
    <p class='ocr_par' dir='ltr' id='par_1_3' title="bbox 3662 375 3766 440">
     <span class='ocr_line' id='line_1_3' title="bbox 3662 375 3766 440; baseline 0.01 -1"><span class='ocrx_word' id='word_1_4' title='bbox 3662 375 3766 440; x_wconf 69' lang='lat'><strong>520</strong></span> 
     </span>
    </p>
   </div>
   <div class='ocr_carea' id='block_1_4' title="bbox 515 484 2086 569">
    <p class='ocr_par' dir='ltr' id='par_1_4' title="bbox 515 497 2086 569">
     <span class='ocr_line' id='line_1_4' title="bbox 515 497 2086 569; baseline -0.003 -15"><span class='ocrx_word' id='word_1_5' title='bbox 515 502 642 555; x_wconf 76' lang='lat' dir='ltr'><strong>ﬁnis</strong></span> <span class='ocrx_word' id='word_1_6' title='bbox 679 509 735 554; x_wconf 62' lang='lat' dir='ltr'><strong>ex</strong></span> <span class='ocrx_word' id='word_1_7' title='bbox 765 513 967 569; x_wconf 82' lang='lat' dir='ltr'><strong>scopas</strong></span> <span class='ocrx_word' id='word_1_8' title='bbox 1014 498 1106 554; x_wconf 89' lang='lat' dir='ltr'><strong>hic</strong></span> <span class='ocrx_word' id='word_1_9' title='bbox 1139 507 1244 562; x_wconf 83' lang='lat' dir='ltr'><strong>est,</strong></span> <span class='ocrx_word' id='word_1_10' title='bbox 1305 505 1365 554; x_wconf 68' lang='grc' dir='ltr'>ιιι</span> <span class='ocrx_word' id='word_1_11' title='bbox 1418 497 1630 553; x_wconf 75' lang='lat' dir='ltr'><strong>scilicet</strong></span> <span class='ocrx_word' id='word_1_12' title='bbox 1698 499 1878 552; x_wconf 82' lang='lat' dir='ltr'><strong>munis</strong></span> <span class='ocrx_word' id='word_1_13' title='bbox 1930 499 2086 550; x_wconf 86' lang='lat' dir='ltr'><strong>homo</strong></span> 
     </span>
    </p>
   </div>
   <div class='ocr_carea' id='block_1_5' title="bbox 2190 484 3767 569">
    <p class='ocr_par' dir='ltr' id='par_1_5' title="bbox 2197 484 3767 564">
     <span class='ocr_line' id='line_1_5' title="bbox 2197 484 3767 564; baseline -0.001 -15"><span class='ocrx_word' id='word_1_14' title='bbox 2197 496 2472 564; x_wconf 80' lang='grc' dir='ltr'>ἄνθρωποι</span> <span class='ocrx_word' id='word_1_15' title='bbox 2501 497 2593 546; x_wconf 66' lang='grc' dir='ltr'>τὸν</span> <span class='ocrx_word' id='word_1_16' title='bbox 2623 484 2781 564; x_wconf 72' lang='grc' dir='ltr'>μόνον</span> <span class='ocrx_word' id='word_1_17' title='bbox 2810 493 2904 549; x_wconf 71' lang='grc' dir='ltr'><strong>καὶ</strong></span> <span class='ocrx_word' id='word_1_18' title='bbox 2931 493 3187 564; x_wconf 63' lang='grc' dir='ltr'>ἀληθινὸν</span> <span class='ocrx_word' id='word_1_19' title='bbox 3212 493 3365 558; x_wconf 74' lang='grc' dir='ltr'>Θεὸν,</span> <span class='ocrx_word' id='word_1_20' title='bbox 3395 492 3487 548; x_wconf 70' lang='grc' dir='ltr'>καὶ</span> <span class='ocrx_word' id='word_1_21' title='bbox 3519 493 3581 548; x_wconf 75' lang='grc' dir='ltr'>ὃν</span> <span class='ocrx_word' id='word_1_22' title='bbox 3613 494 3767 563; x_wconf 64' lang='grc' dir='ltr'>ἐγέν-</span> 
     </span>
    </p>
   </div>
   <div class='ocr_carea' id='block_1_6' title="bbox 429 589 2093 659">
    <p class='ocr_par' dir='ltr' id='par_1_6' title="bbox 429 589 2093 659">
     <span class='ocr_line' id='line_1_6' title="bbox 429 589 2093 659; baseline -0.002 -12"><span class='ocrx_word' id='word_1_23' title='bbox 429 622 433 627; x_wconf 90' lang='lat'><strong><em>-</em></strong></span> <span class='ocrx_word' id='word_1_24' title='bbox 516 591 732 646; x_wconf 75' lang='lat' dir='ltr'><strong>seseab</strong></span> <span class='ocrx_word' id='word_1_25' title='bbox 762 590 1042 659; x_wconf 82' lang='lat' dir='ltr'><strong>impietate</strong></span> <span class='ocrx_word' id='word_1_26' title='bbox 1097 590 1163 644; x_wconf 92' lang='lat' dir='ltr'><strong>ad</strong></span> <span class='ocrx_word' id='word_1_27' title='bbox 1201 589 1294 643; x_wconf 76' lang='lat' dir='ltr'><strong>Dei</strong></span> <span class='ocrx_word' id='word_1_28' title='bbox 1330 590 1646 659; x_wconf 80' lang='lat' dir='ltr'><strong>religionem</strong></span> <span class='ocrx_word' id='word_1_29' title='bbox 1698 598 2004 653; x_wconf 84' lang='lat' dir='ltr'><strong>convertat,</strong></span> <span class='ocrx_word' id='word_1_30' title='bbox 2035 599 2093 643; x_wconf 85' lang='grc' dir='ltr'><strong>ιιι</strong></span> 
     </span>
    </p>
   </div>
   <div class='ocr_carea' id='block_1_7' title="bbox 517 680 2092 750">
    <p class='ocr_par' dir='ltr' id='par_1_7' title="bbox 517 680 2092 750">
     <span class='ocr_line' id='line_1_7' title="bbox 517 680 2092 750; baseline -0.003 -15"><span class='ocrx_word' id='word_1_31' title='bbox 517 682 725 736; x_wconf 86' lang='lat' dir='ltr'><strong>dictum</strong></span> <span class='ocrx_word' id='word_1_32' title='bbox 774 692 879 744; x_wconf 81' lang='lat' dir='ltr'><strong>cst,</strong></span> <span class='ocrx_word' id='word_1_33' title='bbox 909 690 963 736; x_wconf 90' lang='lat' dir='ltr'><strong>et</strong></span> <span class='ocrx_word' id='word_1_34' title='bbox 992 690 1051 732; x_wconf 85' lang='grc' dir='ltr'><strong>ιιι</strong></span> <span class='ocrx_word' id='word_1_35' title='bbox 1082 680 1334 734; x_wconf 82' lang='lat' dir='ltr'><strong>homines</strong></span> <span class='ocrx_word' id='word_1_36' title='bbox 1369 696 1532 750; x_wconf 81' lang='lat' dir='ltr'><strong>opera</strong></span> <span class='ocrx_word' id='word_1_37' title='bbox 1565 681 1766 735; x_wconf 73' lang='lat' dir='ltr'><strong>faciant</strong></span> <span class='ocrx_word' id='word_1_38' title='bbox 1801 680 1975 733; x_wconf 87' lang='lat' dir='ltr'><strong>salute</strong></span> <span class='ocrx_word' id='word_1_39' title='bbox 2006 681 2092 731; x_wconf 88' lang='lat' dir='ltr'><strong>di-</strong></span> 
     </span>
    </p>
   </div>
   <div class='ocr_carea' id='block_1_8' title="bbox 515 770 2092 839">
    <p class='ocr_par' dir='ltr' id='par_1_8' title="bbox 515 770 2092 839">
     <span class='ocr_line' id='line_1_8' title="bbox 515 770 2092 839; baseline -0.001 -16"><span class='ocrx_word' id='word_1_40' title='bbox 515 772 1018 839; x_wconf 69' lang='lat' dir='ltr'><strong>gna.Quapr0ptt-r</strong></span> <span class='ocrx_word' id='word_1_41' title='bbox 1067 771 1319 825; x_wconf 76' lang='lat' dir='ltr'><strong>Christus</strong></span> <span class='ocrx_word' id='word_1_42' title='bbox 1371 770 1615 838; x_wconf 87' lang='lat' dir='ltr'><strong>quotidie</strong></span> <span class='ocrx_word' id='word_1_43' title='bbox 1667 771 1768 822; x_wconf 92' lang='lat' dir='ltr'><strong>hoc</strong></span> <span class='ocrx_word' id='word_1_44' title='bbox 1829 770 1988 833; x_wconf 76' lang='lat' dir='ltr'><strong>dixit,</strong></span> <span class='ocrx_word' id='word_1_45' title='bbox 2038 779 2092 822; x_wconf 88' lang='lat' dir='ltr'><strong>et</strong></span> 
     </span>
    </p>
   </div>
   <div class='ocr_carea' id='block_1_9' title="bbox 517 861 2095 931">
    <p class='ocr_par' dir='ltr' id='par_1_9' title="bbox 517 861 2095 931">
     <span class='ocr_line' id='line_1_9' title="bbox 517 861 2095 931; baseline 0 -16"><span class='ocrx_word' id='word_1_46' title='bbox 517 863 657 916; x_wconf 79' lang='lat' dir='ltr'><strong>decu</strong></span> <span class='ocrx_word' id='word_1_47' title='bbox 685 871 727 921; x_wconf 87' lang='lat' dir='ltr'><strong>t.</strong></span> <span class='ocrx_word' id='word_1_48' title='bbox 770 863 915 929; x_wconf 86' lang='lat' dir='ltr'><strong>quod</strong></span> <span class='ocrx_word' id='word_1_49' title='bbox 968 861 1037 914; x_wconf 89' lang='lat' dir='ltr'><strong>ab</strong></span> <span class='ocrx_word' id='word_1_50' title='bbox 1090 861 1183 914; x_wconf 89' lang='lat' dir='ltr'><strong>illo</strong></span> <span class='ocrx_word' id='word_1_51' title='bbox 1211 862 1548 931; x_wconf 78' lang='lat' dir='ltr'><strong>excipientes</strong></span> <span class='ocrx_word' id='word_1_52' title='bbox 1580 861 1806 929; x_wconf 77' lang='lat' dir='ltr'><strong>apostoli</strong></span> <span class='ocrx_word' id='word_1_53' title='bbox 1854 862 2095 930; x_wconf 79' lang='lat' dir='ltr'><strong>Evange-</strong></span> 
     </span>
    </p>
   </div>
   <div class='ocr_carea' id='block_1_10' title="bbox 516 948 2095 1016">
    <p class='ocr_par' dir='ltr' id='par_1_10' title="bbox 516 948 2095 1016">
     <span class='ocr_line' id='line_1_10' title="bbox 516 948 2095 1016; baseline -0.003 -11"><span class='ocrx_word' id='word_1_54' title='bbox 516 952 652 1005; x_wconf 80' lang='lat' dir='ltr'><strong>lium</strong></span> <span class='ocrx_word' id='word_1_55' title='bbox 681 952 1151 1016; x_wconf 78' lang='lat' dir='ltr'><strong>conscripserunt.</strong></span> <span class='ocrx_word' id='word_1_56' title='bbox 1182 960 1238 1004; x_wconf 91' lang='lat' dir='ltr'><strong>et</strong></span> <span class='ocrx_word' id='word_1_57' title='bbox 1280 950 1588 1005; x_wconf 90' lang='lat' dir='ltr'><strong>docuerunt</strong></span> <span class='ocrx_word' id='word_1_58' title='bbox 1623 952 1674 1003; x_wconf 91' lang='lat' dir='ltr'><strong>in</strong></span> <span class='ocrx_word' id='word_1_59' title='bbox 1712 950 1843 1003; x_wconf 89' lang='lat' dir='ltr'><strong>orbe</strong></span> <span class='ocrx_word' id='word_1_60' title='bbox 1875 948 2095 1004; x_wconf 89' lang='lat' dir='ltr'><strong>univer-</strong></span> 
     </span>
    </p>
   </div>
   <div class='ocr_carea' id='block_1_11' title="bbox 518 1042 2093 1111">
    <p class='ocr_par' dir='ltr' id='par_1_11' title="bbox 518 1042 2093 1111">
     <span class='ocr_line' id='line_1_11' title="bbox 518 1042 2093 1111; baseline -0.001 -13"><span class='ocrx_word' id='word_1_61' title='bbox 518 1060 580 1098; x_wconf 87' lang='lat' dir='ltr'><strong>so</strong></span> <span class='ocrx_word' id='word_1_62' title='bbox 616 1061 630 1097; x_wconf 90' lang='lat'><strong>:</strong></span> <span class='ocrx_word' id='word_1_63' title='bbox 665 1053 720 1098; x_wconf 77' lang='lat' dir='ltr'><strong>rt</strong></span> <span class='ocrx_word' id='word_1_64' title='bbox 772 1054 994 1111; x_wconf 78' lang='lat' dir='ltr'><strong>propter</strong></span> <span class='ocrx_word' id='word_1_65' title='bbox 1058 1043 1198 1095; x_wconf 82' lang='lat' dir='ltr'><strong>hanc</strong></span> <span class='ocrx_word' id='word_1_66' title='bbox 1250 1042 1579 1107; x_wconf 78' lang='lat' dir='ltr'><strong>doctrinam,</strong></span> <span class='ocrx_word' id='word_1_67' title='bbox 1635 1043 1989 1111; x_wconf 77' lang='lat' dir='ltr'><strong>Evangetium</strong></span> <span class='ocrx_word' id='word_1_68' title='bbox 2037 1050 2093 1096; x_wconf 85' lang='lat' dir='ltr'><strong>et</strong></span> 
     </span>
    </p>
   </div>
   <div class='ocr_carea' id='block_1_12' title="bbox 517 1132 2091 1201">
    <p class='ocr_par' dir='ltr' id='par_1_12' title="bbox 517 1132 2091 1201">
     <span class='ocr_line' id='line_1_12' title="bbox 517 1132 2091 1201; baseline 0 -16"><span class='ocrx_word' id='word_1_69' title='bbox 517 1134 793 1200; x_wconf 81' lang='lat' dir='ltr'><strong>dogmata.</strong></span> <span class='ocrx_word' id='word_1_70' title='bbox 851 1133 1228 1186; x_wconf 75' lang='lat' dir='ltr'><strong>occubmrunt</strong></span> <span class='ocrx_word' id='word_1_71' title='bbox 1286 1132 1386 1201; x_wconf 87' lang='lat' dir='ltr'><strong>ipsi</strong></span> <span class='ocrx_word' id='word_1_72' title='bbox 1451 1133 1611 1191; x_wconf 84' lang='lat' dir='ltr'><strong>simul</strong></span> <span class='ocrx_word' id='word_1_73' title='bbox 1675 1141 1732 1186; x_wconf 90' lang='lat' dir='ltr'><strong>et</strong></span> <span class='ocrx_word' id='word_1_74' title='bbox 1802 1141 2091 1201; x_wconf 84' lang='lat' dir='ltr'><strong>martyres.</strong></span> 
     </span>
    </p>
   </div>
   <div class='ocr_carea' id='block_1_13' title="bbox 518 1222 2095 1290">
    <p class='ocr_par' dir='ltr' id='par_1_13' title="bbox 518 1222 2095 1290">
     <span class='ocr_line' id='line_1_13' title="bbox 518 1222 2095 1290; baseline -0.001 -12"><span class='ocrx_word' id='word_1_75' title='bbox 518 1224 686 1278; x_wconf 77' lang='lat' dir='ltr'><strong>Porro</strong></span> <span class='ocrx_word' id='word_1_76' title='bbox 725 1236 780 1277; x_wconf 90' lang='lat' dir='ltr'><strong>ct</strong></span> <span class='ocrx_word' id='word_1_77' title='bbox 809 1224 899 1276; x_wconf 86' lang='lat' dir='ltr'><strong>alii</strong></span> <span class='ocrx_word' id='word_1_78' title='bbox 930 1224 1149 1290; x_wconf 89' lang='lat' dir='ltr'><strong>quidam</strong></span> <span class='ocrx_word' id='word_1_79' title='bbox 1182 1223 1562 1277; x_wconf 74' lang='lat' dir='ltr'><strong>haereticorum</strong></span> <span class='ocrx_word' id='word_1_80' title='bbox 1589 1223 1657 1276; x_wconf 87' lang='lat' dir='ltr'><strong>de</strong></span> <span class='ocrx_word' id='word_1_81' title='bbox 1700 1222 1918 1276; x_wconf 81' lang='lat' dir='ltr'><strong>Christo</strong></span> <span class='ocrx_word' id='word_1_82' title='bbox 1941 1223 2095 1276; x_wconf 67' lang='lat' dir='ltr'><strong>dixe-</strong></span> 
     </span>
    </p>
   </div>
   <div class='ocr_carea' id='block_1_14' title="bbox 517 1312 2090 1382">
    <p class='ocr_par' dir='ltr' id='par_1_14' title="bbox 517 1312 2090 1382">
     <span class='ocr_line' id='line_1_14' title="bbox 517 1312 2090 1382; baseline -0.001 -17"><span class='ocrx_word' id='word_1_83' title='bbox 517 1322 668 1376; x_wconf 88' lang='lat' dir='ltr'><strong>runt,</strong></span> <span class='ocrx_word' id='word_1_84' title='bbox 716 1312 860 1382; x_wconf 89' lang='lat' dir='ltr'><strong>quod</strong></span> <span class='ocrx_word' id='word_1_85' title='bbox 897 1312 1148 1367; x_wconf 72' lang='lat' dir='ltr'><strong>Christus</strong></span> <span class='ocrx_word' id='word_1_86' title='bbox 1196 1327 1384 1366; x_wconf 80' lang='lat' dir='ltr'><strong>revera</strong></span> <span class='ocrx_word' id='word_1_87' title='bbox 1425 1312 1646 1380; x_wconf 85' lang='lat' dir='ltr'><strong>quidem</strong></span> <span class='ocrx_word' id='word_1_88' title='bbox 1700 1321 1826 1365; x_wconf 83' lang='lat' dir='ltr'><strong>ante</strong></span> <span class='ocrx_word' id='word_1_89' title='bbox 1871 1326 2090 1364; x_wconf 85' lang='lat' dir='ltr'><strong>onmem</strong></span> 
     </span>
    </p>
   </div>
   <div class='ocr_carea' id='block_1_15' title="bbox 516 1401 2089 1479">
    <p class='ocr_par' dir='ltr' id='par_1_15' title="bbox 516 1401 2089 1479">
     <span class='ocr_line' id='line_1_15' title="bbox 516 1401 2089 1479; baseline -0.003 -22"><span class='ocrx_word' id='word_1_90' title='bbox 516 1402 685 1459; x_wconf 79' lang='lat' dir='ltr'><strong>fuerit</strong></span> <span class='ocrx_word' id='word_1_91' title='bbox 726 1412 1054 1466; x_wconf 80' lang='lat' dir='ltr'><strong>creaturam,</strong></span> <span class='ocrx_word' id='word_1_92' title='bbox 1108 1402 1365 1479; x_wconf 77' lang='lat' dir='ltr'><strong>quodque</strong></span> <span class='ocrx_word' id='word_1_93' title='bbox 1423 1403 1739 1471; x_wconf 75' lang='lat' dir='ltr'><strong>angelorum</strong></span> <span class='ocrx_word' id='word_1_94' title='bbox 1790 1411 1845 1455; x_wconf 83' lang='lat' dir='ltr'><strong>ct</strong></span> <span class='ocrx_word' id='word_1_95' title='bbox 1900 1401 2089 1454; x_wconf 82' lang='lat' dir='ltr'><strong>Adami</strong></span> 
     </span>
    </p>
   </div>
   <div class='ocr_carea' id='block_1_16' title="bbox 514 1495 2094 1562">
    <p class='ocr_par' dir='ltr' id='par_1_16' title="bbox 514 1495 2094 1562">
     <span class='ocr_line' id='line_1_16' title="bbox 514 1495 2094 1562; baseline -0.003 -11"><span class='ocrx_word' id='word_1_96' title='bbox 514 1504 734 1551; x_wconf 82' lang='lat' dir='ltr'><strong>creator</strong></span> <span class='ocrx_word' id='word_1_97' title='bbox 764 1495 858 1558; x_wconf 88' lang='lat' dir='ltr'><strong>sit,</strong></span> <span class='ocrx_word' id='word_1_98' title='bbox 908 1495 1031 1549; x_wconf 70' lang='lat' dir='ltr'><strong>cadi</strong></span> <span class='ocrx_word' id='word_1_99' title='bbox 1074 1495 1266 1557; x_wconf 89' lang='lat' dir='ltr'><strong>etiam,</strong></span> <span class='ocrx_word' id='word_1_100' title='bbox 1296 1504 1350 1547; x_wconf 87' lang='lat' dir='ltr'><strong>et</strong></span> <span class='ocrx_word' id='word_1_101' title='bbox 1383 1505 1564 1556; x_wconf 66' lang='lat' dir='ltr'><strong>terrm,</strong></span> <span class='ocrx_word' id='word_1_102' title='bbox 1601 1495 1888 1562; x_wconf 87' lang='lat' dir='ltr'><strong>omnisque</strong></span> <span class='ocrx_word' id='word_1_103' title='bbox 1941 1509 2094 1546; x_wconf 75' lang='lat' dir='ltr'><strong>crea-</strong></span> 
     </span>
    </p>
   </div>
   <div class='ocr_carea' id='block_1_17' title="bbox 513 1581 2089 1654">
    <p class='ocr_par' dir='ltr' id='par_1_17' title="bbox 513 1581 2089 1654">
     <span class='ocr_line' id='line_1_17' title="bbox 513 1581 2089 1654; baseline -0.004 -15"><span class='ocrx_word' id='word_1_104' title='bbox 513 1595 650 1639; x_wconf 76' lang='lat' dir='ltr'><strong>tura:</strong></span> <span class='ocrx_word' id='word_1_105' title='bbox 680 1604 693 1636; x_wconf 89' lang='lat'><strong>:</strong></span> <span class='ocrx_word' id='word_1_106' title='bbox 724 1584 868 1654; x_wconf 91' lang='lat' dir='ltr'><strong>quod</strong></span> <span class='ocrx_word' id='word_1_107' title='bbox 899 1599 1086 1639; x_wconf 79' lang='lat' dir='ltr'><strong>revera</strong></span> <span class='ocrx_word' id='word_1_108' title='bbox 1124 1583 1226 1649; x_wconf 84' lang='lat' dir='ltr'><strong>sic,</strong></span> <span class='ocrx_word' id='word_1_109' title='bbox 1258 1594 1313 1638; x_wconf 87' lang='lat' dir='ltr'><strong>et</strong></span> <span class='ocrx_word' id='word_1_110' title='bbox 1346 1597 1452 1637; x_wconf 92' lang='lat' dir='ltr'><strong>non</strong></span> <span class='ocrx_word' id='word_1_111' title='bbox 1491 1583 1650 1635; x_wconf 83' lang='lat' dir='ltr'><strong>aliter</strong></span> <span class='ocrx_word' id='word_1_112' title='bbox 1676 1591 1794 1636; x_wconf 86' lang='lat' dir='ltr'><strong>est:</strong></span> <span class='ocrx_word' id='word_1_113' title='bbox 1835 1581 2089 1635; x_wconf 89' lang='lat' dir='ltr'><strong>eumdem</strong></span> 
     </span>
    </p>
   </div>
   <div class='ocr_carea' id='block_1_18' title="bbox 512 1672 2094 1744">
    <p class='ocr_par' dir='ltr' id='par_1_18' title="bbox 512 1672 2094 1744">
     <span class='ocr_line' id='line_1_18' title="bbox 512 1672 2094 1744; baseline -0.004 -13"><span class='ocrx_word' id='word_1_114' title='bbox 512 1694 647 1731; x_wconf 82' lang='lat' dir='ltr'><strong>vero</strong></span> <span class='ocrx_word' id='word_1_115' title='bbox 681 1675 880 1731; x_wconf 81' lang='lat' dir='ltr'><strong>Filium</strong></span> <span class='ocrx_word' id='word_1_116' title='bbox 915 1676 1006 1731; x_wconf 86' lang='lat' dir='ltr'><strong>Dei</strong></span> <span class='ocrx_word' id='word_1_117' title='bbox 1042 1690 1162 1729; x_wconf 89' lang='lat' dir='ltr'><strong>esse</strong></span> <span class='ocrx_word' id='word_1_118' title='bbox 1211 1682 1571 1744; x_wconf 85' lang='lat' dir='ltr'><strong>negaverunt.</strong></span> <span class='ocrx_word' id='word_1_119' title='bbox 1621 1672 1724 1739; x_wconf 85' lang='lat' dir='ltr'><strong>Qui</strong></span> <span class='ocrx_word' id='word_1_120' title='bbox 1759 1687 1889 1726; x_wconf 90' lang='lat' dir='ltr'><strong>sane</strong></span> <span class='ocrx_word' id='word_1_121' title='bbox 1920 1672 2094 1725; x_wconf 63' lang='lat' dir='ltr'><strong>hatre-</strong></span> 
     </span>
    </p>
   </div>
   <div class='ocr_carea' id='block_1_19' title="bbox 513 1764 2091 1825">
    <p class='ocr_par' dir='ltr' id='par_1_19' title="bbox 513 1764 2091 1825">
     <span class='ocr_line' id='line_1_19' title="bbox 513 1764 2091 1825; baseline -0.005 0"><span class='ocrx_word' id='word_1_122' title='bbox 513 1772 749 1825; x_wconf 85' lang='lat' dir='ltr'><strong>ticorum</strong></span> <span class='ocrx_word' id='word_1_123' title='bbox 796 1768 1026 1822; x_wconf 90' lang='lat' dir='ltr'><strong>multum</strong></span> <span class='ocrx_word' id='word_1_124' title='bbox 1079 1765 1264 1819; x_wconf 84' lang='lat' dir='ltr'><strong>damni</strong></span> <span class='ocrx_word' id='word_1_125' title='bbox 1312 1780 1457 1818; x_wconf 73' lang='lat' dir='ltr'><strong>vera:</strong></span> <span class='ocrx_word' id='word_1_126' title='bbox 1512 1764 1638 1819; x_wconf 81' lang='lat' dir='ltr'><strong>ﬁdei</strong></span> <span class='ocrx_word' id='word_1_127' title='bbox 1683 1764 2091 1818; x_wconf 80' lang='lat' dir='ltr'><strong>confessorihus</strong></span> 
     </span>
    </p>
   </div>
   <div class='ocr_carea' id='block_1_20' title="bbox 2198 588 3772 660">
    <p class='ocr_par' dir='ltr' id='par_1_20' title="bbox 2198 588 3772 660">
     <span class='ocr_line' id='line_1_20' title="bbox 2198 588 3772 660; baseline 0.003 -20"><span class='ocrx_word' id='word_1_128' title='bbox 2198 606 2359 658; x_wconf 71' lang='grc' dir='ltr'>νησεν</span> <span class='ocrx_word' id='word_1_129' title='bbox 2389 589 2503 641; x_wconf 81' lang='grc' dir='ltr'>υἱὸν</span> <span class='ocrx_word' id='word_1_130' title='bbox 2533 590 2640 658; x_wconf 74' lang='grc' dir='ltr'>πρὸ</span> <span class='ocrx_word' id='word_1_131' title='bbox 2670 592 2891 644; x_wconf 77' lang='grc' dir='ltr'>πάντων</span> <span class='ocrx_word' id='word_1_132' title='bbox 2924 589 3033 642; x_wconf 88' lang='grc' dir='ltr'><strong>τῶν</strong></span> <span class='ocrx_word' id='word_1_133' title='bbox 3064 590 3279 643; x_wconf 81' lang='grc' dir='ltr'><strong>αἰώνων</strong></span> <span class='ocrx_word' id='word_1_134' title='bbox 3311 588 3444 643; x_wconf 70' lang='grc' dir='ltr'>Θεὸν</span> <span class='ocrx_word' id='word_1_135' title='bbox 3488 588 3772 660; x_wconf 83' lang='grc' dir='ltr'>ἀληθινόν.</span> 
     </span>
    </p>
   </div>
   <div class='ocr_carea' id='block_1_21' title="bbox 2199 680 3767 751">
    <p class='ocr_par' dir='ltr' id='par_1_21' title="bbox 2199 680 3767 751">
     <span class='ocr_line' id='line_1_21' title="bbox 2199 680 3767 751; baseline -0.002 -17"><span class='ocrx_word' id='word_1_136' title='bbox 2199 683 2381 734; x_wconf 70' lang='grc' dir='ltr'>’Ἅπας</span> <span class='ocrx_word' id='word_1_137' title='bbox 2414 684 2502 733; x_wconf 71' lang='grc' dir='ltr'>καὶ</span> <span class='ocrx_word' id='word_1_138' title='bbox 2533 684 2637 751; x_wconf 83' lang='grc' dir='ltr'>γὰρ</span> <span class='ocrx_word' id='word_1_139' title='bbox 2662 685 2689 735; x_wconf 82' lang='grc' dir='ltr'><strong>ὁ</strong></span> <span class='ocrx_word' id='word_1_140' title='bbox 2717 683 2916 750; x_wconf 82' lang='grc' dir='ltr'>τρόπος</span> <span class='ocrx_word' id='word_1_141' title='bbox 2951 700 2984 734; x_wconf 85' lang='grc' dir='ltr'><strong>κ</strong></span> <span class='ocrx_word' id='word_1_142' title='bbox 3021 684 3042 733; x_wconf 80' lang='lat' dir='ltr'><strong>‘t</strong></span> <span class='ocrx_word' id='word_1_143' title='bbox 3075 685 3101 733; x_wconf 84' lang='lat'><strong>6</strong></span> <span class='ocrx_word' id='word_1_144' title='bbox 3127 684 3330 743; x_wconf 61' lang='grc' dir='ltr'>σκοπὸς</span> <span class='ocrx_word' id='word_1_145' title='bbox 3386 680 3483 733; x_wconf 78' lang='grc' dir='ltr'>τοῦ</span> <span class='ocrx_word' id='word_1_146' title='bbox 3514 681 3767 748; x_wconf 76' lang='grc' dir='ltr'>Εὐαγγε-</span> 
     </span>
    </p>
   </div>
   <div class='ocr_carea' id='block_1_22' title="bbox 2196 767 3767 843">
    <p class='ocr_par' dir='ltr' id='par_1_22' title="bbox 2196 767 3767 843">
     <span class='ocr_line' id='line_1_22' title="bbox 2196 767 3767 843; baseline -0.001 -19"><span class='ocrx_word' id='word_1_147' title='bbox 2196 773 2312 826; x_wconf 80' lang='grc' dir='ltr'>λίου</span> <span class='ocrx_word' id='word_1_148' title='bbox 2341 767 2496 838; x_wconf 64' lang='grc' dir='ltr'>οὗτός</span> <span class='ocrx_word' id='word_1_149' title='bbox 2526 777 2694 835; x_wconf 74' lang='grc' dir='ltr'>ἐστιν,</span> <span class='ocrx_word' id='word_1_150' title='bbox 2741 774 2826 826; x_wconf 83' lang='grc' dir='ltr'><strong>ἴνα</strong></span> <span class='ocrx_word' id='word_1_151' title='bbox 2874 774 3119 843; x_wconf 67' lang='grc' dir='ltr'>δηλονότι</span> <span class='ocrx_word' id='word_1_152' title='bbox 3162 772 3471 843; x_wconf 68' lang='grc' dir='ltr'>ἐπιττρὲψῃ</span> <span class='ocrx_word' id='word_1_153' title='bbox 3525 776 3635 836; x_wconf 78' lang='grc' dir='ltr'>πᾶς</span> <span class='ocrx_word' id='word_1_154' title='bbox 3672 773 3767 826; x_wconf 80' lang='grc' dir='ltr'><strong>ἄν·</strong></span> 
     </span>
    </p>
   </div>
   <div class='ocr_carea' id='block_1_23' title="bbox 2198 864 3769 935">
    <p class='ocr_par' dir='ltr' id='par_1_23' title="bbox 2198 864 3769 935">
     <span class='ocr_line' id='line_1_23' title="bbox 2198 864 3769 935; baseline 0.001 -20"><span class='ocrx_word' id='word_1_155' title='bbox 2198 864 2413 933; x_wconf 72' lang='grc' dir='ltr'>θρωπος</span> <span class='ocrx_word' id='word_1_156' title='bbox 2451 866 2555 917; x_wconf 69' lang='grc' dir='ltr'><strong>ἀπὸ</strong></span> <span class='ocrx_word' id='word_1_157' title='bbox 2583 868 2681 935; x_wconf 81' lang='grc' dir='ltr'>τῆς</span> <span class='ocrx_word' id='word_1_158' title='bbox 2734 866 2992 927; x_wconf 79' lang='grc' dir='ltr'>ἀσεϐείας</span> <span class='ocrx_word' id='word_1_159' title='bbox 3055 866 3135 927; x_wconf 84' lang='grc' dir='ltr'>εἰς</span> <span class='ocrx_word' id='word_1_160' title='bbox 3188 865 3522 931; x_wconf 74' lang='grc' dir='ltr'>θεοσέϐειαν,</span> <span class='ocrx_word' id='word_1_161' title='bbox 3587 864 3769 927; x_wconf 80' lang='grc' dir='ltr'>καθὼς</span> 
     </span>
    </p>
   </div>
   <div class='ocr_carea' id='block_1_24' title="bbox 2197 954 3773 1025">
    <p class='ocr_par' dir='ltr' id='par_1_24' title="bbox 2197 954 3773 1025">
     <span class='ocr_line' id='line_1_24' title="bbox 2197 954 3773 1025; baseline 0 -20"><span class='ocrx_word' id='word_1_162' title='bbox 2197 956 2433 1022; x_wconf 72' lang='grc' dir='ltr'>εἴρηται,</span> <span class='ocrx_word' id='word_1_163' title='bbox 2472 958 2563 1007; x_wconf 77' lang='grc' dir='ltr'><strong>καὶ</strong></span> <span class='ocrx_word' id='word_1_164' title='bbox 2598 955 2681 1007; x_wconf 84' lang='grc' dir='ltr'>ἴνα</span> <span class='ocrx_word' id='word_1_165' title='bbox 2716 957 3030 1025; x_wconf 75' lang='grc' dir='ltr'><strong>πράττωσιν</strong></span> <span class='ocrx_word' id='word_1_166' title='bbox 3059 957 3104 1006; x_wconf 87' lang='grc' dir='ltr'>οἱ</span> <span class='ocrx_word' id='word_1_167' title='bbox 3130 955 3404 1024; x_wconf 80' lang='grc' dir='ltr'>ἄνθρωποι</span> <span class='ocrx_word' id='word_1_168' title='bbox 3427 954 3562 1024; x_wconf 71' lang='grc' dir='ltr'>ἔργα</span> <span class='ocrx_word' id='word_1_169' title='bbox 3590 971 3773 1021; x_wconf 60' lang='grc' dir='ltr'>σωτή-</span> 
     </span>
    </p>
   </div>
   <div class='ocr_carea' id='block_1_25' title="bbox 2201 1044 3765 1115">
    <p class='ocr_par' dir='ltr' id='par_1_25' title="bbox 2201 1044 3765 1115">
     <span class='ocr_line' id='line_1_25' title="bbox 2201 1044 3765 1115; baseline -0.002 -19"><span class='ocrx_word' id='word_1_170' title='bbox 2201 1047 2316 1113; x_wconf 78' lang='grc' dir='ltr'>ρίας</span> <span class='ocrx_word' id='word_1_171' title='bbox 2359 1044 2509 1109; x_wconf 76' lang='grc' dir='ltr'>ἄξια,</span> <span class='ocrx_word' id='word_1_172' title='bbox 2540 1047 2633 1098; x_wconf 79' lang='grc' dir='ltr'><strong>καὶ</strong></span> <span class='ocrx_word' id='word_1_173' title='bbox 2684 1047 2772 1099; x_wconf 75' lang='grc' dir='ltr'>διὰ</span> <span class='ocrx_word' id='word_1_174' title='bbox 2830 1046 3036 1114; x_wconf 75' lang='grc' dir='ltr'>ταύτην</span> <span class='ocrx_word' id='word_1_175' title='bbox 3083 1045 3182 1115; x_wconf 81' lang='grc' dir='ltr'>τὴν</span> <span class='ocrx_word' id='word_1_176' title='bbox 3236 1045 3416 1097; x_wconf 75' lang='grc' dir='ltr'>αἰτίαν</span> <span class='ocrx_word' id='word_1_177' title='bbox 3466 1044 3616 1109; x_wconf 71' lang='grc' dir='ltr'>ἔλεγε</span> <span class='ocrx_word' id='word_1_178' title='bbox 3670 1044 3765 1095; x_wconf 71' lang='grc' dir='ltr'>καὶ</span> 
     </span>
    </p>
   </div>
   <div class='ocr_carea' id='block_1_26' title="bbox 2197 1135 3768 1206">
    <p class='ocr_par' dir='ltr' id='par_1_26' title="bbox 2197 1135 3768 1206">
     <span class='ocr_line' id='line_1_26' title="bbox 2197 1135 3768 1206; baseline 0.001 -21"><span class='ocrx_word' id='word_1_179' title='bbox 2197 1135 2478 1187; x_wconf 74' lang='grc' dir='ltr'>ὲὸίδτσκεν</span> <span class='ocrx_word' id='word_1_180' title='bbox 2527 1140 2554 1189; x_wconf 97' lang='lat'><strong>6</strong></span> <span class='ocrx_word' id='word_1_181' title='bbox 2588 1136 2823 1205; x_wconf 72' lang='grc' dir='ltr'>Χριστὸς</span> <span class='ocrx_word' id='word_1_182' title='bbox 2857 1136 3181 1206; x_wconf 69' lang='grc' dir='ltr'>καθημέραν</span> <span class='ocrx_word' id='word_1_183' title='bbox 3233 1136 3410 1187; x_wconf 74' lang='grc' dir='ltr'>τοῦτο.</span> <span class='ocrx_word' id='word_1_184' title='bbox 3447 1135 3627 1204; x_wconf 68' lang='lat' dir='ltr'><strong>&quot;Ar-:29</strong></span> <span class='ocrx_word' id='word_1_185' title='bbox 3672 1136 3768 1186; x_wconf 73' lang='grc' dir='ltr'><strong>καὶ</strong></span> 
     </span>
    </p>
   </div>
   <div class='ocr_carea' id='block_1_27' title="bbox 2197 1222 3768 1293">
    <p class='ocr_par' dir='ltr' id='par_1_27' title="bbox 2197 1222 3768 1293">
     <span class='ocr_line' id='line_1_27' title="bbox 2197 1222 3768 1293; baseline 0.001 -21"><span class='ocrx_word' id='word_1_186' title='bbox 2197 1223 2609 1291; x_wconf 58' lang='grc' dir='ltr'>παραλαϐόντες</span> <span class='ocrx_word' id='word_1_187' title='bbox 2637 1225 2745 1278; x_wconf 82' lang='grc' dir='ltr'>ἀπὸ</span> <span class='ocrx_word' id='word_1_188' title='bbox 2775 1224 2869 1276; x_wconf 79' lang='grc' dir='ltr'>τοῦ</span> <span class='ocrx_word' id='word_1_189' title='bbox 2902 1222 3141 1293; x_wconf 75' lang='grc' dir='ltr'>Χριστοῦ</span> <span class='ocrx_word' id='word_1_190' title='bbox 3174 1224 3222 1275; x_wconf 82' lang='grc' dir='ltr'>οἱ</span> <span class='ocrx_word' id='word_1_191' title='bbox 3251 1222 3563 1282; x_wconf 80' lang='grc' dir='ltr'>ἀπόστολοι,</span> <span class='ocrx_word' id='word_1_192' title='bbox 3606 1238 3768 1274; x_wconf 82' lang='grc' dir='ltr'>συνε-</span> 
     </span>
    </p>
   </div>
   <div class='ocr_carea' id='block_1_28' title="bbox 2195 1312 3770 1386">
    <p class='ocr_par' dir='ltr' id='par_1_28' title="bbox 2195 1312 3770 1386">
     <span class='ocr_line' id='line_1_28' title="bbox 2195 1312 3770 1386; baseline -0.005 -16"><span class='ocrx_word' id='word_1_193' title='bbox 2195 1317 2495 1386; x_wconf 59' lang='grc' dir='ltr'>γράψαντι)</span> <span class='ocrx_word' id='word_1_194' title='bbox 2541 1316 2600 1369; x_wconf 81' lang='grc' dir='ltr'>τὸ</span> <span class='ocrx_word' id='word_1_195' title='bbox 2668 1314 3024 1382; x_wconf 75' lang='grc' dir='ltr'>Εὑαγγέλιον,</span> <span class='ocrx_word' id='word_1_196' title='bbox 3094 1315 3188 1367; x_wconf 76' lang='grc' dir='ltr'>καὶ</span> <span class='ocrx_word' id='word_1_197' title='bbox 3233 1313 3479 1378; x_wconf 76' lang='grc' dir='ltr'>ὲδῖὸαξαν</span> <span class='ocrx_word' id='word_1_198' title='bbox 3531 1314 3611 1372; x_wconf 72' lang='grc' dir='ltr'><strong>είς</strong></span> <span class='ocrx_word' id='word_1_199' title='bbox 3675 1312 3770 1365; x_wconf 78' lang='grc' dir='ltr'><strong>τὸν</strong></span> 
     </span>
    </p>
   </div>
   <div class='ocr_carea' id='block_1_29' title="bbox 2198 1404 3769 1478">
    <p class='ocr_par' dir='ltr' id='par_1_29' title="bbox 2198 1404 3769 1478">
     <span class='ocr_line' id='line_1_29' title="bbox 2198 1404 3769 1478; baseline -0.003 -16"><span class='ocrx_word' id='word_1_200' title='bbox 2198 1412 2416 1463; x_wconf 72' lang='grc' dir='ltr'>ἅπαντα</span> <span class='ocrx_word' id='word_1_201' title='bbox 2474 1408 2702 1478; x_wconf 81' lang='grc' dir='ltr'><strong>κόσμον,</strong></span> <span class='ocrx_word' id='word_1_202' title='bbox 2749 1408 2845 1461; x_wconf 78' lang='grc' dir='ltr'>καὶ</span> <span class='ocrx_word' id='word_1_203' title='bbox 2897 1408 3082 1460; x_wconf 78' lang='grc' dir='ltr'>ἕνεκεν</span> <span class='ocrx_word' id='word_1_204' title='bbox 3119 1406 3320 1472; x_wconf 74' lang='grc' dir='ltr'>ταύτης</span> <span class='ocrx_word' id='word_1_205' title='bbox 3374 1406 3474 1475; x_wconf 75' lang='grc' dir='ltr'>τῆς</span> <span class='ocrx_word' id='word_1_206' title='bbox 3533 1404 3769 1465; x_wconf 82' lang='grc' dir='ltr'>πίστεως</span> 
     </span>
    </p>
   </div>
   <div class='ocr_carea' id='block_1_30' title="bbox 2196 1496 3769 1568">
    <p class='ocr_par' dir='ltr' id='par_1_30' title="bbox 2196 1496 3769 1568">
     <span class='ocr_line' id='line_1_30' title="bbox 2196 1496 3769 1568; baseline -0.003 -15"><span class='ocrx_word' id='word_1_207' title='bbox 2196 1503 2299 1555; x_wconf 70' lang='grc' dir='ltr'><strong>καὶ</strong></span> <span class='ocrx_word' id='word_1_208' title='bbox 2324 1501 2419 1553; x_wconf 77' lang='grc' dir='ltr'>τοῦ</span> <span class='ocrx_word' id='word_1_209' title='bbox 2463 1500 2798 1568; x_wconf 78' lang='grc' dir='ltr'>Εύαγγελίου</span> <span class='ocrx_word' id='word_1_210' title='bbox 2831 1499 2928 1551; x_wconf 70' lang='grc' dir='ltr'>καὶ</span> <span class='ocrx_word' id='word_1_211' title='bbox 2989 1499 3100 1550; x_wconf 86' lang='grc' dir='ltr'><strong>τῶν</strong></span> <span class='ocrx_word' id='word_1_212' title='bbox 3158 1498 3447 1565; x_wconf 64' lang='grc' dir='ltr'>δογμάτων</span> <span class='ocrx_word' id='word_1_213' title='bbox 3495 1496 3769 1549; x_wconf 73' lang='grc' dir='ltr'>ἀπέθανον</span> 
     </span>
    </p>
   </div>
   <div class='ocr_carea' id='block_1_31' title="bbox 2192 1584 3767 1660">
    <p class='ocr_par' dir='ltr' id='par_1_31' title="bbox 2192 1584 3767 1660">
     <span class='ocr_line' id='line_1_31' title="bbox 2192 1584 3767 1660; baseline -0.006 -15"><span class='ocrx_word' id='word_1_214' title='bbox 2192 1588 2340 1647; x_wconf 73' lang='grc' dir='ltr'>οὗτοι</span> <span class='ocrx_word' id='word_1_215' title='bbox 2367 1594 2459 1645; x_wconf 74' lang='grc' dir='ltr'><strong>καὶ</strong></span> <span class='ocrx_word' id='word_1_216' title='bbox 2503 1594 2551 1643; x_wconf 85' lang='grc' dir='ltr'>οἱ</span> <span class='ocrx_word' id='word_1_217' title='bbox 2583 1591 2883 1660; x_wconf 81' lang='grc' dir='ltr'>μάρτυρες.</span> <span class='ocrx_word' id='word_1_218' title='bbox 2940 1588 3133 1655; x_wconf 82' lang='grc' dir='ltr'>Ὅμως</span> <span class='ocrx_word' id='word_1_219' title='bbox 3163 1587 3307 1648; x_wconf 84' lang='grc' dir='ltr'>τινὲς</span> <span class='ocrx_word' id='word_1_220' title='bbox 3342 1584 3451 1638; x_wconf 88' lang='grc' dir='ltr'><strong>τῶν</strong></span> <span class='ocrx_word' id='word_1_221' title='bbox 3476 1584 3767 1654; x_wconf 79' lang='grc' dir='ltr'>αίρετικῶν</span> 
     </span>
    </p>
   </div>
   <div class='ocr_carea' id='block_1_32' title="bbox 2195 1674 3766 1748">
    <p class='ocr_par' dir='ltr' id='par_1_32' title="bbox 2195 1674 3766 1748">
     <span class='ocr_line' id='line_1_32' title="bbox 2195 1674 3766 1748; baseline -0.004 -17"><span class='ocrx_word' id='word_1_222' title='bbox 2195 1682 2381 1745; x_wconf 79' lang='grc' dir='ltr'>ἔλεγον</span> <span class='ocrx_word' id='word_1_223' title='bbox 2412 1678 2539 1748; x_wconf 76' lang='grc' dir='ltr'>περὶ</span> <span class='ocrx_word' id='word_1_224' title='bbox 2575 1677 2666 1731; x_wconf 81' lang='grc' dir='ltr'>τοῦ</span> <span class='ocrx_word' id='word_1_225' title='bbox 2701 1676 2942 1747; x_wconf 78' lang='grc' dir='ltr'><strong>Χριστοῦ</strong></span> <span class='ocrx_word' id='word_1_226' title='bbox 2984 1677 3066 1728; x_wconf 85' lang='grc' dir='ltr'>ὅτι</span> <span class='ocrx_word' id='word_1_227' title='bbox 3101 1676 3201 1746; x_wconf 78' lang='grc' dir='ltr'><strong>μὲν</strong></span> <span class='ocrx_word' id='word_1_228' title='bbox 3227 1674 3443 1744; x_wconf 79' lang='grc' dir='ltr'>ἀληθῶς</span> <span class='ocrx_word' id='word_1_229' title='bbox 3468 1675 3495 1725; x_wconf 93' lang='lat'><strong>6</strong></span> <span class='ocrx_word' id='word_1_230' title='bbox 3529 1674 3766 1743; x_wconf 82' lang='grc' dir='ltr'>Χριστὸς</span> 
     </span>
    </p>
   </div>
   <div class='ocr_carea' id='block_1_33' title="bbox 2195 1757 3759 1841">
    <p class='ocr_par' dir='ltr' id='par_1_33' title="bbox 2195 1757 3759 1841">
     <span class='ocr_line' id='line_1_33' title="bbox 2195 1757 3759 1841; baseline -0.005 -17"><span class='ocrx_word' id='word_1_231' title='bbox 2195 1775 2299 1841; x_wconf 72' lang='grc' dir='ltr'>πρὸ</span> <span class='ocrx_word' id='word_1_232' title='bbox 2335 1772 2514 1839; x_wconf 62' lang='grc' dir='ltr'>πάσης</span> <span class='ocrx_word' id='word_1_233' title='bbox 2583 1757 2862 1831; x_wconf 76' lang='grc' dir='ltr'>κτίσειυς,’</span> <span class='ocrx_word' id='word_1_234' title='bbox 2914 1767 3248 1836; x_wconf 78' lang='grc' dir='ltr'>εὑρίσκεται,</span> <span class='ocrx_word' id='word_1_235' title='bbox 3283 1765 3376 1817; x_wconf 80' lang='grc' dir='ltr'>καὶ</span> <span class='ocrx_word' id='word_1_236' title='bbox 3427 1765 3590 1827; x_wconf 77' lang='grc' dir='ltr'>αὐτός</span> <span class='ocrx_word' id='word_1_237' title='bbox 3637 1767 3759 1818; x_wconf 80' lang='grc' dir='ltr'>ἐστι</span> 
     </span>
    </p>
   </div>
   <div class='ocr_carea' id='block_1_34' title="bbox 514 1837 2086 1934">
    <p class='ocr_par' dir='ltr' id='par_1_34' title="bbox 514 1856 2086 1924">
     <span class='ocr_line' id='line_1_34' title="bbox 514 1856 2086 1924; baseline -0.004 -12"><span class='ocrx_word' id='word_1_238' title='bbox 514 1861 839 1915; x_wconf 86' lang='lat' dir='ltr'><strong>intulerunt.</strong></span> <span class='ocrx_word' id='word_1_239' title='bbox 871 1857 974 1924; x_wconf 84' lang='lat' dir='ltr'><strong>Qui</strong></span> <span class='ocrx_word' id='word_1_240' title='bbox 1004 1858 1154 1911; x_wconf 91' lang='lat' dir='ltr'><strong>enim</strong></span> <span class='ocrx_word' id='word_1_241' title='bbox 1178 1856 1272 1910; x_wconf 90' lang='lat' dir='ltr'><strong>illo</strong></span> <span class='ocrx_word' id='word_1_242' title='bbox 1299 1863 1547 1923; x_wconf 89' lang='lat' dir='ltr'><strong>tempore</strong></span> <span class='ocrx_word' id='word_1_243' title='bbox 1582 1856 1810 1923; x_wconf 85' lang='lat' dir='ltr'><strong>imperio</strong></span> <span class='ocrx_word' id='word_1_244' title='bbox 1838 1863 2086 1921; x_wconf 64' lang='lat' dir='ltr'><strong>praeerat,</strong></span> 
     </span>
    </p>
   </div>
   <div class='ocr_carea' id='block_1_35' title="bbox 2190 1837 3764 1934">
    <p class='ocr_par' dir='ltr' id='par_1_35' title="bbox 2193 1837 3764 1934">
     <span class='ocr_line' id='line_1_35' title="bbox 2193 1837 3764 1934; baseline -0.008 -17"><span class='ocrx_word' id='word_1_245' title='bbox 2193 1837 2526 1934; x_wconf 56' lang='grc' dir='ltr'>δημιουργός</span> <span class='ocrx_word' id='word_1_246' title='bbox 2574 1861 2684 1913; x_wconf 85' lang='grc' dir='ltr'><strong>τῶν</strong></span> <span class='ocrx_word' id='word_1_247' title='bbox 2748 1859 2998 1927; x_wconf 78' lang='grc' dir='ltr'>ἀγγέλων</span> <span class='ocrx_word' id='word_1_248' title='bbox 3037 1860 3131 1911; x_wconf 79' lang='grc' dir='ltr'>καὶ</span> <span class='ocrx_word' id='word_1_249' title='bbox 3170 1856 3264 1909; x_wconf 83' lang='grc' dir='ltr'>τοῦ</span> <span class='ocrx_word' id='word_1_250' title='bbox 3307 1857 3481 1924; x_wconf 79' lang='grc' dir='ltr'>Ἀδὰμ</span> <span class='ocrx_word' id='word_1_251' title='bbox 3549 1854 3764 1909; x_wconf 74' lang='grc' dir='ltr'>καὶτοῦ</span> 
     </span>
    </p>
   </div>
   <div class='ocr_carea' id='block_1_36' title="bbox 514 1946 2091 2019">
    <p class='ocr_par' dir='ltr' id='par_1_36' title="bbox 514 1946 2091 2019">
     <span class='ocr_line' id='line_1_36' title="bbox 514 1946 2091 2019; baseline -0.007 -13"><span class='ocrx_word' id='word_1_252' title='bbox 514 1953 733 2008; x_wconf 68' lang='lat' dir='ltr'><strong>illorum</strong></span> <span class='ocrx_word' id='word_1_253' title='bbox 763 1949 1164 2019; x_wconf 83' lang='lat' dir='ltr'><strong>astipulabatur</strong></span> <span class='ocrx_word' id='word_1_254' title='bbox 1188 1947 1493 2006; x_wconf 66' lang='lat' dir='ltr'><strong>sentcntiae.</strong></span> <span class='ocrx_word' id='word_1_255' title='bbox 1530 1946 1856 2012; x_wconf 81' lang='lat' dir='ltr'><strong>illorumque</strong></span> <span class='ocrx_word' id='word_1_256' title='bbox 1903 1958 2091 2012; x_wconf 85' lang='lat' dir='ltr'><strong>partes</strong></span> 
     </span>
    </p>
   </div>
   <div class='ocr_carea' id='block_1_37' title="bbox 513 2037 2087 2112">
    <p class='ocr_par' dir='ltr' id='par_1_37' title="bbox 513 2037 2087 2112">
     <span class='ocr_line' id='line_1_37' title="bbox 513 2037 2087 2112; baseline -0.008 -12"><span class='ocrx_word' id='word_1_257' title='bbox 513 2044 756 2106; x_wconf 79' lang='lat' dir='ltr'><strong>fovebat,</strong></span> <span class='ocrx_word' id='word_1_258' title='bbox 806 2053 861 2098; x_wconf 88' lang='lat' dir='ltr'><strong>ct</strong></span> <span class='ocrx_word' id='word_1_259' title='bbox 888 2041 1179 2112; x_wconf 69' lang='lat' dir='ltr'><strong>adiuvabat</strong></span> <span class='ocrx_word' id='word_1_260' title='bbox 1210 2042 1262 2094; x_wconf 91' lang='lat' dir='ltr'><strong>in</strong></span> <span class='ocrx_word' id='word_1_261' title='bbox 1293 2039 1383 2092; x_wconf 86' lang='lat' dir='ltr'><strong>tali</strong></span> <span class='ocrx_word' id='word_1_262' title='bbox 1415 2038 1688 2107; x_wconf 79' lang='lat' dir='ltr'><strong>dogmate.</strong></span> <span class='ocrx_word' id='word_1_263' title='bbox 1737 2037 1890 2102; x_wconf 79' lang='lat' dir='ltr'><strong>Quod</strong></span> <span class='ocrx_word' id='word_1_264' title='bbox 1926 2040 1968 2087; x_wconf 84' lang='lat' dir='ltr'><strong>si</strong></span> <span class='ocrx_word' id='word_1_265' title='bbox 2012 2038 2087 2101; x_wconf 92' lang='lat' dir='ltr'><strong>hi,</strong></span> 
     </span>
    </p>
   </div>
   <div class='ocr_carea' id='block_1_38' title="bbox 513 2128 2086 2206">
    <p class='ocr_par' dir='ltr' id='par_1_38' title="bbox 513 2128 2086 2206">
     <span class='ocr_line' id='line_1_38' title="bbox 513 2128 2086 2206; baseline -0.006 -15"><span class='ocrx_word' id='word_1_266' title='bbox 513 2134 869 2206; x_wconf 74' lang='lat' dir='ltr'><strong>Evangeliutu</strong></span> <span class='ocrx_word' id='word_1_267' title='bbox 904 2147 1116 2187; x_wconf 89' lang='lat' dir='ltr'><strong>summa</strong></span> <span class='ocrx_word' id='word_1_268' title='bbox 1148 2128 1504 2188; x_wconf 79' lang='lat' dir='ltr'><strong>veneratione</strong></span> <span class='ocrx_word' id='word_1_269' title='bbox 1542 2138 1957 2198; x_wconf 75' lang='lat' dir='ltr'><strong>prosequentes.</strong></span> <span class='ocrx_word' id='word_1_270' title='bbox 1993 2129 2086 2181; x_wconf 85' lang='lat' dir='ltr'><strong>de-</strong></span> 
     </span>
    </p>
   </div>
   <div class='ocr_carea' id='block_1_39' title="bbox 514 2219 2086 2293">
    <p class='ocr_par' dir='ltr' id='par_1_39' title="bbox 514 2219 2086 2293">
     <span class='ocr_line' id='line_1_39' title="bbox 514 2219 2086 2293; baseline -0.008 -11"><span class='ocrx_word' id='word_1_271' title='bbox 514 2236 821 2282; x_wconf 88' lang='lat' dir='ltr'><strong>monstrare</strong></span> <span class='ocrx_word' id='word_1_272' title='bbox 875 2231 1151 2293; x_wconf 87' lang='lat' dir='ltr'><strong>poterant,</strong></span> <span class='ocrx_word' id='word_1_273' title='bbox 1212 2234 1482 2288; x_wconf 86' lang='lat' dir='ltr'><strong>nusquam</strong></span> <span class='ocrx_word' id='word_1_274' title='bbox 1540 2219 1608 2271; x_wconf 89' lang='lat' dir='ltr'><strong>de</strong></span> <span class='ocrx_word' id='word_1_275' title='bbox 1632 2234 1752 2274; x_wconf 80' lang='lat' dir='ltr'><strong>sese</strong></span> <span class='ocrx_word' id='word_1_276' title='bbox 1805 2219 2086 2272; x_wconf 83' lang='lat' dir='ltr'><strong>Christum</strong></span> 
     </span>
    </p>
   </div>
   <div class='ocr_carea' id='block_1_40' title="bbox 514 2304 2086 2384">
    <p class='ocr_par' dir='ltr' id='par_1_40' title="bbox 514 2304 2086 2384">
     <span class='ocr_line' id='line_1_40' title="bbox 514 2304 2086 2384; baseline -0.007 -14"><span class='ocrx_word' id='word_1_277' title='bbox 514 2315 717 2370; x_wconf 77' lang='lat' dir='ltr'><strong>dixisse</strong></span> <span class='ocrx_word' id='word_1_278' title='bbox 756 2314 899 2384; x_wconf 88' lang='lat' dir='ltr'><strong>quod</strong></span> <span class='ocrx_word' id='word_1_279' title='bbox 931 2310 1074 2364; x_wconf 86' lang='lat' dir='ltr'><strong>Deus</strong></span> <span class='ocrx_word' id='word_1_280' title='bbox 1119 2310 1211 2372; x_wconf 86' lang='lat' dir='ltr'><strong>sit,</strong></span> <span class='ocrx_word' id='word_1_281' title='bbox 1246 2317 1302 2362; x_wconf 91' lang='lat' dir='ltr'><strong>et</strong></span> <span class='ocrx_word' id='word_1_282' title='bbox 1349 2308 1439 2362; x_wconf 88' lang='lat' dir='ltr'><strong>Dei</strong></span> <span class='ocrx_word' id='word_1_283' title='bbox 1487 2304 1679 2366; x_wconf 87' lang='lat' dir='ltr'><strong>Filius,</strong></span> <span class='ocrx_word' id='word_1_284' title='bbox 1709 2321 1943 2375; x_wconf 89' lang='lat' dir='ltr'><strong>quanam</strong></span> <span class='ocrx_word' id='word_1_285' title='bbox 1979 2307 2086 2360; x_wconf 83' lang='lat' dir='ltr'><strong>alia</strong></span> 
     </span>
    </p>
   </div>
   <div class='ocr_carea' id='block_1_41' title="bbox 515 2393 2087 2471">
    <p class='ocr_par' dir='ltr' id='par_1_41' title="bbox 515 2393 2087 2471">
     <span class='ocr_line' id='line_1_41' title="bbox 515 2393 2087 2471; baseline -0.004 -16"><span class='ocrx_word' id='word_1_286' title='bbox 515 2402 837 2471; x_wconf 83' lang='lat' dir='ltr'><strong>probatione</strong></span> <span class='ocrx_word' id='word_1_287' title='bbox 884 2414 1037 2468; x_wconf 88' lang='lat' dir='ltr'><strong>opus-</strong></span> <span class='ocrx_word' id='word_1_288' title='bbox 1074 2406 1194 2450; x_wconf 88' lang='lat' dir='ltr'><strong>erat</strong></span> <span class='ocrx_word' id='word_1_289' title='bbox 1245 2412 1408 2465; x_wconf 87' lang='lat' dir='ltr'><strong>quam</strong></span> <span class='ocrx_word' id='word_1_290' title='bbox 1463 2394 1606 2448; x_wconf 87' lang='lat' dir='ltr'><strong>hac?</strong></span> <span class='ocrx_word' id='word_1_291' title='bbox 1662 2393 1785 2449; x_wconf 67' lang='lat' dir='ltr'><strong>llaec</strong></span> <span class='ocrx_word' id='word_1_292' title='bbox 1817 2396 1962 2448; x_wconf 89' lang='lat' dir='ltr'><strong>enim</strong></span> <span class='ocrx_word' id='word_1_293' title='bbox 2002 2399 2087 2449; x_wconf 86' lang='lat' dir='ltr'><strong>vel</strong></span> 
     </span>
    </p>
   </div>
   <div class='ocr_carea' id='block_1_42' title="bbox 513 2486 2089 2557">
    <p class='ocr_par' dir='ltr' id='par_1_42' title="bbox 513 2486 2089 2557">
     <span class='ocr_line' id='line_1_42' title="bbox 513 2486 2089 2557; baseline -0.005 -11"><span class='ocrx_word' id='word_1_294' title='bbox 513 2493 628 2546; x_wconf 88' lang='lat' dir='ltr'><strong>sola</strong></span> <span class='ocrx_word' id='word_1_295' title='bbox 659 2490 986 2546; x_wconf 78' lang='lat' dir='ltr'><strong>servavissct</strong></span> <span class='ocrx_word' id='word_1_296' title='bbox 1024 2503 1122 2542; x_wconf 88' lang='lat' dir='ltr'><strong>eos</strong></span> <span class='ocrx_word' id='word_1_297' title='bbox 1153 2504 1265 2557; x_wconf 75' lang='lat' dir='ltr'><strong>pra:</strong></span> <span class='ocrx_word' id='word_1_298' title='bbox 1297 2486 1510 2541; x_wconf 65' lang='lat' dir='ltr'><strong>cst-teris</strong></span> <span class='ocrx_word' id='word_1_299' title='bbox 1547 2486 1887 2556; x_wconf 78' lang='lat' dir='ltr'><strong>argumentis</strong></span> <span class='ocrx_word' id='word_1_300' title='bbox 1913 2486 2089 2540; x_wconf 91' lang='lat' dir='ltr'><strong>omni-</strong></span> 
     </span>
    </p>
   </div>
   <div class='ocr_carea' id='block_1_43' title="bbox 516 2577 2089 2650">
    <p class='ocr_par' dir='ltr' id='par_1_43' title="bbox 516 2577 2089 2650">
     <span class='ocr_line' id='line_1_43' title="bbox 516 2577 2089 2650; baseline -0.004 -12"><span class='ocrx_word' id='word_1_301' title='bbox 516 2585 641 2638; x_wconf 85' lang='lat' dir='ltr'><strong>bus.</strong></span> <span class='ocrx_word' id='word_1_302' title='bbox 695 2582 965 2637; x_wconf 73' lang='lat' dir='ltr'><strong>Ca:terum</strong></span> <span class='ocrx_word' id='word_1_303' title='bbox 1001 2580 1357 2650; x_wconf 83' lang='lat' dir='ltr'><strong>Evangelinm</strong></span> <span class='ocrx_word' id='word_1_304' title='bbox 1414 2578 1467 2631; x_wconf 92' lang='lat' dir='ltr'><strong>in</strong></span> <span class='ocrx_word' id='word_1_305' title='bbox 1501 2580 1677 2648; x_wconf 88' lang='lat' dir='ltr'><strong>pretio</strong></span> <span class='ocrx_word' id='word_1_306' title='bbox 1706 2577 1999 2642; x_wconf 85' lang='lat' dir='ltr'><strong>habebant,</strong></span> <span class='ocrx_word' id='word_1_307' title='bbox 2036 2590 2089 2631; x_wconf 91' lang='lat' dir='ltr'><strong>et</strong></span> 
     </span>
    </p>
   </div>
   <div class='ocr_carea' id='block_1_44' title="bbox 513 2666 2087 2742">
    <p class='ocr_par' dir='ltr' id='par_1_44' title="bbox 513 2666 2087 2742">
     <span class='ocr_line' id='line_1_44' title="bbox 513 2666 2087 2742; baseline -0.004 -14"><span class='ocrx_word' id='word_1_308' title='bbox 513 2670 1007 2742; x_wconf 85' lang='lat' dir='ltr'><strong>amplectebantur,</strong></span> <span class='ocrx_word' id='word_1_309' title='bbox 1065 2678 1429 2737; x_wconf 88' lang='lat' dir='ltr'><strong>sanctumque</strong></span> <span class='ocrx_word' id='word_1_310' title='bbox 1485 2666 1860 2729; x_wconf 84' lang='lat' dir='ltr'><strong>nominabant,</strong></span> <span class='ocrx_word' id='word_1_311' title='bbox 1903 2674 1959 2720; x_wconf 89' lang='lat' dir='ltr'><strong>et</strong></span> <span class='ocrx_word' id='word_1_312' title='bbox 2008 2666 2087 2722; x_wconf 90' lang='lat' dir='ltr'><strong>le-</strong></span> 
     </span>
    </p>
   </div>
   <div class='ocr_carea' id='block_1_45' title="bbox 513 2754 2088 2830">
    <p class='ocr_par' dir='ltr' id='par_1_45' title="bbox 513 2754 2088 2830">
     <span class='ocr_line' id='line_1_45' title="bbox 513 2754 2088 2830; baseline -0.004 -14"><span class='ocrx_word' id='word_1_313' title='bbox 513 2773 705 2829; x_wconf 77' lang='lat' dir='ltr'><strong>gentes</strong></span> <span class='ocrx_word' id='word_1_314' title='bbox 743 2762 847 2815; x_wconf 85' lang='lat' dir='ltr'><strong>hoc</strong></span> <span class='ocrx_word' id='word_1_315' title='bbox 898 2768 1164 2830; x_wconf 86' lang='lat' dir='ltr'><strong>perpetuo</strong></span> <span class='ocrx_word' id='word_1_316' title='bbox 1226 2772 1350 2811; x_wconf 90' lang='lat' dir='ltr'><strong>cum</strong></span> <span class='ocrx_word' id='word_1_317' title='bbox 1414 2757 1807 2828; x_wconf 69' lang='lat' dir='ltr'><strong>prophetarum</strong></span> <span class='ocrx_word' id='word_1_318' title='bbox 1867 2754 2088 2824; x_wconf 88' lang='lat' dir='ltr'><strong>scriptis</strong></span> 
     </span>
    </p>
   </div>
   <div class='ocr_carea' id='block_1_46' title="bbox 514 2846 2087 2914">
    <p class='ocr_par' dir='ltr' id='par_1_46' title="bbox 514 2846 2087 2914">
     <span class='ocr_line' id='line_1_46' title="bbox 514 2846 2087 2914; baseline -0.003 -8"><span class='ocrx_word' id='word_1_319' title='bbox 514 2853 807 2907; x_wconf 87' lang='lat' dir='ltr'><strong>miserrimi</strong></span> <span class='ocrx_word' id='word_1_320' title='bbox 858 2852 1131 2914; x_wconf 87' lang='lat' dir='ltr'><strong>homines,</strong></span> <span class='ocrx_word' id='word_1_321' title='bbox 1180 2850 1539 2903; x_wconf 88' lang='lat' dir='ltr'><strong>nihilominus</strong></span> <span class='ocrx_word' id='word_1_322' title='bbox 1582 2848 1697 2901; x_wconf 62' lang='lat' dir='ltr'><strong>haec</strong></span> <span class='ocrx_word' id='word_1_323' title='bbox 1752 2846 1977 2901; x_wconf 86' lang='lat' dir='ltr'><strong>ridicula</strong></span> <span class='ocrx_word' id='word_1_324' title='bbox 2031 2857 2087 2901; x_wconf 90' lang='lat' dir='ltr'><strong>et</strong></span> 
     </span>
    </p>
   </div>
   <div class='ocr_carea' id='block_1_47' title="bbox 512 2940 2083 3017">
    <p class='ocr_par' dir='ltr' id='par_1_47' title="bbox 512 2940 2083 3017">
     <span class='ocr_line' id='line_1_47' title="bbox 512 2940 2083 3017; baseline -0.006 -16"><span class='ocrx_word' id='word_1_325' title='bbox 512 2949 678 3001; x_wconf 81' lang='lat' dir='ltr'><strong>stulta</strong></span> <span class='ocrx_word' id='word_1_326' title='bbox 710 2946 1077 3017; x_wconf 89' lang='lat' dir='ltr'><strong>protulerunt.</strong></span> <span class='ocrx_word' id='word_1_327' title='bbox 1128 2945 1195 2999; x_wconf 86' lang='lat' dir='ltr'><strong>Et</strong></span> <span class='ocrx_word' id='word_1_328' title='bbox 1221 2943 1311 2997; x_wconf 91' lang='lat' dir='ltr'><strong>alii</strong></span> <span class='ocrx_word' id='word_1_329' title='bbox 1346 2943 1567 3012; x_wconf 87' lang='lat' dir='ltr'><strong>quidem</strong></span> <span class='ocrx_word' id='word_1_330' title='bbox 1629 2941 1681 2995; x_wconf 89' lang='lat' dir='ltr'><strong>in</strong></span> <span class='ocrx_word' id='word_1_331' title='bbox 1737 2940 1837 2993; x_wconf 86' lang='lat' dir='ltr'><strong>hac</strong></span> <span class='ocrx_word' id='word_1_332' title='bbox 1890 2940 2083 2994; x_wconf 63' lang='lat' dir='ltr'><strong>haeresi</strong></span> 
     </span>
    </p>
   </div>
   <div class='ocr_carea' id='block_1_48' title="bbox 510 3030 2085 3102">
    <p class='ocr_par' dir='ltr' id='par_1_48' title="bbox 510 3030 2085 3102">
     <span class='ocr_line' id='line_1_48' title="bbox 510 3030 2085 3102; baseline -0.005 -12"><span class='ocrx_word' id='word_1_333' title='bbox 510 3038 655 3093; x_wconf 87' lang='lat' dir='ltr'><strong>diem</strong></span> <span class='ocrx_word' id='word_1_334' title='bbox 688 3038 966 3102; x_wconf 89' lang='lat' dir='ltr'><strong>obierunt,</strong></span> <span class='ocrx_word' id='word_1_335' title='bbox 1007 3045 1062 3090; x_wconf 91' lang='lat' dir='ltr'><strong>et</strong></span> <span class='ocrx_word' id='word_1_336' title='bbox 1090 3034 1438 3089; x_wconf 88' lang='lat' dir='ltr'><strong>anathemate</strong></span> <span class='ocrx_word' id='word_1_337' title='bbox 1472 3032 1769 3092; x_wconf 83' lang='lat' dir='ltr'><strong>tenentur;</strong></span> <span class='ocrx_word' id='word_1_338' title='bbox 1821 3030 1909 3084; x_wconf 88' lang='lat' dir='ltr'><strong>alii</strong></span> <span class='ocrx_word' id='word_1_339' title='bbox 1955 3046 2085 3083; x_wconf 88' lang='lat' dir='ltr'><strong>vero</strong></span> 
     </span>
    </p>
   </div>
   <div class='ocr_carea' id='block_1_49' title="bbox 509 3122 2080 3199">
    <p class='ocr_par' dir='ltr' id='par_1_49' title="bbox 509 3122 2080 3199">
     <span class='ocr_line' id='line_1_49' title="bbox 509 3122 2080 3199; baseline -0.004 -17"><span class='ocrx_word' id='word_1_340' title='bbox 509 3132 704 3185; x_wconf 86' lang='lat' dir='ltr'><strong>vivunt</strong></span> <span class='ocrx_word' id='word_1_341' title='bbox 731 3140 789 3186; x_wconf 90' lang='lat' dir='ltr'><strong>et</strong></span> <span class='ocrx_word' id='word_1_342' title='bbox 829 3129 1121 3199; x_wconf 69' lang='lat' dir='ltr'><strong>Aigyptuut</strong></span> <span class='ocrx_word' id='word_1_343' title='bbox 1166 3126 1432 3192; x_wconf 89' lang='lat' dir='ltr'><strong>incolunt,</strong></span> <span class='ocrx_word' id='word_1_344' title='bbox 1478 3123 1771 3193; x_wconf 86' lang='lat' dir='ltr'><strong>Arianique</strong></span> <span class='ocrx_word' id='word_1_345' title='bbox 1802 3122 2080 3186; x_wconf 80' lang='lat' dir='ltr'><strong>Jacobitae,</strong></span> 
     </span>
    </p>
   </div>
   <div class='ocr_carea' id='block_1_50' title="bbox 509 3214 2083 3285">
    <p class='ocr_par' dir='ltr' id='par_1_50' title="bbox 509 3214 2083 3285">
     <span class='ocr_line' id='line_1_50' title="bbox 509 3214 2083 3285; baseline -0.007 -8"><span class='ocrx_word' id='word_1_346' title='bbox 509 3231 565 3276; x_wconf 88' lang='lat' dir='ltr'><strong>et</strong></span> <span class='ocrx_word' id='word_1_347' title='bbox 596 3221 903 3277; x_wconf 82' lang='lat' dir='ltr'><strong>Nestoriaui</strong></span> <span class='ocrx_word' id='word_1_348' title='bbox 960 3221 1240 3274; x_wconf 66' lang='lat' dir='ltr'><strong>dit-untur.</strong></span> <span class='ocrx_word' id='word_1_349' title='bbox 1301 3217 1709 3285; x_wconf 71' lang='lat' dir='ltr'><strong>[interrogentur</strong></span> <span class='ocrx_word' id='word_1_350' title='bbox 1768 3214 1950 3284; x_wconf 88' lang='lat' dir='ltr'><strong>itaque</strong></span> <span class='ocrx_word' id='word_1_351' title='bbox 2008 3215 2083 3277; x_wconf 90' lang='lat' dir='ltr'><strong>hi,</strong></span> 
     </span>
    </p>
   </div>
   <div class='ocr_carea' id='block_1_51' title="bbox 508 3306 2085 3378">
    <p class='ocr_par' dir='ltr' id='par_1_51' title="bbox 508 3306 2085 3378">
     <span class='ocr_line' id='line_1_51' title="bbox 508 3306 2085 3378; baseline -0.006 -9"><span class='ocrx_word' id='word_1_352' title='bbox 508 3325 566 3371; x_wconf 91' lang='lat' dir='ltr'><strong>et</strong></span> <span class='ocrx_word' id='word_1_353' title='bbox 594 3315 912 3370; x_wconf 79' lang='lat' dir='ltr'><strong>fatebuntur</strong></span> <span class='ocrx_word' id='word_1_354' title='bbox 943 3314 1230 3367; x_wconf 82' lang='lat' dir='ltr'><strong>veritatem</strong></span> <span class='ocrx_word' id='word_1_355' title='bbox 1266 3326 1509 3372; x_wconf 88' lang='lat' dir='ltr'><strong>omnem,</strong></span> <span class='ocrx_word' id='word_1_356' title='bbox 1548 3309 1694 3378; x_wconf 89' lang='lat' dir='ltr'><strong>quod</strong></span> <span class='ocrx_word' id='word_1_357' title='bbox 1733 3306 2085 3377; x_wconf 81' lang='lat' dir='ltr'><strong>Evangelium</strong></span> 
     </span>
    </p>
   </div>
   <div class='ocr_carea' id='block_1_52' title="bbox 512 3404 2087 3481">
    <p class='ocr_par' dir='ltr' id='par_1_52' title="bbox 512 3404 2087 3481">
     <span class='ocr_line' id='line_1_52' title="bbox 512 3404 2087 3481; baseline -0.003 -20"><span class='ocrx_word' id='word_1_358' title='bbox 512 3408 619 3462; x_wconf 85' lang='lat' dir='ltr'><strong>tale</strong></span> <span class='ocrx_word' id='word_1_359' title='bbox 665 3409 733 3462; x_wconf 90' lang='lat' dir='ltr'><strong>ab</strong></span> <span class='ocrx_word' id='word_1_360' title='bbox 780 3407 942 3462; x_wconf 91' lang='lat' dir='ltr'><strong>initio</strong></span> <span class='ocrx_word' id='word_1_361' title='bbox 988 3409 1253 3475; x_wconf 76' lang='lat' dir='ltr'><strong>scriptum</strong></span> <span class='ocrx_word' id='word_1_362' title='bbox 1315 3404 1406 3466; x_wconf 89' lang='lat' dir='ltr'><strong>sit,</strong></span> <span class='ocrx_word' id='word_1_363' title='bbox 1449 3404 1621 3481; x_wconf 37' lang='lat' dir='ltr'><strong>.quale</strong></span> <span class='ocrx_word' id='word_1_364' title='bbox 1677 3404 1944 3460; x_wconf 90' lang='lat' dir='ltr'><strong>hodierno</strong></span> <span class='ocrx_word' id='word_1_365' title='bbox 1997 3405 2087 3458; x_wconf 89' lang='lat' dir='ltr'><strong>die</strong></span> 
     </span>
    </p>
   </div>
   <div class='ocr_carea' id='block_1_53' title="bbox 510 3509 713 3554">
    <p class='ocr_par' dir='ltr' id='par_1_53' title="bbox 510 3509 713 3554">
     <span class='ocr_line' id='line_1_53' title="bbox 510 3509 713 3554; baseline 0.005 -1"><span class='ocrx_word' id='word_1_366' title='bbox 510 3509 713 3554; x_wconf 80' lang='lat' dir='ltr'><strong>ex3tat.</strong></span> 
     </span>
    </p>
   </div>
   <div class='ocr_carea' id='block_1_54' title="bbox 2193 1945 3768 2023">
    <p class='ocr_par' dir='ltr' id='par_1_54' title="bbox 2193 1945 3768 2023">
     <span class='ocr_line' id='line_1_54' title="bbox 2193 1945 3768 2023; baseline -0.006 -18"><span class='ocrx_word' id='word_1_367' title='bbox 2193 1953 2447 2022; x_wconf 66' lang='grc' dir='ltr'>οὐρανοῦ,</span> <span class='ocrx_word' id='word_1_368' title='bbox 2491 1954 2587 2020; x_wconf 80' lang='grc' dir='ltr'><strong>τῆς</strong></span> <span class='ocrx_word' id='word_1_369' title='bbox 2616 1952 2719 2018; x_wconf 76' lang='grc' dir='ltr'>γῆς</span> <span class='ocrx_word' id='word_1_370' title='bbox 2754 1952 2932 2023; x_wconf 53' lang='lat' dir='ltr'><strong>texui.</strong></span> <span class='ocrx_word' id='word_1_371' title='bbox 2961 1949 3175 2015; x_wconf 76' lang='grc' dir='ltr'>ἁπάσης</span> <span class='ocrx_word' id='word_1_372' title='bbox 3205 1947 3296 2013; x_wconf 77' lang='grc' dir='ltr'>τῆς</span> <span class='ocrx_word' id='word_1_373' title='bbox 3334 1947 3581 2008; x_wconf 81' lang='grc' dir='ltr'><strong>κτίσεως,</strong></span> <span class='ocrx_word' id='word_1_374' title='bbox 3606 1945 3768 1996; x_wconf 80' lang='grc' dir='ltr'>τοῦτο</span> 
     </span>
    </p>
   </div>
   <div class='ocr_carea' id='block_1_55' title="bbox 2195 2030 3763 2110">
    <p class='ocr_par' dir='ltr' id='par_1_55' title="bbox 2195 2030 3763 2110">
     <span class='ocr_line' id='line_1_55' title="bbox 2195 2030 3763 2110; baseline -0.006 -17"><span class='ocrx_word' id='word_1_375' title='bbox 2195 2041 2367 2103; x_wconf 72' lang='grc' dir='ltr'>οὓτως</span> <span class='ocrx_word' id='word_1_376' title='bbox 2401 2040 2567 2110; x_wconf 74' lang='grc' dir='ltr'>ἔχειν,</span> <span class='ocrx_word' id='word_1_377' title='bbox 2632 2039 2725 2088; x_wconf 75' lang='grc' dir='ltr'><strong>καί</strong></span> <span class='ocrx_word' id='word_1_378' title='bbox 2755 2038 2851 2088; x_wconf 66' lang='grc' dir='ltr'>οὐκ</span> <span class='ocrx_word' id='word_1_379' title='bbox 2888 2037 3083 2097; x_wconf 46' lang='lat' dir='ltr'><strong>an»:</strong></span> <span class='ocrx_word' id='word_1_380' title='bbox 3124 2037 3204 2086; x_wconf 80' lang='grc' dir='ltr'><strong>ὅτι</strong></span> <span class='ocrx_word' id='word_1_381' title='bbox 3229 2033 3283 2084; x_wconf 78' lang='grc' dir='ltr'><strong>δὲ</strong></span> <span class='ocrx_word' id='word_1_382' title='bbox 3315 2031 3441 2096; x_wconf 69' lang='grc' dir='ltr'>Υἱὸς</span> <span class='ocrx_word' id='word_1_383' title='bbox 3478 2032 3571 2085; x_wconf 78' lang='grc' dir='ltr'>τοῦ</span> <span class='ocrx_word' id='word_1_384' title='bbox 3603 2030 3763 2094; x_wconf 75' lang='grc' dir='ltr'>Θεοῦ,</span> 
     </span>
    </p>
   </div>
   <div class='ocr_carea' id='block_1_56' title="bbox 2191 2125 3770 2196">
    <p class='ocr_par' dir='ltr' id='par_1_56' title="bbox 2191 2125 3770 2196">
     <span class='ocr_line' id='line_1_56' title="bbox 2191 2125 3770 2196; baseline -0.005 -13"><span class='ocrx_word' id='word_1_385' title='bbox 2191 2134 2350 2185; x_wconf 72' lang='grc' dir='ltr'>τοῦτο</span> <span class='ocrx_word' id='word_1_386' title='bbox 2373 2132 2471 2183; x_wconf 81' lang='grc' dir='ltr'><strong>οὐκ</strong></span> <span class='ocrx_word' id='word_1_387' title='bbox 2498 2132 2635 2182; x_wconf 79' lang='grc' dir='ltr'>ἐστι.</span> <span class='ocrx_word' id='word_1_388' title='bbox 2671 2129 2784 2181; x_wconf 81' lang='grc' dir='ltr'><strong>Καὶ</strong></span> <span class='ocrx_word' id='word_1_389' title='bbox 2831 2128 3096 2196; x_wconf 70' lang='grc' dir='ltr'>ἐποίησαν</span> <span class='ocrx_word' id='word_1_390' title='bbox 3135 2127 3181 2179; x_wconf 92' lang='grc' dir='ltr'>οἱ</span> <span class='ocrx_word' id='word_1_391' title='bbox 3214 2126 3442 2179; x_wconf 83' lang='grc' dir='ltr'>τοιοῦτοι</span> <span class='ocrx_word' id='word_1_392' title='bbox 3498 2125 3770 2194; x_wconf 75' lang='grc' dir='ltr'>αἱρετικοὶ</span> 
     </span>
    </p>
   </div>
   <div class='ocr_carea' id='block_1_57' title="bbox 2192 2215 3770 2289">
    <p class='ocr_par' dir='ltr' id='par_1_57' title="bbox 2192 2215 3770 2289">
     <span class='ocr_line' id='line_1_57' title="bbox 2192 2215 3770 2289; baseline -0.006 -12"><span class='ocrx_word' id='word_1_393' title='bbox 2192 2224 2327 2277; x_wconf 81' lang='grc' dir='ltr'>πολὺ</span> <span class='ocrx_word' id='word_1_394' title='bbox 2362 2223 2532 2276; x_wconf 67' lang='grc' dir='ltr'>κακὸν</span> <span class='ocrx_word' id='word_1_395' title='bbox 2554 2222 2681 2284; x_wconf 80' lang='grc' dir='ltr'>τοὺς</span> <span class='ocrx_word' id='word_1_396' title='bbox 2708 2218 3044 2289; x_wconf 73' lang='grc' dir='ltr'>ὀρθοδὸξους.</span> <span class='ocrx_word' id='word_1_397' title='bbox 3106 2217 3164 2270; x_wconf 84' lang='grc' dir='ltr'>Ὀ</span> <span class='ocrx_word' id='word_1_398' title='bbox 3196 2216 3304 2286; x_wconf 85' lang='grc' dir='ltr'>γὰρ</span> <span class='ocrx_word' id='word_1_399' title='bbox 3353 2215 3652 2285; x_wconf 73' lang='grc' dir='ltr'>βασιλεύων</span> <span class='ocrx_word' id='word_1_400' title='bbox 3687 2215 3770 2285; x_wconf 82' lang='grc' dir='ltr'>τῷ</span> 
     </span>
    </p>
   </div>
   <div class='ocr_carea' id='block_1_58' title="bbox 2188 2307 3776 2384">
    <p class='ocr_par' dir='ltr' id='par_1_58' title="bbox 2188 2307 3776 2384">
     <span class='ocr_line' id='line_1_58' title="bbox 2188 2307 3776 2384; baseline -0.005 -18"><span class='ocrx_word' id='word_1_401' title='bbox 2188 2316 2306 2366; x_wconf 83' lang='grc' dir='ltr'>τότε</span> <span class='ocrx_word' id='word_1_402' title='bbox 2350 2310 2419 2384; x_wconf 83' lang='grc' dir='ltr'>ἦν</span> <span class='ocrx_word' id='word_1_403' title='bbox 2448 2311 2661 2383; x_wconf 81' lang='grc' dir='ltr'>φρονῶν</span> <span class='ocrx_word' id='word_1_404' title='bbox 2701 2313 2767 2364; x_wconf 78' lang='grc' dir='ltr'>τὰ</span> <span class='ocrx_word' id='word_1_405' title='bbox 2826 2310 3071 2372; x_wconf 81' lang='grc' dir='ltr'>ἐκείνων,</span> <span class='ocrx_word' id='word_1_406' title='bbox 3115 2312 3211 2363; x_wconf 71' lang='grc' dir='ltr'><strong>καὶ</strong></span> <span class='ocrx_word' id='word_1_407' title='bbox 3256 2308 3515 2377; x_wconf 82' lang='grc' dir='ltr'><strong>συνήργει</strong></span> <span class='ocrx_word' id='word_1_408' title='bbox 3568 2307 3663 2360; x_wconf 75' lang='grc' dir='ltr'><strong>καὶ</strong></span> <span class='ocrx_word' id='word_1_409' title='bbox 3715 2307 3776 2358; x_wconf 85' lang='grc' dir='ltr'><strong>ἐ-</strong></span> 
     </span>
    </p>
   </div>
   <div class='ocr_carea' id='block_1_59' title="bbox 2190 2395 3772 2472">
    <p class='ocr_par' dir='ltr' id='par_1_59' title="bbox 2190 2395 3772 2472">
     <span class='ocr_line' id='line_1_59' title="bbox 2190 2395 3772 2472; baseline -0.006 -15"><span class='ocrx_word' id='word_1_410' title='bbox 2190 2403 2379 2472; x_wconf 74' lang='grc' dir='ltr'>ΰοήθει</span> <span class='ocrx_word' id='word_1_411' title='bbox 2413 2402 2598 2461; x_wconf 83' lang='grc' dir='ltr'>αὐτοῖς</span> <span class='ocrx_word' id='word_1_412' title='bbox 2639 2400 2735 2453; x_wconf 70' lang='grc' dir='ltr'><strong>ἐπὶ</strong></span> <span class='ocrx_word' id='word_1_413' title='bbox 2769 2400 2844 2470; x_wconf 82' lang='grc' dir='ltr'>τῷ</span> <span class='ocrx_word' id='word_1_414' title='bbox 2875 2398 3101 2467; x_wconf 78' lang='grc' dir='ltr'>τοιούτῳ</span> <span class='ocrx_word' id='word_1_415' title='bbox 3144 2399 3394 2466; x_wconf 85' lang='grc' dir='ltr'>δόγματι.</span> <span class='ocrx_word' id='word_1_416' title='bbox 3437 2397 3589 2450; x_wconf 81' lang='grc' dir='ltr'>Ἐπεὶ</span> <span class='ocrx_word' id='word_1_417' title='bbox 3634 2395 3772 2463; x_wconf 83' lang='grc' dir='ltr'>γοῦν</span> 
     </span>
    </p>
   </div>
   <div class='ocr_carea' id='block_1_60' title="bbox 2188 2486 3770 2564">
    <p class='ocr_par' dir='ltr' id='par_1_60' title="bbox 2188 2486 3770 2564">
     <span class='ocr_line' id='line_1_60' title="bbox 2188 2486 3770 2564; baseline -0.006 -17"><span class='ocrx_word' id='word_1_418' title='bbox 2188 2492 2330 2564; x_wconf 79' lang='grc' dir='ltr'>εἶχον</span> <span class='ocrx_word' id='word_1_419' title='bbox 2346 2492 2404 2545; x_wconf 81' lang='grc' dir='ltr'><strong>τὸ</strong></span> <span class='ocrx_word' id='word_1_420' title='bbox 2424 2490 2771 2560; x_wconf 80' lang='grc' dir='ltr'>Εὐαγγὲλιον,</span> <span class='ocrx_word' id='word_1_421' title='bbox 2792 2489 2985 2560; x_wconf 74' lang='grc' dir='ltr'>καὶξὲτί</span> <span class='ocrx_word' id='word_1_422' title='bbox 2992 2507 3106 2557; x_wconf 81' lang='grc' dir='ltr'><strong>μων</strong></span> <span class='ocrx_word' id='word_1_423' title='bbox 3137 2490 3286 2554; x_wconf 54' lang='grc' dir='ltr'>αὐτὶ),</span> <span class='ocrx_word' id='word_1_424' title='bbox 3305 2487 3462 2557; x_wconf 78' lang='grc' dir='ltr'>εἴπερ</span> <span class='ocrx_word' id='word_1_425' title='bbox 3479 2486 3630 2539; x_wconf 72' lang='grc' dir='ltr'>οὐδὲν</span> <span class='ocrx_word' id='word_1_426' title='bbox 3649 2486 3770 2537; x_wconf 67' lang='grc' dir='ltr'>ἕλε-</span> 
     </span>
    </p>
   </div>
   <div class='ocr_carea' id='block_1_61' title="bbox 2188 2575 3766 2654">
    <p class='ocr_par' dir='ltr' id='par_1_61' title="bbox 2188 2575 3766 2654">
     <span class='ocr_line' id='line_1_61' title="bbox 2188 2575 3766 2654; baseline -0.006 -18"><span class='ocrx_word' id='word_1_427' title='bbox 2188 2601 2282 2651; x_wconf 86' lang='grc' dir='ltr'><strong>γεν</strong></span> <span class='ocrx_word' id='word_1_428' title='bbox 2313 2586 2340 2638; x_wconf 92' lang='lat'><strong>6</strong></span> <span class='ocrx_word' id='word_1_429' title='bbox 2363 2584 2597 2654; x_wconf 72' lang='grc' dir='ltr'>Χριστὸς</span> <span class='ocrx_word' id='word_1_430' title='bbox 2625 2582 2752 2651; x_wconf 73' lang='grc' dir='ltr'>περὶ</span> <span class='ocrx_word' id='word_1_431' title='bbox 2788 2578 2981 2632; x_wconf 79' lang='grc' dir='ltr'>ἑαυτοῦ</span> <span class='ocrx_word' id='word_1_432' title='bbox 3010 2580 3089 2632; x_wconf 82' lang='grc' dir='ltr'>ὃτι</span> <span class='ocrx_word' id='word_1_433' title='bbox 3123 2580 3253 2640; x_wconf 76' lang='grc' dir='ltr'>Θεός</span> <span class='ocrx_word' id='word_1_434' title='bbox 3271 2584 3387 2632; x_wconf 84' lang='grc' dir='ltr'>ἐστι</span> <span class='ocrx_word' id='word_1_435' title='bbox 3405 2577 3498 2632; x_wconf 78' lang='grc' dir='ltr'>καὶ</span> <span class='ocrx_word' id='word_1_436' title='bbox 3511 2575 3766 2648; x_wconf 52' lang='grc' dir='ltr'><strong>τοῦλΘεοῦ</strong></span> 
     </span>
    </p>
   </div>
   <div class='ocr_carea' id='block_1_62' title="bbox 2190 2667 3765 2743">
    <p class='ocr_par' dir='ltr' id='par_1_62' title="bbox 2190 2667 3765 2743">
     <span class='ocr_line' id='line_1_62' title="bbox 2190 2667 3765 2743; baseline -0.006 -15"><span class='ocrx_word' id='word_1_437' title='bbox 2190 2677 2340 2741; x_wconf 66' lang='grc' dir='ltr'>Υἱὸς,</span> <span class='ocrx_word' id='word_1_438' title='bbox 2387 2675 2531 2736; x_wconf 89' lang='grc' dir='ltr'>τίνος</span> <span class='ocrx_word' id='word_1_439' title='bbox 2582 2673 2746 2743; x_wconf 75' lang='grc' dir='ltr'>ἄλλης</span> <span class='ocrx_word' id='word_1_440' title='bbox 2780 2674 3179 2742; x_wconf 73' lang='grc' dir='ltr'>παραστάσεως</span> <span class='ocrx_word' id='word_1_441' title='bbox 3210 2672 3437 2734; x_wconf 67' lang='grc' dir='ltr'>ἐδέοντο,</span> <span class='ocrx_word' id='word_1_442' title='bbox 3470 2667 3765 2738; x_wconf 77' lang='grc' dir='ltr'>ἣταύτηςς</span> 
     </span>
    </p>
   </div>
   <div class='ocr_carea' id='block_1_63' title="bbox 2186 2759 3768 2836">
    <p class='ocr_par' dir='ltr' id='par_1_63' title="bbox 2186 2759 3768 2836">
     <span class='ocr_line' id='line_1_63' title="bbox 2186 2759 3768 2836; baseline -0.008 -18"><span class='ocrx_word' id='word_1_443' title='bbox 2186 2767 2298 2819; x_wconf 67' lang='grc' dir='ltr'><strong>Καὶ</strong></span> <span class='ocrx_word' id='word_1_444' title='bbox 2323 2765 2429 2836; x_wconf 85' lang='grc' dir='ltr'><strong>γὰρ</strong></span> <span class='ocrx_word' id='word_1_445' title='bbox 2450 2764 2586 2834; x_wconf 75' lang='grc' dir='ltr'>αὕτη</span> <span class='ocrx_word' id='word_1_446' title='bbox 2617 2767 2710 2816; x_wconf 67' lang='grc' dir='ltr'><strong>καὶ</strong></span> <span class='ocrx_word' id='word_1_447' title='bbox 2752 2764 2887 2833; x_wconf 83' lang='grc' dir='ltr'>μόνη</span> <span class='ocrx_word' id='word_1_448' title='bbox 2917 2763 3117 2826; x_wconf 72' lang='grc' dir='ltr'>ἔσωζεν</span> <span class='ocrx_word' id='word_1_449' title='bbox 3144 2762 3272 2815; x_wconf 75' lang='grc' dir='ltr'>⁴ἁντὶ</span> <span class='ocrx_word' id='word_1_450' title='bbox 3317 2762 3507 2815; x_wconf 83' lang='grc' dir='ltr'>πασῶν</span> <span class='ocrx_word' id='word_1_451' title='bbox 3565 2759 3768 2829; x_wconf 70' lang='grc' dir='ltr'>ἑτέρων</span> 
     </span>
    </p>
   </div>
   <div class='ocr_carea' id='block_1_64' title="bbox 2187 2853 3765 2929">
    <p class='ocr_par' dir='ltr' id='par_1_64' title="bbox 2187 2853 3765 2929">
     <span class='ocr_line' id='line_1_64' title="bbox 2187 2853 3765 2929; baseline -0.007 -16"><span class='ocrx_word' id='word_1_452' title='bbox 2187 2859 2552 2929; x_wconf 67' lang='grc' dir='ltr'>παραστάσεω</span> <span class='ocrx_word' id='word_1_453' title='bbox 2570 2883 2599 2910; x_wconf 80' lang='grc' dir='ltr'>ι.</span> <span class='ocrx_word' id='word_1_454' title='bbox 2621 2857 2850 2909; x_wconf 79' lang='grc' dir='ltr'>Ἀλλὰτδ</span> <span class='ocrx_word' id='word_1_455' title='bbox 2870 2857 2967 2926; x_wconf 85' lang='grc' dir='ltr'><strong>μὲν</strong></span> <span class='ocrx_word' id='word_1_456' title='bbox 2986 2856 3220 2922; x_wconf 73' lang='grc' dir='ltr'>Εὑαγγὲὶ</span> <span class='ocrx_word' id='word_1_457' title='bbox 3236 2872 3311 2908; x_wconf 88' lang='grc' dir='ltr'><strong>ιον</strong></span> <span class='ocrx_word' id='word_1_458' title='bbox 3336 2854 3643 2923; x_wconf 66' lang='grc' dir='ltr'>καὶὲτίμων</span> <span class='ocrx_word' id='word_1_459' title='bbox 3667 2853 3765 2905; x_wconf 79' lang='grc' dir='ltr'><strong>καὶ</strong></span> 
     </span>
    </p>
   </div>
   <div class='ocr_carea' id='block_1_65' title="bbox 2189 2946 3763 3021">
    <p class='ocr_par' dir='ltr' id='par_1_65' title="bbox 2189 2946 3763 3021">
     <span class='ocr_line' id='line_1_65' title="bbox 2189 2946 3763 3021; baseline -0.004 -17"><span class='ocrx_word' id='word_1_460' title='bbox 2189 2952 2468 3021; x_wconf 77' lang='grc' dir='ltr'>ἔστεργον,</span> <span class='ocrx_word' id='word_1_461' title='bbox 2497 2951 2598 3002; x_wconf 71' lang='grc' dir='ltr'>καὶ</span> <span class='ocrx_word' id='word_1_462' title='bbox 2640 2949 2793 3016; x_wconf 85' lang='grc' dir='ltr'>ἆγιον</span> <span class='ocrx_word' id='word_1_463' title='bbox 2824 2948 3126 3017; x_wconf 74' lang='grc' dir='ltr'>ὠνόμαζον.</span> <span class='ocrx_word' id='word_1_464' title='bbox 3162 2950 3268 3001; x_wconf 79' lang='grc' dir='ltr'>Καὶ</span> <span class='ocrx_word' id='word_1_465' title='bbox 3292 2946 3763 3013; x_wconf 79' lang='grc' dir='ltr'>ἀναγινώσκοντες</span> 
     </span>
    </p>
   </div>
   <div class='ocr_carea' id='block_1_66' title="bbox 2184 3032 3764 3107">
    <p class='ocr_par' dir='ltr' id='par_1_66' title="bbox 2184 3032 3764 3107">
     <span class='ocr_line' id='line_1_66' title="bbox 2184 3032 3764 3107; baseline -0.004 -16"><span class='ocrx_word' id='word_1_466' title='bbox 2184 3038 2343 3091; x_wconf 78' lang='grc' dir='ltr'>τοῦτο</span> <span class='ocrx_word' id='word_1_467' title='bbox 2395 3039 2441 3089; x_wconf 88' lang='grc' dir='ltr'>οἱ</span> <span class='ocrx_word' id='word_1_468' title='bbox 2487 3038 2734 3099; x_wconf 56' lang='grc' dir='ltr'>τάλανες,</span> <span class='ocrx_word' id='word_1_469' title='bbox 2798 3038 2895 3090; x_wconf 71' lang='grc' dir='ltr'><strong>καὶ</strong></span> <span class='ocrx_word' id='word_1_470' title='bbox 2949 3038 3074 3097; x_wconf 77' lang='grc' dir='ltr'>τοὺς</span> <span class='ocrx_word' id='word_1_471' title='bbox 3130 3038 3418 3107; x_wconf 70' lang='grc' dir='ltr'>προφήτας</span> <span class='ocrx_word' id='word_1_472' title='bbox 3474 3032 3764 3104; x_wconf 71' lang='grc' dir='ltr'>διηνεκῶς,</span> 
     </span>
    </p>
   </div>
   <div class='ocr_carea' id='block_1_67' title="bbox 2193 3129 3769 3199">
    <p class='ocr_par' dir='ltr' id='par_1_67' title="bbox 2193 3129 3769 3199">
     <span class='ocr_line' id='line_1_67' title="bbox 2193 3129 3769 3199; baseline -0.001 -17"><span class='ocrx_word' id='word_1_473' title='bbox 2193 3131 2381 3195; x_wconf 75' lang='grc' dir='ltr'>ἔλεγον</span> <span class='ocrx_word' id='word_1_474' title='bbox 2407 3130 2474 3181; x_wconf 82' lang='grc' dir='ltr'>τὰ</span> <span class='ocrx_word' id='word_1_475' title='bbox 2499 3129 2638 3181; x_wconf 82' lang='grc' dir='ltr'>αὐτὰ</span> <span class='ocrx_word' id='word_1_476' title='bbox 2680 3129 3069 3197; x_wconf 86' lang='grc' dir='ltr'>καταγὰλαστα</span> <span class='ocrx_word' id='word_1_477' title='bbox 3105 3131 3196 3182; x_wconf 77' lang='grc' dir='ltr'><strong>καὶ</strong></span> <span class='ocrx_word' id='word_1_478' title='bbox 3227 3129 3623 3199; x_wconf 76' lang='grc' dir='ltr'>μεμεστωμένα</span> <span class='ocrx_word' id='word_1_479' title='bbox 3656 3144 3769 3193; x_wconf 84' lang='grc' dir='ltr'>μω-</span> 
     </span>
    </p>
   </div>
   <div class='ocr_carea' id='block_1_68' title="bbox 2197 3220 3765 3291">
    <p class='ocr_par' dir='ltr' id='par_1_68' title="bbox 2197 3220 3765 3291">
     <span class='ocr_line' id='line_1_68' title="bbox 2197 3220 3765 3291; baseline -0.003 -17"><span class='ocrx_word' id='word_1_480' title='bbox 2197 3222 2315 3289; x_wconf 84' lang='grc' dir='ltr'>ρίας</span> <span class='ocrx_word' id='word_1_481' title='bbox 2346 3221 2524 3288; x_wconf 85' lang='grc' dir='ltr'>λόγια.</span> <span class='ocrx_word' id='word_1_482' title='bbox 2578 3222 2688 3276; x_wconf 78' lang='lat' dir='ltr'><strong>Ka‘t</strong></span> <span class='ocrx_word' id='word_1_483' title='bbox 2728 3222 2776 3273; x_wconf 80' lang='grc' dir='ltr'>οἱ</span> <span class='ocrx_word' id='word_1_484' title='bbox 2827 3222 2924 3289; x_wconf 82' lang='grc' dir='ltr'>μὲν</span> <span class='ocrx_word' id='word_1_485' title='bbox 2972 3221 3333 3289; x_wconf 77' lang='grc' dir='ltr'>ἐτελεύτησαν</span> <span class='ocrx_word' id='word_1_486' title='bbox 3387 3221 3442 3271; x_wconf 84' lang='grc' dir='ltr'><strong>ὲν</strong></span> <span class='ocrx_word' id='word_1_487' title='bbox 3476 3220 3652 3291; x_wconf 78' lang='grc' dir='ltr'>ταύτῃ</span> <span class='ocrx_word' id='word_1_488' title='bbox 3697 3221 3765 3289; x_wconf 76' lang='grc' dir='ltr'>τῇ</span> 
     </span>
    </p>
   </div>
   <div class='ocr_carea' id='block_1_69' title="bbox 2192 3309 3767 3385">
    <p class='ocr_par' dir='ltr' id='par_1_69' title="bbox 2192 3309 3767 3385">
     <span class='ocr_line' id='line_1_69' title="bbox 2192 3309 3767 3385; baseline -0.003 -18"><span class='ocrx_word' id='word_1_489' title='bbox 2192 3315 2428 3385; x_wconf 81' lang='grc' dir='ltr'>αἱρέσει,</span> <span class='ocrx_word' id='word_1_490' title='bbox 2457 3316 2551 3367; x_wconf 67' lang='grc' dir='ltr'><strong>καὶ</strong></span> <span class='ocrx_word' id='word_1_491' title='bbox 2576 3315 2713 3366; x_wconf 72' lang='grc' dir='ltr'>εἰσὶν</span> <span class='ocrx_word' id='word_1_492' title='bbox 2766 3312 2871 3364; x_wconf 79' lang='grc' dir='ltr'><strong>ὑπὸ</strong></span> <span class='ocrx_word' id='word_1_493' title='bbox 2902 3312 3227 3380; x_wconf 83' lang='grc' dir='ltr'>ἁναθέματι,</span> <span class='ocrx_word' id='word_1_494' title='bbox 3283 3312 3331 3364; x_wconf 77' lang='lat' dir='ltr'><strong>oi</strong></span> <span class='ocrx_word' id='word_1_495' title='bbox 3360 3311 3414 3363; x_wconf 81' lang='grc' dir='ltr'><strong>δὲ</strong></span> <span class='ocrx_word' id='word_1_496' title='bbox 3463 3309 3619 3374; x_wconf 56' lang='lat' dir='ltr'><strong>(Sat.</strong></span> <span class='ocrx_word' id='word_1_497' title='bbox 3671 3329 3767 3365; x_wconf 76' lang='grc' dir='ltr'><strong>και</strong></span> 
     </span>
    </p>
   </div>
   <div class='ocr_carea' id='block_1_70' title="bbox 2147 3403 3767 3474">
    <p class='ocr_par' dir='ltr' id='par_1_70' title="bbox 2147 3403 3767 3474">
     <span class='ocr_line' id='line_1_70' title="bbox 2147 3403 3767 3474; baseline 0.001 -20"><span class='ocrx_word' id='word_1_498' title='bbox 2147 3405 2540 3473; x_wconf 73' lang='grc' dir='ltr'>,εὑρίσκονται</span> <span class='ocrx_word' id='word_1_499' title='bbox 2591 3405 2732 3457; x_wconf 74' lang='grc' dir='ltr'><strong>κατᾶ</strong></span> <span class='ocrx_word' id='word_1_500' title='bbox 2812 3406 2914 3474; x_wconf 82' lang='grc' dir='ltr'><strong>τὴν</strong></span> <span class='ocrx_word' id='word_1_501' title='bbox 2964 3405 3412 3474; x_wconf 72' lang='grc' dir='ltr'>Δίγυπτον,’καὶ</span> <span class='ocrx_word' id='word_1_502' title='bbox 3472 3403 3767 3457; x_wconf 57' lang='grc' dir='ltr'>καλοῦνται</span> 
     </span>
    </p>
   </div>
   <div class='ocr_carea' id='block_1_71' title="bbox 2204 3494 3769 3566">
    <p class='ocr_par' dir='ltr' id='par_1_71' title="bbox 2204 3494 3769 3566">
     <span class='ocr_line' id='line_1_71' title="bbox 2204 3494 3769 3566; baseline -0.001 -18"><span class='ocrx_word' id='word_1_503' title='bbox 2204 3494 2497 3566; x_wconf 76' lang='grc' dir='ltr'>’Δρειανοὶ,</span> <span class='ocrx_word' id='word_1_504' title='bbox 2522 3499 2616 3548; x_wconf 76' lang='grc' dir='ltr'>καὶ</span> <span class='ocrx_word' id='word_1_505' title='bbox 2659 3495 2993 3558; x_wconf 78' lang='grc' dir='ltr'>’1ακω6ἶται,</span> <span class='ocrx_word' id='word_1_506' title='bbox 3026 3498 3122 3550; x_wconf 78' lang='grc' dir='ltr'><strong>καὶ</strong></span> <span class='ocrx_word' id='word_1_507' title='bbox 3160 3496 3528 3562; x_wconf 81' lang='grc' dir='ltr'>Νεστοριανοί.</span> <span class='ocrx_word' id='word_1_508' title='bbox 3600 3496 3769 3564; x_wconf 77' lang='grc' dir='ltr'>Ἐρω-</span> 
     </span>
    </p>
   </div>
   <div class='ocr_carea' id='block_1_72' title="bbox 510 3588 3765 3667">
    <p class='ocr_par' dir='ltr' id='par_1_72' title="bbox 510 3588 3765 3667">
     <span class='ocr_line' id='line_1_72' title="bbox 510 3588 3765 3667; baseline -0.002 -20"><span class='ocrx_word' id='word_1_509' title='bbox 510 3595 836 3666; x_wconf 81' lang='grc' dir='ltr'>τηθήτωσαν</span> <span class='ocrx_word' id='word_1_510' title='bbox 903 3595 1084 3650; x_wconf 79' lang='grc' dir='ltr'>τοίνυν</span> <span class='ocrx_word' id='word_1_511' title='bbox 1127 3588 1299 3661; x_wconf 73' lang='grc' dir='ltr'>οὗτοι,</span> <span class='ocrx_word' id='word_1_512' title='bbox 1341 3597 1436 3649; x_wconf 81' lang='grc' dir='ltr'>καὶ</span> <span class='ocrx_word' id='word_1_513' title='bbox 1501 3596 1790 3667; x_wconf 73' lang='grc' dir='ltr'><strong>μέλλουσιν</strong></span> <span class='ocrx_word' id='word_1_514' title='bbox 1864 3595 2219 3667; x_wconf 71' lang='grc' dir='ltr'>ὁμολογήσειν</span> <span class='ocrx_word' id='word_1_515' title='bbox 2257 3596 2354 3667; x_wconf 78' lang='grc' dir='ltr'>τὴν</span> <span class='ocrx_word' id='word_1_516' title='bbox 2390 3595 2571 3647; x_wconf 78' lang='grc' dir='ltr'>πᾶσαν</span> <span class='ocrx_word' id='word_1_517' title='bbox 2633 3594 2912 3665; x_wconf 78' lang='grc' dir='ltr'>ἀλήθειαν,</span> <span class='ocrx_word' id='word_1_518' title='bbox 2951 3593 3032 3645; x_wconf 86' lang='grc' dir='ltr'>ὅτι</span> <span class='ocrx_word' id='word_1_519' title='bbox 3091 3590 3265 3654; x_wconf 74' lang='grc' dir='ltr'>οὓτως</span> <span class='ocrx_word' id='word_1_520' title='bbox 3335 3594 3482 3643; x_wconf 75' lang='grc' dir='ltr'>ἐστὶν</span> <span class='ocrx_word' id='word_1_521' title='bbox 3530 3591 3765 3661; x_wconf 74' lang='grc' dir='ltr'>ἔξαρχῆς</span> 
     </span>
    </p>
   </div>
   <div class='ocr_carea' id='block_1_73' title="bbox 507 3691 2397 3762">
    <p class='ocr_par' dir='ltr' id='par_1_73' title="bbox 507 3691 2397 3762">
     <span class='ocr_line' id='line_1_73' title="bbox 507 3691 2397 3762; baseline -0.001 -18"><span class='ocrx_word' id='word_1_522' title='bbox 507 3693 570 3746; x_wconf 82' lang='grc' dir='ltr'><strong>τὸ</strong></span> <span class='ocrx_word' id='word_1_523' title='bbox 601 3691 935 3760; x_wconf 83' lang='grc' dir='ltr'>Εὐαγγέλιον</span> <span class='ocrx_word' id='word_1_524' title='bbox 961 3691 1363 3761; x_wconf 76' lang='grc' dir='ltr'>γεγραμμένον,</span> <span class='ocrx_word' id='word_1_525' title='bbox 1395 3692 1471 3753; x_wconf 85' lang='grc' dir='ltr'><strong>ὡς</strong></span> <span class='ocrx_word' id='word_1_526' title='bbox 1499 3691 1820 3762; x_wconf 84' lang='grc' dir='ltr'>εὑρίσκεται</span> <span class='ocrx_word' id='word_1_527' title='bbox 1857 3691 1951 3743; x_wconf 79' lang='lat' dir='ltr'><strong>xa&#39;t</strong></span> <span class='ocrx_word' id='word_1_528' title='bbox 1989 3694 2090 3759; x_wconf 68' lang='grc' dir='ltr'>τὴν</span> <span class='ocrx_word' id='word_1_529' title='bbox 2132 3693 2397 3761; x_wconf 72' lang='grc' dir='ltr'>σήμερον.</span> 
     </span>
    </p>
   </div>
   <div class='ocr_carea' id='block_1_74' title="bbox 582 3785 2088 3856">
    <p class='ocr_par' dir='ltr' id='par_1_74' title="bbox 582 3785 2088 3856">
     <span class='ocr_line' id='line_1_74' title="bbox 582 3785 2088 3856; baseline 0.001 -15"><span class='ocrx_word' id='word_1_530' title='bbox 582 3786 637 3841; x_wconf 83' lang='grc'><strong>9.</strong></span> <span class='ocrx_word' id='word_1_531' title='bbox 663 3785 857 3841; x_wconf 87' lang='lat' dir='ltr'><strong>Dicitis</strong></span> <span class='ocrx_word' id='word_1_532' title='bbox 904 3798 1193 3856; x_wconf 70' lang='lat' dir='ltr'><strong>prieterea,</strong></span> <span class='ocrx_word' id='word_1_533' title='bbox 1242 3788 1584 3843; x_wconf 78' lang='lat' dir='ltr'><strong>Christianus</strong></span> <span class='ocrx_word' id='word_1_534' title='bbox 1612 3790 1666 3843; x_wconf 92' lang='lat' dir='ltr'><strong>in</strong></span> <span class='ocrx_word' id='word_1_535' title='bbox 1707 3797 1820 3841; x_wconf 88' lang='lat' dir='ltr'><strong>tres</strong></span> <span class='ocrx_word' id='word_1_536' title='bbox 1862 3786 2088 3843; x_wconf 84' lang='lat' dir='ltr'><strong>credere</strong></span> 
     </span>
    </p>
   </div>
   <div class='ocr_carea' id='block_1_75' title="bbox 507 3876 2086 3949">
    <p class='ocr_par' dir='ltr' id='par_1_75' title="bbox 507 3876 2086 3949">
     <span class='ocr_line' id='line_1_75' title="bbox 507 3876 2086 3949; baseline -0.002 -16"><span class='ocrx_word' id='word_1_537' title='bbox 507 3893 796 3949; x_wconf 87' lang='lat' dir='ltr'><strong>personas,</strong></span> <span class='ocrx_word' id='word_1_538' title='bbox 831 3876 1069 3944; x_wconf 85' lang='lat' dir='ltr'><strong>Patrem,</strong></span> <span class='ocrx_word' id='word_1_539' title='bbox 1118 3879 1343 3933; x_wconf 75' lang='lat' dir='ltr'><strong>Matrem</strong></span> <span class='ocrx_word' id='word_1_540' title='bbox 1379 3888 1436 3933; x_wconf 90' lang='lat' dir='ltr'><strong>et</strong></span> <span class='ocrx_word' id='word_1_541' title='bbox 1474 3877 1695 3931; x_wconf 87' lang='lat' dir='ltr'><strong>Filium.</strong></span> <span class='ocrx_word' id='word_1_542' title='bbox 1726 3879 1793 3932; x_wconf 84' lang='lat' dir='ltr'><strong>Et</strong></span> <span class='ocrx_word' id='word_1_543' title='bbox 1824 3878 2086 3947; x_wconf 86' lang='lat' dir='ltr'><strong>quoniam</strong></span> 
     </span>
    </p>
   </div>
   <div class='ocr_carea' id='block_1_76' title="bbox 510 3970 2082 4040">
    <p class='ocr_par' dir='ltr' id='par_1_76' title="bbox 510 3970 2082 4040">
     <span class='ocr_line' id='line_1_76' title="bbox 510 3970 2082 4040; baseline -0.002 -16"><span class='ocrx_word' id='word_1_544' title='bbox 510 3971 565 4025; x_wconf 91' lang='lat' dir='ltr'><strong>in</strong></span> <span class='ocrx_word' id='word_1_545' title='bbox 606 3970 863 4025; x_wconf 89' lang='lat' dir='ltr'><strong>omnibus</strong></span> <span class='ocrx_word' id='word_1_546' title='bbox 891 3986 1012 4040; x_wconf 72' lang='lat' dir='ltr'><strong>qua:</strong></span> <span class='ocrx_word' id='word_1_547' title='bbox 1035 3970 1477 4025; x_wconf 87' lang='lat' dir='ltr'><strong>Christianorum</strong></span> <span class='ocrx_word' id='word_1_548' title='bbox 1525 3973 1777 4040; x_wconf 81' lang='lat' dir='ltr'><strong>dogmata</strong></span> <span class='ocrx_word' id='word_1_549' title='bbox 1811 3979 2082 4038; x_wconf 86' lang='lat' dir='ltr'><strong>spectant,</strong></span> 
     </span>
    </p>
   </div>
   <div class='ocr_carea' id='block_1_77' title="bbox 507 4060 2083 4132">
    <p class='ocr_par' dir='ltr' id='par_1_77' title="bbox 507 4060 2083 4132">
     <span class='ocr_line' id='line_1_77' title="bbox 507 4060 2083 4132; baseline -0.001 -17"><span class='ocrx_word' id='word_1_550' title='bbox 507 4060 767 4132; x_wconf 72' lang='lat' dir='ltr'><strong>profanus</strong></span> <span class='ocrx_word' id='word_1_551' title='bbox 794 4077 876 4127; x_wconf 85' lang='lat' dir='ltr'><strong>es,</strong></span> <span class='ocrx_word' id='word_1_552' title='bbox 920 4072 978 4116; x_wconf 89' lang='lat' dir='ltr'><strong>ut</strong></span> <span class='ocrx_word' id='word_1_553' title='bbox 1023 4062 1076 4115; x_wconf 91' lang='lat' dir='ltr'><strong>in</strong></span> <span class='ocrx_word' id='word_1_554' title='bbox 1109 4063 1254 4126; x_wconf 81' lang='lat' dir='ltr'><strong>aliis,</strong></span> <span class='ocrx_word' id='word_1_555' title='bbox 1289 4064 1370 4117; x_wconf 89' lang='lat' dir='ltr'><strong>sic</strong></span> <span class='ocrx_word' id='word_1_556' title='bbox 1402 4063 1565 4116; x_wconf 86' lang='lat' dir='ltr'><strong>etiam</strong></span> <span class='ocrx_word' id='word_1_557' title='bbox 1614 4062 1702 4116; x_wconf 89' lang='lat' dir='ltr'><strong>hic</strong></span> <span class='ocrx_word' id='word_1_558' title='bbox 1756 4074 1927 4115; x_wconf 84' lang='lat' dir='ltr'><strong>erras.</strong></span> <span class='ocrx_word' id='word_1_559' title='bbox 1978 4060 2083 4114; x_wconf 86' lang='lat' dir='ltr'><strong>Sed</strong></span> 
     </span>
    </p>
   </div>
   <div class='ocr_carea' id='block_1_78' title="bbox 506 4149 2085 4221">
    <p class='ocr_par' dir='ltr' id='par_1_78' title="bbox 506 4149 2085 4221">
     <span class='ocr_line' id='line_1_78' title="bbox 506 4149 2085 4221; baseline 0 -18"><span class='ocrx_word' id='word_1_560' title='bbox 506 4152 655 4205; x_wconf 89' lang='lat' dir='ltr'><strong>audi.</strong></span> <span class='ocrx_word' id='word_1_561' title='bbox 685 4149 794 4207; x_wconf 84' lang='lat' dir='ltr'><strong>Nos</strong></span> <span class='ocrx_word' id='word_1_562' title='bbox 824 4151 1100 4221; x_wconf 85' lang='lat' dir='ltr'><strong>equidem.</strong></span> <span class='ocrx_word' id='word_1_563' title='bbox 1129 4169 1218 4220; x_wconf 68' lang='lat' dir='ltr'><strong>qua</strong></span> <span class='ocrx_word' id='word_1_564' title='bbox 1242 4152 1521 4208; x_wconf 88' lang='lat' dir='ltr'><strong>Christum</strong></span> <span class='ocrx_word' id='word_1_565' title='bbox 1548 4152 1888 4219; x_wconf 82' lang='lat' dir='ltr'><strong>proﬁtemur,</strong></span> <span class='ocrx_word' id='word_1_566' title='bbox 1916 4166 2085 4204; x_wconf 90' lang='lat' dir='ltr'><strong>unum</strong></span> 
     </span>
    </p>
   </div>
   <div class='ocr_carea' id='block_1_79' title="bbox 507 4242 2089 4308">
    <p class='ocr_par' dir='ltr' id='par_1_79' title="bbox 507 4242 2089 4308">
     <span class='ocr_line' id='line_1_79' title="bbox 507 4242 2089 4308; baseline -0.001 -10"><span class='ocrx_word' id='word_1_567' title='bbox 507 4245 680 4298; x_wconf 73' lang='lat' dir='ltr'><strong>Deum</strong></span> <span class='ocrx_word' id='word_1_568' title='bbox 715 4244 1031 4308; x_wconf 87' lang='lat' dir='ltr'><strong>adoramus,</strong></span> <span class='ocrx_word' id='word_1_569' title='bbox 1063 4256 1369 4298; x_wconf 84' lang='lat' dir='ltr'><strong>creatorem</strong></span> <span class='ocrx_word' id='word_1_570' title='bbox 1401 4244 1672 4306; x_wconf 88' lang='lat' dir='ltr'><strong>omnium,</strong></span> <span class='ocrx_word' id='word_1_571' title='bbox 1703 4242 2003 4295; x_wconf 78' lang='lat' dir='ltr'><strong>visibilium</strong></span> <span class='ocrx_word' id='word_1_572' title='bbox 2030 4253 2089 4297; x_wconf 88' lang='lat' dir='ltr'><strong>et</strong></span> 
     </span>
    </p>
   </div>
   <div class='ocr_carea' id='block_1_80' title="bbox 506 4333 2087 4407">
    <p class='ocr_par' dir='ltr' id='par_1_80' title="bbox 506 4333 2087 4407">
     <span class='ocr_line' id='line_1_80' title="bbox 506 4333 2087 4407; baseline -0.001 -18"><span class='ocrx_word' id='word_1_573' title='bbox 506 4337 863 4392; x_wconf 84' lang='lat' dir='ltr'><strong>iuvisibilium</strong></span> <span class='ocrx_word' id='word_1_574' title='bbox 900 4354 915 4391; x_wconf 86' lang='lat'><strong>:</strong></span> <span class='ocrx_word' id='word_1_575' title='bbox 950 4337 1222 4407; x_wconf 83' lang='lat' dir='ltr'><strong>hujusque</strong></span> <span class='ocrx_word' id='word_1_576' title='bbox 1273 4336 1511 4392; x_wconf 85' lang='lat' dir='ltr'><strong>Verbum</strong></span> <span class='ocrx_word' id='word_1_577' title='bbox 1558 4343 1612 4388; x_wconf 80' lang='lat' dir='ltr'><strong>et</strong></span> <span class='ocrx_word' id='word_1_578' title='bbox 1659 4333 1877 4396; x_wconf 82' lang='lat' dir='ltr'><strong>Filium,</strong></span> <span class='ocrx_word' id='word_1_579' title='bbox 1928 4334 2087 4390; x_wconf 85' lang='lat' dir='ltr'><strong>Chri-</strong></span> 
     </span>
    </p>
   </div>
   <div class='ocr_carea' id='block_1_81' title="bbox 504 4427 2080 4490">
    <p class='ocr_par' dir='ltr' id='par_1_81' title="bbox 504 4427 2080 4490">
     <span class='ocr_line' id='line_1_81' title="bbox 504 4427 2080 4490; baseline -0.001 -11"><span class='ocrx_word' id='word_1_580' title='bbox 504 4437 647 4480; x_wconf 86' lang='lat' dir='ltr'><strong>stum</strong></span> <span class='ocrx_word' id='word_1_581' title='bbox 680 4428 911 4482; x_wconf 85' lang='lat' dir='ltr'><strong>scilicet.</strong></span> <span class='ocrx_word' id='word_1_582' title='bbox 958 4427 1083 4481; x_wconf 79' lang='lat' dir='ltr'><strong>llacc</strong></span> <span class='ocrx_word' id='word_1_583' title='bbox 1115 4443 1242 4480; x_wconf 85' lang='lat' dir='ltr'><strong>vera</strong></span> <span class='ocrx_word' id='word_1_584' title='bbox 1292 4434 1442 4490; x_wconf 90' lang='lat' dir='ltr'><strong>sunt,</strong></span> <span class='ocrx_word' id='word_1_585' title='bbox 1477 4441 1580 4480; x_wconf 90' lang='lat' dir='ltr'><strong>nec</strong></span> <span class='ocrx_word' id='word_1_586' title='bbox 1608 4427 1875 4480; x_wconf 89' lang='lat' dir='ltr'><strong>sentimus</strong></span> <span class='ocrx_word' id='word_1_587' title='bbox 1903 4427 2080 4480; x_wconf 76' lang='lat' dir='ltr'><strong>aliter.</strong></span> 
     </span>
    </p>
   </div>
   <div class='ocr_carea' id='block_1_82' title="bbox 2273 3785 3756 3856">
    <p class='ocr_par' dir='ltr' id='par_1_82' title="bbox 2273 3785 3756 3856">
     <span class='ocr_line' id='line_1_82' title="bbox 2273 3785 3756 3856; baseline -0.001 -16"><span class='ocrx_word' id='word_1_588' title='bbox 2273 3785 2361 3840; x_wconf 72' lang='grc' dir='ltr'><strong>ιϐ’.</strong></span> <span class='ocrx_word' id='word_1_589' title='bbox 2386 3785 2613 3851; x_wconf 77' lang='grc' dir='ltr'>Λέγετε,</span> <span class='ocrx_word' id='word_1_590' title='bbox 2647 3786 2729 3837; x_wconf 73' lang='grc' dir='ltr'>ὅτι</span> <span class='ocrx_word' id='word_1_591' title='bbox 2752 3785 3082 3854; x_wconf 82' lang='grc' dir='ltr'>πιστεύομεν</span> <span class='ocrx_word' id='word_1_592' title='bbox 3106 3787 3157 3839; x_wconf 83' lang='grc' dir='ltr'>οἱ</span> <span class='ocrx_word' id='word_1_593' title='bbox 3179 3786 3497 3855; x_wconf 78' lang='grc' dir='ltr'>Χριστιανοὶ</span> <span class='ocrx_word' id='word_1_594' title='bbox 3529 3788 3607 3849; x_wconf 77' lang='grc' dir='ltr'><strong>εἰς</strong></span> <span class='ocrx_word' id='word_1_595' title='bbox 3638 3788 3756 3856; x_wconf 68' lang='grc' dir='ltr'>τρῖα</span> 
     </span>
    </p>
   </div>
   <div class='ocr_carea' id='block_1_83' title="bbox 2197 3878 3747 3951">
    <p class='ocr_par' dir='ltr' id='par_1_83' title="bbox 2197 3878 3747 3951">
     <span class='ocr_line' id='line_1_83' title="bbox 2197 3878 3747 3951; baseline -0.003 -20"><span class='ocrx_word' id='word_1_596' title='bbox 2197 3879 2584 3949; x_wconf 77' lang='grc' dir='ltr'>πρόσωπα,είς</span> <span class='ocrx_word' id='word_1_597' title='bbox 2617 3878 2859 3947; x_wconf 84' lang='grc' dir='ltr'>Πατέρα,</span> <span class='ocrx_word' id='word_1_598' title='bbox 2901 3878 3154 3947; x_wconf 74' lang='grc' dir='ltr'>Μητέρα,</span> <span class='ocrx_word' id='word_1_599' title='bbox 3188 3881 3284 3951; x_wconf 75' lang='grc' dir='ltr'><strong>καὶ</strong></span> <span class='ocrx_word' id='word_1_600' title='bbox 3316 3879 3466 3933; x_wconf 84' lang='grc' dir='ltr'>Υίόν.</span> <span class='ocrx_word' id='word_1_601' title='bbox 3498 3880 3598 3932; x_wconf 80' lang='grc' dir='ltr'>Καὶ</span> <span class='ocrx_word' id='word_1_602' title='bbox 3630 3882 3747 3929; x_wconf 73' lang='grc' dir='ltr'>ἐπεὶ</span> 
     </span>
    </p>
   </div>
   <div class='ocr_carea' id='block_1_84' title="bbox 2193 3968 3754 4041">
    <p class='ocr_par' dir='ltr' id='par_1_84' title="bbox 2193 3968 3754 4041">
     <span class='ocr_line' id='line_1_84' title="bbox 2193 3968 3754 4041; baseline -0.002 -19"><span class='ocrx_word' id='word_1_603' title='bbox 2193 3971 2272 4030; x_wconf 75' lang='grc' dir='ltr'><strong>είς</strong></span> <span class='ocrx_word' id='word_1_604' title='bbox 2300 3972 2369 4022; x_wconf 69' lang='grc' dir='ltr'><strong>τε</strong></span> <span class='ocrx_word' id='word_1_605' title='bbox 2400 3968 2510 4021; x_wconf 89' lang='grc' dir='ltr'><strong>τῶν</strong></span> <span class='ocrx_word' id='word_1_606' title='bbox 2543 3969 2887 4035; x_wconf 80' lang='grc' dir='ltr'>Χριστιανῶν</span> <span class='ocrx_word' id='word_1_607' title='bbox 2925 3971 3157 4041; x_wconf 77' lang='grc' dir='ltr'>εὑρίσκῃ</span> <span class='ocrx_word' id='word_1_608' title='bbox 3192 3971 3333 4023; x_wconf 79' lang='grc' dir='ltr'>κατὰ</span> <span class='ocrx_word' id='word_1_609' title='bbox 3375 3971 3550 4023; x_wconf 84' lang='grc' dir='ltr'>πάντα</span> <span class='ocrx_word' id='word_1_610' title='bbox 3580 3968 3754 4037; x_wconf 78' lang='grc' dir='ltr'>ἀμύη-</span> 
     </span>
    </p>
   </div>
   <div class='ocr_carea' id='block_1_85' title="bbox 2189 4059 3757 4130">
    <p class='ocr_par' dir='ltr' id='par_1_85' title="bbox 2189 4059 3757 4130">
     <span class='ocr_line' id='line_1_85' title="bbox 2189 4059 3757 4130; baseline 0.003 -18"><span class='ocrx_word' id='word_1_611' title='bbox 2189 4077 2301 4123; x_wconf 85' lang='grc' dir='ltr'>τος,</span> <span class='ocrx_word' id='word_1_612' title='bbox 2330 4059 2521 4130; x_wconf 83' lang='grc' dir='ltr'>ὥσπερ</span> <span class='ocrx_word' id='word_1_613' title='bbox 2574 4061 2669 4111; x_wconf 77' lang='grc' dir='ltr'><strong>ἐπὶ</strong></span> <span class='ocrx_word' id='word_1_614' title='bbox 2706 4060 2814 4112; x_wconf 87' lang='grc' dir='ltr'><strong>τῶν</strong></span> <span class='ocrx_word' id='word_1_615' title='bbox 2839 4061 3034 4122; x_wconf 77' lang='grc' dir='ltr'>ἄλλων,</span> <span class='ocrx_word' id='word_1_616' title='bbox 3062 4063 3329 4114; x_wconf 73' lang='grc' dir='ltr'>πλανᾶσαι</span> <span class='ocrx_word' id='word_1_617' title='bbox 3358 4064 3450 4114; x_wconf 75' lang='grc' dir='ltr'>καὶ</span> <span class='ocrx_word' id='word_1_618' title='bbox 3486 4063 3615 4126; x_wconf 74' lang='grc' dir='ltr'>περὶ</span> <span class='ocrx_word' id='word_1_619' title='bbox 3634 4061 3757 4116; x_wconf 69' lang='lat' dir='ltr'><strong>toti-</strong></span> 
     </span>
    </p>
   </div>
   <div class='ocr_carea' id='block_1_86' title="bbox 2183 4148 3761 4220">
    <p class='ocr_par' dir='ltr' id='par_1_86' title="bbox 2183 4148 3761 4220">
     <span class='ocr_line' id='line_1_86' title="bbox 2183 4148 3761 4220; baseline 0.001 -21"><span class='ocrx_word' id='word_1_620' title='bbox 2183 4164 2298 4201; x_wconf 89' lang='grc' dir='ltr'>του.</span> <span class='ocrx_word' id='word_1_621' title='bbox 2326 4148 2435 4201; x_wconf 72' lang='grc' dir='ltr'><strong>Καὶ</strong></span> <span class='ocrx_word' id='word_1_622' title='bbox 2471 4149 2704 4203; x_wconf 82' lang='grc' dir='ltr'>ἄκουσον</span> <span class='ocrx_word' id='word_1_623' title='bbox 2733 4150 2818 4202; x_wconf 80' lang='grc' dir='ltr'>ὅτι</span> <span class='ocrx_word' id='word_1_624' title='bbox 2862 4151 2958 4218; x_wconf 84' lang='grc' dir='ltr'><strong>μὲν</strong></span> <span class='ocrx_word' id='word_1_625' title='bbox 2983 4153 3141 4220; x_wconf 77' lang='grc' dir='ltr'>ἡμεῖς</span> <span class='ocrx_word' id='word_1_626' title='bbox 3163 4153 3212 4204; x_wconf 82' lang='grc' dir='ltr'>οἱ</span> <span class='ocrx_word' id='word_1_627' title='bbox 3249 4149 3564 4219; x_wconf 80' lang='grc' dir='ltr'>Χριστιανοὶ</span> <span class='ocrx_word' id='word_1_628' title='bbox 3591 4167 3761 4219; x_wconf 78' lang='grc' dir='ltr'>προσο</span> 
     </span>
    </p>
   </div>
   <div class='ocr_carea' id='block_1_87' title="bbox 2185 4238 3763 4312">
    <p class='ocr_par' dir='ltr' id='par_1_87' title="bbox 2185 4238 3763 4312">
     <span class='ocr_line' id='line_1_87' title="bbox 2185 4238 3763 4312; baseline 0.001 -21"><span class='ocrx_word' id='word_1_629' title='bbox 2185 4238 2458 4309; x_wconf 81' lang='grc' dir='ltr'>κυνοῢμεν</span> <span class='ocrx_word' id='word_1_630' title='bbox 2509 4240 2609 4294; x_wconf 78' lang='grc' dir='ltr'><strong>ἕνα</strong></span> <span class='ocrx_word' id='word_1_631' title='bbox 2633 4242 2785 4307; x_wconf 68' lang='grc' dir='ltr'>Θεὸν,</span> <span class='ocrx_word' id='word_1_632' title='bbox 2813 4242 2903 4295; x_wconf 76' lang='grc' dir='ltr'><strong>τὸν</strong></span> <span class='ocrx_word' id='word_1_633' title='bbox 2924 4243 3157 4312; x_wconf 78' lang='grc' dir='ltr'>ποιητὴν</span> <span class='ocrx_word' id='word_1_634' title='bbox 3188 4241 3426 4304; x_wconf 85' lang='grc' dir='ltr'>πάντων,</span> <span class='ocrx_word' id='word_1_635' title='bbox 3457 4240 3673 4312; x_wconf 82' lang='grc' dir='ltr'>ὁρατῶν</span> <span class='ocrx_word' id='word_1_636' title='bbox 3703 4256 3763 4292; x_wconf 88' lang='grc' dir='ltr'><strong>τε</strong></span> 
     </span>
    </p>
   </div>
   <div class='ocr_carea' id='block_1_88' title="bbox 2191 4331 3765 4401">
    <p class='ocr_par' dir='ltr' id='par_1_88' title="bbox 2191 4331 3765 4401">
     <span class='ocr_line' id='line_1_88' title="bbox 2191 4331 3765 4401; baseline -0.002 -18"><span class='ocrx_word' id='word_1_637' title='bbox 2191 4331 2286 4383; x_wconf 77' lang='grc' dir='ltr'>καὶ</span> <span class='ocrx_word' id='word_1_638' title='bbox 2323 4332 2594 4401; x_wconf 80' lang='grc' dir='ltr'>ἀοράτων,</span> <span class='ocrx_word' id='word_1_639' title='bbox 2651 4335 2740 4385; x_wconf 83' lang='grc' dir='ltr'>καὶ</span> <span class='ocrx_word' id='word_1_640' title='bbox 2787 4336 2878 4386; x_wconf 67' lang='grc' dir='ltr'><strong>τον</strong></span> <span class='ocrx_word' id='word_1_641' title='bbox 2923 4334 3115 4385; x_wconf 88' lang='grc' dir='ltr'>τούτου</span> <span class='ocrx_word' id='word_1_642' title='bbox 3158 4334 3285 4387; x_wconf 63' lang='grc' dir='ltr'>Υίὶν</span> <span class='ocrx_word' id='word_1_643' title='bbox 3328 4333 3421 4387; x_wconf 80' lang='grc' dir='ltr'><strong>καὶ</strong></span> <span class='ocrx_word' id='word_1_644' title='bbox 3450 4332 3644 4400; x_wconf 89' lang='grc' dir='ltr'>Λόγον,</span> <span class='ocrx_word' id='word_1_645' title='bbox 3673 4333 3765 4383; x_wconf 72' lang='grc' dir='ltr'>τὸι</span> 
     </span>
    </p>
   </div>
   <div class='ocr_carea' id='block_1_89' title="bbox 2191 4423 3768 4494">
    <p class='ocr_par' dir='ltr' id='par_1_89' title="bbox 2191 4423 3768 4494">
     <span class='ocr_line' id='line_1_89' title="bbox 2191 4423 3768 4494; baseline -0.001 -17"><span class='ocrx_word' id='word_1_646' title='bbox 2191 4423 2424 4494; x_wconf 75' lang='grc' dir='ltr'>Χριστὸν</span> <span class='ocrx_word' id='word_1_647' title='bbox 2453 4425 2730 4492; x_wconf 84' lang='grc' dir='ltr'>δηλονότι·</span> <span class='ocrx_word' id='word_1_648' title='bbox 2775 4427 2934 4479; x_wconf 82' lang='grc' dir='ltr'>τοῦτο</span> <span class='ocrx_word' id='word_1_649' title='bbox 2982 4427 3222 4480; x_wconf 82' lang='grc' dir='ltr'>τοιοῦτόν</span> <span class='ocrx_word' id='word_1_650' title='bbox 3248 4428 3385 4492; x_wconf 80' lang='grc' dir='ltr'>ἐστι,</span> <span class='ocrx_word' id='word_1_651' title='bbox 3414 4428 3509 4479; x_wconf 79' lang='grc' dir='ltr'>καὶ</span> <span class='ocrx_word' id='word_1_652' title='bbox 3536 4426 3637 4479; x_wconf 83' lang='grc' dir='ltr'><strong>οὐκ</strong></span> <span class='ocrx_word' id='word_1_653' title='bbox 3668 4426 3768 4479; x_wconf 65' lang='grc' dir='ltr'><strong>ἄλ-</strong></span> 
     </span>
    </p>
   </div>
   <div class='ocr_carea' id='block_1_90' title="bbox 504 4497 2086 4589">
    <p class='ocr_par' dir='ltr' id='par_1_90' title="bbox 504 4516 2081 4583">
     <span class='ocr_line' id='line_1_90' title="bbox 504 4516 2081 4583; baseline -0.001 -11"><span class='ocrx_word' id='word_1_654' title='bbox 504 4517 693 4572; x_wconf 88' lang='lat' dir='ltr'><strong>Taletu</strong></span> <span class='ocrx_word' id='word_1_655' title='bbox 725 4520 875 4572; x_wconf 91' lang='lat' dir='ltr'><strong>enim</strong></span> <span class='ocrx_word' id='word_1_656' title='bbox 924 4516 1070 4573; x_wconf 90' lang='lat' dir='ltr'><strong>hunc</strong></span> <span class='ocrx_word' id='word_1_657' title='bbox 1115 4518 1416 4583; x_wconf 86' lang='lat' dir='ltr'><strong>credimus,</strong></span> <span class='ocrx_word' id='word_1_658' title='bbox 1480 4527 1536 4571; x_wconf 91' lang='lat' dir='ltr'><strong>et</strong></span> <span class='ocrx_word' id='word_1_659' title='bbox 1582 4518 1839 4571; x_wconf 78' lang='lat' dir='ltr'><strong>fatemur.</strong></span> <span class='ocrx_word' id='word_1_660' title='bbox 1895 4518 2081 4572; x_wconf 84' lang='lat' dir='ltr'><strong>Divam</strong></span> 
     </span>
    </p>
   </div>
   <div class='ocr_carea' id='block_1_91' title="bbox 2190 4497 3766 4589">
    <p class='ocr_par' dir='ltr' id='par_1_91' title="bbox 2190 4497 3766 4589">
     <span class='ocr_line' id='line_1_91' title="bbox 2190 4497 3766 4589; baseline 0 -20"><span class='ocrx_word' id='word_1_661' title='bbox 2190 4518 2314 4581; x_wconf 82' lang='grc' dir='ltr'>λως.</span> <span class='ocrx_word' id='word_1_662' title='bbox 2352 4518 2462 4570; x_wconf 81' lang='grc' dir='ltr'>Καὶ</span> <span class='ocrx_word' id='word_1_663' title='bbox 2503 4519 2830 4589; x_wconf 82' lang='grc' dir='ltr'>π.στεύομεν</span> <span class='ocrx_word' id='word_1_664' title='bbox 2866 4519 2961 4573; x_wconf 81' lang='grc' dir='ltr'><strong>καὶ</strong></span> <span class='ocrx_word' id='word_1_665' title='bbox 3010 4497 3378 4588; x_wconf 70' lang='grc' dir='ltr'>ὁμολογοῦμεν</span> <span class='ocrx_word' id='word_1_666' title='bbox 3424 4520 3609 4573; x_wconf 86' lang='grc' dir='ltr'>αὐτόν.</span> <span class='ocrx_word' id='word_1_667' title='bbox 3651 4519 3766 4583; x_wconf 70' lang='grc' dir='ltr'><strong>Τὴν</strong></span> 
     </span>
    </p>
   </div>
   <div class='ocr_carea' id='block_1_92' title="bbox 503 4607 2075 4679">
    <p class='ocr_par' dir='ltr' id='par_1_92' title="bbox 503 4607 2075 4679">
     <span class='ocr_line' id='line_1_92' title="bbox 503 4607 2075 4679; baseline -0.001 -17"><span class='ocrx_word' id='word_1_668' title='bbox 503 4624 637 4663; x_wconf 86' lang='lat' dir='ltr'><strong>vero</strong></span> <span class='ocrx_word' id='word_1_669' title='bbox 677 4608 953 4679; x_wconf 70' lang='lat' dir='ltr'><strong>Virginem</strong></span> <span class='ocrx_word' id='word_1_670' title='bbox 985 4608 1229 4667; x_wconf 77' lang='lat' dir='ltr'><strong>Mariam,</strong></span> <span class='ocrx_word' id='word_1_671' title='bbox 1269 4616 1574 4662; x_wconf 86' lang='lat' dir='ltr'><strong>creaturam</strong></span> <span class='ocrx_word' id='word_1_672' title='bbox 1620 4607 1716 4662; x_wconf 79' lang='lat' dir='ltr'><strong>Dei</strong></span> <span class='ocrx_word' id='word_1_673' title='bbox 1743 4607 2075 4675; x_wconf 73' lang='lat' dir='ltr'><strong>iudicamus,</strong></span> 
     </span>
    </p>
   </div>
   <div class='ocr_carea' id='block_1_93' title="bbox 503 4695 2076 4762">
    <p class='ocr_par' dir='ltr' id='par_1_93' title="bbox 503 4695 2076 4762">
     <span class='ocr_line' id='line_1_93' title="bbox 503 4695 2076 4762; baseline 0 -11"><span class='ocrx_word' id='word_1_674' title='bbox 503 4706 561 4751; x_wconf 87' lang='lat' dir='ltr'><strong>et</strong></span> <span class='ocrx_word' id='word_1_675' title='bbox 597 4697 690 4752; x_wconf 85' lang='lat' dir='ltr'><strong>Dei</strong></span> <span class='ocrx_word' id='word_1_676' title='bbox 729 4697 1002 4751; x_wconf 73' lang='lat' dir='ltr'><strong>ani-illam.</strong></span> <span class='ocrx_word' id='word_1_677' title='bbox 1034 4695 1321 4751; x_wconf 86' lang='lat' dir='ltr'><strong>Credimus</strong></span> <span class='ocrx_word' id='word_1_678' title='bbox 1373 4704 1577 4758; x_wconf 87' lang='lat' dir='ltr'><strong>autem,</strong></span> <span class='ocrx_word' id='word_1_679' title='bbox 1628 4708 1686 4752; x_wconf 89' lang='lat' dir='ltr'><strong>et</strong></span> <span class='ocrx_word' id='word_1_680' title='bbox 1729 4697 2076 4762; x_wconf 77' lang='lat' dir='ltr'><strong>conﬁtemur,</strong></span> 
     </span>
    </p>
   </div>
   <div class='ocr_carea' id='block_1_94' title="bbox 503 4787 2079 4857">
    <p class='ocr_par' dir='ltr' id='par_1_94' title="bbox 503 4787 2079 4857">
     <span class='ocr_line' id='line_1_94' title="bbox 503 4787 2079 4857; baseline 0.002 -17"><span class='ocrx_word' id='word_1_681' title='bbox 503 4788 650 4857; x_wconf 83' lang='lat' dir='ltr'><strong>quod</strong></span> <span class='ocrx_word' id='word_1_682' title='bbox 681 4787 811 4843; x_wconf 91' lang='lat' dir='ltr'><strong>huic</strong></span> <span class='ocrx_word' id='word_1_683' title='bbox 841 4788 1039 4843; x_wconf 86' lang='lat' dir='ltr'><strong>similis</strong></span> <span class='ocrx_word' id='word_1_684' title='bbox 1065 4788 1229 4840; x_wconf 89' lang='lat' dir='ltr'><strong>homo</strong></span> <span class='ocrx_word' id='word_1_685' title='bbox 1267 4802 1368 4839; x_wconf 89' lang='lat' dir='ltr'><strong>nec</strong></span> <span class='ocrx_word' id='word_1_686' title='bbox 1399 4795 1559 4841; x_wconf 90' lang='lat' dir='ltr'><strong>natus</strong></span> <span class='ocrx_word' id='word_1_687' title='bbox 1580 4790 1672 4847; x_wconf 83' lang='lat' dir='ltr'><strong>sit.</strong></span> <span class='ocrx_word' id='word_1_688' title='bbox 1705 4802 1806 4842; x_wconf 87' lang='lat' dir='ltr'><strong>nec</strong></span> <span class='ocrx_word' id='word_1_689' title='bbox 1853 4789 2079 4856; x_wconf 84' lang='lat' dir='ltr'><strong>posthac</strong></span> 
     </span>
    </p>
   </div>
   <div class='ocr_carea' id='block_1_95' title="bbox 504 4878 2081 4945">
    <p class='ocr_par' dir='ltr' id='par_1_95' title="bbox 504 4878 2081 4945">
     <span class='ocr_line' id='line_1_95' title="bbox 504 4878 2081 4945; baseline -0.003 -12"><span class='ocrx_word' id='word_1_690' title='bbox 504 4896 574 4945; x_wconf 64' lang='lat' dir='ltr'><strong>cit</strong></span> <span class='ocrx_word' id='word_1_691' title='bbox 601 4878 726 4932; x_wconf 87' lang='lat' dir='ltr'><strong>viro</strong></span> <span class='ocrx_word' id='word_1_692' title='bbox 775 4887 832 4933; x_wconf 89' lang='lat' dir='ltr'><strong>et</strong></span> <span class='ocrx_word' id='word_1_693' title='bbox 878 4878 1108 4932; x_wconf 86' lang='lat' dir='ltr'><strong>muliere</strong></span> <span class='ocrx_word' id='word_1_694' title='bbox 1143 4879 1456 4930; x_wconf 84' lang='lat' dir='ltr'><strong>nasciturus</strong></span> <span class='ocrx_word' id='word_1_695' title='bbox 1494 4893 1665 4945; x_wconf 77' lang='lat' dir='ltr'><strong>usque</strong></span> <span class='ocrx_word' id='word_1_696' title='bbox 1712 4879 1778 4931; x_wconf 84' lang='lat' dir='ltr'><strong>ad</strong></span> <span class='ocrx_word' id='word_1_697' title='bbox 1826 4892 2081 4932; x_wconf 86' lang='lat' dir='ltr'><strong>consum-</strong></span> 
     </span>
    </p>
   </div>
   <div class='ocr_carea' id='block_1_96' title="bbox 506 4967 2079 5036">
    <p class='ocr_par' dir='ltr' id='par_1_96' title="bbox 506 4967 2079 5036">
     <span class='ocr_line' id='line_1_96' title="bbox 506 4967 2079 5036; baseline -0.003 -12"><span class='ocrx_word' id='word_1_698' title='bbox 506 4972 800 5024; x_wconf 85' lang='lat' dir='ltr'><strong>mationem</strong></span> <span class='ocrx_word' id='word_1_699' title='bbox 852 4969 1055 5022; x_wconf 70' lang='lat' dir='ltr'><strong>saeculi.</strong></span> <span class='ocrx_word' id='word_1_700' title='bbox 1096 4968 1164 5023; x_wconf 87' lang='lat' dir='ltr'><strong>Et</strong></span> <span class='ocrx_word' id='word_1_701' title='bbox 1195 4967 1495 5021; x_wconf 85' lang='lat' dir='ltr'><strong>secundum</strong></span> <span class='ocrx_word' id='word_1_702' title='bbox 1527 4968 1821 5031; x_wconf 77' lang='lat' dir='ltr'><strong>humanam</strong></span> <span class='ocrx_word' id='word_1_703' title='bbox 1856 4967 2079 5036; x_wconf 83' lang='lat' dir='ltr'><strong>quidem</strong></span> 
     </span>
    </p>
   </div>
   <div class='ocr_carea' id='block_1_97' title="bbox 507 5060 2079 5130">
    <p class='ocr_par' dir='ltr' id='par_1_97' title="bbox 507 5060 2079 5130">
     <span class='ocr_line' id='line_1_97' title="bbox 507 5060 2079 5130; baseline -0.001 -14"><span class='ocrx_word' id='word_1_704' title='bbox 507 5072 783 5125; x_wconf 87' lang='lat' dir='ltr'><strong>naturam,</strong></span> <span class='ocrx_word' id='word_1_705' title='bbox 811 5076 933 5115; x_wconf 88' lang='lat' dir='ltr'><strong>eam</strong></span> <span class='ocrx_word' id='word_1_706' title='bbox 989 5061 1198 5129; x_wconf 83' lang='lat' dir='ltr'><strong>angelis</strong></span> <span class='ocrx_word' id='word_1_707' title='bbox 1244 5060 1559 5115; x_wconf 77' lang='lat' dir='ltr'><strong>interiorem</strong></span> <span class='ocrx_word' id='word_1_708' title='bbox 1593 5075 1714 5115; x_wconf 81' lang='lat' dir='ltr'><strong>esse</strong></span> <span class='ocrx_word' id='word_1_709' title='bbox 1746 5061 2079 5130; x_wconf 86' lang='lat' dir='ltr'><strong>judicamus,</strong></span> 
     </span>
    </p>
   </div>
   <div class='ocr_carea' id='block_1_98' title="bbox 510 5150 2076 5222">
    <p class='ocr_par' dir='ltr' id='par_1_98' title="bbox 510 5150 2076 5222">
     <span class='ocr_line' id='line_1_98' title="bbox 510 5150 2076 5222; baseline -0.003 -14"><span class='ocrx_word' id='word_1_710' title='bbox 510 5166 763 5222; x_wconf 86' lang='lat' dir='ltr'><strong>tanquam</strong></span> <span class='ocrx_word' id='word_1_711' title='bbox 790 5152 1096 5215; x_wconf 77' lang='lat' dir='ltr'><strong>hominem;</strong></span> <span class='ocrx_word' id='word_1_712' title='bbox 1131 5150 1338 5205; x_wconf 86' lang='lat' dir='ltr'><strong>honore</strong></span> <span class='ocrx_word' id='word_1_713' title='bbox 1371 5161 1555 5205; x_wconf 84' lang='lat' dir='ltr'><strong>autem</strong></span> <span class='ocrx_word' id='word_1_714' title='bbox 1604 5161 1660 5205; x_wconf 93' lang='lat' dir='ltr'><strong>et</strong></span> <span class='ocrx_word' id='word_1_715' title='bbox 1690 5153 2076 5215; x_wconf 83' lang='lat' dir='ltr'><strong>sanctimonia,</strong></span> 
     </span>
    </p>
   </div>
   <div class='ocr_carea' id='block_1_99' title="bbox 508 5240 2083 5312">
    <p class='ocr_par' dir='ltr' id='par_1_99' title="bbox 508 5240 2083 5312">
     <span class='ocr_line' id='line_1_99' title="bbox 508 5240 2083 5312; baseline 0.001 -16"><span class='ocrx_word' id='word_1_716' title='bbox 508 5245 681 5312; x_wconf 86' lang='lat' dir='ltr'><strong>ipsam</strong></span> <span class='ocrx_word' id='word_1_717' title='bbox 743 5243 1002 5296; x_wconf 89' lang='lat' dir='ltr'><strong>omnibus</strong></span> <span class='ocrx_word' id='word_1_718' title='bbox 1054 5242 1263 5311; x_wconf 83' lang='lat' dir='ltr'><strong>angelis</strong></span> <span class='ocrx_word' id='word_1_719' title='bbox 1312 5240 1540 5296; x_wconf 89' lang='lat' dir='ltr'><strong>indubie</strong></span> <span class='ocrx_word' id='word_1_720' title='bbox 1593 5243 1962 5311; x_wconf 69' lang='lat' dir='ltr'><strong>prmlerimus,</strong></span> <span class='ocrx_word' id='word_1_721' title='bbox 2015 5257 2083 5297; x_wconf 92' lang='lat' dir='ltr'><strong>eo</strong></span> 
     </span>
    </p>
   </div>
   <div class='ocr_carea' id='block_1_100' title="bbox 508 5329 2085 5402">
    <p class='ocr_par' dir='ltr' id='par_1_100' title="bbox 508 5329 2085 5402">
     <span class='ocr_line' id='line_1_100' title="bbox 508 5329 2085 5402; baseline 0.001 -17"><span class='ocrx_word' id='word_1_722' title='bbox 508 5331 654 5402; x_wconf 88' lang='lat' dir='ltr'><strong>quod</strong></span> <span class='ocrx_word' id='word_1_723' title='bbox 682 5331 922 5387; x_wconf 78' lang='lat' dir='ltr'><strong>Verbum</strong></span> <span class='ocrx_word' id='word_1_724' title='bbox 953 5340 1010 5384; x_wconf 84' lang='lat' dir='ltr'><strong>et</strong></span> <span class='ocrx_word' id='word_1_725' title='bbox 1038 5329 1236 5385; x_wconf 84' lang='lat' dir='ltr'><strong>Filium</strong></span> <span class='ocrx_word' id='word_1_726' title='bbox 1270 5330 1363 5384; x_wconf 80' lang='lat' dir='ltr'><strong>Dei</strong></span> <span class='ocrx_word' id='word_1_727' title='bbox 1392 5331 1694 5385; x_wconf 80' lang='lat' dir='ltr'><strong>secundum</strong></span> <span class='ocrx_word' id='word_1_728' title='bbox 1725 5347 1943 5387; x_wconf 89' lang='lat' dir='ltr'><strong>carnem</strong></span> <span class='ocrx_word' id='word_1_729' title='bbox 1991 5349 2085 5402; x_wconf 90' lang='lat' dir='ltr'><strong>pe-</strong></span> 
     </span>
    </p>
   </div>
   <div class='ocr_carea' id='block_1_101' title="bbox 511 5419 2084 5489">
    <p class='ocr_par' dir='ltr' id='par_1_101' title="bbox 511 5419 2084 5489">
     <span class='ocr_line' id='line_1_101' title="bbox 511 5419 2084 5489; baseline 0.001 -14"><span class='ocrx_word' id='word_1_730' title='bbox 511 5420 744 5489; x_wconf 85' lang='lat' dir='ltr'><strong>pererit;</strong></span> <span class='ocrx_word' id='word_1_731' title='bbox 777 5433 1080 5489; x_wconf 87' lang='lat' dir='ltr'><strong>omnesque</strong></span> <span class='ocrx_word' id='word_1_732' title='bbox 1118 5434 1219 5473; x_wconf 88' lang='lat' dir='ltr'><strong>nos</strong></span> <span class='ocrx_word' id='word_1_733' title='bbox 1246 5419 1393 5473; x_wconf 89' lang='lat' dir='ltr'><strong>illam</strong></span> <span class='ocrx_word' id='word_1_734' title='bbox 1428 5421 1747 5475; x_wconf 86' lang='lat' dir='ltr'><strong>advocatam</strong></span> <span class='ocrx_word' id='word_1_735' title='bbox 1779 5422 2084 5476; x_wconf 80' lang='lat' dir='ltr'><strong>et’auxtlia-</strong></span> 
     </span>
    </p>
   </div>
   <div class='ocr_carea' id='block_1_102' title="bbox 2178 4604 3766 4678">
    <p class='ocr_par' dir='ltr' id='par_1_102' title="bbox 2178 4604 3766 4678">
     <span class='ocr_line' id='line_1_102' title="bbox 2178 4604 3766 4678; baseline 0 -21"><span class='ocrx_word' id='word_1_736' title='bbox 2178 4604 2236 4657; x_wconf 86' lang='grc' dir='ltr'><strong>δὲ</strong></span> <span class='ocrx_word' id='word_1_737' title='bbox 2270 4606 2354 4658; x_wconf 78' lang='grc' dir='ltr'><strong>ἀεὶ</strong></span> <span class='ocrx_word' id='word_1_738' title='bbox 2407 4605 2683 4676; x_wconf 80' lang='grc' dir='ltr'>Παρθένον</span> <span class='ocrx_word' id='word_1_739' title='bbox 2707 4607 2871 4674; x_wconf 82' lang='grc' dir='ltr'>ἁγίαν</span> <span class='ocrx_word' id='word_1_740' title='bbox 2901 4609 3119 4675; x_wconf 81' lang='grc' dir='ltr'>Μαρίαν</span> <span class='ocrx_word' id='word_1_741' title='bbox 3149 4607 3344 4678; x_wconf 79' lang='grc' dir='ltr'>ἔχομεν</span> <span class='ocrx_word' id='word_1_742' title='bbox 3362 4605 3584 4677; x_wconf 83' lang='grc' dir='ltr'>πλάσμα</span> <span class='ocrx_word' id='word_1_743' title='bbox 3606 4606 3766 4664; x_wconf 77' lang='grc' dir='ltr'>Θεοῦ.</span> 
     </span>
    </p>
   </div>
   <div class='ocr_carea' id='block_1_103' title="bbox 2181 4696 3765 4769">
    <p class='ocr_par' dir='ltr' id='par_1_103' title="bbox 2181 4696 3765 4769">
     <span class='ocr_line' id='line_1_103' title="bbox 2181 4696 3765 4769; baseline 0.002 -22"><span class='ocrx_word' id='word_1_744' title='bbox 2181 4698 2275 4748; x_wconf 72' lang='grc' dir='ltr'>καὶ</span> <span class='ocrx_word' id='word_1_745' title='bbox 2315 4696 2509 4766; x_wconf 78' lang='grc' dir='ltr'>δούλην</span> <span class='ocrx_word' id='word_1_746' title='bbox 2541 4697 2701 4751; x_wconf 70' lang='grc' dir='ltr'>Θεοῦ.</span> <span class='ocrx_word' id='word_1_747' title='bbox 2739 4700 2848 4752; x_wconf 75' lang='grc' dir='ltr'><strong>Καὶ</strong></span> <span class='ocrx_word' id='word_1_748' title='bbox 2880 4699 3209 4768; x_wconf 82' lang='grc' dir='ltr'>πιστεύομεν</span> <span class='ocrx_word' id='word_1_749' title='bbox 3240 4703 3337 4753; x_wconf 74' lang='grc' dir='ltr'><strong>καὶ</strong></span> <span class='ocrx_word' id='word_1_750' title='bbox 3384 4699 3765 4769; x_wconf 77' lang='grc' dir='ltr'>ὁμολογοῦμεν</span> 
     </span>
    </p>
   </div>
   <div class='ocr_carea' id='block_1_104' title="bbox 2178 4787 3768 4861">
    <p class='ocr_par' dir='ltr' id='par_1_104' title="bbox 2178 4787 3768 4861">
     <span class='ocr_line' id='line_1_104' title="bbox 2178 4787 3768 4861; baseline 0.001 -21"><span class='ocrx_word' id='word_1_751' title='bbox 2178 4787 2260 4840; x_wconf 77' lang='grc' dir='ltr'>ὅτι</span> <span class='ocrx_word' id='word_1_752' title='bbox 2318 4787 2440 4842; x_wconf 72' lang='grc' dir='ltr'>οὔτε</span> <span class='ocrx_word' id='word_1_753' title='bbox 2492 4789 2797 4859; x_wconf 78' lang='grc' dir='ltr'>ἐγεννήθη,</span> <span class='ocrx_word' id='word_1_754' title='bbox 2863 4789 2985 4842; x_wconf 77' lang='grc' dir='ltr'>οὔτε</span> <span class='ocrx_word' id='word_1_755' title='bbox 3036 4790 3387 4861; x_wconf 72' lang='grc' dir='ltr'>γεννηθῆναι</span> <span class='ocrx_word' id='word_1_756' title='bbox 3452 4791 3642 4860; x_wconf 78' lang='grc' dir='ltr'>μέλλει</span> <span class='ocrx_word' id='word_1_757' title='bbox 3705 4791 3768 4853; x_wconf 78' lang='grc' dir='ltr'><strong>ἐξ</strong></span> 
     </span>
    </p>
   </div>
   <div class='ocr_carea' id='block_1_105' title="bbox 2188 4880 3765 4952">
    <p class='ocr_par' dir='ltr' id='par_1_105' title="bbox 2188 4880 3765 4952">
     <span class='ocr_line' id='line_1_105' title="bbox 2188 4880 3765 4952; baseline 0 -18"><span class='ocrx_word' id='word_1_758' title='bbox 2188 4880 2379 4950; x_wconf 71' lang='grc' dir='ltr'>ἀνδρὸς</span> <span class='ocrx_word' id='word_1_759' title='bbox 2409 4882 2502 4935; x_wconf 69' lang='grc' dir='ltr'>καὶ</span> <span class='ocrx_word' id='word_1_760' title='bbox 2529 4882 2785 4949; x_wconf 80' lang='grc' dir='ltr'>γυναικὸς</span> <span class='ocrx_word' id='word_1_761' title='bbox 2810 4881 3092 4951; x_wconf 73' lang='grc' dir='ltr'>ἄνθρωπος</span> <span class='ocrx_word' id='word_1_762' title='bbox 3124 4884 3285 4952; x_wconf 84' lang='grc' dir='ltr'>μέχρι</span> <span class='ocrx_word' id='word_1_763' title='bbox 3327 4886 3427 4952; x_wconf 75' lang='grc' dir='ltr'><strong>τῆς</strong></span> <span class='ocrx_word' id='word_1_764' title='bbox 3454 4881 3765 4944; x_wconf 77' lang='grc' dir='ltr'>συντελείας</span> 
     </span>
    </p>
   </div>
   <div class='ocr_carea' id='block_1_106' title="bbox 2180 4970 3762 5042">
    <p class='ocr_par' dir='ltr' id='par_1_106' title="bbox 2180 4970 3762 5042">
     <span class='ocr_line' id='line_1_106' title="bbox 2180 4970 3762 5042; baseline 0 -20"><span class='ocrx_word' id='word_1_765' title='bbox 2180 4970 2274 5022; x_wconf 79' lang='grc' dir='ltr'>τοῦ</span> <span class='ocrx_word' id='word_1_766' title='bbox 2295 4971 2512 5038; x_wconf 82' lang='grc' dir='ltr'>αἰῶνος,</span> <span class='ocrx_word' id='word_1_767' title='bbox 2546 4971 2620 5032; x_wconf 78' lang='grc' dir='ltr'>ὡς</span> <span class='ocrx_word' id='word_1_768' title='bbox 2654 4970 2814 5040; x_wconf 76' lang='grc' dir='ltr'>αὕτη.</span> <span class='ocrx_word' id='word_1_769' title='bbox 2833 4971 2945 5023; x_wconf 78' lang='grc' dir='ltr'><strong>Καὶ</strong></span> <span class='ocrx_word' id='word_1_770' title='bbox 2979 4975 3125 5025; x_wconf 81' lang='grc' dir='ltr'><strong>κατὰ</strong></span> <span class='ocrx_word' id='word_1_771' title='bbox 3166 4972 3266 5041; x_wconf 78' lang='grc' dir='ltr'><strong>μὲν</strong></span> <span class='ocrx_word' id='word_1_772' title='bbox 3288 4972 3389 5042; x_wconf 81' lang='grc' dir='ltr'>τὴν</span> <span class='ocrx_word' id='word_1_773' title='bbox 3411 4974 3762 5042; x_wconf 82' lang='grc' dir='ltr'>ἀνθρωπίνην</span> 
     </span>
    </p>
   </div>
   <div class='ocr_carea' id='block_1_107' title="bbox 2184 5061 3764 5132">
    <p class='ocr_par' dir='ltr' id='par_1_107' title="bbox 2184 5061 3764 5132">
     <span class='ocr_line' id='line_1_107' title="bbox 2184 5061 3764 5132; baseline 0.002 -19"><span class='ocrx_word' id='word_1_774' title='bbox 2184 5061 2344 5129; x_wconf 81' lang='grc' dir='ltr'>φύσιν</span> <span class='ocrx_word' id='word_1_775' title='bbox 2407 5061 2735 5130; x_wconf 77' lang='grc' dir='ltr'>λογιζόμεθα</span> <span class='ocrx_word' id='word_1_776' title='bbox 2777 5063 2947 5132; x_wconf 79' lang='grc' dir='ltr'>αὐτὴν</span> <span class='ocrx_word' id='word_1_777' title='bbox 3000 5063 3149 5116; x_wconf 84' lang='grc' dir='ltr'>κάτω</span> <span class='ocrx_word' id='word_1_778' title='bbox 3191 5063 3298 5116; x_wconf 88' lang='grc' dir='ltr'><strong>τῶν</strong></span> <span class='ocrx_word' id='word_1_779' title='bbox 3343 5063 3639 5130; x_wconf 79' lang='grc' dir='ltr'>ἀγγέλων,</span> <span class='ocrx_word' id='word_1_780' title='bbox 3686 5066 3764 5127; x_wconf 86' lang='grc' dir='ltr'>ὡς</span> 
     </span>
    </p>
   </div>
   <div class='ocr_carea' id='block_1_108' title="bbox 2184 5151 3763 5225">
    <p class='ocr_par' dir='ltr' id='par_1_108' title="bbox 2184 5151 3763 5225">
     <span class='ocr_line' id='line_1_108' title="bbox 2184 5151 3763 5225; baseline 0.003 -21"><span class='ocrx_word' id='word_1_781' title='bbox 2184 5151 2489 5220; x_wconf 85' lang='grc' dir='ltr'>ἄνθρωπον,</span> <span class='ocrx_word' id='word_1_782' title='bbox 2514 5158 2579 5222; x_wconf 70' lang='grc' dir='ltr'><strong>τῇ</strong></span> <span class='ocrx_word' id='word_1_783' title='bbox 2598 5152 2655 5204; x_wconf 84' lang='grc' dir='ltr'><strong>δὲ</strong></span> <span class='ocrx_word' id='word_1_784' title='bbox 2679 5155 2808 5222; x_wconf 77' lang='grc' dir='ltr'>τιμῇ</span> <span class='ocrx_word' id='word_1_785' title='bbox 2828 5158 2919 5205; x_wconf 75' lang='grc' dir='ltr'><strong>καὶ</strong></span> <span class='ocrx_word' id='word_1_786' title='bbox 2938 5159 3003 5221; x_wconf 58' lang='grc' dir='ltr'>τῇ</span> <span class='ocrx_word' id='word_1_787' title='bbox 3022 5154 3301 5225; x_wconf 76' lang='grc' dir='ltr'>ἁγιωσύνῃ</span> <span class='ocrx_word' id='word_1_788' title='bbox 3335 5156 3518 5208; x_wconf 80' lang='grc' dir='ltr'>ἐπάνω</span> <span class='ocrx_word' id='word_1_789' title='bbox 3545 5166 3763 5209; x_wconf 65' lang='grc' dir='ltr'>πάντων</span> 
     </span>
    </p>
   </div>
   <div class='ocr_carea' id='block_1_109' title="bbox 2186 5242 3761 5312">
    <p class='ocr_par' dir='ltr' id='par_1_109' title="bbox 2186 5242 3761 5312">
     <span class='ocr_line' id='line_1_109' title="bbox 2186 5242 3761 5312; baseline -0.001 -17"><span class='ocrx_word' id='word_1_790' title='bbox 2186 5243 2292 5295; x_wconf 85' lang='grc' dir='ltr'><strong>τῶν</strong></span> <span class='ocrx_word' id='word_1_791' title='bbox 2346 5243 2594 5309; x_wconf 81' lang='grc' dir='ltr'>ἀγγέλων</span> <span class='ocrx_word' id='word_1_792' title='bbox 2624 5243 2990 5312; x_wconf 80' lang='grc' dir='ltr'>ἁσυγκρίτως.</span> <span class='ocrx_word' id='word_1_793' title='bbox 3017 5242 3098 5295; x_wconf 84' lang='grc' dir='ltr'>ὅτι</span> <span class='ocrx_word' id='word_1_794' title='bbox 3132 5242 3220 5294; x_wconf 83' lang='grc' dir='ltr'><strong>τὸν</strong></span> <span class='ocrx_word' id='word_1_795' title='bbox 3272 5243 3400 5295; x_wconf 76' lang='grc' dir='ltr'>Υἱὸν</span> <span class='ocrx_word' id='word_1_796' title='bbox 3448 5244 3541 5295; x_wconf 79' lang='grc' dir='ltr'>καὶ</span> <span class='ocrx_word' id='word_1_797' title='bbox 3585 5244 3761 5310; x_wconf 82' lang='grc' dir='ltr'>Λόγον</span> 
     </span>
    </p>
   </div>
   <div class='ocr_carea' id='block_1_110' title="bbox 2188 5332 3761 5404">
    <p class='ocr_par' dir='ltr' id='par_1_110' title="bbox 2188 5332 3761 5404">
     <span class='ocr_line' id='line_1_110' title="bbox 2188 5332 3761 5404; baseline -0.001 -17"><span class='ocrx_word' id='word_1_798' title='bbox 2188 5334 2281 5388; x_wconf 82' lang='grc' dir='ltr'>τοῦ</span> <span class='ocrx_word' id='word_1_799' title='bbox 2334 5333 2471 5387; x_wconf 79' lang='grc' dir='ltr'>Θεοῦ</span> <span class='ocrx_word' id='word_1_800' title='bbox 2519 5332 2777 5400; x_wconf 74' lang='grc' dir='ltr'>ἐγέννησε</span> <span class='ocrx_word' id='word_1_801' title='bbox 2812 5337 2955 5387; x_wconf 74' lang='grc' dir='ltr'>κατὰ</span> <span class='ocrx_word' id='word_1_802' title='bbox 2996 5335 3198 5404; x_wconf 85' lang='grc' dir='ltr'>σάρκα,</span> <span class='ocrx_word' id='word_1_803' title='bbox 3230 5336 3324 5387; x_wconf 71' lang='grc' dir='ltr'>καὶ</span> <span class='ocrx_word' id='word_1_804' title='bbox 3363 5336 3559 5404; x_wconf 78' lang='grc' dir='ltr'>ἔχομεν</span> <span class='ocrx_word' id='word_1_805' title='bbox 3589 5336 3761 5400; x_wconf 78' lang='grc' dir='ltr'>αὐτὴν</span> 
     </span>
    </p>
   </div>
   <div class='ocr_carea' id='block_1_111' title="bbox 2189 5426 3767 5497">
    <p class='ocr_par' dir='ltr' id='par_1_111' title="bbox 2189 5426 3767 5497">
     <span class='ocr_line' id='line_1_111' title="bbox 2189 5426 3767 5497; baseline -0.001 -18"><span class='ocrx_word' id='word_1_806' title='bbox 2189 5426 2502 5497; x_wconf 80' lang='grc' dir='ltr'>προστάτην</span> <span class='ocrx_word' id='word_1_807' title='bbox 2536 5427 2733 5487; x_wconf 83' lang='grc' dir='ltr'>πάντες</span> <span class='ocrx_word' id='word_1_808' title='bbox 2765 5427 2860 5478; x_wconf 81' lang='grc' dir='ltr'>καὶ</span> <span class='ocrx_word' id='word_1_809' title='bbox 2894 5426 3111 5497; x_wconf 74' lang='grc' dir='ltr'>βοηθὸν,</span> <span class='ocrx_word' id='word_1_810' title='bbox 3148 5429 3239 5478; x_wconf 71' lang='grc' dir='ltr'><strong>καὶ</strong></span> <span class='ocrx_word' id='word_1_811' title='bbox 3262 5428 3439 5480; x_wconf 77' lang='grc' dir='ltr'>δέεται</span> <span class='ocrx_word' id='word_1_812' title='bbox 3463 5427 3553 5480; x_wconf 79' lang='grc' dir='ltr'><strong>καὶ</strong></span> <span class='ocrx_word' id='word_1_813' title='bbox 3583 5444 3767 5497; x_wconf 77' lang='grc' dir='ltr'>παρα·</span> 
     </span>
    </p>
   </div>
   <div class='ocr_carea' id='block_1_112' title="bbox 512 5509 2086 5584">
    <p class='ocr_par' dir='ltr' id='par_1_112' title="bbox 512 5509 2086 5580">
     <span class='ocr_line' id='line_1_112' title="bbox 512 5509 2086 5580; baseline -0.001 -17"><span class='ocrx_word' id='word_1_814' title='bbox 512 5511 703 5564; x_wconf 89' lang='lat' dir='ltr'><strong>tricem</strong></span> <span class='ocrx_word' id='word_1_815' title='bbox 747 5512 1119 5580; x_wconf 82' lang='lat' dir='ltr'><strong>agnoscimus.</strong></span> <span class='ocrx_word' id='word_1_816' title='bbox 1167 5509 1300 5564; x_wconf 86' lang='lat' dir='ltr'><strong>Orat</strong></span> <span class='ocrx_word' id='word_1_817' title='bbox 1332 5522 1389 5566; x_wconf 91' lang='lat' dir='ltr'><strong>et</strong></span> <span class='ocrx_word' id='word_1_818' title='bbox 1426 5509 1720 5565; x_wconf 88' lang='lat' dir='ltr'><strong>intercedit</strong></span> <span class='ocrx_word' id='word_1_819' title='bbox 1770 5511 2086 5575; x_wconf 83' lang='lat' dir='ltr'><strong>indesinen-</strong></span> 
     </span>
    </p>
   </div>
   <div class='ocr_carea' id='block_1_113' title="bbox 2190 5509 3762 5584">
    <p class='ocr_par' dir='ltr' id='par_1_113' title="bbox 2191 5514 3762 5584">
     <span class='ocr_line' id='line_1_113' title="bbox 2191 5514 3762 5584; baseline -0.001 -15"><span class='ocrx_word' id='word_1_820' title='bbox 2191 5515 2349 5569; x_wconf 62' lang='grc' dir='ltr'>καλεῖ</span> <span class='ocrx_word' id='word_1_821' title='bbox 2400 5514 2666 5584; x_wconf 79' lang='grc' dir='ltr'>διηνεκῶς</span> <span class='ocrx_word' id='word_1_822' title='bbox 2705 5514 2848 5584; x_wconf 84' lang='grc' dir='ltr'>ὑπὲρ</span> <span class='ocrx_word' id='word_1_823' title='bbox 2874 5517 2983 5568; x_wconf 84' lang='grc' dir='ltr'><strong>τῶν</strong></span> <span class='ocrx_word' id='word_1_824' title='bbox 3034 5516 3393 5584; x_wconf 83' lang='grc' dir='ltr'>ἁμαρτωλῶν,</span> <span class='ocrx_word' id='word_1_825' title='bbox 3424 5520 3514 5569; x_wconf 80' lang='grc' dir='ltr'><strong>καὶ</strong></span> <span class='ocrx_word' id='word_1_826' title='bbox 3547 5517 3762 5583; x_wconf 71' lang='grc' dir='ltr'>ἐνεργεῖ</span> 
     </span>
    </p>
   </div>
   <div class='ocr_carea' id='block_1_114' title="bbox 511 5604 2087 5674">
    <p class='ocr_par' dir='ltr' id='par_1_114' title="bbox 511 5604 2087 5674">
     <span class='ocr_line' id='line_1_114' title="bbox 511 5604 2087 5674; baseline 0.001 -17"><span class='ocrx_word' id='word_1_827' title='bbox 511 5614 595 5659; x_wconf 85' lang='lat' dir='ltr'><strong>ter</strong></span> <span class='ocrx_word' id='word_1_828' title='bbox 653 5617 753 5673; x_wconf 91' lang='lat' dir='ltr'><strong>pro</strong></span> <span class='ocrx_word' id='word_1_829' title='bbox 806 5604 1208 5673; x_wconf 86' lang='lat' dir='ltr'><strong>peccatoribus.</strong></span> <span class='ocrx_word' id='word_1_830' title='bbox 1263 5605 1521 5660; x_wconf 82' lang='lat' dir='ltr'><strong>Miracula</strong></span> <span class='ocrx_word' id='word_1_831' title='bbox 1562 5606 1678 5660; x_wconf 87' lang='lat' dir='ltr'><strong>edit</strong></span> <span class='ocrx_word' id='word_1_832' title='bbox 1723 5617 1780 5659; x_wconf 88' lang='lat' dir='ltr'><strong>et</strong></span> <span class='ocrx_word' id='word_1_833' title='bbox 1827 5615 2087 5674; x_wconf 87' lang='lat' dir='ltr'><strong>operatur</strong></span> 
     </span>
    </p>
   </div>
   <div class='ocr_carea' id='block_1_115' title="bbox 509 5696 2085 5767">
    <p class='ocr_par' dir='ltr' id='par_1_115' title="bbox 509 5696 2085 5767">
     <span class='ocr_line' id='line_1_115' title="bbox 509 5696 2085 5767; baseline 0.001 -17"><span class='ocrx_word' id='word_1_834' title='bbox 509 5696 872 5751; x_wconf 87' lang='lat' dir='ltr'><strong>admiratione</strong></span> <span class='ocrx_word' id='word_1_835' title='bbox 900 5706 955 5752; x_wconf 90' lang='lat' dir='ltr'><strong>et</strong></span> <span class='ocrx_word' id='word_1_836' title='bbox 986 5708 1209 5766; x_wconf 82' lang='lat' dir='ltr'><strong>stupore</strong></span> <span class='ocrx_word' id='word_1_837' title='bbox 1236 5698 1416 5767; x_wconf 85' lang='lat' dir='ltr'><strong>digna.</strong></span> <span class='ocrx_word' id='word_1_838' title='bbox 1446 5698 1597 5751; x_wconf 87' lang='lat' dir='ltr'><strong>llanc</strong></span> <span class='ocrx_word' id='word_1_839' title='bbox 1632 5707 1814 5751; x_wconf 88' lang='lat' dir='ltr'><strong>autem</strong></span> <span class='ocrx_word' id='word_1_840' title='bbox 1831 5698 2085 5760; x_wconf 88' lang='lat' dir='ltr'><strong>colimus,</strong></span> 
     </span>
    </p>
   </div>
   <div class='ocr_carea' id='block_1_116' title="bbox 510 5789 2086 5855">
    <p class='ocr_par' dir='ltr' id='par_1_116' title="bbox 510 5789 2086 5855">
     <span class='ocr_line' id='line_1_116' title="bbox 510 5789 2086 5855; baseline -0.001 -12"><span class='ocrx_word' id='word_1_841' title='bbox 510 5803 620 5843; x_wconf 85' lang='lat' dir='ltr'><strong>non</strong></span> <span class='ocrx_word' id='word_1_842' title='bbox 672 5799 731 5842; x_wconf 89' lang='lat' dir='ltr'><strong>ut</strong></span> <span class='ocrx_word' id='word_1_843' title='bbox 762 5790 950 5855; x_wconf 88' lang='lat' dir='ltr'><strong>Deum,</strong></span> <span class='ocrx_word' id='word_1_844' title='bbox 984 5790 1079 5844; x_wconf 88' lang='lat' dir='ltr'><strong>sed</strong></span> <span class='ocrx_word' id='word_1_845' title='bbox 1125 5799 1183 5844; x_wconf 92' lang='lat' dir='ltr'><strong>ut</strong></span> <span class='ocrx_word' id='word_1_846' title='bbox 1220 5791 1443 5845; x_wconf 81' lang='lat' dir='ltr'><strong>Matrem</strong></span> <span class='ocrx_word' id='word_1_847' title='bbox 1487 5791 1608 5843; x_wconf 78' lang='lat' dir='ltr'><strong>Filii</strong></span> <span class='ocrx_word' id='word_1_848' title='bbox 1648 5789 1738 5843; x_wconf 86' lang='lat' dir='ltr'><strong>Dei</strong></span> <span class='ocrx_word' id='word_1_849' title='bbox 1783 5790 2086 5845; x_wconf 86' lang='lat' dir='ltr'><strong>secundum</strong></span> 
     </span>
    </p>
   </div>
   <div class='ocr_carea' id='block_1_117' title="bbox 2193 5606 3764 5676">
    <p class='ocr_par' dir='ltr' id='par_1_117' title="bbox 2193 5606 3764 5676">
     <span class='ocr_line' id='line_1_117' title="bbox 2193 5606 3764 5676; baseline 0.001 -16"><span class='ocrx_word' id='word_1_850' title='bbox 2193 5609 2289 5660; x_wconf 80' lang='grc' dir='ltr'>καὶ</span> <span class='ocrx_word' id='word_1_851' title='bbox 2349 5606 2579 5675; x_wconf 80' lang='grc' dir='ltr'>πράττει</span> <span class='ocrx_word' id='word_1_852' title='bbox 2630 5606 2888 5676; x_wconf 85' lang='grc' dir='ltr'>θαύματα</span> <span class='ocrx_word' id='word_1_853' title='bbox 2956 5608 3169 5675; x_wconf 77' lang='grc' dir='ltr'>μεγάλα</span> <span class='ocrx_word' id='word_1_854' title='bbox 3237 5607 3331 5660; x_wconf 75' lang='grc' dir='ltr'>καὶ</span> <span class='ocrx_word' id='word_1_855' title='bbox 3384 5606 3620 5671; x_wconf 68' lang='grc' dir='ltr'>ἐξαίσια.</span> <span class='ocrx_word' id='word_1_856' title='bbox 3655 5608 3764 5661; x_wconf 72' lang='grc' dir='ltr'>Καὶ</span> 
     </span>
    </p>
   </div>
   <div class='ocr_carea' id='block_1_118' title="bbox 2192 5696 3762 5768">
    <p class='ocr_par' dir='ltr' id='par_1_118' title="bbox 2192 5696 3762 5768">
     <span class='ocr_line' id='line_1_118' title="bbox 2192 5696 3762 5768; baseline -0.001 -18"><span class='ocrx_word' id='word_1_857' title='bbox 2192 5699 2607 5767; x_wconf 73' lang='grc' dir='ltr'>προσκυνοῦμεν</span> <span class='ocrx_word' id='word_1_858' title='bbox 2652 5699 2823 5765; x_wconf 77' lang='grc' dir='ltr'>αὐτὴν</span> <span class='ocrx_word' id='word_1_859' title='bbox 2853 5698 2950 5767; x_wconf 82' lang='grc' dir='ltr'><strong>οὐχ</strong></span> <span class='ocrx_word' id='word_1_860' title='bbox 2979 5698 3053 5760; x_wconf 84' lang='grc' dir='ltr'>ὡς</span> <span class='ocrx_word' id='word_1_861' title='bbox 3095 5698 3247 5764; x_wconf 67' lang='grc' dir='ltr'>Θεὸν,</span> <span class='ocrx_word' id='word_1_862' title='bbox 3283 5696 3397 5752; x_wconf 79' lang='grc' dir='ltr'>ἀλλ’</span> <span class='ocrx_word' id='word_1_863' title='bbox 3420 5700 3493 5762; x_wconf 86' lang='grc' dir='ltr'>ὠς</span> <span class='ocrx_word' id='word_1_864' title='bbox 3530 5699 3762 5768; x_wconf 82' lang='grc' dir='ltr'>Μητέρα</span> 
     </span>
    </p>
   </div>
   <div class='ocr_carea' id='block_1_119' title="bbox 2193 5788 3763 5859">
    <p class='ocr_par' dir='ltr' id='par_1_119' title="bbox 2193 5788 3763 5859">
     <span class='ocr_line' id='line_1_119' title="bbox 2193 5788 3763 5859; baseline 0.001 -17"><span class='ocrx_word' id='word_1_865' title='bbox 2193 5791 2287 5842; x_wconf 78' lang='grc' dir='ltr'>τοῦ</span> <span class='ocrx_word' id='word_1_866' title='bbox 2328 5789 2455 5843; x_wconf 85' lang='grc' dir='ltr'><strong>Υἰοῦ</strong></span> <span class='ocrx_word' id='word_1_867' title='bbox 2502 5790 2595 5842; x_wconf 80' lang='grc' dir='ltr'><strong>τοῦ</strong></span> <span class='ocrx_word' id='word_1_868' title='bbox 2646 5788 2784 5842; x_wconf 79' lang='grc' dir='ltr'><strong>Θεοῦ</strong></span> <span class='ocrx_word' id='word_1_869' title='bbox 2828 5791 2968 5842; x_wconf 73' lang='grc' dir='ltr'>κατὰ</span> <span class='ocrx_word' id='word_1_870' title='bbox 3001 5789 3206 5859; x_wconf 72' lang='grc' dir='ltr'>σάρκα.</span> <span class='ocrx_word' id='word_1_871' title='bbox 3246 5791 3430 5843; x_wconf 77' lang='grc' dir='ltr'>Ἔστω</span> <span class='ocrx_word' id='word_1_872' title='bbox 3454 5788 3631 5844; x_wconf 81' lang='grc' dir='ltr'>τοίνυν</span> <span class='ocrx_word' id='word_1_873' title='bbox 3654 5789 3763 5845; x_wconf 76' lang='grc' dir='ltr'>ὑπὸ</span> 
     </span>
    </p>
   </div>
  </div>
