4090 6466
380 329 482 396 521

1298 330 1595 396 CONTRA
1636 328 2126 411 ΜΑΠΟΜΕΤΕΜ
2165 326 2545 389 APOLOGIA
2585 329 2704 390 III.

3520 326 3626 390 522

372 452 681 524 ἀναθέματι
710 453 739 508 6
762 454 1081 530 npocxuvt‘i'w
1104 454 1273 526 δύο,ἢ
1303 455 1471 525 τρεῖς,
1498 452 1531 524 ἦ
1567 455 1663 506 καὶ
1693 449 1947 523 πολλοὺς.

2068 462 2293 502 :arnem.
2322 447 2597 503 Caeterum
2642 443 2934 509 anathema
2962 444 3055 513 sit,
3089 444 3342 516 quisquis
3371 446 3457 502 vel
3488 447 3630 508 duos

387 543 551 599 Ἀλλά
579 547 997 616 προσκυνοῦμεν
1031 546 1128 599 ἕνα
1173 544 1330 612 Θεὸν,
1360 545 1594 614 ποιητὴν
1627 541 1857 613 οὐρανοῦ
1889 556 1948 592 τε

376 636 472 689 καὶ
497 637 622 706 γῆς,
653 637 748 691 καὶ
779 637 1000 692 πάντων
1025 635 1239 708 ὁρατῶν
1267 653 1326 690 τε
1360 638 1455 690 καὶ
1480 633 1752 704 ἀοράτων.

450 817 504 868 ι’.
533 811 729 883 Φέρετε
779 813 859 877 είς
914 812 1254 884 κατηγορίαν
1279 812 1440 884 ἡμῶν
1466 812 1549 866 ὅτι
1597 807 1896 882 ἐρωτηθεὶς
1925 813 1953 865 6

374 904 611 974 Χριστὸς
631 904 781 976 παρὰ
808 903 915 958 τῶν
931 905 1220 972 Ἰουδαίων,
1246 905 1328 959 ὅτι
1352 924 1370 957 σ
1389 901 1516 968 Υἱὸς
1541 904 1674 958 Θεοῦ
1708 898 1757 957 εἷ
1784 901 1847 956 σύ
1873 920 1890 972 ;
1928 922 1946 955 ι

376 996 671 1066 ἠρνήσατο,
701 998 797 1050 καὶ
820 991 995 1063 εἶπεν,
1027 997 1139 1049 ὄτιι
1162 996 1355 1067 Ὑμεῖς
1379 996 1568 1065 λέγετε
1590 995 1805 1051 τοῦτο.»
1845 995 1955 1048 Kal

378 1089 574 1159 φέρετε
604 1089 739 1141 αὐτὸ
771 1091 852 1152 εἰς
890 1089 1200 1159 μαρτυρίαν
1238 1087 1363 1142 καθ’
1396 1088 1574 1159 ἡμῶν,
1618 1088 1704 1142 ῖνα
1743 1086 1955 1156 δείξητε

376 1180 449 1232 τὰ
484 1177 616 1248 παρῗ
644 1179 795 1248 ὑμῶν
819 1178 1093 1248 λεγόμενα
1123 1177 1321 1249 ἀληθῆ.
1351 1174 1711 1245 Ταῦτα’γοῦν
1745 1177 1952 1230 ποιεῖτε

378 1271 488 1325 ἀπὸ
518 1269 611 1323 τοῦ
634 1269 720 1339 μὴ
765 1269 1057 1338 γινώσκειν
1110 1271 1256 1340 ὑμᾶς
1318 1271 1415 1332 τὰς
1470 1269 1721 1338 Γραφάς.
1754 1269 1816 1321 Ei
1849 1269 1957 1337 γὰρ

379 1361 698 1432 εὑρίσκεσθε
733 1361 1083 1426 ἐξετάζοντες
1112 1363 1202 1416 καὶ
1225 1362 1561 1434 ἐρευνῶντες
1595 1361 1696 1424 τὰς
1727 1361 1955 1430 Γραφὰς

379 1451 458 1515 ὡς
489 1452 591 1520 δεῖ,
620 1452 721 1506 οὐκ
778 1452 844 1506 ἂν
879 1453 1246 1525 ὲπλανήϐητε.
1294 1454 1411 1508 Νῦν
1473 1452 1533 1506 δὲ
1594 1453 1957 1523 κατηγορεῖτε

377 1544 557 1614 ἡμῶν,
588 1546 665 1606 είς
683 1542 793 1598 ἆού
819 1544 1341 1616 γιιιώσκετε.⁹ομως
1368 1543 1572 1615 ἀφίημι
1602 1533 1780 1613 λέγειν
1810 1541 1956 1597 κατά

380 1633 443 1688 τὸ
472 1634 644 1705 παρὸν
682 1635 781 1698 τὰς
812 1634 907 1689 ἀπ’
942 1636 1117 1707 ἀρχῆς
1145 1635 1240 1689 τοῦ
1273 1636 1480 1706 κόσμου
1519 1633 1848 1705 μαρτυρίας,
1874 1628 1958 1687 αἴ-

381 1741 530 1787 τινες
579 1725 917 1795 έλαλὴθησαν
973 1731 1104 1797 περὶ
1158 1725 1251 1780 τοῦ
1298 1725 1560 1797 Χριστοῦ,
1615 1724 1959 1779 δεικνύουσαι

382 1816 547 1870 αὑτὸν
604 1815 736 1870 Θεὸν
762 1817 859 1870 καὶ
909 1818 1045 1871 Θεοῦ
1077 1817 1205 1870 Υἱὸν
1254 1817 1350 1871 καὶ
1395 1814 1704 1887 ἄνθρωπον,
1757 1814 1961 1878 πολλὰς

380 1909 570 1973 οὔσας.
608 1910 693 1971 Διὸ
722 1909 829 1964 ἀπὸ
862 1907 1066 1963 τούτων
1097 1909 1402 1980 φθάσαντες
1443 1907 1671 1977 εἴπομεν
1725 1904 1960 1976 μερικάς

296 2004 303 2007 “
382 2002 752 2070 τινας.”ομως
778 2000 1033 2069 λέγωκαὶ
1063 1998 1246 2067 τοῦτο,
1262 2000 1345 2070 ὅτι
1369 1998 1429 2053 οὐ
1457 1998 1525 2052 δι’
1541 1998 1670 2053 ἄλλο
1685 2014 1737 2050 τι
1770 1993 1964 2050 ἐσταύ-

385 2108 568 2162 ρωσαν
624 2094 673 2146 οἱ
719 2090 964 2146 Ἰουδαῖοι
1022 2091 1116 2146 τὸν
1172 2090 1431 2161 Χριστὸν,
1472 2087 1505 2162 ἢ
1551 2089 1635 2143 ὅτι
1689 2086 1963 2142 ἐδείκνυεν

385 2182 582 2236 ἑαυτὸν
610 2182 753 2237 Θεόν.
768 2199 828 2236 τε
858 2183 952 2236 καὶ
979 2182 1291 2254 ἄνθρωπον,
1328 2181 1426 2237 καὶ
1460 2181 1597 2235 Θεοῦ
1649 2179 1820 2234 ’Υἰόν.
1849 2178 1965 2233 Kal

280 2266 289 2269 ’
385 2276 464 2346 πῆ
482 2276 578 2346 μὲν
608 2274 812 2344 ἔλεγεν,
841 2277 923 2328 ὅτι
958 2293 979 2327 ι
1015 2268 1073 2329 ⁸0
1110 2274 1212 2345 ἐμὲ
1243 2270 1466 2345 Θεωρῶν
1491 2271 1686 2339 θεωρεῖ
1727 2270 1817 2325 τὸν
1846 2268 1964 2324 Πα-

386 2367 522 2437 τέρα
546 2382 665 2436 μου,
692 2386 711 2419 ι
742 2368 818 2437 πῆ
842 2367 919 2430 δὲ,
939 2368 1022 2420 ὅτι
1042 2385 1060 2419 ι
1099 2362 1239 2436 Ἐγὼ
1268 2367 1366 2420 καὶ
1383 2368 1410 2419 6
1432 2363 1620 2435 Πατὴρ
1643 2363 1701 2437 ἓν
1727 2367 1914 2432 ἐσμεν,
1939 2380 1961 2414 ι

400 2457 479 2525 πῆ
510 2457 583 2524 δὲ,
609 2458 691 2511 ὅτι
730 2468 754 2510 1‘
785 2459 847 2512 El
880 2458 979 2530 ἐμὲ
1010 2459 1329 2535 ἐγνώκειτε,
1363 2456 1457 2510 καὶ
1485 2456 1576 2510 τὸν
1608 2454 1825 2535 Πατέρα
1860 2468 1964 2526 μου

404 2549 686 2617 ἐγνώκειτε
727 2549 792 2605 ἀν
812 2564 824 2579 ·
855 2570 874 2603 ι
903 2551 979 2619 πῆ
1004 2550 1081 2615 δὲ,
1116 2551 1199 2604 ὅτι
1231 2567 1250 2602 ι
1290 2548 1414 2603 Ἐάν
1443 2564 1531 2610 τις
1559 2547 1651 2600 τὸν
1675 2545 1834 2615 λόγον
1864 2558 1966 2615 μου

326 2672 335 2677 -
400 2644 633 2714 τηρήσῃ,
678 2641 912 2698 θάνατον
943 2641 1002 2695 οὐ
1062 2642 1137 2713 μὴ
1189 2640 1461 2712 θεωρήσει
1492 2639 1572 2701 είς
1599 2636 1691 2691 τὸν
1719 2636 1912 2690 αίῶνα.
1937 2650 1961 2689 ι

394 2734 507 2786 Καὶ
558 2733 813 2804 ἀλλαχοῦ,
866 2734 948 2788 ὅτι
993 2752 1013 2786 ι
1044 2731 1351 2803 Ἀφέωνταί
1381 2748 1475 2784 σου
1519 2731 1578 2783 al
1626 2727 1915 2800 ἁμαρτίαι.
1942 2744 1963 2781 ι

393 2825 576 2894 Ἀπερ
606 2825 936 2896 Θεωροῦντες
975 2825 1024 2877 οί
1069 2824 1335 2888 Ἰουδαῖοι,
1365 2822 1552 2890 ἔλεγον
1607 2822 1743 2892 πρὸς
1777 2820 1964 2886 αὐτὸν,

395 2914 568 2967 «Τίνα
602 2914 823 2968 σεαυτὸν
870 2917 1077 2982 neten;
1124 2915 1410 2985 ἄνθρωπος
1463 2913 1560 2980 ὣν,
1597 2913 1774 2977 ποιεῖς
1808 2926 1969 2967 σεαυ-

390 3006 483 3059 τὸν
518 3004 681 3072 Θεόν;
705 3025 726 3060 ι
762 3004 827 3059 Τί
855 3006 912 3061 δὲ
941 3009 968 3061 6
999 3007 1266 3078 Χριστό;;
1306 3025 1325 3057 ι
1357 3005 1419 3059 '0
1443 3002 1712 3058 πιστεύων
1740 3003 1820 3066 εἰς
1845 3003 1967 3074 ἐμὲ,

2054 537 2137 592 vel
2184 545 2295 591 tres
2328 537 2415 591 vel
2443 538 2630 607 plures
2662 537 2795 592 deos
2833 535 3164 591 adoraverit.
3200 533 3305 590 Sed
3339 535 3630 593 adoramus

2052 637 2225 679 unum
2259 624 2452 690 Deum,
2488 631 2794 680 creatorem
2845 624 2972 681 cmli
3028 632 3083 680 et
3143 632 3322 691 terrae,
3383 616 3631 683 omnium

2052 714 2350 769 visibilium
2381 722 2436 770 et
2466 714 2847 771 invisibilium.
3120 766 3127 769 .

2124 803 2211 860 10.
2262 803 2485 860 Aﬂ'ertis
2515 805 2569 860 in
2603 808 3011 862 accusationem
3044 805 3244 872 nostri,
3292 804 3633 876 quodthri-

2056 904 2171 953 stus
2199 911 2230 951 a
2256 896 2458 951 ludatis
2488 896 2880 968 interrogatus,
2931 915 2950 949 ι
2977 894 3116 951 Num
3147 895 3320 952 Filius
3356 896 3455 953 Dei
3483 896 3577 951 es?
3609 916 3629 949 ι

2057 989 2356 1060 negaverit,
2397 988 2629 1045 dicens:
2662 1006 2681 1040 ι
2718 989 2828 1045 Vos
2860 991 2966 1045 hoc
2993 987 3196 1044 dicitis.
3238 990 3260 1040 ἰ
3296 989 3378 1043 Ἐι
3421 989 3528 1044 hoc
3558 997 3638 1042 te-

2057 1081 2301 1137 stimonii
2333 1082 2453 1137 loco
2501 1090 2690 1137 contra
2736 1096 2838 1137 nos
2883 1081 3173 1147 adducitis,
3218 1089 3279 1136 ut
3326 1081 3394 1136 iis
3441 1096 3562 1150 quae
3605 1095 3637 1133 a

2058 1173 2216 1229 vobis
2245 1172 2389 1228 dicta
2425 1183 2575 1240 sunt,
2608 1172 2768 1229 ﬁdem
2801 1173 2980 1228 facere
3014 1173 3255 1243 possitis.
3289 1171 3414 1228 Haec
3452 1182 3636 1226 autem
3686 1168 3727 1239 κζ

2059 1274 2284 1334 prepter
2313 1264 2718 1335 Scripturarum
2748 1264 3110 1334 ignorantiam
3153 1265 3352 1321 facitis.
3385 1264 3441 1320 Si
3486 1265 3635 1319 enim

2059 1352 2390 1423 Scripturas,
2447 1362 2507 1408 ut
2573 1352 2691 1408 ﬁeri
2745 1353 2970 1409 omnino
3016 1360 3254 1422 oportet,
3308 1352 3640 1406 excuteretis

2060 1445 2596 1516 investigaretisque,
2634 1457 2980 1514 nequaquam
3015 1441 3443 1510 seduceremini.
3482 1441 3640 1496 Nunc

2059 1546 2244 1594 autem
2282 1550 2384 1592 nos
2411 1536 2685 1592 accusatis
2727 1535 2794 1592 de
2825 1536 2912 1590 his
2937 1551 3058 1606 quae
3086 1549 3187 1590 vos
3208 1534 3311 1604 ipsi
3340 1548 3449 1587 non
3480 1533 3645 1588 intel-

2061 1631 2251 1701 ligitis.
2306 1631 2699 1686 Verumtamen
2750 1630 2997 1686 omittam
3047 1629 3231 1685 dicere
3264 1631 3317 1683 in
3364 1627 3642 1703 praesenti,

2062 1736 2184 1793 quae
2224 1720 2293 1776 ab
2330 1720 2488 1776 initio
2537 1720 2730 1776 mundi
2778 1720 2846 1777 de
2887 1720 3110 1777 Christo
3155 1719 3465 1775 testimonia
3495 1718 3642 1774 dicta

1991 1788 2033 1843 Β
2066 1788 2214 1880 sunt,
2248 1814 2426 1883 ipsum
2464 1821 2520 1868 et
2565 1813 2737 1869 Deum
2779 1823 2834 1870 et
2862 1813 2959 1868 Dei
3000 1812 3195 1868 Filium
3255 1811 3645 1881 hominemque

2066 1923 2188 1965 esse
2217 1908 2653 1978 comprobantia,
2706 1910 2836 1980 quia
2887 1908 3058 1964 multa
3093 1915 3264 1963 sunt.
3327 1907 3510 1972 Quare
3558 1906 3647 1962 his

2068 2000 2360 2071 praeteritis
2399 2001 2649 2055 dicemus
2693 2000 2990 2079 singularia
3029 1998 3301 2069 quaedam.
3359 1998 3533 2054 Simul
3590 2008 3648 2054 et

2069 2084 2174 2149 hoc
2227 2094 2373 2159 dico,
2407 2090 2625 2149 Iudaeos
2680 2107 2793 2147 non
2851 2091 2958 2147 alia
3007 2092 3075 2147 de
3139 2104 3303 2146 causa
3363 2089 3646 2145 Christum

2070 2186 2431 2251 erucilixisse,
2461 2196 2623 2255 quam
2655 2185 2799 2256 quod
2831 2199 2890 2240 se
2921 2183 3091 2239 Deum
3117 2183 3345 2248 diceret,
3388 2190 3445 2238 et
3471 2183 3650 2237 homi-

2024 2330 2027 2333 .
2069 2291 2195 2331 nem
2228 2274 2437 2346 Deique
2470 2275 2693 2330 Filium.
2743 2274 2812 2331 Et
2865 2273 3066 2330 alicubi
3104 2274 3326 2344 quidem
3380 2273 3644 2329 dicebat:

2078 2380 2097 2415 ι
2136 2362 2239 2430 Qui
2280 2377 2368 2419 me
2400 2363 2571 2429 videt,
2613 2363 2762 2419 videt
2810 2364 3025 2419 Patrem
3078 2378 3261 2419 meum
3291 2363 3359 2419 ".
3416 2381 3435 2414 ι
3502 2362 3649 2417 Alibi

2070 2468 2202 2510 vero
2236 2472 2252 2510 :
2288 2472 2306 2506 ι
2339 2453 2454 2525 Ego
2483 2462 2537 2509 et
2583 2454 2745 2531 Pater
2802 2470 2974 2509 unum
3019 2468 3209 2511 sumus
3239 2454 3304 2508 η.
3368 2473 3386 2506 ι
3439 2454 3650 2508 Rursus

2071 2546 2179 2601 alio
2209 2545 2265 2600 in
2294 2545 2417 2602 loco
2458 2540 2532 2601 εἰ
2571 2545 2627 2600 Si
2662 2560 2749 2602 me
2782 2545 3092 2612 novissetis,
3118 2552 3175 2601 et
3206 2545 3422 2600 Patrem
3466 2559 3648 2599 meum

2072 2636 2262 2708 utique
2316 2634 2715 2714 cognovissetis
2746 2634 2815 2688 ⁸⁷.
2855 2653 2873 2687 ι
2901 2635 3039 2691 item
3074 2652 3088 2690 :
3128 2652 3147 2687 ι
3197 2634 3253 2690 Si
3284 2635 3410 2704 quis
3444 2649 3652 2688 sermo.

2072 2741 2198 2783 nem
2231 2740 2413 2781 meum
2464 2725 2788 2793 servaverit,
2834 2736 3069 2782 mortem
3096 2737 3206 2781 non
3248 2725 3460 2781 videbit
3491 2725 3546 2780 in
3573 2739 3651 2779 ae-

2073 2827 2292 2875 ternum
2316 2816 2385 2874 “.
2424 2836 2443 2871 ι
2478 2819 2547 2874 Et
2571 2817 2701 2874 alibi
2741 2836 2755 2873 :
2798 2836 2817 2870 ι
2857 2819 3231 2874 Remittentur
3285 2818 3384 2873 tibi
3430 2828 3663 2884 peccata-

2075 2921 2164 2968 tua
2192 2911 2258 2966 δ’.
2298 2928 2316 2964 ι
2357 2909 2488 2977 Quae
2520 2911 2702 2966 omnia
2728 2912 3129 2982 perpendentes
3146 2909 3319 2965 Judaei
3349 2909 3605 2964 dicebant
3630 2926 3647 2963 :

2084 3021 2104 3053 r
2142 3001 2449 3068 Quemnam
2482 3000 2717 3071 teipsum
2743 3001 2916 3056 facis?
2942 3012 3067 3055 rum
3102 3001 3269 3057 homo
3301 3001 3395 3069 sis,
3430 3000 3562 3056 facis
3598 3011 3650 3057 te
3740 3032 3743 3037 ι

389 3093 490 3148 κᾶν
512 3093 774 3166 ἀποθάνῃ,
795 3093 1071 3165 ζήσεται.)
1095 3095 1227 3158 Kal,
1254 3112 1272 3147 ι
1293 3094 1504 3165 Ὥσπερ
1519 3095 1545 3146 6
1570 3088 1754 3160 Πατὴρ
1769 3090 1966 3161 ἐγείρει

2072 3094 2245 3150 Deum
2271 3093 2354 3147 ὀἳ
2386 3111 2405 3144 ι
2428 3092 2577 3159 Quid
2603 3107 2734 3148 vero
2762 3091 3050 3148 Christus?
3082 3113 3099 3144 ι
3128 3092 3230 3160 Qui
3257 3092 3435 3148 credit
3466 3096 3520 3148 in
3541 3109 3647 3160 me,

386 3190 514 3249 τοὺς
553 3187 778 3256 νεκροὺς
824 3187 919 3239 καὶ
970 3185 1246 3253 ζωοποιεῖ,
1298 3183 1441 3238 οὕτω
1486 3184 1581 3237 καὶ
1631 3185 1657 3235 6
1693 3182 1819 3244 Υίδς
1874 3179 1967 3244 οὓς

390 3272 533 3330 θέλει
571 3276 843 3341 ζωοποιεῖ.
880 3295 899 3329 ι
941 3277 1077 3343 Kal,
1113 3276 1196 3330 ὅτι
1226 3295 1245 3329 ι
1275 3275 1468 3338 Οὐδεὶς
1503 3268 1609 3326 εἶδε
1649 3273 1740 3325 τὶν
1763 3271 1893 3324 Υίὸν
1918 3270 1968 3323 εί

394 3366 472 3436 νὴ]
505 3367 533 3419 6
562 3366 771 3438 Πατὴρ,
802 3368 923 3419 οὐδὲ
951 3369 1040 3419 τὸν
1074 3367 1296 3437 Πατέρα
1344 3383 1427 3428 τις
1481 3363 1731 3435 ἑώρακεν
1787 3363 1836 3414 εί
1892 3365 1971 3432 μὴ

398 3458 431 3510 6
497 3458 645 3522 Υἱὸς,
703 3461 797 3513 xal
944 3456 1245 3531 βούλεταιὸ
1277 3456 1400 3521 Υἱὸς
1442 3455 1862 3524 ἀποκαλύψαι.»
1902 3451 1965 3506 Ὃ

372 3550 529 3618 γοῦν
556 3552 793 3621 Χριστὸς
819 3555 847 3604 ὀ
878 3552 1052 3622 λέγων
1081 3550 1256 3605 ταῦτα
1303 3550 1400 3604 καὶ
1426 3550 1695 3604 διδάσκων
1722 3549 1850 3612 τοὺς
1879 3549 1971 3602 ἀν-

391 3646 665 3714 Θρὼπους,
689 3646 983 3716 ἐρωτηθεὶς
1003 3643 1197 3715 ἔμελλε
1234 3641 1466 3713 κρύψειν
1510 3641 1610 3711 τὴν
1634 3632 1925 3711 Ἀλήθειαν
1953 3658 1968 3709 ;

394 3740 504 3792 Καὶ
550 3740 703 3798 ’ποῖος
751 3738 941 3807 ἄφρων
986 3736 1082 3789 καὶ
1120 3735 1324 3806 έυήθης
1378 3732 1641 3787 ὑπολάϐοι
1681 3731 1870 3797 τοῦτο;
1906 3732 1969 3786 El

401 3826 514 3895 γὰρ
547 3825 646 3877 οὐκ
675 3820 743 3895 ἦν
772 3824 905 3888 Θεὸς
933 3825 1031 3878 xal
1062 3823 1190 3885 ἶίὸς
1220 3820 1380 3885 Θεοῦ,
1411 3820 1510 3873 οὐκ
1545 3820 1612 3874 ἂν
1642 3814 1797 3873 εἷπον
1823 3818 1971 3890 αὐτῷ

392 3917 447 3968 οἱ
474 3915 716 3984 μαθηταὶ
733 3912 919 3980 αὐτοῦ,
940 3913 1308 3983 ἐρωτηθέντες
1337 3909 1466 3980 παρ’
1492 3910 1680 3975 αὐτοῦ,
1705 3926 1724 3960 ι
1751 3908 1888 3963 Τίνα
1904 3924 1972 3979 με

394 4008 641 4074 λέγουσιν
688 4005 739 4058 oi
800 4004 1079 4075 ἄνθρωποι
1124 4000 1265 4057 εἶναι
1316 4003 1565 4056 τὸνύίδν
1614 4002 1709 4055 τοῦ
1758 3999 1971 4072 ἀνθρώ-

400 4115 536 4164 πους
568 4116 585 4149 ι
617 4098 711 4152 καὶ
743 4094 898 4151 εἷπον
923 4099 1057 4166 προς
1084 4097 1269 4163 αὐτὸν,
1315 4097 1395 4150 ὅτι
1429 4114 1449 4146 ι
1471 4095 1532 4149 Oi
1586 4094 1686 4165 μὲν
1714 4095 1972 4163 λέγουσιν

408 4185 539 4243 εἷναί
571 4206 632 4243 σε
669 4189 881 4254 Ἠλίαν,
910 4191 961 4243 ot
985 4189 1040 4242 δὲ
1075 4188 1368 4257 Ἱερεμίαν,
1395 4186 1428 4258 ἢ
1462 4186 1562 4240 ένα
1594 4187 1703 4239 τῶν
1751 4200 1969 4255 προφη-

407 4281 570 4346 τῶν.)
607 4283 720 4337 Kal
748 4279 901 4335 εἶπεν
924 4282 1110 4344 αὐτοῖς
1134 4283 1160 4333 6
1188 4280 1445 4348 Χριστὸς,
1478 4298 1496 4331 ι
1534 4278 1724 4348 Ὑμεῖς
1755 4277 1811 4330 δὲ
1845 4276 1971 4329 τινα

2071 3183 2286 3241 etiamsi
2322 3183 2610 3246 moriatur,
2641 3183 2872 3249 vivet“.
2897 3200 2916 3235 ι
2967 3182 3033 3238 Et
3065 3199 3079 3237 :
3118 3202 3138 3234 ‹
3178 3183 3649 3264 Quemadmodum

2073 3271 2236 3326 Pater
2265 3271 2494 3326 suscitat
2529 3279 2776 3327 mortuos
2831 3283 2888 3326 et
2943 3270 3204 3336 viviticat,
3243 3273 3325 3327 sic
3359 3280 3415 3328 et
3453 3273 3650 3337 Filius,

2072 3379 2213 3434 quos
2241 3363 2503 3430 voluerit,
2536 3363 2779 3419 vivilicat
2803 3364 2870 3419 ⁸³.
2902 3382 2922 3417 ι
2979 3364 3047 3419 Et
3093 3380 3108 3419 :
3151 3384 3169 3416 ι
3197 3364 3366 3420 Nemo
3397 3366 3535 3421 vidit
3565 3366 3655 3422 Fi-

2073 3454 2231 3519 lium,
2266 3454 2373 3509 nisi
2410 3455 2598 3523 Pater,
2623 3470 2730 3511 nec
2772 3456 2988 3512 Patrem
3020 3456 3214 3528 aliquis
3249 3458 3405 3524 vidit,
3430 3458 3537 3514 nisi
3568 3459 3654 3513 Fi-
3732 3457 3747 3474 ‘

2071 3546 2200 3611 lius,
2236 3559 2291 3602 et
2327 3548 2415 3602 cui
2452 3546 2626 3602 Filius
2666 3548 2906 3603 voluerit
2933 3549 3176 3605 revelare
3216 3549 3283 3607 ⁵³.
3337 3570 3357 3603 ι
3403 3551 3654 3607 Christus

2074 3638 2240 3709 igitur
2273 3638 2388 3694 hmo
2413 3639 2628 3705 dicens,
2654 3630 2969 3711 docensque
2994 3641 3261 3711 homines,
3285 3642 3655 3715 interrogatus

2074 3730 2363 3785 veritatem
2401 3732 2641 3785 celaret?
2684 3731 2753 3786 Et
2785 3733 2909 3802 quis
2939 3733 3024 3788 vel
3066 3734 3295 3790 insanus
3324 3735 3409 3790 vel
3453 3737 3656 3791 stultus

2077 3822 2183 3877 hoc
2207 3823 2500 3880 crederet?
2539 3823 2596 3879 Si
2637 3825 2785 3880 enim
2825 3833 2934 3880 non
2966 3835 3085 3881 erat
3112 3827 3277 3893 Deus,
3312 3842 3415 3884 nec
3445 3827 3539 3883 Dei
3569 3828 3659 3884 Fi-

2075 3915 2204 3983 lius,
2246 3929 2357 3969 non
2391 3916 2583 3986 utique
2616 3915 2874 3987 discipuli
2902 3918 3022 3987 ejus
3053 3916 3122 3971 ab
3165 3918 3258 3973 illo
3285 3918 3603 3989 interrogati
3640 3939 3654 3974 :

2084 4025 2102 4059 ‹
2142 4006 2314 4073 Quem
2344 4022 2431 4063 me
2462 4007 2659 4069 dicunt
2686 4007 2938 4063 homines
2967 4021 3089 4063 esse
3126 4008 3296 4063 ﬁlium
3318 4008 3599 4067 hominis?
3632 4031 3650 4063 ι

2075 4098 2343 4154 dixissent
2372 4098 2471 4162 illi,
2509 4115 2528 4150 ι
2566 4097 2671 4153 Alii
2714 4097 2937 4167 quidem
2975 4107 3027 4152 te
3062 4098 3255 4154 dicunt
3290 4114 3412 4155 esse
3460 4100 3653 4166 Eliam,

2078 4189 2171 4243 alii
2198 4189 2515 4256 Jcremiam,
2548 4190 2636 4244 vel
2680 4205 2850 4243 unum
2878 4190 3294 4259 prophetarum.
3342 4210 3362 4243 ι
3413 4192 3481 4246 Ει
3519 4193 3660 4247 dixit

2076 4280 2184 4334 illis
2221 4279 2478 4336 Christus
2507 4297 2523 4335 :
2558 4298 2576 4332 ι
2612 4280 2719 4336 Vos
2760 4296 2894 4335 vero
2920 4296 3083 4350 quem
3114 4297 3202 4337 me
3231 4282 3416 4339 dicitis
3444 4285 3598 4339 esse?
3630 4304 3650 4337 ι

403 4391 469 4443 με
520 4374 706 4443 λέγετε
748 4371 928 4439 εἷναις
967 4389 985 4424 ι
1014 4371 1126 4426 Kal
1163 4372 1488 4442 ἀποκριθεὶς
1513 4371 1541 4422 6
1573 4370 1780 4440 Πέτρος
1816 4363 1966 4420 εἶπεν

2082 4371 2146 4424 Et
2176 4372 2514 4440 reSpondens
2542 4372 2760 4435 Petrus,
2796 4372 2933 4427 dixit
2962 4371 3041 4427 illi
3072 4388 3087 4427 :
3123 4391 3141 4425 ι
3180 4374 3260 4427 Tu
3289 4389 3349 4431 es
3376 4373 3652 4442 Christus,

399 4466 572 4535 αὐτῷ,
621 4466 701 4518 ὅτι
737 4484 755 4516 ι
779 4466 853 4518 Σὺ
895 4460 947 4517 εἶ
983 4464 1011 4516 6
1044 4462 1300 4533 Χριστὸς,
1334 4462 1363 4514 6
1398 4461 1526 4524 Υἱὸς
1564 4460 1661 4513 τοῦ
1711 4459 1846 4513 Θεοῦ
1874 4457 1966 4512 τοῦ

2085 4460 2253 4516 Filius
2291 4463 2382 4517 Dei
2413 4463 2649 4517 viventis
2671 4462 2738 4517 “.
2782 4481 2802 4515 ι
2842 4463 3077 4521 Dixisset
3111 4474 3241 4520 tunc
3274 4465 3528 4522 Christus
3558 4469 3659 4523 Pe-

398 4555 626 4621 Ctiruroc.
656 4576 675 4608 ›
710 4556 945 4627 Ἔμελλε
978 4557 1072 4610 καὶ
1104 4557 1213 4625 γὰρ
1243 4556 1416 4609 εἰπεῖν
1445 4554 1473 4607 6
1502 4554 1736 4624 Χριστὸς
1769 4552 1847 4624 τῷ
1870 4555 1978 4606 Πέ-

396 4658 533 4718 τρῳ,
568 4648 647 4701 ὅτι
672 4667 691 4700 ι
726 4648 1106 4718 Πεπλάνησαι,
1145 4647 1486 4718 βλασφήμως
1509 4646 1762 4717 εἴρηκας,
1794 4645 1980 4708 κακῶς

394 4740 727 4811 λελάληκας,
746 4740 847 4793 οὐκ
873 4742 989 4809 εἰμὶ
1010 4740 1140 4802 Υἱὸς
1162 4737 1324 4795 Θεοῦ.
1356 4757 1375 4791 ι
1403 4739 1512 4790 Kal
1541 4737 1650 4806 γὰρ
1673 4737 1799 4789 ἐπεὶ
1825 4736 1972 4790 διδά-

398 4832 599 4894 σκαλος
630 4833 813 4901 αὐτῶν
838 4827 907 4903 ἦν
945 4833 973 4885 6
999 4830 1258 4902 Χριστὸς,
1286 4830 1339 4883 τί
1374 4829 1563 4900 ἕτερον
1595 4828 1791 4900 ἔμελλε
1819 4828 1970 4883 διδά-

400 4940 554 4976 σκειν
587 4923 785 4986 αὖτοὺς
814 4925 861 4976 εί
894 4924 968 4993 μὴ
1000 4921 1101 4993 τὴν
1156 4920 1449 4991 ἀλήθειαν;
1492 4920 1558 4972 Τί
1608 4919 1741 4988 γοῦν
1769 4921 1796 4972 6
1827 4920 1967 4990 Χρια

401 5017 526 5080 στος
583 5017 660 5087 τῷ
710 5016 915 5085 Σίμωνι
948 5016 1173 5087 Πέτρῳ;
1211 5034 1229 5067 ι
1256 5012 1542 5085 Μακάρὶος
1572 5010 1643 5081 εἶ,
1672 5014 1857 5084 Σίμων
1887 5015 1971 5068 υἱὲ

397 5107 494 5160 τοῦ
531 5106 708 5172 Ἰωνᾶ,
754 5108 835 5160 ὅτι
893 5107 1033 5178 σὰρξ
1082 5111 1177 5160 καὶ
1212 5101 1350 5177 αἷμα
1379 5108 1480 5160 οὐκ
1510 5105 1829 5176 ἀπεκάλυψέ
1865 5122 1969 5169 σοι,

399 5198 517 5252 ἀλλ’
546 5199 575 5251 6
601 5199 794 5270 Πατήρ
835 5213 937 5267 μου
968 5201 997 5250 6
1030 5201 1087 5251 ὲν
1113 5200 1226 5260 τοῖς
1256 5198 1528 5268 οὐρανοῖς.
1555 5215 1574 5248 t
1609 5199 1725 5250 Οὐκ
1763 5197 1974 5264 ἀγνοῶν

400 5291 669 5361 ὁὲςίλγρὼτοι
714 5291 743 5342 6
792 5290 1027 5360 Χριστὸς
1056 5291 1146 5343 τὸν
1194 5290 1397 5359 Πέτρον
1451 5289 1532 5357 τὸ,
1561 5289 1681 5342 τίνα
1724 5289 1977 5356 λέγουσιν

403 5379 543 5435 εἶναι
608 5382 770 5437 αὐτὸν
820 5383 870 5435 οί
917 5383 1143 5453 ἆνθρωπ
1178 5399 1215 5448 ι,
1250 5381 1366 5434 ἀλλ’
1401 5381 1591 5452 ὥσπερ
1623 5382 1715 5433 ἐπὶ
1743 5381 1838 5434 τοῦ
1866 5381 1974 5432 Λα-

401 5474 569 5541 ζάρου
601 5473 709 5543 πρὸ
737 5472 833 5526 τοῦ
863 5472 1095 5526 θανάτου
1142 5473 1351 5526 ἐκείνου
1394 5473 1601 5543 ἕλε-(εν,
1628 5474 1710 5525 ὅτι
1749 5491 1766 5523 ι
1793 5473 1974 5534 Λάζα-

406 5578 502 5632 ρος
526 5567 553 5616 6
580 5564 731 5631 φίλος
785 5563 946 5633 ἡμῶν
977 5561 1272 5627 ἀπέθανεν,
1325 5562 1461 5616 ἀλλὰ
1496 5562 1803 5634 πορεύομαι
1842 5565 1969 5615 ἀνοι-

499 5676 546 5709 “
581 5676 738 5732 Joan.
769 5688 880 5740 xtv,
926 5676 980 5731 9.
1059 5676 1105 5708 “
1127 5674 1285 5730 Joan.
1328 5692 1381 5738 κ,
1429 5676 1519 5744 39.
1593 5675 1646 5723 ι’.
1675 5676 1836 5731 Joan.
1888 5689 2009 5739 vm,
2039 5675 2124 5731 l9.
2201 5676 2246 5708 ⁸⁸
2286 5675 2417 5731 ibid.
2452 5676 2543 5731 55.

403 5746 448 5780 "
491 5746 645 5803 Joan.
696 5761 772 5814 χι,
818 5748 908 5801 25.
983 5746 1026 5780 ⁸²
1066 5745 1223 5800 Joan.
1258 5761 1310 5808 ν,
1339 5747 1430 5800 ει.
1506 5746 1551 5778 ³³
1588 5745 1778 5802 Matth.
1814 5746 2000 5811 xn,27.

696 5843 964 5904 Parnm.
997 5843 1110 5903 Gtt.
1154 5838 1328 5899 CLIV

2083 4563 2168 4610 tto
2203 4572 2218 4608 :
2261 4571 2279 4605 ι
2313 4554 2604 4620 Erravisti,
2660 4554 2829 4625 impie
2873 4555 3094 4611 loeutus
3143 4571 3206 4612 es
3264 4568 3322 4613 et
3350 4573 3657 4628 perverse:

2078 4661 2187 4701 non
2211 4648 2358 4701 enim
2379 4647 2550 4706 Filius
2576 4647 2677 4703 Dei
2701 4663 2842 4704 sum.
2873 4667 2894 4700 ι
2926 4647 3062 4704 Cum
3085 4651 3234 4705 enim
3259 4660 3561 4720 ιιι-τεθοριηι-
3589 4653 3658 4706 il-
3746 4676 3751 4681 -

2081 4738 2261 4793 lorum
2288 4738 2546 4797 Christus
2568 4747 2736 4804 esset,
2768 4740 2964 4810 ecquid
2989 4741 3137 4796 aliud
3172 4756 3336 4812 quam
3369 4743 3658 4798 veritatem

2075 4839 2198 4884 erat
2233 4831 2357 4886 illos
2387 4831 2690 4886 docturus?
2738 4832 2879 4899 Quid
2928 4841 3109 4889 autem
3143 4832 3399 4890 Christus
3445 4835 3657 4890 Simoni

2069 4918 2232 4976 Petro
2264 4921 2590 4990 respondet?
2612 4922 2849 4977 «Beatus
2873 4937 2956 4989 es,
2993 4920 3180 4978 Simon
3206 4922 3280 4979 illi
3316 4924 3475 4987 Jona,
3519 4940 3661 4994 quo-

2084 5013 2237 5066 niam
2261 5027 2391 5066 caro
2423 5020 2480 5066 et
2513 5014 2734 5084 sanguis
2770 5029 2879 5069 non
2926 5016 3193 5070 revelavit
3225 5015 3342 5079 tibi,
3372 5015 3468 5075 sed
3488 5013 3663 5069 Pater

2082 5118 2257 5166 meus.
2291 5105 2384 5172 qui
2439 5105 2494 5158 in
2551 5106 2706 5160 cmlis
2762 5116 2845 5162 est
2865 5107 2932 5161 ⁸³.
2954 5124 3014 5158 ει
3068 5106 3322 5162 Christus
3376 5121 3509 5160 vero
3550 5121 3665 5161 non

2084 5198 2238 5264 quasi
2277 5197 2535 5267 ignorans
2579 5198 2935 5268 interrogavit
2973 5199 3214 5262 Petrum,
3270 5213 3562 5268 quemnam
3598 5199 3665 5252 il-

2084 5288 2197 5342 lum
2224 5301 2346 5342 esse
2379 5288 2625 5343 dicerent
2660 5289 2930 5379 b'omines,
2966 5291 3061 5345 sed
3096 5290 3557 5362 quemadmodum
3591 5290 3662 5346 do

2086 5377 2292 5432 Lazaro
2360 5377 2694 5448 prtusquam'
2728 5389 3034 5434 moreretur
3062 5380 3281 5436 dicebat
3314 5395 3328 5432 :
3368 5398 3389 5432 ‹
3422 5379 3662 5446 Lazarus

2080 5469 2289 5524 amicus
2329 5478 2516 5523 noster
2549 5482 2798 5524 mortuus
2826 5479 2931 5534 est,
2971 5470 3067 5526 sed
3094 5474 3249 5537 abeo,
3293 5476 3350 5526 et
3381 5471 3660 5526 suscitabo

2078 5563 2252 5628 illum,
2296 5581 2313 5614 ι
2346 5563 2626 5632 profectus
2660 5579 2792 5619 vero
2852 5564 2980 5620 illuc
3028 5563 3445 5635 interrogabat:
3478 5582 3496 5615 ι
3554 5562 3657 5618 Ubi

2644 5677 2690 5712 δ’
2732 5677 2927 5734 Matth.
2963 5697 3036 5743 Ix,
3063 5678 3119 5734 2.
3196 5679 3243 5713 ⁸⁰
3281 5680 3438 5735 Ιοαη.
3473 5696 3524 5745 x,
3567 5680 3657 5734 35.

2074 5749 2121 5779 εδ
2159 5746 2346 5800 Matth.
2392 5762 2500 5813 xvr,
2546 5749 2725 5803 l5—l6.
2788 5752 2845 5817 7M
2888 5752 3019 5805 ibid.
3058 5751 3144 5802 i7.

3277 5849 3346 5906 17
