4090 6482
465 363 574 431 523

1674 353 1998 417 JOANNIS
2044 349 2578 433 CANTACUZENI

3645 346 3757 415 526

462 477 732 551 posuistis
761 476 935 533 eum?
971 493 989 526 ι
1051 469 1262 529 Deinde
1313 485 1439 527 cum
1492 466 1819 524 auctoritate
1857 464 1998 520 dixit
2036 477 2057 517 ι

2166 462 2384 531 στήσων
2409 460 2574 516 αὐτόν
2594 477 2609 492 ·
2638 480 2660 514 ι
2698 452 2988 532 πορευθεὶς
3036 461 3093 516 δὲ
3131 462 3338 534 ἡρὼτα,
3391 480 3411 516 ι
3436 459 3546 519 Ποῦ
3576 442 3758 521 τεθεί-

408 580 416 589 ·
468 592 488 625 ι
522 570 751 638 Lazare,
783 571 873 627 exi
900 567 1049 624 foras
1073 566 1141 633 “,
1186 584 1205 618 ι
1240 573 1295 620 et
1328 561 1574 619 obedixit
1617 557 1888 615 exanimis
1936 571 2058 611 τοι·
2098 630 2105 641 ὃ

462 668 536 723 bo
568 664 824 730 Demini;
851 670 934 725 ut,
969 660 1219 730 inquam,
1249 656 1504 712 Christus
1535 653 1652 707 hmo
1689 650 1836 716 fecit,
1873 659 2058 704 osten-

460 757 601 813 dens
657 759 847 811 suam‘
895 750 1239 805 divinitatem
1295 754 1353 802 et
1421 741 1822 798 humanitatem
1890 757 1904 793 :
1976 736 2057 793 sic

458 851 629 907 etiam
659 859 810 902 nunc
835 843 1196 910 interrogavit
1246 836 1572 908 discipulos,
1622 842 1684 889 ut
1735 831 2057 888 ostenderet

460 957 521 999 se
548 942 723 995 Deum
751 950 871 993 esse
896 945 953 992 et
991 933 1294 995 hominem,
1328 938 1385 985 et
1418 940 1478 983 ut
1509 944 1540 982 a
1566 926 1751 997 parvis
1780 923 1956 979 initiis
1986 923 2054 979 ad

460 1033 744 1102 fastigium
775 1030 1024 1085 veritatis
1084 1025 1541 1096 perducerentur.
1597 1020 1874 1077 Craterum
1933 1026 2057 1088 post

461 1124 638 1194 ipsam
689 1135 911 1192 quoque
956 1116 1450 1181 resurrectionem,
1501 1108 2057 1183 quidnam'Thomas

458 1213 621 1280 dixit,
649 1213 745 1282 qui
785 1221 841 1265 et
864 1211 981 1279 ipse
1010 1222 1154 1263 unus
1201 1214 1323 1260 erat
1349 1220 1380 1260 e
1404 1202 1697 1259 duodecim
1734 1198 2057 1271 discipulis?

460 1303 566 1371 Qui
626 1309 976 1359 contrectato
1006 1282 1250 1353 ‘Christi
1294 1296 1490 1359 latere,
1543 1292 1867 1364 planissime
1909 1290 2053 1346 idem

458 1396 600 1453 dixit
640 1412 657 1454 :
709 1414 728 1448 ι
779 1393 1048 1449 Dominus
1094 1406 1271 1456 meus,
1299 1390 1357 1445 et
1390 1388 1538 1443 Deus
1567 1401 1726 1442 meus
1751 1385 1819 1440 ⁵⁷.
1855 1403 1873 1437 ι
1911 1382 2054 1451 Quid

458 1495 641 1543 autem
676 1486 756 1541 illi
796 1482 1086 1540 Christus?
1138 1481 1260 1536 Non
1326 1477 1482 1543 dicit,
1547 1474 1748 1561 Desine
1796 1474 2055 1544 blaSphe-

461 1594 635 1642 mare,
659 1576 757 1633 sed
781 1574 950 1646 quid?
1001 1593 1020 1625 ι
1047 1572 1186 1641 Quia
1216 1571 1403 1628 vidisti
1432 1585 1541 1631 me,
1566 1567 1873 1625 credidisti.
1903 1565 2057 1620 Beati

455 1674 549 1744 qui
592 1686 702 1726 non
738 1668 950 1733 vident,
982 1675 1041 1722 et
1086 1664 1326 1721 credunt
1346 1664 1414 1717 ⁸⁸.
1446 1680 1464 1714 ι
1500 1662 1645 1729 Quin
1686 1661 1743 1715 in
1790 1657 2059 1730 praedica-

458 1763 626 1818 tionis
651 1761 835 1827 initio,
857 1759 1124 1831 quidnam
1148 1757 1453 1814 Nathanael
1483 1755 1551 1811 ad
1575 1754 1854 1811 Christum
1886 1751 2059 1807 dieit?

2160 569 2298 606 κατε
2320 552 2519 617 αύτόν;
2553 571 2572 604 ι
2610 547 2731 607 εἳτα
2757 552 2980 625 ἐξουσίᾳ
3007 553 3260 625 ἐλάλησε,
3291 573 3311 607 ι
3332 555 3757 629 Δάζαρε,δεῦρο

2159 644 2291 711 ἔξω,
2337 663 2357 697 ι
2398 645 2496 699 καὶ
2555 645 2870 715 ὑπήκουσεν
2919 647 2950 700 6
3000 647 3207 712 ἄπνους
3249 647 3331 718 τῷ
3397 647 3496 702 τοῦ
3545 649 3757 719 Κυρίου

2161 737 2552 807 προστάγματι
2587 754 2601 769 ’
2635 737 2899 793 δεικνύων
2953 740 3052 806 τήν
3092 756 3154 793 τε
3184 739 3351 793 αὐτοῦ
3390 738 3627 812 θεότητα
3659 743 3755 798 καὶ

2167 829 2601 902 ὰνθρωπότηταο
2648 830 2794 886 οὕτω
2841 833 2939 887 καὶ
2988 832 3132 887 κατὰ
3171 833 3232 887 τὺ
3283 833 3464 904 παρὸν
3494 833 3754 906 ἠρώτησε

2161 919 2302 991 πρὸς
2334 922 2461 983 τοὺς
2515 920 2788 991 μαθητὰς,
2832 921 2922 977 ἵνα
2959 921 3111 996 δείξῃ
3152 922 3317 977 αὑτὸν
3363 923 3502 978 Θεὸν
3526 926 3623 978 καὶ⁵
3654 924 3754 979 ἆν-

2161 1011 2408 1081 θρωπον,
2442 1014 2535 1066 καὶ
2583 1014 2673 1067 ἵνα
2724 1016 2790 1068 ὲκ
2823 1013 2916 1068 τοῦ
2946 1015 3296 1087 καταμικρὺν
3326 1016 3643 1084 ἀνάγωνται
3675 1019 3757 1080 είς

2158 1104 2219 1158 τὸ
2244 1103 2380 1174 ὕψος
2402 1104 2501 1174 τῆς
2527 1104 2766 1176 ἀληθοῦς
2802 1106 3250 1175 γνὼσεως.Ἀλλά
3276 1108 3343 1180 δὴ
3373 1109 3465 1161 καὶ
3493 1109 3635 1180 μετὰ
3657 1109 3761 1180 τὴν

2160 1192 2463 1246 ἀνάστασιν
2501 1193 2556 1246 τί
2604 1186 2760 1247 εἷπεν
2817 1198 2845 1249 6
2895 1194 3137 1265 Θωμᾶς,
3196 1192 3279 1260 εἷς
3321 1195 3399 1251 ὣν
3451 1198 3549 1252 καὶ
3592 1198 3756 1262 αὐτὸς

2159 1283 2270 1341 τῶν
2326 1281 2538 1337 δώδεκα
2597 1286 2879 1360 μαθητῶν,
2943 1288 3279 1359 ψηλαφήσας
3339 1287 3442 1360 τὴν
3510 1290 3754 1362 πλευρὰν

2159 1375 2253 1429 τοῦ
2309 1376 2581 1447 Χριστοῦ;
2633 1379 2858 1442 Πάντως
2918 1379 3012 1434 καὶ
3059 1380 3226 1444 αὐτὸς
3281 1381 3459 1445 οὕτως
3505 1383 3750 1455 εῐρηκιν,

2166 1487 2185 1522 ι
2220 1469 2279 1523 '0
2340 1469 2546 1541 Κύριός
2609 1488 2714 1542 μου
2763 1475 2859 1527 καὶ
2895 1476 2923 1528 6
2969 1474 3105 1538 Θεός
3158 1492 3323 1546 μου.»
3359 1476 3428 1531 Τί
3453 1476 3587 1544 γοῦν
3615 1494 3753 1546 φησι
3838 1494 3861 1512 ι

2162 1562 2258 1617 καὶ
2283 1562 2422 1633 πρὸς
2453 1564 2619 1637 αὐτὸν
2643 1568 2671 1618 6
2695 1566 2974 1636 Χριστός;
3004 1568 3121 1621 Ούκ
3152 1563 3308 1623 εἶπεν
3336 1567 3508 1638 αύτῷ,
3539 1561 3754 1622 Παῦσαι

2163 1654 2525 1728 βλασφημῶν,
2555 1658 2690 1712 ἀλλά
2710 1660 2801 1726 τίς
2842 1679 2861 1711 ι
2895 1661 3016 1715 Ὅτι
3041 1659 3291 1734 ἑώρακάς
3335 1681 3425 1734 με,
3460 1663 3755 1716 πεπίστευ-

2163 1762 2292 1809 κας.
2328 1747 2609 1818 Μακάριοι
2643 1750 2693 1802 οί
2741 1749 2818 1821 μὴ
2868 1749 3092 1817 ίδόντες,
3141 1754 3239 1806 καὶ
3283 1751 3749 1815 πιστεύσαντες.»

455 1855 578 1925 ipse
610 1854 759 1910 enim
781 1852 1085 1908 Nathanael
1113 1852 1250 1921 legis
1274 1850 1472 1904 doctor
1494 1840 1613 1903 erat
1646 1844 1790 1917 apud
1813 1844 2052 1910 Juda'os,

2179 1837 2340 1893 Ἀλλὰ
2370 1841 2464 1893 καὶ
2496 1841 2555 1892 ὲν
2582 1844 2651 1913 τῇ
2691 1842 2834 1914 ἀρχῇ
2887 1843 2983 1897 τοῦ
3033 1845 3396 1916 κηρύγματος
3425 1847 3480 1900 τί
3529 1843 3683 1900 εἶπεν
3718 1848 3753 1901 6

458 1937 802 2017 veniensque
849 1944 917 2000 ad
948 1944 1260 2010 Christum,
1309 1937 1677 2011 interrogavit
1724 1951 1854 1992 eum
1905 1951 2056 2006 qua:-

457 2054 677 2109 cunque
720 2037 898 2092 voluit
927 2045 984 2093 et
1025 2034 1312 2106 cupiebat;
1365 2046 1493 2088 cum
1539 2045 1675 2086 vero
1714 2044 1783 2085 ex
1831 2028 2053 2084 Christo

456 2135 622 2189 etiam
649 2147 714 2187 ea
765 2128 1117 2202 cognovisset
1151 2142 1275 2197 quae
1300 2127 1491 2180 animo
1522 2138 1625 2180 suo
1653 2122 1924 2178 occultata
1970 2130 2053 2175 te-

457 2221 640 2292 gebat,
670 2219 813 2274 'dicit
844 2217 912 2273 ad
944 2217 1135 2273 Jesum
1167 2236 1181 2273 :
1219 2234 1239 2268 ι
1278 2215 1362 2269 Tu
1412 2229 1474 2269 es
1504 2213 1595 2268 ille
1627 2212 1800 2269 Filius
1846 2211 1967 2275 Dei,
1996 2219 2052 2266 tu

457 2327 520 2368 es
574 2311 666 2366 ille
712 2325 809 2366 rex
858 2309 1105 2371 lsraelis.
1150 2325 1170 2360 ι
1210 2306 1354 2363 Num
1388 2315 1573 2361 autem
1613 2305 1762 2360 hunc
1797 2303 2055 2360 Christus

459 2417 562 2458 ceu
592 2402 735 2456 male
781 2401 1060 2456 dicentem
1106 2397 1429 2469 increpuit?
1478 2396 1858 2466 Nequaquam.
1912 2394 2055 2462 Quid

458 2493 627 2550 vero?
652 2492 795 2548 Dicit
840 2492 922 2547 illi
961 2490 1221 2547 Christus
1256 2505 1277 2544 :
1328 2508 1347 2541 ι
1414 2486 1554 2555 Quia
1609 2487 1724 2542 dixi
1775 2486 1872 2541 tibi
1932 2501 2058 2557 qua:

461 2584 632 2642 corde
657 2584 934 2640 occultata
969 2584 1214 2654 tegebas,
1259 2581 1467 2639 credis.
1521 2579 1726 2652 Maiora
1770 2579 1857 2634 his
1904 2579 2057 2635 vide-

459 2679 632 2736 l-is".
662 2698 681 2730 ι
716 2679 784 2734 Ει
818 2690 945 2732 eum
972 2675 1276 2732 Christusa
1300 2675 1479 2731 Pilato
1499 2675 1871 2744 interrogatus
1893 2671 2054 2738 dixit,

463 2786 484 2821 ι
527 2769 609 2824 Tu
646 2768 836 2824 dixisti
858 2768 937 2835 ‘°,
982 2785 1003 2819 ι
1038 2781 1150 2822 non
1190 2767 1504 2837 negationis
1555 2763 1793 2820 formula
1819 2770 1924 2828 est,
1957 2761 2056 2817 sed

456 2860 837 2919 aliirmationis
862 2868 920 2916 et
948 2859 1337 2924 confessionis,
1370 2873 1478 2929 qua
1542 2857 1710 2912 etiam
1742 2854 1810 2909 ad
1856 2854 2054 2910 ludam

459 2970 594 3011 usus
619 2962 726 3009 est.
756 2953 895 3010 Cum
929 2952 1082 3008 enim
1104 2967 1233 3009 cum
1259 2951 1547 3021 discipulis
1574 2949 1692 3004 suis
1741 2946 2057 3002 discubuis-

458 3057 564 3112 set,
601 3047 740 3103 dixit
767 3047 835 3102 ad
864 3061 965 3103 eos
1004 3064 1018 3102 :
1053 3066 1073 3099 ι
1113 3045 1270 3103 Unus
1314 3054 1563 3099 vestrum
1619 3040 1818 3111 prodet
1866 3054 1972 3094 me.
2028 3056 2051 3091 ι

384 3132 397 3139 ’
456 3139 526 3193 Et
553 3137 813 3194 dixerunt
835 3138 1036 3209 singuli
1070 3138 1138 3193 de
1161 3152 1282 3193 sese
1318 3150 1334 3188 :
1378 3136 1576 3195 LNnm
1613 3147 1717 3204 ego
1760 3147 1906 3197 satm,
1950 3131 2056 3185 Do-

2160 1927 2454 2003 Ναθαναὴλ
2495 1930 2632 2004 πρὸς
2672 1935 2765 1988 τὸν
2796 1935 3066 2007 Χριστόν;
3105 1939 3223 1992 Καὶ
3245 1938 3355 2008 γὰρ
3393 1937 3606 2002 όαύτὸς
3638 1936 3752 1992 Να-

2163 2021 2373 2094 θαναὴλ
2397 2024 2855 2092 νομοδιδάσκαλος
2886 2026 2964 2081 ὢν
2995 2027 3107 2083 τῶν
3147 2030 3442 2093 Ἰουδαίων,
3476 2029 3645 2084 ἐλθὼν
3669 2033 3752 2095 είς

2160 2114 2255 2169 τον
2284 2116 2548 2189 Χριστὸν,
2588 2118 2884 2190 ἠρώτησεν
2919 2118 3086 2175 αὐτὸν
3132 2122 3235 2176 ὅσα
3269 2122 3429 2194 ἦθελε
3471 2124 3569 2178 καὶ
3595 2123 3753 2178 ἐδού-

2164 2207 2289 2262 λετο
2325 2222 2337 2237 ·
2390 2211 2638 2276 ἀκούσας
2682 2211 2741 2265 δὲ
2791 2215 2926 2284 παρ’
2957 2214 3125 2268 αὑτοῦ
3157 2214 3255 2268 τοῦ
3307 2215 3569 2288 Χριστοῦ,
3604 2217 3753 2289 ἅπερ

2161 2303 2314 2380 εἶχεν
2342 2307 2637 2378 ἀπόρρητα
2668 2305 2729 2360 έν
2761 2309 2829 2379 τῇ
2862 2307 3065 2380 καρδίᾳ
3099 2308 3291 2375 αὐτοῦ,
3323 2309 3472 2379 λέγει
3516 2310 3595 2381 τῷ
3646 2311 3756 2383 Ἰη-

2161 2399 2279 2465 σοῦ,
2318 2418 2337 2452 ι
2362 2400 2435 2452 Σὺ
2466 2397 2518 2452 αἱ
2569 2402 2599 2453 ό
2641 2397 2773 2463 Υἱὸς
2821 2400 2916 2454 τοῦ
2963 2397 3128 2467 Θεοῦ,
3157 2401 3227 2455 σὺ
3242 2395 3292 2455 εἶ
3321 2403 3351 2456 6
3376 2401 3630 2473 βασιλεὺς
3650 2403 3749 2458 τοῦ

2171 2492 2417 2564 Ἰσραήλ.
2456 2510 2476 2543 ι
2522 2491 2859 2563 Ἐπετίμησε
2894 2492 3030 2561 γοῦν
3087 2494 3239 2563 αύτῷ
3295 2495 3325 2547 6
3384 2494 3640 2566 Χριστὸς,
3670 2495 3749 2569 ὡς

2160 2585 2350 2646 κακῶς
2389 2582 2724 2654 λαλήσαντις
2768 2583 2927 2654 Οὐχί.
2964 2584 3130 2637 Ἀλλά
3157 2585 3249 2652 τι;
3275 2586 3442 2654 Λέγει
3475 2588 3611 2657 πρὶς
3643 2587 3747 2639 αὐ-

2157 2676 2261 2733 τὸν.
2287 2679 2317 2730 6
2344 2678 2621 2744 Χριστός·
2661 2695 2684 2729 ι
2723 2679 2847 2731 Ὀτι
2880 2675 3037 2733 εἶπόν
3080 2696 3166 2732 σοι
3213 2680 3281 2734 τὰ
3310 2680 3602 2751 ἀπόρρητα
3648 2681 3755 2751 τῆς

2159 2767 2392 2836 καρδίας
2428 2784 2548 2833 σου,
2596 2769 2879 2833 πιστεύεις
2907 2785 2924 2802 ο
2952 2769 3126 2841 μείζω
3173 2771 3381 2824 τούτων
3412 2771 3551 2841 ὄψει.
3583 2790 3603 2823 ι
3636 2773 3756 2825 Καὶ

2159 2860 2243 2913 ὅτι
2282 2861 2386 2930 μὲν
2459 2858 2761 2933 ἐρωτηθεὶς
2811 2864 2966 2931 παρὰ
3018 2862 3112 2915 τοῦ
3169 2861 3464 2916 Πιλάτουό
3494 2862 3753 2933 Χριστὸς,

2158 2949 2334 3014 οὕτως
2394 2950 2643 3023 εἴρηκεν,
2691 2952 2777 3005 ὅτι
2836 2952 2957 3005 «Σὺ
3006 2949 3171 3014 εἶπας
3213 2952 3395 3021 τοῦτο,
3425 2972 3444 3005 ι
3507 2951 3757 3007 τοιοῦτόν

2160 3043 2334 3110 ἔστιν,
2364 3043 2483 3097 ἀλλ’
2510 3044 2611 3097 οὐκ
2641 3044 2797 3098 ἔστιν
2850 3044 3140 3116 ἀρνήσεως
3161 3044 3340 3116 λόγος,
3382 3047 3518 3101 ἀ).λὰ
3541 3063 3757 3113 συγκα-

2158 3133 2434 3199 ταθέσεως
2460 3140 2558 3191 καὶ
2585 3136 2903 3207 ὁμολογίας.
2921 3140 3026 3193 Καὶ
3053 3139 3245 3210 ὥσπερ
3279 3139 3414 3210 πρὸς
3437 3139 3754 3195 τδνΊούδαν

458 3230 652 3286 mine?
676 3240 732 3287 et
752 3194 980 3294 alius,v¢
1011 3230 1155 3287 Num
1185 3244 1289 3299 ego
1318 3228 1482 3285 sum?
1514 3247 1533 3280 ι
1569 3194 1718 3281 Ιηξὶι
1747 3224 1966 3281 tandem
1997 3232 2054 3279 et

2159 3194 2661 3294 εἰπεοδιαθήμενός
2675 3194 2777 3277 καί
2810 3194 2920 3297 γαρ
2945 3229 3003 3280 ἐν
3030 3229 3130 3300 μιᾷ
3155 3228 3183 3281 6
3210 3194 3445 3297 Χριστός
3477 3230 3614 3300 μετὰ
3632 3194 3750 3285 τῶν

455 3322 648 3387 Judas,
695 3340 721 3376 ιι
769 3324 912 3379 Num
954 3337 1057 3395 ego
1103 3321 1265 3378 sum?
1316 3339 1336 3372 ι
1400 3319 1543 3389 Dicit
1574 3316 1847 3378 Christus.
1897 3335 1915 3369 ι
1969 3316 2051 3371 Tu

461 3415 671 3473 dixisti.
707 3434 727 3468 ι
762 3414 884 3472 Haec
928 3430 1061 3471 sane
1105 3430 1216 3470 non
1267 3411 1503 3483 negandi
1532 3409 1727 3482 figura,
1771 3409 1867 3466 sed
1902 3408 2053 3464 afﬁr-

459 3507 647 3564 mandi
676 3515 817 3573 erat,
850 3522 959 3577 qua
988 3506 1181 3562 eadem
1234 3505 1411 3560 Pilato
1443 3501 1750 3573 respondit.
1794 3500 2053 3556 Formula

461 3603 611 3656 enim
644 3610 775 3655 erat
807 3599 883 3654 illi
912 3598 1064 3670 genti
1107 3594 1427 3669 peculiaris,
1453 3609 1563 3666 qua
1588 3595 1759 3650 etiam
1798 3609 1899 3649 ceu
1928 3592 2051 3648 vul-

458 3693 572 3764 gari
598 3703 654 3748 et
687 3694 889 3748 usitata
932 3690 1193 3745 Christus
1242 3701 1380 3745 usus
1430 3695 1537 3751 est,
1583 3685 2055 3756 quemadmodum

365 3778 379 3792 ’
458 3787 625 3841 etiam
662 3783 809 3856 apud
854 3772 1234 3838 Musulmanos
1274 3779 1594 3849 frequenter
1622 3779 1681 3833 in
1725 3793 1829 3833 usu
1863 3785 1966 3831 cst.
1994 3776 2054 3832 Si

458 3878 609 3933 enim
637 3878 769 3947 quis
796 3875 945 3930 dicat
992 3874 1231 3929 alterum
1275 3870 1638 3935 consulendo,
1695 3867 2055 3924 Faciemusne

461 3968 568 4024 hoc
611 3977 711 4022 aut
746 3965 917 4021 illud?
962 3972 1096 4019 tunc
1124 3978 1231 4033 pro.
1277 3977 1345 4017 eo
1393 3961 1547 4032 quod
1571 3961 1711 4015 alter
1738 3961 1924 4015 dicere
1954 3963 2053 4014 des

460 4061 646 4122 hebat,
683 4057 841 4123 Fiat,
888 4057 1046 4119 dicit,
1093 4074 1119 4107 ι
1152 4054 1234 4108 Tn
1261 4054 1485 4109 novisti.
1514 4072 1551 4105 o
1584 4052 1773 4123 Neque
1824 4052 1932 4106 hoc
1962 4065 2061 4105 ne-

460 4151 643 4224 gandi,
670 4150 768 4207 sed
803 4148 1145 4206 assentiendi
1194 4147 1431 4203 formula
1464 4154 1571 4202 est.
1607 4145 1685 4201 Ita
1710 4154 1769 4201 et
1797 4143 2059 4200 Christus

461 4248 565 4300 hac
593 4245 702 4299 illis
730 4245 933 4298 usitata
981 4240 1242 4305 formula,
1282 4257 1301 4291 ι
1343 4237 1426 4293 Tu
1451 4238 1665 4305 dixisti,
1713 4257 1734 4291 ι
1783 4253 1918 4295 usus
1948 4248 2053 4293 est.

456 4336 835 4393 Nihilominus
870 4343 1056 4390 tamen
1087 4332 1298 4388 Pilatus
1350 4330 1713 4401 interrogavit
1743 4321 2052 4394 Christum,

460 4428 674 4490 dicens,
713 4446 732 4479 ι
760 4424 917 4482 Tune
959 4439 1020 4480 es
1057 4439 1153 4479 rex
1193 4422 1551 4479 Iudaeorum?
1589 4441 1608 4474 ι
1639 4421 1949 4492 Respondit
1978 4421 2055 4476 illi

461 4522 645 4585 Jesus,
689 4538 708 4571 ι
746 4519 998 4589 Regnum
1045 4531 1228 4571 meum
1265 4530 1375 4571 non
1421 4524 1510 4570 est
1560 4530 1634 4570 ex
1676 4515 1783 4570 hoc
1820 4515 2052 4570 mundo.

351 4618 360 4626 ‘
463 4611 518 4666 Si
547 4626 613 4665 ex
659 4611 767 4665 hoc
813 4608 1019 4663 mundo
1050 4616 1200 4663 esset
1252 4622 1484 4678 regnum
1541 4620 1747 4674 meum,
1808 4607 2048 4662 ministri

465 4700 656 4771 utique
687 4701 794 4754 mei
825 4708 1135 4770 pugnarent
1163 4713 1263 4768 pro
1298 4714 1407 4765 me,
1445 4714 1514 4755 ne
1547 4700 1752 4755 iudicis
1776 4701 2047 4755 traderer.

462 4793 624 4848 Nunc
667 4803 853 4848 autem
906 4806 1139 4861 regnum
1190 4804 1374 4847 meum
1406 4806 1515 4846 non
1546 4802 1633 4847 est
1662 4792 1813 4848 hinc.
1848 4811 1868 4845 ι
1906 4791 2051 4849 Dixit

463 4886 542 4940 illi
569 4885 822 4940 Pilatus:
860 4902 878 4937 ι
908 4883 1049 4938 Num
1077 4868 1385 4954 igitur‘rex
1421 4900 1483 4960 es
1529 4886 1622 4940 tui
1674 4905 1693 4936 ι
1745 4886 2052 4957 Respondit

412 5008 420 5047 ἶ
462 4976 623 5031 Jesus
659 4993 675 5029 :
711 4993 735 5026 ιη
775 4971 858 5029 Tu
903 4974 1043 5029 dicis
1088 4989 1177 5028 me
1222 4989 1407 5044 regem
1472 4990 1616 5030 esse.
1672 4976 1786 5047 Ego
1830 4978 1885 5031 in
1945 4977 2052 5032 hoc

466 5077 630 5121 natus
661 5080 808 5131 sum,
843 5074 898 5121 et
930 5074 1217 5136 propterea
1264 5064 1320 5119 in
1360 5065 1627 5121 mundum
1659 5067 1807 5133 veni,
1853 5076 1913 5122 ut
1971 5077 2063 5135 te:

465 5158 787 5216 stimonium
838 5159 1010 5212 feram
1062 5157 1304 5214 veritati.
1354 5156 1546 5213 Omnis
1577 5158 1674 5227 qui
1707 5174 1777 5214 ex
1818 5161 2071 5217 veritate.

463 5261 576 5315 est,
598 5250 753 5304 audit
781 5264 973 5306 vocem
1010 5265 1207 5306 meam.
1248 5270 1270 5303 ι
1298 5250 1441 5306 Dicit
1468 5251 1545 5305 illi
1576 5253 1807 5319 Pilatus,
1843 5271 1862 5304 ι
1902 5252 2047 5318 Quid

464 5350 553 5394 est
577 5339 815 5394 veritas?
848 5357 873 5391 ι
904 5339 1137 5395 Videsne
1192 5342 1467 5410 quomodo
1510 5341 1655 5396 idem
1685 5342 1777 5398 hic
1833 5343 2049 5414 planius

469 5432 905 5484 demonstratum
934 5428 1055 5484 est?
1082 5427 1336 5484 Christus
1366 5429 1596 5484 omnino
1627 5443 1687 5484 se
1718 5444 1902 5499 regem
1926 5444 2048 5485 esse

469 5519 874 5589 Comprobavit,
932 5528 991 5575 et
1034 5535 1065 5575 a
1112 5520 1290 5574 Pilato
1340 5520 1708 5590 interrogatus
1761 5522 1906 5576 idem
1942 5522 2048 5577 hoc

450 5612 776 5683 _t'e.~ipondit.
820 5612 950 5667 Nam
992 5627 1094 5683 pro
1118 5628 1186 5668 eo
1221 5613 1368 5682 quod
1420 5613 1670 5681 dixisset,
1696 5633 1727 5667 ea
1762 5615 1923 5671 Certe
1952 5628 2048 5670 rex

534 5802 599 5880 f"
638 5802 798 5859 Juan.
829 5818 906 5871 ιι,
940 5802 1001 5858 H
1038 5797 1193 5874 sequ
1267 5803 1311 5867 ⁸⁷
1352 5801 1523 5871 «Ιοίιῐὶο,
1548 5817 1641 5872 ιι,
1670 5802 1763 5871 28ν
1869 5805 1916 5841 ⁸⁸
1953 5802 2088 5861 ibid-
2125 5804 2217 5862 29°

1800 6046 1829 6068 *δ

2155 3315 2416 3386 μαθητῶν
2431 3316 2620 3382 αὐτοῦ,
2636 3317 2786 3386 λέγει
2805 3319 2942 3390 πρὸς
2971 3322 3189 3387 αὐτοὺς,
3223 3339 3240 3374 ι
3268 3316 3361 3385 Εἷς
3378 3322 3435 3390 ἐξ
3459 3324 3613 3394 ὑμῶν
3637 3341 3751 3378 πα-

2156 3409 2384 3478 ραδώσει
2412 3426 2479 3480 με
2505 3426 2521 3443 ο
2563 3429 2584 3463 ι
2615 3411 2710 3466 καὶ
2738 3412 2930 3479 ἔλεγεν
2975 3410 3056 3477 εἷς
3111 3414 3344 3479 ἕκαστος
3385 3418 3511 3487 περὶ
3552 3416 3747 3483 αὑτοῦ,

2162 3522 2181 3555 ι
2208 3503 2358 3574 Μήτι
2379 3504 2660 3576 ὲγὼεἰμις
2689 3523 2710 3558 ι
2736 3506 2832 3561 καὶ
2851 3505 3032 3572 ἄλλος,
3057 3525 3079 3559 ι
3099 3509 3249 3578 Μήτι
3269 3509 3380 3575 ἐγώ
3402 3511 3547 3579 είμι;
3576 3528 3595 3561 ι
3618 3504 3747 3564 εἶπε

2153 3589 2249 3647 καλ
2289 3591 2511 3659 Ἰούδας,
2546 3612 2565 3646 ι
2589 3594 2738 3664 Μήτι
2769 3595 2880 3663 ἐγὼ
2909 3595 3065 3665 είμι;
3094 3595 3243 3665 λέγει
3276 3597 3580 3668 όΧριστὸς,
3616 3615 3636 3648 ι
3668 3598 3745 3653 Σὺ

2152 3677 2354 3746 εἶπας·
2385 3701 2404 3735 ι
2440 3685 2564 3738 τότε
2607 3687 2830 3749 πάντως
2887 3687 2989 3741 ούκ
3042 3683 3113 3760 ἦν
3163 3692 3193 3742 6
3249 3689 3408 3758 λόγος
3435 3691 3746 3761 ἀρνήσεως,

2156 3775 2302 3828 ἀλλα
2356 3775 2850 3844 συγκαταθέσεως’
2878 3778 3027 3833 οὕτω
3068 3781 3164 3834 καὶ
3196 3781 3293 3833 ἐπὶ
3341 3780 3440 3835 τοῦ
3484 3782 3743 3837 Πιλάτου.

2157 3867 2331 3933 Λόγος
2362 3866 2472 3937 γὰρ
2502 3863 2573 3936 ἦν
2611 3869 2852 3941 συνήθης
2873 3869 2970 3923 τοῦ
3002 3873 3194 3937 τόπου,
3228 3873 3320 3925 καὶ
3352 3873 3429 3936 ὼς
3452 3871 3547 3927 τοῦ
3574 3873 3741 3927 τόπου

2155 3959 2374 4014 ἐκείνου
2406 3959 2552 4030 λόγῳ
2582 3960 2859 4033 ἐχρήσατο
2893 3964 3044 4034 αὐτῷ
3076 3967 3104 4018 6
3134 3965 3393 4035 Χριστός.
3427 3967 3535 4021 Kal.
3556 3965 3733 4035 ὥσπερ

2157 4048 2365 4122 ἀρτίως
2401 4053 2671 4117 πολλάκις
2708 4055 2808 4109 καὶ
2841 4056 2935 4108 ἐπὶ
2966 4057 3076 4110 τῶν
3115 4058 3564 4129 Μουσουλμάνων
3594 4058 3742 4128 λέγει

2116 4183 2126 4195 .
2158 4142 2345 4212 ἔτερος
2373 4143 2511 4213 πρὸς
2543 4143 2732 4216 ἕτερον
2762 4146 2904 4217 μετὰ
2950 4148 3284 4220 συμσουλῆς,
3316 4150 3399 4203 ὅτι.
3423 4153 3749 4222 Ποιήσωμεν

2157 4234 2283 4288 τόδε
2325 4236 2422 4289 καὶ
2476 4237 2597 4290 τόδε
2630 4254 2643 4268 ·
2693 4239 2789 4292 καὶ
2818 4240 2942 4292 ἀντὶ
2969 4240 3064 4293 τοῦ
3095 4242 3272 4295 εἰπεῖν
3300 4241 3392 4295 τὸν
3416 4242 3626 4314 ἕτερον,
3658 4245 3749 4296 ὄτι

2157 4324 2226 4380 ἂν
2254 4327 2511 4400 γένηται,
2538 4330 2905 4400 ἀποκρίνεται
2944 4330 3031 4385 δτι
3065 4332 3139 4386 Σὺ
3164 4331 3481 4400 γινώσκεις,
3517 4336 3610 4388 καὶ
3641 4330 3747 4388 οὐκ

2159 4419 2279 4473 ἐστι
2332 4419 2491 4488 λόγος
2529 4420 2841 4491 ἀρνήσεως,
2889 4422 3030 4477 ἀλλὰ
3076 4424 3564 4493 συγκαταθέσεως·
3597 4426 3747 4482 οὕτω

2162 4512 2257 4563 καὶ
2310 4510 2406 4564 ἐπὶ
2431 4511 2524 4565 τοῦ
2552 4500 2819 4582 Χριστοῦ,
2851 4513 2928 4577 ὡς
2973 4513 3069 4569 τοῦ
3127 4516 3295 4571 τόπου
3338 4516 3553 4572 ἐκείνου
3598 4517 3748 4588 λόγῳ

2160 4601 2438 4671 ἐχρήσατο
2469 4606 2541 4675 τῇ
2575 4604 2803 4679 τοιαύτῃ
2857 4606 3003 4673 λέξει
3027 4608 3055 4658 6
3081 4607 3347 4677 Χριστὸς,
3372 4611 3466 4681 τῇ,
3509 4628 3528 4662 ι
3559 4611 3631 4665 Σί,
3662 4607 3750 4664 εἶ-

2160 4710 2291 4757 πας.
2314 4711 2334 4745 ι
2368 4693 2559 4766 Ὅμως
2589 4696 2753 4761 αὐτὸς
2776 4698 2805 4749 6
2832 4698 3066 4762 Πιλάτος
3084 4701 3342 4773 ἠρώτησε
3369 4703 3465 4758 τὸν
3481 4703 3747 4774 Χριστὸν,

2158 4783 2357 4852 λέγων,
2392 4805 2411 4837 ι
2436 4787 2511 4840 Σὺ
2566 4783 2619 4839 εῐ
2668 4788 2697 4840 6
2726 4787 2980 4858 βασιλεὺς
3013 4790 3129 4843 τῶν
3172 4792 3526 4863 Ἰουδαὶωνςο
3573 4795 3740 4848 Ἀπε-

2159 4874 2325 4947 κρίθη
2357 4878 2386 4929 6
2428 4876 2663 4948 Ἰησοῦς,
2701 4896 2722 4931 ι
2763 4879 2828 4932 Ἠ
2880 4879 3132 4950 βασιλεία
3166 4886 3198 4954 ἡ
3239 4884 3350 4955 ἐμὴ
3373 4886 3474 4939 οὐκ
3497 4886 3649 4941 ἐστιν
3676 4892 3743 4942 ἐκ

2156 4967 2254 5021 τοῦ
2290 4970 2498 5040 κόσμου
2525 4971 2743 5029 τούτου.
2774 4973 2841 5027 Εί
2889 4976 2953 5028 ἐκ
3009 4976 3105 5030 τοῦ
3141 4978 3352 5050 κόσμου
3382 4980 3573 5034 τούτου
3604 4975 3676 5053 ἦν
3706 4984 3742 5054 ἠ

2159 5060 2410 5131 βασιλεία
2434 5064 2466 5134 ἡ
2500 5065 2631 5135 ἐμὴ,
2666 5065 2717 5117 οἱ
2749 5066 3024 5137 ὑπηρέται
3051 5069 3123 5123 ἂν
3147 5071 3199 5125 οί
3228 5071 3355 5140 ἐμοὶ
3385 5072 3739 5142 ἠγωνίζοντο,

2159 5154 2247 5207 ἵνα
2282 5156 2357 5226 μὴ
2394 5156 2687 5225 παραδοθῶ
2712 5160 2824 5221 τοῖς
2862 5159 3156 5226 Ἰουδαίοις.
3190 5162 3305 5218 Νῦν
3333 5164 3390 5218 δὲ
3424 5169 3458 5237 η
3492 5165 3741 5236 βασιλέα

2159 5248 2325 5319 ηὲμη
2364 5250 2466 5303 οὐκ
2502 5251 2654 5303 ἔστιν
2702 5252 2975 5308 ἐντεῦθεν.
3007 5274 3026 5308 ι
3066 5251 3234 5310 Εἶπεν
3275 5251 3370 5311 οὖν
3400 5259 3552 5330 αύτῷ
3582 5261 3609 5312 6
3641 5259 3742 5313 Πι-

2158 5340 2344 5406 λᾶτος,
2380 5358 2400 5393 ι
2423 5341 2634 5396 υύκοῦν
2665 5342 2921 5414 βασιλεὺς
2947 5343 3001 5400 εἴ
3029 5349 3131 5415 oti;
3159 5368 3180 5402 ι
3226 5350 3530 5423 ’Δπεκρίθη
3560 5353 3590 5406 6
3633 5352 3743 5422 Ἰη-

2159 5432 2308 5500 σοῦς,
2344 5450 2363 5485 ι
2385 5435 2456 5489 Σὺ
2488 5435 2691 5504 λέγεις,
2727 5438 2810 5492 δτι
2849 5440 3103 5518 βασιλεύς
3142 5444 3261 5514 εἰμι
3291 5443 3425 5511 ἐγώ.
3474 5444 3617 5513 Ἐγὼ
3652 5448 3738 5508 εἰς

2154 5524 2317 5578 τοῦτο
2363 5528 2723 5599 γεγέννημαι,
2781 5542 2876 5586 και
2921 5536 3004 5598 εἰς
3054 5534 3216 5588 τοῦτο
3267 5536 3504 5607 ἐλήλυθα
3535 5539 3617 5601 εἰς
3642 5541 3734 5591 τὸν

2159 5616 2388 5690 κόσμον,
2423 5618 2513 5675 ἵνα
2559 5625 2900 5696 μαρτυρήσω
2938 5629 3004 5697 τῇ
3048 5626 3298 5699 ἀληθείᾳ.
3345 5629 3461 5694 Πᾶς
3495 5631 3524 5684 6
3551 5629 3627 5683 ὢν
3669 5632 3733 5682 ὲκ

2324 5806 2371 5841 ε’
2414 5806 2571 5864 Joan.
2607 5825 2646 5875 ι,
2676 5810 2763 5865 49.
2841 5813 2887 5843 ⁸⁸
2923 5813 3110 5868 Matth.
3143 5828 3293 5874 xxvi.
3323 5817 3408 5870 64.
3488 5882 3491 5883 ν
