4090 6452
1211 227 1250 256 Ι

391 352 506 418 525

1279 308 1628 412 ‘cox'rm
1669 346 2165 409 MAHOMETEEl-I
2206 345 2586 406 APOLOGIA
2629 344 2746 402 ιιι.

3553 347 3660 414 526

391 467 493 536 τῆς
519 464 780 536 ἀληθείας
811 463 999 519 ἀκούει
1057 479 1160 532 μου
1204 463 1300 538 τῆς
1333 463 1540 532 φωνῆς.
1563 481 1581 514 ι
1619 459 1785 530 Λέγει
1822 459 1971 527 αὐτῷ

2079 473 2237 523 sum,
2281 477 2297 507 ι
2334 457 2514 511 dixit:
2570 475 2586 508 ι
2626 456 2706 509 Tu
2740 453 2879 510 dicis
2917 470 3003 512 me
3036 470 3220 527 regem
3266 472 3409 515 esse.
3457 478 3476 512 ι
3519 461 3663 530 Quid

389 560 419 611 ὁ
446 557 696 625 Πιλᾶτος,
726 575 746 610 ι
766 557 832 611 Τί
858 559 1010 610 ἐστιν
1040 554 1303 626 difﬂata;
1342 573 1361 607 ι
1403 555 1570 624 Ὁρᾷς
1614 552 1732 616 πῶς
1782 550 1974 606 ἐνταῦ-

391 649 460 703 θα
492 649 720 721 ἐδείχθη
742 649 1116 720 σαφέστερον;
1154 648 1379 711 Πάντως
1402 649 1431 701 ὁ
1459 647 1698 716 Χριστὸς
1745 645 1974 716 βασιλέα

390 740 562 818 ἔδειξε
612 742 710 795 καὶ
746 737 902 796 εἶπεν
949 741 1169 806 ἑαυτὸν,
1205 741 1299 794 καὶ
1337 740 1639 811 ἐρωτηθεὶς
1689 738 1839 807 παρά
1877 736 1970 792 τοῦ

392 833 656 896 Πιλάτου,
712 833 882 888 πάλιν
940 833 1074 887 αὐτὸ
1125 831 1288 886 τοῦτο
1332 829 1633 901 ἀπεκρίθη.
1678 829 1825 882 Ἀντὶ
1874 830 1970 883 τοῦ

390 925 586 990 εἰπεῖν,
604 925 714 978 Ναὶ
736 925 991 996 βασιλεύς
1017 926 1156 994 είμι,
1174 919 1318 990 είπε,
1343 941 1361 976 ι
1388 922 1460 976 Σὺ
1487 921 1693 991 λέγεις,
1718 920 1973 991 βασιλεύς

391 1017 508 1086 είμι
537 1016 669 1084 ἐγώ.
705 1035 724 1068 ι
762 1015 828 1069 Τί
851 1015 1026 1084 γοῦνὸ
1047 1015 1299 1080 Πιλᾶτος.
1317 1014 1562 1080 εἰπόντος
1588 1013 1685 1067 τοῦ
1706 1012 1971 1086 Χριστοῦ,

388 1110 474 1163 ὅτι
501 1127 520 1162 ι
555 1107 696 1177 Ἐγὼ
725 1109 808 1173 είς
835 1107 1000 1162 τοῦτο
1032 1107 1396 1178 γεγέννημαι,
1430 1107 1525 1162 καὶ
1556 1107 1636 1170 είς
1665 1103 1823 1164 τοῦτο
1850 1104 1974 1171 ἐλή-

389 1199 529 1255 λυθα
555 1201 638 1265 είς
667 1200 757 1254 τὸν
787 1201 1014 1271 κόσμον,
1053 1201 1141 1254 ἵνα
1168 1199 1508 1275 μαρτυρήσω
1536 1199 1606 1270 τῇ
1654 1196 1914 1268 ἀληθείας
1945 1216 1964 1249 ι

390 1292 550 1361 Λέγει
578 1292 714 1364 πρὸς
743 1293 928 1362 αὐτὸν,
964 1311 985 1346 ι
1023 1294 1088 1348 Τί
1112 1295 1263 1348 ἐστιν
1305 1291 1568 1362 ἀλήθεια;
1600 1308 1620 1343 ι
1651 1293 1969 1358 τουτέστιν,

391 1386 442 1437 εί
467 1385 547 1449 είς
577 1385 670 1437 τὸν
715 1383 928 1456 κόσμον
953 1385 1184 1454 ἀλήθεια
1213 1380 1304 1456 ἦν,
1329 1385 1430 1439 οὐκ
1461 1382 1530 1437 ἂν
1564 1381 1853 1452 παρεδίδου
1890 1383 1970 1445 είς

2078 564 2211 620 ergo
2235 550 2442 606 Pilatus
2475 548 2771 620 respondet
2810 547 3035 605 Christo
3083 549 3308 616 dicenti,
3367 569 3386 604 ι
3443 552 3558 625 Ego
3605 555 3663 610 in

2077 643 2182 699 hoc
2228 652 2391 698 natus
2434 657 2580 707 sum,
2629 649 2687 697 et
2740 649 3030 712 prapterea
3065 641 3122 696 in
3152 642 3418 698 mundum
3445 645 3571 701 veni
3605 657 3666 701 ut

2079 733 2457 802 testimonium
2485 732 2658 788 feram
2691 731 2988 788 veritati?»
3024 731 3168 787 Dicit
3199 732 3274 787 illi
3311 749 3325 788 :
3365 751 3383 785 ι
3407 732 3549 801 Quid
3575 747 3665 792 est

2077 825 2320 881 veritas?
2348 844 2366 877 ι
2398 824 2554 896 quasi
2588 823 2738 879 dicat
2777 839 2792 880 :
2826 823 2881 879 Si
2934 823 2989 878 in
3025 823 3233 879 mundo
3260 833 3412 881 esset
3433 827 3657 895 veritas,

2077 931 2428 988 nequaquam
2459 929 2610 971 esses
2644 915 2876 971 traditus
2910 915 2966 969 in
2993 925 3264 982 mortem;
3298 925 3356 972 et
3379 917 3536 987 quasi
3568 917 3662 972 de-

2077 1010 2303 1079 plorans
2333 1007 2584 1064 veritatis
2608 1007 2919 1074 inleritum,
2945 1006 3085 1064 dixit
3120 1025 3135 1064 :
3173 1025 3194 1061 ι
3228 1007 3372 1076 Quid
3406 1019 3491 1068 est
3518 1010 3661 1066 veri-

2078 1103 2198 1160 tas?
2242 1120 2262 1155 ι
2295 1100 2566 1157 Crlerum
2602 1115 2633 1156 a
2676 1099 2928 1171 principe
2953 1100 3304 1158 sacerdotum
3333 1117 3554 1174 quoque
3582 1103 3667 1158 in-

2077 1202 2387 1266 terrogatus
2416 1192 2672 1248 Christus
2707 1207 2722 1244 :
2763 1209 2782 1243 ι
2818 1191 3030 1261 Adiuro
3061 1201 3114 1247 te
3145 1207 3244 1262 per
3263 1193 3438 1248 Deum
3469 1194 3664 1250 viven-

2075 1297 2184 1342 tem
2232 1293 2294 1341 nt
2341 1284 2504 1341 nobis
2542 1282 2720 1350 dicas,
2748 1298 2881 1339 num
2904 1293 2962 1339 tu
2989 1283 3068 1341 sis
3098 1283 3267 1340 Filius
3289 1285 3386 1340 Dei
3411 1325 3427 1351 ,
3465 1305 3484 1338 ι
3523 1287 3662 1342 nihil

2073 1377 2226 1440 aliud
2255 1376 2563 1448 respondit,
2595 1389 2761 1448 quam
2820 1393 2838 1428 ι
2877 1374 2993 1446 Ego
3022 1390 3168 1431 sum.
3209 1392 3228 1426 ι
3260 1375 3501 1432 Videsne
3527 1393 3666 1449 quo-

391 1474 638 1528 θάνατον.
671 1473 784 1529 Καὶ
833 1469 946 1529 οἷον
977 1474 1422 1547 ἀποκλαιύμενος
1454 1473 1553 1546 τὴν
1583 1473 1683 1543 τῆς
1709 1471 1972 1542 ἀληθείας

2078 1470 2241 1526 modo
2271 1469 2341 1525 de
2371 1467 2538 1525 rebus
2567 1467 2674 1523 sibi
2721 1464 3019 1537 incognitis
3045 1463 3378 1522 Mnsulmani
3409 1466 3664 1523 homines

391 1566 670 1636 στέρησιν,
724 1561 872 1634 εἷπε,
917 1565 1030 1621 (Τί
1085 1568 1238 1622 ἐστιν
1281 1564 1597 1636 emissam“
1653 1561 1817 1616 Ἀλλὰ
1875 1561 1973 1615 καὶ

2078 1559 2238 1618 laude
2284 1558 2479 1631 dignos
2532 1555 2844 1614 accusent?
2879 1555 2963 1612 En
2991 1570 3140 1610 nunc
3167 1554 3355 1627 igitur,
3387 1556 3661 1627 siquidem

393 1657 549 1727 παρά
595 1655 693 1711 τοῦ
758 1656 1066 1730 ἀρχιερέως
1117 1654 1420 1729 ἐρωτηθεὶς
1477 1654 1508 1707 6
1571 1651 1830 1724 Χριστὸς,
1871 1651 1971 1730 ’ὅτι

2078 1653 2365 1708 veritatem
2394 1650 2654 1721 inquiris,
2681 1648 2857 1720 ipsam
2895 1648 3214 1719 agnoscite;
3263 1663 3414 1705 nunc
3457 1650 3661 1706 etenim

395 1766 415 1800 ι
462 1747 700 1820 Ὁρκίζω
751 1763 813 1802 σε
845 1728 988 1805 κατὰ
1017 1747 1114 1803 τοῦ
1154 1728 1309 1802 ίΘεοῦ
1337 1746 1430 1800 τοῦ
1460 1745 1698 1814 ζῶντος,
1721 1743 1808 1801 ἵνα
1839 1728 1972 1814 ἡμῖν

2078 1740 2304 1800 novisti.
2362 1737 2676 1811 Ignorantia
2731 1737 2882 1794 enim
2932 1750 3043 1791 non
3105 1747 3333 1809 propter
3374 1740 3662 1796 veritatem

387 1839 574 1912 εἴπης,
607 1841 656 1895 εί
688 1840 754 1894 σὺ
783 1837 836 1894 εἴ
860 1841 888 1895 6
916 1840 1043 1906 Υίὸς
1084 1837 1181 1895 τοῦ
1211 1838 1391 1904 Θεοῦ;
1422 1837 1577 1892 οὐδὲν
1603 1837 1792 1907 ἕτερον
1826 1836 1962 1890 άπε-

2078 1833 2350 1899 oboritur,
2373 1830 2470 1888 sed
2499 1838 2725 1902 propter
2749 1828 2872 1884 illos
2895 1827 2992 1900 qui
3021 1842 3143 1884 eam
3172 1839 3524 1887 aversantur.

388 1933 634 2002 κρίνατο.
687 1933 721 2002 ἢ
762 1934 846 1988 ὅτι
877 1951 896 1986 ι
930 1930 1076 2000 Ἐγὼ
1100 1933 1244 2002 εἰμι.
1274 1949 1293 1983 ι
1331 1925 1492 1994 Οἶδας
1523 1929 1672 1992 ὅπως
1723 1927 1804 1990 είς
1850 1926 1886 1983 ἃ
1945 1925 2047 1980 οὐκ
2085 1923 2410 1982 ἐπίστανται
2463 1922 2512 1975 oi
2566 1918 2985 1990 Μουσουλμάνοι
3010 1957 3027 1985 ,
3089 1918 3461 1990 κατηγοροῦσι
3531 1918 3659 1981 τοὶς

388 2028 578 2098 ἀξίους
600 2029 862 2098 ἐπαίνους
901 2027 1033 2083 Ἰδοὺ
1059 2028 1242 2082 τοίνυν
1271 2027 1432 2098 είπερ
1501 2026 1693 2098 ζητεῖς
1751 2023 2037 2096 ἀλήθειαν,
2082 2020 2252 2090 γνῶθι
2285 2018 2457 2090 αὐτήν
2483 2033 2498 2050 ⁸
2543 2017 2593 2072 εί
2619 2016 2665 2070 δ’
2689 2014 2806 2083 οῦν,
2842 2015 2906 2070 σὺ
2934 2011 3102 2099 οῖδας.
3141 2014 3215 2068 Οὐ
3247 2015 3357 2088 γὰρ
3386 2014 3539 2086 παρὰ
3566 2015 3667 2086 τῆς

306 2118 332 2134 ⁸
388 2125 648 2198 ἀληθείας
680 2119 888 2196 ἐστὶνή
925 2123 1055 2196 περὶ
1103 2121 1308 2193 ταύτην
1340 2120 1555 2190 ἄγνοια,
1605 2119 1744 2175 ἀλλὰ
1801 2117 1956 2189 παρὰ
1990 2115 2099 2170 τῶν
2123 2109 2623 2182 ἀποστρεφομένων
2647 2106 2838 2178 αὐτήν.

470 2216 559 2274 ια’.
607 2216 764 2270 Ἐπεὶ
785 2214 842 2270 δὲ
870 2216 966 2271 καὶ
996 2215 1130 2286 περὶ
1154 2214 1250 2270 τοῦ
1279 2214 1516 2285 σταυροῦ
1545 2213 1700 2282 λόγον
1731 2210 1972 2265 δεδώκα-

401 2326 504 2385 μεν
535 2311 594 2365 ιν
618 2311 732 2374 τοῖς
754 2307 1066 2380 ἔμπροσθεν
1098 2307 1186 2365 ἵνα
1223 2307 1492 2376 εἴπωμεν,
1515 2307 1746 2362 ἄκουσον
1781 2303 1846 2374 δὴ
1876 2301 1971 2356 καὶ

401 2403 528 2475 περὶ
555 2401 769 2456 τούτου.
801 2401 1014 2470 Ὠσπερ
1035 2399 1144 2470 γὰρ
1177 2399 1240 2454 τὰ
1269 2401 1398 2468 περὶ
1431 2396 1527 2451 τοῦ
1561 2394 1801 2468 Χριστοῦ
1827 2394 1971 2448 ἀνω-

407 2495 496 2548 θεν
526 2497 614 2549 καὶ
644 2493 703 2559 ἐξ
734 2491 909 2564 ἀρχῆς
949 2491 1226 2561 ἐλέγοντο,
1265 2489 1420 2560 παρά
1451 2504 1511 2542 τε
1541 2487 1638 2541 τοῦ
1665 2486 1968 2552 Μωῦσέως,

403 2585 685 2640 τοῦΔαϐὶδ
739 2585 837 2640 καὶ
865 2583 976 2637 τῶν
1013 2582 1332 2655 προφητῶν,
1365 2581 1614 2650 ἐλέγοντο
1637 2579 1694 2633 δὲ
1715 2577 1973 2648 ἀμυδρῶς

400 2693 514 2739 πως
547 2676 642 2729 καὶ
687 2670 1184 2742 συνεσκιασμένως,
1238 2669 1378 2725 ἀλλά
1435 2668 1500 2740 δὴ
1553 2669 1650 2722 κλὶ
1698 2667 1828 2738 περὶ
1876 2665 1972 2720 τοῦ

397 2767 600 2834 πάθους
633 2763 850 2821 καὶτοῦ
895 2763 1128 2821 θανάτου
1163 2762 1354 2829 αὐτοῦ,
1385 2760 1569 2826 καθὼς
1609 2759 1698 2814 διὰ
1748 2759 1857 2813 τῶν
1889 2776 1978 2813 το⁹

397 2858 604 2914 σούτων
636 2857 984 2930 προφητειῶν
1008 2855 1379 2927 ἀνεφάνησαν,
1415 2854 1558 2909 οῦτω
1584 2857 1683 2909 καὶ
1736 2854 1833 2906 ἐπὶ
1880 2851 1976 2906 τοῦ

397 2947 652 3019 σταυροῦ.
680 2947 788 3002 Καὶ
816 2948 1008 3002 σκόπει
1028 2946 1179 3008 ὅπως
1228 2945 1351 2998 ἐστὶ
1379 2943 1562 2998 τοῦτο.
1595 2940 1703 2996 Τοῦ
1733 2941 1978 3004 Μωσέως

396 3041 722 3105 ἐκϐαλόντος
749 3040 876 3104 τοὺς
918 3037 1208 3111 Ἑϐραίους
1247 3037 1314 3090 ὲκ
1340 3037 1441 3122 τῆς
1473 3034 1752 3105 Αἰγύπτου
1775 3074 1790 3100 ,
1817 3032 1976 3104 ἐξῆλ-

2153 2206 2241 2260 li.
2271 2201 2540 2270 Quoniam
2571 2214 2702 2256 vero
2739 2201 2808 2257 de
2838 2216 3005 2258 cruce
3028 2201 3195 2258 etiam
3224 2214 3326 2255 nos
3348 2199 3405 2255 in
3436 2203 3666 2273 "superi-

2080 2299 2270 2356 oribus
2299 2297 2547 2352 dicmros
2594 2307 2716 2351 esse
2758 2293 3138 2363 promisimus,
3172 2307 3322 2349 nunc
3351 2308 3572 2366 quoque
3594 2295 3664 2351 de

2079 2393 2184 2448 hac
2208 2391 2424 2448 audias.
2460 2388 2934 2456 Quemadmodum
2964 2388 3113 2445 enim
3147 2402 3210 2444 ea
3241 2403 3364 2459 quae
3381 2388 3662 2446 Christum

2078 2493 2353 2557 spectant,
2378 2483 2448 2540 ab
2475 2482 2634 2539 initio
2661 2481 2926 2558 praedicta
2949 2489 3082 2539 sunt
3109 2497 3139 2535 a
3160 2478 3348 2551 'lllose,
3384 2480 3587 2539 Davide
3608 2492 3668 2539 et

2081 2578 2390 2651 prophetis,
2420 2578 2564 2634 dicta
2597 2585 2919 2634 suntautem
2938 2577 3170 2634 obscure
3189 2576 3595 2648 quodammodo
3611 2584 3667 2630 et

2084 2681 2264 2750 tecte;
2303 2679 2685 2727 verumtamen
2741 2670 2886 2726 sicut
2945 2669 3024 2726 de
3066 2671 3319 2739 passione
3380 2678 3438 2726 et
3489 2677 3668 2726 morte

2084 2765 2235 2823 illius
2269 2779 2369 2835 per
2404 2773 2485 2820 tot
2513 2763 2833 2835 prophetias
2858 2771 3260 2834 exposuerunt,
3289 2762 3372 2819 sic
3401 2761 3568 2818 etiam
3597 2762 3668 2818 de

2080 2874 2270 2915 cruce.
2296 2858 2367 2913 Et
2391 2873 2543 2914 nunc
2566 2871 2674 2928 qua
2701 2857 2917 2913 ratione
2939 2857 3046 2914 hoc
3069 2855 3274 2914 factum
3307 2856 3402 2920 sit.
3431 2873 3669 2928 perpen-

2081 2951 2220 3006 dito.
2274 2949 2413 3006 Cum
2449 2949 2626 3010 Moses
2657 2948 2878 3005 Iudaeos
2913 2947 3156 3020 Egypto
3209 2948 3492 3016 educeret,
3522 2951 3660 3019 \exi-

2079 3051 2279 3098 verunt
2299 3041 2565 3115 Egyptii,
2598 3052 2656 3098 et
2680 3041 2914 3098 insecuti
2944 3048 3076 3096 sunt
3107 3056 3228 3108 eos,
3256 3057 3399 3114 quos
3430 3050 3488 3098 et
3509 3057 3667 3099 asse-

398 3131 490 3186 θον
528 3134 579 3186 οί
611 3131 902 3204 Αἰγύπτιοι
924 3169 942 3200 ,
974 3131 1072 3185 καὶ
1115 3127 1454 3194 κατεδίωξαν
1489 3127 1717 3181 ὄπισθεν
1757 3123 1936 3178 αὐτῶν
1957 3138 1972 3152 ο

2082 3135 2195 3190 cuti
2259 3143 2389 3192 sunt
2449 3133 2593 3205 apud
2649 3149 2804 3189 mare
2863 3132 3138 3189 Rubrum.
3196 3133 3410 3190 l‘lebrazi
3479 3143 3664 3192 autem

397 3219 693 3274 κατέλαϐον
723 3219 816 3273 οῦν
852 3217 1054 3282 αὐτοὺς
1093 3220 1151 3271 ἐν
1186 3219 1252 3289 τῇ
1314 3215 1553 3288 Ἐρυθρᾷ
1604 3213 1872 3284 θαλάσσῃ.
1909 3211 1973 3263 Ol

397 3309 530 3379 γοῦν
571 3309 810 3382 Ἑϐραῖοι
839 3309 1195 3382 φοϐηθέντες,
1235 3307 1562 3376 ἀπέγνωσαν
1601 3305 1705 3374 τῆς
1766 3301 1976 3357 ἑαυτῶν

397 3404 564 3475 ζωῆς.
631 3403 877 3458 Οτοίνυν
915 3403 1156 3472 Μωῦσῆς
1195 3399 1425 3471 ἐλάλησε
1474 3397 1610 3470 πρὸς
1669 3396 1762 3450 τὸν
1819 3393 1973 3459 Θεὸν,

398 3497 492 3550 καὶ
523 3490 677 3550 εἶπεν
705 3493 857 3563 αὐτῷ
900 3495 928 3546 6
976 3492 1134 3557 Θεὸς,
1169 3510 1193 3544 ἰ
1215 3491 1280 3545 Τί
1320 3490 1446 3561 βοᾷς
1475 3489 1615 3559 πρός
1659 3505 1725 3559 με
1751 3486 1977 3556 {Adin-

399 3608 491 3644 σον
519 3591 632 3654 τοῖς
661 3589 796 3652 υίοίς
825 3586 1068 3658 Ἰσραὴλ,
1101 3587 1195 3639 καὶ
1232 3582 1718 3660 ἀναζευξάτωσαν·
1763 3578 1858 3632 καὶ
1909 3577 1974 3631 σὺ

397 3686 602 3755 ἓπαρον
651 3681 747 3754 τὴν
809 3680 1006 3754 ῥάϐδον
1047 3696 1186 3746 σου,
1223 3678 1319 3732 ml
1355 3677 1525 3746 τύψον
1549 3674 1648 3747 τὴν
1675 3672 1974 3738 θάλασσαν,

397 3777 492 3831 καὶ
531 3769 883 3845 διαϐήσονται
912 3773 961 3826 οί
991 3773 1100 3826 υίοὶ
1143 3771 1362 3844 Ἰσραὴλ
1393 3771 1534 3825 κατά
1557 3770 1618 3823 τὸ
1649 3769 1836 3840 ξηρόν.
1861 3767 1977 3823 Λα·
2027 3794 2029 3796 -

400 3866 716 3924 ϐὼντοίνυν
742 3865 844 3938 τὴν
879 3865 1076 3935 ῥάϐδον
1111 3863 1278 3917 αὐτοῦ
1313 3865 1342 3916 ὁ
1381 3861 1647 3930 Μωῦσῆς,
1685 3857 1848 3926 ἔτυψε
1878 3856 1978 3927 τὴν

402 3961 678 4014 θάλασσαν
708 3956 1083 4012 κατ’-εὐθεῖαν
1135 3954 1333 4026 τομὴν,
1363 3953 1459 4007 καὶ
1488 3949 1720 4024 ἐσχίσθη
1742 3950 1804 4002 τὸ
1832 3947 1978 4018 ὕδωρ

402 4051 498 4120 τῆς
525 4047 822 4118 θαλάσσης,
861 4067 877 4100 >
895 4047 952 4100 αἰ
980 4046 1110 4116 ἔστη
1138 4047 1318 4114 τεῖχος
1344 4045 1408 4098 ὲκ
1435 4041 1645 4108 δεξιῶν,
1681 4039 1776 4093 καὶ
1797 4041 1977 4108 τεῖχος

409 4141 466 4207 ἒξ
499 4141 822 4208 εὐωνύμων,
857 4141 952 4193 καὶ
976 4136 1130 4206 διέϐη
1160 4136 1307 4200 ἄπας
1326 4137 1355 4190 ὁ
1385 4135 1511 4198 λαὸς
1537 4133 1633 4188 ἐπὶ
1660 4131 1756 4186 τοῦ
1786 4129 1973 4200 ξηροῦ.

414 4232 872 4296 Καταδιωξάντων
902 4230 962 4284 δὲ
1009 4229 1108 4282 καὶ
1135 4227 1245 4282 τῶν
1277 4223 1620 4294 Αἰγυπτίων,
1649 4221 1748 4274 καὶ
1790 4218 1975 4289 εἰσελ-

411 4319 603 4376 θόντων
626 4321 778 4382 ἐντὸς
805 4317 898 4372 τοῦ
924 4315 1113 4388 ξηροῦ,
1147 4311 1270 4369 εἷπε
1295 4313 1499 4385 Κύριος
1528 4311 1665 4379 πρὸς
1695 4309 1786 4361 τὸν
1806 4307 1976 4361 Μωῦ-

404 4415 524 4484 σῆν,
563 4412 658 4468 καὶ
687 4410 883 4482 ἔτυψεν
908 4407 1065 4469 αὖθις
1096 4408 1196 4478 τὴν
1230 4405 1508 4462 θάλασσαν
1557 4403 1697 4474 μετά
1744 4401 1844 4472 τῆς
1873 4398 1976 4470 ῥά-

2084 3226 2277 3282 timore
2308 3226 2571 3296 correpti,
2601 3225 2669 3281 de
2689 3225 2798 3282 vita
2817 3224 3273 3294 desperaverunt.
3288 3225 3669 3296 Mosesitaque

2081 3315 2262 3370 oravit
2309 3315 2380 3372 ad
2434 3314 2726 3370 Dominum
2760 3333 2774 3370 :
2807 3324 2864 3371 et
2919 3314 3062 3370 dixit
3117 3314 3198 3372 illi
3253 3313 3445 3372 Deus:
3489 3316 3666 3385 «Quid

2080 3409 2284 3466 clamas
2313 3408 2380 3463 ad
2397 3423 2484 3464 me
2503 3408 2526 3462 ἵ
2548 3407 2804 3479 Loquere
2823 3408 2952 3464 [iliis
2971 3407 3162 3475 Israel,
3191 3418 3252 3464 ut
3287 3409 3664 3482 accingantur.

2080 3503 2150 3555 Et
2182 3510 2238 3556 tu
2263 3501 2392 3557 tolle
2408 3501 2618 3572 virgam
2651 3513 2823 3566 tuam,
2853 3509 2910 3557 et
2937 3510 3168 3571 percute
3195 3518 3368 3564 mare.
3401 3511 3459 3559 et
3482 3512 3661 3559 trans-

2080 3593 2242 3649 ibunt
2297 3592 2394 3649 ﬁlii
2427 3592 2595 3649 Israel
2619 3607 2717 3665 per
2736 3593 2998 3650 siccunm
3041 3592 3221 3650 Moses
3242 3593 3408 3666 igitur
3432 3603 3658 3666 accepta

2080 3687 2256 3758 virga,
2289 3686 2564 3756 percussit
2594 3700 2746 3741 mare
2774 3685 2886 3742 ictu
2913 3694 3087 3752 recto,
3116 3694 3174 3740 et
3200 3685 3378 3742 divisa
3403 3696 3493 3746 est
3523 3702 3668 3757 aqua

2081 3779 2272 3846 maris,
2294 3785 2352 3834 et
2374 3777 2530 3834 stetit
2549 3792 2741 3833 murus
2763 3792 2794 3832 a
2819 3776 3030 3833 dextris
3059 3786 3116 3832 et
3136 3792 3330 3833 murus
3350 3793 3381 3832 a
3403 3778 3667 3843 sinistris,

2078 3879 2136 3925 et
2171 3868 2430 3925 transivit
2459 3869 2640 3925 omnis
2674 3868 2914 3940 populus
2953 3862 3052 3938 per
3075 3869 3339 3924 siccum.»
3395 3869 3668 3940 [Egyptiis

2077 3976 2212 4016 vero
2235 3959 2338 4015 hos
2359 3959 2844 4031 persequentibus,
2873 3968 2931 4014 et
2953 3973 3123 4028 super
3143 3953 3348 4014 siccum'
3379 3958 3668 4030 ingressis,

2080 4050 2222 4107 dixit
2253 4051 2319 4105 ad
2345 4050 2550 4106 Mosem
2581 4048 2870 4109 Dominus.
2895 4056 2951 4103 et
2972 4063 3193 4103 rursum
3219 4050 3493 4119 percussit
3514 4065 3664 4105 mare

2088 4144 2245 4216 virga
2273 4159 2394 4211 sua,
2429 4158 2540 4197 non
2573 4142 2797 4212 quidem
2845 4139 2957 4197 ictu
2994 4149 3173 4206 recto,
3227 4151 3291 4197 ut
3335 4143 3514 4212 prius,
3567 4146 3664 4199 sed

2079 4248 2397 4293 transverso
2429 4251 2450 4290 :
2477 4245 2534 4289 et
2561 4250 2705 4304 aqua
2741 4233 2795 4288 in
2841 4233 3026 4288 locum
3061 4247 3222 4289 suum
3251 4247 3508 4299 reversa,
3536 4235 3668 4291 sub-

2077 4329 2268 4385 mersit
2293 4327 2890 4399 IEgyptiorum-regem
2925 4324 3274 4379 Pharaonem
3308 4339 3436 4380 cum
3476 4328 3660 4380 omni-

2081 4423 2185 4476 lius
2212 4420 2472 4480 curribus
2524 4417 2640 4474 suis
2671 4425 2727 4472 et
2761 4417 3020 4472 universo
3051 4415 3325 4470 exercitu.
3355 4416 3511 4472 Tunc
3532 4434 3665 4473 sane

402 4506 550 4573 ϐδου,
582 4506 644 4559 οὐ
669 4506 779 4576 μὴν
811 4503 884 4566 ὡς
904 4503 976 4580 ’τὸ
1003 4501 1270 4574 πρότερον
1315 4498 1437 4553 κατ’
1463 4498 1700 4560 εύῦείαν,
1728 4492 1842 4549 ἀλλ’
1863 4493 1975 4545 επι-

2095 4522 2256 4583 typus
2290 4511 2473 4570 crucis
2504 4525 2605 4580 per
2639 4509 2848 4580 virgam
2883 4507 3052 4564 Mosis
3095 4507 3334 4578 ligneam
3363 4507 3469 4563 hoc
3493 4510 3668 4566 edidit

297 4607 300 4610 '
405 4595 772 4669 στρεπτιδιῶς.
811 4594 922 4650 Καὶ
952 4593 1108 4646 ἐλθὸν
1134 4591 1197 4644 τὸ
1230 4588 1374 4660 ῦδωρ
1401 4587 1546 4642 κατὰ
1569 4584 1776 4657 χώραν,
1804 4599 1970 4637 κατεο

401 4695 622 4747 πόντισε
644 4691 733 4744 τὸν
762 4686 963 4760 Φαραὼ
983 4684 1212 4757 βασιλέα
1237 4681 1345 4737 τῶν
1370 4681 1685 4751 Αἰγυπτίων
1717 4679 1814 4732 σὺν
1839 4678 1973 4730 πᾶσι

398 4789 513 4848 τοῖς
543 4784 756 4855 ἀρμασι
797 4783 893 4837 καὶ
921 4783 988 4852 τῇ
1023 4778 1258 4852 στρατιᾷ
1305 4774 1496 4829 αὑτοῦ.
1522 4775 1662 4827 Τότε
1702 4774 1920 4850 πάντως
1947 4772 1974 4822 ὁ

401 4878 573 4938 τύπος
591 4871 682 4929 τοῦ
716 4872 954 4949 σταυροῦ
987 4871 1078 4926 διὰ
1100 4871 1199 4941 τῆς
1231 4869 1448 4940 ξυλίνης
1475 4866 1675 4938 ῥάϐδου
1696 4863 1792 4919 τοῦ
1809 4863 1974 4920 Μωῦ-

403 4970 540 5032 σέως
576 4969 850 5039 ἐνήργησε
883 4965 944 5018 τὸ
972 4965 1276 5035 τεράστιον,
1312 4961 1404 5014 καὶ
1435 4958 1626 5031 ἡτομὴ
1643 4959 1742 5030 τῆς
1771 4954 1973 5010 θαλάσ-

404 5078 504 5132 σης
537 5059 706 5126 ιδειξε
735 5059 828 5116 τὸν
851 5055 1025 5110 τύπον
1055 5054 1152 5109 τοῦ
1192 5052 1454 5122 σταυροῦ,
1485 5052 1518 5120 η
1557 5051 1615 5103 δὲ
1648 5047 1844 5121 ῥάϐδος
1873 5047 1974 5113 τὴν

401 5153 566 5222 φύσιν
621 5150 716 5204 τοῦ
779 5147 962 5215 ξύλου.
1022 5147 1132 5200 Kal
1182 5143 1266 5197 ἑτι
1310 5137 1503 5214 ὥσπερ
1544 5141 1574 5193 6
1625 5139 1832 5210 Μωσῆς
1887 5137 1977 5191 διὰ

402 5241 498 5296 τοῦ
547 5241 720 5295 τύπου
749 5239 845 5294 τοῦ
873 5234 1134 5308 σταυροῦ,
1169 5233 1382 5288 καὶτοῦ
1418 5233 1600 5298 ξύλου,
1629 5233 1847 5297 καὶτῆς
1879 5231 1978 5284 θα-

403 5335 609 5406 λάσσης
637 5332 981 5404 ἠλευθέρωσε
1017 5331 1144 5392 τοὺς
1174 5326 1465 5398 Ἐϐραίους
1492 5326 1590 5394 τῆς
1621 5325 1827 5395 πικρᾶς
1858 5324 1979 5377 δου-

402 5429 549 5492 λείας
582 5428 677 5480 καὶ
709 5423 1024 5496 τυραννίδος
1061 5420 1154 5474 τοῦ
1187 5418 1410 5491 Φαραὼ,
1461 5416 1609 5471 οὕτω
1640 5417 1738 5469 καὶ
1769 5417 1797 5468 ὁ
1841 5416 1978 5484 Χρι-

407 5523 533 5585 στὸς
560 5520 651 5573 διά
677 5517 770 5572 τοῦ
803 5512 1043 5583 σταυροῦ
1073 5513 1170 5566 καὶ
1197 5511 1296 5580 τῆς
1320 5511 1604 5580 δυνάμεως
1632 5507 1796 5561 αὑτοῦ
1819 5507 1980 5578 ἠλευ-

2079 4603 2430 4670 miraculum,
2452 4611 2509 4656 et
2529 4601 2702 4656 sectio
2728 4601 2897 4656 maris
2919 4609 3107 4670 typum
3129 4599 3314 4654 crucis
3335 4598 3663 4672 designavit,

2080 4697 2233 4765 virga
2287 4709 2422 4755 vero
2475 4693 2650 4763 ipsius
2697 4692 2834 4763 ligni
2886 4701 3170 4747 naturam.
3224 4691 3455 4760 Insuper
3520 4692 3669 4748 sicut

2081 4787 2260 4844 Moses
2287 4802 2389 4856 per
2409 4796 2597 4857 typum
2623 4783 2807 4841 crucis
2825 4793 2884 4839 et
2915 4782 3047 4854 ligni
3085 4798 3186 4854 per
3210 4797 3364 4839 mare
3407 4783 3666 4839 liberavit

2080 4861 2342 4941 Hebraeos
2361 4893 2429 4933 ex
2458 4876 2602 4932 tristi
2630 4875 2935 4932 Pharaonis
2956 4868 3226 4930 servitute
3245 4883 3299 4928 et
3332 4875 3624 4946 tyrannide
3645 4894 3658 4930 :

2083 4971 2166 5026 sic
2193 4969 2450 5026 Christus
2474 4983 2572 5038 per
2587 4982 2812 5024 crucem
2838 4975 2895 5022 et
2916 4965 3216 5036 potentiam
3239 4965 3387 5021 illius
3406 4966 3666 5028 liberavit

2081 5061 2364 5116 hominem
2397 5075 2466 5116 ex
2493 5059 2638 5116 tristi
2685 5058 2956 5114 servitute
3005 5067 3065 5112 et
3127 5063 3402 5128 potestate
3431 5057 3661 5114 diaboli.

2081 5153 2354 5208 Praetereo
2384 5140 2708 5212 discedente
2734 5149 2882 5218 Mose
2911 5164 3038 5204 cum
3069 5150 3297 5219 populo,
3332 5149 3388 5210 in
3422 5151 3661 5220 quodam
3731 5141 3736 5144 ’

2082 5244 2204 5298 loco
2239 5242 2386 5298 Mara
2415 5250 2758 5311 nuncupata,
2792 5255 2919 5302 cum
2955 5255 3066 5295 non
3106 5240 3424 5297 invenirent
3454 5258 3658 5314 aquam

2079 5335 2146 5389 ad
2173 5333 2474 5392 bibendum
2506 5334 2745 5402 (omam
2769 5333 2914 5388 enim
2937 5342 3098 5389 erant
3130 5348 3287 5404 aqua:
3314 5335 3418 5390 loci
3454 5335 3662 5406 illius).

2081 5427 2326 5482 ostendit
2361 5427 2506 5482 Deus
2537 5425 2672 5480 Mosi
2705 5424 2948 5498 lignum,
2989 5440 3100 5498 quo
3145 5426 3203 5482 in
3253 5442 3428 5498 aquas
3460 5429 3663 5499 injecto

2025 5567 2036 5588 ._
2084 5518 2750 5587 dulcescereJmper-unt,
2805 5527 2863 5572 et
2885 5517 2965 5573 sic
3001 5519 3183 5574 omnis
3205 5519 3522 5578 Judaeornm
3551 5536 3661 5588 po-

404 5578 612 5682 θέρωσε
644 5607 736 5662 τὸν
783 5578 1074 5675 ἄνθρωπον
1123 5603 1189 5656 ἐκ
1237 5578 1338 5670 τῆς
1376 5578 1580 5670 πιπρᾶς
1607 5598 1852 5661 δουλείας
1884 5599 1975 5650 καὶ

2082 5608 2244 5678 pulos
2278 5578 2557 5663 saturatus
2587 5617 2690 5662 est.
2742 5604 2856 5663 Hoc
2880 5607 3144 5664 nimirum
3189 5608 3453 5664 innuente
3483 5578 3656 5662 mira-

404 5700 868 5762 καταδυναστείας
900 5695 996 5750 τοῦ
1051 5694 1470 5750 διαϐὀλου.“¹Ετι
1509 5693 1838 5755 ἀπελθόντος
1880 5690 1995 5744 τοῦ

402 5795 679 5857 Μωῦσέως
713 5791 850 5864 μετά
867 5790 959 5843 τοῦ
976 5789 1106 5843 λαοῦ
1139 5789 1195 5841 ὲν
1212 5791 1358 5858 τόπῳ
1376 5791 1482 5842 τινὶ
1502 5788 1700 5858 Μερῥᾷ
1715 5788 1974 5855 ὀνυμαζο-

2079 5701 2228 5767 culo,
2249 5701 2392 5771 quod
2417 5699 2664 5767 diabolo,
2687 5716 2808 5773 qua:
2825 5701 2878 5755 in
2914 5700 3122 5755 mundo
3149 5700 3272 5766 fuit,
3299 5698 3659 5754 amarulentia

2080 5801 2228 5848 esset
2284 5792 2621 5862 rlisparitura
2675 5804 2732 5848 et
2781 5792 3122 5847 immutanda
3177 5807 3274 5864 per
3331 5805 3551 5846 crucem
3599 5790 3656 5845 in
