4090 6446
440 368 546 435 521
568 378 574 385 '

1610 363 1933 425 JOANNIS
1972 364 2496 429 CANTACUZENI

3581 365 3684 431 523
3716 350 3721 353 ‘

440 480 690 558 magnam
730 480 1074 537 dulcedinem
1124 487 1183 535 et
1225 476 1490 534 laetitiam.
1542 477 1716 531 Porro
1791 488 2011 546 progre-

2119 477 2285 550 μένῳ,
2318 482 2411 535 καὶ
2441 483 2519 554 μὴ
2541 485 2904 555 εὑρισκόντων
2929 478 3068 552 ὕδωρ
3086 480 3224 533 ὥστε
3257 480 3421 543 πιεῖν,
3453 479 3545 533 καὶ
3576 481 3688 553 γὰρ
3756 506 3763 509 -

438 580 627 635 diente
650 574 799 631 Mose
829 589 924 645 per
956 573 1234 628 desertum
1263 586 1388 626 cum
1422 569 1661 640 populo,
1688 577 2009 638 serpentum

438 667 735 725 multitudo
760 667 815 721 in
844 666 1024 720 locum
1061 662 1354 732 quemdam
1396 661 1607 725 incidit,
1639 659 1843 730 quibus
1864 660 2011 729 peri-

439 762 736 817 clitabatur
763 755 1016 828 popqus.
1049 752 1224 810 Moses
1250 768 1383 809 vero
1415 751 1509 807 Dei
1547 753 1703 824 jussu
1736 751 1865 807 fecit
1892 740 2011 807 ser~

436 858 660 923 penlem
696 862 933 910 aeneum,
989 844 1307 914 lignumque
1349 848 1557 896 rectum
1602 848 1762 895 terrae
1810 839 2008 903 inﬁxit,

439 943 530 997 cui
565 944 879 1010 serpentem
929 930 1517 997 transversum‘afﬁxit,
1574 945 1877 1001 omnesque
1916 930 2012 1001 qui

439 1053 469 1088 a
496 1029 845 1101 serpentibus
874 1027 963 1080 icti
998 1024 1237 1089 fuerant,
1273 1023 1392 1079 viso
1419 1035 1573 1077 aeneo
1595 1019 1714 1086 illo,
1740 1020 2013 1076 sanaban—

344 1162 371 1169 --
446 1126 568 1192 tur';
616 1137 717 1178 nec
756 1121 899 1174 ullus
924 1125 1040 1171 erat
1074 1117 1225 1187 quia
1253 1114 1606 1184 serpentibus
1647 1113 1821 1178 ictus,
1857 1126 2012 1167 teneo

436 1219 555 1272 viso
582 1230 690 1270 non
731 1221 1038 1269 sanaretur.
1073 1208 1344 1263 Nimirum
1378 1215 1435 1261 et
1459 1205 1554 1260 illo
1609 1203 1878 1258 miracqu
1906 1202 2012 1258 hoc

442 1308 743 1371 innucu'tc,
804 1301 948 1373 quod
1001 1309 1247 1355 erectum
1301 1298 1511 1369 lignum
1583 1295 1884 1366 aﬂixusque
1934 1294 2010 1349 illi

330 1394 336 1401 ’
440 1411 785 1456 transversus
806 1409 1030 1465 serpens
1053 1392 1235 1447 crucis
1260 1388 1446 1463 typum
1467 1389 1781 1454 donotabat,
1803 1403 2016 1444 aeneus-

436 1507 544 1563 que
578 1506 807 1561 serpens
838 1486 985 1542 haud
1017 1485 1189 1540 dubie
1218 1483 1426 1539 Christi
1459 1492 1622 1555 typus
1647 1490 1784 1537 erat.
1810 1479 2014 1548 Quem-

436 1584 731 1640 admodum
781 1582 928 1637 enim
979 1592 1210 1648 serpens
1240 1578 1332 1632 hic
1370 1575 1599 1631 formam
1630 1575 1853 1646 quidem
1896 1588 2014 1629 ser-

435 1677 618 1748 pentis
637 1674 853 1739 habuit,
877 1678 1152 1727 venenum
1176 1684 1306 1724 vero
1334 1680 1720 1738 nequaquam;
1753 1667 1832 1722 sic
1846 1666 2010 1720 etiam

435 1764 691 1823 Christus
742 1765 906 1819 homo
960 1762 1185 1832 quidem
1235 1768 1357 1815 erat
1402 1759 1645 1821 futurus,
1678 1756 1771 1813 sed
1801 1755 2011 1827 peccati

435 1874 654 1929 expers,
706 1865 763 1912 et
807 1855 1042 1926 quilibet
1091 1851 1295 1907 diaboli
1350 1865 1539 1905 morsu
1602 1850 1929 1929 impetitus,
1960 1847 2009 1903 'si
2046 1832 2088 1889 Β

434 1926 657 2006 Christo
694 1954 947 2018 respecto
995 1946 1048 1999 in
1090 1944 1247 1998 illum
1298 1941 1619 2009 crediderit,
1669 1926 2010 2007 salvabitur;

435 2041 532 2111 qui
567 2056 696 2095 vero
743 2041 795 2093 in
831 2039 983 2093 illum
1018 2051 1128 2091 non
1177 2033 1502 2105 respexerit,
1545 2022 1650 2088 nec
1691 2029 2008 2096 crediderit,

436 2142 661 2201 propter
694 2139 981 2201 peccatum
1031 2126 1322 2182 morietur.
1369 2126 1606 2195 Insuper
1669 2123 1822 2178 bello
1867 2126 2012 2177 inter

433 2224 653 2281 Judazos
702 2237 828 2277 cum
863 2212 1188 2274 Amalekitis
1207 2226 1421 2283 exorto,
1473 2213 1809 2293 extendente
1856 2212 2007 2269 Mosa

435 2314 505 2371 ad
539 2316 709 2369 Deum
743 2321 939 2367 manus
969 2325 1098 2367 suas
1120 2350 1134 2374 ,
1166 2309 1522 2365 Hebraeorum
1554 2307 1762 2390 milites
1789 2308 2011 2363 Amale-

436 2407 565 2461 kitis
586 2404 902 2474 superiores
920 2409 1111 2467 erant;
1134 2402 1239 2456 hoc
1253 2408 1434 2455 autem
1454 2415 1650 2455 manus
1665 2399 2010 2467 demittentc,

436 2478 755 2551 Rmalekitae
786 2491 1047 2547 Israelem
1103 2490 1466 2560 repellebant.
1505 2491 1803 2560 Praecepit
1846 2491 2014 2561 igitur

437 2588 637 2648 Moses,
673 2596 735 2641 ut
764 2571 823 2641 se
851 2597 1047 2639 manus
1082 2582 1468 2637 extendentem
1489 2583 1748 2653 iuvarent
1775 2620 1791 2648 ,
1836 2582 2013 2636 donec

439 2682 499 2736 in
531 2665 849 2733 universum
887 2677 1139 2731 devictus
1168 2683 1314 2731 esset
1353 2672 1601 2729 Amalek.
1650 2674 1793 2730 Ecce
1846 2674 2012 2733 etiam

437 2772 540 2825 hac
564 2785 621 2824 re
655 2766 946 2823 manifeste
980 2765 1164 2821 crucis
1211 2775 1396 2835 typum
1428 2764 1755 2835 praeferebat
1783 2773 1840 2821 et
1863 2765 2014 2836 ejus-

438 2863 563 2917 dem
593 2860 918 2930 potentiam.
950 2856 1058 2911 Sed
1090 2865 1147 2912 et
1174 2856 1371 2912 beatus
1402 2857 1494 2913 ille
1513 2857 1684 2913 Jacob
1714 2857 2014 2928 nepotibus

440 2952 560 3007 suis
590 2949 1009 3012 benedicturus,
1052 2962 1252 3004 manus
1306 2963 1435 3004 suas
1470 2950 1524 3004 in
1575 2948 1797 3004 modum
1828 2949 2014 3004 crucis

438 3054 780 3096 transversas
830 3041 1025 3098 iisdem
1074 3040 1379 3111 imposuit,
1446 3038 1633 3095 crucis
1656 3046 1843 3111 typum
1910 3040 2018 3094 hac

2114 572 2286 643 πικρὰ
2321 572 2643 642 εὑρίσκοντο
2676 575 2743 628 τὰ
2784 572 2883 644 τῆς
2935 572 3162 642 Μερῤᾶς
3213 570 3403 639 ὕδατα,
3432 572 3630 641 ἔδειξεν
3657 575 3686 627 6
3772 642 3784 649 _

2111 659 2245 724 Θεὸς
2278 663 2355 733 τῷ
2380 666 2610 719 Μωῦσεῖ
2653 667 2834 733 ξύλον,
2860 664 2956 718 καὶ
2982 662 3161 734 βαλὼν
3186 665 3315 719 αὐτὸ
3342 667 3397 719 έν
3419 665 3532 729 τοῖς
3562 665 3688 719 ὕδα-

2114 768 2220 817 σιν,
2252 743 2693 826 ἐγλυκάνθησαν,
2728 759 2822 811 καὶ
2851 755 3005 810 ἔπιεν
3035 757 3181 821 ἅπας
3209 757 3237 810 6
3257 756 3385 819 λαὸς
3415 754 3522 810 τῶν
3555 754 3690 812 Ἰου-

2113 843 2302 912 δαίων,
2340 847 2434 901 καὶ
2480 850 2746 920 ἐκορέσθη
2773 864 2787 880 ·
2825 848 2986 901 τοῦτο
3029 848 3320 919 δηλοῦντος
3345 849 3438 903 τοῦ
3475 852 3686 921 θαύμα-

2111 951 2226 1003 τος,
2253 940 2334 993 δτι
2363 940 2395 1010 η
2420 941 2570 1009 παρᾶ
2593 941 2685 995 τοῦ
2715 939 2968 994 διαϐόλου
3018 941 3283 1009 γεγονυῖα
3312 942 3369 993 ὲν
3401 939 3485 1015 τῷ⁷
3500 941 3688 1013 κόσμῳ

2113 1030 2315 1101 πικρία
2353 1031 2718 1103 ἀφανισθῆναι
2761 1032 2947 1103 μέλλει
2998 1033 3092 1087 καὶ
3142 1032 3555 1105 μεταϐληθῆναι
3600 1036 3689 1089 διὰ

2112 1118 2208 1174 τοῦ
2232 1120 2471 1193 σταυροῦ
2505 1124 2588 1186 εἰς
2608 1124 2852 1193 μεγάλην
2875 1122 3193 1191 γλυκύτητα
3211 1124 3305 1177 καὶ
3326 1123 3686 1196 εὐφροσύνην.

2117 1209 2252 1265 Ἐπι
2286 1214 2655 1283 πορευομένου
2695 1213 2792 1268 τοῦ
2827 1214 3110 1277 Μωῠσέως
3140 1215 3198 1268 ὲν
3230 1217 3295 1285 τῇ
3328 1212 3522 1288 ἐρήμῳ
3540 1202 3689 1287 fieri

2114 1298 2209 1353 τοῦ
2250 1298 2403 1367 λαοῦ,
2444 1302 2648 1374 εὑρέθη
2689 1303 2745 1357 έν
2780 1303 2930 1373 τόπῳ
2983 1303 3091 1357 τινὶ
3123 1302 3328 1374 πλῆθος
3360 1304 3557 1373 ὄφεων,
3596 1305 3691 1358 καὶ

2115 1394 2457 1448 ἐκινδύνευεν
2480 1395 2508 1448 6
2541 1395 2668 1458 λαὸς
2700 1393 2792 1447 ὑπ’
2821 1390 3104 1450 αὑτῶν.⁹0
3120 1393 3176 1448 δὲ
3206 1395 3470 1464 Μωῦσῆς,
3501 1396 3692 1448 κελευο

2086 1510 2090 1514 Α
2115 1484 2264 1547 adst;
2281 1485 2432 1550 παρὰ
2453 1483 2548 1538 τοῦ
2581 1484 2738 1552 Θεοῦ,
2767 1485 3022 1555 ὲποίησεν
3069 1484 3193 1554 ὅφιν
3222 1485 3480 1556 χαλκοῦν.
3516 1487 3693 1559 Ἔπη-

2118 1574 2175 1640 ξε
2210 1575 2268 1629 δὲ
2298 1575 2453 1641 ξύλον
2501 1575 2711 1647 ὄρθιον,
2730 1579 2826 1632 καὶ
2853 1575 3054 1647 έθηκεν
3090 1577 3259 1631 αὐτὸν
3297 1578 3595 1650 ὲγκάρσιον
3620 1571 3703 1632 ἔν’

2115 1665 2286 1736 αὐτῷ.
2322 1668 2432 1722 Καὶ
2476 1667 2680 1730 πάντες
2721 1669 2772 1721 οἱ
2828 1666 3148 1739 δακνόμενοι
3185 1668 3292 1723 ὕπὸ
3338 1669 3448 1723 τῶν
3491 1666 3690 1738 ὄφεων,

2116 1756 2346 1811 ἔϐλεπον
2374 1759 2468 1811 τὸν
2497 1761 2739 1815 τοιοῦτον
2758 1759 3001 1830 χαλκοῦν
3035 1761 3184 1831 ὅφιν,
3218 1760 3312 1815 καὶ
3334 1760 3695 1832 ἐθεραπεύον-

2115 1867 2198 1912 το,
2230 1849 2322 1903 καὶ
2340 1850 2517 1915 οὐδεὶς
2545 1847 2614 1922 ἦν
2651 1852 2759 1905 ἀπὸ
2789 1852 2899 1905 τῶν
2933 1838 3281 1923 δακνομένων
3311 1849 3417 1904 ὑπὸ
3457 1851 3564 1906 τῶν
3592 1853 3693 1906 αύ-

2114 1940 2223 1994 τῶν
2252 1941 2428 2011 δφεων
2481 1943 2510 1995 6
2563 1941 2839 2013 ἐμϐλέψας
2874 1942 2955 2006 εἰς
3002 1945 3184 2008 αὐτὸν,
3231 1942 3293 2006 δς
3343 1942 3443 1997 ούκ
3500 1943 3695 2014 ἐθερα-

2115 2033 2330 2088 πεύετο.
2352 2034 2525 2088 Τοῦτο
2549 2034 2834 2105 δηλοῦντος
2868 2035 2964 2091 καὶ
2984 2036 3078 2101 τοῦ
3098 2035 3342 2090 τοιούτου
3389 2034 3691 2106 θαύματος,

2113 2127 2195 2181 ὅτι
2242 2127 2303 2180 τὸ
2342 2126 2549 2198 πηχθὲν
2577 2127 2763 2197 ὄρθιον
2800 2128 3114 2196 ξύλονμιαὶ
3159 2131 3188 2183 6
3223 2133 3280 2184 έν
3338 2131 3489 2202 αὐτῷ
3513 2132 3696 2195 τεθεὶς

2113 2215 2404 2285 έγκάρσιος
2433 2216 2578 2286 ὄφις,
2600 2218 2692 2271 τὸν
2727 2218 2824 2272 τοῦ
2857 2218 3092 2290 σταυροῦ
3114 2220 3287 2275 τύπον
3308 2221 3594 2286 εἰκόνιζεν.
3633 2224 3697 2276 '0

2117 2310 2300 2376 μέντοι
2329 2307 2567 2379 χαλκοῦς
2593 2304 3045 2380 ὅφις”προδήλως
3082 2309 3273 2382 ἐδήλου
3308 2312 3401 2366 τὸν
3434 2313 3693 2383 Χριστόν.

2115 2398 2317 2463 Καθὼς
2358 2400 2467 2471 γὰρ
2522 2401 2551 2454 6
2601 2400 2728 2469 ϐφις
2789 2402 3000 2466 ἐκεῖνος
3031 2401 3096 2455 τὸ
3132 2402 3230 2473 μὲν
3269 2399 3408 2467 εἶδος
3452 2399 3564 2475 εἶχε
3597 2404 3696 2459 τοῦ

2114 2490 2314 2558 ϐτρεως,
2350 2492 2429 2545 Ξὺν
2461 2492 2517 2545 δὲ
2544 2491 2818 2562 οὐδαμῶς,
2850 2493 2994 2547 οὓτω
3030 2494 3125 2549 καὶ
3155 2496 3182 2549 6
3211 2496 3450 2566 Χριστὸς
3481 2496 3693 2569 ἄνθρωο

2115 2600 2217 2645 πος
2251 2585 2347 2653 μὲν
2390 2585 2574 2654 μέλλει
2620 2585 2895 2653 γενέσθαι,
2956 2582 3234 2657 ἁμαρτιας
3273 2588 3330 2641 δὲ
3383 2589 3539 2643 ἄνευ.
3577 2588 3695 2643 Καὶ

2117 2677 2225 2739 πᾶς
2249 2677 2276 2727 6
2308 2676 2640 2746 δακνόμενος
2679 2677 2785 2729 ὑπὸ
2809 2676 2905 2731 τοῦ
2934 2678 3213 2746 διαϐόλου,
3242 2680 3337 2734 καὶ
3371 2678 3585 2749 βλέπων
3613 2681 3697 2746 εἰς

2114 2768 2204 2820 τὸν
2234 2768 2492 2838 Χριστὸν,
2530 2768 2624 2821 καὶ
2656 2769 2930 2823 πιστεύων
2980 2772 3061 2832 εἰς
3119 2770 3319 2836 αὑτὸν,
3341 2771 3647 2842 σωθήσεται
3672 2788 3692 2804 ο

2113 2858 2151 2911 6‘
2181 2859 2237 2913 δὲ
2280 2859 2357 2931 μὴ
2386 2857 2602 2929 βλέπων
2649 2861 2731 2924 εἰς
2764 2860 2954 2927 αὐτὸν,
2991 2861 3127 2932 μηδὲ
3153 2862 3451 2930 πιστεύων,
3486 2863 3696 2916 ἀποθα-

2115 2954 2285 3009 νεῖται
2328 2952 2434 3007 ύπὸ
2478 2954 2591 3022 τῆς
2636 2953 2936 3024 ἁμαρτίας.
2975 2954 3098 3008 Ἔτι
3147 2954 3388 3026 πολέμου
3408 2955 3694 3025 γεγονότος

2118 3044 2256 3115 μετὰ
2284 3045 2394 3099 τῶν
2433 3034 2701 3115 Ἐϐραίων
2733 3046 2825 3098 καὶ
2847 3046 2963 3099 τῶν
2989 3045 3391 3118 Ἀμαληκιτῶν,
3417 3047 3713 3100 ἐκτείνειν--

436 3136 611 3190 forma
640 3134 963 3201 ostendens,
1003 3135 1180 3189 Porro
1206 3132 1552 3189 manifestius
1580 3132 1893 3202 clariusque
1925 3132 2012 3207 his

2118 3156 2210 3203 τος
2248 3137 2342 3191 τοῦ
2389 3137 2635 3202 Μωσέως
2667 3139 2765 3201 τὰς
2792 3140 2985 3209 χεῖρας
3032 3138 3198 3193 αὐτοῦ
3225 3141 3360 3209 πρὸς
3404 3142 3495 3194 τὸν
3532 3139 3690 3206 Θεὸν,

439 3229 582 3284 Deus
605 3244 701 3297 per
727 3226 1046 3297 prophetam
1071 3225 1267 3281 Isaiam
1291 3224 1425 3281 dicit
1450 3243 1464 3279 :
1498 3224 1734 3280 «Gentes
1753 3233 1809 3278 et
1830 3220 2009 3295 reges,

437 3320 529 3389 qui
562 3319 804 3378 tibinon
828 3318 1143 3381 servierint,
1186 3316 1468 3386 peribunt,
1512 3326 1569 3373 et
1601 3325 1790 3387 gentes
1819 3317 2015 3393 solitu-

436 3412 560 3464 dine
586 3409 1000 3471 desolabuntur,
1027 3408 1084 3463 in
1102 3422 1385 3477 cupresso,
1402 3408 1533 3477 pinu
1559 3412 1616 3463 et
1634 3407 1801 3464 cedro
1826 3407 2013 3475 simul,

438 3511 496 3556 ut
525 3501 833 3574 gloriﬁcent
863 3501 1041 3555 locum
1075 3509 1325 3555 sanctum
1356 3515 1562 3566 meum,
1601 3510 1658 3556 et
1699 3501 1879 3556 locum
1913 3513 2011 3569 pe-

436 3594 565 3648 dum
583 3592 1311 3661 meorumlgloriﬁcabo.“°"
1335 3592 1795 3663 «Attendeigitur,
1817 3590 2011 3647 etvide

440 3699 554 3738 rem
591 3698 787 3738 noram
835 3694 890 3739 et
925 3681 1324 3737 admirabilem.
1356 3682 1828 3750 Quemadmodum
1860 3684 2008 3739 enim

436 3775 643 3832 Christi
679 3775 990 3845 passionem
1044 3776 1417 3846 praedixerunt
1454 3776 1758 3846 prophetae,
1806 3785 1862 3830 et
1901 3791 2009 3832 non

439 3869 617 3924 solum
673 3868 836 3939 hanc,
888 3882 1079 3923 verum
1142 3868 1306 3923 etiam
1341 3868 1588 3938 ejusdem
1641 3868 1888 3938 species,
1930 3877 2012 3936 ut,

444 3979 465 4013 ι
496 3960 775 4016 Dederunt
816 3959 952 4015 mihi
980 3959 1037 4032 in
1065 3959 1247 4015 cibum
1276 3958 1368 4027 fel,
1405 3969 1461 4014 et
1491 3959 1545 4013 in
1569 3959 1661 4014 siti
1693 3975 1812 4015 mea
1852 3969 2011 4031 pota-

439 4061 636 4107 verunt
690 4067 776 4108 me
826 4058 1004 4116 aceto,
1038 4061 1094 4107 et
1141 4051 1501 4122 perfoderunt
1545 4065 1741 4107 manus
1777 4065 1928 4107 meas
1956 4061 2012 4106 et

440 4143 619 4210 pedes
637 4158 808 4207 meos,
844 4152 898 4198 et
925 4128 1233 4198 diviserunt
1261 4143 1585 4198 vestimenta
1613 4157 1751 4209 mea,
1772 4151 1827 4198 et
1846 4158 2015 4214 super

436 4243 647 4290 vestem
674 4249 850 4290 meam
883 4234 1155 4289 miserunt
1175 4244 1436 4298 sortem,»
1470 4241 1524 4288 et
1543 4233 1648 4288 alia
1669 4233 1756 4288 his
1775 4234 2006 4291 similia:

437 4326 517 4380 sic
549 4324 719 4379 etiam
748 4323 929 4380 crucis
956 4323 1104 4378 illius
1149 4332 1337 4392 typum
1376 4323 1915 4392 demonstraverunt,
1952 4333 2009 4379 et

436 4415 581 4486 quod
629 4431 727 4483 per
784 4413 929 4468 hanc
965 4411 1234 4468 abolenda
1284 4422 1433 4468 esset
1483 4413 1684 4469 diaboli
1738 4414 2004 4486 tyrannis.

2116 3228 2524 3302 κατετροποῦτο
2579 3230 2674 3283 τὸν
2717 3230 3034 3301 Ἀμαλὴκό
3066 3232 3175 3285 τῶν
3218 3231 3489 3303 Ἐϐραίων
3539 3232 3691 3294 λαός*

2115 3322 2301 3382 θέντος
2328 3320 2371 3374 δ’
2404 3323 2576 3386 αὐτὰς
2607 3322 2784 3388 κάτω,
2823 3323 3227 3394 κατετροποῦτο
3257 3324 3285 3377 6
3325 3323 3571 3395 ’Δμαλὴκ
3598 3324 3692 3378 τὸν

2126 3413 2370 3486 Ἰσραήλ.
2415 3414 2725 3484 Προσέταξε
2754 3414 2935 3469 τοίνυν
2965 3414 3054 3468 διὰ
3082 3415 3240 3469 τοῦτο
3269 3415 3298 3468 6
3334 3416 3576 3487 Μωΰσῆς
3596 3416 3690 3469 δύο

2112 3509 2287 3572 τινὰς,
2316 3505 2456 3561 ὥστε
2489 3506 2709 3578 βοηθεῖν
2747 3506 2896 3578 αὐτῷ
2942 3508 3036 3561 ἐπὶ
3068 3510 3133 3580 τῇ
3169 3507 3541 3561 ὲκτάσει’τῶν
3566 3508 3692 3561 τού-

2114 3611 2209 3648 του
2240 3595 2460 3666 χειρῶν,
2495 3596 2691 3666 μέχρις
2722 3596 2789 3650 ἂν
2812 3597 2892 3661 εἰς
2920 3595 3075 3661 τέλος
3119 3598 3328 3669 ἡττήθη
3346 3585 3380 3651 ’ὁ
3416 3599 3689 3669 Ἀμαλήκ.

2126 3687 2257 3741 Ἰδοὺ
2289 3688 2384 3742 καὶ
2405 3687 2563 3742 τοῦτο
2582 3689 2878 3760 προφανῶς
2895 3688 2986 3742 τὸν
3007 3688 3102 3742 τοῦ
3122 3691 3355 3762 σταυροῦ
3373 3691 3543 3746 τύπον
3563 3693 3688 3765 ἐδή-

2113 3779 2207 3833 λου
2230 3797 2290 3833 τε
2316 3779 2410 3834 καὶ
2430 3779 2531 3852 τὴν
2563 3779 2813 3849 δύναμιν.
2832 3780 2993 3834 Ἀλλὰ
3025 3781 3122 3835 καὶ
3140 3781 3168 3835 6
3206 3784 3476 3854 μακάριος
3491 3784 3689 3840 Ἰακὼϐ

2112 3872 2506 3941 τοὺςέγγόνους
2537 3870 2701 3925 αὑτοῦ
2735 3872 2996 3941 εὐλογῶν,
3033 3873 3261 3941 ἐναλλὰξ
3295 3878 3390 3931 καὶ
3410 3889 3686 3951 σταυροει-

2111 3959 2215 4020 δὼς
2236 3962 2336 4020 τὰς
2364 3961 2557 4030 χεῖρας
2586 3959 2751 4014 αὑτοῦ
2781 3961 2872 4014 έπὶ
2898 3965 3006 4015 τῶν
3041 3961 3297 4033 κεφαλῶν
3317 3963 3544 4019 ἐκείνων
3567 3969 3684 4023 έπέ-

2113 4054 2271 4120 θηκε,
2295 4051 2384 4105 τὸν
2406 4051 2576 4105 τύπον
2603 4050 2699 4105 τοῦ
2724 4051 2959 4123 σταυροῦ
2984 4054 3171 4107 ἔκτοτε
3190 4053 3599 4111 δεικνύων.”Ετι
3632 4057 3688 4113 δὲ

2110 4142 2304 4196 τούτου
2363 4143 2698 4213 σαφέστερόν
2731 4160 2792 4197 τε
2824 4145 2921 4197 καὶ
2951 4143 3342 4216 καθαρώτερον
3370 4149 3399 4200 6
3435 4147 3568 4211 Θεὸς
3599 4148 3689 4205 διὰ

2109 4234 2204 4287 τοῦ
2241 4235 2523 4305 προφήτου
2573 4235 2799 4293 Ἡσαΐου
2840 4236 3041 4289 οὑτωσί
3075 4253 3234 4306 φησι,
3265 4256 3284 4289 ι
3306 4238 3393 4295 Τὰ
3428 4238 3555 4309 ἔθνη
3594 4240 3691 4294 καὶ

2108 4328 2158 4380 οἱ
2179 4324 2443 4395 βασιλεῖς,
2475 4325 2674 4388 οἵτινές
2699 4342 2781 4380 σοι
2810 4328 2871 4379 οὐ
2904 4325 3306 4393 δουλεύσουσιν,
3337 4329 3686 4398 ἀπολοῦνται,

2111 4408 2206 4468 καὶ
2233 4416 2303 4468 τὰ
2333 4414 2462 4484 ἔθνη
2484 4416 2693 4487 ἐρημίᾳ
2727 4414 3209 4488 έρημωθήσοντᾶιολ
3237 4419 3328 4475 Ἐν
3364 4420 3690 4492 κυπαρίσσῳ

437 4507 545 4563 Sed
592 4514 648 4561 et
676 4520 847 4572 genus
872 4504 1007 4574 ligni
1043 4503 1204 4559 Isaias
1239 4506 1475 4570 notavit,
1520 4506 1751 4562 dicens:
1785 4507 1876 4561 «In
1907 4508 2008 4562 'cu-

2112 4507 2206 4559 καὶ
2233 4506 2410 4578 πεύκη
2438 4507 2534 4561 καὶ
2551 4508 2724 4579 κέδρῳ
2740 4507 2857 4578 ἅμα
2881 4508 3102 4573 δοξάσαι
3118 4509 3210 4563 τὸν
3244 4489 3709 4581 τόπονκτὸνῖᾶγιόνκ

440 4612 651 4668 presso,
683 4597 815 4666 pinu
846 4606 903 4650 et
931 4596 1098 4650 cedro
1161 4597 1326 4651 simul
1363 4596 1639 4667 gloriﬁces
1664 4598 1842 4653 locum
1882 4612 2008 4653 san-

439 4698 586 4743 ctum
610 4700 814 4753 meum,
846 4694 903 4740 et
928 4687 1110 4743 locum
1142 4687 1342 4755 pedum
1367 4702 1612 4742 meorum
1633 4687 1967 4759 glo‘riticabo.
1986 4706 2004 4738 ι

441 4778 522 4835 Ex
552 4779 641 4833 his
669 4779 817 4832 enim
856 4777 1034 4832 tribus
1069 4777 1198 4847 ligni
1223 4777 1519 4847 generibus
1546 4793 1683 4832 crux
1726 4790 2009 4849 compacta

439 4878 546 4937 est,
572 4878 740 4923 unum
765 4867 985 4937 quidem
1003 4879 1269 4932 ercetum,
1290 4867 1591 4922 secundum
1612 4876 2007 4935 transversum,

444 4960 667 5015 tertium
696 4973 833 5014 vero
857 4957 1108 5023 inferius,
1129 4958 1220 5013 cui
1250 4958 1392 5013 δαὶτί
1417 4968 1546 5013 sunt
1574 4958 1743 5029 pedes
1779 4958 2006 5016 Christi.

444 5051 610 5106 David
626 5065 764 5106 vero
788 5051 870 5105 sic
889 5049 1193 5105 exclamat:
1224 5067 1244 5101 ι
1258 5049 1503 5105 Exaltate
1528 5049 1820 5105 Dominum
1837 5051 2007 5106 Deum

438 5151 704 5205 vestrum,
739 5151 812 5196 'ct
859 5140 1084 5196 adorato
1146 5140 1441 5195 scabetlum
1496 5139 1697 5211 pedum
1755 5156 2005 5209 suorum,

439 5236 702 5305 quoniam
726 5243 967 5289 sanctus
995 5216 1168 5289 est“.
1203 5252 1224 5287 ι
1259 5232 1414 5289 Nune
1430 5248 1566 5290 vero
1592 5233 1661 5289 de
1711 5249 1898 5301 cruce,
1942 5249 2008 5290 ea

437 5339 559 5395 quin
587 5325 732 5379 dicta
773 5335 905 5380 sunt
932 5321 1231 5380 sufﬁciant.
1258 5324 1485 5399 ,Verum
1533 5334 1590 5380 et
1628 5324 1796 5380 Jacob
1828 5326 2005 5381 bene-

2110 4615 2233 4669 μου,
2252 4599 2348 4651 καὶ
2372 4599 2463 4651 τὸν
2485 4598 2650 4651 τόπον
2671 4600 2779 4651 τῶν
2796 4600 2973 4653 ποδῶν
3004 4617 3106 4671 μου
3128 4600 3352 4667 δοξάσω.
3367 4621 3386 4654 ι
3416 4603 3688 4674 Πρόσεξον

2106 4688 2313 4754 τοίνυν,
2344 4691 2438 4742 καὶ
2460 4688 2535 4742 ἴδε
2562 4690 2799 4759 πρᾶγμά
2821 4705 2873 4743 τι
2913 4691 3064 4756 ξένον
3089 4694 3185 4746 καὶ
3210 4691 3645 4758 ἐξαίσιον.Ὥσπε
3653 4712 3687 4765 ρ

2106 4784 2217 4852 γὰρ
2247 4784 2378 4852 περὶ
2400 4782 2502 4834 τοῦ
2532 4781 2744 4844 πάθους
2775 4780 2872 4836 τοῦ
2894 4774 3139 4854 Χριστοῦ
3192 4784 3609 4855 προηγόρευσαν
3634 4787 3685 4839 οἱ

2109 4875 2408 4943 προφῆται,
2443 4875 2538 4928 καὶ
2565 4872 2641 4944 μὴ
2674 4874 2837 4945 μόνον
2866 4876 3081 4942 τούτου,
3106 4876 3240 4932 ἀλλὰ
3264 4877 3360 4932 καὶ
3391 4878 3500 4932 τῶν
3528 4878 3688 4934 εἰδῶν

2105 4961 2202 5015 τοῦ
2256 4963 2487 5027 πάθους,
2513 4964 2635 5034 ἦτοι
2665 4962 2782 5029 τοῦ,
2818 4981 2839 5015 ι
2875 4964 3128 5019 Ἔδωκαν
3160 4967 3239 5030 εἰς
3260 4965 3322 5019 τὸ
3352 4966 3552 5039 βρῶμά
3582 4985 3685 5036 μου

2106 5052 2288 5124 χολὴν,
2316 5056 2411 5107 καὶ
2442 5057 2523 5117 εἰς
2550 5053 2858 5126 τὴν-δίψαν
2919 5070 3021 5124 μου
3081 5056 3340 5112 ὲπὸτισάν
3409 5075 3478 5127 με
3542 5056 3684 5124 ὅξος,

2107 5145 2205 5197 καὶ
2234 5141 2452 5216 ὤρυξαν
2488 5143 2678 5215 χεῖράς
2727 5161 2828 5214 μου
2866 5148 2962 5201 καὶ
3011 5147 3179 5212 πόδας
3213 5166 3338 5218 μου,
3374 5151 3472 5204 καὶ
3501 5151 3687 5220 διεμε-

2114 5237 2339 5305 ρίσαντο
2377 5236 2445 5287 τὰ
2468 5235 2667 5304 ἱμάτιά
2711 5252 2836 5306 μου,
2867 5238 2962 5292 καὶ
2991 5240 3082 5292 ἐπὶ
3127 5242 3221 5293 τὸν
3256 5241 3557 5312 ἱματισμόν
3579 5259 3685 5312 μου

2117 5328 2312 5382 ἔϐαλον
2343 5328 2574 5399 κλῆρον,
2601 5346 2620 5380 ι
2657 5329 2753 5381 καὶ
2796 5328 2905 5381 τῶν
2938 5330 3137 5399 ὁμοίων
3165 5330 3399 5397 τούτοις,
3422 5331 3566 5386 οὕτω
3587 5335 3685 5388 καὶ

437 5417 650 5481 dicens,
694 5426 753 5471 ut
778 5416 986 5470 dictum
1017 5423 1121 5480 est,
1163 5412 1290 5469 ﬁliis
1337 5414 1562 5485 Ioseph,
1603 5430 1798 5470 manus
1829 5426 2003 5471 trans-

2112 5418 2203 5471 ἐπὶ
2236 5417 2331 5471 τοῦ
2364 5416 2603 5489 σταυροῦ
2636 5416 2844 5483 ἔδειξαν
2876 5418 2977 5488 μὲν
2996 5418 3089 5473 τὸν
3112 5420 3281 5474 τύπον
3304 5421 3398 5475 τοῦ
3423 5423 3681 5493 σταυροῦ,

435 5518 625 5559 versas
667 5505 782 5561 illis
819 5503 1101 5574 imposuit,
1135 5514 1192 5558 et
1240 5505 1294 5557 in
1328 5503 1550 5558 modum
1577 5507 1762 5561 crucis
1804 5503 1998 5560 iisdem

2112 5510 2202 5562 καὶ
2222 5509 2305 5562 ὅτι
2328 5506 2397 5563 δι’
2418 5508 2583 5563 αὑτοῦ
2608 5508 2795 5579 μέλλει
2811 5509 3217 5581 καταϐληθῆναι
3236 5513 3281 5591 ’ἡ
3320 5511 3417 5566 τοῦ
3435 5513 3685 5568 διαϐόλου

436 5594 736 5651 benedixit.
787 5594 1158 5652 Praevidentes
1184 5594 1331 5649 enim
1373 5594 1679 5665 prophetae,
1709 5594 1858 5665 quod
1899 5608 2000 5665 per

2112 5597 2378 5666 ταραννὶς.
2407 5594 2568 5649 Ἀλλὰ
2592 5597 2688 5650 καὶ
2731 5596 2831 5668 τὴν
2872 5595 3045 5670 φύσιν,
3078 5597 3171 5653 τοῦ
3234 5599 3358 5655 ύλου
3383 5603 3412 5657 6
3452 5600 3680 5671 Ἠσαῑας

506 5775 623 5812 ιίο⁶¹
664 5777 765 5834 lsa.
802 5792 887 5843 Ls,
923 5774 1008 5841 19.,
1048 5776 1130 5831 l3.
1205 5778 1253 5810 ⁸³
1293 5774 1437 5831 Psal.
1472 5790 1657 5836 scvm.
1690 5775 1726 5829 5
