  <div class='ocr_page' id='page_1' title='image "/cluster/home/n/w/nwhite01/storage/ocr_20150623/154:no.2/coo.31924054870591/273.png"; bbox 0 0 4090 6472; ppageno 0'>
   <div class='ocr_carea' id='block_1_1' title="bbox 406 458 509 529">
    <p class='ocr_par' dir='ltr' id='par_1_1' title="bbox 406 458 509 529">
     <span class='ocr_line' id='line_1_1' title="bbox 406 458 509 529; baseline 0.039 -4"><span class='ocrx_word' id='word_1_1' title='bbox 406 458 509 529; x_wconf 74' lang='lat'><strong>531</strong></span> 
     </span>
    </p>
   </div>
   <div class='ocr_carea' id='block_1_2' title="bbox 1605 460 2497 529">
    <p class='ocr_par' dir='ltr' id='par_1_2' title="bbox 1605 460 2497 529">
     <span class='ocr_line' id='line_1_2' title="bbox 1605 460 2497 529; baseline 0.003 -3"><span class='ocrx_word' id='word_1_2' title='bbox 1605 464 1926 528; x_wconf 69' lang='lat' dir='ltr'><strong>JOANNIS</strong></span> <span class='ocrx_word' id='word_1_3' title='bbox 1966 460 2497 529; x_wconf 79' lang='lat' dir='ltr'><strong>CANTACUZENI</strong></span> 
     </span>
    </p>
   </div>
   <div class='ocr_carea' id='block_1_3' title="bbox 3558 468 3664 531">
    <p class='ocr_par' dir='ltr' id='par_1_3' title="bbox 3558 468 3664 531">
     <span class='ocr_line' id='line_1_3' title="bbox 3558 468 3664 531; baseline 0.019 -2"><span class='ocrx_word' id='word_1_4' title='bbox 3558 468 3664 531; x_wconf 74' lang='lat'><strong>532</strong></span> 
     </span>
    </p>
   </div>
   <div class='ocr_carea' id='block_1_4' title="bbox 404 568 3656 650">
    <p class='ocr_par' dir='ltr' id='par_1_4' title="bbox 404 568 3656 650">
     <span class='ocr_line' id='line_1_4' title="bbox 404 568 3656 650; baseline -0.004 -8"><span class='ocrx_word' id='word_1_5' title='bbox 404 568 698 626; x_wconf 66' lang='grc' dir='ltr'>ίηδίίίυίυε</span> <span class='ocrx_word' id='word_1_6' title='bbox 727 569 918 638; x_wconf 53' lang='lat' dir='ltr'><strong>fuerit:</strong></span> <span class='ocrx_word' id='word_1_7' title='bbox 959 572 1052 642; x_wconf 71' lang='grc' dir='ltr'><strong>(ἰυῖ</strong></span> <span class='ocrx_word' id='word_1_8' title='bbox 1084 570 1191 629; x_wconf 69' lang='lat' dir='ltr'><strong>hcc</strong></span> <span class='ocrx_word' id='word_1_9' title='bbox 1220 574 1487 645; x_wconf 61' lang='grc' dir='ltr'><strong>ευδθῖβῖῑ)</strong></span> <span class='ocrx_word' id='word_1_10' title='bbox 1514 577 1695 631; x_wconf 62' lang='grc' dir='ltr'>είθῑίιη</span> <span class='ocrx_word' id='word_1_11' title='bbox 1722 576 1982 644; x_wconf 58' lang='grc' dir='ltr'><strong>πεςηΐῧίῐ,</strong></span> <span class='ocrx_word' id='word_1_12' title='bbox 2015 578 2058 635; x_wconf 80' lang='grc' dir='ltr'><strong>Δ</strong></span> <span class='ocrx_word' id='word_1_13' title='bbox 2089 582 2156 636; x_wconf 66' lang='grc' dir='ltr'>τὰ</span> <span class='ocrx_word' id='word_1_14' title='bbox 2192 582 2541 650; x_wconf 76' lang='grc' dir='ltr'>πρωτότυπα,</span> <span class='ocrx_word' id='word_1_15' title='bbox 2577 577 2827 649; x_wconf 73' lang='grc' dir='ltr'>τιμῶμεν</span> <span class='ocrx_word' id='word_1_16' title='bbox 2872 579 2968 643; x_wconf 69' lang='grc' dir='ltr'>τᾶς</span> <span class='ocrx_word' id='word_1_17' title='bbox 3017 578 3231 639; x_wconf 76' lang='grc' dir='ltr'>εἰκόνας</span> <span class='ocrx_word' id='word_1_18' title='bbox 3263 578 3506 633; x_wconf 77' lang='grc' dir='ltr'>ἐκείνων,</span> <span class='ocrx_word' id='word_1_19' title='bbox 3546 578 3656 629; x_wconf 84' lang='grc' dir='ltr'>Και</span> 
     </span>
    </p>
   </div>
   <div class='ocr_carea' id='block_1_5' title="bbox 405 663 1975 738">
    <p class='ocr_par' dir='ltr' id='par_1_5' title="bbox 405 663 1975 738">
     <span class='ocr_line' id='line_1_5' title="bbox 405 663 1975 738; baseline 0.003 -21"><span class='ocrx_word' id='word_1_20' title='bbox 405 672 463 718; x_wconf 90' lang='lat' dir='ltr'><strong>et</strong></span> <span class='ocrx_word' id='word_1_21' title='bbox 492 678 605 717; x_wconf 87' lang='lat' dir='ltr'><strong>non</strong></span> <span class='ocrx_word' id='word_1_22' title='bbox 652 663 820 719; x_wconf 87' lang='lat' dir='ltr'><strong>modo</strong></span> <span class='ocrx_word' id='word_1_23' title='bbox 862 664 1235 736; x_wconf 76' lang='lat' dir='ltr'><strong>amplexatur,</strong></span> <span class='ocrx_word' id='word_1_24' title='bbox 1286 668 1379 723; x_wconf 87' lang='lat' dir='ltr'><strong>sed</strong></span> <span class='ocrx_word' id='word_1_25' title='bbox 1418 677 1475 724; x_wconf 92' lang='lat' dir='ltr'><strong>et</strong></span> <span class='ocrx_word' id='word_1_26' title='bbox 1509 668 1673 738; x_wconf 91' lang='lat' dir='ltr'><strong>capiti</strong></span> <span class='ocrx_word' id='word_1_27' title='bbox 1706 669 1837 725; x_wconf 85' lang='lat' dir='ltr'><strong>illud</strong></span> <span class='ocrx_word' id='word_1_28' title='bbox 1872 669 1975 722; x_wconf 87' lang='lat' dir='ltr'><strong>im-</strong></span> 
     </span>
    </p>
   </div>
   <div class='ocr_carea' id='block_1_6' title="bbox 408 753 1978 825">
    <p class='ocr_par' dir='ltr' id='par_1_6' title="bbox 408 753 1978 825">
     <span class='ocr_line' id='line_1_6' title="bbox 408 753 1978 825; baseline 0.005 -17"><span class='ocrx_word' id='word_1_29' title='bbox 408 753 597 825; x_wconf 90' lang='lat' dir='ltr'><strong>ponit;</strong></span> <span class='ocrx_word' id='word_1_30' title='bbox 645 770 751 812; x_wconf 89' lang='lat' dir='ltr'><strong>nec</strong></span> <span class='ocrx_word' id='word_1_31' title='bbox 780 764 964 813; x_wconf 88' lang='lat' dir='ltr'><strong>tamen</strong></span> <span class='ocrx_word' id='word_1_32' title='bbox 1009 766 1375 814; x_wconf 72' lang='lat' dir='ltr'><strong>atramentum</strong></span> <span class='ocrx_word' id='word_1_33' title='bbox 1405 766 1462 815; x_wconf 89' lang='lat' dir='ltr'><strong>et</strong></span> <span class='ocrx_word' id='word_1_34' title='bbox 1490 760 1735 815; x_wconf 91' lang='lat' dir='ltr'><strong>chartam</strong></span> <span class='ocrx_word' id='word_1_35' title='bbox 1768 759 1849 815; x_wconf 86' lang='lat' dir='ltr'><strong>sic</strong></span> <span class='ocrx_word' id='word_1_36' title='bbox 1886 775 1978 816; x_wconf 84' lang='lat' dir='ltr'><strong>ve-</strong></span> 
     </span>
    </p>
   </div>
   <div class='ocr_carea' id='block_1_7' title="bbox 406 850 1974 927">
    <p class='ocr_par' dir='ltr' id='par_1_7' title="bbox 406 850 1974 927">
     <span class='ocr_line' id='line_1_7' title="bbox 406 850 1974 927; baseline 0.006 -24"><span class='ocrx_word' id='word_1_37' title='bbox 406 850 586 905; x_wconf 90' lang='lat' dir='ltr'><strong>nerari</strong></span> <span class='ocrx_word' id='word_1_38' title='bbox 611 850 715 906; x_wconf 86' lang='lat' dir='ltr'><strong>sibi</strong></span> <span class='ocrx_word' id='word_1_39' title='bbox 749 851 984 919; x_wconf 88' lang='lat' dir='ltr'><strong>videtur,</strong></span> <span class='ocrx_word' id='word_1_40' title='bbox 1008 855 1105 909; x_wconf 88' lang='lat' dir='ltr'><strong>sed</strong></span> <span class='ocrx_word' id='word_1_41' title='bbox 1134 855 1245 927; x_wconf 84' lang='lat' dir='ltr'><strong>regi</strong></span> <span class='ocrx_word' id='word_1_42' title='bbox 1263 856 1428 912; x_wconf 92' lang='lat' dir='ltr'><strong>istum</strong></span> <span class='ocrx_word' id='word_1_43' title='bbox 1456 856 1722 911; x_wconf 84' lang='lat' dir='ltr'><strong>honorem</strong></span> <span class='ocrx_word' id='word_1_44' title='bbox 1747 857 1974 913; x_wconf 83' lang='lat' dir='ltr'><strong>tribuit:</strong></span> 
     </span>
    </p>
   </div>
   <div class='ocr_carea' id='block_1_8' title="bbox 406 937 1979 1014">
    <p class='ocr_par' dir='ltr' id='par_1_8' title="bbox 406 937 1979 1014">
     <span class='ocr_line' id='line_1_8' title="bbox 406 937 1979 1014; baseline 0.008 -22"><span class='ocrx_word' id='word_1_45' title='bbox 406 937 601 992; x_wconf 91' lang='lat' dir='ltr'><strong>eadem</strong></span> <span class='ocrx_word' id='word_1_46' title='bbox 651 939 812 996; x_wconf 89' lang='lat' dir='ltr'><strong>nobis</strong></span> <span class='ocrx_word' id='word_1_47' title='bbox 861 950 946 997; x_wconf 87' lang='lat' dir='ltr'><strong>est</strong></span> <span class='ocrx_word' id='word_1_48' title='bbox 994 943 1293 1014; x_wconf 79' lang='lat' dir='ltr'><strong>imaginum</strong></span> <span class='ocrx_word' id='word_1_49' title='bbox 1347 947 1508 1002; x_wconf 81' lang='lat' dir='ltr'><strong>ratio.</strong></span> <span class='ocrx_word' id='word_1_50' title='bbox 1562 947 1693 1013; x_wconf 62' lang='lat' dir='ltr'><strong>Quae</strong></span> <span class='ocrx_word' id='word_1_51' title='bbox 1743 949 1890 1003; x_wconf 90' lang='lat' dir='ltr'><strong>enim</strong></span> <span class='ocrx_word' id='word_1_52' title='bbox 1925 948 1979 1004; x_wconf 92' lang='lat' dir='ltr'><strong>in</strong></span> 
     </span>
    </p>
   </div>
   <div class='ocr_carea' id='block_1_9' title="bbox 407 1029 1979 1105">
    <p class='ocr_par' dir='ltr' id='par_1_9' title="bbox 407 1029 1979 1105">
     <span class='ocr_line' id='line_1_9' title="bbox 407 1029 1979 1105; baseline 0.006 -20"><span class='ocrx_word' id='word_1_53' title='bbox 407 1029 681 1085; x_wconf 84' lang='lat' dir='ltr'><strong>columnis</strong></span> <span class='ocrx_word' id='word_1_54' title='bbox 738 1039 794 1087; x_wconf 93' lang='lat' dir='ltr'><strong>et</strong></span> <span class='ocrx_word' id='word_1_55' title='bbox 822 1031 1025 1088; x_wconf 88' lang='lat' dir='ltr'><strong>tabulis</strong></span> <span class='ocrx_word' id='word_1_56' title='bbox 1072 1044 1356 1105; x_wconf 86' lang='lat' dir='ltr'><strong>prostant,</strong></span> <span class='ocrx_word' id='word_1_57' title='bbox 1406 1052 1436 1091; x_wconf 85' lang='lat' dir='ltr'><strong>a</strong></span> <span class='ocrx_word' id='word_1_58' title='bbox 1468 1037 1631 1094; x_wconf 87' lang='lat' dir='ltr'><strong>nobis</strong></span> <span class='ocrx_word' id='word_1_59' title='bbox 1676 1039 1979 1094; x_wconf 85' lang='lat' dir='ltr'><strong>coluntur:</strong></span> 
     </span>
    </p>
   </div>
   <div class='ocr_carea' id='block_1_10' title="bbox 410 1128 1984 1201">
    <p class='ocr_par' dir='ltr' id='par_1_10' title="bbox 410 1128 1984 1201">
     <span class='ocr_line' id='line_1_10' title="bbox 410 1128 1984 1201; baseline 0.008 -28"><span class='ocrx_word' id='word_1_60' title='bbox 410 1130 679 1177; x_wconf 89' lang='lat' dir='ltr'><strong>vetustate</strong></span> <span class='ocrx_word' id='word_1_61' title='bbox 709 1138 842 1179; x_wconf 88' lang='lat' dir='ltr'><strong>vero</strong></span> <span class='ocrx_word' id='word_1_62' title='bbox 872 1135 1161 1195; x_wconf 84' lang='lat' dir='ltr'><strong>corruptas</strong></span> <span class='ocrx_word' id='word_1_63' title='bbox 1190 1139 1247 1183; x_wconf 86' lang='lat' dir='ltr'><strong>et</strong></span> <span class='ocrx_word' id='word_1_64' title='bbox 1292 1128 1526 1184; x_wconf 85' lang='lat' dir='ltr'><strong>abolitas</strong></span> <span class='ocrx_word' id='word_1_65' title='bbox 1575 1145 1687 1184; x_wconf 91' lang='lat' dir='ltr'><strong>non</strong></span> <span class='ocrx_word' id='word_1_66' title='bbox 1746 1131 1984 1201; x_wconf 89' lang='lat' dir='ltr'><strong>amplius</strong></span> 
     </span>
    </p>
   </div>
   <div class='ocr_carea' id='block_1_11' title="bbox 332 1211 1983 1291">
    <p class='ocr_par' dir='ltr' id='par_1_11' title="bbox 332 1211 1983 1291">
     <span class='ocr_line' id='line_1_11' title="bbox 332 1211 1983 1291; baseline 0.007 -28"><span class='ocrx_word' id='word_1_67' title='bbox 332 1211 339 1221; x_wconf 92' lang='lat'>&#39;</span> <span class='ocrx_word' id='word_1_68' title='bbox 410 1211 781 1280; x_wconf 87' lang='lat' dir='ltr'><strong>honoramus,</strong></span> <span class='ocrx_word' id='word_1_69' title='bbox 816 1214 911 1271; x_wconf 84' lang='lat' dir='ltr'><strong>sed</strong></span> <span class='ocrx_word' id='word_1_70' title='bbox 943 1214 1258 1283; x_wconf 77' lang='lat' dir='ltr'><strong>iudicamus</strong></span> <span class='ocrx_word' id='word_1_71' title='bbox 1312 1218 1557 1274; x_wconf 73' lang='lat' dir='ltr'><strong>inutiles.</strong></span> <span class='ocrx_word' id='word_1_72' title='bbox 1584 1219 1729 1275; x_wconf 85' lang='lat' dir='ltr'><strong>Idem</strong></span> <span class='ocrx_word' id='word_1_73' title='bbox 1762 1236 1983 1291; x_wconf 88' lang='lat' dir='ltr'><strong>quoque</strong></span> 
     </span>
    </p>
   </div>
   <div class='ocr_carea' id='block_1_12' title="bbox 413 1303 1985 1382">
    <p class='ocr_par' dir='ltr' id='par_1_12' title="bbox 413 1303 1985 1382">
     <span class='ocr_line' id='line_1_12' title="bbox 413 1303 1985 1382; baseline 0.006 -23"><span class='ocrx_word' id='word_1_74' title='bbox 413 1303 486 1359; x_wconf 89' lang='lat' dir='ltr'><strong>de</strong></span> <span class='ocrx_word' id='word_1_75' title='bbox 520 1320 683 1360; x_wconf 87' lang='lat' dir='ltr'><strong>cruce</strong></span> <span class='ocrx_word' id='word_1_76' title='bbox 722 1306 906 1363; x_wconf 87' lang='lat' dir='ltr'><strong>videre</strong></span> <span class='ocrx_word' id='word_1_77' title='bbox 952 1307 1101 1363; x_wconf 88' lang='lat' dir='ltr'><strong>licet.</strong></span> <span class='ocrx_word' id='word_1_78' title='bbox 1153 1308 1407 1376; x_wconf 85' lang='lat' dir='ltr'><strong>Quandiu</strong></span> <span class='ocrx_word' id='word_1_79' title='bbox 1440 1311 1589 1366; x_wconf 88' lang='lat' dir='ltr'><strong>enim</strong></span> <span class='ocrx_word' id='word_1_80' title='bbox 1633 1312 1837 1382; x_wconf 84' lang='lat' dir='ltr'><strong>lignum</strong></span> <span class='ocrx_word' id='word_1_81' title='bbox 1882 1314 1985 1368; x_wconf 87' lang='lat' dir='ltr'><strong>ali-</strong></span> 
     </span>
    </p>
   </div>
   <div class='ocr_carea' id='block_1_13' title="bbox 406 1395 1984 1469">
    <p class='ocr_par' dir='ltr' id='par_1_13' title="bbox 406 1395 1984 1469">
     <span class='ocr_line' id='line_1_13' title="bbox 406 1395 1984 1469; baseline 0.006 -19"><span class='ocrx_word' id='word_1_82' title='bbox 406 1395 553 1466; x_wconf 86' lang='lat' dir='ltr'><strong>quod</strong></span> <span class='ocrx_word' id='word_1_83' title='bbox 577 1397 756 1452; x_wconf 81' lang='lat' dir='ltr'><strong>crucis</strong></span> <span class='ocrx_word' id='word_1_84' title='bbox 779 1397 1006 1468; x_wconf 82' lang='lat' dir='ltr'><strong>ﬁguram</strong></span> <span class='ocrx_word' id='word_1_85' title='bbox 1027 1400 1349 1469; x_wconf 73' lang='lat' dir='ltr'><strong>praetulerit,</strong></span> <span class='ocrx_word' id='word_1_86' title='bbox 1369 1401 1633 1457; x_wconf 89' lang='lat' dir='ltr'><strong>adoratur</strong></span> <span class='ocrx_word' id='word_1_87' title='bbox 1673 1411 1729 1458; x_wconf 90' lang='lat' dir='ltr'><strong>et</strong></span> <span class='ocrx_word' id='word_1_88' title='bbox 1752 1402 1984 1460; x_wconf 79' lang='lat' dir='ltr'><strong>honeste</strong></span> 
     </span>
    </p>
   </div>
   <div class='ocr_carea' id='block_1_14' title="bbox 408 1489 1983 1567">
    <p class='ocr_par' dir='ltr' id='par_1_14' title="bbox 408 1489 1983 1567">
     <span class='ocr_line' id='line_1_14' title="bbox 408 1489 1983 1567; baseline 0.006 -23"><span class='ocrx_word' id='word_1_89' title='bbox 408 1504 438 1544; x_wconf 89' lang='lat' dir='ltr'><strong>a</strong></span> <span class='ocrx_word' id='word_1_90' title='bbox 477 1489 635 1545; x_wconf 90' lang='lat' dir='ltr'><strong>nobis</strong></span> <span class='ocrx_word' id='word_1_91' title='bbox 684 1491 887 1545; x_wconf 84' lang='lat' dir='ltr'><strong>colitur</strong></span> <span class='ocrx_word' id='word_1_92' title='bbox 925 1511 939 1547; x_wconf 92' lang='lat'><strong>:</strong></span> <span class='ocrx_word' id='word_1_93' title='bbox 977 1492 1158 1549; x_wconf 88' lang='lat' dir='ltr'><strong>crucis</strong></span> <span class='ocrx_word' id='word_1_94' title='bbox 1209 1506 1393 1550; x_wconf 90' lang='lat' dir='ltr'><strong>autem</strong></span> <span class='ocrx_word' id='word_1_95' title='bbox 1456 1496 1626 1567; x_wconf 81' lang='lat' dir='ltr'><strong>liguia</strong></span> <span class='ocrx_word' id='word_1_96' title='bbox 1680 1507 1983 1563; x_wconf 87' lang='lat' dir='ltr'><strong>contracta,</strong></span> 
     </span>
    </p>
   </div>
   <div class='ocr_carea' id='block_1_15' title="bbox 410 1580 1985 1652">
    <p class='ocr_par' dir='ltr' id='par_1_15' title="bbox 410 1580 1985 1652">
     <span class='ocr_line' id='line_1_15' title="bbox 410 1580 1985 1652; baseline 0.004 -17"><span class='ocrx_word' id='word_1_97' title='bbox 410 1580 642 1636; x_wconf 89' lang='lat' dir='ltr'><strong>ulterius</strong></span> <span class='ocrx_word' id='word_1_98' title='bbox 671 1580 879 1652; x_wconf 85' lang='lat' dir='ltr'><strong>lignum</strong></span> <span class='ocrx_word' id='word_1_99' title='bbox 912 1597 942 1637; x_wconf 90' lang='lat' dir='ltr'><strong>a</strong></span> <span class='ocrx_word' id='word_1_100' title='bbox 970 1584 1127 1640; x_wconf 91' lang='lat' dir='ltr'><strong>nobis</strong></span> <span class='ocrx_word' id='word_1_101' title='bbox 1150 1600 1258 1639; x_wconf 90' lang='lat' dir='ltr'><strong>non</strong></span> <span class='ocrx_word' id='word_1_102' title='bbox 1283 1586 1565 1641; x_wconf 84' lang='lat' dir='ltr'><strong>adorator.</strong></span> <span class='ocrx_word' id='word_1_103' title='bbox 1597 1588 1985 1643; x_wconf 79' lang='lat' dir='ltr'><strong>Verumtamen</strong></span> 
     </span>
    </p>
   </div>
   <div class='ocr_carea' id='block_1_16' title="bbox 412 1670 1988 1747">
    <p class='ocr_par' dir='ltr' id='par_1_16' title="bbox 412 1670 1988 1747">
     <span class='ocr_line' id='line_1_16' title="bbox 412 1670 1988 1747; baseline 0.006 -22"><span class='ocrx_word' id='word_1_104' title='bbox 412 1670 519 1726; x_wconf 91' lang='lat' dir='ltr'><strong>hoc</strong></span> <span class='ocrx_word' id='word_1_105' title='bbox 550 1671 809 1747; x_wconf 81' lang='lat' dir='ltr'><strong>exemplo</strong></span> <span class='ocrx_word' id='word_1_106' title='bbox 837 1680 893 1730; x_wconf 92' lang='lat' dir='ltr'><strong>tu</strong></span> <span class='ocrx_word' id='word_1_107' title='bbox 945 1682 1002 1729; x_wconf 89' lang='lat' dir='ltr'><strong>et</strong></span> <span class='ocrx_word' id='word_1_108' title='bbox 1060 1675 1297 1744; x_wconf 87' lang='lat' dir='ltr'><strong>quilibet</strong></span> <span class='ocrx_word' id='word_1_109' title='bbox 1324 1677 1503 1744; x_wconf 79' lang='lat' dir='ltr'><strong>alius,</strong></span> <span class='ocrx_word' id='word_1_110' title='bbox 1558 1678 1653 1746; x_wconf 88' lang='lat' dir='ltr'><strong>qui</strong></span> <span class='ocrx_word' id='word_1_111' title='bbox 1706 1677 1988 1745; x_wconf 83' lang='lat' dir='ltr'><strong>inquirere</strong></span> 
     </span>
    </p>
   </div>
   <div class='ocr_carea' id='block_1_17' title="bbox 411 1763 1989 1839">
    <p class='ocr_par' dir='ltr' id='par_1_17' title="bbox 411 1763 1989 1839">
     <span class='ocr_line' id='line_1_17' title="bbox 411 1763 1989 1839; baseline 0.004 -21"><span class='ocrx_word' id='word_1_112' title='bbox 411 1765 580 1829; x_wconf 90' lang='lat' dir='ltr'><strong>volet,</strong></span> <span class='ocrx_word' id='word_1_113' title='bbox 621 1763 1039 1833; x_wconf 84' lang='lat' dir='ltr'><strong>deprehendere</strong></span> <span class='ocrx_word' id='word_1_114' title='bbox 1067 1774 1288 1837; x_wconf 85' lang='lat' dir='ltr'><strong>potest,</strong></span> <span class='ocrx_word' id='word_1_115' title='bbox 1338 1769 1484 1837; x_wconf 92' lang='lat' dir='ltr'><strong>quod</strong></span> <span class='ocrx_word' id='word_1_116' title='bbox 1517 1784 1638 1839; x_wconf 63' lang='lat' dir='ltr'><strong>quae</strong></span> <span class='ocrx_word' id='word_1_117' title='bbox 1668 1769 1723 1824; x_wconf 92' lang='lat' dir='ltr'><strong>in</strong></span> <span class='ocrx_word' id='word_1_118' title='bbox 1757 1770 1989 1827; x_wconf 83' lang='lat' dir='ltr'><strong>urbibus</strong></span> 
     </span>
    </p>
   </div>
   <div class='ocr_carea' id='block_1_18' title="bbox 413 1858 1985 1932">
    <p class='ocr_par' dir='ltr' id='par_1_18' title="bbox 413 1858 1985 1932">
     <span class='ocr_line' id='line_1_18' title="bbox 413 1858 1985 1932; baseline 0.004 -21"><span class='ocrx_word' id='word_1_119' title='bbox 413 1867 754 1928; x_wconf 86' lang='lat' dir='ltr'><strong>usurpantur</strong></span> <span class='ocrx_word' id='word_1_120' title='bbox 786 1859 1141 1923; x_wconf 86' lang='lat' dir='ltr'><strong>numismata,</strong></span> <span class='ocrx_word' id='word_1_121' title='bbox 1176 1858 1381 1915; x_wconf 82' lang='lat' dir='ltr'><strong>Christi</strong></span> <span class='ocrx_word' id='word_1_122' title='bbox 1452 1861 1747 1932; x_wconf 78' lang='lat' dir='ltr'><strong>imaginem</strong></span> <span class='ocrx_word' id='word_1_123' title='bbox 1777 1863 1985 1917; x_wconf 84' lang='lat' dir='ltr'><strong>inscul-</strong></span> 
     </span>
    </p>
   </div>
   <div class='ocr_carea' id='block_1_19' title="bbox 410 1933 2061 2021">
    <p class='ocr_par' dir='ltr' id='par_1_19' title="bbox 410 1933 2061 2021">
     <span class='ocr_line' id='line_1_19' title="bbox 410 1933 2061 2021; baseline 0.005 -17"><span class='ocrx_word' id='word_1_124' title='bbox 410 1961 566 2020; x_wconf 92' lang='lat' dir='ltr'><strong>ptam</strong></span> <span class='ocrx_word' id='word_1_125' title='bbox 598 1958 656 2006; x_wconf 91' lang='lat' dir='ltr'><strong>et</strong></span> <span class='ocrx_word' id='word_1_126' title='bbox 680 1950 971 2005; x_wconf 82' lang='lat' dir='ltr'><strong>formatam</strong></span> <span class='ocrx_word' id='word_1_127' title='bbox 1005 1961 1222 2021; x_wconf 89' lang='lat' dir='ltr'><strong>gerunt,</strong></span> <span class='ocrx_word' id='word_1_128' title='bbox 1274 1954 1408 2020; x_wconf 91' lang='lat' dir='ltr'><strong>quin</strong></span> <span class='ocrx_word' id='word_1_129' title='bbox 1443 1962 1501 2009; x_wconf 90' lang='lat' dir='ltr'><strong>et</strong></span> <span class='ocrx_word' id='word_1_130' title='bbox 1546 1965 1749 2010; x_wconf 78' lang='lat' dir='ltr'><strong>sancta:</strong></span> <span class='ocrx_word' id='word_1_131' title='bbox 1796 1958 1988 2011; x_wconf 82' lang='lat' dir='ltr'><strong>matris</strong></span> <span class='ocrx_word' id='word_1_132' title='bbox 2023 1933 2061 1987; x_wconf 72' lang='grc' dir='ltr'>Β</span> 
     </span>
    </p>
   </div>
   <div class='ocr_carea' id='block_1_20' title="bbox 412 2040 1989 2114">
    <p class='ocr_par' dir='ltr' id='par_1_20' title="bbox 412 2040 1989 2114">
     <span class='ocr_line' id='line_1_20' title="bbox 412 2040 1989 2114; baseline 0.003 -17"><span class='ocrx_word' id='word_1_133' title='bbox 412 2040 563 2097; x_wconf 83' lang='lat' dir='ltr'><strong>illius</strong></span> <span class='ocrx_word' id='word_1_134' title='bbox 596 2050 650 2096; x_wconf 91' lang='lat' dir='ltr'><strong>et</strong></span> <span class='ocrx_word' id='word_1_135' title='bbox 681 2041 912 2097; x_wconf 88' lang='lat' dir='ltr'><strong>aliorum</strong></span> <span class='ocrx_word' id='word_1_136' title='bbox 968 2051 1308 2099; x_wconf 86' lang='lat' dir='ltr'><strong>sanctorum.</strong></span> <span class='ocrx_word' id='word_1_137' title='bbox 1336 2043 1457 2099; x_wconf 85' lang='lat' dir='ltr'><strong>Non</strong></span> <span class='ocrx_word' id='word_1_138' title='bbox 1492 2053 1670 2100; x_wconf 82' lang='lat' dir='ltr'><strong>tamen</strong></span> <span class='ocrx_word' id='word_1_139' title='bbox 1702 2054 1989 2114; x_wconf 85' lang='lat' dir='ltr'><strong>propterea</strong></span> 
     </span>
    </p>
   </div>
   <div class='ocr_carea' id='block_1_21' title="bbox 413 2132 1989 2209">
    <p class='ocr_par' dir='ltr' id='par_1_21' title="bbox 413 2132 1989 2209">
     <span class='ocr_line' id='line_1_21' title="bbox 413 2132 1989 2209; baseline 0.002 -22"><span class='ocrx_word' id='word_1_140' title='bbox 413 2147 444 2186; x_wconf 85' lang='lat' dir='ltr'><strong>a</strong></span> <span class='ocrx_word' id='word_1_141' title='bbox 478 2132 638 2188; x_wconf 87' lang='lat' dir='ltr'><strong>nobis</strong></span> <span class='ocrx_word' id='word_1_142' title='bbox 659 2132 980 2199; x_wconf 89' lang='lat' dir='ltr'><strong>adorantur,</strong></span> <span class='ocrx_word' id='word_1_143' title='bbox 1009 2150 1113 2190; x_wconf 88' lang='lat' dir='ltr'><strong>nec</strong></span> <span class='ocrx_word' id='word_1_144' title='bbox 1132 2145 1419 2205; x_wconf 82' lang='lat' dir='ltr'><strong>prepterea</strong></span> <span class='ocrx_word' id='word_1_145' title='bbox 1451 2136 1629 2191; x_wconf 84' lang='lat' dir='ltr'><strong>honor</strong></span> <span class='ocrx_word' id='word_1_146' title='bbox 1655 2138 1856 2209; x_wconf 82' lang='lat' dir='ltr'><strong>aliquis</strong></span> <span class='ocrx_word' id='word_1_147' title='bbox 1884 2138 1989 2193; x_wconf 87' lang='lat' dir='ltr'><strong>illis</strong></span> 
     </span>
    </p>
   </div>
   <div class='ocr_carea' id='block_1_22' title="bbox 416 2223 1987 2299">
    <p class='ocr_par' dir='ltr' id='par_1_22' title="bbox 416 2223 1987 2299">
     <span class='ocr_line' id='line_1_22' title="bbox 416 2223 1987 2299; baseline 0.004 -21"><span class='ocrx_word' id='word_1_148' title='bbox 416 2223 687 2291; x_wconf 89' lang='lat' dir='ltr'><strong>habetur;</strong></span> <span class='ocrx_word' id='word_1_149' title='bbox 739 2225 1083 2295; x_wconf 83' lang='lat' dir='ltr'><strong>abjiciuntur</strong></span> <span class='ocrx_word' id='word_1_150' title='bbox 1125 2228 1273 2283; x_wconf 86' lang='lat' dir='ltr'><strong>enim</strong></span> <span class='ocrx_word' id='word_1_151' title='bbox 1307 2244 1736 2299; x_wconf 88' lang='lat' dir='ltr'><strong>nonnunquam,</strong></span> <span class='ocrx_word' id='word_1_152' title='bbox 1770 2242 1825 2285; x_wconf 91' lang='lat' dir='ltr'><strong>et</strong></span> <span class='ocrx_word' id='word_1_153' title='bbox 1853 2246 1987 2285; x_wconf 86' lang='lat' dir='ltr'><strong>con-</strong></span> 
     </span>
    </p>
   </div>
   <div class='ocr_carea' id='block_1_23' title="bbox 414 2316 1991 2383">
    <p class='ocr_par' dir='ltr' id='par_1_23' title="bbox 414 2316 1991 2383">
     <span class='ocr_line' id='line_1_23' title="bbox 414 2316 1991 2383; baseline 0.004 -12"><span class='ocrx_word' id='word_1_154' title='bbox 414 2316 726 2383; x_wconf 88' lang='lat' dir='ltr'><strong>culcantur,</strong></span> <span class='ocrx_word' id='word_1_155' title='bbox 757 2316 1067 2373; x_wconf 81' lang='lat' dir='ltr'><strong>conﬂantur</strong></span> <span class='ocrx_word' id='word_1_156' title='bbox 1090 2319 1243 2383; x_wconf 86' lang='lat' dir='ltr'><strong>item,</strong></span> <span class='ocrx_word' id='word_1_157' title='bbox 1271 2328 1325 2374; x_wconf 89' lang='lat' dir='ltr'><strong>et</strong></span> <span class='ocrx_word' id='word_1_158' title='bbox 1350 2334 1417 2375; x_wconf 79' lang='lat' dir='ltr'><strong>ex</strong></span> <span class='ocrx_word' id='word_1_159' title='bbox 1450 2320 1623 2374; x_wconf 77' lang='lat' dir='ltr'><strong>forma</strong></span> <span class='ocrx_word' id='word_1_160' title='bbox 1651 2336 1757 2375; x_wconf 90' lang='lat' dir='ltr'><strong>una</strong></span> <span class='ocrx_word' id='word_1_161' title='bbox 1777 2332 1991 2377; x_wconf 76' lang='lat' dir='ltr'><strong>mutan-</strong></span> 
     </span>
    </p>
   </div>
   <div class='ocr_carea' id='block_1_24' title="bbox 418 2407 1988 2480">
    <p class='ocr_par' dir='ltr' id='par_1_24' title="bbox 418 2407 1988 2480">
     <span class='ocr_line' id='line_1_24' title="bbox 418 2407 1988 2480; baseline 0.003 -19"><span class='ocrx_word' id='word_1_162' title='bbox 418 2416 507 2463; x_wconf 89' lang='lat' dir='ltr'><strong>tur</strong></span> <span class='ocrx_word' id='word_1_163' title='bbox 535 2411 590 2463; x_wconf 91' lang='lat' dir='ltr'><strong>in</strong></span> <span class='ocrx_word' id='word_1_164' title='bbox 619 2407 806 2475; x_wconf 89' lang='lat' dir='ltr'><strong>aliam,</strong></span> <span class='ocrx_word' id='word_1_165' title='bbox 830 2419 993 2479; x_wconf 90' lang='lat' dir='ltr'><strong>prout</strong></span> <span class='ocrx_word' id='word_1_166' title='bbox 1018 2410 1370 2480; x_wconf 83' lang='lat' dir='ltr'><strong>magistratus</strong></span> <span class='ocrx_word' id='word_1_167' title='bbox 1387 2411 1642 2466; x_wconf 80' lang='lat' dir='ltr'><strong>voluntas</strong></span> <span class='ocrx_word' id='word_1_168' title='bbox 1662 2412 1988 2468; x_wconf 78' lang='lat' dir='ltr'><strong>decreverit.</strong></span> 
     </span>
    </p>
   </div>
   <div class='ocr_carea' id='block_1_25' title="bbox 418 2497 1991 2581">
    <p class='ocr_par' dir='ltr' id='par_1_25' title="bbox 418 2497 1991 2581">
     <span class='ocr_line' id='line_1_25' title="bbox 418 2497 1991 2581; baseline 0.004 -29"><span class='ocrx_word' id='word_1_169' title='bbox 418 2497 524 2552; x_wconf 87' lang='lat' dir='ltr'><strong>Sed</strong></span> <span class='ocrx_word' id='word_1_170' title='bbox 556 2498 909 2568; x_wconf 83' lang='lat' dir='ltr'><strong>imaginibus,</strong></span> <span class='ocrx_word' id='word_1_171' title='bbox 938 2516 1060 2570; x_wconf 58' lang='lat' dir='ltr'><strong>quae</strong></span> <span class='ocrx_word' id='word_1_172' title='bbox 1079 2502 1403 2556; x_wconf 89' lang='lat' dir='ltr'><strong>nominatim</strong></span> <span class='ocrx_word' id='word_1_173' title='bbox 1437 2515 1752 2559; x_wconf 83' lang='lat' dir='ltr'><strong>sanctorum</strong></span> <span class='ocrx_word' id='word_1_174' title='bbox 1780 2519 1991 2581; x_wconf 86' lang='lat' dir='ltr'><strong>memo-</strong></span> 
     </span>
    </p>
   </div>
   <div class='ocr_carea' id='block_1_26' title="bbox 415 2590 1990 2666">
    <p class='ocr_par' dir='ltr' id='par_1_26' title="bbox 415 2590 1990 2666">
     <span class='ocr_line' id='line_1_26' title="bbox 415 2590 1990 2666; baseline 0.005 -23"><span class='ocrx_word' id='word_1_175' title='bbox 415 2591 513 2647; x_wconf 75' lang='lat' dir='ltr'><strong>ria:</strong></span> <span class='ocrx_word' id='word_1_176' title='bbox 567 2590 830 2646; x_wconf 70' lang='lat' dir='ltr'><strong>dedicata:</strong></span> <span class='ocrx_word' id='word_1_177' title='bbox 889 2602 1055 2657; x_wconf 89' lang='lat' dir='ltr'><strong>sunt,</strong></span> <span class='ocrx_word' id='word_1_178' title='bbox 1107 2610 1215 2649; x_wconf 90' lang='lat' dir='ltr'><strong>non</strong></span> <span class='ocrx_word' id='word_1_179' title='bbox 1262 2595 1408 2649; x_wconf 84' lang='lat' dir='ltr'><strong>idem</strong></span> <span class='ocrx_word' id='word_1_180' title='bbox 1443 2596 1732 2666; x_wconf 88' lang='lat' dir='ltr'><strong>contingit,</strong></span> <span class='ocrx_word' id='word_1_181' title='bbox 1796 2612 1990 2651; x_wconf 85' lang='lat' dir='ltr'><strong>verum</strong></span> 
     </span>
    </p>
   </div>
   <div class='ocr_carea' id='block_1_27' title="bbox 417 2683 1993 2758">
    <p class='ocr_par' dir='ltr' id='par_1_27' title="bbox 417 2683 1993 2758">
     <span class='ocr_line' id='line_1_27' title="bbox 417 2683 1993 2758; baseline 0.005 -22"><span class='ocrx_word' id='word_1_182' title='bbox 417 2697 544 2737; x_wconf 92' lang='lat' dir='ltr'><strong>cum</strong></span> <span class='ocrx_word' id='word_1_183' title='bbox 581 2683 816 2750; x_wconf 89' lang='lat' dir='ltr'><strong>honore,</strong></span> <span class='ocrx_word' id='word_1_184' title='bbox 849 2684 1144 2741; x_wconf 86' lang='lat' dir='ltr'><strong>devotione</strong></span> <span class='ocrx_word' id='word_1_185' title='bbox 1182 2695 1239 2741; x_wconf 89' lang='lat' dir='ltr'><strong>et</strong></span> <span class='ocrx_word' id='word_1_186' title='bbox 1284 2687 1548 2758; x_wconf 84' lang='lat' dir='ltr'><strong>religione</strong></span> <span class='ocrx_word' id='word_1_187' title='bbox 1594 2688 1719 2743; x_wconf 85' lang='lat' dir='ltr'><strong>illas</strong></span> <span class='ocrx_word' id='word_1_188' title='bbox 1777 2689 1993 2744; x_wconf 89' lang='lat' dir='ltr'><strong>accedi-</strong></span> 
     </span>
    </p>
   </div>
   <div class='ocr_carea' id='block_1_28' title="bbox 416 2775 1993 2847">
    <p class='ocr_par' dir='ltr' id='par_1_28' title="bbox 416 2775 1993 2847">
     <span class='ocr_line' id='line_1_28' title="bbox 416 2775 1993 2847; baseline 0.004 -17"><span class='ocrx_word' id='word_1_189' title='bbox 416 2791 559 2830; x_wconf 89' lang='lat' dir='ltr'><strong>mus.</strong></span> <span class='ocrx_word' id='word_1_190' title='bbox 608 2775 884 2832; x_wconf 81' lang='lat' dir='ltr'><strong>Videntur</strong></span> <span class='ocrx_word' id='word_1_191' title='bbox 934 2776 1122 2847; x_wconf 88' lang='lat' dir='ltr'><strong>itaque</strong></span> <span class='ocrx_word' id='word_1_192' title='bbox 1170 2779 1307 2835; x_wconf 84' lang='lat' dir='ltr'><strong>mihi</strong></span> <span class='ocrx_word' id='word_1_193' title='bbox 1358 2780 1863 2837; x_wconf 87' lang='lat' dir='ltr'><strong>demonstrationes</strong></span> <span class='ocrx_word' id='word_1_194' title='bbox 1909 2782 1993 2838; x_wconf 66' lang='lat' dir='ltr'><strong>hae</strong></span> 
     </span>
    </p>
   </div>
   <div class='ocr_carea' id='block_1_29' title="bbox 417 2865 1995 2939">
    <p class='ocr_par' dir='ltr' id='par_1_29' title="bbox 417 2865 1995 2939">
     <span class='ocr_line' id='line_1_29' title="bbox 417 2865 1995 2939; baseline 0.004 -18"><span class='ocrx_word' id='word_1_195' title='bbox 417 2865 755 2923; x_wconf 80' lang='lat' dir='ltr'><strong>suﬂicicntes</strong></span> <span class='ocrx_word' id='word_1_196' title='bbox 779 2882 921 2935; x_wconf 87' lang='lat' dir='ltr'><strong>esse,</strong></span> <span class='ocrx_word' id='word_1_197' title='bbox 963 2884 1086 2939; x_wconf 65' lang='lat' dir='ltr'><strong>quae</strong></span> <span class='ocrx_word' id='word_1_198' title='bbox 1116 2869 1500 2925; x_wconf 86' lang='lat' dir='ltr'><strong>demonstrent</strong></span> <span class='ocrx_word' id='word_1_199' title='bbox 1532 2872 1717 2937; x_wconf 89' lang='lat' dir='ltr'><strong>simul,</strong></span> <span class='ocrx_word' id='word_1_200' title='bbox 1763 2882 1819 2928; x_wconf 92' lang='lat' dir='ltr'><strong>et</strong></span> <span class='ocrx_word' id='word_1_201' title='bbox 1853 2872 1995 2927; x_wconf 39' lang='lat' dir='ltr'><strong>dilue</strong></span> 
     </span>
    </p>
   </div>
   <div class='ocr_carea' id='block_1_30' title="bbox 338 2957 1991 3033">
    <p class='ocr_par' dir='ltr' id='par_1_30' title="bbox 338 2957 1991 3033">
     <span class='ocr_line' id='line_1_30' title="bbox 338 2957 1991 3033; baseline 0.003 -21"><span class='ocrx_word' id='word_1_202' title='bbox 338 3016 343 3021; x_wconf 65' lang='grc'><strong>,</strong></span> <span class='ocrx_word' id='word_1_203' title='bbox 415 2957 539 3013; x_wconf 89' lang='lat' dir='ltr'><strong>cide</strong></span> <span class='ocrx_word' id='word_1_204' title='bbox 589 2958 880 3013; x_wconf 76' lang='lat' dir='ltr'><strong>veritatem</strong></span> <span class='ocrx_word' id='word_1_205' title='bbox 934 2970 1209 3018; x_wconf 84' lang='lat' dir='ltr'><strong>asseram.</strong></span> <span class='ocrx_word' id='word_1_206' title='bbox 1266 2960 1417 3016; x_wconf 90' lang='lat' dir='ltr'><strong>llanc</strong></span> <span class='ocrx_word' id='word_1_207' title='bbox 1466 2962 1633 3032; x_wconf 85' lang='lat' dir='ltr'><strong>igitur</strong></span> <span class='ocrx_word' id='word_1_208' title='bbox 1678 2962 1773 3033; x_wconf 90' lang='lat' dir='ltr'><strong>qui</strong></span> <span class='ocrx_word' id='word_1_209' title='bbox 1821 2963 1991 3027; x_wconf 89' lang='lat' dir='ltr'><strong>volet,</strong></span> 
     </span>
    </p>
   </div>
   <div class='ocr_carea' id='block_1_31' title="bbox 414 3049 1990 3120">
    <p class='ocr_par' dir='ltr' id='par_1_31' title="bbox 414 3049 1990 3120">
     <span class='ocr_line' id='line_1_31' title="bbox 414 3049 1990 3120; baseline 0.004 -18"><span class='ocrx_word' id='word_1_210' title='bbox 414 3059 703 3120; x_wconf 70' lang='lat' dir='ltr'><strong>agnoscat.</strong></span> <span class='ocrx_word' id='word_1_211' title='bbox 725 3049 883 3118; x_wconf 85' lang='lat' dir='ltr'><strong>Quod</strong></span> <span class='ocrx_word' id='word_1_212' title='bbox 911 3052 962 3107; x_wconf 90' lang='lat' dir='ltr'><strong>si</strong></span> <span class='ocrx_word' id='word_1_213' title='bbox 988 3061 1170 3108; x_wconf 89' lang='lat' dir='ltr'><strong>autem</strong></span> <span class='ocrx_word' id='word_1_214' title='bbox 1198 3068 1389 3108; x_wconf 90' lang='lat' dir='ltr'><strong>rursus</strong></span> <span class='ocrx_word' id='word_1_215' title='bbox 1413 3053 1626 3109; x_wconf 77' lang='lat' dir='ltr'><strong>Veteris</strong></span> <span class='ocrx_word' id='word_1_216' title='bbox 1656 3054 1990 3110; x_wconf 86' lang='lat' dir='ltr'><strong>Testamenti</strong></span> 
     </span>
    </p>
   </div>
   <div class='ocr_carea' id='block_1_32' title="bbox 418 3140 1989 3215">
    <p class='ocr_par' dir='ltr' id='par_1_32' title="bbox 418 3140 1989 3215">
     <span class='ocr_line' id='line_1_32' title="bbox 418 3140 1989 3215; baseline 0.004 -21"><span class='ocrx_word' id='word_1_217' title='bbox 418 3140 657 3212; x_wconf 91' lang='lat' dir='ltr'><strong>requiris</strong></span> <span class='ocrx_word' id='word_1_218' title='bbox 680 3142 1018 3209; x_wconf 85' lang='lat' dir='ltr'><strong>testimonia,</strong></span> <span class='ocrx_word' id='word_1_219' title='bbox 1044 3153 1101 3198; x_wconf 92' lang='lat' dir='ltr'><strong>ut</strong></span> <span class='ocrx_word' id='word_1_220' title='bbox 1124 3152 1181 3200; x_wconf 93' lang='lat' dir='ltr'><strong>et</strong></span> <span class='ocrx_word' id='word_1_221' title='bbox 1213 3144 1265 3198; x_wconf 93' lang='lat' dir='ltr'><strong>in</strong></span> <span class='ocrx_word' id='word_1_222' title='bbox 1293 3146 1698 3215; x_wconf 84' lang='lat' dir='ltr'><strong>superioribus,</strong></span> <span class='ocrx_word' id='word_1_223' title='bbox 1726 3161 1794 3201; x_wconf 86' lang='lat' dir='ltr'><strong>en</strong></span> <span class='ocrx_word' id='word_1_224' title='bbox 1820 3147 1989 3201; x_wconf 84' lang='lat' dir='ltr'><strong>etiam</strong></span> 
     </span>
    </p>
   </div>
   <div class='ocr_carea' id='block_1_33' title="bbox 2084 668 3655 744">
    <p class='ocr_par' dir='ltr' id='par_1_33' title="bbox 2084 668 3655 744">
     <span class='ocr_line' id='line_1_33' title="bbox 2084 668 3655 744; baseline -0.003 -18"><span class='ocrx_word' id='word_1_225' title='bbox 2084 674 2275 744; x_wconf 79' lang='grc' dir='ltr'>ὥσπερ</span> <span class='ocrx_word' id='word_1_226' title='bbox 2310 673 2639 743; x_wconf 74' lang='grc' dir='ltr'><strong>πρόσταγμα</strong></span> <span class='ocrx_word' id='word_1_227' title='bbox 2669 670 2936 740; x_wconf 75' lang='grc' dir='ltr'>βασιλέως</span> <span class='ocrx_word' id='word_1_228' title='bbox 2965 670 3320 740; x_wconf 77' lang='grc' dir='ltr'><strong>διακομισθὲν</strong></span> <span class='ocrx_word' id='word_1_229' title='bbox 3346 668 3481 740; x_wconf 78' lang='grc' dir='ltr'>πρός</span> <span class='ocrx_word' id='word_1_230' title='bbox 3514 686 3655 734; x_wconf 86' lang='grc' dir='ltr'>τινα,</span> 
     </span>
    </p>
   </div>
   <div class='ocr_carea' id='block_1_34' title="bbox 2084 761 3660 839">
    <p class='ocr_par' dir='ltr' id='par_1_34' title="bbox 2084 761 3660 839">
     <span class='ocr_line' id='line_1_34' title="bbox 2084 761 3660 839; baseline -0.004 -19"><span class='ocrx_word' id='word_1_231' title='bbox 2084 768 2258 838; x_wconf 70' lang='grc' dir='ltr'>ἤνπερ</span> <span class='ocrx_word' id='word_1_232' title='bbox 2358 765 2789 834; x_wconf 76' lang='grc' dir='ltr'><strong>πεπαιδευμένος</strong></span> <span class='ocrx_word' id='word_1_233' title='bbox 2838 765 2867 818; x_wconf 85' lang='grc' dir='ltr'><strong><em>ὁ</em></strong></span> <span class='ocrx_word' id='word_1_234' title='bbox 2912 764 3073 818; x_wconf 89' lang='grc' dir='ltr'>τοῦτο</span> <span class='ocrx_word' id='word_1_235' title='bbox 3103 764 3425 833; x_wconf 80' lang='grc' dir='ltr'>δεξάμενος,</span> <span class='ocrx_word' id='word_1_236' title='bbox 3457 761 3660 824; x_wconf 70' lang='grc' dir='ltr'>εὖθὲως</span> 
     </span>
    </p>
   </div>
   <div class='ocr_carea' id='block_1_35' title="bbox 2084 856 3662 928">
    <p class='ocr_par' dir='ltr' id='par_1_35' title="bbox 2084 856 3662 928">
     <span class='ocr_line' id='line_1_35' title="bbox 2084 856 3662 928; baseline -0.006 -13"><span class='ocrx_word' id='word_1_237' title='bbox 2084 862 2393 924; x_wconf 85' lang='grc' dir='ltr'>ἀνίσταται,</span> <span class='ocrx_word' id='word_1_238' title='bbox 2440 859 2534 913; x_wconf 69' lang='grc' dir='ltr'>καὶ</span> <span class='ocrx_word' id='word_1_239' title='bbox 2574 859 2634 913; x_wconf 81' lang='grc' dir='ltr'>οὗ</span> <span class='ocrx_word' id='word_1_240' title='bbox 2690 858 2848 928; x_wconf 76' lang='grc' dir='ltr'>μόνον</span> <span class='ocrx_word' id='word_1_241' title='bbox 2904 856 3230 922; x_wconf 79' lang='grc' dir='ltr'>ἀσπάζεται,</span> <span class='ocrx_word' id='word_1_242' title='bbox 3271 856 3407 910; x_wconf 79' lang='grc' dir='ltr'>ἀλλὰ</span> <span class='ocrx_word' id='word_1_243' title='bbox 3435 856 3532 909; x_wconf 81' lang='grc' dir='ltr'>καὶ</span> <span class='ocrx_word' id='word_1_244' title='bbox 3569 856 3662 906; x_wconf 75' lang='grc' dir='ltr'><strong>ἐπὶ</strong></span> 
     </span>
    </p>
   </div>
   <div class='ocr_carea' id='block_1_36' title="bbox 2084 943 3662 1022">
    <p class='ocr_par' dir='ltr' id='par_1_36' title="bbox 2084 943 3662 1022">
     <span class='ocr_line' id='line_1_36' title="bbox 2084 943 3662 1022; baseline -0.006 -17"><span class='ocrx_word' id='word_1_245' title='bbox 2084 952 2184 1022; x_wconf 82' lang='grc' dir='ltr'>τῆς</span> <span class='ocrx_word' id='word_1_246' title='bbox 2216 951 2458 1021; x_wconf 74' lang='grc' dir='ltr'>κεφαλῆς</span> <span class='ocrx_word' id='word_1_247' title='bbox 2488 949 2657 1003; x_wconf 84' lang='grc' dir='ltr'>αὐτοῦ</span> <span class='ocrx_word' id='word_1_248' title='bbox 2688 949 2871 1018; x_wconf 84' lang='grc' dir='ltr'>τίθησι</span> <span class='ocrx_word' id='word_1_249' title='bbox 2902 945 3080 1011; x_wconf 90' lang='grc' dir='ltr'>τοῦτο,</span> <span class='ocrx_word' id='word_1_250' title='bbox 3120 945 3217 1000; x_wconf 72' lang='grc' dir='ltr'>καὶ</span> <span class='ocrx_word' id='word_1_251' title='bbox 3245 947 3304 999; x_wconf 85' lang='grc' dir='ltr'><strong>οὐ</strong></span> <span class='ocrx_word' id='word_1_252' title='bbox 3339 945 3488 998; x_wconf 81' lang='grc' dir='ltr'>δοκεῖ</span> <span class='ocrx_word' id='word_1_253' title='bbox 3509 943 3662 1013; x_wconf 81' lang='grc' dir='ltr'>αὐτῷ</span> 
     </span>
    </p>
   </div>
   <div class='ocr_carea' id='block_1_37' title="bbox 2085 1035 3663 1113">
    <p class='ocr_par' dir='ltr' id='par_1_37' title="bbox 2085 1035 3663 1113">
     <span class='ocr_line' id='line_1_37' title="bbox 2085 1035 3663 1113; baseline -0.006 -15"><span class='ocrx_word' id='word_1_254' title='bbox 2085 1044 2431 1108; x_wconf 75' lang='grc' dir='ltr'>ἀσπάζεσθαι</span> <span class='ocrx_word' id='word_1_255' title='bbox 2477 1040 2689 1113; x_wconf 77' lang='grc' dir='ltr'><strong>χάρτην</strong></span> <span class='ocrx_word' id='word_1_256' title='bbox 2742 1041 2839 1093; x_wconf 75' lang='grc' dir='ltr'><strong>καὶ</strong></span> <span class='ocrx_word' id='word_1_257' title='bbox 2903 1039 3111 1110; x_wconf 84' lang='grc' dir='ltr'>μέλαν,</span> <span class='ocrx_word' id='word_1_258' title='bbox 3162 1036 3301 1093; x_wconf 78' lang='grc' dir='ltr'><strong>ἀλλᾶ</strong></span> <span class='ocrx_word' id='word_1_259' title='bbox 3335 1036 3415 1106; x_wconf 84' lang='grc' dir='ltr'>τῷ</span> <span class='ocrx_word' id='word_1_260' title='bbox 3452 1035 3663 1107; x_wconf 85' lang='grc' dir='ltr'>βασιλεῖ</span> 
     </span>
    </p>
   </div>
   <div class='ocr_carea' id='block_1_38' title="bbox 2082 1131 3663 1208">
    <p class='ocr_par' dir='ltr' id='par_1_38' title="bbox 2082 1131 3663 1208">
     <span class='ocr_line' id='line_1_38' title="bbox 2082 1131 3663 1208; baseline -0.006 -17"><span class='ocrx_word' id='word_1_261' title='bbox 2082 1137 2266 1191; x_wconf 84' lang='grc' dir='ltr'>δίδωσι</span> <span class='ocrx_word' id='word_1_262' title='bbox 2319 1137 2419 1208; x_wconf 83' lang='grc' dir='ltr'>τὴν</span> <span class='ocrx_word' id='word_1_263' title='bbox 2464 1134 2657 1188; x_wconf 81' lang='grc' dir='ltr'>τούτου</span> <span class='ocrx_word' id='word_1_264' title='bbox 2686 1134 2879 1203; x_wconf 82' lang='grc' dir='ltr'>τιμήν·</span> <span class='ocrx_word' id='word_1_265' title='bbox 2915 1131 3060 1187; x_wconf 76' lang='grc' dir='ltr'>οὕτω</span> <span class='ocrx_word' id='word_1_266' title='bbox 3114 1132 3209 1186; x_wconf 75' lang='grc' dir='ltr'>καὶ</span> <span class='ocrx_word' id='word_1_267' title='bbox 3244 1132 3339 1185; x_wconf 74' lang='grc' dir='ltr'><strong>ἐπὶ</strong></span> <span class='ocrx_word' id='word_1_268' title='bbox 3377 1132 3488 1184; x_wconf 82' lang='grc' dir='ltr'><strong>τῶν</strong></span> <span class='ocrx_word' id='word_1_269' title='bbox 3518 1131 3663 1183; x_wconf 80' lang='grc' dir='ltr'>εἰκό-</span> 
     </span>
    </p>
   </div>
   <div class='ocr_carea' id='block_1_39' title="bbox 2084 1218 3660 1293">
    <p class='ocr_par' dir='ltr' id='par_1_39' title="bbox 2084 1218 3660 1293">
     <span class='ocr_line' id='line_1_39' title="bbox 2084 1218 3660 1293; baseline -0.008 -9"><span class='ocrx_word' id='word_1_270' title='bbox 2084 1247 2194 1285; x_wconf 88' lang='grc' dir='ltr'><strong>νων</strong></span> <span class='ocrx_word' id='word_1_271' title='bbox 2216 1230 2313 1293; x_wconf 80' lang='grc' dir='ltr'>τὰς</span> <span class='ocrx_word' id='word_1_272' title='bbox 2338 1231 2398 1283; x_wconf 72' lang='grc' dir='ltr'><strong>ὲν</strong></span> <span class='ocrx_word' id='word_1_273' title='bbox 2432 1229 2551 1290; x_wconf 73' lang='grc' dir='ltr'>ταῖς</span> <span class='ocrx_word' id='word_1_274' title='bbox 2589 1218 2768 1280; x_wconf 73' lang='grc' dir='ltr'>σανίᾶι</span> <span class='ocrx_word' id='word_1_275' title='bbox 2800 1225 2898 1280; x_wconf 68' lang='grc' dir='ltr'><strong>καὶ</strong></span> <span class='ocrx_word' id='word_1_276' title='bbox 2940 1224 3117 1278; x_wconf 70' lang='grc' dir='ltr'>εἰκόσι</span> <span class='ocrx_word' id='word_1_277' title='bbox 3152 1223 3355 1293; x_wconf 73' lang='grc' dir='ltr'>στήλας</span> <span class='ocrx_word' id='word_1_278' title='bbox 3385 1221 3660 1291; x_wconf 78' lang='grc' dir='ltr'>τιμῶντες</span> 
     </span>
    </p>
   </div>
   <div class='ocr_carea' id='block_1_40' title="bbox 2092 1304 3665 1391">
    <p class='ocr_par' dir='ltr' id='par_1_40' title="bbox 2092 1313 3661 1391">
     <span class='ocr_line' id='line_1_40' title="bbox 2092 1313 3661 1391; baseline -0.006 -17"><span class='ocrx_word' id='word_1_279' title='bbox 2092 1320 2528 1391; x_wconf 76' lang='grc' dir='ltr'><strong>προσκυνοῦμεν,</strong></span> <span class='ocrx_word' id='word_1_280' title='bbox 2566 1319 2663 1382; x_wconf 75' lang='grc' dir='ltr'><strong>τὰς</strong></span> <span class='ocrx_word' id='word_1_281' title='bbox 2710 1318 2768 1371; x_wconf 77' lang='grc' dir='ltr'><strong>δὲ</strong></span> <span class='ocrx_word' id='word_1_282' title='bbox 2816 1316 3226 1377; x_wconf 79' lang='grc' dir='ltr'>παλαιωθείσας</span> <span class='ocrx_word' id='word_1_283' title='bbox 3281 1320 3375 1367; x_wconf 80' lang='grc' dir='ltr'><strong>καὶ</strong></span> <span class='ocrx_word' id='word_1_284' title='bbox 3430 1313 3661 1365; x_wconf 57' lang='lat' dir='ltr'><strong>armist-</strong></span> 
     </span>
    </p>
   </div>
   <div class='ocr_carea' id='block_1_41' title="bbox 2086 1403 3663 1479">
    <p class='ocr_par' dir='ltr' id='par_1_41' title="bbox 2086 1403 3663 1479">
     <span class='ocr_line' id='line_1_41' title="bbox 2086 1403 3663 1479; baseline -0.008 -16"><span class='ocrx_word' id='word_1_285' title='bbox 2086 1409 2316 1479; x_wconf 70' lang='grc' dir='ltr'>φθείσας</span> <span class='ocrx_word' id='word_1_286' title='bbox 2347 1410 2530 1463; x_wconf 77' lang='grc' dir='ltr'>οὐκέτι</span> <span class='ocrx_word' id='word_1_287' title='bbox 2596 1406 3056 1479; x_wconf 75' lang='grc' dir='ltr'><strong>προσκυνοῦμεν,</strong></span> <span class='ocrx_word' id='word_1_288' title='bbox 3113 1403 3256 1457; x_wconf 78' lang='grc' dir='ltr'>ἀλλὰ</span> <span class='ocrx_word' id='word_1_289' title='bbox 3308 1403 3511 1472; x_wconf 71' lang='grc' dir='ltr'>μᾶλλον</span> <span class='ocrx_word' id='word_1_290' title='bbox 3568 1403 3663 1454; x_wconf 79' lang='grc' dir='ltr'><strong>καὶ</strong></span> 
     </span>
    </p>
   </div>
   <div class='ocr_carea' id='block_1_42' title="bbox 2085 1491 3663 1571">
    <p class='ocr_par' dir='ltr' id='par_1_42' title="bbox 2085 1491 3663 1571">
     <span class='ocr_line' id='line_1_42' title="bbox 2085 1491 3663 1571; baseline -0.008 -17"><span class='ocrx_word' id='word_1_291' title='bbox 2085 1502 2262 1571; x_wconf 76' lang='grc' dir='ltr'>ἀργὰς</span> <span class='ocrx_word' id='word_1_292' title='bbox 2320 1500 2550 1570; x_wconf 79' lang='grc' dir='ltr'>ἔχομεν’</span> <span class='ocrx_word' id='word_1_293' title='bbox 2603 1499 2665 1552; x_wconf 72' lang='grc' dir='ltr'>τὸ</span> <span class='ocrx_word' id='word_1_294' title='bbox 2718 1497 2851 1553; x_wconf 80' lang='grc' dir='ltr'>αὐτό</span> <span class='ocrx_word' id='word_1_295' title='bbox 2905 1500 3054 1551; x_wconf 68' lang='grc' dir='ltr'>ἐστιν</span> <span class='ocrx_word' id='word_1_296' title='bbox 3095 1495 3224 1549; x_wconf 83' lang='grc' dir='ltr'>ίδεῖν</span> <span class='ocrx_word' id='word_1_297' title='bbox 3274 1494 3371 1548; x_wconf 71' lang='grc' dir='ltr'><strong>καὶ</strong></span> <span class='ocrx_word' id='word_1_298' title='bbox 3429 1491 3522 1546; x_wconf 66' lang='grc' dir='ltr'>εει</span> <span class='ocrx_word' id='word_1_299' title='bbox 3567 1491 3663 1543; x_wconf 82' lang='grc' dir='ltr'><strong>τοῦ</strong></span> 
     </span>
    </p>
   </div>
   <div class='ocr_carea' id='block_1_43' title="bbox 2090 1583 3663 1664">
    <p class='ocr_par' dir='ltr' id='par_1_43' title="bbox 2090 1583 3663 1664">
     <span class='ocr_line' id='line_1_43' title="bbox 2090 1583 3663 1664; baseline -0.008 -18"><span class='ocrx_word' id='word_1_300' title='bbox 2090 1591 2348 1664; x_wconf 82' lang='grc' dir='ltr'>σταυροῦ.</span> <span class='ocrx_word' id='word_1_301' title='bbox 2380 1592 2525 1655; x_wconf 82' lang='grc' dir='ltr'>Ἕως</span> <span class='ocrx_word' id='word_1_302' title='bbox 2574 1591 2641 1645; x_wconf 81' lang='grc' dir='ltr'>ἃν</span> <span class='ocrx_word' id='word_1_303' title='bbox 2672 1589 2770 1662; x_wconf 76' lang='grc' dir='ltr'>ἔχῃ</span> <span class='ocrx_word' id='word_1_304' title='bbox 2804 1590 2865 1642; x_wconf 80' lang='grc' dir='ltr'>τδ</span> <span class='ocrx_word' id='word_1_305' title='bbox 2907 1589 3064 1653; x_wconf 84' lang='grc' dir='ltr'>ξύλον</span> <span class='ocrx_word' id='word_1_306' title='bbox 3091 1586 3262 1641; x_wconf 80' lang='grc' dir='ltr'>τύπον</span> <span class='ocrx_word' id='word_1_307' title='bbox 3300 1585 3394 1639; x_wconf 86' lang='grc' dir='ltr'><strong>τοῦ</strong></span> <span class='ocrx_word' id='word_1_308' title='bbox 3426 1583 3663 1646; x_wconf 75' lang='grc' dir='ltr'>σταυροῦ</span> 
     </span>
    </p>
   </div>
   <div class='ocr_carea' id='block_1_44' title="bbox 2089 1676 3651 1755">
    <p class='ocr_par' dir='ltr' id='par_1_44' title="bbox 2089 1676 3651 1755">
     <span class='ocr_line' id='line_1_44' title="bbox 2089 1676 3651 1755; baseline -0.006 -18"><span class='ocrx_word' id='word_1_309' title='bbox 2089 1684 2501 1755; x_wconf 77' lang='grc' dir='ltr'>προσκυνεῐται,</span> <span class='ocrx_word' id='word_1_310' title='bbox 2533 1682 2627 1735; x_wconf 73' lang='grc' dir='ltr'><strong>καὶ</strong></span> <span class='ocrx_word' id='word_1_311' title='bbox 2662 1679 2929 1752; x_wconf 87' lang='grc' dir='ltr'>σχετικῶς</span> <span class='ocrx_word' id='word_1_312' title='bbox 2959 1678 3270 1744; x_wconf 76' lang='grc' dir='ltr'>ἀσπάζεται</span> <span class='ocrx_word' id='word_1_313' title='bbox 3304 1678 3435 1747; x_wconf 78' lang='grc' dir='ltr'>παρ’</span> <span class='ocrx_word' id='word_1_314' title='bbox 3459 1676 3614 1746; x_wconf 76' lang='grc' dir='ltr'>ἡμῶν</span> <span class='ocrx_word' id='word_1_315' title='bbox 3635 1686 3651 1699; x_wconf 89' lang='grc'><strong>·</strong></span> 
     </span>
    </p>
   </div>
   <div class='ocr_carea' id='block_1_45' title="bbox 2085 1769 3640 1840">
    <p class='ocr_par' dir='ltr' id='par_1_45' title="bbox 2085 1769 3640 1840">
     <span class='ocr_line' id='line_1_45' title="bbox 2085 1769 3640 1840; baseline -0.006 -11"><span class='ocrx_word' id='word_1_316' title='bbox 2085 1776 2425 1835; x_wconf 67' lang='grc' dir='ltr'><strong>διαλυθέντος</strong></span> <span class='ocrx_word' id='word_1_317' title='bbox 2468 1774 2525 1827; x_wconf 78' lang='grc' dir='ltr'><strong>δὲ</strong></span> <span class='ocrx_word' id='word_1_318' title='bbox 2556 1771 2649 1826; x_wconf 85' lang='grc' dir='ltr'><strong>τοῦ</strong></span> <span class='ocrx_word' id='word_1_319' title='bbox 2680 1772 2857 1825; x_wconf 89' lang='grc' dir='ltr'>τύπου</span> <span class='ocrx_word' id='word_1_320' title='bbox 2894 1771 2987 1823; x_wconf 86' lang='grc' dir='ltr'><strong>τοῦ</strong></span> <span class='ocrx_word' id='word_1_321' title='bbox 3018 1769 3280 1840; x_wconf 88' lang='grc' dir='ltr'>σταυροῦ,</span> <span class='ocrx_word' id='word_1_322' title='bbox 3313 1769 3373 1820; x_wconf 73' lang='grc' dir='ltr'><strong>οὐ</strong></span> <span class='ocrx_word' id='word_1_323' title='bbox 3423 1784 3499 1835; x_wconf 87' lang='grc' dir='ltr'><strong>πρ</strong></span> <span class='ocrx_word' id='word_1_324' title='bbox 3535 1784 3640 1819; x_wconf 83' lang='grc' dir='ltr'><strong>σκυ</strong></span> 
     </span>
    </p>
   </div>
   <div class='ocr_carea' id='block_1_46' title="bbox 2089 1862 3667 1936">
    <p class='ocr_par' dir='ltr' id='par_1_46' title="bbox 2089 1862 3667 1936">
     <span class='ocr_line' id='line_1_46' title="bbox 2089 1862 3667 1936; baseline -0.006 -15"><span class='ocrx_word' id='word_1_325' title='bbox 2089 1872 2265 1922; x_wconf 82' lang='grc' dir='ltr'>νεῖται</span> <span class='ocrx_word' id='word_1_326' title='bbox 2319 1870 2383 1921; x_wconf 83' lang='grc' dir='ltr'><strong>τὸ</strong></span> <span class='ocrx_word' id='word_1_327' title='bbox 2431 1867 2591 1934; x_wconf 83' lang='grc' dir='ltr'>ξύλον</span> <span class='ocrx_word' id='word_1_328' title='bbox 2638 1866 2771 1936; x_wconf 86' lang='grc' dir='ltr'>παρ’</span> <span class='ocrx_word' id='word_1_329' title='bbox 2823 1865 2982 1935; x_wconf 81' lang='grc' dir='ltr'>ἡμῶν</span> <span class='ocrx_word' id='word_1_330' title='bbox 3017 1866 3296 1918; x_wconf 76' lang='grc' dir='ltr'>ἐπιπλέον.</span> <span class='ocrx_word' id='word_1_331' title='bbox 3329 1862 3522 1929; x_wconf 84' lang='grc' dir='ltr'>Ὅμως</span> <span class='ocrx_word' id='word_1_332' title='bbox 3557 1862 3667 1912; x_wconf 85' lang='grc' dir='ltr'><strong>ἀπ-</strong></span> 
     </span>
    </p>
   </div>
   <div class='ocr_carea' id='block_1_47' title="bbox 2091 1951 3666 2029">
    <p class='ocr_par' dir='ltr' id='par_1_47' title="bbox 2091 1951 3666 2029">
     <span class='ocr_line' id='line_1_47' title="bbox 2091 1951 3666 2029; baseline -0.006 -15"><span class='ocrx_word' id='word_1_333' title='bbox 2091 1961 2304 2016; x_wconf 78' lang='grc' dir='ltr'>τουτουτ</span> <span class='ocrx_word' id='word_1_334' title='bbox 2355 1960 2453 2014; x_wconf 84' lang='grc' dir='ltr'><strong>τοῦ</strong></span> <span class='ocrx_word' id='word_1_335' title='bbox 2501 1960 2951 2029; x_wconf 78' lang='grc' dir='ltr'>παραδείγματος</span> <span class='ocrx_word' id='word_1_336' title='bbox 3005 1956 3222 2027; x_wconf 77' lang='grc' dir='ltr'><strong>μέλλεις</strong></span> <span class='ocrx_word' id='word_1_337' title='bbox 3288 1955 3383 2007; x_wconf 69' lang='grc' dir='ltr'>καὶ</span> <span class='ocrx_word' id='word_1_338' title='bbox 3439 1954 3526 2015; x_wconf 76' lang='grc' dir='ltr'><strong>σὺ,</strong></span> <span class='ocrx_word' id='word_1_339' title='bbox 3570 1951 3666 2005; x_wconf 78' lang='grc' dir='ltr'>καὶ</span> 
     </span>
    </p>
   </div>
   <div class='ocr_carea' id='block_1_48' title="bbox 2093 2043 3669 2122">
    <p class='ocr_par' dir='ltr' id='par_1_48' title="bbox 2093 2043 3669 2122">
     <span class='ocr_line' id='line_1_48' title="bbox 2093 2043 3669 2122; baseline -0.01 -16"><span class='ocrx_word' id='word_1_340' title='bbox 2093 2056 2202 2117; x_wconf 82' lang='grc' dir='ltr'><strong>πᾶς</strong></span> <span class='ocrx_word' id='word_1_341' title='bbox 2236 2070 2320 2115; x_wconf 86' lang='grc' dir='ltr'><strong>τις</strong></span> <span class='ocrx_word' id='word_1_342' title='bbox 2347 2052 2537 2122; x_wconf 77' lang='grc' dir='ltr'>ἕτερος</span> <span class='ocrx_word' id='word_1_343' title='bbox 2565 2053 2593 2106; x_wconf 83' lang='grc' dir='ltr'><strong>ὀ</strong></span> <span class='ocrx_word' id='word_1_344' title='bbox 2625 2050 2947 2120; x_wconf 82' lang='grc' dir='ltr'>βουλόμενος</span> <span class='ocrx_word' id='word_1_345' title='bbox 2981 2048 3281 2113; x_wconf 81' lang='grc' dir='ltr'>ἐξετάζειν,</span> <span class='ocrx_word' id='word_1_346' title='bbox 3315 2043 3669 2105; x_wconf 71' lang='grc' dir='ltr'>καταλαϐεῖν,</span> 
     </span>
    </p>
   </div>
   <div class='ocr_carea' id='block_1_49' title="bbox 2092 2137 3670 2215">
    <p class='ocr_par' dir='ltr' id='par_1_49' title="bbox 2092 2137 3670 2215">
     <span class='ocr_line' id='line_1_49' title="bbox 2092 2137 3670 2215; baseline -0.01 -15"><span class='ocrx_word' id='word_1_347' title='bbox 2092 2150 2174 2200; x_wconf 79' lang='grc' dir='ltr'>ὅτι</span> <span class='ocrx_word' id='word_1_348' title='bbox 2202 2147 2269 2199; x_wconf 67' lang='grc' dir='ltr'>τὶ</span> <span class='ocrx_word' id='word_1_349' title='bbox 2298 2144 2742 2215; x_wconf 70' lang='grc' dir='ltr'>πεπολιτευμένα</span> <span class='ocrx_word' id='word_1_350' title='bbox 2771 2141 3086 2213; x_wconf 78' lang='grc' dir='ltr'>νομίσματα</span> <span class='ocrx_word' id='word_1_351' title='bbox 3118 2139 3218 2210; x_wconf 76' lang='grc' dir='ltr'><strong>τὴν</strong></span> <span class='ocrx_word' id='word_1_352' title='bbox 3271 2137 3455 2189; x_wconf 83' lang='grc' dir='ltr'>εἰκόνα</span> <span class='ocrx_word' id='word_1_353' title='bbox 3485 2138 3670 2205; x_wconf 76' lang='grc' dir='ltr'>ἔχουσι</span> 
     </span>
    </p>
   </div>
   <div class='ocr_carea' id='block_1_50' title="bbox 2095 2233 3668 2309">
    <p class='ocr_par' dir='ltr' id='par_1_50' title="bbox 2095 2233 3668 2309">
     <span class='ocr_line' id='line_1_50' title="bbox 2095 2233 3668 2309; baseline -0.011 -16"><span class='ocrx_word' id='word_1_354' title='bbox 2095 2239 2190 2293; x_wconf 81' lang='grc' dir='ltr'><strong>τοῦ</strong></span> <span class='ocrx_word' id='word_1_355' title='bbox 2248 2237 2494 2309; x_wconf 77' lang='grc' dir='ltr'>Χριστοῦ</span> <span class='ocrx_word' id='word_1_356' title='bbox 2542 2233 3184 2307; x_wconf 65' lang='grc' dir='ltr'>ἐγκεχαραγμένηνοκαὶ</span> <span class='ocrx_word' id='word_1_357' title='bbox 3251 2243 3668 2296; x_wconf 84' lang='grc' dir='ltr'>τετυπωμενην,</span> 
     </span>
    </p>
   </div>
   <div class='ocr_carea' id='block_1_51' title="bbox 2094 2323 3672 2405">
    <p class='ocr_par' dir='ltr' id='par_1_51' title="bbox 2094 2323 3672 2405">
     <span class='ocr_line' id='line_1_51' title="bbox 2094 2323 3672 2405; baseline -0.01 -16"><span class='ocrx_word' id='word_1_358' title='bbox 2094 2334 2232 2389; x_wconf 72' lang='grc' dir='ltr'>ἀλλὰ</span> <span class='ocrx_word' id='word_1_359' title='bbox 2259 2333 2324 2405; x_wconf 78' lang='grc' dir='ltr'>δὴ</span> <span class='ocrx_word' id='word_1_360' title='bbox 2364 2332 2590 2400; x_wconf 76' lang='grc' dir='ltr'>καὶτῆς</span> <span class='ocrx_word' id='word_1_361' title='bbox 2645 2330 2808 2399; x_wconf 81' lang='grc' dir='ltr'>ἁγίας</span> <span class='ocrx_word' id='word_1_362' title='bbox 2857 2328 3022 2383; x_wconf 80' lang='grc' dir='ltr'>αὐτοῦ</span> <span class='ocrx_word' id='word_1_363' title='bbox 3066 2326 3294 2399; x_wconf 73' lang='grc' dir='ltr'>μητρδς,</span> <span class='ocrx_word' id='word_1_364' title='bbox 3342 2327 3431 2377; x_wconf 54' lang='grc' dir='ltr'><em>καῖ</em></span> <span class='ocrx_word' id='word_1_365' title='bbox 3466 2323 3672 2389; x_wconf 71' lang='grc' dir='ltr'>ἑτέρων</span> 
     </span>
    </p>
   </div>
   <div class='ocr_carea' id='block_1_52' title="bbox 2094 2417 3675 2496">
    <p class='ocr_par' dir='ltr' id='par_1_52' title="bbox 2094 2417 3675 2496">
     <span class='ocr_line' id='line_1_52' title="bbox 2094 2417 3675 2496; baseline -0.009 -15"><span class='ocrx_word' id='word_1_366' title='bbox 2094 2428 2292 2496; x_wconf 82' lang='grc' dir='ltr'>ἁγίων.</span> <span class='ocrx_word' id='word_1_367' title='bbox 2358 2426 2501 2480; x_wconf 80' lang='grc' dir='ltr'>Ἀλλ’</span> <span class='ocrx_word' id='word_1_368' title='bbox 2561 2426 2622 2478; x_wconf 83' lang='grc' dir='ltr'><strong>οὐ</strong></span> <span class='ocrx_word' id='word_1_369' title='bbox 2678 2423 3116 2494; x_wconf 74' lang='grc' dir='ltr'>προσκυνοῦνται</span> <span class='ocrx_word' id='word_1_370' title='bbox 3186 2422 3275 2475; x_wconf 73' lang='grc' dir='ltr'><strong>διὰ</strong></span> <span class='ocrx_word' id='word_1_371' title='bbox 3326 2420 3484 2473; x_wconf 88' lang='grc' dir='ltr'>τοῦτο</span> <span class='ocrx_word' id='word_1_372' title='bbox 3540 2417 3675 2485; x_wconf 78' lang='grc' dir='ltr'>παρ’</span> 
     </span>
    </p>
   </div>
   <div class='ocr_carea' id='block_1_53' title="bbox 2094 2510 3672 2591">
    <p class='ocr_par' dir='ltr' id='par_1_53' title="bbox 2094 2510 3672 2591">
     <span class='ocr_line' id='line_1_53' title="bbox 2094 2510 3672 2591; baseline -0.011 -17"><span class='ocrx_word' id='word_1_373' title='bbox 2094 2520 2275 2591; x_wconf 80' lang='grc' dir='ltr'>ἡμῶν,</span> <span class='ocrx_word' id='word_1_374' title='bbox 2312 2517 2432 2573; x_wconf 75' lang='grc' dir='ltr'>οὐδὲ</span> <span class='ocrx_word' id='word_1_375' title='bbox 2480 2516 2578 2587; x_wconf 79' lang='grc' dir='ltr'>τὴν</span> <span class='ocrx_word' id='word_1_376' title='bbox 2626 2514 2929 2570; x_wconf 66' lang='grc' dir='ltr'>ὁπωστιοῦν</span> <span class='ocrx_word' id='word_1_377' title='bbox 2972 2513 3137 2585; x_wconf 85' lang='grc' dir='ltr'>τιμὴν</span> <span class='ocrx_word' id='word_1_378' title='bbox 3170 2512 3376 2583; x_wconf 83' lang='grc' dir='ltr'>ἔχουσι.</span> <span class='ocrx_word' id='word_1_379' title='bbox 3418 2510 3672 2563; x_wconf 76' lang='grc' dir='ltr'>Ῥίπτον-</span> 
     </span>
    </p>
   </div>
   <div class='ocr_carea' id='block_1_54' title="bbox 2093 2601 3669 2680">
    <p class='ocr_par' dir='ltr' id='par_1_54' title="bbox 2093 2601 3669 2680">
     <span class='ocr_line' id='line_1_54' title="bbox 2093 2601 3669 2680; baseline -0.009 -15"><span class='ocrx_word' id='word_1_380' title='bbox 2093 2630 2183 2667; x_wconf 84' lang='grc' dir='ltr'><strong>ται</strong></span> <span class='ocrx_word' id='word_1_381' title='bbox 2213 2611 2324 2680; x_wconf 81' lang='grc' dir='ltr'>γὰρ</span> <span class='ocrx_word' id='word_1_382' title='bbox 2358 2609 2507 2663; x_wconf 71' lang='grc' dir='ltr'>ἔστιν</span> <span class='ocrx_word' id='word_1_383' title='bbox 2541 2610 2673 2662; x_wconf 70' lang='grc' dir='ltr'>ὅπου</span> <span class='ocrx_word' id='word_1_384' title='bbox 2712 2608 2806 2661; x_wconf 68' lang='grc' dir='ltr'>καὶ</span> <span class='ocrx_word' id='word_1_385' title='bbox 2832 2606 3305 2666; x_wconf 82' lang='grc' dir='ltr'>καταπατοῦνται,</span> <span class='ocrx_word' id='word_1_386' title='bbox 3342 2604 3434 2655; x_wconf 64' lang='grc' dir='ltr'><strong>καὶ⁸</strong></span> <span class='ocrx_word' id='word_1_387' title='bbox 3463 2601 3669 2671; x_wconf 85' lang='grc' dir='ltr'>χωνεύ-</span> 
     </span>
    </p>
   </div>
   <div class='ocr_carea' id='block_1_55' title="bbox 2094 2690 3673 2769">
    <p class='ocr_par' dir='ltr' id='par_1_55' title="bbox 2094 2690 3673 2769">
     <span class='ocr_line' id='line_1_55' title="bbox 2094 2690 3673 2769; baseline -0.008 -16"><span class='ocrx_word' id='word_1_388' title='bbox 2094 2716 2266 2769; x_wconf 74' lang='grc' dir='ltr'>ονται,</span> <span class='ocrx_word' id='word_1_389' title='bbox 2297 2697 2394 2752; x_wconf 71' lang='grc' dir='ltr'>καὶ</span> <span class='ocrx_word' id='word_1_390' title='bbox 2431 2695 2863 2767; x_wconf 77' lang='grc' dir='ltr'>μεταμείδονται</span> <span class='ocrx_word' id='word_1_391' title='bbox 2906 2696 3002 2765; x_wconf 82' lang='grc' dir='ltr'><strong>ἀφ’</strong></span> <span class='ocrx_word' id='word_1_392' title='bbox 3036 2696 3237 2765; x_wconf 71' lang='grc' dir='ltr'>ἑτέρου</span> <span class='ocrx_word' id='word_1_393' title='bbox 3278 2694 3556 2762; x_wconf 58' lang='lat' dir='ltr'><strong>axium“;</strong></span> <span class='ocrx_word' id='word_1_394' title='bbox 3592 2690 3673 2749; x_wconf 82' lang='grc' dir='ltr'><strong>είς</strong></span> 
     </span>
    </p>
   </div>
   <div class='ocr_carea' id='block_1_56' title="bbox 2094 2785 3672 2866">
    <p class='ocr_par' dir='ltr' id='par_1_56' title="bbox 2094 2785 3672 2866">
     <span class='ocr_line' id='line_1_56' title="bbox 2094 2785 3672 2866; baseline -0.008 -19"><span class='ocrx_word' id='word_1_395' title='bbox 2094 2796 2302 2866; x_wconf 79' lang='grc' dir='ltr'>ἕτερον,</span> <span class='ocrx_word' id='word_1_396' title='bbox 2334 2790 2518 2856; x_wconf 87' lang='grc' dir='ltr'>καθὼς</span> <span class='ocrx_word' id='word_1_397' title='bbox 2550 2794 2577 2844; x_wconf 88' lang='grc' dir='ltr'>ὁ</span> <span class='ocrx_word' id='word_1_398' title='bbox 2612 2789 2921 2845; x_wconf 67' lang='grc' dir='ltr'>ἐπιστατῶν</span> <span class='ocrx_word' id='word_1_399' title='bbox 2974 2787 3148 2843; x_wconf 89' lang='grc' dir='ltr'>ταῦτα</span> <span class='ocrx_word' id='word_1_400' title='bbox 3202 2785 3455 2857; x_wconf 86' lang='grc' dir='ltr'>βούλεταί</span> <span class='ocrx_word' id='word_1_401' title='bbox 3489 2802 3548 2837; x_wconf 88' lang='grc' dir='ltr'><strong>τε</strong></span> <span class='ocrx_word' id='word_1_402' title='bbox 3581 2786 3672 2836; x_wconf 77' lang='grc' dir='ltr'>καὶ</span> 
     </span>
    </p>
   </div>
   <div class='ocr_carea' id='block_1_57' title="bbox 2096 2877 3673 2956">
    <p class='ocr_par' dir='ltr' id='par_1_57' title="bbox 2096 2877 3673 2956">
     <span class='ocr_line' id='line_1_57' title="bbox 2096 2877 3673 2956; baseline -0.007 -18"><span class='ocrx_word' id='word_1_403' title='bbox 2096 2887 2469 2956; x_wconf 76' lang='grc' dir='ltr'>προαιρεῖται.</span> <span class='ocrx_word' id='word_1_404' title='bbox 2515 2882 2657 2937; x_wconf 76' lang='grc' dir='ltr'>Ἀλλ’</span> <span class='ocrx_word' id='word_1_405' title='bbox 2687 2885 2769 2945; x_wconf 89' lang='grc' dir='ltr'><strong>είς</strong></span> <span class='ocrx_word' id='word_1_406' title='bbox 2800 2882 2901 2946; x_wconf 78' lang='grc' dir='ltr'><strong>τὰς</strong></span> <span class='ocrx_word' id='word_1_407' title='bbox 2929 2881 3194 2951; x_wconf 69' lang='grc' dir='ltr'>ὀνομαστὶ</span> <span class='ocrx_word' id='word_1_408' title='bbox 3224 2878 3531 2949; x_wconf 80' lang='grc' dir='ltr'>γραφείσας</span> <span class='ocrx_word' id='word_1_409' title='bbox 3562 2877 3673 2928; x_wconf 84' lang='grc' dir='ltr'><strong>τῶν</strong></span> 
     </span>
    </p>
   </div>
   <div class='ocr_carea' id='block_1_58' title="bbox 2098 2968 3674 3049">
    <p class='ocr_par' dir='ltr' id='par_1_58' title="bbox 2098 2968 3674 3049">
     <span class='ocr_line' id='line_1_58' title="bbox 2098 2968 3674 3049; baseline -0.01 -15"><span class='ocrx_word' id='word_1_410' title='bbox 2098 2980 2270 3049; x_wconf 82' lang='grc' dir='ltr'>ἁγίων</span> <span class='ocrx_word' id='word_1_411' title='bbox 2332 2978 2552 3041; x_wconf 75' lang='grc' dir='ltr'><strong>εἰκόνας</strong></span> <span class='ocrx_word' id='word_1_412' title='bbox 2600 2975 2699 3046; x_wconf 81' lang='grc' dir='ltr'><strong>οὐχ</strong></span> <span class='ocrx_word' id='word_1_413' title='bbox 2746 2973 2960 3039; x_wconf 75' lang='grc' dir='ltr'>οὕτως,</span> <span class='ocrx_word' id='word_1_414' title='bbox 3017 2973 3154 3027; x_wconf 77' lang='grc' dir='ltr'>ἀλλὰ</span> <span class='ocrx_word' id='word_1_415' title='bbox 3198 2972 3339 3041; x_wconf 79' lang='grc' dir='ltr'>μετὰ</span> <span class='ocrx_word' id='word_1_416' title='bbox 3369 2970 3533 3038; x_wconf 74' lang='grc' dir='ltr'>τιμῆς</span> <span class='ocrx_word' id='word_1_417' title='bbox 3579 2968 3674 3019; x_wconf 72' lang='grc' dir='ltr'><strong>καὶ</strong></span> 
     </span>
    </p>
   </div>
   <div class='ocr_carea' id='block_1_59' title="bbox 2096 3058 3675 3144">
    <p class='ocr_par' dir='ltr' id='par_1_59' title="bbox 2096 3058 3675 3144">
     <span class='ocr_line' id='line_1_59' title="bbox 2096 3058 3675 3144; baseline -0.01 -18"><span class='ocrx_word' id='word_1_418' title='bbox 2096 3071 2370 3144; x_wconf 78' lang='grc' dir='ltr'>προσοχῆς</span> <span class='ocrx_word' id='word_1_419' title='bbox 2396 3069 2488 3124; x_wconf 79' lang='grc' dir='ltr'><strong>καὶ</strong></span> <span class='ocrx_word' id='word_1_420' title='bbox 2514 3058 2800 3131; x_wconf 72' lang='grc' dir='ltr'>εὐλαϐείας</span> <span class='ocrx_word' id='word_1_421' title='bbox 2832 3064 3249 3136; x_wconf 83' lang='grc' dir='ltr'>προσερχόμεθα</span> <span class='ocrx_word' id='word_1_422' title='bbox 3277 3064 3488 3123; x_wconf 76' lang='grc' dir='ltr'>αὐταῖς.</span> <span class='ocrx_word' id='word_1_423' title='bbox 3518 3063 3675 3110; x_wconf 75' lang='grc' dir='ltr'>Δοκεῖ</span> 
     </span>
    </p>
   </div>
   <div class='ocr_carea' id='block_1_60' title="bbox 2098 3152 3671 3236">
    <p class='ocr_par' dir='ltr' id='par_1_60' title="bbox 2098 3152 3671 3236">
     <span class='ocr_line' id='line_1_60' title="bbox 2098 3152 3671 3236; baseline -0.011 -18"><span class='ocrx_word' id='word_1_424' title='bbox 2098 3182 2189 3236; x_wconf 90' lang='grc' dir='ltr'><strong>μοι</strong></span> <span class='ocrx_word' id='word_1_425' title='bbox 2217 3164 2395 3217; x_wconf 84' lang='grc' dir='ltr'>τοίνυν</span> <span class='ocrx_word' id='word_1_426' title='bbox 2418 3162 2498 3215; x_wconf 82' lang='grc' dir='ltr'><strong>ὅτι</strong></span> <span class='ocrx_word' id='word_1_427' title='bbox 2518 3159 2749 3231; x_wconf 79' lang='grc' dir='ltr'>ἀρκεταί</span> <span class='ocrx_word' id='word_1_428' title='bbox 2775 3161 2913 3212; x_wconf 80' lang='grc' dir='ltr'>εἰσιν</span> <span class='ocrx_word' id='word_1_429' title='bbox 2947 3158 3002 3211; x_wconf 90' lang='grc' dir='ltr'>αἱ</span> <span class='ocrx_word' id='word_1_430' title='bbox 3038 3156 3311 3226; x_wconf 83' lang='grc' dir='ltr'>παροῦσαι</span> <span class='ocrx_word' id='word_1_431' title='bbox 3345 3152 3671 3215; x_wconf 73' lang='grc' dir='ltr'>ἀποδείξεις,</span> 
     </span>
    </p>
   </div>
   <div class='ocr_carea' id='block_1_61' title="bbox 413 3235 1992 3319">
    <p class='ocr_par' dir='ltr' id='par_1_61' title="bbox 413 3235 1990 3309">
     <span class='ocr_line' id='line_1_61' title="bbox 413 3235 1990 3309; baseline 0.003 -17"><span class='ocrx_word' id='word_1_432' title='bbox 413 3235 505 3292; x_wconf 87' lang='lat' dir='ltr'><strong>illa</strong></span> <span class='ocrx_word' id='word_1_433' title='bbox 536 3238 744 3308; x_wconf 87' lang='lat' dir='ltr'><strong>accipe.</strong></span> <span class='ocrx_word' id='word_1_434' title='bbox 776 3236 922 3292; x_wconf 87' lang='lat' dir='ltr'><strong>Deus</strong></span> <span class='ocrx_word' id='word_1_435' title='bbox 946 3236 1083 3292; x_wconf 86' lang='lat' dir='ltr'><strong>Mosi</strong></span> <span class='ocrx_word' id='word_1_436' title='bbox 1109 3236 1459 3309; x_wconf 68' lang='lat' dir='ltr'><strong>praecipiens,</strong></span> <span class='ocrx_word' id='word_1_437' title='bbox 1485 3248 1545 3293; x_wconf 92' lang='lat' dir='ltr'><strong>ut</strong></span> <span class='ocrx_word' id='word_1_438' title='bbox 1579 3239 1990 3296; x_wconf 85' lang='lat' dir='ltr'><strong>tabernaculum</strong></span> 
     </span>
    </p>
   </div>
   <div class='ocr_carea' id='block_1_62' title="bbox 2095 3235 3676 3319">
    <p class='ocr_par' dir='ltr' id='par_1_62' title="bbox 2097 3235 3676 3317">
     <span class='ocr_line' id='line_1_62' title="bbox 2097 3235 3676 3317; baseline -0.013 -10"><span class='ocrx_word' id='word_1_439' title='bbox 2097 3235 2171 3317; x_wconf 81' lang='grc' dir='ltr'>ὥς</span> <span class='ocrx_word' id='word_1_440' title='bbox 2201 3249 2267 3305; x_wconf 80' lang='grc' dir='ltr'>ἂν</span> <span class='ocrx_word' id='word_1_441' title='bbox 2290 3249 2505 3314; x_wconf 81' lang='grc' dir='ltr'>δείξωσι</span> <span class='ocrx_word' id='word_1_442' title='bbox 2527 3249 2623 3302; x_wconf 71' lang='grc' dir='ltr'><strong>καὶ</strong></span> <span class='ocrx_word' id='word_1_443' title='bbox 2658 3245 3088 3316; x_wconf 81' lang='grc' dir='ltr'>παραστήσωσιν</span> <span class='ocrx_word' id='word_1_444' title='bbox 3118 3242 3375 3313; x_wconf 67' lang='grc' dir='ltr'>ὲμιξανῶς</span> <span class='ocrx_word' id='word_1_445' title='bbox 3408 3241 3507 3309; x_wconf 81' lang='grc' dir='ltr'><strong>τὴν</strong></span> <span class='ocrx_word' id='word_1_446' title='bbox 3539 3239 3676 3303; x_wconf 77' lang='grc' dir='ltr'>ἁλή-</span> 
     </span>
    </p>
   </div>
   <div class='ocr_carea' id='block_1_63' title="bbox 414 3329 1993 3400">
    <p class='ocr_par' dir='ltr' id='par_1_63' title="bbox 414 3329 1993 3400">
     <span class='ocr_line' id='line_1_63' title="bbox 414 3329 1993 3400; baseline 0.003 -17"><span class='ocrx_word' id='word_1_447' title='bbox 414 3329 716 3385; x_wconf 86' lang='lat' dir='ltr'><strong>testimonii</strong></span> <span class='ocrx_word' id='word_1_448' title='bbox 751 3338 1082 3391; x_wconf 80' lang='lat' dir='ltr'><strong>exstrueret.</strong></span> <span class='ocrx_word' id='word_1_449' title='bbox 1121 3329 1277 3400; x_wconf 79' lang='lat' dir='ltr'><strong>juxta</strong></span> <span class='ocrx_word' id='word_1_450' title='bbox 1324 3330 1555 3389; x_wconf 79' lang='lat' dir='ltr'><strong>formam</strong></span> <span class='ocrx_word' id='word_1_451' title='bbox 1589 3330 1695 3385; x_wconf 89' lang='lat' dir='ltr'><strong>sibi</strong></span> <span class='ocrx_word' id='word_1_452' title='bbox 1720 3333 1775 3385; x_wconf 92' lang='lat' dir='ltr'><strong>in</strong></span> <span class='ocrx_word' id='word_1_453' title='bbox 1808 3342 1993 3388; x_wconf 88' lang='lat' dir='ltr'><strong>monte</strong></span> 
     </span>
    </p>
   </div>
   <div class='ocr_carea' id='block_1_64' title="bbox 415 3419 1996 3491">
    <p class='ocr_par' dir='ltr' id='par_1_64' title="bbox 415 3419 1996 3491">
     <span class='ocr_line' id='line_1_64' title="bbox 415 3419 1996 3491; baseline 0.003 -17"><span class='ocrx_word' id='word_1_454' title='bbox 415 3421 776 3491; x_wconf 82' lang='lat' dir='ltr'><strong>propositam,</strong></span> <span class='ocrx_word' id='word_1_455' title='bbox 806 3427 922 3473; x_wconf 83' lang='lat' dir='ltr'><strong>tum</strong></span> <span class='ocrx_word' id='word_1_456' title='bbox 956 3419 1120 3475; x_wconf 86' lang='lat' dir='ltr'><strong>etiam</strong></span> <span class='ocrx_word' id='word_1_457' title='bbox 1151 3435 1359 3483; x_wconf 81' lang='lat' dir='ltr'><strong>arcam,</strong></span> <span class='ocrx_word' id='word_1_458' title='bbox 1393 3436 1515 3490; x_wconf 60' lang='lat' dir='ltr'><strong>quae</strong></span> <span class='ocrx_word' id='word_1_459' title='bbox 1536 3435 1667 3475; x_wconf 87' lang='lat' dir='ltr'><strong>sane</strong></span> <span class='ocrx_word' id='word_1_460' title='bbox 1697 3420 1905 3478; x_wconf 88' lang='lat' dir='ltr'><strong>Christi</strong></span> <span class='ocrx_word' id='word_1_461' title='bbox 1940 3432 1996 3478; x_wconf 92' lang='lat' dir='ltr'><strong>et</strong></span> 
     </span>
    </p>
   </div>
   <div class='ocr_carea' id='block_1_65' title="bbox 414 3512 1992 3587">
    <p class='ocr_par' dir='ltr' id='par_1_65' title="bbox 414 3512 1992 3587">
     <span class='ocr_line' id='line_1_65' title="bbox 414 3512 1992 3587; baseline 0 -17"><span class='ocrx_word' id='word_1_462' title='bbox 414 3524 618 3570; x_wconf 61' lang='lat' dir='ltr'><strong>sanctae</strong></span> <span class='ocrx_word' id='word_1_463' title='bbox 641 3512 832 3568; x_wconf 82' lang='lat' dir='ltr'><strong>matris</strong></span> <span class='ocrx_word' id='word_1_464' title='bbox 853 3513 1002 3569; x_wconf 84' lang='lat' dir='ltr'><strong>illius</strong></span> <span class='ocrx_word' id='word_1_465' title='bbox 1022 3524 1207 3585; x_wconf 84' lang='lat' dir='ltr'><strong>typum</strong></span> <span class='ocrx_word' id='word_1_466' title='bbox 1228 3514 1592 3584; x_wconf 60' lang='lat' dir='ltr'><strong>praeferebant</strong></span> <span class='ocrx_word' id='word_1_467' title='bbox 1614 3515 1756 3585; x_wconf 64' lang='lat' dir='ltr'><strong>(qum</strong></span> <span class='ocrx_word' id='word_1_468' title='bbox 1773 3516 1992 3587; x_wconf 86' lang='lat' dir='ltr'><strong>quidem</strong></span> 
     </span>
    </p>
   </div>
   <div class='ocr_carea' id='block_1_66' title="bbox 419 3605 1996 3676">
    <p class='ocr_par' dir='ltr' id='par_1_66' title="bbox 419 3605 1996 3676">
     <span class='ocr_line' id='line_1_66' title="bbox 419 3605 1996 3676; baseline 0.006 -21"><span class='ocrx_word' id='word_1_469' title='bbox 419 3614 646 3675; x_wconf 81' lang='lat' dir='ltr'><strong>propter</strong></span> <span class='ocrx_word' id='word_1_470' title='bbox 691 3605 1060 3676; x_wconf 84' lang='lat' dir='ltr'><strong>prolixitatem</strong></span> <span class='ocrx_word' id='word_1_471' title='bbox 1119 3607 1415 3675; x_wconf 84' lang='lat' dir='ltr'><strong>scripturae</strong></span> <span class='ocrx_word' id='word_1_472' title='bbox 1440 3614 1497 3661; x_wconf 91' lang='lat' dir='ltr'><strong>et</strong></span> <span class='ocrx_word' id='word_1_473' title='bbox 1525 3606 1996 3676; x_wconf 83' lang='lat' dir='ltr'><strong>interpretationis</strong></span> 
     </span>
    </p>
   </div>
   <div class='ocr_carea' id='block_1_67' title="bbox 419 3696 1994 3770">
    <p class='ocr_par' dir='ltr' id='par_1_67' title="bbox 419 3696 1994 3770">
     <span class='ocr_line' id='line_1_67' title="bbox 419 3696 1994 3770; baseline 0.003 -19"><span class='ocrx_word' id='word_1_474' title='bbox 419 3696 691 3763; x_wconf 84' lang='lat' dir='ltr'><strong>volentes,</strong></span> <span class='ocrx_word' id='word_1_475' title='bbox 733 3707 794 3753; x_wconf 91' lang='lat' dir='ltr'><strong>ut</strong></span> <span class='ocrx_word' id='word_1_476' title='bbox 841 3697 1006 3753; x_wconf 88' lang='lat' dir='ltr'><strong>etiam</strong></span> <span class='ocrx_word' id='word_1_477' title='bbox 1055 3699 1109 3753; x_wconf 88' lang='lat' dir='ltr'><strong>in</strong></span> <span class='ocrx_word' id='word_1_478' title='bbox 1163 3699 1287 3753; x_wconf 87' lang='lat' dir='ltr'><strong>aliis</strong></span> <span class='ocrx_word' id='word_1_479' title='bbox 1333 3697 1608 3767; x_wconf 88' lang='lat' dir='ltr'><strong>plurimis,</strong></span> <span class='ocrx_word' id='word_1_480' title='bbox 1645 3699 1994 3770; x_wconf 89' lang='lat' dir='ltr'><strong>omittimus),</strong></span> 
     </span>
    </p>
   </div>
   <div class='ocr_carea' id='block_1_68' title="bbox 424 3789 1997 3863">
    <p class='ocr_par' dir='ltr' id='par_1_68' title="bbox 424 3789 1997 3863">
     <span class='ocr_line' id='line_1_68' title="bbox 424 3789 1997 3863; baseline 0.002 -19"><span class='ocrx_word' id='word_1_481' title='bbox 424 3790 684 3860; x_wconf 71' lang='lat' dir='ltr'><strong>praecepit</strong></span> <span class='ocrx_word' id='word_1_482' title='bbox 712 3789 791 3845; x_wconf 88' lang='lat' dir='ltr'><strong>illi</strong></span> <span class='ocrx_word' id='word_1_483' title='bbox 828 3798 909 3846; x_wconf 83' lang='lat' dir='ltr'><strong>ut</strong></span> <span class='ocrx_word' id='word_1_484' title='bbox 958 3789 1165 3846; x_wconf 81' lang='lat' dir='ltr'><strong>faceret</strong></span> <span class='ocrx_word' id='word_1_485' title='bbox 1216 3789 1480 3857; x_wconf 83' lang='lat' dir='ltr'><strong>imagines</strong></span> <span class='ocrx_word' id='word_1_486' title='bbox 1518 3789 1840 3858; x_wconf 91' lang='lat' dir='ltr'><strong>Cherubim,</strong></span> <span class='ocrx_word' id='word_1_487' title='bbox 1876 3808 1997 3863; x_wconf 74' lang='lat' dir='ltr'><strong>qua:</strong></span> 
     </span>
    </p>
   </div>
   <div class='ocr_carea' id='block_1_69' title="bbox 421 3880 1999 3951">
    <p class='ocr_par' dir='ltr' id='par_1_69' title="bbox 421 3880 1999 3951">
     <span class='ocr_line' id='line_1_69' title="bbox 421 3880 1999 3951; baseline 0.003 -18"><span class='ocrx_word' id='word_1_488' title='bbox 421 3890 657 3950; x_wconf 83' lang='lat' dir='ltr'><strong>poneret</strong></span> <span class='ocrx_word' id='word_1_489' title='bbox 691 3896 861 3951; x_wconf 87' lang='lat' dir='ltr'><strong>super</strong></span> <span class='ocrx_word' id='word_1_490' title='bbox 886 3896 1092 3936; x_wconf 79' lang='lat' dir='ltr'><strong>atram.</strong></span> <span class='ocrx_word' id='word_1_491' title='bbox 1145 3880 1327 3943; x_wconf 83' lang='lat' dir='ltr'><strong>Vides,</strong></span> <span class='ocrx_word' id='word_1_492' title='bbox 1384 3891 1444 3933; x_wconf 92' lang='lat' dir='ltr'><strong>ut</strong></span> <span class='ocrx_word' id='word_1_493' title='bbox 1466 3881 1649 3935; x_wconf 88' lang='lat' dir='ltr'><strong>omnia</strong></span> <span class='ocrx_word' id='word_1_494' title='bbox 1685 3897 1806 3951; x_wconf 78' lang='lat' dir='ltr'><strong>qua:</strong></span> <span class='ocrx_word' id='word_1_495' title='bbox 1839 3882 1999 3937; x_wconf 82' lang='lat' dir='ltr'><strong>Chri-</strong></span> 
     </span>
    </p>
   </div>
   <div class='ocr_carea' id='block_1_70' title="bbox 419 3969 1997 4038">
    <p class='ocr_par' dir='ltr' id='par_1_70' title="bbox 419 3969 1997 4038">
     <span class='ocr_line' id='line_1_70' title="bbox 419 3969 1997 4038; baseline -0.001 -11"><span class='ocrx_word' id='word_1_496' title='bbox 419 3971 724 4027; x_wconf 86' lang='lat' dir='ltr'><strong>stianorum</strong></span> <span class='ocrx_word' id='word_1_497' title='bbox 758 3976 912 4036; x_wconf 90' lang='lat' dir='ltr'><strong>sunt,</strong></span> <span class='ocrx_word' id='word_1_498' title='bbox 942 3985 1048 4024; x_wconf 92' lang='lat' dir='ltr'><strong>non</strong></span> <span class='ocrx_word' id='word_1_499' title='bbox 1078 3969 1310 4038; x_wconf 87' lang='lat' dir='ltr'><strong>simplici</strong></span> <span class='ocrx_word' id='word_1_500' title='bbox 1339 3969 1502 4024; x_wconf 90' lang='lat' dir='ltr'><strong>modo</strong></span> <span class='ocrx_word' id='word_1_501' title='bbox 1524 3978 1581 4024; x_wconf 92' lang='lat' dir='ltr'><strong>et</strong></span> <span class='ocrx_word' id='word_1_502' title='bbox 1608 3985 1740 4025; x_wconf 88' lang='lat' dir='ltr'><strong>casu</strong></span> <span class='ocrx_word' id='word_1_503' title='bbox 1772 3970 1997 4027; x_wconf 83' lang='lat' dir='ltr'><strong>fortuito</strong></span> 
     </span>
    </p>
   </div>
   <div class='ocr_carea' id='block_1_71' title="bbox 390 4060 1996 4139">
    <p class='ocr_par' dir='ltr' id='par_1_71' title="bbox 390 4060 1996 4139">
     <span class='ocr_line' id='line_1_71' title="bbox 390 4060 1996 4139; baseline 0.001 -22"><span class='ocrx_word' id='word_1_504' title='bbox 390 4099 394 4104; x_wconf 60' lang='grc' dir='ltr'><strong>ι</strong></span> <span class='ocrx_word' id='word_1_505' title='bbox 421 4065 576 4126; x_wconf 81' lang='lat' dir='ltr'><strong>ﬁant,</strong></span> <span class='ocrx_word' id='word_1_506' title='bbox 611 4061 705 4117; x_wconf 84' lang='lat' dir='ltr'><strong>sed</strong></span> <span class='ocrx_word' id='word_1_507' title='bbox 736 4076 862 4116; x_wconf 89' lang='lat' dir='ltr'><strong>cum</strong></span> <span class='ocrx_word' id='word_1_508' title='bbox 890 4076 1060 4131; x_wconf 87' lang='lat' dir='ltr'><strong>scopo</strong></span> <span class='ocrx_word' id='word_1_509' title='bbox 1094 4069 1149 4114; x_wconf 91' lang='lat' dir='ltr'><strong>et</strong></span> <span class='ocrx_word' id='word_1_510' title='bbox 1168 4060 1284 4139; x_wconf 78' lang='lat' dir='ltr'><strong>line</strong></span> <span class='ocrx_word' id='word_1_511' title='bbox 1311 4060 1603 4132; x_wconf 81' lang='lat' dir='ltr'><strong>diligenter</strong></span> <span class='ocrx_word' id='word_1_512' title='bbox 1628 4062 1996 4129; x_wconf 88' lang='lat' dir='ltr'><strong>considerato,</strong></span> 
     </span>
    </p>
   </div>
   <div class='ocr_carea' id='block_1_72' title="bbox 422 4152 2001 4225">
    <p class='ocr_par' dir='ltr' id='par_1_72' title="bbox 422 4152 2001 4225">
     <span class='ocr_line' id='line_1_72' title="bbox 422 4152 2001 4225; baseline 0.001 -16"><span class='ocrx_word' id='word_1_513' title='bbox 422 4155 697 4225; x_wconf 86' lang='lat' dir='ltr'><strong>dignaque</strong></span> <span class='ocrx_word' id='word_1_514' title='bbox 727 4152 1243 4225; x_wconf 64' lang='lat' dir='ltr'><strong>praemeditatione?</strong></span> <span class='ocrx_word' id='word_1_515' title='bbox 1268 4152 1615 4223; x_wconf 83' lang='lat' dir='ltr'><strong>QuaprOpter</strong></span> <span class='ocrx_word' id='word_1_516' title='bbox 1647 4154 1851 4211; x_wconf 89' lang='lat' dir='ltr'><strong>desiste</strong></span> <span class='ocrx_word' id='word_1_517' title='bbox 1883 4165 2001 4210; x_wconf 87' lang='lat' dir='ltr'><strong>tan-</strong></span> 
     </span>
    </p>
   </div>
   <div class='ocr_carea' id='block_1_73' title="bbox 423 4246 2001 4317">
    <p class='ocr_par' dir='ltr' id='par_1_73' title="bbox 423 4246 2001 4317">
     <span class='ocr_line' id='line_1_73' title="bbox 423 4246 2001 4317; baseline 0.001 -16"><span class='ocrx_word' id='word_1_518' title='bbox 423 4249 549 4303; x_wconf 83' lang='lat' dir='ltr'><strong>dem</strong></span> <span class='ocrx_word' id='word_1_519' title='bbox 583 4248 653 4303; x_wconf 90' lang='lat' dir='ltr'><strong>ab</strong></span> <span class='ocrx_word' id='word_1_520' title='bbox 687 4246 1021 4317; x_wconf 83' lang='lat' dir='ltr'><strong>importunis</strong></span> <span class='ocrx_word' id='word_1_521' title='bbox 1051 4256 1109 4302; x_wconf 90' lang='lat' dir='ltr'><strong>et</strong></span> <span class='ocrx_word' id='word_1_522' title='bbox 1140 4246 1340 4317; x_wconf 90' lang='lat' dir='ltr'><strong>ineptis</strong></span> <span class='ocrx_word' id='word_1_523' title='bbox 1379 4247 1838 4304; x_wconf 84' lang='lat' dir='ltr'><strong>cavillationibus.</strong></span> <span class='ocrx_word' id='word_1_524' title='bbox 1871 4248 2001 4306; x_wconf 85' lang='lat' dir='ltr'><strong>Om-</strong></span> 
     </span>
    </p>
   </div>
   <div class='ocr_carea' id='block_1_74' title="bbox 421 4338 2001 4411">
    <p class='ocr_par' dir='ltr' id='par_1_74' title="bbox 421 4338 2001 4411">
     <span class='ocr_line' id='line_1_74' title="bbox 421 4338 2001 4411; baseline 0.001 -16"><span class='ocrx_word' id='word_1_525' title='bbox 421 4342 511 4395; x_wconf 86' lang='lat' dir='ltr'><strong>nia</strong></span> <span class='ocrx_word' id='word_1_526' title='bbox 546 4340 694 4395; x_wconf 90' lang='lat' dir='ltr'><strong>enim</strong></span> <span class='ocrx_word' id='word_1_527' title='bbox 726 4356 851 4411; x_wconf 69' lang='lat' dir='ltr'><strong>quae</strong></span> <span class='ocrx_word' id='word_1_528' title='bbox 880 4338 1228 4397; x_wconf 89' lang='lat' dir='ltr'><strong>Christianos</strong></span> <span class='ocrx_word' id='word_1_529' title='bbox 1257 4348 1507 4407; x_wconf 86' lang='lat' dir='ltr'><strong>spectant</strong></span> <span class='ocrx_word' id='word_1_530' title='bbox 1528 4380 1543 4404; x_wconf 88' lang='lat'><strong>,</strong></span> <span class='ocrx_word' id='word_1_531' title='bbox 1588 4356 1698 4395; x_wconf 89' lang='lat' dir='ltr'><strong>non</strong></span> <span class='ocrx_word' id='word_1_532' title='bbox 1738 4356 1867 4396; x_wconf 80' lang='lat' dir='ltr'><strong>casu</strong></span> <span class='ocrx_word' id='word_1_533' title='bbox 1898 4358 2001 4397; x_wconf 88' lang='lat' dir='ltr'><strong>nec</strong></span> 
     </span>
    </p>
   </div>
   <div class='ocr_carea' id='block_1_75' title="bbox 419 4430 1998 4501">
    <p class='ocr_par' dir='ltr' id='par_1_75' title="bbox 419 4430 1998 4501">
     <span class='ocr_line' id='line_1_75' title="bbox 419 4430 1998 4501; baseline -0.001 -13"><span class='ocrx_word' id='word_1_534' title='bbox 419 4435 628 4489; x_wconf 77' lang='lat' dir='ltr'><strong>frustra</strong></span> <span class='ocrx_word' id='word_1_535' title='bbox 655 4433 798 4489; x_wconf 80' lang='lat' dir='ltr'><strong>facta</strong></span> <span class='ocrx_word' id='word_1_536' title='bbox 823 4440 974 4497; x_wconf 88' lang='lat' dir='ltr'><strong>sunt,</strong></span> <span class='ocrx_word' id='word_1_537' title='bbox 1021 4431 1116 4487; x_wconf 91' lang='lat' dir='ltr'><strong>sed</strong></span> <span class='ocrx_word' id='word_1_538' title='bbox 1145 4430 1396 4501; x_wconf 85' lang='lat' dir='ltr'><strong>diligenti</strong></span> <span class='ocrx_word' id='word_1_539' title='bbox 1431 4446 1562 4485; x_wconf 90' lang='lat' dir='ltr'><strong>cura</strong></span> <span class='ocrx_word' id='word_1_540' title='bbox 1585 4471 1598 4495; x_wconf 91' lang='lat'><strong>,</strong></span> <span class='ocrx_word' id='word_1_541' title='bbox 1634 4440 1691 4486; x_wconf 91' lang='lat' dir='ltr'><strong>et</strong></span> <span class='ocrx_word' id='word_1_542' title='bbox 1720 4434 1941 4499; x_wconf 78' lang='lat' dir='ltr'><strong>eximia,</strong></span> <span class='ocrx_word' id='word_1_543' title='bbox 1968 4447 1998 4487; x_wconf 90' lang='lat' dir='ltr'><strong>a</strong></span> 
     </span>
    </p>
   </div>
   <div class='ocr_carea' id='block_1_76' title="bbox 422 4522 2000 4592">
    <p class='ocr_par' dir='ltr' id='par_1_76' title="bbox 422 4522 2000 4592">
     <span class='ocr_line' id='line_1_76' title="bbox 422 4522 2000 4592; baseline -0.002 -12"><span class='ocrx_word' id='word_1_544' title='bbox 422 4525 659 4581; x_wconf 75' lang='lat' dir='ltr'><strong>maximo</strong></span> <span class='ocrx_word' id='word_1_545' title='bbox 686 4525 753 4583; x_wconf 84' lang='lat' dir='ltr'><strong>ad</strong></span> <span class='ocrx_word' id='word_1_546' title='bbox 785 4523 1071 4579; x_wconf 88' lang='lat' dir='ltr'><strong>minimum</strong></span> <span class='ocrx_word' id='word_1_547' title='bbox 1104 4537 1278 4591; x_wconf 81' lang='lat' dir='ltr'><strong>usque</strong></span> <span class='ocrx_word' id='word_1_548' title='bbox 1306 4532 1362 4576; x_wconf 92' lang='lat' dir='ltr'><strong>et</strong></span> <span class='ocrx_word' id='word_1_549' title='bbox 1400 4522 1469 4576; x_wconf 89' lang='lat' dir='ltr'><strong>ab</strong></span> <span class='ocrx_word' id='word_1_550' title='bbox 1497 4537 1563 4576; x_wconf 93' lang='lat' dir='ltr'><strong>eo</strong></span> <span class='ocrx_word' id='word_1_551' title='bbox 1600 4531 2000 4592; x_wconf 69' lang='lat' dir='ltr'><strong>temporecum</strong></span> 
     </span>
    </p>
   </div>
   <div class='ocr_carea' id='block_1_77' title="bbox 2099 3331 3674 3414">
    <p class='ocr_par' dir='ltr' id='par_1_77' title="bbox 2099 3331 3674 3414">
     <span class='ocr_line' id='line_1_77' title="bbox 2099 3331 3674 3414; baseline -0.011 -15"><span class='ocrx_word' id='word_1_552' title='bbox 2099 3346 2273 3410; x_wconf 82' lang='grc' dir='ltr'>οειαν,</span> <span class='ocrx_word' id='word_1_553' title='bbox 2305 3343 2402 3397; x_wconf 84' lang='grc' dir='ltr'>καὶ</span> <span class='ocrx_word' id='word_1_554' title='bbox 2428 3343 2596 3414; x_wconf 80' lang='grc' dir='ltr'>νοήσῃ</span> <span class='ocrx_word' id='word_1_555' title='bbox 2630 3340 2802 3409; x_wconf 84' lang='grc' dir='ltr'>αὐτὴν</span> <span class='ocrx_word' id='word_1_556' title='bbox 2831 3340 2860 3390; x_wconf 81' lang='grc' dir='ltr'>ὀ</span> <span class='ocrx_word' id='word_1_557' title='bbox 2894 3336 3238 3408; x_wconf 83' lang='grc' dir='ltr'>βουλόμενος·</span> <span class='ocrx_word' id='word_1_558' title='bbox 3272 3336 3319 3387; x_wconf 87' lang='grc' dir='ltr'>εί</span> <span class='ocrx_word' id='word_1_559' title='bbox 3373 3333 3428 3385; x_wconf 79' lang='grc' dir='ltr'>δέ</span> <span class='ocrx_word' id='word_1_560' title='bbox 3470 3349 3532 3400; x_wconf 86' lang='grc' dir='ltr'><strong>γε</strong></span> <span class='ocrx_word' id='word_1_561' title='bbox 3577 3331 3674 3382; x_wconf 77' lang='grc' dir='ltr'><strong>καὶ</strong></span> 
     </span>
    </p>
   </div>
   <div class='ocr_carea' id='block_1_78' title="bbox 2099 3423 3677 3501">
    <p class='ocr_par' dir='ltr' id='par_1_78' title="bbox 2099 3423 3677 3501">
     <span class='ocr_line' id='line_1_78' title="bbox 2099 3423 3677 3501; baseline -0.011 -8"><span class='ocrx_word' id='word_1_562' title='bbox 2099 3433 2257 3501; x_wconf 81' lang='grc' dir='ltr'>αὖθις</span> <span class='ocrx_word' id='word_1_563' title='bbox 2317 3434 2427 3489; x_wconf 79' lang='grc' dir='ltr'><strong>ἀπὸ</strong></span> <span class='ocrx_word' id='word_1_564' title='bbox 2475 3433 2569 3487; x_wconf 86' lang='grc' dir='ltr'><strong>τοῦ</strong></span> <span class='ocrx_word' id='word_1_565' title='bbox 2605 3429 2839 3485; x_wconf 82' lang='grc' dir='ltr'>παλαιοῦ</span> <span class='ocrx_word' id='word_1_566' title='bbox 2894 3428 3077 3500; x_wconf 81' lang='grc' dir='ltr'>ζητεῖς</span> <span class='ocrx_word' id='word_1_567' title='bbox 3112 3424 3438 3498; x_wconf 83' lang='grc' dir='ltr'>μαρτυρίαν,</span> <span class='ocrx_word' id='word_1_568' title='bbox 3469 3423 3543 3485; x_wconf 78' lang='grc' dir='ltr'><strong>ὡς</strong></span> <span class='ocrx_word' id='word_1_569' title='bbox 3581 3423 3677 3476; x_wconf 72' lang='grc' dir='ltr'><strong>καὶ</strong></span> 
     </span>
    </p>
   </div>
   <div class='ocr_carea' id='block_1_79' title="bbox 2099 3512 3675 3594">
    <p class='ocr_par' dir='ltr' id='par_1_79' title="bbox 2099 3512 3675 3594">
     <span class='ocr_line' id='line_1_79' title="bbox 2099 3512 3675 3594; baseline -0.013 -12"><span class='ocrx_word' id='word_1_570' title='bbox 2099 3528 2194 3581; x_wconf 74' lang='grc' dir='ltr'><strong>ἐπὶ</strong></span> <span class='ocrx_word' id='word_1_571' title='bbox 2225 3526 2336 3580; x_wconf 88' lang='grc' dir='ltr'><strong>τῶν</strong></span> <span class='ocrx_word' id='word_1_572' title='bbox 2369 3521 2704 3594; x_wconf 80' lang='grc' dir='ltr'>ἔμπροσθεν,</span> <span class='ocrx_word' id='word_1_573' title='bbox 2740 3521 2975 3575; x_wconf 78' lang='grc' dir='ltr'>ἄκουσον</span> <span class='ocrx_word' id='word_1_574' title='bbox 3031 3517 3129 3570; x_wconf 78' lang='grc' dir='ltr'><strong>καὶ</strong></span> <span class='ocrx_word' id='word_1_575' title='bbox 3175 3514 3407 3568; x_wconf 80' lang='grc' dir='ltr'>ἐκεῖθεν.</span> <span class='ocrx_word' id='word_1_576' title='bbox 3458 3512 3516 3566; x_wconf 86' lang='grc'><strong>’0</strong></span> <span class='ocrx_word' id='word_1_577' title='bbox 3544 3514 3675 3574; x_wconf 74' lang='grc' dir='ltr'>Θεὸς</span> 
     </span>
    </p>
   </div>
   <div class='ocr_carea' id='block_1_80' title="bbox 2098 3603 3677 3685">
    <p class='ocr_par' dir='ltr' id='par_1_80' title="bbox 2098 3603 3677 3685">
     <span class='ocr_line' id='line_1_80' title="bbox 2098 3603 3677 3685; baseline -0.011 -15"><span class='ocrx_word' id='word_1_578' title='bbox 2098 3619 2126 3670; x_wconf 85' lang='grc' dir='ltr'>ὁ</span> <span class='ocrx_word' id='word_1_579' title='bbox 2159 3616 2331 3670; x_wconf 84' lang='grc' dir='ltr'>εἰπὼν</span> <span class='ocrx_word' id='word_1_580' title='bbox 2362 3614 2440 3685; x_wconf 84' lang='grc' dir='ltr'>τῷ</span> <span class='ocrx_word' id='word_1_581' title='bbox 2486 3614 2733 3668; x_wconf 60' lang='grc' dir='ltr'>Μωῦσεῖη</span> <span class='ocrx_word' id='word_1_582' title='bbox 2761 3610 2985 3679; x_wconf 76' lang='grc' dir='ltr'>ποιῆσαι</span> <span class='ocrx_word' id='word_1_583' title='bbox 3020 3608 3117 3677; x_wconf 82' lang='grc' dir='ltr'>τὴν</span> <span class='ocrx_word' id='word_1_584' title='bbox 3152 3605 3359 3677; x_wconf 76' lang='grc' dir='ltr'>σκηνὴν</span> <span class='ocrx_word' id='word_1_585' title='bbox 3389 3603 3483 3657; x_wconf 87' lang='grc' dir='ltr'><strong>τοῦ</strong></span> <span class='ocrx_word' id='word_1_586' title='bbox 3538 3621 3677 3674; x_wconf 67' lang='lat' dir='ltr'><strong>pap-</strong></span> 
     </span>
    </p>
   </div>
   <div class='ocr_carea' id='block_1_81' title="bbox 2099 3694 3675 3779">
    <p class='ocr_par' dir='ltr' id='par_1_81' title="bbox 2099 3694 3675 3779">
     <span class='ocr_line' id='line_1_81' title="bbox 2099 3694 3675 3779; baseline -0.01 -19"><span class='ocrx_word' id='word_1_587' title='bbox 2099 3707 2286 3779; x_wconf 84' lang='grc' dir='ltr'>τυρίου</span> <span class='ocrx_word' id='word_1_588' title='bbox 2322 3704 2466 3760; x_wconf 83' lang='grc' dir='ltr'>κατὰ</span> <span class='ocrx_word' id='word_1_589' title='bbox 2510 3704 2603 3759; x_wconf 81' lang='grc' dir='ltr'><strong>τὸν</strong></span> <span class='ocrx_word' id='word_1_590' title='bbox 2653 3702 2827 3757; x_wconf 83' lang='grc' dir='ltr'>τύπον</span> <span class='ocrx_word' id='word_1_591' title='bbox 2874 3700 2965 3754; x_wconf 78' lang='grc' dir='ltr'>τὸν</span> <span class='ocrx_word' id='word_1_592' title='bbox 2996 3698 3275 3768; x_wconf 81' lang='grc' dir='ltr'>δειχθέντα</span> <span class='ocrx_word' id='word_1_593' title='bbox 3313 3694 3464 3759; x_wconf 77' lang='grc' dir='ltr'>αὐτῷ</span> <span class='ocrx_word' id='word_1_594' title='bbox 3504 3696 3560 3747; x_wconf 71' lang='grc' dir='ltr'><strong>ἐν</strong></span> <span class='ocrx_word' id='word_1_595' title='bbox 3600 3696 3675 3763; x_wconf 75' lang='grc' dir='ltr'>τῷ</span> 
     </span>
    </p>
   </div>
   <div class='ocr_carea' id='block_1_82' title="bbox 2103 3785 3677 3871">
    <p class='ocr_par' dir='ltr' id='par_1_82' title="bbox 2103 3785 3677 3871">
     <span class='ocr_line' id='line_1_82' title="bbox 2103 3785 3677 3871; baseline -0.01 -19"><span class='ocrx_word' id='word_1_596' title='bbox 2103 3802 2243 3871; x_wconf 77' lang='grc' dir='ltr'>ὄρει,</span> <span class='ocrx_word' id='word_1_597' title='bbox 2275 3797 2437 3851; x_wconf 80' lang='grc' dir='ltr'>ἔτιδὲ</span> <span class='ocrx_word' id='word_1_598' title='bbox 2476 3795 2570 3850; x_wconf 72' lang='grc' dir='ltr'>καὶ</span> <span class='ocrx_word' id='word_1_599' title='bbox 2617 3795 2717 3866; x_wconf 81' lang='grc' dir='ltr'>τὴν</span> <span class='ocrx_word' id='word_1_600' title='bbox 2747 3792 3002 3858; x_wconf 74' lang='grc' dir='ltr'>κιϐωτὸν,</span> <span class='ocrx_word' id='word_1_601' title='bbox 3031 3790 3189 3845; x_wconf 69' lang='grc' dir='ltr'>ἅτινα</span> <span class='ocrx_word' id='word_1_602' title='bbox 3218 3785 3359 3860; x_wconf 85' lang='grc' dir='ltr'>ἦσαν</span> <span class='ocrx_word' id='word_1_603' title='bbox 3393 3789 3472 3850; x_wconf 75' lang='grc' dir='ltr'><strong>είς</strong></span> <span class='ocrx_word' id='word_1_604' title='bbox 3505 3786 3677 3839; x_wconf 85' lang='grc' dir='ltr'>τύπον</span> 
     </span>
    </p>
   </div>
   <div class='ocr_carea' id='block_1_83' title="bbox 2100 3881 3677 3964">
    <p class='ocr_par' dir='ltr' id='par_1_83' title="bbox 2100 3881 3677 3964">
     <span class='ocr_line' id='line_1_83' title="bbox 2100 3881 3677 3964; baseline -0.011 -16"><span class='ocrx_word' id='word_1_605' title='bbox 2100 3893 2195 3948; x_wconf 89' lang='grc' dir='ltr'><strong>τοῦ</strong></span> <span class='ocrx_word' id='word_1_606' title='bbox 2224 3890 2462 3964; x_wconf 84' lang='grc' dir='ltr'>Χριστοῦ</span> <span class='ocrx_word' id='word_1_607' title='bbox 2492 3889 2587 3944; x_wconf 72' lang='grc' dir='ltr'>καὶ</span> <span class='ocrx_word' id='word_1_608' title='bbox 2617 3889 2713 3960; x_wconf 86' lang='grc' dir='ltr'><strong>τῆς</strong></span> <span class='ocrx_word' id='word_1_609' title='bbox 2743 3888 2904 3957; x_wconf 87' lang='grc' dir='ltr'>ἁγίας</span> <span class='ocrx_word' id='word_1_610' title='bbox 2935 3883 3102 3940; x_wconf 78' lang='grc' dir='ltr'>αὐτοῦ</span> <span class='ocrx_word' id='word_1_611' title='bbox 3142 3884 3368 3957; x_wconf 66' lang='grc' dir='ltr'>μητρὶς,</span> <span class='ocrx_word' id='word_1_612' title='bbox 3409 3881 3554 3950; x_wconf 81' lang='grc' dir='ltr'>ἆπερ</span> <span class='ocrx_word' id='word_1_613' title='bbox 3585 3881 3677 3933; x_wconf 81' lang='grc' dir='ltr'>καὶ</span> 
     </span>
    </p>
   </div>
   <div class='ocr_carea' id='block_1_84' title="bbox 2100 3972 3674 4055">
    <p class='ocr_par' dir='ltr' id='par_1_84' title="bbox 2100 3972 3674 4055">
     <span class='ocr_line' id='line_1_84' title="bbox 2100 3972 3674 4055; baseline -0.013 -15"><span class='ocrx_word' id='word_1_614' title='bbox 2100 3988 2190 4041; x_wconf 80' lang='grc' dir='ltr'><strong>διὰ</strong></span> <span class='ocrx_word' id='word_1_615' title='bbox 2220 3986 2278 4039; x_wconf 74' lang='grc' dir='ltr'>τδ</span> <span class='ocrx_word' id='word_1_616' title='bbox 2311 3984 2487 4055; x_wconf 77' lang='grc' dir='ltr'>μῆκος</span> <span class='ocrx_word' id='word_1_617' title='bbox 2514 3982 2612 4052; x_wconf 75' lang='grc' dir='ltr'>τῆς</span> <span class='ocrx_word' id='word_1_618' title='bbox 2647 3980 2868 4052; x_wconf 83' lang='grc' dir='ltr'>γραφῆς</span> <span class='ocrx_word' id='word_1_619' title='bbox 2899 3978 2995 4033; x_wconf 74' lang='grc' dir='ltr'>καὶ</span> <span class='ocrx_word' id='word_1_620' title='bbox 3038 3977 3138 4047; x_wconf 71' lang='grc' dir='ltr'>τῆς</span> <span class='ocrx_word' id='word_1_621' title='bbox 3174 3977 3471 4045; x_wconf 74' lang='grc' dir='ltr'>ἑρμηνεῖας</span> <span class='ocrx_word' id='word_1_622' title='bbox 3500 3972 3674 4025; x_wconf 72' lang='grc' dir='ltr'>ἑκοντὶ</span> 
     </span>
    </p>
   </div>
   <div class='ocr_carea' id='block_1_85' title="bbox 2104 4062 3675 4148">
    <p class='ocr_par' dir='ltr' id='par_1_85' title="bbox 2104 4062 3675 4148">
     <span class='ocr_line' id='line_1_85' title="bbox 2104 4062 3675 4148; baseline -0.011 -18"><span class='ocrx_word' id='word_1_623' title='bbox 2104 4076 2446 4148; x_wconf 76' lang='grc' dir='ltr'>παραλείποι,</span> <span class='ocrx_word' id='word_1_624' title='bbox 2480 4073 2558 4137; x_wconf 84' lang='grc' dir='ltr'>ὡς</span> <span class='ocrx_word' id='word_1_625' title='bbox 2590 4074 2686 4127; x_wconf 75' lang='grc' dir='ltr'>καὶ</span> <span class='ocrx_word' id='word_1_626' title='bbox 2716 4074 2773 4125; x_wconf 85' lang='grc' dir='ltr'>ὲν</span> <span class='ocrx_word' id='word_1_627' title='bbox 2805 4070 2990 4134; x_wconf 78' lang='grc' dir='ltr'>ἄλλοις</span> <span class='ocrx_word' id='word_1_628' title='bbox 3026 4070 3329 4131; x_wconf 79' lang='grc' dir='ltr'>πλείστοις,</span> <span class='ocrx_word' id='word_1_629' title='bbox 3365 4067 3472 4136; x_wconf 71' lang='grc' dir='ltr'><strong>ἔφη</strong></span> <span class='ocrx_word' id='word_1_630' title='bbox 3504 4062 3675 4135; x_wconf 68' lang='grc' dir='ltr'>αὐτῷ,</span> 
     </span>
    </p>
   </div>
   <div class='ocr_carea' id='block_1_86' title="bbox 2103 4154 3679 4233">
    <p class='ocr_par' dir='ltr' id='par_1_86' title="bbox 2103 4154 3679 4233">
     <span class='ocr_line' id='line_1_86' title="bbox 2103 4154 3679 4233; baseline -0.011 -14"><span class='ocrx_word' id='word_1_631' title='bbox 2103 4167 2196 4219; x_wconf 79' lang='grc' dir='ltr'><strong>καὶ</strong></span> <span class='ocrx_word' id='word_1_632' title='bbox 2235 4163 2493 4233; x_wconf 77' lang='grc' dir='ltr'>ἐποίησεν</span> <span class='ocrx_word' id='word_1_633' title='bbox 2545 4161 2761 4223; x_wconf 60' lang='grc' dir='ltr'>εἰκένας</span> <span class='ocrx_word' id='word_1_634' title='bbox 2806 4158 2929 4211; x_wconf 78' lang='grc' dir='ltr'><strong>τῶν</strong></span> <span class='ocrx_word' id='word_1_635' title='bbox 2974 4156 3280 4229; x_wconf 74' lang='grc' dir='ltr'>Χερουϐὶμ,</span> <span class='ocrx_word' id='word_1_636' title='bbox 3332 4155 3428 4207; x_wconf 76' lang='grc' dir='ltr'><strong>καὶ</strong></span> <span class='ocrx_word' id='word_1_637' title='bbox 3484 4154 3679 4222; x_wconf 80' lang='grc' dir='ltr'>ἔθηκεν</span> 
     </span>
    </p>
   </div>
   <div class='ocr_carea' id='block_1_87' title="bbox 2103 4246 3681 4325">
    <p class='ocr_par' dir='ltr' id='par_1_87' title="bbox 2103 4246 3681 4325">
     <span class='ocr_line' id='line_1_87' title="bbox 2103 4246 3681 4325; baseline -0.008 -15"><span class='ocrx_word' id='word_1_638' title='bbox 2103 4258 2290 4312; x_wconf 71' lang='grc' dir='ltr'>ἐπάνω</span> <span class='ocrx_word' id='word_1_639' title='bbox 2324 4256 2423 4325; x_wconf 85' lang='grc' dir='ltr'>τῆς</span> <span class='ocrx_word' id='word_1_640' title='bbox 2474 4251 2735 4309; x_wconf 77' lang='grc' dir='ltr'>κιϐωτοῦ.</span> <span class='ocrx_word' id='word_1_641' title='bbox 2784 4251 2954 4322; x_wconf 79' lang='grc' dir='ltr'><strong>Ὀρᾷς</strong></span> <span class='ocrx_word' id='word_1_642' title='bbox 2999 4248 3119 4312; x_wconf 86' lang='grc' dir='ltr'><strong>πῶς</strong></span> <span class='ocrx_word' id='word_1_643' title='bbox 3153 4248 3220 4300; x_wconf 79' lang='grc' dir='ltr'><strong>τὰ</strong></span> <span class='ocrx_word' id='word_1_644' title='bbox 3266 4246 3380 4299; x_wconf 86' lang='grc' dir='ltr'><strong>τῶν</strong></span> <span class='ocrx_word' id='word_1_645' title='bbox 3423 4246 3681 4316; x_wconf 75' lang='grc' dir='ltr'>Χριστια-</span> 
     </span>
    </p>
   </div>
   <div class='ocr_carea' id='block_1_88' title="bbox 2106 4334 3681 4414">
    <p class='ocr_par' dir='ltr' id='par_1_88' title="bbox 2106 4334 3681 4414">
     <span class='ocr_line' id='line_1_88' title="bbox 2106 4334 3681 4414; baseline -0.009 -15"><span class='ocrx_word' id='word_1_646' title='bbox 2106 4348 2213 4401; x_wconf 85' lang='grc' dir='ltr'><strong>νῶν</strong></span> <span class='ocrx_word' id='word_1_647' title='bbox 2252 4348 2432 4402; x_wconf 83' lang='grc' dir='ltr'>πάντα</span> <span class='ocrx_word' id='word_1_648' title='bbox 2462 4346 2524 4399; x_wconf 83' lang='grc' dir='ltr'><strong>ού</strong></span> <span class='ocrx_word' id='word_1_649' title='bbox 2558 4344 2802 4414; x_wconf 87' lang='grc' dir='ltr'>γίνονται</span> <span class='ocrx_word' id='word_1_650' title='bbox 2835 4340 3043 4405; x_wconf 81' lang='grc' dir='ltr'>ἁπλῶς,</span> <span class='ocrx_word' id='word_1_651' title='bbox 3073 4337 3184 4392; x_wconf 77' lang='grc' dir='ltr'>οὐδ’</span> <span class='ocrx_word' id='word_1_652' title='bbox 3209 4337 3283 4401; x_wconf 86' lang='grc' dir='ltr'><strong>ὡς</strong></span> <span class='ocrx_word' id='word_1_653' title='bbox 3305 4337 3513 4406; x_wconf 77' lang='grc' dir='ltr'>ἔτυχεν,</span> <span class='ocrx_word' id='word_1_654' title='bbox 3545 4334 3681 4387; x_wconf 71' lang='grc' dir='ltr'>ἀλλὰ</span> 
     </span>
    </p>
   </div>
   <div class='ocr_carea' id='block_1_89' title="bbox 2110 4424 3685 4506">
    <p class='ocr_par' dir='ltr' id='par_1_89' title="bbox 2110 4424 3685 4506">
     <span class='ocr_line' id='line_1_89' title="bbox 2110 4424 3685 4506; baseline -0.008 -19"><span class='ocrx_word' id='word_1_655' title='bbox 2110 4434 2249 4506; x_wconf 81' lang='grc' dir='ltr'>μετὰ</span> <span class='ocrx_word' id='word_1_656' title='bbox 2281 4432 2777 4503; x_wconf 78' lang='grc' dir='ltr'>μεμεριμνημένου</span> <span class='ocrx_word' id='word_1_657' title='bbox 2825 4428 3032 4481; x_wconf 78' lang='grc' dir='ltr'>σκοποῦ</span> <span class='ocrx_word' id='word_1_658' title='bbox 3066 4427 3165 4479; x_wconf 60' lang='grc' dir='ltr'><strong>καὶ⁵</strong></span> <span class='ocrx_word' id='word_1_659' title='bbox 3196 4424 3464 4496; x_wconf 81' lang='grc' dir='ltr'>ἀκριϐοῦς</span> <span class='ocrx_word' id='word_1_660' title='bbox 3496 4424 3685 4489; x_wconf 66' lang='grc' dir='ltr'>ἐξετα-</span> 
     </span>
    </p>
   </div>
   <div class='ocr_carea' id='block_1_90' title="bbox 2109 4515 3727 4591">
    <p class='ocr_par' dir='ltr' id='par_1_90' title="bbox 2109 4515 3727 4591">
     <span class='ocr_line' id='line_1_90' title="bbox 2109 4515 3727 4591; baseline -0.009 -11"><span class='ocrx_word' id='word_1_661' title='bbox 2109 4543 2284 4591; x_wconf 81' lang='grc' dir='ltr'>σεως;</span> <span class='ocrx_word' id='word_1_662' title='bbox 2333 4525 2431 4579; x_wconf 86' lang='grc' dir='ltr'><strong>Διά</strong></span> <span class='ocrx_word' id='word_1_663' title='bbox 2489 4542 2571 4578; x_wconf 85' lang='grc' dir='ltr'><strong>τοι</strong></span> <span class='ocrx_word' id='word_1_664' title='bbox 2604 4522 2764 4577; x_wconf 85' lang='grc' dir='ltr'>τοῦτο</span> <span class='ocrx_word' id='word_1_665' title='bbox 2796 4522 2891 4575; x_wconf 70' lang='grc' dir='ltr'><strong>καὶ</strong></span> <span class='ocrx_word' id='word_1_666' title='bbox 2927 4521 3036 4574; x_wconf 71' lang='grc' dir='ltr'><strong>ἀπὸ</strong></span> <span class='ocrx_word' id='word_1_667' title='bbox 3075 4518 3170 4573; x_wconf 88' lang='grc' dir='ltr'><strong>τοῦ</strong></span> <span class='ocrx_word' id='word_1_668' title='bbox 3203 4520 3296 4573; x_wconf 89' lang='grc' dir='ltr'><strong>νῦν</strong></span> <span class='ocrx_word' id='word_1_669' title='bbox 3332 4516 3537 4570; x_wconf 79' lang='grc' dir='ltr'>παῦσαι</span> <span class='ocrx_word' id='word_1_670' title='bbox 3562 4515 3683 4567; x_wconf 59' lang='grc' dir='ltr'>*τῶν</span> <span class='ocrx_word' id='word_1_671' title='bbox 3716 4568 3727 4578; x_wconf 72' lang='grc'><strong>,</strong></span> 
     </span>
    </p>
   </div>
   <div class='ocr_carea' id='block_1_91' title="bbox 420 4589 1992 4691">
    <p class='ocr_par' dir='ltr' id='par_1_91' title="bbox 420 4589 1992 4689">
     <span class='ocr_line' id='line_1_91' title="bbox 420 4589 1992 4689; baseline -0.002 -14"><span class='ocrx_word' id='word_1_672' title='bbox 420 4622 633 4684; x_wconf 87' lang='lat' dir='ltr'><strong>stituta,</strong></span> <span class='ocrx_word' id='word_1_673' title='bbox 690 4619 966 4689; x_wconf 84' lang='lat' dir='ltr'><strong>descripta</strong></span> <span class='ocrx_word' id='word_1_674' title='bbox 1028 4624 1084 4671; x_wconf 91' lang='lat' dir='ltr'><strong>et</strong></span> <span class='ocrx_word' id='word_1_675' title='bbox 1140 4589 1393 4672; x_wconf 80' lang='lat' dir='ltr'><strong>ordinata</strong></span> <span class='ocrx_word' id='word_1_676' title='bbox 1442 4626 1599 4681; x_wconf 84' lang='lat' dir='ltr'><strong>sunt,</strong></span> <span class='ocrx_word' id='word_1_677' title='bbox 1652 4589 1992 4686; x_wconf 56' lang='lat' dir='ltr'><strong>quaecu‘nque</strong></span> 
     </span>
    </p>
   </div>
   <div class='ocr_carea' id='block_1_92' title="bbox 2095 4589 3683 4691">
    <p class='ocr_par' dir='ltr' id='par_1_92' title="bbox 2107 4608 3683 4691">
     <span class='ocr_line' id='line_1_92' title="bbox 2107 4608 3683 4691; baseline -0.008 -21"><span class='ocrx_word' id='word_1_678' title='bbox 2107 4617 2351 4687; x_wconf 80' lang='grc' dir='ltr'>ἀκαίρων</span> <span class='ocrx_word' id='word_1_679' title='bbox 2381 4616 2471 4667; x_wconf 77' lang='grc' dir='ltr'>καὶ</span> <span class='ocrx_word' id='word_1_680' title='bbox 2506 4614 2869 4682; x_wconf 80' lang='grc' dir='ltr'>ἀπροσέκτων</span> <span class='ocrx_word' id='word_1_681' title='bbox 2900 4629 2998 4691; x_wconf 83' lang='grc' dir='ltr'><strong>σου</strong></span> <span class='ocrx_word' id='word_1_682' title='bbox 3028 4608 3401 4679; x_wconf 83' lang='grc' dir='ltr'>κατηγοριῶν.</span> <span class='ocrx_word' id='word_1_683' title='bbox 3427 4608 3683 4660; x_wconf 78' lang='grc' dir='ltr'>Ἀπαντα</span> 
     </span>
    </p>
   </div>
   <div class='ocr_carea' id='block_1_93' title="bbox 425 4714 798 4784">
    <p class='ocr_par' dir='ltr' id='par_1_93' title="bbox 425 4714 798 4784">
     <span class='ocr_line' id='line_1_93' title="bbox 425 4714 798 4784; baseline -0.003 -17"><span class='ocrx_word' id='word_1_684' title='bbox 425 4714 798 4784; x_wconf 84' lang='lat' dir='ltr'><strong>contigerunt.</strong></span> 
     </span>
    </p>
   </div>
   <div class='ocr_carea' id='block_1_94' title="bbox 2112 4697 3682 4776">
    <p class='ocr_par' dir='ltr' id='par_1_94' title="bbox 2112 4697 3682 4776">
     <span class='ocr_line' id='line_1_94' title="bbox 2112 4697 3682 4776; baseline -0.006 -18"><span class='ocrx_word' id='word_1_685' title='bbox 2112 4708 2218 4776; x_wconf 78' lang='grc' dir='ltr'>γὰρ</span> <span class='ocrx_word' id='word_1_686' title='bbox 2246 4706 2317 4757; x_wconf 76' lang='grc' dir='ltr'>τὰ</span> <span class='ocrx_word' id='word_1_687' title='bbox 2344 4705 2451 4758; x_wconf 87' lang='grc' dir='ltr'><strong>τῶν</strong></span> <span class='ocrx_word' id='word_1_688' title='bbox 2481 4703 2826 4774; x_wconf 81' lang='grc' dir='ltr'>Χριστιανῶν</span> <span class='ocrx_word' id='word_1_689' title='bbox 2867 4703 2971 4756; x_wconf 81' lang='grc' dir='ltr'><strong>οὐκ</strong></span> <span class='ocrx_word' id='word_1_690' title='bbox 3024 4702 3150 4772; x_wconf 78' lang='grc' dir='ltr'>εικῆ</span> <span class='ocrx_word' id='word_1_691' title='bbox 3199 4701 3296 4753; x_wconf 79' lang='grc' dir='ltr'>καὶ</span> <span class='ocrx_word' id='word_1_692' title='bbox 3347 4699 3523 4769; x_wconf 81' lang='grc' dir='ltr'>μάτην</span> <span class='ocrx_word' id='word_1_693' title='bbox 3560 4697 3682 4766; x_wconf 72' lang='grc' dir='ltr'>ἐγί-</span> 
     </span>
    </p>
   </div>
   <div class='ocr_carea' id='block_1_95' title="bbox 421 4792 3683 4875">
    <p class='ocr_par' dir='ltr' id='par_1_95' title="bbox 421 4792 3683 4875">
     <span class='ocr_line' id='line_1_95' title="bbox 421 4792 3683 4875; baseline -0.005 -16"><span class='ocrx_word' id='word_1_694' title='bbox 421 4826 574 4864; x_wconf 80' lang='grc' dir='ltr'>νοντο</span> <span class='ocrx_word' id='word_1_695' title='bbox 598 4849 613 4875; x_wconf 90' lang='grc'><strong>,</strong></span> <span class='ocrx_word' id='word_1_696' title='bbox 648 4806 784 4863; x_wconf 75' lang='grc' dir='ltr'>ἀλλὰ</span> <span class='ocrx_word' id='word_1_697' title='bbox 835 4802 977 4875; x_wconf 78' lang='grc' dir='ltr'>μετὰ</span> <span class='ocrx_word' id='word_1_698' title='bbox 1023 4800 1289 4872; x_wconf 76' lang='grc' dir='ltr'>ἀκριϐοῦς</span> <span class='ocrx_word' id='word_1_699' title='bbox 1321 4801 1416 4853; x_wconf 73' lang='grc' dir='ltr'><strong>καὶ</strong></span> <span class='ocrx_word' id='word_1_700' title='bbox 1478 4800 1723 4870; x_wconf 75' lang='grc' dir='ltr'>μεγάλης</span> <span class='ocrx_word' id='word_1_701' title='bbox 1791 4800 2065 4871; x_wconf 63' lang='grc' dir='ltr'>σκέψεως,</span> <span class='ocrx_word' id='word_1_702' title='bbox 2104 4800 2212 4852; x_wconf 73' lang='grc' dir='ltr'>ἀπὸ</span> <span class='ocrx_word' id='word_1_703' title='bbox 2246 4798 2340 4851; x_wconf 88' lang='grc' dir='ltr'><strong>τοῦ</strong></span> <span class='ocrx_word' id='word_1_704' title='bbox 2386 4797 2796 4867; x_wconf 80' lang='grc' dir='ltr'>μεγαλωτέρον,</span> <span class='ocrx_word' id='word_1_705' title='bbox 2832 4795 2998 4864; x_wconf 76' lang='grc' dir='ltr'>λέγω,</span> <span class='ocrx_word' id='word_1_706' title='bbox 3040 4792 3200 4866; x_wconf 81' lang='grc' dir='ltr'>μέχρι</span> <span class='ocrx_word' id='word_1_707' title='bbox 3235 4792 3449 4846; x_wconf 74' lang='grc' dir='ltr'>καὶτοῦ</span> <span class='ocrx_word' id='word_1_708' title='bbox 3480 4808 3683 4863; x_wconf 86' lang='grc' dir='ltr'>μικρο-</span> 
     </span>
    </p>
   </div>
   <div class='ocr_carea' id='block_1_96' title="bbox 423 4892 2926 4977">
    <p class='ocr_par' dir='ltr' id='par_1_96' title="bbox 423 4892 2926 4977">
     <span class='ocr_line' id='line_1_96' title="bbox 423 4892 2926 4977; baseline -0.006 -16"><span class='ocrx_word' id='word_1_709' title='bbox 423 4908 606 4977; x_wconf 68' lang='grc' dir='ltr'>τέρου,</span> <span class='ocrx_word' id='word_1_710' title='bbox 643 4901 737 4957; x_wconf 72' lang='grc' dir='ltr'>καὶ</span> <span class='ocrx_word' id='word_1_711' title='bbox 768 4899 957 4952; x_wconf 72' lang='grc' dir='ltr'>ἔκτοτε</span> <span class='ocrx_word' id='word_1_712' title='bbox 1006 4894 1319 4966; x_wconf 78' lang='grc' dir='ltr'>ἐτάχθησαν</span> <span class='ocrx_word' id='word_1_713' title='bbox 1362 4896 1456 4949; x_wconf 79' lang='grc' dir='ltr'>καὶ</span> <span class='ocrx_word' id='word_1_714' title='bbox 1506 4895 1856 4971; x_wconf 70' lang='grc' dir='ltr'>ἐγράφησαν,</span> <span class='ocrx_word' id='word_1_715' title='bbox 1908 4896 2007 4949; x_wconf 67' lang='grc' dir='ltr'><strong>καὶ</strong></span> <span class='ocrx_word' id='word_1_716' title='bbox 2040 4893 2497 4964; x_wconf 78' lang='grc' dir='ltr'>ἀποκατέστησαν</span> <span class='ocrx_word' id='word_1_717' title='bbox 2528 4892 2629 4946; x_wconf 81' lang='grc' dir='ltr'>ὅσα</span> <span class='ocrx_word' id='word_1_718' title='bbox 2658 4892 2926 4960; x_wconf 75' lang='grc' dir='ltr'>ἐγένοντο.</span> 
     </span>
    </p>
   </div>
   <div class='ocr_carea' id='block_1_97' title="bbox 905 5035 1579 5103">
    <p class='ocr_par' dir='ltr' id='par_1_97' title="bbox 905 5035 1579 5103">
     <span class='ocr_line' id='line_1_97' title="bbox 905 5035 1579 5103; baseline -0.003 -9"><span class='ocrx_word' id='word_1_719' title='bbox 905 5035 1245 5095; x_wconf 73' lang='lat' dir='ltr'><strong>APOLOGIA</strong></span> <span class='ocrx_word' id='word_1_720' title='bbox 1276 5036 1579 5103; x_wconf 80' lang='lat' dir='ltr'><strong>QUAR&#39;I‘A.</strong></span> 
     </span>
    </p>
   </div>
   <div class='ocr_carea' id='block_1_98' title="bbox 428 5151 2000 5225">
    <p class='ocr_par' dir='ltr' id='par_1_98' title="bbox 428 5151 2000 5225">
     <span class='ocr_line' id='line_1_98' title="bbox 428 5151 2000 5225; baseline -0.006 -10"><span class='ocrx_word' id='word_1_721' title='bbox 428 5159 582 5225; x_wconf 80' lang='lat' dir='ltr'><strong>Quod</strong></span> <span class='ocrx_word' id='word_1_722' title='bbox 631 5156 809 5212; x_wconf 72' lang='lat' dir='ltr'><strong>dolosa</strong></span> <span class='ocrx_word' id='word_1_723' title='bbox 870 5163 919 5209; x_wconf 89' lang='lat' dir='ltr'><strong>et</strong></span> <span class='ocrx_word' id='word_1_724' title='bbox 970 5152 1259 5225; x_wconf 79' lang='lat' dir='ltr'><strong>perniciose</strong></span> <span class='ocrx_word' id='word_1_725' title='bbox 1296 5153 1534 5206; x_wconf 79' lang='lat' dir='ltr'><strong>docuerit</strong></span> <span class='ocrx_word' id='word_1_726' title='bbox 1596 5151 1905 5213; x_wconf 82' lang='lat' dir='ltr'><strong>Mahomet,</strong></span> <span class='ocrx_word' id='word_1_727' title='bbox 1953 5162 2000 5206; x_wconf 88' lang='lat' dir='ltr'><strong>et</strong></span> 
     </span>
    </p>
   </div>
   <div class='ocr_carea' id='block_1_99' title="bbox 493 5244 2000 5325">
    <p class='ocr_par' dir='ltr' id='par_1_99' title="bbox 493 5244 2000 5325">
     <span class='ocr_line' id='line_1_99' title="bbox 493 5244 2000 5325; baseline -0.005 -20"><span class='ocrx_word' id='word_1_728' title='bbox 493 5251 632 5325; x_wconf 88' lang='lat' dir='ltr'><strong>quod</strong></span> <span class='ocrx_word' id='word_1_729' title='bbox 663 5250 749 5304; x_wconf 70' lang='grc' dir='ltr'>ίραι</span> <span class='ocrx_word' id='word_1_730' title='bbox 787 5256 836 5302; x_wconf 88' lang='lat' dir='ltr'><strong>et</strong></span> <span class='ocrx_word' id='word_1_731' title='bbox 868 5245 1261 5302; x_wconf 81' lang='lat' dir='ltr'><strong>Testamentum</strong></span> <span class='ocrx_word' id='word_1_732' title='bbox 1310 5254 1455 5298; x_wconf 81' lang='lat' dir='ltr'><strong>vetus</strong></span> <span class='ocrx_word' id='word_1_733' title='bbox 1509 5261 1613 5298; x_wconf 84' lang='lat' dir='ltr'><strong>non</strong></span> <span class='ocrx_word' id='word_1_734' title='bbox 1649 5245 1752 5298; x_wconf 83' lang='lat' dir='ltr'><strong>sint</strong></span> <span class='ocrx_word' id='word_1_735' title='bbox 1785 5244 2000 5299; x_wconf 77' lang='lat' dir='ltr'><strong>sublata</strong></span> 
     </span>
    </p>
   </div>
   <div class='ocr_carea' id='block_1_100' title="bbox 500 5330 2001 5415">
    <p class='ocr_par' dir='ltr' id='par_1_100' title="bbox 500 5330 2001 5415">
     <span class='ocr_line' id='line_1_100' title="bbox 500 5330 2001 5415; baseline -0.005 -18"><span class='ocrx_word' id='word_1_736' title='bbox 500 5360 596 5415; x_wconf 83' lang='lat' dir='ltr'><strong>per</strong></span> <span class='ocrx_word' id='word_1_737' title='bbox 633 5341 922 5403; x_wconf 80' lang='lat' dir='ltr'><strong>Christum,</strong></span> <span class='ocrx_word' id='word_1_738' title='bbox 948 5339 1040 5392; x_wconf 85' lang='lat' dir='ltr'><strong>sed</strong></span> <span class='ocrx_word' id='word_1_739' title='bbox 1064 5339 1231 5409; x_wconf 82' lang='lat' dir='ltr'><strong>magis</strong></span> <span class='ocrx_word' id='word_1_740' title='bbox 1265 5337 1559 5392; x_wconf 81' lang='lat' dir='ltr'><strong>illustrala.</strong></span> <span class='ocrx_word' id='word_1_741' title='bbox 1595 5335 1839 5404; x_wconf 81' lang='lat' dir='ltr'><strong>Insuper.</strong></span> <span class='ocrx_word' id='word_1_742' title='bbox 1861 5330 2001 5407; x_wconf 74' lang='lat' dir='ltr'><strong>quod</strong></span> 
     </span>
    </p>
   </div>
   <div class='ocr_carea' id='block_1_101' title="bbox 494 5430 2001 5509">
    <p class='ocr_par' dir='ltr' id='par_1_101' title="bbox 494 5430 2001 5509">
     <span class='ocr_line' id='line_1_101' title="bbox 494 5430 2001 5509; baseline -0.007 -16"><span class='ocrx_word' id='word_1_743' title='bbox 494 5442 551 5493; x_wconf 85' lang='lat' dir='ltr'><strong>in</strong></span> <span class='ocrx_word' id='word_1_744' title='bbox 581 5438 693 5509; x_wconf 85' lang='lat' dir='ltr'><strong>lege</strong></span> <span class='ocrx_word' id='word_1_745' title='bbox 744 5437 1016 5503; x_wconf 81' lang='lat' dir='ltr'><strong>inﬁrmum</strong></span> <span class='ocrx_word' id='word_1_746' title='bbox 1049 5442 1164 5486; x_wconf 84' lang='lat' dir='ltr'><strong>erat</strong></span> <span class='ocrx_word' id='word_1_747' title='bbox 1200 5442 1250 5486; x_wconf 89' lang='lat' dir='ltr'><strong>et</strong></span> <span class='ocrx_word' id='word_1_748' title='bbox 1306 5431 1655 5501; x_wconf 82' lang='lat' dir='ltr'><strong>impossibile,</strong></span> <span class='ocrx_word' id='word_1_749' title='bbox 1692 5432 1784 5484; x_wconf 85' lang='lat' dir='ltr'><strong>hoc</strong></span> <span class='ocrx_word' id='word_1_750' title='bbox 1824 5430 2001 5484; x_wconf 78' lang='lat' dir='ltr'><strong>Evan-</strong></span> 
     </span>
    </p>
   </div>
   <div class='ocr_carea' id='block_1_102' title="bbox 442 5512 1007 5603">
    <p class='ocr_par' dir='ltr' id='par_1_102' title="bbox 442 5512 1007 5603">
     <span class='ocr_line' id='line_1_102' title="bbox 442 5512 1007 5603; baseline -0.009 -17"><span class='ocrx_word' id='word_1_751' title='bbox 442 5516 449 5521; x_wconf 53' lang='grc'><em>’</em></span> <span class='ocrx_word' id='word_1_752' title='bbox 492 5532 686 5603; x_wconf 83' lang='lat' dir='ltr'><strong>gelium</strong></span> <span class='ocrx_word' id='word_1_753' title='bbox 713 5512 1007 5598; x_wconf 74' lang='lat' dir='ltr'><strong>complevit.</strong></span> 
     </span>
    </p>
   </div>
   <div class='ocr_carea' id='block_1_103' title="bbox 496 5631 2003 5714">
    <p class='ocr_par' dir='ltr' id='par_1_103' title="bbox 496 5631 2003 5714">
     <span class='ocr_line' id='line_1_103' title="bbox 496 5631 2003 5714; baseline -0.009 -16"><span class='ocrx_word' id='word_1_754' title='bbox 496 5643 955 5714; x_wconf 79' lang='lat' dir='ltr'><strong>Quandoquidem</strong></span> <span class='ocrx_word' id='word_1_755' title='bbox 987 5641 1053 5695; x_wconf 87' lang='lat' dir='ltr'><strong>de</strong></span> <span class='ocrx_word' id='word_1_756' title='bbox 1083 5640 1225 5705; x_wconf 89' lang='lat' dir='ltr'><strong>aliis,</strong></span> <span class='ocrx_word' id='word_1_757' title='bbox 1293 5654 1525 5707; x_wconf 86' lang='lat' dir='ltr'><strong>quorum</strong></span> <span class='ocrx_word' id='word_1_758' title='bbox 1558 5651 1588 5691; x_wconf 92' lang='lat' dir='ltr'><strong>a</strong></span> <span class='ocrx_word' id='word_1_759' title='bbox 1618 5634 1773 5690; x_wconf 85' lang='lat' dir='ltr'><strong>vobis</strong></span> <span class='ocrx_word' id='word_1_760' title='bbox 1801 5631 2003 5699; x_wconf 80' lang='lat' dir='ltr'><strong>Musul—</strong></span> 
     </span>
    </p>
   </div>
   <div class='ocr_carea' id='block_1_104' title="bbox 426 5733 2001 5807">
    <p class='ocr_par' dir='ltr' id='par_1_104' title="bbox 426 5733 2001 5807">
     <span class='ocr_line' id='line_1_104' title="bbox 426 5733 2001 5807; baseline -0.009 -16"><span class='ocrx_word' id='word_1_761' title='bbox 426 5738 605 5792; x_wconf 87' lang='lat' dir='ltr'><strong>manis</strong></span> <span class='ocrx_word' id='word_1_762' title='bbox 637 5751 741 5790; x_wconf 88' lang='lat' dir='ltr'><strong>nos</strong></span> <span class='ocrx_word' id='word_1_763' title='bbox 784 5736 877 5807; x_wconf 88' lang='lat' dir='ltr'><strong>qui</strong></span> <span class='ocrx_word' id='word_1_764' title='bbox 924 5735 1204 5793; x_wconf 74' lang='lat' dir='ltr'><strong>Christum</strong></span> <span class='ocrx_word' id='word_1_765' title='bbox 1259 5733 1605 5805; x_wconf 84' lang='lat' dir='ltr'><strong>proﬁtemur,</strong></span> <span class='ocrx_word' id='word_1_766' title='bbox 1652 5741 2001 5786; x_wconf 87' lang='lat' dir='ltr'><strong>aecusamur,</strong></span> 
     </span>
    </p>
   </div>
   <div class='ocr_carea' id='block_1_105' title="bbox 422 5817 2000 5889">
    <p class='ocr_par' dir='ltr' id='par_1_105' title="bbox 422 5817 2000 5889">
     <span class='ocr_line' id='line_1_105' title="bbox 422 5817 2000 5889; baseline -0.01 -5"><span class='ocrx_word' id='word_1_767' title='bbox 422 5829 645 5884; x_wconf 81' lang='lat' dir='ltr'><strong>abunde</strong></span> <span class='ocrx_word' id='word_1_768' title='bbox 669 5828 801 5883; x_wconf 86' lang='lat' dir='ltr'><strong>satis</strong></span> <span class='ocrx_word' id='word_1_769' title='bbox 827 5828 1267 5883; x_wconf 87' lang='lat' dir='ltr'><strong>demonstratum</strong></span> <span class='ocrx_word' id='word_1_770' title='bbox 1311 5833 1414 5889; x_wconf 77' lang='lat' dir='ltr'><strong>est,</strong></span> <span class='ocrx_word' id='word_1_771' title='bbox 1449 5821 1584 5875; x_wconf 85' lang='lat' dir='ltr'><strong>adeo</strong></span> <span class='ocrx_word' id='word_1_772' title='bbox 1623 5830 1680 5872; x_wconf 89' lang='lat' dir='ltr'><strong>ut</strong></span> <span class='ocrx_word' id='word_1_773' title='bbox 1716 5819 1828 5889; x_wconf 73' lang='lat' dir='ltr'><strong>jam</strong></span> <span class='ocrx_word' id='word_1_774' title='bbox 1854 5817 2000 5871; x_wconf 89' lang='lat' dir='ltr'><strong>omni</strong></span> 
     </span>
    </p>
   </div>
   <div class='ocr_carea' id='block_1_106' title="bbox 425 5918 2005 5990">
    <p class='ocr_par' dir='ltr' id='par_1_106' title="bbox 425 5918 2005 5990">
     <span class='ocr_line' id='line_1_106' title="bbox 425 5918 2005 5990; baseline -0.008 -16"><span class='ocrx_word' id='word_1_775' title='bbox 425 5919 855 5990; x_wconf 82' lang='lat' dir='ltr'><strong>reprehensione</strong></span> <span class='ocrx_word' id='word_1_776' title='bbox 883 5920 1103 5976; x_wconf 83' lang='lat' dir='ltr'><strong>liberati</strong></span> <span class='ocrx_word' id='word_1_777' title='bbox 1143 5918 1334 5981; x_wconf 82' lang='lat' dir='ltr'><strong>simus,</strong></span> <span class='ocrx_word' id='word_1_778' title='bbox 1368 5930 1463 5984; x_wconf 75' lang='lat' dir='ltr'><strong>age</strong></span> <span class='ocrx_word' id='word_1_779' title='bbox 1514 5918 1781 5981; x_wconf 87' lang='lat' dir='ltr'><strong>quantum</strong></span> <span class='ocrx_word' id='word_1_780' title='bbox 1814 5923 2005 5977; x_wconf 88' lang='lat' dir='ltr'><strong>super-</strong></span> 
     </span>
    </p>
   </div>
   <div class='ocr_carea' id='block_1_107' title="bbox 2519 5026 3272 5083">
    <p class='ocr_par' dir='ltr' id='par_1_107' title="bbox 2519 5026 3272 5083">
     <span class='ocr_line' id='line_1_107' title="bbox 2519 5026 3272 5083; baseline -0.003 -1"><span class='ocrx_word' id='word_1_781' title='bbox 2519 5028 2865 5083; x_wconf 72' lang='grc' dir='ltr'><strong>ΑΠΟᾹΟΓΙΑ</strong></span> <span class='ocrx_word' id='word_1_782' title='bbox 2924 5026 3272 5083; x_wconf 81' lang='lat' dir='ltr'><strong>TETAPTH.</strong></span> 
     </span>
    </p>
   </div>
   <div class='ocr_carea' id='block_1_108' title="bbox 2102 5135 3683 5213">
    <p class='ocr_par' dir='ltr' id='par_1_108' title="bbox 2102 5135 3683 5213">
     <span class='ocr_line' id='line_1_108' title="bbox 2102 5135 3683 5213; baseline -0.008 -13"><span class='ocrx_word' id='word_1_783' title='bbox 2102 5148 2229 5200; x_wconf 80' lang='grc' dir='ltr'>Ὀτι</span> <span class='ocrx_word' id='word_1_784' title='bbox 2282 5141 2603 5213; x_wconf 59' lang='grc' dir='ltr'>σφαλερῶς</span> <span class='ocrx_word' id='word_1_785' title='bbox 2633 5143 2731 5196; x_wconf 77' lang='grc' dir='ltr'>καὶ</span> <span class='ocrx_word' id='word_1_786' title='bbox 2767 5140 3103 5207; x_wconf 76' lang='grc' dir='ltr'>ἐπιϐλαϐὧς</span> <span class='ocrx_word' id='word_1_787' title='bbox 3132 5139 3413 5204; x_wconf 78' lang='grc' dir='ltr'><strong>ἐδίδαξεν</strong></span> <span class='ocrx_word' id='word_1_788' title='bbox 3444 5139 3478 5191; x_wconf 83' lang='grc' dir='ltr'><strong><em>ό</em></strong></span> <span class='ocrx_word' id='word_1_789' title='bbox 3509 5135 3683 5191; x_wconf 73' lang='lat' dir='ltr'><strong>Maid-</strong></span> 
     </span>
    </p>
   </div>
   <div class='ocr_carea' id='block_1_109' title="bbox 2164 5228 3683 5306">
    <p class='ocr_par' dir='ltr' id='par_1_109' title="bbox 2164 5228 3683 5306">
     <span class='ocr_line' id='line_1_109' title="bbox 2164 5228 3683 5306; baseline -0.007 -15"><span class='ocrx_word' id='word_1_790' title='bbox 2164 5240 2298 5306; x_wconf 82' lang='grc' dir='ltr'><strong>μεθ.</strong></span> <span class='ocrx_word' id='word_1_791' title='bbox 2328 5237 2426 5290; x_wconf 73' lang='grc' dir='ltr'><strong>καί</strong></span> <span class='ocrx_word' id='word_1_792' title='bbox 2469 5235 2559 5288; x_wconf 82' lang='grc' dir='ltr'>ὅτι</span> <span class='ocrx_word' id='word_1_793' title='bbox 2590 5235 2664 5288; x_wconf 80' lang='grc' dir='ltr'>οὐ</span> <span class='ocrx_word' id='word_1_794' title='bbox 2691 5232 2991 5300; x_wconf 74' lang='grc' dir='ltr'>κατελύθη</span> <span class='ocrx_word' id='word_1_795' title='bbox 3021 5235 3053 5287; x_wconf 84' lang='grc' dir='ltr'><strong><em>ό</em></strong></span> <span class='ocrx_word' id='word_1_796' title='bbox 3076 5229 3335 5295; x_wconf 75' lang='grc' dir='ltr'>παλαιὸς</span> <span class='ocrx_word' id='word_1_797' title='bbox 3370 5231 3559 5298; x_wconf 74' lang='grc' dir='ltr'>νόμος</span> <span class='ocrx_word' id='word_1_798' title='bbox 3582 5228 3683 5281; x_wconf 78' lang='grc' dir='ltr'><strong>καί</strong></span> 
     </span>
    </p>
   </div>
   <div class='ocr_carea' id='block_1_110' title="bbox 2171 5322 3684 5397">
    <p class='ocr_par' dir='ltr' id='par_1_110' title="bbox 2171 5322 3684 5397">
     <span class='ocr_line' id='line_1_110' title="bbox 2171 5322 3684 5397; baseline -0.007 -14"><span class='ocrx_word' id='word_1_799' title='bbox 2171 5332 2209 5397; x_wconf 79' lang='grc' dir='ltr'>ἠ</span> <span class='ocrx_word' id='word_1_800' title='bbox 2240 5329 2502 5395; x_wconf 79' lang='grc' dir='ltr'>Διαθήκη</span> <span class='ocrx_word' id='word_1_801' title='bbox 2555 5326 2717 5395; x_wconf 78' lang='grc' dir='ltr'>παρὰ</span> <span class='ocrx_word' id='word_1_802' title='bbox 2771 5326 2879 5380; x_wconf 79' lang='grc' dir='ltr'><strong>τοῦ</strong></span> <span class='ocrx_word' id='word_1_803' title='bbox 2911 5326 3190 5394; x_wconf 75' lang='grc' dir='ltr'>Χριστοῦ,</span> <span class='ocrx_word' id='word_1_804' title='bbox 3222 5324 3384 5379; x_wconf 71' lang='grc' dir='ltr'><strong>ἀλλὰ</strong></span> <span class='ocrx_word' id='word_1_805' title='bbox 3439 5322 3684 5392; x_wconf 68' lang='grc' dir='ltr'><em>μᾶλλον</em></span> 
     </span>
    </p>
   </div>
   <div class='ocr_carea' id='block_1_111' title="bbox 2181 5415 3681 5491">
    <p class='ocr_par' dir='ltr' id='par_1_111' title="bbox 2181 5415 3681 5491">
     <span class='ocr_line' id='line_1_111' title="bbox 2181 5415 3681 5491; baseline -0.007 -13"><span class='ocrx_word' id='word_1_806' title='bbox 2181 5423 2456 5491; x_wconf 80' lang='grc' dir='ltr'>συνέστη</span> <span class='ocrx_word' id='word_1_807' title='bbox 2482 5460 2496 5484; x_wconf 86' lang='grc'><strong>,</strong></span> <span class='ocrx_word' id='word_1_808' title='bbox 2549 5422 2647 5474; x_wconf 80' lang='grc' dir='ltr'>καὶ</span> <span class='ocrx_word' id='word_1_809' title='bbox 2708 5420 2777 5473; x_wconf 82' lang='grc' dir='ltr'>τὸ</span> <span class='ocrx_word' id='word_1_810' title='bbox 2842 5419 2951 5473; x_wconf 82' lang='grc' dir='ltr'><strong>τοῦ</strong></span> <span class='ocrx_word' id='word_1_811' title='bbox 3012 5420 3204 5488; x_wconf 79' lang='grc' dir='ltr'>νόμου</span> <span class='ocrx_word' id='word_1_812' title='bbox 3271 5417 3531 5483; x_wconf 73' lang='grc' dir='ltr'>ἀσθενὲς</span> <span class='ocrx_word' id='word_1_813' title='bbox 3581 5415 3681 5469; x_wconf 69' lang='grc' dir='ltr'>καὶ</span> 
     </span>
    </p>
   </div>
   <div class='ocr_carea' id='block_1_112' title="bbox 2178 5511 3484 5582">
    <p class='ocr_par' dir='ltr' id='par_1_112' title="bbox 2178 5511 3484 5582">
     <span class='ocr_line' id='line_1_112' title="bbox 2178 5511 3484 5582; baseline -0.007 -9"><span class='ocrx_word' id='word_1_814' title='bbox 2178 5517 2483 5573; x_wconf 73' lang='grc' dir='ltr'>ἀδύνατον</span> <span class='ocrx_word' id='word_1_815' title='bbox 2505 5513 2904 5581; x_wconf 76' lang='grc' dir='ltr'>ἀνεπλήρωσε</span> <span class='ocrx_word' id='word_1_816' title='bbox 2937 5514 3003 5567; x_wconf 84' lang='grc' dir='ltr'>τὸ</span> <span class='ocrx_word' id='word_1_817' title='bbox 3032 5511 3434 5582; x_wconf 45' lang='lat' dir='ltr'><strong>an-mixtos».</strong></span> <span class='ocrx_word' id='word_1_818' title='bbox 3472 5526 3484 5538; x_wconf 88' lang='lat'><strong><em>&#39;</em></strong></span> 
     </span>
    </p>
   </div>
   <div class='ocr_carea' id='block_1_113' title="bbox 2176 5622 3682 5705">
    <p class='ocr_par' dir='ltr' id='par_1_113' title="bbox 2176 5622 3682 5705">
     <span class='ocr_line' id='line_1_113' title="bbox 2176 5622 3682 5705; baseline -0.009 -17"><span class='ocrx_word' id='word_1_819' title='bbox 2176 5635 2244 5691; x_wconf 81' lang='grc' dir='ltr'><strong>α’.</strong></span> <span class='ocrx_word' id='word_1_820' title='bbox 2300 5634 2519 5705; x_wconf 81' lang='grc' dir='ltr'>Ἐπειδὴ</span> <span class='ocrx_word' id='word_1_821' title='bbox 2562 5634 2695 5705; x_wconf 69' lang='grc' dir='ltr'>περὶ</span> <span class='ocrx_word' id='word_1_822' title='bbox 2728 5632 2834 5685; x_wconf 87' lang='grc' dir='ltr'><strong>τῶν</strong></span> <span class='ocrx_word' id='word_1_823' title='bbox 2880 5631 3079 5695; x_wconf 82' lang='grc' dir='ltr'>ἄλλων,</span> <span class='ocrx_word' id='word_1_824' title='bbox 3114 5622 3190 5683; x_wconf 82' lang='grc' dir='ltr'><strong>ὧν</strong></span> <span class='ocrx_word' id='word_1_825' title='bbox 3218 5628 3348 5699; x_wconf 82' lang='grc' dir='ltr'>παρ’</span> <span class='ocrx_word' id='word_1_826' title='bbox 3380 5626 3538 5697; x_wconf 82' lang='grc' dir='ltr'>ὑμῶν</span> <span class='ocrx_word' id='word_1_827' title='bbox 3574 5623 3682 5677; x_wconf 84' lang='grc' dir='ltr'><strong>τῶν</strong></span> 
     </span>
    </p>
   </div>
   <div class='ocr_carea' id='block_1_114' title="bbox 2103 5716 3680 5795">
    <p class='ocr_par' dir='ltr' id='par_1_114' title="bbox 2103 5716 3680 5795">
     <span class='ocr_line' id='line_1_114' title="bbox 2103 5716 3680 5795; baseline -0.011 -14"><span class='ocrx_word' id='word_1_828' title='bbox 2103 5725 2547 5795; x_wconf 68' lang='grc' dir='ltr'>Μουσουλμάνων</span> <span class='ocrx_word' id='word_1_829' title='bbox 2584 5723 2971 5792; x_wconf 68' lang='grc' dir='ltr'>ἑγκαλούμεθσ,</span> <span class='ocrx_word' id='word_1_830' title='bbox 3019 5723 3068 5774; x_wconf 89' lang='grc' dir='ltr'><strong>οί</strong></span> <span class='ocrx_word' id='word_1_831' title='bbox 3099 5722 3441 5790; x_wconf 65' lang='grc' dir='ltr'>Χριστιανοὶ,</span> <span class='ocrx_word' id='word_1_832' title='bbox 3478 5716 3680 5777; x_wconf 80' lang='grc' dir='ltr'>ἱκανῶς</span> 
     </span>
    </p>
   </div>
   <div class='ocr_carea' id='block_1_115' title="bbox 2105 5807 3681 5883">
    <p class='ocr_par' dir='ltr' id='par_1_115' title="bbox 2105 5807 3681 5883">
     <span class='ocr_line' id='line_1_115' title="bbox 2105 5807 3681 5883; baseline -0.008 -13"><span class='ocrx_word' id='word_1_833' title='bbox 2105 5816 2502 5877; x_wconf 79' lang='grc' dir='ltr'>ἀποδέδεικται,</span> <span class='ocrx_word' id='word_1_834' title='bbox 2565 5815 2706 5868; x_wconf 80' lang='grc' dir='ltr'>ὥστε</span> <span class='ocrx_word' id='word_1_835' title='bbox 2749 5808 2889 5868; x_wconf 77' lang='grc' dir='ltr'>εἶναι</span> <span class='ocrx_word' id='word_1_836' title='bbox 2940 5814 3088 5883; x_wconf 80' lang='grc' dir='ltr'>ἡμᾶς</span> <span class='ocrx_word' id='word_1_837' title='bbox 3142 5810 3450 5881; x_wconf 72' lang='grc' dir='ltr'>ἁνωτέρους</span> <span class='ocrx_word' id='word_1_838' title='bbox 3504 5807 3681 5875; x_wconf 78' lang='grc' dir='ltr'>πάσης</span> 
     </span>
    </p>
   </div>
   <div class='ocr_carea' id='block_1_116' title="bbox 2107 5895 3682 5981">
    <p class='ocr_par' dir='ltr' id='par_1_116' title="bbox 2107 5895 3682 5981">
     <span class='ocr_line' id='line_1_116' title="bbox 2107 5895 3682 5981; baseline -0.007 -18"><span class='ocrx_word' id='word_1_839' title='bbox 2107 5908 2468 5980; x_wconf 81' lang='grc' dir='ltr'>κατηγορίας,</span> <span class='ocrx_word' id='word_1_840' title='bbox 2508 5909 2643 5981; x_wconf 61' lang='grc' dir='ltr'>ςέρι</span> <span class='ocrx_word' id='word_1_841' title='bbox 2684 5906 2743 5977; x_wconf 60' lang='lat'><strong>5&quot;;</strong></span> <span class='ocrx_word' id='word_1_842' title='bbox 2799 5905 2983 5960; x_wconf 63' lang='grc' dir='ltr'>λοιπὶν</span> <span class='ocrx_word' id='word_1_843' title='bbox 3036 5902 3363 5975; x_wconf 55' lang='grc' dir='ltr'>σκεψώμεθα</span> <span class='ocrx_word' id='word_1_844' title='bbox 3416 5902 3506 5955; x_wconf 68' lang='grc' dir='ltr'><strong>καὶ</strong></span> <span class='ocrx_word' id='word_1_845' title='bbox 3554 5895 3682 5969; x_wconf 69' lang='grc' dir='ltr'>περὶ</span> 
     </span>
    </p>
   </div>
  </div>
