4090 6450
351 427 463 494 533

1304 426 1611 487 CONTRA
1644 375 2134 487 amouerent
2172 396 2548 485 APOLbGIA
2588 424 2689 487 Iv.

3519 417 3629 483 534

350 539 460 592 τῶν
490 538 715 609 ἑτέρων.
759 536 916 592 Ἔστι
944 536 1002 592 δὲ
1031 536 1201 603 τάδε,
1251 537 1338 591 ὅτι
1388 532 1545 592 εἴπεν
1599 540 1628 592 6
1679 537 1815 601 Θεὸς
1857 536 1934 606 τῷ

2064 546 2119 599 κει
2151 538 2219 593 de
2252 536 2480 606 reliquis
2526 531 3031 590 nunevideamus.
3085 533 3227 588 Sunt
3270 546 3401 587 vero
3459 530 3618 587 haec:

353 628 622 721 Μωάμεθ,
659 630 741 683 Td
781 630 963 684 πάντα
994 630 1229 702 ἐποίησα
1262 630 1351 686 διὰ
1382 629 1466 690 σὲ.
1498 631 1595 703 καὶ
1629 630 1689 683 σὲ
1718 629 1785 683 δι’
1815 630 1938 698 tua.

359 720 473 775 Καὶ
516 718 676 775 τοῦτο
729 722 780 775 οἱ
814 718 1144 794 Χριστιανοὶ
1197 722 1259 776 οὐ
1316 722 1743 795 παραδέχονται.
1775 720 1942 776 Ἀλλὰ

358 814 456 869 καὶ
485 811 545 867 :6
576 811 680 866 τοῦ
729 812 975 887 Minius-0
1008 814 1184 886 ὄνομα
1220 815 1616 887 γεγραμμένον
1650 814 1943 885 εὑρίσκετο

357 907 419 958 ἐν
446 903 524 974 τῷ
551 904 899 977 Εὖαγγελίῳ,
930 905 1184 971 εἰπόντος
1219 907 1381 961 τοῦτο
1413 906 1510 962 τοῦ
1543 906 1789 978 Χριστοῦ
1825 909 1972 970 τοῖς..

372 998 652 1062 Ἰουδαίοις
699 999 784 1053 ὅτι
812 999 1257 1071 Εὐαγγελίζομαι
1290 996 1444 1075 ὑμῖν,
1475 1001 1564 1055 ἵνα
1592 1001 1905 1075 γινῲσκητε
1925 1040 1942 1069 ,

359 1092 442 1145 ὅτι
467 1091 585 1162 μετ’
612 1091 714 1163 ἐμὲ
760 1068 949 1160 μέλλει
976 1068 1170 1146 ἐλθεῖν-
1196 1096 1225 1146 6
1265 1068 1574 1158 ἀττόστολος
1604 1068 1944 1167 διαθπρονφή-

363 1200 485 1254 της.
536 1181 612 1237 T6
660 1183 795 1238 αὐτό
848 1185 966 1238 ὲστι
1029 1187 1420 1257 γεγραμμένον
1477 1189 1574 1242 καὶ
1628 1189 1688 1243 ἒν
1741 1187 1822 1259 τῷ
1850 1187 1946 1243 τοῦ

362 1274 607 1340 Μωσέως
662 1274 901 1347 παλαιῷ.
960 1276 1026 1330 Oi
1077 1277 1134 1331 δὲ
1184 1260 1506 1349 Χριστιανοὶ
1566 1264 1948 1353 φθονήσαντες

364 1366 625 1432 ἐξέϐαλον
652 1365 800 1422 ἀὐτὸ
837 1369 947 1422 ἀπὸ
988 1368 1083 1423 τοῦ
1136 1369 1473 1440 Εὐαγγελίου
1510 1386 1528 1405 ο
1579 1375 1675 1427 καὶ
1719 1376 1803 1428 ὅτι
1871 1375 1947 1444 μὴ

368 1459 530 1530 μόνον
560 1460 641 1524 είς
672 1461 735 1514 τδ
756 1461 1127 1554 Ἐύαγγέλιον
1155 1465 1250 1521 καὶ
1301 1462 1362 1518 :6
1392 1464 1634 1541 ⁸παλαιὸν
1661 1466 1951 1536 εὑρίσκετο

364 1554 753 1623 γεγραμμένον
801 1554 862 1607 τὸ
902 1553 1000 1611 τοῦ
1039 1555 1287 1625 Μωάμεθ
1344 1555 1539 1627 ὄνομα,
1573 1556 1712 1612 ἀλλὰ
1756 1560 1854 1613 καὶ
1891 1559 1951 1612 ὲν

364 1645 480 1708 τοῖς
515 1643 711 1712 δεξιοῖς
745 1647 937 1717 μέρεσι
960 1646 1058 1702 τοῦ
1091 1646 1284 1718 θρόνου
1317 1647 1412 1702 τοῦ
1452 1648 1590 1704 Θεοῦ
1622 1650 1947 1721 εὑρίσκεται

365 1736 776 1804 γεγραμμένον.
826 1737 939 1792 Καὶ
975 1740 1112 1807 ὁτιή
1134 1740 1246 1793 τῶν
1284 1740 1736 1813 Μουσουλμάνων
1763 1742 1953 1807 πίστις

367 1826 479 1880 ἀπὸ
516 1824 637 1879 τοῦ.
666 1825 928 1899 Ἀϐραὰμ
975 1830 1320 1901 εὑρίσκεται,
1346 1833 1440 1889 καὶ
1479 1832 1563 1887 ὃτι
1603 1834 1951 1904 παραϐάντες

292 1996 295 1997 ν
368 1920 423 1974 oi
475 1919 807 1991 Χριστιανοὶ
859 1921 954 1976 τὸν
1001 1924 1302 1980 Μωσαῖκδν
1356 1926 1567 1995 νόμον,
1618 1927 1759 1981 εἰσὶν
1809 1926 1954 1994 ἄξιοι

369 2012 710 2082 κατηγορίας
750 2014 864 2077 ,καὶ
922 2015 1208 2086 μέμψεως.
1261 2014 1647 2088 Κατηγοροΰσι
1708 2017 1767 2072 δδ
1827 2020 1959 2093 τοὺς

367 2099 860 2169 Μουσουλμάνους,
920 2102 1049 2167 τοὺς
1098 2103 1286 2168 ἀξίους
1334 2104 1572 2159 ἐπαίνου
1603 2107 1698 2159 καὶ
1746 2104 1954 2177 τιμῆς·

371 2188 716 2270 ταῦτάνείσιν
745 2192 782 2247 ἃ
817 2194 966 2265 παρά
998 2193 1109 2250 τῶν
1136 2194 1583 2267 Μουσουλμάνων
1619 2198 1959 2269 κατηγορού-

381 2282 522 2353 μεθα
556 2284 606 2338 οί
655 2286 997 2357 Χριστιανοί.
1070 2288 1525 2361 Ἀπολογούμεθα
1562 2289 1619 2344 δὲ
1647 2289 1846 2359 οὓτως,
1876 2293 1959 2345 ὅτι

381 2377 510 2442 Θεδς
541 2377 729 2450 ἐνδεὴς
767 2383 861 2435 καὶ
892 2383 1088 2453 χρείαν
1125 2387 1272 2451 τινὸς
1322 2389 1461 2457 ἔχων
1499 2385 1605 2440 οὐκ
1652 2386 1771 2446 ἐστι
1799 2386 1956 2449 Θεός.

402 2465 538 2520 Ἀλλ’
581 2468 611 2521 6
667 2468 878 2540 ἀληθὴς
914 2470 1070 2536 Θεὸς,
1130 2475 1159 2526 6
1199 2476 1430 2545 ποιητὴς
1488 2475 1729 2545 οὐρανοῦ
1765 2495 1825 2531 τε
1865 2481 1961 2535 καὶ

389 2553 505 2623 γῆς,
542 2555 636 2610 καὶ
689 2558 911 2629 πάντων
949 2559 1062 2614 τῶν
1106 2559 1628 2631 δημιουργηθέντων
1661 2566 1723 2620 έν
1751 2566 1958 2635 αὐτοῖς,

383 2646 415 2701 6
451 2651 681 2719 ποιήσας
734 2650 866 2716 τοὺς
910 2653 1181 2723 ἀγγέλους
1251 2656 1348 2709 καὶ
1406 2655 1535 2718 τοὺς
1590 2657 1958 2729 ἀνθρώπους,

381 2739 570 2811 χρείαν
604 2741 751 2804 τινὸς
780 2744 880 2797 οὐκ
909 2740 1082 2816 εἶχεν,
1122 2744 1260 2798 ἀλλά
1305 2745 1395 2801 διὰ
1433 2750 1610 2820 μόνην
1645 2751 1964 2820 ἀγαθότητα

385 2832 482 2884 καὶ
531 2833 752 2904 Θέλησιν
801 2836 1030 2908 έποίῃσε
1080 2838 1148 2892 τὰ
1185 2840 1385 2895 πάντα.
1437 2841 1597 2896 Ἐπεὶ
1622 2841 1757 2911 γοῦν
1800 2843 1963 2899 τοῦτο

379 2922 555 2988 οὕτως
606 2926 759 2998 ἔχει,
799 2930 894 2984 καὶ
946 2931 1126 3003 οὐδείς
1177 2932 1332 2988 ἑστιν
1382 2935 1410 2988 6
1471 2934 1795 3006 ἀντιλέγων,
1852 2938 1961 3007 ἄρα

380 3015 568 3082 κακῶς
600 3018 908 3095 ἐφθέγξατο
962 3023 990 3076 6
1031 3024 1279 3095 Μωάμεθ
1303 3067 1317 3091 ,
1349 3026 1427 3091 ὡς
1455 3027 1620 3098 δῆοεν
1668 3026 1792 3084 εἷπε
1826 3031 1963 3101 πρὸς

380 3108 546 3163 αὐτὸν
575 3112 604 3165 6
634 3112 788 3179 Θεὸς.
822 3115 906 3170 ὅτι
937 3116 1019 3171 Τὰ
1045 3118 1227 3174 πάντα
1263 3121 1500 3193 ἐποίησα
1529 3122 1617 3177 διὰ
1658 3124 1743 3191 σὲ,
1775 3125 1871 3178 καὶ
1903 3125 1964 3178 σὲ

2044 630 2194 686 Dixit
2222 631 2369 688 Deus
2397 632 2502 703 ipsi
2543 630 2818 686 Mahomet
2851 646 2866 683 :
2902 626 3099 683 Omnia
3158 626 3263 683 feci
3300 635 3522 695 propter
3552 635 3626 690 te,

2045 730 2101 778 et
2134 731 2187 778 te
2221 732 2449 795 propter
2488 738 2595 780 me.
2636 721 2753 779 Hoc
2802 736 2935 777 vero
2971 718 3272 777 Christiani
3305 726 3626 787 pernegant.

2044 813 2189 882 Quin
2219 823 2276 871 et
2304 814 2480 886 ipsius
2505 813 2787 870 Mahomet
2828 826 3033 867 nomen
3073 808 3336 878 scriptum
3365 806 3421 861 in
3452 806 3633 862 Evan—

2045 907 2190 977 gelio
2223 914 2449 975 exstat,
2486 902 2709 963 Christo
2744 896 3008 959 nimirum
3059 901 3125 956 ad
3170 897 3390 954 Iudaeos
3433 897 3515 952 sic
3542 896 3631 950 di-

2046 1007 2210 1054 cente
2242 1015 2258 1054 :
2297 998 2509 1055 Bonum
2560 998 2721 1057 vobis
2752 994 3013 1052 nuntium
3045 991 3289 1065 praedico
3317 1031 3333 1056 ,
3389 998 3451 1045 ut
3497 987 3631 1044 illud

2047 1090 2697 1164 eogtioscatis,'quoniam
2730 1099 2855 1160 post
2902 1103 2988 1144 me
3013 1094 3280 1142 venturus
3303 1093 3388 1139 est
3413 1088 3635 1151 aposto-

2046 1182 2135 1238 lus
2175 1190 2233 1239 et
2266 1183 2558 1255 prepheta.
2593 1181 2743 1239 Idem
2767 1180 2933 1234 etiam
2965 1177 3019 1232 in
3050 1176 3216 1232 Mosis
3239 1172 3420 1233 Veteri
3445 1171 3634 1226 Testa-

2051 1283 2239 1331 mento
2268 1275 2535 1345 s'criptum
2582 1283 2688 1331 est.
2720 1269 3020 1329 Christiani
3053 1284 3183 1324 vero
3221 1265 3425 1321 invidia
3450 1262 3584 1317 moti
3614 1302 3630 1325 ,

2050 1367 2184 1423 illud
2225 1384 2292 1423 ex
2329 1366 2628 1438 Evangelio
2668 1366 2974 1438 eiecerunt.
3019 1377 3144 1416 eum
3199 1371 3381 1414 tamen
3429 1372 3539 1412 non
3575 1359 3632 1409 iu

2049 1459 2348 1531 Evangelia
2380 1468 2592 1514 tantum
2627 1469 2684 1514 et
2713 1455 2897 1513 Veteri
2924 1450 3304 1510 Testamento
3338 1449 3630 1506 Mahometi

2049 1566 2251 1608 nomen
2285 1550 2555 1623 scriptum
2597 1548 2935 1615 inveniatur,
2983 1546 3078 1603 sed
3128 1544 3296 1600 etiam
3347 1558 3378 1597 a
3424 1539 3635 1597 dextris

2050 1643 2240 1701 throni
2299 1642 2473 1701 divini
2522 1640 2796 1712 partibus.
2841 1641 2910 1694 Et
2956 1635 3433 1695 Musulmanorum
3499 1631 3636 1686 tides

2053 1736 2124 1793 ab
2180 1736 2302 1806 ipso
2361 1734 2640 1793 Abraham
2697 1741 2929 1790 auctore
2978 1729 3289 1800 dependet._
3330 1724 3635 1782 Christiani

2034 1838 2280 1897 “quoque
2316 1825 2448 1896 quia
2477 1825 2644 1883 llosis
2666 1824 2843 1894 legem
2876 1820 3381 1890 transgrediuntur,
3413 1831 3641 1871 accusa-

2059 1916 2211 1974 tione
2240 1926 2298 1973 et
2343 1916 2781 1988 reprehensione
2808 1914 2961 1986 digiti
3010 1920 3173 1978 sunt;
3218 1909 3320 1982 ipsi
3355 1922 3485 1965 vero
3525 1907 3642 1961 Mus-

2057 2012 2346 2069 sulmanos
2378 2018 2664 2076 accusant,
2689 2008 2852 2065 laude
2874 2008 3074 2078 dignos
3111 2013 3170 2063 et
3208 2004 3445 2061 honore.
3473 1999 3640 2068 Atqui

2058 2102 2191 2179 haec
2225 2090 2356 2161 sunt
2381 2141 2397 2166 ,
2422 2102 2494 2159 de
2525 2102 2730 2172 quibus
2759 2113 2860 2159 nos
2890 2094 3194 2157 Christiani
3221 2110 3252 2150 a
3280 2090 3644 2152 Mnsulmanis

2058 2211 2421 2252 accusamur:
2451 2194 2569 2251 haec
2617 2208 2747 2253 vero
2772 2192 2854 2249 sic
2891 2189 3266 2247 coniutamus.
3308 2187 3454 2243 Deus
3499 2181 3645 2237 indi-

2059 2303 2162 2358 gus
2197 2296 2256 2343 et
2286 2287 2526 2357 alicujus
2561 2286 2643 2341 rei
2674 2284 2861 2355 inopia
2898 2282 3183 2345 laborans.
3223 2280 3367 2337 Deus
3393 2291 3506 2331 non
3530 2283 3640 2329 019i.

2061 2379 2170 2437 Sed
2207 2396 2378 2436 verus
2412 2380 2576 2445 Deus,
2606 2387 2823 2434 creator
2845 2374 2971 2433 coeli
2998 2384 3055 2430 et
3094 2382 3258 2429 terra:
3293 2380 3351 2425 et
3392 2367 3643 2425 omnium

2061 2488 2185 2542 quae
2214 2474 2266 2528 in
2294 2474 2382 2528 his
2412 2482 2597 2528 creata
2623 2479 2755 2527 sunt
2776 2510 2792 2539 ,
2821 2468 3029 2539 quique
3071 2466 3287 2523 creavit
3335 2463 3561 2533 angelos
3591 2471 3649 2518 et

2063 2565 2339 2630 homines,
2376 2565 2524 2620 nulla
2569 2578 2631 2618 re
2663 2575 2890 2633 prorsus
2920 2559 3152 2630 indiget,
3184 2556 3302 2614 sola
3326 2562 3513 2612 autem
3550 2555 3651 2611 ho-

2065 2658 2239 2714 nitate
2268 2673 2366 2713 sua
2412 2664 2471 2712 et
2527 2655 2812 2711 voluntate
2861 2650 3072 2709 creavit
3101 2649 3310 2707 omnia.
3344 2647 3484 2704 Cum
3514 2662 3650 2703 vero

2063 2750 2171 2807 hoc
2195 2761 2304 2806 tam
2326 2751 2548 2804 firmum
2580 2747 2674 2812 sit,
2704 2756 2766 2802 ut
2813 2760 2976 2802 nemo
3008 2745 3102 2815 qui
3130 2756 3332 2813 negare
3363 2741 3539 2812 possit
3563 2738 3650 2794 iu-

2064 2842 2342 2905 veniatur,
2375 2841 2553 2911 impie-
2577 2855 2770 2894 revera
2813 2839 3034 2893 loeutus
3058 2843 3144 2892 est
3171 2834 3468 2896 Mahomet,
3501 2829 3650 2902 quod

2066 2933 2212 2989 Deus
2231 2932 2299 2987 ad
2332 2932 2485 2986 illum
2515 2929 2720 2985 dixerit
2751 2946 2766 2984 :
2798 2928 2995 2985 Omnia
3017 2929 3200 2984 creavi
3228 2934 3456 2997 propter
3491 2934 3566 2991 te,
3597 2930 3653 2987 et

2066 3035 2119 3082 te
2149 3033 2379 3097 propter
2412 3038 2520 3077 me.
2544 3021 2868 3111 Deus’enim
2893 3020 3041 3074 nulla
3065 3035 3125 3074 re
3157 3033 3391 3088 prorsus
3418 3018 3652 3089 indiget.-

2063 3117 2221 3185 Quod
2249 3132 2383 3171 vero
2413 3110 3044 3170 Musulmanorum'tides
3073 3114 3138 3167 ad
3157 3111 3431 3166 Abraham
3462 3121 3654 3166 aucto-

380 3197 451 3295 δι’
485 3199 603 3295 ἐμέ.
633 3200 694 3295 ’ρ
729 3203 836 3273 γὰρ
870 3198 1006 3269 Θεὸς
1030 3206 1226 3277 χρείαν
1258 3209 1403 3274 τινὸς
1433 3210 1535 3265 οὐκ
1570 3211 1707 3282 ἔχει.
1751 3216 1875 3269 ’Ότι
1904 3214 1962 3271 δὲ

2068 3226 2184 3266 rem
2227 3224 2339 3265 non
2374 3209 2552 3279 possit.
2598 3206 2790 3261 referri
2808 3240 2839 3269 ,ν
2855 3205 3024 3259 veluti
3062 3204 3340 3258 Mahomet
3370 3203 3556 3268 tradit,
3583 3219 3649 3259 ex

383 3292 420 3363 ἠ
472 3290 582 3345 τῶν
639 3293 1089 3367 Μουσουλμάνων
1158 3299 1346 3365 πίστις
1396 3303 1499 3358 οὐκ
1561 3299 1631 3376 ἦν
1698 3305 1809 3361 ἀπὸ
1866 3308 1962 3362 τοῦ

2069 3315 2168 3356 sua
2200 3299 2375 3368 ipsius
2406 3313 2638 3368 persona
2692 3297 3068 3365 redarguitur.
3122 3295 3243 3365 ipse
3275 3296 3425 3350 enim
3459 3305 3653 3351 auctor

399 3382 672 3456 Ἀϐραὰμ,
704 3387 781 3452 ὡς
809 3388 838 3441 6
866 3390 1113 3462 Μωάμεθ
1145 3391 1319 3462 λέγει,
1364 3395 1426 3461 ἐξ
1472 3396 1642 3451 αὑτοῦ
1671 3399 1767 3452 τοῦ
1796 3400 1966 3454 Μωά-

392 3476 495 3545 μεθ
526 3474 639 3547 ἔχει
667 3480 760 3533 τὸν
790 3479 1036 3552 ἔλεγχονθ
1080 3484 1245 3564 αῠτζις
1299 3485 1410 3555 γάρ
1468 3489 1620 3542 ἐστιν
1646 3490 1677 3543 6
1712 3490 1965 3562 ἀρχηγὸς

383 3567 485 3623 καὶ
513 3568 812 3643 νομοθέτης
837 3572 946 3629 τῶν
985 3573 1245 3630 τοιούτων
1292 3575 1604 3647 δογμάτων.
1633 3580 1696 3633 Ei
1726 3579 1785 3634 δέ
1815 3574 1966 3636 ἐστιν

381 3659 597 3731 ἔτερος,
625 3663 913 3735 δειχθήτω.
973 3667 1081 3721 Καὶ
1127 3668 1237 3738 γὰρ
1269 3670 1378 3724 ἀπὸ
1415 3670 1511 3725 τοῦ
1554 3670 1815 3744 Ἀϐραὰμ
1859 3674 1967 3740 ἕως

383 3754 482 3808 τοῦ
540 3756 787 3827 Μωάμεθ
824 3758 1102 3830 παρῆλθον
1147 3762 1359 3831 -χρόνοι
1404 3762 1613 3834 ,βφπβ’,
1676 3764 1773 3820 καὶ
1828 3750 1967 3837 μετά

282 3892 283 3895 η
386 3848 564 3927 ταῦτα
597 3851 771 3923 ἐφάνη
809 3851 839 3905 6
868 3852 1192 3923 Μαχούμετσ
1226 3855 1426 3933 οὐκοῖέν
1468 3858 1569 3911 οὐκ
1608 3857 1760 3913 ἔστιν
1797 3860 1833 3930 ἡ
1859 3860 1969 3915 τῶν

385 3942 836 4015 Μουσουλμὰνων
868 3945 1057 4011 πίστις
1090 3946 1202 4001 ἀπδ
1224 3947 1319 4002 τοῦ
1359 3946 1637 4019 Ἀϐραάμ.
1670 3950 1732 4007 Ei
1756 3949 1802 4004 δ’
1838 3951 1971 4016 ἴσως

388 4033 577 4102 λέγετε
609 4034 771 4091 τοῦτο
811 4035 905 4091 διὰ
944 4035 1045 4109 τὴν
1087 4037 1419 4109 περιτομὴν,
1460 4038 1572 4108 ἔγὼ
1607 4057 1692 4097 σοι
1735 4041 1849 4114 ἐρῶ
1879 4042 1971 4098 τὸν

394 4127 550 4195 λόγον
581 4129 687 4198 τῆς
717 4131 1050 4201 περιτομῆς.
1845 4196 1849 4199 _
1940 4132 1945 4135 ’

465 4220 528 4290 β’.
557 4221 617 4275 Ὀ
644 4220 900 4294 Ἀϐραὰμ
928 4220 1266 4292 θεασάμενος
1286 4223 1377 4277 τὸν
1403 4222 1654 4293 οὐρανὸν,
1675 4224 1771 4277 τὸν
1794 4223 1970 4296 ἥλιον,

396 4314 518 4379 τοὺς
560 4315 798 4386 ἀστέρας
830 4352 847 4380 ,
886 4315 987 4385 τὴν
1037 4314 1146 4385 γῆν
1173 4355 1189 4380 ,
1243 4316 1346 4385 τὴν
1405 4302 1707 4379 θάλασσαν,
1755 4318 1854 4370 καὶ
1900 4316 1973 4370 τὰ

392 4411 451 4464 ἐν
477 4408 683 4473 αὐτοῖς,
714 4406 1072 4477 ἀνελογίσατο
1102 4408 1226 4462 καθ’
1252 4406 1469 4473 ἑαυτὸν,
1503 4407 1600 4461 καὶ
1623 4402 1973 4478 εἷπινοτΑρα

388 4503 461 4557 τὰ
498 4501 726 4557 τοιαῦτα
766 4500 906 4572 ἔργα
953 4499 1167 4571 μεγάλα
1201 4499 1379 4564 οὕτως
1437 4502 1536 4555 καὶ
1566 4498 1781 4565 ³ἐξαίσια
1818 4500 1969 4563 ὄντα,

2067 3400 2124 3448 et
2149 3391 2433 3461 legislator
2489 3397 2577 3444 est
2623 3389 2806 3459 legum
2851 3388 3197 3458 huiusmodi.
3230 3387 3386 3453 Quod
3420 3388 3468 3442 si
3510 3388 3653 3443 alius

2066 3495 2173 3544 est.
2187 3481 2708 3539 demonstretur.Ah
2724 3480 3022 3536 Ahrahami
3045 3480 3192 3536 enim
3215 3490 3463 3550 tempore
3480 3496 3655 3549 usque

2068 3576 2136 3632 ad
2161 3576 2436 3631 Mahomet
2461 3574 2590 3628 anni
2630 3572 2803 3643 elapsi
2825 3580 2957 3627 sunt
2988 3571 3076 3628 his
3107 3572 3256 3628 mille
3285 3571 3573 3641 quingenti
3600 3583 3658 3626 et

2068 3669 2348 3740 octaginta
2413 3667 2549 3733 duo,
2599 3667 2807 3737 quibus
2840 3665 3079 3722 evolutis
3114 3665 3338 3720 demum
3383 3664 3653 3719 Mahomet

2069 3770 2230 3815 ortus
2258 3768 2363 3815 est.
2394 3758 2867 3815 Musulmanorum
2906 3757 3077 3827 igitur
3117 3757 3251 3812 ﬁdes
3280 3757 3349 3811 ab
3372 3757 3655 3814 Abraham

2071 3861 2298 3909 auctore
2337 3867 2448 3906 non
2486 3850 2790 3905 descendit.
2824 3848 2984 3916 Quod
3037 3848 3084 3904 si
3128 3862 3261 3925 vero
3292 3848 3398 3901 hoc
3427 3846 3658 3902 fortasse

2074 3951 2305 4014 propter
2333 3941 2820 4013 circumcisionem
2870 3939 3076 4004 dicitis,
3117 3954 3218 4010 age
3253 3938 3372 3995 ipse
3404 3938 3505 3995 tibi
3549 3939 3660 3993 cir-

2072 4034 2434 4093 cumcisionis
2463 4035 2738 4091 rationem
2773 4033 3087 4104 explicabo.
3128 4109 3133 4114 ε

2148 4220 2209 4277 2.
2243 4219 2382 4275 Cum
2407 4219 2638 4274 vidisset
2668 4216 2943 4273 Abraham
2975 4216 3200 4282 malum,
3229 4216 3424 4284 solem,
3452 4216 3658 4282 sidera,

2077 4322 2308 4378 terram,
2342 4325 2495 4365 mare
2550 4317 2609 4364 et
2640 4324 2764 4379 quae
2798 4307 2855 4362 in
2885 4308 3021 4379 ipsis
3053 4316 3220 4373 sunt,
3248 4298 3535 4385 reputavit
3573 4323 3663 4363 se-

2073 4419 2199 4460 cum
2229 4403 2423 4459 dicens
2454 4420 2468 4457 :
2502 4401 2700 4459 Utrum
2751 4401 2870 4456 haec
2927 4410 3077 4456 tanta
3108 4409 3166 4457 et
3192 4400 3464 4473 stupenda
3489 4415 3657 4470 opera

2074 4495 2162 4549 vel
2200 4495 2437 4565 simplici
2489 4494 2655 4549 modo
2694 4500 2753 4547 et
2782 4507 2880 4547 sua
2919 4501 3118 4563 sponte
3144 4501 3337 4547 exorta
3370 4500 3521 4558 sunt,
3564 4500 3665 4545 aut

390 4593 580 4658 ἁπλῶς
602 4593 747 4647 οὕτω
780 4595 877 4648 καὶ
906 4592 1236 4663 αὐτομάτως
1278 4594 1561 4659 ἐγένοντο.
1593 4591 1626 4661 ἢ
1666 4591 1851 4662 ἔχουσι
1881 4596 1962 4644 καί

2078 4586 2284 4642 habent
2353 4588 2594 4656 aliquem
2635 4583 2728 4654 qui
2785 4584 2903 4653 ipsa
2954 4582 3210 4638 creavit?
3244 4582 3663 4663 Contemplatus

389 4704 516 4741 τινα
549 4687 640 4739 τὸν
677 4685 985 4755 ποιήσαντα
1039 4685 1218 4750 αὐτά;
1248 4684 1603 4753 Θεασάμενος
1636 4684 1843 4749 τοίνυν,
1893 4684 1971 4748 ὡς

391 4779 633 4850 εἴρηται,
689 4776 791 4849 τὴν
837 4775 1106 4846 καλλονὴν
1143 4777 1257 4829 τῶν
1299 4774 1657 4845 κτισμάτων,
1691 4775 1972 4850 ιοαύμαζε

393 4848 491 4924 καὶ
521 4848 901 4939 ἐξεπλήττετο,
935 4868 1032 4921 καὶ
1051 4867 1355 4922 ἐσκέπτετο
1376 4866 1521 4921 κατὰ
1553 4865 1704 4928 νοῦν,
1742 4867 1817 4937 μή
1854 4848 1972 4929 πως

394 4944 495 5017 οὗκ
528 4949 735 5032 ἔχουσί
763 4977 887 5014 τινα
932 4961 1025 5013 τὸν
1065 4961 1375 5031 ποιήσαντα
1403 4959 1567 5024 αὐτὰ,
1595 4957 1733 5013 ἀλλὰ
1770 4959 1974 5029 μᾶλλον

393 5054 567 5110 ταῦτα
606 5056 714 5108 εἰσι
780 5052 916 5118 θεοὶ,
981 5048 1172 5112 καθὼς
1224 5048 1481 5115 ἐνόμιζον
1534 5049 1635 5103 καὶ
1691 5048 1744 5103 οἱ
1793 5052 1973 5119 γονεῖς

395 5141 564 5197 αὐτοῦ
610 5144 709 5195 καὶ
754 5142 956 5202 πάντες
988 5140 1063 5192 σοί
1100 5137 1511 5208 εἰδωλολάτραι.
1554 5136 1665 5191 Καὶ
1694 5137 1778 5191 ὅτι
1814 5138 1912 5208 μὲν
1948 5139 1976 5190 6

338 5226 345 5235 ’
395 5235 529 5297 Θεὸς
566 5233 797 5304 ἐποίησε
835 5231 909 5285 τὰ
955 5231 1136 5286 πάντα
1177 5228 1318 5283 καλά
1360 5229 1515 5292 λίαν,
1573 5228 1669 5281 καὶ
1711 5227 1841 5293 ἄξια
1874 5227 1975 5297 τῆς

398 5326 568 5381 αὐτοῦ
602 5323 888 5395 ἐνεργείας
914 5362 933 5388 ,
972 5321 1049 5386 ὡς
1093 5321 1162 5375 ἂν
1187 5319 1300 5390 εδιὰ
1334 5322 1438 5391 τῆς
1492 5319 1732 5391 θεωρίας
1766 5321 1976 5374 τούτων

399 5420 712 5485 ἀνάγωνται
765 5415 971 5479 πάντες
1022 5413 1305 5480 ἄνθρωποι
1348 5414 1430 5476 είς
1479 5412 1838 5482 θεογνωσίαν,
1882 5415 1978 5466 καὶ

405 5486 772 5586 μεγαίὺνωσι,
804 5508 905 5563 καὶ
936 5506 1206 5573 δοξάζωσι
1247 5507 1339 5559 τὸν
1371 5506 1579 5560 τούτων
1614 5507 1850 5577 ποιητὴν
1882 5508 1978 5561 καὶ

396 5605 775 5677 δημιουργόν*
808 5602 969 5656 τοῦτο
1009 5600 1185 5665 οὕτως
1226 5600 1361 5669 ἔχει,
1408 5601 1504 5654 καὶ
1557 5601 1656 5653 οὐκ
1685 5600 1882 5661 ἄλλως.
1912 5599 1979 5653 οι

397 5698 443 5753 δ’
466 5698 743 5768 ἀνθρωττοι
783 5693 1244 5768 παρα-τραπέντες
1276 5692 1378 5761 τῆς
1411 5691 1648 5763 ἀληθοῦς
1678 5694 1773 5745 καὶ
1800 5692 1979 5768 ,ὀρθῆς

400 5767 678 5862 γνώσεως,
704 5790 802 5844 καὶ
832 5767 1068 5858 ἀφέντες
1096 5787 1429 5856 προσκυνεῖν
1461 5785 1558 5838 καὶ
1588 5767 1847 5839 σέϐεσθαι
1887 5785 1979 5837 τὸν

406 5883 635 5957 ποιητὴν
668 5882 777 5938 τῶν
816 5880 1037 5937 πάντων
1080 5877 1241 5944 Θεδν,
1268 5876 1507 5959 ⁵’μῶλον
1562 5876 1979 5948 προσεκύνησαν

2083 4679 2277 4750 igitur,
2326 4688 2387 4735 ut
2418 4678 2582 4732 modo
2611 4677 2820 4732 dictum
2872 4684 2979 4737 est,
3018 4684 3400 4730 creaturarum
3444 4664 3666 4746 elegan-

2077 4769 2232 4831 tiam,
2276 4768 2642 4822 admiratione
2685 4766 2886 4819 ductus
2907 4764 3196 4832 obstupuit
3216 4804 3232 4827 ,
3258 4774 3316 4819 et
3353 4764 3538 4818 animo
3561 4779 3663 4818 suo

2078 4861 2197 4917 ha'c
2244 4863 2469 4917 volvere
2517 4858 2688 4927 εαξρῆ
2736 4878 2748 4912 :
2798 4856 3155 4928 Nequaquam
3193 4857 3309 4912 haec
3354 4865 3660 4911 creatorem

2077 4954 2244 5008 alium
2270 4952 2504 5018 habent,
2528 4950 2624 5006 sed
2655 4951 2770 5006 haec
2799 4950 2915 5020 ipsa
2944 4949 3206 5003 nimirum
3231 4948 3306 5004 dii
3339 4958 3485 5003 sunt.
3518 4947 3574 5002 lu
3600 4967 3662 5004 ea

2068 5049 2226 5103 enim
2263 5045 2529 5116 opinione
2557 5052 2613 5096 et
2639 5054 2900 5114 parentes
2932 5043 3101 5107 illiue,
3125 5052 3180 5098 et
3208 5058 3400 5098 onmes
3434 5044 3663 5097 simula-

2077 5153 2298 5194 crorum
2329 5137 2574 5192 cultores
2624 5135 2977 5190 tenebantur.
3034 5135 3103 5189 Et
3152 5134 3283 5190 licet
3333 5135 3451 5190 hwc
3479 5134 3662 5189 omnia

2080 5230 2225 5285 Deus
2254 5228 2416 5284 valde
2442 5229 2588 5282 bona
2613 5228 2936 5291 creavisset,
2954 5235 3018 5281 et
3059 5242 3161 5282 suo
3199 5226 3361 5296 digna
3399 5227 3622 5297 opiiieio
3648 5267 3661 5291 ,

2081 5330 2142 5375 ut
2171 5322 2371 5376 horum
2402 5318 2868 5388 contemplatione
2901 5317 3151 5372 homines
3192 5318 3246 5371 in
3274 5317 3366 5371 Dei
3392 5318 3663 5387 cognitio-

2081 5429 2207 5468 nem
2252 5412 2716 5482 perducerentur,
2764 5410 3077 5479 horumque
3113 5418 3422 5464 creatorem
3447 5419 3501 5463 et
3546 5425 3664 5479 opt-
3702 5410 3707 5415 ’

2082 5505 2242 5560 iicem
2264 5504 2635 5568 celebrarent,
2660 5502 3030 5570 laudibusque
3060 5502 3333 5557 veherent
3363 5504 3507 5572 (qua:
3532 5517 3661 5557 sane
3764 5524 3773 5529 τ

2077 5600 2197 5653 sola
2220 5607 2278 5653 et
2322 5613 2429 5652 non
2460 5597 2567 5650 alia
2588 5597 2786 5650 horum
2819 5610 2985 5650 causa
3008 5592 3116 5666 est)
3144 5612 3159 5661 ;
3198 5597 3450 5650 homines
3481 5605 3660 5651 tantm

2082 5707 2112 5745 a
2151 5705 2282 5744 vera
2313 5699 2369 5743 et
2405 5697 2551 5742 recta
2601 5687 2919 5758 cognitione
2970 5685 3333 5751 aberrantes,
3364 5696 3421 5741 et
3462 5685 3665 5739 omissa

2083 5781 2349 5837 creatoris
2369 5782 2642 5847 omnium,
2671 5778 2765 5833 Dei
2796 5778 3030 5841 scilicet,
3062 5778 3278 5833 cultura
3299 5786 3356 5833 et
3378 5777 3662 5847 religione,

2085 5884 2392 5931 creaturam
2427 5875 2612 5946 potius
2641 5870 3040 5938 adoraveruut,
3064 5877 3121 5925 et
3159 5869 3301 5925 hanc
3339 5869 3464 5940 plus
3499 5882 3661 5942 quam
