4090 6458
440 439 561 524 ’ωε

1640 458 1961 519 JOANNIS
2001 459 2525 520 CANTACUZENI

3587 456 3696 523 536

453 576 762 629 creatorem
786 567 1097 625 coluerunt.
1133 567 1405 623 Abraham
1434 575 1616 622 autem
1654 557 1814 639 longe
1860 568 2021 622 aliam

2132 570 2230 639 τὴν
2289 570 2508 636 κτίσιν,
2576 568 2668 622 καὶ
2709 566 3090 640 ἐσεϐάσθησαν
3145 571 3351 637 ταύτην
3412 584 3561 638 παρα
3599 569 3693 624 τὸν

452 662 598 717 viam
649 661 931 732 ingressus
991 670 1098 716 est.
1142 660 1428 716 ‘Cordatus
1482 660 1629 715 enim
1672 661 2022 731 prudensqne

450 768 578 808 cum
645 750 860 808 videret
906 760 963 807 et
1016 751 1346 821 intelligeret
1402 750 1601 807 coelum
1634 750 1858 820 quidem
1910 766 2021 805 non

452 843 743 898 immotum
772 841 1092 907 consistere,
1122 838 1232 896 sed'
1250 842 1457 897 moveri
1486 842 1765 909 continue,
1799 841 2020 896 interim

454 947 589 988 vero
618 932 891 987 solaribus
920 931 1089 987 radiis
1110 946 1271 1003 egere
1291 972 1306 997 ,
1353 932 1446 1002 qui
1475 932 1580 986 hoc
1610 932 2026 999 contemplatio—

453 1023 542 1077 nis
573 1038 736 1079 causa
794 1021 1167 1078 illuminarent
1215 1038 1230 1074 :
1279 1031 1392 1076 tum
1447 1023 1613 1077 etiam
1657 1038 1838 1077 aerem
1894 1021 2025 1078 huic

418 1114 762 1185 ,suhjectum
801 1127 1054 1178 cernens,
1090 1121 1147 1167 et
1190 1113 1361 1168 solem
1396 1129 1542 1168 nunc
1578 1096 1801 1183 quidem
1857 1127 2022 1185 supra

453 1214 655 1260 terram
710 1204 914 1260 exoriri
940 1244 955 1268 ,
989 1219 1136 1259 nunc
1170 1219 1297 1259 vero
1325 1204 1427 1260 sub
1456 1205 1706 1260 eamdem
1738 1204 2022 1272 abscondi,

453 1311 511 1354 et
556 1299 702 1370 quod
736 1299 824 1353 hic
851 1297 1094 1353 nubibus
1122 1313 1390 1368 nusquam
1423 1298 1789 1368 pra‘sentibus
1821 1298 2022 1364 luceat,
2048 1325 2060 1335 ο

453 1390 562 1443 illis
617 1403 752 1444 vero
814 1387 1188 1443 incidentibus
1249 1388 1649 1445 obtenebretur
1695 1407 1711 1445 :
1762 1398 2023 1461 praeterea

448 1495 600 1534 mare
646 1480 824 1535 ventis
873 1480 1091 1549 agitari,
1122 1486 1179 1534 et
1219 1487 1422 1533 terram
1461 1480 1616 1549 aquis
1648 1479 1714 1534 ad
1744 1480 2022 1535 fructuum

448 1578 776 1640 proventum
818 1568 1065 1640 indigere
1096 1569 1470 1639 conspicatus,
1496 1570 1683 1625 omnia
1709 1568 2018 1628 damnavit.

445 1666 635 1726 utpote
685 1673 785 1729 per
822 1672 882 1713 se
933 1656 1080 1712 omni
1117 1658 1323 1713 virtute
1351 1666 1409 1713 et
1436 1657 1680 1728 potentia
1722 1657 2021 1722 destituta.

445 1761 678 1817 qumque
704 1753 894 1802 mutua
932 1761 1098 1817 opera
1143 1747 1462 1817 indigeant,
1498 1763 1602 1804 nec
1647 1748 1884 1818 aliquam
1923 1751 2024 1803 ha-

445 1854 568 1892 rum
617 1852 686 1893 ex
738 1839 1009 1892 creaturis
1056 1838 1225 1892 Deum
1287 1853 1409 1894 esse
1469 1839 1829 1895 existimavit.
1877 1840 2022 1894 Deus

445 1929 601 1984 enim
655 1929 863 1984 nullius
893 1943 1059 1999 opera
1097 1929 1321 2001 indiget.
1358 1930 1565 1985 Deinde
1596 1922 2017 2001 contemplatus,
2054 1904 2093 1959 Β

444 2034 517 2075 ne
549 2019 687 2075 forte
736 2019 878 2087 dumf
910 2019 1121 2075 nullum
1171 2036 1239 2075 ex
1276 2020 1506 2091 singulis
1561 2020 1712 2075 hisce
1743 2020 1837 2075 Dei
1894 2037 2021 2075 mu-

442 2126 551 2166 nus
605 2112 759 2167 obire
806 2112 1017 2180 possit,
1081 2110 1266 2166 omnia
1307 2102 1520 2180 pariter
1586 2092 1893 2181 conjuncta
1920 2112 2016 2166 Dei

444 2218 647 2259 nomen
713 2204 999 2259 obtineant
1035 2219 1049 2257 :
1082 2203 1276 2259 videns
1335 2211 1518 2258 autem
1589 2217 1808 2257 rursum
1864 2203 2018 2257 arida

442 2311 574 2351 cum
604 2295 850 2350 humidis
882 2310 1151 2367 pugnare.
1185 2294 1382 2365 frigida
1410 2309 1540 2350 vero
1565 2310 1690 2367 eum
1722 2294 1934 2361 calidis,
1964 2304 2022 2350 et

445 2388 588 2458 ignis
620 2362 910 2442 .virtutem
964 2362 1128 2457 aquis
1172 2362 1449 2457 opprimi,
1507 2362 1726 2441 ru'rsum
1778 2386 1923 2457 apud
1961 2401 2019 2441 se

446 2478 746 2535 meditatus
772 2486 877 2543 est,
908 2478 1083 2533 Deum
1111 2477 1218 2533 sibi
1268 2476 1371 2547 ipsi
1398 2477 1635 2532 divisum
1683 2484 1739 2532 et
1774 2492 2021 2547 pugnan-

448 2577 560 2624 tem
628 2582 816 2623 secum
853 2568 1026 2623 Deum
1060 2582 1179 2623 esse
1200 2583 1309 2624 non
1333 2582 1515 2638 posse.
1543 2566 1678 2623 llinc
1707 2582 1837 2622 vero
1870 2582 2023 2622 crea-

449 2659 985 2716 turarum'ordinem
1019 2668 1076 2714 et
1108 2659 1632 2729 contemplationem
1679 2658 1839 2729 longe
1880 2658 2022 2727 optiu

449 2766 595 2807 mam
642 2752 1046 2822 contemplatus
1081 2793 1097 2818 ,
1156 2750 1412 2805 dubitare
1473 2750 1617 2821 apud
1662 2749 2018 2819 semetipsqu

360 2878 363 2881 -
445 2846 636 2915 coepit,
662 2859 787 2901 esse
818 2844 1080 2899 nimirum
1112 2844 1376 2898 virtutem
1408 2841 1725 2911 quamdam,
1755 2856 1879 2909 quae
1899 2856 2017 2895 om-

444 2939 553 2993 nia‘
585 2938 728 2994 intra
754 2952 812 2992 se
843 2935 1128 2993 contineat
1155 2942 1210 2989 et
1237 2933 1528 3005 gubernet.
1560 2933 1626 2987 Et
1677 2947 1801 2987 cum
1828 2947 2035 2987 omnes

446 3030 701 3085 homines
748 3030 921 3084 Deum
950 3042 1074 3082 esse
1102 3026 1492 3091 conﬁteantur,
1523 3024 1726 3095 singuli
1757 3038 1890 3079 vero
1921 3038 2019 3093 pro
2050 3056 2055 3063 ι

445 3137 549 3177 suo
576 3122 807 3177 arbitrio
835 3129 890 3174 et
924 3120 1206 3175 voluntate
1250 3117 1418 3172 alium
1464 3118 1745 3187 aliumque
1790 3118 2019 3173 conﬁte-

2128 660 2413 716 κτίσαντα.
2458 660 2601 713 Ἀλλ’
2631 661 2660 713 6
2703 659 2956 730 ’Λϐραὰμ
3007 659 3107 729 οὐχ
3155 657 3353 723 οὕτως,
3399 658 3695 728 ὑλλ⁹ἀγχί-

2124 769 2251 815 νους
2287 751 2383 817 ὢν,
2419 753 2516 806 καὶ
2554 752 2676 806 ίδὼν
2725 753 2820 821 καὶ
2852 753 3199 824 κατανοήσας
3236 752 3319 806 δτι
3352 752 3380 805 6
3408 751 3508 822 μὲν
3534 751 3696 822 οὐρα-

2126 844 2215 901 νὸς
2245 844 2344 914 οὐχ
2375 844 2612 910 ἵσταται,
2652 844 2788 900 ἀλλὰ
2821 838 3037 915 κίνησιν
3080 843 3192 914 ἔχει
3221 842 3603 913 διηνεκῆ,“ἔχει
3634 842 3692 896 δὲ

2124 936 2218 989 καὶ
2250 936 2442 1006 χρείαν
2498 936 2724 1006 ἡλιακοῦ
2774 936 2951 1005 φωτὸς
2979 974 2995 998 ,
3045 934 3369 1004 φωτίζοντος
3427 934 3589 987 αὐτόν
3633 951 3693 988 τε

2125 1026 2359 1095 θεωρίας
2390 1026 2597 1092 ἕνεκεν,
2629 1028 2723 1080 καὶ
2753 1027 2844 1080 τὸν
2899 1026 2993 1080 ὑπ’
3018 1027 3180 1079 αὐτὸν
3211 1027 3370 1094 ἀέρα,
3400 1026 3428 1078 6
3456 1026 3513 1078 δὲ
3542 1024 3693 1096 ἣλιος

2129 1117 2256 1173 ποτὲ
2294 1119 2395 1187 μὲν
2425 1117 2567 1188 ὑπὲρ
2597 1119 2699 1189 γῆν
2745 1117 3159 1189 εὑρισκόμενος,
3200 1116 3331 1172 ποτὶ
3377 1116 3434 1170 δὲ
3473 1115 3540 1174 αὖ
3589 1116 3695 1169 ὑπὸ

2124 1211 2229 1279 γῆν
2262 1212 2663 1279 κρυπτόμενος,
2693 1210 2787 1263 καὶ
2808 1210 2891 1263 δτι
2918 1209 2993 1278 μὴ
3021 1209 3190 1261 ὄντων
3227 1207 3466 1279 νεφελῶν
3492 1207 3693 1276 φαίνει,

2125 1299 2529 1370 εὑρισκομένων
2582 1300 2629 1353 δ’
2661 1295 2819 1363 αὖθις
2863 1299 3221 1363 σκοτίζεταιν
3267 1299 3361 1352 καὶ
3400 1298 3444 1369 ,ἡ
3498 1297 3693 1368 σελήνη

2124 1389 2221 1443 καὶ
2257 1391 2306 1444 oi
2359 1390 2589 1461 ἀστέρες
2642 1391 2718 1462 μὴ
2776 1390 2931 1455 ὄντος
2980 1389 3134 1460 ἡλίου
3181 1389 3502 1457 φαίνουσιν,
3543 1389 3693 1451 ὄντος

2124 1480 2181 1534 δὲ
2228 1480 2422 1535 ἀὐτοῦ
2474 1483 2782 1547 σκοτίζεται
2851 1483 2945 1537 καὶ
3000 1481 3321 1550 ἀφανίζεται
3368 1482 3428 1534 τὸ
3471 1480 3694 1534 ἐκείνων

2126 1574 2243 1642 φῶς
2289 1574 2383 1628 καὶ
2431 1576 2466 1646 ἡ
2515 1575 2739 1646 Θεωρία,
2803 1578 2897 1629 καὶ
2928 1577 2964 1647 ἡ
3012 1575 3259 1629 θάλασσα
3310 1573 3693 1645 ἑμπαιζομένη

2126 1665 2232 1719 ὑπὸ
2266 1666 2375 1719 τῶν
2404 1666 2643 1736 ἀνέμων,
2679 1668 2712 1737 ἡ
2748 1666 2818 1736 γῆ
2848 1666 2905 1720 δὲ
2951 1668 3227 1739 χρῄζουσα
3262 1666 3452 1729 ὓδατος
3492 1667 3695 1736 είςῖτὴν

2124 1755 2237 1808 τῶν
2280 1755 2503 1824 καρπῶν
2541 1758 2815 1827 γέννησιν,
2848 1757 3097 1826 κατέγνω
3123 1758 3359 1823 πάντων,
3390 1757 3466 1822 ὡς
3509 1758 3691 1812 αὐτῶν

2127 1842 2249 1896 καθ’
2303 1842 2442 1896 αὖτὰ
2487 1842 2657 1896 ὄντων
2699 1841 3013 1909 ἀδυνάτων,
3064 1846 3159 1897 καὶ
3218 1845 3407 1915 χρείαν
3460 1844 3696 1914 ἐχόντων

2126 1934 2262 2005 πρὸς
2294 1934 2523 2005 ἄλληλα,
2584 1935 2679 1988 καὶ
2736 1935 2838 1988 οὐκ
2869 1932 3126 2003 ἐλογίσθη
3162 1932 3303 1989 εἷναι
3352 1934 3460 1989 ἀπὸ
3490 1935 3696 1988 τούτων

2121 2026 2254 2079 Θεὸν
2283 2026 2456 2081 οὐδέν.
2485 2025 2617 2089 Θεὸς
2662 2026 2770 2095 γάρ
2819 2043 2966 2082 τινος
2995 2027 3184 2097 χρείαν
3222 2026 3323 2080 οὐκ
3366 2025 3497 2097 ἔχει.
3529 2028 3694 2083 Πάλιν

2120 2118 2179 2172 δὲ
2208 2118 2554 2187 σκεψάμενος
2622 2117 2698 2186 μή
2753 2134 2883 2171 ποτε
2931 2117 2990 2171 ἓν
3044 2116 3276 2171 ἕκαστον
3332 2117 3441 2172 ἀπὸ
3488 2118 3694 2182 τούτων

2121 2209 2401 2268 ἀδυνάτως
2459 2207 2593 2277 ἔχει,
2651 2206 2792 2261 ὥστε
2839 2202 2981 2260 εἶναι
3018 2207 3338 2277 μονομερῶς
3373 2208 3525 2273 Θεὸν,
3558 2207 3696 2260 ἀλλά

2122 2299 2302 2353 πάντα
2328 2299 2485 2370 ὁμοῦ,
2525 2300 2620 2353 καὶ
2663 2298 2787 2352 ίδὼν
2839 2300 2921 2353 δτι
2971 2297 3033 2352 τὸ
3063 2300 3162 2369 μὲν
3200 2298 3362 2369 ξηρὸν
3390 2298 3695 2352 ἀντίκειται

2119 2392 2198 2461 τῷ
2225 2392 2400 2463 ὑγρῷ,
2425 2391 2502 2462 τῷ
2534 2392 2590 2446 δὲ
2610 2391 2806 2462 ψυχρῷ
2851 2392 2914 2445 τὸ
2957 2390 3182 2461 θερμὸν,
3218 2391 3312 2444 καὶ
3347 2390 3423 2453 ὡς
3462 2390 3520 2442 τὸ
3551 2390 3693 2458 ὕδωρ

2121 2485 2243 2538 ἐστὶ
2273 2485 2597 2553 φθοροποιὸν
2634 2483 2728 2536 τοῦ
2777 2483 2970 2553 πυρὸς,
3011 2481 3229 2552 ἔκρινεν
3260 2483 3316 2534 ὲν
3357 2479 3555 2550 ἐαυτῷ,
3597 2480 3695 2533 καὶ

2120 2572 2273 2629 εἴπεν
2302 2575 2383 2628 ὅτι
2423 2573 2556 2636 Θεὸς
2608 2573 2917 2639 στασιάζων
2964 2573 3101 2641 πρὸς
3153 2571 3344 2627 ἑαυτὸν
3379 2571 3473 2625 καὶ
3527 2573 3693 2641 μαχό-

2127 2683 2291 2736 μενος
2348 2664 2450 2718 οὐκ
2492 2663 2608 2718 ἐστι
2646 2665 2801 2727 Θεός.
2852 2663 3166 2718 Κάντεῦθεν
3212 2663 3547 2731 θεασάμενος
3591 2662 3691 2730 τὴν

2121 2761 2218 2827 τῆς
2251 2756 2484 2819 κτίσεως
2530 2756 2785 2821 εὐταξίαν
2844 2757 2937 2808 καὶ
2984 2756 3361 2817 κατάστασιν,
3414 2752 3690 2821 διαπορῶν

2119 2844 2186 2920 ἦν
2214 2848 2336 2901 καθ’
2369 2848 2581 2914 ἑαυτὸν,
2609 2847 2685 2908 ὡς
2724 2846 2841 2899 εστι
2871 2864 2956 2906 τις
3001 2845 3256 2914 δύναμις,
3302 2847 3335 2915 ἠ
3392 2844 3688 2914 συνέχουσα

2120 2939 2215 2993 καὶ
2247 2936 2571 3007 κυϐερνῶσα
2597 2937 2658 2988 τὸ
2702 2938 2832 2989 πᾶν.
2868 2936 2976 2988 Καὶ
3009 2935 3132 2987 ἐπεὶ
3168 2935 3371 2998 πάντες
3413 2934 3688 3001 ἄνθρωποι

2118 3025 2474 3097 ὁμολογοῦσιν
2500 3022 2643 3079 εἶναι
2675 3024 2829 3089 Θεὸν,
2860 3025 3090 3103 ἕκαστος
3120 3024 3177 3077 δὲ
3207 3025 3462 3095 ὁμολογεῖ
3506 3025 3688 3077 ὅντινα

2123 3120 2373 3188 βούλεται
2427 3117 2521 3171 καὶ
2577 3117 2950 3184 προαιρεῖται,
3003 3115 3182 3168 ἔοικεν
3211 3116 3293 3167 ὃτι
3322 3116 3521 3177 πάντες
3554 3113 3691 3166 πλα-

444 3222 630 3280 antur,
657 3212 894 3283 coniecit
918 3210 1049 3264 hinc
1083 3224 1275 3265 omnes
1326 3224 1517 3265 errare
1558 3219 1614 3264 et
1641 3209 1881 3265 mentiri.
1910 3209 2016 3265 Re-

2121 3210 2317 3264 νῶνται
2359 3212 2451 3264 καὶ
2487 3210 2794 3278 ψεύδονται.
2839 3196 3265 3275 Λείπεται’γοῢν
3297 3207 3379 3260 δτι
3409 3207 3509 3259 οὐκ
3543 3204 3690 3258 ἔστιν

442 3312 553 3361 stat
577 3304 761 3373 itaque
790 3300 938 3373 quod
961 3317 1070 3356 non
1102 3300 1175 3356 sit
1202 3300 1344 3355 alius
1362 3300 1507 3354 Deus
1530 3299 1891 3372 verus,'quam
1921 3300 2015 3369 qui

442 3398 627 3453 omnia
661 3395 950 3460 condidit,
1004 3409 1126 3464 qua:
1180 3407 1317 3447 sane
1370 3392 1445 3447 illi
1498 3392 1783 3456 serviunt,
1816 3392 2018 3460 illaque

442 3488 557 3558 agit
582 3496 640 3542 et
692 3495 897 3550 movet,
928 3486 1279 3555 disponitque
1313 3500 1414 3554 pro
1447 3498 1562 3539 suae
1593 3483 1897 3538 voluntatis
1934 3497 2020 3536 ar»

443 3579 638 3635 bitrio.
671 3577 828 3634 Hunc
853 3577 1037 3647 itaque
1065 3577 1238 3631 Deum
1270 3576 1385 3645 ipse
1414 3575 1603 3629 adoro.
1635 3574 1701 3629 Et
1725 3574 1777 3628 in
1815 3583 2016 3628 terram

444 3670 737 3740 prolapsus
759 3667 1056 3731 Abraham,
1091 3667 1262 3721 Deum
1305 3666 1485 3721 solum
1549 3678 1850 3735 verumque
1886 3664 2019 3718 ado-

451 3762 612 3817 ravit.
643 3761 790 3816 Deus
837 3765 1017 3815 autem
1064 3757 1523 3828 benignissimus,
1555 3756 1646 3825 qui
1684 3770 1781 3824 per
1825 3755 2014 3810 Isaiam

446 3853 771 3924 prophetam
794 3851 951 3916 dicit,
982 3868 1000 3902 ι
1024 3849 1219 3905 Adhuc
1240 3847 1499 3917 loquente
1524 3854 1598 3909 te,
1622 3860 1723 3916 ego
1738 3846 1964 3899 adsum:
1992 3861 2011 3893 ι

447 3947 501 4002 id
530 3954 638 4011 est,
688 3944 1009 4016 priusquam
1057 3950 1204 3996 tuam
1237 3940 1306 3995 ad
1340 3954 1428 3996 me
1471 3948 1675 3995 rectam
1701 3939 2015 4008 iustamque

445 4035 769 4106 petitionem
800 4030 1104 4087 absolveris
1132 4072 1147 4096 ,
1201 4030 1301 4084 tibi
1341 4029 1531 4084 adsum
1562 4045 1595 4099 ,ι
1633 4027 1818 4081 statim
1849 4025 2016 4079 etiam

446 4124 692 4194 suscepit
752 4121 1051 4176 Ahrahami
1104 4120 1503 4175 adorationem
1562 4118 2016 4187 ﬁdemque,qut’e

442 4219 523 4273 illi
554 4218 622 4273 ad
650 4215 924 4287 justitiam
966 4220 1212 4283 repntata
1245 4221 1329 4267 est
1368 4226 1481 4281 pra:
1510 4208 1726 4265 caeteris
1759 4206 2017 4263 omnibus

444 4310 765 4372 \irtutibus,
802 4316 858 4362 et
890 4307 943 4362 in
972 4319 1262 4361 numerum
1294 4303 1601 4357 amicorum
1631 4301 1726 4356 Dei
1761 4306 2016 4368 receptus

442 4411 549 4457 est.
579 4401 694 4455 Nos
720 4398 868 4454 enim
888 4412 1078 4453 omnes
1101 4395 1408 4466 indigemus
1431 4392 1838 4462 Scripturarum
1860 4390 2017 4445 auxi-

443 4493 540 4558 lio,
574 4501 802 4562 propter
824 4487 1199 4544 inﬁrmitatem
1222 4497 1466 4555 nostram
1494 4502 1510 4540 :
1533 4487 1716 4555 justus
1744 4495 1875 4537 vero
1902 4482 2015 4536 Noe

442 4586 501 4635 et
533 4576 807 4637 Abraham
832 4615 848 4641 ,
881 4584 938 4629 et
984 4572 1078 4642 qui
1127 4574 1345 4627 illorum
1389 4580 1632 4641 tempore
1664 4571 1971 4627 ﬂoruerunt
1995 4612 2011 4635 ,

445 4678 581 4738 pura
613 4677 796 4723 mente
828 4666 1064 4736 prrediti,
1093 4664 1392 4734 Scripturis
1421 4680 1528 4719 non
1560 4663 1896 4735 indigebant,
1920 4662 2014 4717 sed

446 4759 562 4812 brcc
611 4757 665 4811 in
702 4756 945 4826 ipsorum
995 4753 1258 4808 cordibus
1316 4753 1574 4824 inscripta
1612 4764 1668 4809 et
1696 4754 2015 4809 adumbrata

446 4853 595 4901 sunt.
628 4846 784 4900 T-unc
815 4844 981 4912 igitur
1031 4841 1168 4896 dixit
1203 4842 1281 4896 illi
1312 4842 1458 4897 Deus
1508 4860 1522 4897 :
1579 4861 1597 4894 ι
1631 4843 1749 4897 Non
1781 4843 2017 4912 amplius

445 4937 737 4994 vocabitur
777 4949 976 4989 nomen
1021 4941 1173 4988 tuum
1221 4935 1420 4989 Abram
1442 4974 1456 4998 ,
1487 4935 1579 4989 sed
1610 4934 1920 4999 Abraham,
1949 4949 2016 4988 eo

445 5030 591 5097 quod
647 5036 859 5098 patrem
916 5024 1211 5079 multarum
1268 5025 1508 5095 gentium
1549 5023 1651 5078 ieci
1700 5033 1775 5079 te.
1815 5043 1832 5075 ι
1861 5024 2019 5078 Tunc

444 5119 613 5172 etiam
652 5115 1046 5188 promissiones
1076 5115 1153 5169 illi
1198 5116 1350 5169 dedit
1385 5116 1565 5181 Deus,
1618 5116 1807 5169 dicens
1848 5133 1861 5168 :
1902 5133 1921 5166 ι
1957 5115 2017 5168 in

446 5211 660 5266 semine
700 5219 795 5268 tuo
829 5209 1227 5265 benedicentur
1255 5224 1449 5263 onmes
1496 5215 1704 5278 gentes.
1742 5227 1760 5260 ›
1796 5209 1863 5265 Ει
1890 5217 2017 5262 tunc

449 5303 695 5357 ostendit
721 5301 863 5355 Deus
897 5311 1099 5358 terram
1120 5300 1350 5355 Abrahae
1373 5300 1561 5356 dicens
1587 5317 1601 5353 :
1644 5318 1663 5350 ι
1700 5298 1821 5354 Tibi
1845 5307 1903 5353 et
1934 5313 2020 5352 se.-

448 5389 582 5444 tnini
635 5401 731 5445 tuo
783 5389 924 5443 dabo
974 5404 1119 5444 eam.
1159 5410 1177 5442 ι
1214 5389 1372 5450 Unde
1430 5389 1705 5443 Abraham
1764 5388 2017 5445 libertate

448 5494 665 5551 sump'a
687 5523 702 5548 ,
759 5498 857 5552 pro
892 5482 1147 5538 Sodomis
1180 5482 1324 5553 apud
1374 5483 1542 5537 Deum
1592 5481 1926 5543 intercessit,
1960 5490 2019 5534 ut

449 5575 707 5644 superius
732 5590 759 5627 a
789 5575 946 5628 nobis
974 5572 1190 5629 dictum
1238 5585 1342 5629 est.
1378 5576 1672 5643 Postquam
1713 5589 1845 5628 vero
1873 5573 2017 5644 judi-

447 5666 550 5724 ciis
582 5665 676 5719 Dei
711 5666 811 5735 ipsi
848 5666 947 5719 soli
985 5666 1128 5720 notis
1153 5665 1297 5733 (quis
1328 5666 1474 5719 enim
1520 5666 1614 5719 Dei
1655 5675 1892 5719 mentem
1924 5680 2018 5717 co-

448 5755 712 5833 gnovit?)
767 5756 819 5808 in
871 5756 1162 5828 .Egyptutn
1209 5754 1369 5827 paulo
1424 5766 1546 5826 post
1601 5757 2017 5810 transmittenda

445 5859 560 5911 triti
608 5846 842 5907 Abralne
897 5852 1224 5919 posteritas,
1293 5863 1347 5905 ut
1418 5852 1526 5904 illic
1574 5855 1733 5904 annis
1775 5852 2028 5904 merent.

2049 4544 2090 4599 Ι)

2120 3304 2307 3373 ἕτερος
2339 3302 2474 3364 Θεὸς
2522 3301 2726 3370 ἀληθὴς
2774 3300 2808 3370 ἢ
2845 3300 2874 3352 6
2903 3300 3136 3369 ποιήσας
3182 3298 3251 3351 τὰ
3315 3299 3514 3360 πάντα,
3544 3298 3699 3366 ᾇπερ.

2120 3392 2230 3445 εἰσι
2255 3391 2417 3445 δοῦλα
2447 3391 2680 3460 ἐκείνου,
2710 3393 2806 3445 καὶ
2843 3392 2968 3459 ἄγει
2995 3390 3088 3443 καὶ
3130 3389 3286 3460 φέρει
3321 3391 3414 3442 καὶ
3437 3388 3690 3441 εὐτακτεί

2116 3484 2193 3547 ῶς
2233 3483 2503 3554 βούλεται.
2535 3483 2739 3538 Τοῦτον
2773 3483 2868 3538 οὖν
2918 3484 3010 3536 τὸν
3046 3482 3179 3535 Θεὸν
3230 3481 3340 3549 ἐγὼ
3372 3482 3684 3552 προσκυνῶ.

2119 3575 2231 3629 Καὶ
2269 3574 2454 3627 πεσὼν
2504 3574 2599 3627 ἐπὶ
2628 3574 2729 3643 τῆς
2762 3574 2869 3641 γῆς
2913 3572 3170 3643 ’Δϐραὰμ
3201 3570 3578 3641 προσεκύνησε
3610 3569 3688 3638 τῷ

2120 3670 2265 3740 μόνῳ
2284 3670 2379 3723 καὶ
2401 3667 2597 3737 ἀληθεῖ
2618 3667 2764 3736 Θεῷ.
2801 3667 2863 3717 '0
2897 3666 2955 3720 δὲ
2993 3665 3309 3731 πανάγαθος
3347 3664 3503 3727 Θεὸς,
3538 3664 3566 3715 6
3597 3661 3688 3716 διὰ

2118 3761 2208 3816 τοῦ
2234 3765 2513 3834 προφήτου
2528 3761 2749 3815 Ἡσαΐου
2776 3759 2965 3826 εἰπὼν,
2991 3760 3073 3812 ὅτι
3097 3776 3115 3811 ι
3131 3758 3254 3812 Ἔτι
3276 3755 3559 3816 λαλοῦντός
3584 3769 3686 3839 ’σου

2119 3853 2232 3921 ἐγὼ
2266 3853 2542 3922 πάρειμι,
2582 3869 2602 3903 ι
2638 3851 2914 3904 τουτέστιν
2959 3852 3097 3920 Πρὶν
3144 3851 3177 3918 ἢ
3241 3847 3540 3919 πληρώσῃς
3586 3847 3687 3915 τὴν

2117 3941 2256 4011 πρὸς
2290 3939 2391 4008 ὲμὲ
2443 3954 2535 3989 σου
2568 3935 2738 4007 ὀρθὴν
2784 3936 2881 3990 καὶ
2906 3936 3120 3990 δικαίαν
3149 3937 3386 4003 σίτησιν,
3435 3935 3682 4004 πάρειμι,

2120 4030 2282 4092 αὐτὸς
2344 4026 2626 4098 παρευθὺς
2669 4025 2887 4091 ἐδέξατο
2938 4025 3037 4097 τὴν
3087 4025 3182 4079 τοῦ
3222 4022 3473 4093 Ἀϐραὰμ
3518 4036 3685 4087 προσ-

2118 4118 2345 4191 κύνησιν
2377 4136 2436 4172 τε
2468 4118 2561 4171 καὶ
2583 4116 2788 4170 πίστιν.
2833 4115 3122 4185 Ἐλογίσθη
3164 4113 3344 4167 τοίνυν
3372 4109 3521 4181 αὐτῷ
3549 4109 3683 4178 αὕτη

2118 4212 2198 4276 είς
2245 4207 2596 4279 δικαιοσύνην
2646 4209 2767 4262 ἀντὶ
2824 4208 3018 4261 πασῶν
3078 4205 3329 4277 ἀρετῶν,
3386 4203 3481 4255 καὶ
3534 4201 3685 4270 φίλος

2116 4302 2253 4357 Θεοῦ
2304 4302 2556 4370 ὲγένετω
2607 4300 2765 4372 ἡμεῖς
2820 4301 2931 4370 γὰρ
2992 4298 3195 4359 πάντες
3238 4292 3687 4372 ’χρῄζομεν-τῆς

2115 4394 2225 4447 ἀπὸ
2246 4366 2357 4445 τῶν
2383 4366 2910 4464 Γραφῶν-θοηθείας
2944 4391 3032 4443 διὰ
3062 4388 3159 4458 τὴν
3190 4370 3477 4442 ἀσθένειαν
3503 4366 3682 4455 ἡμῶν.

2131 4484 2192 4537 Ὀ
2240 4482 2298 4536 δὲ
2340 4483 2546 4545 δίκαιος
2578 4481 2702 4535 Νῶε
2735 4482 2827 4537 καί.
2879 4478 3159 4548 Ἀϐραὰμ,
3193 4479 3289 4530 καί⁸
3314 4478 3361 4529 oi
3389 4477 3510 4529 κατ’
3534 4475 3682 4527 ἐκεί.

2120 4592 2247 4638 νους
2300 4574 2549 4645 καθαρὰν
2595 4575 2812 4645 ἔχοντες
2877 4572 2976 4641 τὴν
3027 4567 3301 4639 καρδίαν’,
3356 4568 3418 4621 οὐ
3475 4556 3691 4621 δέονταί

2118 4667 2480 4738 γραμμάτων,
2515 4665 2630 4721 ἀλλ’
2653 4667 2712 4718 ὲν
2743 4666 2865 4727 ταῖς
2889 4662 3089 4732 καρδία
3116 4679 3143 4723 ς
3178 4660 3355 4714 αὐτῶν
3384 4659 3686 4729 γράφονται

2118 4757 2210 4808 καὶ
2239 4753 2617 4824 ὲντυποῦμται.
2671 4751 2807 4805 Τότε
2857 4750 2991 4818 γοῦν
3040 4745 3194 4803 εἶπεν
3248 4747 3397 4817 αὐτῷ
3455 4749 3483 4801 6
3530 4745 3683 4809 Θείς,

2123 4865 2142 4899 ι
2181 4845 2379 4899 Οὐκέτι
2435 4843 2768 4913 κληθήσεται
2800 4841 2861 4893 τὸ
2892 4839 3067 4910 ὄνομα
3111 4856 3205 4893 σου
3260 4840 3502 4910 Ἄϐραμ,
3552 4835 3687 4891 ἀλλὰ

2128 4934 2408 5007 Ἀϐραὰμ,
2444 4936 2580 4990 διότι
2619 4933 2833 5001 πατέρα
2867 4930 3077 4983 πολλῶν
3117 4929 3290 4983 ἐθνῶν
3318 4928 3538 4982 τέθεικά
3567 4918 3680 4980 σεξ»

2120 5029 2255 5082 Τότε
2286 5028 2521 5081 δέδωκεν
2576 5023 2728 5094 αὒτῷ
2774 5024 2801 5074 ὁ
2836 5023 2981 5085 ,Θεὸς
3032 5020 3130 5075 καὶ
3175 5019 3276 5083 τὰς
3330 5018 3683 5087 ἐπαγγελίας,

2119 5118 2289 5173 εἰπὼν
2318 5119 2398 5172 ὅτι
2423 5136 2441 5169 ι
2493 5117 2580 5168 Ἑν
2614 5112 2689 5182 τῷ
2723 5110 3002 5181 σπέρματί
3044 5128 3138 5164 σου
3172 5110 3686 5180 ὲνευλογηοήσονται

2120 5213 2295 5265 πάντα
2323 5209 2390 5263 τὰ
2430 5207 2579 5278 ἔθνη.
2613 5224 2631 5257 ι
2659 5205 2794 5258 Τότε
2840 5203 3039 5266 ἔδειξεν
3087 5205 3116 5256 6
3163 5204 3294 5266 Θεὸς
3323 5203 3399 5274 τῷ
3436 5202 3686 5272 Ἀϐραὰμ

2119 5304 2300 5355 πᾶσαν
2358 5300 2458 5370 τὴν
2511 5299 2655 5368 γῆν,
2690 5297 2785 5350 καὶ
2836 5292 2991 5350 εἶπεν
3050 5295 3225 5367 αὐτῷ,
3256 5314 3275 5347 ι
3308 5297 3399 5348 Σοὶ
3452 5299 3544 5348 και
3608 5312 3685 5361 τῳ

2121 5392 2397 5462 σπέρμκτί
2446 5407 2540 5443 σου
2609 5388 2767 5443 δώσω
2817 5388 3022 5459 αὐτήν·
3088 5406 3106 5439 ι
3167 5385 3462 5442 κάντεῦθεν
3509 5384 3684 5439 λαϐὼν

2127 5486 2446 5559 παρρησίαν
2482 5487 2511 5538 6
2552 5483 2827 5555 ’Λϐραὰμ,
2861 5482 3202 5552 παρεκάλεσε
3242 5480 3335 5535 τὸν
3372 5481 3505 5534 Θεὸν
3554 5479 3687 5547 περὶ

2117 5581 2228 5633 τῶν
2285 5578 2534 5647 Σοδόμων
2558 5616 2572 5640 ,
2619 5576 2802 5637 καθὼς
2854 5574 3166 5644 ἔμπροσθεν
3199 5574 3506 5642 φθάσαντες
3535 5570 3686 5624 εἴπο-

2122 5685 2243 5739 μεν.
2287 5666 2440 5719 Ἐπεὶ
2473 5665 2530 5719 δὲ
2562 5665 2828 5735 κρίμασιν
2862 5659 2945 5722 οἷς
2979 5659 3089 5716 οἶδε
3111 5662 3265 5726 Θεὸς,
3298 5663 3381 5725 τίς
3407 5662 3515 5732 γὰρ
3544 5661 3685 5726 ἔγνω

2120 5759 2245 5812 νοῦν
2282 5757 2493 5828 Κυρίου
2520 5796 2534 5821 ,
2577 5758 2657 5810 ὃτι
2702 5757 2986 5825 μετολίγον
3028 5755 3402 5824 ἀποσταλῆναι
3432 5752 3682 5824 μέλλουσι

2094 5853 2183 5904 ’τὰ
2230 5849 2319 5903 τοῦ
2367 5849 2622 5919 Ἀϐραὰμ
2679 5848 2921 5917 ἀπόγονοι
2978 5848 3056 5910 εἰς
3110 5844 3206 5917 τὴν
3258 5848 3565 5915 Αἴγυπτον,
3607 5842 3682 5910 ὡς
