4090 6450
1780 304 1924 326 ,ον-ας,
2004 297 2038 312 ὀ
2063 297 2183 322 εἰσιν.

504 418 606 487 837

1431 426 1737 488 CONTRA
1774 425 2694 495 MAHDMETEM'APOLOGIA
2739 433 2842 520 iV.

3663 408 3669 415 ’
3690 438 3799 505 538

503 534 570 591 ἃν
628 534 807 589 ἐκεῖσε
856 533 1220 592 διαϐιϐάσωσι
1277 538 1509 611 χρόνους
1564 544 1961 613 τετρακοσίους
2004 544 2097 597 καὶ

2205 541 2632 615 quadringentis
2663 554 2720 620 et
2740 544 2963 617 triginta
2993 548 3096 615 (sic
3121 524 3269 603 enim
3294 547 3466 604 Deum
3487 549 3591 619 ipsi
3620 549 3796 607 Abra-

502 628 833 700 τριάκοντα,
896 631 995 686 καὶ
1051 632 1161 701 γὰρ
1227 632 1399 699 οὕτως
1449 635 1676 708 εἴρηκεν
1741 637 1771 691 6
1834 638 1970 702 Θεὸς
2014 637 2094 708 τῷ

514 719 793 794 Ἀϐραὰμ,
824 723 906 777 ὅτι
928 743 963 786 ,ι
1006 726 1206 779 Ἔσται
1253 728 1316 781 τὸ
1347 729 1575 800 σπέρμα
1604 747 1700 785 σου
1743 732 1803 785 ἐν
1834 734 1906 804 γῇ
1937 725 2094 785 ἀλλο·

501 815 651 885 τρία,
707 815 770 867 τὸ
825 815 882 868 δὲ
928 815 1104 881 ἔθνος,
1153 818 1183 873 ὃ
1235 821 1333 873 ἐὰν
1381 821 1626 894 δουλὼσῃ
1659 825 1881 890 αὐτοὺς,
1915 823 2088 896 κρινῶ

502 903 635 970 ἐγὼ,
684 923 703 957 ι
732 903 760 957 ὅ
793 907 885 959 καὶ
912 907 1139 976 γέγονεν
1168 911 1260 964 ἐπὶ
1290 912 1386 966 τοῦ
1435 914 1663 984 Φαραὼ,
1710 918 1807 970 καὶ
1849 916 1941 970 διὰ
1994 917 2095 988 τὴν

508 997 866 1070 πολυχρόνιον
929 1000 1382 1075 διατριϐὴντῶν
1459 1007 1734 1080 Ἐϐραίων
1796 1011 1935 1079 μετὰ
1987 1012 2095 1065 τῶν

503 1089 891 1159 Φαραωνιτῶν,
927 1091 1003 1162 μή
1038 1109 1171 1146 ποτε
1202 1093 1503 1160 ἐνωθὲντες
1536 1097 1755 1167 μάθωσι
1786 1099 1857 1152 τὰ
1886 1100 2095 1154 τούτων

504 1177 670 1248 ἔθιμα
703 1180 797 1233 καὶ
827 1181 927 1252 τὴν
956 1182 1404 1259 είδωλολατρείαν
1432 1203 1448 1221 ο
1482 1189 1686 1261 ἐτάχθη
1726 1192 1760 1261 ἡ
1800 1194 2095 1265 περιτομὴ,

506 1269 583 1335 ὥς
625 1290 679 1326 τι
712 1277 945 1343 σημεῖον
988 1278 1085 1330 καὶ
1121 1279 1417 1351 σύμϐολον,
1453 1283 1702 1353 διαιροῦν
1750 1286 1847 1339 καὶ
1891 1286 2096 1358 διαχω-

510 1364 658 1435 ρίζον
691 1369 822 1431 τοὺς
862 1368 1153 1440 Ἐϐραίους
1197 1373 1305 1429 ἀπὸ
1364 1377 1474 1430 τῶν
1529 1378 1871 1446 Αἰγυπτίων,
1909 1382 1989 1443 εἰς
2039 1380 2098 1434 τὺ

510 1455 587 1525 μὴ
620 1454 988 1529 συνέρχεσθαι
1028 1463 1253 1529 τούτους
1315 1465 1397 1529 είς
1444 1467 1626 1537 γάμου
1659 1471 1953 1524 κοινωνίαν
2001 1471 2098 1523 καὶ

506 1546 722 1612 ἕνωσιν,
756 1552 818 1604 τὸ
850 1553 949 1623 μὲν
1000 1555 1089 1610 διὰ
1130 1557 1229 1630 τὴν
1270 1558 1471 1626 αἰτίαν,
1503 1560 1572 1630 ἣν
1606 1562 1918 1630 φθάσαντες
1947 1564 2100 1617 eim-

509 1657 631 1709 μεν,
670 1642 731 1694 τὸ
759 1642 805 1695 δ’
846 1645 935 1699 ἵνα
977 1649 1070 1702 καὶ
1110 1650 1169 1704 ὲν
1196 1650 1274 1721 τῷ
1316 1653 1499 1723 καιρῷ
1527 1653 1628 1721 τῆς
1659 1653 1972 1725 ἐλευθερίας
2002 1655 2100 1709 αύ-

505 1731 612 1786 τῶν
645 1727 777 1789 ὦσιν
799 1735 1010 1808 ἕτοιμοι
1044 1742 1139 1795 καὶ
1169 1743 1441 1814 γνώριμοι
1461 1745 1513 1799 oi
1543 1745 1809 1818 Ἑϐραῖοι.
1846 1749 1953 1800 Καὶ
1986 1748 2097 1818 γὰρ

420 1829 444 1852 θ
506 1824 667 1895 είπερ
718 1827 949 1896 ήινοῦντο
999 1833 1140 1902 μετὰ
1202 1834 1311 1887 τῶν
1363 1836 1707 1906 ἀλλοφύλων,
1744 1838 1862 1902 πῶς
1892 1837 2089 1907 ἔμελλε

505 1911 873 1991 φυλάττεσθαι
908 1918 985 1996 ⁸τὸ
1017 1915 1111 1973 τοῦ
1150 1922 1412 1993 Ἀϐραὰμ
1444 1926 1670 1998 σπέρμα
1716 1928 1832 1982 κκαὶ
1872 1924 2098 1998 ’γένοςς

505 2004 608 2059 Διά
652 2023 734 2059 τοι
784 2008 945 2093 τοῦτο
977 2011 1368 2088 εὑρισκόμενοι
1398 2018 1456 2070 ἐν
1490 2020 1556 2089 τῇ
1595 2021 1790 2092 ἐρήμῳ
1821 2020 1882 2073 ού
1917 2039 2104 2093 περιε-

511 2097 773 2165 τέμνοντο
828 2098 1247 2172 τεσσαράκοντα
1331 2108 1559 2178 χρόνους
1635 2112 2100 2178 διαϐιϐάσαντες,

503 2183 623 2238 ἀλλ’
646 2188 707 2241 ἐν
730 2188 795 2258 τῇ
818 2188 1082 2262 Αίγύπτῳ
1106 2208 1123 2225 ο
1154 2194 1249 2248 καὶ
1277 2198 1415 2263 μετά
1442 2199 1543 2268 τὴν
1568 2198 1667 2267 τῆς
1691 2200 1900 2269 ἐρήμου
1924 2200 2102 2267 ἔξοδον

514 2275 678 2331 πάλιν
710 2277 950 2349 ἧρξαντο
982 2285 1439 2353 περιτέμνεσθαι.
1474 2288 1586 2340 Καὶ
1627 2290 1654 2342 6
1685 2289 1785 2357 μὲν
1821 2291 1920 2358 τῆς
1947 2307 2104 2361 περι-

505 2367 680 2439 τομῆς
734 2371 938 2434 σκοπὸς
984 2373 1127 2445 ἐχεικ
1161 2374 1331 2438 οὕτω,
1363 2376 1552 2441 καθὼς
1598 2379 1849 2448 εἴπομενο
1889 2384 1917 2434 6
1949 2382 1997 2436 δ’
2029 2381 2098 2436 αὖ

510 2461 702 2531 ἕτερος
732 2461 848 2533 ἔχει
903 2463 1104 2531 οὕτως,
1160 2468 1308 2530 ὅπως
1339 2469 1778 2539 περιτμηθέντες
1808 2476 1875 2544 τῇ
1912 2476 2098 2544 σαρκὶ,

510 2553 739 2609 ἔλθωσιν
792 2557 874 2620 είς
930 2559 1196 2630 συστολὴν
1230 2562 1324 2614 καὶ
1361 2546 1745 2634 σωφρονισμὸν
1801 2567 1900 2635 τῆς
1950 2566 2103 2620 πολι-

509 2647 658 2712 τείας
707 2648 913 2717 αὐτῶν,
968 2650 1071 2704 ’καὶ
1127 2653 1228 2707 οὐκ
1280 2648 1385 2709 ὦσι
1441 2654 1634 2726 λάγνοι
1682 2657 1780 2710 καὶ
1810 2658 2099 2728 ἀκρατεῖς,

509 2743 805 2797 κάντεῦθεν
863 2744 1189 2814 λογίζωνται
1239 2747 1339 2812 τὰς
1406 2749 1672 2819 πορνείας
1740 2749 1925 2803 αὐτῶν
1982 2749 2098 2803 ἀντ’

512 2835 724 2898 οὐδενὸς
753 2876 768 2902 ,
801 2836 922 2890 ἀλλ’
954 2838 1275 2908 ἀνάγωνται
1328 2839 1676 2911 καταμικρὺν
1726 2842 1806 2902 είς
1857 2838 1921 2893 τὸ
1970 2839 2099 2909 ἑξῆς

511 2930 590 2993 είς
646 2929 988 3001 ὑψηλοτέραν
1037 2932 1242 2999 γνῶσιν
1293 2934 1388 2987 καὶ
1430 2933 1749 2987 πολιτείαν*
1801 2935 1928 2987 ἐπεὶ
1990 2934 2096 2987 οὐκ

510 3022 667 3093 ἐδόθη
724 3023 1038 3093 ὀρθοδοξῖας
1090 3025 1255 3095 χάρυν
1301 3025 1457 3095 παρὰ
1513 3025 1652 3079 Θεοῦ
1718 3026 1752 3096 ἠ
1799 3026 2094 3097 περιτομὴ,

508 3115 646 3169 ἀλλὰ
673 3116 744 3169 δι’
782 3115 850 3179 ἃς
878 3118 1041 3185 μόνον
1076 3107 1309 3188 εἴπομεν
1339 3120 1547 3183 αίτίαςι
1581 3118 1711 3173 Ὀτι
1743 3120 1800 3174 δὲ
1840 3119 2097 3183 ἐλθόντος

507 3208 602 3263 τοῦ
645 3209 887 3307 Χριστοῦ
937 3210 1195 3281 ήργησεν
1242 3213 1271 3264 6
1308 3211 1498 3281 νόμος,
1532 3211 1627 3264 καὶ
1667 3211 1789 3264 οὐδέ
1816 3213 2094 3280 περιτομή
2122 3243 2168 3307 C

508 3299 680 3366 ἐστιν,
723 3297 819 3369 ἀφ’
852 3293 927 3355 ὧν
963 3300 1182 3371 μέλλεις
1225 3299 1505 3366 ἀκούσειν,
1561 3301 1858 3372 πράσσχες.
1890 3301 1964 3354 T6
1997 3300 2099 3371 μὲν

444 3422 461 3433 ν
514 3391 797 3464 βάπτισμα
832 3395 987 3467 παρά
1018 3395 1154 3448 Θεοῦ
1180 3394 1355 3459 δοθὲν,
1379 3394 1695 3463 ὀρθοδοξίας
1722 3395 1885 3465 χάριν
1915 3394 2097 3466 ἐδόθη,

510 3483 607 3537 καὶ
641 3483 730 3538 διὰ
781 3484 943 3538 τοῦτο
990 3485 1196 3547 πάντες
1225 3485 1420 3555 ἄνδρες
1473 3484 1570 3537 καὶ
1618 3483 1792 3537 πᾶσαι
1839 3484 2098 3551 γυναῖκες

513 3572 862 3643 βαπτίζονται
890 3590 904 3605 ·
938 3574 968 3627 6
993 3575 1049 3628 δὲ
1086 3575 1160 3645 μὴ
1196 3573 1523 3645 βαπτισθεὶς
1558 3575 1660 3628 οὐκ
1690 3574 1841 3628 ἐστιν
1871 3573 2096 3645 ὀρθὸδο-

508 3662 625 3730 ξος.
665 3659 732 3717 Ἦ
764 3660 821 3715 δὲ
858 3663 1137 3734 περιτομὴ
1166 3648 1280 3733 ὀὐχ
1308 3661 1507 3727 οὕτως,
1546 3663 1683 3716 ἀλλὰ
1735 3663 1889 3732 μόνοι
1923 3664 1971 3715 oi
2000 3663 2100 3716 ἄν·

478 3751 638 3823 ,δρες
670 3752 1143 3825 περιτέμνονται,
1190 3754 1247 3806 αί
1298 3752 1357 3806 δὲ
1412 3754 1677 3822 γυναῖκες
1725 3753 1871 3823 οὐχί.
1911 3753 2098 3805 Ἐοικε

508 3844 683 3912 γοῦν,
716 3846 806 3899 ἵνα
841 3845 890 3899 oi
936 3844 1036 3916 μὲν
1080 3844 1274 3916 ἄνδρες
1322 3845 1400 3910 ὡς
1452 3846 1921 3916 περιτετμημένοι
1963 3840 2100 3900 ὦσιν

507 3937 805 4006 ὀρθὸδοξοι,
834 3939 892 3991 αι
941 3938 995 3991 δὲ
1026 3940 1296 4006 γυναῖκες
1332 3938 1409 4002 ὡς
1449 3938 1824 4009 ἀπερίτμητοι
1856 3939 2096 4004 ἀσεϐεῖς.

512 4028 739 4095 Βλέπεις
769 4029 888 4094 πῶς
938 4029 1102 4093 ἄλλος
1137 4029 1289 4083 ἐστὶν
1345 4031 1374 4082 6
1423 4031 1524 4100 τῆς
1579 4031 1889 4100 περιτομῆς
1918 4029 2099 4098 λόγος,

507 4122 605 4176 καὶ
659 4121 839 4185 ἄλλως
886 4103 1140 4174 ποιοῦσιν
1197 4119 1661 4193 Μουσουλμάνοι;
1693 4121 1762 4174 Oi
1805 4121 1916 4190 γὰρ
1941 4122 2099 4175 αὐτο)⁵

507 4213 686 4269 πάντα
739 4211 1121 4282 ἀπερίτμητον
1176 4211 1350 4281 ἀσεϐῆ
1407 4202 1747 4280 λογίζονται.
1806 4213 1918 4265 Καὶ
1983 4213 2094 4267 ἰδοὺ

507 4304 660 4359 αὐτοὶ
711 4305 928 4367 ἑαυτοῖς
977 4304 1247 4375 μάχεσθε,
1278 4304 1375 4358 καὶ
1408 4305 1556 4375 ἅπερ
1594 4303 1907 4374 ὀρθοδοξίας
1934 4305 2099 4376 χάριν

506 4399 736 4468 τιμᾶτε,
794 4396 970 4451 ταῦτα
1025 4398 1137 4451 ἀπὺ
1205 4398 1410 4468 μέρους
1469 4398 1792 4468 ἀτιμάζετε.
1852 4399 1966 4461 Καὶ
2033 4400 2095 4451 ού

510 4491 671 4560 μόνον
699 4492 780 4554 είς
808 4490 942 4544 αὐτὸ
971 4490 1558 4560 τοῦτοάνιφαίνονται
1601 4491 1650 4543 οἱ
1676 4490 2097 4560 Μουσουλμάνοι

2202 634 2285 689 liae
2312 635 2519 692 dixisse
2554 637 2808 708 legimus,
2860 657 2880 690 ι
2922 639 3125 696 Semen
3164 649 3324 696 tuum
3380 643 3488 699 erit
3541 643 3595 697 in
3649 653 3797 700 terra

2197 727 2399 791 aliena,
2418 736 2634 798 gentem
2659 744 2788 785 vero
2810 731 2899 785 cui
2931 732 3195 794 servient,
3217 732 3589 804 egoiiudicabo
3607 736 3748 802 “-“;
3779 758 3795 788 ο

2201 820 2351 889 quod
2377 831 2435 876 et
2470 822 2673 877 factum
2698 833 2781 878 est
2804 824 3115 881 Pharaonis
3157 827 3544 899 temporibus),
3576 844 3645 884 ne
3674 844 3801 899 pro-

2198 918 2326 981 pter
2383 912 2702 968 diuturnam
2740 915 3100 971 Hebraeorum
3131 932 3254 972 cum
3291 918 3642 975 Pharaonitis
3667 935 3801 975 con-

2201 1003 2582 1060 versationcm
2617 1006 2758 1061 uniti
2815 1008 3109 1079 utrinque,
3146 1008 3530 1082 Egyptiorum
3580 1013 3719 1068 ritus
3745 1021 3802 1067 et

2202 1094 2571 1151 idololatriam
2606 1097 2960 1165 imbiberent,
3005 1100 3358 1157 circumcisio
3402 1103 3654 1159 instituta
3689 1111 3802 1165 est.

2206 1195 2466 1256 tauquam
2509 1188 2727 1259 signum
2762 1200 2819 1246 et
2847 1192 3159 1262 symbolum
3222 1193 3484 1250 Hebraeos
3532 1196 3601 1250 ab
3632 1194 3802 1267 Egy-

2201 1277 2330 1347 ptiis
2367 1294 2648 1349 separans,
2687 1296 2756 1336 ne
2813 1281 2867 1335 lii
2901 1281 2959 1336 in
2984 1283 3314 1353 nuptiarum
3361 1285 3696 1341 commercia
3743 1294 3801 1340 et

2203 1366 2538 1424 consensum
2587 1372 3002 1427 convenirent:
3049 1373 3247 1443 partim
3297 1374 3522 1445 quidem
3575 1387 3804 1447 prepter

2201 1474 2444 1525 causam,
2472 1476 2635 1532 quam
2668 1463 2833 1517 modo
2857 1465 3267 1530 recensuimus,
3323 1467 3524 1536 partim
3550 1482 3703 1534 vero,
3740 1476 3803 1522 ut

2202 1560 2455 1621 tempore
2507 1552 2856 1608 liberationis
2911 1569 3026 1609 suae
3065 1553 3277 1610 Hebraei
3312 1556 3571 1627 prompti
3613 1567 3803 1613 essent

2202 1652 2257 1698 et
2288 1643 2476 1711 agnitu
2504 1643 2714 1699 faciles.
2752 1643 2809 1699 Si
2838 1645 2987 1701 enim
3021 1661 3148 1700 cum
3187 1646 3517 1716 alienigenis
3564 1646 3802 1703 fuissent

2204 1733 2370 1802 uniti,
2423 1735 2707 1805 quomodo
2745 1736 3078 1791 conservari
3117 1737 3392 1806 potuisset
3438 1736 3673 1793 Abralue
3716 1752 3802 1793 se-

2205 1839 2329 1878 men
2353 1833 2408 1879 et
2440 1827 2655 1893 genus?
2685 1826 3038 1896 Quapropter
3060 1822 3230 1881 etiam
3275 1827 3329 1881 in
3361 1827 3582 1882 deserto
3612 1842 3803 1882 erran-

2208 1924 2292 1972 tes
2319 1932 2429 1971 non
2465 1918 3030 1983 circumcidotiantur,
3067 1934 3247 1975 anuos
3287 1919 3369 1973 sic
3411 1929 3638 1988 agentes
3666 1936 3803 1989 qua-

2209 2007 2489 2078 draginta,
2520 2025 2717 2073 verum
2750 2009 2802 2064 in
2827 2010 3085 2083 Egypto,
3121 2019 3179 2065 et
3202 2019 3492 2081 postquam
3519 2013 3798 2071 desertum

2207 2102 2417 2172 egressi
2448 2108 2577 2156 sunt
2602 2141 2616 2165 ,
2645 2106 2868 2156 rursum
2900 2103 3229 2159 circumcidi
3261 2113 3572 2175 coeperunt.
3613 2105 3680 2177 Et
3707 2103 3803 2159 hic

2212 2193 2438 2264 quidem
2481 2209 2649 2260 unus,
2685 2201 2745 2249 ut
2772 2193 3038 2260 diximus,
3067 2195 3514 2253 circumcisionis
3543 2197 3666 2252 iiuis
3691 2206 3800 2255 est.

2203 2287 2358 2341 Alter
2382 2301 2514 2341 vero
2546 2285 2639 2341 hic
2668 2293 2775 2352 est,
2815 2296 2876 2342 ut
2904 2287 3227 2343 circumcisi
3266 2304 3456 2353 carne,
3489 2297 3802 2361 temperan-

2207 2382 2283 2433 tia
2314 2389 2370 2435 et
2402 2378 2790 2436 moderatione
2821 2380 2879 2435 in
2917 2396 3082 2436 unam
3119 2381 3367 2452 politiam
3400 2385 3802 2447 contraheren-

2206 2478 2317 2533 tur.
2367 2485 2472 2525 nec
2499 2469 2694 2525 lascivi
2748 2480 2936 2527 essent
2993 2481 3049 2527 et
3084 2472 3374 2537 molliculi,
3404 2483 3459 2529 ct
3508 2482 3801 2543 prapterea

2206 2560 2634 2617 fornicationem
2689 2576 2847 2618 suam
2904 2577 3006 2618 ceu
3062 2578 3178 2617 rem
3221 2563 3387 2619 nihili
3422 2572 3744 2634 reputarent
3785 2583 3798 2619 :

2203 2664 2462 2707 caeterum
2489 2662 2550 2708 ut
2567 2653 2698 2708 hinc
2719 2653 2982 2724 paulatim
3007 2654 3076 2710 ad
3098 2655 3476 2726 augustiorem
3504 2655 3795 2712 scientiam

2201 2754 2258 2799 et
2309 2743 2556 2814 politiam
2607 2745 3031 2816 pertingerent,
3103 2762 3231 2840 eu‘m
3283 2746 3548 2802 nimirum
3598 2763 3708 2802 non
3745 2750 3803 2802 in

2200 2848 2345 2888 verae
2362 2835 2651 2906 religionis
2680 2834 2900 2907 signum
2933 2834 3287 2893 circumcisio
3315 2838 3442 2892 data
3474 2838 3568 2903 sit,
3602 2838 3695 2893 sed
3730 2838 3802 2893 iis

2203 2934 2417 2980 tantum
2448 2927 2516 2980 de
2553 2927 2761 2992 causis,
2793 2943 2932 2997 quas
2954 2944 3125 2999 supra
3155 2919 3610 2985 memoravimus.
3640 2929 3801 2995 Quod

2202 3030 2337 3070 vero
2361 3017 2430 3072 ad
2459 3017 2665 3073 Christi
2702 3019 3000 3074 adventum
3030 3021 3118 3075 lex
3155 3020 3416 3092 abrogata
3451 3022 3541 3083 sit.
3574 3032 3629 3076 et
3651 3022 3800 3077 nulla

2200 3114 2418 3163 maneat
2447 3108 2659 3177 reliqua
2691 3109 3070 3175 circumcisio,
3101 3111 3258 3167 exiis
3289 3128 3411 3183 quae
3440 3127 3585 3167 nunc
3608 3112 3804 3167 dicun-

2207 3208 2299 3253 tur
2331 3198 2627 3254 attendito.
2663 3194 2983 3272 Baptismus
3009 3201 3233 3270 quidem
3275 3220 3304 3257 a
3335 3203 3448 3258 Deo
3483 3192 3798 3267 institu’tus,

2202 3290 2258 3345 in
2289 3305 2432 3346 verte
2458 3290 2744 3361 religionis
2773 3291 2990 3362 signum
3021 3293 3309 3349 institutus
3339 3302 3445 3360 est,
3466 3300 3523 3348 et
3546 3303 3799 3364 proplcr~

2202 3399 2264 3438 ea
2320 3399 2516 3441 omnes
2552 3384 2716 3440 simul
2770 3385 2874 3439 viri
2937 3386 3102 3440 simul
3137 3395 3192 3442 et
3223 3386 3486 3443 mulieres
3514 3387 3804 3457 baptizau-

2203 3472 2293 3531 tur
2332 3493 2348 3532 :
2385 3485 2440 3531 et
2483 3476 2577 3547 qui
2627 3492 2739 3532 non
2770 3476 3092 3547 baptizatus
3132 3477 3324 3544 fuerit,
3355 3495 3488 3535 vera
3526 3479 3800 3548 religione

2200 3575 2375 3625 caret.
2405 3567 2771 3624 Circumcisio
2811 3577 2994 3625 autem
3030 3570 3155 3626 talis
3181 3586 3294 3626 non
3330 3580 3415 3628 est
3455 3589 3468 3627 :
3517 3572 3621 3627 soli
3651 3571 3797 3627 enim

2201 3659 2304 3714 viri
2351 3659 2857 3727 circumciduntur,
2893 3662 3157 3717 mulieres
3188 3675 3373 3718 autem
3421 3648 3815 3734 nequaquam;
3884 3686 3896 3696 ο

2199 3749 2511 3820 Appareret
2544 3750 2693 3806 enim
2741 3752 2913 3818 hinc,
2943 3752 3091 3824 quod
3141 3753 3243 3808 viri
3294 3753 3516 3824 quidem
3547 3768 3645 3808 ceu
3687 3754 3798 3808 cir-

2201 3842 2431 3897 cumcisi
2469 3859 2569 3912 pro
2600 3843 2929 3902 orthodoxis
2960 3845 3326 3911 haberentur,
3371 3845 3633 3900 mulieres
3663 3860 3803 3903 vero

2200 3948 2301 3989 ceu
2357 3934 2759 3989 ineircumcisae
2812 3951 2913 4005 pro
2963 3935 3169 4006 impiis.
3236 3935 3578 4006 lutclligisne
3629 3950 3798 4005 quam

2203 4023 2369 4095 longe
2396 4025 2607 4079 aliasit
2637 4025 3083 4081 circumcisionis
3107 4025 3249 4081 ratio
3268 4042 3431 4097 quam
3466 4026 3799 4090 Musulmani

2210 4115 2564 4187 sequantur?
2616 4114 2680 4169 iii
2719 4118 2868 4171 enim
2919 4131 3143 4172 omnem
3196 4115 3643 4173 incircumcisum
3696 4132 3802 4187 pro

2201 4208 2373 4276 impio
2405 4207 2678 4279 judicant.
2709 4208 2815 4264 Sed
2853 4224 2983 4285 ecce
3015 4224 3116 4265 vos
3149 4221 3346 4264 contra
3386 4224 3488 4264 vos
3518 4209 3670 4279 ipsos
3693 4224 3801 4285 pu-

2203 4301 2387 4367 gnatis
2414 4340 2430 4365 ,
2470 4309 2527 4356 et
2555 4315 2678 4370 quae
2725 4315 2827 4356 ceu
2875 4279 3019 4356 vcrae
3054 4301 3341 4372 religionis
3370 4302 3524 4369 signa
3571 4316 3803 4357 venera-

2203 4391 2363 4459 mini,
2393 4391 2584 4446 eadem
2617 4407 2684 4448 ex
2719 4402 2877 4463 parte
2908 4393 3288 4449 contemnitis.
3322 4392 3428 4448 Sed
3460 4409 3572 4448 non
3623 4392 3680 4447 in
3709 4393 3800 4450 liis

2205 4482 2342 4538 solis
2404 4481 2737 4538 Musulmani
2796 4485 2902 4539 sibi
2968 4485 3108 4557 ipsis
3158 4483 3459 4540 dissentire
3491 4485 3797 4552 videntur,

508 4580 1042 4651 ἐναντιοφωνοῦντες
1068 4582 1206 4652 πρὸς
1255 4580 1511 4644 ἑαυτοὺς,
1544 4579 1682 4634 ἀλλὰ
1729 4580 1824 4634 καὶ
1862 4582 1921 4633 ἐν
1978 4580 2097 4633 ἐτέ-

2207 4576 2307 4631 sed
2335 4577 2502 4632 etiam
2542 4576 2604 4631 in
2639 4577 2763 4632 aliis
2800 4577 3023 4641 multis,
3053 4593 3175 4647 qua;
3206 4594 3317 4632 non
3349 4593 3494 4649 opus
3530 4586 3616 4632 est
3649 4593 3800 4633 nunc

483 4692 627 4746 ,ροις
682 4673 900 4738 πολλοῖς
931 4715 947 4740 ,
985 4675 1132 4745 ἅπερ
1184 4673 1284 4728 οὐκ
1332 4672 1451 4726 ἐστι
1505 4689 1592 4735 τις
1638 4673 1801 4744 χρεῖα
1842 4673 1983 4728 κατὰ
2038 4671 2099 4726 τὸ

510 4767 690 4839 παρὸν
719 4765 905 4835 λέγειν
930 4765 1061 4837 περὶ
1092 4766 1344 4820 ἐκείνων.
1381 4764 1575 4834 Ὅμως
1601 4763 1733 4834 περὶ
1769 4765 1887 4828 ἐνὸς
1927 4766 2099 4818 εἴπω-

510 4871 630 4925 μεν.
664 4854 826 4921 Λέγει
849 4855 878 4907 6
897 4853 1216 4924 Χριπὸςςέν
1247 4853 1328 4923 τῷ
1359 4851 1685 4922 Εὐαγγελίῳ,
1705 4853 1787 4904 ὅτι
1813 4870 1835 4905 ι
1858 4853 1985 4908 Ἐὰν
2021 4855 2096 4924 μή

518 4965 603 5010 τις
639 4945 937 5018 βαπτισθῇ,
979 4946 1078 5000 οὐκ
1131 4944 1249 5000 ἐστι
1298 4943 1394 4998 τοῦ
1423 4943 1586 5010 Θεοῦ,
1614 4943 1738 4997 οὐδὲ
1777 4944 1876 5013 τῆς
1917 4962 2097 5008 σωτη-

509 5030 649 5108 ρίας.
692 5059 711 5091 ›
758 5039 819 5092 '0
870 5037 1117 5108 Μωάμεθ
1154 5040 1427 5109 μαρτυρεῖ
1449 5037 1509 5091 τὸ
1537 5027 1875 5104 Εὐαγγέλιον
1916 5035 2093 5105 ἅγιον,

508 5133 602 5201 καὶ
631 5131 859 5193 τέλειον,
895 5130 994 5183 καί⁹
1042 5129 1222 5192 εύθὲς.
1272 5130 1335 5181 Ol
1374 5126 1798 5197 Μουσουλμάνοι
1830 5125 1956 5188 τοὺς
1998 5144 2095 5179 πε-

510 5222 944 5295 ριτετμημένους
976 5222 1288 5291 λογίζονται
1343 5219 1687 5291 ὀρθοδόξους,
1738 5219 1867 5280 τοὺς
1909 5218 1966 5271 δὲ
2004 5218 2093 5287 βε-

509 5314 922 5381 ϐαπτισμένους
978 5313 1218 5375 ἀσεϐεῖς.
1271 5313 1335 5365 El
1396 5314 1498 5383 μὲν
1544 5310 1640 5364 οὖν
1690 5309 1951 5381 στέργετε
2000 5310 2093 5363 τὸν

508 5407 777 5476 Μωάμεθ,
823 5406 909 5459 ὅτι
955 5405 1173 5476 ἀληθῶς
1209 5405 1363 5474 λέγει
1391 5446 1406 5470 ,
1446 5405 1562 5467 πῶς
1613 5403 1916 5474 ὀνομάζετε
1967 5403 2094 5467 τοὺς

510 5499 980 5570 βεῦαπτισμὲνους
1033 5497 1295 5562 ἀσεϐεῖς,
1339 5496 1437 5550 καὶ.
1488 5498 1591 5550 οὐκ
1644 5494 2092 5575 ἀκολουθεῖτεξτῇ

511 5591 601 5646 τοῦ
664 5592 1007 5660 Εὑαγγελίου
1083 5590 1429 5661 διδασκαλίᾳ,
1490 5592 1587 5644 καὶ
1623 5586 1911 5656 λογίζεσθε
1960 5587 2093 5650 τοὺς

514 5683 611 5753 μὲν
671 5685 1185 5755 περιτετμημένους
1239 5683 1427 5746 κακῶς
1510 5680 1824 5747 ποιοῦντας,
1877 5681 2003 5743 τοὺς
2031 5680 2087 5733 δὲ

512 5776 982 5848 βεϐαπτισμένους
1039 5774 1522 5841 εὐσεϐεῖς;Ἀ)·)-ἀ
1581 5774 1869 5828 τούναντία
1943 5790 2074 5842 ‘2‘99‘

577 5861 698 5927 ’σίδη
737 5890 873 5947 om.
907 5908 995 5956 xv,
1052 5882 1145 5959 lii,
1176 5891 1262 5947 tt.

2202 4668 2271 4724 de
2301 4669 2438 4739 ipsis
2485 4684 2779 4740 exponere.
2828 4670 3086 4726 Dicamus
3144 4681 3328 4725 tamen
3387 4671 3457 4726 de
3508 4670 3615 4726 hoc
3662 4685 3796 4726 uno.

2205 4762 2469 4818 Christus
2500 4760 2555 4817 in
2585 4762 2888 4832 Evangelia
2918 4762 3057 4818 dicit
3091 4780 3106 4818 ι
3150 4782 3168 4816 ι
3202 4744 3310 4830 ‘Qui
3340 4779 3453 4817 non
3484 4762 3799 4835 baptizatus

2208 4852 2402 4919 fuerit,
2428 4867 2538 4907 non
2564 4850 2633 4906 ad
2673 4851 2847 4907 Deum
2903 4853 3148 4923 pertinet
3177 4863 3233 4907 et
3265 4852 3524 4907 salutem.
3561 4871 3580 4905 ι
3612 4850 3799 4905 Malm-

2205 4953 2320 5001 met
2356 4951 2541 4999 autem
2588 4957 2737 5017 cum‘
2769 4944 3130 5015 Evangelium
3182 4954 3456 5008 sanctum,
3485 4944 3796 4999 absolutum

2209 5039 2531 5105 bonumque
2562 5050 2686 5091 esse
2720 5037 3076 5103 conﬁteatur,
3105 5037 3445 5093 Musulmani
3478 5046 3664 5091 tamen
3692 5037 3801 5092 eir-

2204 5124 2480 5180 cumcisos
2508 5124 2947 5181 orthodoxorum
2997 5126 3122 5181 loco
3169 5126 3441 5198 iudicant,
3479 5126 3803 5196 baptizatos

2202 5228 2388 5273 autem
2425 5217 2609 5291 impiis
2636 5217 3030 5274 adnumerant.
3064 5217 3122 5273 Si
3152 5218 3324 5290 igitur
3347 5219 3711 5276 Mahometem
3741 5229 3801 5273 ut

2202 5325 2331 5366 vera
2354 5309 2646 5366 docentem
2698 5309 3124 5381 amplectimini.
3173 5327 3282 5381 qua
3314 5311 3532 5367 ratione
3566 5326 3662 5366 eos
3701 5310 3797 5380 qui

2206 5400 2469 5472 baptizati
2508 5408 2676 5467 sunt,
2729 5402 2931 5473 impios
2977 5402 3180 5471 dicitis,
3220 5418 3321 5458 nec
3374 5402 3661 5474 Evangelii
3701 5402 3799 5455 do-

2203 5495 2437 5551 ctrinam
2470 5494 2798 5565 sequimini,
2856 5495 3227 5566 cogitatisque
3270 5494 3633 5550 circumcisos
3664 5491 3795 5560 qui-

2200 5588 2329 5642 dem
2360 5601 2621 5656 perverse
2667 5602 2833 5657 agere
2885 5596 2943 5642 et
2991 5588 3200 5643 sentire
3220 5626 3236 5651 ,
3266 5586 3578 5654 baptizatos
3604 5589 3790 5638 autem

2199 5694 2327 5733 vero
2384 5677 2675 5748 religiosos
2719 5692 2841 5733 esse
2869 5677 2894 5731 ?
2926 5677 3037 5733 Sed
3099 5677 3186 5732 his
3238 5676 3515 5731 diversum
3548 5671 3788 5728 sentitis.

2198 5771 2392 5827 Nonne
2422 5776 2642 5823 constat
2687 5782 2786 5825 vos
2816 5767 2973 5823 vobis
3001 5769 3138 5839 ipsis
3171 5763 3479 5822 contrarios
3494 5774 3641 5818 “esse
3666 5800 3682 5829 ,
3728 5767 3787 5819 et
