4090 6478
304 427 414 490 539
1475 429 1800 492 JOANNIS
1836 427 2374 490 CANTAGUZENI
3323 395 3336 408 ’
3451 423 3554 488 540

303 554 407 594 vos
453 539 705 611 vosipsos
761 541 1096 598 confutare?
1141 540 1249 597 Sed
1303 540 1426 596 haec
1476 543 1604 596 talia
1655 541 1918 612 quidem.

1940 543 2148 603 ινεῖτε.
2185 542 2302 596 Οὐκ
2350 539 2467 596 ἔστι
2528 540 2796 613 πρόδηλον
2840 541 2925 595 ὅτι
2977 538 3134 594 αὐτοὶ
3190 537 3420 605 εαυτοῖἷςΔ
3449 537 3555 608 μά-

306 637 461 686 sunt.
496 629 766 698 Quoniam
798 647 930 687 vero
985 633 1203 697 lsmael,
1247 648 1359 704 quo
1392 632 1721 688 Musulmani
1751 647 1880 702 pro-

1984 635 2170 706 χεσθε,
2199 635 2294 688 καὶ
2321 635 2477 688 αὐτοὶ
2519 634 2718 697 αὐτοὺς
2769 631 3150 704 ἀνατρέπετες
3196 628 3356 683 Ἀλλά
3384 628 3557 682 ταῦτα

307 721 562 792 genitore
599 723 863 794 gaudent,
901 739 1027 779 cum
1062 723 1308 780 Hebraeis
1346 739 1456 779 non
1503 725 1559 778 in
1589 723 1880 795 Egyptum

1989 709 2089 795 μὲν
2147 726 2346 789 οὕτως.
2375 724 2530 778 Ἐπεὶ
2581 725 2640 778 δέ
2693 725 2722 778 6
2773 723 3042 794 Ἰσμαὴλ,
3087 722 3146 774 ὃν
3203 720 3458 788 λέγουσιν
3507 719 3558 771 οἱ

309 811 638 880 descendit,
687 816 743 870 in
780 815 873 871 illo
901 817 1064 870 etiam
1113 817 1556 871 circumcisionis
1584 817 1732 870 nulla
1765 823 1885 871 erat

1987 816 2404 886 Μουσουλμάνοι
2460 816 2609 886 ἔχειν
2665 814 3012 884 προπάτορα,
3076 811 3202 866 οὔτε
3253 810 3392 880 μετὰ
3444 809 3557 861 τῶν

309 901 540 967 utilitas,
566 904 1029 972 quemadmodum
1065 906 1120 960 in
1150 906 1391 962 Hebraeis
1418 924 1432 973 ;
1464 921 1573 961 non
1604 908 1756 962 enim
1788 907 1886 960 ad-

1999 905 2270 978 Ἐϐραίων
2297 907 2565 978 κατῆλθεν
2597 907 2677 969 είς
2717 907 3016 975 Αἴγυπτον,
3045 904 3130 957 ὅτι
3176 903 3372 970 ἐκείνῳ
3401 892 3582 970 χρείςί

309 1001 636 1048 numeratur
661 994 890 1050 Abrahae
925 996 1251 1054 haeredibns.
1275 999 1413 1054 Deus
1444 997 1593 1052 enim
1627 997 1886 1066 praecepit

1986 997 2086 1051 οὐκ
2132 993 2221 1069 ἦν,
2257 1000 2445 1068 ὥσπερ
2480 1000 2593 1060 τοῖς
2637 996 2941 1067 Ἑϐραίοις,
2969 995 3094 1048 οὐδὲ
3149 994 3258 1062 γὰρ
3295 1009 3563 1059 συγκατε-

309 1083 577 1148 Abrahae,
626 1085 815 1141 dicens
855 1106 870 1143 :
922 1106 940 1139 ι
979 1089 1124 1160 Ejice
1148 1089 1404 1144 ancillam
1436 1104 1561 1144 cum
1595 1089 1709 1144 ﬁlio
1743 1089 1884 1158 ejus,

1987 1087 2178 1156 λέγετο
2207 1089 2348 1158 μετά
2381 1087 2489 1142 τῶν
2527 1088 2884 1157 κληρονόμων
2929 1084 3026 1140 τοῦ
3069 1084 3330 1153 Ἀϐραάμ
3361 1099 3376 1114 σ
3426 1083 3563 1134 διότι

311 1189 656 1245 nequaquam
685 1177 830 1234 enim
860 1177 1034 1236 haeres
1066 1179 1174 1234 erit
1209 1181 1420 1236 ancillae
1451 1180 1594 1242 ﬁlius
1615 1195 1739 1236 cum
1774 1181 1887 1236 ﬁlio

1988 1181 2017 1234 6
2045 1179 2177 1243 Θεὸς
2207 1178 2381 1244 οὕτως
2406 1179 2708 1233 ἐνετείλατο
2737 1178 2816 1247 τῷ
2865 1176 3121 1246 Ἀϐραάμ
3151 1175 3344 1238 εἰπὼν,
3384 1192 3402 1225 ι
3433 1174 3565 1226 Ἕκ-

253 1303 255 1306 ‹
309 1265 516 1320 liberas.
560 1284 578 1316 ι
619 1266 688 1320 Et
730 1268 937 1338 ejectus
987 1278 1074 1324 est
1123 1284 1188 1328 ex
1224 1269 1390 1326 domo
1425 1269 1656 1326 Abrahae
1697 1272 1866 1326 lsmae

1990 1272 2120 1324 ϐαλε
2145 1271 2244 1342 τὴν
2268 1271 2565 1343 παιδίσκην
2599 1272 2738 1340 μετὰ
2779 1269 2875 1323 τοῦ
2907 1268 3099 1330 παιδὸς
3129 1265 3318 1336 αὐτῆς,
3356 1265 3417 1318 οὐ
3452 1267 3560 1334 γὰρ

308 1371 434 1410 cum
469 1365 643 1412 matre
681 1373 779 1412 sua
803 1359 964 1430 Agar.
997 1360 1154 1427 Quod
1177 1362 1222 1418 si
1255 1364 1606 1418 tamen'l‘orte
1635 1379 1890 1420 nonnun-

1993 1365 2068 1435 μὴ
2115 1364 2520 1435 κληρονομήσει
2575 1365 2604 1416 6
2645 1363 2760 1425 υίὸς
2807 1362 2907 1431 τῆς
2964 1361 3263 1428 παιδίσκης
3295 1357 3437 1426 μετὰ
3468 1355 3561 1408 τοῦ

309 1464 474 1524 quam
507 1447 572 1502 ad
610 1449 884 1505 Abraham
933 1453 1118 1519 rediit,
1161 1455 1492 1511 visitationis
1520 1471 1686 1511 causa
1716 1456 1902 1520 venit,

1991 1455 2109 1510 υἱοῦ
2130 1457 2226 1524 τῆς
2263 1455 2574 1524 ἐλευθέρας·
2612 1473 2631 1508 ι
2671 1455 2768 1508 καὶ
2797 1453 3068 1523 ἐξεϐλήθη
3099 1451 3130 1504 6
3171 1448 3396 1520 Ἰσμαὴλ
3425 1451 3562 1519 μετὰ

306 1554 417 1593 non
455 1547 513 1594 ut
544 1539 690 1595 ﬁlius
733 1551 790 1596 et
827 1557 1015 1598 semen
1050 1544 1333 1616 bteresque
1366 1547 1530 1602 illius.
1567 1548 1694 1604 llaac
1727 1549 1890 1620 igitur

1989 1548 2090 1618 τῆς
2159 1546 2368 1618 μητρὸς
2423 1546 2597 1614 αὐτῆς
2657 1545 2835 1616 ’Δγαρ
2901 1543 3012 1598 ἀπὸ
3072 1541 3169 1596 τοῦ
3247 1541 3398 1594 οίκου
3467 1537 3562 1592 τοῦ

307 1647 432 1686 cum
454 1632 534 1688 sic
548 1647 607 1688 se
631 1632 894 1699 habeant,
917 1635 1191 1691 undenam
1207 1636 1369 1692 ﬁdem
1386 1653 1538 1693 suam
1562 1639 1888 1695 Musulmani

2001 1638 2258 1709 Ἀϐραάμ
2282 1653 2297 1669 ⁸
2339 1640 2385 1692 εί
2417 1638 2465 1690 δ’
2499 1636 2634 1701 ἴσως
2688 1637 2819 1690 ποτέ
2855 1637 2952 1688 καὶ
2997 1634 3133 1706 πρὸς
3166 1633 3258 1686 τὸν
3310 1630 3564 1700 Ἀϐραὰμ

229 1741 233 1745 ι
306 1721 740 1791 desumpserint,
787 1739 896 1779 non
943 1724 1126 1780 video.
1160 1726 1458 1796 Propterea
1503 1728 1655 1783 nullo
1684 1728 1844 1783 indici

1991 1728 2176 1804 ἦλθεν,
2211 1731 2444 1801 Θεωρίας
2474 1730 2638 1801 χάριν
2668 1724 2854 1800 ἦλθεν,
2886 1726 3002 1782 ἀλλ’
3031 1728 3132 1795 οὐχ
3185 1725 3260 1787 ὡς
3308 1723 3422 1786 υίὸς
3471 1722 3564 1775 καὶ

305 1813 507 1883 conjici
554 1823 757 1885 potest.
807 1815 1280 1874 Musulmanorum
1323 1818 1486 1874 ﬁdem
1531 1831 1659 1876 ante
1707 1821 1893 1878 Maho-

1950 1883 1960 1891 λ
1995 1821 2221 1891 σπέρμα
2251 1819 2347 1873 καὶ⁵
2378 1819 2716 1890 κληρονόμος
2761 1816 2951 1870 αὑτοῦ.
2978 1815 3189 1869 Τούτου
3223 1813 3357 1882 γοῦν
3389 1810 3565 1873 οὕτως

304 1879 508 1959 metem
547 1879 614 1958 ab
657 1904 934 1961 Abraham
968 1919 1192 1964 auctore
1230 1909 1490 1966 derivari.
1534 1911 1737 1966 Verum
1770 1912 1890 1982 ipse

1948 1882 1963 1933 ι
1992 1879 2229 1983 ἔχοντος,
2265 1910 2432 1963 πόθεν
2463 1879 2681 1980 ἐγουσιν
2698 1879 2752 1959 οἱ
2783 1903 3204 1974 Μουσουλμάνοι
3232 1879 3330 1972 τὴν
3359 1898 3563 1960 πίστιν,

304 1992 621 2063 huiusmodi
664 1995 979 2066 dogmatum
1011 2007 1205 2053 auctor
1235 2009 1342 2065 est,
1383 2009 1439 2055 et
1465 2016 1531 2056 ex
1563 2002 1649 2056 sui
1682 2002 1885 2070 ingenii

1994 2005 2097 2056 οὐκ
2143 1997 2286 2056 οῖδα.
2339 2001 2440 2055 Διὰ
2493 1998 2653 2053 τοῦτο
2701 1999 2802 2052 οὐκ
2861 1996 3219 2066 ἀναφαίνεται
3273 1990 3381 2046 ἀπό
3417 2005 3564 2052 τινος

304 2085 498 2142 nidulo
527 2086 717 2143 docuit
737 2104 1076 2160 quaecunque
1105 2091 1314 2158 docuit,
1345 2099 1403 2148 et
1435 2108 1544 2147 non
1577 2109 1642 2148 ex
1680 2093 1812 2148 Deo.

1995 2096 2325 2166 πράγματος
2354 2092 2462 2163 πρὸ
2489 2092 2584 2145 τοῦ
2612 2090 2857 2161 Μωάμεθ
2895 2091 2962 2143 ἐκ
2991 2089 3088 2142 τοῦ
3137 2085 3394 2156 Ἀϐραάμ
3425 2080 3561 2136 εἶναι

305 2176 406 2246 τὴν
443 2178 552 2232 τῶν
620 2178 1066 2250 Μουσουλμάνων
1119 2181 1325 2245 πίστιν,
1367 2182 1506 2236 ἀλλὰ
1546 2185 1710 2247 αὑτός
1758 2186 1908 2239 ἐστιν
1945 2185 1974 2238 6
2021 2184 2265 2255 ἀρχηγὸς
2340 2183 2458 2237 τῶν
2502 2181 2762 2236 τοιούτων
2813 2179 3138 2252 δογμάτων,
3191 2181 3286 2233 καὶ
3333 2179 3415 2231 ὄτι
3455 2175 3565 2230 ἀπὸ

308 2273 517 2338 κοιλίας
548 2273 714 2328 αὐτοῦ
744 2275 986 2341 ἐδίδαξεν
1033 2279 1134 2333 ὅσα
1168 2279 1435 2346 ὲδὲδαξε¹,
1475 2280 1568 2334 καλ⁵
1619 2281 1723 2334 οὐκ
1768 2281 1878 2334 ἀπὸ
1919 2280 2080 2337 Θεοῦ.

375 2366 431 2420 3.
473 2366 627 2434 Quod
658 2383 790 2424 vero
837 2368 1166 2425 Musulmani
1195 2372 1458 2437 tradunt,
1488 2373 1662 2443 ipsius
1694 2373 1882 2429 illabo-

2050 2381 2122 2445 γ⁹.
2161 2375 2284 2428 Ὀτι
2330 2373 2410 2440 δέ,
2439 2372 2516 2435 ὡς
2556 2371 2807 2440 λέγουσιν
2845 2369 2894 2422 οἱ
2919 2363 3450 2437 Μουσουλμάνοι,ὼς
3472 2381 3563 2433 γε·

305 2459 440 2512 meti
480 2455 685 2514 nom'en
719 2460 772 2514 in
815 2459 1116 2528 Evangelio
1147 2461 1305 2516 citari
1335 2461 1577 2533 (dicente
1618 2463 1884 2519 nimirum

1983 2467 2303 2538 γραμμὲνον
2336 2465 2625 2536 εὑρίσκετο
2672 2462 2734 2516 τὸ
2759 2459 2852 2515 τοῦ
2884 2459 3185 2530 Μαχούμετ
3207 2459 3376 2526 ὄνομα
3400 2458 3458 2510 ἐν
3485 2455 3562 2525 τῷ

306 2548 377 2603 de
414 2549 526 2603 hoc
546 2547 770 2604 Christo
797 2566 812 2604 :
843 2551 1127 2607 Annuntio
1173 2552 1335 2608 vobis
1363 2553 1591 2620 bonum,
1623 2556 1886 2624 quoniam

1987 2557 2329 2627 Εὑαγγελίῳ,
2387 2555 2637 2618 εἰπόντος
2681 2552 2776 2606 τοῦ
2837 2549 3076 2623 Χριστοῦ
3141 2553 3270 2619 περὶ
3329 2548 3562 2609 ἐκείνου,

304 2648 437 2711 post
462 2655 550 2694 me
579 2651 848 2696 venturus
877 2643 1258 2713 estapostolus
1287 2654 1341 2700 et
1362 2646 1652 2716 propheta,
1684 2661 1889 2702 nomen

1986 2649 2068 2704 ὅτι
2126 2647 2566 2718 Εὐαγγελίζομαι
2595 2646 2724 2715 ύμῖν
2777 2645 2858 2700 ὅτι
2887 2643 3008 2714 μετ’
3037 2642 3136 2713 ἐμὲ
3173 2640 3360 2711 μέλλει
3387 2638 3567 2701 ἐλθεῖν

306 2735 386 2790 illi
425 2734 750 2806 Mahomet),
779 2736 1123 2793 Christianos
1149 2752 1282 2793 vero
1309 2739 1511 2794 invidia
1539 2748 1718 2794 motos
1749 2737 1883 2792 illud

1993 2743 2022 2796 6
2071 2739 2373 2804 ἀπόστολος
2407 2737 2504 2792 καὶ
2540 2736 2849 2808 προφήτης,
2884 2734 3055 2806 ὄνομα
3108 2733 3256 2804 αὐτῷ
3295 2731 3563 2800 Μωάμεθ,

306 2827 641 2897 cxpunxisse
689 2842 755 2882 ex
804 2827 1157 2898 Evangelio;|
1187 2829 1419 2900 agedum
1462 2828 1629 2884 etiam
1678 2829 1746 2882 de
1780 2828 1885 2884 hoc

1994 2835 2044 2888 οί
2099 2834 2157 2888 δέ
2203 2833 2523 2903 Χριστιανοὶ
2575 2832 2947 2900 φθονήσαντες
2999 2825 3252 2890 ἐξέϐαλον
3311 2824 3443 2876 αὐτὸ
3498 2825 3564 2876 ἐκ

306 2917 675 2987 inquiramus,
703 2927 758 2973 et
783 2917 1002 2973 videtur
1030 2920 1167 2974 mihi
1192 2921 1481 2976 veritatem
1522 2935 1633 2974 non
1657 2919 1888 2975 abscon-

1986 2925 2082 2981 τοῦ
2119 2925 2474 2994 Εύαγγελίου,
2496 2923 2660 2995 δεῦρο
2696 2918 3029 2990 σκεψώμεθα
3067 2917 3316 2987 καὶπερὶ
3369 2914 3556 2980 αὐτοῦ,

307 3020 422 3059 sam
455 3005 730 3070 futuram;
763 3015 972 3061 attente
1006 3006 1174 3078 igitur
1205 3007 1323 3062 haec
1371 3006 1586 3062 audias.
1617 3006 1756 3062 Tres
1801 3006 1886 3061 le-

1983 3014 2080 3069 καί
2143 3031 2236 3084 μοι
2277 3013 2422 3066 δοκεῖ
2471 3011 2546 3072 ὡς
2594 3011 2656 3062 ού
2699 3008 2776 3078 μὴ
2811 3006 3152 3077 κρυϐήσεται
3207 3005 3241 3071 ὴ
3296 3003 3557 3073 ἀλήθεια·

307 3095 602 3164 gislatores
653 3105 826 3160 sunt,
861 3096 957 3166 qui
996 3097 1146 3168 leges
1199 3098 1448 3153 tulerunt
1497 3096 1880 3152 universales:
1989 3108 2224 3163 ἄκουσον
2249 3105 2433 3160 τοίνυν
2496 3101 2791 3170 νουνεχῶς.
2825 3099 3119 3170 Τρεῖςείσι
3151 3096 3460 3167 νομοθέται,
3509 3095 3561 3147 οἱ

307 3185 488 3241 Moses
509 3228 524 3250 ,
557 3201 720 3255 quom
763 3165 950 3242 secula
983 3165 1076 3243 est
1112 3187 1468 3246 Hebraeorum
1501 3204 1677 3260 gens;
1729 3189 1886 3244 Chri-
1914 3184 1922 3227 ⁴

1949 3176 1958 3233 ί
1991 3198 2304 3263 διδάξαντες
2335 3197 2535 3264 νόμους
2591 3165 2918 3254 καϋθολικούς
2940 3207 2954 3222 ·
2988 3165 3016 3243 6
3046 3165 3310 3257 Mwiisﬁc,
3367 3181 3411 3254 ᾧ
3435 3189 3564 3256 ηκο-

308 3287 449 3342 stus,
484 3293 648 3348 quem
692 3287 897 3334 secutae
928 3289 1058 3334 sunt
1089 3294 1283 3336 omncs
1322 3288 1536 3350 gentes,
1566 3291 1620 3336 BI.
1650 3282 1884 3338 maxima

2025 3289 2246 3364 0661155~
2263 3287 2324 3340 τὸ
2358 3287 2513 3354 γένος
2541 3285 2651 3339 τῶν
2679 3283 2950 3350 Ἐϐραίων
2975 3298 2989 3314 ·
3024 3285 3053 3337 6
3086 3280 3341 3353 Χριστὸς,
3372 3274 3415 3347 ᾧ
3435 3279 3565 3349 ἠκο-
3635 3324 3637 3332 .

307 3367 671 3422 Ηεὺτοιοι-ιιηι
720 3369 776 3422 ἰιι
839 3369 994 3423 illum
1045 3369 1390 3424 credentium
1439 3371 1738 3427 multitudo
1767 3375 1885 3443 (qui

1996 3380 2273 3449 λούθησαν
2310 3379 2490 3433 πάντα
2517 3376 2586 3432 τὰ
2636 3375 2788 3446 ἔθνη,
2819 3378 2917 3428 καὶ
2961 3376 3010 3427 oi
3045 3375 3126 3436 εἰς
3157 3372 3323 3426 αὑτὸν
3345 3369 3565 3425 artati-:6-

307 3460 456 3515 enim
506 3476 570 3515 ex
607 3460 694 3514 his
736 3476 844 3515 non
876 3461 1273 3528 crediderunt,
1313 3478 1544 3518 numero
1593 3465 1888 3534 pauciores

1997 3488 2190 3535 σαντες
2229 3473 2290 3524 τὺ
2347 3470 2532 3524 πλεῖον
2562 3470 2728 3540 μέρος
2768 3468 2880 3522 τῶν
2937 3465 3218 3535 Ἐϐραίων
3261 3479 3276 3495 ⁸
3310 3465 3434 3516 ἐπεὶ
3457 3463 3565 3517 ἀπὸ

312 3561 444 3606 sunt
473 3551 584 3607 illis
617 3552 709 3622 qui
755 3551 1131 3619 crediderunt,
1159 3561 1216 3607 et
1240 3564 1531 3610 numeratu
1556 3555 1804 3625 faciles);
1831 3565 1888 3611 et

1992 3563 2197 3615 τούτων
2231 3561 2282 3614 oi
2339 3559 2415 3632 μὴ
2454 3557 2855 3620 πιστεύσαντες
2905 3554 3087 3623 πολλῷ
3117 3554 3385 3616 ἐλάττους
3425 3552 3562 3605 εἰσὶν

307 3640 628 3702 Mahomet.
664 3657 830 3712 quem
887 3642 1216 3718 Musulmani
1274 3645 1451 3700 secuti
1487 3657 1635 3701 sunt.
1684 3646 1887 3701 Prmter

1992 3651 2177 3706 αὐτῶν
2202 3653 2267 3720 δὴ
2295 3650 2405 3706 τῶν
2436 3651 2874 3713 πιστευσάντων,
2921 3649 3016 3700 καὶ
3051 3647 3240 3718 σχεδὸν
3267 3645 3562 3716 ἐναρίθμη-

307 3744 497 3790 autem
546 3734 667 3789 illos
701 3745 830 3798 tres,
856 3736 951 3805 qui
987 3735 1163 3808 legem
1193 3736 1382 3793 tulerit
1426 3738 1612 3792 nullus
1634 3746 1738 3793 est.
1771 3738 1888 3792 Mo-

1993 3757 2097 3795 τοι·
2123 3741 2219 3794 καὶ
2242 3742 2270 3794 6
2302 3740 2572 3809 Μωάμεθ,
2623 3733 2670 3807 ᾧ
2700 3737 3078 3807 ἠκολούθησαν
3105 3737 3154 3790 οἱ
3197 3735 3561 3803 Μουσουλμά-

305 3838 423 3878 sem
456 3837 585 3877 vero
607 3839 636 3876 a
660 3823 774 3878 Deo
813 3825 1040 3879 missum
1070 3839 1217 3891 esse,
1240 3825 1424 3881 statim
1447 3825 1517 3882 ab
1547 3826 1705 3881 initio
1730 3827 1887 3882 testi-

1991 3847 2095 3887 νοι.
2146 3830 2313 3882 ’Δνευ
2335 3827 2541 3881 τούτων
2590 3827 2656 3896 δὴ
2687 3825 2798 3880 τῶν
2827 3825 2998 3896 τριῶν
3036 3824 3225 3894 ἕτερός
3256 3839 3338 3884 τις
3367 3825 3394 3876 6
3419 3822 3563 3892 διδά-

307 3916 511 3971 moniis
560 3917 972 3986 comprobatur.
1005 3917 1142 3972 Cum
1183 3917 1330 3973 enim
1357 3919 1539 3975 adhuc
1573 3919 1626 3974 in
1651 3917 1886 3990 Egypto

1996 3919 2095 3986 ξας
2123 3920 2221 3972 καὶ
2253 3919 2377 3982 δοὺς
2403 3919 2566 3988 νόμον
2591 3917 2692 3970 οὐκ
2729 3916 2900 3970 ἐστιν.
2951 3915 3096 3969 Ἀλλ’
3135 3917 3164 3968 6
3192 3918 3291 3984 μὲν
3320 3914 3562 3983 Μωῦσῆς

305 4005 479 4072 esset,
507 4007 638 4062 fecit
659 4007 815 4078 signa
847 4018 904 4063 et
937 4009 1202 4066 miracula
1231 4025 1450 4079 magna,
1484 4019 1540 4066 et
1587 4011 1883 4084 Egyptum

1997 4009 2423 4082 μεμαρτύρηται
2469 4008 2884 4078 ἀπεσταλμένος
2939 4004 3078 4062 εἶναι
3127 4007 3280 4077 παρὰ
3312 4006 3448 4060 Θεοῦ
3504 4005 3565 4071 ἐξ

305 4099 624 4170 ﬂagellavit,
653 4100 842 4171 plagas
878 4099 956 4155 illi
990 4101 1258 4158 inducens
1291 4103 1590 4169 terribiles,
1615 4105 1888 4174 percussit

1991 4101 2188 4173 ἀρχῆς.
2222 4101 2340 4155 Ἔτι
2379 4099 2455 4153 ὢν
2485 4102 2542 4154 ὲν
2571 4103 2637 4171 τῇ
2659 4099 2943 4170 Αἰγύπτῳ,
2969 4099 3195 4168 ἐποίησε
3225 4101 3427 4168 σημεῖα
3464 4099 3561 4152 καὶ

304 4201 362 4246 et
394 4191 642 4259 sanavit,
690 4201 804 4247 tum
837 4193 1003 4248 etiam
1057 4192 1241 4248 futura
1285 4208 1389 4248 ceu
1421 4193 1715 4263 prophetes
1742 4209 1886 4264 pras-

1990 4191 2194 4260 τέρατα
2223 4189 2456 4259 μεγάλα,
2474 4190 2566 4243 καὶ
2596 4189 2856 4258 ἐμάστιξε
2880 4188 2981 4260 τὴν
3009 4189 3313 4256 Αἴγυπτον,
3357 4187 3564 4255 ἐπάξας

302 4282 447 4337 dixit
478 4299 494 4337 :
538 4300 558 4336 ι
620 4281 777 4350 Quod
809 4283 855 4338 si
890 4283 1155 4354 populum
1182 4269 1586 4339 Dei‘dimittere
1617 4285 1884 4350 volueris,

1991 4284 2048 4335 ἐν
2068 4283 2203 4354 αὐτῇ
2234 4282 2450 4353 πληγὰς
2474 4283 2714 4352 μεγάλας
2735 4283 2938 4354 σφόδρα
2960 4299 2978 4314 ·
2993 4283 3087 4336 καὶ
3098 4281 3299 4351 ἔπληξε
3315 4282 3411 4336 καὶ
3449 4281 3566 4336 ἐθε-

300 4372 553 4437 dimitte;
582 4372 728 4442 quod
761 4371 810 4426 si
841 4372 1008 4438 nolis,
1055 4371 1177 4427 hasc‘
1213 4381 1269 4426 et
1291 4372 1386 4426 illa
1413 4370 1514 4426 tibi
1545 4379 1602 4426 et
1647 4371 1752 4426 toti
1788 4385 1886 4441 po-

1995 4373 2255 4443 ράπευσε,
2277 4376 2375 4427 καὶ
2405 4374 2665 4445 προέλεγε
2681 4374 2750 4430 τὰ
2777 4375 3120 4445 γενησόμενα
3147 4375 3225 4437 ὡς
3251 4376 3558 4446 προφήτης,

304 4465 437 4533 pulo
467 4462 684 4536 Egypti
713 4465 990 4520 evenient.
1028 4483 1048 4519 ι
1073 4463 1140 4518 Et
1171 4463 1384 4519 Pharao
1410 4479 1534 4520 cum
1569 4479 1628 4520 se
1654 4463 1881 4519 verbum

1945 4519 1963 4572 ι
1992 4463 2076 4515 ὅτι
2116 4481 2136 4514 ‹
2181 4463 2242 4515 El
2284 4463 2384 4533 μὲν
2419 4464 2713 4528 ἀπολύσεις
2760 4467 2852 4519 τὸν
2886 4465 3012 4520 λαὸν
3038 4463 3134 4519 τοῦ
3168 4465 3328 4534 Θεοῦ,
3360 4466 3560 4519 ἀπόλυ-

309 4555 529 4611 Domini
562 4556 836 4610 facturum
861 4571 984 4611 esse
1029 4556 1396 4626 promisisset,
1425 4571 1457 4611 a
1488 4556 1634 4612 Mose
1656 4565 1885 4612 sanatus
1916 4554 1924 4573 ‘

1948 4554 1961 4570 '
1991 4570 2082 4606 σον
2101 4569 2115 4583 ·
2135 4555 2185 4607 εί
2213 4555 2257 4607 δ’
2283 4554 2400 4621 οῦν,
2425 4555 2495 4610 τὰ
2514 4557 2690 4611 καὶτὰ
2713 4557 3087 4627 συμϐήσονται
3115 4557 3198 4610 σοί
3218 4574 3278 4611 τε
3295 4556 3387 4612 καὶ
3400 4559 3563 4612 παντὶ

303 4658 431 4712 est,
465 4657 656 4718 utpote
689 4647 783 4718 qui
829 4653 1153 4717 potestatem
1185 4662 1214 4700 a
1256 4647 1367 4701 Deo
1405 4647 1728 4717 accepisset.
1755 4647 1888 4702 Post

1986 4639 2064 4712 τῷ
2087 4640 2201 4710 λαῷ
2228 4642 2328 4705 τῆς
2361 4643 2665 4711 Αἰγύπτου.
2703 4663 2722 4697 ι
2761 4644 2872 4698 Καὶ
2901 4643 3334 4714 ὑπισχνούμενος
3360 4646 3561 4716 Φαραὼ

305 4742 429 4798 haec
452 4756 584 4795 vero
607 4739 786 4794 Moses
813 4739 1008 4794 eduxit
1036 4738 1265 4794 brachio
1293 4740 1502 4808 potenti
1533 4748 1752 4809 gentem
1775 4737 1886 4794 He-

1987 4733 2213 4803 ποιῆσαι
2251 4734 2314 4787 τὸ
2347 4737 2498 4806 ῥῆμα
2532 4735 2767 4804 Κυρίου,
2809 4735 3182 4805 ἐθεραπεύετο
3249 4737 3402 4806 παρὰ
3463 4741 3557 4792 τοῦ

307 4833 586 4888 hraeorum
623 4847 690 4888 ex
720 4841 864 4887 terra
897 4829 1144 4902 Egypti,
1180 4839 1237 4886 et
1270 4830 1572 4885 Pharaonis
1596 4830 1883 4885 servitute.

1991 4831 2296 4891 Μωῦσέως,
2325 4831 2399 4893 ὡς
2427 4829 2673 4894 ἐξουσίαν
2699 4831 2959 4892 λαϐόντος
2984 4830 3090 4882 άπὸ
3129 4829 3284 4886 Θεοῦ.
3323 4831 3475 4885 Μετὰ
3505 4831 3559 4884 δὲ

306 4925 419 4989 Eos
453 4935 637 4978 autem
675 4923 959 4978 insecutus
992 4923 1242 4986 Pharao,
1297 4935 1328 4974 a
1371 4921 1522 4976 Mose
1567 4921 1886 4975 submersus

1986 4918 2162 4972 ταῦτα
2219 4919 2478 4985 ἐξέϐαλεν
2523 4921 2550 4972 6
2601 4920 2806 4988 Μωσῆς
2843 4920 2982 4988 μετὰ
3016 4921 3298 4990 βραχίονος
3353 4921 3559 4990 ὑψηλοῦ

305 5021 395 5068 cst
429 5011 484 5066 in
517 5013 656 5067 mari
692 5012 877 5066 Rubro
906 5026 1032 5066 cum
1059 5011 1207 5066 omni
1247 5026 1348 5066 suo
1383 5011 1649 5067 exercitu.
1675 5011 1886 5067 Deinde

1986 5011 2047 5063 τὸ
2086 5011 2243 5078 γένος
2272 5013 2379 5064 τῶν
2412 4993 2686 5082 Ἐϐραίων
2743 5013 2806 5066 ἐκ
2855 5013 2958 5082 γῆς
3009 5012 3288 5079 Αἰγύπτου
3341 5013 3558 5081 καὶτῆς

307 5106 366 5170 in
402 5104 642 5161 desertis
675 5102 1054 5159 obambulavit
1087 5103 1246 5158 annis
1287 5103 1672 5174 quadraginta,
1724 5104 1888 5158 niira-

1985 5102 2226 5166 δουλείας
2257 5103 2482 5173 Φαραώ.
2537 5103 2895 5168 Καταδιώξας
2940 5102 2996 5156 δὲ
3027 5104 3054 5156 6
3089 5102 3311 5172 Φαραὼ,
3339 5101 3558 5154 ἐποντῐ-

305 5197 430 5270 ριιιει
457 5196 630 5252 edens
657 5193 893 5250 inﬁnita.
921 5193 1064 5260 Quin
1100 5203 1154 5250 et
1184 5210 1367 5250 coram
1409 5203 1520 5250 tota
1566 5193 1882 5250 Iudaeorum

1989 5192 2090 5263 σθη
2119 5195 2176 5246 ἐν
2203 5197 2269 5266 τῇ
2318 5195 2554 5266 Ἐρυθρᾷ
2574 5194 2818 5264 θαλάσσῃ
2845 5195 2999 5263 ,μετὰ
3032 5195 3215 5266 πάσης
3253 5195 3357 5261 τῆς
3390 5210 3558 5260 στρα-

306 5296 470 5354 gente
521 5287 578 5348 in
615 5294 856 5342 montem
888 5284 1039 5340 Sinai
1074 5286 1324 5343 ascendit
1348 5326 1363 5352 ,
1408 5287 1489 5342 sic
1517 5285 1583 5341 ad
1613 5287 1764 5340 illum
1797 5286 1883 5340 dic

1989 5286 2108 5348 τιᾶς
2158 5285 2319 5339 αὐτοῦ
2386 5285 2539 5356 παρὰ
2584 5288 2674 5339 τοῦ
2727 5285 3024 5350 Μωῡσέως.
3080 5287 3236 5339 Μετὰ
3268 5285 3326 5339 δὲ
3384 5285 3554 5338 ταῦτα

305 5379 564 5441 pentibus
588 5375 793 5433 Judzeis
819 5392 836 5435 :
872 5394 891 5428 ‹
923 5375 1172 5431 Ascende
1203 5377 1258 5432 in
1288 5386 1552 5442 montem,
1583 5387 1640 5430 et
1663 5375 1756 5430 Dei
1793 5390 1885 5430 vo-

1988 5377 2312 5447 περιεπάτει
2334 5378 2389 5431 ἐν
2409 5381 2474 5448 τῇ
2491 5379 2679 5449 ἐρήμῳ
2696 5378 2917 5448 χρόνους
2936 5377 3364 5446 τεσσαράκοντα,
3389 5375 3558 5428 ποιῶν

307 5470 577 5525 luntatcm
607 5466 872 5535 ediscito;
898 5482 1000 5522 nos
1035 5469 1179 5522 enim
1211 5467 1308 5522 Dei
1332 5483 1520 5523 vocem
1551 5467 1740 5522 audire
1772 5481 1881 5520 non

1985 5467 2242 5538 θαύματα
2259 5469 2498 5537 ἴάπειρα.
2539 5468 2701 5522 Ἀλλὰ
2759 5472 2854 5523 καὶ
2892 5467 3127 5522 ἐνώπιον
3182 5468 3400 5520 πάντων
3447 5468 3555 5520 τῶν

309 5571 628 5629 possumus.
665 5573 738 5613 ne
777 5558 919 5614 forte
941 5559 1262 5613 moriamur.
1293 5577 1312 5610 ι
1345 5558 1583 5629 Populus
1623 5572 1750 5611 vero
1773 5565 1884 5610 sta-

1995 5559 2270 5629 Ἐϐραίων
2323 5559 2490 5627 ἀνέϐη
2561 5561 2589 5611 6
2642 5559 2886 5627 Μωῦσῆς
2948 5559 3044 5610 ἐπὶ
3078 5557 3170 5609 τοῦ
3199 5557 3359 5626 ὅρους
3402 5557 3550 5620 Σινᾶ,

306 5650 406 5705 hat
451 5646 644 5720 procul
689 5663 718 5702 a
774 5661 984 5714 monte,
1016 5665 1140 5704 cum
1175 5658 1412 5704 tremore
1443 5648 1678 5701 adorans
1710 5646 1882 5700 Deum

1985 5651 2248 5704 εἰπόντων
2296 5650 2454 5704 τοῦτο
2510 5651 2619 5703 τῶν
2689 5651 2961 5705 Ἰουδαίων
3031 5650 3169 5718 πρὸς
3230 5648 3414 5710 αὑτὸν,
3476 5649 3555 5701 ὅτι

307 5759 434 5796 cum
460 5741 612 5796 hlose
640 5741 1074 5813 colloquentem.
1109 5742 1284 5797 Moses
1317 5750 1498 5796 autem
1532 5740 1629 5794 Dei
1675 5753 1883 5794 sermo-

1992 5741 2318 5796 ι’Λνάϐαινε
2379 5744 2458 5804 είς
2518 5743 2579 5794 τὸ
2634 5742 2783 5811 ὅρος,
2850 5742 2943 5794 καὶ
2985 5740 3152 5807 γνῶθι
3200 5739 3260 5790 τὸ
3293 5739 3386 5790 τοῦ
3419 5737 3553 5790 Θεοῦ

305 5833 475 5894 nibus
531 5830 756 5895 auditis.
789 5835 1016 5892 eosdem
1070 5826 1316 5892 Hebraeis
1350 5842 1656 5900 exposcit;
1694 5840 1750 5884 ct
1795 5846 1883 5885 rc-

1995 5830 2229 5898 θέλημα.
2277 5833 2467 5897 Ἡμεῖς
2495 5813 2602 5903 ν’ἁρ
2633 5835 2766 5886 Θεοῦ
2800 5833 2982 5906 φωνὴν
3043 5830 3274 5887 ἀκοῦσαι
3309 5831 3366 5882 οὐ
3399 5823 3553 5882 δυνά-
