4090 6474
1817 325 1881 343 ‘b‘
1986 322 1996 331 ⁸
2022 328 2083 340 κ...

507 429 605 494 εει

1420 437 1718 496 CONTRA
1759 437 2248 499 MAIIOMETEM
2294 442 2676 507 APOLOGIA
2718 443 2822 506 IV.

3646 449 3754 514 542

508 540 673 612 μεθα,
695 541 772 610 μή
797 558 923 595 ποτε
951 541 1428 614 τελευτήσωμεν.»
1454 547 1490 596 Κ
1503 547 1562 600 αἰ
1580 549 1608 599 6
1629 547 1726 616 μέν
1744 546 1871 611 λαὸς
1887 547 2042 600 ἴστατ

2183 561 2364 618 petite,
2404 553 2552 623 quod
2577 554 2810 622 dixerat,
2835 553 3119 624 impletum
3153 563 3258 612 est.
3300 556 3569 613 Prmterea
3608 574 3752 614 nun-

506 632 782 704 μακρόθεν
802 632 896 688 τοῦ
929 633 1114 706 ὅρους,
1157 635 1590 703 προσκυνοῦντες
1623 638 1700 707 τῷ
1757 639 1875 709 Θεῷ
1936 641 2074 709 μετὰ

503 725 709 796 τρόμου
750 725 827 794 τῷ
851 725 1106 779 λαλοῦντι
1160 727 1382 782 Μωῦσεῖ
1409 731 1472 781 '6
1503 729 1559 782 δὲ
1597 731 1802 801 Μωσῆς
1855 732 2075 786 ἁκούων

501 834 628 880 τους
689 817 886 885 λόγους
915 816 1010 872 τοῦ
1037 817 1200 884 Θεοῦ,
1256 818 1412 888 ἔλεγε
1442 821 1669 884 τούτους
1697 825 1808 884 τοῖς
1850 822 2072 892 Ἐϐραί-

501 927 603 975 οις,
634 909 728 961 καὶ
759 910 1040 980 παρευθὺς
1062 910 1122 964 τὸ
1163 910 1401 980 λαληθὲν
1451 913 1775 984 ἐπληροῦτο.
1816 915 1958 967 Ἀλλ’
1985 914 2076 968 ού-

501 1001 691 1053 δέποτε
731 997 992 1068 ἐκίνησαν
1038 1002 1166 1064 τοὺς
1220 1002 1635 1072 τεσσαράκοντα
1686 1005 1911 1074 χρόνους
1966 1004 2074 1058 ἀπὸ

501 1088 599 1142 τοῦ
633 1089 799 1144 τόπου
832 1091 1016 1144 αὐτῶν
1044 1091 1175 1146 ἄνευ
1219 1092 1380 1160 λόγου
1410 1094 1504 1146 τοῦ
1537 1095 1696 1150 Θεοῦ.
1733 1098 1937 1166 Μωσῆς
1964 1098 2074 1168 γὰρ

501 1180 702 1244 ἐλάλει,
734 1181 830 1234 καὶ
861 1181 891 1234 6
919 1181 1050 1243 Θεὸς
1081 1181 1411 1250 ἀπεκρίνετο
1431 1187 1611 1256 φωνῇ,
1627 1185 1775 1253 λέγει
1801 1188 1832 1256 ή
1857 1186 2068 1256 Γραφή.

501 1270 659 1325 Μετὰ
689 1271 822 1338 γοῦν
866 1271 978 1324 τῶν
1036 1269 1252 1324 πολλῶν
1283 1275 1608 1345 μαρτυριῶν
1644 1293 1702 1329 τε
1736 1281 1829 1330 καὶ
1861 1277 2073 1346 θαυμάο

497 1381 608 1417 οιων
639 1362 871 1428 ἐξέδωκε
901 1363 994 1417 τὸν
1026 1364 1189 1432 νόμον
1218 1366 1332 1428 τοῖς
1370 1366 1668 1437 Ἰουδαίοις,
1701 1369 1794 1420 καὶ
1825 1368 2076 1434 ἐδέξαντο

496 1455 676 1518 τοῦτο,
709 1455 803 1508 καὶ
837 1455 1280 1528 προσεκύνησαν,
1315 1457 1412 1510 καὶ
1449 1458 1759 1527 παρέλαϐον
1788 1460 1880 1514 τόν
1917 1463 2070 1532 παρὰ

501 1548 598 1600 τοῦ
628 1548 873 1612 Μωσέως
925 1548 1148 1603 δοθέντα
1206 1550 1394 1618 νόμον,
1421 1553 1498 1614 ὡς
1553 1551 1647 1603 τοῦ
1679 1551 1813 1628 Θεοῦ
1872 1553 2062 1621 νόμον.

2179 659 2342 710 quam
2376 659 2476 714 per
2525 645 2886 716 quadraginta
2927 644 3031 700 hos
3062 657 3236 704 annos
3274 647 3454 702 locum
3505 657 3750 705 mutave-

2177 741 2310 786 runt
2353 734 2617 791 citraDei
2649 737 2957 792 oraculum.
3004 736 3182 792 Moses
3214 737 3363 793 enim
3398 738 3748 808 loquebatur,

2175 832 2228 876 et
2255 823 2397 881 Deus
2445 839 2581 879 voce
2611 840 2712 880 sua
2737 826 3044 896 respondit,
3073 836 3151 882 ut.
3171 826 3455 897 Scriptura
3492 836 3746 885 testatur.

2175 910 2359 966 Multis
2418 911 2588 982 igitur
2637 914 2969 970 testimoniis
3009 924 3067 972 et
3113 915 3395 972 miraculis
3428 917 3746 982 instructus.

2174 999 2348 1071 legem
2406 1002 2653 1060 Hebraeis
2699 1005 2844 1072 tulit,
2877 1016 2931 1061 et
2963 1006 3138 1073 legem
3172 1006 3241 1062 ab
3278 1006 3385 1062 hoc
3432 1008 3622 1073 latam,
3648 1024 3750 1066 ceu

2175 1089 2414 1144 divinam
2499 1102 2833 1162 receperunt
2895 1102 2952 1150 et
3005 1096 3252 1152 venerati
3315 1105 3464 1152 sunt.
3516 1097 3752 1160 Secutus

2177 1179 2324 1236 hunc
2356 1189 2441 1237 est
2469 1182 2744 1249 Christus,
2781 1186 3030 1240 omnium
3066 1186 3457 1256 prophetarum
3485 1189 3751 1258 probatus

2174 1273 2524 1330 testimoniis.
2564 1275 2632 1332 Et
2679 1275 2860 1333 Moses
2880 1277 3103 1352 quidem
3137 1279 3514 1335 testimonium
3545 1285 3750 1352 recepit

2169 1364 2285 1435 jam
2311 1367 2697 1436 octogenarius
2732 1373 2834 1432 (tot
2861 1351 3008 1423 enim
3031 1369 3145 1440 jam
3180 1383 3356 1424 annos
3394 1379 3555 1429 natus
3586 1351 3704 1428 erat
3728 1411 3744 1432 .

2172 1470 2296 1510 cum
2325 1471 2353 1509 a
2385 1456 2498 1511 Deo
2524 1465 2584 1512 ut
2607 1457 2861 1514 Israelem
2895 1458 3127 1532 [Egypto
3152 1461 3437 1528 educeret,
3466 1463 3750 1519 ordinare-

2174 1546 2316 1615 tur),
2352 1546 2604 1602 Christus
2635 1556 2818 1602 autem
2874 1550 3206 1604 testimoniis
3239 1551 3502 1620 probatus
3527 1551 3628 1607 fuit
3677 1555 3746 1607 ah

498 1635 702 1692 Ἦλθεν
757 1639 1069 1709 όΧριστδς,
1124 1641 1219 1694 καὶ
1260 1636 1373 1709 εἶχε
1429 1641 1526 1702 τὰς
1559 1641 1866 1710 μαρτυρίας
1918 1645 2046 1708 ποιρέ

2171 1637 2288 1708 ipsa
2335 1639 2524 1694 mundi
2552 1640 2900 1705 fundatione,
2932 1651 2988 1696 et
3030 1643 3343 1712 priusquam
3375 1645 3466 1698 ille
3494 1659 3746 1699 nascere-

495 1731 716 1785 πάντων
762 1731 871 1784 τῶν
895 1731 1214 1801 προφητῶν.
1270 1732 1384 1786 Kal
1416 1733 1444 1784 6
1482 1731 1581 1800 μὲν
1613 1734 1856 1802 Μωῦσῆς
1908 1732 2046 1785 ἔλαϐε

2171 1737 2283 1784 tur.
2343 1727 2538 1784 Statim
2595 1731 2742 1785 enim
2787 1731 3026 1786 Abrahae
3083 1735 3424 1802 temporibus
3477 1735 3742 1790 declarari

490 1823 591 1894 τὴν
611 1823 917 1894 μαρτυρίαν
933 1821 1414 1892 ὀγδοηκοντούτης,
1433 1823 1701 1877 τοσούτων
1734 1824 1826 1876 καὶ
1851 1824 1958 1893 γὰρ
1975 1824 2046 1876 εύι

2173 1829 2462 1890 coeperunt
2492 1821 2641 1877 illius
2674 1823 2988 1879 testimonia
3012 1863 3028 1890 ,
3065 1825 3524 1896 quemadmodum
3563 1827 3619 1882 in
3652 1841 3742 1882 su-

493 1880 714 1984 ριέτὲετὲ
743 1880 903 1980 ἐτῶν,
936 1880 1100 1967 ὁπότε
1159 1880 1474 1987 προσετάγῃ
1508 1915 1659 1983 παρὰ
1686 1913 1823 1966 Θεοῦ
1861 1880 2046 1984 ἐξαραι

2172 1913 2484 1984 perioribus
2517 1913 2953 1968 demonstratum
2970 1923 3078 1970 est.
3111 1915 3230 1971 Jam
3268 1929 3399 1969 vero
3442 1924 3625 1981 natus,
3651 1929 3740 1970 sc-

486 2009 615 2071 τοὺς
644 2006 797 2070 υἱοὺς
837 2005 1054 2076 Ἰσραὴλ
1095 2003 1156 2071 ἐξ
1182 2005 1460 2074 Αἰγύπτου
1497 2022 1511 2037 ο
1554 2009 1581 2059 6
1605 2005 1662 2058 δὲ
1691 2005 1927 2076 Χριστὸς
1947 2001 2046 2075 εἶχε

2169 2003 2278 2058 mel
2323 2009 2487 2072 atque
2533 2003 2733 2058 iterum
2766 2002 2860 2059 Dei
2893 2003 3073 2058 Patris
3101 2003 3475 2060 testimonium
3509 2003 3736 2073 accepit.

486 2100 588 2162 τὰς
623 2099 935 2170 μαρτυρίας
993 2097 1102 2152 ἀπὸ
1158 2096 1469 2167 καταϐολῆς
1529 2097 1765 2168 κόσμου,
1805 2096 1944 2158 τέως
2000 2095 2046 2149 δὲ

2163 2093 2438 2150 Praeterea
2460 2093 2725 2149 miracula
2753 2110 2972 2165 quoque
2999 2094 3191 2161 edidit,
3223 2111 3332 2150 non
3366 2095 3532 2150 veluti
3563 2095 3739 2150 Moses

487 2187 622 2260 πρὶν
674 2189 708 2258 ἢ
759 2187 1090 2257 γεννηθῆναι
1131 2185 1294 2239 αὐτόν
1321 2200 1337 2216 ⁸
1378 2185 1486 2238 ἀπὸ
1511 2185 1622 2256 γάρ
1657 2183 1754 2238 τοῦ
1803 2183 2046 2254 Ἀϐραὰμ

2161 2186 2218 2241 in
2243 2184 2476 2257 Egypto
2500 2195 2556 2242 et
2583 2186 2824 2253 deserto,
2844 2185 2937 2242 sed
2964 2187 3225 2257 ingentia,
3255 2196 3310 2242 et
3336 2202 3554 2243 omnem
3577 2202 3740 2254 supe-

485 2282 726 2352 ἧρξαντο
750 2279 1150 2350 ἀναφαίνεσθαι
1184 2279 1239 2332 αἱ
1297 2276 1393 2332 τοῦ
1428 2277 1669 2347 Χριστοῦ
1729 2276 2046 2348 μαρτυρίαι,

2159 2278 2341 2332 rantia
2368 2287 2638 2343 naturam,
2661 2287 2922 2348 tantoque
2941 2278 3050 2333 illis
3074 2279 3300 2349 majora,
3322 2287 3528 2348 quanto
3561 2277 3738 2331 domi-

488 2370 672 2433 καθὼς
701 2371 759 2424 ἐν
788 2373 901 2434 τοῖς
949 2369 1261 2442 ἔμπροσθεν
1307 2369 1708 2423 ἀποδέδεικται.
1766 2369 2046 2437 Γεννηοεὶς

2159 2386 2264 2426 nus
2295 2385 2458 2426 servo
2487 2377 2572 2426 est
2606 2370 2979 2440 praestantior.
3009 2370 3076 2426 Et
3104 2377 3228 2440 post
3257 2369 3428 2423 multa
3453 2369 3553 2424 ista
3585 2369 3737 2423 testi-

489 2464 541 2516 δὲ
573 2462 736 2516 πάλιν
763 2447 1122 2531 ἐμαρτυρήθη
1190 2459 1288 2530 τὴν
1329 2462 1480 2531 παρὰ
1511 2461 1602 2514 τοῦ
1633 2459 1768 2514 Θεοῦ
1820 2463 1914 2514 καὶ
1946 2464 2046 2515 Πα-

2161 2462 2343 2516 monia
2372 2501 2387 2525 ,
2416 2470 2541 2531 post
2570 2461 2784 2517 infinita
2836 2469 2892 2515 ct
2923 2460 3045 2529 plus
3074 2477 3236 2532 quam
3269 2460 3536 2514 naturalia
3571 2460 3736 2514 mira-

487 2556 608 2626 τρδς
638 2553 947 2625 μαρτυρίαν
998 2553 1152 2624 μίαν,
1183 2556 1275 2607 καὶ
1295 2553 1399 2617 δίς.
1435 2553 1772 2622 Ἐποίησι“δὲ
1807 2555 1900 2607 καὶ
1925 2553 2046 2608 θαύ-

2157 2553 2302 2619 cula,
2321 2553 2600 2622 Evangelii
2630 2552 2715 2608 lex
2743 2552 3080 2622 promulgata
3111 2561 3217 2607 est.
3239 2552 3541 2608 Coluerunt
3565 2551 3730 2606 etiam

487 2658 630 2716 ματα
680 2646 743 2700 οὒ
799 2644 941 2700 κατὰ
988 2645 1080 2698 τὸν
1145 2645 1386 2700 Μωῦσέα
1430 2646 1487 2697 ἐν
1535 2643 1794 2714 Αἰγύπτῳ
1847 2646 1938 2698 καὶ
1985 2647 2046 2715 τῇ

2159 2655 2212 2700 et
2247 2646 2510 2715 amplexae
2543 2653 2673 2700 sunt
2703 2646 2844 2701 hanc
2901 2659 3093 2700 omnes
3121 2653 3312 2715 gentes
3354 2655 3409 2700 et
3441 2643 3732 2699 universus

483 2739 695 2809 ἐρήμῳ,
723 2736 858 2791 ἀλλὰ
893 2735 1127 2806 μεγάλα,
1158 2736 1252 2790 καὶ
1291 2735 1433 2806 ὑπὲρ
1487 2734 1670 2802 φύσιν,
1707 2737 1802 2787 καί
1857 2733 2046 2788 τοσοῦ-

2159 2735 2332 2798 orhis,
2361 2746 2525 2806 atque
2553 2737 2608 2792 in
2648 2736 2928 2794 Christum
2955 2737 3332 2806 crediderunt,
3360 2737 3455 2806 qui
3486 2736 3730 2805 Evange-

479 2845 571 2881 τον
600 2827 826 2881 ἐκείνων
854 2825 1100 2897 μείζονα,
1148 2824 1274 2877 ὅσον
1325 2824 1575 2894 διαφέρει
1607 2823 1876 2892 δεσπότης
1928 2822 2046 2876 δού-

2157 2824 2292 2879 lium
2320 2825 2570 2884 dederat.

481 2923 596 2973 λου.
624 2919 734 2973 Καὶ
768 2917 910 2990 μετὰ
947 2919 1050 2984 τὰς
1119 2916 1322 2980 πολλὰς
1368 2917 1590 2980 ἐκείνας
1632 2914 1964 2987 μαρτυρίας,
2031 2915 2127 2968 καὶ
2166 2919 2232 2970 τὰ
2259 2917 2463 2991 ἄπειρα
2493 2919 2586 2973 καὶ
2607 2919 2758 2992 ὑπὲρ,
2785 2917 2945 2990 φύσιν
2996 2918 3252 2989 θαύματα
3281 2917 3470 2975 ἔκτοτε
3511 2915 3729 2989 ἐξεδόθη

477 3014 628 3076 όντοῦ
687 3013 1021 3084 Εύαγγελίου
1079 3013 1263 3085 νόμος,
1318 3013 1415 3068 καὶ
1470 2996 1889 3100 προσεκύνησαν
1955 3012 2049 3066 καὶ
2084 3015 2406 3084 ἠσπάσαντο
2462 3014 2624 3070 αὐτὸν
2654 3015 2831 3070 πάντα
2853 3015 2924 3068 τὰ
2953 3015 3106 3086 ἔθνη,
3133 3019 3285 3070 πᾶσα
3341 3016 3376 3086 ἡ
3409 3014 3728 3086 οἰκουμένη,

478 3107 571 3162 καὶ
596 3107 923 3162 ἐπίστευσαν
947 3108 1025 3173 είς
1051 3108 1143 3163 τὸν
1173 3105 1429 3178 Χριστὸν,
1459 3107 1552 3161 τὸν
1583 3107 1743 3162 δόντα
1772 3106 1835 3160 τὸ
1873 3107 2228 3174 Εύαγγέλιονε
3231 3161 3234 3163 Α

544 3204 610 3259 δ’.
650 3201 710 3256 '0
746 3201 803 3256 δέ
844 3201 1086 3273 Μωάμεθ
1120 3202 1305 3255 οὐτοσὶ
1337 3202 1503 3256 πόθεν
1544 3200 1727 3255 λασὼν
1766 3200 1866 3264 τὰς
1907 3218 2045 3270 μαρ-

2215 3202 2268 3258 4.
2309 3203 2585 3260 Mahomet
2613 3210 2793 3259 autem
2825 3201 3027 3270 quibus
3060 3200 3387 3256 testimoniis
3413 3201 3728 3257 instructus

473 3315 537 3350 τυ
547 3295 687 3364 ρίας,
716 3295 920 3361 ἐδίδαξε
943 3296 1012 3349 τὰ
1029 3295 1275 3366 δόγματα
1293 3295 1436 3365 ειπερ
1453 3293 1684 3361 ἐδίδαξε,
1703 3295 1797 3348 καὶ
1813 3293 2046 3358 ἐξέδωκε

473 3390 564 3443 τὸν
589 3390 751 3460 νόμον
780 3391 891 3452 τοῖς
918 3387 1396 3457 Μουσουλμάνοιςς
1433 3387 1658 3450 Πάντως
1699 3387 1800 3440 οὐκ
1824 3387 2048 3442 ἄλλοθεν

471 3483 507 3554 ἦ
534 3483 697 3547 αὐτὸς
724 3483 814 3551 ἀφ’
839 3481 1034 3534 ἐαυτοῦ
1065 3483 1214 3534 ἐστιν
1238 3482 1264 3533 6
1284 3480 1580 3551 μαρτυρῶν
1596 3481 1728 3551 περὶ
1744 3479 1931 3533 αὑτοῦ.
1949 3479 2045 3541 Εἰς

471 3575 580 3644 γὰρ
597 3575 775 3628 πᾶσαν
789 3572 886 3644 τὴν
903 3573 1052 3627 θείαν
1075 3573 1117 3624 Γ
1122 3569 1300 3641 ραφήν
1327 3571 1425 3624 οὐκ
1457 3573 1818 3638 ἀναφαίνεται
1837 3573 1874 3641 ἠ
1915 3572 2047 3640 περὶ

474 3667 642 3722 αὺτοῦ
675 3666 974 3736 μαρτυρία,
1019 3664 1156 3718 ἀλλὰ
1188 3662 1520 3718 τούναντίον.
1569 3663 1630 3717 '0
1668 3664 1778 3734 γὰρ
1799 3663 2043 3733 Μωῦσῆς

469 3759 640 3824 οὕτως
653 3758 845 3830 εἴρηκε
865 3757 1104 3829 περὶτοῦ
1121 3758 1164 3810 Χ
1175 3755 1358 3826 ριστοῦ
1383 3757 1520 3827 πρὸς
1535 3755 1628 3811 τὸν
1642 3756 1748 3810 τῶν
1777 3755 2042 3826 Ἐϐραίων

467 3849 618 3914 λαὸν,
635 3849 718 3903 ὅτι
745 3867 764 3900 ι
787 3848 1109 3916 Ἀναστήσει
1127 3845 1518 3917 ΚύριοςόΘεὺς
1541 3845 1832 3918 προφήτην
1852 3848 1914 3900 ὲκ
1930 3847 2040 3901 τῶν

467 3937 713 4009 ἀδελφῶν
735 3936 894 4006 ἡμῶν
913 3935 988 4000 ὡς
1006 3936 1129 4006 ἐμέ.
1150 3937 1310 3990 Πᾶσα
1329 3933 1476 4006 ψυχή
1487 3936 1608 4006 ἥτις
1628 3937 1730 3988 οὐκ
1745 3934 2038 3989 ἀκούσεται

469 4027 561 4082 τοῦ
623 4029 909 4100 προφήτου
977 4027 1214 4094 ἐκείνου,
1274 4025 1821 4098 ἐξολοθρευθήσεται.
1861 4045 1879 4079 ι
1918 4026 2038 4080 Κᾶν

468 4118 599 4188 γοῦν
649 4117 747 4173 καὶ
807 4119 865 4171 ἐν
892 4118 1006 4181 τοῖς
1063 4114 1374 4190 ἔμπροσθεν
1404 4117 1536 4189 περὶ
1559 4117 1756 4170 τούτου
1785 4117 2034 4186 εἴπομεν,

464 4209 580 4264 ἀλλ’
601 4210 702 4264 οὐκ
725 4210 1039 4280 όκνήσομεν
1088 4207 1253 4262 πάλιν
1304 4209 1482 4261 εἰπεῖν
1514 4207 1643 4277 περὶ
1693 4206 1896 4262 αὐτῶν.
1945 4208 2034 4262 Ἐν

466 4305 572 4372 γὰρ
596 4302 672 4372 τῷ
702 4303 874 4356 εἰπεῖν
927 4299 1018 4354 τὸν
1076 4300 1366 4372 προφήτην
1401 4300 1668 4366 Μωῢσέα,
1699 4299 1784 4353 ὅτι
1819 4318 1838 4351 ι
1883 4299 2030 4372 Προ-

2151 3291 2404 3363 dogmata
2467 3308 2566 3348 sua
2611 3292 2782 3356 dedit,
2825 3300 2881 3346 et
2919 3290 3280 3346 Musulmanis
3336 3290 3511 3360 legent
3568 3305 3726 3346 suam

2147 3383 2553 3454 promulgavit?
2589 3382 2806 3438 Nullius
2857 3389 3007 3436 certe
3074 3381 3326 3454 alterius_
3373 3379 3723 3445 auctoritate,

2146 3475 2240 3530 sed
2276 3490 2372 3531 sua
2403 3475 2627 3545 propria
2661 3474 2804 3529 hanc
2836 3473 3055 3528 statuit.
3095 3473 3164 3528 Et
3201 3472 3292 3528 hic
3329 3472 3443 3542 ipse
3473 3481 3580 3537 est,
3607 3471 3724 3542 .qui

2145 3565 2215 3622 de
2254 3581 2313 3622 se
2370 3563 2747 3622 testimonium
2798 3563 2927 3620 fert.
2979 3565 3039 3620 ln
3068 3564 3323 3619 universa
3374 3563 3523 3618 enim
3565 3577 3725 3619 sacra

2145 3657 2434 3728 Scriptura
2478 3659 2690 3712 nullum
2737 3653 2806 3712 de
2841 3655 2936 3711 illo
2983 3664 3162 3710 exstat
3192 3653 3592 3720 teStimonium,
3626 3654 3723 3710 sed

2142 3762 2266 3816 quae
2297 3747 2372 3802 illi
2400 3745 2678 3801 contraria
2713 3744 2846 3801 sint.
2880 3744 3060 3801 Moses
3095 3744 3244 3800 enim
3292 3744 3362 3800 de
3402 3743 3622 3800 Christo
3653 3744 3722 3803 ad

2143 3835 2501 3890 Hebraeorum
2532 3835 2797 3906 populum
2829 3834 2910 3890 sic
2932 3834 3112 3890 dixit:
3150 3853 3170 3887 ι
3202 3833 3503 3890 Suscitabit
3533 3833 3720 3888 Domi-

2139 3943 2246 3983 nus
2283 3928 2426 3983 Deus
2474 3928 2796 3998 prophetam
2827 3942 2896 3983 ex
2940 3926 3202 3982 fratribus
3227 3925 3432 3981 nostris
3459 3933 3719 3994 tanquam

2138 4033 2251 4073 me.
2294 4016 2487 4074 Omnis
2535 4017 2719 4074 anima
2751 4011 2874 4088 qua:
2909 4033 3017 4074 non
3065 4016 3342 4072 audiverit
3390 4015 3716 4086 prophetam

2137 4109 2312 4176 illum,
2346 4108 2768 4180 exstirpabitur.
2807 4126 2829 4160 ι
2870 4107 2936 4161 Et
2967 4108 3098 4163 licet
3135 4109 3193 4162 in
3231 4107 3615 4178 superioribus
3647 4106 3718 4161 de
3815 4134 3819 4138 ~

2134 4200 2222 4254 his
2251 4198 2577 4264 dixerimus,
2606 4213 2717 4252 non
2749 4206 2931 4252 tamen
2963 4197 3173 4269 pigebit
3198 4196 3266 4253 dc
3300 4197 3496 4252 iisdem
3528 4195 3716 4251 denuo

2133 4290 2339 4348 dicere.
2361 4290 2499 4346 Cum
2529 4290 2676 4344 enim
2709 4288 2888 4344 Moses
2915 4289 3182 4358 propheta
3212 4287 3380 4344 dicit:
3415 4307 3434 4340 ι
3467 4287 3718 4360 Prophe.

464 4398 642 4466 φήτην
669 4394 969 4465 ἀναστήσει
1003 4391 1216 4463 Κύριος
1271 4393 1300 4445 ό
1349 4391 1482 4455 Θεὸς
1513 4392 1579 4444 ἐκ
1628 4389 1739 4444 τῶν
1788 4390 2033 4460 ἀδελφῶν

2149 4398 2241 4439 “am
2266 4381 2555 4439 suscitahit
2579 4380 2847 4436 Dominus
2871 4377 3015 4434 Deus
3038 4392 3105 4433 ex
3129 4376 3397 4433 fratribus
3425 4379 3652 4446 nostris,
3687 4399 3708 4434 ι

461 4486 639 4555 ήμῶν,
675 4504 694 4537 ι
732 4484 934 4551 ἔδειξεν
955 4484 1036 4538 ὅτι
1067 4483 1260 4536 ἐκτῶν
1299 4480 1574 4537 Ἰουδαίων
1604 4480 1752 4534 ἐστὶν
1773 4483 1802 4535 6
1821 4481 2031 4552 μέλλων

2149 4472 2464 4546 significavit
2493 4487 2559 4528 ex
2604 4470 2808 4528 Judaeis
2855 4469 3005 4524 hunc
3042 4468 3365 4540 prophetam
3416 4471 3712 4526 oriundum

461 4548 634 4628 ἐλθεῖν
663 4548 971 4644 προφήτης.
1004 4569 1120 4625 Καὶ
1147 4569 1359 4624 ἐκείνου
1409 4571 1756 4637 ἀκούσονται,
1786 4548 2034 4629 ἄλλουίδέ

2149 4581 2277 4621 esse.
2332 4565 2402 4619 Et
2455 4565 2602 4618 hunc
2649 4561 2896 4634 audient,
2929 4560 3208 4629 aliumque
3237 4559 3551 4616 venientem
3599 4577 3714 4627 non

457 4666 703 4728 ἐλθόντος
732 4665 793 4718 ού
824 4662 1224 4736 παραδέξονται
1260 4662 1445 4729 αὐτὸν,
1498 4663 1635 4718 ἀλλὰ
1668 4665 1765 4718 καὶ
1814 4664 2034 4736 μακράν

2149 4656 2425 4727 recipient,
2456 4656 2589 4726 quin
2620 4653 2813 4724 procul
2849 4653 2918 4707 ab
2958 4651 3089 4719 ipsis
3123 4651 3515 4707 exsibilabunt.
3547 4652 3714 4708 Chrib

457 4775 560 4810 που
609 4756 889 4822 διώξουσιν
939 4753 1104 4809 αὑτὸν
1137 4753 1197 4820 ἐξ
1257 4753 1460 4810 αὐτῶν.
1520 4755 1684 4824 Λέγει
1729 4756 1758 4808 ό
1793 4755 2032 4826 Χριστὸς

2149 4759 2252 4805 itus
2273 4749 2538 4805 Joannem
2569 4744 2850 4801 Zachariae
2881 4745 3052 4799 lilium
3087 4743 3506 4814 prophetam,et
3535 4745 3712 4800 maxi.

455 4854 586 4924 περὶ
625 4851 878 4906 Ἰωάννου
905 4847 998 4904 τοῦ
1032 4848 1154 4903 υἱοῦ
1183 4849 1482 4920 Ζαχαρίου,
1539 4848 1840 4920 μαρτυρῶν
1865 4848 2029 4905 αὑτὸν

2149 4857 2282 4897 num
2331 4840 2658 4913 prophetam
2732 4837 3148 4898 testificaturus,
3216 4833 3395 4889 dicit:
3451 4852 3469 4885 ι
3509 4833 3711 4892 Omnes

453 4947 758 5017 προφήτην,
790 4943 888 4998 καὶ
923 4941 1186 5013 μέγιστον
1228 4938 1541 5013 προφήτην,
1571 4938 1668 4996 καὶ
1719 4938 1896 5009 λέγων
1942 4940 2027 4995 ὅτι

2149 4932 2410 5002 ποριιοιοε
2455 4944 2630 5000 usque
2675 4927 2744 4982 ad
2786 4927 3050 4985 Joannem
3104 4925 3620 4997 prophetaverunt,
3676 4942 3708 4981 a

457 5055 477 5088 ι
509 5037 710 5099 Πάντες
733 5036 781 5088 οἱ
812 5033 1099 5106 προφῆται
1128 5033 1234 5094 ἕως
1273 5031 1520 5086 Ἰωάννου
1578 5027 2046 5104 προεφήτευσαν,

2149 5023 2338 5080 ioanne
2397 5035 2530 5076 vero
2563 5034 2794 5090 regnum
2841 5017 2938 5073 Dei
2987 5017 3345 5072 annuntiatur
3367 5017 3434 5070 ".
3461 5035 3480 5069 ι
3516 5016 3715 5084 lamna,

451 5126 562 5179 ἀπὸ
601 5125 656 5179 δὲ
686 5124 780 5178 τοῦ
823 5123 1069 5180 Ἰωάννου
1099 5123 1134 5190 ὴ
1176 5121 1423 5192 βασιλεία
1451 5121 1544 5175 τοῦ
1570 5121 1706 5177 Θεοῦ
1735 5121 2024 5192 εὐαγγελί-

2155 5114 2416 5186 ntelligis,
2449 5110 2730 5192 quomodo
2773 5111 2951 5167 Moses
2994 5109 3308 5166 Iudaeorum
3339 5109 3544 5179 populo
3571 5126 3712 5180 praes
3792 5166 3794 5168 ,

448 5213 622 5276 ζεται.
651 5230 672 5264 ι
723 5210 887 5282 Ὁρᾷς
915 5211 1065 5272 ὅπως
1098 5211 1126 5262 6
1161 5208 1262 5278 μὲν
1301 5209 1543 5279 Μωῦσῆς
1569 5201 1910 5279 παρήγγειλε
1943 5208 2022 5280 τῷ

449 5305 594 5370 γένει
639 5303 748 5357 τῶν
802 5301 1072 5372 Ἐϐραίων
1103 5300 1193 5354 ἵνα
1248 5300 1410 5371 μόνον
1451 5302 1541 5354 τὸν
1573 5302 1638 5353 ἐκ
1669 5300 1766 5356 τοῦ
1822 5287 2011 5370 γένους

447 5395 558 5447 τῶν
599 5394 869 5466 Ἐϐραίων
889 5391 1114 5446 ἐλθόντα
1153 5392 1442 5463 προφήτην
1472 5391 1752 5459 δέξωνται,
1779 5393 1938 5446 ἄλλον
1959 5391 2016 5446 δὲ

449 5485 731 5556 ούδαμῶς;
765 5483 927 5538 Ἀλλὰ
963 5483 1059 5539 καὶ
1085 5483 1288 5546 πάντες
1309 5484 1357 5535 oi
1384 5481 1664 5555 προφῆται
1715 5483 1780 5536 ἐκ
1803 5481 1894 5537 τοῦ
1923 5481 2016 5551 γέ-

445 5593 572 5640 νους
616 5574 729 5630 τῶν
795 5575 1066 5630 Ἰουδαίων
1114 5574 1273 5630 εἰσίν.
1319 5574 1382 5628 'O
1436 5573 1495 5627 δὲ
1549 5573 1787 5645 Χριστὸς
1846 5574 2013 5627 πάλιν

442 5664 828 5736 καθαρώτερον
855 5665 1104 5737 εἴρηκεν,
1128 5663 1212 5718 ὅτι
1239 5683 1258 5716 ι
1295 5663 1504 5728 Πάντες
1531 5663 1580 5717 οι
1610 5661 1887 5734 προφῆται
1907 5663 2015 5727 ἐως

456 5755 723 5823 Ἰωάννου,
755 5752 871 5808 ’καὶ
924 5754 1091 5809 πλέον
1144 5753 1284 5824 ούχί.
1324 5772 1344 5808 t
1382 5755 1480 5808 Διά
1535 5771 1616 5808 τοι
1647 5753 1803 5808 τοῦτο
1845 5757 1873 5808 6
1937 5755 2012 5824 μὴ

515 5889 561 5922 ⁸³
595 5889 785 5948 Matth.
817 5905 895 5958 ιι,
924 5889 1012 5954 12,
1047 5890 1133 5945 l5.

2130 5205 2290 5275 cipit,
2337 5213 2398 5258 ut
2426 5202 2648 5258 unicum
2679 5201 3060 5256 tantummodo
3090 5198 3446 5254 Hebraeorum
3494 5199 3713 5254 semine

2125 5303 2315 5351 natum
2369 5295 2698 5366 prophetam
2743 5291 3044 5362 recipiant,
3085 5290 3255 5346 alium
3313 5307 3446 5347 vero
3497 5307 3708 5364 nequa-

2122 5402 2286 5458 quam
2315 5387 2339 5442 ?
2364 5386 2760 5443 Verumtamen
2792 5396 2988 5438 omnes
3017 5382 3301 5453 prophetae
3327 5398 3357 5438 e
3387 5383 3709 5444 indecorum.

2123 5479 2330 5550 populo
2361 5477 2474 5536 nati
2509 5485 2658 5532 sunt.
2689 5475 2948 5532 Christus
2992 5483 3179 5530 autem
3223 5491 3420 5531 rursus
3453 5477 3558 5531 hoc
3586 5475 3705 5546 pla-

2122 5570 2247 5627 nius
2275 5567 2549 5640 exposuit,
2571 5567 2805 5623 «Omnes
2819 5564 3104 5636 pr0pheta3
3119 5579 3294 5634 usque
3317 5565 3386 5619 ad
3411 5563 3700 5628 Joannem.

2129 5671 2189 5720 et
2217 5661 2454 5718 ulterius
2481 5677 2590 5716 non
2617 5667 2830 5714 erunt.»
2864 5656 3210 5728 Quapmpter
3233 5656 3328 5727 qui
3351 5655 3447 5711 Dei
3483 5663 3539 5710 et
3564 5669 3698 5723 pro-

2121 5755 2414 5826 phetarum
2472 5737 2787 5810 testimonio
2841 5748 3084 5805 caruerit
3180 5755 3236 5801 et
3300 5744 3476 5800 iosius
3526 5756 3697 5800 sacrae
