4090 6470
363 435 473 500 δίε]
1557 434 1885 498 ΙΟᾹΝΝΙΞ
1919 435 1950 496 C

2052 437 2454 500 [TACUZENI
3521 434 3630 501 544

361 556 686 624 Scriptum,
741 565 770 606 a
816 550 930 606 Deo
969 563 1076 604 non
1126 558 1231 605 est.
1285 549 1562 606 Mahomet
1605 553 1774 622 igitur
1813 569 1938 609 cum

2052 553 2182 624 ἔχων
2216 553 2526 626 μαρτυρίαν
2556 554 2706 625 παρά
2741 553 2874 609 Θεοῦ
2903 556 2998 610 καὶ
3031 547 3142 610 τῶν
3182 555 3499 624 προφητῶν,
3530 557 3631 609 καὶ

363 666 482 708 non
523 648 726 704 habeat
770 643 958 702 sacraa‘
991 644 1288 715 Scriptura:
1317 645 1716 708 testimonium,
1755 659 1785 698 a
1839 645 1950 700 Deo

2055 647 2226 714 αὐτῆς
2253 647 2351 715 τῆς
2380 646 2534 709 θείας
2566 647 2816 717 Γραφῆς,
2865 647 2966 701 οὐκ
3025 646 3143 700 ἐστι
3176 647 3332 718 παρὰ
3359 645 3519 702 Θεοῦ.
3569 647 3631 699 Ὁ

369 755 482 796 non
524 747 612 795 est
659 738 884 792 missus.
924 735 1181 791 Christus
1223 750 1358 789 vero
1408 750 1519 790 non
1588 745 1798 790 tantum
1847 736 1952 791 hoc

367 832 550 886 dixit:
593 850 610 882 ι
652 830 858 886 Omnes
912 827 1195 897 prephetaa
1240 840 1414 894 usque
1463 824 1530 879 ad
1581 825 1869 888 Joannem,
1899 839 1953 882 et

367 922 608 979 ulterius
640 937 752 975 non
786 929 971 984 erunt,
1005 937 1024 970 ι
1061 917 1156 972 sed
1199 926 1252 972 et
1284 916 1499 986 signum
1539 915 1690 970 dedit
1724 916 1830 970 hoc
1860 931 1954 971 co-

368 1011 666 1084 gnoscendi
695 1011 972 1074 omnibus,
1001 1009 1228 1063 dicens:
1263 1026 1283 1058 ‹
1313 1001 1516 1060 cavete
1550 1021 1580 1060 a
1617 1006 1953 1076 pseudopro-

369 1106 576 1175 phetis,
621 1105 714 1175 qui
746 1102 974 1157 veniunt
1021 1100 1091 1156 ad
1139 1115 1240 1156 vos
1285 1099 1485 1154 vestitu
1538 1100 1747 1165 ovium,
1805 1100 1954 1155 intus

367 1212 504 1252 vero
546 1206 676 1251 sunt
721 1194 836 1264 lupi
887 1192 1132 1263 rapaces.
1185 1195 1231 1246 Α
1273 1190 1542 1246 fructibus
1577 1189 1822 1260 ipsorum
1853 1205 1950 1246 co-

367 1288 646 1359 gnoscetis
686 1288 809 1342 illos
833 1286 900 1338 “.
956 1303 975 1336 ι
1021 1283 1393 1354 Inspiciamus
1439 1281 1609 1352 igitur
1650 1282 1776 1352 quis
1814 1281 1954 1353 legis

367 1379 746 1436 Mahometicaa
775 1378 989 1432 fructus
1015 1374 1112 1439 sit,
1137 1374 1322 1430 ethoc
1350 1374 1642 1443 diligenter
1663 1374 1953 1429 enucleate

365 1471 607 1527 elucebit
637 1471 862 1525 veritas.
895 1469 1168 1522 Mahomet
1200 1465 1336 1521 dicit
1401 1482 1416 1519 :
1469 1466 1588 1520 Non
1620 1466 1743 1520 veni
1776 1465 1949 1536 legem

365 1563 583 1618 laturus
628 1578 726 1631 per
754 1559 1054 1622 miracula,
1090 1558 1186 1613 sed
1227 1573 1353 1612 cum
1400 1573 1533 1613 ense
1565 1568 1620 1613 et
1653 1557 1853 1628 gladio.
1884 1557 1952 1611 Et

366 1653 460 1722 qui
507 1661 712 1708 nostrae
761 1652 892 1721 legi,
929 1667 1050 1721 quae
1098 1650 1285 1704 divina
1330 1656 1436 1716 est,
1490 1663 1600 1702 non
1640 1647 1946 1717 paruerint,

365 1754 546 1799 morte
577 1744 911 1807 moriantur,
960 1750 1054 1795 aut
1085 1741 1290 1795 tributa
1333 1740 1588 1802 solvant;
1627 1747 1682 1794 et
1707 1739 1802 1808 qui
1856 1738 1952 1792 tria

362 1837 560 1892 butum
629 1837 873 1900 solvunt,
916 1835 972 1888 in
1010 1833 1117 1888 ﬁde
1175 1848 1272 1888 sua
1313 1832 1533 1902 prepria
1568 1839 1944 1901 permaneant.

2053 739 2300 808 Μωάμεθ
2325 738 2436 810 ἄρα
2467 741 2540 809 μὴ
2573 739 2710 808 ἔχων
2743 739 2845 808 τὴν
2879 739 2988 792 ἀπὸ
3041 740 3142 809 τῆς
3193 739 3346 800 Θείας
3402 737 3631 808 Γραφῆς

2057 832 2390 902 μαρτυρίαν,
2426 831 2525 884 οὐκ
2552 831 2698 884 ἔστιν
2733 831 3147 902 ἀπεσταλμένος
3170 829 3325 901 παρὰ
3358 829 3518 887 Θεοῦ.
3553 833 3630 884 Οὐ

2059 923 2222 991 μόνον
2278 922 2333 975 δὲ
2367 921 2527 976 τοῦτο
2555 922 2778 992 εἴρηκεν
2805 925 2833 976 ὁ
2866 923 3128 991 Χριστὸς,
3169 924 3249 986 τὸ,
3279 940 3300 974 t
3337 923 3548 984 Πάντες
3579 925 3632 976 οι

2055 1015 2334 1084 προφῆται
2379 1013 2487 1076 ἕως
2524 1015 2794 1076 Ἰωάννου.
2830 1017 2926 1068 καὶ
2971 1016 3287 1084 περαιτέρω
3320 1015 3421 1068 οὐκ
3478 1013 3631 1067 ἔσον-

2053 1119 2164 1168 ται,
2201 1120 2220 1153 ι
2257 1101 2392 1155 ἀλλὰ
2429 1102 2526 1156 καὶ
2587 1102 2668 1156 ἔτι
2714 1106 2942 1174 σημεῖον
3001 1105 3386 1172 γνωρίσματα
3429 1102 3632 1156 δέδωκε

2053 1196 2170 1256 τοῖς
2223 1195 2412 1260 πᾶσιν,
2465 1193 2642 1258 οὕτως
2708 1197 2900 1260 εἰπὼν,
2937 1213 2956 1247 ι
2998 1195 3305 1265 Προσέχετε
3361 1195 3469 1248 ἀπὸ
3519 1195 3634 1248 τῶν

2053 1283 2540 1354 ψευδοπροφητῶν,
2574 1284 2774 1348 οἵτινες
2805 1285 3059 1354 ἔρχονται
3091 1285 3228 1356 πρὸς
3261 1286 3404 1355 ὑμᾶς
3437 1285 3495 1336 ἐν
3540 1285 3633 1336 ἐν-

2054 1371 2254 1442 δύμασι
2280 1373 2606 1442 προϐάτων,
2640 1373 2845 1427 ἐσωθεν
2893 1376 2950 1427 δέ
3016 1375 3122 1428 είσι
3152 1374 3305 1429 λύκοι
3356 1376 3629 1444 ἅρπαγες.

2066 1465 2200 1518 Ἀπὸ
2237 1465 2345 1518 τῶν
2403 1466 2635 1535 καρπῶν
2672 1465 2852 1520 αὐτῶν
2906 1466 3281 1535 ἐπιγνώσεσθε
3344 1465 3563 1529 αὐτούς.
3605 1484 3624 1516 ι

2055 1555 2392 1627 Σκεψώμεθα
2417 1557 2599 1612 τοίνυν
2625 1559 2709 1620 τίς
2745 1559 2896 1612 ἐστιν
2927 1559 2956 1611 6
2996 1559 3210 1628 καρπὸς
3239 1559 3334 1612 τοῦ
3365 1559 3514 1624 παρὰ
3536 1558 3629 1611 τοῦ

2053 1646 2298 1715 Μωάμεθ
2336 1647 2582 1710 δοθέντος
2607 1647 2774 1717 νόμου
2800 1665 2813 1679 ⁸
2851 1648 2946 1701 καὶ
2977 1649 3170 1702 τούτου
3224 1648 3469 1719 ἀκριόῶς
3512 1647 3632 1713 ἐξε-

2055 1737 2369 1803 τασθέντος,
2404 1739 2907 1809 ςανερωθήσεταιή
2943 1740 3192 1807 ἀλήθεια.
3222 1740 3387 1807 Λέγει
3445 1741 3473 1791 ὁ
3501 1741 3637 1794 Μω-

2055 1827 2218 1894 ἁμεθ,
2268 1828 2409 1896 Ἐγὼ
2449 1829 2548 1882 οὐκ
2603 1825 2771 1899 ἦλθον
2831 1830 2920 1884 διὰ
2956 1832 3254 1900 θαυμάτων
3298 1830 3484 1884 δοῦναι
3539 1833 3633 1884 τὸν

364 1927 524 1995 Quod
556 1931 600 1982 si
634 1898 991 1998 Evangelium
1025 1941 1135 1979 non
1177 1898 1384 1996 justum
1418 1898 1585 1988 ierat,
1613 1933 1862 1978 sanetum
1896 1933 1950 1978 et

2057 1921 2243 1989 νόμον,
2280 1921 2418 1974 ἀλλὰ
2450 1920 2540 1974 διὰ
2563 1898 2776 1992 σπάθης
2808 1924 2898 1976 καὶ
2932 1898 3141 1994 ξίφους.
3174 1925 3282 1977 Καὶ
3311 1926 3359 1977 οἱ
3396 1924 3471 1995 μὴ
3499 1925 3669 2000 ὑπο-.

369 2027 605 2084 rectum,
635 2020 836 2074 merito
871 2032 1004 2073 sane
1035 2027 1089 2071 et
1124 2016 1386 2071 decenter
1424 2026 1696 2086 venturus
1728 2024 1845 2070 erat
1876 2015 1954 2069 le-

325 2107 328 2110 ’
369 2103 624 2180 εἶέιοιοιο,
653 2111 748 2179 qui
791 2110 1044 2164 homines
1078 2109 1365 2163 veritatem
1403 2115 1456 2160 et
1486 2091 1756 2177 justitiam
1789 2106 1954 2160 doce-

367 2211 468 2256 ret.
503 2197 559 2258 Si
597 2202 962 2270 verojustum
1023 2207 1228 2255 eratet
1258 2208 1532 2263 sanctum,
1571 2197 1953 2266 imperfectum

369 2305 573 2359 tamen,
629 2293 795 2348 etiam
837 2292 1146 2363 sicjustum
1172 2291 1486 2358 decensque
1519 2297 1661 2353 erat,
1699 2298 1759 2342 ut
1786 2289 1954 2357 legis-

363 2386 509 2441 lator
539 2386 735 2455 aliquis
757 2385 988 2440 veniens
1020 2381 1304 2452 Evangelii
1330 2380 1608 2435 defectum
1630 2379 1952 2448 compleret.

364 2477 505 2532 Cum
555 2487 737 2531 autem
795 2486 849 2530 et
893 2482 1145 2530 sanctum
1183 2483 1238 2529 et
1280 2475 1490 2544 justum
1542 2481 1598 2527 et
1647 2471 1952 2542 perfectum

369 2576 694 2637 rectumque
723 2566 938 2620 dicatur
967 2576 1022 2620 et
1049 2565 1141 2630 sit,
1175 2564 1433 2634 idemque
1465 2564 1532 2618 de
1560 2563 1665 2617 hoc
1689 2563 1954 2618 conﬁtea-

365 2661 459 2713 tur
509 2659 803 2723 Mahomet,
847 2673 969 2712 cum
1003 2657 1140 2712 dicit
1181 2673 1193 2709 :
1258 2655 1613 2728 Evangelium
1649 2671 1680 2710 a
1721 2656 1832 2710 Deo
1859 2654 1956 2709 da-

365 2757 482 2804 tum
526 2759 611 2805 est
660 2758 715 2804 et
753 2758 1004 2804 sanctum
1055 2759 1110 2804 et
1147 2751 1368 2819 plenum
1402 2761 1459 2803 et
1507 2758 1742 2812 rectum,
1793 2746 1955 2816 quid-

365 2857 494 2894 nam
544 2840 654 2895 alio
697 2840 1016 2910 legislatore
1082 2841 1436 2908 indigemus?
1484 2839 1634 2895 Nihil
1702 2855 1954 2909 prorsus.

365 2932 538 2987 Porro
585 2932 900 3002 importuna
946 2941 1113 2988 estet
1159 2933 1368 2986 inutilis
1407 2932 1787 2986 Mahometicae
1815 2931 1954 3000 legis

364 3025 753 3096 promulgatio.
799 3024 957 3092 Quod
1009 3024 1156 3078 enim
1199 3039 1298 3092 per
1340 3024 1523 3079 omnia
1581 3033 1794 3079 rectum
1840 3031 1950 3088 est,

363 3115 502 3170 nihil
555 3117 720 3171 habet
756 3131 816 3172 se
859 3115 1105 3180 rectius,
1141 3124 1198 3170 et
1233 3115 1476 3186 perfecto
1519 3115 1659 3170 nihil
1702 3123 1786 3171 est
1824 3129 1948 3186 per-

360 3208 582 3276 fectius,
611 3225 713 3265 nec
750 3209 869 3280 ipso
903 3224 1034 3263 vero
1063 3208 1362 3277 quidquam
1392 3208 1601 3262 verius.

2056 2011 2332 2079 κύψαντες
2389 2009 2465 2080 τῷ
2493 2014 2755 2084 ἡμετέρῳ
2801 2020 2973 2084 νόμῳ,
3022 2015 3081 2078 ὃς
3131 2018 3248 2067 ἐστι
3286 2016 3436 2085 παρὰ
3472 2015 3633 2081 Θεοῦ,

2057 2103 2271 2174 θανάτῳ
2298 2103 2741 2171 άποθανέτωσαν,
2773 2105 2804 2175 ἢ
2831 2107 3033 2177 φόρους
3057 2107 3347 2160 διδότωσαν
3376 2123 3390 2138 ο
3428 2110 3520 2159 καὶ
3552 2109 3638 2161 διο
3671 2111 3695 2126 ⁸

2056 2196 2297 2264 δομένων
2318 2197 2426 2249 τῶν
2460 2197 2660 2268 φόρων,
2685 2199 2997 2267 μενέτωσαν
3032 2201 3090 2252 ἐν
3115 2202 3180 2271 τῇ
3215 2201 3394 2253 πίστει
3429 2199 3634 2258 αὐτῶν,

2056 2289 2166 2341 Καὶ
2193 2279 2241 2341 εί
2283 2291 2381 2358 μὲν
2405 2288 2504 2341 οὐκ
2535 2285 2603 2360 ἦν
2628 2291 2689 2343 τὸ
2717 2289 3048 2358 Εὑαγγέλιον
3070 2291 3299 2356 δίκαιον,
3323 2290 3417 2344 καὶ
3454 2291 3637 2359 ἅγιον,

2057 2383 2151 2435 καὶ
2205 2381 2402 2452 ὀρθὸν,
2443 2382 2668 2446 δικαίως
2710 2383 2804 2435 καὶ
2848 2384 3165 2452 πρεπόντως
3223 2383 3640 2452 ἔμελλενέλθεῖν

2057 2473 2376 2542 νομοθέτης,
2396 2474 2452 2536 ὃς
2471 2474 2670 2539 διδάξει
2690 2476 2788 2546 τὴν
2806 2475 3066 2546 ἀλήθειαν
3085 2477 3197 2538 τοῖς
3219 2477 3524 2545 ἀνθρώποις
3542 2479 3639 2530 καὶ

2055 2564 2404 2633 δικαιοσύνην
2425 2566 2449 2595 ”
2481 2565 2528 2617 εί
2566 2565 2620 2617 δὲ
2656 2565 2865 2619 δίκαιον
2907 2567 3000 2619 καὶ
3041 2566 3198 2633 ἅγιον
3239 2561 3534 2637 ἧν,ἀτελὲέ
3579 2567 3638 2620 δὲ

2055 2657 2228 2726 ὅμως,
2248 2659 2344 2710 καὶ
2361 2655 2507 2709 οὕτω
2531 2656 2692 2710 πάλιν
2713 2657 2774 2710 τὸ
2815 2658 2949 2712 αὐτὸ
2969 2655 3037 2728 ἦν
3057 2659 3263 2712 δίκαιον
3285 2663 3382 2712 καὶ
3402 2660 3636 2729 πρέπον,

2058 2749 2145 2803 ἵνα
2167 2749 2336 2804 ἐλθὼν
2359 2749 2682 2820 νομοθέτης,
2721 2751 3094 2822 ἀναπληρώσῃ
3127 2752 3186 2805 τὸ
3216 2753 3500 2822 ὑστέρημα
3539 2751 3637 2804 τοῦ

2056 2840 2414 2910 Εὑαγγελίου.
2446 2841 2605 2894 Ἐπεὶ
2623 2843 2680 2895 δέ
2702 2842 2855 2910 ἅγιον
2873 2844 2968 2897 καὶ
2983 2843 3190 2896 δίκαιον
3206 2843 3300 2896 καὶ
3317 2824 3520 2898 τέλειον
3544 2847 3638 2896 καὶ

2056 2934 2216 3002 ὀρθὸν
2249 2935 2346 2987 καὶ
2374 2933 2597 3002 λέγεται
2626 2935 2719 2987 καὶ
2746 2934 2882 2999 ἔστι,
2920 2939 3192 3008 μαρτυρεῖ
3222 2937 3279 2990 δέ
3309 2940 3402 2992 καὶ
3425 2937 3640 2992 elumi-

2059 3023 2163 3092 μεθ
2207 3023 2337 3092 περὶ
2376 3021 2569 3086 αὐτοῦ,
2604 3023 2700 3076 καὶ
2754 3023 3026 3093 ὁμολογεῖ,
3089 3025 3182 3080 καὶ
3234 3024 3385 3092 λέγει
3445 3027 3524 3079 ὅτι
3560 3026 3637 3079 Τὸ

2056 3115 2395 3185 Εὑαγγέλιον
2421 3116 2529 3170 ἀπὸ
2551 3115 2687 3169 Θεοῦ
2720 3119 2837 3170 ἐστι
2861 3116 3170 3186 δεδομένον,
3201 3118 3298 3172 καὶ
3329 3118 3506 3186 ἅγιον,
3538 3121 3638 3172 καὶ

1975 3183 2018 3239 c
2052 3183 2284 3277 πλῆρες,
2340 3209 2434 3260 κού⁹
2492 3207 2673 3274 εὐθές,
2707 3207 2792 3270 τίς
2849 3183 3010 3278 χρεία
3054 3183 3242 3275 ἐτέρου
3299 3183 3633 3280 νομοθέτους

362 3307 584 3370 Πάντως
606 3305 694 3359 οῦδ
733 3307 849 3376 μία.
902 3302 1011 3359 Καὶ
1040 3301 1226 3356 λοιπὸν
1253 3302 1477 3371 ἄκαιρος
1507 3302 1599 3357 καὶ
1630 3301 1906 3372 ἄχρηστος
1943 3302 1976 3370 ἡ
2029 3301 2123 3354 τοῦ
2149 3301 2392 3372 Μωάμεθ
2435 3301 2748 3369 νομοθεσία.
2775 3300 2882 3354 Τοῦ
2905 3302 3015 3372 γὰρ
3040 3300 3204 3372 ὀρθοῦ
3261 3303 3404 3356 κατὰ
3457 3305 3638 3360 πάντα

361 3402 513 3455 οὐδὲν
540 3401 848 3473 ὀρθότερον,
877 3397 971 3452 καὶ
1000 3396 1097 3451 τοῦ
1136 3395 1346 3450 τελείου
1373 3397 1528 3450 ,οὐδὲν
1566 3398 1914 3466 τελεώτερον.
1950 3397 2047 3451 καὶ
2073 3396 2176 3466 τῆς
2206 3396 2468 3466 ἀληθείας
2496 3396 2648 3451 οὐδὲν
2681 3398 3069 3470 ἀληθέστερον.
3493 3403 3498 3410 “

435 3497 488 3551 5.
531 3496 924 3550 Verumtamen
972 3492 1238 3548 discussis
1285 3492 1535 3562 singulis,
1578 3493 1948 3564 inspiciamus

366 3586 632 3656 quidnam
686 3586 1020 3656 legislatoris
1069 3584 1346 3662 Mahomet
1380 3585 1546 3640 verba
1593 3586 1698 3640 sibi
1749 3587 1946 3643 velint.

363 3681 484 3736 Non
521 3679 669 3736 aliud
713 3675 935 3748 quidem
973 3689 1144 3746 certe,
1190 3694 1356 3749 quam
1408 3694 1535 3735 cum
1591 3694 1650 3734 se
1699 3679 1766 3733 ab
1799 3669 1950 3734 om‘ni

369 3770 765 3833 miraculorum
796 3770 1003 3824 virtute
1057 3779 1114 3826 et
1164 3766 1492 3840 poenitentia
1545 3769 1949 3826 alienissimum

369 3879 494 3918 esse
540 3864 907 3934 intelligeret,
964 3879 1126 3919 suam
1196 3864 1371 3932 ipsius
1431 3863 1709 3918 occultare
1760 3863 1952 3916 volens

373 3955 824 4021 imbecillitatem,
871 3970 941 4010 ne
985 3955 1126 4010 forte
1170 3953 1466 4024 aliquando
1513 3953 1583 4021 ab
1629 3952 1950 4008 hominibus

369 4045 864 4110 condemnaretur,
897 4045 1105 4099 dixit':
1167 4042 1283 4098 Non
1317 4043 1442 4098 veni
1493 4043 1723 4097 daturus
1767 4042 1944 4112 legem

366 4150 467 4204 per
499 4134 779 4198 miracula,
842 4135 936 4190 sed
993 4148 1092 4204 per
1118 4149 1305 4189 ensem
1339 4143 1393 4188 et
1421 4131 1660 4202 gladium
1688 4150 1703 4198 ;
1749 4147 1942 4202 quem-

364 4221 660 4277 admolum
705 4221 870 4277 etiam
926 4221 980 4276 in
1032 4221 1165 4292 ipsis
1193 4221 1329 4292 legis
1360 4237 1472 4277 suae
1505 4220 1946 4292 expositionibus

365 4315 578 4376 statuit,
613 4329 680 4368 ne
712 4313 1052 4383 legislatures
1091 4323 1146 4369 et
1176 4312 1423 4368 haeredes
1485 4312 1572 4367 sui
1616 4327 1741 4367 cum
1787 4311 1946 4367 Chri—

365 4404 559 4460 stianis
585 4405 883 4474 disputent.
904 4404 1061 4474 Quod
1091 4420 1222 4466 sane
1251 4419 1362 4460 non
1384 4403 1488 4460 alia
1511 4403 1578 4458 de
1599 4419 1764 4460 causa
1793 4403 1942 4469 fecit,

2124 3499 2190 3548 ε’.
2240 3492 2380 3546 Ἀλλ’
2411 3495 2561 3564 ὅμως
2616 3495 2974 3558 ἐξετάσαντες
3027 3496 3229 3568 ίδωμεν
3257 3501 3308 3552 τί
3343 3499 3633 3569 βούλονται

2053 3584 2122 3639 τά
2147 3584 2242 3636 τοῦ
2278 3587 2574 3654 νομοθέτου
2607 3588 2852 3658 ῥήματα.
2891 3589 3116 3652 Πάντως
3148 3591 3301 3645 οὐδὲν
3347 3593 3476 3646 ἄλλο
3519 3592 3637 3645 ἀλλ’

2055 3676 2087 3744 ἢ
2127 3679 2480 3746 κατανοήσας
2531 3679 2725 3731 ἐαυτὸν
2757 3682 2838 3734 ὅτι
2878 3681 3097 3750 μακράν
3158 3699 3261 3736 που
3316 3683 3636 3752 εὑρίσκεται

2053 3767 2153 3835 τῆς
2188 3758 2474 3838 ἐνεργείας
2521 3769 2631 3821 τῶν
2688 3771 3003 3839 θαυμάτων,
3042 3772 3372 3843 βουλόμενος
3427 3775 3638 3845 κρύψαι

2054 3859 2152 3928 τὴν
2181 3859 2380 3913 ἐαυτοῦ
2442 3860 2753 3927 ἀσθένειαν,
2811 3865 2884 3934 μή
2917 3881 3048 3917 ποτε
3089 3866 3239 3936 παρὰ
3271 3866 3381 3920 τῶν
3425 3867 3638 3937 ἀνθρώ-

2059 3968 2177 4004 πων
2207 3949 2344 4022 εὖρῃ
2375 3952 2742 4020 κατάγνωσιν,
2787 3951 2940 4007 εἶπεν
2967 3956 3048 4008 ὅτι
3097 3957 3211 4010 Οὐκ
3262 3951 3426 4026 ἦλθον
3451 3958 3636 4012 δοῦναι

2052 4041 2146 4094 τὸν
2171 4044 2333 4112 νόμον
2367 4044 2453 4098 διὰ
2487 4044 2806 4114 θαυμάτων,
2828 4047 2963 4101 ἀλλὰ
2982 4049 3070 4102 διά
3103 4049 3290 4118 ξίφους
3339 4052 3431 4102 καὶ
3489 4053 3635 4104 σπὰο

2056 4134 2180 4204 θης,
2236 4135 2312 4198 ὡς
2343 4138 2438 4191 καὶ
2497 4137 2556 4192 ἐν
2588 4139 2703 4202 ταῖς
2726 4137 3029 4204 διαλέξεσιν
3066 4141 3516 4212 νενομοθέτηκεν,
3547 4145 3636 4197 ἵνα

2057 4227 2134 4298 μὴ
2165 4227 2523 4297 διαλέγωνται
2580 4230 2720 4298 μετά
2775 4232 2884 4286 τῶν
2941 4234 3287 4304 Χριστιανῶν
3336 4238 3385 4289 oi
3442 4236 3633 4290 τούτου

2057 4318 2293 4390 μαθηταὶ
2325 4322 2418 4374 καλ⁸
2443 4321 2698 4393 διάδοχοι,
2731 4323 2948 4386 πάντως
2979 4326 3039 4378 οὐ
3068 4324 3136 4378 δι’
3167 4325 3293 4379 ἄλλο
3315 4345 3366 4381 τι
3391 4328 3423 4399 ἦ
3447 4327 3532 4380 ἴνα
3559 4329 3633 4396 μὴ

2055 4410 2289 4482 ἐλεγχθῇ
2323 4414 2357 4481 ὴ
2389 4413 2614 4467 ἐκείνων
2644 4415 2961 4486 ματαιότης.
2979 4415 3050 4468 Τὸ
3073 4416 3130 4470 δέ
3155 4417 3333 4470 δοῦναι
3357 4421 3447 4471 τὸν
3471 4419 3635 4487 νόμον

366 4511 532 4564 quam
566 4512 638 4556 ne
670 4497 888 4552 illorum
918 4497 1340 4553 convinceretur
1363 4497 1596 4550 vanitas.
1625 4495 1760 4550 Illud
1793 4492 1944 4561 vero,

2060 4504 2199 4573 μετὰ
2241 4505 2430 4573 ξίφους
2458 4507 2556 4560 καὶ
2589 4506 2801 4575 σπάθης
2860 4507 3055 4575 φόνους
3086 4508 3302 4571 πάντως
3329 4509 3422 4561 καὶ
3451 4509 3633 4574 ἁρπα-

368 4588 515 4656 quod
562 4589 738 4658 legem
771 4604 904 4644 ense
937 4597 1009 4643 et
1045 4589 1227 4658 gladio
1254 4603 1312 4643 se
1352 4588 1609 4641 daturum
1652 4589 1945 4657 promittit,

367 4680 545 4735 cz‘edes
580 4681 742 4736 docet
785 4688 842 4736 et
885 4680 1130 4749 rapinas.
1165 4680 1231 4734 Et
1269 4681 1394 4750 quis
1444 4695 1685 4747 unquam
1737 4680 1950 4735 audivit

366 4769 605 4838 aliquem
649 4769 934 4823 hominum
981 4769 1033 4821 vi
1085 4778 1338 4824 coactum
1386 4767 1741 4824 credidisse?
1785 4768 1948 4825 Fides

365 4856 566 4911 animae
615 4868 671 4912 et
702 4857 906 4912 mentis
934 4871 1060 4926 pars
1105 4864 1209 4911 est.
1246 4856 1309 4911 Et
1338 4857 1600 4927 quoniam
1651 4859 1833 4913 anima
1865 4858 1949 4914 vel

369 4964 528 5004 mens
563 4963 654 5003 res
688 4956 817 5002 sunt
861 4947 1068 5002 nullius
1114 4947 1342 5002 servitio
1387 4949 1671 5018 subjectae,
1708 4965 1947 5020 quonam

368 5039 535 5094 modo
591 5040 760 5112 Deus,
807 5039 901 5109 qui
949 5038 1048 5093 has
1097 5039 1300 5094 liberas
1344 5050 1652 5107 creaverat,
1690 5051 1948 5111 tanquam

362 5133 549 5199 0,.eris
594 5131 680 5186 sui
720 5131 924 5186 oblitus
967 5131 1336 5202 legislatorem
1374 5145 1493 5186 erat
1526 5132 1818 5198 missurus,
1854 5135 1950 5204 qui

364 5223 465 5278 has
500 5223 766 5294 cogeret?
808 5222 976 5278 Fides
1019 5223 1168 5278 enim
1222 5224 1504 5279 voluntate
1551 5236 1606 5279 et
1654 5226 1948 5293 electione,

363 5323 477 5370 tum
505 5315 763 5370 libertate
790 5315 988 5370 anima:
1018 5325 1074 5371 et
1103 5316 1277 5386 ipsius
1302 5316 1618 5387 cognitione
1651 5316 1946 5383 consistit;

361 5391 525 5461 aliter
573 5422 710 5462 vero
772 5422 1147 5477 nequaquam.
1202 5408 1419 5478 Corpus
1467 5409 1615 5462 enim
1675 5408 1846 5462 servit
1894 5417 1950 5463 et

362 5498 625 5564 vincitur,
679 5514 1077 5570 nonnunquam
1127 5500 1290 5555 etiam
1336 5515 1400 5554 ea
1445 5500 1583 5569 ‘quze
1647 5515 1757 5554 non
1808 5499 1946 5566 vult,

365 5590 520 5647 facit.
573 5589 651 5645 De
689 5592 870 5645 anima
901 5606 1034 5647 vero
1082 5608 1193 5647 non
1242 5592 1323 5647 sic
1361 5591 1731 5656 sentiendum,
1764 5591 1856 5646 sed
1892 5593 1946 5646 in

361 5681 665 5746 voluntate,
714 5683 943 5751 judicio,
988 5684 1301 5754 cognitione
1346 5692 1401 5738 et
1453 5684 1750 5746 electione.
1785 5693 1843 5741 et
1892 5683 1946 5740 in

358 5771 570 5842 judicio
613 5783 669 5828 et
708 5763 968 5830 veritate"
992 5775 1228 5844 horum,
1262 5777 1355 5847 qui
1401 5777 1638 5833 credunt
1670 5777 1771 5845 illi,
1804 5778 1946 5834 Deus
1991 5811 1995 5816 -

439 5882 485 5915 “
510 5881 700 5946 Matth.
733 5901 829 5946 vtt,
865 5889 952 5948 l5.
986 5891 1072 5946 16.

2054 4594 2159 4662 γὰς
2190 4594 2454 4649 διδάσκει.
2490 4595 2600 4647 Καὶ
2629 4595 2712 4658 τίς
2766 4597 2969 4667 ἤκουσε
3019 4597 3128 4650 τῶν
3167 4597 3472 4666 ἀνθρώπων
3539 4615 3634 4650 πι-

2055 4681 2282 4736 στεῦσαί
2303 4699 2423 4737 τινα
2464 4682 2554 4753 βίᾳ
2582 4700 2596 4748 ;
2643 4682 2708 4737 Ἦ
2745 4685 2928 4747 πίστις
2960 4685 3061 4754 τῆς
3082 4685 3263 4756 ψυχῆς
3285 4687 3379 4739 καὶ
3413 4685 3506 4740 τοῦ
3537 4685 3628 4737 νοῦ

2001 4833 2005 4837 η
2055 4775 2212 4828 ἐστι’
2242 4773 2338 4828 καὶ
2377 4774 2564 4845 ἐπεὶὴ
2601 4775 2748 4847 ψυχὴ
2800 4777 2894 4829 καὶ
2952 4777 2980 4829 ὁ
3018 4775 3144 4840 νοῦς
3186 4777 3422 4848 πρᾶγμά
3478 4780 3630 4830 ἐστιν

2054 4867 2381 4939 ἀδούλωτον,
2433 4866 2551 4930 πῶς
2598 4868 2625 4921 ὁ
2679 4868 2918 4937 ποιήσας
2997 4869 3136 4923 αὐτὰ
3187 4868 3320 4932 Θεὸς
3373 4868 3630 4938 ἐλεύθερα

2056 4963 2298 5035 πέμψειν
2335 4960 2531 5033 ἔμελλε
2546 4959 2845 5030 νομοθέτην
2877 4959 3062 5030 βιάσαι
3093 4960 3255 5030 αὐτὰ,
3283 4961 3474 5032 ὥσπερ
3507 4963 3628 5012 ἐπι-

2050 5053 2350 5122 λαθόμενος
2376 5050 2470 5104 τοῦ
2515 5050 2681 5120 ἔργου
2716 5049 2921 5118 αὐτοῦς
2957 5047 3024 5105 Ἠ
3055 5052 3164 5125 γάρ
3199 5055 3383 5118 πίστις
3413 5056 3629 5124 θελήσει

2053 5141 2150 5193 καὶ
2175 5143 2522 5209 προαιρέσει,
2557 5138 2652 5190 καὶ
2675 5139 2738 5207 τῇ
2773 5138 3062 5212 ἐλευθερία
3092 5141 3192 5211 τῆς
3214 5140 3413 5212 ψυχῆς,
3443 5147 3534 5196 καὶ
3560 5147 3624 5214 τῇ

2053 5229 2254 5299 γνώσει
2286 5229 2460 5299 αὐτῆς
2490 5229 2725 5296 γίνεται,
2753 5230 3102 5296 άλλοτρόπως
3145 5233 3201 5286 δὲ
3236 5232 3510 5304 οὐδαμῶς.
3556 5235 3628 5288 Τὸ

2053 5322 2164 5392 γάρ
2192 5313 2353 5392 σῶμα
2387 5319 2671 5375 δουλοῦται
2716 5323 2810 5376 καὶ
2843 5323 3147 5392 δεσμεῖται,
3212 5324 3307 5377 καὶ
3363 5325 3511 5381 ἐστιν
3539 5329 3626 5381 ὅτε

2055 5411 2252 5465 καὶτὰ
2307 5410 2384 5482 μὴ
2433 5410 2656 5465 θέλοντα
2719 5413 2973 5482 πράττει.
3025 5413 3148 5467 Ἐπὶ
3195 5413 3252 5467 δὲ
3287 5415 3388 5487 τῆς
3446 5417 3624 5487 ψυχῆς

2055 5504 2152 5574 οὐχ
2199 5503 2395 5567 οὕτως,
2421 5503 2559 5557 ἀλλὰ
2589 5503 2832 5574 θελήσει,
2888 5505 2982 5558 καὶ
3036 5505 3238 5576 κρίσει,
3279 5508 3374 5560 καὶ
3399 5507 3626 5576 γνώσει,

2051 5597 2147 5649 καὶ
2165 5595 2507 5665 προαιρέσει,
2544 5595 2770 5651 καὶτῶν
2795 5597 3156 5651 πιστευόντων
3191 5596 3340 5668 αὐτῷ
3368 5600 3425 5651 ὲν
3453 5599 3629 5670 κρίσει

2051 5687 2144 5741 καὶ
2175 5685 2404 5758 ἀληθείᾳ
2425 5687 2572 5740 ἐστὶν
2593 5686 2622 5739 ὁ
2664 5687 2817 5754 Θεὸς,
2848 5689 3288 5762 καρδιογνώστης
3324 5689 3431 5762 γάρ
3463 5691 3630 5745 ἐστιν.

2053 5779 2188 5833 Οὐδὲ
2210 5779 2317 5850 γὰρ
2343 5779 2528 5849 βλέπει
2557 5780 2637 5843 είς
2662 5777 2977 5851 πρόσωπον,
3000 5779 3116 5834 ἀλλ’
3141 5782 3218 5844 εἰς
3237 5781 3488 5853 καρδίαν.
3520 5782 3644 5836 Kat’
