4090 6450
419 339 522 402 545

1353 315 1670 399 cos-Tua
1717 334 2206 401 MA‘rlOMETEM
2249 337 2621 410 smmum
2667 339 2763 402 IV.

3583 334 3693 408 546

420 454 560 522 ἅπερ
583 451 650 504 τὰ
673 450 844 520 ἄλογα
865 451 980 516 ζῶα
1003 452 1151 522 νόμῳ
1171 451 1389 520 φύσεως
1407 453 1470 504 οὐ
1496 450 1732 515 ποιοῦσι,
1755 455 1928 504 ταυτα
1959 451 1987 503 6

2106 460 2178 506 :st
2217 452 2324 518 (est
2369 452 2514 504 enim
2571 451 2821 506 cordium
2853 452 3178 519 scrutator),
3223 468 3325 509 nec
3355 468 3683 524 personam,

418 545 660 615 Μωάμεθ
700 545 1005 615 νομοθετεῖ.
1038 546 1136 608 Τίς
1169 550 1279 615 γὰρ
1313 541 1417 597 εἶδε
1446 545 1640 597 λέοντα
1659 545 1849 597 λέοντα
1890 562 1994 613 φα-

415 639 553 703 γεῖν,
576 636 609 706 ἧ
631 634 834 706 ἄρκτον
856 637 1132 706 ἄρκτον,ἢ
1174 620 1447 702 πάρδαλιν
1478 635 1747 706 πάρδαλιν
1773 651 1787 699 ;
1822 627 1995 698 Οὗτος

417 725 470 778 δὲ
493 723 798 792 ἀναφανδὸν
825 725 1065 779 διδάσκει
1088 727 1334 791 φονεύειν
1351 727 1442 779 τὸν
1465 725 1750 795 ἄνθρωπον
1780 726 1994 794 ἀνθρω-

420 833 538 869 πον.
565 817 674 870 Καὶ
709 816 797 878 τίς
824 816 1074 886 μάταιος,
1103 819 1257 882 ὅστις
1307 819 1495 889 μέλλει
1535 817 1782 884 δέξεσθαι
1805 817 1994 871 τοῦτον

417 907 555 962 εῐναι
577 908 684 962 ἀπὸ
702 908 839 962 Θεοῦ
856 911 1011 975 ῖούδὲ
1031 913 1142 981 γὰρ
1159 912 1414 982 ἀρπαγάς
1431 911 1524 965 καὶ⁵
1543 914 1736 982 φόνους
1754 912 1998 966 διδάσκει

415 1000 566 1062 Θεός.
605 1001 746 1070 Πρὸς
771 1001 828 1054 δὲ
861 1002 1095 1069 τούτοις,
1124 1005 1207 1056 ὅτι
1235 1005 1332 1058 καὶ
1359 1004 1531 1057 κακία
1565 1005 1764 1066 κακίας
1795 1005 1996 1058 ἀλλάσ-

424 1109 597 1145 σεται.
631 1093 799 1161 Λέγει
830 1095 962 1164 γὰρ,
994 1095 1076 1148 ὅτι
1114 1096 1187 1149 Ἦ
1228 1095 1675 1161 ἀποθανὲτωσαν,
1705 1097 1737 1168 ἢ
1789 1097 1994 1166 φόρους

417 1185 734 1247 διδότωσαν,
790 1187 884 1238 καὶ
942 1186 1271 1240 ἀλλάσσεται
1344 1188 1504 1257 φόνος
1559 1188 1993 1261 φιλοχρηματίᾳ.

417 1277 492 1329 Οὐ
529 1277 689 1345 μόνον
719 1275 776 1330 δὲ
814 1277 977 1348 μέχρι
1007 1279 1200 1332 τούτου
1231 1280 1263 1350 ἡ
1314 1281 1486 1334 κακία
1516 1279 1672 1350 ἔστη,
1725 1279 1997 1335 ἀλλὰκαὶ

419 1371 730 1440 περαιτέρω
753 1371 984 1442 προέϐη,
1038 1372 1104 1424 Τί
1135 1375 1243 1443 γὰρ
1293 1374 1395 1442 τῆς
1429 1374 1689 1444 τοιαύτης
1709 1373 1998 1445 ὠμότητος

420 1463 515 1516 καὶ
559 1462 978 1533 μισανθρωπίας
1004 1462 1186 1536 χεῖρον
1223 1465 1422 1532 γένοιτ’
1447 1465 1535 1532 ἂν,
1569 1465 1711 1520 ὥστε
1741 1467 1996 1536 φονεύειν

426 1556 592 1626 μηδὲν
622 1555 1000 1626 ἡδικηκόταςς
1040 1558 1138 1611 καὶ
1168 1560 1279 1630 γὰρ
1303 1562 1506 1614 ὁπόταν
1533 1559 1812 1614 ἀπέλθωσι
1845 1562 2000 1614 Μου·

424 1649 716 1718 σουλμάνοι
753 1649 892 1720 πρὸς
949 1651 1214 1720 πόλεμον,
1247 1652 1341 1705 καὶ
1392 1652 1452 1705 έν
1474 1651 1552 1722 τῷ
1586 1651 1811 1723 πολέμῳ
1856 1653 1999 1724 πέσῃ

421 1753 502 1799 τις
536 1737 596 1800 ἐξ
634 1737 834 1802 αὐτῶν,
888 1738 948 1792 ού
989 1739 1290 1808 λογίζονται
1347 1742 1575 1804 ἑαυτοὺς
1627 1741 1814 1808 ἀξίους
1853 1741 1997 1812 μέμ-

421 1829 588 1896 ψεως,
612 1829 686 1892 ὡς
725 1831 936 1895 αἰτίους
995 1833 1094 1886 τοῦ
1127 1833 1392 1904 πολέμου,
1424 1834 1540 1888 ἀλλ’
1563 1835 1656 1888 ἐπὶ
1703 1835 1764 1890 τὸ
1801 1835 2000 1906 νεκρὸν

425 1922 583 1992 σῶμα
617 1922 710 1975 τοῦ
766 1925 1120 1990 πεπτωκότος
1153 1928 1452 1997 σφάττουσι
1481 1927 1692 1992 ζῶντας
1739 1928 1898 1992 ὅσους
1934 1929 2000 1982 ἂν

421 2012 619 2083 δυνηθῇ
652 2013 904 2080 ἕκαστος,
937 2016 1029 2070 καὶ
1070 2017 1194 2070 ὅσον
1232 2017 1451 2080 πλείους
1491 2019 1716 2082 κτείνει,
1743 2017 2002 2070 τοσοῦτον

424 2103 693 2171 ὠφέλειαν
721 2105 999 2173 λογίζεται
1027 2107 1125 2176 τῆς
1155 2108 1250 2161 τοῦ
1284 2110 1584 2172 τεθνεῶτος
1611 2109 1809 2179 ψυχῆς.
1853 2109 1918 2164 Εἰ
1951 2109 2000 2163 δ’

425 2196 552 2260 ἴσως
585 2198 693 2250 αὑκ
719 2198 833 2269 ἔχει
861 2200 1061 2264 αὐτοὺς
1091 2203 1173 2264 είς
1207 2202 1460 2268 ἐξουσίαν
1492 2201 1662 2256 αὐτοῦ
1685 2205 1712 2257 6
1734 2202 2002 2274 βουλόμε-

424 2306 511 2352 νος
546 2289 809 2362 βοηθῆσαι
841 2295 908 2364 τῇ
925 2292 1020 2346 τοῦ
1040 2290 1335 2359 τεθνεῶτος
1365 2294 1537 2366 ψυχῇ,
1561 2294 1842 2360 ὲξωνείται
1867 2296 2003 2368 Χρι-

431 2382 696 2449 στιανοὺς,
721 2383 879 2453 εἴπερ
903 2382 1077 2454 εὖροι,
1106 2387 1202 2438 καὶ
1241 2385 1274 2457 ἢ
1329 2387 1518 2440 ἐπάνω
1543 2387 1636 2440 τοῦ
1668 2387 1866 2458 νεκροῦ
1897 2387 2001 2441 σώ-

440 2487 593 2540 ματος
634 2474 860 2541 σφάττει
886 2476 1111 2542 αὐτοὺς,
1141 2477 1173 2548 ἦ
1209 2477 1300 2530 ἐπὶ
1338 2477 1418 2547 τῷ
1439 2477 1595 2548 τάφῳ
1621 2478 1810 2532 αὑτοῦ.
1840 2479 2002 2533 Καὶὸ

433 2561 596 2616 ταῦτα
651 2552 958 2634 νομοθετῶν
1011 2567 1130 2630 πῶς
1166 2569 1276 2620 ἀπὸ
1327 2567 1508 2634 Θεοῦ;
1542 2570 1664 2623 "Eri
1717 2569 2004 2639 νομοθετεῖ

429 2649 505 2708 ὅτι
541 2654 601 2707 '0
626 2655 746 2718 δοὺς
779 2660 844 2728 τῇ
875 2658 1052 2731 πόρνῃ
1084 2659 1367 2729 μίσθωμα,
1424 2663 1519 2716 καὶ
1555 2661 1843 2732 κοιμηθεὶς
1881 2665 2000 2732 μετ’

427 2746 591 2818 αὐτῆς
620 2749 718 2820 οὐχ
769 2751 1101 2821 ἁμαρτάνει.
1148 2755 1258 2806 Καὶ
1284 2757 1311 2806 6
1344 2754 1672 2825 βιασάμενος
1722 2755 1995 2824 παρθένον

429 2841 756 2910 ἁμαρτάνει,
785 2842 898 2896 ὁίδὲ
939 2845 1080 2913 μετά
1123 2846 1224 2915 τῆς
1257 2846 1534 2916 θελήσέως
1579 2847 1749 2917 αὐτῆς
1797 2865 2001 2919 κοιμη-

429 2931 540 2996 θεὶς
575 2934 888 3002 μετάὑτῆς
919 2937 1018 3004 οὐχ
1055 2935 1386 3006 ἁμαρτάνει.
1432 2939 1542 2989 Καὶ
1572 2937 1666 2991 ὲάν
1721 2937 2000 3007 αἰχμαλω-

427 3024 580 3087 τίδας
638 3042 722 3088 τις
782 3026 920 3097 λάϐῃ
971 3029 1028 3080 ὲν
1091 3029 1334 3098 πολέμῳ,
1378 3029 1589 3093 ἔξεστιν
1646 3028 1796 3098 αὑτῷ
1829 3031 2002 3082 ποιεῖν

429 3116 515 3169 ἐπ’
548 3118 735 3181 αὐταῖς
761 3118 788 3171 6
813 3117 1063 3187 βούλεται
1117 3119 1436 3182 ἀκωλύτως.
1490 3121 1547 3172 Ὀ
1579 3120 1710 3188 γοῦν
1741 3119 1996 3189 πορνείας

425 3210 522 3263 καὶ
551 3211 1025 3281 παρθενοφθορίας
1049 3211 1362 3281 νομοθετῶν
1395 3210 1510 3274 πῶς
1542 3210 1650 3264 ἀπὸ
1684 3211 1859 3278 Θεοῦ;
1894 3212 1997 3264 Καὶ

423 3301 486 3354 τὸ
521 3301 584 3369 δὴ
610 3302 907 3372 χείριστον,
963 3303 1049 3355 ὅτι
1088 3303 1218 3366 τοὺς
1269 3303 1412 3356 κατὰ
1466 3302 1564 3374 τὴν
1591 3301 1868 3375 ἀποδοχὴν
1907 3303 2001 3356 τοῦ

424 3394 558 3448 θεοῦ
594 3399 1083 3467 περιπατήσαντας
1143 3399 1201 3448 ὲν
1257 3396 1333 3465 τῷ
1389 3398 1619 3467 παρόντι
1660 3398 1817 3450 αἰῶνι
1863 3398 2004 3468 μετά

423 3489 779 3560 τὴνένθένδε
839 3490 1142 3543 ἀποϐίωσιν
1202 3490 1384 3543 αὐτῶν
1423 3490 1625 3561 λουτρὰ
1681 3492 1772 3544 καὶ
1819 3491 2005 3553 οἴκους

425 3581 772 3650 περικαλλεῖς
830 3583 925 3635 καὶ
981 3584 1251 3651 γυναῖκας
1312 3567 1754 3653 παρθένουςέὸτι
1803 3584 2005 3646 non};

428 3673 768 3740 ὑπισχνεῖται
833 3664 1158 3742 δοθήσεσθαι
1210 3672 1294 3726 ἐνὶ
1353 3673 1571 3740 ἑκάστῳ
1632 3674 1784 3745 παρά
1844 3673 2000 3728 Θεοῦ.

425 3765 534 3819 Kz‘t
558 3764 694 3834 ὅπερ
731 3765 780 3817 οἱ
841 3765 948 3817 τῶν
1006 3764 1414 3840 εἰδωλολατρῷν
1475 3764 1746 3840 Ἑλλήνων
1808 3766 2007 3835 ὄνομα-

426 3832 920 3924 ζόμενοι-θεολόγοι
969 3855 1071 3909 οὐκ
1121 3832 1314 3919 εἶπον,
1346 3832 1468 3908 οὐδὲ
1505 3832 1784 3925 ’ἐνόμισαν
1834 3832 2002 3923 εἶναι,

424 3947 597 4000 ταῦτα
630 3947 659 3998 6
681 3946 925 4016 Μωάμεθ
951 3946 1466 4018 ἀνακεκαλυμμένῳ
1494 3946 1572 4017 τῷ
1605 3944 1892 4018 προσώπῳ
1917 3963 2004 4000 νο-

432 4038 672 4109 μοθετεῖ.
717 4037 955 4091 Ἐκεῖνοι
991 4039 1099 4109 γὰρ
1157 4035 1300 4092 οὕτω
1334 4038 1611 4108 λέγουσιν,
1647 4037 1730 4092 ὃτι
1791 4037 1841 4090 οἱ
1906 4038 2006 4108 μὲν

433 4133 607 4196 καλῶς
660 4132 848 4186 ἐνθάδε
883 4131 1202 4202 βιώσοντες,
1254 4132 1395 4186 ἐπὰν
1429 4131 1746 4185 ἀποθάνωσι
1781 4131 1877 4184 καὶ
1907 4149 2008 4184 κα-

440 4222 608 4294 θαρῶς
637 4225 1070 4296 ἀποδημήσωσιν
1101 4225 1156 4278 αἱ
1212 4225 1386 4295 ψυχαὶ
1433 4225 1542 4278 ἀπὺ
1568 4224 1676 4278 τῶν
1710 4225 2002 4295 σωμάτων,

433 4320 508 4380 είς
555 4321 682 4383 τοὺς
736 4318 893 4381 θεοὺς
949 4319 1314 4388 ἀπέρχονται,
1377 4323 1473 4372 καὶ
1528 4319 1665 4386 μετά
1703 4319 1811 4371 τῶν
1862 4319 2002 4371 θεῶν

428 4410 772 4480 εὑρίσκονται
819 4411 898 4472 είς
933 4410 1031 4473 τὰς
1056 4411 1169 4464 τῶν
1201 4413 1466 4482 μακάρων
1496 4414 1717 4482 νήσους,
1763 4410 1860 4464 καὶ
1887 4409 2004 4482 μετ’

2099 543 2194 598 scd
2231 557 2332 597 cor
2361 545 2608 614 respicit.
2645 545 2712 599 Et
2741 560 2863 614 quae
2896 545 3059 600 bruta
3090 545 3348 601 animalia
3378 562 3476 617 per
3512 548 3690 618 legem

2103 643 2313 690 naturae
2353 634 2466 690 non
2515 637 2746 702 faciunt,
2795 652 2858 692 ea
2908 637 3127 708 legibus
3171 638 3339 709 exigit
3385 640 3686 698 Mahomet.

2099 725 2234 791 Quis
2281 728 2431 782 enim
2479 729 2694 783 leonem
2731 743 2761 782 a
2792 729 2955 784 leone
3000 730 3256 786 devorari
3289 733 3449 797 vidit,
3483 743 3578 805 aut
3608 734 3681 788 ab

2101 832 2230 871 urso
2259 833 2473 883 ursum,
2511 826 2607 871 aut
2633 833 2661 872 a
2690 818 2901 888 pardali
2938 819 3208 888 pardalim
3231 821 3381 878 ?rllic
3415 838 3545 878 vero
3575 841 3692 878 rna-

2100 906 2298 962 nil‘este
2344 908 2578 970 homini,
2622 917 2682 962 ut
2718 909 2999 964 hominem
3039 911 3280 978 occidat,
3319 915 3587 984 praecipit.
3621 916 3688 969 Et

2099 998 2225 1066 quis
2254 1005 2362 1050 tam
2390 1011 2587 1063 vanus,
2615 1007 2673 1051 ut
2702 999 2851 1054 hunc
2873 1015 2902 1054 a
2935 999 3046 1055 Deo
3075 1015 3196 1056 esse
3228 1003 3546 1060 crediturus
3575 1005 3692 1059 sit?

2101 1087 2246 1144 Deus
2269 1089 2416 1143 enim
2445 1091 2671 1158 rapinas
2704 1101 2760 1145 et
2800 1090 2978 1146 caedes
3008 1107 3118 1146 non
3149 1095 3421 1166 praecipit.
3457 1095 3540 1150 Ad
3572 1097 3688 1150 ha‘c

2099 1182 2283 1237 scelus
2327 1181 2522 1237 sceleri
2555 1191 2927 1252 permutatur.
2962 1185 3285 1240 Dicit‘enim
3349 1204 3363 1242 :
3421 1188 3533 1243 Aut
3569 1203 3658 1242 mo

2099 1273 2336 1340 ri‘antur,
2415 1281 2511 1327 aut
2566 1275 2834 1328 tributum
2879 1275 3116 1333 solvant.
3191 1276 3284 1333 Sic
3327 1278 3475 1334 enim
3512 1280 3690 1334 caedes

2099 1374 2448 1436 permutatu'r
2477 1366 2731 1422 avaritia.
2755 1367 2876 1422 Non
2905 1375 3086 1422 tamen
3121 1367 3266 1424 inter
3292 1367 3393 1425 hos
3418 1373 3688 1426 terminos

2101 1457 2283 1511 scelus
2305 1456 2581 1522 consistit,
2611 1457 2706 1512 sed
2746 1458 3066 1513 extenditur
3093 1459 3334 1528 longius.
3366 1461 3509 1527 Quid
3537 1463 3689 1516 enim

2104 1557 2258 1606 tanta
2311 1550 2642 1606 crudelitate
2693 1558 2750 1605 et
2798 1551 2930 1606 odio
2981 1551 3213 1607 humani
3258 1555 3480 1624 generis
3531 1557 3690 1625 pejus

2102 1649 2208 1703 est,
2235 1649 2296 1694 ut
2325 1642 2494 1696 etiam
2528 1641 2654 1697 illos
2693 1643 2958 1710 trucidet,
2989 1643 3082 1713 qui
3118 1644 3255 1698 nihil
3289 1646 3418 1700 mali
3449 1647 3692 1700 admisc-

2105 1733 2279 1788 runt?
2312 1732 2366 1788 Si
2409 1734 2559 1788 enim
2614 1734 2984 1791 Musulmanis
3026 1737 3083 1791 in
3133 1737 3341 1792 bellum
3401 1738 3688 1808 profectis,

2032 1810 2074 1864 Β
2105 1824 2303 1893 aliquis
2344 1824 2567 1880 illorum
2613 1825 2902 1891 ceciderit,
2937 1839 3291 1897 nequaquam
3340 1831 3574 1898 seipsos,
3630 1839 3692 1882 ut

2106 1915 2232 1970 belli
2263 1925 2539 1982 auctores,
2570 1915 3053 1986 reprehendendos
3083 1918 3422 1986 existimant,
3461 1918 3558 1974 sed
3600 1934 3695 1972 su-

2105 2023 2204 2077 per
2251 2009 2421 2062 occisi
2458 2009 2695 2065 cadaver
2731 2010 2938 2080 singuli
2989 2019 3067 2065 tot
3099 2011 3350 2075 viventes
3389 2012 3692 2075 trucidant,

2104 2112 2238 2170 quot
2264 2102 2554 2171 acquirere
2580 2101 2806 2156 licuerit
2833 2121 2846 2157 :
2878 2113 2930 2158 et
2968 2118 3078 2172 quo
3117 2103 3241 2174 plus
3269 2103 3594 2168 occiderint,
3627 2118 3695 2158 eo

2105 2194 2278 2263 magis
2317 2193 2486 2248 occisi
2549 2195 2789 2249 animam
2846 2205 3041 2265 putant
3066 2212 3188 2252 esse
3224 2196 3492 2267 adjutam.
3533 2195 3692 2263 Quod

2105 2285 2148 2340 si
2183 2301 2315 2341 vero
2351 2284 2610 2342 homines
2640 2288 2896 2359 pr0prios
2923 2303 3035 2343 non
3074 2289 3355 2355 habuerit,
3382 2289 3478 2358 qui
3523 2289 3695 2344 occisi

2105 2377 2344 2430 animam
2388 2377 2585 2447 juvare
2621 2379 2800 2448 cupit,
2848 2378 3194 2434 Chrisrianos
3240 2379 3562 2448 ubicunque
3609 2380 3698 2432 in-

2105 2475 2300 2524 ventos
2341 2467 2498 2533 emit,
2550 2483 2759 2539 eosque
2791 2478 2884 2526 aut
2918 2485 3088 2539 super
3117 2485 3323 2539 corpus
3364 2469 3568 2534 occisi,
3601 2477 3698 2524 aut

2087 2558 2276 2629 ’snper
2305 2561 2623 2630 sepulcrum
2659 2561 2808 2631 illius
2831 2563 3068 2633 jugulat.
3101 2561 3167 2614 Et
3193 2579 3222 2616 a
3256 2564 3367 2617 Deo
3393 2577 3514 2618 esse
3545 2563 3700 2618 dice-

2109 2662 2217 2720 tur,
2271 2656 2364 2724 qni
2420 2655 2549 2710 talia
2593 2655 2811 2726 legibus
2862 2656 2978 2712 suis
3029 2656 3266 2712 statuit?
3311 2657 3480 2712 ldem'
3517 2657 3695 2712 dicit:

2112 2764 2130 2797 ι
2170 2745 2274 2813 Qui
2307 2761 2432 2801 cum
2458 2756 2644 2803 scorto
2673 2747 2934 2805 mercede
2965 2750 3146 2803 soluta
3174 2749 3562 2812 concubuerit,
3583 2765 3698 2803 non

2106 2848 2340 2910 peccat;
2378 2846 2432 2894 at
2464 2839 2557 2909 qui
2589 2841 2863 2910 virginem
2898 2841 2952 2896 vi
2987 2841 3299 2908 violaverit,
3339 2851 3569 2913 peccat;
3601 2842 3698 2912 qui
3748 2857 3762 2868 ο

2107 2940 2292 2984 autem
2330 2943 2456 2984 cum
2492 2930 2582 2985 illa
2617 2931 2726 2986 sibi
2757 2933 3144 2989 consentiente
3171 2935 3556 3000 concubuerit,
3586 2946 3718 2989 non

2107 3032 2317 3094 peccat.
2361 3023 2429 3078 Et
2457 3024 2554 3094 qui
2605 3020 2856 3094 captivas
2912 3025 2964 3079 in
3008 3025 3153 3081 bello
3186 3026 3418 3095 ceperit,
3471 3025 3558 3080 his
3597 3039 3698 3097 pro

2109 3131 2228 3170 sua.
2256 3114 2492 3170 libidine
2537 3116 2692 3171 nullo
2768 3117 3095 3186 prohibente
3139 3125 3344 3172 utatur.
3407 3117 3698 3185 Quomodo

2109 3207 2280 3278 igitur
2312 3207 2428 3261 Deo
2459 3215 2690 3262 auctore
2739 3206 2794 3260 id
2852 3206 3043 3274 faciet,
3093 3208 3186 3277 qui
3241 3207 3609 3264 scortationes
3643 3217 3702 3263 et

2107 3303 2388 3370 virginum
2429 3301 2758 3357 violationes
2814 3302 3029 3371 legibus
3074 3301 3406 3356 conﬁrmat?
3438 3301 3506 3356 Et
3548 3303 3698 3372 quod

2105 3400 2268 3469 longe
2295 3397 2745 3454 scelestissimum
2768 3407 2875 3465 est,
2906 3399 2992 3453 his
3015 3399 3108 3469 qui
3127 3399 3281 3470 juxta
3306 3399 3402 3454 Dei
3426 3409 3699 3470 praecepta

2111 3497 2165 3550 in
2211 3494 2315 3548 hoc
2347 3493 2548 3548 saeculo
2579 3493 2839 3561 vixerint,
2890 3492 2998 3549 illis
3045 3493 3277 3563 singulis
3314 3506 3436 3564 post
3483 3493 3697 3548 obitum

2109 3591 2356 3658 ipsorum
2388 3587 2583 3641 balnea
2610 3595 2665 3642 et
2694 3586 2912 3650 domus,
2949 3595 3225 3656 angustas,
3254 3587 3515 3642 mulieres
3545 3588 3705 3642 deni-

2110 3687 2302 3748 que‘et
2331 3676 2577 3746 virgines
2621 3691 2784 3746 quam
2816 3676 3082 3746 plurimas
3116 3691 3143 3729 ιι
3178 3674 3292 3731 Deo
3331 3677 3542 3732 dandas
3583 3675 3702 3733 fore

2110 3767 2428 3841 promittit:
2479 3779 2534 3825 et
2580 3769 2728 3839 quod
2775 3767 3185 3826 idololatrarun.
3246 3767 3560 3826 Graacorum
3603 3786 3704 3825 no-

2111 3863 2302 3918 minati
2348 3863 2587 3933 theologi
2641 3863 2825 3919 dicere
2876 3879 2976 3919 nec
3033 3865 3148 3918 ausi
3200 3871 3363 3928 sunt,
3413 3879 3516 3918 nec
3573 3860 3702 3918 talia

2109 3970 2232 4011 esse
2264 3957 2642 4022 crediderunt,
2677 3955 2796 4010 haec
2825 3955 3102 4011 Mahomet
3142 3962 3332 4026 aperto
3364 3970 3459 4010 ore
3485 3951 3702 4026 legibus

2113 4048 2232 4102 suis
2265 4049 2504 4119 sancire
2557 4063 2666 4102 non
2720 4047 3016 4102 erubescit.
3078 4046 3144 4101 lli
3201 4047 3341 4101 enim
3425 4046 3701 4110 sentiunt,

2111 4138 2259 4210 quod
2295 4139 2390 4210 qui
2413 4140 2584 4193 vitam
2619 4155 2774 4194 suam
2806 4139 3039 4194 honeste
3071 4138 3125 4192 in
3157 4138 3263 4192 hoc
3288 4137 3497 4192 mundo
3525 4147 3708 4192 trans-

2114 4231 2349 4300 cgerint,
2386 4246 2534 4297 cum,
2565 4239 2689 4300 post
2710 4230 2919 4284 obitum
2958 4231 3227 4300 ipsorum,
3253 4229 3448 4283 animze
3481 4229 3702 4296 illorum

2110 4338 2248 4392 pure
2283 4339 2314 4376 a
2348 4323 2674 4392 corporibus
2719 4323 2966 4376 liberatae
3011 4323 3147 4386 sint,
3187 4331 3317 4377 tunc
3347 4337 3440 4376 eos
3475 4321 3529 4374 in
3569 4322 3703 4376 de'o-
3755 4322 3760 4324 ⁷

2113 4428 2235 4466 rum
2291 4426 2583 4467 numerum
2646 4413 2880 4478 referri,
2929 4415 3184 4484 interque
3230 4413 3355 4468 illos
3398 4414 3714 4469 fortunatas

427 4502 604 4556 αὐτῶν
661 4503 1124 4570 συναγάλλονται·
1161 4505 1272 4556 τῶν
1299 4505 1356 4557 δὲ
1412 4504 1599 4568 κακῶς
1631 4504 1820 4558 ἐνθάδε
1875 4503 1998 4573 βιω-

2114 4502 2324 4557 insulas
2373 4503 2638 4570 incolere,
2689 4511 2745 4558 et
2799 4492 2931 4558 cum.
2980 4503 3089 4558 illis
3134 4503 3436 4558 exsultare.
3497 4501 3706 4556 Eorum

429 4595 659 4661 σάντων,
696 4598 791 4650 καὶ
820 4597 1172 4666 ἀκαθάρτων,
1205 4600 1299 4652 καὶ
1357 4598 1786 4669 μεμολυσμένων
1835 4597 2006 4652 ἀπελ-

428 4689 650 4755 θόντων,
680 4691 735 4742 αἱ
767 4691 972 4744 τούτων
1005 4689 1177 4762 ψυχαὶ
1228 4692 1309 4752 είς
1342 4689 1607 4760 ζοφώδεις
1642 4691 1736 4743 καὶ
1794 4707 2006 4742 σκοτει-

375 4843 384 4848 _
427 4780 550 4842 νοὺς
585 4781 917 4852 ἀπέρχονται
951 4784 1178 4851 τόπους,
1207 4782 1304 4837 καὶ
1355 4783 1436 4846 είς
1465 4783 1558 4836 τὸν
1616 4781 1863 4853 ποταμὸν
1906 4781 2000 4835 τὸν

429 4872 932 4942 Πυριφλεγέθοντα.

502 4966 577 5031 ς’.
636 4969 744 5020 Καὶ
793 4969 980 5038 οἱμὲν
1034 4967 1715 5040 είδωλολάτραιἝλληνες
1777 4973 2001 5042 λέγουσι

425 5062 600 5114 ταῦτα
622 5076 636 5091 ο
680 5064 705 5113 ὀ
737 5062 792 5113 δὲ
814 5060 1066 5130 Μωάμεθ
1095 5061 1208 5124 πῶς
1243 5061 1504 5132 ὀνομάζει
1539 5063 1745 5123 ἑαυτὸν,
1783 5065 2006 5136 690680-

430 5155 538 5222 ξον,
575 5157 669 5209 καὶ
692 5153 920 5224 πλησίον
954 5153 1049 5207 τοῦ
1084 5155 1218 5207 Θεοῦ
1256 5156 1688 5225 εὑρισκόμενον;
1725 5157 1886 5226 Λέγει
1915 5163 2010 5213 καὶ

427 5249 710 5318 νομοθετεῖ
754 5247 980 5301 τοιαῦτα
1036 5247 1372 5318 ἀτοπήματα
1430 5249 1654 5318 αἰσχρά.
1721 5237 1836 5304 Οὐκ
1893 5251 2010 5322 ἔχει

428 5335 729 5407 ἐνθύμησιν
759 5336 897 5398 ὅλως
952 5335 1034 5387 ὅτι
1068 5334 1245 5388 ταῦτα
1277 5337 1454 5389 πάντα
1495 5337 1668 5407 ὀργῆς
1714 5341 1809 5391 καὶ
1871 5342 2008 5394 ἀπο-

431 5430 674 5499 στροφῆς
711 5428 875 5497 έργα,
935 5430 1030 5482 καὶ
1087 5427 1189 5496 τῆς
1251 5429 1530 5498 ἁμαρτίας
1587 5431 2011 5502 ἀποτελέσματά

431 5523 559 5574 εἰσι.
589 5521 702 5592 Πρὸ
743 5521 852 5591 γὰρ
885 5520 984 5590 τῆς
1048 5519 1416 5590 παραϐάσεως
1464 5523 1558 5574 καὶ
1605 5517 1884 5593 ἇμαρτέας
1915 5525 2010 5578 τοῦ

441 5612 614 5682 Ἀδὰμ
643 5611 744 5665 ποῦ
801 5613 1044 5682 λουτράς
1077 5611 1181 5665 ποῦ
1229 5612 1368 5675 ὅλως
1419 5613 1748 5683 οἰκήματα,
1797 5617 1898 5669 ποῦ
1953 5618 2012 5670 ai

432 5704 628 5757 πολλαὶ
660 5706 960 5773 γυναῖκες,
1033 5703 1198 5758 Ἀλλά
1260 5705 1398 5774 μετὰ
1431 5705 1532 5772 τὴν
1595 5707 1874 5776 ἁμαρτίαν
1910 5709 2004 5762 καὶ

430 5798 529 5868 τὴν
558 5801 803 5870 κατάραν
837 5800 1113 5872 ἐπανέστη
1143 5801 1202 5854 τὸ
1229 5801 1387 5870 σῶμα
1413 5799 1602 5872 ὥσπερ
1633 5799 1823 5873 θηρίον
1860 5803 2004 5857 κατά

2113 4611 2247 4650 vero
2295 4594 2390 4666 qui
2459 4596 2628 4666 impie
2678 4596 2770 4651 hic
2817 4597 3108 4662 viventes,
3163 4596 3381 4668 impure
3434 4591 3597 4650 simul
3651 4606 3708 4651 et

2117 4685 2328 4756 pollu‘te
2365 4686 2632 4752 obierint,
2667 4687 2882 4742 animas
2913 4685 2968 4740 in
3005 4686 3272 4741 obscuros
3298 4696 3353 4740 et
3389 4685 3710 4740 tenebrico-

2117 4793 2210 4832 sos
2238 4778 2390 4833 locos
2419 4777 2734 4847 discedere,
2762 4788 2818 4835 et
2853 4778 2911 4834 in
2937 4777 3166 4835 ﬂuvium
3198 4778 3481 4850 perpetuis
3507 4779 3716 4835 ardenv

2117 4881 2226 4926 tem
2260 4870 2503 4941 ignibus.
2551 4877 2554 4882 '
3219 4859 3224 4868 “

2192 4987 2245 5041 6.
2290 4987 2361 5041 Et
2391 4985 2507 5042 haec
2537 4988 2763 5058 quidem
2785 4988 3086 5046 idololatrae
3106 4990 3282 5047 61·ωοί
3315 4992 3568 5048 tradunt.
3593 4994 3710 5051 Ma-

2119 5076 2309 5147 homet
2363 5094 2544 5144 vero,
2599 5079 2694 5149 qui
2761 5095 2820 5134 se
2888 5081 3242 5137 orthodoxon
3301 5097 3422 5139 esse
3481 5092 3538 5141 et
3597 5086 3718 5142 Deo

2121 5170 2438 5238 proximum
2507 5170 2672 5237 dicit,
2737 5171 3057 5244 hujusmodi
3113 5174 3352 5230 absurda
3407 5184 3464 5240 et
3527 5178 3715 5249 turpia

2118 5258 2337 5328 legibus
2367 5260 2711 5315 constituit?
2739 5261 2964 5316 Minime
2997 5273 3146 5318 certe
3194 5266 3526 5335 perpendit,
3562 5270 3713 5338 quod

2120 5350 2307 5404 omnia
2352 5349 2472 5405 haec
2513 5351 2650 5416 odii,
2692 5352 2788 5408 irae
2817 5361 2873 5409 et
2906 5355 3118 5423 peceati
3164 5355 3396 5412 ell'ectus
3455 5358 3586 5414 sint.
3625 5359 3715 5416 Si-

2121 5434 2346 5507 quidem
2407 5453 2536 5498 ante
2588 5443 2783 5500 Adami
2839 5447 3372 5514 transgressionem,
3421 5449 3518 5505 ubi
3576 5459 3716 5506 tunc

2124 5537 2357 5590 balnea?
2403 5536 2493 5591 ubi
2525 5538 2764 5592 domus?
2793 5537 2888 5593 ubi
2910 5539 3212 5594 mulieres?
3261 5541 3397 5596 Post
3421 5551 3715 5611 peccatum-

2123 5640 2257 5680 vero
2293 5635 2348 5680 et
2373 5622 2818 5682 maledictionem
2849 5669 2862 5694 ,
2894 5643 3100 5698 corpus
3128 5637 3321 5685 contra
3353 5631 3588 5683 animam
3621 5630 3712 5684 i'nn

2117 5721 2233 5768 star
2266 5713 2395 5771 terte
2441 5716 2727 5786 cujusdam
2765 5717 3066 5773 insurrexit
3101 5732 3116 5770 :
3149 5726 3207 5772 et
3238 5731 3365 5770 cum
3397 5716 3514 5770 haec
3546 5715 3711 5771 abso‘

2114 5805 2229 5863 luta
2255 5808 2349 5866 Dei
2401 5809 2845 5868 consideratione
2888 5817 3125 5877 careret,
3164 5821 3368 5878 corpus
3398 5805 3552 5875 vicit,
3587 5809 3704 5861 ani-
