4090 6474
339 340 441 404 547

337 558 392 600 et
418 546 645 600 abduxit
676 547 730 600 in
762 544 1027 600 absurdas
1067 552 1126 597 et
1154 557 1323 597 vanas
1356 544 1610 611 corporis
1651 542 1913 610 concupi-

337 638 582 693 scentias
634 649 693 692 et
723 638 1040 707 voluptates
1068 654 1083 690 :
1124 644 1365 704 tuncque
1393 636 1575 690 anima
1602 649 1703 688 ceu
1761 649 1914 689 man-

335 730 540 800 eipium
577 729 951 800 corporalium
999 728 1366 798 cupiditatum
1427 726 1657 780 servitio
1710 724 1913 779 tradita

263 806 276 816 ”
333 832 439 877 est.
474 821 530 876 Si
570 821 735 891 igitur
776 829 899 889 post
940 828 1285 873 mortuorum
1318 817 1783 872 resurrectionem
1817 816 1916 870 bo-

266 952 267 955 η
334 912 535 977 mines,
589 910 684 979 qui
733 910 889 980 juxta
940 910 1035 963 Dei
1090 909 1431 962 voluntatem
1478 907 1761 971 vixerunt,
1804 920 1912 959 non

266 1046 273 1066 3
334 1004 643 1074 possessuri
684 1012 814 1056 sunt
860 1001 1256 1056 beatamillam
1300 1000 1491 1061 vitam,
1546 1013 1708 1067 quam
1740 996 1914 1051 Adam

338 1097 655 1166 progenitor
688 1103 879 1149 noster
924 1103 1051 1148 ante
1093 1091 1587 1159 transgressionem
1622 1090 1815 1145 habuit
1859 1095 1916 1142 et

336 1189 543 1254 amisit,
572 1186 665 1242 sed
700 1185 949 1240 eamdem
972 1185 1199 1237 omnino
1229 1183 1419 1247 vitam,
1449 1197 1612 1252 quam
1650 1188 1775 1251 post
1804 1195 1917 1235 ma-

338 1282 693 1337 lcdietionem
734 1276 1018 1339 sustinuit,
1058 1274 1377 1344 acquisituri
1410 1283 1560 1336 sunt,
1609 1288 1689 1327 va:
1742 1271 1917 1327 Inomi-

338 1375 502 1441 njbus
535 1371 682 1426 illisl
726 1370 927 1425 Verum
962 1368 1067 1422 hoc
1119 1365 1419 1436 pessimum
1467 1376 1573 1430 est,
1609 1363 1757 1433 quod
1804 1378 1915 1417 non

337 1464 505 1518 modo
536 1464 603 1517 de
634 1463 832 1535 misera
862 1460 966 1515 bac
999 1468 1056 1514 et
1082 1456 1414 1512 exsecrabili
1446 1456 1557 1511 vita
1589 1453 1916 1511 Mahometis

337 1554 584 1610 absurda
608 1552 799 1622 Opinio
829 1551 1038 1615 fertur,
1070 1564 1236 1619 quam
1261 1547 1435 1603 Deum
1465 1547 1629 1618 justis
1657 1545 1916 1600 daturum

334 1642 632 1714 promittit,
664 1641 761 1710 sed
794 1641 862 1696 de
888 1640 1049 1710 longe
1088 1639 1359 1695 miseriori
1384 1646 1442 1693 et
1464 1636 1723 1708 turpiori,
1751 1651 1915 1706 quam

335 1736 453 1789 haec
504 1735 576 1788 sit
624 1747 789 1801 quam
850 1730 1013 1785 modo
1048 1729 1310 1783 vivimus.
1368 1727 1540 1783 Adam
1596 1726 1744 1781 enim
1789 1733 1914 1795 post

337 1800 870 1892 transgressionem,
920 1819 1371 1874 maledictionem
1422 1826 1479 1872 et
1515 1815 1908 1885 relegationem
1947 1800 1985 1853 Β

333 1926 401 1968 ex
433 1911 709 1983 paradiso,
734 1911 905 1980 Evam
928 1908 1225 1977 cognovit;
1258 1921 1447 1961 verum
1471 1914 1529 1960 et
1550 1904 1657 1959 hoc
1686 1912 1912 1973 propter

334 2004 636 2057 liberorum
663 1998 1104 2071 procreationem
1132 1996 1297 2061 fecit,
1339 2009 1480 2066 quos
1510 2003 1567 2050 et
1599 1992 1907 2064 progenuit.

286 2084 289 2085 ν
335 2098 477 2148 Ante
511 2090 1007 2162 transgressionem
1042 2103 1197 2154 vero,
1226 2087 1532 2158 angelicam
1555 2085 1725 2139 vitam
1761 2082 1915 2137 vixe-

336 2192 486 2238 runt.
524 2183 799 2238 Praeterea
852 2180 1023 2236 Adam
1059 2180 1173 2235 Eva
1213 2178 1457 2250 cognita,
1504 2177 1671 2231 etiam
1723 2182 1912 2246 postea

336 2277 450 2330 haec
478 2274 670 2329 eadem
707 2273 870 2327 unica
899 2282 1019 2326 erat
1048 2271 1270 2335 mulier,
1296 2278 1353 2324 et
1376 2284 1485 2323 non
1518 2267 1729 2339 plures.
1783 2265 1908 2321 Non

332 2370 482 2423 enim
520 2382 691 2421 unum
726 2381 933 2420 marem
965 2372 1249 2419 creaverat
1284 2361 1573 2423 Dominus,
1618 2368 1675 2414 et
1710 2358 1915 2412 multas

334 2464 605 2526 feminas,
639 2476 741 2515 nec
772 2460 977 2515 multos
1006 2472 1210 2522 mares,
1233 2465 1291 2511 et
1314 2469 1476 2508 unam
1507 2452 1789 2517 feminam,
1817 2449 1914 2505 sed

337 2568 509 2607 unum
546 2552 750 2616 virum,
782 2550 1075 2612 Adamnm,
1107 2556 1161 2602 et
1194 2561 1355 2600 unam
1385 2544 1693 2606 mulierem,
1722 2543 1912 2597 Evam.

336 2646 591 2700 llumano
614 2651 796 2695 autem
834 2634 1177 2711 generejam
1203 2636 1606 2705 multiplicato,
1638 2644 1694 2690 et
1728 2634 1782 2689 in
1838 2633 1917 2687 lai-

342 2736 522 2790 seivas
541 2741 598 2788 et
626 2732 844 2802 iniquas
871 2729 1224 2801 operationes
1248 2728 1537 2799 prolapso,
1571 2736 1830 2797 gravatus
1860 2733 1916 2780 et

340 2826 665 2896 indignatus
693 2834 776 2878 est
811 2832 1005 2878 contra
1051 2822 1200 2891 ipsos
1232 2821 1374 2875 Deus
1396 2868 1411 2895 ,
1449 2818 1916 2887 quemadmodum

345 2920 541 2973 beatus
572 2916 663 2972 ille
694 2914 872 2969 Moses
929 2912 985 2967 in
1012 2913 1196 2968 Veteri
1226 2912 1580 2968 Testamento
1624 2910 1913 2973 describit,

342 3007 492 3081 quod
525 3006 736 3061 scilicet
771 3004 972 3059 dixerit
998 3003 1141 3059 Deus
1177 3023 1190 3059 :
1226 3022 1244 3055 ι
1276 3004 1395 3059 Non
1426 3001 1771 3074 permanebit
1810 3000 1920 3070 spi-

337 3102 478 3155 ritus
516 3106 672 3154 mcus
702 3112 826 3151 cum
866 3096 987 3163 eis,
1040 3097 1167 3166 quia
1208 3111 1337 3151 caro
1387 3096 1601 3150 sunt".
1628 3117 1646 3145 ι
1690 3093 1801 3147 Nec
1822 3093 1917 3146 Dei

337 3193 591 3257 verbum,
654 3206 754 3245 cur
817 3190 948 3259 ipsis
1008 3204 1139 3243 caro
1196 3191 1289 3254 sit,
1352 3183 1911 3255 iudicattquomodo

338 3281 520 3337 enim?
547 3280 681 3334 Nam
705 3279 920 3334 etiamsi
941 3279 1106 3333 homo
1132 3288 1254 3348 post
1274 3277 1768 3348 transgressionem
1797 3290 1919 3331 can-

340 3390 461 3430 nem
494 3373 913 3442 corruptibilctn
972 3387 1035 3425 ac
1075 3371 1363 3426 mortalem
1393 3369 1774 3438 assumpserit,
1810 3384 1915 3423 non

337 3477 521 3523 tamen
558 3467 729 3520 Adam
762 3479 968 3535 corpus
1002 3479 1032 3517 a
1062 3463 1174 3521 Deo
1198 3464 1521 3533 plasmatum
1546 3460 1773 3532 adjecit;
1796 3474 1914 3515 om-

339 3560 430 3613 uia
462 3559 607 3613 enim
651 3571 773 3626 quae
806 3572 835 3609 a
868 3557 985 3610 Deo
1016 3565 1204 3610 creata
1245 3563 1393 3620 sunt,
1450 3552 1745 3607 admodum
1790 3560 1918 3607 sunt

339 3653 521 3716 bona;
574 3648 673 3704 sed
730 3647 802 3703 ob
846 3649 897 3703 id
939 3648 1083 3702 Deus
1115 3647 1255 3702 dixit
1291 3663 1306 3700 :
1356 3664 1375 3697 ι
1408 3645 1525 3700 Non
1576 3644 1919 3717 permanebit

338 3740 567 3809 spiritus
595 3754 751 3795 meus
776 3755 901 3794 cum
928 3740 1030 3806 eis,
1060 3740 1189 3809 quia
1223 3752 1355 3793 caro
1387 3745 1536 3799 sunt,
1574 3754 1594 3787 ›
1630 3736 1777 3805 quod
1827 3735 1917 3789 ni-

339 3833 543 3888 mirum
593 3832 693 3887 toti
749 3833 1003 3887 carnales
1050 3840 1102 3887 et
1135 3832 1341 3885 terreni
1393 3829 1529 3884 facti
1554 3836 1767 3893 essent,
1803 3842 1914 3883 non

341 3924 611 3979 habentes
657 3918 1079 3978 cenvenientem
1129 3920 1264 3991 ipsis
1306 3920 1438 3975 boni
1474 3919 1820 3984 memoriam,
1860 3929 1919 3975 et

336 4014 488 4083 quod
536 4014 589 4067 in
615 4014 899 4069 lasciviam
932 4013 1154 4084 penitus
1188 4010 1535 4066 incidissent.
1593 4010 1752 4065 Tunc
1783 4010 1920 4066 dicit

337 4107 405 4161 ad
438 4104 552 4159 Noe
577 4106 757 4161 Deus:
795 4124 814 4157 (
837 4104 1109 4171 Quoniam
1143 4112 1197 4158 te
1226 4102 1731 4175 invenirjustum'iu
1758 4119 1921 4175 gene-

339 4199 551 4254 ratione
601 4199 722 4263 hac,
760 4213 945 4252 arcam
993 4196 1081 4251 fac
1109 4196 1347 4267 ligneam
1378 4195 1541 4252 talem
1558 4196 1628 4260 ⁸⁸,
1661 4214 1678 4248 ι
1706 4205 1814 4251 etc.
1848 4196 1918 4250 Et

341 4288 470 4343 fecit
516 4286 631 4341 Noe
675 4289 1056 4358 arcam,juxta
1102 4287 1333 4342 verbum
1376 4287 1613 4356 Domini,
1645 4296 1699 4342 et
1733 4302 1915 4342 arcam

341 4382 624 4451 ingressus
655 4390 740 4435 est
766 4395 890 4435 cum
925 4380 1102 4434 tribus
1131 4379 1262 4436 filiis
1289 4382 1426 4448 suis,
1483 4381 1634 4447 Seni,
1662 4380 1833 4435 Citam
1858 4389 1917 4436 et

337 4473 572 4541 Japliet;
607 4472 851 4541 ingressa
884 4480 972 4525 est
994 4480 1052 4525 et
1080 4487 1218 4525 uxor
1253 4472 1371 4527 Noe
1397 4474 1691 4536 inaream,
1723 4482 1780 4527 et
1808 4482 1917 4527 tres

339 4578 542 4619 uxores
566 4564 802 4618 filiorum
825 4559 960 4617 Noe.
986 4561 1181 4618 Viden‘
1214 4574 1331 4619 uta
1364 4564 1489 4618 Deo
1500 4565 1634 4636 justi
1667 4564 1917 4618 testimo-

339 4657 492 4711 nium
541 4656 743 4725 accipit
785 4656 898 4709 Noe
951 4670 1059 4708 una
1108 4670 1279 4711 uxore
1309 4640 1809 4721 contentus?Quin
1861 4666 1919 4712 et

338 4745 541 4816 singuli
568 4746 802 4799 filiorum
828 4743 1002 4813 ipsius
1020 4743 1284 4815 singulas,
1305 4760 1508 4815 easque
1532 4746 1697 4809 solas,
1720 4759 1919 4823 uxores

342 4836 682 4899 habuerunt,
711 4844 766 4888 et
795 4833 864 4886 ab
897 4834 975 4888 ira
1005 4834 1103 4888 Dei
1146 4836 1347 4890 servati
1376 4844 1527 4902 sunt,
1580 4843 1756 4890 totum
1787 4849 1918 4888 vero

343 4928 647 4982 humanum
700 4941 874 4995 genus
925 4924 1121 4981 diluvii
1172 4927 1331 4997 aquis
1374 4927 1613 4982 deletum
1655 4936 1758 4981 est.
1802 4925 1918 4980 Iloc

337 5026 492 5071 certe
512 5017 597 5071 vel
624 5014 784 5085 plane
807 5015 1105 5085 insipidum
1135 5016 1332 5072 docere
1357 5025 1545 5086 queat,
1579 5018 1725 5087 quod
1755 5034 1918 5072 unam

337 5122 575 5178 eamque
602 5107 775 5161 solam
804 5122 1029 5162 uxorem
1054 5109 1174 5163 viro
1188 5124 1314 5164 esse
1344 5109 1657 5175 conveniat,
1684 5111 1922 5181 justum-

339 5219 452 5272 que
473 5203 547 5256 sit
572 5201 859 5255 mulierem
886 5217 1106 5271 quoque
1127 5203 1226 5257 uni
1252 5203 1465 5272 solique
1488 5203 1609 5256 viro
1635 5204 1917 5275 conjungi.

349 5288 554 5345 Verum
585 5300 643 5344 et
674 5290 802 5353 hoc.
831 5301 891 5345 ut
925 5293 1303 5362 praediximus,
1352 5302 1479 5363 post
1528 5297 1916 5365 transgressio-

348 5396 472 5436 nem
505 5390 730 5451 prepter
765 5382 1067 5438 liberorum
1106 5387 1545 5455 procreationem
1575 5385 1778 5440 factum
1810 5393 1914 5442 est.

344 5471 624 5526 Mahomet
647 5486 777 5526 vero
810 5474 1097 5530 manifeste
1128 5478 1309 5542 docet,
1340 5475 1486 5547 quod
1518 5492 1580 5531 ea
1612 5493 1735 5548 quae
1754 5479 1917 5548 justis

343 5579 377 5618 a
409 5564 522 5618 Deo
552 5562 815 5619 tribuitur
845 5582 1057 5625 merces
1079 5607 1094 5636 ,
1150 5569 1343 5625 balnea
1372 5570 1481 5625 sint
1503 5609 1517 5637 ,
1579 5582 1633 5627 et
1686 5571 1919 5643 singulis

417 5772 461 5804 ε’
499 5771 732 5855 ϐοιξδνι,
756 5778 791 5830 5
887 5779 934 5812 “
958 5779 1093 5839 ibid.
1122 5782 1209 5837 15.

1498 335 1827 400 JOANNIS
1867 337 2396 398 CANTACUZENI

335 468 592 524 mamque
614 467 644 507 a
669 452 1003 508 sublimitate
1033 460 1088 508 et
1107 451 1509 523 magnificentia
1532 468 1629 507 sua
1654 451 1914 516 detraxit,
1947 456 1990 512 Α
2020 453 2117 520 τῆς
2165 452 2345 521 ψυχῆς
2369 467 2384 482 ·

2429 450 2521 504 καὶ
2574 451 2650 522 μὴ
2699 451 2929 524 ἐχούσης
2991 451 3295 516 καθολικῶς
3344 453 3444 524 τὴν
3496 454 3593 506 τοῦ

2016 542 2151 596 Θεοῦ
2180 542 2497 612 ἐπίσκεψιν,
2555 542 2743 612 ἴσχυσε
2797 544 2858 596 τὸ
2912 544 3093 613 σῶμα,
3128 545 3225 598 καὶ
3278 545 3593 599 κατέσπασε

2014 636 2112 707 τὴν
2137 636 2317 705 ψυχὴν
2335 635 2444 689 ἀπὸ
2470 634 2565 688 τοῦ
2599 634 2767 704 ὕψους
2798 634 2895 690 καὶ
2925 635 3022 689 τοῦ
3057 636 3349 705 μεγαλεῖον
3391 638 3590 707 αιίτῆς,

2013 727 2107 779 καὶ
2130 727 2446 795 κατήγαγεν
2482 726 2562 790 είς
2593 726 2691 789 τὰς
2723 724 3071 797 παραλόγους
3099 729 3203 781 καὶ
3217 729 3454 798 ματαίας
3485 744 3592 783 σω-

2017 820 2252 889 ματικὰς
2302 817 2599 886 ἐπιθυμίας
2636 818 2731 870 καὶ
2784 818 3029 888 usam,-
3092 820 3189 871 καὶ
3239 814 3350 873 οἷον
3402 819 3593 890 ὥσπερ

2026 908 2387 978 ἀνδράποδον,
2418 908 2564 962 οὕτω
2594 908 2974 981 κατεδουλώθη
3004 912 3037 981 ή
3069 909 3217 981 ψυχὴ
3251 910 3333 974 είς
3362 910 3461 975 τὰς
3490 928 3594 964 σω-

2019 1001 2258 1071 ματικὰς
2320 999 2554 1069 ὀρέξεις.
2615 1000 2678 1052 Εἰ
2734 1000 2866 1067 γοῦν
2904 1002 3045 1067 μετὰ
3084 1003 3185 1071 τὴν
3234 1001 3300 1055 ἐκ
3374 1002 3587 1072 νεκρῶν

2015 1095 2319 1149 ἀνάστασιν
2346 1094 2498 1147 οὐδὲν
2526 1093 2811 1163 μέλλουσιν
2846 1095 3030 1165 εὑρεῖν
3055 1095 3105 1148 οι
3150 1095 3293 1149 κατὰ
3325 1093 3422 1166 τὴν
3452 1096 3592 1149 ἀπο-

2015 1186 2181 1255 δοχὴν
2218 1184 2315 1238 τοῦ
2350 1183 2487 1238 Θεοῦ
2535 1185 2991 1257 πολιτευσάμενοι
3021 1185 3306 1257 ἄνθρωποι
3354 1188 3455 1257 τὴν
3488 1205 3594 1257 μα-

2016 1277 2217 1347 καρίαν
2249 1276 2467 1347 ἐκείνην
2490 1276 2658 1347 ζωὴν,
2716 1278 2787 1349 ἢν
2815 1280 2843 1333 6
2875 1279 3185 1349 προπάτωρ
3248 1279 3425 1350 ’Δδὰμ
3477 1277 3591 1349 εἶχε

2020 1371 2129 1441 πρὸ
2154 1371 2253 1449 τῆς
2305 1370 2693 1442 παραϐάσεως,
2728 1372 2826 1424 καὶ
2863 1370 3170 1437 ἀπώλεσεν,
3229 1371 3370 1426 ἀλλὰ
3426 1373 3592 1427 πάλιν

2017 1464 2116 1534 τὴν
2142 1450 2310 1532 αὐτὴν
2334 1460 2480 1533 ζωὴν
2515 1463 2805 1532 μέλλουσιν
2828 1464 3033 1536 εὑρεῖν,
3070 1465 3138 1534 ἢν
3170 1461 3283 1535 εἶχε
3312 1463 3455 1533 μετὰ
3490 1465 3589 1532 τὴν

2017 1555 2289 1624 κατάραν,
2324 1552 2448 1607 οὐαὶ
2485 1557 2599 1617 τοῖς
2624 1552 2939 1625 ἀνθρώποις
2986 1554 3249 1619 ὲκείνοιςῐ
3290 1555 3398 1609 Καὶ
3426 1554 3487 1608 τὸ
3526 1555 3591 1626 δὴ

2015 1646 2312 1716 χείριστον,
2346 1645 2575 1700 ὅτιοῦδὲ
2630 1647 2793 1717 μέχρι
2828 1647 2928 1716 τῆς
2976 1646 3337 1718 ταλαιπώρου
3371 1645 3588 1716 ἐκείνης

2015 1738 2109 1790 καὶ
2132 1736 2406 1809 ὲπαράτου
2441 1737 2587 1806 ζωῆς
2609 1738 2764 1792 ἔστιν
2787 1740 2822 1808 ἡ
2847 1737 2944 1792 τοῦ
2988 1739 3234 1808 Μωάμεθ
3258 1737 3589 1809 παραλογία,

2015 1829 2081 1898 ἢν
2104 1828 2266 1898 δῆθεν
2297 1827 2697 1896 ἑπαγγέλλετσι
2716 1829 2745 1881 6
2769 1829 2904 1892 Θεὸς
2950 1828 3146 1883 δώσειν
3195 1831 3310 1891 τοῖς
3334 1828 3589 1895 δικαίοις,

2013 1916 2152 1970 ἀλλὰ
2217 1915 2399 1987 πολλῷ
2432 1914 2510 1983 τῷ
2549 1915 2757 1987 χείρονι
2810 1916 3182 1989 διαφέρουσαν
3211 1916 3307 1970 καὶ
3335 1917 3592 1988 αίσχράντ

2026 2006 2091 2059 '0
2121 2008 2228 2076 γὰρ
2262 2006 2437 2077 Ἀδάμ
2467 2008 2606 2077 μετὰ
2631 2008 2733 2076 τὴν
2762 2008 3080 2078 παράϐασιν
3110 2010 3205 2062 καὶ
3229 2010 3328 2080 τὴν
3346 2010 3594 2079 κατάραν

2016 2099 2111 2153 καί⁸
2143 2098 2240 2169 τὴν
2270 2099 2485 2169 ὲξορίαν
2516 2099 2616 2166 τὴν
2640 2098 2750 2154 ἀπὸ
2787 2099 2885 2153 τοῦ
2932 2100 3289 2171 παραδείσου,
3322 2100 3463 2168 ἔγνω
3495 2101 3595 2171 τὴν

2016 2189 2180 2255 Εῦαν,
2218 2190 2356 2244 ἀλλὰ
2392 2191 2487 2244 καὶ
2510 2190 2669 2245 τοῦτο
2696 2192 2786 2245 διὰ
2808 2191 2908 2260 τὴν
2933 2194 3312 2260 τεκνογονίαν,
3340 2194 3436 2246 καὶ
3479 2196 3596 2246 ἐτε-

2017 2282 2333 2353 κνοποίησε.
2367 2282 2477 2352 Πρὸ
2498 2283 2554 2336 δὲ
2580 2283 2674 2351 τῆς
2692 2284 3064 2351 παραϐάσεως
3078 2285 3391 2353 ἀγγελικῶς
3433 2283 3594 2349 ἔζων.

2019 2369 2210 2438 Ὅμως
2240 2370 2334 2422 καὶ
2357 2371 2382 2423 6
2427 2368 2595 2438 Ἀδὰμ
2624 2370 2785 2440 εἴπερ
2815 2371 2957 2434 ἔγνω
2986 2372 3091 2440 τὴν
3129 2368 3296 2436 Εῦαν,
3336 2372 3473 2425 ἀλλὰ
3499 2375 3598 2425 καὶ

2017 2456 2172 2523 αὖθις
2204 2460 2301 2530 μία
2330 2461 2423 2513 καὶ
2454 2461 2591 2531 μόνη
2617 2462 2902 2531 εὑρίσκετο
2934 2462 3091 2534 γυνὴ,
3138 2465 3231 2517 καὶ
3260 2465 3323 2518 οὐ
3359 2464 3553 2518 πολλαί
3576 2474 3594 2496 ⁵

2018 2552 2143 2605 οὔτε
2175 2553 2284 2624 γὰρ
2312 2552 2372 2606 ἓν
2397 2554 2565 2622 ἄρσεν
2582 2554 2842 2625 εποίησεν
2870 2556 2899 2607 6
2928 2555 3059 2620 Θεὸς
3088 2557 3183 2611 καὶ⁵
3210 2558 3382 2612 πολλὰ
3402 2559 3597 2628 θήλεα,

2021 2648 2147 2699 οὔτε
2182 2645 2360 2698 πολλὰ
2384 2645 2594 2715 ἄρσενα
2646 2646 2740 2699 καὶ
2775 2646 2832 2699 ἓν
2857 2646 3018 2717 θῆλυ,
3075 2649 3191 2701 ἀλλ’
3218 2649 3277 2703 ἓν
3316 2651 3482 2720 ἄρσεν
3506 2652 3599 2703 τὸν

2032 2737 2238 2806 Ἀδὰμ,
2273 2736 2369 2790 καὶ
2398 2735 2458 2789 ἓν
2491 2736 2624 2805 θῆλυ
2650 2737 2749 2807 τὴν
2784 2736 2947 2793 Εῦαν.
2979 2740 3384 2810 Πληθυνθέντος
3417 2741 3474 2794 δὲ
3501 2742 3598 2795 τοῦ

2021 2828 2213 2895 γένους
2235 2827 2345 2880 τῶν
2375 2828 2704 2897 ἀνθρώπων,
2738 2831 2834 2884 καὶ
2896 2832 3158 2895 πεσόντος
3218 2834 3299 2895 είς
3348 2833 3601 2901 ἀσελγεῖς

2027 2915 2129 2968 καὶ
2158 2914 2737 2986 άθεμίτουςπράξεις,
2772 2918 3045 2990 ἐϐαρύνθη
3101 2921 3128 2972 6
3179 2919 3334 2986 Θεὸς,
3365 2920 3461 2974 καὶ
3484 2920 3601 2992 ὠρ-

2022 3005 2187 3073 γίσθη
2220 3004 2341 3056 κατ’
2365 3005 2571 3071 αὐτῶν,
2598 3007 2673 3069 ὼς
2696 3008 2723 3058 6
2776 3009 3048 3079 μακάριος
3079 3009 3322 3078 Μωῦσῆς
3367 3011 3602 3081 γράφων

2022 3094 2340 3163 εὑρίσκεται
2374 3095 2432 3145 ὲν
2461 3093 2540 3163 τῷ
2565 3094 2807 3165 παλαιῷ,
2874 3096 2957 3148 ὅτι
3007 3091 3163 3149 εἶπεν
3220 3098 3249 3149 6
3284 3097 3440 3164 Θεὸς,
3474 3118 3497 3150 ι
3523 3100 3599 3153 Οὐ

2028 3188 2104 3257 μὴ
2136 3186 2444 3257 καταμείνῃ
2480 3186 2540 3238 τὸ
2561 3186 2781 3258 πνεῦμά
2807 3204 2906 3257 μου
2932 3187 3019 3240 ἐπ’
3050 3189 3269 3255 αὐτοὺς,
3298 3189 3387 3244 διὰ
3434 3192 3492 3244 τὸ
3528 3188 3604 3244 εἶ-

2024 3290 2113 3327 ναι
2147 3271 2347 3334 αὐτοὺς
2387 3275 2599 3343 σάρκας
2627 3290 2641 3303 ’
2684 3291 2703 3324 ι
2741 3274 2851 3327 Καὶ
2883 3274 2945 3327 οὐ
2976 3273 3127 3344 δηλοί
3158 3278 3185 3328 ὁ
3217 3275 3316 3330 τοῦ
3340 3276 3474 3330 Θεοῦ
3514 3278 3603 3331 λό-

2024 3384 2140 3435 γος,
2167 3366 2299 3419 διότι
2327 3364 2510 3435 ἔχουσι
2553 3367 2763 3436 σάρκας
2795 3381 2811 3398 ο
2844 3366 2962 3430 πῶς
3015 3367 3163 3439 γάρ;
3205 3368 3325 3424 Κᾶν
3356 3372 3464 3441 γάρ
3495 3372 3591 3425 καὶ

2029 3462 2168 3531 μετὰ
2190 3459 2289 3530 τὴν
2312 3458 2625 3529 παράϐασιν
2658 3459 2854 3513 ἔλαϐεν
2882 3463 2910 3513 ὁ
2958 3460 3246 3530 ἄνθρωπος
3297 3465 3397 3534 τὴν
3427 3481 3604 3535 παχυ-

2025 3551 2193 3619 τέραν
2223 3550 2320 3603 καὶ
2364 3548 2567 3619 θνητὴν
2598 3549 2800 3619 σάρκα,
2866 3549 2983 3604 ἀλλ’
3034 3553 3135 3604 οὐκ
3188 3552 3491 3607 ἀπεϐάλετο
3539 3555 3603 3608 τὸ

2028 3640 2179 3711 παρὰ
2198 3628 2297 3692 ’τοῦ
2323 3639 2461 3693 Θεοῦ
2491 3640 2732 3693 πλασϐὲν
2789 3641 2952 3712 σῶμα
2989 3642 3068 3713 τῷ
3109 3644 3282 3712 ’Δδάμ
3314 3660 3329 3677 ’
3368 3646 3463 3700 καὶ
3491 3646 3598 3717 γὰρ

2029 3734 2210 3787 πάντα
2232 3732 2301 3786 τὰ
2332 3732 2483 3803 παρὰ
2506 3734 2603 3786 τοῦ
2633 3732 2767 3786 Θεοῦ
2792 3735 3055 3804 γεγονότα
3099 3736 3242 3790 καλὰ
3285 3737 3404 3791 λίαν
3427 3754 3439 3767 ’
3463 3739 3602 3793 ἀλλὰ

2024 3826 2114 3879 διὰ
2143 3825 2302 3879 τοῦτο
2338 3826 2564 3899 είρηκεν
2605 3827 2633 3880 6
2662 3826 2798 3891 Θεὸς
2830 3829 2915 3895 τὸ,
2963 3847 2982 3880 1
3044 3829 3121 3882 Οὐ
3162 3829 3238 3901 μὴ
3292 3832 3601 3903 καταμείνῃ

2026 3918 2088 3971 τὸ
2115 3916 2333 3988 πνεῦμά
2365 3935 2467 3988 μου
2504 3917 2593 3971 ἐπ’
2617 3918 2837 3987 αὐτοὺς,
2862 3920 2950 3974 διὰ
2982 3920 3045 3974 τὸ
3074 3917 3216 3975 εἶναι
3245 3922 3443 3987 αὐτοὺς
3470 3923 3602 3994 σάρ-

2034 4027 2161 4074 κας,
2211 4028 2229 4060 ι
2261 4009 2335 4071 ὡς
2365 4008 2527 4079 δῆθεν
2546 4009 2689 4074 ὅλως
2718 4011 3019 4081 σαρκικοὺς
3047 4013 3365 4081 γεγονότας,
3395 4031 3600 4069 παντε-

2023 4101 2132 4165 λῶς
2176 4102 2423 4172 γηϊνους,
2498 4102 2600 4156 οὐκ
2650 4096 2878 4174 ἓχόντας
2943 4105 3042 4176 τὴν
3088 4105 3406 4175 πρέπουσαν
3467 4107 3603 4177 μνή-

2029 4211 2138 4265 μην
2166 4193 2262 4249 τοῦ
2321 4195 2550 4262 ἀγαθοῦ,
2606 4197 2704 4251 καὶ
2751 4198 2834 4260 είς
2885 4197 3180 4265 ἀσελγείας
3233 4200 3596 4269 ἐμπεσόντας.

2024 4287 2161 4340 Τότε
2188 4286 2339 4357 λέγει
2363 4288 2443 4357 τῷ
2474 4287 2601 4341 Νῶε
2627 4290 2655 4341 6
2680 4289 2836 4354 Θεὸς,
2873 4290 2957 4342 ὅτι
2991 4308 3009 4340 ι
3047 4290 3115 4342 Σὲ
3146 4289 3358 4361 εὕρηκα
3389 4291 3596 4346 δίκαιον

2024 4379 2083 4432 ἐν
2114 4380 2288 4452 ταύτῃ
2318 4383 2384 4450 τῇ
2407 4381 2576 4451 γενεᾷ
2601 4398 2616 4412 ·
2648 4431 2659 4451 ,
2681 4381 2910 4451 ποίησον
2958 4382 3193 4435 κιϐωτὸν
3228 4382 3367 4451 μετὰ
3425 4383 3597 4449 ξύλων

2024 4470 2233 4524 τοιάνδε
2260 4470 2356 4523 καὶ
2387 4472 2622 4527 τοιάνδε.
2674 4473 2788 4526 Καὶ
2842 4473 3065 4543 ἐποίησε
3124 4473 3249 4528 Νῶε
3295 4475 3395 4545 τὴν
3426 4474 3595 4529 κιϐωο

2018 4565 2112 4616 τὸν
2145 4563 2282 4619 κατὰ
2330 4564 2390 4618 τὸ
2422 4567 2577 4637 ῥῆμα
2640 4566 2872 4635 Κυρίου.
2929 4566 3042 4622 Καὶ
3096 4567 3326 4650 εἰσῆλθε⁸
3364 4568 3487 4621 Νῶε
3518 4568 3599 4630 είς

2022 4652 2120 4724 τὴν
2147 4652 2403 4713 κιϐωτὸν.
2431 4654 2525 4706 καὶ
2575 4654 2624 4708 οἱ
2669 4658 2818 4725 τρεῖς
2871 4655 2978 4708 υἱοὶ
3007 4652 3194 4723 αὐτοῦ,
3252 4656 3394 4725 Σὴμ,
3444 4655 3595 4725 Χάμ,

2034 4743 2214 4814 Ἰάφεο
2244 4761 2257 4775 ’
2296 4744 2390 4797 καὶ
2424 4744 2639 4814 εἰσῆλθε
2666 4747 2700 4815 ἡ
2732 4746 2868 4819 γυνὴ
2899 4747 2991 4800 τοῦ
3017 4747 3142 4800 Νῶε
3176 4748 3257 4811 είς
3280 4747 3382 4817 τὴν
3427 4748 3599 4800 κιϐω-

2024 4835 2137 4900 τὸν,
2174 4836 2269 4888 καὶ
2323 4836 2381 4888 αἱ
2432 4839 2585 4906 τρεῖς
2634 4839 2891 4905 γυναῖκες
2927 4838 3038 4891 τῶν
3067 4839 3200 4892 υἱῶν
3243 4839 3388 4895 Νῶε.
3432 4840 3596 4911 Ὁρᾷς

2024 4927 2141 4989 πῶς
2163 4930 2191 4980 6
2227 4926 2350 4994 Νῶε
2379 4926 2479 4997 μὲν
2512 4927 2875 5000 ἐμαρτυρήθη
2906 4930 3058 5001 παρὰ
3088 4929 3182 4983 τοῦ
3204 4929 3338 4984 Θεοῦ
3366 4929 3593 4996 δίκαιος,

2023 5021 2049 5072 6
2077 5019 2217 5089 ἔχων
2248 5018 2347 5089 τὴν
2376 5018 2507 5089 μίαν
2540 5022 2816 5087 γυναῖκας
2855 5019 3016 5074 Ἀλλὰ
3065 5021 3131 5092 δὴ
3158 5022 3253 5075 καὶ⁵
3277 5023 3327 5076 οἱ
3363 5023 3470 5077 υἱοὶ
3498 5024 3597 5076 αὺ-

2021 5111 2113 5163 τοῦ
2136 5109 2240 5164 άνά
2278 5109 2407 5180 μίαν
2431 5113 2527 5162 καὶ
2554 5109 2722 5179 μόνην
2744 5113 2982 5177 γυναῖκα
3004 5111 3146 5180 ἔχων
3168 5112 3423 5181 ἕκαστος,
3459 5114 3597 5167 ἐσώ-

2023 5200 2196 5271 θησαν
2227 5198 2337 5251 ἁπὸ
2364 5199 2465 5267 τῆς
2493 5198 2665 5268 ὀργῆς
2688 5198 2783 5252 τοῦ
2810 5199 2947 5254 Θεοῦ
2979 5218 2993 5233 θ
3043 5201 3193 5257 ἅπαν
3240 5204 3297 5256 δὲ
3337 5204 3397 5258 τὸ
3441 5204 3597 5273 γένος

2020 5293 2130 5344 τῶν
2155 5290 2459 5361 ἀνθρώπων
2487 5291 2761 5345 ἀπέθανεν
2797 5292 2901 5345 ὑπὸ
2944 5295 3038 5346 τοῦ
3074 5296 3460 5367 κατακλυσμοῦ
3487 5297 3596 5351 τῶν

2023 5385 2247 5438 ὑδάτων.
2306 5385 2528 5446 Πάντως
2561 5388 2656 5437 καὶ
2716 5385 2807 5439 τὸν
2859 5388 3037 5458 πάντη
3072 5390 3299 5458 ἀνόητον
3332 5389 3489 5442 τοῦτο
3509 5390 3591 5443 δι-

2019 5477 2212 5530 δάσκει
2269 5479 2350 5531 ὅτι
2386 5476 2515 5547 μίαν
2570 5478 2665 5529 καὶ
2702 5478 2872 5549 μόνην
2925 5483 3162 5548 γυναῖκα
3196 5480 3342 5534 ἐστιν
3374 5481 3482 5534 άπὸ
3511 5481 3591 5532 δι-

2022 5571 2179 5625 καίου
2233 5570 2378 5641 ἔχειν
2436 5574 2527 5627 τὸν
2598 5571 2905 5641 ἄνθρωπον,
2972 5577 3067 5628 καὶ
3123 5574 3219 5630 ἕνα
3264 5576 3361 5628 καὶ
3432 5573 3593 5644 μόνον
