4090 6460
468 350 573 416 549

1420 346 1720 412 CONTRA
1763 351 1816 410 Μ
1830 345 2259 408 AHOMETEM
2298 344 2677 406 APOLOGIA
2723 346 2814 408 ιν.

3629 340 3739 409 5εο
3831 424 3835 430 η

466 461 633 530 ἄνδρα
656 459 754 530 τὴν
781 461 1036 528 γυναῖκα.
1091 460 1252 514 Ἀλλὰ
1290 461 1385 512 καὶ
1430 461 1592 514 τοῦτο
1623 462 1762 534 μετα
1807 460 1905 532 τὴν
1950 477 2053 512 κα-

2163 469 2365 510 uxores
2396 456 2602 525 plures,
2633 456 2940 524 domusque
2977 453 3206 523 pulchre
3252 453 3557 511 instructa.
3589 458 3738 525 Quo-

467 552 642 622 τάραν
667 551 881 619 έγένενο
904 551 994 605 διὰ
1020 551 1120 621 τὴν
1155 550 1528 618 τεκνογονίαν,
1581 552 1656 615 ὡς
1691 551 1932 620 εἴρηται.
1981 550 2042 602 '0

467 644 526 698 δὲ
555 642 800 714 Μωάμεθ
842 642 1088 696 διδάσκει
1129 642 1438 712 ἀναφανδὸν
1486 643 1571 695 ὅτι
1625 643 1660 712 ἡ
1698 643 1850 712 παρὰ
1908 639 2044 694 Θεοῦ

473 737 586 797 τοῖς
650 734 885 796 δικαίοις
941 734 1303 797 ἁνταπὸδοσις
1360 732 1565 803 λουτρὰ
1626 735 1724 788 καὶ
1780 733 2045 801 γυναῖκες

476 826 675 880 πολλαὶ
700 826 783 880 ἑνὶ
813 826 1051 897 ἑκάστῳ,
1081 825 1178 881 καὶ
1203 822 1345 880 οἶκοι
1403 824 1780 897 περικαλλεῖς.
1831 825 1890 878 '0
1917 824 2048 894 γοῦν

469 917 644 970 ταῦτα
706 917 1018 987 νομοθετῶν
1077 917 1197 981 πῶς
1255 917 1378 975 ἀπὸ,
1421 917 1601 984 Θεοῦ;
1636 917 1884 978 Μάταιος
1929 917 1986 970 δὲ
2012 917 2042 968 ὁ

472 1007 646 1062 ταῦτα
670 1007 1117 1077 παραδεχόμενος
1155 1009 1252 1062 καὶ
1300 1007 1575 1062 πιστεύων
1626 1010 1710 1061 ὅτι
1737 1009 1798 1060 τὸ
1829 1007 2050 1078 γεγονὸς

472 1099 539 1151 δι’
571 1097 741 1168 ὀργὴν
775 1098 854 1168 τῷ
913 1099 1224 1170 ἁμαρτωλῷ
1272 1099 1817 1178 πολλαπλασιάξεται
1877 1103 1933 1153 ἐν
1970 1101 2050 1170 τῷ

474 1191 650 1260 καιρῷ
678 1191 777 1260 τῆς
808 1191 1240 1259 μισθαποδοσίας
1266 1193 1362 1246 τοῦ
1386 1193 1555 1247 καλοῦ
1583 1195 1676 1246 καὶ
1697 1192 1905 1262 ἀγαθοῦ
1937 1196 2052 1257 τοῖς

473 1283 648 1349 ἁγίοις
667 1283 764 1334 καὶ
792 1283 1045 1346 δικαίοις.
1068 1283 1180 1337 Kal.
1202 1284 1469 1354 πρόσεξον
1487 1285 1555 1338 τὰ
1573 1286 1858 1352 γεγονότα.
1887 1284 2050 1352 Λέγει

472 1376 499 1426 ὁ
521 1374 789 1441 Μωῦσῆς,
830 1391 849 1424 ι
891 1374 1001 1426 Καὶ
1028 1375 1244 1444 εἰσῆλθε
1274 1375 1400 1430 Νῶε
1431 1376 1512 1438 είς
1542 1376 1641 1446 τὴν
1673 1375 1926 1442 κιϐωτὸν,
1959 1377 2055 1428 καὶ

473 1467 522 1518 οἱ
551 1468 656 1518 υἱοὶ
683 1467 874 1532 αὐτοῦ,
905 1469 996 1519 καὶ
1020 1469 1052 1538 ἡ
1078 1468 1218 1538 γυνὴ
1241 1469 1428 1534 αὑτοῦ,
1455 1469 1548 1523 καὶ
1573 1470 1630 1522 αἱ
1661 1471 1918 1536 γυναῖκες
1946 1469 2056 1521 τῶν

475 1555 607 1607 υἱῶν
637 1554 831 1609 αὐτοῦ.
865 1575 884 1607 ι
918 1551 1052 1608 Εἶτα
1077 1556 1248 1623 λέγει,
1281 1573 1301 1608 ι
1347 1557 1456 1610 Καὶ
1485 1557 1676 1627 ἐξῆλθε
1710 1557 1838 1610 Νῶε
1863 1560 1928 1611 ὲκ
1953 1558 2054 1621 τῆς

473 1644 710 1700 κιϐωτοῦ
739 1647 835 1699 καὶ
865 1647 898 1712 ἡ
924 1648 1064 1715 γυνὴ
1095 1647 1263 1700 αὑτοῦ
1295 1649 1391 1702 καὶ
1421 1649 1492 1702 οίη
1529 1650 1638 1702 υνίοὶ
1667 1650 1834 1703 αὐτοῦ
1865 1650 1961 1703 καὶ
1990 1651 2046 1702 αἱ

474 1737 733 1802 γυναῖκες
762 1735 1030 1803 τωκδυὶῶν
1075 1735 1265 1790 αὑτοῦ.
1295 1755 1315 1789 ι
1359 1737 1472 1790 Καὶ
1501 1739 1582 1803 είς
1632 1739 1730 1810 μὲν
1777 1739 1876 1810 τὴν
1907 1741 2052 1793 είσέ-

473 1827 654 1880 λευσιν
685 1827 859 1894 λέγει,
886 1847 905 1880 ι
929 1827 1182 1900 Ὲίσῆλθε
1205 1829 1330 1882 Νῶε
1352 1831 1456 1884 καὶ
1471 1831 1519 1884 οἱ
1541 1807 1706 1885 αὑτοῦ
1727 1807 1882 1902 καὶ-ἠ
1906 1833 2045 1904 γυνὴ
2083 1807 2127 1864 Β

473 1919 641 1973 αὐτοῦ
667 1923 763 1975 καὶ¹
794 1921 852 1974 αἱ
879 1923 1136 1989 γυναῖκες
1161 1919 1273 1974 τῶν
1301 1921 1435 1975 υἱῶν
1465 1921 1634 1976 αὑτοῦ
1657 1939 1674 1956 ο
1713 1941 1734 1975 ι
1759 1925 1838 1988 είς
1867 1923 1922 1978 δὲ
1952 1923 2058 1994 τὴν

474 2011 750 2078 ξεὲλευσιν
771 2012 868 2082 οὐχ
903 2007 1100 2076 οὕτως,
1127 2010 1246 2065 ἀλλ’
1276 2031 1295 2064 ι
1319 2010 1546 2083 Ἐξῆλθε
1576 2014 1697 2069 Νῶε
1729 2017 1828 2069 καὶ
1854 2016 1887 2086 ἡ
1911 2015 2053 2084 γυνὴ

473 2098 639 2154 αὑτοῦ
675 2101 784 2154 και
806 2102 858 2154 οἱ
885 2100 995 2154 υἱοὶ
1030 2099 1198 2154 αὑτοῦ
1251 2099 1350 2154 καὶ
1380 2102 1439 2154 αἱ
1474 2104 1735 2170 γυναῖκες
1777 2103 1888 2158 τῶν
1922 2105 2058 2157 υἱῶν

472 2193 635 2248 αὑτοῦ
672 2192 789 2262 μετ’
822 2193 985 2246 αὑτοῦ
1009 2209 1022 2224 ·
1065 2211 1088 2245 ι
1129 2192 1344 2258 πάντως
1394 2194 1554 2248 οὐδὲν
1588 2194 1777 2265 ἕτερον
1821 2195 2053 2265 δηλοῦνο

473 2301 564 2349 τος
602 2284 912 2353 τοῦλόγου
971 2285 1005 2355 ἢ
1039 2285 1129 2338 ὅτι
1179 2286 1283 2340 κᾶν
1337 2284 1434 2339 καὶ
1463 2285 1592 2356 μίαν
1623 2285 1720 2338 καὶ
1745 2286 1915 2358 μόνην
1957 2304 2056 2354 γυ-

476 2379 634 2433 ναῖκα
661 2377 810 2430 ἔστιν
844 2377 953 2430 ἀπὸ
983 2378 1196 2431 δικαίου
1244 2378 1392 2450 ἔχειν
1453 2377 1547 2431 τὸν
1579 2377 1892 2449 ἄνθρωπον,
1938 2380 2056 2434 ἀλλ’

482 2467 621 2520 ἐστιν
649 2467 738 2520 ὅτε
763 2467 858 2521 καὶ
885 2467 1056 2538 αὐτῆς
1079 2468 1382 2538 ἀπέχεσθαι
1417 2469 1628 2540 πρέπον
1649 2469 1819 2525 ἐστίν.
1837 2470 1927 2524 Ἑν
1947 2472 2057 2543 γὰρ

485 2558 552 2626 τῷ
577 2559 768 2623 εἰπεῖν,
800 2559 883 2611 ὅτι
936 2577 958 2610 ο
994 2557 1224 2628 Εἱσῆλθε
1259 2559 1385 2612 Νῶε
1413 2561 1498 2622 εἱς
1545 2560 1646 2630 τὴν
1678 2560 1930 2626 κιδωτῦν,
1963 2565 2058 2616 καὶ

483 2651 530 2700 οἱ
556 2650 662 2702 υἱοὶ
696 2649 886 2717 αὐτοῦ,
918 2669 944 2702 r
973 2650 1143 2717 ἔδειξε
1175 2651 1302 2715 τοὺς
1334 2651 1484 2715 υἱοὺς
1515 2653 1684 2706 αὐτοῦ
1719 2649 1834 2707 οἷόν
1852 2671 1905 2708 τι
1938 2655 2056 2709 δια·

480 2739 734 2808 τείχισμα
762 2740 998 2809 χωρίξον
1028 2740 1120 2793 τὸν
1151 2739 1276 2793 Νῶε
1313 2741 1420 2794 ἀπὸ
1446 2741 1548 2812 τῆς
1574 2745 1833 2811 γυναικὸς
1869 2744 2057 2799 αὐτοῦ.

494 2832 579 2885 Ἐν
619 2832 675 2884 δὲ
718 2830 796 2901 τῷ
844 2835 1046 2896 εἱπεὶν,
1079 2833 1162 2886 ὅτι
1206 2849 1226 2885 ι
1285 2831 1506 2903 Ἐξῆλθε
1540 2835 1668 2889 Νῶε
1725 2838 1820 2890 καὶ
1854 2837 1884 2905 ἡ
1913 2835 2054 2905 γυνὴ

481 2921 664 2987 αὑτοῦ,
703 2921 956 2988 »ἔδειξεν
1005 2922 1088 2975 ὅτι
1141 2920 1254 2976 ἀπὸ
1317 2923 1413 2975 τοῦ
1464 2923 1618 2976 οὐδέν
1665 2925 1784 2976 ἔστι
1827 2923 1890 2978 τὸ
1947 2941 2056 2976 κω·

482 3015 606 3068 λύον
635 3013 886 3069 ὲνοῦσθαι
916 3017 982 3085 τῇ
1019 3014 1216 3068 ἑαυτοῦ
1257 3015 1505 3083 γυναικί.
1547 3013 1606 3068 '0
1629 3015 1674 3067 δ’
1697 3015 1860 3078 αὐτὸς
1902 3015 2060 3083 λόγος

2150 547 2316 601 modo
2345 548 2513 617 igitur
2538 563 2567 601 a
2591 547 2704 601 Deo
2729 547 2897 601 fuisse
2921 546 3159 609 dicetur,
3185 549 3276 616 qui
3300 547 3428 602 talia
3449 548 3734 605 instituit?

2151 637 2295 704 Quin
2321 639 2489 693 etiam
2520 653 2695 694 vanus
2729 647 2835 702 est,
2887 637 2981 708 qui
3015 639 3141 693 talia
3175 638 3733 712 recipit,creditque.

2153 729 2300 800 quod
2334 744 2401 785 ea
2440 745 2562 800 qua:
2594 731 2692 786 Dei
2737 732 2818 785 ira
2854 731 3133 800 peccatori
3166 745 3326 802 poena
3351 733 3558 800 evenit,
3600 743 3736 788 ten.-

2152 837 2291 893 pore
2349 822 2735 886 retributionis
2768 824 2824 878 in
2874 821 3003 878 boni
3058 833 3115 880 et
3169 823 3386 879 honesti
3426 828 3736 882 mercedem

2153 913 2360 968 sanctis
2416 913 2694 984 justisque
2780 914 3163 984 multipliciter
3211 915 3575 971 relribualur.
3626 917 3732 972 Sed
3783 951 3803 966 .

2152 1002 2377 1058 attende
2424 1003 2508 1058 his
2553 1019 2676 1073 qua:
2729 1005 2870 1059 facta
2898 1013 3049 1058 sunt.
3097 1004 3237 1060 Dicit
3258 1005 3434 1060 Moses
3466 1023 3479 1060 :
3509 1025 3527 1058 ι
3555 1006 3623 1061 Et
3655 1008 3737 1061 in-

2150 1109 2374 1165 gressus
2403 1103 2488 1149 est
2525 1095 2640 1150 Noe
2664 1097 2717 1149 in
2743 1110 2945 1160 arcam,
2978 1105 3029 1150 et
3063 1095 3157 1150 ﬁlii
3187 1095 3326 1165 ejus,
3349 1105 3404 1151 et
3431 1112 3568 1151 uxor
3594 1099 3730 1168 ejus.

2152 1197 2210 1242 et
2258 1203 2458 1243 uxores
2505 1188 2745 1244 ﬁliorum
2796 1190 3062 1245 illius”.»
3103 1189 3168 1243 Et
3189 1201 3378 1257 postea
3407 1191 3579 1244 dicit:
3616 1209 3634 1242 ι
3665 1191 3732 1244 Et

2153 1277 2323 1331 exivit
2349 1277 2464 1331 Noe
2493 1277 2561 1331 de
2594 1293 2747 1343 arca,
2793 1288 2848 1333 et
2887 1293 3026 1332 uxor
3063 1282 3217 1349 ejus,
3269 1287 3324 1334 et
3350 1281 3448 1334 lilii
3483 1280 3652 1343 illius,
3683 1291 3736 1332 et

2156 1388 2355 1429 uxores
2383 1375 2621 1429 ﬁliorum
2661 1376 2917 1430 illius'°.i
2957 1377 3135 1447 Atque
3165 1377 3217 1431 in
3249 1376 3478 1432 introitu
3511 1377 3733 1445 quidem

2158 1465 2340 1519 dicit:
2378 1484 2398 1518 ι
2434 1466 2720 1537 ingressus
2763 1478 2844 1521 est
2876 1468 3012 1530 Noe,
3067 1478 3124 1522 et
3170 1466 3264 1522 ﬁlii
3303 1469 3442 1538 ejus,
3486 1477 3542 1522 et
3597 1484 3738 1521 uxor

2157 1555 2345 1620 illius,
2377 1565 2432 1610 et
2475 1572 2679 1612 uxores
2724 1556 2963 1612 ﬁliorum
3007 1557 3210 1612 illius.»
3253 1557 3311 1611 ln
3353 1573 3574 1629 egressu
3606 1575 3738 1613 vero

2156 1661 2266 1700 non
2295 1646 2396 1709 sic,
2426 1647 2544 1710 sed,
2586 1665 2605 1698 ι
2625 1647 2890 1718 Egressus
2919 1657 3003 1702 est
3033 1647 3169 1712 Noe,
3206 1656 3272 1702 .et
3305 1665 3444 1702 uxor
3473 1649 3618 1718 ejus,
3675 1650 3734 1702 c't

2159 1735 2254 1789 ﬁlii
2288 1735 2456 1799 illius,
2489 1744 2546 1790 et
2579 1751 2782 1792 uxores
2818 1737 3054 1792 ﬁliorum
3093 1738 3244 1792 illius
3273 1753 3399 1793 cum
3434 1753 3538 1804 eo;
3571 1757 3590 1790 ι
3622 1754 3734 1793 non

2157 1827 2306 1882 aliud
2335 1827 2597 1883 nimirum
2629 1829 2732 1884 hac
2755 1829 3017 1899 loquendi
3049 1828 3221 1900 ﬁgura
3258 1828 3512 1894 iunuens,
3567 1845 3733 1899 quam

2158 1919 2308 1988 quod
2339 1918 2548 1988 justum
2580 1934 2912 1990 aequumque
2969 1920 3079 1983 sit,
3126 1920 3305 1974 virum
3341 1935 3506 1974 unam
3533 1919 3738 1974 habere

2157 2024 2411 2065 uxorem.
2439 2011 2832 2066 Verumtamen
2868 2020 3084 2080 tempus
3106 2007 3404 2080 aliquando
3434 2011 3652 2073 incidit,
3677 2021 3738 2064 ut

2157 2101 2322 2157 etiam
2346 2102 2415 2157 ab
2437 2102 2531 2170 illa
2561 2103 2841 2159 abstinere
2874 2105 3186 2160 conveniat.
3221 2105 3358 2160 Cum
3387 2105 3534 2161 enim
3556 2105 3744 2160 Moses

2157 2192 2363 2264 inquit,
2405 2211 2425 2245 ι
2453 2193 2736 2266 Ingressus
2770 2205 2857 2251 est
2877 2196 2992 2251 Νοέ
3016 2196 3071 2250 in
3103 2213 3307 2262 arcam,
3341 2208 3390 2252 el
3429 2197 3525 2252 lilii
3552 2199 3694 2266 ejus,
3713 2217 3740 2248 ιτ

2159 2283 2305 2340 ﬁlios
2345 2283 2492 2340 illius
2521 2299 2624 2340 ceu
2661 2299 2882 2340 murum
2926 2287 3278 2356 interposuit,
3311 2288 3493 2358 ipsum
3526 2287 3640 2342 Noe
3663 2289 3736 2340 ah

2159 2389 2331 2430 uxore
2377 2389 2477 2431 sua
2531 2385 2900 2446 separantem.
2947 2377 3085 2432 Bum
3131 2393 3262 2433 vero
3296 2394 3517 2434 rursum
3559 2379 3735 2432 dicit:

2165 2466 2480 2535 «Egressus
2537 2476 2624 2522 est
2667 2468 2782 2537 Noe
2840 2478 2897 2523 et
2943 2484 3083 2522 uxor
3131 2469 3325 2523 illius:
3383 2469 3736 2540 signiﬁcavit.

2160 2559 2306 2630 quod
2347 2559 2568 2615 abhinc
2616 2559 2753 2614 nihil
2786 2560 3066 2630 impediat.
3110 2562 3408 2628 quominus
3437 2563 3593 2616 uxori
3627 2577 3742 2616 suae

2159 2653 2548 2725 conjungatur.
2580 2654 2788 2709 Eadem
2819 2655 2993 2709 etiam
3015 2656 3156 2709 ratio
3181 2665 3266 2709 est
3293 2655 3535 2710 ﬁliorum
3570 2655 3738 2719 illius,

2160 2752 2216 2799 et
2243 2760 2477 2802 uxorum
2507 2745 2750 2800 illorum.
2789 2747 2954 2800 Porro
2985 2758 3043 2800 et
3073 2746 3188 2814 ipse
3211 2745 3387 2801 Moses
3418 2745 3472 2800 in
3495 2755 3741 2801 montem

2161 2837 2311 2893 Sinni
2343 2851 2696 2902 ascensurus,
2723 2837 2943 2892 Judaeos
2991 2836 3072 2891 sic
3105 2837 3400 2906 compellat
3431 2853 3444 2888 :
3496 2854 3515 2888 ι
3548 2837 3744 2891 Puriﬁ-

2161 2937 2280 2984 cate
2313 2943 2412 2983 vos
2447 2928 2596 2998 ipsos
2627 2928 2829 2998 singuli
2861 2943 3034 2997 usque
3065 2927 3133 2982 ad
3165 2928 3390 2982 tertium
3421 2927 3607 2994 diem,
3665 2930 3744 2982 la-

2161 3028 2355 3074 vantes
2383 3018 2708 3074 vestimenta
2734 3027 3009 3082 vestra,et
3040 3033 3262 3073 uxorem
3288 3034 3356 3074 ne
3385 3020 3742 3088 tangatis".r

483 3111 599 3162 ἐστὶ
631 3112 725 3162 καὶ
752 3110 882 3179 περὶ
931 3108 1042 3162 τῶν
1093 3108 1229 3161 υἱῶν
1281 3107 1472 3174 αὑτοῦ,
1521 3107 1751 3161 καὶτῶν
1777 3107 2054 3175 γυναικῶν

2163 3112 2304 3178 Quin
2338 3121 2396 3165 ct
2427 3111 2544 3180 ipse
2574 3109 2747 3164 Adam
2779 3125 2904 3166 cum
2928 3110 3094 3163 Evam
3124 3109 3369 3170 vidisset,
3393 3110 3555 3177 dixit,
3587 3109 3745 3166 cllzcc

484 3201 685 3256 αὐτῶν.
755 3199 916 3253 Ἀλλὰ
977 3200 1070 3253 καὶ
1100 3198 1266 3262 αὐτὸς
1307 3199 1338 3252 ὁ
1362 3198 1602 3268 Μωῦσῆς
1640 3197 1735 3250 ἐπὶ
1763 3201 1858 3251 τοῦ
1897 3196 2058 3268 ὅρους

485 3294 578 3348 τοῦ
609 3294 744 3347 Σινᾶ
769 3291 1134 3362 ἀνερχόμενος
1162 3290 1362 3346 οὑτωσί
1414 3307 1548 3361 φησι
1585 3292 1700 3353 τοῖς
1759 3290 2057 3355 Ἰουδαίοις,

491 3405 517 3438 ο
557 3384 844 3454 Ἀγνίοατε
895 3383 1126 3446 ἑαυτοὺς
1170 3381 1401 3444 ἕκαστος
1429 3381 1536 3444 ἕως
1574 3380 1767 3451 τρίτης
1824 3381 2058 3450 ἡμέρας,

487 3478 778 3540 πλύναντες
800 3476 866 3530 τὰ
907 3476 1104 3547 ἱμάτια
1141 3475 1318 3544 ὑμῶν,
1363 3477 1463 3527 καὶ
1520 3471 1780 3541 γυναικὸς
1813 3471 1888 3542 μὴ
1913 3472 2058 3542 διψη-

489 3569 601 3624 σθε.
638 3587 662 3620 ι
713 3569 786 3623 οὐ
851 3567 958 3638 μὴ]
1007 3567 1144 3620 ἀλλὰ
1196 3565 1291 3620 καὶ
1339 3567 1501 3628 αὐτὸς
1557 3564 1738 3634 ’Λδὰμς
1782 3563 1880 3634 τὴν
1919 3561 2100 3624 Εὗαν,

489 3660 839 3730 θεασάμενος,
873 3661 1048 3723 οὕτως
1109 3659 1358 3730 εἴρηκεν,
1395 3678 1415 3710 ι
1457 3657 1606 3728 Αὕτη
1663 3657 1813 3712 ἐστὶν
1865 3656 2062 3711 ὀστοῦν

488 3735 552 3806 ἐκ
577 3752 686 3804 τῶν
708 3751 919 3805 ὀστέων
953 3768 1080 3821 μου,
1104 3751 1228 3809 ,καὶ
1258 3749 1397 3821 σὰρξ
1431 3752 1496 3803 ὲκ
1548 3751 1646 3818 τῆς
1697 3734 2060 3820 σαρκόςμου.

490 3846 718 3899 Ἕνεκεν
763 3846 956 3899 τούτου
1005 3844 1323 3914 καταλείψει
1372 3844 1660 3915 ἄνθρωπος
1707 3844 1799 3896 τὸν
1853 3846 2064 3916 πατέρα

488 3938 674 4003 αὑτοῦ,
747 3942 843 3994 καὶ
887 3939 989 4010 τὴν
1036 3939 1273 4010 μητέρα,
1349 3939 1445 3990 καὶ
1520 3935 2064 4008 προσκολληθήσεται

490 4033 628 4105 πρὸς
687 4033 793 4103 τὴν
847 4035 1084 4102 γυναῖκα
1143 4029 1334 4096 αὑτοῦ,
1383 4032 1478 4084 καὶ
1506 4031 1720 4083 ἔσονται
1781 4031 1829 4084 οἱ
1859 4030 1954 4084 δύο
1985 4030 2067 4093 εἰς

494 4127 666 4192 σάρκα
697 4127 846 4194 μίαν.
882 4143 900 4176 ι
945 4125 1058 4178 Καὶ
1100 4125 1381 4194 πρόσσχες
1435 4123 1582 4185 ὅπως
1618 4120 1758 4191 μετὰ
1797 4121 1890 4174 τοῦ
1925 4123 2064 4191 ἑφα-

503 4219 699 4287 μάρτου
748 4215 934 4269 καὶτὸ
978 4213 1176 4284 εὔηθες
1217 4216 1484 4281 κέκτηται
1543 4214 1578 4281 ὴ
1630 4211 1964 4282 πολυγαμὶα.
1999 4211 2064 4268 Ὀ

501 4310 597 4377 γὰρ
652 4308 827 4374 ’Δδάμ
871 4307 971 4361 οὐκ
1001 4303 1177 4371 εἶπεν,
1209 4307 1292 4360 ὅτι
1327 4306 1581 4358 Ἔσονται
1639 4303 1832 4357 πολλαὶ
1875 4307 1930 4357 αἱ
1966 4321 2064 4371 γυ·

493 4402 672 4461 ναῖκες
697 4399 845 4466 ,μετὰ
874 4397 970 4452 τυῦ
1003 4399 1196 4469 ἀνδρὸς
1229 4400 1311 4460 εἱς
1341 4397 1525 4468 σάρκα
1577 4397 1741 4466 μίαν,
1781 4395 1920 4449 ἀλλὰ
1951 4395 2066 4457 δύο,

492 4493 765 4545 τουτέστιν
808 4492 838 4545 ὁ
872 4492 1012 4562 ἀνὴρ
1043 4493 1138 4545 καὶ
1175 4492 1208 4560 ή
1257 4488 1448 4543 τούτου
1487 4489 1650 4560 γυνή.
1717 4487 1830 4542 Μία
1878 4488 1935 4541 δὲ
1977 4490 2061 4542 καὶ

2174 4499 2398 4554 sc0pum
2425 4481 2705 4551 implendo
2758 4499 2771 4535 :

494 4586 684 4638 πολλαὶ
705 4585 767 4638 ού
798 4584 1016 4638 ταυτόν.
1073 4582 1137 4636 El
1162 4581 1207 4636 δ’
1241 4581 1369 4644 ἴσως
1397 4581 1490 4633 καὶ
1529 4582 1558 4634 δ
1614 4580 1912 4649 νομοθέτης
1941 4583 2071 4634 Μω-

496 4679 592 4747 σῆς
642 4677 870 4730 ἐνέδωκε
897 4678 1010 4739 τοῖς
1057 4673 1334 4737 Ἰουδαίοις
1385 4673 1535 4742 ἔχειν
1564 4671 1663 4726 ἕνα
1708 4672 1940 4725 ἕκαστον
1971 4689 2072 4740 γυ-

494 4772 707 4834 ναῖκας,
762 4768 1229 4838 συγκαταϐἁσεως
1277 4765 1468 4819 ἕνεκεν
1538 4756 1699 4818 τοῦτο
1742 4764 2066 4835 πεποίηκεν,

493 4859 679 4928 ῶσπερ
740 4862 834 4912 καὶ
872 4861 966 4913 ἐπὶ
1011 4859 1114 4929 τῆς
1171 4857 1282 4910 τῶν
1329 4857 1500 4921 ζώων
1547 4855 1763 4921 θυσίας,
1829 4857 1918 4909 ἵνα
1972 4854 2076 4923 τῆς

498 4951 696 5026 μιαρᾶς
725 4950 1013 5022 ἀπαλλάξῃ
1071 4950 1270 5011 αὐτοὺς
1303 4946 1413 5000 τῶν
1460 4947 1671 5002 παίδων
1737 4946 2073 5016 μιαιφονίας.

508 5041 567 5097 Ὀ
594 5045 650 5094 δὲ
684 5041 920 5110 Χριστὸς
960 5040 1152 5104 ἐλθὼν,
1183 5037 1378 5109 ὥσπερ
1404 5035 1647 5090 ἐκώλυσε
1679 5036 1782 5106 τὴν
1829 5035 1941 5088 τῶν
1964 5033 2074 5098 ζώ-

497 5150 571 5186 ων
600 5132 817 5197 θυσίαν,
848 5129 1070 5201 πληρῶν
1093 5131 1184 5184 τὸν
1213 5129 1306 5182 τοῦ
1336 5130 1502 5198 νόμου
1539 5125 1763 5187 σκοπὸν,
1789 5122 1933 5177 οὕτω
1977 5125 2074 5176 καὶ

495 5228 593 5298 τὴν
621 5226 973 5295 πολυγαμίαν
1011 5222 1308 5278 ἐκώλυσεν.
1348 5222 1407 5274 Ὀ
1457 5221 1516 5282 δὲ
1577 5217 1824 5287 Μωάμεθ
1885 5216 2074 5268 οὑτοσὶ

495 5318 622 5372 ἀντὶ
677 5318 1032 5388 σωφροσύνης
1107 5315 1406 5369 ἀκολασίαν
1479 5309 1872 5382 νενομοθέτηκε
1899 5348 1915 5374 ,
1997 5306 2073 5376 μὴ

499 5409 660 5479 μόνον
687 5411 746 5462 ἐν
773 5409 857 5478 τῷ
890 5408 1122 5477 παρόντι
1149 5404 1328 5470 αἰῶνι,
1355 5403 1505 5457 ἀλλὰ.
1525 5402 1618 5455 καὶ
1642 5402 1698 5452 ὲν
1722 5400 1799 5468 τῷ
1825 5396 2071 5467 μέλλοντι

496 5500 671 5555 ταῦτα
702 5501 852 5570 παρὰ
879 5498 1014 5552 Θεοῦ
1051 5493 1634 5561 πολλαπλασιασθῑμιαι
1675 5490 1915 5553 διδάξας.
1961 5489 2073 5542 Καὶ

500 5591 646 5646 ἔστιν
675 5593 802 5646 ἰδεῖν
834 5595 891 5646 έν
929 5589 1078 5662 αύτῷ
1104 5590 1166 5643 τὸ
1191 5586 1288 5642 τοῦ
1319 5585 1485 5640 Δασὶδ
1510 5585 1710 5654 λόγιον,
1743 5583 1804 5636 τὸ
1839 5582 2069 5650 φάσκον,

2161 3211 2247 3259 est
2279 3218 2344 3258 os
2379 3202 2448 3257 de
2469 3202 2690 3266 ossibus
2717 3201 2858 3256 meis
2879 3242 2894 3268 ,
2927 3209 2984 3256 et
3029 3216 3159 3256 caro
3204 3201 3274 3256 de
3305 3215 3469 3256 carne
3503 3216 3645 3256 mea.
3677 3201 3746 3255 Et

2161 3305 2450 3366 propterea
2490 3293 2839 3364 derelinquet
2871 3293 3038 3348 homo
3066 3300 3278 3362 patrem
3310 3307 3471 3348 suum
3518 3302 3573 3347 ct
3630 3308 3748 3347 ma-

2163 3399 2324 3452 trem,
2355 3397 2412 3443 et
2471 3387 2780 3442 adhaerebit
2826 3385 2986 3442 uxori
3014 3401 3150 3451 sua,
3203 3393 3260 3440 et
3313 3393 3484 3439 eruut
3542 3385 3654 3439 duo
3685 3386 3744 3439 in

2162 3495 2327 3534 carne
2359 3479 2540 3534 una".
2569 3497 2595 3532 ν
2619 3477 2920 3534 Considera
2952 3478 3119 3547 igitur
3147 3475 3426 3547 quomodo
3454 3485 3578 3546 post
3611 3490 3740 3544 pec-

2163 3581 2346 3626 catum
2372 3571 2595 3626 demum
2628 3578 2685 3625 et
2715 3569 3072 3625 stoliditatem
3124 3568 3410 3630 hominum
3435 3568 3745 3638 polygamia

2165 3664 2480 3720 increverit.
2515 3662 2690 3718 Adam
2721 3662 2869 3717 enim
2902 3677 3013 3716 non
3045 3661 3214 3716 dicit:
3249 3659 3313 3713 Et
3355 3670 3523 3718 erunt
3561 3657 3747 3713 multa-

2165 3757 2428 3814 mulieres
2453 3769 2578 3811 cum
2611 3754 2730 3809 viro
2759 3755 2813 3808 in
2851 3765 3016 3808 carne
3044 3769 3177 3820 una,
3209 3751 3308 3806 sed
3340 3750 3471 3816 duo,
3509 3751 3616 3806 hoc
3661 3760 3746 3805 est

2164 3847 2250 3903 vir
2275 3855 2330 3902 et
2359 3846 2579 3901 mulier.
2610 3844 2731 3901 Una
2770 3858 2901 3898 vero
2931 3854 2986 3897 et
3008 3843 3192 3912 plures
3218 3842 3368 3896 inter
3396 3856 3454 3895 se
3478 3849 3744 3910 pugnant.

2166 3938 2428 4004 Quamvis
2448 3945 2634 3992 autem
2661 3936 2941 4004 legislator
2962 3935 3140 3988 Moses
3169 3933 3402 4002 singulis
3427 3932 3745 3986 Judaeorum

2171 4045 2372 4085 uxores
2401 4031 2593 4100 plures
2615 4026 2969 4082 concesserit
2996 4064 3011 4089 ,
3047 4025 3103 4078 in
3133 4023 3398 4093 temporis
3434 4023 3774 4078 successio-‘

2167 4138 2293 4178 nem
2321 4122 2453 4176 illud
2478 4119 2728 4191 permisit
2753 4137 2768 4173 :
2799 4116 3260 4188 quemadmodum
3285 4124 3340 4170 et
3360 4115 3414 4168 in
3433 4114 3758 4168 animalium

2166 4211 2452 4269 sacriﬁciis
2489 4211 2693 4266 factum
2730 4218 2834 4275 est,
2887 4216 2948 4262 ut
2993 4222 3090 4262 eos
3127 4206 3197 4261 a'b
3246 4207 3462 4275 impura
3510 4205 3750 4259 ﬁliorum

2167 4303 2313 4358 caede
2347 4312 2405 4357 et
2451 4301 2728 4356 oblatione
2779 4298 3100 4353 abduceret.
3139 4296 3293 4351 Sicut
3339 4311 3469 4350 vero
3496 4294 3750 4358 Christus

2170 4375 2471 4450 adveniens
2523 4390 2844 4446 animalium
2924 4388 3204 4443 sacriﬁcia:
3248 4387 3560 4465 prohibuit,
3615 4387 3756 4466 legis

2829 4481 2903 4536 ita
2959 4481 3122 4535 etiam
3173 4495 3404 4534 uxorum
3437 4481 3750 4549 pluritatcm

2171 4576 2414 4631 sustulit.
2459 4573 2736 4628 Mahomet
2776 4587 2908 4628 vero
2953 4573 3048 4628 hic
3075 4573 3200 4628 loco
3246 4573 3625 4642 temperantia:
3668 4574 3752 4626 in-

2171 4667 2588 4735 temperantiam
2619 4664 2832 4733 legibus
2880 4664 2997 4720 suis
3029 4663 3340 4728 constituit,
3379 4679 3488 4719 non
3541 4663 3595 4718 in
3646 4664 3752 4718 hoc

2171 4769 2383 4815 tantum
2411 4757 2634 4823 saculo,
2689 4755 2789 4812 sed
2833 4756 2888 4810 in
2933 4755 3122 4811 futuro
3147 4756 3312 4812 etiam
3362 4757 3475 4811 ham
3516 4756 3584 4811 ab
3633 4757 3768 4826 ipso~

2181 4850 2294 4905 Deo
2320 4863 2446 4902 cum
2477 4847 2649 4901 multo
2679 4846 2894 4902 {umore
2929 4845 3160 4916 rependi
3207 4845 3437 4911 docens,
3480 4853 3536 4900 et
3564 4845 3768 4900 viderc'

2183 4921 2240 4993 in
2288 4939 2382 4992 illo
2428 4937 2559 4992 licet
2613 4936 3004 4990 illud’Davidis
3055 4935 3388 4991 oraculum:
3425 4955 3444 4987 ι
3477 4933 3756 4990 Laudatur-

2181 5039 2438 5099 peccator
2469 5029 2524 5080 in
2559 5026 3026 5095 concupiscentiis
3051 5025 3249 5080 anima:
3280 5041 3416 5082 suae.
3443 5024 3512 5080 Et
3535 5025 3769 5096 iniquus

2181 5119 2590 5178 benedicitur"
2622 5137 2642 5171 ι
2681 5133 2695 5171 :
2732 5119 2785 5172 id
2816 5129 2901 5173 est
2937 5117 3194 5173 laudatur
3232 5126 3290 5171 et
3337 5116 3652 5172 celebratur
3685 5115 3769 5170 ab

2181 5213 2291 5268 illis
2314 5213 2409 5281 qui
2431 5210 2728 5266 adulantur
2764 5209 2843 5263 illi
2892 5218 2950 5263 et
2997 5209 3182 5263 scelus
3221 5208 3398 5278 ipsius
3430 5208 3674 5271 irritant,
3699 5216 3766 5262 et

2183 5304 2278 5376 qui
2315 5317 2419 5358 nec
2452 5316 2677 5357 sensum
2713 5301 2939 5371 quidem
2975 5300 3155 5354 morbi
3198 5308 3430 5371 propter
3474 5299 3762 5356 silentium

2179 5405 2411 5468 possunt
2459 5389 2703 5460 habere;
2750 5402 3042 5465 propterea
3095 5391 3264 5448 etiam
3309 5391 3400 5448 ille
3436 5390 3764 5447 incurabilis

2179 5485 2416 5544 exsistit.
2446 5484 2604 5550 Quod
2633 5485 2782 5539 enim
2811 5484 2989 5538 morbi
3021 5499 3188 5539 sensu
3225 5491 3401 5552 caret,
3423 5481 3762 5537 medicinam

2179 5594 2288 5634 non
2309 5577 2527 5648 quarrit,
2545 5591 2649 5633 uec
2675 5575 2937 5632 admittit.
2965 5576 3034 5631 Et
3064 5576 3169 5632 hoc
3189 5577 3438 5632 omnium
3468 5570 3764 5630 atrocissi-r

585 5803 630 5833 ⁶⁹
673 5801 806 5854 Cen.
849 5815 942 5866 vn,
971 5799 1024 5853 7.
1102 5797 1148 5830 ⁷⁸
1185 5796 1325 5854 ch.
1356 5813 1470 5864 v—nl,
1509 5794 1598 5851 l8.
1673 5793 1715 5825 τί
1759 5790 1930 5862 Exod.
1964 5806 2053 5846 xix

2163 5789 2204 5845 θ.
2291 5789 2376 5822 λη’
2406 5785 2543 5845 Gen.
2581 5803 2644 5854 ir,
2673 5788 2764 5856 23,
2792 5787 2881 5843 24.
2957 5787 3004 5818 ⁷³
3043 5783 3188 5843 Psal.
3229 5797 3284 5853 ι,
3313 5781 3369 5837 5.
