4090 6446
324 295 424 360 551

1499 303 1824 366 JOANNIS
1864 306 2396 368 CANTACUZENI

3476 314 3580 378 552

327 424 476 463 mum
513 417 617 474 est,
647 423 771 463 cum
815 407 1024 464 malitia
1053 409 1307 465 laudatur
1334 455 1346 478 ,
1399 428 1499 468 nec
1538 419 1745 472 malitia
1781 434 1900 473 esse

2007 419 2084 472 ’ὁτι
2121 439 2139 472 ι
2199 422 2534 474 Ἐπαινεῖται
2578 423 2607 475 6
2634 422 2956 494 ἁμαρτωλὸς
3003 428 3061 480 ὲν
3105 429 3240 492 ταῖς,
3263 427 3585 502 ἐπιθυμίαις

330 501 598 556 creditur.
632 501 906 556 Mahomet
944 503 1115 567 enim,
1141 503 1210 557 de
1234 520 1344 574 quo
1371 520 1554 562 sermo
1583 517 1690 574 est,
1727 510 1900 564 homi-

2003 513 2101 580 τῆς
2135 513 2312 582 ψυχῆς
2341 513 2532 582 αὑτοῦ,
2553 515 2646 567 καὶ
2675 517 2702 568 ὁ
2731 515 2931 569 ἀδικῶν
2957 518 3335 588 ὲνευλογεῖται,
3368 539 3388 574 ι
3422 540 3582 576 τουτ-

332 609 462 647 num
489 593 758 648 voluntati
789 602 844 647 et
879 595 1146 665 voluptati
1208 596 1260 650 in
1312 599 1508 667 primis
1547 601 1791 667 studuit,
1844 612 1901 658 et

2007 603 2172 669 ἐστιν,
2207 605 2514 659 ἐπαινεῖται
2560 606 2655 658 καὶ
2721 606 3128 675 ὲγκωμιάζεται
3177 615 3325 682 παρὰ
3351 615 3460 666 τῶν
3491 631 3584 667 κο-

328 685 631 740 secundum
663 686 764 742 has
801 686 1010 752 docuit,
1043 697 1101 742 ut
1129 689 1425 758 voluptatis
1453 691 1504 744 vi
1531 707 1692 761 quam
1726 694 1903 763 pluri-

332 792 448 830 mos
475 777 764 832 stultorum
816 778 1142 834 attraheret.
1202 780 1433 851 Insuper
1479 799 1609 837 num
1647 785 1747 839 soli
1795 785 1897 840 viri

273 874 275 878 '
331 867 442 920 Deo
473 883 630 924 cura
649 877 796 932 sunt,
832 875 1090 939 tanquam
1118 882 1386 926 creaturae
1426 873 1618 942 ipsius,
1642 873 1901 928 mulieres

335 972 463 1011 vero
518 974 896 1028 nequaquam,
941 974 1064 1013 cum
1093 975 1202 1014 non
1256 962 1367 1016 sint
1399 963 1496 1017 Dei
1539 964 1902 1035 figmentum?

328 1048 579 1118 Numque
609 1051 775 1120 igitur
835 1050 940 1105 viri
971 1061 1179 1106 tantum
1222 1054 1418 1109 talibus
1444 1072 1472 1109 a
1506 1057 1615 1110 Deo
1649 1058 1894 1126 acceptis

329 1141 484 1192 bonis
513 1141 782 1204 fcuenlur,
808 1140 1066 1197 mulieres
1086 1158 1216 1198 vero
1238 1145 1403 1200 nullis
1432 1147 1692 1201 omnino?
1721 1146 1904 1213 Quan-

335 1213 632 1298 doquidem
665 1239 845 1284 autem
878 1248 982 1285 una
1006 1242 1256 1287 creatura
1287 1243 1370 1290 est
1420 1234 1526 1289 viri
1550 1244 1606 1290 et
1634 1238 1902 1302 rnulieﬁs,

329 1320 589 1390 idemque
643 1321 805 1376 homo
835 1331 920 1376 est
947 1325 1124 1378 omnis
1164 1325 1350 1390 homo,
1403 1328 1561 1397 sique
1608 1343 1799 1384 omnes
1830 1329 1908 1383 si-

328 1409 442 1464 mili
476 1410 683 1464 ratione
707 1411 987 1480 judicandi
1025 1422 1178 1479 sunt,
1221 1422 1275 1469 et
1321 1415 1490 1470 simili
1519 1418 1734 1473 ratione
1757 1434 1906 1473 rece-

328 1499 496 1568 pturi,
529 1501 621 1568 qui
651 1493 872 1564 quidem
907 1502 1136 1557 honeste
1156 1504 1432 1572 vixerunt,
1458 1507 1623 1573 bona,
1651 1508 1746 1578 qui
1769 1525 1902 1565 vero

328 1591 490 1656 male,
514 1585 795 1652 iram'Dei.
840 1594 1114 1662 repulsam
1144 1611 1495 1666 pmuamque,
1529 1601 1754 1654 omnino
1787 1619 1903 1656 ma-

334 1686 532 1741 nifeste
563 1673 779 1742 constat
801 1703 992 1742 omnes
1029 1689 1276 1746 homines
1309 1693 1450 1748 idem
1469 1695 1740 1765 judicium
1771 1697 1905 1752 sub-

329 1780 521 1841 ituros.
575 1789 682 1834 tam
737 1781 882 1835 viros
903 1798 1062 1852 qnam
1089 1785 1370 1852 mulieres,
1401 1801 1526 1842 cum
1553 1803 1662 1842 una
1687 1789 1907 1844 eadem-
1935 1763 1980 1821 Β

326 1888 433 1939 quc
471 1873 664 1926 hormn
697 1883 890 1927 natura
925 1876 998 1928 sit
1031 1877 1263 1931 :eodem
1305 1880 1470 1933 etiam
1519 1881 1682 1938 modo
1716 1897 1906 1937 omnes

325 1968 481 2029 juxta
511 1981 678 2034 Opera
735 1982 853 2030 sua,
914 1983 1033 2037 qua:
1079 1978 1464 2038 patraverunt,
1507 1974 1591 2028 vel
1642 1975 1785 2029 bona
1821 1976 1906 2030 vel

329 2058 472 2110 mala
503 2068 633 2111 sunt
659 2060 956 2128 recepturi.
991 2060 1182 2116 Restat
1218 2062 1402 2133 igitur,
1440 2069 1583 2134 quod
1613 2076 1669 2122 et
1693 2067 1904 2137 justum

325 2157 381 2198 et
411 2147 670 2202 decorum
699 2162 802 2214 οδε,
837 2159 896 2232 ut
919 2150 1181 2206 mulieres
1228 2155 1419 2208 eadem
1447 2197 1462 2220 ,
1498 2171 1620 2226 quae
1644 2157 1778 2222 viri,
1816 2175 1905 2214 ac-

328 2239 557 2308 cipiant.
591 2241 656 2294 Et
691 2242 1153 2310 quemadmodum
1179 2245 1505 2318 unicuique,
1533 2249 1628 2319 qui
1671 2251 1904 2308 honeste

329 2332 494 2384 vitam
529 2347 684 2386 suam
713 2336 998 2403 transegit,
1043 2337 1198 2408 juxta
1227 2337 1525 2395 Mahometi
1575 2340 1724 2413 leges
1761 2359 1907 2398 mer-

325 2423 477 2476 cedis
507 2423 626 2477 loco
658 2425 844 2479 multa:
875 2427 1141 2483 mulieres
1173 2429 1580 2498 retribuuntur,
1604 2433 1684 2489 sic
1707 2435 1906 2491 dentur

325 2516 490 2568 etiam
524 2513 779 2584 singulis,
827 2533 949 2587 qua:
979 2518 1211 2575 honeste
1241 2523 1517 2590 vixerunt,
1547 2526 1901 2593 mulieribus,

324 2603 514 2671 plures
574 2606 700 2660 \iri.
753 2607 906 2673 Quod
935 2609 979 2664 si
1011 2610 1113 2665 hoc
1154 2620 1408 2683 tanquam
1443 2616 1746 2672 absurdum
1773 2621 1927 2674 reti-'

322 2698 461 2764 cuit,
484 2697 675 2752 eadem
703 2709 883 2754 mente
916 2702 1202 2774 ctjudicio
1238 2706 1306 2760 de
1335 2708 1470 2762 viris
1496 2723 1717 2779 quoque
1749 2711 1902 2767 illum

323 2791 530 2842 sentire
583 2800 640 2844 et
677 2790 930 2861 judicare
978 2795 1361 2853 conveniebat.
1403 2799 1679 2855 Praeterea
1715 2801 1905 2871 plures

328 2880 406 2933 illi
437 2879 540 2934 viri
589 2881 765 2936 unicae
819 2882 931 2938 dati
963 2885 1220 2952 mulieri,
1269 2889 1354 2942 vel
1409 2888 1590 2946 laudis
1616 2893 1790 2962 gratia
1825 2893 1901 2948 illi

323 2976 608 3031 dabuntur
666 2977 854 3049 (quod
917 2981 1132 3036 scilicet
1193 2983 1428 3040 honeste
1488 2987 1775 3056 vixerint)
1819 2989 1902 3044 vel

325 3068 720 3125 damnationis.
795 3070 1004 3135 Quodsi
1052 3087 1164 3139 ceu,
1187 3074 1418 3130 honeste
1454 3077 1565 3132 vita
1595 3092 1692 3132 sua
1727 3077 1902 3134 functi

323 3160 406 3213 sic
440 3173 882 3232 remunerantur,
942 3181 1042 3220 cur
1071 3166 1157 3222 his
1183 3182 1292 3221 non
1347 3167 1535 3237 plures
1587 3169 1727 3225 data:
1776 3182 1905 3226 sunt

329 3251 586 3307 inulleres
607 3292 622 3317 ,
678 3253 931 3309 beneficii
957 3265 1011 3310 et
1034 3257 1303 3312 mercedis
1325 3258 1494 3328 gratia
1515 3297 1531 3323 ,
1585 3266 1646 3313 ut
1686 3259 1894 3315 dictum

327 3349 450 3407 est,
502 3343 596 3397 sed
624 3345 804 3413 potius
836 3345 968 3400 viris
1012 3346 1200 3400 multis
1240 3347 1439 3402 mulier
1471 3349 1624 3402 una?
1669 3348 1726 3404 Si
1776 3365 1905 3405 vero

328 3433 461 3485 illud
493 3447 595 3486 ceu
628 3435 1006 3490 condemnatis
1053 3437 1358 3507 contingit,
1412 3437 1528 3494 haec
1555 3438 1746 3494 eadem
1774 3454 1905 3494 sane

327 3521 594 3576 beneficia
642 3523 857 3590 laudis,
915 3535 969 3580 et
993 3526 1151 3580 bonae
1203 3527 1584 3583 retributionis
1627 3528 1903 3583 domicilia

327 3624 479 3676 sunt,
513 3612 684 3666 veluti
713 3613 986 3688 Mahomet
1021 3627 1264 3670 enarrat.
1297 3616 1452 3683 Quod
1479 3617 1625 3672 idem
1660 3617 1728 3672 de
1765 3619 1906 3672 mul-

326 3703 398 3756 tis
428 3703 749 3758 mul'eribus
801 3704 893 3759 uni
930 3707 1049 3760 viro
1095 3706 1239 3763 datis
1283 3708 1632 3763 sentiendum
1684 3717 1788 3793 est:
1848 3707 1902 3764 Si

324 3794 474 3846 enim
507 3794 643 3848 viris
681 3795 881 3850 dantur
909 3812 1009 3851 ceu
1043 3796 1468 3855 damnationem
1501 3799 1710 3854 meritae
1737 3837 1750 3863 ,
1806 3815 1905 3854 cur

324 3889 379 3940 in
416 3887 633 3942 eastrlcm
673 3886 790 3943 hmo
838 3888 1198 3944 conferuntur
1244 3890 1551 3945 beneficia?
1603 3891 1660 3945 Si
1715 3899 1901 3946 autem

324 3977 540 4031 laudem
575 3988 914 4046 meruerunt,
941 3995 1040 4034 cur
1063 3981 1156 4035 uni
1187 3980 1306 4036 viro
1334 3981 1520 4034 multae
1548 3979 1905 4036 tribuuntur?

327 4069 393 4123 lCt
422 4071 681 4138 quidnam
715 4070 819 4127 hac
853 4072 1177 4128 confusione
1205 4083 1289 4128 est
1310 4073 1610 4130 absurdius
1653 4085 1709 4130 et
1732 4077 1904 4147 magis

325 4160 608 4215 deforme?
653 4159 882 4216 Videsne
916 4161 972 4215 in
1010 4170 1143 4231 quot
1174 4161 1414 4218 absurda
1456 4163 1540 4219 vel
1584 4165 1791 4222 invitus
1821 4167 1906 4222 in-

323 4251 478 4316 cidit,
506 4253 598 4322 qui
625 4269 655 4307 a
675 4253 760 4306 via
784 4269 915 4307 vera
941 4252 1258 4307 aberravit?
1292 4252 1398 4308 Sed
1434 4254 1659 4312 minime
1687 4257 1804 4312 haec
1829 4259 1903 4312 ita

322 4354 484 4410 sunt;
513 4360 618 4398 non
657 4353 810 4409 sunt,
845 4344 1102 4414 inquam,
1132 4344 1267 4398 hare.
1323 4345 1457 4410 Qua:
1506 4349 1653 4403 enim
1698 4351 1902 4404 sanctis

320 4437 620 4490 exsolvitur
645 4437 958 4502 retributio,
987 4451 1095 4490 non
1121 4436 1176 4490 in
1205 4431 1419 4493 deliciis
1443 4449 1717 4505 versatur,
1749 4449 1900 4510 pota-
1928 4461 1981 4520 ι)

324 4527 588 4592 tionibus,
631 4529 838 4584 balneis
887 4537 939 4583 et
971 4528 1332 4595 mulieribus,
1394 4545 1517 4599 qure
1555 4532 1740 4586 omnia
1777 4548 1902 4600 pec—

322 4617 428 4670 cati
462 4628 516 4672 et
550 4620 643 4671 ira:
676 4619 889 4672 fructus
929 4627 1079 4680 sunt,
1116 4617 1414 4673 utdictum
1445 4627 1567 4686 est;
1599 4635 1789 4674 verum
1821 4637 1905 4676 re-

327 4707 553 4762 tributio
587 4707 703 4762 haec
728 4707 994 4764 sanctitas
1021 4717 1123 4775 est,
1156 4708 1367 4778 puritas
1389 4718 1443 4764 et
1471 4709 1582 4762 vita
1632 4709 1898 4778 angelica,

320 4799 576 4868 gaudium
597 4808 650 4852 et
667 4799 939 4867 hilaritas,
956 4809 1012 4853 et
1028 4800 1372 4866 exsultatio,r
1398 4815 1561 4870 quam
1577 4800 1772 4857 oculus
1789 4817 1901 4856 non

323 4887 478 4954 vidit,
499 4897 554 4941 et
569 4890 718 4943 auris
736 4904 846 4943 non
861 4889 1092 4954 audivit,
1115 4905 1216 4944 nec
1233 4890 1286 4944 in
1300 4905 1392 4946 cor
1409 4889 1650 4946 hominis
1663 4907 1902 4960 unquam

318 4979 652 5033 ascendit“.
685 4997 704 5031 ι
740 4980 904 5034 Vides
944 4981 1132 5050 itaque
1161 4980 1401 5035 fructum
1434 4981 1735 5053 legislatori
1771 4983 1900 5038 huic

317 5086 344 5120 ι’
355 5084 384 5120 x
405 5084 500 5122 sua
524 5070 639 5139 lege
661 5071 1384 5142 proveuicntem.Cognoscit
1395 5089 1460 5127 ur
1473 5083 1656 5134 autem
1671 5091 1700 5128 a
1714 5073 1899 5130 fructu

317 5175 542 5228 operum
574 5161 713 5214 ratio
741 5162 912 5226 illius,
935 5172 1028 5216 aut
1067 5163 1215 5218 non?
1253 5164 1317 5217 Et
1342 5165 1464 5234 quis
1495 5174 1602 5220 tam
1639 5166 1894 5236 stupidus

314 5259 369 5299 et
399 5259 725 5313 eacwcatus,
763 5263 818 5304 ut
838 5253 956 5306 haec
972 5268 1093 5321 qua:
1113 5253 1259 5309 dicta
1283 5266 1413 5311 sunt
1441 5271 1550 5312 non
1581 5257 1895 5328 intelligat?

316 5336 606 5398 Quomodo
637 5339 800 5408 igitur
830 5331 1001 5394 Deum
1036 5355 1313 5398 auctorem
1333 5345 1551 5412 referet,
1583 5348 1676 5416 qui
1704 5349 1894 5419 hujus-

316 5422 462 5476 modi
495 5427 720 5479 statuit?
748 5428 814 5481 Et
837 5429 902 5483 de
929 5430 1014 5485 his
1041 5432 1303 5501 quidnam
1335 5436 1583 5504 pluribus
1607 5454 1746 5508 opus
1775 5441 1908 5516 est?

327 5515 586 5586 αγιοσύνη
619 5521 720 5572 καὶ
742 5523 1070 5596 καθαρότης,
1108 5531 1200 5583 καὶ
1231 5533 1499 5606 ἀγγελικὴ
1537 5537 1801 5607 πολιτεία,
1845 5541 1989 5611 χαρά

386 5690 435 5723 ⁵⁸
479 5691 582 5743 lsa.
624 5707 763 5761 mv,
800 5699 853 5763 4;
884 5698 900 5753 l
932 5699 1056 5755 Cor.
1091 5719 1149 5771 ιι,
1177 5707 1230 5765 9.

1930 3131 1974 3186 (Σ

2003 696 2341 751 λακευόντων
2373 698 2558 765 αὐτὸν,
2590 698 2686 752 καὶ
2737 699 3097 769 ἑρεθιζόντων
3158 704 3325 757 αυτοῦ
3356 705 3456 776 τὴν
3485 723 3582 760 καί

2010 788 2158 850 κίαν,
2213 789 2308 840 καὶ
2345 787 2480 856 μηδὲ
2521 787 2777 853 αἴσθησιν
2826 790 2923 858 τῆς
2961 791 3117 844 νόσου
3170 790 3301 859 γοῦν
3335 793 3424 848 διὰ
3455 811 3582 846 σιωε

2007 877 2116 944 πῆς
2148 878 2446 946 ἐμποιῆσαι
2479 878 2848 948 ἀνεχομένων.
2902 880 2993 932 Διὸ
3038 882 3132 933 καὶ
3163 883 3379 944 ἀνίατος
3411 885 3439 936 6
3469 901 3584 936 tor-"-

2008 965 2163 1028 οὗτος
2199 966 2540 1034 εὑρίσκεται.
2576 965 2649 1020 Τὸ
2671 970 2781 1038 γὰρ
2814 969 2950 1039 μηδὲ
2975 970 3227 1041 αἴσθησιν
3255 972 3346 1026 τοῦ
3379 975 3584 1038 πάθους

2005 1057 2128 1127 ἕχον
2183 1059 2480 1126 θεραπείαν
2529 1057 2656 1118 οὔτε
2709 1061 2880 1128 ζητεῖ,
2938 1061 3062 1115 οὔτε
3117 1065 3423 1133 προσίεται.
3476 1069 3585 1121 Καὶ

2005 1150 2163 1202 τοῦτό
2185 1151 2302 1203 ἐστι
2332 1150 2391 1202 τὸ
2414 1151 2632 1204 πάντων
2655 1151 2982 1218 δεινότατον,
3013 1155 3194 1223 ὅτανή
3229 1157 3396 1210 κακία
3429 1159 3586 1211 ἐπαι-

2007 1242 2184 1308 νῆται,
2217 1241 2311 1293 καὶ
2349 1241 2481 1310 μηδὲ
2521 1244 2690 1296 κακία
2723 1238 2865 1299 εἶναι
2891 1247 3202 1316 νομίζηται.
3247 1247 3306 1300 ’0
3347 1249 3457 1318 γὰρ
3486 1251 3580 1320 δη·

2007 1331 2199 1396 λωθεὶς
2248 1334 2498 1403 Μωάμεθ
2537 1335 2605 1388 τὰ
2640 1335 2772 1407 πρὸς
2802 1337 2962 1407 χάριν
2987 1342 3083 1392 καὶ
3115 1339 3317 1409 τέρψιν
3350 1341 3457 1394 τῶν
3487 1345 3582 1394 ἀν-

2007 1424 2242 1494 θρώπων
2279 1425 2581 1479 ἐσπούδασε
2627 1428 2721 1480 καὶ
2771 1429 3033 1498 ἐδίδαξεν,
3077 1431 3166 1485 ἵνα
3196 1432 3286 1486 διά
3315 1433 3414 1504 τῆς
3464 1434 3609 1503 ἡδο-’

2007 1517 2103 1585 νῆς
2139 1518 2516 1587 ἐπισπάσηται
2550 1520 2610 1573 τὸ
2633 1521 2838 1590 πλῆθος
2859 1523 2968 1575 τῶν
2989 1523 3264 1594 ἀφρόνων.
3301 1525 3422 1578 Ἔτι
3454 1527 3586 1594 περὶ

2005 1607 2112 1658 τῶν
2154 1608 2362 1678 ἀνδρῶν
2417 1610 2578 1676 μόνον
2615 1610 2768 1680 μέλει
2816 1612 2892 1681 τῷ
2934 1612 3074 1682 Θεῷ,
3120 1615 3196 1677 ὡς
3245 1615 3585 1686 πλασμάτων

2005 1696 2197 1771 αὑτοῦ,
2229 1695 2355 1768 περὶ
2393 1699 2451 1752 δὲ
2500 1699 2609 1753 τῶν
2641 1703 2914 1769 γυναικῶν
2969 1705 3242 1774 οὐδαμῶς,
3299 1707 3387 1760 διά
3415 1707 3474 1760 τὸ
3506 1707 3583 1778 μὴ

2009 1783 2147 1841 εἶναι
2205 1788 2374 1851 αὐτὰς
2423 1790 2647 1860 πλάσμα
2696 1792 2857 1844 Θεοῦ.
2925 1795 3034 1846 Καὶ
3081 1795 3168 1848 διὰ
3201 1795 3362 1849 τοῦτυ
3395 1799 3442 1848 οἱ
3481 1796 3582 1864 μὲν

2010 1879 2206 1947 ἄνδρες
2267 1879 2556 1948 μέλλουσιν
2617 1881 2914 1945 ἀπολαύειν
2971 1883 3082 1936 τῶν
3128 1884 3277 1954 παρὰ
3321 1885 3414 1938 τοῦ
3445 1885 3582 1938 Θεοῦ

2009 1968 2267 2021 τοιούτων
2307 1970 2549 2038 ἀγαθῶν,
2582 1973 2637 2024 αἱ
2667 1972 2724 2024 δὲ
2760 1974 3023 2041 γυναῖκες
3057 1969 3322 2041 οὺδόλως;
3355 1972 3435 2030 Ἦ
3460 1977 3583 2032 ἐπεὶ

2012 2059 2110 2128 μία
2145 2059 2304 2128 φύσις
2359 2061 2507 2114 ἐστὶν
2554 2062 2746 2132 ἀνδρὸς
2777 2065 2874 2117 καὶ
2926 2066 3206 2132 γυναικὸς,
3253 2069 3348 2122 καὶ
3371 2063 3450 2128 εἷς
3486 2069 3584 2122 ἄν⁸

2010 2149 2228 2220 θρωπός
2265 2153 2382 2204 ἐστι
2416 2154 2524 2216 πᾶς
2573 2151 2885 2225 ἄνθρωπος,
2937 2158 3032 2211 καὶ
3089 2159 3290 2228 ὁμοίως
3327 2159 3584 2228 μέλλουσι

2009 2241 2264 2312 κριθῆναι
2316 2247 2362 2297 oi
2415 2246 2639 2310 πάντες,
2674 2249 2771 2302 καὶ
2805 2249 3010 2318 ὁμοίως
3042 2250 3326 2320 μέλλουσιν
3375 2253 3582 2305 ἀπολα-

2007 2333 2146 2398 ϐεῖν,
2176 2336 2226 2388 oi
2257 2335 2354 2405 μὲν
2384 2337 2566 2401 καλῶς
2597 2339 3052 2411 πολιτευσάμενοι
3086 2343 3288 2412 ἀγαθὰ,
3317 2345 3366 2396 oi
3401 2343 3455 2397 δὲ
3489 2362 3588 2397 κα·

2006 2425 2117 2488 κῶς
2141 2423 2312 2496 ὀργὴν
2341 2427 2604 2482 Θεοῦκαὶ
2632 2431 2988 2504 ἀποστροφὴν
3022 2433 3118 2487 καὶ
3147 2434 3394 2499 κόλασιν,
3448 2436 3588 2489 πάν-

2003 2533 2112 2580 τως
2161 2536 2262 2572 που
2305 2521 2468 2574 παντί
2527 2538 2631 2575 που
2681 2523 2838 2594 δῆλον
2888 2526 2970 2578 ὅτι
3029 2525 3236 2590 πάντες
3305 2527 3584 2598 ἄνθρωποι

2004 2611 2205 2679 ὁμοίως
2282 2615 2536 2683 μέλλουσι
2608 2617 2884 2688 κριθῆναι,
2937 2619 3128 2691 ἄνδρες
3175 2639 3234 2675 τε
3267 2624 3360 2675 καὶ
3395 2625 3584 2691 γυναῖ-

2005 2718 2140 2767 κες,
2200 2704 2324 2757 ἐπεὶ
2379 2707 2471 2759 καὶ
2522 2709 2621 2778 μία
2679 2711 2774 2768 καὶ
2815 2713 2848 2781 ἡ
2898 2711 3039 2783 αὐτὴ
3095 2712 3254 2782 φύσις
3315 2714 3435 2768 ἐστὶ
3493 2715 3587 2766 καὶ

2004 2792 2205 2863 ὁμοίως
2273 2795 2557 2864 μέλλουσιν
2615 2799 2931 2865 ἀπολαόεἰν,
2989 2803 3064 2866 ὡς
3113 2804 3341 2868 ἕκαστος
3405 2805 3587 2861 αὐτῶν

2005 2885 2210 2955 ἔπραξε
2235 2890 2384 2942 κακά
2408 2905 2464 2941 τε
2496 2891 2589 2944 καὶ
2628 2891 2834 2959 ἀγαθά.
2879 2895 2989 2947 Καὶ
3025 2895 3214 2950 λοιπὸν
3241 2896 3302 2950 τὸ
3337 2898 3470 2951 αὐτὸ
3501 2897 3585 2951 δί-

2006 2978 2163 3033 καιόν
2196 2981 2310 3032 ἐστι
2345 2982 2438 3034 καὶ
2475 2983 2709 3053 πρέπον,
2743 2985 2829 3038 ἴνα
2860 2985 3068 3041 λάϐωσι
3107 2990 3201 3042 καὶ
3235 2992 3286 3045 αἱ
3321 2993 3586 3058 γυναῖκες

2006 3072 2143 3142 ὅπερ
2169 3073 2218 3124 oi
2247 3073 2436 3143 ἄνδρες
2468 3089 2508 3149 ο.
2536 3075 2632 3128 καὶ
2665 3075 2854 3148 ὥσπερ
2885 3079 3118 3135 δίδονται
3165 3080 3302 3152 πρὸς
3323 3084 3449 3148 τοῦς
3487 3100 3587 3137 κα·-

2007 3161 2116 3225 λῶς
2166 3163 2661 3234 πολιτευσαμένους
2704 3168 2786 3220 ἑνὶ
2837 3168 3052 3241 ἑκάστῳ
3105 3171 3296 3225 πολλαὶ
3326 3175 3587 3242 γυναῖκες

2008 3253 2346 3322 ἀντιμισθία,
2396 3255 2578 3320 καθὼς
2608 3258 2636 3311 6
2700 3259 2948 3328 Μωάμεθ
2995 3259 3296 3330 νομοθετεῖ,
3335 3264 3587 3318 διδόσθω-

2011 3361 2112 3398 σαν
2140 3346 2234 3398 καὶ
2270 3346 2408 3416 πρὸς
2445 3349 2544 3410 τὰς
2577 3349 2761 3418 καλῶς
2805 3351 3278 3424 πολιτευσαμένας
3315 3359 3585 3423 γυναῖκας

2013 3434 2114 3502 μιᾷ
2142 3433 2350 3504 ἑκάστῃ
2380 3435 2564 3488 πολλοὶ
2585 3437 2799 3507 ἄνδρες.
2825 3441 2886 3492 Εἰ
2912 3441 2958 3493 δ’
2983 3441 3058 3504 ὡς
3080 3441 3281 3496 ἄτοπον
3304 3445 3585 3514 παρεσιώ-

2009 3543 2183 3594 πησεν
2221 3527 2372 3595 αὐτὸ,
2409 3528 2508 3599 τὴν
2555 3530 2724 3600 αὐτὴν
2749 3531 2957 3586 ἔννοιαν
3003 3535 3097 3586 καὶ
3122 3536 3302 3605 κρίσιν
3341 3535 3584 3606 ἔπρεπεν

2010 3617 2098 3671 ἵνα
2126 3619 2520 3701 ἀναλογίσηται
2570 3625 2666 3676 καὶ
2718 3625 2880 3696 κρίνῃ
2907 3625 3001 3679 καὶ
3035 3630 3164 3698 περὶ
3206 3628 3314 3681 τῶν
3348 3629 3580 3701 ἀνδρῶν.

2011 3709 2132 3763 Ἔτι
2165 3698 2212 3764 ὀί
2269 3713 2455 3766 πολλοὶ
2503 3714 2694 3784 ἄνδρες
2741 3718 2790 3769 οἱ
2835 3716 3186 3788 δοθησόμενοι
3226 3721 3324 3790 μιᾷ
3362 3698 3584 3789 γυναικὶ

2007 3798 2083 3862 ὡς
2115 3801 2386 3872 ἀποδοχῆς
2424 3803 2565 3868 ἄξιοι
2618 3804 2873 3874 μέλλουσι
2913 3807 3132 3878 δοθῆναι
3193 3809 3281 3862 διὰ
3309 3810 3371 3862 τὸ
3403 3812 3584 3876 καλῶς

2007 3887 2203 3950 αὐτοὺς
2242 3890 2642 3962 πολιτευθῆναι,
2684 3895 2716 3963 ἢ
2759 3893 2834 3957 ὡς
2872 3897 3173 3967 καταδίκης
3208 3915 3222 3930 ·
3265 3898 3362 3952 καὶ
3392 3903 3440 3953 εί
3484 3903 3584 3970 μὲν

2005 3977 2079 4041 ὡς
2107 3979 2289 4043 καλῶς
2335 3982 2534 4044 αὐτοὺς
2583 3984 3099 4056 πολιτευσαμένους,
3153 3988 3296 4042 διατί
3341 3991 3442 4044 οὐκ
3466 3993 3583 4045 s66-

2008 4066 2179 4137 θησαν
2212 4071 2397 4133 αὐτοῖς
2451 4073 2532 4125 ἑνὶ
2580 4073 2797 4145 ἑκάστῳ
2827 4079 3087 4144 γυναῖκες
3116 4079 3308 4134 πολλαὶ
3361 4081 3583 4152 εὐεργε-

2008 4161 2128 4225 σίας
2157 4163 2318 4234 χάριν
2345 4165 2440 4219 καὶ
2461 4166 2828 4236 ἀντιμισθίας,
2871 4169 2947 4233 ὡς
2995 4171 3182 4239 λέγετε
3205 4210 3220 4237 ,
3255 4172 3392 4227 ἀλλά
3450 4177 3585 4245 μᾶλ-

2003 4251 2095 4306 λον
2134 4258 2246 4318 τοῖς
2275 4254 2488 4319 πολλοῖς
2514 4258 2741 4327 ἀνδράσι
2776 4259 2917 4332 γυνὴ
2955 4256 3099 4332 hiat;
3139 4262 3202 4316 El
3235 4263 3283 4317 δ’
3307 4263 3385 4328 ὡς
3415 4283 3584 4321 κατα·

2007 4346 2239 4413 κρίτοις,
2279 4348 2372 4401 καὶ
2428 4346 2537 4418 μὴν
2569 4351 2623 4402 ai
2671 4351 2918 4404 τοιαῦται
2967 4353 3280 4423 εὐεργεσίαι
3314 4357 3586 4428 ἀποδοχῆς

2007 4437 2100 4487 καὶ
2133 4436 2347 4506 ἀγαθῆς
2381 4439 2732 4508 ἀντιμισθίας
2766 4440 2979 4512 δόματά
3016 4445 3176 4510 εἰσιν,
3207 4447 3284 4510 ὡς
3339 4449 3368 4501 6
3413 4450 3604 4504 Μωέμ

2010 4529 2109 4597 μεθ
2141 4528 2473 4599 διαγορεύει.
2506 4531 2579 4585 Τὸ
2614 4534 2753 4586 αὐτὸ
2788 4534 2882 4590 καὶ
2910 4537 3001 4588 ἐπὶ
3028 4535 3139 4590 τῶν
3163 4539 3374 4593 πολλῶν
3397 4537 3590 4609 γυναι-ξ

2006 4619 2119 4673 κῶν
2142 4621 2251 4672 τῶν
2274 4620 2650 4691 δοθησομένων
2675 4625 2757 4679 ἐνὶ
2776 4625 2932 4697 ἀνδρί
2951 4643 2965 4657 ο
2994 4630 3042 4680 εί
3070 4629 3169 4699 μὲν
3192 4629 3267 4695 ὼς
3285 4635 3586 4702 καταδίκης

2010 4712 2180 4780 ἄξιαι,
2242 4713 2362 4778 πῶς
2407 4715 2645 4770 δίδονται
2696 4719 2835 4790 πρὸς
2883 4723 3057 4786 αὑτὰς
3115 4725 3470 4796 saep-recidi;
3529 4731 3578 4782 εἰ

2006 4803 2050 4856 δ’
2081 4805 2350 4877 ἀποδοχῆς
2411 4808 2598 4877 ἄξιαι,
2644 4811 2788 4865 διατι
2852 4814 3082 4870 δέδονται
3139 4819 3195 4872 αἱ
3254 4819 3449 4875 πολλαὶ
3504 4823 3584 4880 ἐν).

2005 4894 2197 4964 ἁνδρί;
2231 4899 2341 4952 Καὶ
2367 4899 2421 4952 τί
2469 4901 2568 4970 τῆς
2600 4903 2858 4975 τοιαύτης
2890 4907 3204 4978 συγχύσεως
3240 4911 3582 4984 ἀτοπώτερόν

2008 5000 2064 5036 τε
2100 4985 2195 5040 καὶ
2223 4989 2588 5062 ἀηδέστερονς
2621 4993 2845 5060 Βλέπεις
2879 4998 2993 5060 πῶς
3017 5002 3044 5054 6
3071 5005 3453 5074 παρατραπεὶς
3479 5005 3580 5076 τῆς
3617 5058 3626 5061 ς

2004 5074 2220 5140 εὐθείας
2249 5079 2372 5133 ὀδοῦ
2395 5085 2473 5144 εἰς
2496 5084 2636 5136 πόσα
2658 5086 2836 5140 ἄτοπα
2869 5093 3251 5161 παρεμπίπτει
3273 5095 3369 5148 καὶ
3397 5097 3580 5164 ﬁxura;

2013 5166 2153 5219 Ἀλλ’
2181 5171 2282 5223 οὐκ
2307 5171 2423 5227 ἔστι
2451 5174 2630 5240 τοῦτο,
2657 5179 2757 5232 οὐκ
2787 5179 2954 5237 ἔστιν.
2993 5184 3068 5236 Οὐ
3101 5185 3209 5257 γάρ
3246 5189 3390 5242 ἐστιν
3423 5192 3456 5262 ἡ
3485 5191 3580 5245 τοῦ

2001 5259 2139 5312 Θεοῦ
2176 5263 2311 5332 πρὸς
2371 5267 2494 5330 τοὺς
2546 5269 2734 5336 ἁγίους
2788 5273 3184 5342 μισθαποδοσία
3235 5259 3580 5351 ’τροφαὶ-καὶ

2007 5350 2210 5419 πόσεις,
2242 5357 2333 5407 καὶ
2367 5357 2569 5429 λουτρὰ
2607 5362 2702 5414 καὶ
2727 5370 3008 5435 γυναῖκες,
3052 5372 3209 5427 ἅτινά
3231 5377 3370 5430 είσιν
3399 5377 3581 5448 ἀμαρ-

2003 5445 2123 5507 τίας
2149 5448 2245 5501 καὶ
2297 5449 2465 5521 ὀργῆς
2521 5454 2978 5530 ἀποτελέσματα,
3039 5464 3115 5528 ὡς
3170 5467 3407 5540 εῐρηται,
3446 5445 3582 5543 ἀλλά

2029 5559 2086 5598 τε
2114 5549 2210 5601 καὶ
2243 5547 2551 5621 εὐφροσύνη
2577 5554 2671 5607 καὶ
2698 5556 3042 5628 ἀγαλλίασις,
3090 5581 3124 5616 ι·
3157 5565 3222 5636 ἢν
3249 5567 3276 5620 6
3305 5566 3582 5643 ὀφθαλμὸς
