4090 6444
460 380 562 453 587

1650 386 1976 456 JOANN'IS
2015 384 2545 455 CANTACUZENI

3612 380 3720 452 508

458 509 742 574 requirat,
795 519 850 563 et
895 525 1008 564 non
1056 511 1239 578 potius
1289 525 1389 566 ceu
1443 511 1693 565 absoluta
1743 510 2037 578 prudentia

2145 511 2239 578 τὴν
2274 510 2596 576 φιλοσοφίαν
2619 547 2634 571 ,
2670 507 2702 579 ἢ
2736 505 2797 561 τὸ
2839 506 3063 578 ἡλιακὸν
3098 504 3217 576 φῶς
3258 501 3632 572 ἀποστραφεὶς
3664 502 3725 554 τὸ

447 596 723 667 praeditus
753 600 1204 673 philosOphiam?
1233 603 1329 657 Vel
1359 604 1483 673 quis
1509 602 1675 657 solari
1711 602 1918 656 lumine
1949 618 2038 657 re-

2140 605 2239 672 τῆς
2283 603 2514 674 σελήνης
2555 604 2908 670 ἀσπάσεται;
2955 603 3184 673 Ἔμοιγε
3226 599 3477 654 δοκείὅτι
3520 597 3729 669 ἀρκετά

467 691 713 759 pudiato,
738 692 993 748 lunarem
1041 694 1457 765 amplectatur?
1493 695 1620 751 Mihi
1656 712 1787 753 sane
1814 713 1879 752 ea
1918 713 2040 764 quia:

2145 698 2279 748 εἰσιν
2309 693 2456 765 ἀπερ
2484 693 2798 765 γράψαντες
2830 695 3001 762 ἐσμεν
3028 732 3043 757 ,
3076 693 3163 746 ἵνα
3190 692 3304 762 γνῷ
3335 693 3444 752 πᾶς
3476 693 3501 745 ὁ
3532 690 3724 761 βουλό-

463 785 791 854 ttcripsimus
821 780 1072 841 sulIicere
1097 788 1378 850 videntur,
1417 800 1476 844 ut
1512 789 1691 856 facile,
1721 789 2040 860 quicunque

462 874 699 930 voluerit
728 876 895 943 hujus
923 878 999 948 rei
1035 879 1321 934 veritatem
1355 890 1671 950 cognoscat,
1719 880 1853 950 quin
1887 889 1943 935 et
1983 889 2037 936 tu

461 959 603 1035 ipse.
635 965 690 1020 Si
744 977 927 1022 autem
978 967 1231 1024 fortassis
1277 969 1458 1024 adhuc
1494 981 1719 1040 propter
1749 972 2039 1037 sacriﬁcia,

460 1060 960 1124 circumcisionem,
991 1060 1218 1117 Sabbati
1251 1064 1447 1125 otium,
1478 1072 1533 1119 et
1550 1066 1811 1120 ciborum
1846 1067 2044 1121 discri-

462 1159 585 1204 tnon
637 1153 779 1207 ratio
817 1162 907 1208 tua
937 1154 1156 1210 dubitat
1185 1165 1243 1211 et
1288 1158 1534 1221 vacillat,
1584 1159 1812 1215 minime
1858 1168 2041 1215 tamen

446 1232 565 1297 inc
623 1243 737 1297 ﬁcri
794 1242 1178 1311 conveniebat,
1230 1264 1356 1304 cum
1410 1249 1479 1304 de
1534 1252 1792 1306 maximis
1830 1251 1941 1306 illis
1984 1261 2042 1309 et

461 1335 794 1390 Necessariis
844 1336 1183 1393 suﬂiciemer
1244 1340 1593 1406 dixerimus;
1663 1355 2039 1399 verumtamen

456 1428 622 1478 etiam
653 1425 721 1481 de
755 1426 864 1490 his,
900 1435 957 1481 ut
979 1438 1036 1483 et
1065 1429 1313 1499 reliquis,
1344 1432 1664 1489 brevissime
1682 1435 2041 1492 disseramus.

538 1506 623 1569 15.
662 1515 946 1585 Homines,
981 1528 1041 1574 ut
1072 1535 1239 1590 supra
1284 1522 1547 1591 diximus,
1580 1525 1847 1582 humanas
1880 1527 2044 1584 idolis

461 1602 714 1666 victimas
745 1609 1125 1679 immolabant,
1170 1630 1275 1670 nec
1316 1617 1653 1688 alienigenas
1680 1629 1912 1685 tantum,
1944 1622 2040 1677 sed

460 1703 623 1755 rtiam
663 1705 1180 1772 prOprios'liberos.
1217 1706 1287 1762 Et
1325 1710 1793 1778 quemadmodum
1830 1713 2038 1784 lignum

460 1794 767 1850 tortuosum
820 1795 1086 1868 integram
1114 1808 1171 1853 et
1200 1799 1425 1855 nimiam
1477 1801 1825 1859 inﬂexionem
1871 1808 2042 1861 susti—

444 1895 594 1942 nere
622 1904 732 1942 non
766 1898 968 1960 potesr,
992 1893 1087 1946 sed
1116 1892 1260 1947 illud
1290 1895 1553 1964 pablatim
1578 1896 1865 1966 principio
1899 1899 2039 1952 arti-

448 1975 580 2034 .iicis
608 1991 728 2036 arte
759 1993 815 2037 et
854 1984 1272 2051 opportunitate
1314 1986 1386 2041 ab
1437 1987 1809 2058 inaequalitate
1857 1989 2042 2060 priore

443 2069 805 2135 -immutatur,
837 2070 1039 2127 deinde
1080 2076 1307 2129 omnino
1357 2078 1411 2130 in
1463 2088 1674 2133 rectum
1725 2081 2043 2136 extenditur

448 2161 562 2210 ceu
602 2160 788 2226 regula
822 2161 1048 2231 aliqua:
1092 2163 1166 2218 ita
1217 2167 1385 2221 etiam
1421 2169 1474 2221 in
1521 2169 1809 2225 sacrificiis
1837 2170 2041 2228 factum

444 2255 566 2302 est.
592 2246 886 2306 Concessit
918 2255 1067 2308 enim
1118 2256 1267 2311 Deus
1313 2259 1495 2327 primo
1526 2268 1713 2314 tauros
1744 2262 2041 2328 immolari,

458 2348 673 2417 oves-et
702 2342 907 2411 hircos,
943 2350 1003 2401 ut
1035 2347 1157 2403 illos
1211 2348 1281 2403 ab
1327 2349 1513 2419 impiis
1548 2352 1702 2407 hisce
1749 2353 2041 2409 hominum

458 2422 935 2489 itnmolationibus
965 2437 1285 2494 abduceret.
1315 2440 1456 2505 Quid
1493 2442 1644 2497 enim
1679 2443 1766 2498 bis
1797 2445 2043 2502 deterius

457 2526 513 2574 et
547 2520 836 2591 iniquius?
866 2518 994 2580 Haec
1041 2538 1220 2582 tamen
1262 2532 1541 2587 concessit
1572 2530 1835 2591 Deusout
1878 2537 2043 2605 paulo

460 2622 586 2680 post
618 2622 673 2667 et
703 2615 818 2683 ipsa
847 2616 1162 2685 abrogaret,
1199 2632 1253 2673 et
1294 2622 1548 2678 homines
1580 2624 1635 2679 in
1670 2627 1923 2682 notitiam
1957 2644 2045 2684 sa—

460 2699 744 2789 criﬁcandi
777 2705 993 2763 laudem
1022 2708 1335 2767 induceret.
1366 2713 1456 2768 Sic
1481 2715 1631 2771 enim
1662 2731 1762 2789 per
1783 2718 2043 2776 Davidem

460 2781 609 2849 littus
644 2797 864 2852 locutus
915 2807 1001 2854 est.
1027 2818 1039 2830 -
1078 2817 1097 2852 ι
1138 2801 1256 2857 Non
1293 2805 1589 2875 suscipiam
1636 2781 1701 2863 e'x
1744 2810 1907 2863 domo
1955 2820 2046 2866 tua

460 2876 687 2950 titulos,
717 2904 895 2958 neque
926 2890 995 2944 dc
1022 2894 1284 2963 gregibus
1313 2895 1424 2951 tuis
1444 2898 1702 2967 capellas.
1723 2899 2042 2958 Nuumdam

460 2977 747 3034 taurorum
791 2990 1007 3048 carnes,
1037 2995 1096 3040 et
1143 2986 1426 3042 hircorum
1454 2990 1781 3060 sanguinem
1821 2993 2046 3047 bibam?

459 3063 609 3122 Uil‘er
647 3069 756 3125 Deo
790 3074 1125 3130 sacriﬁcium
1158 3078 1337 3134 laudis
1376 3080 1452 3149 (id
1493 3090 1603 3144 est,
1635 3082 1897 3151 hymnum
1931 3086 2046 3140 oris

2144 804 2304 857 μενος
2334 788 2436 856 τὴν
2465 788 2595 858 περὶ
2622 787 2816 841 τούτου
2848 785 3130 857 ἀλήθειαν,
3160 786 3297 839 ἀλλὰ
3323 785 3419 838 καὶ
3451 784 3515 838 σὺ
3545 783 3727 846 αὑτός.

2142 878 2206 931 Εἰ
2236 876 2281 931 δ’
2307 878 2437 937 ἴσως
2467 876 2805 949 ἀμφιϐάλλει
2835 876 2916 929 ἔτι
2946 876 3041 929 καὶ
3075 871 3380 935 ὑποσκάζει
3412 876 3440 927 ὁ
3466 869 3730 942 λογισμός

2144 987 2239 1023 σου
2269 968 2456 1023 ἕνεκεν
2481 970 2588 1024 τῶν
2615 967 2819 1022 θυσιῶν
2845 967 2945 1036 τῆς
2977 969 3282 1037 περιτομῆς
3307 968 3406 1034 τῆς
3433 983 3491 1018 τε
3526 964 3728 1035 ἀργίας

2141 1059 2236 1114 τοῦ
2268 1058 2550 1114 Σαϐϐάτου
2583 1060 2676 1114 καὶ
2706 1060 2815 1113 τῶν
2841 1058 3147 1128 τροφίμων,
3179 1057 3332 1110 οὐδὲν
3362 1052 3430 1127 ἦν
3459 1055 3605 1117 εἰκὸς
3635 1072 3730 1124 γε-

2142 1151 2355 1214 νέσθαι,
2382 1151 2506 1203 ἐπεὶ
2540 1168 2605 1203 πε
2616 1150 2668 1220 pi
2692 1149 2803 1202 τῶν
2834 1149 3088 1219 μεγάλων
3116 1151 3212 1203 καὶ
3240 1146 3554 1216 ἀναγκαίων
3579 1145 3737 1200 εἵπο-

2146 1257 2247 1310 μεν
2277 1238 2616 1309 ἀρκούντως.
2643 1239 2835 1311 Ὅμως
2871 1242 2964 1294 καὶ
2998 1239 3128 1310 περ)⁵
3157 1239 3382 1306 τούτου,
3412 1239 3603 1310 ῶσπερ
3636 1239 3737 1293 καὶ

2128 1333 2274 1402 περὶ
2302 1330 2410 1385 τῶν
2443 1331 2641 1398 ἄλλων,
2670 1331 2759 1384 διὰ
2791 1330 3041 1402 βραχέων
3070 1329 3327 1402 ἐροῦμεν.

2217 1521 2306 1584 ιγ’.
2348 1516 2411 1568 Oi
2447 1513 2727 1585 ἂνθρωποι
2749 1554 2764 1577 ,
2801 1515 2874 1576 ώς
2910 1513 3220 1584 φθάσαντες
3253 1513 3484 1583 είπομεν
3517 1511 3734 1584 ἔμπροο

2148 1608 2303 1671 σθεν,
2343 1607 2662 1678 ἀνθρώπους
2704 1607 2864 1660 ἔθυον
2899 1608 3013 1671 τοῖς
3054 1607 3331 1670 εἰδώλοις,
3367 1606 3430 1660 οὐ
3480 1606 3639 1674 μόνον
3672 1604 3736 1658 δὲ
3803 1669 3819 1681 ,

2142 1698 2491 1769 ἀλλοτρίους,
2530 1697 2665 1752 ἀλλά
2699 1699 2794 1752 καὶ
2826 1699 2894 1751 τὰ
2926 1698 3093 1750 τέκνα
3130 1696 3336 1752 αὐτῶν.
3394 1697 3506 1750 K21
3542 1694 3737 1764 ὥσπερ

2146 1791 2304 1855 ξύλον
2341 1790 2492 1854 Λοξὸν
2531 1790 2737 1861 ἀθρόαν
2781 1790 3088 1859 μεταϐολὴν
3130 1789 3427 1858 ὑπομείναι
3468 1787 3531 1840 οὐ
3573 1787 3738 1840 δύνα⁸

2145 1900 2258 1946 ται,
2286 1883 2402 1935 ἀλλ’
2426 1885 2491 1936 ἐκ
2516 1880 2610 1936 τοῦ
2639 1882 2983 1952 καταμικρὸν
3010 1881 3149 1950 μετά
3173 1882 3363 1951 τέχνης
3397 1880 3491 1933 καὶ
3541 1883 3739 1948 ἐπιτη-

2146 1973 2420 2044 δειότητος
2448 1975 2480 2027 ὁ
2511 1973 2766 2043 τεχνίτης
2798 1973 3131 2029 ἀπαλλάττει
3168 1972 3268 2040 μὲν
3297 1971 3430 2024 αὑτὸ
3461 1971 3562 2040 τῆς
3602 1988 3739 2039 προ-

2146 2067 2312 2137 τέρας
2351 2066 2692 2136 ἀνισότητος,
2730 2064 2960 2135 ὕστερον
2994 2066 3051 2118 δὲ
3101 2063 3357 2117 τοσοῦτον
3399 2065 3553 2117 ποιεῖ
3602 2064 3739 2117 αὐτὸ

2144 2158 2326 2228 ὀρθὸν,
2362 2158 2505 2211 ὥστε
2545 2157 2639 2211 καὶ
2680 2160 2881 2211 κανόνα
2911 2159 3068 2211 τοῦτο
3111 2158 3277 2210 ποιεῖ.
3306 2154 3465 2208 Οὕτω
3498 2156 3592 2208 καὶ
3642 2155 3738 2207 ἐπὶ

2149 2251 2263 2304 τῶν
2288 2252 2512 2303 θυσιῶν.
2545 2249 2903 2320 Συνεχώρησε
2939 2248 3039 2318 μὲν
3067 2249 3334 2317 πρότερον
3362 2248 3391 2301 ὁ
3422 2247 3551 2309 Θεὸς
3585 2245 3736 2299 θύειν

2150 2343 2282 2411 βόας
2338 2340 2432 2394 καὶ
2476 2339 2731 2411 πρόϐατα
2774 2339 2870 2393 καὶ
2916 2340 3193 2411 τράγους,
3241 2338 3390 2400 ὅπως
3448 2335 3737 2405 ἀπαλλάξῃ

2148 2436 2347 2497 αὐτοὺς
2374 2435 2473 2503 τῆς
2495 2431 2727 2496 ἀσεϐοῦς
2757 2433 2853 2486 καὶ
2882 2432 3257 2502 ἀπανθρώπου
3295 2430 3507 2492 θυσίας.
3540 2429 3592 2481 τί
3623 2429 3739 2498 γὰρ

2148 2525 2343 2577 τούτου
2377 2523 2656 2594 χείριστον
2680 2540 2743 2577 τε
2778 2525 2873 2578 καὶ
2905 2510 3240 2577 ἀδικώτατον
3267 2540 3281 2588 ;
3312 2522 3461 2591 ὅμως
3493 2519 3737 2589 συνεχώ-

2152 2630 2283 2684 ρησε
2310 2613 2473 2667 τοῦτο
2506 2617 2533 2666 ὀ
2560 2613 2714 2680 Θεὸς,
2745 2614 2833 2667 διὰ
2861 2614 2921 2667 τὸ
2949 2614 3034 2667 ἵνα
3054 2614 3127 2677 ὡς
3155 2616 3214 2667 ἐν
3235 2613 3402 2683 ὀλίγῳ
3432 2611 3614 2681 παύσῃ
3640 2612 3739 2664 καὶ

2149 2708 2309 2771 αὐτὰ,
2345 2709 2441 2762 καὶ
2460 2705 2608 2778 δώσῃ
2630 2707 2743 2766 τοῖς
2770 2705 3083 2776 ἀνθρώποις
3107 2705 3311 2773 γνῶσιν
3342 2704 3438 2757 τοῦ
3470 2704 3618 2767 θύειν
3641 2702 3738 2755 θυ-

2150 2797 2272 2851 σίαν
2295 2798 2575 2860 αἰνέσεως.
2611 2794 2768 2850 Οὕτω
2801 2794 2908 2866 γὰρ
2934 2790 3021 2848 διὰ
3051 2794 3146 2847 τοῦ
3175 2793 3342 2847 Δαϐὶδ
3373 2795 3401 2845 ὀ
3426 2793 3556 2855 Θεὸς
3582 2793 3739 2861 εἰρή-

2148 2906 2273 2944 κεν·
2319 2908 2339 2942 ι
2369 2890 2445 2943 Οὐ
2477 2887 2700 2957 δέξομαι
2744 2888 2810 2941 ὲκ
2843 2885 2940 2941 τοῦ
2971 2885 3123 2939 οἴκου
3175 2901 3269 2939 σου
3306 2884 3563 2955 μοσχους,
3613 2882 3737 2936 οἰδὲ
3782 2961 3797 2966 ⁶

2148 2981 2213 3032 ὲκ
2239 2977 2347 3032 τῶν
2393 2977 2665 3041 ποιμνίων
2700 2992 2797 3029 σου
2829 2976 3122 3047 χιμάρους.
3157 2974 3249 3045 Μὴ
3296 2973 3543 3043 φάξιομαι
3594 2973 3738 3042 κρέα

2147 3071 2370 3141 ταύρων
2403 3069 2437 3142 ἢ
2468 3063 2608 3140 αἷμα
2633 3067 2854 3138 τράγων
2888 3067 3126 3137 attonat;
3161 3064 3337 3119 Θῦσον
3369 3063 3446 3134 τῷ
3478 3062 3596 3133 Θεῷ
3633 3062 3738 3114 θυ-

462 3161 539 3214 tui
571 3176 693 3216 cum
729 3164 947 3220 sincero
977 3178 1032 3222 et
1068 3178 1223 3225 recto
1255 3172 1471 3241 corde),
1502 3182 1558 3227 et
1603 3175 1776 3229 redde
1813 3175 2040 3230 Domino

2153 3156 2279 3216 σίαν
2320 3162 2600 3225 αἰνέσεως,
2645 3161 2930 3213 τουτέστιν
2968 3156 3141 3228 ῦμνον
3172 3160 3236 3210 ὲκ
3272 3156 3542 3225 στόματος
3590 3154 3741 3223 μετᾶ

460 3258 585 3306 tota
618 3266 730 3319 tua,
758 3266 812 3313 et
845 3259 1037 3315 invoca
1072 3277 1157 3316 me
1178 3263 1230 3316 in
1276 3264 1366 3319 die
1399 3266 1778 3325 tribulationis
1812 3279 1945 3331 tum,
1981 3279 2038 3323 et

456 3346 689 3432 eripiam
721 3355 793 3414 te,
825 3360 881 3405 et
907 3351 1246 3421 gloriﬁcabis
1275 3370 1360 3409 me
1386 3356 1457 3413 ⁸⁷.
1485 3376 1502 3408 ι
1535 3358 1605 3414 Et
1638 3359 1757 3415 haec
1780 3370 2038 3432 tanquam

461 3431 566 3484 sub
604 3433 700 3486 Dei
735 3450 968 3501 persona
1000 3439 1162 3505 dixit,
1195 3445 1500 3499 aversantis
1532 3446 1849 3503 animalium
1884 3431 2043 3506 victi-

422 3512 619 3574 duas,
669 3522 774 3576 Per
833 3527 1074 3595 scipsum
1135 3539 1318 3586 autem
1371 3534 1440 3588 ad
1485 3535 1655 3591 Deum
1713 3539 1794 3594 sic
1858 3541 2037 3598 dixit:

468 3624 485 3659 ι
512 3610 805 3676 Quoniam,
832 3617 874 3670 si
906 3617 1173 3675 voluisses
1208 3623 1559 3691 sacriﬁcium,
1591 3628 1865 3686 dedissem
1901 3632 2036 3699 tibi;

464 3694 782 3758 holocausta
808 3719 917 3760 non
947 3708 1298 3778 comprobes.
1326 3712 1666 3770 Sacriﬁcium
1690 3716 1801 3772 Deo
1813 3719 2042 3787 spiritus

460 3796 768 3861 t-oulrittts;
799 3811 894 3851 cor
932 3802 1230 3858 contritum
1273 3814 1331 3860 et
1380 3807 1730 3865 humiliatum
1774 3809 2043 3868 Dominus

463 3886 572 3940 non
624 3888 893 3958 despiciet
921 3890 1054 3948 ".‘t
1093 3896 1283 3953 \‘iden’
1313 3903 1595 3971 quomodo
1641 3903 1695 3956 in
1747 3905 1897 3958 omni
1948 3920 2044 3959 ue-

340 4028 347 4036 ,
456 3980 610 4047 gotio
649 3996 679 4034 a
726 3998 944 4039 summo
988 3987 1055 4040 ad
1093 3987 1341 4045 infimum
1407 3995 1625 4049 tandem
1653 3996 1936 4063 prapheta:
1966 3997 2045 4052 lo-

463 4070 576 4123 cuti
605 4070 758 4125 sint?
786 4073 843 4129 Si
875 4076 1044 4145 igitur
1074 4078 1142 4134 de
1164 4082 1453 4138 sacriﬁciis
1485 4084 1730 4139 dilucide
1760 4085 2040 4154 dixerunt,

462 4164 608 4229 quod
644 4162 754 4217 Deo
788 4181 894 4221 non
935 4179 1089 4239 grata
1117 4172 1251 4240 sint;
1287 4174 1381 4229 sed
1407 4184 1761 4244 temporuuea
1792 4178 2041 4247 quaedam

462 4256 767 4322 Concessio,
789 4257 900 4324 jam
928 4270 1052 4329 post
1077 4263 1326 4320 inutilem
1354 4266 1674 4322 animalium
1705 4269 2039 4326 oblationem

463 4345 810 4401 sacriﬁcatur
841 4359 897 4405 et
925 4362 1180 4409 cantatur
1214 4372 1314 4426 per
1342 4371 1406 4411 os
1443 4366 1499 4413 et
1535 4358 1675 4415 labia
1700 4375 1771 4415 ex
1822 4377 1962 4433 puro
1985 4370 2044 4417 et

463 4443 683 4518 tenuero
707 4441 896 4509 corde,
932 4446 1080 4514 quod
1110 4459 1168 4501 et
1214 4448 1416 4502 factum
1464 4462 1570 4506 est.
1603 4451 1708 4518 Qui
1738 4455 1885 4509 enim
1912 4464 2039 4509 ante

2151 3254 2478 3325 εἰλικρινοῦς
2537 3254 2631 3306 καὶ
2676 3250 2891 3313 εὐθείας
2941 3251 3201 3320 καρδίας·
3244 3248 3338 3301 καὶ
3408 3246 3607 3307 ἀπόδος
3654 3244 3769 3331 τῷ.

2129 3347 2336 3416 -Κυρίῳ
2365 3347 2461 3408 τὰς
2488 3344 2656 3413 εὐχάς
2686 3359 2809 3405 σου,
2842 3348 2939 3396 καὶ
2977 3339 3306 3394 ὲπικάλεσαί
3343 3352 3411 3408 με
3459 3340 3515 3390 ἐν
3545 3338 3737 3406 ἡμέρᾳ

2143 3437 2374 3507 θλίψεώς
2394 3447 2510 3501 σου,
2537 3438 2631 3488 καὶ
2656 3433 2944 3505 ἐξελοῦμαί
2963 3451 3044 3499 σε,
3061 3433 3413 3499 καὶδοξάσεις
3432 3448 3522 3501 με.
3552 3449 3570 3483 ι
3623 3431 3738 3483 Καὶ

2142 3528 2301 3583 τοῦτο
2329 3527 2549 3596 εἴρηκεν
2579 3527 2652 3590 ὡς
2684 3527 2747 3579 ὲκ
2778 3526 3071 3596 προσώπου
3090 3522 3180 3577 τοῦ
3206 3522 3364 3586 Θεοῦ,
3396 3525 3740 3590 ἀποστρεφο-

2146 3620 2311 3688 μένου
2343 3620 2440 3681 τάς
2467 3617 2657 3682 θυσίας
2684 3618 2792 3670 τῶν
2825 3616 3001 3682 ζώων.
3064 3614 3192 3685 Ἀφ’
3234 3615 3431 3670 ἑαυτοῦ
3490 3615 3547 3667 δὲ
3578 3614 3737 3682 λέγει

2143 3711 2285 3767 οὕτω
2315 3712 2449 3782 πρὸς
2474 3710 2566 3765 τὸν
2582 3711 2734 3776 Θεὸν,
2753 3709 2836 3763 ὅτι
2872 3728 2891 3762 ι
2919 3709 2980 3762 Εἰ
3007 3710 3282 3779 ἠθέλησας
3312 3708 3521 3770 θυσίαν,
3553 3706 3737 3760 ἔδωκα

2143 3805 2211 3858 ἄν
2230 3820 2312 3856 σοι
2337 3819 2352 3833 ο
2370 3800 2805 3872 ρλοκαυτώματα
2825 3801 2927 3854 οὐκ
2947 3801 3286 3870 εὐδοκήσεις.
3311 3798 3486 3851 Θυσίο.
3508 3797 3584 3865 τῷ
3609 3796 3735 3866 Θεῷ

2146 3867 2381 3964 πνεῦμα,
2426 3894 2912 3963 συντετριμμένον·
2978 3892 3205 3964 καρδίαν
3263 3890 3733 3960 συντετριμμένην

2148 3992 2241 4042 καὶ
2295 3986 2777 4056 τεταπεινωμένην
2843 3987 2872 4039 ὸ
2936 3985 3068 4048 Θεὸς
3123 3984 3225 4036 οὐκ
3272 3981 3662 4048 ὲξουδενώσιι.
3701 3999 3719 4032 ι

2132 4080 2375 4143 ,Βλέπεις
2412 4079 2526 4139 πῶς
2572 4080 2666 4131 ἐπὶ
2711 4079 2914 4142 παντὸς
2963 4078 3315 4149 πράγματος,
3364 4075 3473 4128 ἀπὸ
3505 4074 3597 4127 τοῦ
3628 4091 3730 4141 με·-

2147 4171 2459 4240 γαλωτέρου
2497 4169 2602 4230 ἕως
2637 4168 2731 4221 τοῦ
2767 4171 3096 4241 μικροτέρου
3128 4168 3397 4236 ἐλάλησαν
3427 4167 3476 4219 oi
3517 4166 3733 4234 προεῆ·

2144 4282 2235 4318 ται
2263 4280 2278 4330 ;
2329 4263 2458 4317 ’1δοῦ
2490 4261 2620 4330 γοῦν
2648 4263 2742 4314 καί
2771 4263 2901 4330 περὶ
2928 4261 3035 4313 τῶν
3061 4260 3261 4314 θυσιῶν
3289 4257 3535 4330 φανερῶς
3570 4254 3730 4311 εἷπον

2145 4358 2230 4411 ὅτι
2260 4358 2361 4409 οὐκ
2408 4356 2523 4408 ἐστι
2560 4355 2719 4408 τοῦτο
2750 4354 2995 4424 ἀποδοχὴ
3030 4351 3190 4413 Θεοῦ,
3232 4353 3368 4408 ἀλλά
3391 4354 3733 4424 πρόσκαιρος

2148 4444 2577 4515 συγκατάϐσσις.
2609 4443 2766 4498 Μετά
2791 4442 2848 4497 δὲ
2878 4447 3053 4496 ταῦτα
3080 4443 3185 4514 τῆς
3210 4444 3322 4496 τῶν
3352 4441 3508 4508 ζώων
3535 4442 3731 4506 θυσίας

460 4515 789 4594 ίοιυίοιυιταξ,
819 4537 1036 4605 tyranni
1063 4546 1119 4592 et
1151 4552 1209 4606 pr.
1224 4551 1535 4597 rsccutorcs
1561 4542 1764 4607 Christi
1797 4549 2035 4613 fuerant,

2145 4540 2335 4608 ἀργία.
2362 4537 2688 4603 Θυσιάζεται
2733 4535 2790 4588 δὲ
2819 4538 2915 4591 καὶ
2946 4535 3197 4605 ὑμνεῖται
3220 4535 3309 4588 διὰ
3339 4535 3606 4605 στόματος
3632 4535 3728 4587 καὶ

460 4619 556 4686 Qui
588 4619 871 4678 Christum
919 4626 1222 4695 ignominia
1272 4629 1592 4698 all'eccrant,
1627 4636 1880 4690 conversi
1911 4635 2042 4690 doc.

462 4723 613 4767 tores
649 4721 709 4767 et
743 4730 1026 4784 praecones
1056 4719 1210 4774 orbis
1249 4720 1376 4775 facti
1400 4731 1563 4790 nunt,
1595 4735 1651 4778 et
1689 4740 1788 4793 pro
1818 4729 2043 4781 nomine

461 4804 666 4861 tiliristi
711 4808 1121 4871 occubuerunt,
1175 4798 1389 4880 seipsos
1437 4825 1807 4885 proponentes
1838 4798 2044 4872 furinu-

461 4885 571 4950 iam
602 4913 794 4952 eorum
820 4900 915 4968 qui
947 4901 1001 4954 in
1030 4899 1313 4957 Christum
1341 4905 1596 4969 credunt,
1624 4915 1683 4958 ut
1705 4906 1912 4960 dictum
1936 4915 2037 4961 νει.

468 4985 545 5040 De
575 4989 1001 5047 circumcisione
1041 5000 1226 5047 autem
1256 4994 1536 5064 copiosius
1569 4998 1621 5050 in
1661 4998 2041 5066 superioribus

464 5076 727 5133 diximus.
777 5080 1166 5137 Verumtamen
1221 5085 1386 5140 etiam
1436 5101 1585 5142 nunc
1645 5088 1727 5142 sic
1781 5090 2038 5144 dicimus.

463 5162 829 5225 C.rcumcisio
886 5174 1071 5227 cordis
1117 5183 1200 5229 ost
1255 5176 1627 5242 circumcisio,
1664 5195 1773 5234 non
1826 5182 2036 5238 carnis.

464 5260 878 5316 Abundantium
947 5268 1093 5320 enim
1152 5269 1337 5324 cordis
1389 5270 1784 5328 circumcidere
1837 5274 2040 5329 debent

460 5352 691 5422 singuli,
729 5370 837 5408 non
868 5359 1075 5412 carnis.
1118 5360 1470 5416 Abundantia
1500 5365 1649 5416 cnim
1696 5366 1882 5421 cordis
1914 5382 2040 5437 peci-

460 5452 649 5497 ‘catum
707 5455 823 5505 est,
883 5450 1030 5516 quod
1095 5454 1411 5508 conciliavit
1451 5454 1704 5511 diabolus
1758 5467 1816 5512 et
1872 5461 2038 5516 homo

462 5544 690 5600 propter
743 5536 1076 5607 voluptates.
1133 5542 1289 5609 Quod
1325 5560 1458 5601 vero
1509 5547 1656 5602 Deus
1700 5549 1753 5603 in
1814 5550 2039 5608 homine

462 5619 615 5687 lccil,
647 5640 760 5681 non
788 5640 874 5685 est
913 5649 1409 5702 supervacaneum,
1445 5637 1720 5708 integrum
1753 5641 1899 5696 enim
1932 5651 2037 5710 cst,

451 5874 456 5878 ι
533 5796 579 5835 ⁸*
610 5800 754 5864 Pam.
779 5818 920 5880 xm,
960 5812 1013 5881 θ,
1050 5812 1231 5873 15-15.
1309 5814 1357 5852 ⁸⁸
1387 5817 1532 5876 Psai.
1565 5827 1615 5885 L,
1644 5818 1728 5887 18,
1770 5812 1855 5876 i9.

2147 4632 2390 4701 χειλέων,
2420 4636 2482 4683 ἐκ
2515 4630 2764 4701 καθαρᾶς
2797 4630 2892 4683 καὶ
2930 4628 3258 4699 εἰλικρινοῦς
3291 4626 3543 4698 καρδίας,
3573 4625 3602 4679 ὃ
3635 4628 3732 4680 καὶ

2146 4728 2391 4793 γέγονεν.
2424 4725 2486 4776 Οἰ
2538 4721 2731 4792 πρώην
2758 4720 3167 4791 εἰδωλολάτραι,
3208 4721 3258 4773 οἰ
3303 4717 3497 4790 πρώην
3531 4718 3731 4788 τύραν-

2146 4831 2227 4869 νοι
2259 4816 2353 4870 καί
2379 4814 2611 4868 διῶκται
2639 4815 2748 4867 τῶν
2775 4812 3142 4884 Χριστιανῶν,
3189 4814 3239 4866 οἰ
3273 4808 3590 4883 ὑϐρίζοντες
3636 4811 3729 4864 τὸν

2146 4906 2406 4976 Χριστὸν.
2444 4903 3058 4974 στραφέντες¹⁷εγένοντο
3089 4904 3330 4975 κήρυκες
3356 4905 3451 4957 καὶ
3474 4902 3729 4955 διδάσκα-

2146 4999 2230 5052 λοι
2258 4999 2357 5066 τῆς
2388 4998 2739 5067 οἰκουμένης,
2782 4998 2873 5050 καὶ
2909 4995 3183 5051 ἀπέθανον
3214 4996 3353 5066 ὑπὲρ
3400 4994 3496 5048 τοῦ
3527 4995 3729 5064 ὀνόμα-

2144 5107 2236 5149 τος
2264 5088 2361 5142 τοῦ
2393 5087 2653 5158 Χριστοῦ,
2688 5086 2783 5140 καὶ
2815 5088 3158 5154 κατέστησαν
3199 5088 3424 5149 ἑαυτοὺς
3456 5084 3599 5140 εἶναι
3628 5086 3724 5140 sti-

2148 5194 2249 5237 πον
2278 5186 2376 5238 καὶ
2400 5183 2598 5236 κανόνα
2627 5182 2737 5236 τῶν
2785 5183 2867 5244 είς
2897 5183 2988 5236 τὸν
3038 5182 3245 5252 Κύριον
3292 5184 3723 5246 πιστευσάντων,

2145 5275 2221 5339 ὡς
2269 5276 2516 5345 εἴπομεν.
2547 5275 2686 5345 Περὶ
2725 5274 2781 5327 δὲ
2829 5274 2928 5344 τῆς
2964 5279 3267 5345 περιτομῆς
3298 5274 3724 5344 πλατυκὼτερον

2146 5369 2204 5422 ἐν
2252 5362 2364 5429 τοῖς
2392 5366 2704 5437 ἔμπροσθεν
2749 5366 3000 5435 εἴπομεν.
3040 5368 3229 5437 Ὅμως
3275 5368 3453 5421 δὲκαὶ
3487 5368 3629 5421 κατά
3661 5366 3721 5419 τὸ

2146 5459 2319 5528 παρὸν
2350 5458 2493 5511 οὕτω
2526 5457 2776 5526 λέγομεν,
2812 5459 2894 5512 ὅτι
2924 5456 3196 5528 περιτομὴ
3226 5459 3450 5528 καρδίας
3480 5456 3598 5512 ἐπεὶ
3627 5473 3721 5509 πε-

2149 5550 2369 5622 ριτομὴ,
2406 5550 2523 5620 οὐχὶ
2566 5550 2625 5607 δὲ
2652 5554 2751 5621 τῆς
2781 5553 3007 5623 σαρκός.
3059 5552 3135 5604 Τὸ
3163 5554 3273 5622 γὰρ
3317 5550 3577 5621 περισσὸν
3623 5550 3718 5613 τῆς

2148 5642 2372 5713 καρδίας
2431 5645 2669 5715 Quarti
2712 5644 2819 5707 πᾶς
2865 5643 3150 5713 ἄνθρωπος
3205 5640 3569 5714 περιτέμνειν,
3604 5638 3719 5696 ἀλλ’
