4058 6456
356 411 460 476 5’“Ι

1313 410 1613 472 comm
1658 405 2152 468 ΜΛΗΟΜΕΤΕΜ
2185 382 2580 470 Αιδοιοδιρ(
2613 409 2690 470 1v

3522 412 3628 476 5'78

350 537 446 576 νου
482 522 545 576 σὺ
575 521 744 586 τύπος
775 521 873 577 τοῦ
902 525 1068 596 νόμου
1095 543 1110 592 ;
1146 526 1240 580 καὶ
1271 522 1464 594 ὥσπερ
1505 525 1570 576 σὺ
1602 521 1735 588 πρὸς
1765 520 1944 586 eum

2053 520 2272 574 modum
2303 537 2396 590 qm
2448 523 2610 576 modo
2653 521 2973 592 apparuisti,
3024 523 3224 579 dein'e
3276 521 3632 578 absconditus

349 613 584 684 ἐφάνης,
618 611 741 668 εἶτα
789 617 1051 688 ὲκρύϐης,
1088 619 1185 670 καὶ
1225 617 1254 668 ὁ
1285 615 1512 670 ὗπισθεν
1551 613 1940 682 εὑρισκόμενος

351 705 578 775 ἀδελφὸς
601 707 911 779 ἔμπροσθέν
933 696 1027 762 σου
1057 710 1292 776 ἐγένετο,
1319 707 1460 761 οὕτω
1481 705 1578 760 καὶ
1597 707 1626 759 ὁ
1655 704 1932 775 φραγμδς,

351 797 524 866 ἤγουν
550 799 578 850 ὁ
611 797 776 865 νόμος
807 800 835 852 ὁ
875 798 1192 870 ἔμπροσθεν
1231 798 1631 869 φανησόμενος,
1676 797 1794 866 μετ’
1827 795 1938 848 ὀλί-

353 903 450 955 γον
479 885 703 941 όπισθεν
728 889 1070 960 εὑρίσκεται.
1092 891 1152 944 ’0
1185 890 1244 943 δὲ
1269 889 1364 943 τοῦ
1391 887 1728 958 Εὐαγγελίου
1755 887 1937 958 νόμος,

352 979 382 1032 ὁ
429 977 655 1034 ὄπισθεν
689 982 1004 1052 ἐρχόμενος,
1059 982 1370 1054 ἔμπροσθεν
1413 982 1584 1036 αὑτοῦ
1623 979 1935 1051 γενήσεται.

357 1069 532 1144 Πόθεν
558 1070 692 1138 γοῦν
719 1071 1032 1143 διδαχθεῖσα
1055 1077 1088 1145 ἡ
1121 1077 1278 1143 μαῖα,
1307 1072 1479 1126 ταῦτα
1504 1071 1768 1142 ὲλάλησες
1799 1071 1940 1124 Πᾶν-

353 1179 461 1226 τως
482 1163 546 1216 ὲκ
567 1162 718 1227 θείας
735 1165 1020 1235 δυνάμεως
1045 1168 1218 1220 ταῦτα
1240 1169 1639 1236 προεφήτευσε,
1665 1167 1756 1218 καὶ
1781 1165 1814 1234 ἡ
1851 1163 1939 1216 διὰ.

353 1254 466 1308 τῶν
510 1257 806 1328 προφητῶν
837 1257 1124 1330 λαλήσασα
1165 1259 1261 1312 τοῦ
1307 1257 1444 1312 Θεοῦ
1471 1257 1720 1327 δύναμις,
1755 1255 1936 1327 ἐκείνη

255 1383 270 1395 .
353 1345 584 1414 ἐλάλησε
607 1347 699 1400 καὶ
720 1347 808 1401 διὰ
837 1349 1104 1418 στόματος
1127 1350 1226 1419 τῆς
1247 1349 1506 1417 γυναικὸς
1540 1348 1776 1416 ἐκείνης.
1815 1349 1936 1400 ΙΊζτι

352 1439 407 1494 δὲ
438 1441 762 1514 τρανότερον
789 1443 882 1497 καὶ
909 1443 1296 1518 καθαρώτερον
1321 1445 1406 1500 διά
1431 1445 1524 1500 τοῦ
1566 1445 1835 1516 Ἱερεμίου
1861 1445 1937 1498 εἰ·

355 1551 456 1588 πεν
483 1535 512 1588 ὁ
549 1535 702 1601 Θεὸς,
739 1538 820 1590 ὅτι
853 1556 872 1588 ι
922 1537 1055 1592 Ἰδοὺ
1091 1538 1299 1608 ἡμέραι
1333 1539 1606 1610 ἔρχονται,
1642 1538 1790 1606 λέγει
1823 1538 1935 1590 Κύ-

357 1641 494 1696 ριος,
514 1627 610 1680 καὶ
629 1627 932 1680 συντελέσω
953 1629 1044 1681 ἐπὶ
1061 1623 1314 1698 τὸνσοῒκον
1346 1628 1588 1702 Ἰσραὴλ,
1608 1628 1700 1683 καὶ
1723 1631 1812 1682 ἐπὶ
1839 1630 1931 1682 τὸν

245 1763 252 1772 .
351 1711 502 1771 οἷκον
547 1717 716 1771 Ἰούδα
744 1719 1010 1790 διαθήκην
1051 1723 1267 1792 καινὴν,
1305 1740 1326 1773 ι
1357 1720 1432 1787 ὡς
1463 1723 1677 1792 εἴρηται
1716 1722 1774 1772 ἐν
1823 1721 1932 1784 τοῖς

351 1806 685 1880 ἔμπροσθεν.
742 1812 972 1876 Βλέπεις
1045 1813 1166 1878 πῶς
1213 1815 1307 1868 καὶ
1348 1814 1436 1869 διὰ
1481 1815 1667 1868 τύπων
1719 1813 1812 1866 καὶ
1846 1814 1932 1866 διὰ

2045 625 2124 676 es,
2155 620 2210 664 et
2245 611 2414 666 frater
2459 614 2556 684 qui
2588 615 2862 684 posterior
2911 626 2961 670 te
3001 625 3140 682 erat,
3176 616 3324 687 prior
3355 615 3408 668 in
3450 613 3631 668 lucem

2041 707 2224 760 editus
2273 715 2380 775 est,
2439 708 2520 764 sic
2579 709 2745 763 etiam
2801 720 3040 779 septum.
3083 711 3172 765 lex
3233 709 3463 773 scilicet,
3507 724 3635 776 qu:e

2043 799 2219 868 prima
2275 817 2394 855 esse
2429 801 2732 872 apparebit.
2769 803 2930 872 paulo
2979 812 3098 872 post
3155 802 3495 872 posteriores
3536 800 3636 852 ha-

2043 891 2192 946 bebit
2247 902 2450 962 partes.
2496 892 2607 948 Lex
2655 909 2788 947 vero
2851 894 3301 964 liv:rn;.-eili,qum
3357 903 3636 959 postremo

2047 995 2282 1040 ventura
2315 995 2420 1050 est,
2453 996 2580 1040 ante
2615 986 2756 1040 hanc
2785 996 3096 1042 enascetur.
3131 987 3418 1042 Undenam
3455 987 3638 1040 0ble-

2044 1079 2148 1132 lrix
2202 1078 2394 1132 edocta
2435 1077 2552 1134 hazc
2605 1078 2782 1132 dixit?
2841 1079 3032 1134 Divina
3079 1090 3225 1136 certe
3282 1079 3485 1133 virtute
3524 1080 3638 1132 lnec

2041 1169 2340 1224 vaticinata
2375 1179 2496 1232 est,
2534 1178 2592 1224 et
2624 1186 2746 1240 ane
2796 1187 2890 1239 per
2928 1171 3226 1242 prOphctas
3269 1172 3514 1242 lvqu~tur
3544 1170 3636 1223 [rei

2039 1259 2237 1327 virtus,
2275 1277 2375 1331 per
2407 1277 2468 1317 os
2507 1262 2672 1316 etiam
2721 1263 2970 1318 mulieris
3018 1265 3199 1317 locuta
3248 1271 3352 1317 est.
3407 1262 3638 1316 Planius

2043 1361 2224 1406 tamen
2281 1353 2462 1408 adhuc
2503 1363 2558 1408 et
2635 1353 2932 1409 dilucidius
2995 1370 3094 1424 per
3153 1353 3446 1410 Jeremiam
3498 1352 3638 1406 dixit

2038 1443 2182 1498 Deus
2218 1461 2231 1496 :
2268 1463 2286 1495 ι
2327 1443 2466 1500 Ecce
2497 1445 2614 1501 dies
2643 1446 2889 1510 veniunt,
2925 1445 3059 1500 dicit
3103 1446 3388 1510 [loiniuus,
3421 1453 3474 1500 et
3507 1459 3639 1498 con-

2037 1533 2260 1588 stituam
2290 1549 2456 1604 super
2477 1535 2702 1590 domum
2734 1535 2896 1590 Israel
2922 1547 2978 1590 et
3011 1551 3184 1606 super
3219 1536 3443 1590 domum
3477 1535 3636 1590 Judae

2039 1621 2218 1682 {tellus
2275 1643 2504 1694 novum,
2561 1647 2580 1680 ι
2635 1635 2770 1693 etc.,
2828 1637 2887 1682 ut
2943 1630 3201 1699 superius
3257 1628 3466 1684 dictum
3525 1639 3633 1684 est.

2037 1718 2236 1774 Vident
2283 1720 2561 1790 quomodo
2607 1735 2706 1790 per
2755 1719 2954 1791 ﬁguras
2999 1733 3054 1775 et
3105 1721 3424 1791 prophetias
3457 1720 3636 1774 mani-

2038 1811 2178 1865 feste
2209 1821 2263 1866 et
2313 1813 2471 1867 clare
2516 1813 2661 1866 Deus
2688 1812 2862 1882 legem
2900 1811 3358 1867 demoeraverit
3404 1812 3640 1866 otiosam

351 1903 704 1972 προφητειῶν
723 1905 975 1976 φανερῶς
1008 1905 1100 1959 καὶ
1127 1907 1384 1978 καθαρῶς
1412 1907 1612 1973 ἔδειξεν
1639 1911 1666 1962 ὁ
1691 1907 1823 1970 Θεὸς
1845 1907 1938 1960 τον

2053 1898 2270 1968 quidem
2323 1917 2463 1964 esse.
2533 1910 2589 1956 et
2643 1903 3054 1972 imperfectam;
3099 1903 3455 1974 Evangelium
3507 1921 3640 1960 vero

355 1992 523 2061 νόμον
571 1994 743 2062 ἀργὸν
785 1995 884 2064 μὲν
911 1994 1052 2052 εἶναι
1089 1999 1166 2065 ὡς
1205 2001 1392 2072 ἀτελῆ,
1426 2002 1488 2056 τὸ
1515 2001 1572 2056 δὲ
1602 2002 1938 2070 Εὑαγγέλιον

357 2087 602 2156 ὶνεργδν,
621 2087 708 2141 διὰ
724 2089 783 2142 τὸ
809 2086 952 2146 εἶναι
1007 2091 1140 2146 αὐτὸ
1159 2092 1368 2146 τέλειον
1384 2109 1400 2158 ;
1419 2093 1610 2162 Ὅμως
1635 2093 1684 2146 oi
1713 2093 1940 2155 τάλανες

357 2178 452 2232 καὶ
473 2179 849 2248 ἐσκοτωμένοι
885 2181 1129 2236 Ἰουδαῖοι
1159 2183 1281 2236 οὐδὲ
1311 2183 1404 2237 τὸν
1434 2182 1598 2254 ἀτελῆ
1628 2186 1716 2236 καὶ
1750 2184 1944 2236 ἀδύνα-

354 2284 452 2322 τον
506 2267 672 2341 νόμον
715 2271 1099 2342 φυλάττουσιν,
1153 2260 1292 2329 ἀλλά
1335 2275 1768 2345 προηγουμένως
1818 2275 1940 2328 κ..θ’

361 2362 575 2432 ἡμέραν
611 2363 963 2434 εὑρίσκονται
1015 2365 1490 2439 παρανομοῦντες.
1525 2367 1598 2422 Οὐ
1646 2366 1941 2437 κατηγορῶ

373 2454 548 2508 αὐτῶν
576 2457 706 2527 περὶ
737 2457 1046 2529 ἁμαρτιῶν,
1066 2461 1150 2523 τίς
1173 2461 1284 2530 γάρ
1313 2461 1462 2513 ἐστιν
1486 2461 1514 2514 ό
1534 2460 1836 2528 δυνάμενος
1869 2460 1944 2529 μὴ

375 2544 667 2616 ἀμαρτείν;
707 2549 846 2603 ἀλλά
885 2553 1012 2622 περὶ
1059 2553 1153 2605 τοῦ
1193 2553 1360 2622 νόμου
1398 2553 1542 2620 λέγω
1569 2552 1655 2606 ὅτι
1708 2569 1950 2621 παρανο-

372 2637 595 2710 μοῦντὲς
640 2643 802 2696 εἰσιν.
855 2641 1018 2698 Ἀλλὰ
1057 2645 1176 2698 καί
1201 2645 1356 2698 αὐτοὶ
1387 2645 1606 2710 ἐκεῖνοι,
1640 2647 1798 2716 εἴπερ
1851 2645 1945 2696 καὶ

365 2729 643 2799 βούλονται
671 2735 850 2786 ποιεῖν
880 2735 946 2788 τὰ
971 2735 1066 2789 τοῦ
1090 2737 1282 2806 νόμου,
1308 2737 1368 2790 οὐ
1393 2735 1673 2792 δύνανται.
1698 2735 1802 2790 Καὶ
1823 2735 1948 2788 σκό-

364 2838 456 2874 πει
484 2823 628 2888 ὅπως
655 2825 685 2878 ό
711 2825 843 2889 Θεὺς
877 2827 1033 2892 ἔταξε
1067 2831 1164 2882 καὶ
1195 2829 1440 2900 ἀφώρισε
1469 2829 1539 2882 τὰ
1591 2827 1944 2900 Ἱεροσόλυμα

363 2912 506 2970 εἶναι
539 2918 874 2990 μητρόπολιν
902 2920 1092 2974 πασῶν
1125 2920 1235 2975 τῶν
1261 2920 1492 2983 πόλεων,
1528 2912 1603 2974 ὧν
1639 2915 1752 2988 εἶχε
1777 2919 1836 2972 τὸ
1859 2919 1948 2984 γέ-

363 3027 455 3074 νος
494 3010 602 3064 τῶν
639 3012 927 3084 Ἐϐραίων.
963 3013 1072 3066 Καὶ
1105 3014 1284 3066 ἐκεῖσε
1312 3011 1462 3074 ἐντὸς
1488 3011 1704 3065 ἔκτισεν
1735 3013 1762 3064 ὁ
1785 3011 1945 3066 Σολο-

369 3101 492 3173 μῶν
521 3103 611 3157 τὸν
632 3104 780 3171 ναὸν,
810 3107 904 3158 καὶ
934 3105 1126 3172 ἔταξεν
1153 3106 1180 3158 ὁ
1210 3105 1366 3170 Θεὸς,
1401 3105 1488 3158 ἵνα
1519 3104 1666 3165 ἐντὸ,
1691 3102 1786 3156 τοῦ
1815 3101 1945 3155 νιοῦ

365 3197 628 3266 γίνωνται
656 3200 712 3252 ai
740 3199 946 3263 θυσίαι,
985 3201 1080 3252 καὶ
1121 3199 1263 3270 ὑπὲρ
1301 3199 1410 3253 τῶν
1445 3197 1732 3270 ἁμαρτιῶν
1763 3197 1945 3250 αὐτῶν

365 3293 702 3362 προσφοραὶ,
735 3293 889 3357 ἐκτὸς
915 3292 974 3346 δὲ
1000 3291 1110 3348 τῶν
1147 3293 1538 3364 Ἰεροσολύμων
1561 3292 1657 3346 καὶ
1684 3291 1776 3344 τοῦ
1815 3291 1944 3344 ναοῦ
1975 3291 1984 3358 ξ

365 3383 578 3438 ἐκείνου
607 3385 757 3439 οὐδὲν
775 3385 839 3455 γέ
855 3403 1002 3456 νηται
1035 3387 1219 3441 θυσία.
1257 3385 1412 3440 Ἐπεὶ
1446 3383 1577 3454 γοῦν
1612 3385 1704 3437 καὶ
1726 3387 1759 3453 ἡ
1795 3383 1950 3444 πόλις

365 3477 478 3532 τῶν
530 3478 920 3551 Ἰεροσολύμων
961 3477 1254 3548 κατελύθη,
1291 3479 1387 3531 καὶ
1419 3479 1446 3530 ό
1481 3476 1607 3540 ναὸς
1643 3473 1945 3550 ἠφανίσθη,

366 3573 467 3626 καὶ
491 3569 615 3646 οὔτε
641 3573 942 3642 ἱερωσύνην
963 3573 1180 3643 ἔχουσιν
1199 3573 1278 3634 είς
1303 3571 1578 3640 ἁγιασμόν
1603 3569 1804 3630 αὐτῶν,
1825 3567 1951 3621 οὔτε

367 3665 536 3720 τόπον
568 3665 1044 3736 τοῦξθυσιάσαιτῷ
1071 3663 1214 3734 Θεῷ,
1243 3661 1296 3716 τί
1325 3663 1690 3732 ἐναπελείφθη
1723 3663 1906 3724 αὐτοῖς
1933 3677 1948 3727 ;

369 3755 602 3820 Πάντως
624 3755 798 3810 οὐδέν.
833 3757 933 3810 Διά
953 3755 1128 3810 ταῦτα
1166 3755 1299 3824 γοῦν
1344 3757 1439 3809 καὶ
1471 3755 1536 3808 δι’
1575 3754 1711 3809 ἄλλα
1745 3753 1939 3816 πολλὰ,

369 3847 532 3902 ἅτινα
559 3849 658 3902 οὐκ
686 3847 804 3902 ἔστι
829 3866 912 3912 τις
931 3847 1092 3920 χρεία
1117 3848 1352 3919 γράφειν
1373 3847 1576 3918 ἀρτίως
1606 3849 1730 3918 περῖ
1751 3847 1954 3910 αὐτῶν,

371 3942 500 3996 οὔτε
525 3943 844 4008 Χριστιανοὶ
865 3943 1234 4012 εὑρίσκονται,
1251 3941 1330 3994 διὸ
1352 3942 1412 3994 οὐ
1448 3943 1738 4011 στέργουσι
1762 3938 1821 3991 τὸ
1855 3939 1958 3996 Εὕα

375 4034 538 4103 αγγέλ
547 4051 644 4088 ιον·
660 4032 782 4087 οὔτε
799 4035 1086 4104 αἱρετικοὶ,
1099 4031 1178 4086 διὸ
1192 4032 1346 4088 οὐδὲν
1363 4032 1714 4088 ἀκολουθοῦσι
1732 4031 1837 4083 τινὶ
1849 4029 1959 4086 τῶν

383 4127 692 4192 δῶαξάντων
717 4129 814 4192 τάς
847 4125 1115 4196 αἱρέσειςυ
1145 4125 1270 4178 οὕτε
1301 4124 1743 4194 Μουσουλμάνοι,
1774 4123 1852 4176 διὸ
1867 4121 1960 4176 οὐ·

389 4216 475 4270 ὁὲν
495 4219 836 4278 ἀκολουθοῦσι
855 4219 934 4290 τῷ
953 4218 1194 4289 Μωάμεθ
1223 4232 1240 4249 °
1269 4217 1382 4270 ἀλλ’
1409 4215 1552 4286 οὕτε,
1573 4215 1842 4277 Ἰουδαῖοι,
1878 4213 1960 4266 διὸ

383 4313 527 4368 οὐδὲν
552 4315 824 4386 πληροῦσι
847 4315 912 4369 τὰ
943 4313 1038 4366 τοῦ
1067 4313 1258 4384 νόμουυ
1285 4310 1400 4368 ἀλλ’
1429 4309 1775 4383 εὑρίσκονται
1796 4305 1958 4372 οὕτω,

378 4407 456 4476 μὴ
484 4407 843 4474 γινώσκοντες
872 4407 920 4459 οι
944 4403 1172 4466 τάλανες
1197 4405 1248 4456 τί
1281 4402 1554 4463 σέϐονται,
1589 4399 1621 4470 ἦ
1655 4399 1708 4450 τί
1741 4395 1964 4450 πιστεύ-

369 4514 542 4560 ουσιν,
567 4499 698 4551 ἀλλά
722 4498 888 4560 ζῶσιν
903 4498 960 4551 ὲν
980 4495 1248 4567 ἀπωλείᾳ.
1279 4495 1439 4565 Ὁρᾷς
1463 4492 1580 4554 πῶς
1602 4491 1652 4544 οί
1671 4487 1966 4558 πλανηθέν-

1915 3246 2017 3302 ;ο

2045 1989 2233 2046 οπὶιοι
2267 2001 2318 2047 et
2361 1993 2704 2062 perfectum?
2744 1995 3115 2050 Nihilominus
3167 1995 3350 2050 miseri
3388 2007 3442 2051 et
3469 2013 3642 2053 excre-

2043 2085 2146 2139 cati
2178 2085 2348 2141 Judzei
2388 2104 2493 2143 nec
2538 2088 2912 2158 imperfectam
2967 2099 3024 2146 et
3051 2090 3404 2157 impolm’em
3463 2091 3638 2162 legem

2048 2177 2372 2244 observant,
2398 2180 2491 2235 sed
2527 2181 2776 2250 quotidie
2807 2184 2890 2238 vel
2929 2183 3091 2254 primi
3121 2183 3269 2238 illius
3303 2194 3643 2254 trangresso-

2051 2279 2140 2318 res
2181 2281 2302 2321 esse
2329 2267 2822 2338 deprehenduntur
2859 2277 2988 2342 (non
3034 2287 3235 2327 accuso
3279 2271 3404 2328 illos
3447 2290 3645 2342 pecca-

2053 2365 2255 2422 torum,
2282 2359 2408 2428 quis
2441 2361 2586 2415 enim
2623 2378 2652 2416 a
2687 2363 2930 2440 peccatis
2970 2363 3250 2418 absrinere
3279 2366 3520 2435 poterit?
3545 2365 3641 2420 sed

2047 2449 2114 2504 de
2136 2450 2254 2520 lege
2275 2452 2422 2518 dico,
2445 2453 2591 2523 quod
2611 2453 2755 2509 illam
2780 2457 3299 2527 transgrediuntur),
3320 2472 3376 2514 et
3399 2459 3561 2514 iidem
3595 2459 3644 2516 si

2047 2541 2282 2597 ntaxime
2313 2544 2516 2599 vellent
2536 2549 2716 2602 facere
2748 2563 2810 2602 ea
2839 2564 2961 2618 quae
2987 2551 3120 2620 legis
3147 2563 3298 2610 sunt.
3326 2566 3433 2606 non
3462 2561 3642 2606 tamen

2050 2646 2305 2702 possunt.
2327 2636 2535 2692 Etvide
2567 2656 2672 2710 qua
2703 2639 2914 2696 ratione
2947 2642 3052 2696 hoc
3075 2641 3167 2697 liat
3193 2642 3339 2698 Deus
3355 2643 3646 2700 constituit

2050 2734 2108 2780 et
2138 2728 2379 2782 decrevit
2407 2739 2466 2783 ut
2497 2729 2872 2804 Hierosolyma
2907 2733 3180 2801 omnium,
3215 2749 3352 2804 quas
3375 2750 3509 2803 gcus
3541 2733 3644 2787 lle.

2052 2819 2324 2874 brazorum
2352 2821 2534 2884 habet.
2567 2824 2788 2880 urbium
2813 2825 2884 2880 sit
2917 2826 3258 2895 metrOpolis,
3283 2827 3336 2880 in
3358 2842 3464 2896 qua
3483 2826 3646 2879 Solo-

2053 2927 2181 2965 mon
2212 2914 2812 2985 templmn;a:diiicavit,
2842 2920 3211 2990 praecepitque
3244 2919 3386 2976 Deus
3417 2931 3475 2974 ut
3500 2923 3643 2976 intra

2056 3006 2316 3076 templum
2349 3007 2615 3062 sacrificia
2659 3008 2808 3072 liant,
2835 3019 2890 3065 et
2929 3011 3242 3066 oblationes
3275 3028 3373 3082 pro
3405 3015 3647 3082 peccatis

2054 3097 2380 3165 hominum;
2421 3109 2574 3153 extra
2633 3098 3078 3174 llicrowlymam
3114 3117 3242 3158 vero
3282 3114 3338 3158 et
3385 3106 3646 3174 templum

2055 3190 2160 3245 hoc
2192 3191 2460 3245 sacriﬁcia
2509 3191 2658 3245 nulla
2703 3208 2824 3248 esse
2855 3193 3154 3250 offerenda.
3185 3191 3645 3265 Quandoquidem

2052 3283 2220 3353 igitur
2250 3281 2758 3354 Hierosolymarum
2793 3286 2923 3340 urbs
2964 3285 3242 3342 destructa
3269 3297 3374 3350 est,
3417 3298 3473 3343 et
3509 3299 3648 3342 tcm-
3713 3333 3723 3339 η

2053 3375 2205 3445 plum
2255 3374 2603 3439 subversum,
2644 3391 2823 3445 neque
2878 3377 2991 3447 jam
3025 3377 3394 3432 sacerdotium
3443 3379 3648 3436 habent

2053 3465 2120 3521 ad
2170 3465 2662 3523 sanctiﬁcationem
2699 3467 2820 3535 sui,
2866 3485 3046 3539 neque
3093 3469 3316 3525 modum
3375 3472 3642 3530 oll‘erendi

2053 3561 2188 3625 Deo,
2239 3559 2502 3631 quidnam
2561 3561 2698 3632 ipsis
2748 3570 2834 3617 est
2885 3562 3124 3629 reliqui?
3184 3563 3334 3620 Nihil
3393 3572 3645 3622 omnino.

2056 3649 2284 3720 PrOpter
2315 3650 2431 3706 haec
2461 3652 2646 3722 itaque
2676 3659 2731 3706 et
2753 3652 2858 3706 alia
2893 3655 3082 3715 multa,
3111 3671 3234 3725 quze
3266 3672 3416 3712 nunc
3451 3667 3648 3712 exacte
3717 3641 3724 3646 ’

2056 3744 2298 3800 scribere
2349 3761 2456 3800 non
2493 3753 2579 3800 est
2607 3760 2766 3815 opus,
2806 3762 2988 3816 neque
3043 3746 3348 3803 Christiani
3382 3765 3504 3804 esse
3553 3751 3650 3804 de-

2059 3834 2496 3908 prehenduntur,
2523 3837 2652 3902 quia
2680 3837 3036 3908 Evangelium
3068 3855 3176 3894 non
3217 3839 3521 3910 recipiunt;
3550 3857 3648 3896 ne~

2057 3943 2166 3998 que
2227 3927 2516 3989 haeretici.
2572 3927 2704 3998 quia
2779 3928 2990 3982 nullum
3049 3943 3280 3998 prorsus
3341 3941 3650 4000 sequuntur

2059 4021 2331 4075 haeresum
2359 4019 2643 4075 doctorem
2674 4036 2688 4085 ;
2721 4036 2897 4090 neque
2932 4021 3286 4085 Musulmaui,
3312 4021 3434 4092 quia
3459 4022 3648 4077 Maho~

2062 4115 2262 4162 metem
2301 4123 2409 4162 nou
2458 4116 2772 4175 sectantur;
2825 4120 3004 4180 neque
3051 4108 3250 4174 Judaei,
3296 4126 3417 4165 Cum
3475 4110 3650 4177 nulla.

2061 4213 2183 4270 quas
2213 4199 2350 4268 legis
2377 4205 2528 4264 sunt,
2563 4197 2764 4254 faciant
2799 4216 2814 4252 :
2849 4201 2947 4255 sed
2978 4201 3113 4256 tales
3153 4215 3278 4255 esse
3303 4202 3648 4256 convincunt-.-

2065 4301 2156 4347 tur
2193 4291 2399 4358 miseri,
2445 4293 2536 4362 qui
2593 4291 2728 4364 quid
2781 4293 2966 4349 colant
3031 4295 3326 4351 crcdantve
3370 4295 3646 4366 ignorent,

2065 4385 2160 4441 sed
2201 4385 2258 4440 in
2291 4385 2605 4456 perditione
2651 4386 2863 4442 vivunt.
2899 4385 3098 4442 Vident
3122 4387 3400 4458 quomodo
3452 4403 3483 4442 a
3523 4403 3648 4451 vera

2066 4486 2121 4532 et
2145 4487 2296 4534 recte
2325 4479 2412 4532 via
2439 4477 2922 4542 aberrantes.cum
2955 4494 3014 4534 se
3045 4489 3191 4535 recta
3221 4479 3475 4534 incedere
3501 4479 3653 4541 arbi.

293 4573 304 4581 ’
369 4605 465 4652 τες
487 4589 586 4658 τῆς
617 4587 848 4657 ἀληθοῦς
882 4587 978 4641 καὶ
1004 4587 1218 4649 εὐθείας
1249 4584 1372 4640 ὁδοῦ
1397 4582 1702 4650 λογίζονται
1727 4581 1948 4644 ἑαυτοὺς

2069 4579 2304 4634 trautur,
2339 4569 2392 4624 in
2424 4570 2686 4625 barathro
2713 4579 2772 4626 et
2806 4569 3270 4640 perditioue'esse
3303 4573 3654 4653 consp'ciunv

366 4680 552 4750 ὀρθῶς
587 4679 1050 4752 περιπατοῦντας,
1081 4679 1282 4731 ἐκεῖνοι
1310 4675 1366 4729 δὲ
1390 4674 1736 4751 εὑρίσκονται
1768 4673 1824 4726 ἐν
1857 4671 1955 4742 βα·

367 4775 564 4849 ρὰθρῳ
591 4777 686 4829 καὶ
723 4773 967 4844 ἀπωλείᾳ
991 4788 1008 4839 ;
1049 4773 1154 4824 Καὶ
1183 4769 1354 4824 ταῦτα
1385 4769 1484 4838 μὶν
1509 4767 1704 4830 οὕτως.

447 4867 526 4922 ιε’.
576 4869 730 4923 Ἐπεὶ
761 4867 814 4920 δὲ
852 4868 978 4936 περὶ
1005 4867 1222 4919 πάντων
1253 4857 1328 4917 ὧν
1362 4861 1628 4934 πρότερον
1662 4859 1954 4930 ἐγγράφως

273 4986 277 4989 ·
365 4961 510 5031 πρὸς
551 4961 696 5032 ἡμᾶς
749 4959 1026 5029 ἔπεμψας,
1065 4963 1158 5012 καὶ
1199 4949 1274 5009 ὧν
1313 4955 1580 5024 ἀγράφως
1615 4953 1666 5006 οἱ
1709 4951 1956 5012 ἐλθόντες

363 5057 666 5124 ἐλάλησαν,
701 5052 1032 5123 ποιήσαντες
1061 5050 1120 5103 τὸ
1151 5049 1244 5102 σὺν
1267 5047 1502 5116 θέλημα,
1535 5041 1956 5113 πλατυκώτερον

365 5145 867 5216 ἁπελογησάμεθα,
897 5144 1145 5214 μέμνησο
1173 5141 1265 5194 τοῦ
1297 5138 1390 5193 σοῦ
1414 5139 1598 5208 λόγου.
1627 5137 1720 5201 Εἰς
1755 5137 1862 5205 γὰρ
1895 5135 1956 5188 τὸ

365 5239 532 5304 τέλος
560 5239 657 5309 τῆς
686 5238 783 5308 σῆς
817 5235 1033 5306 γραφῆς
1054 5233 1226 5312 οὕτως
1255 5233 1505 5316 εἴρηκα;,
1526 5231 1608 5284 ὅτι
1635 5227 1738 5284 Τὸν
1773 5230 1958 5298 φρόνι-

372 5350 482 5405 μον
519 5323 602 5392 εἷς
657 5329 814 5394 λόγος
869 5327 1084 5396 ἀρκεῖν,
1121 5325 1215 5376 καὶ
1243 5321 1418 5385 οὕτως
1455 5323 1606 5375 ἐστὶν
1635 5323 1668 5391 ἡ
1705 5319 1955 5390 ἀλήθεια.

370 5423 553 5493 Εἴπερ
583 5415 714 5488 γοῦν
744 5412 824 5480 εἷς
854 5417 1008 5489 λόγος
1036 5415 1196 5483 ἀρκεῖ
1223 5413 1312 5466 τὸν
1344 5413 1628 5483 φρόνιμον,
1657 5411 1733 5474 ὡς
1761 5411 1854 5464 καὶ
1891 5409 1955 5461 σὺ

372 5515 542 5577 αὐτὸς
575 5512 893 5584 μαρτυρεῖς,
923 5511 1016 5562 καὶ
1046 5511 1078 5579 ἡ
1119 5507 1345 5577 ἀλήθεια
1375 5505 1636 5567 διδάσκει,
1665 5504 1758 5557 ἐάν
1795 5518 1900 5571 περ
1927 5501 1956 5552 ὁ

374 5583 645 5676 φρόνιμος
660 5583 875 5672 ἀκούσῃ
902 5599 1094 5668 λόγους
1127 5595 1352 5658 πολλοὺς
1385 5595 1480 5648 καὶ
1505 5593 1702 5656 καλοὺς
1741 5597 1835 5644 καὶ
1891 5592 1956 5644 ἀ-

377 5689 589 5760 ληθεῖς,
611 5689 705 5742 καὶ
721 5687 782 5742 οὐ
810 5686 1177 5758 παραδέξηται
1197 5683 1414 5748 αὐτοὺς,
1442 5681 1563 5736 οὐδὲ
1599 5681 1871 5749 ὠφέλειαν
1898 5679 1957 5744 ἐξ

379 5778 607 5832 ἐκείνων
627 5775 1011 5847 καρπώσηται,
1031 5776 1130 5828 οὐκ
1151 5773 1298 5826 εστιν
1319 5773 1469 5840 ἄξιος
1497 5769 1830 5840 κατηγορίας
1863 5772 1956 5823 καὶ

389 5871 688 5948 μέμψεωςς
727 5870 880 5927 Ἐπεὶ
911 5869 1041 5939 γοῦν
1070 5867 1456 5940 ἀπεστάλησάν
1488 5883 1569 5920 σοι
1609 5865 1676 5921 τὰ
1711 5864 1956 5936 παρόντα

2069 4665 2203 4722 tur?
2231 4665 2300 4721 Et
2332 4665 2447 4722 haec
2471 4665 2696 4737 quidem
2723 4667 3014 4724 hactenus.

2139 4845 2226 4900 l5.
2256 4845 2524 4912 Quoniam
2560 4861 2690 4901 vero
2721 4845 2776 4901 in
2801 4846 3088 4912 omnibus,
3121 4862 3242 4916 qua!
3270 4847 3424 4917 prius
3455 4847 3520 4900 ad
3557 4863 3656 4903 nos

2065 4940 2263 5010 partim
2299 4939 2593 5008 scripsiSIi,
2627 4940 2825 5009 partim
2853 4955 2948 4994 ore
2987 4941 3302 5007 retulerunt
3335 4941 3413 4994 tui
3457 4941 3524 4994 ad
3557 4955 3659 4996 nos

2065 5033 2268 5110 nuntii,
2322 5033 2587 5087 voluntati
2639 5045 2745 5088 tua:
2779 5032 3052 5095 obsecuti.
3095 5034 3378 5104 copiosius
3418 5051 3520 5089 nos
3565 5037 3661 5091 de-

2065 5123 2363 5188 fendimus,
2411 5140 2557 5180 nunc
2607 5137 2710 5194 age
2761 5123 2836 5179 tui
2879 5124 3152 5179 sermonis
3201 5124 3541 5180 memineris.
3598 5125 3656 5182 ln

2067 5217 2174 5273 ﬁne
2205 5218 2352 5272 enim
2405 5217 2711 5272 litterarum
2769 5225 2988 5272 tuarum
3015 5219 3096 5272 sic
3120 5215 3304 5272 dixisti
3337 5233 3352 5272 :
3395 5217 3656 5273 Prudeuli

2066 5311 2150 5366 vel
2185 5326 2290 5364 una
2316 5308 2510 5364 sullicit
2545 5311 2758 5375 oratio;
2805 5309 2949 5381 quod
2999 5325 3192 5365 revera
3221 5299 3302 5366 sic
3327 5320 3436 5366 est.
3463 5310 3518 5366 Si
3560 5311 3663 5382 igi-

2068 5412 2158 5458 tur
2213 5402 2472 5473 prudenti
2528 5402 2612 5458 vcl
2673 5417 2784 5456 uua
2847 5401 3050 5458 sullicit
3105 5403 3307 5470 oratio,
3338 5413 3399 5457 ut
3449 5413 3504 5456 tu
3541 5403 3662 5474 ipse

2067 5499 2311 5558 testaris,
2337 5503 2393 5549 et
2423 5495 2539 5565 ipsa
2575 5495 2738 5550 docet
2771 5493 2996 5560 veritas,
3028 5495 3271 5564 prudens
3302 5507 3433 5549 vero
3461 5493 3661 5563 aliquis

2066 5589 2255 5644 multis
2300 5587 2651 5644 sermonibus
2701 5587 2908 5642 auditis
2959 5587 3124 5644 bouis
3181 5586 3442 5655 verisque
3473 5623 3490 5648 ,
3556 5597 3662 5638 nec

2068 5681 2190 5736 illos
2232 5686 2526 5750 receperit,
2577 5678 2662 5733 vel
2733 5677 3076 5748 decerpserit
3117 5677 3358 5732 fructum
3418 5675 3658 5760 illorum,

2069 5789 2251 5830 nonne
2273 5773 2467 5826 merito
2501 5770 2850 5827 accusandus
2866 5780 2923 5825 et
2957 5769 3444 5842 reprehendendus
3465 5766 3658 5822 fuerit?

2067 5869 2168 5925 Ubi
2202 5868 2366 5939 igitur
2400 5876 2602 5922 nostrae
2631 5865 2714 5919 hae
2747 5863 2963 5931 litterae,
2985 5863 3210 5934 hmcque
3242 5868 3428 5918 nostra
3467 5860 3662 5930 apolo-
