4058 6440
442 369 547 431 ξιξὖὸ

1319 352 1619 418 CONTRA
1657 340 2148 408 MAHOMETEM
2187 340 2525 404 ORATION
2536 341 2622 401 ES
2677 341 2771 402 IV.

3586 338 3690 399 596

445 474 532 546 ιβ’.
567 473 700 524 Ὀτι
729 451 1095 529 ἐντέλλεται,
1122 464 1226 517 ἶνα
1256 461 1451 525 οὐδεὶς
1478 459 1586 526 τῆς
1612 457 1848 510 ἐκείνου
1875 466 2018 546 φρα-

2156 450 2209 504 2.
2253 447 2402 513 Quod
2437 449 2790 512 interdixerit,
2821 466 2884 504 ne
2925 451 3041 519 quis
3070 463 3180 503 sua:
3207 456 3360 502 sectis
3390 445 3469 501 vel
3499 445 3700 500 ordinis

510 564 678 634 τρίας
727 559 878 630 μετά
923 573 1086 621 τινος
1131 553 1248 608 τῶν
1301 547 1678 620 Χριστιανῶν
1731 543 2013 612 διαλέγη-

429 672 702 815 sgittas:
749 745 781 797 ό
815 739 947 794 Νῶε
1002 737 1102 791 καὶ
1145 734 1425 804 Ἀϐραὰμ,
1475 729 1638 785 ἀλλὰ
1692 725 1769 793 δὴ
1820 723 1920 815 καὶ
1966 724 2019 776 οἱ

512 837 846 892 ἀπόστολοι
897 831 1004 885 τοῦ
1034 828 1224 884 αὑτοῦ
1270 826 1566 893 δόγματος
1616 815 1796 890 ἦσαν,
1827 811 2016 881 οὗπερ

513 923 694 992 οὗτος
717 924 958 989 ἐξέθετο
983 921 1264 987 ὕστερον.

636 1043 950 1115 ΚΕΦΑΛΙΑ
973 1055 1122 1111 ror
1149 1048 1530 1106 AErTEPor
1556 1043 1820 1099 ΛΟΓΟΥ.

444 1203 516 1256 a'.
548 1195 679 1253 Ὅτι
717 1195 792 1249 τὰ
815 1194 886 1248 ἐν
918 1191 1046 1257 ταῖς
1077 1184 1424 1249 Μωσατκαῖς
1464 1178 1858 1249 παραδόσεσι,
1899 1186 2024 1235 τοις

517 1288 855 1359 προφήταις
899 1300 982 1349 τε,
1024 1280 1106 1346 τῷ
1143 1274 1463 1345 Ψαλτηρίῳ
1516 1269 1616 1325 καὶ
1659 1265 2022 1362 τῶΑΕὸαΪτεΣ

517 1355 1048 1450 λίῳντεγραμμένα,
1071 1371 1230 1441 ἅγια,
1251 1368 1349 1422 καὶ
1367 1365 1586 1424 δίκαια,
1615 1357 1717 1450 καὶ
1737 1355 2025 1450 άπὸ-Θεοῦ

517 1396 630 1448 λιῳ
653 1396 1048 1520 τεῇραμμενα,
1071 1396 1230 1441 αιτιοι,
1251 1396 1349 1422 παι
1367 1396 1586 1424 υιιιωιω,
1615 1396 1717 1413 mu
1737 1396 1853 1412 ..ην
1878 1396 1940 1406 ν-
1955 1396 2017 1404 --

512 1469 692 1537 δεδομ
766 1481 805 1519 α
854 1461 1051 1527 καλεῖ,
1103 1457 1205 1514 καὶ
1271 1454 1512 1523 στέργει
1563 1448 1664 1503 καὶ
1711 1443 2026 1537 φυλάσσει

511 1534 668 1618 αὐτά
687 1575 703 1591 ο
735 1555 836 1611 και
858 1553 1040 1610 οὐδὲν
1063 1551 1220 1615 ὅλως
1247 1545 1409 1602 εἰσὶν
1431 1546 1487 1598 οἱ
1515 1540 1734 1595 τούτου
1770 1534 2025 1590 ἀκόλου-

518 1656 632 1715 θοι,
667 1651 719 1703 et
743 1646 831 1717 μὴ
861 1644 1051 1699 ταῦτα
1081 1636 1492 1707 πληρώσαιεν.

444 1744 512 1814 β’.
551 1743 678 1794 Ὀτι
708 1715 794 1804 είς
830 1733 1247 1802 ἐϐδομήκοντα
1279 1727 1428 1795 ,πρὸς
1462 1723 1580 1788 τοῖς
1615 1715 2026 1814 τρισὶᾼμοίρας

510 1787 813 1904 pagana
838 1787 1181 1898 oxiad‘ﬁrat
1208 1821 1263 1874 οι
1283 1787 1364 1884 τῶ
1379 1787 1544 1886 νόμῳ
1557 1787 1744 1904 αὐτοῦ
1769 1808 2026 1904 άκολου-
2061 1787 2100 1841 Β

514 1895 849 1990 θήσαντεςο
894 1895 1000 1970 ’καὶ
1059 1914 1098 1981 ἡ
1129 1911 1245 1980 μὲν
1278 1909 1388 1980 μία
1427 1904 1525 1960 καὶ
1574 1902 1727 1973 μόνη
1785 1900 1854 1952 ἐκ
1883 1895 2022 1990 τού-

513 1986 632 2069 των
667 2009 1031 2078 σωθήσεται,
1069 2006 1133 2059 αὶ
1170 2001 1222 2055 δ’
1265 2001 1451 2056 ἄλλαι
1477 1993 1558 2060 τῷ
1587 1991 1729 2061 πυρὶ
1765 1986 2026 2056 παραδο-

518 2106 833 2172 θήσονται.

2120 556 2126 563 ·
2191 554 2308 592 cum
2335 538 2513 609 aliquo
2537 538 2963 594 Christianorum
2992 541 3244 610 disputet.

2123 720 2211 776 15.
2255 719 2404 784 Quod
2449 718 2564 773 Noe
2606 730 2657 773 et
2702 722 2994 786 Abraham,
3045 721 3147 790 ipsi
3187 721 3412 792 denique
3457 724 3705 791 apostoli,

2193 815 2427 882 ejusdem
2467 831 2631 884 quam
2683 816 2796 885 ipse
2836 825 3020 886 postea
3054 814 3413 886 promulgavit
3455 814 3708 872 doctrina:

2191 914 2474 959 sectatores
2515 904 2734 974 fuerim.

2361 1039 2748 1096 ORATIONIS
2785 1039 3149 1097 SECUNDAZ
3185 1039 3468 1101 CAPJTA.

2129 1174 2179 1226 1.
2222 1171 2373 1238 Quoa
2415 1188 2478 1227 ea
2524 1189 2640 1244 quae
2687 1174 2741 1227 in
2789 1173 3036 1229 Mosaicis
3087 1177 3379 1246 praeceptis,
3423 1178 3709 1246 prophetis,
3751 1183 3756 1188 ’

2198 1257 2461 1314 Psalterio
2504 1271 2554 1314 et
2589 1259 2878 1331 Evangelia
2905 1252 3264 1329 continentur,
3302 1272 3516 1332 sancta,
3559 1265 3711 1333 justa

2199 1361 2247 1405 et
2287 1353 2382 1406 Dei
2429 1353 2737 1408 traditiones
2783 1355 3034 1419 nominet,
3065 1355 3420 1422 amplectatur
3455 1365 3505 1409 et
3534 1357 3710 1410 obser-

2201 1452 2281 1497 vet
2311 1459 2329 1498 :
2359 1447 2598 1516 quodque
2647 1445 2792 1500 illius
2823 1454 3108 1502 sectatores
3137 1463 3242 1503 non
3290 1448 3416 1516 sint,
3466 1449 3556 1520 qui
3603 1451 3712 1504 Isaac

2200 1553 2306 1590 non
2340 1537 2692 1607 impleverim.

2131 1718 2185 1772 2.
2228 1716 2380 1784 Quod
2431 1717 2558 1790 legis
2598 1735 2710 1774 sua:
2749 1729 3032 1776 sectatores
3061 1722 3116 1776 in
3153 1729 3331 1794 partes
3372 1725 3710 1796 septuaginta

2195 1820 2300 1863 tres
2329 1810 2435 1862 sint
2457 1810 2743 1878 dividendi,
2769 1829 2996 1883 quarum
3022 1815 3180 1869 unica
3202 1814 3318 1870 sola
3338 1816 3406 1870 sit
3424 1815 3707 1881 salvauda,

2196 1900 2432 1971 reliquas
2466 1918 2586 1956 vero
2615 1904 2722 1973 igni
2751 1905 3041 1960 tradendus
3071 1911 3208 1976 fore.

445 2197 516 2266 γ’.
553 2166 685 2250 "Ott
711 2197 759 2248 si
780 2193 867 2264 μὴ
891 2190 1052 2260 παρὰ
1084 2186 1232 2243 Θεοῦ
1283 2181 1363 2254 ἦν
1397 2182 1461 2235 τὸ
1497 2177 1754 2247 Κορῤὰν,
1801 2169 2025 2225 πολλαὶ

2146 2169 2178 2219 i.
2224 2166 2376 2232 Quod
2420 2169 2519 2222 nisi
2557 2184 2588 2221 a
2623 2168 2728 2223 Deo
2774 2179 2905 2224 esset
2950 2172 3229 2241 Alcorran,
3257 2172 3424 2226 multa
3454 2174 3511 2226 in
3545 2188 3604 2226 eo
3635 2190 3712 2228 es-

447 2310 452 2313 ·
517 2286 930 2354 ἐναντιότητες
957 2281 1333 2350 εὑρίσκοιντο
1359 2275 1437 2331 ἂν
1465 2274 1534 2327 ἐν
1548 2267 1729 2333 αὐτῷ.

449 2383 512 2436 δ’.
540 2381 667 2433 Ὀτι
690 2375 841 2448 μετὰ
865 2375 972 2430 τοῦ
1002 2369 1272 2440 Γαϐριὴλ
1297 2363 1575 2424 ἀνελθεῖν
1600 2364 1686 2426 εὶς
1853 2354 2024 2456 Θεὸν.ἶ

526 2474 613 2528 καὶ
662 2471 941 2539 ἐντυχεῖν
995 2464 1252 2536 ἀγγέλῳ,
1302 2457 1583 2532 μυριάκις
1628 2451 1854 2523 μείζονι
1917 2451 2026 2500 τοῦ

522 2567 751 2634 κόσμου
806 2560 1054 2625 παντὸς,
1094 2553 1416 2626 θρηνοῦντι
1461 2547 1570 2614 τὰς
1627 2542 2029 2634 αὺτοῦ-ἀμαρ-

518 2627 670 2720 τίας,
704 2649 801 2705 καὶ
827 2647 1035 2718 τυχεῖν
1065 2644 1226 2712 παρὰ
1258 2639 1406 2695 Θεοῦ
1434 2633 1794 2705 συγγνώμης
1819 2629 1892 2682 δι’
1923 2627 2030 2681 αῠο
2055 2697 2073 2709 _

523 2763 651 2800 του.

377 2882 382 2884 .
449 2842 516 2892 ε’.
553 2837 685 2890 Ὀτι
713 2836 888 2900 τέλος
920 2831 1020 2886 καὶ
1048 2826 1311 2899 σφραγὶς
1342 2823 1462 2878 τῶν
1503 2815 1829 2888 προφητῶν
1857 2815 2031 2868 ἐστιν

525 2924 722 2994 οὗτος.

451 3016 529 3083 ς’.
562 3018 691 3071 Ὅτι
728 3013 1004 3086 ἁρπαγὰς
1032 3013 1132 3068 καὶ
1175 3013 1406 3082 φόνοιΐς
1440 3004 1660 3059 κωλύει
1703 2997 1804 3052 καὶ
1831 2997 2030 3061 ἐπιορ-

524 3111 681 3174 κίας,
710 3107 810 3161 καὶ
841 3106 1030 3160 πάλιν
1061 3105 1251 3158 ταῦτα
1296 3097 1634 3154 ἐνδίδωσιν.

454 3199 520 3266 ζ’.
556 3201 680 3254 Ὅτι
723 3203 754 3253 ό
786 3200 932 3264 Θεὸς
960 3195 1218 3251 ἐνέδωκε
1251 3192 1440 3256 τούτῳ
1469 3180 1855 3252 ἐπιορκῆσαι.

450 3292 525 3360 η’.
570 3289 693 3342 Ὅτι
719 3287 1146 3356 διαλεγόμενος
1167 3279 1328 3345 αὐτῷ
1353 3276 1395 3332 ό
1414 3274 1580 3340 Θεὸς,
1607 3271 1774 3324 εἶπεν
1794 3266 1873 3332 ὡς
1899 3280 2030 3317 παι-

522 3379 658 3447 διᾶς
686 3379 862 3449 χάριν
889 3378 1145 3443 ἐποίησε
1178 3372 1286 3425 τὸν
1312 3372 1568 3439 κόσμον.

454 3474 520 3530 0'.
563 3476 693 3528 Ὀτι
736 3473 806 3527 ἐν
837 3470 920 3536 τῷ
953 3467 1256 3538 κεφαλαίῳ
1284 3462 1364 3529 τῷ
1386 3459 1690 3531 λεγομένῳ
1717 3457 1769 3510 Μ
1783 3450 2029 3522 πακαρᾶ,

527 3567 673 3635 ὅπερ
731 3563 1120 3635 ἑρμηνεύεται
1173 3557 1406 3627 δάμαλις
1431 3593 1446 3619 ,
1502 3554 1583 3617 ὡς
1643 3554 1697 3603 ot
1761 3543 2034 3635 Ἰουδαῖοι

523 3634 707 3714 καινοί
740 3634 1083 3724 Χριστιανοὶ
1124 3649 1394 3719 σωθῆναι
1440 3645 1773 3715 μέλλουσιν
1797 3656 1812 3670 ·
1845 3640 1915 3690 ἑν
1965 3634 2034 3687 δὲ

521 3747 602 3816 τῷ
627 3746 932 3817 κεφαλαίῳ
951 3742 1031 3809 τῷ
1055 3742 1283 3812 Ἀμρὰμ
1309 3733 1487 3801 αὖθίς
1515 3747 1709 3802 φησιν
1727 3731 1815 3782 ὅτι
1832 3726 2032 3791 οὐδεὶς

521 3843 773 3898 δύναται
823 3835 1092 3906 σωθῆναι
1133 3833 1282 3886 ἄνευ
1320 3828 1442 3883 τῶν
1485 3829 1556 3880 ἐν
1590 3823 1672 3890 τῷ
1705 3823 1867 3890 νόμῳ
1916 3818 2034 3872 τῶν

541 3929 959 4003 Ἰσμαηλιτῶν.
1460 4007 1463 4008 ν
1654 4007 1661 4008 7
1771 4003 1825 4008 Η
1864 3999 1885 4008 ,

461 4027 512 4076 ι’.
543 4000 671 4074 Ὀτι
708 4000 821 4086 πρὸ
869 4013 1059 4070 αὐτοῦ
1103 4014 1175 4066 οὐ
1209 4007 1464 4064 δύναταί
1497 4021 1588 4070 τις
1617 4000 1919 4057 εἰσελθεῖν
1948 4000 2034 4062 εἰς

526 4115 631 4165 τιῗν
660 4106 1054 4176 παράδεισον.
1093 4101 1199 4156 Καὶ
1238 4094 1414 4164 αὖθις
1450 4109 1642 4165 φησιν
1681 4091 1771 4144 ὅτι
1801 4089 2036 4151 ἔδειξεν

483 4237 488 4241 ς
531 4200 686 4267 αὺτῷ
720 4203 752 4254 ό
789 4198 935 4262 Θεὸς
972 4191 1268 4266 γυναῖκάς
1291 4206 1355 4243 τε
1389 4189 1486 4242 καὶ
1513 4184 1738 4252 ἄνδρας
1760 4179 2034 4243 πολλοὺς

475 4323 478 4326 ~
527 4294 912 4356 εἰσελθόντας
941 4287 1054 4359 πρὸ
1079 4284 1266 4340 αὐτοῦ
1288 4285 1380 4348 εὶς
1403 4279 1510 4334 τὸν
1531 4276 1927 4345 παράδεισον.

460 4394 549 4443 ια’.
585 4387 716 4440 Ὀτι
744 4387 775 4439 ό
807 4385 951 4447 Θεὸς
972 4379 1122 4451 μετὰ
1160 4364 1275 4444 τὴν
1305 4373 1649 4428 ἀνάστασιν
1686 4367 1895 4432 οῑκους
1933 4377 2036 4417 πε-

521 4477 859 4548 ρικαλλεῐς,
901 4473 1002 4528 καὶ
1034 4467 1283 4537 λουτρὰ,
1316 4464 1418 4519 καὶ
1465 4459 1898 4530 παραδείσους,
1935 4457 2035 4509 καὶ
2071 4481 2118 4540 D

529 4570 821 4643 γυναῖκας
864 4568 955 4622 ὅτι
985 4561 1222 4627 πολλὰς
1254 4555 1638 4625 ὑπισχνεῖται
1675 4550 1890 4607 δοῦναι
1915 4549 2042 4618 τοῖς

526 4667 637 4722 τοῦ
667 4663 919 4730 Μωάμεθ
951 4662 1159 4730 νόμοις
1185 4648 1663 4710 ἀκολουθοῦσιν.

455 4759 546 4830 ιβ’.
579 4759 709 4812 Ὅτι
738 4758 807 4810 ἐν
835 4753 917 4820 τῷ
947 4748 1251 4821 κεφαλαίῳ
1288 4743 1370 4810 τῷ
1400 4742 1514 4795 Σὰδ
1546 4781 1560 4808 ,
1594 4741 1674 4806 ὼς
1703 4740 1758 4830 oi
1793 4737 1910 4830 μεν
1943 4735 2046 4805 ἆγ-

527 4853 694 4920 τελοι
719 4848 789 4901 ἐκ
815 4845 1007 4914 πυρὸς
1026 4835 1618 4909 ἐδημιουργήθησαν,
1648 4833 1702 4884 oi
1730 4829 1797 4883 δὲ
1821 4827 2046 4896 ἆνθρωυ

533 4955 634 4992 ποι
661 4938 732 4990 ἐκ
768 4935 932 5002 χοός.
1343 4929 1348 4934 ’

459 5035 549 5099 ιγ’.
587 5027 720 5080 Ὅτι
750 5024 821 5078 ἐν
848 5023 928 5089 τῷ
959 5019 1267 5090 κεφαλαίῳ
1296 5016 1376 5084 τῷ
1403 5015 1618 5086 Νεμελὲ
1644 5053 1658 5077 ,
1686 5012 1834 5080 ὅπερ
1866 5009 2047 5099 ἐρμηέ

527 5117 763 5171 νεύεται
797 5115 956 5184 μυῖα,
998 5110 1150 5180 φησι
1177 5108 1313 5176 περὶ
1360 5105 1465 5161 τοῦ
1507 5101 1898 5173 Σολομῶντος
1948 5098 2047 5154 καὶ

528 5208 648 5262 τῶν
677 5203 870 5277 μυιῶν
900 5203 1128 5272 ψεῦδός
1156 5217 1212 5255 τι
1241 5201 1474 5269 εὔηθες,
1508 5198 1654 5265 ὅπερ
1698 5195 1798 5249 καὶ
1830 5192 2044 5263 φησίν.

465 5303 548 5359 ιδ’.
579 5304 710 5357 Ὀτι
737 5301 809 5354 ἐν
839 5299 922 5366 τῷ
948 5296 1255 5366 κεφαλαίῳ
1291 5294 1374 5360 τῷ
1403 5290 1670 5347 Ῥουϐεσὰ
1721 5288 1874 5359 φησι
1913 5283 2049 5352 περὶ

535 5393 642 5448 τοῦ
672 5391 1066 5463 Σολομῶντος
1107 5387 1210 5443 καὶ
1237 5386 1345 5442 τοῦ
1371 5385 1692 5453 σκώληκος
1723 5381 1938 5452 ὁμοίως
1968 5374 2049 5442 τῷ

537 5487 813 5555 ἀνωτέρῳ
844 5485 1082 5555 ψεύδει.

468 5575 555 5633 ιε’.
583 5577 707 5630 Ὀτι
735 5577 804 5630 ἐν
835 5574 914 5640 τῷ
937 5575 1161 5641 βιϐλίῳ
1195 5573 1304 5627 τῶν
1346 5573 1667 5643 Διηγήσεων
1715 5566 2052 5624 ἀποδίδωσι

541 5670 657 5738 τὴν
697 5669 922 5736 αἰτίαν,
953 5668 1026 5722 δι’
1079 5666 1162 5736 ἦν
1188 5670 1220 5722 ό
1257 5664 1421 5733 οἶνος
1457 5663 1790 5719 κεκώλυται
1823 5662 2046 5726 αὐτοῖς.

474 5761 572 5832 ις’.
607 5761 738 5818 Ὅτι
777 5765 810 5815 ὀ
865 5759 1110 5827 κτιστὸς
1159 5760 1414 5828 οὐρανὸς
1454 5755 1634 5827 οὗτος
1690 5757 1934 5830 γέγονεν
1980 5753 2050 5809 ἐκ

677 5856 951 5917 Parnm.
998 5855 1120 5917 Gn.
1156 5850 1362 5914 CLIV.

2197 2266 2314 2312 sent
2344 2260 2447 2313 sibi
2473 2262 2692 2315 invicem
2723 2263 3031 2335 contraria.

2128 2352 2181 2404 4.
2225 2346 2523 2416 Quod'cum
2554 2351 2798 2409 Gabriele
2825 2355 2894 2408 ad
2924 2355 3095 2410 Deum
3127 2359 3433 2419 ascendens,
3465 2359 3522 2412 in
3555 2375 3714 2430 ange-

2204 2442 2316 2495 lum
2351 2443 2594 2498 inciderit
2629 2446 2798 2500 decies
2827 2447 3055 2501 millenis
3085 2450 3280 2502 vicibus
3321 2451 3576 2519 majorem
3606 2460 3713 2504 toto

2200 2537 2416 2601 mundo,
2474 2536 2754 2608 deﬂentem
2800 2550 3024 2618 peccata
3072 2558 3204 2606 sua,
3262 2543 3350 2611 qui
3397 2559 3494 2596 sua
3552 2545 3714 2613 ipsius

2139 2665 2145 2672 -
2201 2631 2568 2688 intercessione
2592 2635 2799 2689 veniam
2823 2636 2967 2705 apud
2995 2635 3163 2690 Deum
3192 2638 3572 2709 impetraverit.

2135 2809 2189 2866 5.
2229 2809 2382 2875 Quod
2413 2812 2524 2875 ipse
2553 2827 2738 2881 scapus
2763 2821 2813 2867 et
2842 2813 3077 2884 sigillum
3110 2817 3174 2870 sit
3206 2819 3608 2886 praphetarum.

2133 2991 2185 3044 6.
2229 2989 2382 3056 Quod
2402 2993 2646 3061 rapinas,
2666 2992 2829 3046 cwdcs
2859 3003 2907 3045 et
2931 2994 3167 3064 perjuria
3193 2981 3486 3063 prohibeat,
3515 2996 3720 3049 eadem-

2204 3093 2303 3146 que
2331 3094 2515 3131 rursus
2551 3081 2852 3148 permittat.

2087 3165 2098 3182 '
2144 3169 2193 3225 7.
2237 3169 2387 3236 Quod
2415 3170 2554 3226 Deus
2583 3171 2665 3226 illi
2703 3173 3002 3243 permiserit
3029 3175 3294 3245 pejerare.

2139 3258 2191 3322 8η.
2235 3257 2386 3322 Quod
2419 3258 2556 3312 Deus
2583 3275 2761 3313 secum
2783 3261 3092 3327 collocutus,
3127 3263 3320 3316 dixerit
3351 3277 3405 3316 se
3427 3261 3572 3316 lusus
3597 3279 3724 3333 gra-

2207 3346 2286 3398 tia
2320 3347 2570 3399 mundum
2599 3347 2910 3400 condidisse.

2141 3438 2193 3491 9.
2240 3435 2391 3501 Quod
2445 3436 2501 3489 in
2546 3437 2718 3502 capite
2767 3435 3064 3506 Mipacara,
3099 3437 3156 3491 id
3194 3445 3272 3491 est
3299 3435 3542 3493 Juvenca
3581 3440 3723 3492 dicto

2210 3525 2422 3579 Judtros
2463 3533 2511 3577 et
2552 3523 2881 3579 Christianos
2923 3525 3151 3579 salutem
3197 3537 3562 3581 consecuturos
3617 3544 3725 3581 esse

2211 3617 2426 3684 dixerit,
2457 3617 2514 3670 in
2545 3617 2718 3687 capite
2742 3632 2862 3671 vero
2888 3617 3133 3683 Amram,
3165 3629 3352 3672 contra
3383 3629 3594 3683 assert,
3637 3635 3728 3672 ne-

2213 3708 2402 3761 minem
2442 3707 2554 3760 sine
2583 3705 2978 3761 lsmaelitarum
3010 3707 3122 3778 tege
3146 3709 3350 3762 servari
3380 3723 3550 3778 posse.

2146 3987 2229 4040 10.
2275 3985 2430 4051 Quod
2453 3993 2576 4040 ante
2604 3986 2777 4054 ipsum
2799 4003 2950 4040 nemo
2970 3996 3134 4058 possit
3157 3988 3468 4057 paradisum
3497 3989 3727 4058 ingredi.

2215 4081 2284 4131 Et
2313 4093 2526 4131 rursum
2557 4078 2705 4144 dicit,
2750 4077 2890 4148 quod
2925 4077 3061 4131 Deus
3102 4077 3185 4131 illi
3235 4078 3430 4132 multas
3480 4079 3730 4134 mulieres

2213 4171 2453 4240 virosque
2503 4177 2647 4223 ante
2714 4186 2769 4223 se
2837 4171 3155 4239 paradisum
3228 4173 3491 4242 ingressos
3556 4183 3734 4227 osten-

2215 4261 2376 4314 derit.

2145 4351 2232 4406 11.
2275 4350 2425 4416 Quod
2456 4350 2594 4406 Deus
2626 4361 2740 4422 post
2775 4353 3208 4407 resurrectionem
3232 4353 3417 4408 domus
3445 4356 3730 4426 elegantes,

2215 4445 2403 4499 balnea
2446 4453 2495 4498 et
2539 4447 2738 4511 hortos,
2785 4446 3066 4516 pluresque
3105 4446 3350 4500 mulieres
3385 4464 3439 4500 se
3481 4449 3733 4502 daturum

2217 4543 2494 4607 promittat
2526 4537 2891 4595 Mahometicaz
2925 4538 3055 4610 legis
3098 4541 3465 4595 sectatoribus.

2148 4730 2233 4786 12.
2273 4729 2424 4796 Quod
2472 4731 2527 4784 in
2572 4732 2744 4802 capite
2779 4731 2890 4786 Sad
2940 4733 3155 4803 angelos
3203 4748 3266 4787 ea:
3313 4734 3451 4805 igne,
3499 4736 3734 4791 homines

2217 4839 2338 4878 vero
2365 4838 2428 4879 ea:
2463 4823 2676 4894 pulvere
2702 4825 2870 4894 factos
2896 4840 3007 4878 esse
3041 4825 3286 4895 afﬁrmet.

2150 5004 2239 5059 15.
2284 5005 2435 5070 Quod
2467 5005 2522 5057 in
2549 5006 2724 5074 capite
2752 5002 2962 5071 Emele,
3002 5004 3142 5074 quod
3175 5019 3418 5060 muscam
3445 5003 3732 5073 significat,

2220 5099 2282 5150 de
2307 5095 2675 5151 Solomone'et
2728 5098 2919 5150 muscis
2964 5090 3299 5150 mendacium
3346 5098 3538 5166 prodat
3584 5098 3737 5152 stoli-

2219 5191 2366 5255 dum;
2392 5189 2530 5260 quod
2561 5198 2609 5243 et
2637 5190 2854 5260 fatetur.

2154 5279 2241 5336 14.
2282 5279 2433 5344 Quod
2469 5279 2526 5332 in
2559 5279 2730 5348 capite
2771 5277 3013 5343 Rubeso,
3055 5278 3120 5331 de
3151 5277 3434 5334 Solomone
3481 5287 3530 5332 et
3564 5293 3736 5332 verme

2222 5373 2428 5439 tradat,
2458 5371 2723 5441 superiori
2752 5371 3026 5426 mendacio
3067 5370 3367 5426 simillima.

2157 5569 2244 5625 i5.
2289 5567 2444 5634 Quod
2472 5567 2526 5620 in
2549 5566 2682 5620 libro
2706 5564 3134 5620 Enarrationum
3192 5579 3408 5617 causam
3447 5561 3615 5631 ponit,
3642 5573 3738 5612 cur

2221 5661 2330 5717 illis
2367 5661 2486 5715 vino
2515 5659 2849 5714 interdictum
2881 5659 2974 5716 sit.

2158 5753 2248 5811 16.
2291 5752 2442 5820 Quod
2474 5751 2660 5809 caelum
2689 5751 2785 5806 hoc
2828 5759 3091 5820 creatum,
3120 5766 3185 5806 ea:
3218 5748 3362 5818 fumo
3399 5746 3594 5816 factum
3628 5745 3736 5815 sit;

3308 5842 3384 5900 19
