4058 6466
382 408 492 475 581
1570 405 1891 469 JOANNIS
1929 405 2482 486 cmmcuzmt
3534 407 3641 470 sas

451 540 600 580 mare
623 529 822 590 autem,
854 539 918 578 ex
945 530 1117 578 monte
1172 520 1403 593 quodam
1466 517 1616 589 Caph
1661 517 1953 572 nominato.
1990 523 2034 578 Α

2131 517 2394 581 καπνοῦ,
2445 517 2484 583 ἡ
2543 515 2613 570 δὲ
2669 516 2954 572 θάλασσα
3001 515 3073 581 ἐξ
3101 513 3284 582 ὅρους
3325 515 3481 583 τινὸς
3509 514 3640 586 Κὰρ

2132 607 2593 678 ὀνομαζομένου.

385 706 474 763 l7.
519 705 672 770 Quod
689 703 880 771 solem,
925 703 1131 768 lunam,
1168 700 1366 757 lumine
1405 709 1454 754 et
1498 699 1686 753 virtute
1731 696 1960 768 a’quaies

2061 698 2151 765 ιζ’.
2189 702 2320 755 ὀτι
2347 702 2453 754 τὸν
2488 701 2668 768 ἣλιον
2702 702 2800 755 καὶ
2833 700 2946 766 τὴν
2990 701 3273 772 σελήνην
3303 702 3412 756 ἴσα
3447 699 3648 771 φωτὸς

452 815 565 854 esse
591 797 756 852 dicat.

2132 792 2234 846 καὶ
2263 791 2577 862 δυνάμεώς
2606 808 2758 862 φησι
2788 793 3096 863 γενέσθαι.

385 873 669 954 18.’ριιοά
702 903 735 940 a
764 884 1028 950 Cabriele,
1066 891 1123 937 ut
1156 881 1342 937 coelum
1370 880 1690 946 ascenderet,
1719 889 1957 946 vocatus,

2061 883 2154 954 ιη’.
2193 884 2313 937 Ὅτι
2334 885 2831 951 πρωκληθέντος
2847 885 3062 939 τούτου
3080 885 3240 953 παρὰ
3255 884 3361 940 τοῦ
3378 884 3647 952 Γαϐριὴλ

453 993 519 1033 es:
556 977 650 1032 Dei
681 993 842 1033 manu
881 975 983 1032 sibi
1029 976 1276 1045 imposita
1327 981 1538 1026 tantam
1589 972 1798 1042 frigoris
1853 973 1958 1025 vim

2130 979 2412 1034 ἀνελθεῖν
2445 981 2532 1044 είς
2557 978 2664 1034 τὸν
2690 981 2973 1048 οὐρανὸν,
3003 981 3100 1034 καὶ
3129 980 3235 1035 τοῦ
3261 979 3412 1035 Θεοῦ
3438 981 3646 1045 θέντος

449 1072 697 1135 senserit,
739 1078 798 1125 ut
835 1086 956 1140 qua
1000 1070 1070 1124 ad
1115 1065 1403 1122 medullam
1441 1065 1584 1119 dorsi
1614 1079 1775 1134 usque
1804 1078 1962 1133 pene-

2132 1069 2248 1137 τὴν
2283 1069 2453 1138 χεῖρα
2485 1069 2675 1123 αὐτοῦ
2706 1070 2804 1123 ἐπ’
2844 1069 3027 1134 αὐτῷ,
3074 1071 3377 1137 τοσαύτης
3407 1071 3643 1139 ψύξεως

453 1166 691 1220 traverit.
2129 1165 2424 1230 αἴσθησιν
2457 1161 2668 1216 λαϐεῖν
2712 1163 2921 1230 αὐτὸν,
2959 1164 3039 1229 ὡς
3095 1163 3364 1218 διελθεῖν
3415 1164 3646 1231 ταύτην

2126 1254 2304 1323 μέχρι
2339 1254 2438 1308 καὶ
2477 1255 2586 1309 τοῦ
2625 1255 2906 1309 νωτιαίου
2927 1255 3183 1323 μυελοῦ.

384 1359 472 1417 i9.
514 1360 666 1426 Quod
695 1361 751 1414 in
792 1359 964 1428 capite
1009 1354 1117 1411 Sad
1156 1355 1356 1418 tradat,
1393 1353 1652 1405 da'mones
1697 1365 1813 1403 cum
1857 1365 1958 1402 an-

2063 1345 2152 1401 tB'.
2185 1345 2316 1399 Ὀτι
2346 1347 2416 1399 ἐν
2445 1345 2524 1412 τῷ
2548 1346 2856 1416 κεφαλαίῳ
2882 1344 2961 1411 τῷ
3010 1347 3115 1400 Σὰδ
3142 1345 3338 1416 φησὶν
3373 1345 3453 1410 ὼς
3474 1344 3643 1413 ἅγγε-

450 1453 554 1525 geli
602 1459 792 1517 essent,
844 1467 878 1506 a
933 1449 1044 1503 Deo
1099 1458 1156 1502 ut
1208 1446 1469 1502 Adamum
1515 1443 1800 1498 adorarent
1849 1455 1960 1493 esse

2130 1443 2228 1493 λοι
2255 1437 2427 1504 ὄντες
2450 1442 2504 1493 οὶ
2543 1438 2850 1508 δαίμονες,
2873 1439 2969 1492 καὶ
2988 1437 3472 1506 προσταχθέντες
3485 1435 3641 1504 παρὰ

449 1545 763 1600 constitutos
791 1557 810 1596 :
834 1557 1052 1612 cumque
1084 1544 1179 1594 hoc
1211 1539 1440 1592 aliorum
1473 1534 1782 1606 angelorum
1816 1545 1960 1585 more

2130 1531 2240 1586 τοῦ
2279 1529 2428 1584 Θεοῦ
2456 1527 2886 1598 προσκυνῆσαι
2919 1530 3026 1582 τὸν
3070 1527 3265 1597 Ἀδὰμ,
3289 1529 3402 1583 οὐκ
3428 1527 3642 1594 ἠθέλη-

445 1637 620 1708 facere
645 1634 935 1698 noluerint,
961 1641 1240 1701 prapterea
1267 1629 1530 1684 daemones
1563 1640 1672 1679 esse
1701 1624 1889 1693 factos.

2130 1635 2254 1675 σαν
2284 1621 2537 1690 ποιῆσαι
2579 1620 2778 1687 τοῦτο,
2811 1619 3005 1685 καθὼς
3058 1620 3157 1673 καὶ
3194 1620 3420 1686 πάντες
3450 1624 3504 1674 ol
3537 1621 3641 1690 ἆγ-

2133 1717 2297 1784 τελοι
2326 1717 2803 1782 προσεκύνησαν
2824 1715 3034 1779 αὑτὸν,
3062 1714 3161 1768 καὶ
3183 1713 3282 1768 διὰ
3310 1711 3488 1768 τοῦτο
3517 1712 3643 1782 ἐγέ-

2131 1826 2317 1864 νοντο
2348 1809 2450 1864 δαί
2454 1826 2656 1864 uos-ec.

373 1897 468 1956 20.
506 1897 740 1956 Causam
793 1897 980 1964 tradit,
1018 1904 1231 1968 propter
1275 1910 1438 1965 quam
1473 1893 1653 1948 suillis
1709 1891 1954 1945 carnibus

2131 1828 2317 1864 νοντο
2348 1828 2656 1878 οαιμονες.

2060 1901 2128 1957 κ’.
2166 1903 2296 1956 Ὀτι
2333 1902 2669 1958 ἀποδίδωσι
2703 1902 2821 1969 τὴν
2851 1901 3070 1965 αἰτίαν,
3106 1899 3179 1954 δι’
3205 1897 3285 1968 ἣν
3313 1896 3643 1952 κεκώλυται

446 1991 783 2045 interdictum
815 1991 902 2045 sit.
1639 2047 1649 2054 _

1639 2047 1649 2054 _
2131 1992 2338 2058 αὐτοῖς
2369 1993 2599 2046 ἐσθίειν
2628 1990 2699 2044 τὰ
2726 1992 2857 2045 ὕεια
2878 1991 3045 2059 κρέα.

374 2079 465 2138 21·
507 2077 662 2143 ρυοά
686 2078 825 2132 De!“
855 2079 910 2132 ίη
943 2077 1051 2146 ﬁne
1083 2075 1265 2131 ηῑτιηάί
1291 2090 1442 2129 omne
1474 2073 1745 2129 Ῑιοηιίκτιηι
1770 2080 1817 2126 ει
1850 2088 1951 2126 αη·
2064 2083 2168 2138 καί.
2198 2086 2327 2137 Ὅτι
2353 2084 2501 2150 πρὸς
2534 2082 2614 2148 τῷ
2655 2077 2817 2136 ’τέλει
2871 2082 2978 2137 τοῦ
3041 2083 3272 2150 κόσμου
3327 2075 3654 2135 ἀποκτενεῖ

441 2171 678 2243 gelorum
705 2185 868 2240 genus
893 2170 1155 2224 occisurus
1185 2168 1278 2222 sit.

2134 2176 2280 2240 Θεὸς
2319 2174 2529 2231 πᾶσαν
2554 2175 2749 2243 φύσιν
2784 2173 3060 2243 ἀγγέλων
3088 2172 3188 2228 καὶ
3218 2173 3568 2237 ἀνθρώπων.

374 2264 466 2318 22.
509 2263 662 2328 Quod
691 2261 885 2315 librum
915 2258 1300 2326 conscripserit,
1335 2257 1608 2312 duodecim
1641 2255 1810 2310 millia
1840 2271 1955 2310 ser-

2062 2267 2165 2339 κβ’.
2209 2269 2329 2321 ’Ότι
2355 2266 2782 2335 συνεγράψατο
2804 2262 3055 2332 βιϐλίον
3073 2264 3434 2319 δυοκαίδεκα
3456 2261 3649 2331 χιλιά-

445 2371 660 2409 manum
709 2354 1064 2407 continentem
1101 2362 1177 2406 :e
1223 2350 1407 2420 quibus
1431 2358 1511 2403 ter
1551 2346 1696 2402 mille
1747 2348 1957 2419 quidem

2132 2359 2246 2426 δας
2278 2360 2503 2430 λόγους
2532 2361 2680 2427 ἕχον
2702 2357 3111 2428 θαυμαστοὺς,
3145 2357 3244 2410 καὶ
3271 2356 3392 2410 ἀπὸ
3418 2354 3651 2408 τούτων

441 2447 551 2501 veri
575 2447 702 2512 sint,
735 2445 911 2500 ceteri
932 2451 1110 2498 autem
1141 2441 1287 2512 falsi.

2131 2456 2187 2508 οι
2215 2453 2333 2523 μὲν
2372 2453 2696 2524 τρισχίλιοι
2733 2452 2896 2507 εἰσιν
2935 2449 3205 2520 ἀληθεῖς,
3254 2449 3310 2505 ol
3338 2447 3408 2502 δὲ
3451 2445 3650 2515 ἕτεροι

945 2600 952 2606 .
2132 2545 2404 2616 ¹ψευδεῖς.

374 2638 465 2694 25.
509 2637 662 2702 Quod
687 2637 741 2690 in
770 2636 941 2706 capite
959 2632 1239 2698 Ceramar,
1275 2632 1418 2686 dicat
1446 2646 1501 2684 se
1531 2628 1713 2682 lunam
1737 2629 1794 2682 in
1823 2628 1964 2682 duas.

2062 2637 2168 2706 κγ’.
2207 2637 2336 2690 Ὀτι
2359 2637 2430 2690 ἐν
2455 2635 2536 2702 τῷ
2563 2638 2874 2706 κεφαλαίῳ
2908 2635 2990 2702 τῷ
3029 2633 3306 2706 Κεραμὲρ
3347 2630 3538 2702 φησιν
3561 2629 3648 2695 ὡς

448 2737 625 2800 partes
656 2727 980 2788 dissecuisse,
1016 2739 1245 2790 quarum
1272 2722 1446 2777 altera
1475 2721 1680 2792 quidem
1725 2721 1779 2774 in
1815 2719 1959 2774 tuni-

2136 2726 2352 2796 έσχισε
2378 2725 2494 2793 τὴν
2522 2727 2801 2795 σελήνην
2831 2727 2919 2792 εἱς
2969 2726 3078 2779 δύο
3109 2724 3406 2794 τμήματα,
3447 2722 3545 2776 καὶ
3576 2721 3646 2774 τὸ

448 2837 567 2875 cam
590 2820 759 2885 illius,
787 2819 964 2872 altera
986 2832 1106 2871 vero
1139 2816 1196 2870 in
1231 2822 1432 2868 terram
1458 2812 1742 2879 deciderit;
1772 2811 1958 2866 deinde

2130 2817 2248 2887 μὲν
2276 2818 2467 2886 ἥμισυ
2509 2817 2627 2872 ἀπὸ
2672 2818 2904 2871 τούτων
2946 2815 3238 2884 εἰσῆλθεν
3269 2818 3357 2882 εις
3388 2813 3498 2868 τὸν
3551 2831 3645 2882 χι-

447 2929 569 2968 uero
616 2914 876 2984 integram
921 2924 1131 2964 rursum
1167 2907 1473 2962 restituisse.

2135 2907 2294 2961 τῶνα
2331 2906 2543 2972 αὐτοῦ,
2595 2907 2660 2961 τὸ
2711 2906 2780 2960 δὲ
2814 2905 3022 2974 ἕτερον
3062 2905 3253 2974 ἣμισυ
3300 2903 3526 2957 ἔπεσεν
3555 2904 3644 2966 εἱς

2133 2997 2249 3066 τὴν
2267 2996 2403 3066 γῆν,
2423 2997 2523 3051 καὶ
2538 2992 2714 3062 αὖθις
2725 2995 3228 3062 ἀποκατέστησεν
3245 2991 3645 3062 αὑτὴνσώαν.

374 3094 469 3150 24.
506 3092 660 3161 Quod
694 3089 837 3146 Deus
861 3097 914 3144 et
939 3087 1116 3160 angeli
1150 3103 1246 3160 pro
1277 3085 1578 3142 Hahomete
1607 3092 1778 3142 orent.

2065 3090 2306 3166 κδ’.’οτι
2328 3089 2359 3142 ὸ
2387 3089 2532 3155 Θεὸς
2567 3088 2669 3142 καὶ
2699 3090 2753 3143 ol
2775 3089 3019 3160 ἄγγελοι
3050 3088 3331 3156 εὔχονται
3356 3085 3510 3156 ὑπὲρ
3537 3086 3644 3142 τοῦ

2135 3181 2390 3252 Μωάμεθ
2399 3220 2412 3235 .
2923 3225 2950 3238 ..

376 3273 468 3327 9.5.
513 3270 665 3338 Quod
699 3271 755 3324 in
784 3270 957 3340 capite
989 3269 1294 3336 Helmaida,
1335 3267 1476 3338 quod
1498 3266 1546 3321 si
1575 3267 1956 3338 interpreteris,

2061 3279 2159 3328 κε’.
2199 3222 2329 3326 Ὅτι
2362 3272 2433 3327 ἐν
2460 3272 2540 3338 τῷ
2568 3273 2878 3343 κεφαλαίῳ
2923 3231 3002 3338 τῷ
3039 3271 3301 3344 Ἐλμαιδᾶ
3327 3312 3340 3338 ,
3375 3271 3518 3338 ὅπερ
3545 3269 3643 3338 ἐρι

444 3375 689 3418 mensam
716 3360 1001 3430 signiﬁcat,
1025 3359 1266 3429 afﬁrmet,
1292 3358 1538 3414 Hebraos
1571 3355 1958 3413 etC/zristianos

2124 3365 2453 3436 μηνεύεται
2504 3365 2781 3436 τράπεζα,
2812 3365 2901 3434 μὴ
2946 3360 3101 3419 εῖναι
3130 3363 3272 3429 τοὺς
3311 3361 3641 3432 Ἐϐραίους,

447 3470 555 3510 non
608 3466 720 3507 esse
773 3449 924 3518 ﬁlios.
971 3450 1092 3518 Dei,
1139 3467 1235 3507 nec
1277 3452 1474 3507 amicos
1522 3451 1661 3522 ejus,
1709 3466 1769 3506 eo
1817 3449 1960 3522 quod

2132 3457 2232 3512 και
2270 3457 2413 3524 τοὺς
2463 3457 2867 3525 Χριστιανοὺς
2904 3455 3076 3523 υἱοὺς
3126 3455 3276 3511 Θεοῦ
3315 3454 3354 3524 ἣ
3397 3455 3648 3525 φίλους,

449 3544 791 3616 afﬂigantur.
1685 3622 1694 3631 .

1685 3622 1694 3631 .
2128 3551 2230 3606 διὰ
2258 3551 2328 3605 τὸ
2357 3550 2755 3606 παιδεύεσθαι
2787 3550 3035 3617 αὐτούς.

645 3673 1052 3738 οεΑτιοΝιε.
1083 3675 1369 3735 TERTIA?
1406 3675 1573 3735 CAP]
1579 3676 1689 3734 TA.

2272 3690 2646 3745 ΚΕΦΑΛΔΙΑ
2691 3691 2776 3744 ΤΟ
2792 3689 2835 3742 Υ
2877 3686 3001 3744 ΤΡΙ
3006 3690 3148 3743 ΤΟΥ
3175 3687 3427 3743 ΛΟΓΟΥ.

379 3823 432 3880 i‘.
470 3819 623 3889 Quod
679 3817 1000 3891 impossibile
1069 3817 1135 3872 sit
1172 3814 1342 3872 Deum
1387 3816 1578 3872 habere
1627 3815 1800 3886 ﬁlium
1845 3818 1958 3872 sine

2059 3841 2127 3879 α.
2165 3826 2291 3878 Ὅτι
2329 3827 2442 3880 οὐκ
2491 3825 2626 3878 ἐστι
2668 3824 2936 3878 δυνατὸν
2961 3822 3072 3878 τὸν
3117 3823 3268 3878 Θεὸν
3318 3822 3452 3878 υἱὸν
3493 3820 3645 3876 ἄνευ

445 3913 686 3968 muliere.

2130 3915 2422 3985 γυναικὸς
2449 3915 2638 3984 ἔχειν.

375 4004 431 4060 2.
473 4005 695 4070 Quodsi
723 4003 897 4073 ﬁlium
931 4004 1069 4059 Deus
1101 4003 1364 4072 habuerit,
1390 4005 1492 4058 erit
1531 4003 1672 4058 inter
1711 4011 1958 4073 utrosque

2064 4009 2128 4080 β’.
2165 4009 2287 4062 Ὅτι
2321 4011 2375 4062 εὶ
2421 4009 2559 4063 υἱὸν
2585 4003 2752 4078 εἶχεν
2795 4010 2829 4062 ὁ
2866 4007 3033 4074 Θεὸς,
3067 4007 3377 4078 σχίσματα
3413 4005 3492 4063 ἂν
3517 4006 3639 4075 ἐγέ-

451 4095 746 4151 dissidium.

2131 4117 2314 4154 νοντο
2338 4099 2538 4169 μέσον
2563 4099 2763 4156 αὐτῶν

378 4189 433 4243 5.
475 4187 628 4254 Quod
648 4189 701 4242 in
725 4186 960 4258 capitulo
974 4186 1195 4255 Emesa,
1218 4186 1359 4260 quod
1383 4184 1646 4241 mulieres
1670 4186 1956 4258 signiﬁcat,

2061 4199 2130 4262 γ’.
2167 4193 2298 4248 Ὅτι
2347 4193 2419 4247 ἐν
2464 4192 2546 4258 τῷ
2594 4193 2905 4262 κεφαλαίῳ
2953 4193 3032 4259 τῷ
3074 4191 3323 4259 Ἐλνεσὰ,
3372 4193 3517 4260 ὅπερ
3553 4190 3647 4259 ἐρ-

449 4279 614 4344 dicat,
656 4277 928 4334 Christum
960 4297 1091 4352 esse,
1118 4280 1348 4334 Verbum
1398 4277 1512 4344 Dei,
1551 4277 1789 4335 animam
1839 4281 1956 4349 Dei,

2126 4285 2450 4354 μηνεύεται
2501 4288 2756 4351 γυναῖκες
2782 4323 2796 4347 ,
2835 4285 3025 4354 λόγον
3080 4282 3230 4337 Θεοῦ
3287 4282 3384 4336 καὶ
3430 4280 3646 4351 ψυχὴν

455 4381 507 4425 et
533 4372 783 4443 spiritum
811 4371 932 4426 Dei.

2134 4375 2307 4441 Θεοῦ,
2342 4375 2441 4429 καὶ
2477 4373 2681 4441 πνοὴν
2696 4373 2846 4429 Θεοῦ
2862 4373 3026 4444 λέγει
3047 4369 3202 4428 εἶναι
3218 4373 3326 4427 τὸν
3349 4373 3634 4440 Χριστόν.

381 4467 438 4521 ι..
479 4464 634 4531 Quod
668 4465 937 4520 Christum
984 4480 1051 4519 ea:
1081 4463 1281 4535 virgine
1319 4464 1454 4520 citra
1503 4465 1709 4523 virilem
1740 4483 1960 4538 operam

2061 4468 2124 4521 δ’.
2163 4467 2290 4519 ὀτι
2331 4465 2402 4518 ἐκ
2440 4464 2745 4532 παρθένου
2770 4463 3054 4534 ὁμολογεῖ
3079 4461 3484 4534 γεγεννῆσθαι
3539 4461 3649 4515 τὸν

386 4593 419 4611 -
452 4545 688 4627 genitum
725 4570 834 4608 esse
875 4562 1113 4609 testetur.

1992 4562 2048 4618 D'
2135 4557 2396 4626 Χριστὸν
2416 4557 2566 4610 ἄνευ
2595 4555 2844 4624 ἀνδρός.

383 4645 436 4702 5.
479 4645 631 4712 Quod
660 4655 808 4716 neget
830 4643 1100 4700 Christum
1127 4653 1175 4698 et
1199 4643 1366 4699 Deum
1391 4661 1500 4700 esse
1527 4655 1577 4700 et
1608 4645 1701 4700 Dei
1727 4645 1955 4714 Filium,

2068 4656 2127 4705 ε’.
2168 4651 2300 4703 ’Ὅτι
2329 4648 2596 4718 ἀρνεῖται
2629 4647 2695 4701 τὸ
2726 4649 2835 4701 τὸν
2861 4647 3122 4716 Χριστὸν
3161 4641 3317 4700 εἶναι
3355 4646 3504 4699 Θεὸν
3545 4642 3646 4698 καὶ

453 4737 600 4794 illius
627 4739 788 4793 etiam
819 4737 1262 4792 incarnationem.
1304 4737 1564 4792 Eumdem
1598 4755 1720 4794 vero
1758 4740 1960 4793 nudum

2140 4742 2291 4796 Θεοῦ
2329 4741 2488 4805 Υιὸν,
2541 4741 2705 4796 ἀλλὰ
2740 4742 2840 4795 καὶ
2871 4741 2988 4810 τὴν
3035 4741 3256 4794 τούτου
3313 4739 3644 4806 σάρκωσιν.

458 4829 846 4895 tantummodo,
877 4837 939 4883 ut
979 4829 1276 4895 Nestorius,
1306 4831 1566 4885 hominem
1595 4841 1783 4895 uocat,-
1830 4847 1960 4885 san-

2144 4831 2338 4886 Ψιλὸν
2364 4831 2434 4885 δὲ
2461 4833 2650 4902 μόνον
2687 4831 3010 4902 ἄνθρωπον
3047 4831 3214 4901 λέγει
3254 4830 3472 4884 τοῦτον
3499 4829 3649 4883 κατὰ

454 4933 598 4977 ctum
621 4938 767 4990 vero,
795 4930 845 4976 et
875 4921 1076 4977 cunctis
1105 4921 1399 4976 hominibus
1426 4922 1874 4977 excellentiorem.
1917 4957 1924 4987 ς

2136 4921 2486 4990 Νεστόριον,
2525 4922 2698 4986 ἅγιον
2727 4921 2796 4975 δὲ
2825 4919 2924 4976 καὶ
2966 4919 3120 4990 ὑπὲρ
3157 4921 3393 4983 πάντας
3421 4917 3647 4986 ἀνθρώ-

2137 5031 2310 5081 πους.

382 5101 438 5158 6.
474 5101 594 5158 Non
633 5100 927 5167 Christum,
963 5098 1053 5154 sed
1095 5099 1266 5154 alium
1307 5099 1423 5155 loco
1463 5099 1606 5156 illius
1646 5101 1960 5170 cruciﬁxum

2069 5104 2144 5172 ς’.
2176 5108 2306 5162 Ὅτι
2333 5107 2419 5176 μὴ
2444 5106 2865 5176 ἐσταυρῶσθαι·
2901 5105 3011 5160 τὸν
3049 5106 3330 5176 Χριστὸν,
3359 5105 3498 5162 ἀλλ’
3522 5104 3647 5158 ἕτε-

450 5211 581 5251 8888.

2130 5217 2248 5269 ρον
2276 5200 2406 5255 ἀντ’
2434 5200 2695 5254 ἐκείνου.

385 5289 438 5344 7.
481 5287 633 5355 Quod
666 5285 808 5340 Deus
841 5283 1111 5340 Christum
1163 5285 1235 5339 ad
1273 5301 1342 5340 se
1379 5287 1435 5340 in
1482 5285 1636 5342 caelos
1675 5288 1958 5355 vocaverit,

2067 5291 2135 5357 ζ’.
2172 5293 2304 5345 Ὅτι
2334 5294 2366 5346 ό
2395 5291 2541 5357 Θεὸς
2568 5291 2676 5345 τὸν
2697 5289 2955 5358 Χριστὸν
2977 5289 3475 5360 προσεκαλέσατο
3498 5287 3649 5355 ,πρὸς

454 5378 593 5432 hunc
616 5383 802 5432 autem.
834 5376 891 5430 in
921 5375 1030 5443 ﬁne
1053 5376 1234 5430 mundi
1264 5387 1542 5434 venturum
1576 5395 1705 5446 esse,
1727 5387 1777 5434 et
1811 5381 1964 5436 Anti-

2136 5383 2356 5439 ἐαυτὸν
2404 5386 2490 5450 εις
2521 5383 2666 5449 τοὺς
2717 5385 3039 5452 οὐρανούς.
3089 5381 3232 5450 Περὶ
3281 5382 3350 5435 δὲ
3397 5381 3470 5434 τὰ
3500 5379 3644 5446 τέλη

455 5469 712 5524 christum
750 5469 1040 5524 occisurum
1063 5507 1080 5535 ,
1129 5483 1233 5538 quo
1275 5469 1415 5541 facta
1468 5480 1516 5526 et
1569 5475 1675 5544 ipse
1722 5472 1960 5529 Christus

2136 5476 2244 5530 τοῦ
2267 5477 2500 5545 κόσμου
2517 5475 2730 5544 μέλλει
2757 5475 3123 5530 ἐλεύσεσθαι
3147 5475 3247 5528 καὶ
3275 5471 3649 5529 θανατώσειν

457 5559 747 5614 moriturus
785 5561 875 5615 sit.
1202 5583 1208 5588 ·

2138 5567 2247 5621 τὸν
2291 5567 2448 5623 Ἀντί
2448 5583 2718 5635 χριστον,
2737 5565 2890 5638 μετὰ
2903 5566 2974 5621 δὲ
2998 5567 3187 5623 ταῦτα
3215 5565 3315 5620 καὶ
3333 5564 3521 5619 αὐτὸν
3541 5559 3647 5616 τὸν

2137 5659 2402 5730 Χριστὸν
2430 5659 2779 5716 ἀποθανεῖν.

384 5737 438 5796 8.
479 5741 1127 5819 ChristianosDeiparam
1153 5749 1412 5820 uirginem
1444 5750 1499 5804 in
1525 5750 1656 5806 Deos
1694 5752 1960 5822 retulisse,

2068 5759 2141 5824 η’.
2161 5752 2292 5806 ὀτι
2318 5753 2743 5821 ⁹θεοποιοῦνται
2767 5755 2819 5807 οἱ
2838 5751 3182 5822 Χριστιανοὶ
3199 5749 3316 5817 τὴν
3333 5746 3641 5805 Θεοτόκον·

454 5843 679 5900 earngue
706 5849 940 5896 sororem
967 5855 1080 5898 esse
1100 5839 1263 5898 Hosis
1284 5855 1333 5898 et
1359 5843 1606 5901 Aaronis.

2142 5843 2239 5900 καὶ
2275 5844 2361 5899 ὅτι
2391 5844 2566 5900 ἐστὶν
2584 5844 2820 5918 ἀδελφὴ
2856 5844 2964 5902 τοῦ
2981 5842 3244 5910 Μωσέως
3274 5841 3373 5897 καὶ
3407 5839 3644 5910 Ἀαρών,
