4058 6430
384 383 486 450 591

1576 389 1898 452 JOANNIS
1940 389 2475 453 CANTACUZENI

3533 397 3638 462 59?.

378 500 528 554 ontnl
577 483 810 554 scientia
852 500 1139 566 destituta,
1185 516 1534 573 nequaquam
1564 520 1593 558 a
1625 518 1755 557 vero
1797 502 1949 556 aber-

2064 503 2186 555 ἐπεὶ
2215 504 2309 556 καὶ
2336 509 2361 558 6
2389 507 2663 576 χείριστος
2703 508 2993 578 οὑκΰέστιν
3028 508 3295 580 ἀμέτοχος
3338 510 3514 580 πάντη
3549 511 3643 562 τοὸ

375 591 599 646 raverit.
627 591 769 658 Quid
792 593 940 648 enim
971 594 1216 651 deterius
1249 605 1332 651 est
1365 597 1607 661 homine,
1631 597 1722 664 qui
1745 595 1956 648 ratione

373 694 431 739 et
484 683 799 740 eruditione
850 686 1149 742 destitutus
1204 689 1320 742 est?
1375 689 1765 742 Verumtamen
1830 700 1955 740 cum

373 789 478 828 nec
533 775 806 843 pessimus
859 777 1093 845 quisque
1144 778 1291 831 omni
1339 780 1480 832 bono
1540 776 1593 830 in
1637 775 1953 830 universum

375 874 586 930 careat,
623 865 759 919 nihil
801 875 981 920 tamen
1016 869 1118 921 hoc
1151 866 1438 936 profuerit.
1477 866 1554 920 En
1587 867 1731 920 enim
1768 865 1956 920 miseri

377 957 584 1010 Arabes
637 957 767 1010 dttm
803 959 942 1012 bona
993 969 1263 1028 qurerunt,
1322 959 1377 1011 in
1432 958 1572 1011 mala
1615 957 1952 1020 inciderunt,

371 1057 426 1100 et
455 1048 598 1101 viam
632 1048 824 1102 salutis
867 1057 1189 1118 appetentes
1216 1050 1270 1102 in
1307 1047 1638 1116 profundum
1683 1046 1950 1117 perditio-

371 1137 457 1190 nis
487 1138 693 1205 delapsi
739 1147 882 1192 sunt.
920 1137 1193 1192 Mahomet
1244 1138 1392 1191 enim
1428 1137 1527 1191 hos
1567 1153 1632 1191 ex
1675 1137 1758 1188 via
1805 1135 1951 1189 veri-

373 1228 501 1282 tatis
559 1228 816 1283 seductos
873 1229 928 1282 in
971 1238 1184 1282 montes
1217 1229 1445 1282 abduxit
1491 1239 1547 1282 et
1601 1226 1950 1290 solitudines,

373 1318 634 1388 locosque
679 1333 816 1388 quos
856 1335 966 1373 non
1004 1319 1230 1390 inSpicit
1282 1319 1567 1381 Dominus,
1608 1327 1668 1372 ut
1701 1333 1808 1371 non
1845 1319 1947 1370 im.

373 1409 574 1488 merito
613 1425 774 1463 orare
805 1409 1152 1474 debuissent,
1189 1409 1424 1464 dicendo
1460 1427 1474 1463 :
1517 1428 1534 1460 ι
1582 1408 1809 1464 Custodi
1847 1424 1951 1463 nos

371 1518 400 1556 a
453 1503 648 1572 laqueo
693 1516 854 1570 quem
883 1512 1189 1571 posuerunt
1219 1503 1397 1561 nobis.
1423 1509 1476 1556 et
1506 1502 1574 1555 ab
1604 1500 1950 1556 oll‘eudiculis

370 1595 716 1665 operantium
747 1595 1119 1664 iniquitatem.
1157 1593 1442 1650 Constitue
1469 1594 1697 1648 Domine
1738 1593 1951 1662 legisla-

374 1699 544 1741 torent
578 1703 745 1757 super
775 1702 898 1742 nos.
935 1706 952 1738 ι
986 1687 1105 1742 Non
1138 1696 1317 1741 tamen
1361 1695 1647 1757 propterea
1692 1700 1790 1752 pro
1858 1685 1949 1755 ju-

376 1779 481 1833 stis
513 1777 884 1844 habebuntur,
936 1787 996 1832 ut
1039 1779 1132 1849 qui
1185 1777 1414 1833 fortasse
1450 1778 1543 1832 Dei
1586 1777 1947 1842 voluntatem,

2051 596 2300 664 ’ἁγαθοῦο
2357 600 2404 650 εί
2453 599 2495 651 δ’
2529 597 2640 664 οὖν,
2679 603 2758 664 είς
2787 603 2845 655 τὸ
2875 602 3044 672 μηδὲν
3072 603 3353 671 ἐχώρησεν
3380 601 3466 656 ἄν.
3504 602 3642 654 Ἰδοὺ

2062 691 2156 742 καὶ
2187 691 2235 742 οί
2281 690 2512 755 τάλανες
2549 694 2789 764 Ἀραϐες
2842 695 3027 762 ἀγαθά
3084 694 3401 763 ζητοῦντες,
3453 697 3641 756 κακοῖς

2058 780 2336 849 ἐνέτυχον,
2367 785 2462 834 καὶ
2485 783 2606 836 ὁδὸν
2632 786 2907 853 σωοηρίας
2931 784 3234 850 αἰτοῦντες,
3262 785 3341 846 εἰς
3365 783 3642 854 βάραθρον

2058 873 2336 937 ἀπωλείας
2369 875 2649 930 ἐνέπεσον.
2689 877 2747 929 Ὀ
2779 877 2886 944 γὰρ
2920 875 3160 945 Μωάμεθ
3192 877 3377 929 οὗτοσὶ
3429 879 3491 929 ὲκ
3541 879 3643 945 τῆς

2056 962 2178 1016 ὀδοῦ
2227 965 2326 1033 τῆς
2369 965 2632 1036 ἀληθείας
2665 965 2891 1026 τούτους
2937 965 3245 1034 πλανήσας,
3291 967 3371 1027 είς
3413 964 3514 1035 δρη
3551 967 3642 1018 καὶ

2056 1054 2292 1122 ἐρημίας
2322 1056 2611 1125 εἰσήγαγε,
2661 1059 2756 1108 καὶ
2806 1056 3010 1116 τόπους
3041 1054 3136 1117 οὒς
3195 1055 3295 1106 οὐκ
3349 1055 3642 1107 ἐπισκοπεῖ

2056 1146 2259 1216 Κύριος
2287 1163 2301 1178 ο
2332 1147 2428 1201 καὶ
2462 1148 2687 1211 δικαίως
2709 1147 2942 1216 ηὔξαντο
2967 1148 3031 1201 ἂν
3059 1147 3330 1210 εἰπόντες,
3360 1165 3378 1198 ι
3403 1146 3640 1209 Φύλαξον

2055 1241 2224 1308 ἡμᾶς,
2257 1240 2428 1310 Κύριε
2460 1281 2474 1305 ,
2505 1243 2612 1294 ἀπὸ
2648 1241 2899 1310 παγίδος,
2927 1236 2994 1311 ἧς
3046 1241 3451 1310 συνεστήσαντο
3486 1239 3637 1308 ἡμῖν,

2055 1332 2152 1384 καὶ
2191 1332 2296 1384 ἀπὸ
2326 1333 2642 1386 σκανδάλων
2669 1334 2778 1385 τῶν
2818 1332 3210 1402 ἐργαζομένων
3253 1332 3354 1400 τὴν
3385 1329 3639 1392 ἀνομίαν.

2055 1422 2433 1490 Κατάσττβον,
2464 1424 2636 1490 Κύριε
2664 1464 2678 1488 ,
2707 1423 3004 1492 νομ·.θέτην
3043 1422 3127 1490 ἐφ’
3159 1423 3327 1492 ἡμᾶς.
3365 1440 3382 1472 ι
3417 1419 3557 1472 Ἀλλ’
3577 1419 3637 1472 οὒ

2055 1514 2204 1582 παρά
2241 1513 2400 1567 τοῦτο
2428 1514 2786 1578 δικαιοῦνται,
2822 1514 2898 1578 ὡς
2943 1515 3016 1584 μὴ
3047 1515 3249 1576 εἰδότες
3284 1513 3422 1583 τάχα.
3463 1513 3521 1572 τὸ
3546 1509 3639 1564 τοῦ

2052 1605 2186 1658 Θεοῦ
2220 1605 2454 1674 θέλημα,
2475 1607 2534 1659 τὸ
2563 1607 2771 1660 δίκαιον
2793 1647 2807 1673 ,
2841 1606 2936 1659 καὶ
2968 1607 3145 1672 ἅγιον,
3184 1606 3274 1657 καὶ
3322 1604 3636 1673 εὐάρεστον.

2052 1699 2145 1761 Είς
2168 1701 2350 1753 πᾶσαν
2375 1702 2468 1754 καὶ
2499 1699 2602 1770 γὰρ
2629 1699 2727 1769 τὴν
2757 1700 2860 1768 γῆν
2893 1697 3118 1766 ἐξῆλθεν
3140 1699 3165 1748 6
3194 1699 3302 1750 τῶν
3325 1696 3640 1749 ἀποστόλων

2054 1787 2314 1855 φθόγγος,
2363 1787 2459 1840 καὶ
2491 1790 2572 1844 είς
2614 1788 2799 1841 πᾶσαν
2832 1786 2931 1856 τὴν
2967 1788 3302 1854 οἰκουμένην
3353 1784 3639 1854 ἐκηρύχθη

361 1873 594 1940 justum,
646 1880 920 1935 sanctum,
964 1844 1186 1940 Deoque
1239 1870 1504 1940 placitum
1549 1870 1947 1938 ignoraverint.

2055 1844 2115 1926 τὸ
2171 1844 2535 1942 ’έῦαγγέλιο-ι,
2582 1874 2863 1936 Ἰουδαίοις
2887 1844 2899 1856 ’
2920 1889 2982 1926 τε
3013 1876 3109 1924 καὶ
3132 1844 3269 1934 ’τοῖς
3305 1844 3514 1924 ἔθνεσιν

355 1962 424 2017 1n
491 1964 804 2017 universam
862 1963 1014 2017 enim
1074 1972 1278 2017 terram
1337 1961 1511 2017 exivit
1569 1961 1948 2032 apostolorum

359 2069 557 2119 sonus,
587 2063 643 2109 et
675 2054 1029 2122 Evangelium
1061 2054 1114 2108 in
1145 2063 1320 2108 totum
1351 2054 1538 2108 orbem
1561 2053 1949 2106 annuntiatum

361 2154 447 2199 est
495 2153 552 2199 et
580 2145 786 2200 Iudaeis
839 2154 895 2200 et
927 2145 1204 2216 gentibus,
1254 2146 1312 2200 in
1369 2145 1746 2200 testimonium
1795 2143 1946 2214 ipsis.

351 2234 534 2302 ’Quale
571 2251 701 2292 vero
749 2238 996 2308 gentium
1030 2235 1449 2292 testimonium?
1481 2236 1664 2306 Ipsum
1707 2237 1950 2306 Evange-

362 2327 522 2392 lium,
580 2327 696 2396 ipsa
752 2328 1096 2398 praedicatio,
1149 2329 1268 2398 ipsa
1326 2327 1580 2383 doctrina
1639 2327 1946 2397 sapientum

356 2419 768 2489 "apostolorum,
793 2418 888 2490 qui
920 2418 1276 2490 Evangelium
1309 2417 1945 2472 annuntiaveruntomni

357 2521 653 2578 creaturae,
688 2526 719 2566 e
767 2512 969 2580 quibus
1025 2511 1118 2566 alii
1165 2510 1390 2581 quidem
1439 2510 1672 2566 veritate
1730 2511 1947 2580 cognita

362 2602 735 2656 adoraverunt
785 2601 1189 2670 eolueruntque
1242 2599 1421 2654 solum
1483 2601 1654 2655 Deum
1713 2616 1945 2663 verum;

360 2691 458 2746 alii
478 2706 616 2762 vero
640 2691 705 2746 ad
733 2705 798 2747 ea
835 2707 957 2760 quae
992 2690 1347 2756 dicebantur,
1381 2707 1490 2746 non
1529 2691 1723 2745 intenti
1752 2703 1944 2755 erant;

361 2783 456 2838 alii
493 2798 712 2838 rursum
756 2782 825 2838 ad
873 2791 1088 2852 tempus
1117 2781 1326 2846 fideles,
1365 2791 1555 2852 postea
1596 2782 1650 2835 in
1683 2781 1948 2852 perditio-

357 2877 450 2932 ‘nis
476 2876 798 2932 barathrum
821 2875 1028 2930 reversi
1065 2882 1218 2938 sunt,
1259 2883 1314 2928 et
1353 2873 1605 2943 quamvis
1645 2872 1946 2926 idololatrzze

360 2983 472 3024 non
505 2968 732 3032 fuerint,
775 2976 835 3020 ut
865 2966 1042 3037 prius,
1068 2965 1124 3020 in
1159 2965 1309 3020 aliud
1359 2976 1540 3022 tamen
1581 2964 1945 3036 praecipitium

365 3061 598 3131 apriori
653 3060 795 3114 nihil
859 3059 1124 3115 differens
1188 3058 1524 3114 inciderunt.
1593 3056 1692 3111 llic
1762 3057 1947 3126 itaque

363 3156 603 3226 primum
652 3163 934 3225 parentem
978 3165 1137 3209 suum
1172 3153 1449 3208 diabolum
1499 3152 1711 3208 scilicet
1761 3151 1945 3205 imita-

2059 1965 2362 2036 μαρτύριον
2399 1966 2604 2030 αὐτοῖς.
2641 1966 2802 2018 Ποῖόν
2835 1965 2953 2018 ἐστι
2987 1965 3047 2018 τὸ
3079 1965 3190 2018 τῶν
3224 1964 3394 2018 ἐθνῶν
3429 1963 3641 2033 μαρτύ-

2056 2076 2205 2130 ριον;
2241 2059 2382 2111 Αὐτὸ
2417 2059 2475 2110 τὸ
2509 2059 2865 2126 Εὐαγγέλιον,
2897 2057 3028 2111 αὐτὸ
3073 2057 3133 2110 τὸ
3171 2059 3461 2126 κήρυγμα.
3499 2054 3640 2122 αὑτὴ

2053 2153 2086 2222 ή
2118 2150 2438 2203 διδασκαλία
2469 2151 2581 2202 τῶν
2615 2149 2797 2219 σοφῶν
2839 2149 3182 2210 ἀποστόλων,
3212 2148 3320 2200 τῶν
3364 2146 3641 2216 κηρυξάν-

2051 2257 2160 2294 των
2199 2241 2260 2292 τὸ
2300 2239 2634 2308 Εὑαγγέλιον
2666 2241 2723 2292 ὲν
2759 2240 2912 2311 πάσῃ
2962 2241 3029 2309 τῇ
3066 2238 3263 2291 κτίσει.
3308 2236 3424 2303 Ἀφ’
3474 2231 3540 2307 ἦς
3589 2233 3641 2286 οι

2057 2331 2156 2399 μὲν
2194 2331 2416 2398 γνόντες
2447 2329 2541 2399 τὴν
2571 2329 2835 2399 ἀλήθειαν
2870 2328 3294 2400 προσεκύνησαν
3324 2329 3417 2380 καὶ
3444 2327 3640 2381 ἐσεϐά-

2055 2418 2262 2488 σθησαν
2295 2419 2387 2471 τὸν
2424 2419 2584 2488 μόνον
2636 2412 2812 2488 ἀληθῆ
2847 2419 3004 2482 Θεὸν,
3030 2419 3078 2472 ol
3108 2418 3165 2471 δὲ
3219 2418 3377 2470 οὐδὲν
3431 2419 3640 2488 προσή-

2052 2527 2218 2563 καντο
2245 2511 2354 2563 τῶν
2389 2511 2722 2580 λεγομένων,
2762 2512 2811 2563 οί
2839 2510 2895 2562 δὲ
2931 2510 3068 2581 πρὸς
3100 2512 3283 2578 ὀλίγον
3312 2512 3638 2564 πιστεύσαν-

2050 2620 2162 2668 τες,
2183 2605 2343 2658 πάλιν
2373 2604 2869 2673 ὲπανεστράφησαν
2899 2605 2976 2667 είς
3003 2606 3064 2657 τὸ
3097 2605 3196 2672 τῆς
3226 2605 3500 2663 ἀπωλείας
3538 2605 3639 2675 βά·

2027 2695 2275 2766 ’ραθρον.
2321 2695 2428 2749 Καὶ
2453 2697 2536 2748 ὅτι
2583 2695 2683 2764 μὲν
2714 2695 3104 2766 εἰδωλολάτραι
3134 2695 3236 2748 οὐκ
3264 2698 3516 2764 ἐγένοντο
3561 2696 3638 2758 ὠς

2051 2785 2112 2838 τὸ
2144 2787 2295 2854 πρὶν,
2327 2785 2657 2855 περιέπεσον
2689 2784 2747 2836 δὲ
2780 2785 2952 2855 ἑτέρῳ
2997 2785 3252 2856 κρημνῷ,
3287 2785 3379 2838 τοῦ
3412 2783 3633 2854 πρώτου

2054 2872 2224 2943 μηδὲν
2251 2872 2590 2943 διαφέροντι,
2619 2865 2773 2934 οὗτος
2801 2873 2892 2925 τὸν
2921 2872 3054 2925 ίδιον
3091 2873 3304 2941 πατέρα
3339 2873 3431 2924 τὸν
3454 2870 3638 2924 διάϐο-

2047 2962 2142 3015 λον
2184 2961 2591 3032 μιμησάμενος,
2649 2960 2708 3023 ὃς
2771 2959 2955 3013 πεσὼν
2990 2959 3066 3022 ὼς
3118 2960 3377 3030 ἀστραπὴ
3429 2961 3494 3012 ἐκ
3540 2959 3638 3013 τοῦ

2048 3055 2278 3126 οὐρανοῦ
2313 3054 2450 3121 μετά
2477 3055 2538 3106 τὸ
2569 3053 2943 3124 ἀπορῤιφῆναι
2972 3052 3067 3105 τοῦ
3130 3053 3261 3104 ίδίου
3306 3069 3640 3121 κατοικητη-

2057 3148 2200 3219 ρίου,
2228 3147 2328 3200 οὐκ
2361 3148 2425 3216 ἑᾷ
2453 3162 2558 3198 τινι
2603 3145 2711 3198 τῶν
2768 3142 3076 3214 ἀνθρώπων
3117 3144 3456 3214 ἀπειράστῳ,
3497 3143 3639 3198 ἀλλά

366 3257 472 3310 tus,
501 3245 596 3316 qui
626 3261 726 3300 ceu
757 3247 940 3315 fulgur
968 3245 1110 3300 coelo
1137 3244 1416 3314 delapsus,
1447 3253 1734 3315 postquam
1769 3257 1797 3296 a
1824 3257 1949 3312 pro-

2057 3241 2264 3302 πάντας
2294 3235 2773 3316 συγκληρονόμους
2826 3232 2990 3287 αὑτοῦ
3016 3233 3114 3302 τῆς
3143 3234 3236 3286 τοῦ
3270 3233 3440 3302 πυρὸς
3483 3233 3640 3299 γεέν-

363 3340 482 3409 pria
543 3340 706 3396 domo
762 3339 1011 3411 dejectus
1072 3347 1176 3404 est,
1226 3339 1439 3393 nullum
1492 3337 1773 3392 hominem
1837 3352 1946 3390 non

365 3438 560 3495 tentat,
601 3443 790 3484 verum
821 3429 1118 3483 universos
1148 3428 1288 3499 ignis
1318 3427 1585 3499 gehennae
1613 3439 1668 3482 et
1697 3427 1950 3482 tenebra-

364 3538 488 3577 rum
519 3520 837 3576 cohaaredes
867 3521 1049 3576 facere
1081 3531 1338 3586 conatur,
1365 3529 1421 3576 et
1463 3521 1785 3591 peregrinos
1815 3517 1949 3574 alie-

363 3629 579 3683 nosque
610 3613 780 3668 aDeo
830 3612 1106 3677 reddere;
1165 3613 1244 3668 sic
1289 3612 1404 3677 ille,
1457 3613 1702 3681 inquam,
1759 3609 1946 3665 infelix

368 3705 644 3759 Mahomet
686 3720 793 3758 non
824 3704 1035 3759 destitit
1062 3719 1260 3758 curare
1312 3702 1590 3774 quomodo
1623 3716 1818 3756 omnes
1847 3702 1949 3756 ho-

367 3798 602 3851 minesa
656 3795 752 3849 Dei
783 3795 993 3849 familia
1047 3793 1418 3849 abstraheret.
1479 3793 1712 3846 Etcum
1769 3793 1950 3846 omnis

367 3883 532 3937 homo
562 3881 887 3937 delictorum
925 3897 1152 3937 suorum
1189 3883 1459 3936 rationem
1506 3881 1828 3936 redditurus
1878 3881 1949 3935 sit

359 3975 426 4030 in
457 3975 544 4029 die
577 3975 793 4045 iudicii,
827 3990 991 4046 quam
1050 3975 1283 4029 obsecro
1331 3973 1638 4043 apologiam
1697 3973 1950 4028 instituet

361 4067 570 4122 stultus
596 4066 889 4132 Mahomet,
923 4065 1017 4136 qui
1067 4073 1270 4119 tantam
1319 4065 1604 4120 hominum
1641 4065 1950 4120 multitudi-

367 4175 492 4215 nem
511 4174 555 4214 'a
591 4159 702 4214 Deo
735 4158 1110 4213 abalienavit?
1148 4157 1297 4213 Licet
1330 4159 1478 4212 enim
1517 4174 1681 4214 nemo
1715 4175 1745 4215 e
1781 4175 1948 4214 manu

359 4252 465 4308 Dei
496 4251 712 4320 eripere
747 4251 922 4320 possit
945 4265 1096 4316 eum,
1126 4252 1219 4319 qui
1271 4251 1446 4306 salute
1491 4252 1690 4324 dignus
1716 4262 1824 4320 est,
1859 4253 1949 4308 hic

369 4354 551 4397 tamen
581 4341 676 4396 Dei
707 4340 965 4396 inimicus
991 4349 1239 4410 apparet,
1271 4347 1627 4412 quantumvis
1653 4344 1834 4414 reipsa
1864 4344 1949 4399 in-

369 4433 564 4488 ﬁrmus
612 4432 704 4487 sit.

442 4613 494 4666 1.
531 4610 632 4666 Hic
664 4609 857 4666 morbo
901 4609 1108 4666 caduco
1149 4612 1432 4678 laborans,
1469 4614 1650 4669 morbi
1704 4625 1951 4686 tempore

2045 3348 2154 3400 νης
2184 3329 2280 3383 καὶ
2315 3327 2410 3380 τοῦ
2444 3315 2676 3387 σκότους
2719 3324 2941 3377 σπεύδει
2992 3327 3263 3395 ποιήσειν,
3304 3325 3399 3376 καὶ
3453 3322 3638 3386 ξένους

2047 3424 2153 3478 οιαὶ
2179 3421 2497 3491 ἀλλοτρίους
2526 3421 2620 3470 τοῦ
2659 3418 2797 3470 Θεοῦ
2847 3417 3295 3488 ἀπεργάσασθαι.
3330 3417 3440 3469 Καὶ
3472 3417 3499 3468 6
3523 3415 3638 3466 δεί-

2055 3519 2203 3580 λαιος
2249 3516 2430 3569 τοίνυν
2468 3507 2622 3575 οὗτος
2652 3513 2679 3564 6
2708 3512 2953 3580 Μωάμεθ
3005 3513 3127 3564 ὅσον
3191 3510 3250 3563 τὸ
3316 3509 3439 3563 κατ’
3471 3509 3636 3561 αὐτὸν

2057 3611 2156 3663 οὐκ
2209 3607 2455 3678 ἠμέλησε
2483 3604 2579 3657 τοῦ
2631 3605 2811 3657 πάντα
2861 3603 3152 3674 ἄνθρωπον
3194 3602 3504 3670 ἀποστῆσαι
3535 3601 3638 3668 τῆς

2055 3702 2150 3753 τοῦ
2183 3699 2319 3751 Θεοῦ
2349 3695 2699 3757 οίκειώσεως.
2736 3694 2842 3747 Καὶ
2899 3694 2981 3746 ὅτι
3030 3692 3132 3762 μὲν
3185 3694 3294 3755 πᾶς
3351 3691 3640 3761 ἄνθρωπος

2056 3791 2215 3859 λόγον
2257 3789 2443 3858 ὑφέξει
2472 3787 2616 3857 ὑπὲρ
2641 3786 2749 3838 τῶν
2782 3785 2926 3838 ἰδίων
2954 3784 3449 3855 πλημμελημάτων
3474 3783 3531 3834 ὲν
3559 3783 3638 3851 τῷ

2057 3883 2237 3954 καιρῷ
2291 3883 2387 3949 τῆς
2419 3881 2677 3944 ὲτάσεως,
2713 3881 2878 3932 παντί
2921 3895 3024 3931 που
3063 3878 3246 3947 δῆλον.
3299 3877 3363 3931 Ὀ
3393 3879 3446 3930 δὲ
3475 3878 3636 3931 Muli-

2062 3978 2161 4048 μεθ
2200 3979 2226 4029 6
2259 3975 2545 4035 τοσούτους
2577 3973 2670 4025 καὶ
2698 3970 2974 4035 τοιούτους
2995 3972 3298 4040 πλανήσας,
3335 3971 3428 4024 καὶ
3453 3971 3631 4034 ξένους

2058 4070 2154 4121 καὶ
2195 4066 2507 4133 ἀλλοτρίους
2546 4063 2682 4116 Θεοῦ
2714 4063 3058 4132 πεποιηκὼς,
3091 4063 3248 4122 ποίας
3287 4062 3354 4115 ἂν
3396 4062 3637 4125 τεύξοιτο

2058 4155 2355 4222 ἀπολογίας
2393 4153 2420 4202 6
2457 4153 2685 4218 μάταιος
2711 4167 2726 4215 ;
2761 4151 2887 4204 Ὅτι
2913 4150 2970 4204 δὲ
3009 4149 3185 4212 οὐδεὶς
3207 4149 3433 4203 δύναται
3458 4151 3640 4220 ἀρπάο

2060 4267 2152 4304 σαι
2210 4251 2274 4300 ἐκ
2313 4249 2412 4314 τῆς
2469 4245 2651 4314 χειρὸς
2685 4243 2780 4297 τοῦ
2830 4243 2968 4297 Θεοῦ
3009 4244 3100 4296 τὸν
3133 4243 3282 4308 ἄξιον
3339 4243 3637 4312 σωτηρίας,

2059 4339 2340 4394 καὶτοῦτο
2369 4340 2480 4399 τοῖς
2551 4338 2686 4390 πᾶσι
2756 4337 3028 4406 φανερόν
3078 4336 3196 4388 ἀλλ’
3258 4339 3404 4404 ὅμως
3449 4336 3642 4404 ἐχθρὸς

2058 4435 2151 4488 τοῦ
2179 4433 2314 4486 Θεοῦ
2354 4432 2736 4500 ἀναφαίνεται,
2785 4433 2832 4483 εί
2867 4430 2960 4484 καὶ
2985 4429 3216 4500 ἀσθενὴς
3259 4429 3428 4492 ὅντως
3459 4430 3643 4498 ὑπάρ-

2057 4545 2164 4598 χει.

2135 4617 2205 4676 α’.
2256 4613 2427 4679 Οὗτος
2474 4617 2762 4671 ἀσθένειαν
2820 4614 3116 4684 ἐπιληψίας
3171 4615 3363 4680 νοσῶν,
3399 4618 3460 4684 τῇ
3519 4614 3639 4686 ὥρᾳ

366 4703 502 4758 hinc
539 4701 667 4757 inde
696 4699 1020 4756 volvebatur
1052 4715 1333 4772 spumans.
1360 4703 1504 4769 Quid
1535 4718 1668 4772 ergo
1696 4704 1949 4774 impieta-

2055 4712 2147 4764 τοῦ
2181 4709 2389 4770 πάθους
2437 4707 2684 4760 ἐκυλίετο
2733 4706 3006 4776 ἀφρίζων.
3049 4705 3112 4757 Τί
3162 4707 3292 4772 γοῦν
3325 4708 3638 4774 μηχανᾶται

373 4797 444 4850 tis
505 4797 758 4849 inventor
804 4794 1282 4851 comminiscitur?
1347 4796 1582 4851 Simulat
1640 4811 1700 4852 se
1755 4813 1865 4852 non
1925 4814 1955 4853 a

373 4889 587 4950 morbo,
617 4887 712 4942 sed
742 4903 772 4941 a
806 4888 916 4943 Deo
955 4889 1214 4945 detineri.
1245 4889 1475 4944 Dicebat
1507 4889 1656 4943 enim
1689 4905 1768 4954 se,
1805 4893 1953 4961 quod

370 4979 686 5050 archangeli
735 4978 1010 5035 Gabrielis
1057 4991 1416 5050 conspectum
1471 4981 1616 5036 ferre
1673 4985 1954 5052 nequiret,

371 5088 471 5128 ceu
508 5081 787 5126 mortuum
819 5072 1054 5137 collabi;
1076 5082 1200 5141 post
1229 5073 1498 5127 visionem
1529 5088 1662 5129 vero
1686 5075 1956 5146 divinam,

371 5165 804 5232 divinorumque
835 5167 1152 5233 dogmatum
1204 5164 1578 5232 cognitionem
1611 5168 1677 5221 ad
1715 5183 1838 5224 sese
1870 5186 1956 5225 re-

373 5257 527 5321 dire;
578 5257 913 5312 destinatum
960 5255 1172 5310 scilicet
1220 5270 1279 5310 se
1309 5269 1339 5309 a
1374 5257 1486 5311 Deo
1509 5272 1650 5324 esse,
1702 5271 1760 5314 ut
1808 5275 1955 5330 quae-

373 5366 591 5422 cunque
642 5349 855 5404 videret
901 5359 958 5403 et
993 5348 1210 5403 audiret
1254 5358 1312 5404 et
1354 5366 1384 5404 a
1440 5351 1550 5406 Deo
1597 5353 1859 5422 disceret,
1895 5359 1949 5412 in

373 5442 617 5499 universi
647 5440 836 5494 mundi
867 5441 1156 5495 utilitatem
1202 5443 1598 5500 manifestaret.
1653 5448 1718 5502 Et
1773 5451 1952 5518 primo

373 5536 598 5607 quidem
627 5532 982 5604 semetipsum
1025 5536 1347 5605 prophetam
1387 5539 1700 5608 appellavit,
1750 5553 1805 5597 et
1853 5545 1950 5599 Dei

378 5623 712 5695 apostolum.

447 5806 506 5860 2.
545 5805 751 5864 Deinde
807 5807 1012 5865 librum
1050 5809 1360 5868 divinorum
1419 5812 1756 5884 dogmatum‘
1789 5815 1959 5870 colle-

2049 4805 2088 4856 ‘6
2132 4803 2231 4872 τῆς
2281 4801 2482 4864 κακίας
2535 4798 2874 4868 ὲφευρετής;
2928 4799 3317 4868 ’Υποκρίνεται
3372 4799 3445 4868 μὴ
3498 4795 3640 4852 εἶναι

2056 4895 2378 4964 ἐπίληπτος,
2441 4893 2578 4946 ἁλλά
2641 4892 2846 4960 μᾶλλον
2909 4891 3234 4958 θεόληπτος.
3299 4881 3389 4960 Μὴ
3457 4893 3640 4960 φέρων

2060 4986 2168 5055 γὰρ
2221 4984 2377 5051 ἔλεγε
2429 4984 2529 5053 τὴν
2587 4982 2681 5035 τοῦ
2731 4981 2772 5034 Γ
2775 4980 2974 5052 αόριὴλ
3022 4982 3372 5051 ἀρχαγγέλου
3407 4981 3641 5050 θεωρίαν

2060 5071 2217 5139 οὗτος
2262 5077 2484 5131 πίπτειν
2540 5076 2673 5128 ὡσεὶ
2735 5075 2932 5144 νεκρός
2964 5089 2978 5104 ο
3031 5077 3170 5138 μετά
3222 5074 3278 5125 δὲ
3341 5074 3438 5144 τὴν
3492 5073 3642 5124 θείαν

2059 5169 2329 5222 ὀπτασίαν
2387 5170 2484 5220 καὶ
2529 5166 2838 5235 κατάληψιν
2891 5167 2999 5218 τῶν
3043 5165 3137 5218 τοῦ
3188 5165 3323 5218 Θεοῦ
3371 5164 3642 5233 ὁιδαγμά-

2064 5279 2208 5326 των,
2268 5261 2432 5316 πάλιν
2486 5260 2568 5322 είς
2619 5259 2812 5312 ἑαυτὸν
2874 5257 3299 5326 ἐπανέρχεσθαι.
3374 5256 3644 5328 Ὀριοθεὶς

2061 5357 2263 5419 τοίνυν,
2309 5353 2384 5416 ὣς
2447 5370 2604 5423 φησι,
2663 5353 2816 5422 παρὰ
2864 5351 3022 5416 Θεοῦ,
3085 5353 3174 5405 ἵνα
3235 5351 3335 5402 ὅσα
3392 5367 3450 5402 τε
3511 5343 3642 5412 εἶδε,

2061 5449 2158 5501 καὶ
2212 5449 2312 5500 ὅσα
2369 5447 2600 5515 ἀκήκοε,
2653 5446 2749 5498 καὶ
2802 5445 2901 5498 ὅσα
2955 5446 3107 5514 παρὰ
3167 5443 3304 5496 Θεοῦ
3366 5441 3639 5510 ὲδιδάλθη,

2059 5541 2196 5611 δῆλα
2235 5541 2440 5610 ποιήσῃ
2495 5541 2572 5602 εἰς
2633 5539 2901 5608 ὠφέλειαν
2967 5538 3060 5592 τοῦ
3141 5537 3350 5607 κόσμου
3422 5535 3642 5596 παντὸς,

2061 5635 2284 5702 πρῶτον
2325 5634 2428 5702 μὲν
2474 5634 2730 5686 ἐκάλεσεν
2784 5633 2975 5686 ἑαυτὸν
3025 5631 3335 5701 προφήτην,
3375 5630 3466 5683 καὶ
3512 5629 3644 5681 Θεοῦ

2065 5725 2384 5778 ἀπόστολον.

2143 5811 2208 5885 β’.
2266 5817 2498 5870 Ἔπειτα
2555 5817 2934 5887 συνεγρὲψατο
2994 5813 3241 5887 βιϐλίον,
3279 5814 3439 5868 θείων
3481 5829 3648 5887 προσ-
