4058 6514
271 429 391 496 ιω

1433 423 1782 513 ,ιοΑΝΝιε
1817 422 2351 487 CANTAcumt

3439 420 3546 488 596

271 541 545 600 Dominus
565 538 870 598 :Cornibus
889 536 1013 594 istis
1032 535 1328 593 ventilabis
1347 534 1584 609 Syriam,
1606 551 1641 592 ο
1667 549 1763 591 rex
1783 535 1858 590 ³.»

1972 536 2065 591 τοῦ
2103 537 2374 609 βασιλέως
2413 536 2525 592 τῶν
2566 535 2841 591 Ἰουδαίων
2893 532 3125 607 ’Δχαάδ,
3171 531 3425 590 ἀπελθών
3456 550 3545 600 τις

275 633 379 692 llic
431 642 621 691 autem
665 632 817 690 illius
866 631 1057 689 verbis
1111 644 1437 703 persuasus,
1477 644 1605 684 cum
1657 630 1864 700 popqu

274 740 561 796 egressus,
604 723 890 795 prepriam
922 736 1146 794 quoque
1188 721 1357 778 vitam
1386 720 1649 791 perdidit.
1695 719 1762 775 Et
1804 720 1861 776 hi

275 813 506 885 quidem
540 813 910 884 permissione
939 811 1156 881 singula
1175 810 1294 869 hac
1321 810 1624 877 faciebant,
1650 821 1709 867 et
1740 811 1867 866 inii-

274 905 493 965 deliom
509 904 754 961 vindicta
774 904 1007 959 aliorum
1028 911 1148 958 erat
1162 902 1488 959 admonitio.
1508 900 1865 975 Quacunque

273 1008 462 1054 autem
487 1013 664 1053 vanus
695 996 790 1054 hic
814 996 967 1064 fecit.
1006 997 1192 1056 omnia
1221 997 1290 1053 ad
1321 995 1609 1053 interitum
1640 1004 1698 1052 et
1739 1010 1864 1066 per-

274 1090 545 1147 ditionem
591 1090 677 1146 sui
733 1091 1003 1160 temporis
1046 1090 1358 1155 hominum,
1414 1097 1473 1145 et
1510 1088 1863 1160 sequentium

281 1195 345 1236 se
374 1181 641 1239 instituit.
674 1182 908 1253 Scripsit
943 1198 1076 1240 sane
1116 1182 1394 1239 Mahomet
1435 1181 1666 1248 librum,
1696 1195 1862 1252 quem

277 1272 457 1345 legem
480 1275 584 1331 Dei
605 1274 974 1342 salutiferam,
1015 1285 1074 1332 et
1110 1274 1429 1332 divinorum
1456 1284 1862 1346 praeceptorum

277 1365 662 1424 collectionem
714 1367 1045 1435 nominarit,
1098 1367 1270 1425 veluti
1312 1368 1370 1423 in
1418 1366 1865 1439 praecedentibus

279 1455 494 1517 dictum
542 1468 648 1515 est.
702 1458 826 1525 Hic,
878 1461 1127 1531 inquam,
1193 1461 1519 1516 universum
1580 1459 1721 1529 legis
1762 1474 1865 1530 per

282 1548 469 1629 ipsum
502 1552 629 1607 latae
657 1552 941 1624 negotium
969 1552 1150 1610 tribus
1172 1552 1352 1610 modis
1379 1551 1669 1616 stabilivit,
1700 1566 1863 1622 ptena

254 1652 481 1715 ‘nempe
527 1651 587 1701 et
633 1644 945 1716 tyrannide,
1000 1646 1293 1702 mendacio
1343 1654 1399 1703 et
1453 1644 1757 1717 impostura
1806 1653 1864 1700 et

277 1736 582 1809 hypocrisi,
632 1738 920 1810 voluptate
970 1739 1264 1810 permista,
1312 1739 1385 1795 de
1435 1737 1641 1810 quibus
1694 1737 1863 1793 etiam

279 1829 543 1900 superius
597 1831 653 1886 in
714 1838 909 1903 quarta
960 1830 1227 1904 Apologia
1275 1830 1542 1898 diximus,
1590 1840 1861 1902 quantum

277 1934 415 1980 tunc
440 1922 633 1993 licuit;
666 1939 862 1980 verum
890 1932 951 1981 et
973 1940 1124 1981 nunc
1150 1940 1259 1979 non
1289 1923 1501 1995 pigebit
1548 1922 1743 1980 eadem
1773 1923 1861 1978 di-

277 2030 428 2078 cere.
461 2031 587 2088 qua:
614 2016 765 2073 Deos
790 2017 883 2073 ori
898 2024 1094 2074 nostro
1116 2014 1403 2072 indiderit.
1428 2012 1659 2087 Magnus
1685 2014 1778 2071 ille
1804 2020 1864 2070 et

277 2104 480 2161 beatus
522 2104 719 2173 Moses,
758 2116 821 2162 ut
854 2107 1132 2162 neminem
1180 2105 1339 2171 latet,
1384 2120 1416 2161 a
1467 2105 1583 2161 Deo
1627 2112 1690 2162 ut
1719 2103 1864 2160 lilios

280 2194 452 2259 Israel
504 2194 738 2269 Egypto
772 2197 1058 2263 educeret,
1112 2198 1319 2253 missus
1362 2206 1504 2265 erat,
1552 2198 1865 2253 instructus

281 2294 415 2345 ante
468 2290 776 2356 miraculis,
822 2290 998 2362 signis
1041 2300 1097 2347 et
1145 2289 1429 2362 prodigiis.
1485 2288 1620 2346 Post
1652 2289 1862 2346 exitum

277 2397 414 2439 vero
445 2376 695 2455 Egypti,
724 2393 782 2440 et
812 2383 961 2439 illam
996 2385 1054 2439 in
1082 2383 1307 2441 deserto
1342 2386 1863 2449 commorationem,

280 2473 399 2529 imo
419 2488 666 2541 errores,
698 2474 844 2531 nihil
870 2474 1085 2529 minora
1114 2473 1399 2546 prioribus
1431 2474 1551 2531 istis
1579 2473 1865 2529 miraculis

280 2578 387 2635 per
412 2566 581 2620 istum
630 2564 779 2622 Dens
805 2564 1091 2631 exhibuit,
1127 2566 1224 2621 sed
1259 2566 1465 2637 majora
1498 2566 1675 2621 multo
1714 2565 1861 2620 haud

278 2649 469 2707 dubie.
506 2650 637 2707 Post
694 2662 903 2709 tantam
934 2654 1100 2725 igitur
1150 2654 1545 2712 miraculorum
1599 2656 1863 2711 virtutem

278 2741 506 2798 locutus
542 2758 667 2799 cum
698 2744 794 2800 illo
824 2754 910 2802 est
940 2745 1225 2813 Dominus,
1252 2748 1390 2812 non!
1414 2747 1468 2801 in
1501 2747 1724 2819 angulo,
1768 2755 1865 2802 aut

281 2832 633 2901 abscondito,
682 2836 781 2892 sed
819 2852 1005 2893 coram
1058 2839 1188 2894 totis
1215 2838 1438 2903 castris,
1482 2850 1538 2895 et
1583 2840 1733 2895 omni
1762 2837 1865 2894 Ju-

282 2926 530 2981 daaorum
566 2928 926 2986 multitudine
956 2930 1148 3001 (opera
1176 2931 1326 2985 enim
1357 2931 1498 2986 lucis
1525 2930 1580 2986 in
1605 2931 1732 2986 luce
1763 2947 1865 2987 ex-

282 3016 593 3088 hibentur),
647 3027 705 3074 et
752 3028 881 3076 tunc
925 3036 1025 3091 per
1076 3024 1284 3078 Mosem
1328 3037 1549 3078 servum
1597 3022 1749 3078 illius
1778 3023 1864 3078 lex

284 3108 400 3165 lata
428 3119 532 3176 est,
562 3118 617 3165 et
647 3126 778 3169 sane
806 3112 1153 3179 conﬁrmata,
1186 3113 1455 3169 ratificata
1493 3123 1549 3169 et
1587 3116 1867 3170 constabi-

1918 640 1924 645 ‘
1963 630 2076 684 τῶν
2118 629 2588 702 ψευδοπροφητῶν
2606 667 2625 695 ,
2674 628 2853 700 ὄνομα
2902 626 3056 698 αύτῷ
3112 626 3395 692 Σεδεκίας,
3445 624 3546 679 καὶ

1964 724 2198 794 ποιήσας
2228 727 2441 795 κέρατα
2470 723 2697 795 σιδηρᾶ,
2725 721 2859 793 ιστη
2891 719 3205 792 ἔμπροσθεν
3248 718 3348 775 τοῦ
3390 717 3547 789 βασι-

1962 817 2123 882 λέως,
2148 818 2347 887 λέγων,
2384 816 2566 887 ιιτάὂε
2597 817 2747 885 λέγει
2775 813 2983 887 Κύριος
3005 832 3023 848 ο
3064 814 3157 869 Ἐν
3183 812 3394 874 τούτοις
3429 812 3546 874 τοῖς

1964 909 2162 978 κέρασι
2212 910 2462 978 κερατιεῖ
2518 907 2618 978 τὴν
2667 906 2871 980 Συρίαν
2915 906 2947 959 ὁ
3008 903 3288 976 βασιλεύς.
3336 920 3357 953 ι
3400 899 3544 956 ὀδέ

1963 1000 2211 1065 πεισθεὶς
2263 1002 2377 1065 τοῖς
2428 1000 2644 1056 ἐκείνου
2698 1000 2967 1071 ῥήμασιν,
3009 994 3287 1060 ἀπελθὼν,
3324 994 3424 1049 σὺν
3473 996 3543 1064 τῇ

1962 1090 2058 1147 τοῦ
2088 1090 2225 1146 λαοῦ
2270 1089 2525 1146 ἀπώλεσε
2557 1092 2656 1146 καὶ
2686 1091 2786 1162 τὴν
2811 1086 3009 1144 ἐαυτοῦ
3041 1087 3212 1160 ζωήν.
3243 1085 3355 1141 Καὶ
3402 1085 3546 1138 ἐκεί-

1964 1203 2046 1241 νοι
2079 1185 2184 1258 μὲν
2214 1168 2619 1257 παραχωρήσει
2661 1182 2803 1253 Θεοῦ
2852 1181 3076 1236 ἐποίουν
3107 1179 3254 1251 ἅπερ
3296 1176 3541 1240 ἐποίουν,

1964 1278 2062 1335 καὶ
2114 1280 2152 1348 ἡ
2211 1278 2325 1333 τῶν
2379 1275 2755 1332 ἀπειθούντων
2811 1275 3096 1344 ἐκδίκησις
3151 1271 3374 1340 ἐγίνετο
3430 1267 3541 1322 τῶν

1963 1368 2169 1440 ἐτέρων
2222 1367 2649 1439 σωφρονισμός·
2686 1366 2834 1438 ἀπερ
2888 1364 2946 1419 δέ
2996 1363 3171 1419 ἐποίει
3222 1363 3318 1417 καὶ
3370 1362 3400 1414 ὁ
3434 1359 3541 1431 μά-

1962 1478 2114 1527 ταιος
2142 1454 2323 1529 οὗτος,
2349 1461 2420 1516 τὰ
2462 1460 2645 1517 πάντα
2681 1459 2859 1514 ἐποίει
2894 1458 2987 1513 ἐπ’
3016 1457 3225 1529 ὀλέθρῳ
3260 1454 3352 1511 καὶ
3380 1455 3541 1509 ἀπω-

1962 1555 2086 1628 λείᾳ
2122 1554 2233 1608 τῶν
2271 1554 2396 1608 τότε
2440 1552 2875 1625 εὑρισκομένων,
2897 1552 2992 1606 καὶ
3040 1550 3149 1604 τῶν
3195 1547 3339 1620 μστά
3367 1545 3544 1618 ταῦτα

1962 1646 2450 1723 ἀκολουθησάντων
2486 1646 2658 1715 αὐτῷ.
2697 1646 2850 1700 ﬂete!
2886 1643 3071 1698 τοίνυν
3115 1643 3148 1694 ὁ
3183 1639 3423 1711 Μωάμεθ
3461 1638 3543 1710 βι-

1964 1739 2135 1805 ϐλίον,
2159 1739 2301 1808 ὅπερ
2343 1737 2510 1808 νόμον
2562 1735 2701 1791 Θεοῦ
2752 1735 3041 1807 σωτήριον,
3071 1734 3168 1788 καὶ
3214 1729 3553 1801 συναγωγὴν

1964 1831 2125 1887 θείων
2153 1830 2593 1902 προσταγμάτων
2621 1828 2899 1899 ὠνόμασε,
2926 1827 3111 1891 καθὼς
3160 1825 3443 1897 εἰρήσεται
3482 1823 3543 1874 ὲν
3566 1839 3573 1843 ·

1968 1925 2079 1988 τοῖς
2132 1894 2465 1995 ἔμπροσθεν.
2509 1894 2679 1985 Οὗτος
2734 1894 3113 1991 συνεστήσατο
3168 1894 3280 1988 τήν
3322 1915 3547 1971 ἃπασαν

1968 2014 2359 2087 πραγματείαν
2390 2012 2487 2067 τοῦ
2534 2010 2667 2080 παρ’
2695 2010 2861 2065 αὐτοῦ
2908 2007 3224 2072 ἐκτεθέντος
3251 2006 3419 2077 νόμου
3452 2003 3543 2057 διὰ

1967 2108 2139 2177 τριῶν
2161 2106 2403 2179 τρόπων,
2447 2103 2665 2181 ποινῆς,
2698 2103 2867 2176 φημὶ,
2897 2104 2993 2157 καὶ
3038 2100 3374 2174 τυραννίδος,
3407 2098 3548 2169 ψεύ-

1967 2203 2094 2266 δους
2137 2217 2198 2254 τε
2243 2200 2340 2254 καὶ
2385 2198 2628 2268 ἀπάτης,
2671 2198 2768 2251 καὶ
2814 2195 3158 2268 ὑποκρίσεως
3197 2191 3548 2265 μεμιγμένης

1969 2293 2223 2365 ἡδοναῖς,
2272 2293 2403 2361 περὶ
2461 2281 2540 2345 ὧν
2587 2289 2683 2343 καὶ
2739 2289 3045 2358 φθάσαντες
3095 2288 3328 2357 εῐπομιν
3374 2287 3435 2339 ἐν
3477 2285 3549 2353 τῇ

1968 2386 2208 2458 τετάρτῃ
2235 2382 2528 2455 ἀπολογίᾳ,
2557 2382 2685 2437 δσον
2714 2380 2810 2436 καὶ
2838 2381 3088 2451 εἰπομεν.
3135 2376 3302 2434 una
3324 2377 3425 2435 καὶ
3447 2374 3549 2431 νῦν

1969 2478 2071 2532 οὐκ
2102 2477 2411 2549 ὀκνήσομεν
2440 2473 2594 2542 λέξαι
2618 2472 2748 2545 περί
2774 2473 2992 2539 τούτου,
3011 2472 3137 2527 ὅσον
3163 2471 3235 2527 ἂν
3261 2470 3551 2545 χορηγήσει

1969 2570 1999 2622 δ
2030 2569 2165 2634 Θεὸς
2195 2570 2257 2623 ἐν
2291 2568 2372 2638 τῷ
2421 2568 2652 2640 στόματι
2684 2567 2863 2640 ἡμῶν.
2908 2566 2970 2620 '0
3019 2564 3297 2637 μακάριος
3342 2563 3552 2626 ἐκεῖνος

1970 2662 2066 2717 καὶ
2108 2662 2288 2731 μέγας
2338 2661 2570 2733 Μωσῆς,
2620 2661 2697 2726 ὥς
2742 2659 2927 2714 ἴσασιν
2972 2659 3235 2722 ἅπαντες,
3267 2654 3549 2723 ἀπεστάλη

1972 2754 2123 2825 παρὰ
2169 2753 2307 2808 Θεοῦ
2350 2754 2545 2823 ἐξᾶραι
2589 2752 2717 2817 τοὺς
2767 2753 2918 2815 υἱοὺς
2956 2748 3175 2821 Ἰσραὴλ
3220 2748 3287 2803 ἐκ
3317 2747 3422 2817 γῆς
3450 2746 3549 2800 Δί·-
3604 2748 3609 2753 ’

1970 2845 2206 2915 γύπτου,
2250 2844 2731 2916 περιφραξαμὲνου
2775 2842 2941 2898 αὐτὸν
2990 2840 3238 2912 θαύμασι
3283 2839 3552 2910 πρότερον

1972 2938 2068 2992 καὶ
2104 2937 2350 3009 σημείοις
2384 2938 2479 2990 καὶ
2512 2937 2725 3006 τέρασι.
2756 2935 2914 2989 Μετά
2952 2933 3010 2989 δὲ
3036 2932 3137 3005 τὴν
3162 2931 3225 2997 ἐξ
3264 2930 3548 3000 Αἰγύπτου

1972 3030 2171 3097 ἔξοδον,
2223 3030 2318 3084 καὶ
2374 3030 2473 3101 τὴν
2524 3031 2606 3092 είς
2667 3028 2766 3100 τὴν
2814 3026 3024 3099 ἔρημον
3085 3023 3465 3095 προσεδρείαν,
3510 3023 3547 3092 ἢ

1975 3120 2178 3194 μᾶλλον
2219 3122 2396 3175 εἰπεῖν
2434 3122 2662 3191 πλάνην,
2708 3119 2863 3173 οὐδὲν
2906 3112 3072 3191 ἦττον
3113 3116 3221 3172 τῶν
3266 3112 3553 3189 προτὲρων

288 3198 388 3255 lita
440 3209 527 3255 est
572 3200 831 3258 omnibus
862 3216 964 3258 ceu
1004 3201 1092 3256 lex
1137 3217 1167 3256 a
1212 3201 1326 3257 Deo
1351 3201 1574 3257 caelitus
1603 3200 1866 3257 demissa.

1976 3214 2269 3283 θαυμάτων
2307 3212 2610 3278 ἐνεδείξατο
2636 3214 2667 3264 ὁ
2693 3211 2825 3270 Θεὸς
2873 3209 2941 3264 δι’
2987 3208 3177 3274 αὑτοῦ,
3206 3206 3343 3262 ἀλλά
3372 3206 3555 3276 ⁸ιολλῷ

287 3291 423 3354 Post
468 3291 635 3364 hujus
673 3301 860 3349 autem
913 3293 1440 3365 promulgationem,
1485 3306 1553 3348 ne
1583 3300 1715 3348 tunc
1747 3293 1870 3365 qui-

289 3383 416 3440 dem
450 3384 721 3440 miracula
767 3394 1149 3452 cessaverunt,
1181 3385 1276 3443 sed
1322 3395 1379 3442 et
1408 3385 1516 3441 hoc
1558 3384 1779 3443 vivente
1816 3398 1889 3443 et-

286 3475 570 3541 defunclo,
613 3491 710 3546 per
742 3474 909 3536 Iosue
952 3474 1126 3532 illium
1154 3477 1304 3544 Nun,
1336 3478 1585 3548 aliosque
1617 3477 1875 3534 similiter

285 3568 431 3629 facta
458 3576 610 3629 sunt.
645 3569 788 3636 Quin
824 3579 882 3624 et
910 3569 1194 3640 prophetae
1234 3568 1452 3641 magnis
1478 3579 1533 3625 et
1582 3569 1872 3640 stupendis

290 3662 574 3719 miraculis
607 3663 775 3721 editis
812 3663 1132 3722 claruerunt
1153 3665 1223 3721 ad
1252 3678 1397 3721 verae
1426 3663 1556 3721 ildei
1584 3662 1876 3719 certitudi—

288 3768 440 3810 nem.
475 3753 660 3810 Helias
693 3755 914 3826 quidem
940 3756 1120 3812 tribus
1141 3757 1322 3820 annis,
1342 3764 1400 3811 et
1421 3756 1586 3826 paulo
1616 3756 1874 3826 amplius,

286 3845 461 3902 caelos
488 3845 780 3901 conclusos
814 3847 1053 3916 aperuit,
1084 3854 1331 3901 mortuos
1374 3845 1681 3910 suscitavit,
1709 3846 1877 3901 sacri-

289 3939 475 3994 ﬁcium
509 3938 669 4008 aquis
711 3938 980 3995 incendit.
1021 3934 1291 3994 Similiter
1320 3945 1377 3992 et
1401 3936 1642 4002 Eliseus,
1669 3945 1726 3992 et
1757 3937 1872 3992 alii.

288 4030 348 4085 in
387 4029 865 4086 consummatione
912 4037 1103 4086 autem
1153 4027 1479 4083 saeculorum
1534 4026 1878 4083 descendens

287 4119 567 4185 Christus,
598 4135 708 4176 non
740 4128 801 4176 ut
834 4135 1030 4176 servus
1058 4120 1234 4175 instar
1278 4118 1522 4186 illorum,
1557 4118 1652 4174 sed
1681 4128 1741 4173 ut
1777 4117 1876 4173 ho-

290 4226 418 4273 rum
445 4212 746 4279 Dominus;
781 4222 838 4268 et
872 4211 1190 4268 testimonia
1221 4224 1330 4265 non
1363 4219 1424 4264 ut
1468 4211 1751 4283 prephetm
1793 4227 1880 4267 re-

290 4307 527 4376 cipiens,
559 4305 654 4361 sed
691 4314 751 4359 ut
780 4305 933 4359 illum
983 4304 1212 4361 decebat
1248 4312 1515 4360 creaturae
1560 4304 1740 4359 omnis
1770 4303 1876 4359 Do-

292 4397 506 4452 minum
560 4406 617 4452 et
660 4396 1053 4462 Conditorem;
1100 4409 1206 4450 nec
1257 4406 1523 4466 tanquam
1570 4398 1873 4452 testimonii

295 4489 538 4560 indigus,
580 4489 672 4544 sed
707 4492 933 4561 propter
965 4488 1254 4547 hominum
1298 4490 1661 4562 ignorantiam
1690 4500 1745 4546 et
1772 4490 1877 4545 itu-

1978 3304 2181 3378 μείζον’
2218 3306 2583 3375 ἀσυγκρίτιιις.
2622 3304 2778 3357 Μετὰ
2815 3302 2998 3372 μέντοι
3031 3300 3130 3372 τὴν
3156 3299 3427 3354 τοσούτων
3457 3300 3555 3352 καὶ

1975 3396 2310 3468 τηλικούτων
2357 3397 2653 3466 θαυμάτων
2698 3397 2981 3466 ἐνέργειαν
3014 3392 3242 3463 ἐλάλησε
3275 3391 3410 3463 πρὸς
3450 3390 3555 3443 αὺ-

1974 3492 2069 3544 τὸν
2119 3493 2147 3544 ὀ
2194 3490 2351 3554 Θεὸς,
2381 3490 2481 3543 οὐκ
2538 3492 2597 3542 ἐν
2651 3488 2825 3558 γωνίᾳ
2883 3487 2979 3541 καὶ
3035 3484 3394 3557 παραύύστῳ,
3435 3483 3554 3538 ἀλλ’

1976 3584 2207 3637 ἐνώπιον
2256 3583 2437 3651 πάσης
2486 3584 2579 3652 τῆς
2632 3580 3016 3651 παρεμϐολῆς,
3057 3579 3153 3633 καὶ
3204 3576 3409 3639 παντὸς
3456 3575 3555 3629 τοῦ

1976 3672 2217 3743 πλήθους
2264 3672 2371 3725 τῶν
2413 3671 2705 3724 Ἰουδαίων.
2746 3671 2828 3723 Τὰ
2871 3671 2981 3739 γὰρ
3026 3668 3165 3742 ἔργα
3217 3667 3315 3721 τοῦ
3375 3666 3561 3738 φωτὸς

1976 3764 2035 3814 ἐν
2088 3759 2168 3830 τῷ
2221 3762 2359 3829 φωτὶ
2406 3761 2731 3823 δείκνυνται,
2798 3761 2892 3813 καὶ
2947 3760 3136 3812 ἔκτοτε
3188 3757 3345 3830 ἐδόθη
3401 3756 3557 3825 παρᾶ

1976 3851 2114 3905 Θεοῦ
2142 3855 2167 3905 ὁ
2192 3851 2354 3921 νόμος
2383 3852 2468 3903 διὰ
2511 3851 2754 3914 Μωσέως
2782 3849 2879 3903 τοῦ
2913 3849 3101 3903 δούλου
3137 3848 3328 3905 αὐτοῦ.
3360 3847 3555 3902 Τοίνυν

1978 3947 2073 3998 καὶ
2122 3942 2400 4014 ἐπιστὼθη
2460 3945 2555 3996 καὶ
2612 3942 2866 4012 ἐκυρώθη
2931 3945 3025 3995 καὶ
3075 3939 3382 4011 ἐϐεϐαιώθη
3442 3944 3553 4002 τοῖς

1978 4037 2144 4091 πᾶσιν
2200 4036 2275 4101 ὡς
2338 4037 2448 4090 ἀπὸ
2496 4035 2632 4088 Θεοῦ
2686 4037 2779 4088 καὶ
2835 4034 2893 4100 ἐξ
2937 4034 3173 4104 οὐρανοῦ
3215 4033 3483 4103 κατῆλθεν
3529 4034 3559 4084 ὁ

1977 4129 2221 4193 τοιοῦτος
2267 4129 2450 4198 νόμος.
2484 4129 2643 4195 Μετὰ
2685 4128 2743 4180 δὲ
2789 4127 2851 4181 τὸ
2898 4126 3186 4197 ἐκτεθῆναι
3220 4125 3433 4191 τοῦτον,
3459 4127 3561 4178 οὐκ

1978 4221 2228 4288 ἐξέλιπον
2270 4219 2343 4273 τὰ
2377 4218 2656 4289 θαύματα,
2696 4219 2829 4275 ἀλλὰ
2861 4220 2956 4274 καὶ
2988 4222 3044 4274 ἐν
3089 4221 3155 4288 τῇ
3193 4220 3306 4289 ζωῇ
3347 4216 3558 4279 τούτου,

1978 4314 2075 4368 καὶ
2119 4311 2276 4376 αὖθις
2334 4313 2470 4380 μετὰ
2524 4311 2627 4383 τὴν
2686 4309 2945 4382 τελευτὴν
3003 4310 3195 4376 αὑτοῦ,
3228 4309 3319 4365 διά
3360 4326 3418 4363 τε
3467 4309 3562 4360 τοῦ

1977 4403 2139 4473 Ναυῆ
2183 4399 2361 4473 Ἰησοῦ
2412 4402 2507 4455 καὶ
2563 4404 2765 4474 ἐτέρων
2807 4400 3070 4466 ὡσαύτως
3102 4403 3366 4471 ἐγίνοντο.
3400 4401 3564 4454 Ἀλλά

1979 4497 2075 4547 καὶ
2128 4495 2181 4547 οἱ
2244 4495 2521 4565 προφῆται
2594 4495 2808 4566 μεγάλα
2874 4496 2966 4549 καὶ
3029 4494 3243 4561 ἐξαίσια
3305 4494 3563 4563 θαύματα

305 4583 670 4641 becillitatem.
714 4586 994 4657 (magnum
1065 4583 1214 4639 enim
1275 4600 1469 4643 revera
1506 4595 1591 4641 est
1647 4585 1770 4640 Filii
1824 4592 1870 4640 et

1984 4589 2313 4660 εἰργάσαντο
2346 4590 2425 4653 είς
2474 4587 2854 4660 πληροφορίαν
2901 4588 2998 4656 τῆς
3033 4586 3266 4657 ἀληθοῦς
3306 4586 3563 4648 πίστεως.

303 4675 584 4734 VerbiDci
610 4678 666 4732 in
685 4676 867 4731 carnis
888 4674 1364 4734 administratione
1392 4676 1716 4746 negotium).
1773 4673 1883 4730 Te-

297 4769 570 4835 stimoniis
600 4770 789 4840 igitur,
817 4777 878 4823 ut
909 4767 1115 4823 dictum
1148 4779 1252 4835 est,
1273 4770 1613 4839 aceeptis(ut
1635 4768 1688 4820 in
1720 4781 1883 4835 supe-

295 4861 538 4917 rioribus
565 4861 849 4931 Apologiis
904 4858 1220 4931 singulatim
1273 4868 1329 4915 et
1363 4856 1610 4914 dilucide
1644 4857 1872 4911 demon.

296 4952 638 5025 stravimus),
689 4952 906 5009 exorsis
960 4952 1031 5009 ab
1083 4953 1279 5007 Adami
1328 4950 1632 5014 creatione,
1679 4949 1812 5003 item
1846 4964 1877 5004 a

294 5046 432 5112 Noe,
491 5044 792 5109 Abraham,
855 5044 1029 5109 Isaac,
1084 5040 1275 5108 Jacob,
1329 5041 1497 5104 Mose,
1545 5039 1769 5105 Davide,
1823 5049 1878 5094 et

297 5135 595 5207 prophetis
637 5135 915 5202 omnibus,
957 5135 1093 5205 quin
1137 5133 1305 5189 etiam
1357 5134 1412 5186 in
1446 5131 1734 5186 nativitate
1781 5146 1877 5186 sua

297 5228 369 5286 ab
411 5229 545 5298 ipsis
579 5228 807 5298 angelis,
860 5226 1032 5297 magis
1079 5233 1133 5281 et
1168 5224 1365 5291 stella;
1416 5232 1473 5278 et
1524 5223 1670 5293 quod
1722 5222 1883 5293 longe

305 5323 604 5381 maximum
648 5330 754 5386 est,
790 5321 846 5376 in
900 5320 1177 5389 baptismo
1207 5317 1303 5371 Dei
1333 5315 1512 5371 Patris
1544 5331 1699 5383 voce,
1742 5333 1760 5366 ι
1799 5313 1879 5368 Tu

301 5428 364 5470 es
399 5412 579 5469 Filius
617 5426 774 5467 meus
816 5411 1071 5476 dilectus,
1101 5409 1156 5463 in
1192 5422 1303 5478 quo
1334 5406 1465 5462 mihi
1497 5406 1881 5477 complacitum

301 5513 386 5562 est
404 5504 481 5571 ⁸,»
517 5505 734 5572 (omitto
753 5503 900 5560 enim
929 5516 1078 5557 nunc
1111 5501 1296 5559 dicere
1322 5500 1469 5556 edita
1499 5501 1567 5556 ab
1598 5502 1716 5571 ipso
1748 5509 1885 5555 tem-

308 5612 442 5667 pore
493 5595 930 5653 cenversationis
977 5608 1090 5649 suae
1138 5594 1279 5662 inter
1318 5595 1569 5652 homines
1620 5594 1880 5649 miracula

304 5699 359 5744 et
392 5690 638 5760 prodigia
682 5702 898 5759 magna,
930 5700 1052 5757 quae
1087 5688 1254 5742 multa
1302 5697 1428 5743 sunt
1459 5697 1513 5744 et
1556 5689 1877 5744 innumera-

424 5881 486 5939 ω
518 5879 650 5945 Reg.
687 5891 818 5936 xxii,
858 5874 943 5929 ll.
1019 5874 1050 5916 ⁸-
1074 5874 1259 5932 Matth.
1302 5892 1382 5941 ιη,
1430 5878 1508 5932 I7.

1992 4683 2053 4737 Ὀ
2083 4682 2269 4749 μέντοι
2298 4681 2485 4746 Ἠλίας
2512 4682 2571 4737 ἐν
2603 4684 2780 4752 τρισὶν
2813 4681 2958 4734 ἔτεσι
2990 4683 3083 4736 καὶ
3106 4681 3302 4750 μικρόν
3325 4697 3376 4733 τι
3404 4678 3564 4749 πρὸς,

1983 4774 2205 4838 κλείσας
2237 4776 2365 4838 τοὺς
2397 4774 2685 4843 οὐρανοὺς,
2721 4774 2986 4844 ἀνίκμους
3017 4773 3310 4845 πεποίηκε,
3335 4771 3564 4842 νεκρούς

1982 4885 2040 4922 τε
2068 4867 2359 4936 ἀνέστησε,
2388 4866 2483 4920 καὶ
2532 4866 2724 4920 θυσίαν
2750 4864 2906 4919 ὕδατι
2953 4865 3197 4934 ἔφλεξεν.
3249 4863 3484 4934 Ὁμοίως
3508 4863 3564 4916 δέ

1982 4963 2077 5015 καὶ
2111 4959 2409 5026 Ἐλισσαιέ,
2449 4960 2541 5013 καὶ
2573 4958 2623 5012 oi
2650 4958 2847 5029 ἕτεροι.
2894 4958 3018 5010 Ἐπὶ
3047 4957 3104 5010 δὲ
3139 4955 3420 5025 συντελείᾳ
3455 4955 3563 5007 τῶν

1985 5051 2200 5105 αἰώνων
2248 5049 2541 5126 κατελθὼν,
2575 5050 2605 5103 ὁ
2660 5047 2918 5117 Χριστὸς,
2963 5050 3063 5117 οἰχ
3109 5047 3184 5109 ὡς
3231 5044 3438 5109 δοῦλος,
3488 5045 3562 5106 ὡς

1989 5144 2087 5197 καὶ
2129 5127 2296 5209 οὗτοι,
2327 5142 2444 5196 ἀλλ’
2488 5140 2564 5204 ὡς
2617 5138 2885 5209 δεσπότης
2939 5139 3034 5192 καὶ
3096 5140 3283 5210 κύριος
3334 5137 3559 5198 τούτων,

1991 5237 2085 5283 καὶ
2144 5229 2327 5283 λαϐὼν
2364 5230 2466 5292 τὰς
2506 5228 2837 5301 μαρτυρίας,
2873 5228 2971 5296 οὐχ
3022 5228 3099 5289 ὡς
3146 5230 3194 5280 oi
3259 5227 3560 5297 προφῆται,

1986 5317 2105 5373 ἀλλ’
2166 5317 2242 5382 ὡς
2292 5314 2363 5391 ἦν
2419 5318 2634 5390 πρέπον
2685 5316 2862 5389 τούτῳ
2923 5317 2998 5381 ὡς
3046 5317 3285 5385 δεσπότῃ
3339 5316 3435 5369 καὶ
3471 5315 3563 5386 δησ

1989 5410 2237 5482 μιουργῷ
2284 5410 2383 5481 τῆς
2431 5411 2687 5474 κτίσεως,
2725 5409 2787 5463 οὐ
2825 5413 2935 5480 μὴν
2980 5411 3025 5463 δ’
3061 5410 3135 5471 ὡς
3164 5409 3357 5480 χρείαν
3385 5407 3563 5476 ἔχοντι

1988 5503 2297 5574 μαρτυρίας
2355 5502 2538 5569 τινῶν,
2574 5502 2690 5555 ἀλλ’
2737 5501 2769 5573 ἢ
2809 5502 2897 5555 διὰ
2948 5507 3047 5572 τὴν
3094 5501 3204 5554 τῶν
3252 5499 3564 5570 ἀνθρώπων

1984 5596 2259 5661 ἀγνωσίαν
2324 5610 2384 5646 τε
2443 5594 2536 5648 καὶ
2593 5594 2878 5649 ἀσθένειαν
2910 5594 3079 5663 (μέγα
3121 5594 3214 5646 καὶ
3257 5592 3365 5663 γάρ
3415 5593 3562 5645 ἐστιν

1985 5686 2151 5749 ὅντως
2200 5685 2259 5739 τὺ
2297 5687 2398 5757 τῆς
2453 5687 2721 5757 ἐνσάρκου
2770 5685 3083 5755 οἰκονομίας
3135 5684 3229 5738 τοῦ
3284 5683 3411 5737 rio-3
3469 5683 3562 5734 καὶ
