4058 6514
480 441 590 508 597

1505 441 1806 505 CONTRA
1835 439 2326 504 MAHOMETEM
2363 438 2654 503 ORATIO
2691 438 2745 505 Ι.

3631 440 3740 508 598

475 559 652 626 Λόγου
708 555 808 611 τοῦ
863 555 1002 612 Θεοῦ
1067 555 1413 629 μυστήριον).
1469 557 1666 614 Λαὸὼν
1724 554 1907 614 τοίνυν
1955 557 2050 621 τὰς

2158 555 2314 622 bilia,
2340 557 2506 612 etiam
2553 555 2611 612 in
2653 565 2900 628 tempore
2927 556 3200 629 passionis
3243 569 3358 615 sua
3389 562 3447 628 et
3491 570 3742 616 resurre-

478 648 806 722 μαρτυρίας,
836 648 914 713 ῶς
959 649 1202 719 εῐρηται,
1240 648 1424 714 καθὼς
1461 649 1521 704 ὲν
1562 653 1687 716 ταῖς
1736 650 2055 724 ἔμπροσθεν

473 739 792 809 ἀπολογίαις
820 737 966 792 κατὰ
1012 740 1180 810 μέρος
1213 741 1404 809 σαφῶς
1447 741 1860 814 ἀποδέδεικται,
1885 743 2058 812 ἀρξα-

477 833 645 904 μὲνας
689 833 800 886 ἀπό
838 850 897 885 τε
946 833 1047 903 τῆς
1090 833 1188 887 τοῦ
1229 834 1402 900 Ἀδὰμ
1433 835 1710 899 πλάσεως,
1742 835 1824 890 ἔτι
1858 854 1917 891 τε
1958 835 2056 890 τοῦ

476 925 621 990 Νῶε,
672 925 769 978 τοῦ
813 925 1091 996 Ἀϐραάμ,
1149 925 1360 991 Ἰσαάκ,
1402 927 1498 981 καὶ
1560 926 1779 992 Ἰακὼϐ,
1809 929 2058 991 Μωσέως

473 1033 534 1071 τε
569 1019 664 1070 καὶ
697 1018 884 1082 Δασὶδ,
915 1019 1012 1072 καὶ
1047 1018 1268 1075 πάντων
1304 1019 1415 1072 τῶν
1441 1019 1764 1090 προφητῶν,
1794 1020 1932 1074 ἀλλὰ
1960 1022 2060 1075 καὶ

477 1111 537 1164 ιν
577 1113 646 1180 τῇ
687 1107 882 1163 τούτου
917 1112 1171 1182 γεννήσει
1209 1111 1364 1182 παρά
1406 1129 1464 1164 τε
1500 1113 1610 1166 τῶν
1643 1112 1918 1181 ἀγγέλων,
1949 1113 2061 1168 τῶν

477 1203 694 1272 μάγων,
725 1203 822 1256 καὶ
866 1203 962 1256 τοῦ
995 1203 1247 1274 ἀστέρος,
1285 1207 1380 1261 καὶ
1427 1207 1490 1259 τὸ
1520 1205 1584 1277 δὴ
1633 1205 1817 1276 πολλῷ
1844 1207 2056 1276 μεῖζον,

476 1295 537 1349 ιν
560 1297 628 1366 τῇ
670 1297 863 1348 τούτου
899 1295 1153 1364 βαπτίσει
1183 1296 1282 1368 τὴν
1328 1297 1478 1367 παρὰ
1507 1296 1601 1352 τοῦ
1648 1298 1783 1352 Θεοῦ
1813 1300 1910 1352 καὶ
1940 1300 2056 1353 Πα-

475 1386 602 1458 τρὸς
629 1387 836 1458 φωνὴν,
860 1387 957 1457 τὴν
985 1405 1005 1440 ι
1039 1389 1114 1442 Σὺ
1148 1384 1201 1442 si
1227 1390 1256 1442 ὁ
1286 1389 1419 1453 Υἱός
1458 1406 1560 1460 μου
1592 1393 1621 1444 ὁ
1651 1391 1959 1460 ἀγαπητὸς,
1997 1392 2058 1444 έν

479 1471 525 1546 ᾧ
565 1477 836 1549 εὐδόκησα
888 1497 910 1531 ι
958 1478 1055 1548 (ἐῶ
1109 1481 1220 1549 γάρ
1275 1480 1455 1549 λέγειν
1499 1481 1570 1535 τά
1614 1483 1876 1550 γεγονότα
1929 1481 2061 1551 παρ’

479 1569 648 1622 αὐτοῦ
677 1570 736 1622 ὲν
767 1569 847 1641 τῷ
892 1569 1073 1641 καιρῷ
1103 1570 1205 1640 τῆς
1237 1571 1379 1642 μετὰ
1411 1572 1521 1626 τῶν
1557 1572 1864 1644 ἀνθρώπων
1888 1573 2057 1626 αὐτοῦ

477 1661 825 1732 ἀναστροφῆς
871 1661 1129 1731 θαύματα
1170 1663 1266 1715 καὶ
1299 1663 1514 1732 μεγάλα
1568 1663 1854 1733 τεράστια,
1888 1663 2060 1718 πολλά

476 1769 536 1806 τε
565 1752 692 1806 ὄντα
720 1752 812 1806 καὶ
844 1754 1195 1824 ἀναρίθμητα
1219 1754 1278 1807 έν
1309 1771 1370 1808 τε
1402 1754 1480 1824 τῷ
1517 1755 1697 1826 καιρῷ
1725 1755 1819 1810 τοῦ
1848 1757 2058 1823 πάθους

477 1838 643 1892 αὑτοῦ
693 1840 786 1894 καὶ
839 1840 938 1910 τῆς
995 1843 1372 1906 ἀναστάσεως,
1426 1843 1566 1897 ἀλλὰ
1617 1847 1716 1899 καὶ
1771 1846 1913 1916 μετὰ
1958 1848 2058 1918 τὴν

481 1931 800 2005 ἀνάστασιν)
821 1950 837 1966 ο
861 1934 984 1987 τότε
1011 1934 1243 1999 ἐξέδωκε
1259 1936 1351 1991 τὸν
1378 1937 1471 1990 τοῦ
1497 1938 1835 2007 Εὐαγγελίου
1863 1942 2048 2011 νόμον.

492 2023 651 2078 Ἀλλά
684 2025 1014 2096 παραϐραχὺ
1048 2026 1413 2097 διαπέφευγεν
1459 2029 1609 2100 ἡμᾶς
1654 2031 1688 2102 ἡ
1737 2032 1795 2086 ἐν
1829 2032 1908 2103 τῷ
1940 2031 2052 2087 Θα·

475 2113 665 2184 σωρίω
691 2115 787 2169 τοῦ
828 2116 1083 2187 Σωτῆρος
1124 2119 1284 2188 ἡμῶν
1315 2124 1772 2193 μεταμορφωσις.
1801 2141 1820 2174 ι
1850 2123 2052 2195 Θαῦὼρ

472 2205 606 2278 γάρ,
638 2207 803 2278 φησὶν
840 2210 869 2262 ὁ
895 2209 1078 2275 Δαϐὶδ,
1121 2211 1219 2264 καὶ
1251 2212 1470 2284 Ἐρμὼν
1511 2215 1568 2268 ἐν
1597 2215 1675 2285 τῷ
1707 2216 1935 2282 ὀνόματί
1956 2232 2052 2270 σου

475 2298 860 2367 άγαλλιάσεται
893 2319 912 2352 ι
942 2302 1052 2356 Καὶ
1080 2303 1218 2370 πῶς,
1240 2296 1287 2358 ὧ
1319 2305 1560 2376 μακάριε
1576 2307 1814 2380 Δασὶδ,ή
1845 2309 2053 2379 ἄψυχος

477 2388 579 2459 ὖλη
627 2392 1060 2460 άγαλλιάσεται;
1112 2396 1247 2464 Nai,
1307 2398 1463 2468 φησὶ,
1518 2398 1594 2470 μὴ
1631 2400 1816 2466 ἁπλῶς
1859 2402 1952 2456 καὶ
1977 2402 2052 2468 ὡς

485 2482 651 2554 ῑτυχε,
711 2485 846 2556 μηδὲ
895 2487 1235 2554 ἐπιπολαίως
1285 2491 1542 2562 θεωρεῖτε
1580 2493 1652 2547 τὰ
1696 2495 1790 2549 τοῦ
1840 2497 2049 2566 Κυρίου

484 2576 751 2648 τεράστια,
790 2578 907 2632 ἀλλ’
935 2579 1214 2651 ὲγκύψατε
1255 2583 1336 2647 είς
1370 2583 1430 2637 τὸ
1458 2583 1568 2639 τῶν
1614 2587 1904 2658 νοημάτων
1949 2587 2050 2656 βά-

477 2666 587 2733 θος,
622 2671 716 2723 καὶ
764 2671 1012 2742 μεγάλην
1057 2673 1322 2745 εὑρήσετε
1372 2675 1475 2747 τὴν
1532 2678 1823 2746 ὠφέλειαν.
1873 2680 2052 2752 Δεῦρο

473 2756 651 2811 τοίνυν
709 2753 1083 2828 σκεψώμεθα,
1133 2761 1218 2825 τίς
1267 2763 1418 2818 ἐστιν
1471 2765 1504 2835 ἡ
1553 2765 1648 2818 τοῦ
1706 2770 2050 2843 πατριάρχου

476 2847 780 2920 είσήγησις.
847 2869 867 2903 ι
904 2853 1103 2922 Θασὼρ
1154 2855 1246 2908 καὶ
1291 2855 1544 2927 Ἐρμὼν,
1607 2861 1812 2931 φησὶν,
1867 2863 1926 2916 ὲν
1971 2865 2050 2935 τῷ

472 2936 703 3010 ὀνόματί
740 2958 835 2996 σου
885 2944 1332 3010 άγαλλιάσονται.
1361 2967 1381 3000 ι
1423 2949 1638 3021 Ὠσπερ
1668 2952 1777 3024 γάρ
1831 2955 1924 3008 ἐπὶ
1969 2956 2050 3027 τῷ

469 3029 568 3084 τοῦ
601 3031 812 3101 Κυρίου
843 3033 1007 3088 πάθει
1052 3036 1203 3088 πᾶσα
1232 3036 1265 3108 ἡ
1299 3037 1480 3102 κτίσις
1523 3041 1980 3110 ἐσκυθρώπασεν,
2011 3046 2047 3116 ἦ

470 3134 532 3172 τε
572 3119 708 3189 άγία
745 3122 912 3175 αὑτοῦ
961 3127 1167 3194 μήτηρ,
1215 3124 1270 3178 οἵ
1318 3143 1378 3178 τε
1412 3128 1724 3195 ἀπόστολοι,
1769 3131 1906 3185 ἀλλὰ
1954 3135 2048 3187 καὶ

2160 647 2381 714 ctionis,
2431 655 2486 702 et
2522 655 2647 717 post
2692 648 2854 713 hanc)
2886 649 3301 719 comprobatus,
3350 658 3484 708 tunc
3511 648 3737 705 demum

2158 739 2440 811 Evangelii
2489 739 2664 810 legem
2699 741 2954 810 protulit.
2999 741 3272 798 Ceterum
3319 741 3432 798 fere
3481 740 3742 797 transfor-

2159 831 2456 890 mationem
2478 829 2782 887 Salvatoris
2803 831 2979 891 nostri
2998 833 3055 888 in
3083 831 3306 888 Thabor
3333 841 3522 889 monte
3541 833 3737 888 factam

2158 922 2622 992 praeterieramus.
2679 941 2698 977 ι
2753 923 2978 979 Thabor
3028 923 3198 987 enim,
3240 923 3422 994 inquit
3461 924 3650 990 David,
3685 932 3743 980 et

2159 1011 2402 1067 liermon
2466 1012 2524 1067 in
2568 1012 2792 1068 nomine
2852 1022 2945 1067 tuo
2990 1014 3412 1074 exsultabunt‘.
3455 1031 3473 1066 ι
3508 1014 3573 1067 Ει
3601 1027 3743 1083 quo-

2159 1100 2347 1163 modo,
2376 1115 2410 1156 ο
2438 1101 2582 1157 bone
2635 1102 2830 1167 David,
2878 1101 3180 1158 inanimata
3211 1103 3509 1160 exsultabit
3561 1113 3738 1160 mate-

2161 1192 2282 1247 ria?
2324 1191 2440 1259 Nae,
2493 1193 2693 1264 inquit,
2730 1210 2838 1249 non
2872 1194 3100 1251 fortuito
3149 1210 3299 1263 casu,
3337 1212 3513 1268 neque
3556 1198 3764 1278 obiter;

2160 1288 2379 1342 Domini
2412 1287 2661 1360 prodigia
2691 1289 2967 1359 inspicite,
2999 1290 3092 1348 sed
3149 1291 3434 1347 recondite
3485 1291 3541 1346 in
3585 1291 3738 1362 cogi-

2165 1378 2432 1434 tationum
2459 1379 2916 1449 profunditatem,
2955 1390 3012 1442 et
3062 1397 3316 1452 magnum
3350 1382 3737 1453 deprehende-

2164 1468 2235 1524 tis
2282 1470 2658 1525 commodum.
2713 1470 2826 1541 Age
2885 1471 3069 1541 itaque
3130 1471 3434 1536 videamus,
3483 1486 3736 1542 quaenam

2161 1560 2488 1630 patriarcha:
2540 1561 2791 1616 doctrina
2843 1561 2914 1616 sit
2964 1580 2976 1615 :
3039 1582 3056 1614 ι
3105 1561 3322 1618 Thabor
3373 1572 3429 1618 et
3473 1562 3734 1629 Hermon,

2162 1652 2448 1724 inquit,'in
2481 1654 2702 1708 nomine
2745 1662 2841 1707 tuo
2887 1655 3268 1710 exsultabunt.
3315 1673 3333 1706 ι
3369 1653 3740 1721 Quemadmo-

2164 1743 2293 1798 dum
2343 1744 2491 1798 enim
2551 1745 2602 1798 in
2657 1744 2875 1799 Domini
2931 1747 3187 1815 passione
3241 1747 3422 1804 omnis
3483 1755 3738 1802 creatura

2165 1833 2403 1890 tristitiae
2441 1835 2592 1906 signa
2629 1836 2823 1901 edidit,
2858 1847 3046 1892 sancta
3081 1837 3507 1894 videlicetillius
3541 1848 3737 1904 mater,

2162 1924 2416 1993 apostoli,
2448 1934 2504 1979 et
2531 1940 2724 1981 omnes
2757 1925 2966 1995 ﬁdeles,
2997 1929 3130 1998 quin
3155 1938 3212 1996 et
3243 1929 3322 1984 sol
3349 1929 3740 1986 obtenebratus

2161 2023 2266 2077 est,
2309 2023 2455 2070 terra
2488 2031 2777 2081 concussa,
2813 2027 2868 2071 et
2919 2027 3092 2088 petrae
3139 2019 3344 2084 scissas,
3396 2020 3580 2076 velum
3626 2020 3742 2076 dis-

2161 2115 2385 2177 ruptum
2440 2117 2543 2174 est,
2592 2119 2649 2164 et
2693 2109 2797 2179 ipsi
2826 2109 3004 2181 angeli
3055 2111 3122 2166 ad
3171 2127 3376 2167 novum
3431 2111 3593 2168 Verbi
3641 2111 3738 2169 Dei

2162 2199 2488 2270 mysterium
2520 2201 2929 2271 obstupuerunt
2959 2220 2974 2256 :
3006 2204 3088 2258 sic
3116 2203 3282 2259 etiam
3311 2203 3367 2258 in
3391 2211 3577 2260 monte
3593 2203 3741 2260 Tha-

2158 2287 2261 2343 bor
2294 2289 2475 2344 omnis
2508 2299 2757 2345 creatura
2804 2291 3123 2358 exsultavit,
3157 2306 3225 2346 ex
3250 2291 3568 2348 inanimatis
3614 2292 3741 2363 qui-

2160 2375 2285 2432 dem
2316 2379 2474 2448 quasi
2503 2387 2614 2434 tota
2645 2388 2790 2434 terra
2818 2388 2870 2433 et
2898 2379 3120 2449 plantis,
3147 2380 3372 2436 Thabor
3395 2389 3451 2436 et
3474 2379 3736 2446 llermon;

2157 2483 2224 2522 ex
2247 2469 2357 2524 illis
2376 2484 2508 2526 vero
2539 2484 2660 2541 qua:
2688 2485 2852 2526 sensu
2884 2471 3098 2536 vivunt,
3131 2487 3252 2543 qua:
3277 2473 3334 2528 in
3365 2472 3587 2530 Thabor
3610 2481 3741 2537 sunt

2159 2560 2464 2617 animalia:
2507 2577 2574 2616 ex
2616 2562 2854 2618 mortuis
2913 2552 3127 2630 Moses;
3171 2579 3238 2618 ex
3291 2564 3599 2623 viventibus
3642 2565 3741 2620 Pe-

2163 2661 2300 2718 trus,
2340 2651 2578 2708 Iacobus
2611 2662 2666 2709 et
2691 2654 2968 2721 Joannes;
3001 2671 3068 2710 ex
3099 2655 3212 2712 vita
3251 2665 3438 2710 autem
3478 2655 3570 2710 illa
3600 2671 3739 2710 nova

2157 2749 2214 2798 et
2237 2742 2544 2809 immutata,
2591 2759 2713 2815 quat
2767 2759 2873 2800 nec
2920 2746 3158 2801 humana
3207 2761 3308 2802 nec
3341 2747 3584 2818 angelica
3633 2756 3740 2810 est,

2159 2832 2256 2889 sed
2301 2834 2520 2904 qualem
2570 2835 2758 2891 Enoclt
2795 2845 2851 2891 et
2883 2836 3032 2892 Elias
3077 2847 3262 2904 agunt.
3303 2839 3420 2908 ipse
3455 2838 3638 2903 Elias;
3675 2853 3742 2892 ex

2158 2927 2298 2983 ccelo
2321 2936 2504 2982 autem
2556 2929 2733 2986 nubes
2757 2928 2937 2984 lucida
2969 2938 3025 2986 et
3055 2930 3249 3001 angeli.
3280 2929 3348 2984 Et
3368 2944 3496 2984 ecce
3524 2929 3744 2984 Thabor

2157 3028 2214 3074 et
2270 3017 2510 3075 Hermon
2572 3035 2698 3086 cum
2760 3022 2910 3104 omni
2958 3031 3210 3078 creatura
3253 3021 3672 3077 exsultaverunt
3724 3041 3738 3077 :

2157 3111 2398 3168 Hermon
2444 3113 2500 3167 in
2549 3113 2844 3184 baptismo,
2879 3113 3100 3169 Thabor
3147 3115 3200 3169 in
3230 3114 3737 3170 transformatione.

472 3211 676 3278 πάντες
702 3215 751 3267 οί
782 3216 990 3282 πιστοὶ,
1022 3217 1119 3271 καὶ
1167 3218 1194 3271 ὁ
1235 3219 1334 3288 μὲν
1366 3221 1516 3290 ἥλιος
1556 3223 1870 3296 ἐσκοτίσθη,
1903 3226 1935 3296 ἡ
1973 3229 2042 3295 γῆ

2157 3203 2216 3258 In
2244 3205 2638 3275 quonegotio?
2660 3206 2718 3260 In
2748 3221 2883 3261 voce
2908 3205 3005 3263 Dei
3036 3206 3214 3292 Patris
3231 3206 3298 3262 de
3328 3206 3610 3279 unigenito
3639 3223 3741 3263 suo

2155 3295 2283 3318 ητις,
2346 3311 2442 3318 ___-
2498 3296 2629 3318 ,μμ
2718 3315 2730 3318 ,
2769 3298 2865 3318 m-
3211 3314 3362 3318 __--__
3683 3299 3733 3318 ε-

470 3303 527 3358 δὲ
563 3306 807 3376 ἐσείσθη,
858 3308 952 3362 καὶ
986 3310 1040 3363 αἱ
1072 3311 1270 3380 πέτραι
1321 3313 1678 3385 ἐσχίσθησαν,
1712 3316 1772 3369 τὸ
1801 3321 2044 3372 καταπέ-

471 3411 657 3464 τασμα
683 3398 971 3469 διερρἁη,
1004 3401 1055 3453 οἱ
1093 3401 1152 3455 δὲ
1186 3388 1410 3471 ἄγγελοι
1445 3406 1768 3477 ἐξέστησαν,
1809 3409 2045 3480 ὁρῶντες

470 3486 532 3538 τὸ
564 3486 711 3552 ξένον
749 3490 842 3543 τοῦ
875 3491 1012 3545 Θεοῦ
1044 3493 1221 3562 Λόγου
1263 3497 1597 3567 μυστήριονο
1629 3500 1773 3553 οὕτω
1819 3503 1915 3556 καὶ
1951 3505 2046 3556 ἐπὶ

474 3577 566 3630 τοῦ
598 3579 755 3649 ὅρους
797 3581 995 3653 Θαόὼρ
1023 3587 1174 3641 πᾶσα
1218 3589 1250 3656 ἡ
1289 3588 1466 3653 κτίσις
1513 3592 1903 3663 ἠγαλλιάσατο,
1936 3597 2046 3651 ἀπὸ

477 3670 576 3738 μὲν
609 3671 716 3725 τῶν
740 3674 987 3745 ἀψύχων,
1021 3676 1095 3740 ὡς
1119 3680 1185 3731 ὲκ
1212 3681 1392 3752 πάσης
1415 3683 1514 3751 τῆς
1555 3685 1660 3754 γῆς
1683 3688 1776 3740 καὶ
1807 3689 1916 3743 τῶν
1940 3708 2044 3760 φυ-

474 3761 604 3824 τῶν,
651 3764 850 3835 Θαϐὼρ
885 3770 980 3822 καὶ
1022 3769 1262 3840 Ἐρμὼν,
1313 3774 1422 3828 ἀπὸ
1463 3777 1518 3830 δὲ
1548 3778 1655 3831 τῶν
1691 3781 1746 3833 ὲν
1794 3783 2045 3853 αἰσθήσει

474 3853 691 3917 ζώντων
722 3856 790 3911 τά
839 3858 898 3912 ὲν
933 3859 1011 3929 τῷ
1040 3861 1311 3934 Θαϐωρίῳ
1364 3862 1499 3931 ζῶα,
1538 3867 1648 3920 ἀπὸ
1693 3869 1800 3925 τῶν
1831 3873 2046 3943 νεκρῶν

471 3944 731 4016 Μωῠσῆς,
761 3947 869 4001 ἀπὸ
893 3950 1000 4003 τῶν
1032 3952 1252 4016 ζώντων
1285 3953 1492 4025 Πέτρος
1539 3957 1634 4011 καὶ
1669 3957 1922 4025 Ἰάκωϐος
1953 3965 2048 4016 καὶ

483 4036 758 4109 Ἰωάννης.
796 4039 930 4094 Ἀπὸ
960 4041 1018 4096 δὲ
1048 4043 1150 4114 τῆς
1181 4045 1373 4116 ἐτέρας
1399 4047 1558 4118 ξένης
1584 4051 1678 4104 καὶ
1710 4051 2049 4124 ἐνηλλαγμέ-

472 4147 566 4200 νης
597 4131 744 4201 ζωῆς
801 4134 901 4203 τῆς
948 4137 1086 4205 μήτε
1132 4138 1488 4213 ἀνθρωπίνης
1537 4143 1675 4212 μήτε
1724 4145 2045 4218 ἀγγελικῆς,

478 4220 604 4275 ἀλλὰ
659 4223 761 4293 τῆς
806 4225 902 4278 τοῦ
947 4227 1120 4300 Ἑνὼχ
1156 4229 1253 4282 καὶ
1294 4231 1500 4297 Ἠλίου,
1556 4235 1722 4304 αὐτὸς
1773 4238 1801 4290 ὁ
1838 4237 2045 4303 Ἠλίας,

473 4312 562 4365 καὶ
600 4314 657 4380 ἐξ
685 4315 916 4383 οὐρανοῦ
961 4319 1157 4390 νεφέλη
1187 4322 1427 4393 φωτεινὴ
1454 4323 1548 4376 καὶ
1580 4325 1629 4376 οἱ
1659 4325 1903 4392 ἄγγελοι.
1941 4330 2050 4382 Καὶ

473 4402 580 4457 ίδοῦ
611 4404 812 4478 Θαϐὼρ
846 4407 939 4460 καὶ
987 4408 1206 4479 Ἑρμὼν
1244 4413 1342 4463 σὺν
1385 4413 1533 4484 πάσῃ
1569 4416 1634 4485 τῇ
1674 4415 1850 4469 κτίσει
1880 4417 2051 4486 ἠγαλ-

468 4492 744 4561 λιάσαντο,
790 4497 1011 4568 Ἐρμὼν
1037 4500 1094 4552 ὲν
1123 4503 1190 4571 τῇ
1229 4501 1508 4570 βαπτίσει,
1535 4507 1631 4558 καὶ
1656 4505 1858 4577 Θαόὼρ
1886 4511 1942 4560 ὲν
1981 4512 2046 4580 τῇ

2149 3295 2308 3362 Filio,
2340 3311 2448 3366 qua
2492 3296 2652 3362 dixit,
2711 3315 2730 3351 ι
2769 3298 2868 3353 Hic
2896 3307 2978 3354 est
3015 3298 3184 3354 Filius
3210 3314 3364 3354 meus
3387 3297 3644 3365 dilectus,
3682 3299 3738 3354 in

2147 3401 2258 3457 quo
2293 3387 2429 3442 mihi
2459 3388 2846 3459 complacitum
2879 3400 2982 3454 est,
3016 3391 3194 3459 ipsum
3229 3389 3417 3447 audite
3442 3393 3485 3447 ⁸.
3528 3409 3547 3444 ι
3582 3390 3652 3446 Et
3683 3391 3739 3446 in

2149 3477 2406 3547 passione
2445 3479 2668 3550 quidem
2705 3483 2888 3536 omnis
2937 3491 3189 3536 creatura
3225 3477 3589 3547 alienahaiur.
3629 3498 3742 3538 om-

2148 3568 2347 3639 niaque
2378 3571 2885 3639 permiscebantur;
2923 3573 2975 3627 in
3007 3573 3307 3630 Salvatoris
3339 3583 3525 3632 autem
3560 3586 3744 3633 trans.

2147 3657 2477 3716 formatione
2519 3665 2698 3719 omnis
2747 3677 2997 3722 creatura
3027 3667 3336 3723 exsultabat
3372 3675 3598 3740 propter
3631 3687 3734 3726 no-

2149 3761 2275 3806 men
2309 3752 2450 3808 Filio
2501 3754 2597 3810 Dei
2651 3756 2858 3812 datum.
2913 3757 3020 3814 Sed
3065 3759 3409 3815 redeundum
3455 3777 3544 3830 eo,
3592 3763 3737 3819 unde

2150 3857 2344 3898 sumus
2373 3844 2628 3915 digressi.
2663 3846 2840 3908 Moses
2872 3851 3116 3920 quidem,
3154 3860 3212 3905 ut
3239 3853 3452 3908 dictum
3497 3863 3606 3919 est,
3645 3871 3738 3910 ac-

2150 3943 2311 4004 cepto
2349 3937 2503 4006 prius
2537 3953 2566 3990 a
2600 3939 2713 3994 Deo
2751 3940 3144 3997 miraculorum
3183 3944 3518 4009 testimonio,
3559 3945 3734 4016 legem

2153 4027 2294 4082 tulit.
2354 4027 2644 4099 Propheta:
2696 4043 2881 4088 autem
2945 4035 3332 4103 vaticiniorum
3389 4049 3626 4108 eventu,
3679 4047 3736 4092 et

2153 4133 2552 4192 nonnunquam
2603 4123 2889 4180 miraculis
2943 4142 3166 4197 quoque
3226 4137 3357 4183 sunt
3401 4129 3734 4188 conﬁrmati.

2150 4213 2404 4271 Christus
2427 4217 2594 4273 etiam
2627 4220 2758 4288 illis,
2793 4237 2916 4292 qua
2968 4225 3370 4292 recensuimus,
3401 4226 3736 4284 testimoniis

2152 4307 2436 4374 probatus,
2485 4317 2540 4362 et
2583 4309 2814 4367 inﬁnitis
2860 4313 3162 4377 miraculis,
3201 4317 3587 4387 ipse'quoque
3635 4331 3734 4374 ore

2153 4398 2362 4452 docuit.
2405 4399 2526 4454 Post
2580 4401 2729 4456 illius
2775 4412 2959 4458 autem
3005 4407 3435 4476 assumptionem
3474 4409 3732 4479 discipuli

2157 4489 2328 4557 hujus
2362 4490 2718 4560 Evangelium
2755 4496 3225 4566 conscripserunt,
3259 4497 3474 4570 ipsique
3534 4503 3737 4558 docue-

470 4587 917 4658 μεταμορφὼσει.
946 4589 1068 4643 Ἐπὶ
1118 4593 1226 4645 τίνι
1257 4594 1589 4663 πράγματι;
1627 4597 1749 4650 Ἐπὶ
1779 4599 1872 4651 τοῦ
1911 4599 2046 4654 Θεοῦ

2155 4590 2302 4648 runt,
2330 4583 2606 4638 miraculis
2644 4586 2748 4640 sibi
2794 4586 2954 4641 tidem
2994 4589 3334 4653 vindicantes
3371 4611 3384 4646 :
3415 4609 3526 4649 non
3552 4605 3731 4650 tamen

466 4677 563 4730 καὶ
594 4679 808 4748 Πατρὸς
839 4684 991 4752 φωνῇ
1031 4682 1171 4753 ὑπὲρ
1212 4683 1304 4736 τοῦ
1338 4686 1664 4754 μονογενοῦς
1686 4689 1855 4743 αὐτοῦ
1891 4691 2045 4756 Υίοῦ,

465 4769 558 4836 τῇ,
597 4785 615 4819 ι
652 4762 819 4833 Οὗτός
852 4771 1003 4825 ἐστιν
1033 4772 1061 4825 ὁ
1087 4773 1216 4833 Υἱός
1254 4791 1357 4843 μου
1387 4778 1412 4826 ὁ
1443 4776 1748 4848 ἀγαπητὸς,
1793 4779 1852 4832 ὲν
1888 4773 1932 4848 ᾧ
1960 4783 2050 4834 εὑο

466 4856 670 4930 δόκησα
699 4878 713 4892 ’
742 4862 910 4916 αὐτοῦ
940 4864 1192 4919 ἀκούετε.
1231 4884 1250 4918 ι
1291 4869 1402 4922 Καὶ
1445 4869 1538 4922 ἐπὶ
1578 4870 1676 4939 μὲν
1704 4871 1798 4924 τοῦ
1843 4875 2048 4938 πάθους

465 4949 500 5019 ἠ
528 4953 678 5006 πᾶσα
717 4954 894 5018 κτίσις
931 4955 1230 5026 ἠλλοιοῦτο.
1265 4960 1363 5011 καὶ
1394 4959 1460 5012 τὰ
1488 4961 1665 5014 πάντα
1697 4964 1901 5034 ἀναμὶξ
1927 4966 2048 5034 ἐγέ-

465 5059 586 5097 νετο
608 5061 625 5076 ο
659 5046 717 5098 ἐν
748 5045 805 5098 δὲ
829 5049 896 5116 τῇ
943 5048 1034 5101 τοῦ
1069 5048 1322 5118 Σωτῆρος
1357 5053 1786 5123 μεταμορφώσει
1827 5057 1976 5110 πᾶσα
2011 5061 2044 5129 ή

466 5134 640 5200 κτίσις
669 5137 936 5207 ἠγάλλετο
965 5140 1057 5193 ἐπὶ
1080 5140 1156 5211 τῷ
1188 5140 1479 5211 λκληθέντι
1501 5143 1728 5213 ὀνόματι
1755 5145 1852 5199 τοῦ
1887 5148 2044 5202 Υίοῦ.

477 5225 618 5281 ’Δλλ’
657 5230 944 5283 ἐπανιτέον
997 5231 1118 5285 ὅθεν
1165 5232 1487 5303 ἐξήλθομεν.
1531 5234 1593 5290 Ὀ
1643 5237 1743 5306 μὲν
1800 5240 2046 5308 Μωῦσῆς

465 5318 684 5389 πρῶτον
715 5321 917 5387 λαϐὼν,
969 5323 1150 5385 καθὼς
1197 5325 1436 5396 εἴρηται,
1473 5325 1573 5398 τὴν
1614 5329 1724 5382 ἀπὸ
1777 5331 1871 5384 τοῦ
1906 5331 2044 5387 Θεοῦ

464 5414 560 5467 καὶ
590 5413 698 5467 τῶν
725 5413 1022 5484 θαυμάτων
1050 5417 1384 5488 μαρτυρίαν,
1407 5418 1618 5483 ἐξέδοτο
1649 5422 1744 5476 τὸν
1775 5425 1965 5494 νόμον,
1991 5428 2044 5479 oi

463 5505 520 5559 δὲ
552 5507 831 5578 προφῆται
854 5506 953 5578 τὴν
984 5507 1210 5563 ἔκϐασιν
1239 5510 1348 5566 τῶν
1375 5513 1751 5584 προφητειῶν,
1784 5515 1932 5570 ἔστιν
1954 5517 2042 5570 ὅτε

466 5597 562 5651 καὶ
588 5597 696 5651 τῶν
731 5598 1049 5670 θαυμάτων.
1095 5601 1154 5656 Ὀ
1183 5601 1240 5656 δὲ
1266 5604 1502 5675 Χριστὸς
1535 5605 1676 5677 ἔχων
1700 5611 1800 5672 τὰς
1835 5626 2042 5680 μαρτυ-

467 5686 611 5757 ρίας,
641 5688 707 5752 ἃς
727 5689 1037 5760 φθάσαντες
1056 5692 1307 5762 εῐπομεν,
1339 5695 1432 5748 καὶ
1452 5696 1518 5750 τὰ
1535 5696 1736 5767 ἄπειρα
1758 5699 2038 5768 θαύματα,

537 5864 556 5895 ³
594 5863 735 5921 Psal.
769 5881 1038 5936 Luxvnt,
1077 5869 1161 5924 t3.
1243 5871 1260 5903 ‘
1286 5871 1477 5928 Matth.
1515 5889 1644 5940 xvn,
1685 5876 1735 5931 5.

2153 4673 2434 4728 miraculis
2463 4674 2831 4740 solummodo,
2861 4677 2957 4732 sed
2987 4680 3152 4734 etiam
3200 4694 3424 4752 pr0pter
3468 4686 3732 4755 optimam

2153 4779 2335 4818 rerum
2385 4764 2943 4834 administrationem,
2997 4771 3158 4826 [idem
3211 4775 3569 4832 merebantur
3598 4792 3735 4848 apo-

2153 4855 2301 4910 stoli.
2336 4855 2520 4911 Primo
2556 4858 2704 4912 enim
2736 4873 2862 4914 cum
2905 4862 3004 4917 hos
3031 4865 3339 4921 exacuisset
3367 4867 3643 4932 Christus.
3675 4881 3734 4926 et

2151 4961 2250 5001 ceu
2281 4947 2490 5003 ferreos
2521 4949 2739 5006 fecisset
2768 4960 2824 5007 et
2849 4952 3255 5023 adamantinos,
3287 4958 3354 5012 ad
3387 4959 3735 5029 mendicatio-

2152 5054 2279 5094 nem
2310 5040 2514 5105 emisit,
2554 5041 2743 5098 dicens
2772 5043 2881 5100 illis
2914 5063 2925 5099 :
2966 5065 2984 5098 ι
3018 5047 3159 5103 Ecce
3189 5050 3347 5104 mitto
3374 5066 3472 5106 vos
3505 5063 3565 5107 ut
3597 5069 3731 5110 oves

2151 5131 2207 5186 in
2247 5131 2427 5188 medio
2453 5133 2706 5202 luporum
2732 5136 2775 5190 '.
2815 5155 2834 5189 ι
2872 5135 2938 5191 Hi
2961 5153 3094 5194 vero
3127 5139 3492 5198 humilitatem
3523 5143 3730 5212 induti,

2150 5218 2402 5275 leonibus
2445 5219 2912 5280 Iormidabiliores
2963 5240 3358 5297 apparuerunt.
3408 5233 3529 5289 Non
3577 5235 3728 5290 enim

2152 5311 2382 5366 audacia
2415 5314 2554 5371 tollit
2580 5315 2890 5382 audaciam,
2925 5319 3022 5374 sed
3057 5323 3288 5391 aequitas
3330 5335 3387 5380 et
3416 5325 3723 5390 humilitas.

2155 5421 2174 5454 ι
2208 5402 2411 5460 Luceat
2461 5407 2632 5474 enim,
2672 5408 2849 5479 inquit
2877 5409 3155 5480 Christus,
3200 5415 3291 5470 lux
3324 5427 3506 5474 vestra
3536 5434 3724 5475 coram

2147 5494 2486 5566 hominibus,
2517 5507 2580 5553 ut
2607 5500 2832 5558 videant
2881 5517 3048 5574 opera
3097 5515 3278 5562 vestra
3325 5508 3486 5574 bona,
3527 5511 3728 5579 etglo-

2146 5588 2363 5645 riﬁcent
2410 5591 2626 5647 Patrem
2671 5602 2916 5651 vestrum
2962 5597 3058 5666 qui
3105 5597 3161 5653 in
3190 5600 3349 5656 cmlis
3385 5609 3473 5657 est
3491 5600 3534 5654 ⁸.
3587 5619 3606 5652 ι
3657 5601 3728 5656 Ει

2149 5677 2269 5735 ὴαισ
2320 5681 2546 5750 quidem
2591 5694 2679 5742 est
2730 5685 2809 5741 rei
2834 5688 3058 5758 veritas,
3091 5689 3238 5760 quod
3274 5691 3385 5746 vita
3433 5690 3644 5761 integra
3670 5700 3726 5750 et

1815 5877 1834 5909 ⁷
1878 5875 2066 5934 Matth.
2100 5893 2154 5944 x,
2190 5879 2277 5936 16.
2328 5879 2376 5948 ,⁸
2401 5879 2592 5937 Matth.
2631 5898 2687 5948 ν,
2724 5883 2808 5939 16.
