4058 6470
332 447 438 509 599

1504 453 1827 515 JOANNIS
1866 454 2393 520 CANTACUZENI

3472 456 3580 519 600

327 562 510 613 virtus
534 557 722 613 multis
739 557 1019 613 miraculis
1039 557 1110 614 sit
1130 559 1494 628 prazstantior.
1525 561 1710 616 «Multi
1740 563 1911 628 enim,
1940 613 1945 626 ε

2048 568 2223 634 δίδαξε
2273 571 2373 636 μέν
2401 570 2496 624 καὶ
2545 569 2707 633 αὐτὸς
2742 569 2830 623 διὰ
2867 570 3156 639 στόματος,
3192 570 3334 637 μετά
3380 567 3438 622 δὲ
3481 569 3582 639 τήν

332 651 469 706 dicit
519 651 806 718 Dominus,
855 651 910 706 in
956 651 1052 706 illo
1089 652 1178 708 die
1211 652 1400 708 dicent
1443 653 1601 715 mihi,
1656 655 1908 722 Domine,

334 744 584 807 Domine,
627 758 813 798 nonne
855 743 909 797 in
943 745 1167 800 nomine
1217 751 1312 798 tuo
1350 744 1824 815 prophetavimus,
1854 757 1912 802 et

333 835 387 887 in
445 834 666 889 nomine
718 842 813 889 tuo
867 837 1100 890 virtutes
1150 836 1352 891 multas
1404 835 1700 899 edidimus,
1749 848 1803 893 et
1857 839 1910 892 in

333 923 556 978 nomine
611 932 709 979 tuo
755 923 1031 980 daemones
1080 925 1384 995 ejecimus?
1426 925 1494 980 Et
1523 926 1699 981 dicam
1752 927 1910 982 illis:

337 1015 453 1070 Non
498 1014 624 1068 novi
658 1029 779 1080 vos,
806 1013 954 1069 abite
987 1029 1016 1068 a
1059 1027 1146 1068 me
1176 1013 1271 1084 qui
1305 1014 1612 1082 operamini
1655 1015 1915 1084 iniquita—

339 1117 447 1160 tem
472 1106 514 1158 ’.
556 1125 572 1158 ι
605 1105 741 1160 Etsi
776 1103 925 1160 dicat
952 1103 1152 1173 aliquis
1187 1121 1200 1156 :
1243 1103 1450 1173 Ecquid
1497 1118 1636 1173 opus
1681 1119 1906 1175 evange-

337 1201 442 1255 lica
469 1199 745 1254 adducere
777 1199 940 1253 verba
968 1197 1233 1252 adversus
1266 1211 1329 1251 ea
1358 1211 1480 1266 qua:
1522 1211 1552 1250 a
1606 1194 1917 1253 Mahomete

340 1298 640 1352 dicuntur?
692 1311 796 1352 nos
835 1295 912 1351 illi
968 1295 1448 1366 respondebimus,
1483 1293 1627 1364 quod
1686 1291 1917 1346 multum

339 1392 428 1444 bis
457 1405 596 1459 opus
625 1388 717 1454 sit,
744 1395 800 1442 et
829 1387 1089 1443 maxime.
1123 1385 1463 1441 Testimonia
1482 1383 1625 1439 enim
1656 1383 1725 1436 ab
1747 1381 1924 1436 hosti-

341 1482 442 1535 bus
473 1488 695 1550 accepta
739 1478 845 1534 ﬁde
875 1478 1126 1549 digniora
1174 1486 1325 1532 sunt.
1375 1476 1540 1540 Num,
1581 1484 1642 1529 ut
1675 1474 1923 1543 Evange-

343 1574 476 1628 lTum
522 1572 762 1627 hostium
799 1569 1132 1627 testimoniis
1160 1569 1446 1640 indigeat?
1475 1568 1633 1624 Absit
1659 1566 1920 1635 blasphe-

345 1664 494 1728 mia!
547 1663 841 1727 Caeterum,
898 1669 959 1716 ut
1017 1661 1063 1716 si
1097 1661 1223 1729 quis
1267 1660 1335 1715 ab
1368 1659 1551 1729 aliquo
1591 1657 1921 1712 talentorum

345 1757 532 1810 decem
565 1753 732 1809 millia
773 1759 966 1807 mutuo
999 1751 1317 1820 sumpserit,
1356 1759 1451 1804 aut
1483 1747 1722 1803 creditor
1748 1747 1924 1801 mutui

347 1849 622 1910 forensem
671 1853 865 1901 contra
903 1843 1209 1899 debitorem
1248 1841 1520 1900 aetionem
1563 1840 1836 1903 instituat,
1871 1847 1927 1894 et

349 1939 464 1993 illic
485 1937 707 1993 debitor
757 1937 1131 2004 interrogatus
1165 1950 1193 1989 a
1232 1935 1735 1990 controversiarum
1778 1933 1926 2004 judi-

349 2033 526 2094 «yihus,
573 2026 832 2082 annuerit
857 2034 914 2082 et
967 2025 1255 2082 confessus
1293 2023 1457 2080 fuerit
1483 2039 1598 2078 rem
1650 2021 1730 2078 sic
1763 2039 1822 2079 se
1872 2033 1929 2079 et

351 2137 462 2176 non
502 2120 660 2175 aliter
694 2104 924 2180 habere,
957 2133 1058 2174 nec
1099 2117 1280 2186 aliqua
1307 2131 1394 2171 res
1422 2115 1590 2170 fuerit
1614 2117 1666 2170 in
1697 2130 1804 2186 qua
1831 2115 1930 2171 fal-

351 2226 473 2266 sum
523 2209 709 2275 dicat,
747 2209 919 2279 judex
967 2207 1280 2280 hnjusmodi
1327 2206 1677 2262 sermonibus
1726 2206 1931 2263 auditis

354 2304 520 2360 tacite
577 2316 764 2357 secum
833 2300 950 2368 ipse
1008 2298 1356 2369 perpendens
1409 2297 1574 2360 hosce
1625 2312 1928 2363 sermones,

355 2391 687 2445 “inicientes
709 2389 919 2461 iudicat
945 2389 1002 2445 in
1025 2387 1403 2446 testimonium
1425 2385 1596 2441 debiti
1621 2386 1916 2454 reddendi,

356 2481 563 2537 Eadem
632 2481 771 2538 mihi
832 2482 903 2538 de
961 2480 1113 2540 omni
1177 2494 1333 2538 sacra
1398 2479 1682 2551 Scriptura
1755 2479 1932 2538 fertur

360 2590 570 2645 opimo.

2011 661 2180 714 αὑτοῦ
2209 661 2478 733 ἀνάληψιν
2501 662 2908 732 συνεγράψαντο
2940 661 3036 716 καὶ
3063 663 3112 715 οἱ
3140 659 3382 732 μαθηταὶ
3416 659 3581 714 αὑτοῦ

2012 757 2062 808 οἱ
2095 755 2380 808 ἀπόστολοι
2416 756 2475 808 τὸ
2509 755 2870 822 Εὐαγγέλιον,
2899 756 2994 810 καὶ
3038 755 3318 808 ἐδίδασκον
3358 754 3453 807 καὶ
3487 753 3584 807 αὖ·

2013 843 2118 907 τοὶ,
2146 846 2256 907 τοῖς
2289 841 2530 913 θαύμασι
2567 842 2942 912 πιστούμενοι.
2966 843 3040 896 Οὐ
3074 843 3234 912 μόνον
3260 843 3319 896 δέ
3339 842 3449 896 ἀπὸ
3476 842 3586 896 τῶν

2017 935 2335 1005 θαυμάτων,
2373 935 2512 989 ἀλλά
2543 936 2637 990 καὶ
2681 935 2789 988 ἀπὸ
2814 936 2912 1006 τῆς
2940 935 3176 1006 ἀρίστης
3206 933 3478 998 πολιτείας
3507 931 3583 987 εἳ-

2016 1043 2110 1095 χον
2145 1027 2192 1078 οί
2229 1025 2519 1079 ἀπόστολοι
2547 1027 2609 1078 τὸ
2641 1027 2854 1082 πιστόν.
2891 1026 3162 1096 Πρότερον
3193 1027 3289 1079 καὶ
3321 1025 3431 1094 γάρ
3464 1043 3590 1078 στο-

2021 1119 2210 1188 μώσας
2243 1118 2440 1180 αὐτοὺς
2475 1120 2502 1172 6
2544 1117 2805 1187 Χριστὸς,
2861 1118 2956 1171 καὶ
3006 1117 3172 1171 οἱονεὶ
3213 1116 3462 1188 σιδηροῦς
3497 1117 3591 1168 καὶ

2017 1207 2416 1278 ἀδαμαντίνους
2443 1210 2821 1278 ἐργασάμενος
2846 1209 3090 1276 τούτους,
3114 1208 3309 1262 ἔπειτα
3335 1207 3592 1261 ἀπέστει-

2021 1300 2112 1353 λεν
2141 1301 2339 1363 αὐτοὺς
2373 1302 2467 1355 ἐπὶ
2499 1301 2559 1353 τὸ
2600 1302 2884 1370 κήρυγμα,
2917 1300 3078 1365 λέξας
3119 1300 3256 1370 πρὸς
3283 1301 3478 1363 αὐτοὺς
3511 1302 3592 1354 ὅτι

2030 1409 2048 1441 ι
2099 1391 2230 1443 Ἰδοὺ
2259 1389 2462 1460 πέμπω
2499 1391 2642 1461 ὑμᾶς
2674 1391 2748 1453 ὡς
2779 1391 3031 1462 πρόϐατα
3062 1392 3120 1444 ἐν
3149 1392 3299 1462 μέσῳ
3332 1390 3530 1444 λύκων.
3566 1409 3584 1440 ι

2021 1481 2079 1538 Οἱ
2107 1483 2162 1536 δὲ
2192 1484 2290 1552 τὴν
2322 1483 2652 1536 ταπείνωσιν
2687 1485 3018 1548 ὲνδυθέντες,
3053 1483 3424 1554 φοὸερὼτεροι
3453 1479 3618 1536 λεόν--Δ

2023 1591 2132 1627 των
2170 1574 2580 1644 ἀνεδείλθησαν.
2633 1576 2709 1628 Οὔ
2762 1577 2869 1646 γὰρ
2930 1575 3206 1648 θρασύτης
3258 1575 3598 1646 θρασύτητος

2026 1662 2369 1732 ἀναιρετικὴ,
2406 1660 2524 1713 ἀλλ’
2553 1661 2829 1717 ἐπιείκεια
2861 1667 2956 1715 καὶ
2987 1664 3344 1726 ταπείνωσις.
3384 1681 3402 1714 t
3443 1664 3602 1730 Λαμ-

2025 1754 2182 1823 ψάτω
2240 1754 2370 1824 γάρ,
2431 1755 2598 1822 φησὶν
2665 1756 2694 1807 6
2760 1755 2987 1824 Κύριος,
3028 1756 3089 1808 τὸ
3145 1756 3260 1824 φῶς
3300 1755 3457 1824 ὑμῶν
3503 1753 3605 1821 ἐμ-

2030 1847 2266 1916 προσθεν
2291 1848 2401 1900 τῶν
2431 1845 2756 1914 ἀνθρώπων,
2799 1847 2945 1910 ὅπως
2980 1848 3134 1901 ἴδωσι
3177 1848 3247 1900 τὰ
3281 1847 3420 1900 καλά
3448 1845 3606 1914 ὑμῶν

2030 1940 2191 2011 ἔργα,
2224 1938 2318 1991 καὶ
2342 1938 2608 2004 δοξάσωσι
2635 1939 2728 1991 τὸν
2751 1938 2970 2008 Πατέρα
2995 1938 3022 1990 ὕ
3033 1937 3149 2006 μῶν
3173 1937 3267 1992 τὸν
3298 1940 3357 1990 ἐν
3385 1940 3492 2001 τοῖς
3518 1936 3611 1989 οὐ·

2032 2034 2230 2103 ρανοίς.
2269 2051 2287 2084 ι
2317 2031 2427 2086 Καὶ
2459 2031 2632 2094 οὕτως
2660 2030 2812 2084 ἐστὶν
2840 2032 2873 2102 ἡ
2906 2031 3154 2100 ἀλήθεια.
3177 2031 3366 2097 Πολλῷ
3401 2028 3481 2094 τῷ
3507 2030 3610 2097 μέ-

2029 2142 2144 2196 τρῳ
2193 2122 2442 2193 διαφέρει
2507 2122 2665 2195 ὀρθὸς
2723 2121 2837 2190 βίος
2902 2123 2997 2174 καὶ
3049 2122 3223 2192 ἀρετὴ
3283 2121 3608 2190 θαυμάτων.

2039 2236 2057 2266 ι
2097 2213 2288 2267 Πολλοὶ
2353 2213 2496 2283 γάρ,
2571 2215 2736 2284 φησὶν
2801 2215 2830 2266 6
2889 2213 3118 2284 Κύριος,
3180 2215 3238 2266 ἐν
3308 2211 3492 2283 ἐκείνῃ
3540 2213 3609 2279 τῇ

2033 2307 2220 2376 ἡμέρᾳ
2259 2303 2443 2374 ἐροῦσί
2480 2321 2590 2374 μοι,
2618 2302 2817 2374 Κύριε,
2853 2303 3048 2374 Κύριε,
3082 2303 3142 2356 ού
3173 2303 3249 2373 τῷ
3282 2301 3360 2371 σῷ
3387 2303 3617 2368 ὀνόματι

2036 2396 2547 2468 προεφητεύσαμεν,
2581 2395 2676 2448 καὶ
2707 2395 2787 2466 τῷ
2821 2397 2899 2468 σῷ
2923 2395 3150 2465 ὀνόματι
3182 2394 3443 2461 δυνάμεις
3472 2391 3610 2443 πολ-

2035 2483 2136 2547 λάς
2169 2483 2526 2552 ἐποιήσαμεν,
2558 2484 2654 2537 καὶ
2684 2483 2762 2554 τῷ
2807 2483 2884 2554 σῷ
2927 2483 3155 2552 ὀνόματι
3208 2481 3464 2549 δαιμόνια
3495 2479 3615 2543 ἐξεο

2038 2574 2311 2645 6άλομεν;
2369 2575 2479 2629 Καὶ
2517 2575 2628 2644 ἐρῶ
2661 2575 2799 2646 πρὸς
2859 2575 3081 2639 αὐτοὺς,
3118 2574 3234 2627 Οὐκ
3271 2570 3388 2626 οἶδα
3430 2570 3613 2638 ὑμᾶς·

361 2667 703 2738 ἀποχωρεῖτε
745 2663 842 2719 ἀπ’
869 2663 1005 2734 ἐμοῦ
1037 2665 1086 2718 οἱ
1117 2663 1346 2734 ἐργάται
1377 2665 1477 2734 τῆς
1524 2663 1756 2725 ἀδικίας.
1786 2683 1804 2716 ι
1838 2666 1901 2717 Εἰ
1933 2665 1981 2719 δ’
2019 2663 2147 2727 ίσως
2203 2664 2323 2732 ἐρεῖ
2347 2682 2452 2729 τις,
2485 2667 2600 2721 Καὶ
2620 2667 2702 2729 τίς
2731 2666 2886 2738 χρεία
2909 2666 3016 2720 τῶν
3039 2663 3415 2734 εὐαγγελικῶν
3439 2659 3616 2732 ῥητῶν
3713 2713 3722 2722 ,

365 2759 501 2827 πρὸς
539 2745 618 2811 ’τά
651 2757 801 2826 παρά
838 2755 934 2812 τοῦ
963 2756 1210 2826 Μωάμεθ
1279 2756 1586 2825 λεγόμενα;
1653 2759 1814 2828 ἡμεῖς
1867 2759 2005 2828 πρὸς
2045 2757 2209 2812 αὑτὸν
2236 2757 2462 2827 λέξομεν
2488 2759 2571 2812 ὅτι
2593 2760 2762 2830 πολλὴ
2795 2762 2889 2814 καὶ
2947 2760 3181 2830 μεγάλη.
3211 2759 3355 2812 Διότι
3387 2756 3443 2809 αἱ
3468 2752 3619 2824 παρά

363 2853 474 2904 τῶν
505 2851 716 2923 ἐχθρῶν
747 2852 1048 2924 μαρτυρίαι
1077 2850 1523 2922 ἀξιοπιστότεραί
1551 2853 1710 2916 εἰσιν,
1735 2852 1796 2904 οὐ
1824 2853 1932 2922 μὴν
1971 2853 2046 2916 ὼς
2083 2851 2274 2922 χρείαν
2317 2851 2534 2922 ἔχοντος
2601 2853 2692 2906 τοῦ
2731 2854 3067 2923 Εὑαγγελίου
3106 2854 3202 2922 τῆς
3266 2853 3374 2906 τῶν
3408 2851 3616 2906 ἀντιθέι

361 2967 473 3002 των
503 2947 811 3020 μαρτυρίας
832 2948 1035 3018 (ἄπαγε
1060 2947 1161 3016 τῆς
1215 2945 1625 3016 βλασφημίαςῐ)
1654 2945 1770 2999 ἀλλ’
1825 2945 2016 3017 ὥσπερ
2055 2947 2200 3010 τινὸς
2243 2947 2651 3018 ἀπαιτουμένου
2705 2949 2864 3019 χρέος
2906 2949 3116 3020 μυρίων
3152 2947 3430 3002 ταλάντων
3470 2946 3622 3016 παρά

365 3060 535 3107 τινος,
590 3042 624 3114 ἢ
678 3043 972 3113 πορευθεὶς
1020 3044 1050 3096 6
1104 3042 1331 3097 ἀπατῶν
1365 3042 1426 3096 τὸ
1494 3042 1982 3111 κεχρεωστημένον
2019 3042 2078 3095 ἐν
2143 3041 2479 3112 δικαστηρίῳ
2515 3045 2724 3097 ποιοῖτο
2785 3044 2883 3114 τὴν
2945 3043 3063 3095 κατ’
3114 3040 3282 3096 αὑτοῦ
3339 3040 3618 3108 ἑγκλησιν,

367 3133 664 3189 κάντεῦθεν
690 3135 1062 3208 ἐρωτηθέντος
1119 3134 1215 3188 τοῦ
1275 3134 1561 3206 ὀφειλέτου
1625 3133 1780 3204 παρά
1823 3133 1933 3186 τῶν
2003 3133 2334 3198 δικαζόντων
2381 3137 2447 3189 τὰ
2488 3137 2588 3205 τῆς
2635 3135 2967 3200 ὑποθέσεως,
3017 3137 3108 3189 καὶ
3153 3133 3483 3203 συνθεμένου
3527 3131 3626 3184 καὶ

372 3225 908 3298 συνομολογήσαντος
939 3227 1022 3280 ὄπ
1073 3223 1249 3289 οὕτως
1305 3225 1445 3291 ἐστὶ,
1482 3224 1579 3278 καὶ
1613 3225 1714 3278 οὐκ
1738 3223 1935 3288 ἄλλως.
1976 3225 2068 3278 καὶ
2105 3225 2204 3278 οὐκ
2227 3225 2376 3280 ἐστιν
2412 3229 2470 3279 ἐν
2504 3223 2584 3291 οἷς
2641 3227 2790 3294 λέγει
2849 3225 3065 3295 ψεῦδος,
3095 3229 3122 3278 ὁ
3152 3226 3346 3295 κριτὴς
3373 3222 3624 3292 ἀκηκοὼς

368 3321 481 3374 τῶν
515 3319 776 3375 τοιούτων
814 3319 1012 3389 λόγων,
1043 3319 1140 3372 καὶ
1193 3319 1250 3372 ἐν
1287 3320 1486 3388 σιωπῇί
1512 3318 1579 3371 τά
1619 3319 1794 3372 πάντα
1838 3317 1971 3380 θεὶς,
2009 3319 2137 3380 τοὺς
2172 3318 2386 3372 ἐκείνου
2427 3320 2618 3386 λόγους
2669 3320 3034 3390 ἁποχρῶντας
3080 3320 3255 3388 κρίνει
3303 3321 3383 3382 εἰς
3415 3334 3629 3388 μαρτυ·

375 3411 502 3480 ρίαν
527 3409 618 3464 διὰ
638 3409 742 3480 τὴν
769 3407 862 3463 τοῦ
895 3408 1088 3484 χρέους
1116 3408 1400 3473 ἀπόδοσιν,
1432 3406 1577 3462 οὕτω
1627 3425 1716 3477 μοι
1739 3408 1856 3486 ,νόει
1890 3411 1982 3462 καὶ
2021 3409 2116 3462 ἐπὶ
2140 3412 2316 3480 πάσης
2343 3413 2441 3481 τῆς
2484 3410 2634 3473 θείας
2676 3411 2921 3479 Γραφῆς.

449 3577 502 3630 4.
555 3574 790 3630 Mosaica
851 3575 1000 3629 enim
1064 3575 1306 3644 scripta,
1360 3573 1686 3629 Psalterium
1717 3583 1773 3628 et
1827 3589 1945 3644 pro-

2125 3574 2186 3628 δ’.
2223 3577 2304 3630 Τά
2349 3593 2405 3628 τε
2441 3577 2548 3646 γάρ
2582 3577 2872 3640 Μωσαῖκά,
2919 3575 2976 3628 τὸ
3006 3576 3341 3645 Ψαλτήριον,
3394 3574 3484 3626 καὶ
3533 3571 3633 3633 τάς

375 3667 668 3738 phetarum
715 3665 960 3730 oracula,
1001 3663 1281 3719 Mahomet
1331 3673 1542 3729 saneta,
1587 3666 1951 3735 justaetvera

377 3752 502 3813 esse
551 3757 763 3819 docuit,
791 3754 1259 3826 quemadmodum
1309 3755 1366 3810 in
1400 3755 1686 3826 Apologiis
1739 3755 1958 3826 planius

379 3847 882 3903 demonstravimus
908 3864 923 3912 ;
952 3847 1232 3918 pracipue
1261 3859 1394 3902 vero
1421 3855 1547 3901 ante
1569 3846 1750 3900 omnia
1782 3845 1961 3900 excel-

379 3940 751 3996 lentissimum
790 3937 1172 4009 Evangelium,
1199 3945 1449 3992 sanetum
1479 3951 1601 3991 esse
1636 3944 1692 3990 et
1712 3937 1922 4006 justum
1943 3979 1958 4001 ,

384 4039 598 4087 rectum
619 4071 633 4098 ,
665 4044 859 4088 verum
893 4038 949 4084 et
977 4027 1292 4083 absolutum
1340 4027 1543 4098 saepius
1571 4066 1585 4089 ,
1636 4025 1960 4090 declaravit,

388 4125 528 4179 adeo
555 4132 619 4178 ut
640 4122 744 4178 hoc
779 4120 873 4176 Dei
911 4117 1372 4177 eommonitiones
1402 4118 1669 4172 nominet.
1694 4116 1965 4184 Quemad-

391 4215 612 4270 modum
639 4215 694 4270 in
723 4213 901 4284 capite
924 4210 1086 4277 Iona,
1115 4207 1261 4280 quod
1299 4209 1355 4263 in
1386 4208 1685 4264 Alcorrano
1716 4210 1965 4264 contine-

391 4318 504 4375 tur,
545 4305 627 4361 sic
669 4304 850 4375 inquit
881 4301 996 4360 :De
1044 4300 1133 4356 his
1169 4313 1293 4369 quae
1321 4299 1478 4355 vobis
1504 4299 1890 4363 revelavimus,
1918 4299 1963 4352 si

388 4395 805 4459 dubitaveritis,
853 4393 924 4448 ab
953 4390 1063 4447 illis
1099 4389 1361 4461 inquirite
1382 4432 1397 4458 ,
1445 4391 1538 4461 qui
1572 4391 1681 4461 jam
1718 4397 1846 4443 ante
1878 4401 1967 4440 me

390 4489 561 4544 iliblia
590 4489 864 4558 legerunt,
897 4493 956 4540 et
995 4482 1282 4538 veritatem
1329 4481 1776 4554 deprehendetis.
1830 4478 1968 4545 Qui-

391 4597 517 4635 nam
557 4581 724 4650 igitur
758 4585 910 4641 sunt,
946 4576 1040 4646 qui
1069 4586 1194 4630 ante
1221 4574 1584 4630 Mabometem
1615 4573 1785 4626 Biblia
1815 4571 1968 4639 lege-

396 4672 820 4728 rnnt‘l-Coustat
846 4678 996 4723 certe
1031 4667 1287 4722 Hebraeos
1326 4682 1467 4731 esse,
1514 4666 1605 4734 qui
1638 4663 1800 4717 Mosis
1834 4661 1970 4715 Pen—

396 4765 714 4822 mteuchum
772 4773 826 4816 et
886 4760 1207 4832 prophetica
1277 4758 1480 4826 scripta
1538 4753 1860 4822 recipiunt,
1916 4759 1971 4804 et

395 4857 721 4932 Christiani,
753 4854 850 4925 qui
874 4846 980 4908 una
1007 4867 1130 4907 eum
1179 4849 1264 4904 his
1293 4850 1456 4903 etiam
1486 4844 1840 4913 Evangelium
1873 4842 1970 4896 ad-

398 4954 651 5014 mittunt,
685 4957 742 5005 et
773 4945 1145 5017 apostolorum
1180 4942 1506 5010 scripturas.
1535 4936 1674 4990 Ecce
1698 4949 1862 5003 quam
1891 4933 1970 4988 di-

397 5043 579 5098 lucide
609 5039 934 5096 Mahometis
957 5034 1274 5092 testimonio
1309 5037 1554 5099 apparet,
1590 5026 1735 5097 quod
1767 5025 1971 5096 posteri

401 5131 700 5204 majoribus
750 5130 1068 5198 indigeant,
1109 5139 1211 5178 nec
1257 5122 1492 5192 majores
1545 5118 1679 5188 ipsis
1718 5117 1971 5187 posteris,

399 5220 866 5287 quemadmodum
924 5218 1089 5272 etiam
1138 5216 1192 5268 in
1247 5210 1425 5280 capite
1477 5207 1760 5261 Ilelmaida
1795 5205 1974 5276 (quod

405 5329 644 5368 naturam
674 5308 1135 5380 interpretantur)
1182 5300 1458 5372 copiosius
1489 5299 1743 5368 explicat.
1791 5297 1976 5352 Maho-

407 5416 519 5460 met
544 5418 680 5459 vero
709 5417 815 5473 qua
846 5414 1014 5456 causa
1045 5397 1220 5467 legem
1254 5408 1406 5447 suam
1441 5391 1646 5456 tulerit,
1685 5390 1766 5444 vel
1793 5389 1977 5460 potius

407 5491 754 5563 iniquitatem
797 5488 1014 5559 legibus
1049 5483 1262 5551 honesti
1309 5483 1542 5535 solutam
1568 5521 1583 5546 ,
1627 5483 1835 5545 nescio,
1871 5479 1977 5532 nisi

406 5587 551 5654 Sorte
581 5599 612 5638 a
655 5592 808 5652 patre
839 5595 940 5636 suo
969 5578 1193 5632 diabolo
1229 5583 1429 5630 motus.
1471 5575 1631 5628 Nullo
1658 5575 1800 5627 enim
1831 5570 1986 5625 testi-

416 5677 600 5749 monio
632 5674 853 5730 aliunde
885 5672 1058 5742 petito
1095 5671 1364 5735 innititur,
1396 5683 1572 5742 neque
1591 5665 1771 5722 Veteri
1803 5665 1991 5736 Testa-

484 5844 508 5892 ι,
537 5838 726 5914 Matth.
764 5854 858 5905 vn,
887 5837 975 5910 22,
1005 5835 1102 5912 25,»,

2060 3666 2169 3718 τῶν
2207 3667 2504 3738 προφητῶν
2536 3670 2892 3738 προρρήσεις,
2927 3669 3056 3735 ἆγια
3101 3669 3194 3720 καὶ
3222 3665 3406 3718 δίκαια
3437 3663 3532 3715 καὶ
3567 3663 3631 3714 ἀι

2060 3757 2200 3828 ληθῆ
2246 3759 2275 3811 6
2320 3759 2566 3828 Μωάμεθ
2595 3755 2734 3812 εἶναι
2782 3759 3012 3824 ἐδίδαξε,
3065 3756 3247 3822 καθὼς
3300 3757 3394 3810 καὶ
3424 3757 3480 3808 ἐν
3512 3755 3635 3816 ταῖς

2061 3849 2358 3918 προτέραις
2381 3848 2704 3916 ἀπολογίαις
2734 3849 3058 3918 τρανότερον
3079 3848 3472 3917 ἀπεδείξαμεν.
3496 3846 3629 3897 Κατ’

2062 3935 2342 4004 ἐξαίρετον
2360 3937 2418 3989 δὲ
2438 3936 2550 3990 τῶν
2575 3936 2752 3990 ἄλλων
2783 3939 2998 3991 πάντων
3018 3937 3353 4007 ἐξοχώτατον
3378 3938 3438 3989 τὸ
3462 3938 3630 4002 Εὐαγ-

2064 4023 2265 4092 γέλιον,
2284 4017 2449 4093 ’ἅγιόν
2483 4041 2540 4077 τε
2576 4025 2671 4077 καὶ
2701 4025 2926 4089 δίκαιον,
2954 4026 3050 4079 καὶ
3076 4025 3232 4088 εὺθὲς
3261 4027 3354 4079 καὶ
3389 4026 3638 4096 ἀληθινόν

2066 4112 2161 4165 καὶ
2209 4112 2418 4165 τέλειον
2463 4112 2788 4175 πλειστάκις
2824 4114 3170 4183 ἀπεφήνατο,
3209 4115 3350 4168 ὥστε
3380 4118 3472 4168 καὶ
3502 4115 3640 4168 Θεοῦ

2067 4201 2406 4270 ὑπομνήσεις
2437 4200 2608 4253 ταῦτα
2645 4201 2936 4270 ὀνομάσαι,
2957 4202 3140 4265 καθὼς
3171 4204 3261 4254 καί
3293 4206 3349 4254 έν
3377 4203 3452 4272 τῷ
3471 4220 3643 4272 κεφα-

2067 4291 2203 4360 λαίῳ
2251 4293 2330 4361 τῷ
2364 4291 2537 4356 Ἰωνᾶ,
2577 4293 2714 4360 ὅπερ
2758 4293 2877 4344 ἐστὶ
2928 4296 2987 4346 ἐν
3029 4293 3106 4362 τῷ
3157 4295 3402 4367 Κοῤῥᾶν,
3443 4295 3645 4347 οὑτωσί

2070 4395 2257 4448 φησιν,
2309 4381 2393 4433 ὅτι
2442 4379 2615 4450 ’Υπὲρ
2659 4374 2735 4432 ὧν
2788 4381 2918 4450 ὑμῖν
2971 4380 3428 4449 ἀπεκαλύψαμεν,
3485 4383 3650 4450 εἴπερ

2071 4468 2469 4538 ἀμφιδάλλετε,
2503 4469 2766 4538 αίτήσατε
2801 4471 2950 4538 παρά
2978 4469 3088 4522 τῶν
3111 4470 3380 4540 πρότερον
3408 4469 3540 4538 ἐμοῦ
3580 4469 3652 4520 τά

2074 4562 2257 4632 βιϐλία
2291 4561 2708 4630 ἁνεγνωκότων,
2744 4563 2837 4613 καὶ
2886 4562 3150 4630 εὑρήσετε
3205 4561 3304 4629 τὴν
3362 4559 3644 4630 ἀλήθειαν.

2074 4656 2231 4716 Τίνες
2267 4653 2396 4721 γοῦν
2423 4655 2562 4706 εἰσιν
2592 4656 2640 4706 οἱ
2673 4653 2776 4723 πρὸ
2813 4652 2906 4706 τοῦ
2949 4652 3194 4720 Μωάμεθ
3232 4653 3558 4718 ἀναγνόντες
3581 4652 3650 4703 τὰ

2077 4747 2258 4816 βισλία
2283 4763 2298 4812 ;
2328 4741 2407 4798 Ἧ
2457 4745 2614 4815 δῆλον
2669 4744 2744 4808 ὡς
2790 4747 2837 4797 οἱ
2874 4745 3115 4814 Ἑϐραῖοι
3143 4746 3192 4796 οἱ
3227 4743 3511 4813 δεξάμενοι
3554 4743 3653 4810 τὴν

2075 4837 2168 4890 τοῦ
2198 4837 2440 4898 Μωσέως
2469 4836 2861 4904 Πεντάτευχον,
2882 4837 2974 4888 καὶ
3001 4836 3068 4886 τά
3097 4835 3432 4905 προφητικά,
3475 4835 3568 4886 καὶ
3602 4833 3651 4885 οἱ

1999 4903 2051 4965 Ῑ)
2076 4928 2416 4998 Χριστιανοὶ,
2449 4927 2499 4978 οἱ
2535 4926 2633 4978 σὺν
2661 4903 2874 4987 τούτοις
2925 4903 3212 4994 δεξάμενοι
3259 4927 3318 4978 τό
3349 4942 3408 4976 τε
3475 4925 3652 4990 Εὐαγ-

2079 5020 2259 5088 γέλιον
2318 5019 2411 5070 καὶ
2440 5018 2510 5070 τὰ
2569 5016 2678 5068 τῶν
2710 5015 3043 5068 ἀποστόλων.
3094 5017 3204 5069 Καὶ
3236 5015 3343 5067 ἰδοὺ
3395 5015 3518 5068 ὅσον
3545 5015 3654 5068 ἀπὸ

2080 5113 2176 5181 τῆς
2222 5109 2320 5163 τοῦ
2354 5107 2599 5178 Μωάμεθ
2633 5108 2940 5177 μαρτυρίας
2998 5107 3254 5177 καθαρῶς
3292 5107 3652 5174 ἀναφαίνεται

2081 5204 2156 5265 ὡς
2190 5203 2239 5254 οἱ
2291 5200 2739 5268 μεταγενέστεροι
2775 5198 2957 5269 έχουσι
2998 5202 3186 5268 χρείαν
3213 5198 3321 5250 τῶν
3347 5198 3652 5267 προτέρων,

2083 5295 2144 5346 οὐ
2180 5293 2288 5362 μὴν
2317 5294 2362 5346 δ’
2393 5293 2447 5343 οἱ
2489 5292 2747 5360 πρότεροι
2779 5289 2887 5344 τῶν
2916 5291 3417 5359 μεταγενεστέρων,
3471 5290 3655 5352 καθὼς

2081 5388 2174 5440 καὶ
2195 5389 2251 5436 ἐν
2273 5386 2348 5454 τῷ
2369 5385 2644 5454 κεφαλαίῳ
2668 5385 2745 5454 τῷ
2778 5383 3128 5453 Ἐλαματδᾷ,
3143 5386 3280 5454 ὅπερ
3297 5384 3659 5454 ἑρμηνεύεται

2087 5478 2362 5548 τράπεζα,
2422 5475 2866 5543 πλατυκωτέρως
2899 5475 3174 5540 διέξεισιν.
3221 5475 3279 5528 '0
3312 5475 3367 5527 δὲ
3413 5474 3655 5544 Βὶωάμεθ

2090 5571 2293 5633 οὑτοσὶ,
2325 5570 2425 5620 οὐκ
2451 5565 2547 5620 οἷδ’
2576 5569 2698 5620 ὅίὶεν
2724 5567 3075 5638 ὡρμημένος,
3104 5567 3332 5634 ἐξέδωκε
3360 5566 3452 5620 τὸν
3473 5567 3654 5635 νόμον,

2094 5663 2126 5733 ἢ
2163 5661 2559 5729 τάλτιθέστερον
2591 5659 2782 5728 εἰπεῖν,
2815 5660 2914 5728 τὴν
2953 5660 3200 5728 ἀνομίαν,
3240 5658 3289 5710 εί
3317 5657 3392 5729 μὴ
3428 5657 3534 5710 ἀπὸ
3565 5654 3659 5712 τοῦ
