4058 6442
377 417 484 484 σοι
1375 419 1676 479 CONTRA
1715 416 2203 478 MAIIOMETEM
2246 417 2533 479 ORATIO
2578 418 2628 479 I.
3542 407 3653 480 602

386 533 595 604 πατρὸς
620 529 787 585 αὐτοῦ
826 529 921 585 τοῦ
950 531 1220 586 διαϐόλου.
1257 533 1391 585 om
1424 535 1531 601 γὰρ
1567 529 1713 602 εἶχεν
1760 531 1959 602 ἑτέρωη

2077 542 2259 588 mento
2308 545 2363 588 et
2394 531 2681 604 prophetis
2706 573 2720 598 ,
2754 546 2935 615 neque
2966 548 3030 587 ex
3078 547 3219 587 novo
3247 541 3301 587 ct
3337 532 3601 602 apostolis
3631 548 3650 585 :

384 628 478 681 θεν
504 625 606 696 τὴν
645 625 972 698 μαρτυρίαν,
999 624 1114 679 οὔτ’
1145 624 1249 677 ἀπὸ
1280 625 1381 695 τῆς
1436 627 1673 687 παλαιᾶς
1697 625 1964 694 διαθήκης

2077 640 2193 691 qua;
2224 625 2407 692 potius
2444 624 2597 678 hunc
2626 638 2724 677 ceu
2759 624 2968 677 hostem
2998 632 3051 675 et
3081 623 3363 678 inimicum
3397 638 3655 677 aversan-

383 718 477 772 καὶ
513 718 611 772 τῶν
644 716 962 787 προφητῶν,
997 715 1112 771 οὔτ’
1161 714 1230 768 αὖ
1274 717 1381 770 ἀπδ
1414 716 1516 783 τῆς
1565 717 1691 780 νέας
1726 718 1822 770 καὶ
1853 716 1964 768 τῶν

2077 724 2186 770 tur.
2238 716 2439 770 Beatus
2473 714 2694 785 quidem
2736 715 2825 769 ille
2868 715 3045 770 Moses
3089 716 3154 770 ad
3203 714 3341 769 ﬁlios
3370 714 3537 768 Israel
3571 712 3653 769 sic

378 809 720 876 ἀποστόλων,
738 809 855 861 ἀλλ’
871 808 947 873 ὡς
975 809 1167 879 ἐχθρὸν
1193 810 1289 862 καὶ
1309 809 1569 872 πολέμιον
1601 809 1790 861 τοῦτον
1816 812 1873 871 ἐς
1897 811 1961 861 τὸ

382 901 646 965 παντελὲς
668 901 995 955 ἀπεδίωκον.
1021 901 1172 961 Καὶδ
1199 900 1297 970 μὲν
1316 902 1586 970 μακάριος
1610 900 1849 970 Μωῦσῆς
1879 902 1970 954 οὑ-

380 995 518 1048 τωσί
549 1010 682 1064 φησι
705 996 817 1056 τοῖς
839 995 974 1057 υἱοῖς
1017 993 1258 1064 Ἰσραὴλ,
1300 1013 1319 1044 ι
1357 994 1679 1063 Ἀναστήσει
1710 992 1914 1064 Κύριος
1942 992 1972 1044 6

382 1085 515 1147 Θεὸς
540 1085 605 1137 ὲκ
624 1084 734 1139 τῶν
754 1083 1000 1153 ἀδελφῶν
1028 1084 1186 1155 ἡμῶν
1214 1085 1504 1157 προφήτην
1531 1083 1604 1146 ὡς
1631 1084 1732 1149 ἰμὲ
1754 1099 1769 1113 ο
1802 1080 1969 1136 αὐτοῦ

385 1175 529 1230 κατὰ
555 1174 730 1227 πάντα
756 1172 1006 1229 ἀκούετε.
1034 1174 1191 1227 Πᾶσα
1216 1173 1272 1226 δὲ
1299 1173 1468 1243 ψυχὴ,
1487 1174 1607 1243 ἥτις
1622 1173 1722 1227 οὐκ
1740 1172 1971 1228 ἀκούσε-

386 1284 476 1320 ται
506 1265 598 1319 τοῦ
626 1265 909 1335 προφήτου
959 1264 1197 1330 ἐκείνου,
1242 1263 1785 1335 ἐξολοθρευθήσεται.
1814 1282 1833 1316 ι
1855 1264 1967 1316 Καὶ

391 1354 580 1408 σκόπει
620 1354 682 1407 τὸ
718 1353 1011 1424 λεγόμενον
1065 1354 1206 1425 μετά
1260 1354 1569 1425 ἀκριϐείας.
1619 1355 1709 1408 Ἔν
1755 1353 1867 1423 γάρ
1896 1353 1972 1422 τῷ

385 1452 562 1506 είπετν
604 1451 696 1504 τὸν
740 1436 945 1505 Μωσέα
995 1450 1080 1504 ὅτι
1108 1470 1128 1503 ι
1176 1451 1495 1523 ’Δναστήσει
1547 1450 1750 1521 Κύριος
1793 1447 1973 1513 ὁΘεδς

384 1543 669 1613 προφήτην
695 1541 759 1594 ἐκ
775 1540 882 1595 τῶν
899 1541 1145 1609 ἀδελφῶν
1168 1543 1200 1610 ή
1211 1546 1347 1612 μῶν,
1370 1560 1389 1594 ι
1420 1541 1655 1609 ἐδίδαξεν
1668 1541 1756 1594 ἴνα
1774 1539 1973 1605 δέξων-

384 1651 477 1688 ται
508 1635 601 1687 τὸν
637 1633 770 1704 παρ’
822 1636 997 1689 αὑτοῦ.
1050 1636 1551 1706 προφητευόμενον,
1578 1634 1826 1687 τουτέστι
1883 1632 1975 1687 τὸν

384 1725 640 1793 Χριστὸν,
674 1725 854 1790 καθὼς
882 1728 940 1779 ὲν
966 1730 1033 1797 τῇ
1064 1727 1258 1799 πρώτῃ
1307 1726 1578 1797 ἀπολογίᾳ
1611 1725 1801 1791 σαφῶς
1842 1726 1977 1778 ἀπο-

384 1816 689 1870 δέδεικταιο
740 1817 1113 1888 ἀποπέμψωσι
1158 1818 1239 1884 δὲ,
1309 1820 1405 1873 καὶ
1451 1820 1644 1890 πόρρω
1695 1818 1751 1885 ἐξ
1790 1817 1973 1871 αὐτῶν

384 1906 645 1973 διώξωσι,
683 1909 773 1962 τὸν
825 1908 885 1973 ἐξ
939 1909 1244 1963 ἀλλοδαποῦ
1296 1910 1489 1975 γένους
1540 1911 1840 1980 ἐρχόμενον
1891 1910 1975 1975 ὡς,

387 2003 697 2072 προφήτην.
739 2001 802 2055 '0
836 2001 895 2055 δὲ
947 2003 1182 2074 Χριστὸς
1244 2003 1446 2055 οὑτωσί
1484 2020 1619 2073 φησι
1668 2002 1803 2073 πρδς
1843 2003 1966 2065 τοὺς

390 2095 472 2156 εἰς
530 2093 695 2151 αὐτὸν
752 2095 1288 2159 πεπιστευκότας,·ι
1350 2096 1660 2166 Προσέχετε
1711 2094 1821 2147 ἀπὸ
1858 2092 1968 2146 τῶν

386 2186 874 2257 ψευδοπροφητῶν,
908 2186 1111 2250 οἵτινες
1172 2187 1429 2259 ἔρχονται
1458 2187 1593 2257 πρὸς
1620 2188 1765 2258 ὑμᾶς
1802 2188 1860 2241 ὲν
1886 2190 1971 2239 ἐν·

389 2279 594 2349 δύμασι
640 2279 954 2350 προϐάτων,
986 2280 1193 2334 ἔσωθεν
1245 2281 1302 2334 δέ
1353 2280 1461 2333 εισι
1508 2279 1663 2332 λύκοι
1697 2278 1966 2348 ἅρπαγες.

411 2373 540 2425 Ἀπὸ
584 2372 696 2425 τῶν
740 2372 971 2442 καρπῶν
1019 2373 1203 2427 αὐτῶν
1247 2371 1619 2440 ἐπιγνώσεσθε
1663 2371 1899 2435 αὐτούς’
1943 2388 1964 2422 ι

406 2465 499 2517 καὶ
532 2464 603 2518 ὅτι
651 2484 671 2517 ι
710 2467 782 2519 ω
824 2466 1054 2519 δύναται
1083 2465 1303 2536 δένδρον
1335 2466 1543 2535 ἀγαοῦν
1590 2466 1836 2536 καρποὺς
1874 2481 1972 2518 σα-

405 2557 568 2626 προῦς
594 2558 793 2623 ποιεῖν,
824 2555 946 2609 οὐδὲ
989 2555 1206 2627 δένδρον
1236 2558 1446 2626 σαπρὸν
1481 2556 1729 2624 καρποὺς
1769 2555 1971 2617 καλοὺς

397 2647 592 2701 ποιεῖν.
633 2665 655 2700 ι
690 2646 790 2702 Διά
838 2663 923 2700 τοι
967 2646 1127 2700 τοῦτο
1183 2645 1280 2700 καὶ
1335 2648 1498 2717 lipsi;
1536 2644 1970 2711 ἀναπτύξαντες,

394 2738 593 2808 ἴδωμεν
618 2739 761 2793 κατά
786 2738 846 2792 τδ
881 2738 1168 2808 κυριακὸν
1191 2738 1393 2806 λόγιον,
1437 2738 1621 2802 ὁποῖός
1652 2739 1805 2791 ἐστιν
1837 2739 1865 2790 6
1889 2738 1971 2790 δι-

390 2826 660 2893 δάσκαλος
692 2829 899 2891 οὑτοσὶ,
928 2829 1027 2882 καὶ
1058 2828 1144 2890 τίς
1173 2829 1205 2899 ἡ
1242 2829 1436 2885 τούτου
1459 2828 1675 2898 διδαχὴ,
1707 2827 1803 2881 καὶ
1827 2826 1882 2879 τί
1914 2827 1976 2880 τδ

391 2917 632 2990 δένδρον,
660 2918 754 2973 καὶ
795 2920 979 2982 ὁποῖος
1007 2920 1037 2971 6
1065 2918 1302 2989 καρπὸς,
1329 2919 1478 2982 ὅπως
1522 2917 1587 2971 ἂν
1615 2918 1678 2983 ἐξ
1703 2918 1871 2973 αὐτοῦ
1909 2918 1977 2990 δὴ

391 3007 489 3063 τοῦ
514 3009 734 3081 καρποῦ
758 3010 983 3080 γνῶμεν
1009 3009 1269 3079 καθαρῶς
1303 3010 1364 3061 τὺ
1396 3008 1637 3081 δένδρον,
1667 3012 1765 3064 καὶ
1788 3011 1852 3062 ὲκ
1876 3009 1976 3081 τῆς

391 3102 614 3173 διδαχῆς
644 3102 737 3157 τὸν
764 3100 1109 3156 διδάσκαλον.
1138 3102 1232 3173 Τῷ
1258 3100 1365 3154 ἀπὸ
1393 3102 1495 3172 τῆς
1520 3101 1614 3155 τοῦ
1639 3103 1854 3171 Κυρίου
1879 3104 1975 3156 καὶ

2071 806 2249 862 dicit:
2293 826 2311 859 ι
2349 806 2651 862 Suscitabit
2709 806 2975 861 Dominus
3023 807 3171 861 Deus
3224 806 3547 878 proiihetam
3588 820 3654 859 ex

2074 900 2341 955 fratribus
2396 901 2623 964 nostris,
2658 899 2804 953 sicut
2851 914 2972 964 me;
3011 915 3137 953 eum
3172 900 3224 953 in
3263 899 3523 953 Omnibus
3561 915 3659 953 au-

2074 994 2201 1049 dite.
2239 991 2434 1047 Omnis
2459 1000 2641 1045 autem
2669 992 2873 1055 anima,
2926 1007 3047 1060 qua:
3087 1007 3194 1045 non
3230 992 3506 1046 audiverit
3531 1007 3661 1062 pro-

2073 1085 2292 1156 phetam
2327 1084 2498 1147 hunc,
2530 1082 2926 1153 exstirpabitur
2953 1084 3018 1136 ¹⁹.
3052 1102 3071 1134 ›
3102 1083 3183 1137 En
3204 1083 3489 1154 diligenter
3512 1085 3657 1154 quod

2073 1177 2275 1231 dicitur
2303 1175 2614 1229 considera.
2650 1174 2786 1228 Cum
2828 1174 2974 1228 enim
3001 1175 3179 1229 Moses
3212 1175 3368 1241 dicit,
3410 1195 3429 1227 ι
3478 1176 3663 1231 Domi—

2074 1285 2179 1323 nus
2223 1269 2372 1323 Deus
2436 1267 2729 1322 snscitabit
2775 1267 3098 1337 prophetam
3150 1281 3215 1320 ex
3263 1265 3523 1322 fratribus
3553 1282 3660 1320 no-

2075 1361 2226 1427 stris,
2266 1379 2284 1412 n
2322 1358 2511 1414 docuit
2551 1365 2610 1413 ut
2640 1359 2789 1413 hunc
2818 1373 2847 1412 a
2882 1373 2942 1413 se
2971 1358 3296 1428 praedictum
3333 1357 3657 1427 suscipiant,

2077 1450 2130 1506 id
2160 1461 2245 1507 est
2277 1449 2557 1506 Christum
2588 1449 2778 1520 (veluti
2814 1452 2869 1504 in
2906 1449 3082 1519 prima
3120 1449 3386 1518 Apologia
3417 1446 3661 1502 dilucide

2075 1540 2511 1596 demonstratum
2542 1540 2665 1612 est).
2687 1541 2944 1612 ablegent
2980 1555 3113 1595 vero
3138 1549 3193 1594 et
3211 1539 3525 1610 longissime
3547 1554 3576 1593 a
3600 1551 3660 1593 sc

2076 1640 2301 1686 arceant
2328 1646 2394 1685 ex
2415 1631 2699 1702 peregrina
2721 1639 2882 1703 gente
2912 1629 2979 1685 ad
3016 1630 3163 1700 ipsos
3190 1629 3502 1685 venientem
3534 1643 3664 1699 pro-

2078 1737 2320 1806 phetam.
2362 1735 2618 1793 Christus
2666 1751 2798 1791 vero
2826 1736 2892 1790 ad
2926 1736 3047 1791 illos
3080 1735 3175 1805 qui
3219 1736 3275 1790 in
3315 1738 3493 1805 ipsum
3541 1747 3662 1789 cre-

2079 1828 2218 1883 dunt
2269 1828 2349 1883 sic
2390 1828 2566 1883 dicit:
2621 1844 2640 1878 ι
2691 1826 2894 1883 Cavete
2946 1842 2976 1881 a
3034 1825 3186 1880 falsis
3217 1824 3525 1895 prophetis,
3562 1821 3658 1892 qui

2072 1922 2308 1976 veniunt
2353 1920 2418 1975 ad
2452 1934 2552 1974 vos
2582 1919 2770 1973 vestiti
2807 1918 3051 1988 pellibus
3082 1917 3292 1982 ovium,
3341 1917 3490 1971 intus
3527 1929 3661 1969 vero

2073 2021 2203 2067 sunt
2231 2011 2344 2080 lupi
2371 2024 2621 2080 rapaces.
2653 2008 2698 2064 Α
2725 2009 3002 2064 fructibus
3039 2009 3287 2079 ipsorum
3314 2004 3664 2077 cognoscetis

2072 2118 2187 2158 cos.
2220 2122 2240 2154 ι
2284 2102 2391 2158 Et:
2431 2119 2448 2152 ι
2471 2101 2589 2156 Non
2628 2108 2811 2172 potest
2847 2100 3012 2156 arbor
3054 2100 3198 2155 bona
3236 2099 3450 2153 fructus
3488 2097 3665 2151 malos

2070 2193 2235 2258 ferre,
2286 2207 2466 2262 neque
2499 2192 2666 2247 arbor
2697 2193 2836 2248 mala
2879 2192 3091 2248 fructus
3125 2193 3299 2247 bonos
3322 2190 3502 2246 facere
3541 2191 3606 2244 ¹¹.
3634 2208 3657 2243 ι

2070 2284 2417 2355 Quapropter
2442 2300 2543 2339 nos
2562 2285 2649 2339 his
2664 2285 3044 2349 consideratis,
3068 2284 3425 2355 inspiciamus
3443 2282 3661 2339 Domini

2074 2373 2383 2437 oraculum,
2420 2375 2673 2443 quisnam
2710 2375 2781 2429 sit
2811 2375 3070 2447 magister
3106 2375 3233 2443 hic,
3270 2391 3520 2446 quaenam
3553 2375 3660 2429 hu-

2070 2466 2159 2538 ius
2189 2465 2437 2521 doctrina
2474 2505 2490 2531 ,
2539 2481 2660 2536 qua:
2684 2467 2849 2522 arbor
2882 2476 2937 2522 et
2968 2469 3190 2538 quinam
3230 2468 3458 2532 fruetus,
3486 2477 3547 2522 ut
3577 2468 3662 2522 vel

2075 2573 2143 2613 ex
2172 2558 2292 2628 ipso
2319 2556 2498 2611 fructu
2531 2558 2785 2612 arborem
2816 2547 3205 2628 agnoscamus,
3239 2571 3293 2615 et
3320 2575 3384 2613 ex
3415 2558 3665 2613 doctrina

2075 2649 2382 2705 doctorem.
2417 2649 2579 2704 Anno
2606 2667 2635 2702 a
2666 2649 2883 2703 Domini
2913 2659 2968 2705 et
2995 2648 3295 2705 Salvatoris
3315 2650 3492 2704 nostri
3533 2650 3666 2706 Jesu

2074 2740 2280 2797 Christi
2328 2741 2442 2796 veri
2494 2741 2592 2797 Dei
2655 2740 3033 2797 incarnatione
3077 2743 3370 2797 millesimo
3404 2742 3668 2797 ducente-

2078 2833 2218 2888 simo
2249 2841 2305 2888 et
2335 2833 2573 2898 decimo,
2609 2833 2832 2903 quidam
2875 2833 3087 2889 ordinis
3119 2833 3546 2889 Praedicatorum
3574 2832 3672 2888 Ri-

2079 2925 2309 2981 chaldus
2333 2926 2578 2991 nomine,
2606 2925 2939 2998 Babylonem
2969 2926 3267 2994 prolectus,
3303 2926 3394 2981 ubi
3419 2925 3666 2979 studium

2081 3026 2139 3072 ct
2197 3017 2518 3088 mysterium
2551 3016 2864 3087 iniquitatis
2917 3017 3304 3083 exercebatur,
3344 3030 3558 3070 summo
3589 3015 3670 3068 ιιι-
3728 3038 3738 3049 ·

2080 3108 2215 3163 bore
2238 3123 2359 3163 sese
2389 3108 2446 3162 in
2476 3107 2719 3163 Arabum
2757 3109 2942 3178 lingua
2970 3108 3239 3164 exercuit.
3275 3108 3373 3162 ilic
3402 3107 3670 3162 discussis

392 3194 647 3265 Σωτῆρος
697 3193 854 3265 ἡμῶν
903 3194 1077 3264 Ἰησοῦ
1112 3193 1353 3265 Χριστοῦ
1411 3192 1507 3246 τοῦ
1553 3192 1809 3263 ἀληθινοῦ
1841 3194 1976 3247 Θεοῦ

2086 3199 2250 3254 simul
2274 3207 2329 3253 et
2363 3199 2716 3255 exactissime
2760 3198 3122 3269 deprehensis
3148 3199 3214 3254 iis
3240 3215 3361 3269 quae
3387 3199 3439 3252 in
3464 3198 3670 3253 Ismae-

394 3288 722 3360 σαρκώσεως
750 3289 1005 3362 χιλιοστῷ
1022 3289 1379 3359 διακοσιοστῷ
1409 3289 1621 3359 δεκάτῳ
1644 3287 1754 3341 ἔτει
1774 3306 1859 3353 τις
1886 3291 1976 3359 τῆς

2090 3292 2316 3347 litarum
2357 3292 2475 3361 lege
2527 3292 2910 3357 continentur,
2971 3292 3162 3348 eadem
3196 3292 3251 3346 in
3282 3290 3533 3346 Latinam
3565 3289 3673 3344 lin-

392 3382 604 3447 τάξεως
632 3382 741 3437 τῶν
779 3382 1218 3454 Πρεδικατόρων,
1261 3381 1382 3451 ἦτοι
1413 3380 1521 3434 τῶν
1551 3380 1830 3451 κηρύκων,
1870 3380 1984 3433 Ῥι-

2090 3397 2249 3453 gnam
2288 3396 2354 3436 ex
2384 3381 2618 3436 Arabica
2650 3383 2954 3439 transtulit.

395 3477 591 3542 κάλδος
642 3476 813 3546 ὄνομα
850 3476 1021 3547 αὐτῷ,
1068 3475 1325 3530 ἀπελθὼν
1377 3478 1456 3541 είς
1505 3477 1604 3547 τὴν
1650 3475 1972 3540 Βαϐυλῶνα,
2014 3476 2145 3531 ἔνθα
2174 3478 2235 3531 τὸ
2265 3480 2520 3549 μουσεῖον
2576 3480 2669 3537 καὶ
2687 3478 2747 3531 τὸ
2779 3480 3080 3550 μυστήριον
3105 3479 3205 3549 τῆς
3260 3476 3493 3547 ἀνομίας
3517 3478 3672 3545 ὲνιρ⁴

394 3573 600 3639 γείται,
668 3570 764 3623 καὶ
816 3568 1187 3639 φιλοπονήσας
1226 3571 1308 3634 είς
1354 3570 1545 3640 ἀκρον,
1591 3567 1869 3640 ὲξήσκησε
1942 3568 2042 3640 τὴν
2080 3569 2192 3623 τῶν
2227 3570 2479 3641 Ἀράϐων
2525 3571 2834 3625 διάλεκτον
2872 3570 2933 3635 ὃς
2980 3573 3077 3625 καλ⁹
3124 3570 3415 3634 ἐξετάσας,
3450 3569 3547 3622 καὶ
3584 3570 3670 3630 είς

394 3664 678 3735 ἀκρίϐειαν
731 3665 909 3737 εὑρὼν
940 3665 1011 3719 τὰ
1085 3668 1146 3719 ὲν
1209 3664 1288 3736 τῷ
1336 3666 1487 3737 νόμῳ
1526 3667 1635 3720 τῶν
1676 3665 2043 3737 Ἰσμαηλιτῶν
2082 3666 2627 3739 ἐμπεριειλημμένα,
2676 3668 2757 3732 εἰς
2804 3667 2905 3737 τὴν
2963 3667 3072 3722 τῶν
3127 3666 3376 3722 Λατίνων
3421 3663 3673 3736 γλῶτταν

394 3759 505 3813 ἀπὸ
532 3760 631 3829 τῆς
660 3758 766 3812 τῶν
805 3758 1059 3829 Ἀράϐων
1095 3762 1460 3829 μετήνεγκεν.

469 3848 532 3908 ε’.
572 3851 635 3905 ’0
661 3849 791 3918 γοῦν
828 3850 992 3921 νόμος
1021 3851 1131 3905 τῶν
1164 3851 1548 3922 Ἰσμαηλιτῶν,
1586 3851 1617 3905 6
1641 3851 1976 3924 ὀνομαζόμε-

2148 3852 2208 3906 5.
2234 3850 2345 3907 Lex
2372 3851 2559 3922 itaque
2588 3849 2985 3907 lsmaelitarum
3033 3850 3393 3906 Alcorranum
3422 3849 3585 3915 dicta,
3615 3855 3674 3903 et

395 3961 485 4008 νος
522 3942 768 4014 κυρρἀ,
802 3943 831 3995 6
855 3941 953 3994 καὶ
993 3940 1147 4009 παρά
1186 3941 1282 3995 τοῦ
1313 3941 1615 4013 Μαχούμετ
1645 3942 1844 4008 δοθεὶς,
1878 3943 1976 3997 οὐκ

2077 3955 2105 3994 a
2150 3939 2457 3995 Mabomete
2486 3939 2849 4010 promulgata,
2878 3953 2988 3993 non
3026 3939 3095 3994 ab
3128 3938 3248 4010 ipso
3275 3939 3390 3994 solo
3421 3938 3528 3991 lata
3563 3944 3672 4002 est,

401 4033 554 4104 ἐτίθη
586 4035 720 4104 παρ’
755 4031 925 4087 αὐτοῦ
954 4034 1047 4086 καὶ
1092 4034 1280 4100 μόνου,
1313 4034 1453 4086 ἀλλὰ
1479 4036 1575 4087 καὶ
1609 4035 1745 4105 παρ’
1774 4036 1976 4106 ἑτέρων

2083 4047 2277 4087 verum
2310 4032 2477 4088 etiam
2536 4031 2604 4086 ab
2638 4032 2762 4086 aliis
2812 4031 3180 4102 quibusdam,
3232 4041 3420 4102 utpote
3464 4045 3673 4101 genero

412 4142 441 4177 τ
462 4124 582 4184 νῶν,
605 4121 702 4177 τοῦ
732 4140 790 4176 τε
833 4122 1035 4195 δηλαδὴ
1063 4122 1319 4193 γαμϐροῦ
1356 4124 1524 4178 αὑτοῦ
1568 4125 1664 4178 τοῦ
1703 4125 1851 4195 Ἀλῇ,
1886 4128 1976 4179 καὶ

2078 4122 2226 4178 illius
2253 4123 2349 4177 Ala
2375 4163 2392 4190 ,
2422 4132 2480 4178 et
2510 4121 2633 4178 aliis
2680 4132 2911 4192 septem,
2953 4139 3188 4194 quorum
3243 4122 3468 4177 nomina
3508 4130 3673 4187 sunt,

408 4215 573 4269 Mem:
600 4215 762 4279 ἑπτὰ,
789 4210 866 4270 ὧν
890 4215 971 4269 τά¹
989 4215 1231 4284 ὀνόματά
1261 4216 1366 4269 εισι
1396 4216 1569 4269 ταῦτα
1589 4232 1607 4247 ο
1635 4215 1808 4286 Ναφὲ.
1837 4218 1976 4281 Ἐδν,

2086 4215 2300 4285 Naphe,
2332 4215 2475 4279 Eon,
2506 4213 2662 4280 Oma,
2701 4215 2942 4281 Elrcsar,
2998 4220 3158 4291 Aser,
3214 4213 3305 4268 lilii
3337 4212 3564 4275 Cheter,
3617 4219 3675 4266 et

411 4308 567 4375 ’0;1.<lt,
605 4307 892 4379 Ἑλρεσάρ,
943 4305 1112 4377 Ἀσὴρ
1157 4304 1276 4359 υἱοῦ
1303 4305 1398 4359 τοῦ
1450 4306 1656 4377 Χετὴρ,
1705 4308 1799 4361 καὶ
1855 4308 1975 4362 υἱοῦ

2090 4308 2184 4363 lilii
2218 4308 2407 4364 Amer.
2440 4307 2577 4362 Cum
2611 4306 2781 4378 igitur
2809 4308 2864 4363 hi
2891 4308 3114 4377 quidem
3148 4308 3274 4371 hoc,
3301 4306 3397 4361 alii
3446 4320 3579 4361 vero
3610 4305 3678 4359 il-

394 4402 488 4454 τοῦ
527 4401 723 4471 ’Λμέρ.
756 4401 1044 4453 Λαϐόντων
1079 4400 1260 4453 τοίνυν
1286 4400 1399 4454 τῶν
1440 4401 1538 4470 μὲν
1562 4403 1775 4466 τοῦτον,
1798 4403 1905 4455 τῶν
1932 4402 1976 4454 δ’

2089 4398 2185 4452 1υά
2215 4400 2551 4469 reciperent,
2588 4407 2645 4455 et
2675 4399 2879 4469 singuli
2915 4401 3201 4470 proprium
3233 4397 3438 4468 aliquid
3470 4406 3681 4452 statue.

397 4495 627 4552 ἐκεῖνον.
661 4492 756 4545 καὶ
809 4491 1150 4563 βουλομένων
1177 4491 1427 4545 ἑκάστων
1482 4492 1676 4561 στῆσαι
1718 4493 1809 4548 τὸν
1846 4495 1976 4547 ἴδιον

2091 4498 2237 4554 rent,
2269 4499 2394 4562 post
2434 4499 2671 4546 mortem
2721 4491 2867 4545 Halm
2913 4498 2969 4545 et
3000 4489 3331 4545 Mahomctis
3373 4489 3676 4552 factiones,

400 4583 542 4653 μετὰ
576 4582 811 4635 θάνατον
829 4580 925 4635 τοῦ
956 4597 1016 4635 τε
1051 4581 1181 4648 Ἀλῆ
1218 4581 1429 4635 καὶτοῦ
1456 4582 1727 4651 Μωάμεθ,
1759 4584 1976 4646 στάσεις

2091 4580 2482 4637 contentiones
2506 4620 2521 4645 ,
2552 4580 2696 4635 bella
2725 4590 2781 4637 et
2807 4580 2988 4636 caedes
3014 4580 3438 4635 successoribus
3476 4579 3678 4632 borum

397 4677 495 4728 καὶ
524 4674 855 4742 φιλονεικίαι
883 4674 978 4727 καὶ⁵
1008 4674 1237 4742 πόλεμοι
1271 4674 1364 4727 καὶ
1395 4672 1582 4743 χύσεις
1605 4676 1855 4744 αἱμάτων
1885 4676 1976 4743 μέ-

2090 4672 2431 4727 inciderunt.
2469 4673 2673 4727 Verum
2721 4673 2887 4733 hodie
2922 4672 3144 4743 quidem
3190 4672 3331 4727 bella
3371 4681 3559 4726 mutua
3589 4685 3682 4725 so-

397 4784 492 4820 σον
520 4764 629 4821 τῶν
669 4765 932 4835 διαδόχων
978 4764 1162 4818 αὐτῶν
1200 4765 1643 4837 ὲμεσολάϐησαν.
1681 4767 1841 4820 Ἀλλά
1878 4768 1976 4836 τὴν

2088 4766 2200 4837 pila
2234 4774 2404 4831 sunt,
2441 4764 2732 4821 dissidium
2782 4781 2916 4821 vero
2947 4773 3002 4821 et
3050 4766 3324 4820 dissensio
3358 4763 3680 4837 perduravit

401 4857 648 4928 σήμερον
674 4858 724 4908 oi
755 4856 853 4927 μὲν
882 4857 1019 4927 πρὸς
1056 4856 1321 4926 ἀλλήλους
1364 4856 1594 4926 πόλεμοι
1638 4856 1907 4922 ἔπαυσαν,
1944 4859 1976 4927 ὴ

2090 4856 2321 4923 adhuc;
2367 4864 2426 4910 et
2477 4855 2569 4910 alii
2602 4855 2827 4926 quidem
2861 4856 2989 4924 hoc,
3028 4856 3121 4910 alii
3170 4872 3303 4910 vero
3345 4855 3479 4911 illud
3535 4854 3678 4910 rcci-

398 4951 456 5004 δὲ
488 4951 768 5014 διάστασις
798 4952 894 5005 καὶ
919 4951 1189 5021 διαίρεσις
1219 4951 1592 5022 ἐπεκράτησε,
1619 4952 1713 5003 καὶ
1734 4950 1983 5022 δέχονται

399 5046 449 5097 οἱ
482 5044 582 5111 μὲν
613 5041 788 5107 τόνδε,
823 5043 874 5095 οε
893 5043 950 5097 δὲ
975 5045 1153 5098 τόνδε.

473 5140 549 5198 ς’.
597 5124 739 5187 ’Ἀλλ’
766 5136 794 5187 6
823 5134 926 5204 μὲν
959 5136 1179 5206 πρῶτος
1215 5135 1398 5199 τεθεὶς
1438 5138 1627 5205 νόμος·
1655 5136 1762 5191 ὑπὸ
1788 5135 1979 5204 δαίμο-

398 5240 487 5285 νος
517 5224 759 5294 ἐξετέθη.
788 5224 898 5277 Καὶ
931 5224 1039 5293 γὰρ
1067 5225 1217 5277 πᾶσα
1249 5224 1449 5294 ἀνομία
1486 5224 1578 5276 καὶ
1600 5223 1849 5292 ἁμαρτία
1866 5219 1983 5274 δαί-

404 5334 567 5385 μονας
587 5315 701 5385 ἔχει
719 5318 843 5381 τοὺς
868 5316 1270 5385 συνεργοῦντας
1293 5319 1388 5370 καὶ
1406 5314 1775 5377 συνιστῶντας
1793 5315 1986 5385 αὑτήν.

413 5408 556 5461 Ἀλλ’
588 5408 684 5460 ἐπὶ
708 5406 801 5461 τοῦ
833 5410 1006 5477 νόμου
1039 5407 1257 5460 τουτουῒ
1288 5408 1388 5478 οὐχ
1421 5407 1617 5471 οὕτως,
1651 5409 1787 5461 ἀλλὰ
1812 5408 1988 5476 στόμα
2036 5424 2039 5425 ⁷

415 5501 550 5570 πρλις
587 5497 680 5562 οὖς
713 5500 1068 5572 ὑπηγορεΰθη
1105 5502 1256 5569 παρὰ
1282 5499 1377 5553 τοῦ
1413 5502 1689 5570 δαίμονος.
1713 5501 1877 5553 Ὥστε
1899 5500 1993 5552 καὶ

411 5591 463 5645 οε
498 5594 555 5643 ὲν
616 5591 901 5645 Βαϐυλῶνι
946 5592 1055 5644 τῶν
1106 5591 1314 5645 πολλῶν
1361 5592 1718 5662 ἀληθέστεροι
1764 5591 1825 5644 οῦ
1857 5590 1992 5661 κρύ-

413 5698 608 5738 πτουσι
641 5684 921 5748 παντελῶς
950 5684 1048 5753 τὴν
1076 5678 1354 5753 ἀλήθειαν,
1390 5684 1526 5737 ἀλλᾶ
1554 5684 1693 5753 πρὸς
1724 5682 1817 5746 οὓς
1848 5683 1986 5753 θαρ-

488 5822 528 5851 ιο
570 5820 726 5885 [καί.
766 5834 915 5888 χγηι,
954 5819 1041 5877 17,
1121 5821 1158 5851 η
1195 5821 1389 5907 Matth.
1424 5836 1519 5888 νυ,
1551 5821 1759 5889 15,16.

2091 4946 2273 5013 piunt.

2160 5139 2212 5195 6.
2254 5139 2523 5194 Caeterum
2559 5139 2645 5195 lex
2683 5140 2772 5194 illa
2793 5138 3064 5211 principio
3102 5155 3130 5193 a
3162 5138 3409 5195 daemone
3433 5140 3541 5195 lata
3572 5149 3677 5194 est.

2091 5225 2286 5282 Omnis
2312 5227 2460 5282 enim
2500 5227 2765 5299 iniquitas
2796 5238 2852 5283 et
2884 5239 3172 5298 peccatum
3207 5230 3484 5285 dzrmones
3517 5230 3682 5285 habet

2098 5316 2381 5384 adjutores
2408 5359 2423 5382 ,
2477 5326 2529 5371 et
2569 5318 2944 5388 c00perarios.
2996 5319 3052 5373 in
3089 5320 3207 5388 lege
3257 5335 3388 5373 vero
3430 5319 3533 5373 hac
3569 5334 3679 5372 non

2096 5405 2260 5472 item;
2294 5409 2389 5463 sed
2422 5422 2519 5463 ore
2573 5408 2639 5463 ad
2690 5425 2879 5465 aurem
2937 5427 2967 5465 a
3014 5410 3262 5465 dri-mone
3311 5410 3512 5466 dictata
3544 5419 3628 5463 est
3662 5424 3679 5458 τ

2096 5499 2563 5570 quemadmodum
2599 5501 2764 5556 etiam
2818 5502 2873 5556 hi
2906 5502 3001 5573 qui
3039 5503 3094 5557 in
3122 5503 3400 5575 Babylone
3432 5499 3682 5555 veritatis

2070 5592 2457 5648 studiosiores
2476 5602 2625 5659 sunt,
2658 5594 2945 5649 veritatem
2983 5611 3091 5650 non
3134 5594 3412 5656 occulunt,
3447 5588 3541 5644 sed
3567 5590 3681 5643 sin-

2094 5685 2205 5757 guli
2246 5686 2310 5743 iis
2356 5686 2560 5758 quibus
2597 5687 2919 5757 conﬁdunt,
2951 5689 3143 5744 dicunt
3181 5688 3309 5754 hoc,
3344 5693 3401 5742 et
3430 5684 3678 5740 fatentur
