4058 6498
403 421 513 486 6ῧ3

1616 432 1651 493 J
1655 432 1859 497 OANN
1866 435 1937 496 IS
1971 435 2495 501 CANTACUZENI

3555 441 3661 504 604

401 536 711 594 doctrinam
741 539 889 595 hanc
911 555 940 595 a
973 541 1086 597 Deo
1136 556 1244 596 non
1281 546 1691 611 promanavisse
1712 588 1727 614 ,
1755 549 1981 605 rationi-

2098 553 2175 622 ρεί
2224 554 2476 623 ἕκαστος,
2512 556 2609 611 καὶ
2639 556 2790 626 λέγει
2843 556 2937 611 καὶ
2985 556 3241 628 ὁμολογεῖ
3269 557 3354 611 δτι
3394 554 3496 612 οὐκ
3551 559 3667 611 ἔστι

401 636 507 687 bus
530 632 919 688 consentaneis
938 633 1043 689 hoc
1069 633 1546 702 demonstrantes;
1577 638 1770 695 timore
1796 643 1990 698 mortis

400 734 584 778 autem
616 726 841 792 cedunt,
889 736 947 782 et
972 737 1282 797 sequuntur
1313 730 1670 799 impietatem.
1702 733 1825 789 Non
1855 750 1986 805 par-

405 829 533 867 vum
572 826 752 871 tamen
799 832 864 872 ex
899 817 1099 873 horum
1136 817 1416 889 impietate
1450 834 1831 892 argumentum
1878 827 1991 882 col-

403 902 636 971 ligitur,
676 906 822 974 quod
869 906 961 975 qui
1011 908 1145 962 tales
1200 916 1349 976 sunt,
1392 907 1834 969 Christianorum
1885 914 1989 971 do-

404 1004 585 1064 gmata
617 997 844 1050 omnino
869 998 1138 1068 ignorent.

480 1087 530 1140 7.
573 1088 840 1142 Praeterea
884 1089 1105 1158 quidam
1136 1105 1200 1144 ex
1234 1089 1554 1148 doctoribus
1582 1093 1778 1151 borum
1809 1095 1863 1152 in
1907 1098 1990 1154 di-

404 1178 610 1246 gnitate
628 1177 975 1233 Chaliliarnm
1005 1182 1359 1249 constitutus,
1381 1186 1719 1242 nomine.....
1736 1202 1861 1243 cum
1875 1189 1987 1261 jam

407 1270 710 1337 exspiraret
734 1311 747 1330 ,
780 1286 997 1326 crucem
1034 1287 1202 1341 penes
1227 1289 1285 1328 se
1305 1274 1447 1330 ferre
1471 1276 1850 1346 deprehensus
1879 1294 1985 1338 est.

344 1408 351 1413 .
408 1358 524 1424 Qua
586 1360 638 1413 in
675 1372 897 1429 pectore
941 1362 1088 1417 illius
1122 1365 1342 1420 inventa
1371 1406 1386 1429 ,
1439 1366 1812 1440 intelligentes
1839 1372 1989 1429 hunc

407 1451 619 1506 occulte
659 1451 1038 1510 Christianum
1078 1456 1284 1522 fuisse,
1337 1474 1446 1513 non
1473 1475 1541 1515 eo
1584 1460 1692 1517 loci
1720 1464 1813 1519 ubi
1848 1464 1990 1521 Cha-

408 1540 619 1597 libades
654 1544 875 1612 sepeliri
903 1545 1151 1603 solemne
1181 1558 1284 1613 est,
1324 1549 1477 1604 illum
1511 1552 1866 1622 sepelierunt,
1893 1558 1987 1613 sed

407 1631 460 1686 in
499 1632 607 1687 alio
646 1634 714 1687 ab
744 1633 849 1689 hoc
888 1646 1185 1694 semotum.
1237 1638 1339 1704 Qui
1384 1640 1529 1696 enim
1581 1641 1726 1699 inter
1757 1645 1860 1702 hos
1904 1662 1989 1703 sa-

407 1723 711 1795 pientiores
742 1738 795 1783 et
837 1732 1225 1799 prudentiores
1251 1744 1401 1800 sunt,
1429 1751 1537 1790 non
1564 1736 1814 1808 ignorant
1835 1756 1990 1795 erro-

2093 649 2245 717 παρά
2276 648 2412 703 Θεοῦ
2453 651 2516 703 τὸ
2545 650 2820 721 διδαχθὲν,
2847 650 3028 717 λόγοις
3074 650 3319 713 πιθανοῖς
3342 650 3503 704 τοῦτο
3534 649 3670 703 ἀπο-

2090 739 2424 808 δεικνύντες.
2450 742 2542 812 Τῷ
2566 744 2718 815 φόϐῳ
2744 744 2801 797 δὲ
2840 743 2937 797 τοῦ
2967 744 3204 798 θανάτου
3236 742 3541 804 ὑπείκουσι,
3572 743 3669 797 καὶ

2091 831 2448 887 ἀκολουθοῦσι
2493 836 2560 904 τῇ
2598 834 2842 906 ἀσεϐείᾳ.
2873 835 2987 888 Οὐκ
3012 833 3269 901 ὀλίγονδὲ
3299 832 3671 903 συμϐάλλεται

2090 926 2158 996 τῇ
2209 926 2441 980 ἐκείνων
2492 928 2721 998 ἀσεϐείᾳ
2753 928 2849 981 καὶ
2877 928 2939 982 τὸ
2974 927 3262 990 παντελῶς
3309 925 3675 997 εὑρίσκεσθαι

2090 1016 2422 1085 ἀγνοοῦντας
2446 1018 2667 1084 τούτους
2700 1021 2769 1074 τὰ
2798 1020 2909 1073 τῶν
2948 1017 3314 1091 Χριστιανῶν.

2163 1108 2229 1173 ζ’.
2276 1110 2457 1181 Ὀμῶς
2488 1112 2584 1165 καὶ
2616 1112 2682 1165 ὲκ
2711 1111 2822 1165 τῶν
2848 1110 3188 1165 διδασκάλων
3218 1101 3399 1164 αὐτῶν
3426 1104 3529 1173 εἷς,
3561 1126 3673 1178 χα-

2090 1203 2255 1272 λιφᾶς
2279 1202 2341 1255 τὸ
2384 1202 2600 1271 ἀξίωμα
2632 1201 3090 1272 δνομα,αὑτῷ...,
3135 1201 3194 1253 ὲν
3242 1199 3321 1270 τῷ
3362 1199 3536 1269 καιρῷ
3569 1199 3677 1267 τῆς

2088 1291 2350 1362 τελευτῆς
2383 1291 2553 1345 αὐτοῦ
2587 1289 2787 1361 εύρέθη
2818 1289 3054 1358 σταυρὸν
3086 1290 3268 1359 φέρων
3303 1286 3422 1358 μεθ’
3447 1286 3674 1341 ἑαυτοῦ.

2090 1383 2360 1454 Εύρόντες
2393 1384 2451 1438 δὲ
2497 1384 2591 1437 τὸν
2641 1383 2875 1454 σταυρὸν
2901 1384 2963 1436 έν
3001 1382 3081 1450 τῷ
3107 1381 3296 1452 στήθει
3337 1380 3527 1446 αὑτοῦ,
3575 1381 3677 1432 καὶ

2089 1474 2535 1544 κατανοήσαντες
2580 1475 2663 1528 δτι
2717 1473 3110 1543 κεκρυμμένος
3139 1469 3471 1537 Χριστιανός
3497 1471 3677 1530 ἐστιν.

2089 1567 2190 1623 οὐκ
2216 1566 2425 1636 ἔθαψαν
2456 1567 2623 1622 αὑτὸν
2663 1567 2723 1622 ὲν
2745 1560 2790 1635 ᾧ
2827 1567 2979 1637 τόπῳ
3019 1566 3256 1619 ἔθαπτον
3284 1564 3412 1626 τοὺς
3440 1562 3676 1632 χαλιφάο

2089 1660 2206 1727 δας,
2247 1660 2362 1714 ἀλλ’
2389 1661 2449 1713 ὲν
2478 1660 2653 1731 ἑτέρῳ
2682 1659 2878 1731 χωρίς.
2927 1660 2991 1712 Οί
3036 1658 3148 1727 γὰρ
3181 1656 3336 1724 σοφοὶ
3365 1655 3455 1709 καὶ
3489 1654 3682 1723 φρόνι-

2093 1768 2182 1822 μοι
2215 1752 2440 1806 ἐκείνων
2465 1751 2566 1805 οὐκ
2596 1752 2734 1806 εἰσὶν
2757 1749 3081 1820 ἀγνοοῦντες
3104 1748 3204 1819 τὴν
3216 1746 3441 1802 ἐκείνων
3461 1748 3679 1814 πλάνην

409 1832 523 1872 rem
564 1834 763 1889 suum,
818 1832 872 1876 et
913 1822 1311 1892 itnpostnram,
1380 1827 1472 1882 sed
1523 1829 1719 1897 partim
1761 1831 1983 1901 quidem

2098 1858 2152 1895 τε
2188 1840 2286 1896 καὶ
2313 1842 2555 1911 ἀπάτην.
2606 1842 2769 1898 ’Δλλά
2795 1841 2856 1894 τδ
2890 1842 2993 1911 μὲν
3018 1839 3108 1894 διὰ
3140 1838 3233 1892 τὸν
3267 1838 3554 1908 εἰρημένον
3580 1837 3683 1906 φύ-

407 1921 634 1978 propter
665 1913 911 1970 timorem
952 1915 1299 1985 praedictum,
1332 1920 1531 1988 partim
1561 1935 1692 1975 vero
1722 1884 1851 1991 qdia
1884 1923 1988 1978 hu—

2098 1884 2299 1992 éov:;d
2314 1884 2772 1998 ἀγαπωᾷ
2806 1884 3107 1993 δόξεανῖτῶν
3128 1927 3226 1981 ἀνθ
3236 1884 3438 1997 ρώξτῶῖ
3465 1884 3674 1996 μᾶλλον

408 2014 625 2054 manam
660 2001 886 2072 gloriam
931 2004 1101 2073 magis
1126 2016 1313 2059 amant
1365 2023 1527 2077 quam
1573 2010 1802 2080 gloriam
1847 2012 1985 2078 Dei,

411 2090 646 2146 oet'lusis
688 2095 885 2148 animae
914 2095 1093 2150 oculis
1143 2095 1195 2149 in
1230 2097 1472 2152 tenebris
1509 2100 1902 2172 obambulant;
1934 2114 1990 2159 et

411 2181 607 2236 timore
665 2183 857 2238 mortis
913 2185 1079 2254 hujus
1136 2189 1443 2259 corporalis
1505 2191 1703 2248 anima:
1754 2204 1986 2251 mortem

408 2275 725 2344 acquirunt.
773 2276 833 2331 In
879 2275 1215 2335 ChriStianis
1240 2291 1424 2337 autem
1449 2293 1641 2339 contra
1673 2284 1790 2341 ﬁeri
1816 2286 1988 2354 solet;

406 2368 608 2427 timore
658 2371 807 2427 enim
864 2373 1064 2429 mortis
1111 2375 1330 2439 animae,
1383 2378 1724 2447 corporalem
1762 2378 1909 2434 illam
1939 2390 1993 2434 et

409 2468 697 2517 externam
759 2478 884 2519 cum
915 2465 1198 2537 voluptate
1231 2475 1619 2522 contenmunt.
1649 2468 1994 2527 Christiano-

405 2568 531 2609 rum
566 2555 714 2611 enim
743 2555 880 2613 lides
912 2558 1071 2630 longe
1097 2559 1311 2628 lateque
1362 2559 1429 2614 ab
1461 2560 1546 2615 bis
1573 2560 1867 2633 discrepat.
1899 2564 1994 2618 Ar-

410 2653 556 2701 ctam
587 2649 735 2702 enim
766 2659 816 2703 et
854 2660 1139 2720 angustam
1178 2650 1437 2708 Christus
1472 2653 1606 2711 dicit
1645 2656 1788 2711 viam
1825 2672 1950 2714 esse
1974 2696 1991 2725 ,

407 2751 533 2809 quae
566 2754 670 2794 nos
698 2739 765 2794 ad
794 2742 959 2797 vitam
1001 2742 1249 2800 deducit.

487 2829 542 2884 8.
580 2829 646 2885 Et
669 2830 845 2902 legem
880 2832 1123 2903 quidem,
1158 2844 1220 2890 ut
1239 2836 1501 2904 diximus,
1530 2854 1561 2893 a
1588 2839 1833 2896 daemone
1856 2839 1999 2896 didi.

409 2915 507 2987 cit;
535 2920 904 2980 nihilominus
934 2931 1116 2979 tamen
1146 2926 1200 2981 in
1235 2927 1525 2985 haereticos
1557 2933 1823 3001 quosdam
1860 2934 2001 2987 inri-

410 3008 573 3078 dens,
606 3011 820 3083 reliqua
851 3015 1150 3084 assumpsit
1180 3031 1196 3082 ;
1229 3026 1286 3073 et
1322 3030 1352 3073 a
1389 3017 1595 3075 Jacobs
1640 3020 1862 3091 quidem
1893 3020 2000 3077 Ba-

332 3094 342 3105 ’
410 3118 544 3160 cura
582 3103 638 3160 in
676 3104 915 3163 Nestorii
959 3107 1311 3179 dogmatibus
1357 3111 1645 3169 institutus
1693 3124 1799 3179 est,
1832 3128 1996 3184 quem

2091 2020 2234 2090 ὑπὲρ
2255 2022 2357 2090 τὴν
2387 2019 2547 2085 δόξαν
2570 2019 2664 2073 τοῦ
2695 2018 2858 2085 Θεοῦ,
2910 2017 3183 2089 μύσαντες
3215 2018 3341 2081 τοὺς
3370 2015 3470 2086 τῆς
3496 2015 3679 2086 ψυχῆς

2090 2112 2434 2184 ὀφθαλμοὺς,
2480 2113 2538 2166 εν
2576 2112 2655 2182 τῷ
2704 2112 2888 2167 σκότει
2937 2110 3415 2183 περιπολεύονται,
3454 2109 3551 2163 καὶ
3598 2108 3681 2178 τῷ

2093 2205 2396 2277 σωματικῷ
2426 2203 2578 2275 φόϐῳ
2622 2202 2716 2258 τοῦ
2748 2204 2988 2259 θανάτου
3024 2204 3114 2258 τὸν
3145 2201 3380 2272 ψυχικὸν
3411 2199 3678 2271 κληροῦν-

2092 2310 2204 2350 ται.
2249 2293 2373 2347 Ἐπὶ
2409 2292 2467 2346 δὲ
2493 2291 2603 2345 τῶν
2633 2290 2983 2363 Χριστιανῶν
3021 2291 3123 2362 οὐχ
3169 2287 3366 2354 οὕτως,
3414 2287 3554 2342 ἀλλὰ
3601 2286 3676 2357 τῷ

2094 2383 2247 2455 φόϐῳ
2270 2382 2364 2438 τοῦ
2395 2380 2632 2454 ψυχικοῦ
2668 2379 2925 2447 θανάτου,
2953 2380 3049 2435 τοῦ
3068 2378 3401 2451 σωματικοῦ
3436 2377 3533 2432 καὶ
3565 2377 3686 2432 ύλι·

2095 2472 2194 2527 κοῦ
2236 2472 2332 2526 καὶ
2365 2470 2613 2540 ὲνηδόνου
2644 2467 3104 2539 καταφρονοῦσιν.
3147 2468 3213 2521 Ἦ
3260 2467 3369 2537 γὰρ
3394 2466 3503 2519 τῶν
3535 2467 3681 2536 Χρει-

2097 2563 2333 2617 στιανῶν
2362 2562 2546 2626 πίστις
2577 2560 2802 2633 μακράν
2829 2576 2936 2615 που
2961 2558 3057 2613 καὶ
3088 2558 3276 2630 πόρρω
3298 2556 3419 2612 ἐστὶ
3442 2558 3681 2610 τούτων.

2097 2652 2299 2726 Στενὴν
2346 2652 2454 2724 γὰρ
2493 2653 2590 2707 καὶ
2632 2650 3002 2722 τεθλιμμένην
3041 2649 3248 2721 ἔφησεν
3279 2650 3309 2704 ὁ
3337 2648 3542 2721 Κύριος
3572 2647 3684 2719 τὴν

2096 2744 2237 2811 ὁδὸν,
2274 2743 2374 2814 τὴν
2405 2744 2487 2806 είς
2511 2743 2659 2815 ζωήν
2687 2745 2834 2815 ἡμᾶς
2859 2744 3209 2811 ἀπάγουσαν.

2173 2835 2244 2907 η’.
2281 2837 2392 2891 Καὶ
2421 2835 2675 2908 εδιδάχθη
2725 2836 2825 2906 μὲν
2853 2838 2883 2891 δ
2921 2835 3110 2907 νόμος,
3148 2834 3224 2899 ὡς
3256 2834 3495 2907 είρηται,
3526 2833 3687 2903 παρὰ

2099 2931 2198 2985 τοῦ
2231 2929 2524 3002 δαίμονος·
2560 2930 2716 3002 ὅμως
2767 2928 2862 2984 καί
2892 2946 3035 2984 τισιν
3078 2927 3380 2998 αίρετικοίς
3419 2923 3685 2996 εντυλὼν,

2099 3024 2172 3079 τὰ
2200 3022 2479 3078 ὑπόλοιπα
2528 3020 2929 3092 προσελάϐετο.
2963 3020 3076 3075 Kal.
3100 3017 3253 3090 παρά
3300 3018 3400 3088 μὲν
3424 3016 3518 3070 τοῦ
3568 3017 3686 3070 ἰασ-

2104 3113 2221 3171 κὼδ
2252 3114 2349 3168 τοῦ
2389 3114 2609 3185 Βαενρᾶ
2658 3108 2729 3184 ἦν
2757 3112 2989 3184 μυηθεὶς
3019 3112 3088 3165 τὰ
3122 3111 3217 3165 τοῦ
3260 3110 3573 3181 Νεστορίου,
3620 3107 3690 3160 δν

411 3206 466 3251 et
512 3206 705 3269 postea
750 3199 997 3269 occidit;
1055 3218 1082 3256 a
1118 3200 1325 3259 Iudaeis
1374 3214 1560 3260 autem
1618 3204 1949 3276 quibusdam
1978 3244 1994 3270 ,

2109 3208 2249 3280 μετά
2272 3208 2466 3278 καιρὸν
2495 3206 2792 3262 ἀπέκτεινε
2812 3223 2828 3240 ο
2857 3205 3012 3276 παρά
3054 3205 3112 3260 δὲ
3176 3202 3446 3257 Ἰουδαίων
3492 3199 3687 3264 τινῶν,

411 3287 653 3345 Pltinees
680 3289 943 3347 nimirum
984 3301 1041 3347 et
1074 3294 1272 3362 Audio,
1304 3310 1470 3366 quem
1516 3296 1634 3367 ipse
1666 3304 1878 3351 mutato
1903 3311 2002 3352 no-
2036 3310 2049 3319 ·

412 3380 564 3436 mine
594 3381 867 3437 Audulatn
900 3385 1139 3449 vocavit,
1173 3394 1343 3456 atque
1373 3386 1579 3453 Salom,
1614 3402 1777 3457 quem
1804 3387 2002 3443 Perse-

413 3472 519 3526 lem
543 3475 977 3543 cognominavit,
1015 3479 1186 3532 multa
1210 3479 1376 3534 etiam
1406 3479 1780 3550 lransumpsit,
1815 3479 2004 3549 sicque

414 3566 582 3620 etiam
639 3567 694 3621 in
748 3565 1107 3625 Nestorianos
1186 3571 1396 3641 aliquot
1456 3572 1707 3629 incidens
1755 3573 2003 3627 omnium

417 3658 757 3726 impietatem
794 3658 1035 3730 collegit.
1059 3660 1408 3732 Quapropter
1451 3662 1506 3717 in
1538 3663 1810 3717 Alcorano
1834 3663 2003 3718 multa

417 3749 669 3806 invenire
690 3751 835 3818 licet,
862 3768 927 3809 ex
957 3752 1120 3808 modo
1159 3754 1323 3809 dictis
1371 3753 1651 3825 descripta
1680 3755 2003 3809 hrrresibus.

419 3841 476 3897 Si
508 3843 652 3897 enim
702 3859 885 3900 mores
939 3846 1122 3902 bonos
1172 3862 1530 3917 corrumpere
1570 3848 1839 3902 malorum
1876 3862 2008 3900 con-

421 3934 666 3989 versatio
694 3945 898 4005 potest,
932 3947 1141 4008 quanto
1182 3939 1357 4009 magis
1390 3939 1433 3993 si
1466 3955 1530 3994 ea
1562 3940 1616 3993 in
1648 3954 1843 4007 pravos
1886 3953 2006 3991 mo-

418 4042 508 4081 res
549 4026 853 4083 inciderit?
887 4027 1025 4084 Cum
1061 4030 1227 4100 igitur
1280 4031 1454 4099 legem
1486 4045 1514 4084 a
1549 4029 1797 4085 daemone
1851 4043 2005 4082 acre-

416 4120 590 4188 pisset
615 4120 909 4184 Maltomet,
942 4121 1073 4192 quid
1102 4121 1250 4176 aliud
1298 4122 1453 4176 illum
1487 4122 1665 4178 facere
1692 4130 1788 4175 aut
1821 4120 2006 4177 dicere

412 4212 750 4281 oportebat,
810 4227 976 4282 quam
1020 4227 1084 4267 ea
1142 4228 1265 4282 quae
1301 4214 1383 4268 sui
1422 4225 1579 4268 erant
1617 4212 1899 4283 magistri?
1940 4212 2009 4266 Et

414 4301 884 4372 quemadmodum
938 4301 1031 4355 ille
1064 4299 1207 4356 fastu
1240 4302 1524 4369 laborans,
1563 4313 1854 4373 postquam
1884 4300 2005 4371 lap-

414 4410 513 4450 sus
540 4404 645 4461 est,
692 4395 877 4450 statim
919 4394 1139 4450 mentiri
1176 4398 1376 4466 coepit,
1423 4397 1504 4453 sic
1533 4398 1699 4452 etiam
1732 4396 2009 4450 Maltomct

416 4503 487 4544 ex
516 4487 773 4557 superbia
803 4496 858 4541 et
890 4485 1177 4542 mendacio
1208 4488 1353 4559 loqui
1387 4490 1556 4560 cmpit
1579 4498 1637 4544 et
1666 4487 1936 4543 scribere.

491 4582 544 4638 9.
574 4580 649 4636 De
679 4580 863 4650 seipse
890 4580 1420 4655 enimjactabundus
1449 4581 1585 4636 dicit
1606 4581 1660 4635 in
1696 4580 1845 4633 hunc
1879 4591 2001 4631 mo-

423 4672 554 4727 dum
598 4694 611 4728 :
643 4675 699 4731 Si
739 4690 934 4731 omnes
970 4675 1222 4731 homines
1253 4673 1625 4738 conveniant,
1663 4686 1858 4741 omnes
1889 4671 2008 4743 spi-

2103 3297 2202 3351 τοῦ
2241 3315 2301 3350 τε
2336 3296 2523 3359 Φινεὲς
2575 3296 2671 3350 καὶ
2699 3293 2921 3358 Αύδιοῦ,
2977 3294 3162 3348 ὅντινα
3226 3290 3471 3347 Αύδουλᾶ
3501 3306 3688 3359 μετω-

2105 3391 2334 3461 νόμασε,
2362 3389 2457 3442 καὶ
2509 3387 2709 3457 Σαλὼμ
2736 3386 2962 3457 ,ὥσπερ
3027 3384 3201 3454 Σελὲμ
3226 3422 3242 3448 ,
3280 3382 3417 3436 ἀλλά
3465 3381 3530 3448 δὴ
3587 3381 3692 3435 καὶ

2104 3483 2251 3536 τισὶν
2293 3481 2684 3550 Νεστοριανοῖς
2731 3476 2994 3547 ἐντυχὼν,
3048 3476 3147 3546 τὴν
3209 3473 3426 3532 πάντων
3486 3473 3691 3527 κακίαν

2106 3571 2405 3641 ἐσώρευσε.
2448 3571 2548 3625 Διά
2581 3588 2664 3625 τοι
2688 3569 2849 3623 τοῦτο
2897 3570 2955 3622 ὲν
2984 3566 3061 3638 τῷ
3112 3567 3335 3639 Κορῥάν
3383 3564 3554 3619 πολλά
3578 3582 3690 3634 ⁸τις

2109 3665 2335 3734 εὑρήσει
2370 3662 2737 3732 γεγραμμένα
2765 3664 2830 3715 ἐκ
2868 3661 2982 3714 τῶν
3013 3660 3283 3734 ρηθεισῶν
3311 3660 3592 3730 αἱρέσεων.
3622 3660 3688 3712 Εἰ

2108 3757 2217 3829 γὰρ
2245 3757 2349 3826 ἤθη
2383 3755 2601 3826 χρηστά
2631 3751 2740 3808 οἶδε
2784 3754 3033 3823 φθείρειν
3075 3751 3260 3823 ὁμιλία
3320 3751 3488 3822 κακὴ,
3537 3751 3690 3818 πόσῳ

2110 3849 2314 3918 μᾶλλον
2343 3847 2501 3918 ἤθεσι
2556 3847 2811 3916 πονηροῖς
2871 3844 3210 3917 ἐπιτυχούσας
3264 3841 3471 3923 Λαϐὼν.
3508 3842 3688 3898 τοίνυν

2107 3938 2207 4010 τὴν
2237 3938 2391 4009 παρά
2412 3937 2506 3991 τοῦ
2531 3938 2788 4007 δαίμονος
2810 3937 3034 4008 διδαχὴν
3057 3939 3084 3990 ὁ
3113 3934 3385 4004 Μωάμεθ,
3416 3933 3469 3986 τί
3499 3933 3678 4002 ἕτερον

2110 4034 2216 4088 ἔδει
2248 4034 2510 4105 πράττειν
2543 4035 2637 4087 καὶ
2682 4033 2863 4102 λέγειν
2903 4032 2935 4101 ἢ
2984 4032 3052 4086 τὰ
3107 4028 3205 4084 τοῦ
3236 4029 3557 4084 διδασκάλου
3594 4025 3677 4077 αὐ·

2106 4126 2242 4193 τοῢ;
2277 4126 2390 4180 Καὶ
2438 4125 2626 4196 ὥσπερ
2676 4126 2885 4185 ἐκεῖνος
2904 4124 3138 4195 νοσήσας
3166 4120 3262 4193 τὴν
3316 4122 3569 4190 ἔπαρσιν,
3594 4116 3688 4170 καὶ

2109 4222 2321 4283 πεσὼν,
2355 4213 2519 4277 εὐθὺς
2554 4214 2622 4266 ὲκ
2666 4213 2761 4267 τοῦ
2786 4211 3020 4282 ψεύδους
3052 4208 3282 4281 ἤρξατο,
3331 4208 3475 4262 οὕτω
3527 4207 3625 4259 καὶ
3667 4206 3698 4258 ὁ

2110 4306 2357 4377 Μωάμεθ
2383 4304 2442 4373 ἐξ
2473 4304 2858 4375 ὑπερηφανίας
2889 4300 2987 4357 καὶ
3004 4301 3235 4373 ψεύδους
3288 4297 3493 4371 ἤρξατο
3511 4297 3701 4365 λέγειν

2111 4402 2206 4454 καλ¹
2254 4398 2508 4469 γράφειν.

2189 4577 2254 4633 θ’.
2298 4575 2816 4648 Μεγαλοῤῥημονῶν
2882 4574 2990 4645 γὰρ
3066 4570 3195 4643 περὶ
3251 4571 3458 4636 αὑτοῦ,
3496 4571 3702 4624 οὑτωσί

2119 4687 2253 4740 φησι
2316 4669 2461 4723 κατὰ
2511 4668 2681 4733 λέξιν,
2733 4667 2808 4729 ὡς
2864 4666 2929 4719 Ei
2978 4664 3178 4727 πᾶντες
3234 4662 3512 4734 ἄνθρωποι
3578 4680 3705 4716 συν-

420 4766 566 4824 ritus
591 4776 649 4822 et
674 4782 871 4823 omnes
901 4768 1080 4840 angeli
1109 4769 1295 4830 talem.
1341 4765 1560 4838 qualem
1596 4778 1719 4834 ego,
1749 4763 1997 4819 Alcorra-

2122 4762 2339 4833 αχθεῖεν
2364 4801 2380 4828 ,
2442 4763 2540 4814 καὶ
2613 4760 2789 4813 πάντα
2847 4758 2915 4811 τά
2970 4755 3296 4825 πνεύματα,
3356 4756 3451 4808 καὶ
3498 4754 3703 4816 πάντες

422 4874 557 4916 num
594 4874 924 4930 componere
950 4876 1061 4915 non
1097 4864 1373 4930 poterunt.
1412 4854 1545 4909 ltcm
1582 4852 1636 4908 in
1673 4853 1850 4922 capite
1874 4853 1997 4909 Ela.

2119 4852 2366 4923 ἄγγελοι,
2418 4853 2519 4907 οὐκ
2587 4851 2652 4906 ἂν
2711 4850 2960 4903 δύναιντο
2990 4849 3215 4917 ποιῆσαι
3275 4847 3516 4900 τοιοῦτον
3548 4847 3699 4916 K09-

419 4947 557 5010 βίαν,
592 4945 746 5015 quasi
780 4962 1013 5016 persona
1043 4946 1140 5001 Dei
1171 4946 1402 5014 loquens
1426 4983 1440 5006 ,
1476 4942 1556 4998 sic
1589 4943 1771 5012 inquit
1803 4962 1816 4997 :
1850 4943 1997 5012 Quod

2118 4947 2256 5019 ρἀ,
2294 4948 2474 5000 ὁποῖον
2504 4947 2635 5014 ἐγώ.
2675 4944 2798 4997 Ἔτι
2835 4943 2894 4994 ἐν
2942 4940 3021 5011 τῷ
3082 4940 3365 5011 κεφαλαίῳ
3405 4939 3484 5009 τῷ
3526 4939 3704 4994 Ἐλα-

424 5038 474 5095 si
504 5037 653 5091 hunc
688 5037 1046 5092 Alcorranum
1076 5037 1132 5091 in
1174 5036 1414 5102 aliquem
1445 5036 1710 5089 montium
1746 5036 1997 5093 immitte-

2117 5036 2257 5107 σιὰρ
2311 5036 2387 5099 ὡς
2452 5037 2516 5087 ἐκ
2572 5031 2865 5108 προσῴπου
2929 5027 3023 5082 τοῦ
3079 5026 3215 5082 Θεοῦ
3248 5026 3449 5079 οὑτωσί
3507 5042 3697 5096 φησιν·

428 5144 638 5190 remus,
670 5130 866 5184 timore
894 5130 1042 5185 illius
1059 5138 1114 5183 et
1142 5127 1407 5197 religione
1437 5142 1563 5197 erga
1590 5126 1742 5181 illum
1774 5128 1997 5184 disrum-

2129 5129 2217 5194 Ὠς
2276 5128 2324 5181 εί
2384 5123 2713 5196 ἐπέμψαμεν
2768 5121 2925 5175 τοῦτο
2976 5122 3038 5174 τὸ
3090 5121 3310 5190 Κορρἀν
3354 5119 3435 5182 είς
3475 5117 3535 5172 ἓν
3586 5117 3699 5170 τῶν

431 5228 676 5290 peretur.
709 5219 826 5274 Non
862 5228 1043 5273 tamen
1080 5234 1145 5272 ex
1175 5217 1259 5270 his
1295 5216 1672 5275 tantummodo
1727 5219 1909 5274 verbis
1951 5220 1986 5275 il

2118 5221 2287 5289 ὁρῶν,
2318 5218 2606 5291 σχισθῆναι
2643 5213 2870 5286 ἔμελλεν
2930 5214 3036 5267 ὑπὸ
3090 5210 3186 5266 τοῦ
3225 5211 3391 5281 φόϐου
3444 5213 3539 5264 καὶ
3601 5213 3702 5281 τῆς

432 5311 541 5372 lius
574 5312 837 5382 jactantia
889 5308 1353 5380 deprehenditur,
1401 5307 1497 5363 sed
1560 5309 1724 5365 etiam
1785 5311 1841 5366 in
1892 5311 1997 5366 alii:

2121 5315 2260 5387 πρὸς
2296 5313 2433 5367 αὐτὸ
2466 5308 2780 5370 εὐλαϐείας.
2829 5305 2923 5377 Μὴ
2951 5304 3112 5375 μόνον
3151 5303 3194 5357 δ’
3224 5304 3282 5358 ἐν
3302 5304 3412 5365 τοῖς
3435 5302 3703 5365 τοιούτοις

436 5406 626 5461 multis
656 5405 910 5470 eﬂ‘ertur,
938 5403 1107 5458 sicuti
1140 5403 1305 5473 paulo
1337 5412 1462 5472 post
1498 5412 1686 5457 nostra
1711 5404 1888 5459 oratio
1919 5420 1997 5460 ex-

2126 5411 2337 5481 ῥήμασι
2373 5400 2885 5478 μεγαλορῤημονῶν
2914 5396 3254 5469 εὑρίσκεται,
3308 5394 3703 5497 unauna

434 5504 623 5572 ponet.
661 5495 704 5549 A
745 5495 864 5549 solo
888 5494 1000 5548 Deo
1029 5494 1175 5549 enim
1203 5492 1338 5547 dicit
1372 5494 1734 5549 Alcorranum
1763 5495 1993 5567 intelligi

2129 5500 2342 5569 ἑτέροις
2378 5493 2766 5566 ὑπεραίρεται,
2809 5490 2998 5553 καθὼς
3028 5486 3320 5586 μετολίγον
3349 5486 3378 5539 ὁ
3414 5482 3570 5586 λάγας
3604 5482 3704 5586 δηῖ

438 5570 508 5644 ab
546 5586 867 5642 hominibus
892 5600 1025 5640 vero
1056 5602 1427 5658 nequaquam.
1462 5589 1731 5643 Caeterum
1757 5603 1994 5660 agnosca

2126 5588 2314 5644 λώσει.
2341 5585 2503 5655 Παρὰ
2561 5581 2672 5651 γὰρ
2710 5582 2857 5650 μόνῳ
2894 5577 2976 5648 τῷ
3024 5573 3145 5644 Θεῷ
3187 5589 3318 5677 φησι
3348 5570 3614 5684 spatiatim
3643 5570 3704 5622 τὸ

438 5681 776 5736 vanissimas
804 5681 1018 5745 doctor,
1042 5682 1187 5752 quod
1213 5684 1481 5753 sapientia
1509 5701 1607 5740 sua
1637 5699 1746 5739 non
1775 5698 1805 5738 e
1833 5698 1997 5750 super

2128 5679 2374 5753 Κοῤῥάν,
2407 5674 2560 5748 παρά
2599 5674 2664 5769 δςν
2688 5668 3001 5740 ἀνθρώποις
3025 5663 3308 5769 ρύδαμῶς;
3348 5662 3508 5769 ἀλλὰ
3544 5677 3706 5764 ymo)-

445 5773 534 5829 nis
556 5780 661 5835 est,
695 5773 791 5827 sed
839 5782 1077 5841 terrena,
1112 5775 1365 5832 animalis
1386 5786 1443 5832 et
1468 5776 1825 5832 dmmoniaca.
1869 5794 1886 5826 ι
1923 5775 1997 5829 Do

2134 5749 2314 5823 σκέτω
2347 5764 2573 5827 ὁσκενδς
2607 5754 2763 5822 οὗτος
2792 5755 3115 5818 διδάσκαλος
3140 5755 3223 5807 δτι
3257 5752 3356 5805 οὐκ
3387 5749 3532 5805 ἐστιν
3562 5749 3702 5818 αὕτη

448 5867 636 5930 minus
656 5864 824 5933 enim,
863 5865 1040 5933 inquit
1065 5868 1255 5937 David,
1299 5871 1459 5926 ducet
1494 5877 1810 5926 mansuetos
1858 5868 1908 5922 in
1940 5866 1997 5937 ju

2135 5865 2168 5934 ὴ
2199 5859 2360 5931 σοφία
2392 5856 2625 5921 ἀνωθεν,
2658 5852 2773 5908 ἀλλ’
2832 5851 3073 5919 ἐπίγειος
3103 5844 3331 5931 ψυχικὴ,
3372 5842 3464 5897 καὶ
3514 5841 3707 5908 δαιμο-
