4058 6452
1869 154 1910 190 ἢ

294 369 409 432 605

281 509 502 579 «eam.
570 527 589 561 ι
625 509 824 582 Κύριος
876 509 987 580 γάρ
1019 553 1033 576 ,
1112 514 1247 583 φησὶ
1312 514 1480 568 Δαϐὶδ
1511 558 1525 581 ,

283 604 481 669 πραεῖς
525 604 586 656 ἒν
624 603 829 673 κρίσει,
881 605 1081 672 διδάξει
1140 608 1336 677 πραεῖς
1394 608 1550 671 ὁδοὺς
1605 607 1795 663 αὐτοῦ.
1840 626 1861 660 ι

289 715 312 750 ι
355 696 762 768 Ὕπερηφάνοις
800 698 878 761 δὲ,
915 700 1082 769 φησὶν
1116 699 1388 772 Σολομὼν,
1420 704 1449 755 ὁ
1485 699 1688 772 Κύριος
1718 703 1868 757 άντιο

282 787 595 854 τάσσεται,
650 791 932 852 ταπεινοῖς
986 790 1041 844 δὲ
1100 790 1281 845 δίδωσι
1344 793 1528 865 χάριν.
1569 812 1590 845 ι
1644 795 1706 847 Ei
1758 793 1870 862 γὰρ

282 879 593 951 ἀκάθαρτος
629 880 778 951 παρά
804 880 925 952 Θεῷ
957 884 1065 945 πᾶς
1098 883 1517 955 ὑψηλοκὰρδιος,
1546 888 1629 949 τίς
1661 885 1868 939 ὀδυνά-

284 988 450 1040 μενος
494 971 792 1043 καθαρίσαι
834 972 1039 1040 αὑτὸν;
1084 973 1197 1027 Καὶ
1241 974 1287 1027 εί
1344 974 1371 1025 ὁ
1428 973 1629 1044 Κύριος
1669 976 1873 1045 ὑπερη-

282 1064 482 1133 φάνοις
517 1064 969 1134 ἀντιστάσσεται,
994 1064 1081 1131 τίς
1110 1068 1139 1119 ὁ
1192 1066 1477 1137 βοηθήσων
1528 1068 1681 1137 αὐτῷ
1715 1086 1729 1135 ;
1760 1068 1869 1123 Καὶ

282 1155 387 1207 είδ
410 1151 614 1222 Κύριος
640 1152 903 1223 ὁδηγήσει
935 1156 1133 1224 πραεῖς
1170 1154 1229 1208 ἐν
1293 1156 1500 1227 κρίσει,
1551 1156 1757 1221 διδάξει
1810 1156 1868 1210 δὲ

283 1243 487 1312 πραεῖς
514 1241 669 1304 ὀδοὺς
699 1240 888 1306 αὐτοῦ,
923 1243 1017 1295 τὸν
1042 1240 1279 1308 ἀλαζόνα
1314 1245 1412 1297 καὶ
1441 1245 1760 1317 ἐπηρμένον
1783 1248 1868 1306 τίς

288 1332 548 1404 ὁδηγήσει
576 1335 655 1397 είς
677 1333 797 1388 ὁδὸν
825 1336 1106 1407 σωτηρίας
1175 1340 1271 1391 καὶ
1321 1321 1627 1408 ά).ηθείας;
1686 1338 1752 1393 Τί
1813 1341 1871 1394 δὲ

289 1430 419 1499 περὶ
452 1427 545 1481 τοῦ
579 1427 832 1505 ψεύδους,
861 1429 890 1483 δ
943 1430 1241 1494 διαπαντὸς
1274 1431 1599 1502 ὑποϐάθραν
1652 1434 1749 1487 καὶ⁸
1782 1433 1869 1486 θε-

285 1521 481 1588 μέλιον
537 1522 706 1577 αὑτοῦ
755 1522 1018 1589 τέθεικε;
1061 1522 1163 1577 Καὶ
1206 1525 1362 1579 οὐδέν
1411 1527 1529 1579 ἐστι
1576 1526 1686 1580 τῶν
1736 1527 1872 1598 παρ’

281 1614 522 1676 ἐκείνοις
551 1614 857 1686 λεχθέντων
890 1615 1120 1685 ἄμοιρον
1169 1616 1428 1684 ψεύδους,
1461 1616 1598 1671 ἀλλά
1651 1619 1718 1671 τὰ
1772 1619 1874 1689 μέν

283 1709 396 1760 είσι
447 1705 676 1761 καθόλου
702 1709 795 1762 καὶ
838 1709 1080 1779 παντελῆ
1111 1708 1288 1779 ψεύδη
1315 1709 1413 1763 καὶ
1447 1708 1770 1780 πλάσματα,
1803 1709 1873 1763 τὰ

280 1796 345 1850 δὲ
380 1788 722 1868 δραξάμενος
777 1798 961 1868 ἴχνους
988 1799 1274 1869 ἀληθείας,
1328 1800 1555 1855 πλάττει
1603 1801 1872 1873 τεράστια

1278 394 1582 456 CONTRA
1624 395 2135 485 MAHOMETEM
2160 395 2450 460 ORATIO
2490 366 2582 461 I.’

3454 398 3565 462 606

1603 515 1772 586 ὁδηγὴ
1784 531 1865 567 σει

1987 511 2141 578 licio,
2172 513 2405 570 docebit
2429 522 2750 571 mansuetos
2784 512 2900 570 vias
2933 528 3063 571 snas
3084 514 3148 569 ".
3186 531 3204 565 ι
3240 530 3259 566 ι
3295 510 3567 583 Superbis

1967 607 2116 661 enim
2157 607 2337 676 inquit
2367 605 2653 672 Solomon,
2692 606 2907 662 resistit
2934 605 3233 671 Dominus;
3258 605 3567 661 humilibus

1966 697 2113 751 enim
2141 696 2236 751 dat
2261 697 2491 768 gratiam
2545 697 2610 753 ".
2646 715 2666 749 ›
2723 695 2779 752 Si
2807 697 2954 753 enim
3010 697 3333 751 immundus
3380 711 3566 751 coram

1967 790 2083 844 Deo
2118 799 2428 859 reputatur,
2461 790 2723 861 quisquis
2750 789 2939 846 animo
2973 790 3280 855 extollitur,
3308 787 3564 858 quisnam

1969 882 2121 937 hunc
2179 881 2449 938 mundare
2507 882 2759 953 poterit?
2809 883 2875 938 Et
2908 883 2954 938 si
3012 881 3279 937 Dominus
3311 882 3568 952 superbis

1972 972 2200 1038 resistit,
2234 973 2360 1043 quis
2392 975 2524 1029 huic
2556 974 2925 1030 auxiliaturus
2966 974 3093 1029 est?
3125 973 3195 1029 Et.
3224 974 3270 1028 si
3296 973 3569 1029 Dominus

1971 1066 2127 1122 ducit
2174 1076 2496 1122 mansuetos
2550 1066 2604 1120 in
2653 1065 2867 1136 judicio
2895 1107 2911 1131 ,
2956 1073 3014 1119 et
3051 1071 3373 1119 mansuetos
3402 1062 3568 1119 docet

1975 1155 2091 1210 vias
2117 1170 2247 1210 suas
2269 1195 2285 1221 ,
2322 1163 2675 1227 arrogantem
2720 1164 2777 1209 et
2815 1155 3117 1224 superbum
3150 1153 3276 1223 quis
3306 1154 3475 1209 ducet
3506 1153 3565 1209 in

1973 1244 2118 1299 viam
2157 1244 2353 1300 salutis
2380 1255 2436 1299 et
2484 1243 2774 1300 veritatis?
2808 1243 2950 1310 Quid
2997 1259 3129 1299 vero
3175 1243 3244 1299 de
3272 1242 3567 1299 mendacio
3622 1283 3627 1288 ι

1973 1336 2021 1391 is
2089 1337 2182 1406 qui
2222 1336 2329 1391 hoc
2365 1350 2468 1391 ceu
2506 1336 2682 1391 basim
2717 1345 2775 1391 et
2808 1334 3234 1391 fundamentum
3265 1351 3427 1391 suum
3451 1336 3566 1391 col-

1972 1431 2196 1490 locavit.
2233 1440 2291 1486 et
2329 1446 2359 1485 a
2388 1446 2501 1500 quo
2532 1430 2672 1485 nihil
2704 1431 2825 1487 sine
2872 1432 3161 1487 mendacio
3193 1432 3405 1487 dictum
3455 1431 3571 1487 sit?

1972 1521 2245 1577 Caeterum
2311 1522 2415 1577 alia
2472 1522 2698 1592 quidem
2761 1524 2817 1577 in
2870 1524 3192 1602 universum
3237 1534 3294 1579 et
3341 1524 3569 1579 omnino

1974 1615 2113 1670 falsa
2159 1627 2215 1669 et
2249 1612 2374 1669 ﬁcta
2406 1621 2558 1679 sunt,
2590 1614 2696 1669 alia
2723 1628 2877 1682 vero,
2912 1614 3164 1670 veritatis
3196 1613 3421 1684 aliquod
3475 1629 3573 1670 ve-

1974 1707 2198 1778 stigium
2242 1714 2461 1771 nactus,
2495 1706 3075 1778 prodigiosa‘omnino
3102 1717 3157 1762 et
3194 1706 3435 1762 absurda
3471 1705 3571 1761 fin-

1974 1801 2073 1865 git.
2107 1799 2177 1855 Et
2208 1785 2673 1870 quemadmodum
2702 1798 2889 1854 nullus
2913 1806 2999 1853 est
3020 1814 3307 1864 sensuum,
3339 1799 3434 1868 qui
3458 1812 3569 1853 non

281 1887 383 1941 καὶ
410 1887 681 1943 ἀλλόκοτα
753 1888 1082 1961 πράγματα.
1147 1890 1260 1945 Καὶ
1305 1890 1500 1965 ὥσπερ
1572 1893 1672 1947 οὐκ
1723 1895 1874 1952 ἔστιν

1987 1901 2129 1947 tactu
2162 1893 2338 1947 instar
2373 1891 2617 1947 vehiculi
2646 1899 2853 1953 utatur;
2885 1891 2966 1949 sic
3019 1889 3203 1945 nullus
3238 1899 3323 1945 est
3368 1889 3438 1944 ab
3465 1889 3573 1945 hoc

284 1981 542 2059 αῖσθησις
565 1984 599 2052 ἠ
628 1982 702 2053 μὴ
729 1982 929 2055 ἔχουσα
959 1983 1058 2056 τὴν
1083 1984 1230 2056 ἁφὴν
1278 1986 1471 2059 ὥσπερ
1501 1986 1706 2059 δχημα,
1732 1988 1878 2044 οὕτω

289 2072 409 2127 om
437 2073 598 2142 λόγος
625 2073 854 2147 αλεχθεὶς
902 2076 1038 2148 παρ’
1070 2077 1308 2145 ἐκείνου,
1366 2079 1517 2144 ὅστις
1570 2080 1672 2135 οὐκ
1725 2081 1876 2136 ἔστιν

290 2165 485 2237 ψεῦδος
511 2166 704 2236 σαφὲς,
751 2166 785 2238 ἢ
825 2169 1009 2240 μίγμα
1044 2168 1281 2240 ψεύδους
1317 2170 1415 2225 καὶ
1459 2171 1742 2240 ἀληθείας.
1775 2174 1874 2242 Τίς

286 2257 398 2327 γὰρ
425 2257 536 2312 τῶν
559 2258 808 2314 ὁπωσοῦν
840 2259 1076 2331 ἑχόντων
1114 2261 1320 2331 γνῶσιν
1356 2263 1419 2316 οὐ
1457 2263 1737 2333 λογίσεται
1767 2283 1871 2322 κα-

290 2349 465 2421 θαρδν
484 2350 709 2422 πλάσμα
744 2353 840 2406 καὶ
865 2350 1085 2422 ψεῦδος,
1113 2354 1195 2408 ὅτι
1231 2353 1540 2411 διαϐάλλων
1579 2359 1674 2411 τὸν
1701 2357 1860 2423 Θεὸν,

297 2441 456 2509 λέγει
505 2443 628 2513 περὶ
659 2442 755 2498 τοῦ
807 2443 1030 2517 saepe»:
1082 2445 1158 2511 ὡς
1216 2448 1283 2502 ὲκ
1325 2446 1624 2519 προσώπου
1679 2449 1872 2518 αὐτοῦ,

304 2531 391 2585 ὅτι
419 2530 481 2584 El
506 2532 580 2597 είς
615 2532 675 2586 ἓν
704 2533 814 2587 τῶν
846 2533 1020 2606 ὁρέων
1077 2535 1408 2608 ἐπέμψαμεν
1441 2536 1598 2602 αὐτὸ,
1648 2538 1874 2610 σχισθῆ-

302 2640 391 2677 ναι
416 2622 639 2694 ἔμελλεν
672 2624 739 2679 ἂν
767 2625 874 2680 ὑπὸ
920 2627 1018 2681 τοῦ
1065 2625 1238 2697 φόϐου
1277 2628 1396 2700 ,καὶ
1439 2628 1539 2698 τῆς
1579 2628 1872 2695 εὐλαϐείας

292 2716 483 2771 αὐτοῦ.
532 2717 695 2773 Ἀλλά
737 2718 836 2774 καὶ
886 2721 1017 2792 περί¹
1047 2720 1142 2774 τοῦ
1178 2720 1445 2793 ἄρχοντος
1493 2722 1761 2794 Γαϐριὴλ,
1796 2723 1874 2788 ὡς

288 2811 422 2867 ὅταν
450 2811 595 2884 φέρῃ
623 2810 816 2866 τοῦτον
847 2812 1240 2884 διαλεγόμενον
1268 2815 1421 2886 αὑτῷ
1447 2815 1508 2870 ἐν
1544 2818 1611 2889 τῇ
1635 2815 1757 2889 ὥρᾳ
1776 2816 1873 2871 τοῦ

292 2905 501 2969 πάθους
523 2905 710 2961 αὐτοῦ.

364 3004 420 3054 ι’.
444 2998 549 3054 Καὶ
581 3016 649 3053 πε
659 3000 714 3071 pi
739 2999 835 3054 τοῦ
867 3000 1133 3072 ὀνόματος
1164 3001 1332 3057 αὑτοῦ
1354 3001 1448 3057 τοῦ
1499 3003 1775 3075 Μωάμεθ,
1802 3005 1881 3069 ὡς

289 3092 609 3164 εὑρίσκεται
633 3093 693 3158 ἐξ
731 3094 905 3150 ἀϊδίου
946 3097 1343 3168 γεγραμμένον
1400 3099 1461 3152 ἐν
1512 3100 1626 3163 τοῖς
1683 3098 1880 3164 δεξιοῖς

295 3187 491 3259 μέρεσι
522 3186 620 3243 τοῦ
649 3188 970 3245 δεσποτικοῦ
1002 3190 1194 3262 θρόνου
1224 3194 1282 3245 ἂν
1300 3189 1378 3261 τῷ
1401 3192 1663 3262 ἀνωτέρω
1697 3192 1876 3263 μέρει.
1905 3230 1952 3295 C

288 3278 405 3335 Kal.
440 3280 523 3334 ὅτι
550 3280 681 3352 περὶ
707 3279 875 3340 αὐτοῦ
911 3281 1274 3353 προφητεύων
1298 3286 1327 3337 ὁ
1348 3283 1589 3353 Χριστὸς
1610 3286 1723 3348 τοῖς
1743 3284 1881 3348 υἱοῖς

304 3368 545 3442 Ἰσραὴλ,
591 3370 768 3435 οὕτως
801 3374 1042 3446 είρηκεν,
1104 3375 1549 3446 Εὑαγγελίζομαι
1597 3377 1738 3447 ὑμῖν.
1791 3376 1882 3430 τὸν

288 3463 593 3519 ἀπόστολον
618 3464 712 3518 τοῦ
762 3464 920 3532 Θεοῦ,
949 3465 1041 3521 τδν
1093 3466 1293 3537 ἥξοντα
1358 3468 1475 3539 μετ’
1516 3467 1641 3539 ἐμὲ,
1694 3468 1787 3523 καὶ
1822 3470 1883 3523 τὸ

289 3557 465 3627 ϐνομα
494 3556 661 3612 αὐτοῦ
690 3559 982 3650 Μωάμεθ..
1005 3561 1161 3614 Ἐπεὶ
1188 3561 1245 3614 δὲ
1287 3560 1411 3615 οὔτε
1443 3563 1503 3615 ὲν
1555 3564 1624 3634 τῇ
1668 3563 1887 3634 Παλαιᾷ

240 3724 245 3727 _
290 3649 607 3720 εὑρίσκεται
632 3650 848 3723 Γραφῇ,
888 3649 1014 3706 οὔτε
1040 3653 1097 3706 ὲν
1130 3655 1195 3725 τῇ
1231 3653 1370 3725 Νέᾳ,
1400 3653 1516 3708 ἀλλ’
1567 3655 1682 3709 ἔστι
1714 3657 1886 3725 σαφὲς

288 3742 512 3812 ψεῦδος,
544 3743 820 3815 ἐκήρυξαν
852 3747 948 3798 καὶ
980 3744 1291 3799 ὲπλάσαντο
1320 3748 1369 3800 οἱ
1399 3747 1612 3802 ἐκείνου
1644 3747 1886 3820 διάδοχοι

289 3834 368 3898 ὡς
401 3834 560 3904 δῆθεν
578 3834 757 3906 φθόνῳ
778 3836 1079 3906 τρωθέντες
1110 3838 1362 3902 ἐξέϐαλον
1382 3837 1515 3892 αὐτὸ
1535 3841 1585 3893 οἱ
1621 3839 1723 3911 μὲν
1753 3841 1890 3894 ’lou—

291 3929 430 3981 δαῖοι
467 3926 694 3997 ἀπὺζτῆς
724 3928 964 3993 παλαιᾶς
994 3929 1242 4001 Γραφῆς,
1265 3933 1312 3984 ci
1335 3930 1392 3984 δὲ
1431 3933 1753 4002 Χριστιανοὶ
1781 3933 1890 3987 ἀπὸ

294 4018 393 4071 τοῦ
413 4018 766 4088 Εὐαγγελίου.
782 4019 975 4092 Ἡμεῖς
999 4021 1057 4075 δὲ
1076 4022 1232 4078 τοῦτο
1249 4025 1463 4096 τρανῶς
1481 4029 1539 4079 ὲν
1561 4030 1629 4097 τῇ
1653 4027 1889 4101 τετάρτῃ

305 4110 558 4183 ἀπολογίᾳ
583 4111 928 4181 ὲλέγξαντες,
962 4115 1326 4187 ἀπεδείξαμεν
1386 4118 1535 4182 ὅπως
1568 4120 1686 4173 ἐστὶ
1723 4121 1891 4189 σαφὲς

313 4198 516 4266 ψεῦδος.
553 4204 657 4259 Διά
703 4205 863 4260 τοῦτο
903 4208 1165 4278 περισσὸν
1203 4210 1300 4262 καὶ
1345 4210 1622 4280 παρέλκον
1652 4211 1888 4281 ἥγημαι,

306 4297 375 4350 τά
400 4298 531 4353 αὑτά
558 4299 653 4353 καὶ
678 4303 804 4370 περὶ
827 4301 935 4354 τῶν
955 4302 1135 4357 αὐτῶν
1159 4302 1422 4367 πολλάκις
1457 4307 1777 4377 ἐπιχειρεῖν.

374 4396 464 4446 ια’.
495 4379 638 4460 Ἔτι,
669 4394 784 4448 Οὐκ
810 4389 994 4464 ἦλθον,
1050 4395 1209 4467 φησὶ,
1237 4396 1326 4450 διὰ
1377 4397 1691 4467 θαυμάτων,
1758 4397 1897 4452 ἀλλὰ

1976 1984 2163 2040 dictus
2188 1999 2411 2050 sermo,
2481 1983 2575 2054 qui
2627 1998 2737 2037 non
2769 1993 2868 2038 aut
2909 1982 3203 2038 manifeste
3236 1981 3474 2037 mendax
3517 1985 3574 2036 et

1977 2075 2148 2130 falsus
2175 2075 2269 2139 sit,
2302 2083 2397 2130 aut
2423 2089 2489 2129 ex
2521 2072 2813 2129 mendacio
2841 2081 2893 2129 et
2922 2071 3162 2128 veritate
3189 2070 3409 2126 mistus.
3436 2067 3574 2136 Quis

1977 2169 2128 2223 enim
2160 2168 2249 2224 vel
2292 2167 2506 2223 tantilla
2535 2166 2853 2237 cognitione
2889 2162 3176 2235 praeditus,
3212 2176 3323 2216 non
3349 2159 3574 2232 judica-

1983 2271 2067 2317 ret
2098 2262 2242 2317 inter
2265 2260 2495 2330 simplex
2522 2258 2843 2331 ﬁgmentum
2901 2254 3254 2326 falsumque?
3281 2252 3431 2325 quod
3459 2251 3574 2307 Deo

1979 2357 2318 2420 ol-trectans,
2349 2353 2419 2408 de
2452 2351 2760 2408 Alcorrano
2797 2349 2957 2423 quasi
2983 2350 3041 2405 in
3079 2346 3305 2420 propria
3332 2358 3574 2416 persona

1977 2447 2249 2519 loquitur,
2283 2445 2440 2513 Quod
2481 2445 2527 2501 si
2567 2445 2624 2500 in
2670 2444 2909 2515 aliquem
2953 2442 3231 2499 montium
3257 2439 3580 2496 miserimus

1985 2539 2165 2607 illum,
2201 2538 2587 2608 disrumpetur
2623 2536 2818 2606 utique
2846 2548 2963 2607 prae
2993 2534 3194 2589 timore
3225 2541 3281 2612 et
3309 2528 3579 2601 religione

1982 2633 2189 2706 hujus;
2248 2630 2383 2702 quin
2435 2629 2610 2686 etiam
2657 2628 2766 2685 hoc
2821 2627 2891 2684 de
2935 2624 3271 2696 archangelo
3310 2622 3578 2692 Gabriel',

1982 2741 2148 2797 quem
2181 2724 2285 2780 sub
2332 2731 2583 2793 tempore
2646 2718 2827 2777 morbi
2862 2718 2951 2776 sui
3016 2732 3209 2776 secum
3253 2716 3578 2788 loquentem

1983 2818 2219 2876 inducit.

2054 3004 2145 3061 10.
2184 3004 2484 3068 Praeterea,
2515 3000 2663 3073 quod
2685 3000 2757 3057 de
2788 2999 3014 3057 nomine
3045 3013 3150 3056 suo
3184 2996 3465 3055 Mahomet
3499 2995 3582 3053 ef-

1983 3097 2165 3163 ﬁnxit,
2196 3096 2343 3168 quod
2367 3111 2437 3152 ex
2462 3103 2673 3151 aeterno
2689 3093 2958 3164 scriptum
2991 3090 3309 3147 inveniatur
3337 3089 3395 3144 in
3427 3088 3579 3144 fasti-

1982 3190 2073 3262 gio
2112 3189 2323 3245 dextra:
2373 3186 2552 3259 partis
2585 3185 2769 3242 throni
2803 3183 2977 3240 divini
3010 3201 3029 3241 :
3062 3182 3324 3254 quodque
3381 3182 3450 3238 de
3480 3180 3578 3236 illo

1983 3279 2321 3339 vaticinatus
2347 3278 2607 3336 Christus
2655 3277 2786 3334 ﬁliis
2811 3276 2984 3333 Israel
3017 3274 3261 3331 dixerit:
3291 3273 3578 3329 Annuntio
3644 3310 3648 3314 Α

1985 3373 2165 3439 vobis,
2206 3372 2516 3444 apostolum
2550 3371 2648 3427 Dei
2681 3379 2981 3427 venturum
3021 3375 3149 3438 post
3202 3378 3294 3422 me
3321 3405 3337 3431 ,
3372 3381 3577 3421 nomen

1985 3466 2068 3522 illi
2101 3465 2400 3520 Maliomet.
2438 3463 2579 3520 Cum
2602 3478 2736 3518 vero
2764 3477 2867 3517 nec
2888 3461 2945 3515 in
2977 3458 3167 3516 Veteri
3198 3474 3304 3514 nec
3339 3461 3394 3514 in
3421 3459 3579 3514 Novo

1990 3560 2351 3615 Testamento
2413 3556 2735 3631 hujusmodi
2795 3556 3072 3629 scriptura
3140 3554 3475 3620 inveniatur,
3524 3562 3580 3608 et

1987 3650 2341 3708 mendacium
2397 3650 2473 3705 sit
2503 3649 2942 3720 apertissimum,
2978 3647 3242 3703 dixerunt
3272 3645 3581 3713 ﬁnxerunt-

1989 3759 2098 3815 que
2130 3756 2483 3805 successores
2508 3741 2695 3813 hujus,
2723 3739 2995 3811 quosdam
3046 3738 3254 3795 invidia
3303 3747 3483 3794 motos
3515 3735 3583 3792 il-

1989 3832 2085 3889 lud
2117 3833 2454 3903 expunxisse
2476 3873 2492 3898 ,
2525 3832 2748 3889 Judazos
2785 3831 3010 3903 quidem
3059 3845 3128 3887 ex
3163 3829 3340 3885 veteri
3389 3828 3586 3883 Testa-

1991 3936 2204 3992 mento,
2234 3924 2582 3981 Christianos
2614 3932 2800 3979 autem
2846 3939 2914 3978 ex
2958 3921 3278 3993 Evangelia.
3310 3920 3423 3976 Nos
3445 3934 3578 3976 vero

1994 4016 2237 4073 dilucide
2268 4016 2378 4072 hoc
2408 4015 2465 4070 in
2497 4023 2695 4085 quarta
2722 4013 2988 4084 Apologia
3021 4012 3328 4078 confutato,
3353 4011 3586 4067 demon—

1995 4109 2298 4164 stravimus
2321 4122 2489 4178 quam
2517 4116 2706 4178 aperte
2730 4106 2839 4162 hoc
2868 4105 3066 4161 falsum
3105 4104 3212 4173 sit;
3244 4112 3584 4176 quapropter

1997 4215 2473 4272 supervacaneum
2530 4209 2585 4254 et
2645 4200 3024 4270 importunum
3055 4196 3350 4263 existimo,
3386 4196 3588 4257 eadem.

1996 4306 2048 4349 et
2076 4295 2145 4349 de
2178 4293 2372 4348 iisdem
2409 4292 2609 4362 saepius
2635 4295 2937 4363 disputare.

2071 4385 2158 4439 ll.
2191 4385 2273 4440 Ad
2323 4386 2439 4441 haec
2474 4403 2486 4441 :
2522 4385 2641 4441 Non
2676 4384 2846 4449 veni,
2904 4383 3106 4455 inquit,
3146 4398 3247 4456 per
3275 4383 3541 4468 miracula
3565 4426 3593 4451 ,

296 4481 385 4535 διὰ
409 4480 595 4552 ξίφους
648 4486 743 4539 καὶ
768 4487 1041 4556 τιμωρίας
1065 4504 1079 4519 ⁸
1121 4488 1217 4541 καὶ
1267 4490 1380 4552 τοῖς
1438 4490 1514 4560 μὴ
1551 4490 1881 4560 πειθομένοις

1998 4476 2095 4532 sed
2138 4480 2254 4547 per‘
2279 4477 2518 4547 gladium
2568 4485 2627 4532 et
2675 4474 2968 4547 supplicia,
3016 4475 3198 4545 iisque
3226 4474 3322 4546 qui
3375 4481 3597 4530 nostrae-

294 4574 376 4646 τῷ
407 4577 660 4650 ἡμετέρῳ
683 4579 837 4652 νόμῳ
867 4581 962 4635 καὶ
997 4583 1062 4652 τῇ
1115 4581 1330 4651 διδαχῇ,
1364 4580 1595 4646 θάνατος
1639 4583 1795 4638 ἔσται
1849 4586 1881 4656 ή

1995 4568 2104 4640 legi
2135 4578 2192 4625 et
2219 4570 2488 4625 doctrinae
2513 4584 2628 4625 non
2645 4569 2938 4634 obediunt,
2969 4567 3166 4625 mortis
3190 4582 3351 4639 poena
3380 4566 3603 4624 consti--

295 4670 621 4743 τιμωρία,ἢ
657 4673 859 4744 φόρους
917 4672 1235 4727 διδότωσαν.
1278 4671 1345 4725 Τί
1412 4672 1615 4741 τοῦτος
1664 4672 1891 4739 Πάντως

296 4759 397 4810 οὐκ
421 4759 570 4824 ἀλλο,
602 4763 636 4832 ἡ
680 4762 1004 4832 βουλόμενος
1052 4762 1348 4817 συσκιάσαι
1402 4763 1503 4833 τὴν
1552 4763 1749 4817 ἑαυτοῦ
1787 4783 1892 4835 μα-

296 4849 557 4920 ταιότητα
615 4851 710 4906 καὶ
764 4852 1088 4920 ἀσθένειαν,
1143 4853 1268 4935 ἐπεὶ
1299 4851 1424 4907 οὕτε
1471 4852 1570 4925 τὴν
1626 4853 1734 4907 ἀπὸ
1785 4854 1893 4908 τῶν

298 4939 559 5010 Γραφῶν,
600 4941 726 4996 οὔτε
778 4942 878 5013 τὴν
909 4942 1001 4997 διὰ
1066 4943 1360 5013 θαυμάτων
1401 4940 1516 5016 εἷχε
1578 4946 1895 5017 μαρτυρίαν

297 5031 397 5083 καί⁸
436 5031 508 5084 τά
531 5032 725 5097 πιστά,
756 5034 1073 5102 μηχανᾶται
1097 5033 1188 5088 τὸν
1216 5034 1398 5102 φόνον,
1429 5036 1516 5087 ἵνα
1548 5034 1638 5087 διὰ
1670 5034 1766 5088 τοῦ
1803 5036 1897 5105 φό-

299 5124 399 5176 ϐου
433 5125 648 5198 ἐκφύγῃ
682 5129 773 5180 τὸν
822 5125 1065 5198 ἔλεγχον,
1124 5126 1153 5179 ὃ
1190 5127 1284 5180 καὶ
1338 5128 1578 5197 γέγονεν.
1638 5128 1730 5198 Τῷ
1780 5131 1891 5200 γὰρ

300 5215 455 5285 φόϐῳ
502 5215 596 5271 τοῦ
634 5219 864 5271 θανάτου
904 5218 1298 5291 παρῃτήσαντο
1351 5218 1452 5288 μὲν
1508 5218 1600 5273 τὸν
1642 5218 1887 5290 ἔλεγχον,

302 5304 508 5374 μᾶλλον
534 5305 592 5359 δὲ
620 5305 719 5376 τὴν
764 5305 1051 5375 ἀλήθειαν,
1088 5307 1183 5360 καὶ
1218 5307 1543 5376 ἠσπάσαντο
1577 5308 1638 5361 τὸ
1689 5308 1887 5379 ψεῦδος

302 5396 401 5449 καὶ
431 5396 528 5467 τὴν
561 5396 857 5451 ἀπώλειαν.
889 5398 1057 5450 ’Ὠστε
1088 5401 1182 5451 καὶ
1208 5400 1256 5451 οἱ
1303 5399 1537 5471 διάδοχοι
1580 5400 1771 5454 τούτου
1820 5404 1886 5474 τῇ

302 5486 428 5560 ὥρᾳ
477 5489 573 5556 τῆς
623 5480 971 5553 διδασκαλίας
1026 5489 1227 5556 αὐτῶν,
1270 5491 1422 5560 ξίφος
1468 5491 1757 5561 γυμνοῦσι,
1795 5495 1888 5548 καὶ

306 5579 520 5634 τιθέασι
556 5578 724 5651 μέσον
755 5582 959 5648 αὐτῶν,
991 5581 1242 5651 λέγοντες
1273 5583 1348 5647 ὡς
1375 5587 1439 5638 ὲκ
1463 5584 1761 5655 προσώπου
1793 5583 1887 5637 τοῦ

308 5670 577 5742 Μωάμεθ,
609 5670 746 5726 Τάδε
777 5675 942 5743 φησὶν
971 5674 998 5727 ὁ
1030 5674 1338 5746 προφήτης·
1377 5676 1586 5746 Μέχρις
1622 5676 1686 5732 ἂν
1717 5674 1887 5742 τὸ,ξί-

382 5832 429 5862 "
458 5828 605 5887 Psal.
644 5845 793 5898 xxiv,
822 5831 873 5887 9.
955 5834 997 5866 ¹³
1038 5833 1199 5890 Prov.
1230 5851 1309 5899 ιιι,
1339 5836 1429 5891 54.

1999 4670 2210 4727 tuatur,
2268 4668 2366 4716 aut
2416 4659 2625 4745 tributa
2673 4659 2942 4731 pendant.
2972 4658 3247 4726 Quidnam
3280 4657 3424 4715 hoc?
3462 4657 3599 4714 Non-

1997 4752 2149 4808 aliud
2185 4760 2358 4819 certe,
2396 4766 2561 4824 quam
2594 4761 2779 4824 tegere
2818 4751 3012 4807 volens
3049 4766 3207 4807 suam
3246 4751 3421 4822 ipsius
3450 4751 3601 4820 stul-3.

1999 4847 2177 4901 titiam
2208 4852 2265 4901 et
2301 4843 2705 4909 inﬁrmitatem,
2733 4858 2858 4901 cum
2888 4858 2993 4900 nec
3028 4843 3438 4914 Scripturarum
3486 4857 3597 4898 nec

1997 4937 2388 4994 miraculorum
2447 4937 2783 4992 auctoritate
2838 4936 3000 4991 ﬁdem
3046 4936 3364 5002 inveniret,
3412 4934 3603 4992 caedes

1998 5031 2279 5097 adornat,
2342 5041 2406 5084 ut
2461 5031 2661 5085 timore
2714 5029 3205 5090 reprehensionem
3267 5028 3538 5098 eliugeret
3571 5067 3593 5093 ,

1997 5123 2149 5194 quod
2179 5124 2350 5179 etiam
2406 5122 2616 5179 evenit.
2649 5122 2873 5178 Timore
2925 5121 3076 5176 enim
3112 5121 3306 5177 mortis
3338 5120 3591 5182 eonfuta_~

2002 5218 2234 5285 tionem,
2272 5217 2385 5273 imo
2416 5216 2706 5273 veritatem
2729 5216 3141 5281 devitaverunt,
3171 5213 3603 5271 etmendaoium;

1997 5308 2293 5379 amplexati
2351 5318 2520 5375 sunt,
2562 5318 2731 5377 atque
2766 5306 3135 5378 perditionem
3184 5323 3199 5360 :
3244 5305 3384 5361 adeo
3435 5314 3498 5360 ut
3536 5314 3597 5363 et

1998 5414 2355 5457 successores
2382 5399 2549 5471 hujus
2576 5414 2645 5454 eo
2669 5407 2938 5470 tempore,
2962 5413 3074 5469 quo
3100 5396 3410 5453 doctrinam
3435 5410 3597 5453 suam

1997 5493 2300 5565 explicant,
2331 5492 2588 5547 strictum
2622 5490 2867 5560 gladium
2892 5490 2949 5546 in
2972 5489 3217 5546 medium
3251 5477 3473 5546 illorum
3498 5486 3595 5543 de-

2000 5596 2233 5656 ponant,
2267 5593 2529 5655 tanquam
2560 5584 2665 5640 sub
2689 5581 3018 5639 Mahometis
3040 5596 3278 5654 persona
3310 5578 3595 5640 dicentes;

2002 5674 2127 5731 Haec
2163 5674 2299 5732 dicit
2329 5675 2599 5748 propheta
2637 5693 2650 5730 :
2684 5674 2876 5744 Quoad
2920 5673 3135 5747 gladius
3162 5677 3481 5745 permanet,
3519 5683 3597 5733 en
