4058 6518
426 454 532 517 60⁸1

1617 446 1859 509 JOANN
1874 445 1941 505 IS
1983 444 2513 507 CANTACUZENI

3587 449 3695 516 608

424 572 595 627 etiam
625 586 746 627 mea
793 570 880 626 lex
928 581 1252 641 permanet;
1300 570 1481 639 gladio
1531 581 1713 623 autem
1751 568 2007 627 sublato,

2141 582 2214 627 >ος
2250 566 2487 631 ἵσταται,
2531 567 2641 621 ἰδοὺ
2669 568 2809 622 καὶὸ
2844 568 2977 640 ὲμδς
3014 571 3177 639 νόμος
3219 569 3457 627 ἵσταται.
3484 570 3700 641 Παρελ-

428 666 596 721 etiam
634 665 726 718 illa
760 665 1101 719 destruetur.
1130 664 1199 717 Et
1232 663 1377 733 quod
1418 671 1735 732 peccatores
1785 663 2008 731 quidem

428 757 675 828 gladium
704 772 865 812 suum
907 766 1097 811 contra
1140 757 1400 811 Davidem
1429 758 1777 822 strinxerint,
1832 764 1887 812 et
1932 757 2014 810 in-

432 848 718 904 tenderint
759 863 923 903 arcus
962 863 1092 903 suos
1125 849 1189 901 ad
1234 847 1543 902 feriendum
1592 858 1773 904 rectos
1820 850 2011 911 corde,

435 938 727 992 manifesto
780 945 1017 991 constat.
1062 936 1169 991 Sed
1221 936 1435 1004 gladius
1479 938 1724 1007 ipsorum
1768 946 2015 994 transeat

437 1031 491 1084 in
525 1045 617 1085 cor
648 1046 869 1092 eorum,
907 1039 962 1085 et
987 1046 1151 1085 arcus
1196 1030 1411 1085 illorum
1458 1039 1837 1085 conterantur.
1865 1033 2017 1098 Quo-

436 1123 583 1176 niam
616 1122 841 1176 brachia
869 1131 1220 1191 peccatorum
1253 1131 1634 1189 conterentur,
1674 1123 1848 1194 iniqui
1883 1140 2017 1179 vero

438 1211 824 1281 expellentur,
875 1220 931 1267 et
989 1227 1178 1268 semen
1238 1213 1529 1283 impiorum
1594 1217 2015 1286 exstirpabitur.

440 1300 741 1356 Paucorum
771 1302 918 1357 enim
950 1311 1070 1369 est,
1101 1314 1158 1358 et
1202 1315 1496 1360 numeratu
1534 1305 1798 1372 facilium,
1830 1322 1927 1363 eos
1951 1308 2021 1363 de

440 1391 704 1448 felicitate
734 1399 789 1448 tn
822 1403 1056 1447 mortem
1106 1394 1364 1460 dejicere.
1396 1395 1746 1465 Quapropter
1773 1401 2023 1454 veritatis

442 1490 610 1537 testes
665 1492 720 1537 et
754 1485 934 1554 magni
988 1494 1044 1539 tt
1093 1487 1308 1552 sancti,
1344 1496 1401 1543 et
1451 1488 1604 1557 regni
1635 1488 1731 1543 Dei
1777 1489 2023 1545 han-edes

442 1573 569 1630 facti
601 1584 751 1631 sunt.

514 1756 603 1812 l2.
637 1757 807 1815 Porro
826 1762 989 1817 etiam
1025 1764 1131 1819 hoc
1162 1766 1412 1835 praecipit
1444 1766 1738 1833 Mahomet,
1772 1784 1841 1824 ne
1876 1770 2026 1839 quisv

444 1862 609 1918 quam
635 1853 718 1905 sui
751 1853 964 1909 ordinis
995 1870 1118 1909 cum
1150 1857 1336 1925 aliquo
1359 1857 1800 1913 Christianorum
1834 1860 2027 1928 dispuo

448 1951 549 2003 tet,
589 1958 745 1998 suam
781 1946 956 2015 ipsius
987 1947 1362 2005 infirmitatem
1397 1962 1673 2007 metuens.
1705 1953 1846 2020 Quin
1882 1954 2026 2009 idem

447 2048 645 2091 rursus
672 2037 803 2093 alibi
834 2039 1139 2107 interdicit,
1175 2059 1245 2097 ne
1277 2044 1402 2113 quis
1444 2044 1690 2116 disputet
1716 2046 1899 2102 verbis
1930 2047 2033 2102 du-

448 2127 528 2181 ris
577 2138 633 2182 et
663 2129 881 2185 acerbis
930 2146 1053 2187 eum
1092 2134 1279 2205 aliquo
1309 2136 1538 2193 alterius
1580 2147 1741 2194 secta:
1776 2139 2030 2204 homine,

450 2217 547 2273 sed
581 2219 801 2277 blandis
838 2240 851 2277 :
885 2223 1004 2278 Non
1038 2227 1211 2291 enim,
1249 2228 1451 2298 inquit,
1491 2230 1733 2285 hominis
1766 2241 1848 2285 est
1880 2247 2034 2286 com-

450 2323 679 2380 ponere,
712 2314 807 2369 sed
859 2316 1032 2372 solius
1063 2318 1196 2383 Dei;
1224 2329 1273 2373 et
1306 2340 1319 2375 :
1356 2318 1569 2390 Singuli
1617 2321 1918 2391 de‘seipsis
1946 2337 2035 2377 so-

449 2398 542 2463 lis,
571 2412 629 2457 et.
673 2416 784 2458 non
812 2404 881 2459 de
911 2406 1037 2461 aliis
1072 2409 1342 2463 rationem
1377 2410 1640 2466 reddant.
1675 2410 1755 2465 Eu
1789 2412 1894 2467 sibi
1927 2411 2035 2483 ipsi

451 2494 861 2559 contradicens,
891 2505 948 2552 et
976 2500 1314 2555 contrarius.
1364 2501 1484 2567 Non
1517 2503 1665 2558 enim
1694 2504 1746 2557 in
1784 2504 1889 2558 hoc
1920 2515 2039 2559 tan-

456 2592 571 2635 tum
604 2585 809 2653 capite,
846 2586 943 2641 sed
975 2588 1031 2642 in
1074 2598 1185 2644 tota
1213 2591 1334 2661 lege
1361 2608 1458 2647 sua
1494 2594 1790 2662 instabilis,
1824 2596 2037 2651 inordi-

376 2662 381 2668 ’
456 2685 619 2729 natus
643 2686 699 2730 et
727 2676 1017 2734 dissimilis
1044 2681 1148 2735 sibi
1183 2696 1432 2752 apparet,
1463 2696 1519 2740 et
1554 2685 1609 2740 in
1639 2687 2037 2744 omnibustfere

454 2766 678 2836 scriptis
704 2768 821 2823 suis
852 2769 971 2838 ipse
989 2774 1233 2842 seipsum
1261 2776 1546 2832 confutare
1579 2779 2034 2847 deprehenditur.

455 2854 937 2923 Quemadmodum
986 2866 1134 2919 enim
1172 2876 1356 2922 mente
1414 2879 1609 2939 captus
1665 2881 1723 2925 et
1777 2872 2038 2942 ignorans

456 2964 707 3018 quamam
738 2962 1062 3022 argumenta
1100 2956 1211 3012 sint
1241 2968 1296 3013 et
1320 2958 1594 3030 dogmata,
1626 2961 1693 3017 de
1718 2963 1920 3033 quibus
1952 2964 2039 3018 di-

456 3059 583 3100 cere
615 3046 881 3113 instituit,
915 3065 1166 3119 quaenam
1188 3055 1299 3108 sint
1335 3055 1536 3121 media,
1562 3065 1617 3111 et
1639 3057 1863 3125 quinam
1892 3058 2037 3112 linis:

458 3136 539 3190 sic
570 3136 740 3192 etiam
789 3139 845 3194 in
881 3143 1104 3212 scriptis
1138 3144 1254 3200 suis
1286 3147 1416 3214 agit.
1447 3147 1567 3201 Non
1615 3148 1764 3202 enim
1798 3156 2040 3203 tantum-

2055 1903 2104 1963 B

2117 657 2300 720 θόντος
2332 658 2388 711 δὲ
2417 659 2512 712 τοῦ
2546 659 2755 728 ξίφους,
2788 661 2881 715 καὶ⁵
2905 663 2934 715 6
2959 661 3121 732 νόμος
3154 660 3469 731 λυθήσεται.
3491 662 3600 715 Kal
3617 662 3701 715 ὅτι

2121 750 2220 820 μὲν
2247 750 2523 821 ῥομφαίαν
2578 753 2888 806 ἐσπάσαντο
2938 753 2988 806 οἱ
3039 754 3357 824 ἁμαρτωλοὶ
3414 753 3555 809 κατά
3609 758 3703 808 τὸν

2117 841 2303 907 Δαϐὶδ,
2330 844 2423 896 καὶ
2457 844 2736 897 ἐνέτειναν
2774 843 2926 909 τόξον
2949 842 3129 898 αὐτῶν
3184 842 3277 897 τοῦ
3332 844 3532 912 σφάξαι
3574 844 3704 907 τοὺς

2118 934 2296 996 εὐθείς
2325 936 2392 1005 τῇ
2422 935 2644 1007 καρδίᾳ,
2678 935 2836 989 τοῦτο
2866 936 3134 1006 πρόδηλον
3157 937 3253 989 καὶ
3287 936 3543 1006 φανερὸν,
3587 936 3706 990 ἀλλ’

2122 1029 2429 1100 ὴρομφαία
2470 1029 2651 1082 αὐτῶν
2692 1029 2921 1082 εἰσέλθοι
2968 1030 3048 1091 είς
3083 1029 3183 1091 τὰς
3237 1028 3470 1097 καρδίας
3499 1028 3705 1093 αὐτῶν,

2121 1121 2215 1173 καὶ
2244 1120 2312 1174 τά
2343 1119 2472 1185 τόξα
2495 1119 2673 1173 αὐτῶν
2710 1119 3059 1189 συντριόείη,
3097 1120 3183 1173 ὅτι
3219 1119 3503 1191 βραχίονες
3529 1120 3711 1191 ἀμαρ-

2121 1211 2309 1264 τωλῶν
2363 1212 2835 1284 συντριϐἡσονται,
2876 1210 3069 1281 ἄνομοι
3117 1211 3174 1266 δὲ
3214 1211 3700 1283 ἐκδιωχθήσονται,

2123 1304 2215 1357 καὶ
2244 1305 2466 1373 σπέρμα
2495 1303 2710 1357 ἀσεϐῶν
2746 1302 3286 1374 ὲξολοθρευθήσεται.
3326 1302 3449 1355 Τῶν
3482 1301 3587 1372 γάρ
3602 1302 3715 1355 ὀλί-

2124 1412 2238 1461 γων
2270 1396 2364 1447 καὶ
2397 1395 2786 1464 εύαριθμήτων
2812 1396 2929 1447 ἐστὶ
2967 1394 3029 1447 τό
3080 1394 3292 1465 ῥίπτειν
3325 1394 3553 1455 ἑαυτοὺς
3570 1393 3712 1462 ὑπὲρ

2125 1488 2221 1540 τοῦ
2253 1486 2460 1555 ἀγαθοῦ
2485 1489 2564 1551 εἰς
2587 1486 2838 1542 θάνατον.
2878 1489 2976 1541 Διά
3007 1487 3167 1541 τοῦτο
3205 1490 3315 1558 γὰρ
3350 1487 3401 1540 oi.
3441 1486 3540 1556 τῆς
3579 1486 3717 1555 ἀληο

2128 1580 2277 1642 θείας
2305 1581 2586 1651 μάρτυρες
2619 1581 2846 1650 μεγάλοι
2866 1581 2957 1635 καὶ
2987 1581 3159 1649 ἆγιοι,
3195 1582 3294 1635 καὶ
3321 1580 3420 1650 τῆς
3447 1578 3540 1632 τοῦ
3572 1577 3715 1633 Θεοῦ

2130 1671 2409 1743 βασιλείας
2438 1671 2765 1743 κληρονόμοι
2798 1673 3110 1742 γεγόνασιν.

2203 1764 2291 1834 ιβ’.
2331 1765 2451 1817 Ἔτι
2472 1763 2632 1817 τοῦτο
2656 1764 2968 1820 ἐντέλλεται
3014 1767 3043 1819 6
3081 1764 3353 1836 Μωάμεθ,
3397 1764 3485 1818 ἵνα
3540 1764 3721 1828 οὐδεὶς

2131 1858 2228 1926 τῆς
2258 1857 2464 1910 ἐκείνου
2502 1859 2735 1928 φατρίας
2771 1858 2908 1921 ὅλως
2938 1859 3079 1929 μετά
3138 1858 3466 1928 Χριστιανοῦ
3534 1857 3719 1911 διαλέ-

2141 1949 2324 2017 ξηται,
2358 1952 2459 2019 τὴν
2492 1949 2692 2004 ἑαυτοῦ
2733 1950 3024 2005 ἀσθένειαν
3059 1949 3337 2013 δεδοικώς.
3402 1951 3598 2004 Καίτοι
3651 1966 3721 2018 γε
3794 2012 3803 2021 _

2133 2035 2289 2104 αὖθις
2322 2043 2350 2095 ό
2379 2042 2540 2105 αὐτὸς
2574 2043 2633 2095 ὲν
2661 2042 2872 2112 ἑτέροις
2926 2043 3115 2106 τόποις
3151 2042 3461 2095 ἐντέλλεται
3491 2041 3570 2111 μὴ
3605 2041 3723 2095 δια-

2133 2129 2393 2199 λέγεσθαι
2419 2130 2598 2197 λόγοις
2631 2132 2862 2202 τραχέσι
2892 2135 2989 2186 καὶ
3030 2132 3321 2202 αὐστηροῖς
3373 2149 3478 2186 τινι
3526 2133 3720 2203 ἐτέρας

2133 2221 2423 2291 αἱρέσεως,
2454 2220 2566 2275 ἀλλ’
2594 2221 2799 2291 ηπίοις.
2841 2222 2916 2276 Ού
2972 2222 3081 2295 γὰρ
3135 2223 3447 2291 ἀνθρώπου,
3511 2225 3704 2293 φησιν,

2134 2313 2253 2366 ἐστὶ
2285 2311 2345 2366 τὸ
2377 2310 2752 2380 καταρτίζειν,
2783 2312 2917 2365 ἀλλὰ
2943 2313 3105 2383 μόνου
3130 2312 3289 2376 Θεοῦ,
3321 2315 3416 2366 καί
3444 2313 3707 2373 Ἕκαστος

2136 2405 2280 2477 ὑπὲρ
2306 2403 2471 2458 αὐτοῦ
2518 2405 2703 2471 μόνου,
2736 2405 2852 2457 ἀλλ’
2881 2406 2980 2474 οὐχ
3030 2406 3170 2475 ὑπὲρ
3207 2406 3398 2476 ἐτέρου
3439 2405 3597 2474 λόγον
3617 2405 3719 2458 δὼς

2138 2514 2242 2560 σει,
2290 2495 2450 2558 αὐτὸς
2502 2496 2698 2549 ἑαυτὸν
2754 2496 3055 2565 ἀντιλέγων
3113 2498 3206 2548 καὶ
3261 2493 3602 2565 ἀνατρέπων.
3645 2497 3723 2548 Οὐ

2141 2590 2301 2658 μόνον
2344 2589 2454 2659 γὰρ
2479 2589 2536 2640 ἐν
2576 2588 2653 2657 τῷ
2685 2589 2915 2659 παρόντι
2956 2588 3258 2657 κεφαλαίῳ,
3317 2590 3432 2644 ἀλλ’
3463 2592 3521 2642 ἐν
3558 2591 3729 2643 παντὶ

2138 2679 2217 2746 τῷ
2245 2680 2395 2751 νόμῳ
2438 2677 2603 2733 αὑτοῦ
2638 2680 2872 2743 ἄστατος
2912 2680 3006 2732 καὶ
3030 2679 3267 2742 ἄτακτος
3317 2672 3411 2734 καί
3436 2680 3725 2749 ἀνώμαλος

2141 2771 2527 2840 ἀναφαίνεται,
2556 2771 2650 2824 καὶ
2683 2771 2867 2842 σχεδὸν
2896 2773 2956 2823 ὲν
2988 2772 3121 2823 πᾶσι
3155 2773 3269 2833 τοῖς
3292 2771 3389 2823 ὑπ’
3434 2770 3596 2823 αὐτοῦ
3632 2787 3729 2837 γε-

2140 2862 2487 2934 γραμμένοις
2546 2862 2709 2926 αὐτὸς
2764 2861 2958 2916 ἑαυτὸν
3015 2860 3332 2931 εὑρίσκεται
3378 2863 3724 2932 ἀνατρέπων.

2144 2955 2354 3025 Ὠσπερ
2390 2954 2501 3025 γὰρ
2538 2955 2879 3025 μαινόμενος,
2910 2955 3004 3007 καὶ
3041 2954 3116 3024 μὴ
3147 2954 3434 3023 γινώσκων
3467 2955 3612 3020 ποῖαί
3646 2956 3729 3006 el.

2145 3066 2229 3102 σιν
2250 3051 2305 3102 αἱ
2335 3049 2623 3112 ὑποθέσεις
2663 3048 2755 3101 καλ⁵
2804 3049 2872 3102 τὰ
2904 3048 3175 3118 δόγματα,
3218 3050 3375 3103 ἅτινα
3411 3049 3616 3120 ἤρξατο
3637 3050 3759 3107 λέ·.

2142 3157 2282 3209 γειν,
2318 3141 2442 3194 τίνα
2473 3141 2541 3194 τὰ
2579 3142 2739 3210 μέσα,
2778 3143 2870 3195 καὶ
2906 3145 3034 3195 ποῖα
3071 3141 3141 3195 τὰ
3170 3141 3326 3213 τέλη,
3389 3142 3531 3195 οὕτω
3592 3143 3732 3211 γρά-

460 3230 624 3284 modo
656 3248 777 3300 quae
801 3232 856 3287 in
882 3250 993 3289 uno
1027 3236 1248 3306 scripsit
1275 3239 1478 3317 capite,
1512 3239 1566 3294 in
1602 3242 1775 3295 altero
1800 3240 2037 3296 destruit

2146 3252 2261 3303 φων
2290 3235 2455 3297 ποιεῖ,
2486 3232 2561 3302 μὴ
2601 3235 2762 3303 μόνον
2792 3234 2937 3303 ἅπερ
2974 3236 3033 3287 ὲν
3067 3235 3146 3288 ἐνὶ
3173 3234 3452 3304 κεφαλαίῳ
3474 3235 3725 3305 γράφων,

460 3330 515 3374 et
544 3321 868 3393 impugnat,
900 3324 993 3380 sed
1017 3328 1236 3397 saepius,
1256 3346 1377 3399 qua:
1413 3333 1467 3386 in
1491 3331 1764 3401 principio
1793 3332 2037 3401 ejusdem

461 3414 659 3483 capitis
692 3416 1074 3483 confirmavit,
1108 3420 1255 3476 circa
1278 3422 1439 3477 tinem
1458 3423 1704 3479 confutat
1728 3435 1784 3480 et
1811 3426 2043 3481 subver-

462 3506 549 3560 tit.
606 3507 705 3562 Vix
737 3508 886 3564 enim
934 3520 991 3566 et
1023 3511 1317 3569 difﬁculter
1364 3515 1420 3570 in
1462 3516 1641 3585 capita
1707 3528 1759 3572 et
1792 3518 2041 3572 ordinem

462 3598 670 3668 digesta
710 3609 863 3664 sunt,
904 3619 1028 3672 quae
1062 3607 1154 3660 ille
1194 3606 1458 3669 tradidit;
1493 3609 1632 3663 adeo
1663 3619 1721 3664 ut
1764 3611 2043 3665 contradi-

460 3691 666 3746 ctionis
694 3693 836 3747 ratio
855 3695 1108 3752 ordinem
1147 3700 1441 3767 praecedat.
1474 3700 1620 3756 Idem
1652 3702 1801 3755 enim
1835 3703 1924 3757 hic
1949 3704 2041 3771 qui

464 3782 733 3852 przecipit,
768 3801 836 3840 ne
859 3802 984 3841 cum
1019 3788 1304 3857 aliquibus
1329 3790 1560 3845 alterius
1583 3791 1849 3845 doctrinm
1880 3792 2047 3846 disci-

465 3873 611 3941 pulis
669 3876 1045 3947 digladientur
1105 3882 1290 3937 verbis
1342 3884 1555 3952 asperis
1597 3884 1899 3948 durisque,
1947 3884 2043 3938 sed

464 3963 676 4021 blandis
704 3975 761 4022 et
791 3971 1091 4025 mansuetis
1125 3975 1206 4038 (ut
1238 3973 1403 4027 etiam
1452 3975 1506 4027 in
1538 3974 1716 4043 capite
1770 3974 2037 4027 Eltenium

466 4057 712 4126 seipsum
742 4059 972 4116 laudans
989 4062 1127 4117 dicit
1147 4081 1160 4115 :
1182 4061 1296 4117 Non
1321 4064 1425 4118 hoc
1453 4066 1763 4134 cegeutium
1787 4076 1892 4129 est,
1911 4065 2044 4135 etc.)

465 4148 609 4215 Quin
642 4151 810 4207 etiam
846 4154 902 4207 in
940 4157 1121 4225 capite
1154 4154 1504 4225 Elmipucara
1527 4200 1541 4223 ,
1570 4157 1717 4227 quod
1764 4157 1943 4212 bovem
1974 4157 2048 4212 si-

466 4241 710 4310 gniﬁcat,
746 4245 824 4299 sic
850 4244 968 4299 ait:
999 4245 1057 4299 In
1091 4245 1211 4314 lege
1255 4247 1350 4301 Dei
1385 4264 1494 4302 non
1531 4260 1616 4304 est
1651 4250 1751 4311 vis.
1785 4249 2045 4319 quoniam

467 4331 616 4400 quod
674 4348 893 4403 aequum
953 4344 1062 4399 est,
1111 4335 1223 4405 jam
1287 4348 1415 4392 ante
1449 4337 1736 4393 definitum
1786 4354 1903 4403 cSt;
1959 4340 2049 4393 hic

468 4424 641 4488 idem,
676 4424 924 4495 inquam,
952 4426 1035 4482 sui
1074 4429 1229 4497 quasi
1265 4430 1491 4493 oblitus,
1530 4432 1777 4500 przncipit
1809 4432 1999 4486 dicens
2030 4448 2044 4484 :

2124 3329 2202 3401 ¹ὲν
2231 3328 2403 3397 ἑτέρῳ
2431 3325 2692 3379 καταλύει
2724 3329 2817 3379 καὶ
2850 3326 3150 3396 ἀντιλέγει,
3170 3326 3310 3380 ἀλλὰ
3334 3329 3430 3381 καὶ
3464 3328 3728 3391 πολλάκις

2146 3420 2290 3489 ἆπερ
2318 3420 2377 3472 ἐν
2406 3421 2473 3489 τῇ
2505 3419 2649 3489 ἀρχῇ
2685 3417 2782 3471 τοῦ
2811 3418 2978 3472 αὐτοῦ
3037 3418 3331 3487 κεφαλαίου
3385 3419 3734 3473 διαϐεϐαιοῦ-

2144 3528 2257 3576 ται,
2288 3510 2418 3580 περὶ
2448 3509 2508 3562 τὸ
2535 3511 2691 3574 τέλος
2727 3512 2948 3582 συγχέει
2969 3529 3029 3564 τε
3066 3511 3158 3565 καὶ
3208 3511 3527 3582 ἀνατρέπει.
3559 3513 3731 3575 Μόλις

2145 3604 2255 3673 γὰρ
2288 3606 2382 3670 καὶ
2419 3605 2517 3657 σὺν
2548 3604 2639 3674 βίᾳ
2677 3604 3015 3676 εἰσήχθησαν
3058 3605 3449 3675 κεφαλαιωδῶς
3480 3605 3575 3660 καὶ
3628 3607 3735 3659 σὺν

2147 3692 2299 3758 τάξει
2325 3694 2393 3746 τὰ
2423 3694 2554 3764 παρ’
2587 3696 2800 3748 ἐκείνου
2840 3696 3134 3766 λεγόμενα,
3194 3697 3343 3760 ὅπως
3400 3698 3495 3749 καὶ
3546 3697 3576 3748 6
3629 3698 3734 3764 τῆς

2149 3786 2469 3854 ἀντιλογίας
2495 3787 2656 3855 λόγος
2706 3787 2812 3857 ὁδῷ
2846 3789 2942 3842 καὶ
2968 3788 3122 3855 τάξει
3157 3789 3452 3860 προϐαίνῃ.
3490 3790 3599 3843 Καὶ
3620 3788 3736 3859 γὰρ

2150 3877 2310 3941 αὐτὸς
2342 3871 2497 3941 οὗτος
2527 3881 2555 3932 ὁ
2601 3880 3020 3949 ἐντελλόμενος,
3091 3879 3178 3932 ἴνα
3258 3878 3332 3951 μὴ
3377 3880 3737 3947 διαλέγωνται

2146 3987 2291 4023 τισιν
2323 3971 2511 4040 ἐτέρου
2546 3970 2817 4042 δόγματος
2853 3973 2912 4025 ὲν
2964 3972 3144 4039 λόγοις
3193 3976 3419 4043 τραχέσι
3442 3972 3534 4027 καὶ⁸
3559 3971 3733 4042 σκλη-
3764 3970 3776 3981 ’

2152 4063 2288 4132 ροϊς,
2317 4060 2434 4115 ἀλλ’
2466 4062 2648 4132 ἡπίοις
2684 4063 2777 4115 καὶ
2814 4062 3170 4132 προσηνέσιν,
3213 4063 3290 4126 ὡς
3323 4065 3417 4116 καὶ
3461 4066 3518 4116 ὲν
3540 4062 3617 4132 τῷ
3640 4079 3741 4116 κε-

2151 4153 2365 4224 φαλαίῳ
2390 4152 2468 4223 τῷ
2517 4153 2866 4224 Ἐλτενιοὺμ
2902 4152 3096 4207 ἑαυτὸν
3146 4154 3386 4208 ἐπαινῶν
3428 4155 3595 4223 λέγει,
3637 4156 3742 4208 οὐκ

2152 4244 2269 4297 ἐστι
2291 4246 2400 4299 τῶν
2433 4226 2887 4315 ἀναγκαζόντων.
2930 4244 3092 4298 Ἀλλά
3116 4246 3211 4298 καὶ
3241 4247 3301 4299 ὲν
3342 4246 3420 4315 τῷ
3455 4247 3741 4317 κεφαλαίῳ

2149 4335 2228 4406 τῷ
2267 4334 2678 4405 ξΕλμπακαρᾶ,
2705 4337 2844 4407 ὅπερ
2910 4336 3270 4407 ἑρμηνεύεται
3300 4336 3481 4401 βοῦς,
3534 4337 3738 4389 οὕτωσί

2152 4445 2338 4498 φησιν,
2372 4428 2456 4481 ὅτι
2486 4428 2576 4481 Ἐν
2607 4429 2681 4498 τῷ
2714 4429 2867 4498 νόμῳ
2912 4428 3007 4481 τοῦ
3040 4427 3174 4482 Θεοῦ
3193 4430 3294 4481 οὐκ
3346 4428 3460 4481 ἔστι
3504 4429 3620 4499 βία,
3655 4430 3725 4480 ὅτι

466 4517 677 4573 Nostra:
732 4518 838 4589 legi
891 4534 1001 4574 non
1059 4520 1426 4588 obedientes,
1488 4526 1682 4578 mortis
1714 4525 2037 4593 supplicium

2150 4520 2211 4573 τὸ
2241 4520 2356 4573 ἴσον
2384 4519 2620 4590 ἑξαρχῆς
2648 4521 2748 4591 ἤδη
2788 4520 3092 4591 διώρισται’
3160 4522 3319 4584 αὐτὸς
3371 4514 3526 4601 οὗτος
3582 4520 3736 4580 αὖθις

469 4620 708 4675 maneat,
759 4622 855 4667 aut
912 4613 1118 4669 tributa
1173 4617 1412 4670 solvant.
1450 4618 1518 4672 Et
1555 4617 1688 4685 quid
1722 4626 1899 4669 morte
1932 4616 2021 4670 vio

2157 4612 2555 4682 ἐπιλαθόμενος
2584 4613 2891 4666 ἐντέλλεται
2910 4613 3103 4681 λέγων,
3140 4615 3265 4676 Τοῖς
3292 4614 3366 4684 μὴ
3394 4613 3741 4683 πειθομένοις

468 4706 676 4761 lentius
706 4715 812 4770 est,
843 4721 875 4760 ο
919 4706 1203 4779 legislator
1235 4709 1581 4764 vanissime?
1615 4710 1678 4775 Et
1709 4710 1988 4778 quomodo
2020 4727 2037 4765 ι

2152 4707 2267 4767 τοῖς
2294 4706 2589 4777 ἡμετέροις
2637 4705 2873 4776 δόγμασι
2927 4705 3160 4768 θάνατος
3211 4705 3352 4757 ἔστω
3406 4705 3739 4775 ἡτιμωρὶα,

472 4800 584 4853 beo
632 4808 814 4855 ortum
864 4816 987 4857 esse
1041 4803 1343 4868 diceretur,
1401 4802 1550 4871 quod
1609 4803 1790 4857 scelus
1844 4803 2037 4857 scelert

2152 4801 2185 4869 ἦ
2213 4801 2412 4870 φόρους
2430 4800 2743 4854 διδότωσαν.
2797 4799 2906 4851 Καὶ
2937 4799 2987 4851 τί
3036 4800 3341 4869 βιαιότερον
3383 4799 3637 4859 θανάτου,
3693 4791 3743 4849 ὦ

469 4894 830 4961 compensat?
859 4895 1105 4949 Avaritia
1139 4897 1288 4949 enim
1318 4896 1484 4950 caedis
1510 4894 1753 4948 furorem
1817 4896 2049 4965 mitigat.

471 4983 679 5038 Natura
710 4983 856 5038 enim
888 4984 1151 5045 humana,
1182 4984 1316 5049 quin
1350 4984 1534 5053 potius
1575 4984 1844 5049 homines,
1879 4994 1935 5039 et
1959 5000 2055 5039 na-

473 5084 611 5129 turae
645 5075 793 5129 illius
826 5074 1096 5131 formator
1126 5084 1183 5130 et
1209 5075 1390 5145 epifex
1419 5075 1564 5130 Deus
1593 5114 1608 5137 ,
1663 5076 1824 5130 talem
1854 5076 2056 5132 consti-

477 5172 581 5222 tuit
614 5169 924 5234 hominem,
959 5176 1019 5221 ut
1052 5182 1159 5221 una
1188 5181 1313 5220 cum
1350 5167 1475 5220 aliis
1509 5166 1707 5221 animae
1734 5167 1878 5221 illius
1908 5167 2056 5221 indi-

475 5261 618 5315 derit
647 5258 1178 5326 concupiscentiam,
1218 5258 1384 5311 animi
1434 5258 1611 5311 zelum
1647 5268 1703 5313 et
1741 5257 2052 5324 fervorem,

472 5362 640 5422 atque
675 5352 989 5406 rationem:
1022 5360 1081 5405 ut
1132 5365 1231 5419 per
1284 5351 1748 5421 concupiscentiae
1798 5352 2052 5406 affectum

477 5454 623 5499 amet
654 5453 710 5499 et
742 5444 936 5513 diligat
986 5460 1263 5498 summum
1329 5446 1533 5500 bonum
1559 5489 1574 5513 ,
1611 5448 1757 5516 quod
1810 5460 1892 5502 εει
1940 5448 2055 5517 ipse

480 5537 646 5598 Deus,
676 5552 1008 5604 omnemque
1039 5537 1307 5607 justitiam
1326 5547 1389 5592 et
1411 5539 1696 5606 virtutem,
1726 5556 1847 5610 qua:
1884 5541 2057 5594 instar

481 5627 641 5680 scalae
670 5636 801 5681 sunt
862 5629 1102 5683 animam
1152 5630 1219 5685 ad
1255 5614 1433 5700 ipsum
1469 5632 1636 5687 Deum
1683 5632 2050 5701 [ιρι-άιιυριιιίμ.

483 5717 639 5782 Quod
667 5719 710 5775 si
744 5729 926 5776 autem
955 5721 1096 5778 forte
1127 5726 1572 5795 concupiscentia
1605 5741 1635 5779 a
1667 5741 1795 5780 vero
1825 5734 1880 5779 et
1907 5737 2057 5780 reczo

484 5824 672 5865 amore
702 5812 1079 5877 declinaverit.
1114 5828 1167 5873 ct
1198 5833 1297 5888 pro
1322 5818 1530 5873 dextris
1557 5818 1609 5872 iu
1638 5818 1911 5873 contraria
1943 5833 2055 5872 cce-

482 5901 627 5969 pcrit
679 5915 907 5973 nutare,
964 5911 1111 5966 zelus
1167 5912 1268 5969 iste
1321 5912 1487 5966 animi
1532 5923 1722 5966 contra
1751 5911 2054 5966 daemonem

2155 4892 2279 4945 κενὲ
2313 4892 2615 4963 νομοθέτας
2650 4893 2759 4945 Καὶ
2795 4892 2912 4953 πῶς
2942 4892 3093 4962 παρὰ
3146 4890 3283 4943 Θεοῦ
3336 4893 3397 4943 τὸ
3445 4890 3614 4961 κακίᾳ
3645 4907 3743 4942 κα-

2155 4983 2279 5037 κίαν
2318 4980 3016 5052 ἀμεῖ66ν;Φιλοχρηματία
3050 4982 3157 5050 γὰρ
3203 4982 3293 5034 τὸν
3322 4981 3415 5034 τοῦ
3448 4982 3607 5049 φόνου
3649 4982 3743 5031 au-

2158 5076 2259 5147 μδν
2288 5075 2690 5145 κατεπράϋνεν.
2743 5075 2807 5126 Ἦ
2838 5073 2947 5144 γὰρ
3007 5075 3169 5143 φύσις
3233 5074 3342 5127 τῶν
3411 5075 3739 5144 ἀνθρώπων,

2158 5169 2359 5238 μᾶλλον
2384 5167 2490 5220 δὲὸ
2521 5166 2613 5218 τοῦ
2650 5166 2941 5236 ἀνθρώπου
3001 5167 3097 5218 καὶ
3143 5166 3245 5234 τ’ἧς
3299 5166 3468 5234 αὐτῆς
3524 5165 3742 5234 φύσεως

2156 5261 2403 5330 πλάστης
2437 5261 2532 5312 καὶ
2560 5258 2893 5329 δημιουργός
2944 5258 3078 5322 Θεδς
3129 5259 3301 5321 οὕτως
3362 5258 3524 5311 αὑτὸν
3579 5275 3743 5310 κατε-

2159 5353 2450 5417 σκεύασεν,
2513 5351 2595 5403 ὅτι
2671 5350 2807 5419 μετὰ
2852 5350 2961 5403 τῶν
3005 5349 3180 5403 ἄλλων
3247 5348 3504 5418 ἐνέθηκεν
3555 5351 3612 5400 ὲν
3671 5350 3738 5418 τῇ

2156 5445 2302 5514 ψυχῇ
2336 5443 2505 5495 αὐτοῦ
2533 5443 2593 5495 τό
2617 5460 2677 5495 τε
2701 5442 3129 5513 ἐπιθυμητικὸν,
3153 5442 3212 5495 τὸ
3237 5442 3490 5510 θυμικὸν,
3543 5440 3635 5493 καὶ
3677 5440 3738 5492 τὸ

2157 5539 2398 5606 λογικὸν,
2431 5537 2519 5588 ἵνα
2553 5536 2642 5588 διὰ
2666 5535 2759 5587 τοῦ
2783 5534 3184 5604 ἐπιθυμητικοῦ
3219 5536 3317 5603 ἐρᾷ
3375 5534 3470 5585 καὶ
3518 5532 3739 5601 ἐφίηται

2159 5631 2254 5684 τοῦ
2283 5631 2456 5700 ἄκρου
2489 5627 2725 5695 ἀγαθοῦ,
2779 5629 2918 5697 ὅπερ
2942 5628 3091 5679 ἐστὶν
3124 5629 3152 5680 6
3209 5625 3367 5690 Θεὸς,
3405 5626 3499 5677 καὶ
3558 5626 3739 5693 πάσης

2159 5720 2507 5788 δικαιοσύνης
2559 5721 2653 5771 καὶ
2689 5719 2916 5790 ἀρετῆς,
2944 5720 3147 5781 αἵτινες
3170 5714 3368 5789 οἷάπερ
3399 5734 3482 5779 τις
3528 5715 3739 5783 κλίμαξ

2163 5816 2319 5878 εἰσὶν,
2354 5812 2655 5878 ἀνάγουσαι
2691 5810 2897 5887 ταύτην
2928 5814 3008 5873 εἰς
3043 5811 3194 5863 Θεόν.
3230 5810 3294 5863 El
3320 5808 3366 5861 δ’
3400 5808 3531 5871 ἴσως
3558 5823 3739 5875 παρα»

2164 5908 2345 5980 τραπῇ
2379 5907 2437 5960 τὸ
2469 5903 2867 5976 ἐπιθυμητικὸν
2898 5906 2989 5959 τοῦ
3027 5901 3189 5975 ὀρθοῦ
3236 5902 3459 5973 ἔρωτος,
3501 5902 3593 5959 καὶ
3620 5902 3736 5952 ἀντὶ
