4058 6468
336 383 447 450 609

1346 373 1651 438 CONTRA
1684 369 2178 434 MAHOMETEM
2220 368 2506 432 ORATIO
2547 369 2592 432 Ῐ.

3512 366 3618 432 610

332 500 448 557 τῶν
473 494 666 567 δεξιῶν
692 494 863 568 νεύσῃ
902 492 1044 566 πρὸς
1096 491 1446 559 ταὲναντία,
1491 489 1851 559 κινηθήσεται
1901 487 1929 538 6

2038 493 2446 555 permoveatur,
2497 492 2552 537 et
2606 482 2831 536 humani
2869 483 3085 561 generis
3120 483 3453 553 perditorem
3500 500 3618 538 ser—

337 591 510 663 θυμδς
545 589 690 645 κατὰ
721 588 819 643 τοῦ
845 587 1121 657 δαίμονος,
1156 586 1283 638 ξκαὶ
1330 585 1424 639 τὸν
1481 579 1930 653 ἅνθρωπόλεθρον

335 683 462 752 ὅφιν
497 679 723 746 διώξας,
752 679 911 733 ἔσται
939 677 1019 748 τῷ
1044 674 1336 746 ἡττηθέντι
1384 672 1579 744 όδηγὸς
1614 671 1720 741 τῆς
1758 669 1933 725 ἀπλα-

337 775 459 837 νοῦς
490 774 586 827 καὶ
617 771 834 835 εὐθείας
867 769 1012 825 ὁδοῦ.
1046 770 1111 823 Ei.
1138 768 1198 822 δὲ
1228 768 1323 822 καὶ
1348 768 1377 820 6
1401 765 1572 836 θυμὸς
1609 764 1779 836 ἀργὸς
1812 764 1931 835 μεί-

345 883 444 930 νας
474 866 570 919 καὶ
602 863 990 933 ἁνενέργητος,
1032 862 1066 931 ἢ
1098 860 1344 930 κινηθεὶς
1379 859 1505 929 μὲν,
1533 859 1596 911 οὐ
1651 857 1795 910 κατὰ
1836 854 1931 908 τοῦ

336 959 515 1030 ὄφεως
545 958 624 1024 δὲ,
678 957 815 1011 ἀλλὰ
837 956 981 1010 κατὰ
1032 954 1126 1008 τοῦ
1186 953 1462 1026 όμοφυοῦς
1513 948 1682 1007 αὐτοῦ
1717 946 1932 1024 ἀνθρώ·

338 1068 468 1118 που,
500 1051 623 1103 τότε
656 1048 718 1102 τὸ
740 1047 985 1116 λογικὸν,
1013 1045 1297 1104 τουτέστιν
1319 1045 1347 1097 ὁ
1374 1041 1603 1114 ἡγεμὼν
1634 1041 1731 1095 καὶ
1749 1040 1934 1113 ἄρχων

339 1145 488 1210 νοῦς,
513 1143 704 1213 ὥσπερ
751 1160 834 1205 τις
865 1144 1060 1212 κριτὴς
1102 1138 1326 1210 ἰσχυρὸς
1366 1138 1467 1191 καλ⁵
1490 1134 1934 1197 ἀδέκαστοςὲπι-
1980 1166 1983 1173 -

337 1236 527 1290 τάττει
573 1234 714 1287 αὐτὰ
757 1233 899 1286 κατὰ
926 1232 1111 1301 χώραν
1166 1231 1375 1302 μένειν,
1432 1227 1529 1283 καὶ⁵
1583 1227 1817 1281 ἕκαστον
1873 1225 1934 1278 ὲν

343 1328 413 1396 τῇ
445 1324 594 1392 τάξει
641 1323 830 1379 αὐτοῦ.
867 1322 967 1375 Διά
1000 1339 1083 1375 τοι
1112 1322 1273 1375 τοῦτο
1304 1322 1368 1374 τὸ
1404 1321 1505 1389 μὲν
1528 1314 1933 1388 ἐπιθυμητικὸν

343 1411 584 1468 τέθεικεν
626 1413 654 1463 6
686 1410 913 1481 πάντων
941 1410 1276 1480 δημιουργὸς
1308 1412 1367 1462 ὲν
1419 1407 1501 1478 τῷ
1559 1406 1759 1477 ἥπατι,
1796 1405 1934 1471 ὅπερ

342 1499 494 1551 ἔστὶν
524 1495 632 1549 61:6
662 1495 762 1566 τὴν
796 1495 1049 1566 καρδίαν,
1085 1496 1146 1549 τὸ
1172 1496 1229 1549 δὲ
1258 1495 1495 1566 θυμικὸν
1521 1496 1580 1547 ὲν
1608 1496 1677 1564 τῇ
1711 1490 1932 1563 καρδίᾳ,

300 1582 307 1585 ’
340 1590 466 1659 ἥτις
490 1589 812 1654 ὑπέρκειται
842 1586 936 1640 τοῦ
966 1588 1203 1658 ἥπατος,
1249 1588 1323 1650 ὡς
1370 1585 1727 1658 ἁρχικωτέρα
1747 1602 1758 1614 ·
1789 1583 1858 1642 ,τὸ
1876 1582 1936 1636 δὲ

342 1680 562 1747 λογικὸν
588 1681 646 1733 ὲν
677 1678 753 1749 τῷ
788 1679 1101 1750 ἐγκεφάλῳ,
1131 1679 1190 1742 ὃς
1225 1679 1376 1732 ἔστιν
1438 1677 1629 1730 ὲπάνω
1689 1675 1934 1742 πάντων,

341 1771 535 1841 ὥσπερ
576 1786 661 1834 τις
719 1769 979 1840 βασιλεὺς
1032 1770 1127 1822 καὶ
1177 1767 1407 1838 ἡγεμὼν
1444 1767 1541 1820 καὶ
1591 1766 1779 1838 ἄρχων
1839 1766 1937 1821 καὶ

2034 585 2255 646 pentem
2297 586 2649 646 persecutus,
2698 575 3164 644 concupiscentiae
3203 585 3475 646 superatae
3507 576 3621 630 dux

2033 667 2107 723 sit
2139 667 2195 721 in
2232 666 2319 721 via
2353 675 2501 721 recta
2531 675 2589 721 et
2622 665 2911 721 erroribus
2938 676 3184 721 carente.
3213 665 3370 734 Quod
3398 667 3445 721 si
3489 662 3617 721 vero

2033 757 2205 814 etiam
2240 758 2333 813 hic
2385 758 2555 813 animi
2606 758 2759 813 zelus
2806 759 3019 813 otiosus
3050 767 3105 813 et
3156 758 3464 815 desidiosus
3498 775 3625 829 per-

2034 846 2325 912 manserit,
2348 857 2445 901 aut
2492 857 2781 917 permotus
2798 863 2908 902 non
2940 857 3132 902 contra
3159 859 3492 914 serpentem,
3526 850 3620 904 sed

2035 939 2320 995 hominem
2346 939 2452 995 sibi
2480 949 2771 1010 cognatum
2796 941 3067 1012 insurgat,
3097 947 3228 996 tunc
3258 942 3421 1003 ratio,
3454 942 3504 996 id
3530 953 3624 998 est

2037 1031 2149 1085 dux
2178 1038 2236 1086 et
2270 1032 2531 1101 princeps
2562 1032 2678 1100 ipsa
2717 1047 2874 1086 mens
2914 1032 3088 1087 instar
3130 1032 3336 1103 judicis
3380 1033 3540 1089 fortis
3568 1044 3625 1089 ct

2037 1118 2372 1189 incorrupti,
2406 1118 2557 1175 hunc
2591 1120 2735 1173 intra
2771 1120 3036 1176 terminos
3067 1122 3373 1177 consistere
3404 1123 3619 1193 jubeai,

2038 1210 2369 1283 singulaque
2397 1228 2559 1267 suum
2607 1213 2862 1269 ordinem
2914 1215 3221 1270 custodire.
3275 1200 3625 1287 Quapropter

2036 1306 2203 1360 etiam
2230 1307 2480 1361 omnium
2507 1306 2691 1375 opifex
2729 1306 3196 1375 concupiscentiae
3225 1307 3412 1363 sedem
3460 1309 3514 1361 in
3542 1308 3649 1378 je-‘

2037 1411 2166 1451 core
2193 1395 2698 1465 constituit,qu0d
2754 1397 2907 1450 cordi
2966 1396 3250 1468 subjacet;
3308 1398 3444 1452 iram
3492 1412 3625 1451 vero

2038 1497 2137 1542 aut
2167 1489 2337 1542 animi
2371 1488 2553 1543 zelum
2606 1488 2660 1541 in
2694 1488 2858 1542 corde
2889 1488 3200 1551 collocavit,
3242 1488 3387 1558 quod
3436 1489 3625 1559 jecore

2039 1592 2142 1635 ceu
2177 1577 2538 1649 principalior
2576 1594 2723 1647 pars,
2753 1586 2839 1633 est
2887 1581 3179 1649 superius;
3229 1580 3459 1635 rationis
3489 1595 3624 1634 vero

2038 1672 2225 1726 sedem
2262 1669 2393 1725 fecit
2420 1670 2733 1736 cerebrum,
2770 1671 2915 1740 quod
2941 1672 3189 1724 omnium
3213 1685 3488 1725 summum
3515 1683 3623 1737 est,

2040 1780 2143 1819 ceu
2169 1779 2265 1818 rex
2300 1763 2576 1843 quispiam
2601 1801 2616 1828 ,
2657 1763 2770 1818 dux
2798 1771 2855 1818 et
2905 1764 3162 1833 princeps
3219 1763 3276 1817 in
3310 1762 3492 1817 omnia
3523 1779 3624 1833 pn-

340 1863 595 1930 ἐξουσίαν
625 1862 768 1932 ἔχων
797 1862 941 1915 κατὰ
977 1861 1223 1926 πάντων,
1283 1859 1361 1931 μὴ
1426 1861 1591 1930 μόνον
1652 1859 1762 1913 τῶν
1810 1860 1932 1914 κατ’

2041 1863 2298 1913 testatem
2336 1856 2550 1911 habens
2575 1895 2592 1922 ,
2626 1871 2737 1910 non
2791 1857 2971 1913 solum
3007 1858 3076 1912 ab
3101 1856 3187 1911 his
3223 1871 3346 1926 quae
3390 1857 3533 1912 circa
3567 1871 3627 1911 se

341 1954 511 2008 αὐτὸν
553 1952 634 2024 τῷ
682 1950 1017 2025 αὑτεξουσίῳ
1070 1952 1347 2024 τιμηθεὶς,
1410 1951 1549 2006 ἀλλὰ
1611 1952 1708 2005 καὶ
1757 1953 1940 2022 πάσης

253 2023 279 2043 ’
346 2023 614 2117 αἰσθητῆς
644 2044 882 2112 φύσεως,
908 2023 1094 2107 καθὼς
1267 2043 1364 2097 τοῦ
1401 2042 1598 2114 Ἀδὰμ,
1628 2042 1709 2096 ἔτι
1743 2060 1805 2096 τε
1841 2039 1938 2095 τοῦ

346 2134 489 2201 Νῶε,
526 2135 621 2189 καὶ
647 2130 755 2187 τῶν
810 2135 870 2189 ἐν
921 2136 989 2205 τῇ
1034 2133 1251 2205 Παλαιᾷ
1297 2151 1359 2186 τε
1405 2134 1503 2187 καὶ
1538 2133 1653 2204 Νέᾳ
1694 2133 1937 2204 Διαθήκῃ

343 2226 560 2293 τρανῶς
594 2227 1004 2297 πεφανέρωται.
1034 2226 1147 2279 Ka‘t
1175 2224 1266 2279 διὰ
1313 2225 1478 2278 τοῦτο
1511 2226 1621 2288 πᾶς
1651 2218 1941 2295 ἄνθρωπος

347 2321 501 2375 κατὰ
522 2319 632 2374 τῶν
669 2318 860 2373 παθῶν
919 2318 1127 2388 ὀφείλει
1177 2317 1424 2389 χρῆσθαι
1472 2317 1553 2388 τῷ
1610 2316 1789 2388 θυμῷ,
1843 2318 1940 2372 καὶ

357 2411 826 2484 καθόἰουδήτινος
859 2412 1191 2482 πράγματος
1242 2411 1572 2482 χωρίζοντος
1624 2410 1787 2464 αὐτὸν
1843 2409 1938 2464 τοῦ

364 2498 522 2554 Θεοῦ.
554 2500 683 2555 ὀδε
734 2500 983 2572 Μωάμεθ
1038 2501 1163 2555 ἀντὶ
1222 2499 1335 2554 τῶν
1383 2499 1577 2554 παθῶν
1641 2499 1786 2555 κατὰ
1841 2500 1938 2554 τοῦ

358 2588 624 2658 ὀμοφυοῦς
674 2587 967 2660 ἀνθρώπου
1000 2586 1182 2657 τούτῳ
1214 2588 1516 2659 ἐχρήσατο,
1570 2582 1660 2643 οἷά
1698 2605 1807 2642 τινι
1841 2588 1940 2659 θη-

352 2677 455 2748 ρίῳ
481 2678 839 2748 ἁπηνεστάτῳ
885 2678 983 2733 καὶ
1034 2677 1324 2749 ἀνημέρῳ,
1359 2678 1408 2730 εί
1452 2678 1527 2749 μή
1586 2695 1704 2742 πως
1756 2680 1822 2749 τῇ
1855 2696 1943 2747 φι-

338 2769 689 2842 λοχρηματίᾳ
715 2770 807 2825 τὸν
844 2769 1039 2841 θυμὸν,
1073 2770 1148 2834 ὡς
1180 2771 1399 2838 είρηται
1450 2768 1840 2839 καταπραΰνῃ.
1879 2769 1939 2820 '0

346 2861 394 2916 δ’
437 2863 600 2924 αὐτὸς
636 2858 792 2925 αὖθις
826 2863 884 2914 ὲν
903 2842 995 2932 ἱτῷ
1024 2860 1307 2931 κεφαλαίῳ
1339 2859 1418 2931 τῷ
1448 2860 1588 2928 Ἔμ,
1613 2857 1803 2929 ὥσπερ
1831 2858 1938 2912 τῶν

347 2954 569 3009 πάντων
618 2953 1032 3026 ἐπιλαθόμενος,
1074 2932 1248 3016 οῦτῖυς
1281 2951 1532 3022 εἴρηκεν,
1565 2951 1649 3004 ὅτι
1703 2950 1826 3003 Τῶν
1857 2949 1942 3001 δε-

343 3048 593 3118 χομένων
621 3046 754 3100 Θεὸν
778 3047 968 3117 ἕτερον
1022 3045 1163 3117 πλὴν
1222 3043 1319 3098 τοῦ
1348 3042 1488 3098 Θεοῦ
1525 3042 1721 3097 τούτου
1754 3043 1854 3095 οὐκ
1887 3037 1943 3095 ei

336 3142 415 3223 ,σὺ
438 3140 784 3210 παιδαγωγὸς
823 3140 856 3209 ἢ
911 3136 1275 3209 ἐπιμελητὴς,
1317 3137 1441 3189 ἐπεὶ
1491 3134 1652 3188 τοῦτο
1706 3134 1940 3204 τετήρη-

2047 1959 2181 2005 sunt
2207 1961 2435 2021 propter
2455 1950 2697 2005 liberum
2720 1951 2804 2005 sui
2830 1949 3122 2030 arbitrium
3154 1950 3509 2017 honoratum,
3530 1951 3629 2008 sed

2039 2041 2106 2096 ad
2140 2041 2288 2095 omni
2352 2047 2546 2095 natura
2575 2055 2740 2096 sensu
2772 2041 2997 2111 pradita
3050 2041 3523 2112 quemadmodum
3573 2044 3628 2096 in

2037 2131 2271 2193 Adamn.
2304 2131 2360 2186 in
2417 2131 2569 2196 Noe,
2612 2131 2846 2201 aliisque
2895 2140 3003 2186 tam
3037 2132 3092 2187 in
3150 2131 3335 2188 Veteri
3367 2148 3529 2202 quam
3569 2132 3626 2187 in
3710 2148 3713 2151 π

2038 2222 2193 2278 Novo
2219 2222 2573 2278 Testamento
2604 2223 2945 2279 declaratum
2995 2233 3103 2279 est.
3138 2223 3486 2299 Quapropter
3506 2242 3630 2296 qu.-

2037 2313 2175 2369 libet
2208 2314 2376 2369 homo
2404 2323 2596 2370 contra
2627 2315 2857 2372 affectus
2887 2315 2969 2370 ira
2992 2316 3070 2373 uti
3105 2316 3292 2383 debet,
3341 2327 3401 2371 et
3438 2316 3631 2371 adver-

2038 2419 2135 2460 sus
2168 2404 2474 2475 quamlibet
2502 2420 2618 2461 rem
2650 2422 2773 2477 quae
2815 2409 2995 2476 ipsum
3026 2424 3056 2462 a
3093 2408 3205 2463 Deo
3237 2407 3485 2463 abducit.
3516 2409 3631 2463 Ma-

2041 2494 2234 2550 homet
2264 2511 2399 2550 vero
2426 2512 2537 2552 non
2567 2506 2762 2552 contra
2795 2497 3050 2563 affectus,
3090 2498 3185 2552 sed
3210 2507 3501 2568 cognatum
3523 2497 3629 2551 sibi

2040 2586 2322 2642 hominem
2350 2587 2455 2642 hac
2497 2596 2762 2658 tanquam
2796 2587 2912 2644 fera
2940 2590 3309 2645 immitissima
3339 2600 3396 2645 et
3435 2591 3632 2644 crude-

2039 2678 2251 2735 lissima
2283 2695 2416 2735 usus
2441 2687 2546 2747 est,
2575 2680 2679 2734 nisi
2736 2681 2882 2749 quod
2912 2681 3162 2748 avaritia,
3191 2691 3251 2736 ut
3283 2682 3491 2736 dictum
3522 2692 3631 2750 est;

2032 2775 2182 2829 iram
2203 2772 2459 2828 nonnihil
2486 2772 2779 2842 mitigavit.
2813 2771 2961 2826 Idem
2988 2788 3121 2828 vero
3147 2790 3340 2828 rursus
3366 2774 3421 2828 in
3448 2761 3632 2844 capite
3743 2762 3749 2767 ’

2036 2865 2182 2933 Em,
2223 2873 2483 2934 tanquam
2512 2864 2759 2919 omnium
2791 2864 3001 2919 oblitus
3032 2905 3047 2929 ,
3088 2866 3170 2920 sic
3209 2866 3387 2919 dixit:
3424 2867 3629 2921 Eorum

2042 2958 2135 3028 qui
2189 2959 2362 3014 Deum
2386 2956 2557 3011 alium
2592 2973 2757 3027 quam
2792 2958 2939 3012 hunc
2968 2958 3265 3027 recipiunt,
3299 2967 3355 3013 tu
3381 2960 3633 3029 paedago—

2041 3064 2143 3118 gus
2194 3062 2418 3115 non‘es,
2454 3064 2559 3104 nec
2602 3059 2934 3118 procurator
2971 3067 2985 3103 :
3030 3050 3295 3124 quoniam
3335 3049 3479 3106 Deus
3524 3052 3631 3108 hoc

2042 3139 2149 3194 sibi
2199 3140 2305 3210 ipsi
2355 3140 2680 3197 reservavit.
2721 3143 2788 3194 Et
2814 3142 3066 3211 quisnam
3115 3143 3259 3198 alius
3304 3142 3632 3207 Mahometis

335 3235 498 3312 .xsv6
548 3232 684 3294 Θεὸς
740 3231 941 3303 έαυτῷ.
983 3231 1095 3285 Καὶ
1137 3230 1222 3294 τίς
1263 3227 1331 3282 ἂν
1398 3227 1589 3297 ἕτερος
1644 3228 1935 3297 γενήσεται

2039 3243 2332 3288 accusator
2375 3245 2482 3288 tam
2536 3234 2720 3305 gravis
2778 3233 2983 3301 fuerit,
3043 3250 3209 3305 quam
3262 3235 3379 3305 ipse
3416 3243 3507 3290 est
3540 3233 3629 3290 sui

346 3325 634 3394 ἀξιόλογος
673 3326 983 3395 κατήγορος
1018 3321 1115 3376 τοῦ
1161 3319 1430 3393 Μωόιμεθ,
1465 3319 1544 3384 ὡς
1591 3318 1755 3381 αὐτὸς
1801 3318 1934 3373 ἑαυ-

345 3417 488 3486 τοῦ;
537 3418 884 3488 ,Βουλόμενος
932 3418 1044 3486 γὰρ
1090 3415 1403 3483 ἀντιλέγειν
1452 3414 1552 3478 τὰς
1586 3412 1835 3484 Γραφὰς,
1869 3412 1935 3493 ἃς

334 3507 563 3572 ,δικαίας
594 3508 690 3561 καὶ
716 3506 878 3576 ἁγίας
907 3508 1195 3574 ἐκάλεσεν,
1226 3508 1255 3560 6
1276 3506 1335 3560 δὲ
1377 3505 1440 3560 οὐ
1507 3503 1672 3575 μόνον
1729 3502 1937 3566 ταύτας

347 3599 601 3671 φαίνεται
646 3600 969 3670 ἀντιλέγων,
1001 3599 1141 3655 ἀλλὰ
1202 3598 1394 3671 σχεδὸν
1456 3599 1515 3653 ἐν
1558 3599 1729 3653 πᾶσιν
1770 3596 1936 3660 αὐτὸς

346 3693 528 3763 ἑαυτῷ
552 3693 888 3748 ἀντιπίπτει.
907 3694 996 3745 Ἐν
1020 3693 1131 3763 γὰρ
1146 3690 1224 3761 τῷ
1250 3689 1533 3762 κεφαλαίῳ
1551 3689 1630 3761 τῷ
1654 3686 1933 3753 Έλνεσᾶ,

346 3786 487 3854 ὅπερ
511 3785 878 3855 ἑρμηνεύεται
916 3781 1241 3854 γυναῖκες,
1274 3782 1479 3836 οὑτωσί
1527 3797 1695 3849 φησιν
1715 3795 1729 3809 '
1760 3780 1822 3833 Εἰ
1856 3779 1934 3848 μὴ

322 3878 502 3946 “παρὰ
522 3876 659 3931 Θεοῦ
693 3872 764 3948 ἦν
791 3879 853 3930 τὸ
895 3877 1144 3949 Κορρὰν,
1185 3874 1387 3929 πολλαὶ
1422 3873 1800 3944 ἐναντιότητες
1839 3873 1934 3926 εὑ-

350 3970 626 4037 ρίσκοιντο
651 3968 715 4025 ἂν
747 3970 806 4020 ὲν
848 3967 1018 4037 αὐτῷ.
1067 3967 1161 4038 Μὴ
1207 3967 1507 4037 δυνάμενος
1545 3965 1728 4019 τοίνυν
1780 3966 1941 4018 ἀντο-

349 4056 622 4125 φθαλμεῖν
656 4056 792 4127 πρὸς
823 4055 922 4119 τὰς
951 4056 1198 4127 Γραφὰς,
1233 4054 1549 4126 ὲξανάγκης
1598 4054 1936 4124 καταφεΰγει

354 4148 412 4199 ἰν
432 4147 505 4217 τῷ
531 4148 723 4217 ψεύδει
746 4187 763 4214 ,
796 4147 871 4212 ὡς
903 4147 1068 4219 δῆθεν
1100 4147 1211 4201 ἀπὸ
1236 4148 1378 4202 Θεοῦ
1402 4148 1511 4202 είσι
1537 4148 1606 4202 τὰ
1639 4148 1931 4218 λεγόμενα.

358 4240 463 4293 Καὶ
508 4241 627 4306 πῶς
659 4241 769 4295 ἀπὸ
790 4241 950 4309 Θεοῦ,
985 4240 1218 4310 ψεύδους
1245 4239 1466 4294 διάκονε
1502 4241 1597 4293 καὶ
1626 4242 1891 4311 γεννῆτορ
1917 4252 1934 4305 ;

355 4329 524 4384 Ἔνθα
554 4329 666 4399 γὰρ
695 4326 916 4399 ψεῦδος,
950 4328 1082 4392 Θεὸς
1113 4327 1216 4381 οὐκ
1268 4327 1387 4381 ἐστι
1407 4345 1423 4360 ο
1476 4330 1572 4384 καὶ
1600 4329 1737 4382 ὅπου
1775 4328 1932 4393 Θεὸς,

334 4421 409 4491 ¹τὸ
429 4421 627 4492 ψεῦδος
654 4410 1022 4494 ἀπελήλαται.
1065 4421 1143 4475 06
1181 4421 1293 4491 γὰρ
1322 4421 1591 4490 ὑπομένει
1623 4421 1684 4473 τὶ)
1737 4420 1937 4484 σκότος

2042 3326 2261 3397 ipsius?
2295 3325 2504 3381 Valens
2534 3326 2685 3381 enim
2720 3325 3026 3396 Scripturis
3055 3328 3458 3392 contradicere,
3490 3341 3630 3397 quas

2039 3427 2201 3473 antea
2225 3419 2402 3489 justas
2429 3428 2483 3473 et
2513 3427 2733 3475 sanctas
2756 3418 2993 3483 vocavit,
3021 3435 3127 3474 non
3150 3418 3236 3474 his
3269 3427 3479 3475 tantum
3499 3434 3630 3474 con-

2043 3511 2314 3565 tradicere
2347 3509 2806 3579 deprehenditur,
2857 3510 2952 3566 sed
2976 3511 3030 3565 in
3069 3510 3329 3565 omnibus
3358 3510 3474 3565 fere
3514 3510 3632 3581 ipse

2038 3602 2143 3657 sibi
2177 3601 2279 3673 ipsi
2302 3613 2387 3657 est
2409 3602 2748 3659 contrarius.
2778 3603 2838 3657 ln
2868 3603 3048 3673 capite
3077 3601 3226 3657 enim
3247 3601 3631 3672 Elnesa,quod

2039 3694 2287 3749 mulieres
2311 3694 2605 3765 signiﬁcat,
2633 3695 2713 3750 sic
2744 3694 2928 3765 inquit
2956 3714 2969 3749 :
3000 3694 3113 3750 Nisi
3144 3711 3174 3750 a
3207 3696 3319 3751 Deo
3357 3705 3510 3752 esset
3529 3694 3629 3750 Al-

2038 3804 2330 3854 coranum,
2362 3790 2532 3844 multa
2578 3790 2630 3843 in
2667 3804 2736 3844 eo
2772 3788 3153 3844 invenirentur
3182 3788 3628 3846 contradictoria.

2037 3880 2175 3938 Cum
2208 3898 2341 3938 sane
2364 3883 2735 3954 ipsemeLnon
2761 3892 2948 3953 posset
2979 3883 3096 3938 suis
3123 3883 3299 3939 oculis
3316 3882 3633 3954 Scripturas

2037 3974 2248 4030 intueri
2274 4017 2289 4041 ,
2325 3977 2642 4031 necessario
2667 3976 2910 4046 confugit
2935 3975 3004 4030 ad
3056 3976 3363 4039 mendacia,
3389 3977 3545 4045 quasi
3566 3992 3631 4031 ea

2038 4084 2161 4139 qua:
2191 4070 2452 4124 dicuntur
2486 4085 2519 4123 a
2555 4068 2664 4123 Deo
2692 4068 2822 4123 sint.
2857 4068 2924 4121 Et
2953 4069 3232 4138 quomodo
3260 4085 3291 4123 a
3312 4070 3424 4124 Deo
3450 4083 3626 4134 esses,

2040 4160 2314 4216 mendacii
2350 4161 2607 4215 minister
2630 4171 2687 4216 et
2710 4171 2867 4231 pater
2891 4161 2914 4215 ?
2934 4161 3036 4217 Ubi
3063 4163 3212 4217 enim
3241 4163 3588 4218 mendacium
3611 4205 3628 4230 ,

2040 4253 2115 4308 ibi
2151 4253 2295 4308 Deus
2340 4253 2521 4308 locum
2578 4269 2689 4309 non
2725 4254 2934 4319 habet;
2975 4265 3030 4309 et
3074 4254 3165 4308 ubi
3208 4255 3353 4309 Deus
3381 4263 3507 4317 est.
3552 4255 3629 4310 ibi

2039 4345 2387 4399 mendacium
2415 4335 2636 4400 defecit.
2664 4343 2927 4400 Tenebrae
2940 4345 3089 4400 enim
3123 4344 3352 4399 luminis
3383 4359 3628 4415 praesen~

2040 4436 2176 4491 tiam
2210 4450 2320 4490 non
2364 4433 2690 4498 sustinent,
2739 4431 3209 4503 quemadmodum
3262 4447 3367 4489 nec
3402 4432 3632 4487 morbus

345 4512 446 4585 τὴν
485 4513 580 4567 τοῦ
618 4515 798 4583 φωτὸς
827 4515 1158 4587 παρουσίαν,
1209 4514 1286 4576 ὡς
1338 4512 1461 4566 οὐδὲ
1506 4514 1665 4578 νόσος
1718 4512 1934 4588 ὑγιείας

2039 4528 2276 4585 sanitate
2314 4527 2645 4585 succedente
2675 4525 2952 4594 subsistit.

348 4605 719 4678 ἐπιλαϐούσης
751 4608 995 4664 ίσταται.

420 4698 508 4766 ιγ’.
553 4701 676 4753 Ἔτι
710 4701 954 4773 ἀρχηγὸν
1007 4701 1104 4754 καὶ
1154 4699 1479 4754 διδάσκαλον
1541 4700 1737 4754 ἑαυτὸν
1794 4694 1937 4754 εἶναι

347 4787 524 4856 λέγων
582 4786 679 4841 τοῦ
730 4790 926 4860 νόμου,
997 4791 1169 4871 ὅνπερ
1219 4793 1334 4854 τοῖς
1398 4791 1630 4860 ἀνόμοις
1696 4788 1934 4859 ἐξέθετο,

346 4878 577 4933 καὶτοῦ
638 4881 971 4952 Κυρῤὰν,δν
1017 4883 1424 4954 συνεγράψατο,
1477 4885 1586 4936 ὀὐκ
1643 4885 1933 4953 ᾐσχύνετο.

344 4973 490 5042 Φησὶ
506 4975 616 5046 γὰρ
648 4974 732 5028 ὅτι
764 4975 795 5026 6
827 4974 976 5038 Νῶε,
1021 4977 1050 5028 6
1098 4975 1373 5048 Ἀϐραὰμ,
1406 4977 1434 5030 6
1493 4976 1706 5041 Ἰσαὰκ,
1756 4978 1784 5029 ό
1826 4976 1934 5027 Ἰα-

346 5062 486 5128 κὼϐ,
522 5064 661 5120 ἀλλὰ
696 5066 795 5119 καὶ
826 5067 877 5119 οἱ
911 5066 1008 5121 τοῦ
1042 5069 1282 5139 Χριστοῦ
1316 5070 1608 5125 ἀπόστολοι
1650 5069 1744 5122 τοῦ
1762 5066 1932 5122 αὐτοῦ

343 5152 626 5223 δόγματος
654 5150 824 5228 ἦσαν.
871 5158 986 5211 Καὶ
1035 5159 1155 5223 πῶς
1199 5158 1297 5214 τοῦ
1337 5161 1506 5215 αὐτοῦ
1559 5161 1834 5230 δόγματος
1887 5158 1937 5210 οἱ

345 5246 665 5316 ἀπόστολοι,
703 5249 755 5303 οἱ
785 5251 894 5321 πρὸ
947 5250 1043 5304 σοῦ
1074 5251 1439 5322 γεννηθέντες
1493 5253 1714 5324 χρόνοις
1763 5253 1938 5305 ἑπτα.-

349 5340 580 5407 κοσίοις,
613 5342 775 5415 εἴπερ
798 5344 865 5397 σὺ
898 5344 1140 5415 ἀρχηγὸς
1198 5345 1293 5397 τοῦ
1351 5344 1662 5415 δόγματοςς
1720 5344 1844 5407 Πῶς
1883 5342 1940 5396 δὲ
2008 5344 2009 5347 “

352 5434 455 5487 καὶ
498 5435 549 5487 οἱ
589 5435 696 5504 1:96
755 5434 1006 5501 ἐκείνων,
1034 5437 1066 5490 ὃ
1122 5452 1184 5489 τε
1253 5436 1677 5516 ’Δϐραὰμμκαὶἶ
1718 5437 1935 5503 Ἰσαὰκ,

352 5525 449 5580 καὶ
489 5523 685 5579 Ἰακὼϐ
714 5527 1079 5599 γεννηθέντες
1111 5528 1363 5601 χρόνοις;
1398 5531 1523 5597 Πῶς
1547 5532 1594 5585 δ’
1609 5526 1770 5596 αὖθις
1788 5532 1937 5598 Νῶε,

352 5620 381 5671 6
413 5619 522 5691 1:96
546 5619 758 5675 τούτων
791 5622 1021 5693 χρόνους
1051 5627 1479 5695 τετρακοσίουςς
1517 5627 1579 5680 Et
1617 5626 1721 5698 μὲν
1745 5625 1837 5681 οῦν
1873 5625 1937 5679 σὺ

355 5706 408 5765 εἶ
434 5714 463 5767 6
493 5713 739 5783 ἀρχηγὸς
770 5717 869 5770 καὶ
919 5716 1021 5787 τῆς
1058 5718 1259 5781 κακίας
1298 5720 1626 5792 ὲφευρετὴς,
1654 5720 1793 5790 ὅπερ
1822 5719 1939 5774 ἐστὶ

354 5806 447 5862 καὶ
478 5807 727 5879 ἀλήθεια,
777 5809 953 5885 ψεύδῃ
977 5812 1153 5882 λέγων
1212 5807 1356 5870 εἷναι
1387 5815 1632 5880 ἐκείνους
1654 5814 1750 5868 τοῦ
1813 5832 1939 5887 μια-

2114 4707 2200 4764 15.
2228 4708 2499 4763 Praeterea
2529 4708 2725 4762 ducem
2749 4713 2805 4760 et
2832 4707 3156 4776 magistrum
3192 4718 3253 4760 se
3280 4702 3472 4759 dicens
3503 4717 3629 4759 esse

2038 4798 2196 4869 legis,
2226 4814 2391 4868 quam
2420 4798 2631 4869 iniquis
2668 4797 2814 4865 tulit,
2846 4797 3136 4854 Alcorrani
3168 4797 3348 4867 ipsum
3378 4811 3489 4851 non
3519 4811 3626 4866 pu-

2039 4890 2184 4946 duit.
2208 4891 2352 4946 Dicit
2382 4890 2551 4953 enim,
2582 4890 2730 4960 quod
2758 4890 2894 4954 Noe,
2927 4888 3224 4950 Atraham.
3247 4889 3414 4953 lsaac,
3436 4888 3627 4953 Jacob,

2039 4981 2135 5037 sed
2165 4990 2222 5037 et
2246 4981 2422 5050 ipsius
2447 4980 2651 5037 Christi
2680 4981 2914 5051 apostoli
2946 4981 3195 5051 ejusdem
3227 4981 3364 5052 legis
3386 4988 3629 5036 sectato-

2041 5091 2132 5130 res
2162 5075 2390 5130 fuerint.
2424 5076 2492 5129 Et
2517 5077 2795 5145 quomodo
2818 5074 3071 5146 ejusdem
3098 5075 3370 5146 dogmatis
3392 5073 3629 5144 apostoli

2040 5170 2286 5231 fuerunt,
2314 5167 2407 5236 qui
2450 5167 2775 5237 priusquam
2811 5176 2868 5222 tu
2913 5168 3249 5230 nascereris,
3282 5168 3447 5221 annis
3479 5167 3635 5221 vixe-

2043 5268 2174 5313 runt
2219 5259 2442 5314 circiter
2490 5257 2875 5327 septingentis,
2930 5259 2976 5312 si
3027 5265 3085 5311 tu
3143 5257 3417 5328 dogmatis
3466 5255 3633 5326 hujus

2041 5359 2236 5407 auctor
2257 5350 2355 5406 es?
2380 5348 2668 5416 Quomodo
2694 5365 2824 5405 vero
2861 5348 3163 5414 Abraham,
3191 5349 3344 5404 Isaac
3364 5347 3629 5415 etJacob,

2044 5453 2126 5502 tot
2159 5454 2287 5500 ante
2317 5443 2420 5499 hos
2471 5441 2687 5498 saeculis
2726 5441 2881 5497 nati:
2931 5440 3211 5510 quomodo
3256 5440 3456 5497 iterum
3489 5439 3630 5502 Noe,

2028 5536 2135 5607 -qui
2172 5546 2305 5591 ante
2356 5535 2459 5590 bos
2512 5534 2651 5589 vixit
2679 5534 2841 5590 annis
2902 5532 3128 5589 circiter
3168 5527 3632 5602 quadringentis?

2038 5628 2198 5695 Quod
2236 5628 2282 5683 si
2336 5635 2393 5682 tu
2432 5625 2596 5699 igitur
2623 5634 2816 5683 auctor
2845 5636 2898 5681 el
2939 5626 3195 5681 inventor
3221 5618 3522 5694 impietatis
3567 5631 3631 5670 es

2046 5721 2129 5792 (ut
2151 5721 2318 5776 ctiam
2345 5736 2421 5783 es,
2433 5722 2676 5791 revera),
2701 5719 2839 5775 falso
2869 5719 3009 5775 dicis
3026 5717 3153 5775 illos
3177 5713 3379 5785 impuri
3406 5710 3631 5780 dOgma-

2044 5813 2115 5870 tis
2162 5813 2401 5872 asseclas
2442 5814 2633 5871 fuisse.
2680 5812 2739 5872 Si
2778 5826 2931 5882 vero,
2964 5821 3026 5873 ut
3057 5811 3214 5879 facis,
3268 5807 3392 5868 illos
3433 5800 3627 5859 eadem
