4058 6480
445 359 549 429 οιι
1663 353 1989 416 JOANNIS
2025 353 2551 417 CANTACUZENI
3627 360 3740 425 612

443 475 658 532 sentire
680 473 910 539 asseris,
934 473 1167 526 rursum
1193 469 1468 526 mendacii
1500 457 1868 533 convinceris,
1897 468 2042 538 quod

2158 470 2248 541 ροῦ
2280 469 2501 522 roum»?
2552 469 2826 538 δόγματος
2851 481 2864 497 ·
2893 471 2941 522 εί
2965 467 3010 522 δ’
3039 468 3114 533 ὡς
3148 468 3328 540 λέγεις
3355 473 3425 526 τὰ
3457 474 3604 530 αὐτὰ
3639 480 3744 532 κά.

444 579 502 624 te
535 568 676 639 elegis
707 574 995 622 auctorem
1031 563 1305 619 nomines.
1339 561 1451 618 Nec
1499 562 1648 618 enim
1675 564 1877 632 poterit
1913 563 2039 618 fons

2158 563 2370 626 κείνους
2403 565 2648 634 φρονεῖν,
2680 563 2775 616 καὶ
2808 563 2953 615 οὕτω
2975 563 3151 634 ψεύδῃ
3213 566 3464 636 ἀρχηγὸν
3508 572 3745 623 σεαυτὸν

439 672 514 719 ’ex
550 675 662 716 uno
704 659 1012 729 eodemque
1050 656 1226 712 canali
1263 670 1462 726 aquam
1499 654 1720 709 dulcem
1773 656 1939 710 simul
1983 665 2043 712 et

449 767 695 810 amaram
721 751 1036 814 effundere,
1070 748 1156 804 vel
1189 762 1377 803 verum
1409 755 1465 802 et
1488 746 1707 801 falsum.
1743 746 1851 802 Sed
1890 750 2041 818 quod

453 849 574 918 ipse
613 861 712 916 per
749 843 1116 916 ignorantiam
1155 841 1254 896 tibi
1287 839 1659 903 contradicas,
1696 855 1889 894 verum
1932 853 2038 896 est.

449 935 722 1002 Quoniam
757 935 892 990 ﬁdes
941 948 1050 988 non
1107 931 1160 984 vi
1213 945 1316 985 nec
1355 929 1689 984 necessitate
1717 929 1902 994 datur,
1943 930 2041 986 sed

449 1026 740 1082 electionis
798 1033 854 1080 et
884 1021 1186 1080 voluntatis
1233 1031 1338 1076 est.
1375 1020 1696 1091 Corporalia
1731 1021 1878 1075 enim
1930 1022 2042 1078 vim

453 1119 704 1172 sentiunt
730 1133 745 1182 ;
773 1117 957 1171 anima
990 1128 1144 1180 vero,
1169 1121 1225 1167 et
1250 1128 1372 1183 quae
1397 1113 1544 1166 illius
1574 1121 1724 1174 sunt,
1759 1128 1866 1167 non
1887 1114 2039 1169 item.

455 1209 565 1266 Sed
599 1210 782 1263 anima
819 1205 1230 1278 quodammodo
1261 1205 1350 1258 sui
1401 1205 1546 1276 juris
1587 1213 1693 1270 est,
1735 1212 1792 1259 et
1823 1205 1998 1259 libera
2027 1223 2042 1270 ;

453 1305 601 1377 quod
634 1304 784 1359 enim
824 1301 1005 1358 credit
1029 1312 1086 1357 et
1130 1301 1269 1364 vult,
1312 1298 1450 1354 illud
1487 1307 1636 1352 amat
1661 1306 1719 1352 et
1756 1297 2046 1367 amplecti-

453 1408 562 1451 tur.
596 1395 751 1464 Quod
773 1404 957 1449 autem
988 1394 1041 1447 vi
1076 1392 1370 1462 contingit,
1400 1400 1612 1444 motum
1656 1404 1688 1444 a
1719 1389 1904 1460 seipso
1935 1404 2046 1443 non

454 1489 625 1543 habet
662 1505 675 1542 :
707 1487 855 1558 quod
894 1496 1082 1542 autem
1121 1484 1360 1555 propria:
1408 1492 1618 1538 natura;
1663 1490 1956 1554 repugnat,
1989 1491 2048 1536 et

451 1581 678 1635 aliunde
713 1590 984 1644 movetur,
1015 1581 1232 1633 firmum
1267 1592 1374 1631 non
1407 1586 1523 1642 est;
1553 1584 1610 1631 et
1647 1577 1792 1646 quod
1829 1576 2046 1652 ﬁrmum

456 1690 563 1729 non
616 1684 719 1740 est,
757 1689 860 1728 nec
904 1673 1074 1728 etiam
1117 1671 1317 1726 stabile
1371 1675 1500 1725 erit.
1539 1667 1818 1739 Evangelii
1861 1683 2047 1721 autem

456 1767 544 1820 lex
573 1774 630 1820 et
677 1765 832 1818 ﬁrma
875 1774 980 1827 est,
1013 1773 1066 1817 et
1109 1762 1346 1825 stabilis,
1387 1769 1615 1832 prOptcr
1647 1759 1859 1829 proprii
1905 1759 2049 1829 juris

2152 656 2471 724 ἀποκαλῶν.
2510 657 2621 710 Καὶ
2643 657 2752 726 γὰρ
2785 657 2845 710 ού
2887 657 3116 710 δύναται
3142 659 3294 730 πηγὴ
3344 662 3408 713 ὲκ
3449 663 3546 732 τῆς
3568 664 3745 732 αὐτῆς

2155 749 2253 802 καὶ
2314 750 2448 818 μιᾶς
2483 749 2624 818 ὀπῆς
2658 748 2878 818 βλύζειν
2919 751 3072 818 νᾶμα
3116 750 3292 817 γλυκὺ
3354 753 3448 804 καὶ
3517 757 3743 823 πικρδν,

2156 840 2274 910 ἦτοι
2314 840 2516 909 ψεῦδος
2556 842 2652 894 καὶ
2674 841 2959 908 ἀλήθειαν.
2992 843 3135 895 Ἀλλ’
3160 844 3297 914 ὅπερ
3329 845 3491 909 αὐτὸς
3525 847 3744 915 ἀγνοῶν

2153 930 2533 1004 καταγγέλλῃ,
2567 931 2729 986 τοῦτό
2767 934 2919 986 ἐστιν
2953 935 2986 1003 ὴ
3023 933 3279 1004 ἀλήθεια,
3329 935 3412 988 ὅτι
3459 939 3492 1006 ή
3555 937 3748 998 πίστις

2154 1026 2258 1078 οὐκ
2283 1023 2398 1076 ἔστι
2431 1023 2530 1088 τῆς
2558 1023 2678 1092 βίας
2714 1023 2810 1078 καὶ
2842 1024 2944 1092 τῆς
2965 1026 3235 1096 ἀνάγκης,
3257 1025 3394 1080 ἀλλὰ
3415 1029 3516 1096 τῆς
3549 1045 3717 1098 προαι
3736 1057 3753 1068 -

2157 1118 2362 1187 ρέσεως
2401 1116 2498 1170 καὶ
2529 1117 2824 1185 θελήσεως.
2855 1118 2935 1169 Τὰ
2971 1118 3087 1186 γὰρ
3149 1119 3444 1187 σωματικά
3468 1118 3748 1188 -δέχονται

2152 1209 2215 1260 r6
2242 1209 2435 1279 βίαιον,
2465 1209 2534 1262 τὰ
2564 1208 2618 1262 δὲ
2642 1207 2855 1278 ψυχικά
2882 1209 2980 1279 οὐχ
3017 1208 3216 1273 οὕτως.
3256 1210 3398 1263 Ἀλλ’
3425 1210 3502 1273 ὡς
3549 1210 3748 1275 αὐτεξ-

2151 1300 2336 1363 ούσιος
2383 1301 2480 1353 καὶ
2533 1300 2793 1370 ἐλευθέρα
2842 1302 2874 1372 ἡ
2942 1301 3110 1373 ψυχὴ,
3155 1303 3294 1372 ὅπερ
3347 1303 3592 1356 πιστεύει
3646 1306 3744 1356 καὶ

2157 1393 2438 1465 βούλεται,
2495 1391 2655 1447 τοῦτο
2719 1395 2812 1448 καὶ
2873 1397 3097 1466 στέργει
3141 1397 3234 1448 καὶ
3279 1396 3513 1466 δέχεται.
3567 1397 3641 1448 Τὸ
3687 1396 3747 1450 δὲ

2159 1486 2300 1556 μετά
2337 1483 2460 1553 βίας
2488 1486 2816 1555 γιγνόμενον
2842 1487 2948 1540 οὐκ
2985 1487 3105 1557 ἔχει
3138 1490 3233 1557 ἀφ’
3257 1490 3459 1542 ἑαυτοῦ
3519 1489 3618 1560 τὴν
3653 1491 3743 1544 κί-

2156 1598 2336 1648 νησιν,
2373 1581 2494 1650 ἤτοι
2535 1581 2692 1651 παρὰ
2719 1581 2822 1651 τὴν
2877 1581 3020 1635 ἰδίαν
3071 1582 3269 1650 φύσιν’
3307 1582 3406 1636 καὶ
3442 1581 3504 1634 τὸ
3544 1582 3749 1652 ἐτέρω-

2156 1673 2251 1726 Θεν
2286 1673 2616 1742 κινούμενον
2645 1673 2745 1726 οὐκ
2791 1673 2906 1742 ἔχει
2971 1675 3034 1728 r6
3089 1674 3309 1744 βέϐαιον
3343 1691 3358 1707 ο
3394 1676 3492 1728 καὶ
3550 1676 3613 1728 τὸ
3670 1676 3750 1744 μὴ

2157 1764 2280 1834 ἔχον
2310 1764 2371 1816 τὸ
2401 1763 2623 1834 βέϐαιον
2657 1767 2759 1818 οὐκ
2791 1765 2906 1835 ἔχει
2945 1768 3002 1819 τὸ
3048 1765 3305 1836 μόνιμον.
3358 1765 3503 1820 Ἀλλ’
3558 1767 3590 1819 6
3644 1769 3748 1837 μὲν

458 1865 808 1926 potestatem,
830 1863 885 1910 et
915 1855 1086 1924 ipsius
1110 1855 1450 1908 voluntatem
1473 1849 1691 1904 animm.
1721 1869 1738 1900 ι
1766 1849 1869 1915 Qui
1906 1848 2048 1902 enim

2159 1855 2254 1909 τοῦ
2281 1855 2620 1923 Εὑαγγελίου
2656 1857 2822 1924 νόμος
2851 1857 2966 1927 ἔχει
3019 1858 3080 1910 τὸ
3134 1859 3354 1928 βέϐαιόν
3395 1876 3455 1911 τε
3504 1859 3600 1912 καὶ
3648 1861 3754 1927 μό-

459 1955 663 2017 potest,
699 1946 880 2015 inquit
919 1945 1198 2006 Christus,
1232 1959 1454 2012 capere,
1487 1943 1667 2011 capiat
1697 1940 1762 1993 ⁸⁸.
1807 1961 1825 1992 ι
1861 1939 2052 1994 Μοὺθ-

462 2039 624 2092 metis
653 2038 739 2092 lex
778 2052 878 2091 nec
910 2036 1063 2091 ﬁrma
1103 2045 1211 2102 est,
1246 2051 1350 2090 nec
1378 2035 1617 2100 stabilis,
1666 2049 1734 2089 eo
1780 2033 1926 2103 quod
1957 2048 2054 2103 per

460 2133 701 2202 gladium
750 2143 807 2188 et
857 2134 966 2187 vim
1013 2132 1477 2196 administretur;
1514 2131 1645 2186 licet
1691 2131 1788 2184 Dei
1825 2129 2054 2201 judiciis

464 2229 633 2298 hujus
662 2227 918 2298 impietas
947 2225 1197 2290 dilatata,
1235 2233 1290 2279 et
1329 2224 1544 2278 viribus
1583 2231 1744 2278 aucta
1791 2223 1882 2277 sit.
1939 2221 2048 2276 Sed

459 2327 728 2389 quantum
762 2333 792 2372 a
829 2317 972 2372 coelo
1020 2326 1164 2371 terra
1199 2315 1389 2380 distat,
1441 2322 1654 2368 tantum
1697 2311 1790 2366 Dei
1825 2310 2056 2367 consilia

460 2410 532 2465 ab
555 2408 814 2465 humanis
847 2407 1133 2473 differunt,
1163 2416 1220 2461 et
1266 2406 1416 2462 illius
1454 2403 1818 2474 cogitationes
1847 2404 1918 2459 ab
1949 2403 2057 2457 ltu-

462 2501 644 2554 manis
671 2497 1128 2569 cogitationibus,
1158 2495 1630 2566 quemadmodum
1661 2503 1717 2550 et
1749 2495 1865 2562 ipse
1912 2495 2059 2551 Deus

465 2607 566 2662 per
595 2591 792 2646 Isaiam
841 2589 1168 2660 prephetam
1213 2585 1507 2642 manifeste
1559 2587 1889 2642 declaravit.
1923 2585 2058 2640 Pro-

467 2690 655 2753 pterea
683 2695 784 2735 nos
837 2694 1059 2751 quoque
1118 2693 1244 2734 cum
1281 2677 1452 2732 Paulo
1483 2677 1742 2746 theologo
1774 2676 2013 2731 dicimus
2041 2692 2056 2730 :

2159 1965 2320 2018 νιμον
2365 1947 2455 2000 διὰ
2485 1948 2548 2000 r6
2577 1947 2938 2012 αὐτεξούσιον
2979 1950 3077 2004 καὶ
3121 1951 3221 2020 τὴν
3275 1950 3383 2003 ἀπὸ
3415 1953 3515 2020 τῆς
3567 1949 3761 2020 ψυχῆς
3805 2001 3834 2026 ο

2159 2041 2384 2110 θέλησιν
2415 2053 2430 2071 ⁸
2470 2058 2490 2091 ι
2532 2039 2590 2092 ⁸0
2638 2040 2942 2110 δυνάμενος
2992 2041 3103 2111 γὰρ
3131 2081 3145 2105 ,
3216 2042 3383 2112 φησὶν
3433 2043 3461 2095 6
3517 2041 3750 2112 Κύριος.

2157 2134 2360 2203 χωρεῖν
2413 2132 2684 2202 χωρείτω.
2732 2150 2750 2183 ι
2799 2133 2860 2185 '0
2886 2133 2945 2186 δὲ
2981 2132 3077 2185 τοῦ
3135 2132 3382 2203 Μωάμεθ
3418 2134 3584 2203 νόμος
3649 2136 3750 2188 οὐκ

2161 2223 2275 2294 ἔχει
2313 2223 2376 2276 τὸ
2405 2223 2628 2294 βέϐαιον
2655 2223 2754 2276 καὶ
2781 2224 3034 2295 μόνιμον,
3089 2224 3180 2279 διὰ
3245 2223 3307 2278 τὸ
3373 2227 3512 2294 μετά
3565 2225 3739 2292 ξίφους

2163 2315 2261 2368 καὶ
2318 2314 2418 2368 σὺν
2451 2313 2546 2386 βίᾳ
2601 2315 2994 2369 πολιτεύεσθαι
3040 2315 3257 2380 τοῦτον,
3312 2317 3418 2370 κᾶν
3479 2317 3577 2382 καὶ
3633 2316 3741 2386 κρί-

2168 2401 2466 2476 μασιν,οἷς
2496 2403 2603 2460 οἶδε
2661 2405 2818 2471 Θεὸς,
2866 2409 2961 2462 καὶ
3025 2408 3336 2480 ίπλατύνθη
3367 2411 3463 2462 καὶ
3515 2408 3754 2479 ἐπεκρά-

2163 2517 2334 2571 τησεν
2365 2502 2399 2571 ἡ
2459 2499 2650 2553 τούτου
2711 2499 2962 2555 ἀσέϐεια.
3035 2501 3178 2554 Ἀλλ’
3237 2501 3432 2574 ὥσπερ
3486 2502 3684 2570 ἀπέχει
3731 2505 3759 2553 6

2167 2594 2402 2663 οὐρανὸς
2431 2593 2541 2646 ἀπὸ
2571 2593 2672 2662 τῆς
2727 2593 2854 2662 γῆς,
2901 2591 3078 2658 οὕτως
3121 2594 3426 2664 ἀπέχουσιν
3481 2597 3536 2648 ai
3561 2593 3762 2664 paula!

2172 2684 2266 2737 τοῦ
2301 2683 2439 2737 Θεοῦ
2474 2684 2583 2738 ἀπὸ
2616 2685 2724 2737 τῶν
2759 2685 3143 2754 ἀνθρωπίνων,
3173 2687 3268 2740 καὶ
3303 2686 3378 2740 τὰ
3415 2686 3610 2739 τούτου
3637 2686 3766 2739 δια-

474 2793 494 2826 (
530 2772 575 2828 Ο
623 2771 1057 2843 profunditatem
1097 2769 1416 2826 divitiarum
1461 2769 1750 2838 sapientia:
1787 2776 1848 2822 et
1872 2767 2048 2838 cogni-

2173 2777 2426 2846 νοήματα
2472 2775 2584 2829 ἀπὸ
2646 2775 2756 2829 τῶν
2809 2777 3171 2848 ἀνθρωπίνων
3229 2776 3493 2843 ὡσαύτως
3543 2777 3768 2848 διανοη-

469 2864 638 2922 tionis
672 2863 764 2919 Dei
799 2881 815 2920 :
854 2877 1019 2934 quam
1051 2859 1378 2918 abscondita
1445 2871 1576 2915 sunt
1634 2859 1844 2930 judicia
1889 2859 2048 2922 illius

2174 2867 2387 2936 μάτων,
2454 2865 2639 2929 καθὼς
2702 2867 2868 2930 αὐτὸς
2923 2869 2952 2920 6
2995 2867 3129 2932 Θεὸς
3175 2867 3266 2921 διὰ
3315 2867 3413 2922 τοῦ
3471 2869 3766 2940 προφήτου

466 2967 526 3014 et
576 2973 688 3012 non
727 2955 1148 3027 investigabiles
1185 2955 1292 3010 vias
1338 2955 1496 3027 ejusl
1543 2952 1678 3021 Quis
1706 2952 1854 3008 enim
1905 2951 2048 3006 novil

2183 2957 2413 3012 Ἡσαΐου
2446 2959 2662 3028 τρανῶς
2703 2959 3027 3029 διεσάφησε.
3060 2961 3160 3014 Διά
3209 2960 3369 3015 τοῦτο
3399 2961 3499 3015 σὺν
3524 2962 3603 3034 τῷ
3632 2962 3771 3032 θεη-

473 3059 713 3104 mentem
740 3049 1010 3105 Domini?
1053 3056 1151 3103 aut
1188 3047 1316 3118 quis
1339 3047 1419 3102 illi
1452 3047 1557 3102 fuit
1579 3061 1611 3102 a
1643 3045 1894 3102 consiliis
1923 3046 1998 3098 ιιι
2038 3062 2048 3098 ι

2171 3049 2321 3119 γόρῳ
2366 3049 2568 3121 Παύλῳ
2599 3051 2698 3104 καὶ.
2728 3052 2891 3120 ἡμεῖς
2940 3051 3207 3123 εἴπωμεν,
3243 3069 3262 3104 ι
3307 3048 3378 3106 Ὦ
3405 3051 3572 3125 βάθος
3597 3056 3775 3109 πλού-

472 3143 640 3201 Novit
678 3144 830 3199 enim
878 3143 1150 3198 Dominus
1183 3142 1307 3212 pios
1341 3139 1645 3205 custodire,
1680 3140 1901 3210 iniquos
1932 3153 2048 3194 νει-ι

2174 3158 2270 3194 του
2299 3142 2394 3194 καὶ
2432 3143 2625 3212 σοφίας
2649 3145 2746 3196 καὶ
2777 3143 3036 3212 γνώσεως
3063 3143 3224 3213 Θεοῦ,
3247 3144 3326 3209 ὡς
3357 3145 3769 3219 ἀνεξερεύνητα

471 3247 701 3292 servare
731 3231 801 3287 ad
834 3233 981 3288 diem
1004 3233 1228 3304 judicii,
1255 3232 1570 3303 puniendos
1608 3231 1735 3302 igne
1769 3232 2048 3301 sempiter-

2173 3233 2244 3287 τὰ
2269 3237 2518 3304 κρίματα
2551 3235 2742 3302 αὑτοῦ,
2771 3236 2868 3289 καὶ
2900 3235 3304 3307 ἀνεξιχνίαστοι
3334 3239 3390 3292 αἱ
3419 3239 3533 3293 ὁδοὶ
3567 3239 3768 3295 αὐτοῦ.

471 3340 568 3381 ιιο.
598 3323 720 3380 Lux
751 3324 904 3380 enim
935 3324 1238 3394 impiorum
1262 3323 1655 3394 exstinguitur.
1697 3323 1930 3393 Insuper
1961 3322 2048 3375 hoc

2169 3322 2266 3385 Τίς
2307 3321 2416 3394 γὰρ
2440 3323 2586 3391 ἔγνω
2619 3323 2745 3377 νοῦν
2801 3325 3036 3400 Κυρίου,
3073 3327 3105 3394 ἢ
3143 3324 3228 3390 τίς
3248 3325 3556 3398 σύμϐουλος
3590 3329 3767 3384 αὐτοῦ

470 3417 612 3474 dicit
657 3417 941 3473 Mahomet
987 3436 1002 3474 :
1051 3417 1176 3473 Non
1227 3418 1356 3474 veni
1405 3418 1584 3488 legem
1640 3416 2048 3472 conﬁrmatum:

2170 3415 2419 3482 ἐγένετος
2454 3435 2475 3468 ι
2496 3411 2622 3469 Οἵδε
2637 3417 2746 3488 γάρ
2769 3417 2973 3489 Κύριος
2988 3417 3232 3484 εὐσεϐεῖς
3259 3418 3508 3489 ῥύεσθαι,
3525 3420 3773 3492 ἀνόμους

473 3510 784 3575 miraculis,
806 3509 903 3564 sed
935 3524 1036 3580 per
1065 3508 1328 3579 gladium.
1359 3509 1429 3564 Et
1454 3510 1559 3564 hoc
1579 3522 1709 3564 vere
1739 3508 1882 3570 dixit
1913 3524 1927 3573 ;
1966 3510 2048 3562 mit

2169 3504 2229 3556 δὲ
2256 3505 2445 3574 τηρεῖν
2471 3505 2552 3566 είς
2604 3505 2826 3575 ἡμέραν
2859 3503 3119 3574 κρίσεως,
3169 3507 3574 3578 κολαζομένους
3629 3511 3770 3565 αἰω-

474 3602 796 3657 raculorum
821 3601 975 3657 enim
998 3600 1200 3664 virtus,
1231 3600 1546 3656 divinorum
1577 3609 1664 3656 est
1684 3615 1980 3656 munerum
2010 3616 2040 3654 e

2172 3589 2269 3661 νίῳ
2298 3591 2453 3661 πυρί.
2483 3590 2604 3654 «Ιιῶς
2649 3594 2759 3660 γὰρ
2794 3592 3010 3647 ἀσεϐῶν
3063 3592 3375 3650 σϐέννυται.
3432 3595 3554 3651 Ἔτι
3603 3597 3770 3652 τοῦτό

475 3693 695 3749 dotum.
730 3693 798 3747 Et
829 3706 1084 3763 quaenam
1112 3692 1242 3748 boni
1269 3707 1396 3748 cum
1439 3693 1586 3748 malo
1615 3701 1701 3748 est
1725 3691 2046 3747 communio

2169 3696 2342 3750 φησιν
2374 3680 2403 3732 6
2431 3681 2701 3752 Μωάμεθ,
2736 3681 2812 3746 ὡς
2853 3683 2998 3752 Ἐγὼ
3027 3685 3130 3738 οὐκ
3148 3680 3316 3756 ἦλθον
3367 3686 3461 3741 τδν
3497 3687 3663 3759 νόμον
3677 3689 3769 3746 διά

473 3785 642 3840 Nulla
665 3786 914 3841 omnino.
942 3785 1048 3841 Sed
1079 3785 1550 3856 quemadmodum
1576 3785 1780 3839 malum
1810 3791 2048 3852 tanquan

2176 3770 2472 3838 θαυμάτων
2509 3771 2912 3833 πιστώσασθαι,
2945 3773 3084 3827 ἀλλά
3117 3774 3208 3829 διά
3235 3775 3443 3845 ξίφους.
3479 3779 3588 3833 Καὶ
3604 3778 3768 3834 τοῦτο

479 3889 660 3943 non,a
697 3873 811 3930 Deo
858 3874 1088 3942 factum,
1121 3889 1232 3929 non
1277 3875 1508 3945 proprie
1563 3889 1663 3943 per
1699 3887 1758 3927 se
1789 3872 2048 3927 subsistit

2176 3861 2396 3932 ἀληθῶς
2435 3863 2678 3935 εἴρηκεν.
2721 3863 2788 3918 Ἦ
2814 3865 2924 3938 γὰρ
2954 3866 3063 3922 τῶν
3099 3865 3393 3939 θαυμάτων
3423 3869 3667 3941 ἐνέργεια
3704 3871 3772 3925 ἓν

473 3977 578 4034 sed
609 3987 836 4048 prepter
885 3976 1018 4032 boni
1059 3975 1344 4031 interitum
1371 3985 1430 4030 et
1477 3975 1779 4038 defectum,
1814 3983 2048 4042 tanquan

2177 3954 2296 4006 ἐστι
2328 3954 2438 4008 τῶν
2466 3954 2560 4007 τοῦ
2613 3955 2751 4008 Θεοῦ
2815 3958 3174 4028 χαρισμάτων
3213 3959 3309 4012 καὶ
3353 3960 3594 4032 δωρεῶν.
3651 3960 3772 4015 Καὶ

475 4081 580 4137 per
610 4045 872 4122 accidens
923 4067 976 4119 in
1009 4066 1082 4120 iis
1111 4066 1315 4136 quibus
1361 4063 1638 4133 contingit
1684 4063 2025 4132 perspicitur

2180 4045 2265 4108 τίς
2318 4047 2574 4100 κοινωνία
2634 4047 2808 4101 κακοῦ
2843 4067 2903 4102 τε
2939 4050 3034 4104 καὶ
3059 4049 3309 4120 ἀγαθοῦ;
3353 4052 3576 4117 Πάντως
3609 4053 3771 4108 οῦδε-

485 4160 561 4213 ita
598 4159 736 4213 mihi
785 4158 854 4213 de
909 4158 1240 4213 Mabometis
1280 4155 1532 4211 doctrina
1577 4155 1782 4210 factum
1831 4155 2048 4210 videtur

2187 4137 2310 4207 μία.
2359 4137 2504 4192 Ἀλλ’
2542 4139 2737 4210 ὥσπερ
2766 4141 2827 4194 τὸ
2846 4141 3016 4195 κακὸν
3049 4143 3125 4206 ὠς
3176 4143 3254 4214 μὴ
3284 4145 3437 4216 παρὰ
3481 4144 3577 4198 τοῦ
3628 4144 3768 4198 Θεοῦ

474 4249 631 4318 quod
682 4246 915 4302 interitu
949 4255 1004 4301 et
1032 4246 1256 4301 defectu
1291 4260 1545 4299 verorum
1599 4245 1696 4300 Dei
1732 4244 2048 4314 dogmatum

2185 4229 2413 4297 γεγονὸς
2438 4230 2540 4283 οὐκ
2569 4229 2685 4300 ἔχει
2747 4230 2886 4285 ίδίαν
2929 4231 3252 4299 ὑπόστασιν,
3300 4235 3437 4288 ἀλλά
3492 4237 3644 4305 παρά
3702 4240 3767 4308 τῇ

478 4353 583 4408 per
613 4337 872 4393 accidens
903 4351 1044 4392 nova
1084 4344 1140 4390 et
1172 4336 1464 4406 peregrina
1513 4335 1600 4392 lex
1632 4337 1902 4405 eruperit,
1940 4334 2048 4406 quil

2171 4319 2508 4374 ιάποπτώσει
2542 4321 2637 4375 καὶ
2668 4321 2904 4392 ἐλλείψει
2941 4323 3036 4377 τοῦ
3097 4323 3307 4391 ἀγαθοῦ
3365 4325 3508 4379 κατά
3565 4326 3764 4395 συμϐε-

477 4426 673 4496 potius
712 4442 742 4480 a
772 4427 1008 4484 veritate
1040 4432 1097 4479 et
1118 4424 1230 4478 Deo
1261 4424 1464 4484 aliena.
1487 4423 1944 4490 Quantumsenim
1977 4425 2048 4480 bo

2185 4413 2355 4484 ϐηκὸς
2401 4414 2692 4486 θεωρεῖται
2729 4417 2788 4469 ἐν
2833 4411 2915 4480 οἷς
2939 4415 3007 4470 ἀν
3035 4416 3285 4486 γένηται,
3310 4417 3454 4472 οὕτω
3519 4435 3615 4489 μοι
3657 4418 3754 4470 νόει

489 4527 694 4581 malum
741 4534 847 4592 est,
889 4531 1040 4580 tanta
1080 4524 1248 4579 etiam
1294 4533 1382 4580 est
1413 4524 1754 4591 absurditas,
1779 4535 1838 4580 et
1868 4525 2048 4580 inordi

2185 4507 2278 4559 καὶ
2318 4507 2412 4560 ἐπὶ
2438 4509 2554 4571 τοῖς
2589 4508 2682 4561 τοῦ
2737 4508 2988 4578 Μωάμεθ
3031 4508 3324 4580 δόγμασιν,
3374 4509 3450 4573 ὡς
3516 4514 3584 4581 τῇ
3639 4512 3767 4564 ἁπο-

2187 4599 2381 4625 __--._-.
2419 4603 2510 4625 --.Α
2543 4600 2775 4625 ι-.π-ι.ι--
2807 4601 2913 4625 _.-...
2939 4601 3025 4625 --ς
3068 4601 3199 4625 ιλ--π
3227 4601 3440 4625 anno}.-.
3463 4603 3746 4625 suum.--

481 4624 612 4670 nata
647 4631 829 4670 rerum
871 4613 1150 4668 confusio.
1177 4613 1656 4680 Quemadmodum
1692 4615 1842 4669 enim
1869 4614 2048 4668 maluu

2187 4599 2386 4655 πτώσει
2419 4603 2515 4654 καὶ
2540 4600 2780 4669 ἐλλείψει
2804 4601 2913 4654 τῶν
2938 4601 3032 4653 τοῦ
3067 4601 3201 4654 Θεοῦ
3224 4601 3440 4672 ἀληθῶν
3461 4603 3770 4674 δογμάτων,

484 4716 712 4779 propter
741 4707 872 4763 boni
903 4705 1185 4762 defectum
1215 4716 1463 4778 apparet,
1500 4708 1682 4776 ipsum
1721 4721 1854 4761 vero
1879 4721 1979 4777 per
2021 4722 2046 4761 s

2189 4693 2330 4748 κατά
2373 4693 2725 4765 συμϐεϐηκὸς
2752 4691 3113 4761 ἀναφαίνεταί
3139 4708 3222 4755 τις
3251 4691 3405 4758 ξένος
3466 4693 3562 4747 καὶ
3617 4691 3775 4746 ἀλλό-

485 4801 799 4857 substantia
870 4808 1023 4855 caret
1069 4820 1082 4856 :
1133 4809 1192 4856 et
1256 4800 1484 4855 morbus
1527 4807 1756 4869 propter
1803 4798 2048 4855 sanitatis

2189 4804 2347 4850 κοτος
2379 4788 2566 4857 νόμος,
2602 4786 2806 4854 μᾶλλον
2830 4787 2888 4840 δὲ
2940 4785 3225 4856 ἀλλότριος
3274 4787 3450 4856 πάντη
3485 4786 3586 4855 τῆς
3639 4785 3776 4855 ἀληο

483 4892 858 4963 confusioque
914 4901 1142 4963 propter
1180 4892 1396 4947 ordinis
1439 4891 1718 4946 defectum
1776 4892 2048 4946 enascitur

2189 4877 2342 4940 θείας
2373 4879 2470 4929 καὶ
2527 4876 2623 4929 τοῦ
2655 4877 2817 4930 Θεοῦ.
2852 4876 3100 4931 Καθόσον
3148 4877 3258 4947 γάρ
3305 4878 3421 4929 ἐστι
3469 4877 3529 4929 τὸ
3575 4877 3772 4942 κακὸν,

482 4983 576 5038 sic
610 4992 663 5036 et
706 4982 1034 5036 Mahometis
1066 4981 1155 5035 lex
1193 4990 1420 5051 propter
1450 4994 1592 5034 vera:
1620 4979 1759 5050 legis
1799 4979 2048 5034 defectun

2187 4973 2332 5026 κατὰ
2359 4970 2614 5025 τοσοῦτόν
2640 4974 2790 5025 ἐστιν
2819 4971 3011 5040 ἀλογία
3048 4973 3143 5026 καὶ
3177 4972 3394 5037 ἀταξία.
3423 4972 3633 5042 Ὥσπερ
3665 4973 3776 5043 γὰρ

486 5087 595 5140 per
626 5071 887 5127 accidens
917 5079 1080 5126 enata
1128 5071 1496 5140 conspicitur,
1527 5080 1738 5125 rectum
1787 5071 2048 5125 simulans

2186 5063 2248 5116 τὸ
2280 5063 2449 5117 κακὸν
2485 5063 2640 5134 παρά
2668 5066 2769 5134 τὴν
2797 5064 3104 5118 ἀπόστασιν
3136 5065 3229 5118 τοῦ
3255 5061 3466 5134 ἀγαθοῦ
3500 5063 3772 5132 φαίνεται,

477 5177 622 5219 cum
651 5163 767 5232 ipsa
801 5177 900 5232 per
924 5177 984 5218 se
1030 5176 1182 5217 mera
1214 5163 1288 5218 sit
1338 5163 1656 5218 absurditas
1700 5172 1757 5218 ct
1803 5162 2048 5218 confusio

2191 5157 2325 5210 αὐτὸ
2353 5156 2410 5209 δὲ
2439 5157 2565 5210 καθ’
2596 5156 2730 5209 αὐτὸ
2755 5158 2857 5209 οὐκ
2887 5158 3004 5227 ἔχει
3053 5158 3352 5211 ύπόστασίν
3396 5173 3538 5223 τινα,
3603 5165 3694 5210 καὶ
3745 5160 3777 5228 ή

481 5253 802 5324 animaeque
848 5254 1098 5320 morbus,
1141 5255 1253 5310 imo
1285 5269 1458 5310 mors.
1502 5254 1740 5310 Tantum
1785 5255 1936 5310 enim
1968 5255 2048 5310 Ma

2191 5248 2349 5312 νόσος
2382 5248 2534 5318 παρὰ
2570 5249 2670 5315 τὴν
2709 5247 2810 5316 τῆς
2865 5248 3100 5316 ὑγιείας,
3161 5247 3258 5302 καὶ
3292 5248 3324 5316 ὴ
3377 5246 3576 5319 ἀταξία
3623 5250 3780 5318 παρά

485 5342 737 5396 ιιοιιιειίε
780 5342 866 5396 lcx
903 5341 1040 5396 boni
1078 5341 1356 5412 particeps
1388 5349 1497 5409 est,
1553 5341 1607 5396 in
1647 5351 1919 5413 quantum
1955 5344 2048 5412 qui

2183 5343 2283 5409 τὴν
2321 5343 2420 5410 τῆς
2455 5341 2685 5406 τάξεως,
2725 5339 2868 5393 οὕτω
2891 5341 3029 5395 καὶὸ
3049 5341 3142 5394 τοῦ
3168 5339 3412 5410 Μωάμεθ
3436 5339 3602 5409 νόμος
3626 5341 3779 5411 παρά

484 5431 604 5488 sibi
644 5432 975 5488 benefacere
1022 5432 1267 5500 videtur.
1315 5433 1516 5488 Nullus
1561 5435 1710 5488 enim
1763 5436 1993 5501 malum,
2022 5453 2048 5489 u

2177 5432 2285 5501 τὴν
2324 5432 2418 5485 τοῦ
2455 5431 2694 5502 ἀληθοῦς
2723 5433 2894 5502 νόμου
2929 5433 3078 5486 κατὰ
3105 5432 3454 5503 συμϐεϐηκὸς
3487 5431 3777 5500 θεωρεῖται

487 5523 682 5592 reipsa
715 5529 823 5588 est,
855 5523 1228 5593 conspiciens,
1259 5539 1324 5579 ea
1350 5541 1471 5596 qua:
1500 5526 1835 5592 committit,—
1853 5527 2048 5581 faceret

2189 5521 2629 5594 ὑποκρινόμενος
2673 5523 2734 5577 τὸ
2777 5525 2963 5595 ὀρθόν.
3022 5526 3200 5589 Αὐτὸς
3224 5525 3435 5578 δὲκαθ’
3465 5523 3631 5578 αὑτὸν
3651 5524 3775 5594 ὅλος

492 5609 669 5668 Suam
726 5615 895 5684 igitur
945 5613 1122 5684 ipsius
1167 5614 1545 5673 inﬁrmitatem
1588 5627 1936 5687 perspectam
1992 5620 2048 5673 lia

2188 5617 2336 5670 ἐστὶν
2371 5618 2563 5686 ἀλογία
2590 5621 2682 5671 καὶ
2711 5620 2932 5687 ἀταξία,
2954 5621 3046 5674 καὶ
3067 5620 3223 5684 νόσος
3253 5619 3455 5690 ψυχῆς,
3471 5618 3682 5690 μᾶλλον
3717 5619 3774 5671 δὲ

575 5796 623 5832 ⁸⁵
657 5796 856 5855 Matth.
898 5815 1016 5869 xix,
1063 5800 1150 5856 l2.
1232 5801 1276 5833 "
1323 5801 1484 5856 Rom.
1529 5815 1608 5870 xl,
1645 5799 1734 5869 5‘5,
1775 5798 1866 5856 34.
