4058 6444
340 381 443 448 613

1345 383 1648 446 CONTRA
1699 375 2195 443 MAHOMETEM
2233 376 2518 442 ORATIO
2562 378 2607 444 Ι.

3499 385 3606 452 ﬁll

339 502 589 566 θάνατος.
615 503 773 556 Κατά
795 499 1048 555 τοσοῦτον
1079 501 1171 555 καὶ
1199 502 1308 571 γὰρ
1331 501 1553 571 μετέχει
1586 501 1616 553 ό
1637 501 1730 553 τοῦ
1758 499 1924 553 Μωὰ-

2029 498 2185 562 bens,
2221 497 2566 552 mendacium
2605 497 2870 566 assumit;
2907 500 3127 556 simulat
3153 511 3335 558 autem
3361 502 3602 559 divinam

342 594 444 662 μεθ
477 595 639 665 νόμος
663 593 754 646 τοῦ
787 592 1014 662 ἀγαθοῦ,
1047 593 1277 648 καθόσον
1322 593 1500 647 δοκεῖν
1540 593 1702 662 μόνον
1739 591 1920 654 καλῶς

341 686 543 739 ποιεῖν.
577 684 772 747 Οὐδεὶς
797 684 908 756 γὰρ
932 687 1010 748 εἰς
1047 685 1220 740 κακὸν
1251 685 1581 738 ἀποϐλέπων
1610 688 1757 738 ποιεῖ
1776 684 1922 754 ἅπερ

340 774 440 828 καὶ
465 774 634 826 ποιεῖ.
671 774 1033 844 Κατανοήσας
1064 775 1248 829 τοίνυν
1268 774 1370 845 τὴν
1395 773 1593 827 ἐαυτοῦ
1611 774 1919 838 ἀσθένειαν,

340 864 642 920 ὑποδύεται
672 865 776 935 μὲν
800 865 862 918 τὸ
889 864 1108 935 ψεῦδος,
1140 867 1503 938 ὑποκρίνεται
1532 865 1590 919 δέ
1642 865 1788 919 θεῖον
1831 864 1922 918 νό-

342 973 448 1026 μον
491 953 630 1010 εἶναι
657 956 726 1010 τὰ
765 953 895 1028 παρ’
925 957 1091 1012 αὑτοῦ
1153 959 1474 1028 δεδογμένα.
1517 959 1671 1011 Ἐπεὶ
1703 957 1762 1010 δέ
1821 958 1923 1012 οὐκ

339 1044 460 1118 εἶχε
488 1048 586 1119 τὴν
619 1048 704 1102 διὰ
731 1049 1030 1119 θαυμάτων
1067 1051 1220 1120 παρὰ
1260 1050 1398 1105 Θεοῦ
1457 1049 1790 1121 μαρτυρίαν,
1847 1049 1924 1113 ὡς

341 1142 584 1212 εῐρηται,
619 1141 714 1194 καὶ
742 1141 794 1194 τί
826 1141 972 1209 λέγω
1000 1143 1100 1212 τὴν
1133 1141 1243 1195 τῶν
1278 1143 1608 1210 θαυμάτωνς
1653 1142 1787 1195 Ἀπὸ
1811 1140 1922 1211 γὰρ

345 1233 457 1284 τῶν
491 1231 853 1302 χαρισμάτων
887 1234 986 1285 καὶ
1029 1233 1271 1304 δωρεῶν,
1321 1228 1396 1289 ὧν
1426 1229 1576 1303 εἶχον
1632 1233 1742 1288 ἀπὸ
1787 1232 1922 1287 Θεοῦ

348 1324 402 1375 οί
449 1323 760 1390 ἀπόστολοι,
795 1324 857 1377 τὸ
895 1323 1125 1392 ἔσχατον
1174 1327 1395 1379 πάντων
1447 1325 1544 1378 καὶ
1611 1325 1924 1377 τελευταῖον

352 1414 388 1482 ἡ
418 1414 527 1467 τῶν
557 1413 824 1481 γλωσσῶν
854 1430 1081 1481 γνωσις,
1131 1419 1227 1469 καὶ
1278 1416 1440 1485 ἔσχον
1484 1418 1579 1469 ml
1612 1416 1820 1484 ταύτην
1848 1416 1922 1480 ὡς

345 1499 662 1554 διδάσκαλοι
693 1502 791 1570 τῆς
825 1503 1174 1573 οἰκουμένης,
1197 1506 1282 1556 ἵνα
1314 1502 1443 1556 ἔνθα
1464 1502 1532 1557 ἂν
1559 1502 1922 1570 πορεύωνται,

351 1591 666 1658 γινώσκωσι
696 1591 795 1664 τὴν
822 1591 916 1646 τοῦ
967 1591 1156 1656 ἔθνους
1216 1592 1498 1646 διάλεκτον
1551 1593 1692 1646 κατὰ
1743 1594 1924 1646 πᾶσαν

351 1681 656 1759 ἀκρίϐειαν.
685 1684 747 1738 Εἰ
802 1685 912 1755 γὰρ
937 1687 1038 1738 οὐκ
1077 1684 1374 1754 ἐγίνωσκον
1398 1685 1466 1738 τὰ
1510 1684 1799 1755 λεγόμενα,
1854 1681 1924 1756 ἦν

347 1773 534 1835 αὐτοῖς
561 1776 753 1844 χρῆσις
786 1776 1074 1846 ἑρμηνέων
1112 1776 1388 1846 διαφόρων
1439 1777 1517 1838 είς
1553 1776 1784 1844 δήλωσιν
1815 1776 1923 1828 τῶν

2023 589 2199 659 legem
2247 605 2391 653 esse,
2435 607 2557 660 quae
2602 590 2674 645 ab
2723 592 2841 661 ipso
2894 593 3228 660 traduntur;
3267 597 3525 665 quoniam
3571 616 3602 652 a

2022 679 2160 742 Deo,
2195 688 2253 733 ut
2302 679 2510 733 dictqu
2561 689 2664 744 est,
2716 682 3103 736 miraculorum
3149 685 3460 738 testimonia
3495 703 3605 739 non

2023 771 2283 826 habebat.
2337 771 2445 826 Sed
2495 773 2630 840 quid
2683 772 2752 827 de
2811 774 3205 830 miraculorum
3271 779 3604 832 testimoniis

2023 861 2272 930 loquor?
2310 860 2391 913 Ex
2451 860 2801 916 cbarismatis
2846 863 2993 916 enim
3027 873 3082 917 ct
3127 865 3368 930 dotibus,
3399 882 3536 935 quas
3573 884 3602 922 a

2023 953 2136 1007 Deo
2192 953 2468 1007 habebant
2502 954 2758 1021 apostoli,
2811 955 3101 1010 minimum
3145 967 3202 1010 et
3257 967 3603 1027 postremum

2025 1052 2148 1098 erat
2192 1044 2337 1097 inter
2392 1044 2598 1106 omnia,
2649 1045 2963 1114 linguarum
3023 1047 3299 1116 cognitio;
3358 1058 3414 1103 et
3464 1049 3605 1104 hanc

2025 1135 2246 1204 quidem
2272 1150 2372 1188 ceu
2402 1135 2656 1189 doctores
2677 1135 2826 1191 orbis
2851 1137 3147 1203 habebant,
3175 1148 3233 1191 ut
3272 1155 3604 1209 quocunque

2025 1227 2535 1296 proﬁciscerentur,
2601 1230 2780 1298 gentis
2844 1231 3089 1300 linguam
3145 1241 3375 1286 nossent
3437 1249 3602 1302 quam

2025 1321 2372 1375 exactissime
2423 1322 2548 1390 (nisi
2588 1323 2737 1376 enim
2765 1339 2884 1391 quae
2928 1323 3255 1379 dicebantur
3303 1327 3604 1380 intellexis-

2026 1421 2170 1475 sent,
2204 1413 2372 1467 variis
2418 1429 2556 1482 epus
2605 1413 2799 1470 fuisset
2850 1417 3263 1485 interpretibus,
3296 1418 3362 1470 ad
3411 1432 3602 1471 eorum

2026 1518 2150 1573 quae
2173 1505 2427 1574 utrinque
2458 1506 2788 1561 dicebantur
2815 1507 3288 1575 declarationem).
3315 1508 3601 1573 Quomodo

2029 1597 2194 1665 igitur
2227 1595 2315 1651 hic
2337 1611 2395 1652 se
2421 1598 2750 1651 catholicum
2777 1607 2831 1652 et
2858 1599 3099 1653 universi
3130 1599 3278 1652 orbis
3311 1599 3598 1654 dot-torem

2027 1682 2296 1743 nominat,
2343 1683 2436 1751 qui
2489 1697 2556 1736 ex
2604 1684 2862 1741 omnibus
2899 1686 3060 1739 donis
3106 1701 3176 1739 ne
3221 1686 3448 1741 minimo
3484 1687 3608 1755 qui-

2027 1767 2151 1822 dem
2196 1769 2500 1824 instructus
2547 1771 2670 1825 est?
2701 1772 2819 1840 lpse
2864 1774 3010 1828 enim
3060 1773 3128 1829 de
3177 1776 3360 1843 seipse
3408 1776 3609 1846 inquit,

348 1867 485 1936 παρ’
517 1866 845 1938 ἀμφοτέρων
897 1867 1206 1936 λεγομένων
1251 1883 1266 1900 ο
1316 1867 1433 1931 πῶς
1477 1860 1632 1930 οὗτος
1671 1868 1925 1936 ὀνομάζει

2030 1856 2177 1927 quod
2207 1859 2369 1912 aliam
2402 1875 2566 1929 quam
2599 1861 2768 1930 solam
2804 1862 3047 1918 Arabum
3078 1864 3321 1934 linguam
3371 1882 3478 1920 non
3515 1884 3612 1920 uo-

213 2009 236 2024 _
347 1957 542 2012 ἑαυτὸν
575 1956 882 2023 καθολικδν,
918 1959 1013 2013 καὶ
1043 1959 1248 2022 παντὸς
1273 1960 1368 2014 τοῦ
1411 1959 1617 2029 κόσμου
1672 1961 1926 2014 διδάσκα-

347 2051 463 2117 λον,
510 2049 570 2112 ὃς
593 2051 654 2102 οὐ
689 2051 954 2121 μετέσχεν
982 2051 1046 2104 ἐκ
1072 2053 1292 2104 πάντων
1334 2051 1394 2104 τὸ
1454 2051 1680 2120 ἔσχατον
1712 2071 1727 2116 ;
1757 2051 1925 2114 Αὐτὸς

351 2141 457 2210 γάρ
490 2156 625 2209 φησι
662 2139 790 2208 περὶ
815 2137 1034 2205 ἐαυτοῦ,
1064 2139 1138 2201 ὡς
1169 2139 1229 2192 οὐ
1259 2140 1515 2207 γινώσκει
1539 2139 1734 2208 ἑτέραν
1768 2141 1798 2209 ἢ
1824 2141 1924 2209 τὴν

351 2231 460 2283 τῶν
505 2229 752 2301 Ἀράϐων
781 2233 872 2283 καὶ
901 2229 1072 2300 μόνην
1094 2229 1392 2296 διάλεκτον,
1422 2229 1561 2282 ὥστε
1581 2231 1676 2283 καὶ
1704 2231 1764 2282 τὺ
1784 2232 1925 2301 Κορ-

358 2325 454 2395 ῥὰν
477 2323 734 2393 ἀραϐιστὶ
779 2321 915 2393 πρὸς
948 2322 1116 2378 αὐτοῦ
1171 2320 1414 2392 ἐξεδόθη,
1465 2321 1542 2384 ὡς
1574 2322 1736 2384 αὐτὸς
1766 2316 1923 2385 οὗτος

366 2415 567 2483 τρανῶς
598 2414 947 2484 ὡμολόγησε.
973 2414 1073 2468 Διά
1100 2413 1262 2468 τοῦτο
1295 2414 1390 2466 ml
1446 2411 1783 2483 καταφεύγει
1841 2414 1922 2476 είς

367 2501 463 2572 τὴν
494 2502 579 2558 τοῦ
607 2503 792 2573 ξίφους
815 2501 1028 2572 ποινὴν,
1057 2503 1176 2574 ἦτοι
1205 2502 1299 2555 τὸν
1331 2503 1516 2572 φόνον,
1545 2501 1640 2555 καὶ
1674 2502 1922 2563 εἰκότως.

378 2591 434 2644 '0
470 2592 575 2662 γὰρ
628 2592 819 2646 τούτου
862 2589 1180 2654 διδάσκαλος
1226 2590 1322 2646 καὶ
1370 2590 1575 2660 πατὴρ,
1641 2590 1926 2660 ἀνθρωπο-

363 2683 546 2746 κτόνος
585 2679 653 2753 ἦν
685 2681 943 2754 ἐξαρχῆς,
969 2683 1064 2737 ml
1103 2682 1163 2736 ἐν
1216 2683 1283 2753 τῇ
1319 2680 1548 2752 ἀληθείᾳ
1577 2681 1675 2750 οὐχ
1699 2680 1922 2750 ἔστηκε.

359 2773 432 2827 To
466 2774 571 2844 γάρ
593 2773 849 2844 δαίμονος
874 2773 1045 2828 κακὸν
1080 2772 1143 2826 τὸ
1179 2773 1331 2844 παρά
1362 2774 1454 2826 τὸν
1481 2771 1770 2842 ἀγαθοειδῆ
1801 2771 1924 2824 νοῦν

360 2867 510 2920 ἐστιν
539 2861 677 2920 εἶναι
697 2883 710 2897 ·
741 2865 924 2936 ψυχῆς
946 2865 1004 2918 δέ
1031 2864 1093 2918 τὸ
1146 2865 1297 2936 παρὰ
1353 2864 1512 2934 λόγον
1532 2881 1546 2896 ·
1582 2865 1834 2932 σώματος
1866 2864 1923 2918 δέ

355 2957 418 3011 τὸ
451 2957 601 3028 παρὰ
639 2956 824 3026 φύσιν.
856 2956 929 3011 ’Δ
985 2973 1111 3012 τινα
1145 2955 1362 3028 τρανῶς
1414 2956 1804 3024 ἀναφαίνονται
1867 2957 1924 3011 ἐν

355 3049 469 3112 τοῖς
491 3047 584 3102 τοῦ
606 3039 854 3118 Μωάμεθ
899 3046 1258 3118 διδάγμασιν.
1313 3047 1379 3100 Ἥ
1429 3048 1538 3118 γὰρ
1584 3047 1779 3114 ἀλογία
1831 3049 1925 3102 καὶ

354 3138 572 3205 ἀταξία,
633 3141 695 3193 τό
718 3157 778 3194 τε
812 3139 1010 3211 ψεῦδος
1059 3140 1157 3193 καὶ
1191 3140 1225 3212 ἠ
1267 3139 1362 3194 τοῦ
1390 3137 1482 3241 νοῦ
1504 3140 1918 3241 ’ἐπισκότησιῆ
1952 3177 1998 3241 c

353 3229 654 3302 διαρρήδην
673 3228 1026 3300 γινώσκεται.
1082 3228 1321 3300 Ἷδωμεν
1366 3228 1424 3283 δέ
1453 3228 1572 3293 πῶς
1604 3228 1734 3298 παρ’
1780 3229 1926 3282 ἐκεί-

355 3341 457 3376 νου
493 3326 588 3376 καὶ
622 3321 682 3376 τδ
713 3323 864 3394 παρὰ
892 3322 1057 3393 φύσιν
1080 3320 1415 3386 διδάσκεται,
1444 3322 1538 3375 ml
1563 3321 1758 3374 σκόπει
1779 3323 1928 3385 ὅπως

354 3414 530 3470 ἐστίν.
581 3413 645 3469 Ἦ
699 3413 861 3484 φύσις
899 3415 1002 3468 οὐκ
1050 3407 1194 3468 οἶδεν
1243 3413 1378 3484 αὐτὴ
1436 3412 1638 3483 ἐαυτὴν
1694 3414 1925 3481 ἀνελεῖν,

355 3505 473 3559 ἀλλ’
504 3505 698 3575 ἄλογος
725 3505 825 3577 μέν
866 3505 1001 3560 οῦσα
1023 3507 1204 3560 πάντα
1253 3506 1397 3560 κατὰ
1446 3505 1607 3572 λόγον
1644 3506 1810 3559 ποιεῖ.
1865 3504 1926 3559 ’0

353 3599 411 3651 δέ
441 3597 688 3669 Μωάμεθ
737 3598 943 3666 οὐτοσὶ,
987 3600 1134 3669 ἅπερ
1169 3598 1240 3652 τὰ
1265 3597 1436 3666 ἄλογα
1482 3595 1600 3661 ζῶα
1633 3598 1694 3650 οὐ
1749 3597 1928 3668 πράτο

353 3706 505 3744 τουσι
535 3690 638 3757 (τίς
667 3693 776 3762 γὰρ
817 3687 928 3745 εῐδε
963 3689 1104 3757 ζῶον
1135 3689 1232 3744 τοῦ
1268 3689 1437 3746 αὑτοῦ
1483 3691 1580 3743 καὶ
1621 3691 1810 3760 ὁμοίου
1832 3689 1928 3758 γέ-

358 3796 479 3842 νους
510 3779 861 3848 ἀναιρετικόν
888 3778 928 3849 ;)
975 3779 1068 3834 τὸν
1137 3777 1340 3847 ὁμοίως
1388 3777 1535 3848 αὐτῷ
1592 3781 1739 3848 χειρὶ
1791 3779 1926 3831 Θεοῦ

356 3871 668 3926 πλασθέντα
708 3870 1002 3940 ἄνθρωπον
1023 3869 1264 3939 ἀφειδῶς
1314 3869 1567 3940 φονεύειν
1591 3869 1927 3937 ἐδίδαξεν,δς

355 3964 575 4018 πάντων
628 3963 735 4019 τῶν
781 3962 988 4034 θηρίων
1021 3961 1454 4035 θηριωδέστερος
1506 3963 1761 4033 φαίνεται
1831 3965 1928 4017 καὶ

353 4054 749 4124 ἀπηνέστερος,
777 4052 855 4118 ὡς
877 4052 974 4106 καὶ
990 4052 1099 4106 ἀπὸ
1125 4051 1219 4105 τοῦ
1254 4052 1635 4123 ῥηθησομένου
1686 4053 1926 4123 φανήσε-

356 4162 443 4198 ται
474 4141 881 4215 καθαρώτερον.
916 4142 1150 4210 Λέγεται
1195 4138 1328 4212 παρ’
1369 4141 1550 4196 αὐτῶν
1572 4183 1586 4208 ,
1611 4141 1686 4204 ὡς
1746 4157 1930 4210 παρα-

359 4235 552 4308 χθῆναί
582 4253 714 4289 ποτε
758 4236 895 4306 πρὸς
920 4234 1012 4288 τὸν
1039 4234 1204 4287 αὑτὸν
1236 4233 1484 4302 Μωάμεθ
1521 4233 1608 4287 τὸν
1650 4235 1787 4304 πρὸς
1825 4251 1931 4286 πα-

356 4328 480 4397 τρὸς
513 4328 654 4381 θεῖον
680 4325 868 4392 αὑτοῦ,
897 4327 990 4380 ml
1014 4327 1161 4395 ἐρεῖν
1201 4325 1386 4390 αὑτοῦ,
1420 4325 1485 4378 Τί
1515 4342 1607 4396 μοι
1640 4327 1920 4396 συμϐήσε-

353 4436 467 4486 ται,
499 4412 543 4474 ὧ
572 4417 876 4487 ἀδελφιδοῦ,
893 4419 1051 4490 εῐπερ
1068 4417 1170 4472 οὐκ
1189 4417 1545 4490 ἀκολουθήσω
1572 4419 1651 4487 τῷ
1674 4420 1928 4491 ὑμετέρῳ

2029 1946 2172 2000 verit
2202 1963 2215 1999 :
2251 1964 2422 2016 quare
2455 1959 2510 2002 et
2535 1949 2894 2005 Alcorranum
2927 1953 3116 2007 eadem
3148 1954 3330 2024 lingua
3366 1956 3613 2024 promul-

2028 2040 2257 2108 gaverit,
2293 2049 2352 2093 ut
2377 2041 2494 2108 ipse
2531 2042 2767 2098 dilucide
2799 2045 3086 2100 confessus
3118 2056 3220 2100 est.
3258 2047 3608 2119 Quapropter

2029 2128 2096 2181 ad
2139 2129 2303 2200 gladii
2345 2145 2562 2198 pmnam
2593 2133 2861 2203 confugit,
2907 2144 2960 2189 et
2995 2136 3230 2202 ca-dem;
3271 2153 3370 2191 nec
3409 2139 3617 2192 imuie-.

2032 2220 2156 2274 rito.
2197 2221 2370 2292 Hujus
2396 2226 2542 2277 enim
2574 2233 2877 2294 praeceptor
2904 2234 2958 2281 et
2992 2237 3150 2297 pater
3185 2228 3456 2282 homicida
3485 2241 3604 2286 erat

2028 2313 2096 2367 ab
2135 2313 2316 2379 initio,
2364 2323 2419 2367 et
2471 2315 2525 2369 in
2567 2318 2799 2372 veritate
2859 2333 2969 2373 non
3020 2319 3174 2374 stetit
3208 2321 3274 2374 ¹⁶.
3331 2320 3602 2375 ΒέΡΠΙΟΠῘΞ

2027 2406 2174 2459 enim
2204 2405 2397 2458 vitium
2449 2408 2616 2460 menti
2655 2408 2810 2464 bona:
2847 2426 3154 2481 repugnare
3191 2420 3448 2479 oportet;
3485 2413 3604 2468 ani-

2029 2512 2130 2550 mae
2179 2509 2312 2550 vero
2370 2495 2565 2550 vitium
2617 2499 2838 2566 rationi,
2867 2503 3107 2571 corpori,
3140 2511 3197 2556 et
3240 2502 3344 2571 ipsi
3397 2511 3604 2557 natura:

2028 2586 2368 2642 contrarium
2405 2594 2510 2640 est.
2561 2588 2693 2654 Quae
2734 2591 3020 2646 manifeste
3053 2591 3108 2645 in
3139 2591 3465 2646 Mahometis
3509 2594 3606 2646 do-

2029 2679 2207 2735 ctrina
2239 2685 2526 2748 apparent.
2559 2679 2891 2737 Absurditas
2919 2683 3068 2738 enim
3116 2693 3174 2740 et
3202 2685 3476 2750 confusio,
3509 2686 3607 2740 fal-

2027 2788 2150 2828 sum
2186 2769 2428 2838 denique
2455 2780 2513 2823 et
2537 2772 2738 2827 mentis
2766 2775 3062 2830 excaecatio
3085 2777 3233 2831 clare
3265 2792 3608 2846 cognoscun-

2030 2872 2139 2918 tur.
2203 2860 2500 2920 Videamus
2556 2875 2763 2926 autem.
2824 2865 3100 2933 quomodo
3157 2867 3225 2920 ab
3279 2867 3405 2930 hoc,
3455 2868 3604 2937 quod

2029 2964 2230 3023 praeter
2273 2967 2529 3013 naturam
2578 2966 2690 3020 est,
2723 2955 3011 3020 doceatur,
3042 2964 3098 3010 et
3149 2956 3308 3025 quale
3345 2957 3478 3010 illud
3533 2959 3607 3011 sit

2027 3045 2590 3116 considera.'_Natura
2623 3047 2856 3116 seipsam
2896 3048 3216 3102 interimere
3249 3049 3476 3118 nequit;
3510 3051 3608 3104 sed

2028 3150 2154 3191 cum
2211 3137 2330 3208 ipsa
2360 3137 2432 3194 sit
2467 3139 2631 3204 ratio,
2662 3137 2848 3191 omnia
2879 3151 3004 3191 cum
3053 3139 3264 3192 ratione
3306 3137 3457 3193 facit.
3494 3139 3609 3195 Ma—

2031 3227 2216 3286 bomet
2245 3245 2379 3286 vero
2431 3231 2523 3285 hic
2573 3245 2695 3300 quae
2727 3230 2883 3285 bruta
2913 3230 3172 3286 animalia
3214 3247 3323 3286 non
3373 3233 3606 3296 faciunt.

2030 3319 2177 3390 (quis
2217 3321 2367 3378 enim
2402 3321 2608 3376 animal
2645 3321 2870 3390 aliquod
2905 3321 3041 3376 vidit
3087 3321 3234 3377 aliud
3275 3322 3422 3391 quod
3454 3323 3609 3394 ejus-

2028 3410 2154 3466 dem
2186 3426 2372 3466 secum
2397 3421 2484 3468 est
2514 3411 2730 3480 generis
2758 3412 3066 3468 lnterﬁccre
3080 3413 3124 3484 ?)
3151 3413 3428 3468 hominem
3456 3415 3612 3470 sinti-

2031 3509 2132 3567 ter,
2172 3510 2232 3557 ut
2261 3502 2399 3572 ipse,
2436 3502 2529 3558 Dei
2564 3518 2730 3559 manu
2766 3502 3088 3566 formatum.
3121 3506 3242 3560 sine
3270 3507 3422 3561 omni
3454 3523 3610 3561 com-

2029 3593 2390 3649 miseratione
2436 3594 2694 3659 occidere
2743 3595 2972 3660 docuit;
3010 3596 3104 3666 qui
3159 3597 3415 3652 omnibus
3477 3585 3614 3652 lci-is

2029 3695 2258 3754 apparet
2297 3687 2532 3742 ferocior
2561 3695 2618 3742 et
2662 3689 2949 3752 immitior,
2994 3698 3052 3743 ut
3076 3702 3142 3742 ex
3177 3703 3244 3743 co
3274 3689 3418 3758 quod
3447 3689 3609 3743 modo

2028 3775 2267 3848 dicetur,
2306 3778 2510 3836 clarius
2542 3781 2852 3850 apparebit.
2894 3780 3095 3836 Fertur
3126 3783 3277 3837 enim
3315 3782 3384 3836 ab
3428 3783 3561 3850 ipsis
3594 3801 3608 3835 :

2030 3866 2344 3923 Adductum
2380 3871 2659 3940 quondam
2707 3887 2828 3926 esse
2871 3872 2938 3927 ad
2999 3873 3180 3944 ipsum
3245 3874 3608 3928 Malmmetem

2027 3969 2286 4032 patruum
2323 3962 2493 4026 illius,
2522 3972 2578 4018 et
2607 3961 2813 4018 dixisse
2849 3964 2963 4018 illi:
2997 3946 3140 4032 Quid
3185 3965 3320 4020 mihi
3363 3966 3606 4032 eveniet,

2029 4071 2281 4126 onepos,
2336 4056 2381 4110 si
2416 4066 2608 4111 vestrae
2659 4057 2763 4127 legi
2818 4072 2929 4112 non
2986 4059 3268 4128 paruero?
3323 4057 3421 4112 Hic
3477 4074 3609 4114 vero

2030 4148 2318 4216 respondit
2353 4163 2368 4201 :
2401 4147 2519 4202 Non
2551 4147 2718 4211 aliud,
2757 4163 2788 4203 ο
2824 4157 3039 4217 patrue,
3079 4164 3244 4218 quam
3277 4151 3424 4218 quod
3457 4151 3609 4204 occi-

2029 4240 2154 4293 dam
2186 4252 2257 4294 te.
2289 4239 2386 4293 Ille
2426 4254 2558 4293 vero
2610 4257 2623 4293 :
2664 4238 2866 4313 Annon
2899 4239 3002 4293 alia
3039 4255 3198 4309 pcena
3231 4240 3446 4294 restat?
3475 4240 3597 4294 Non

2028 4331 2154 4395 alia,
2193 4329 2495 4400 respondit.
2527 4329 2768 4384 Patruus
2791 4374 2804 4396 ,
2825 4331 3227 4401 Obtemperabo
3273 4332 3367 4386 tibi
3403 4333 3605 4401 itaque,

2033 4424 2238 4495 inquit,
2296 4424 2351 4477 in
2389 4421 2818 4492 quibuscunquc
2861 4423 3145 4491 volueris;
3192 4425 3376 4495 lingua
3423 4435 3614 4479 autem

353 4511 540 4582 νόμῳ;
586 4512 644 4564 '0
675 4512 732 4564 δέ
769 4506 944 4577 εἶπεν,
975 4511 1089 4580 Οὐχ
1115 4510 1302 4580 ἕτερόν
1332 4525 1407 4576 τι,
1445 4511 1476 4577 ἢ
1512 4511 1797 4564 ἀποκτενῶ
1836 4528 1917 4577 σε,

2032 4517 2171 4582 sola,
2227 4531 2337 4569 non
2372 4513 2559 4580 corde,
2617 4515 2782 4584 idque
2845 4523 2993 4570 metu
3047 4515 3213 4586 gladii
3266 4516 3617 4584 compulsus“

352 4593 398 4652 ὦ
429 4599 560 4654 θεῖε.
615 4598 673 4652 '0
699 4598 756 4650 δέ
788 4596 964 4663 εἶπεν,
1000 4598 1114 4652 Οὐκ
1142 4597 1351 4650 ἔνεστιν
1391 4597 1554 4667 ἑτέρα
1613 4615 1697 4661 τις
1755 4616 1929 4669 τιμω-

356 4689 447 4757 ρία
472 4705 485 4752 ;
513 4689 680 4745 esse»;
709 4689 924 4760 ἕτερον,
955 4688 1082 4758 ἔφη.
1121 4688 1180 4741 '0
1219 4687 1275 4740 δέ
1335 4687 1498 4752 θεῖος,
1542 4687 1925 4758 Ἀκολουθήσω

355 4795 415 4831 σε
475 4781 677 4846 τοίνυν,
738 4782 864 4850 ἔφη,
927 4781 1012 4850 ἐφ’
1053 4775 1250 4852 οἷσπερ
1306 4779 1535 4849 βούλειο
1592 4779 1810 4850 γλώσσῃ
1867 4781 1926 4835 δὲ

354 4871 514 4945 μόνῃ,
533 4859 648 4927 ἀλλ’
671 4873 732 4926 ού
765 4873 981 4944 καρδίᾳ,
1019 4872 1097 4943 τῷ
1116 4872 1224 4925 δέει
1255 4871 1349 4925 τοῦ
1367 4871 1574 4941 ξίφους.
1595 4873 1929 4941 Ἀναγκαζὸ-

355 4983 517 5036 μενος
541 4965 597 5018 δὲ
622 4967 718 5020 καὶ
745 4967 774 5019 ό
795 4966 910 5035 μὰρ
959 4967 1048 5040 (ἲ)
1083 4967 1216 5040 παρ’
1260 4962 1448 5030 αὑτοῦ,
1475 4965 1502 5015 ὀ
1539 4963 1652 5021 υἱὸς
1681 4964 1926 5036 δηλονότι

352 5058 448 5112 τοῦ
481 5057 877 5129 Κατεμπλαδῆ,
923 5053 1068 5121 εἷπε,
1120 5057 1318 5128 Κύριε,
1355 5056 1421 5108 σὺ
1470 5052 1618 5120 οἶδας
1659 5058 1740 5110 ὅτι
1778 5058 1926 5127 μόνῳ

350 5148 431 5219 τῷ
468 5148 563 5201 τοῦ
589 5148 821 5202 θανάτου
848 5148 1000 5218 φόϐῳ
1030 5147 1252 5218 γίνομαι
1302 5149 1397 5201 τοῦ
1423 5149 1714 5219 δόγματος.
1764 5149 1927 5202 Ἀλλὰ

351 5241 448 5294 καὶ
492 5244 520 5294 ὁ
559 5241 674 5304 υῑδς
705 5241 802 5294 τοῦ
838 5242 1173 5312 Ἐμπιαστᾶ,
1203 5245 1295 5295 καὶ
1338 5241 1499 5305 αὐτὸς
1548 5235 1704 5305 οὗτος
1757 5242 1928 5295 είπὼν
1953 5297 1968 5309 ,

349 5331 543 5402 ῶςΤῷ
573 5333 724 5404 φόϐῳ
774 5333 870 5386 τοῦ
906 5333 1092 5402 ξίφους
1125 5335 1220 5386 ml
1271 5335 1365 5387 τοῦ
1419 5334 1653 5388 θανάτου
1707 5329 1930 5406 γίνομαι

349 5423 442 5477 τοῦ
467 5423 760 5491 δόγματος.
805 5425 1025 5478 Στέλλει
1077 5424 1270 5477 ἔπειτα
1328 5428 1574 5497 κρυφίως
1622 5428 1930 5497 γράμματα

351 5516 432 5576 είς
458 5513 556 5584 τὴν
581 5515 778 5570 Μακκέ
831 5515 1040 5588 χώραν,
1095 5517 1182 5570 ῖνα
1235 5518 1314 5587 μὴ
1370 5519 1740 5590 πλανηθῶσιν,
1791 5519 1929 5572 ἀλλὰ

351 5606 666 5677 σκέψωνται
685 5607 834 5672 ὅπως
867 5608 1152 5678 ἐκφύγωσι
1176 5610 1270 5662 τὸν
1307 5609 1405 5664 τοῦ
1433 5610 1624 5680 ξῐφους
1661 5612 1926 5667 κίνδυνον.

350 5697 542 5757 Ταῦτα
573 5701 752 5757 πάντα
777 5702 1204 5777 παρεϐλήθησαν
1234 5703 1343 5759 ἀπό
1375 5721 1434 5759 τε
1462 5705 1556 5760 τοῦ
1585 5705 1809 5778 Κορρἀ
1832 5706 1926 5761 καὶ

427 5888 475 5922 ⁸⁸
509 5886 670 5946 Joau.
713 5903 832 5960 vm,
872 5889 965 5944 44.

2032 4609 2268 4663 Coactus
2331 4617 2512 4662 tamen
2555 4606 2753 4661 abillo
2806 4607 2973 4662 etiam
3031 4607 3176 4662 illius
3220 4607 3606 4678 Catcmpladaz,

2034 4700 2172 4754 dixit
2205 4715 2219 4753 :
2277 4699 2526 4765 Domine,
2556 4699 2699 4752 scias
2728 4713 2814 4752 me
2867 4698 2986 4752 solo
3019 4699 3216 4754 mortis
3260 4699 3461 4753 timore
3508 4704 3620 4754 doc

2033 4793 2268 4848 etriuam
2331 4793 2472 4846 hanc
2528 4793 2800 4862 recipere.
2835 4791 3109 4848 Caeterum
3170 4800 3226 4847 et
3281 4793 3428 4848 ﬁlius
3485 4793 3610 4847 Em-

2035 4883 2224 4954 piaSlm
2252 4883 2390 4936 idem
2424 4884 2558 4939 dicit
2588 4905 2601 4940 :
2645 4884 2866 4939 Timore
2899 4885 3094 4939 mortis
3117 4894 3173 4938 et
3204 4885 3371 4953 gladii
3408 4885 3612 4940 doctri—

2036 4989 2163 5026 nam
2193 4973 2330 5026 banc
2359 4973 2553 5029 subeo.
2581 4974 2788 5028 Deinde
2817 4974 2960 5028 clam
2992 4975 3208 5028 litteras
3242 4975 3410 5030 mittit
3439 4975 3492 5028 in
3525 4992 3612 5030 rc-

2033 5063 2254 5134 gionem
2300 5063 2525 5124 Mechaa,
2559 5080 2630 5117 ne
2686 5075 2897 5130 errent,
2951 5065 3046 5120 sed
3102 5066 3443 5135 prospiciam
3501 5067 3618 5121 sibi:

2035 5156 2313 5226 quomodo
2369 5155 2533 5224 gladii
2582 5157 2886 5224 periculum
2928 5157 3138 5226 possint
3187 5157 3453 5228 ell‘ugere.
3487 5157 3626 5213 llam

2036 5249 2224 5304 omnia
2253 5263 2320 5302 ex
2351 5247 2653 5302 Alcorrano
2691 5257 2745 5302 et
2791 5248 2915 5302 aliis
2954 5249 3112 5304 libris
3140 5249 3428 5320 desumpta
3461 5259 3628 5306 sunt-

2037 5343 2427 5398 Verumtamen
2469 5341 2522 5394 in
2569 5340 2751 5408 rapite
2797 5339 2955 5394 Βουὶε
2983 5341 3238 5396 concedit
3264 5358 3386 5415 qua:
3418 5350 3628 5398 contra

2035 5436 2290 5482 naturam
2323 5428 2390 5482 ad
2431 5425 2747 5482 faciendum
2803 5427 3010 5482 nefaria
3071 5439 3219 5497 sunt,
3281 5447 3404 5502 qua:
3447 5432 3627 5488 etiam:

2033 5520 2185 5576 dictu
2281 5527 2409 5575 sunt
2491 5517 2828 5588 turpissima.
2901 5521 3276 5594 Quoscunque
3336 5523 3485 5577 enim
3517 5537 3630 5590 ap-

2036 5613 2390 5686 prehenderit
2446 5612 2760 5684 impietas;
2795 5616 2848 5670 in
2895 5615 2995 5671 hos
3023 5631 3124 5672 ceu
3177 5617 3400 5670 morbus
3452 5627 3625 5668 omne

2035 5707 2240 5764 malum
2311 5719 2550 5767 exercet.
2640 5709 2997 5767 Dissimilium
3075 5709 3223 5764 enim
3302 5702 3628 5762 commistio
