4058 6466
380 328 489 393 (ὶιῇ

1563 319 1752 382 ΙῡΑΝ
1765 321 1808 378 Ν
1824 320 1893 378 IS
1932 317 2464 379 CANTACUZENI

3536 315 3648 380 61‘3

382 440 722 495 naturalium
781 436 1101 492 facultatum
1153 432 1220 488 ad
1262 433 1448 488 illicita
1505 441 1591 487 est
1645 430 1963 490 commotio,

2096 444 2185 496 :th
2217 446 2420 515 ἐτέρων
2450 444 2695 513 βιϐλίων.
2733 447 2805 499 Οὐ
2850 447 2956 519 μὴν
3014 446 3150 501 ἀλλὰ
3207 446 3300 500 καὶ
3339 444 3396 499 ἐν
3448 448 3525 516 τῲ
3556 448 3655 513 τῆς

380 533 531 604 quod
586 542 642 587 et
698 532 813 602 ipsa
866 527 1289 597 intemperantia
1347 525 1533 581 efficit.
1594 522 1769 593 Hujus
1822 536 1954 575 vero

383 640 587 694 scopns
618 640 727 678 non
770 623 875 677 fuit
911 622 1072 683 alius,
1107 635 1272 690 quam
1316 628 1376 673 ut
1423 615 1759 671 naturalium
1798 613 1965 668 simul

381 730 439 774 et
471 719 865 773 innaturalium
908 715 1251 784 voluptatum
1303 710 1667 780 promissione
1701 707 1965 761 concilia-

383 820 470 865 t'et
519 811 625 865 sibi
656 810 881 865 stultam
917 817 974 861 et
1022 807 1271 859 insanam
1305 802 1590 856 hominum
1651 798 1960 853 multitudi-

388 917 540 968 nem;
573 901 719 971 quod
754 910 811 955 et
842 900 1044 953 factum
1074 906 1180 952 est.
1556 884 1563 889 ’

2070 536 2223 602 Βοὲς
2272 536 2550 606 κεφαλαίῳ
2609 542 2882 610 συγχωρεῖ
2927 540 2995 592 τὰ
3032 539 3185 610 παρὰ
3235 539 3399 610 φύσιν
3458 538 3659 605 θεμιτᾶ

2078 627 2368 693 πράττειν,
2417 628 2577 681 ἅτινα
2627 632 2721 681 καὶ
2762 632 2992 699 αἰσχρόν
3033 633 3149 684 ἐστι
3194 633 3289 684 καὶ
3324 629 3529 698 λέγειν.
3587 630 3654 682 Ἡ

2077 716 2186 786 γὰρ
2218 719 2388 771 κακία
2420 719 2506 787 ἐφ’
2533 714 2616 782 οἷς
2662 721 2729 774 ἂν
2759 720 3009 791 γένηται,
3068 724 3181 785 τοῖς
3231 723 3397 775 πᾶσιν
3449 713 3648 787 οἷάπερ

2072 810 2227 872 νόσος
2255 811 2400 865 κακὰ
2439 814 2833 883 ἀπεργάζεται.
2910 815 2973 870 Ἦ
3014 816 3123 889 γὰρ
3170 816 3316 887 μίξις
3366 817 3473 870 τῶν
3533 814 3661 869 ἀνο-

2070 901 2259 971 μοίων,
2313 905 2346 974 ὴ
2384 906 2493 959 τῶν
2523 908 2765 975 φυσικῶν
2803 909 3087 978 δυνάμεων
3128 911 3222 963 ἐπὶ
3269 910 3338 963 τὰ
3375 910 3451 979 μὴ
3492 925 3661 978 προσ-

387 998 593 1064 ήκοντα
632 994 849 1060 κίνησίς
881 993 1048 1045 ἐστιν.
1093 990 1274 1056 Ὅπερ
1321 987 1355 1054 ἡ
1428 984 1784 1055 ἀσυμμετρία
1836 988 2002 1043 ποιεῖ.
2045 992 2161 1045 Οὐκ
2220 992 2288 1064 ἦν
2314 996 2371 1049 δὲ
2405 998 2433 1049 ὁ
2470 1000 2661 1051 τούτου
2722 999 2926 1062 σκοπὸς
2958 999 3170 1071 ἔτερος,
3212 998 3246 1070 ἢ
3282 999 3371 1052 ἵνα
3424 996 3514 1050 διὰ
3556 999 3656 1064 τῆς

396 1092 662 1152 ἐνδόσεως
695 1090 802 1142 τῶν
829 1106 890 1140 τε
923 1085 1066 1141 κατὰ
1110 1083 1275 1152 φύσιν
1306 1081 1405 1136 καὶ
1446 1080 1602 1150 παρὰ
1669 1081 1837 1148 φύσιν
1899 1082 2102 1150 ἡδονῶν
2146 1091 2447 1144 ἐπισπᾶται
2481 1093 2619 1162 πρὸς
2682 1093 2878 1146 ἑαυτὸν
2906 1093 2969 1147 τὸ
3021 1093 3206 1165 μωρὸν
3268 1092 3365 1145 καὶ
3415 1092 3653 1162 ἀνόητον

385 1184 592 1254 πλῆθος
617 1198 632 1213 ·
664 1182 694 1236 ὃ
728 1183 826 1236 καὶ⁵
856 1183 1103 1249 γέγονεν.

693 1320 761 1374 IN
804 1316 1241 1373 ΜΑΗΟΜΕΤΕῺ
1288 1315 1549 1370 ORATIO
1589 1316 1656 1370 il.

458 1453 676 1508 Veritas
727 1450 952 1520 quidem
1000 1464 1107 1503 una
1148 1456 1236 1503 est
1278 1446 1777 1517 simplex,falsum
1836 1462 1965 1501 vero

391 1544 683 1613 multiplex
727 1551 784 1597 et
815 1541 1027 1596 varium
1056 1558 1071 1606 ;
1104 1552 1160 1593 et
1195 1539 1289 1609 qui
1343 1539 1398 1592 in
1429 1537 1662 1592 veritate
1694 1536 1963 1602 ambulat,

2314 1319 2506 1373 ΚΑΤΑ
2545 1321 2682 1374 ΤΟΥ
2720 1320 3018 1386 ΜΩΔΜΕΘ
3056 1319 3274 1373 ΛΟΓΟΣ
3313 1316 3390 1372 B'.

2152 1450 2222 1509 Ἥ
2262 1454 2371 1524 μὴν
2409 1454 2635 1524 ἀλήθεια
2670 1455 2769 1523 μία
2814 1456 2933 1508 ἐστὶ
2971 1454 3065 1508 καὶ
3094 1453 3276 1523 ἁπλῆ,
3298 1452 3356 1505 τὸ
3386 1451 3442 1505 δὲ
3468 1450 3664 1521 ψεῦδος

2068 1543 2384 1614 πολυσχιδὲς
2418 1543 2513 1597 καὶ
2560 1544 2835 1610 ποικίλον,
2882 1546 2996 1611 καὶ,
3034 1547 3063 1599 ὁ
3091 1541 3410 1615 περιπατῶν
3435 1543 3494 1595 ὲν
3537 1540 3670 1611 ἀλη-

386 1638 445 1691 in
474 1636 597 1689 luce
630 1641 886 1687 versatur
914 1638 970 1686 et
998 1629 1300 1685 securitate
1324 1644 1339 1693 ;
1371 1626 1495 1682 falsi
1521 1642 1653 1680 vero
1677 1626 1962 1681 studiosus

2096 1638 2193 1706 leiq.
2215 1638 2271 1690 ὲν
2299 1634 2379 1706 τῷ
2411 1636 2549 1704 φωτὶ
2574 1637 2890 1704 περιπατεῖ,
2918 1636 3013 1689 καὶ
3042 1637 3100 1688 ὲν
3128 1633 3399 1705 ἀσφαλείᾳ
3427 1631 3661 1703 πορεύεο-

390 1731 446 1784 in
476 1729 720 1785 tenebris
759 1724 1080 1780 obambulat
1102 1765 1114 1787 ,
1148 1736 1203 1777 et
1238 1736 1477 1792 quonam
1511 1720 1675 1774 vadat
1716 1735 1825 1774 non
1868 1734 1967 1774 no-

2096 1746 2182 1791 :at,
2211 1730 2239 1782 ὁ
2276 1729 2331 1782 δὲ
2368 1729 2428 1781 τὸ
2456 1727 2648 1798 ψεῦδος
2683 1728 2939 1798 ἐλόμενος
2958 1729 3017 1781 ὲν
3039 1728 3117 1798 τῷ
3148 1728 3329 1781 σκότει
3348 1724 3664 1794 περιπατεῖ,

388 1822 490 1875 vit.
531 1818 880 1889 Quapropter
924 1824 983 1871 et
1028 1790 1305 1869 Mahomet
1359 1821 1672 1882 contempta
1710 1811 1965 1878 veritate,

2096 1790 2175 1874 Lai.
2193 1821 2295 1873 οὐκ
2326 1815 2433 1872 οἶδε
2458 1790 2557 1873 ποῦ
2580 1790 2797 1887 ὑπάγειί
2820 1822 2921 1873 Διά
2954 1837 3034 1873 τοι
3065 1790 3223 1872 τοῦτο
3248 1819 3341 1873 καὶ
3370 1820 3398 1871 ὁ
3417 1790 3665 1887 Μωάμεθ

387 1922 446 1967 et
473 1920 695 1980 recepto
740 1909 1049 1972 mendacio,
1088 1905 1225 1960 nihil
1258 1904 1377 1960 sani
1417 1904 1666 1974 nihilque
1709 1903 1967 1958 humanae

2096 1914 2175 1984 τῆς
2206 1914 2305 1984 μὲν
2346 1914 2604 1984 ἀληθείας
2635 1915 3074 1983 καταφρονήσας,
3107 1913 3167 1966 τὸ
3184 1912 3242 1966 δὲ
3278 1910 3471 1981 ψεῦδος
3510 1912 3667 1964 ἐνδυ-

389 1986 557 2059 saluti
611 2010 1047 2057 consentaneum
1115 1997 1325 2064 docuit,
1363 2012 1559 2053 verum
1628 1996 1733 2050 hoc
1788 1994 1969 2050 solum

390 2093 673 2149 studuisse
723 2090 1180 2163 deprehenditur,
1220 2097 1282 2144 ut
1317 2089 1605 2143 hominum
1634 2088 1830 2158 vulgus
1863 2086 1971 2142 sibi

389 2186 743 2259 adiungeret.
775 2186 845 2240 Et
875 2185 1144 2240 virtutum
1177 2183 1400 2254 quidem
1434 2180 1542 2236 fuit
1572 2178 1975 2251 negligentissi—

391 2297 538 2345 mus,
567 2290 627 2334 ut
668 2277 1020 2343 humilitatis,
1046 2274 1511 2347 'longanimitatis,
1548 2273 1700 2343 pacis
1739 2281 1795 2326 et
1833 2270 1979 2327 cita?

397 2370 580 2425 ritatis
633 2371 689 2423 in
738 2369 1227 2438 proximum;nec
1276 2365 1487 2435 aliquid
1545 2363 1678 2419 utile
1726 2378 1976 2418 commo-

393 2464 640 2532 dumque
674 2461 1027 2530 conscripsit.
1058 2459 1137 2513 Ne
1169 2474 1303 2513 vero
1334 2459 1799 2527 redarguerentur
1826 2456 1976 2511 illius

396 2550 683 2607 attendaeia
717 2558 773 2604 et
800 2549 1091 2612 vanitates,
1128 2562 1228 2617 per
1265 2547 1431 2604 Vetus
1459 2557 1517 2601 et
1540 2546 1754 2600 Novum
1785 2545 1978 2601 Testa-

396 2653 683 2708 mentum;
719 2654 1114 2709 nonnunquam
1175 2638 1281 2692 alia
1335 2637 1617 2708 sapientiae
1655 2638 1846 2692 alicam
1878 2638 1977 2691 do-

395 2742 580 2805 gmata
621 2731 773 2786 nullo
821 2731 984 2785 modo
1018 2727 1345 2799 probabilia,
1391 2744 1512 2799 qua:
1550 2728 1619 2783 ab
1674 2727 1798 2783 aliis
1847 2741 2006 2782 conv

399 2826 609 2903 scripta
653 2831 803 2885 sunt,
832 2821 1106 2892 adiunxit.
1148 2821 1215 2875 Et
1256 2819 1374 2890 ipse
1405 2819 1629 2891 quidem
1674 2819 1881 2874 invitus
1925 2824 1980 2872 et

398 2920 594 2973 nolens
619 2926 673 2972 et
701 2914 856 2986 quasi
881 2914 1067 2969 divina
1091 2912 1297 2968 virtute
1328 2913 1574 2982 percitus
1606 2912 1806 2981 saepius
1837 2911 1979 2965 scri-

402 3011 584 3067 bendo
625 3009 889 3073 ostendit,
922 3005 1087 3061 Mosis
1121 3005 1421 3060 traditione
1465 3015 1521 3060 et
1562 3004 1977 3074 prophetarum,

2080 2007 2333 2075 σάμενος,
2366 2007 2517 2060 οὐδὲν
2549 2007 2721 2072 ὑγιὲς,
2752 2006 2873 2058 οὐδὲ
2905 2006 3042 2074 πρὸς
3067 2005 3342 2075 σωτηρίαν
3379 2002 3668 2075 ἀνθρώπου

2079 2098 2336 2164 ἐδίδαξεν,
2363 2099 2499 2153 ἀλλὰ
2530 2098 2688 2151 τοῦτο
2715 2097 2876 2167 μόνον
2902 2097 3104 2168 εὑρέθη
3142 2094 3477 2161 σπουδάζων,
3510 2095 3662 2157 ὅπως

2081 2190 2217 2263 πρὸς
2269 2191 2460 2244 ἑαυτὸν
2498 2188 2559 2242 τὸ
2608 2188 2807 2259 πλῆθος
2859 2188 3182 2260 ὲφέλξηται.
3238 2189 3348 2242 Καὶ
3402 2189 3531 2258 περὶ
3568 2186 3669 2257 μὲν

2080 2281 2291 2351 ἀρετῶν
2315 2281 2414 2335 οὐκ
2445 2278 2712 2351 ἐμέλησεν
2757 2279 2895 2341 ὅλως
2929 2279 3102 2349 τούτῳ
3127 2318 3142 2343 ,
3170 2272 3284 2333 οἷον
3304 2294 3671 2346 ταπεινοφροο

2086 2357 2282 2445 σύνης,
2334 2371 2742 2443 μακροθυμίας,
2781 2371 3005 2441 εἰρήνης
3033 2370 3126 2424 καὶ
3168 2370 3268 2441 τῆς
3295 2370 3374 2434 εἰς
3403 2369 3495 2422 τὸν
3533 2368 3697 2437 πλη-ε

2087 2465 2201 2517 σίον
2220 2464 2445 2532 ἀγάπης
2466 2479 2481 2492 °
2515 2462 2640 2516 οὐδὲ
2669 2462 3047 2531 συνεγράψατό
3081 2478 3134 2515 τι
3167 2461 3435 2531 χρήσιμον
3464 2459 3497 2529 ἢ
3527 2461 3674 2511 ὲπω-

2087 2551 2273 2620 φελὲς.
2316 2550 2432 2603 Ἵνα
2459 2550 2517 2603 δὲ
2551 2550 2627 2620 μὴ
2663 2549 2991 2619 ἐλεγχθῶσιν
3021 2549 3077 2601 αί
3110 2548 3299 2602 τούτου
3326 2547 3676 2616 ψευδολογίαι

2086 2643 2183 2695 καὶ
2209 2641 2591 2711 ματαιότητες,
2649 2640 2758 2693 ἀπό
2792 2658 2851 2692 τε
2892 2640 2993 2710 τῆς
3043 2624 3307 2704 Παλαὶᾶς,
3343 2640 3454 2693 ἀπὸ
3492 2656 3550 2694 τε
3578 2641 3679 2709 τῆς

2094 2722 2303 2799 Καινῆς
2324 2731 2624 2800 Διαθήκης,
2661 2730 2807 2783 ἔστιν
2837 2731 2925 2784 ὅτε
2943 2731 3038 2783 καὶ
3062 2729 3119 2796 ἐξ
3152 2723 3233 2799 ὧν,
3260 2729 3676 2801 συνεργάψαντό
3722 2763 3733 2772 ι

2089 2841 2236 2887 τινες
2286 2824 2384 2893 τῆς
2414 2821 2517 2888 ἔξω
2557 2823 2770 2892 σοφίας,
2831 2810 3080 2895 pnsum;
3125 2822 3321 2894 ἔχοντα
3361 2824 3432 2877 τὰ
3480 2829 3672 2888 πιστὰ.

2089 2915 2389 2982 διετάξατο.
2414 2914 2606 2968 Καίτοι
2635 2931 2699 2981 γε
2733 2915 2893 2978 αὐτὸς
2923 2913 3072 2969 ἄκων
3107 2919 3202 2971 καὶ
3235 2914 3311 2987 μὴ
3344 2914 3670 2987 βουλόμενος

2091 3006 2187 3060 καὶ
2216 3000 2327 3058 οἷον
2375 3003 2568 3076 ὥσπερ
2604 3005 2710 3058 ὑπὸ
2748 3005 2896 3068 θείας
2923 3005 3208 3074 δυνάμεως
3253 3005 3667 3076 μαστιζόμενος,

399 3102 538 3173 quin
570 3111 626 3156 et
657 3099 984 3156 Psalterium
1038 3098 1330 3168 ipsumque
1382 3095 1741 3167 Evangelium
1789 3104 1982 3149 saneta

2096 3094 2352 3157 πολλάκις
2392 3092 2628 3164 ἐδήλωσε
2662 3093 2890 3166 γράφων
2921 3095 3003 3148 ὅτι
3050 3097 3106 3148 αἱ
3156 3093 3253 3147 τοῦ
3293 3095 3538 3159 Μωσέως
3569 3111 3666 3148 πα-

346 3212 354 3219 ·
401 3210 550 3259 esse,
584 3203 643 3249 et
670 3209 700 3247 a
748 3194 860 3247 Deo
896 3192 1128 3247 tradita:
1167 3190 1443 3259 praecipue
1477 3204 1606 3243 vero
1640 3199 1695 3244 et
1727 3188 1978 3243 luculen-

404 3294 488 3340 ter
510 3285 687 3355 ipsum
716 3282 1066 3354 Evangelium
1088 3290 1363 3345 sanctum,
1393 3280 1694 3350 perfecmtn
1744 3288 1984 3335 rectum—

404 3392 538 3447 que,
571 3386 627 3430 et
674 3373 1135 3430 commonitiones
1184 3370 1277 3427 Dei
1323 3382 1479 3426 vocat
1538 3373 1593 3426 in
1653 3370 1981 3426 Alcorrano.

408 3469 478 3522 Et
507 3483 632 3522 cum
671 3466 962 3520 veritatem
999 3480 1110 3518 non
1144 3470 1329 3533 posset
1362 3462 1585 3518 omnino
1614 3462 1983 3521 abscondeze.

404 3559 589 3614 dicit:
629 3556 765 3612 Nam
813 3567 872 3611 et
918 3558 1154 3626 ipsemet
1205 3570 1328 3626 quae
1381 3554 1437 3609 in
1482 3554 1567 3609 his
1619 3554 1821 3623 scripta
1858 3561 1989 3607 sunt

404 3650 645 3706 observo
689 3658 748 3704 et
794 3648 957 3703 facio.
1012 3648 1080 3703 Et
1128 3648 1392 3718 quoniam
1438 3648 1666 3717 justam,
1714 3654 1985 3709 sanctam,

410 3748 619 3795 rectam
647 3744 704 3793 et
743 3754 771 3799 a
824 3737 934 3792 Deo
965 3737 1219 3792 traditam
1269 3737 1562 3792 confitetur
1618 3743 1858 3789 veterem
1888 3748 1993 3787 no-

415 3845 654 3900 vamque
688 3828 1052 3899 Scripturam,
1085 3827 1202 3898 ipse
1241 3828 1483 3897 seipsum
1519 3825 1652 3880 huic
1698 3822 1998 3893 obstringit

406 3925 582 3979 etiam
612 3922 843 3990 invitus,
891 3930 949 3977 et
979 3937 1077 3992 per
1105 3921 1293 3976 omnia
1334 3921 1451 3975 haec
1480 3932 1701 3974 servare
1740 3917 1996 3971 debebat.

407 4014 741 4074 Mentionem
760 4029 891 4068 vero
913 4013 1202 4077 virtutum,
1229 4028 1351 4082 quae
1389 4011 1443 4065 in
1475 4009 1645 4065 sacris
1699 4005 2003 4076 Scripturis

412 4106 788 4170 continentur,
826 4118 934 4159 non
965 4104 1113 4170 facit,
1144 4119 1265 4174 qua:
1299 4097 1577 4156 hominem
1607 4115 1636 4154 a
1688 4108 1835 4154 terra
1872 4098 2003 4152 sub-

413 4210 652 4262 vectum.
687 4199 965 4255 cmlestem
1013 4204 1243 4268 possunt
1297 4194 1548 4259 ellicere;
1580 4191 1676 4248 sed
1718 4190 2004 4263 quodcun-

410 4308 521 4363 que
558 4291 636 4347 illi
670 4292 725 4345 in
764 4299 1003 4345 mentem
1050 4288 1263 4355 incidit,
1295 4285 1428 4341 illud
1465 4285 1768 4356 approbat,
1816 4281 2006 4337 docet-

413 4397 561 4453 que;
619 4390 677 4437 et
708 4397 856 4437 nunc
884 4380 1105 4452 quidem
1138 4378 1407 4450 approbat
1436 4387 1754 4448 monetque,
1796 4382 1855 4429 ut
1904 4387 2007 4428 nec

2086 3188 2331 3259 ραδὸσεις
2368 3185 2462 3238 καὶ
2513 3183 2624 3238 τῶν
2655 3186 2972 3257 προφητῶν,
3004 3184 3138 3239 ἀλλὰ
3170 3185 3236 3254 δὴ
3275 3185 3338 3239 τό
3365 3203 3424 3239 τε
3450 3186 3673 3255 Ψαλτή-

2088 3297 2202 3351 ριον
2236 3280 2332 3332 καὶ
2363 3279 2425 3333 τὸ
2468 3278 2803 3348 Εὑαγγέλιον
2830 3277 2966 3347 ἅγιά
2994 3279 3120 3342 εἱσι,
3159 3279 3255 3332 καὶ
3288 3278 3393 3354 ἀπο
3421 3277 3554 3330 Θεοῦ
3578 3276 3661 3329 δε-

2085 3372 2285 3440 δομένα
2313 3371 2605 3443 ἐξαιρέτως
2638 3371 2695 3425 δὲ
2722 3371 2850 3440 περὶ
2894 3374 2990 3424 τοῦ
3019 3369 3349 3441 Εὑαγγελίου
3378 3368 3672 3441 διαρρήδην

2091 3461 2246 3532 ἆγιον
2283 3465 2376 3517 καὶ
2409 3465 2614 3517 τέλειον
2653 3466 2748 3519 καὶ
2790 3465 2950 3529 εύθὲς
2999 3464 3160 3519 τοῦτο
3187 3464 3362 3519 καλεῖ.
3403 3463 3511 3516 Καὶ
3535 3463 3678 3514 ὐπο-

2095 3559 2321 3626 μνήσεις
2350 3555 2485 3608 Θεοῦ
2517 3556 2693 3610 ταῦτα
2725 3557 2883 3610 καλεῖ
2922 3559 2982 3609 ὲν
3007 3558 3086 3628 τῷ
3119 3538 3364 3627 Κορβάν.
3402 3554 3496 3625 Μὴ
3521 3553 3682 3608 δυνά-

2098 3660 2259 3716 μενος
2314 3644 2371 3697 δὲ
2403 3643 2610 3718 κρύψαι
2639 3648 2720 3709 είς
2747 3645 2900 3710 τέλος
2956 3646 3057 3717 τὴν
3086 3645 3368 3717 ἀλήθειαν,
3406 3644 3553 3713 λέγει
3599 3645 3684 3698 ὅτι

2097 3737 2208 3790 Καὶ
2241 3736 2404 3799 αὐτὸς
2454 3735 2565 3805 ἐγὼ
2616 3739 2686 3790 τὰ
2719 3737 2850 3809 παρ’
2898 3738 3128 3802 ἐκείνοις
3178 3739 3547 3810 γεγραμμένα
3577 3754 3683 3806 φ’)-

2097 3826 2304 3891 λάσσω,
2352 3825 2449 3879 καὶ
2478 3825 2683 3896 ὲνεργῶ
2715 3827 2874 3883 αὑτά.
2904 3829 3013 3881 Καὶ
3044 3830 3168 3881 ἐπεὶ
3202 3827 3388 3881 δίκαια
3418 3830 3513 3881 καὶ
3548 3826 3684 3894 ἅγια

2103 3921 2196 3974 καὶ
2230 3919 2367 3990 ὀρθὰ
2409 3921 2504 3974 καὶ
2538 3919 2643 3972 ἀπὸ
2677 3918 2811 3972 Θεοῦ
2865 3919 3123 3991 δεδομένα
3172 3920 3431 3992 ὁμολογεῖ
3462 3921 3563 3991 τήν
3616 3937 3677 3972 τε

2105 4011 2345 4065 παλαιὰν
2365 4010 2460 4065 καὶ
2479 4011 2576 4080 τὴν
2604 4011 2729 4064 νέαν
2753 4010 2998 4083 Γραφὴν,
3027 4012 3119 4065 καὶ
3147 4012 3309 4074 αὐτὸς
3340 4010 3532 4065 ἑαυτὸν
3551 4009 3686 4064 ὑπό-

2104 4122 2281 4178 χρεων
2312 4107 2570 4166 ποιεῖται,
2600 4104 2693 4158 καὶ⁸
2724 4104 2801 4176 μὴ
2821 4104 3170 4176 βουλόμενος,
3203 4108 3298 4161 καὶ
3331 4107 3475 4160 κατὰ
3507 4106 3684 4159 πάντα

2107 4198 2315 4270 ὀφείλει
2340 4197 2589 4267 στέργειν
2614 4197 2776 4253 αὑτά.
2819 4196 2876 4252 ’0
2905 4197 2964 4251 δὲ
3000 4198 3192 4268 μνείαν
3218 4199 3348 4270 περὶ
3380 4199 3489 4252 τῶν
3529 4200 3586 4250 ὲν
3620 4201 3686 4269 τῇ
3794 4258 3801 4265 η

2110 4288 2232 4360 θείᾳ
2255 4289 2442 4359 Γραφῇ
2467 4288 2528 4341 οὐ
2559 4289 2794 4342 ποιεῖται
2819 4287 3054 4357 ἀρετῶν,
3085 4287 3193 4341 τῶν
3221 4287 3535 4359 δυναμένων
3565 4287 3695 4341 ἀναν

2114 4380 2201 4449 Eat
2229 4381 2338 4434 ἀπὸ
2367 4381 2467 4450 γῆς
2509 4379 2600 4434 τὸν
2646 4379 2956 4451 ἄνθρωπον,
3008 4385 3102 4434 καὶ
3137 4380 3389 4451 οὐράνιον
3438 4381 3682 4452 ποιῆσαι.

417 4483 661 4530 veterem
715 4488 818 4529 nec
858 4488 1057 4529 novam
1102 4471 1440 4541 Scripturam
1485 4469 1821 4539 suscipiant;
1856 4481 1988 4521 nunt

2124 4473 2265 4527 Ἀλλ’
2296 4473 2433 4544 ὅπερ
2492 4472 2559 4526 ἂν
2605 4470 2701 4527 καὶ
2734 4474 2909 4544 ἀναϐῇ
2971 4474 3030 4526 ὲν
3082 4473 3160 4543 τῷ
3206 4470 3371 4526 αὐτοῦ
3415 4471 3689 4543 λογισμῷ,

418 4583 585 4632 vero,
616 4577 676 4621 ut
705 4566 923 4621 easdem
966 4564 1255 4634 recipiant.
1292 4561 1767 4630 Quemadmodum
1803 4560 1856 4615 in
1911 4574 2006 4614 ca-

419 4659 534 4731 pite
575 4654 877 4724 Helmaida,
932 4656 1076 4727 quod
1129 4671 1367 4711 mensam
1430 4654 1891 4724 interpretantur,
1925 4650 2006 4705 sic
2046 4662 2051 4665 '

409 4750 604 4812 jnouit
633 4766 650 4807 :

495 5014 547 5069 Ι.
581 5012 734 5068 Libri
766 5014 1004 5070 societas
1068 5015 1219 5069 nulla
1257 5025 1362 5081 est,
1406 5013 1514 5069 nisi
1548 5012 1913 5084 Evangelium
1954 5019 2010 5064 et

427 5105 603 5177 legem
666 5106 950 5175 impleant.
993 5100 1146 5161 Libri
1194 5117 1378 5163 autem
1415 5108 1652 5162 societas
1705 5104 2006 5159 secundum

426 5197 583 5253 illum
615 5198 879 5253 dicuntur
902 5198 1229 5256 Mahometis
1269 5189 1589 5257 sectatores.

496 5378 552 5434 2.
594 5379 766 5435 Porro
806 5392 930 5451 post
957 5383 1130 5438 multa
1160 5382 1478 5453 prodigiosa
1515 5383 1674 5437 verba
1704 5398 1799 5437 sua
1837 5381 2005 5436 etiam

427 5470 535 5526 hoc
581 5471 757 5537 addit,
807 5473 952 5542 quod
1013 5476 1066 5528 in
1110 5484 1293 5544 partes
1337 5475 1682 5545 septuaginta
1730 5485 1840 5527 tres
1874 5472 2012 5527 divi-

427 5563 598 5618 dendi
638 5563 751 5619 sint
814 5565 955 5638 legis
993 5582 1106 5622 sua:
1162 5576 1487 5633 sectatores,
1548 5583 1580 5622 e
1637 5566 1841 5637 quibus
1898 5581 2006 5620 una

429 5659 644 5707 tantum
692 5654 888 5709 eadem
938 5656 1052 5711 sola
1082 5656 1354 5712 servanda
1394 5658 1488 5721 sit,
1538 5656 1784 5726 reliquas
1814 5665 2001 5711 autem

442 5743 539 5815 gni
609 5745 926 5805 tradendas.
970 5747 1216 5816 Quanam
1261 5759 1453 5806 contra
1493 5748 1809 5822 huiusmodi
1846 5748 2011 5815 stulta

2116 4566 2290 4618 ἐκεῖνο
2317 4565 2411 4618 καὶ
2458 4565 2677 4633 στέργει
2702 4566 2796 4618 καὶ
2825 4564 3065 4617 διδάσκει
3088 4580 3101 4594 ο
3138 4564 3232 4616 καὶ
3263 4563 3395 4617 ποτὲ
3417 4562 3516 4633 μὲν
3542 4563 3694 4632 λέγει

2113 4656 2213 4711 καὶ⁸
2246 4654 2600 4725 ὑπαγορεύει,
2637 4654 2725 4707 ἵνα
2752 4651 2876 4707 οὗτε
2922 4651 3021 4724 τὴν
3049 4653 3286 4709 παλαιὰν
3314 4653 3536 4725 Γραφὴν
3567 4651 3693 4705 οὔτε

2115 4749 2214 4819 τὴν
2245 4749 2369 4802 νέαν
2401 4747 2686 4816 δέχωνται,
2719 4744 2850 4798 ποτὲ
2878 4744 2957 4811 δὲ,
3001 4744 3088 4797 ἵνα
3116 4744 3380 4815 δέχωνται
3426 4745 3585 4807 αὐτὰ,
3618 4744 3696 4808 ὡς

2116 4842 2212 4895 καὶ
2238 4840 2293 4893 ὲν
2324 4840 2401 4909 τῷ
2427 4837 2707 4909 κεφαλαίῳ
2726 4836 2804 4907 τῷ
2837 4833 3144 4906 Ἑλμαὶδᾷ,
3172 4837 3310 4908 ὅπερ
3336 4833 3703 4908 ἑρμηνεύεται

2120 4928 2396 5001 τράπεζᾳ,
2424 4928 2621 4980 οὑτωσί
2652 4940 2841 4997 φησιν·

2194 5028 2263 5077 α’.
2297 5022 2422 5074 Ὅτι
2453 5021 2486 5086 ἡ
2508 5018 2600 5072 τοῦ
2634 5017 2843 5088 βιϐλίου
2879 5017 3128 5088 ἑταιρεία
3163 5018 3315 5073 οὐδὲν
3341 5018 3481 5081 ὅλως
3528 5016 3700 5082 ἐστὶν,

2120 5117 2169 5169 εί
2203 5113 2278 5184 μὴ
2308 5112 2656 5182 πληρώσαιεν
2686 5111 2746 5164 τό
2778 5126 2837 5163 τε
2875 5110 3211 5177 Εύαγγέλιον
3250 5113 3344 5165 καὶ
3376 5110 3467 5163 τὸν
3512 5108 3698 5176 νόμον.

2132 5201 2407 5272 Ἐταιρεία
2461 5200 2516 5252 δὲ
2550 5199 2642 5254 τοῦ
2680 5198 2886 5270 βιϐλίου
2938 5198 3189 5268 λέγονται
3237 5198 3355 5253 κατ’
3411 5199 3619 5252 ἐκεῖνον
3652 5198 3702 5250 οι

2120 5294 2212 5349 τοῦ
2248 5293 2490 5364 Μωᾶμεθ
2524 5291 2829 5347 ἀκόλουθοι.

2132 5418 2147 5431 ο
2191 5385 2259 5456 β’.
2288 5383 2411 5438 Ἔτι
2467 5384 2607 5454 μετὰ
2664 5384 2774 5439 τῶν
2818 5384 3031 5440 πολλῶν
3082 5383 3482 5456 τερατολογιῶν
3532 5381 3701 5436 αὐτοῦ

2120 5476 2268 5541 λέγει
2294 5477 2387 5526 καὶ
2424 5471 2608 5539 τοῦτο,
2638 5473 2719 5526 ὅτι
2749 5475 2829 5537 εἰς
2870 5474 3236 5545 ὲὸδομήκοντα
3259 5474 3394 5546 πρὸς
3417 5476 3528 5537 τοίς
3555 5474 3704 5544 τρισὶ

2124 5564 2323 5636 μοίρας
2375 5566 2632 5633 μέλλουσι
2684 5565 2974 5635 σχισθῆναι
3022 5566 3072 5619 οί
3105 5565 3181 5636 τῷ
3210 5564 3360 5637 νόμῳ
3383 5565 3548 5620 αὑτοῦ
3577 5566 3706 5617 ἀκο-

2122 5656 2512 5725 λουθήσοντες,
2552 5657 2645 5709 καὶ
2692 5656 2725 5727 ἠ
2759 5657 2857 5726 μὲν
2897 5656 2997 5727 μία
3032 5658 3127 5710 καὶ
3185 5656 3323 5726 μόνη
3384 5657 3450 5709 ὲκ
3494 5656 3705 5710 τούτων
3742 5692 3751 5697 -

2125 5748 2453 5819 σωθήσεται,
2515 5748 2572 5801 at
2603 5746 2646 5801 δ’
2702 5748 2859 5806 ἄλλαι
2913 5749 3048 5820 πυρὶ
3085 5748 3574 5821 παραδοθήσονται.
3608 5744 3703 5810 Τίς
