4058 6492
469 454 572 516 ΓΗ

1645 460 1968 521 ,ΙΟᾹΝΝΙΞ
2003 458 2543 519 CANTACUZENI

3616 453 3724 518 620

457 584 583 622 nem
610 568 829 624 dubiam
866 571 928 624 de
965 572 1022 625 Al
1061 588 1231 624 ot'ano
1276 588 1395 624 mov
1435 582 1508 636 at,
1552 574 1823 642 extemplo
1871 582 2032 627 morte

2153 570 2322 631 τελῶς
2354 572 2537 640 ἔχουσι
2587 568 3011 637 κατεγνωσμὲνα
3049 566 3138 620 καὶ
3179 565 3548 632 ἀνυπόστατα,
3578 566 3723 636 ἅπερ

461 659 748 714 moriatur.

2152 667 2181 719 6
2205 667 2447 735 Μωάμεθ
2482 665 2896 735 νενομοθέτηκε.
2951 665 3047 716 Διά
3095 679 3175 716 τοι
3215 660 3375 715 τοῦτο
3410 660 3504 716 καὶ
3564 662 3722 724 νόμος

458 754 620 821 ἐτέθη
675 755 823 823 παρά
875 757 987 836 τοῖς
1025 757 1389 828 Σαρακηνοῖς,
1448 758 1532 810 ἵνα
1585 759 1743 829 εἰπερ
1808 775 1892 822 τις
1967 758 2106 824 ὅλως
2144 759 2562 830 ἀμφιϐάλλμῆ
2609 758 2766 827 λόγον
2819 757 3053 829 ἀπορίας
3086 757 3228 810 είποι
3267 755 3349 820 εἰς
3387 755 3447 808 τὸ
3480 756 3722 827 Κοῤῥάν,

460 862 531 896 πα
542 845 735 914 ρευθῦς
772 846 986 915 θανάτῳ
1027 848 1350 919 τελευτήσῃ.

530 936 579 987 6.
615 936 989 1006 lnsuperdicit
1011 956 1024 991 :
1045 938 1123 993 Ne
1145 939 1499 995 committatis
1528 941 1815 1011 rapinaset
1842 942 2038 1005 caedes,

458 1042 562 1080 nec
620 1028 878 1097 purjuria,
936 1030 1194 1098 quoniam
1256 1030 1398 1085 Deus
1449 1032 1563 1086 haec
1635 1033 1861 1087 moleste
1914 1032 2036 1086 fert.

458 1117 618 1181 Q'tod
642 1119 684 1170 si
710 1129 889 1172 tamrn
917 1118 1057 1174 forte
1098 1117 1358 1187 feceritis,
1397 1122 1538 1177 Deus
1568 1123 1834 1193 benignus
1862 1136 1947 1179 est
1985 1132 2042 1178 et

394 1230 402 1239 -
458 1207 789 1269 misericors,
824 1209 1023 1279 illaque
1048 1210 1464 1266 eondonaturus
1487 1222 1590 1267 est.

530 1299 581 1351 7.
617 1298 747 1353 Item
782 1300 836 1354 in
865 1302 1043 1371 capite
1069 1301 1377 1368 Ilelmaida,
1407 1305 1551 1373 quod
1585 1321 1819 1360 mensam
1875 1305 2042 1373 signi-

458 1388 606 1451 licat,
639 1388 795 1451 dicit,
830 1391 999 1445 Deum
1034 1393 1265 1464 periurii
1297 1393 1546 1449 fraudem
1596 1395 1650 1449 in
1690 1395 1850 1450 nonis
1879 1396 2037 1451 nihili

455 1480 753 1543 mstimare,
787 1497 885 1549 pro
925 1484 1365 1554 transgressione
1408 1467 1593 1542 au'tem
1630 1488 1779 1544 illius
1818 1488 2035 1545 satisfa-

454 1566 694 1622 ctionem
720 1583 843 1623 esse
870 1569 1057 1626 decem
1075 1587 1376 1642 pauperum
1405 1576 1762 1642 cibationem,
1784 1577 2040 1631 totidem-

453 1672 562 1727 que
618 1660 904 1718 vcstitum,
942 1672 1036 1717 aut
1086 1678 1186 1732 pro
1236 1664 1323 1719 his
1360 1666 1524 1721 unius
1578 1666 1777 1736 captivi
1827 1666 2041 1721 redem-

453 1747 718 1815 pliunem.
751 1751 853 1817 Qui
903 1766 1034 1806 vero
1087 1762 1343 1809 neutrum
1385 1771 1452 1810 ex
1497 1755 1583 1811 his
1611 1757 1793 1813 facere
1835 1767 2035 1829 potest,

458 1849 539 1893 ter
560 1841 836 1911 jejunato.
876 1843 1090 1899 [labent
1120 1846 1285 1900 etiam
1315 1848 1716 1919 juramentum,
1754 1850 1899 1920 quod
1931 1867 2036 1905 non

454 1932 617 1986 facile
651 1934 885 2013 fallunt:
922 1951 1241 2009 quanquam
1289 1939 1454 1993 etiam
1492 1939 1596 1995 hoc
1643 1955 2037 2013 nonnunquam

453 2028 774 2097 contingere
805 2030 997 2085 soleat.

446 2163 457 2173 .
528 2118 858 2190 8.lnsuper,
915 2137 1040 2177 cum
1095 2123 1390 2191 iuravisset
1450 2124 1745 2190 Mahomet,
1806 2141 1865 2181 se
1927 2141 2033 2180 non

2219 947 2294 1005 ς’.
2334 941 2457 996 Ἔτι
2486 943 2638 1011 φησὶ,
2675 938 2764 1009 Μὴ
2797 939 3058 1007 ποιήσητε
3100 937 3355 1007 ἀρπαγάς
3386 937 3482 991 καὶ
3506 939 3723 1002 τόνους,

2143 1031 2176 1101 ἢ
2205 1032 2516 1101 ἐπιορκίας,
2543 1030 2663 1085 ἐπεὶ
2692 1032 2720 1084 6
2748 1029 2881 1093 Θεὸς
2910 1030 2998 1083 διὰ
3032 1030 3231 1101 βάρους
3257 1029 3369 1099 ἔχει
3405 1028 3564 1082 αὐτὰ.
3594 1029 3655 1080 Εἰ
3680 1030 3725 1079 δ’

2144 1123 2274 1188 ίσως
2297 1124 2392 1177 καὶ
2430 1124 2709 1193 ποιήσητε,
2742 1108 2777 1173 δ’
2826 1121 2961 1185 Θεὸς
2999 1124 3302 1192 οἰκτίρμων
3333 1121 3428 1175 καὶ
3452 1120 3726 1191 ,ἐλεήμων

2143 1216 2280 1280 ἐστὶ,
2324 1216 2419 1269 καὶ
2442 1214 2634 1285 μέλλει
2661 1214 3044 1285 συγχωρήσειν
3088 1212 3250 1269 αὐτὰ.

2213 1304 2282 1371 ζ’.
2319 1306 2439 1360 Ἔτι
2469 1307 2526 1359 ὲν
2551 1304 2629 1376 τῷ
2658 1304 2938 1374 κεφαλαίῳ
2964 1303 3043 1373 τῷ
3074 1300 3379 1372 Ἐλμαῑὸᾶ,
3397 1301 3531 1372 ὅπερ
3556 1302 3727 1371 ἐτιμη-

2142 1398 2356 1453 νεύεται
2374 1392 2655 1467 τράπεζα,
2687 1398 2836 1466 λέγει
2862 1396 2941 1451 ὅτι
2969 1397 3029 1448 οὐ
3057 1396 3320 1464 λογιεῖται
3355 1396 3383 1448 ὁ
3407 1394 3538 1456 Θεὸς
3565 1396 3725 1462 ἠμιῖιν

2140 1491 2238 1562 τὴν
2274 1492 2490 1563 ἀπάτην
2541 1489 2636 1545 τοῦ
2674 1490 2864 1560 ὅρκου,
2926 1489 3069 1559 ὑπὲρ
3112 1489 3168 1542 δέ
3203 1487 3303 1557 τῆς
3360 1486 3723 1565 περαϐᾀσειης

2138 1579 2306 1636 αὑτοῦ
2335 1581 2565 1651 ἀρκετόν
2584 1580 2700 1633 ἐστι
2725 1579 2855 1633 δέκα
2878 1580 3128 1650 πενήτων
3162 1577 3360 1650 τροφὴ,
3393 1580 3487 1631 καὶ
3520 1577 3725 1641 ἔνδυμα

2138 1648 2431 1733 τοσούτων,
2464 1668 2497 1737 ἢ
2530 1669 2651 1723 ἀντὶ
2681 1667 2888 1722 τούτων
2914 1648 3030 1731 ἐνὸς
3052 1648 3400 1738 αἰχμαλώτου
3432 1665 3721 1735 λύτρωσις.

2150 1763 2210 1815 '0
2240 1761 2284 1816 δ’
2310 1762 2417 1814 ἀπὸ
2450 1759 2659 1813 τούτων
2708 1759 2783 1831 μὴ
2829 1759 3129 1829 δυνάμενος
3160 1760 3385 1828 ποιῆσαι
3410 1798 3425 1821 ,
3474 1755 3595 1828 τρὶς
3626 1774 3724 1824 νη-

2141 1854 2360 1909 στεύσει
2414 1854 2441 1905 6
2472 1851 2735 1914 τοιοῦτος.
2773 1853 2999 1922 Ἔχουσι
3038 1852 3096 1905 δέ
3141 1852 3237 1904 καὶ
3265 1851 3427 1921 ὅρκον
3450 1849 3602 1908 ῐδιον.
3638 1849 3667 1901 ὃ
3697 1874 3731 1900 ς

2139 1964 2259 1999 τινα
2303 1944 2543 2006 εὐκόλως
2593 1944 2655 1996 οὐ
2708 1945 3137 2015 παραϐαίνουσιν
3168 1962 3183 1977 °
3223 1943 3339 1997 ἐστι
3391 1943 3437 1997 δ’
3472 1943 3560 1997 ὅτε
3594 1941 3726 1995 ἀθε-

2139 2037 2293 2091 τοῦσι
2325 2040 2601 2092 κάκεῖνον.

2209 2127 2278 2199 η’.
2314 2129 2435 2185 Ἔτι
2480 2129 2779 2199 ὀμόσαντος
2810 2126 2904 2181 τοῦ
2945 2126 3110 2181 αὑτοῦ
3160 2124 3407 2195 Μωάμεθ
3465 2127 3540 2197 μὴ
3587 2143 3723 2195 συγ-

454 2209 727 2265 coiturum
778 2225 904 2265 cum
939 2211 1270 2269 Jacobitissa
1310 2215 1546 2285 quadam
1575 2216 1798 2271 nomine
1843 2217 2031 2285 Maria,

2139 2218 2398 2287 γενέσθαι
2471 2218 2856 2292 Ἰακωδιτίσσῃ
2906 2218 3032 2283 τινὶ,
3075 2217 3265 2288 Μαρίᾳ
3320 2216 3722 2287 ὀνομαζομένῃ,

451 2302 712 2373 permisit
744 2304 820 2358 illi
863 2305 1034 2372 Dcus,
1061 2322 1131 2361 ne
1159 2309 1306 2377 quod
1335 2309 1617 2380 iuraverat
1649 2318 1827 2365 ratum
1862 2309 2032 2364 hahe-

456 2406 577 2457 ret;
618 2395 713 2449 sed
746 2395 813 2450 ad
865 2410 986 2451 eam
1013 2399 1265 2466 accessit,
1293 2408 1355 2455 ut
1406 2400 1460 2455 in
1511 2402 1688 2472 capite
1727 2402 2033 2457 Elmetaare

450 2486 757 2541 clarissime
806 2494 1061 2543 testatur.
1096 2488 1293 2545 Testes
1332 2500 1515 2545 autem
1557 2492 1876 2562 huiusmodi
1912 2510 2034 2562 pcr-

452 2576 733 2632 missionis
758 2587 815 2633 et
850 2579 1079 2649 periurii
1112 2579 1360 2636 citantur
1387 2583 1588 2653 angeli,
1622 2584 1850 2641 Michael
1879 2586 2030 2639 scili-

451 2674 541 2722 cet
564 2676 620 2722 et
652 2666 893 2722 Gabriel.

524 2759 579 2839 9.
619 2760 699 2813 Ad
757 2760 873 2815 haec
905 2760 1074 2815 Deum
1118 2763 1320 2832 sapius
1373 2778 1500 2819 cum
1535 2765 1629 2821 illo
1676 2765 2031 2835 collocutura,

453 2851 659 2906 dixisse
693 2852 881 2915 refert,
915 2851 1066 2923 quod
1092 2852 1247 2909 lusus
1286 2854 1462 2925 gratia
1509 2848 1778 2912 mundum
1809 2872 2033 2915 creave-

455 2944 548 2998 rit.
583 2944 649 2998 Et
698 2944 960 3001 cordatus
1012 2933 1266 3014 quilibet,
1296 2963 1422 3017 quae
1461 2948 1552 3003 hic
1594 2948 1877 3017 dicuntur,
1910 2967 2037 3020 pcr—

454 3031 678 3103 pendat,
708 3033 988 3101 quomodo
1021 3048 1244 3089 atumem
1297 3036 1566 3091 concedat
1620 3038 1922 3105 licentiam,
1973 3049 2035 3095 ut

448 3140 613 3193 quam
646 3124 912 3193 plurimos
934 3126 1002 3179 ad
1021 3140 1083 3181 se
1109 3125 1370 3182 attrahat.
1395 3127 1461 3182 Et
1492 3128 1724 3185 Domino
1745 3130 1966 3186 dicente
1988 3132 2032 3162 "

453 3224 659 3271 arctam
687 3226 744 3269 et
782 3225 1067 3287 angustam
1100 3231 1224 3273 esse
1256 3218 1398 3272 viam
1445 3234 1568 3289 qua:
1595 3220 1662 3276 ad
1711 3221 1878 3276 vitam
1912 3236 2034 3291 per-

451 3310 623 3385 ducit,
656 3309 822 3363 latam
867 3324 996 3363 vero
1030 3318 1087 3364 et
1130 3309 1427 3378 spatiosam
1466 3326 1588 3380 qua:
1618 3310 1774 3366 ducit
1806 3311 1874 3366 ad
1909 3326 2033 3381 per-

454 3403 771 3456 ditionem:
840 3411 897 3457 et
953 3415 1150 3455 revera
1209 3402 1266 3456 in
1340 3402 1494 3456 illum
1558 3398 1818 3459 convenit
1884 3402 2029 3457 hoc:

2137 2313 2398 2367 ἐνέδωκεν
2433 2314 2581 2383 αὐτῷ
2604 2314 2631 2367 6
2653 2312 2786 2376 Θεὸς
2827 2312 2902 2382 μὴ
2934 2310 3170 2379 φυλάξαι
3224 2310 3360 2380 ὅπερ
3411 2302 3727 2379 ὀμώμοκεν,

2136 2406 2271 2459 ἀλλά
2306 2404 2625 2476 προσελθεῖν
2651 2404 2787 2475 πρὸς
2818 2403 3011 2473 αὐτὴν,
3035 2402 3110 2466 ὡς
3143 2403 3199 2456 ἐν
3226 2400 3303 2472 τῷ
3335 2400 3615 2472 κεφαλαίῳ
3643 2401 3722 2468 τῷ

2150 2497 2534 2569 Ἐλμεταάρε,
2565 2497 2701 2569 ὅπερ
2735 2494 3097 2566 ἑρμηνεύεται
3126 2532 3141 2548 .
3178 2530 3193 2546 .
3232 2532 3247 2547 .
3281 2532 3296 2548 .
3331 2533 3346 2548 .
3378 2529 3394 2546 .
3428 2491 3726 2562 διαρρήδην

2139 2592 2292 2661 φησί.
2328 2590 2624 2662 Μάρτυρες
2666 2588 2726 2643 δέ
2755 2588 2863 2641 είσι
2893 2587 2992 2657 τῆς
3028 2584 3287 2656 τοιαύτης
3314 2584 3579 2647 ἐνδόσεως
3624 2583 3721 2635 καὶ

2138 2680 2423 2749 ἐπιορκίας
2454 2679 2504 2731 oi
2535 2679 2782 2746 ἄγγελοι,
2812 2676 2844 2730 δ
2874 2693 2936 2729 τε
2967 2673 3189 2746 Μιχαὴλ
3263 2675 3356 2727 καὶ
3387 2673 3713 2743 ὁταεριήλ.

2210 2771 2275 2827 6'.
2306 2770 2431 2825 Ἔτι
2478 2767 2885 2837 διαλεγόμενος,
2928 2767 3112 2837 φησὶν,
3168 2766 3197 2818 6
3233 2764 3366 2830 Θεὸς
3400 2767 3519 2835 μετ’
3556 2764 3721 2817 αὑτοῦ

2138 2864 2420 2926 πολλάκις,
2453 2857 2573 2914 εἶπε
2597 2860 2736 2932 πρὸς
2759 2859 2925 2913 αύτδν
2946 2860 3023 2923 ὡς
3057 2858 3275 2921 παιδιᾶς
3303 2859 3463 2927 χάριν
3497 2858 3717 2921 ἐποίησε

2134 2957 2227 3011 τὸν
2254 2954 2482 3023 κόσμον.
2514 2953 2625 3007 Καὶ
2660 2952 2935 3006 σκοπείτω
2975 2952 3084 3015 πᾶς
3121 2951 3149 3004 6
3188 2949 3314 3004 νοῦν
3360 2936 3501 3019 ἔχων
3528 2949 3596 3002 τὰ
3629 2951 3715 3001 λε-

2134 3049 2365 3119 γόμενα,
2394 3048 2544 3111 ὅπως
2570 3045 2851 3109 παντελῶς
2883 3044 3129 3097 ἐνδίδωσι
3163 3043 3345 3096 πᾶσαν
3372 3041 3717 3110 ἐλευθερίαν,

2134 3142 2224 3194 ῐνα
2251 3140 2319 3193 δι’
2347 3139 2517 3202 αὐτῆς
2541 3138 2601 3190 τὸ
2627 3136 2830 3205 πλῆθος
2864 3134 2991 3205 ἐλξῃ
3026 3135 3161 3204 πρὸς
3189 3134 3381 3187 ἑαυτόν
3403 3150 3415 3163 ο
3443 3134 3624 3186 καίτοι
3659 3130 3719 3184 τέ

2136 3228 2231 3285 τοῦ
2273 3227 2477 3299 Κυρίου
2517 3228 2762 3288 είπόντο;
2810 3226 2884 3290 ὡς
2948 3243 2966 3277 ι
3000 3225 3169 3295 Στενὴ
3230 3226 3326 3278 καὶ
3378 3224 3717 3292 τεθλιμμένη

2135 3323 2287 3375 ἐστὶν
2310 3320 2343 3391 ἡ
2364 3320 2505 3385 666;,
2536 3321 2570 3391 ἡ
2601 3318 2896 3387 ἀπάγουσα
2925 3318 3005 3380 είς
3046 3316 3146 3386 τὴν
3185 3316 3355 3387 ζωὴν,
3405 3315 3625 3367 πλατεῖα
3654 3314 3714 3366 δὲ

2137 3416 2232 3467 καὶ
2252 3412 2565 3489 εὐρύχωρος
2587 3414 2686 3481 τῆς
2710 3408 3007 3472 ἀπωλείας.
3041 3426 3061 3460 ι
3110 3408 3217 3461 Καὶ
3246 3407 3412 3471 ὄντως
3438 3406 3514 3469 εἰς
3550 3406 3713 3458 αὑτὸν

461 3515 479 3544 ι
525 3494 675 3549 Viam
715 3500 1118 3563 praeceptorum
1162 3501 1384 3548 tuorum
1423 3493 1549 3548 nolo
1595 3507 1933 3565 cognoscere
1964 3493 2025 3548 ¹⁸.

2140 3509 2334 3577 ἀνήκει
2370 3507 2453 3571 τὺ,
2490 3523 2509 3557 ι
2559 3505 2706 3558 ὐδδν
2744 3502 2975 3557 ἐντολῶν
3033 3517 3129 3555 σου
3169 3500 3372 3570 γνῶναι
3426 3499 3487 3552 οὐ
3530 3498 3717 3570 βούλοι

529 3694 617 3749 10.
652 3692 786 3747 Item
819 3692 874 3746 in
905 3693 1084 3762 capite
1115 3691 1389 3762 Micapara
1420 3732 1435 3758 ,
1465 3691 1611 3762 quod
1633 3691 1920 3762 juventam
1951 3693 2037 3748 in-

455 3793 850 3857 terpretantur,
882 3782 1098 3839 Judzeos
1130 3795 1187 3839 et
1216 3783 1563 3840 Christianos
1590 3783 1884 3840 salvandos
1912 3800 2034 3841 esse

452 3876 610 3934 dicit.
643 3875 703 3930 ll.
743 3875 922 3946 capite
946 3891 1077 3929 vero
1106 3875 1357 3940 Amram,
1387 3888 1617 3929 rursum
1650 3861 1847 3944 inquit,
1884 3874 2032 3943 quod

398 4024 405 4031 ,
449 3982 616 4023 nemo
649 3966 848 4022 salvari
880 3966 1055 4035 possit
1085 3965 1205 4021 sine
1236 3965 1302 4021 iis
1341 3981 1463 4037 quae
1488 3966 1888 4021 lsmaelitarum
1916 3968 2035 4039 lege

449 4061 832 4120 continentur.

527 4157 613 4209 ll.
647 4154 923 4209 Praeterea
972 4153 1175 4224 inquit,
1206 4151 1354 4222 quod
1390 4167 1554 4209 nemo
1595 4164 1723 4209 ante
1759 4170 1819 4211 se
1861 4170 2035 4225 para-

452 4253 633 4305 disum
684 4246 863 4319 possit
912 4247 1151 4318 ingredi.
1205 4247 1353 4302 Idem
1387 4262 1517 4302 vero
1552 4249 1666 4319 ipse
1700 4250 1866 4319 paulo
1912 4264 2034 4320 post

453 4340 611 4404 dicit,
675 4337 831 4408 quasi
892 4337 1058 4405 hujus
1105 4336 1307 4407 prioris
1367 4337 1594 4400 oblitus,
1650 4339 1794 4409 quod
1848 4338 2035 4393 Domi-

450 4445 555 4485 nus
613 4430 791 4498 ipsum
861 4438 1207 4497 assumptum
1280 4427 1333 4481 iu
1409 4429 1716 4497 paradisum
1775 4430 2031 4495 duxerit,

453 4517 874 4585 ostenderitque
904 4516 1007 4578 sibi
1050 4516 1205 4570 viros
1220 4526 1274 4571 et
1307 4518 1567 4573 mulieres
1605 4520 1821 4575 multas.
1851 4521 1919 4575 Et
1952 4520 2035 4573 in-

454 4608 755 4678 terrogavit
788 4622 937 4668 eum,
985 4606 1237 4669 Domine,
1265 4608 1398 4677 quid
1427 4608 1531 4664 hoc
1561 4610 1685 4664 est?
1712 4609 1781 4665 Et
1808 4627 2030 4679 respon-

453 4701 530 4755 dit
562 4699 638 4753 illi
676 4698 861 4751 Deus:
895 4696 974 4752 Ne
1009 4697 1247 4763 mireris,
1286 4714 1410 4753 nam
1456 4709 1513 4754 et
1570 4701 1623 4755 hi
1671 4702 1750 4756 tui
1798 4712 2035 4757 sectato-

452 4802 540 4842 ra-s
565 4794 715 4841 sunt.
741 4784 897 4851 Quod
928 4800 1061 4839 vero
1088 4787 1255 4841 tradit
1283 4787 1453 4842 Deum
1493 4789 1596 4845 sihi
1627 4789 1849 4851 dixisse,
1884 4790 2031 4860 quod

2142 3617 2262 3671 μαι.
2294 3619 2312 3652 ι

2210 3700 2263 3748 ι’.
2297 3694 2418 3748 Ἔτι
2448 3694 2508 3767 ἐν
2528 3690 2604 3763 τῷ
2633 3689 3013 3761 κεφαλαίῳτῷ
3038 3687 3348 3756 Μπακαρᾶ.
3381 3685 3520 3759 ὅπερ
3552 3687 3723 3757 ἑρμη-

2136 3784 2350 3840 νεύεται
2397 3785 2681 3854 δάμαλις,
2715 3784 2892 3851 λέγει,
2914 3782 2990 3847 ὡς
3018 3784 3068 3835 oi
3111 3780 3357 3836 Ἰουδαῖοι
3383 3781 3478 3833 καὶ
3505 3781 3555 3833 οί
3582 3782 3719 3849 Χρι-

2138 3878 2342 3930 στιιινολ⁸
2372 3877 2612 3944 σωθῆναι
2649 3873 2955 3942 μέλλουσιν.
3003 3872 3093 3926 Ἐν
3120 3872 3177 3926 δέ
3203 3871 3283 3943 τῷ
3330 3871 3610 3940 κεφαλαίῳ
3633 3859 3719 3939 τῷ

2152 3965 2384 4036 Ἀμρὰμ
2431 3964 2589 4026 αὖθίς
2644 3981 2810 4033 φησιν
2867 3966 2949 4018 ὅτι
2999 3963 3173 4025 οὐδεὶς
3217 3961 3442 4016 δύναται
3477 3960 3719 4030 σωθῆναι

2133 4058 2263 4112 ἄνευ
2299 4057 2407 4110 τῶν
2430 4061 2487 4110 ἐν
2507 4056 2585 4126 τῷ
2608 4057 2755 4126 νόμῳ
2782 4055 2892 4109 τῶν
2937 4050 3321 4123 Ἰσμαηλιτῶν.

2207 4147 2297 4203 ια’.
2332 4147 2453 4202 Ἔτι
2483 4148 2590 4218 1196
2621 4145 2787 4201 αὑτοῦ
2818 4163 2986 4218 φησιν
3013 4147 3094 4200 ὅτι
3123 4145 3186 4199 οὐ
3219 4143 3446 4200 δύναταί
3493 4161 3577 4208 τις
3605 4146 3718 4196 εἰσ-

2133 4240 2312 4295 ελθεῖν
2341 4242 2421 4304 είς
2472 4241 2563 4295 τὸν
2612 4240 2966 4310 παράδεισον.
2996 4240 3105 4292 Kal
3134 4234 3289 4301 αὖθις
3319 4239 3348 4291 6
3370 4237 3539 4301 αὐτὸς
3561 4230 3714 4297 οὗτος

2137 4332 2475 4403 μεταμικρδν
2498 4331 2661 4385 πάλιν
2696 4330 2885 4400 φησὶν,
2915 4327 3102 4399 ὥσπερ
3125 4329 3201 4399 μὴ
3223 4326 3546 4396 αἰσθόμενος
3581 4327 3717 4394 ὅπερ

2134 4425 2382 4496 εἴρηκεν,
2411 4422 2486 4486 ὡς
2525 4422 2708 4475 λαϐὼν
2748 4422 2911 4475 αὑτὸν
2941 4421 2969 4472 6
2991 4420 3146 4485 Θεὸς,
3186 4421 3486 4487 εισήγαγεν
3513 4419 3594 4481 είς
3625 4418 3717 4468 τὸν

2134 4515 2484 4583 παράδεισον,
2512 4514 2608 4567 καὶ
2654 4512 2857 4576 ἔδειξεν
2893 4512 3045 4580 αὐτῷ
3076 4513 3259 4565 ἐκεῖσε
3287 4510 3489 4581 ἀνδρας
3517 4526 3579 4563 τε
3622 4516 3717 4562 και

2133 4608 2400 4675 γυναῖκας
2446 4604 2671 4667 πολλὰς,
2698 4603 2795 4656 καὶ
2829 4602 2995 4673 ἤρετο
3039 4602 3173 4672 πρὸς
3206 4599 3299 4653 τὸν
3328 4599 3483 4664 Θεὸν,
3520 4600 3713 4669 Κύριε.

2132 4701 2186 4751 τί
2235 4700 2350 4751 ἐστι
2380 4697 2578 4764 τοῦτο;
2630 4696 2727 4750 καὶ
2763 4698 2791 4749 6
2824 4695 2954 4758 Θεὸς
2982 4695 3117 4766 πρὸς
3144 4692 3329 4759 αὑτὸν,
3376 4692 3469 4763 Μὴ
3502 4693 3715 4759 θαυμα-

2137 4806 2268 4861 σῃς·
2297 4791 2392 4843 καὶ
2443 4789 2553 4858 γὰρ
2588 4789 2684 4842 καὶ
2710 4787 2865 4841 αὐτοὶ
2896 4785 3136 4857 μιμηταί
3164 4784 3257 4839 σού
3284 4785 3413 4838 sict.
3453 4785 3526 4838 Τὸ
3553 4784 3602 4839 δ’
3633 4788 3714 4837 ὅτι

454 4882 610 4935 lusus
641 4878 814 4950 gratia
851 4877 1132 4932 hominem
1158 4878 1370 4944 fecerit,
1398 4879 1536 4935 duas
1567 4881 1638 4936 ob
1656 4897 1849 4935 causas
1870 4881 2032 4936 docet

2142 4881 2279 4951 πρὸς
2318 4870 2481 4932 αὐτὸν
2521 4878 2907 4948 διαλεγόμενος
2957 4878 2987 4929 6
3020 4876 3161 4939 Θεὸς.
3182 4870 3337 4929 etab
3361 4877 3445 4929 ὅτι
3494 4875 3715 4936 παιδιᾶς

460 4975 773 5035 Mahomet;
826 4975 1023 5044 partim
1080 4974 1303 5044 quidem
1358 4984 1414 5029 ut
1468 4976 1812 5039 ostenderet,
1861 4976 2029 5032 Deum

457 5082 567 5121 non
623 5066 802 5135 magni
831 5065 1102 5120 aestimare
1155 5065 1439 5120 hominum
1490 5066 1747 5134 salutem,
1798 5076 1853 5121 ct
1905 5084 2030 5138 pro-

455 5166 641 5227 pterea
673 5154 907 5225 singulis
938 5170 1039 5223 pro
1076 5155 1310 5210 libidine
1346 5170 1446 5209 sua
1481 5157 1755 5226 intrepido
1796 5172 1918 5214 esse
1948 5158 2030 5214 vi-

450 5246 694 5302 vendum
721 5263 735 5311 ;
768 5246 969 5316 partim
1002 5261 1158 5309 vero,
1192 5256 1251 5300 ut
1289 5246 1587 5302 Salvator-is
1615 5247 1816 5302 Christi
1849 5248 2030 5303 incar-

453 5336 731 5391 nationem
796 5336 1137 5405 suggillarct.
1202 5337 1411 5391 Revera
1478 5347 1628 5393 certe
1713 5341 2024 5408 sepulcrum

449 5437 702 5496 apertum
752 5432 839 5480 est
886 5435 1074 5496 guttur
1118 5426 1289 5490 illius,
1340 5435 1397 5481 et
1440 5427 1621 5497 lingua
1648 5427 1769 5497 ejus
1816 5430 2026 5485 dolosa.

449 5519 737 5576 Venenum
787 5519 1000 5589 aspidis
1028 5518 1131 5574 sub
1186 5519 1348 5574 labiis
1404 5520 1549 5576 illius
1577 5520 1641 5573 ".
1685 5521 2028 5578 Instrumen-

444 5611 749 5678 tumenim
780 5610 1112 5682 perditionis
1146 5612 1441 5678 exsistens,
1487 5626 1624 5666 vana
1653 5622 1709 5667 et
1741 5611 1871 5667 falsa
1899 5628 2027 5667 eru-

427 5700 617 5755 ctavit
645 5701 835 5756 verba.
868 5701 1222 5770 Quaecunque
1250 5700 1399 5754 enim
1437 5700 1860 5757 sceleratissima
1900 5717 2028 5771 pro-

2124 4975 2301 5043 ,χάριν
2326 4972 2581 5042 ἐποίησεν
2608 4972 2701 5025 τὸν
2736 4970 3045 5041 ἄνθρωπον,
3080 4968 3226 5022 δυοῖν
3270 4969 3460 5023 ἐνεκεν
3488 4971 3731 5039 τρόποιν-

2138 5060 2294 5118 είπεν
2335 5065 2486 5133 αὐτῷ
2511 5063 2542 5116 6
2565 5063 2833 5131 Μωάμεθ,
2872 5062 2934 5114 τὸ
2955 5063 3054 5131 μὲν
3083 5059 3171 5113 ἴνα
3192 5061 3340 5131 δείξῃ
3370 5061 3451 5115 ὅτι
3473 5060 3573 5115 οὐκ
3602 5060 3717 5130 ἔχει

2136 5156 2165 5209 6
2194 5155 2328 5219 Θεὸς
2371 5156 2501 5227 περὶ
2548 5152 2749 5207 πολλοῦ
2792 5153 2891 5224 τὴν
2935 5154 3042 5207 τῶν
3068 5154 3371 5226 ἀρθρὼπων
3413 5153 3714 5221 σωτηρίαν,

2136 5248 2233 5303 καὶ
2260 5249 2351 5302 διὰ
2384 5248 2545 5301 τοῦτο
2576 5248 2835 5317 πράττειν
2867 5246 3094 5301 ἐκ..στον
3124 5246 3295 5309 ἀδεῶς
3318 5246 3379 5299 τὸ
3414 5244 3579 5298 αὑτοῦ
3612 5261 3683 5294 κα

2134 5337 2435 5405 ταθύμιονο
2458 5338 2518 5390 τὸ
2561 5336 2605 5389 δ’
2634 5336 2722 5388 ἵνα
2758 5336 3041 5406 ἀνατρέψῃ
3076 5336 3171 5388 καὶ
3195 5334 3294 5407 τὴν
3330 5333 3424 5388 τοῦ
3460 5334 3713 5404 Σωτῆρπ

2132 5429 2371 5500 Χριστοῦ
2425 5428 2691 5499 ἐνσαρκον
2741 5427 3073 5498 οἰκονομίαν.
3105 5428 3313 5491 Ὄντως
3358 5428 3469 5498 γὰρ
3493 5466 3513 5493 ,
3545 5426 3652 5477 ὅντε
3687 5441 3712 5487 ς

2132 5524 2303 5590 τάφος
2344 5521 2689 5590 ἀνεῳγμένος
2735 5521 2763 5573 6
2810 5518 3020 5591 λάρυγξ
3052 5519 3219 5574 αὐτοῦ
3271 5522 3363 5573 καὶ
3409 5523 3442 5588 ἡ
3488 5521 3710 5585 fidem

2130 5612 2333 5676 αὑτοῦ,
2374 5612 2527 5665 δολία
2558 5626 2572 5641 ·
2611 5612 2689 5675 ίὺς
2733 5610 2790 5665 δὲ
2842 5612 3065 5674 ἀσπίδος
3133 5612 3238 5665 ὑπὸ
3291 5611 3359 5664 τὰ
3410 5611 3564 5681 χείλη
3616 5628 3650 5663 α
3686 5636 3713 5652 -ο

2130 5703 2247 5758 τοῦ.
2295 5703 2494 5767 Σκεῦος
2546 5703 2655 5774 γὰρ
2703 5704 2974 5767 ἀπωλείας
3017 5701 3129 5767 ὢν,
3176 5704 3378 5773 μάταια
3442 5705 3534 5757 καὶ
3580 5704 3708 5770 ψει..
3816 5730 3825 5740 ο

518 5880 564 5913 ⁸⁷
600 5871 795 5937 Matih.
824 5897 919 5949 vn,
953 5852 1056 5937 14..
1127 5882 1171 5915 ¹³
1211 5880 1315 5939 Job
1358 5897 1473 5950 ut,
1519 5883 1607 5938 li.
1688 5883 1729 5916 ⁸⁸
1769 5881 1916 5937 Peal.
1960 5897 2079 5952 xm,
2118 5884 2172 5949 2,
2208 5856 2267 5938 ’5.
