4058 6498
344 362 483 461 ’δῖε

376 603 457 658 vit
492 601 657 657 Evam
690 619 705 656 :
734 618 800 657 ex
839 611 1088 669 utrisque
1135 612 1267 652 vero
1295 595 1458 651 simul
1503 594 1683 664 ipsum
1715 591 1873 658 Setb,
1901 582 1957 647 ἐι

379 708 576 747 omnes
615 693 872 747 homines
913 693 981 748 ".
1025 708 1044 742 ι
1090 688 1347 744 Mortales
1386 686 1551 757 igitur
1591 699 1714 740 cum
1748 696 1952 747 essent,

379 784 545 836 etiam
568 782 671 853 ipsi
703 781 964 836 mortales
986 786 1316 851 genuerunt.
1334 775 1433 830 Cui
1458 773 1696 844 dogmati
1726 773 1957 826 assentit

376 856 575 938 David,
612 874 986 929 testimonium
1028 873 1213 927 ferunt
1254 868 1558 941 prOpbette,
1610 875 1668 921 et
1695 865 1800 921 hoc
1837 866 1954 935 ipse

380 965 636 1021 Christus
684 967 995 1021 confirmat.
1024 964 1239 1021 Novum
1291 974 1425 1014 vero
1465 959 1613 1012 bunc
1650 958 1950 1028 generandi

379 1062 611 1115 modum
649 1060 927 1114 undenam
968 1058 1272 1111 sceleratus
1320 1052 1411 1107 ille
1445 1050 1710 1106 incitatus
1747 1049 1944 1105 docue-

374 1151 463 1212 rit,
497 1165 606 1204 non
636 1150 913 1220 intelligo,
946 1147 1048 1201 nisi
1083 1146 1225 1200 forte
1262 1143 1479 1214 propria
1531 1144 1772 1207 ratione,
1808 1152 1866 1196 et
1913 1156 1951 1195 a

370 1251 528 1312 patre
576 1258 676 1297 suo
717 1241 939 1296 diabolo
985 1247 1294 1309 permotus.
1361 1236 1470 1292 Sed
1527 1250 1597 1291 en
1647 1236 1948 1291 absurdum

375 1334 480 1388 hoc
522 1334 832 1389 considera.
868 1332 925 1387 Si
971 1332 1120 1387 enim
1168 1332 1432 1400 parentes
1479 1327 1819 1384 immortales
1884 1326 1951 1381 ti-

374 1426 480 1480 lios
508 1425 676 1479 etiam
719 1423 1058 1477 immortales
1101 1428 1434 1492 genuerunt,
1478 1434 1545 1474 cn
1579 1417 1952 1488 generationis

372 1513 572 1568 modus
610 1521 836 1566 exortus
885 1519 993 1573 est,
1027 1510 1120 1580 qui
1175 1523 1277 1564 nec
1335 1517 1568 1563 mortem
1608 1508 1800 1571 sentit,
1849 1521 1954 1561 nec

372 1603 859 1660 resurrectionem.
900 1602 1055 1668 Quod
1112 1603 1157 1657 si
1206 1616 1339 1656 vero
1381 1599 1483 1671 ipsi
1520 1600 1856 1654 immortales
1893 1597 1952 1652 fi-

373 1699 478 1753 lios
501 1696 763 1752 mortales
794 1703 1127 1766 genuerunt,
1157 1691 1435 1762 quomodo
1454 1690 1596 1746 ﬁlios
1626 1690 1853 1745 diversa:
1882 1690 1952 1745 ab

372 1790 516 1859 ipsis
555 1797 770 1844 naturae
802 1784 1156 1857 genuerunt?
1184 1782 1388 1839 Natura
1429 1781 1578 1837 enim
1623 1781 1804 1837 omnis
1845 1780 1952 1837 sibi

371 1858 549 1934 simile
577 1894 848 1949 generare
879 1876 1191 1932 consuevit.
1225 1874 1293 1932 Ut
1320 1887 1452 1929 vero
1485 1874 1652 1929 etiam
1688 1873 1792 1927 hoc
1820 1887 1952 1928 con-
1985 1858 2023 1916 Β

371 1972 640 2024 cedamus
671 1986 686 2024 :
727 1967 1006 2039 quomodo
1037 1982 1187 2022 mors
1219 1960 1509 2022 interfecta
1547 1966 1631 2035 (ut
1658 1975 1820 2021 antea
1851 1979 1949 2034 po-

369 2061 554 2131 suisti)
589 2071 713 2132 post
748 2062 1219 2123 resurrectionem
1255 2059 1441 2114 denuo
1476 2059 1621 2113 vires
1650 2058 1952 2114 exercebit?

352 2154 567 2210 'Jamne
627 2153 919 2225 intelligis,
976 2150 1254 2223 quomodo
1322 2150 1645 2206 Mabometis
1696 2146 1949 2205 doctrina

259 2259 273 2268 ·
369 2261 539 2300 sacrae
580 2245 880 2314 Scriptura,
920 2243 1225 2307 contraria,
1267 2242 1432 2297 etiam
1481 2241 1586 2296 sibi
1626 2249 1818 2295 mutuo
1862 2256 1951 2296 re-

300 2346 303 2351 '
368 2334 617 2405 pugnet?
651 2332 772 2402 Ipse
803 2333 951 2386 enim
1003 2346 1169 2386 unam
1198 2344 1433 2400 eamque
1459 2330 1632 2403 solam
1668 2329 1803 2385 dicit
1832 2329 1949 2385 fore

370 2420 793 2480 resurrectionis
865 2423 1038 2477 diem.
1120 2421 1267 2480 Ecce
1346 2430 1530 2476 autem
1588 2420 1633 2475 si
1692 2420 1950 2476 mortales

373 2524 730 2579 nascuntur,
784 2513 1100 2567 moriuntur
1175 2510 1514 2567 necessario.
1568 2508 1709 2566 Cum
1769 2520 1951 2565 autem

368 2606 476 2661 alia
504 2603 840 2659 resurrectio
863 2602 1015 2656 nulla
1057 2602 1153 2668 sit,
1188 2609 1242 2656 et
1270 2600 1327 2654 bi
1363 2599 1420 2654 in
1450 2608 1716 2665 teternum
1748 2600 1951 2654 mortui

367 2709 608 2779 iaceant,
658 2705 785 2776 quis
818 2703 1184 2760 beatitudinis
1230 2704 1392 2758 finem
1442 2702 1615 2774 ipsam
1656 2701 1954 2757 mortalita-

373 2811 481 2855 tem
537 2798 779 2855 dixerit?
849 2800 1123 2853 Praeterea
1180 2805 1499 2852 sanctorum
1555 2795 1753 2850 animae
1823 2792 1951 2863 quia

375 2908 523 2949 nunc
582 2906 612 2946 a
671 2890 999 2961 corporibus
1060 2900 1330 2958 separata:
1371 2896 1520 2953 sunt,
1576 2883 1954 2955 voluptatibus

372 2993 646 3049 carerent,
688 2990 745 3036 et
784 2990 1076 3051 propterea
1105 2980 1270 3034 etiam
1321 2977 1658 3033 beatitudine
1688 2975 1953 3030 destitue-

373 3090 585 3138 tentur,
608 3077 761 3146 jura
795 3073 1119 3141 Malzqmetis
1147 3069 1527 3127 sententiam:
1569 3076 1625 3122 et
1658 3075 1785 3122 ante
1829 3064 1951 3119 illas

369 3169 473 3239 ipsi
506 3166 712 3236 angeli.
756 3163 864 3219 Sed
896 3163 1004 3219 hoc
1034 3175 1387 3239 nequaquam
1434 3168 1540 3226 est,
1584 3172 1692 3214 non
1736 3156 1947 3250 est,in-
1977 3191 2020 3250 ο

368 3276 558 3330 quam.
587 3258 934 3313 Frustratum
970 3254 1123 3309 enim
1162 3262 1247 3309 est
1279 3253 1524 3308 insciens
1561 3265 1658 3308 cor
1688 3249 1858 3314 illius,
1890 3256 1946 3301 et

369 3356 498 3404 dum
543 3364 603 3403 se
654 3349 957 3416 sapientem
1007 3341 1239 3414 putavit,
1283 3343 1527 3396 omnium
1591 3339 1949 3395 stultissimus

372 3442 647 3512 apparuit.
680 3436 1040 3492 Beatitudinis
1062 3451 1209 3490 enim
1254 3433 1378 3489 linis
1406 3448 1515 3488 non
1540 3432 1788 3501 voluptas
1826 3437 1911 3486 est
1931 3468 1945 3495 ,

372 3536 471 3590 sed
521 3542 582 3595 ut.
632 3532 819 3596 homo,
850 3539 1115 3599 quantum
1175 3527 1293 3582 fieri
1352 3535 1554 3597 potest,
1594 3523 1707 3578 Deo
1755 3521 1950 3577 similis

371 3625 682 3693 fiat,Deum
720 3630 1035 3690 cognoscat,
1069 3619 1258 3688 illique
1286 3618 1526 3672 uniatur.
1552 3614 1689 3681 Hoc,
1707 3614 1949 3687 inquam,

376 3732 651 3773 summum
706 3725 763 3770 et
835 3715 1013 3785 angeli
1059 3722 1119 3769 et
1175 3713 1418 3769 hominis
1459 3711 1663 3767 bonum
1728 3717 1833 3774 est,
1896 3716 1953 3761 et

374 3824 588 3866 stmuna
630 3807 922 3885 ‘felicitas.
976 3805 1256 3860 Mabomet
1306 3818 1469 3863 vero
1505 3817 1630 3857 cum
1697 3812 1950 3866 qurenam

373 3906 545 3969 dicat,
581 3904 819 3972 ignoret,
854 3896 1143 3953 manifeste
1170 3896 1371 3951 divina:
1401 3901 1668 3964 repugnat
1707 3891 1949 3962 jnstitiae.

372 3997 589 4052 Justitia
618 3994 768 4048 enim
802 3990 993 4046 divina
1029 4000 1135 4053 est,
1167 4000 1289 4058 quae
1337 3987 1521 4041 omnia
1559 3985 1722 4055 digne
1762 3982 1952 4037 distri-

374 4090 515 4153 bui',
544 4098 593 4140 et
628 4100 750 4152 quae
795 4082 1127 4137 immortalia
1160 4090 1288 4134 sunt
1330 4078 1383 4131 in
1423 4086 1689 4131 aeternum
1729 4078 1961 4130 conser—'

373 4189 487 4243 rat,
526 4186 881 4245 temporanea
917 4186 1048 4225 vero
1079 4170 1196 4224 haec
1241 4168 1307 4223 ad
1356 4178 1593 4238 tempus,
1641 4177 1696 4220 et
1740 4165 1949 4234 reliqua

374 4284 477 4322 suo
507 4282 616 4336 quo
646 4267 854 4321 debent
909 4265 1125 4317 ordine.
1170 4261 1234 4315 Et
1274 4261 1452 4330 primo
1492 4257 1711 4327 quidem
1754 4269 1952 4325 supre-

381 4360 483 4414 mis
516 4357 809 4411 ordinzbus
835 4371 898 4410 ea
933 4356 1154 4416 dantur,
1195 4368 1243 4422 q'
1269 4366 1316 4406 αξ
1347 4349 1722 4413 conveniunt;
1754 4347 1954 4401 deinde

377 4443 667 4508 animabus
716 4459 772 4504 et
818 4447 1164 4516 corporibus,
1200 4453 1324 4515 post
1354 4442 1472 4496 hate
1498 4441 1661 4497 etiam
1718 4453 1950 4505 naturae,

1573 388 1901 450 JOANNIS
1943 387 2460 449 CANFACL'ZENI

375 513 433 568 in
468 512 709 565 animam
740 509 1037 565 viventem.
1070 506 1148 563 Ex
1185 515 1334 561 costa
1365 518 1497 560 vero
1526 503 1718 559 Adami
1752 502 1960 556 forma.
1993 515 2034 569 Α
2064 502 2208 555 Εὕαν
2244 519 2256 532 ·

3528 391 3634 455 εει

2292 504 2350 569 ἐξ
2391 506 2593 573 ἀμφοῖν
2626 503 2679 557 δέ
2739 504 2828 556 τ’,ν
2861 504 2992 573 Σὴθ,
3049 506 3140 559 καὶ
3181 508 3386 571 πάντας
3428 509 3639 579 ἀνθρὼ-

2058 608 2214 655 πους.
2253 591 2451 662 Θνητοὶ
2473 594 2650 645 τοίνυν
2693 592 2866 658 ὅντες,
2900 593 3128 662 Θνητοῦς
3168 597 3260 649 καὶ
3311 597 3633 666 ἐγέννησαν.

2058 675 2235 753 ᾭτινι
2281 681 2513 752 δόγματι
2561 682 2777 753 συνᾴδει
2828 684 3014 749 Δαϐὶδ,
3063 686 3403 755 μαρτυροῦσι
3438 689 3638 753 πάντες

2057 775 2359 845 προφῆται,
2413 773 2621 844 βεϐαιοῖ
2652 778 2678 827 ὀ
2711 776 2963 845 Χριστός.
2997 775 3103 829 Τὸν
3127 777 3183 828 δὲ
3211 779 3397 830 κωνῦν
3425 780 3638 833 τουτονὶ

2056 866 2157 935 τῆς
2194 868 2503 938 γεννήσεως
2537 869 2739 939 τρόπον
2774 868 2872 921 οὐκ
2907 863 3004 921 οἶδ’
3048 869 3168 922 ὅθεν
3196 871 3461 941 ὁρμηθεὶς
3501 873 3637 926 ἔδει·

2058 956 2147 1021 ξεν
2186 959 2214 1009 ὁ
2242 958 2543 1029 ἀλιτήριος,
2602 960 2651 1011 εί
2707 961 2782 1030 μὴ
2816 960 2924 1019 ἀπὸ
2950 960 3050 1032 τῆς
3096 962 3302 1025 κοιλίας
3342 964 3509 1017 αὑτοῦ
3546 965 3637 1018 καὶ

2054 1048 2150 1102 τοῦ
2182 1050 2388 1119 πατρὸς
2420 1049 2589 1103 αὑτοῦ
2622 1052 2715 1104 τοῦ
2745 1052 3014 1108 διαϐόλου.
3041 1054 3150 1107 Kal
3181 1057 3372 1109 σκόπει
3416 1058 3475 1108 τὸ
3506 1056 3636 1111 ἄτο-

2057 1158 2178 1195 πον.
2211 1140 2273 1194 Ei
2302 1142 2401 1212 μὲν
2430 1141 2506 1206 ὡς
2526 1143 2787 1198 ἀθάνατοι
2821 1145 2870 1197 οἱ
2893 1146 3128 1216 πατέρες
3153 1146 3460 1211 ἀθανάτους
3483 1134 3635 1212 uicit;

2054 1232 2373 1304 ἐγέννησαν,
2412 1234 2522 1288 ίδοὺ
2564 1237 2784 1305 ἐγένετο
2829 1237 3032 1306 τρόπος
3092 1241 3422 1308 γεννήσεως,
3484 1242 3635 1305 ὅστις

2053 1322 2178 1376 οὔτε
2204 1323 2441 1378 θάνατον
2465 1322 2618 1380 οἶδεν
2645 1325 2772 1380 οὔτε
2818 1327 3115 1382 ἀνάστασιν
3135 1342 3152 1361 ³
3185 1331 3235 1383 εί
3281 1331 3337 1384 δὲ
3375 1332 3632 1386 ἀθάνατοι

2053 1415 2204 1476 ὄντες
2234 1415 2462 1485 θνητοὺς
2488 1416 2683 1480 παῖδας
2711 1418 3028 1489 ἐγέννησαν,
3053 1420 3166 1485 πῶς
3198 1422 3388 1492 ἑτέρας
3418 1422 3630 1492 φύσεως
3688 1464 3699 1473 .

2055 1507 2251 1572 παῖδας
2285 1509 2621 1579 ὲγέννησαν;
2656 1511 2715 1589 ea
2748 1511 2935 1581 ὅμοιον
2966 1514 3076 1583 γάρ
3106 1513 3243 1584 αὑτῇ
3271 1515 3315 1586 ἠ,
3337 1516 3498 1583 φύσις
3524 1512 3628 1569 οἶδε

2054 1601 2270 1670 γεννᾷν.
2303 1600 2367 1653 El
2398 1601 2455 1654 δὲ
2498 1601 2593 1655 καὶ
2640 1600 2800 1655 τοῦτο
2832 1605 3286 1674 συγχωρήσομεν,
3333 1605 3448 1669 πῶς
3495 1607 3631 1659 ἀπο·

2053 1690 2376 1753 κτανθέντος
2406 1691 2499 1744 τοῦ
2535 1691 2793 1759 Θανάτου,
2825 1691 3017 1763 ῶσπερ
3061 1694 3125 1747 σὺ
3155 1697 3468 1765 προῦπέοου
3490 1738 3504 1764 ,
3538 1697 3633 1752 καὶ
3720 1698 3725 1705 ’

2058 1781 2197 1850 μετὰ
2224 1781 2323 1853 τὴν
2346 1782 2643 1836 ἀνάστασιν
2668 1784 2919 1854 ὲνεργεῖ;
2958 1785 3187 1850 Βλέπεις
3215 1788 3334 1851 πῶς
3374 1792 3511 1859 μετά
3536 1792 3633 1859 τῆς

2051 1872 2152 1943 τῆς
2183 1873 2345 1941 ἁγίας
2371 1874 2595 1945 Γραφῆς
2620 1876 2991 1948 ἐναντιότητος
3020 1878 3132 1949 ἔχει
3155 1880 3247 1933 καὶ
3269 1883 3405 1952 np);
3435 1881 3635 1950 ἑαυτὴν

2051 1956 2333 2027 ἑναντίως²
2355 1965 2530 2018 διόλου
2573 1968 2606 2036 ἡ
2638 1967 2731 2020 τοῦ
2761 1968 3009 2039 Μωάμεθ
3034 1970 3388 2037 διδασκαλία;
3433 1972 3491 2026 Ὀ
3524 1975 3633 2044 γέρ

2050 2056 2214 2119 αὐτὸς
2251 2056 2382 2127 μίαν
2410 2053 2527 2111 xal'
2550 2059 2720 2130 μόνην
2757 2061 2974 2132 ἡμέραν
3020 2061 3166 2132 λέγει
3208 2059 3351 2118 εἷναι
3374 2065 3474 2135 τῆς
3499 2067 3630 2117 ἀν).-

2051 2149 2316 2212 στάσεως.
2348 2150 2457 2204 Kal
2494 2150 2605 2204 ἰδοὺ
2648 2152 2809 2223 εἴπερ
2846 2155 3153 2225 γεννηοῶσι
3186 2155 3392 2226 θνητοὶ,
3425 2157 3633 2210 ἀποθα-

2049 2240 2267 2295 νοῦνται
2316 2243 2457 2295 κατά
2505 2244 2684 2296 πᾶσαν
2717 2244 2965 2316 ἀνάγκην
3000 2263 3013 2278 ·
3059 2248 3250 2317 ἐτέρας
3291 2249 3348 2301 δὲ
3396 2249 3628 2302 ἀναστά-

2051 2350 2191 2396 σεως
2214 2332 2289 2404 μὴ
2314 2332 2504 2405 οὔσης,
2539 2338 2781 2390 κάκεῖνοι
2826 2339 2905 2400 είς
2937 2338 3108 2393 αἰῶνα
3139 2338 3340 2409 ονητοί,
3374 2340 3484 2393 Καὶ
3515 2341 3630 2405 πιῖης

2048 2425 2200 2488 τέλος
2228 2428 2682 2499 μακαριότητοςὴ
2712 2428 3011 2501 Θνητότηςς
3044 2432 3244 2485 Λοιπὸν
3261 2431 3437 2485 αἰτῶν
3459 2430 3630 2498 ἁγίων

2049 2514 2242 2585 ψυχαὶ,
2269 2518 2391 2570 ἐπεὶ
2425 2519 2525 2573 οὐκ
2555 2520 2662 2576 εἰσὶ
2688 2521 2827 2591 μετά
2847 2523 2955 2576 τῶν
2988 2523 3254 2593 σωμάτων
3286 2524 3465 2577 αὐτῶν
3488 2524 3632 2578 κατὰ

2048 2609 2112 2661 τδ
2143 2608 2340 2678 παρὸν,
2387 2611 2713 2682 ἑστερηνται
2762 2615 2873 2668 τῶν
2910 2613 3132 2685 ἡδονῶν.
3190 2616 3302 2669 Καὶ
3353 2614 3441 2668 διά
3470 2615 3633 2669 τοῦτο

2050 2701 2373 2771 ἐστέρηνται
2403 2704 2496 2755 καὶ
2528 2706 2626 2774 τῆς
2662 2707 3065 2778 μακαριότητος
3094 2707 3234 2761 κατά
3262 2706 3350 2761 τὸν
3383 2706 3630 2785 Ἀιωάμςθ

2052 2790 2232 2861 λόγον,
2264 2795 2356 2846 καὶ
2411 2796 2517 2865 πρὸ
2549 2797 2757 2850 τούτων
2800 2800 2847 2851 oi
2897 2797 3142 2866 ἀγγελοι.
3191 2796 3335 2851 Ἀλλ’
3366 2798 3467 2851 οὐκ
3515 2796 3633 2850 Em.

2051 2886 2230 2952 τοῦτο,
2254 2887 2354 2940 οὐκ
2377 2886 2544 2944 ἔστιν.
2573 2887 2928 2961 Ἐματαιώθη
2958 2893 3068 2962 γὰρ
3094 2892 3123 2961 lt
3151 2891 3411 2953 ἀσύνετος
3437 2891 3631 2943 τούτου

2052 2977 2269 3048 καρδία,
2302 2979 2397 3031 καὶ
2421 2980 2648 3048 φάσκων
2687 2982 2847 3051 σοιρδς
2884 2978 3025 3036 εἶναι
3049 2983 3232 3050 αὐτὸς,
3263 2984 3483 3037 πάντων
3517 3001 3634 3051 μω-

2056 3073 2276 3140 ρότερος
2329 3070 2707 3139 ἀναφαίνεται.
2743 3073 2859 3127 Οὐκ
2884 3074 2993 3127 εἰσὶ
3023 3074 3139 3145 γὰρ’
3178 3075 3330 3137 τέλος
3363 3074 3629 3144 μακαριό-

2051 3176 2212 3231 τητος
2247 3162 2303 3215 αἱ
2329 3163 2534 3233 ἡδοναὶ,
2564 3165 2699 3218 ἀλλά
2731 3164 2790 3217 τὸ
2806 3164 3067 3233 γενέσθαι
3086 3165 3373 3236 ἄνθρωπον
3396 3162 3537 3218 κατά
3564 3162 3629 3215 τὸ

2053 3254 2277 3306 δυνατὸν
2299 3255 2486 3323 ὅμοιον
2521 3254 2660 3325 Θεῷ,
2682 3255 2778 3309 καὶ
2809 3255 3101 3327 γινώσκειν
3125 3257 3280 3321 Θεὸν,
3303 3258 3395 3308 καὶ
3427 3256 3622 3323 ἑνωοῆ-

2048 3359 2136 3396 ναι
2160 3343 2647 3414 αὐτῷ,·τοῦτ6ὲστι
2671 3347 2731 3400 τὸ
2759 3348 2930 3419 ἀκρον
2952 3347 3188 3416 ἀγγέλου
3215 3347 3310 3400 καὶ
3340 3343 3622 3417 ἀνθρώπου

2049 3435 2274 3503 ἀγαθὸν,
2314 3438 2409 3490 καὶ
2452 3440 2487 3507 ή
2526 3439 2731 3509 ἐσχάτη
2787 3439 3130 3509 εὐδαιμονία.
3194 3439 3254 3492 Ὀ
3294 3438 3350 3493 δὲ
3384 3437 3624 3504 Μωάμεο

2055 3529 2132 3599 μὴ
2156 3528 2311 3591 εἰδὼς
2339 3528 2375 3583 ἃ
2417 3529 2590 3598 λέγει,
2644 3530 2894 3602 φανερῶς
2923 3532 3244 3584 ἀντιπίπτει
3273 3532 3338 3601 τῇ
3367 3530 3462 3583 τοῦ
3490 3527 3629 3583 Θεοῦ

2051 3615 2395 3690 δικαιοσύνῃ.
2425 3619 2757 3690 Δικαιοσύνη
2799 3621 2911 3690 γὰρ
2939 3620 3057 3675 θεία
3090 3621 3239 3673 ἐστὶν
3268 3623 3301 3692 ή
3334 3619 3510 3673 πάντα
3542 3623 3632 3672 νέ-

2056 3726 2235 3780 μουσα
2261 3710 2383 3765 κατ’
2409 3711 2590 3775 ἀξίαν,
2622 3712 2716 3766 καὶ
2744 3712 3093 3778 διασώζουσα
3136 3714 3203 3767 τά
3234 3714 3475 3767 ἀθάνατα
3504 3713 3633 3767 αἰώ-

2054 3818 2167 3867 νια,
2195 3802 2262 3856 τά
2295 3801 2352 3856 δὲ
2376 3802 2693 3873 πρόσκαιρα
2725 3804 2977 3874 ἐγχρονα,
3012 3804 3107 3857 καὶ
3132 3807 3199 3857 τά
3228 3804 3353 3874 ἑξῆς
3387 3806 3461 3866 ὡς
3481 3803 3630 3875 ἔχον-

2053 3909 2122 3946 τα
2154 3893 2384 3960 τάξεως.
2422 3894 2531 3946 Kal
2563 3896 2780 3964 πρῶτον
2812 3895 2914 3965 μὲν
2945 3895 3203 3967 δωρεῖται
3249 3899 3365 3959 ταῖς
3394 3897 3505 3951 ἀνω
3534 3898 3632 3950 τά-

2055 3984 2172 4050 ξεσι
2195 3985 2262 4039 τὰ
2292 3986 2560 4054 καταξίαν
2602 3988 2795 4054 αὐταῖς
2829 3990 3123 4060 ἀνήκοντα,
3148 3985 3267 4043 εἶτα
3289 3991 3409 4053 ταῖς
3431 3992 3632 4059 ψυχαῖς

2054 4078 2151 4132 xal
2183 4082 2297 4142 τοῖς
2337 4078 2576 4149 σώμασι,
2608 4082 2701 4134 καὶ
2737 4084 2875 4151 μετά
2901 4082 3075 4136 ταῦτα
3104 4085 3169 4154 τῇ
3207 4083 3466 4153 φύσειτὰ
3492 4084 3633 4134 εἰκέ-

2053 4189 2142 4237 τα,
2167 4169 2335 4241 ἤγουν
2370 4172 2716 4243 συμμετρίαν
2744 4177 2837 4226 καὶ
2862 4174 3058 4238 κάλλος
3098 4176 3194 4227 καὶ
3221 4174 3375 4241 τάξιν
3403 4175 3498 4227 καὶ
3520 4174 3631 4228 δα-

2055 4263 2346 4333 κόσμησιλι,
2367 4264 2506 4315 κατὰ
2538 4265 2637 4333 τὴν
2677 4265 2893 4334 ἑκάστῳ
2919 4264 3027 4317 τῶν
3069 4265 3207 4317 ὅλων
3232 4265 3631 4319 ἐπιϐάλλουσαν

2055 4354 2235 4420 ἀξίαν,
2267 4356 2403 4427 μηδὲ
2431 4373 2538 4408 τισι
2572 4356 2674 4409 κᾶν
2695 4357 2941 4419 παλαιοῖς
2961 4356 3271 4426 φιλοσόφοις
3300 4358 3629 4421 ἀκολουθῶν,

2056 4445 2305 4515 ἀνοήτοις
2343 4447 2440 4514 μὲν
2474 4449 2570 4501 καὶ
2597 4448 2800 4512 αὐτοῖς,
2832 4448 2948 4502 ἀλλ’
2977 4450 3127 4518 ὅμως
3161 4450 3370 4521 ψυχρόν
3396 4466 3519 4503 τινα
3551 4451 3634 4501 λό-

378 4560 499 4614 qua:
539 4544 684 4596 illam
720 4549 993 4610 spectant.
1029 4538 1113 4593 En
1152 4538 1319 4607 igitur
1358 4534 1795 4605 proportionem,
1831 4532 1953 4603 pul—

2061 4553 2158 4604 γον
2185 4536 2457 4605 λέγουσιν,
2492 4539 2573 4592 ὅτι
2606 4539 2923 4610 εὐδαιμονία
2957 4544 3105 4594 ἐστὶν
3135 4544 3166 4610 ἡ
3192 4541 3287 4594 τοῦ
3335 4542 3451 4605 νοὸς
3486 4541 3633 4610 γνῶ-

379 4632 774 4698 (Ιιτὶιιιιιὶιιεηι,
806 4628 1058 4684 ordinem
1079 4639 1135 4682 et
1164 4627 1697 4682 administrationem
1726 4625 1953 4694 justam,

380 4743 501 4797 qua:
545 4728 600 4780 in
648 4723 881 4794 singulis
921 4720 1233 4774 adlubetur.
1268 4718 1383 4774 Nec
1426 4731 1645 4772 ve:eres
1686 4715 1951 4786 quosdam

380 4816 743 4886 pltilOSOphos
773 4814 1045 4883 sequaris,
1079 4811 1175 4882 qui
1232 4821 1289 4865 et
1353 4810 1452 4880 ipsi
1517 4808 1725 4878 stupidi
1781 4814 1951 4871 sunt;

379 4918 762 4963 verumtamen
801 4902 1003 4971 frigida
1029 4902 1262 4973 quadam
1288 4904 1539 4956 oratione
1577 4901 1789 4965 dicunt,
1831 4899 1956 4954 feli-

382 5005 603 5055 citatem
633 5013 755 5053 esse
803 4997 1006 5052 mentis
1061 4996 1624 5066 cegnitiouem;cum
1673 4993 1798 5063 ipsi,
1831 5005 1952 5046 mea

382 5091 678 5153 sententia,
715 5098 895 5142 uLe..te
931 5098 1172 5141 careant.
1195 5087 1326 5140 Cum
1358 5085 1502 5140 enim
1535 5085 1616 5139 illi
1638 5084 1957 5138 existiment

384 5183 526 5237 nihil
582 5183 854 5235 interesse
909 5179 1054 5232 inter
1107 5186 1367 5231 mentem‘
1403 5185 1459 5230 et
1516 5176 1955 5246 intelligentiam,

386 5277 639 5344 ig..orant
669 5271 811 5340 quod
838 5272 981 5327 inter
1004 5269 1121 5323 luce
1147 5268 1293 5321 Deus
1315 5279 1399 5322 est
1424 5282 1695 5322 summum
1726 5267 1957 5326 bonum,

385 5378 441 5421 et
470 5365 833 5421 beatitudinis
868 5363 1252 5431 felicitatisque
1284 5373 1466 5432 caput.
1501 5360 1777 5427 Quantum
1809 5361 1955 5437 epim

385 5458 587 5528 aliquis
624 5456 737 5510 Deo
767 5457 1193 5527 appropinquat,
1231 5463 1445 5508 tantum
1483 5454 1678 5508 beatus
1706 5461 1810 5514 est,
1845 5452 1960 5523 glo-

385 5553 566 5606 riosus
591 5560 648 5606 et
674 5550 824 5606 felix.
862 5548 993 5603 Mihi
1024 5564 1154 5603 vero
1185 5548 1438 5604 dubitare
1466 5548 1754 5619 contzngit,
1787 5559 1957 5617 «piare

384 5654 497 5696 non
540 5641 719 5696 caedes
762 5644 926 5697 etiam
970 5651 1023 5697 et
1058 5642 1274 5710 rapinas
1315 5651 1441 5713 post
1489 5643 1953 5698 resurrectionem

456 5796 503 5831 ¹⁶
543 5795 684 5852 Gen.
723 5811 764 5865 ι,
804 5814 864 5867 ιι,
907 5814 989 5855 ιιι.

2064 4643 2168 4691 σις.
2202 4628 2311 4681 ἀπὸ
2339 4628 2555 4697 τούτου,
2600 4631 2675 4695 ὡς
2721 4627 2893 4702 οἶμαι,
2940 4632 3315 4703 πλανηθείσιν,
3371 4631 3480 4686 ἀπὸ
3536 4630 3632 4685 τοῦ

2063 4718 2356 4773 ὑπολαϐεῖν
2394 4721 2592 4785 αὐτοὺς
2642 4723 2723 4775 ὅτι
2755 4725 2855 4777 οὐκ
2902 4723 3019 4777 ἔστι
3072 4741 3126 4778 τι
3171 4727 3335 4795 μέσον
3376 4727 3496 4788 νοὸς
3540 4724 3633 4779 καὶ

2062 4812 2321 4882 νοήσεως,
2341 4813 2674 4884 ἀγνοήσασιν
2694 4815 2776 4868 ὅτι
2802 4816 3004 4887 μεταξὺ
3035 4816 3241 4871 τούτων
3259 4819 3407 4871 ἐστὶν
3424 4818 3451 4870 ὃ
3474 4816 3628 4879 Θεὸς,

2059 4904 2119 4966 ὅς
2142 4905 2289 4958 ἐστιν
2320 4906 2488 4976 ἀκρον
2516 4907 2742 4975 ἀγαθὸν,
2774 4910 2868 4961 καὶ
2900 4909 3069 4980 ἀκρον
3100 4911 3500 4980 μακαριότητο;
3540 4910 3632 4962 καὶ

2057 4996 2428 5064 εὐδαιμονίας.
2474 4998 2722 5052 Καοόσον
2770 4999 2879 5069 γάρ
2932 5017 3015 5063 τις
3065 5000 3274 5068 ἐγγίζει
3306 5000 3448 5068 Θεῷ,
3489 5002 3632 5052 κατα

2060 5087 2314 5142 τοσοῦτον
2348 5088 2620 5158 εὐδαίμων
2650 5090 2785 5156 ἐστὶ,
2816 5091 2909 5142 καὶ
2931 5090 3178 5161 εὐκλεὴ,,
3213 5094 3306 5147 καὶ
3337 5094 3629 5162 μακάριος.

2073 5180 2229 5249 Ἐμοὶ
2256 5179 2301 5233 δ’
2354 5180 2564 5232 ἔπεισιν
2618 5181 2866 5251 ἀπορεῖν,
2922 5184 3039 5246 πῶς
3093 5185 3189 5237 οὐκ
3216 5181 3367 5238 εἶπεν
3392 5184 3467 5248 ὡς
3492 5186 3630 5255 μετὰ

2058 5270 2163 5341 τὴν
2188 5271 2486 5324 ἀνάστασιν
2519 5270 2738 5324 ἔσεσθαι
2775 5274 2967 5341 φόνους
3020 5273 3114 5327 καὶ
3148 5276 3424 5343 ἁρπαγάς.
3475 5275 3631 5328 Ἐπεὶ

2061 5364 2169 5433 γὰρ
2196 5362 2401 5433 ἡδονῶν
2441 5364 2603 5434 χάριν
2644 5364 2738 5415 καὶ
2770 5363 2972 5435 ἔρωτος
3015 5369 3316 5436 χρημάτων
3351 5367 3547 5431 πάντες
3579 5369 3628 5422 oi

2063 5455 2288 5525 πόλεμοι
2310 5456 2573 5524 γίνονται,
2606 5457 2712 5510 ἔδει
2745 5457 2959 5523 πάντως
2987 5460 3208 5512 κάκεῖσε
3248 5461 3406 5512 τοῦτο
3430 5461 3628 5525 είτεῖν,

2060 5549 2143 5602 ὅτι
2164 5549 2192 5601 ὁ
2214 5551 2462 5612 πλείονας
2501 5551 2692 5621 ἡδονᾶς
2722 5553 2800 5617 εἰς
2831 5554 3020 5608 ἑαυτὸν
3040 5555 3218 5625 φέρων
3259 5554 3459 5626 μᾶλλόν
3490 5562 3630 5607 ἐστιν

2061 5641 2236 5697 ἄλλων
2280 5640 2712 5713 μακαριώτερος.
