4058 6436
418 366 524 430 6.7

1606 378 1785 439 IOAN
1802 377 1929 437 NIS
1969 382 2114 441 CAN
2134 384 2500 445 I'ACUZENI

3563 381 3671 445 628

478 487 554 539 t’j.
601 486 769 539 Porro
807 485 861 538 in
906 485 1052 540 libro
1094 488 1517 544 Enc’rrationum
1550 491 1823 548 Malaomet
1861 493 1974 563 ipse

2152 502 2230 551 ιε’.
2265 498 2383 550 Ἔτι
2441 501 2498 551 ἐν
2540 497 2617 566 τῷ
2649 496 2840 568 ptem?
2896 496 3004 550 τῶν
3048 495 3389 564 διηγήσεων
3444 495 3601 556 αὐτὸς
3639 498 3671 549 6

396 588 621 627 causam
674 573 879 640 reddit,
928 590 1101 646 quare
1131 576 1267 647 ipsis
1308 579 1435 632 vino
1482 579 1834 635 interdictum
1884 583 1973 636 sit.

408 666 447 715 D
472 665 547 720 cit
580 666 748 729 en3m,
788 667 960 722 Deum
991 668 1045 722 in
1082 677 1256 725 terras
1287 668 1426 723 duos
1451 672 1700 726 emisisse
1730 672 1976 741 angelus,

401 758 468 811 ad
503 757 642 811 bene
685 757 1067 827 imperandum
1116 770 1172 814 et
1196 760 1577 831 iudicandum,
1613 778 1847 833 quorum
1878 780 1977 820 no.

399 851 546 905 mina
580 860 734 904 erant
767 851 904 906 Arot
928 863 985 905 et
1016 852 1209 908 Marot.
1240 854 1442 909 Mulier
1474 865 1657 910 autem
1693 858 1974 926 quaedam,

397 943 669 996 actionem
693 942 900 997 habens
924 942 1222 1011 forensem,
1248 946 1372 1001 illos
1399 947 1691 1013 accedens,
1719 948 1785 1004 ad
1812 965 1977 1018 pran-

400 1033 555 1084 dium
611 1032 881 1096 invitavit,
914 1040 970 1087 et
1017 1034 1205 1089 vinum
1259 1036 1429 1105 (quod
1468 1037 1577 1093 illis
1626 1053 1692 1093 ne
1721 1037 1980 1093 biberent

400 1129 739 1191 praeceperat
778 1121 1062 1188 Dominus)
1112 1126 1385 1194 apposuit.
1436 1124 1539 1192 Qui
1589 1126 1680 1182 ubi
1718 1128 1977 1182 inebriati

397 1221 546 1276 sunt,
579 1213 827 1271 eamdem
865 1213 1176 1283 opprimere
1203 1215 1255 1270 vi
1289 1217 1471 1272 conati
1525 1227 1675 1273 sunt.
1715 1218 1808 1273 Illa
1849 1235 1979 1274 vero

396 1304 617 1359 libidini
648 1305 867 1359 illorum
898 1320 1006 1359 non
1033 1308 1336 1372 consensit,
1363 1309 1457 1363 sed
1488 1324 1795 1365 conscenso
1814 1312 1978 1373 curio.

396 1414 487 1452 res
521 1414 649 1452 suas
678 1399 952 1468 eyposuit.
1013 1400 1155 1455 Deus
1206 1416 1336 1454 vero
1374 1402 1477 1457 hac
1522 1403 1685 1458 simul
1716 1405 1874 1481 .visa,
1924 1415 1979 1460 et

395 1503 557 1542 causa
578 1504 741 1558 quam
761 1489 997 1545 habebat
1020 1491 1259 1561 cognita,
1290 1494 1463 1562 ipsam
1486 1492 1615 1548 fecit
1635 1493 1977 1562 Luciferum,

395 1590 458 1635 ιιι
492 1591 597 1635 tam
655 1581 710 1635 in
757 1583 898 1637 coelo
933 1581 1078 1637 inter
1112 1585 1299 1640 stt-llas
1347 1585 1583 1641 formosa
1614 1598 1784 1654 esset,
1814 1604 1979 1658 quam

396 1673 452 1726 iu
505 1685 651 1727 terra
695 1673 842 1729 inter
890 1675 1152 1731 mulieres
1189 1676 1392 1731 fuerat.
1445 1678 1669 1749 Angelis
1706 1695 1836 1735 vero
1884 1681 1979 1750 qui

398 1775 765 1834 peceaxerant
794 1767 1075 1836 optionem
1106 1768 1330 1835 obtulit,
1363 1778 1547 1823 utrum
1578 1770 1634 1825 in
1667 1771 1771 1826 hoc
1798 1787 1866 1827 an
1891 1772 1979 1827 fu-

394 1867 522 1910 turo
555 1857 754 1911 smeulo
790 1858 977 1927 puniri
1008 1859 1233 1926 vellent,
1267 1875 1474 1931 eosque
1504 1877 1627 1916 cum
1655 1863 1711 1918 in
1745 1864 1848 1918 hoc
1877 1880 1981 1920 sae-
2010 1849 2056 1909 Β

396 1950 523 2004 culo
574 1949 758 2020 puniri
819 1951 1062 2014 mallent,
1114 1968 1179 2007 ex
1217 1953 1454 2022 pedibus
1486 1955 1664 2011 ferrea
1700 1967 1892 2013 catena
1926 1959 1980 2014 in

398 2042 691 2114 Babylonis
711 2054 937 2113 puteum
963 2045 1277 2114 suspendit,
1306 2062 1477 2117 usque
1503 2048 1571 2104 ad
1599 2050 1745 2105 diem
1764 2051 1980 2123 judicii.

470 2314 558 2371 ιϐ.
597 2314 738 2368 Dicit
766 2323 1056 2384 prteterea,
1087 2316 1289 2370 malum
1330 2316 1434 2371 hoc
1461 2328 1705 2373 creatam
1734 2334 1799 2374 ex
1832 2318 1984 2376 fumo

398 2405 606 2459 factum
661 2418 820 2468 esse;
870 2403 1019 2459 unde
1068 2416 1317 2474 apparet,
1378 2406 1522 2475 quod
1557 2408 1759 2463 caelum
1808 2409 1981 2475 aliud,

395 2495 543 2566 quod
580 2510 687 2551 non
723 2505 968 2551 creatum
1013 2497 1103 2558 sit,
1164 2511 1288 2551 esse
1335 2499 1613 2567 putaverit
1665 2516 1844 2555 novus
1894 2501 1983 2557 ille

404 2588 708 2659 legislator,
740 2587 883 2657 quod
912 2587 1095 2642 nullus
1117 2586 1403 2642 hominum
1435 2604 1674 2660 unquam
1704 2591 1982 2661 cognovit,

398 2683 455 2734 in
488 2681 648 2752 cujus
680 2679 1049 2735 diﬂ'erentiam
1101 2680 1301 2735 cmlum
1339 2680 1463 2745 hoc,
1502 2681 1648 2751 quod
1682 2697 1864 2736 coram
1907 2683 1986 2736 vi-

393 2773 610 2839 demus,
640 2780 885 2827 creatum
918 2782 1097 2837 vocat,
1129 2774 1288 2845 quasi
1324 2788 1390 2826 ex
1433 2774 1601 2849 maris
1638 2774 1984 2829 exhalatione

399 2864 583 2917 lumus
613 2863 736 2917 talis
766 2875 990 2919 exortus
1027 2863 1118 2918 sit.
1149 2863 1296 2918 Marc
1321 2873 1506 2918 autem
1532 2879 1598 2919 ex
1626 2874 1810 2919 monte
1832 2863 1981 2936 Caph

399 2955 673 3025 prodiisse
701 2955 884 3030 docet,
941 2956 1037 3027 qui
1091 2964 1264 3011 totum
1312 2955 1505 3011 orbem
1543 2956 1874 3023 circumdat,
1927 2967 1984 3014 et

396 3048 598 3103 caelum
633 3050 892 3104 sustinet.
1344 3038 1355 3051 ”

471 3142 557 3199 17,
593 3141 802 3197 Deinde
835 3142 1007 3198 solem
1060 3150 1115 3196 et
1146 3142 1332 3196 lunam
1363 3142 1601 3211 aequales
1630 3140 1803 3198 fuisse
1847 3141 1984 3198 dicit

398 3233 519 3287 luce
544 3233 708 3287 simul
735 3244 790 3288 et
815 3232 1041 3299 virtute,
1066 3233 1383 3302 nullamque
1410 3233 1554 3288 inter
1572 3233 1718 3288 diem
1740 3245 1985 3291 noctem-

406 3341 518 3397 que
548 3326 718 3381 fuisse
753 3325 1147 3391 dill‘erentiam,
1177 3326 1272 3381 sed
1301 3318 1554 3381 Gabricle
1586 3326 1862 3402 quondam
1896 3343 1985 3382 vo-

399 3414 595 3471 litante
630 3415 773 3469 alam
808 3415 957 3471 illius
994 3415 1228 3470 fortuito
1262 3416 1406 3472 luna:
1440 3418 1668 3488 pr0pius
1703 3417 1982 3475 admotam

399 3519 454 3561 et
484 3508 802 3575 impactum,
833 3522 1036 3576 corpus
1061 3508 1210 3562 illius
1236 3507 1644 3587 obscuravisse.

474 3597 563 3651 l8.
598 3598 832 3668 Insuper
855 3598 1011 3660 dicit,
1044 3599 1191 3670 quod
1218 3615 1343 3654 cum
1369 3617 1399 3655 a
1421 3600 1700 3666 Gabriele,
1733 3611 1792 3656 ut
1817 3601 1986 3658 Deum

401 3688 751 3748 conveniret.
782 3700 1006 3744 vocatus
1036 3689 1091 3744 in
1122 3688 1321 3745 malum
1347 3689 1538 3758 fuerit,
1568 3691 1740 3759 Deum
1763 3708 1986 3747 manum

403 3794 561 3833 suam
591 3794 761 3849 super
777 3779 805 3833 -i
815 3795 972 3847 psum
989 3779 1351 3835 ΜαΙιοιιη-ιειιι
1379 3781 1706 3852 imposuisse
1730 3798 1747 3848 ;
1775 3797 1833 3838 se
1858 3796 1989 3837 vero

409 3880 613 3937 tantam
646 3872 885 3926 sensisse
917 3869 1139 3942 frigoris
1160 3870 1301 3936 ‘vim,
1338 3880 1397 3926 ut
1425 3872 1542 3927 lucc
1575 3872 1640 3927 ad
1677 3872 1829 3927 dorsi
1855 3888 1992 3943 quo-

406 3980 513 4032 que
548 3963 839 4018 medullam
882 3963 1276 4034 penetraverit.
1305 3960 1462 4029 Quod
1492 3972 1675 4019 autem
1702 3964 1808 4019 hoc
1839 3964 1991 4020 illius

409 4052 735 4122 ﬁgmentum
772 4052 862 4115 sit,
918 4052 1205 4106 manifeste
1236 4059 1474 4107 constat.
1514 4052 1904 4109 Verumtamen
1934 4062 1992 4108 et

410 4144 1105 4215 Anthrotmmorpliitarum
1137 4145 1470 4200 sententiam
1498 4155 1725 4202 secutus
1762 4146 1878 4202 haec
1906 4146 1991 4201 di-

405 4233 504 4296 cit,
544 4233 637 4303 qui
694 4233 863 4287 Deum
919 4232 1131 4304 ﬁngunt
1170 4246 1494 4301 corporeum
1525 4271 1540 4299 ,
1597 4233 1854 4304 ignorans
1903 4234 1989 4289 ni-

406 4326 609 4380 mirum
650 4324 817 4379 miser
850 4324 1023 4379 illud:
1055 4343 1074 4378 ι
1107 4324 1409 4397 Suscepisti
1437 4326 1807 4397 iniquitatem,
1844 4342 1990 4399 quo-

406 4419 554 4472 niam
581 4432 677 4471 ero
709 4417 805 4471 tibi
836 4417 1053 4474 similis.
1086 4435 1106 4470 ι

2089 591 2337 658 Μωάμεθ
2364 590 2656 645 ἀποδίδωσι
2684 591 2786 660 τὴν
2814 588 3015 651 αἰτίαν,
3050 587 3117 641 δι’
3154 588 3223 658 ἢν
3252 589 3281 640 6
3309 583 3473 650 οἶνος.
3492 587 3667 640 κεκώ-

2088 682 2245 737 λυται
2295 683 2501 745 αὐτοῖς.
2560 681 2700 750 Φησὶ
2743 679 2853 751 γὰρ
2895 679 2988 733 τὸν
3015 678 3150 733 Θεὸν
3191 679 3283 731 ἐπὶ
3306 679 3405 747 τῆς
3438 678 3542 748 γῆς
3573 679 3671 731 δύο

2087 773 2353 841 ἀγγέλους
2379 774 2823 835 ἀπεσταλκέναι,
2858 772 3000 827 ὥστε
3051 771 3233 833 καλῶς
3285 772 3478 842 ἄρχειν
3506 812 3521 836 ,
3572 764 3671 825 καὶ

2085 865 2311 930 δικαίως
2333 866 2562 935 κρίνειν.
2611 866 2893 928 Ἐλέγοντο
2918 866 2989 918 δὲ
3002 865 3051 918 οί
3082 864 3328 933 ἄγγελοι,
3362 863 3542 932 ’Δρὼτ
3575 864 3672 917 καὶ

2086 956 2581 1026 Μαρὼτ.⁹Ελθοῦσα
2614 957 2671 1010 δέ
2705 975 2787 1019 τις
2816 956 2981 1028 γυνὴ,
3004 957 3161 1026 δίκην
3187 956 3411 1026 ἔχουσα,
3443 955 3670 1010 ἐκάλεσε

2085 1048 2307 1112 τούτους
2335 1050 2425 1103 ἐπ’
2484 1048 2730 1119 ἄριστον,
2772 1051 2867 1102 καὶ
2908 1049 3228 1120 παρέθηκεν
3273 1049 3461 1109 αὐτοῖς
3505 1042 3669 1108 οῖνον,

2085 1141 2144 1194 ὃν
2201 1142 2230 1194 6
2257 1140 2389 1205 Θεὸς
2423 1142 2497 1211 μὴ
2540 1143 2690 1194 πιεῖν
2739 1142 2923 1203 αὐτοῖς
2961 1142 3266 1193 ἐνετείλατο
3295 1157 3313 1177 ο
3340 1141 3538 1202 οἵτινες
3575 1139 3672 1192 καὶ

2090 1228 2477 1299 μεθυσθέντες,
2528 1233 2804 1302 ἐζήτησαν
2847 1230 3054 1301 ταύτην
3080 1229 3168 1299 ἐφ’
3207 1230 3385 1300 ὕϐρει.
3438 1229 3504 1283 Ἦ
3531 1229 3576 1283 δ’
3605 1230 3670 1283 06

2089 1323 2367 1387 συνέθετο,
2419 1320 2534 1377 ἀλλ’
2565 1323 2865 1377 ἀνελθοῦσα
2909 1326 2989 1386 εἱς
3021 1323 3111 1376 τὶν
3164 1324 3419 1392 οὐρανὸν,
3448 1316 3571 1374 εἷπε
3600 1322 3671 1374 τὰ

2088 1409 2212 1463 κατ’
2238 1410 2429 1479 αὑτήν.
2480 1411 2538 1465 ’0
2569 1411 2624 1463 δὲ
2652 1412 2787 1474 Θεὸς
2822 1411 2946 1464 ίδὼν
2975 1411 3205 1482 ταύτην,
3239 1411 3332 1464 καὶ
3362 1410 3464 1479 τὴν
3512 1408 3670 1475 δίκην

2086 1501 2153 1572 ἢν
2174 1498 2322 1571 εἶχεν
2368 1503 2509 1570 αὓτη
2555 1503 2844 1571 ἀκηκοὼς,
2903 1503 3207 1574 πεποίηκεν
3249 1502 3565 1574 ἑωσφόρον,
3593 1500 3669 1563 ὡς

2086 1588 2226 1646 εἶναι
2254 1592 2465 1661 ταύτην
2510 1595 2568 1645 ὲν
2610 1594 2688 1664 τῷ
2737 1593 2955 1663 οὐρανῷ
3011 1593 3219 1662 μεταξῦ
3269 1593 3381 1646 τῶν
3418 1591 3669 1661 ἀστέρων

2085 1682 2228 1737 οὕτω
2259 1683 2447 1754 καλὴν,
2474 1684 2667 1754 ὥσπερ
2694 1688 2787 1738 καὶ
2815 1688 2872 1740 έν
2903 1688 2971 1756 τῇ
3006 1689 3075 1755 γῇ
3112 1685 3315 1754 μεταξὺ
3340 1684 3452 1739 τῶν
3483 1701 3673 1754 γυναι-

2088 1776 2224 1832 κῶν.
2271 1778 2528 1846 Δοθείσης
2559 1778 2613 1829 δὲ
2652 1777 2744 1830 καὶ
2777 1780 2892 1841 τοῖς
2932 1776 3277 1848 ἁμαρτοῦσιν
3317 1776 3568 1843 ἀγγέλοις
3591 1778 3673 1829 ato

2086 1870 2309 1938 ρέσεως,
2347 1870 2481 1923 ὅπου
2517 1868 2793 1937 βούλοιντο
2822 1869 3180 1938 κολασθῆναι,
3227 1867 3483 1928 ἐνταῦθα,
3513 1867 3547 1936 ἢ
3603 1869 3664 1919 ἐν

2084 1959 2161 2029 τῷ
2207 1961 2453 2027 μέλλοντι
2483 1962 2662 2022 αἰῶνι,
2699 1962 2976 2030 ἑλομένων
3019 1960 3201 2015 αὐτῶν
3227 1963 3285 2012 ὲν
3329 1959 3410 2029 τῷ
3436 1960 3669 2028 παρόντι

2087 2049 2289 2120 μᾶλλον
2338 2050 2742 2123 τιμωρηθῆναι,
2794 2051 3063 2121 ἐξήρτησε
3105 2050 3330 2114 τούτους
3370 2052 3429 2102 ὲν
3463 2047 3540 2118 τῷ
3571 2048 3669 2112 τῆς

2086 2141 2402 2206 Βαϐυλῶνος
2458 2144 2651 2212 φρέατι
2681 2141 2790 2195 τῶν
2815 2142 2995 2196 ποδῶν
3041 2141 3109 2196 δι’
3141 2141 3387 2204 ἁλύσεως
3441 2139 3670 2209 σιδηρᾶς

2088 2232 2247 2307 μέχρι
2283 2237 2381 2306 τῆς
2408 2238 2466 2290 έν
2492 2239 2556 2305 τῇ
2591 2236 2772 2305 κρίσει
2802 2237 3038 2305 ἡμέρας.

2161 2326 2392 2392 ις’.Ἔτι
2422 2327 2586 2395 φησὶν
2610 2326 2691 2378 ὅτι
2714 2326 2742 2377 6
2770 2324 2988 2385 κτιστδς
3030 2314 3188 2386 οὗτος
3206 2321 3436 2393 οὐρανὸς
3454 2321 3678 2391 γέγονεν

2084 2422 2149 2475 ὲκ
2193 2418 2422 2473 καπνοῦ.
2464 2417 2553 2481 Ὦς
2580 2418 2722 2470 ἔοικε
2776 2416 2907 2487 γὰρ.
2937 2417 3019 2469 ὅτι
3061 2415 3252 2486 ἕτερον
3298 2431 3420 2467 τινα
3445 2414 3675 2482 οὐρανὸν

2085 2513 2338 2566 ἄκτιστον
2365 2509 2603 2563 συνοῖδεν
2626 2509 2655 2561 6
2685 2508 2804 2565 νέος
2847 2499 3002 2569 οὗτος
3053 2506 3373 2576 νομοθέτης,
3405 2506 3464 2558 ὃν
3497 2504 3674 2566 οὐδεὶς

2084 2603 2192 2655 τῶν
2226 2601 2528 2668 ἀνθρώπων
2565 2599 2827 2671 ἐγνώρισέ
2855 2616 3008 2653 ποτε.
3040 2599 3148 2652 Καὶ
3178 2597 3313 2668 πρὸς
3340 2595 3675 2649 ἀντιδιαστο-

2085 2695 2183 2763 λὴν
2218 2693 2407 2746 τούτου
2444 2691 2601 2744 καλεῖ
2621 2691 2710 2743 τὸν
2743 2691 2985 2761 παρόντα
3021 2688 3258 2753 κτιστὺν,
3296 2687 3372 2750 ὡς
3413 2688 3524 2740 ἀπὸ
3576 2686 3671 2755 τῆς

2087 2784 2532 2858 ἀναθυμιάσεως,
2566 2783 2721 2851 φησὶ,
2750 2786 2848 2847 τῆς
2907 2780 3185 2848 θαλάσσης
3230 2779 3517 2847 γινομένου
3578 2773 3674 2829 τοῦ

2082 2873 2328 2928 τοιούτου
2360 2890 2431 2925 κα
2445 2870 2588 2924 πνοῦ.
2634 2870 2703 2923 Ἠ
2735 2870 2790 2922 δὲ
2821 2869 3067 2923 θάλασσα
3094 2869 3159 2921 Eat
3188 2883 3330 2930 τινος
3357 2866 3517 2937 ὅρους
3545 2864 3673 2932 Κὰφ

2085 2966 2510 3037 ὀνομαζομένου,
2540 2965 2678 3035 ὅπερ
2710 2962 2835 3033 ὅρος
2868 2962 3133 3026 ζώννυσιν
3161 2959 3292 3029 ὅλην
3340 2960 3440 3031 τὴν
3491 2959 3675 3011 οίκου-

2089 3061 2277 3130 μένην,
2310 3058 2402 3111 καὶ
2432 3057 2682 3126 ἀντέχειν
2733 3056 2885 3108 ποιεῖ
2908 3055 3013 3107 ητῆν
3043 3053 3292 3123 οὐρανόν.

2166 3149 2253 3215 ιζ’.
2293 3149 2417 3202 Ἔτι
2442 3148 2534 3201 τὸν
2564 3146 2718 3216 ἥλιον
2762 3146 2857 3199 καὶ
2910 3144 3008 3215 τὴν
3064 3143 3299 3213 σελήνην
3345 3142 3438 3195 ῐσα
3497 3139 3674 3209 φωτὸς

2088 3244 2182 3297 καὶ
2208 3242 2487 3310 δυνάμεώς
2511 3256 2643 3310 φησι
2674 3235 2951 3308 γενέσθαι,
2993 3239 3086 3290 καὶ
3113 3233 3383 3306 μηδεμίαν
3403 3234 3673 3310 διάκρισιν

2088 3330 2228 3389 εἶναι
2263 3309 2470 3404 μεταξὺ
2498 3309 2694 3395 νυκτὸς
2753 3332 2852 3384 καὶ
2906 3328 3144 3398 ἡμέρας
3193 3326 3330 3380 ἀλλὰ
3372 3309 3671 3395 πετομένου

2090 3424 2220 3477 ποτὲ
2250 3423 2342 3478 τοῦ
2364 3421 2638 3494 Γραὸριὴλ
2662 3421 2938 3492 συμϐῆναι
2959 3418 3020 3471 τὸ
3044 3416 3248 3488 πτερὸν
3264 3414 3433 3469 αὑτοῦ
3454 3415 3674 3483 ἐγγίσαι

2090 3519 2152 3586 τῇ
2194 3515 2413 3589 σελήνῃ,
2447 3515 2543 3567 καὶ
2569 3512 2761 3566 τούτου
2797 3512 2961 3565 ἕνεκα
3013 3508 3389 3579 σκεδασθῆναι.

2187 3607 2296 3677 ιη’.
2350 3606 2474 3660 Ἔτι
2524 3605 2688 3675 φησὶν
2744 3605 2819 3666 ὡς
2888 3601 3300 3671 προσκληθέντα
3364 3600 3457 3652 τὸν
3510 3599 3674 3653 αὑτ³.ν

2089 3693 2335 3764 Μωάμεθ
2361 3692 2517 3763 παρὰ
2550 3690 2645 3746 τοῦ
2673 3690 2913 3760 Γαϐριὴλ
2932 3689 3174 3743 ἀνελθεῖν
3207 3690 3287 3752 είς
3301 3686 3393 3740 τὸν
3412 3686 3662 3755 οὐρανὸν,

2094 3787 2186 3838 καὶ
2220 3784 2312 3839 τοῦ
2333 3764 2472 3838 θεοῦ
2494 3784 2677 3845 θέντος
2700 3785 2799 3851 τὴν
2815 3783 2977 3854 χεῖρα
3002 3780 3167 3835 αὐτοῦ
3184 3780 3278 3833 ἐπὶ
3290 3778 3384 3832 τοῦ
3402 3778 3673 3848 Μωάμεθ,

2090 3876 2361 3948 τοσαύτης
2387 3874 2601 3946 ψύξεως
2631 3873 2891 3944 αἰσθησιν
2920 3872 3106 3926 λασεῖν
3131 3872 3314 3931 αὐτὸν.
3348 3871 3424 3935 ὡς
3446 3870 3674 3922 διελθεῖν

2090 3969 2295 4036 ταύτην
2335 3968 2495 4037 μέχρι
2518 3966 2609 4020 καὶ
2637 3966 2731 4019 τοῦ
2764 3965 3011 4020 νωτιαίου
3051 3962 3275 4034 μυελοῦ.
3309 3964 3419 4017 Καὶ
3447 3963 3530 4015 ὅτι
3575 3960 3674 4030 μὲν

2091 4055 2251 4110 τοῦτο
2298 4055 2528 4124 πλάσμα
2585 4054 2798 4109 ἐκείνου
2864 4054 3004 4114 ἐστὶ,
3035 4054 3185 4105 τουτὶ
3227 4052 3525 4122 πρόδηλον·
3558 4048 3672 4103 ἀλλ’

2091 4149 2239 4218 ὅμως
2258 4150 2368 4209 τοῖς
2390 4146 2970 4217 ’Δυθρωπομορφίταις
2998 4144 3281 4215 ἑπόμενος,
3306 4142 3481 4195 ταῦτα
3498 4142 3671 4209 λέγει,

2089 4242 2202 4313 τοῖς
2233 4240 2456 4307 λέγουσι
2485 4239 2575 4292 τὸν
2595 4237 2729 4291 θεὸν
2785 4238 3119 4308 σωματικὸν,
3145 4234 3356 4304 ἀγνοῶν
3387 4238 3414 4288 6
3444 4233 3674 4295 δείλαιος

2090 4332 2173 4398 τὸ,
2218 4349 2238 4384 ι
2270 4328 2574 4392 ’Υπέλασες
2600 4328 2858 4398 ἀνομίαν,
2889 4329 2972 4382 ὅτι
2995 4327 3193 4397 ἔσομαί
3233 4344 3315 4380 σοι
3340 4328 3547 4396 ὅμοιος.
3578 4343 3596 4375 ι

2203 4422 2290 4477 ιθ’.
2323 4422 2443 4475 Ἔτι
2474 4422 2532 4474 ὲν
2554 4419 2632 4490 τῷ
2662 4420 2943 4490 κεφαλαίῳ
2968 4417 3046 4489 τῷ
3073 4418 3195 4472 Σόδ
3240 4421 3269 4472 6
3311 4418 3474 4481 αὐτὸς
3496 4415 3675 4475 Miad-

482 4509 570 4565 19.
600 4509 735 4564 Item
774 4509 827 4562 in
859 4509 1040 4579 capite
1068 4508 1180 4566 Sad
1206 4510 1340 4567 dicit
1376 4510 1655 4569 Mabomet
1680 4512 1985 4589 daemones,

2095 4513 2194 4585 μεθ
2228 4497 2419 4582 φησὶν,
2446 4515 2528 4566 ὅτι
2556 4513 2776 4581 ἄγγελοι
2805 4511 2956 4574 ὄντες
2986 4512 3037 4564 ot
3071 4510 3344 4580 δαίμονες,
3378 4510 3472 4563 καὶ
3504 4525 3671 4579 προσ·

407 4617 536 4657 cum
566 4599 996 4671 angeli,fucrinl,
1023 4609 1085 4657 ut
1107 4601 1377 4657 Adamum
1394 4602 1689 4659 adorarent
1714 4619 1741 4657 a
1766 4604 1877 4658 Deo
1903 4603 1989 4657 in-

407 4694 631 4749 stitutos
658 4709 807 4760 esse;
840 4703 1081 4750 mutatos
1102 4706 1283 4750 autem
1310 4711 1431 4752 esse
1453 4697 1507 4751 in
1532 4697 1832 4762 daemones,
1861 4711 1987 4752 cum

409 4787 516 4841 hoc
568 4784 735 4841 oﬂieii
786 4784 1179 4853 detrectarent,
1230 4802 1330 4842 nec
1369 4786 1525 4841 illum
1555 4792 1710 4842 more
1751 4786 1987 4840 aliorum

408 4877 616 4932 vellent
643 4876 895 4933 adorare.
934 4879 1100 4948 Atqui
1134 4878 1251 4935 haec
1282 4878 1470 4950 opinio
1495 4877 1629 4933 huic
1660 4878 1831 4948 impio
1862 4892 1991 4946 pro-

406 4971 528 5039 pria
556 4978 612 5025 et
645 4971 943 5040 peculiaris
977 4980 1083 5027 est.

476 5061 570 5117 20.
594 5060 737 5116 Dicit
756 5078 1016 5133 pmterea
1040 5062 1338 5125 Mahomet.
1362 5079 1431 5119 ex
1454 5071 1699 5139 stercore
1720 5062 1989 5132 elephan—

410 5154 483 5207 tis
512 5168 743 5223 porcum
793 5164 1019 5212 enatum
1065 5171 1207 5217 esse,
1245 5172 1310 5210 ex
1346 5166 1592 5210 stercore
1621 5164 1803 5208 autem
1838 5154 1989 5223 porci

410 5259 651 5310 murem,
683 5245 844 5301 felem
869 5255 1053 5301 autem
1073 5262 1139 5301 ex
1164 5247 1343 5301 fronte
1375 5244 1575 5300 leonis.
1606 5244 1783 5300 Causa
1806 5258 1988 5300 autem

410 5335 574 5407 hujus
620 5337 743 5393 talis
780 5337 1037 5392 refertur.
1070 5336 1207 5392 Cum
1254 5336 1370 5391 Noe
1427 5336 1480 5389 in
1527 5351 1651 5389 area
1702 5347 1849 5393 esset
1881 5352 2013 5391 una

404 5445 534 5483 eum
583 5430 710 5485 [iliis
736 5431 852 5485 suis
882 5441 937 5486 et
978 5430 1331 5492 animalibus,
1383 5429 1493 5484 illis
1531 5430 1597 5484 ad
1639 5440 1848 5486 naturze
1874 5430 1991 5487 olli-

409 5522 556 5574 eium
592 5510 930 5575 abeuntibus
962 5537 1087 5575 arca
1125 5521 1536 5577 inclinabatur:
1582 5522 1635 5576 in
1668 5523 1864 5592 primis
1894 5539 1992 5576 au-

412 5623 548 5676 tem,
597 5614 642 5667 si
690 5613 867 5667 abiret
909 5612 1151 5681 elephas.
1187 5613 1370 5667 Nimio
1414 5614 1597 5682 itaque
1644 5617 1843 5669 timore
1876 5614 1992 5669 Noe

412 5713 724 5772 correptus,
777 5704 945 5758 Deum
988 5704 1286 5759 consuluit.
1332 5704 1435 5771 Qui
1468 5705 1664 5759 dixitz‘
1707 5705 1990 5759 Profectus

417 5793 601 5845 culum
629 5793 774 5847 illius
808 5802 862 5849 et
894 5797 1157 5851 stercoris
1192 5808 1432 5852 meatum
1466 5796 1651 5852 adora.
1677 5796 1833 5864 Quod
1861 5810 1992 5851 cum

2090 4603 2388 4672 ταχθέντες
2407 4602 2561 4672 παρὰ
2615 4601 2751 4656 Θεοῦ
2793 4600 3175 4671 προσκυνῆσαι
3205 4599 3297 4652 τὶν
3363 4597 3553 4666 Ἀδὰμ,
3574 4598 3673 4649 οὐκ

2091 4696 2368 4766 ἠθέλησαν
2430 4695 2657 4758 ποιῆσαι
2716 4692 2902 4759 τοῦτο,
2972 4690 3156 4753 καθὼς
3213 4692 3309 4743 καὶ
3365 4694 3568 4753 πάντες
3623 4692 3672 4743 οί

2090 4786 2312 4855 ἄγγελοι
2337 4784 2753 4856 προσεκύνησαν
2787 4782 2973 4849 αὐτὸν,
3001 4783 3097 4834 καὶ
3134 4780 3222 4834 διὰ
3240 4778 3400 4834 τοῦτο
3428 4780 3674 4848 ἐγένοντο

2090 4878 2363 4948 δαίμονες.
2411 4876 2539 4931 Ἰδία
2574 4875 2631 4929 δὲ
2673 4874 2803 4939 δόξα
2834 4876 2983 4929 ἐστὶν
3024 4872 3164 4943 αὓτη
3192 4872 3384 4928 τούτου
3412 4873 3508 4926 τοῦ
3543 4872 3672 4925 ἀσε-

2091 4974 2240 5037 6οὖς.
3634 5020 3639 5023 -

2166 5073 2237 5119 κ’.
2272 5065 2393 5116 Ἐτι
2415 5066 2579 5131 φησὶν
2608 5064 2636 5115 6
2670 5061 2830 5124 αὐτὸς
2863 5062 2939 5123 ὡς
2972 5061 3034 5113 ἐκ
3070 5060 3170 5128 τῆς
3230 5060 3324 5112 τοῦ
3377 5059 3673 5128 ἐλέφαντος

2093 5155 2299 5221 κόπρου
2333 5151 2692 5220 γεγεννῆσθαι
2714 5152 2808 5222 ,τὶν
2838 5151 3039 5219 χοῖρον,
3067 5150 3130 5202 ἐκ
3155 5149 3211 5202 δὲ
3230 5148 3329 5219 τῆς
3350 5148 3558 5219 κόπρου
3577 5147 3672 5203 τοῦ

2091 5246 2276 5319 χοίρου
2316 5244 2407 5298 τὸν
2435 5244 2559 5307 μῦν,
2592 5244 2689 5312 τὴν
2715 5243 2773 5295 δὲ
2800 5241 2973 5313 γαλῆν
3020 5243 3085 5294 ὲκ
3116 5241 3213 5294 τοῦ
3266 5240 3524 5310 μετώπου
3575 5240 3673 5294 τοῦ

2092 5339 2321 5401 λέοντος.
2366 5336 2430 5391 'll
2461 5335 2517 5388 δὲ
2535 5335 2685 5389 αἰτία
2709 5336 2860 5387 ἐστὶν
2886 5332 3048 5403 αὕτη.
3087 5334 3276 5398 Ὄντος
3309 5333 3400 5387 τοῦ
3432 5333 3554 5387 Νῶε
3614 5336 3672 5386 έν

2091 5433 2158 5500 τῇ
2192 5429 2412 5499 κιεωτῴ
2443 5429 2580 5497 μετὰ
2636 5427 2747 5480 τῶν
2795 5424 2928 5481 υἱῶν
2971 5425 3137 5479 αὐτοῦ
3200 5427 3295 5479 καὶ
3332 5424 3441 5477 τῶν
3494 5427 3668 5490 ζώων,

2092 5525 2291 5575 ὀπιταν
2324 5520 2457 5592 πρὸς
2481 5520 2762 5573 ἀπόπατον
2791 5519 3051 5589 ἐχώρουν,
3079 5518 3321 5571 ἐκλίνετο
3361 5519 3396 5586 ἠ
3418 5517 3667 5581 κιόωτὸς,

2093 5629 2164 5666 κα
2208 5614 2449 5682 μάλιττα
2512 5611 2999 5679 ὁπότανὸἐλέφας
3052 5610 3205 5681 ἐπίῃ.
3266 5610 3363 5663 Διά
3424 5610 3555 5678 γοῦν
3609 5611 3670 5662 τὸ

2056 5696 2061 5701 ’
2094 5705 2216 5757 λίαν
2273 5688 2577 5771 φοϐεῖσθαι,
2615 5694 2903 5773 ἡρὶὒτησεν
2933 5707 2961 5756 6
2992 5702 3112 5755 Νῶε
3144 5704 3235 5757 τὸν
3272 5702 3426 5767 Θεὸν,
3458 5702 3516 5766 ὃς
3540 5702 3664 5769 ἔφη,

2106 5817 2121 5847 ι
2175 5796 2447 5849 Ἀἐιθὼν
2474 5798 2849 5867 προσκύνησον
2877 5795 2965 5849 τὸν
3004 5796 3255 5869 πρωκτὸν
3309 5796 3474 5852 αὑτοῦ
3532 5798 3661 5868 πρὶς
