4058 6462
378 353 478 413 τε)

1386 355 1682 415 CONTRA
1716 352 2199 414 ΜΛΗΟΜΕΤΕΜ
2239 352 2524 413 ORATIO
2566 354 2642 414 li.

382 468 479 534 ﬁt”,
509 460 671 534 ’ὀτὴπ
704 465 763 529 ἐξ
898 464 1198 537 πρόεισινή
1234 466 1458 535 κόπρος.
1490 486 1509 519 ι
1536 460 1610 520 Ui}
1658 466 1968 534 γεγονότος,

2097 461 2318 529 coisset,
2367 462 2529 518 simul
2573 461 2743 517 exivit
2789 469 3024 524 stercus.
3078 471 3132 517 et
3161 479 3286 519 eum
3321 463 3414 519 illo
3448 479 3651 533 porcus

386 562 500 625 ἅμα
529 577 587 612 τε
620 559 763 628 εξῄει
794 562 825 630 ή
851 561 1075 631 κόπρος,
1112 560 1203 612 καὶ
1234 564 1333 615 σὺν
1382 562 1517 632 αὐτῇ
1549 563 1729 632 χοῖρος
1775 560 1966 629 μέγας.

389 648 477 717 τῷ
537 649 668 713 γοῦν
733 650 911 718 ῥέγχει
952 651 1047 713 τὰς
1112 652 1350 723 κάπρους
1409 651 1754 721 ὀρύσσοντος,
1802 651 1831 702 6
1867 649 1971 716 μῦς

391 739 676 808 ἐγεννήθη,
701 742 794 792 καὶ
819 741 1022 811 ήρξατο
1051 742 1254 795 ἐσθίειν
1285 744 1385 806 τὰς
1433 740 1652 804 σανίδας
1683 742 1782 809 τῆς
1805 739 1976 792 κιϐω-

391 829 512 886 τοῦ.
543 831 651 883 Καὶ
681 832 801 884 τότε
823 833 1059 903 μάλιστα
1083 834 1449 904 ὲφοεήθησαν.
1487 833 1975 902 Ἐπερωτήσαντος

396 919 607 987 eam;
626 922 720 976 τοῦ
740 924 864 976 Νῶε
891 925 982 976 τὸν
995 924 1198 995 Κύριον
1220 925 1360 995 ὑπὲρ
1386 925 1596 988 τούτου,
1620 922 1905 994 ὲπατάχθη
1944 922 1976 973 6

392 1014 538 1068 λέων
571 1017 630 1068 ὲν
657 1016 734 1086 τῷ
760 1016 1127 1086 μετώπῳ,καὶ
1151 1018 1341 1089 ἐξῆλθε
1371 1018 1508 1086 γαλῆ
1529 1015 1722 1069 ἐκτῶν
1768 1017 1978 1087 μυκτή-

396 1123 507 1176 ρων
533 1106 943 1176 αὒτῡῦ.Ταύτην
965 1108 1137 1178 δὲτὴν
1165 1110 1346 1163 αἰτίαν
1371 1105 1512 1164 εἷναί
1532 1128 1689 1180 φησι,
1714 1110 1782 1161 δι’
1815 1104 1977 1180 ἦςτὰ

395 1198 604 1267 χοίρεια
626 1198 761 1267 κρέα
786 1198 1070 1269 ἀκάθαρτα
1097 1200 1399 1269 λογίζονται
1429 1201 1559 1273 παρ’
1595 1202 1796 1263 αὐτοῖς.

466 1295 571 1341 κα’.
625 1288 749 1340 Ἔτι
812 1292 978 1356 φησὶν
1017 1292 1100 1343 ὅτι
1133 1291 1162 1342 6
1210 1290 1341 1355 Θεὸς
1391 1293 1526 1356 πρδς
1558 1292 1635 1360 τῷ
1686 1292 1824 1344 τέλει
1885 1289 1981 1344 τοῦ

396 1381 602 1449 κνῖσμου
659 1382 949 1435 ἀποκτενεῖ
1012 1383 1192 1436 πᾶσαν
1242 1382 1405 1452 φύσιν
1462 1384 1709 1453 ἀγγέλων
1763 1401 1823 1437 τε
1887 1384 1983 1437 καὶ

396 1470 723 1540 ἀνθρώπων,
756 1473 848 1525 καὶ
881 1473 980 1544 οὐχ
1016 1474 1470 1547 ύπολειφθήσεται
1529 1476 1659 1540 ζῶν,
1718 1476 1857 1548 πλὴν
1886 1478 1981 1531 τοῦ

398 1560 554 1621 θεοῦ,
586 1560 682 1613 καὶ
716 1561 809 1614 τοῦ
841 1561 1099 1630 θανάτου,
1130 1566 1191 1628 ὃς
1215 1566 1362 1618 ἐστιν
1389 1565 1617 1634 ἄγγελός
1641 1583 1724 1628 τις
1758 1568 1987 1636 λεγόμε-

396 1665 486 1709 νος
522 1648 761 1721 Ἀεριήλ.
792 1652 898 1705 Καὶ
927 1654 1048 1707 τότε
1080 1655 1375 1708 ἐντελεῖται
1413 1655 1617 1724 Κύριος
1644 1654 1724 1726 τῷ
1763 1654 1984 1727 Ἀδριὴλ

397 1741 712 1794 ἀποκτεῖναι
747 1743 959 1800 ἑαυτόν.
995 1738 1072 1800 Οὖ
1132 1748 1439 1814 γεγονότος,
1494 1748 1743 1819 φωνήσει
1776 1748 1985 1818 Κύριος

400 1835 550 1900 φωνῇ
585 1833 818 1907 μεγάλῃ,
855 1838 950 1890 καὶ
983 1838 1120 1908 ἐρεῖ,
1153 1838 1265 1892 1Ιοῦ
1316 1841 1453 1894 εἰσιν
1486 1842 1537 1894 οἱ
1580 1841 1858 1912 σατράπαι
1888 1842 1982 1895 τοῦ

404 1921 630 1988 κόσμου,
656 1924 750 1977 καὶ
776 1924 825 1976 ’.ί
857 1926 1148 1997 άρχοντες;
1175 1929 1284 1981 Καὶ
1319 1929 1456 1998 μετὰ
1477 1928 1650 1984 ταῦτα
1692 1916 1988 1999 ἀναστήσει

405 2013 631 2077 πάντας.
658 2013 724 2068 Τί
752 2016 1019 2091 γοῦνὲρεϊ
1044 2036 1128 2082 τις
1183 2019 1319 2084 ὅλως
1355 2022 1383 2074 ὁ
1432 2020 1557 2075 νοῦν
1607 2021 1768 2094 ἔχων,
1800 2023 1985 2077 ἕνεκεν

407 2106 511 2157 τῶν
544 2105 814 2161 τοσούτων
853 2111 1171 2179 φλυαριῶν;

472 2197 575 2266 κβ’.
611 2200 775 2252 Οὐδὲν
825 2200 1032 2272 ἕτερον,
1071 2202 1148 2267 ὡς
1203 2203 1389 2275 ἔμοιγε
1449 2205 1620 2273 δοκεῖ,
1653 2205 1684 2278 ἢ
1716 2206 1864 2277 αὐτῷ
1907 2206 1987 2279 τῷ

407 2288 650 2357 Μωάμεθ
697 2292 1006 2361 χρήσασθαι
1054 2293 1313 2364 μάρτυρι,
1341 2295 1403 2358 ὃς
1457 2296 1857 2368 συνεγράψατο,
1911 2297 1986 2359 ὡς

411 2380 560 2447 φησὶ,
596 2380 820 2448 βιϐλίον,
854 2384 1179 2440 δυοκαίδεκα
1214 2387 1457 2458 χιλιάδας
1484 2388 1680 2457 λόγους
1706 2390 1830 2461 ἔχον
1856 2389 2012 2443 ϐάν-ο

424 2473 670 2537 μαστούς.
709 2476 864 2546 Παρά
891 2476 947 2530 δέ
970 2478 1078 2531 τῶν
1105 2479 1365 2550 μαθητῶν
1411 2482 1577 2535 αὐτοῦ
1612 2483 1989 2554 παρακληθεὶς

418 2560 618 2626 διδάξαι
670 2565 830 2619 τοῦτο
879 2568 1083 2634 αὐτοῖς,
1141 2569 1246 2640 ἔφη
1297 2572 1434 2640 πρὸς
1486 2571 1686 2636 αὐτοὺς
1743 2580 1818 2636 ὼς
1881 2575 1991 2627 ἀπὺ

410 2653 617 2709 τ-ιύτων
633 2658 682 2710 οί
718 2659 818 2725 μὲν
876 2661 1168 2731 τρισχίλιοί
1194 2665 1332 2716 εἰσιν
1375 2664 1617 2733 ἀληθεῖς,
1650 2667 1699 2718 οἱ
1727 2666 1783 2719 δὲ
1812 2666 1991 2738 ἕτεροι

410 2744 644 2813 ψευδεῖς.
675 2748 838 2803 Ὥστε
862 2753 957 2804 καί
978 2769 1125 2817 τινες
1162 2755 1325 2824 είπερ
1349 2755 1618 2826 ἐντύχωσι
1643 2758 1781 2826 μετά
1828 2774 1992 2810 τινων

422 2835 852 2909 Ἰσμαηλιτιδῶν,
889 2842 983 2897 καὶ
1016 2845 1263 2918 ἀναφανῇ
1308 2845 1502 2916 ψεῦδος
1526 2848 1586 2900 τὸ
1617 2848 1746 2918 παρ’
1769 2848 1995 2903 ἐκείνων

416 2927 734 3002 λεγόμενον,
768 2935 939 3000 ἀδεῶς
961 2936 1210 3007 λέγουσιν
1261 2941 1343 2995 ὅτι
1375 2942 1484 2995 ἀπὸ
1520 2942 1629 2995 τῶν
1662 2942 1874 3012 ψευδῶν
1906 2943 1992 2994 λό-

410 3035 524 3086 γων
555 3022 720 3090 ἐστὶν,
748 3018 824 3080 ὧν
882 3030 1262 3099 συνεγράψατο
1286 3031 1315 3084 6
1342 3032 1609 3103 Μωάμεθ,
1642 3034 1703 3086 οὗ
1728 3033 1835 3105 μήν
1886 3031 1995 3087 ἀπὸ

2078 552 2294 623 ingens.
2327 553 2421 623 qui
2452 567 2577 607 cum
2625 561 2802 608 rostro
2831 564 3074 609 stercora
3129 555 3352 609 rimaret
3379 566 3624 609 scrutare.
3645 584 3660 595 -

2079 653 2307 727 turque.
2342 660 2464 699 mus
2494 646 2715 714 prodiit,
2738 646 2831 716 qui
2867 661 3007 701 arca:
3045 647 3285 702 tabulata
3314 650 3482 717 cmpit
3511 664 3664 701 πτυσ-
3720 648 3729 657 “

2078 734 2208 790 dere
2230 751 2244 798 ;
2270 751 2376 805 qua
2405 736 2473 791 de
2502 752 2666 793 causa
2696 739 2935 794 maxime
2958 741 3133 795 territi
3162 751 3313 795 sunt.
3340 740 3452 795 Noe
3478 751 3658 795 autem

2078 828 2147 882 de
2180 829 2280 881 hoc
2312 828 2500 883 denuo
2526 831 2851 884 consulente
2882 831 3202 898 Dominum,
3232 832 3314 886 leo
3345 833 3397 885 in
3428 831 3660 886 frontem

2079 933 2375 988 percussus
2403 928 2508 985 est,
2543 929 2599 974 et
2630 921 2815 976 statim
2851 938 2915 977 ex
2949 922 3174 977 naribus
3205 923 3353 977 illius
3385 923 3504 977 felis
3539 939 3664 992 pro-

2081 1007 2237 1062 siliit.
2271 1008 2340 1062 Et
2367 1008 2507 1063 hanc
2539 1009 2629 1063 ille
2664 1011 2933 1063 rationem
2961 1010 3210 1074 adducit,
3242 1020 3471 1081 propter
3496 1026 3659 1081 quam

2082 1100 2256 1155 suillae
2290 1114 2483 1154 carnes
2508 1101 2577 1154 ab
2609 1101 2693 1155 his
2726 1115 2824 1171 pro
2864 1102 3162 1157 immundis
3192 1103 3515 1159 habeantur.

2153 1278 2243 1333 2|.
2297 1276 2445 1336 Dicit
2481 1276 2634 1344 item,
2691 1279 2837 1348 quod
2892 1279 3035 1334 Deus
3081 1279 3155 1334 in'
3188 1283 3665 1339 consummatione

2086 1369 2275 1425 mundi
2323 1367 2614 1424 occisurus
2645 1369 2718 1424 sit
2747 1378 2910 1425 omne
2951 1386 3125 1442 genus
3165 1380 3219 1427 et
3264 1374 3664 1444 angelnrnm’ct

2085 1460 2395 1527 hominum,
2420 1467 2477 1513 et
2505 1460 2649 1528 quod
2682 1476 2844 1515 nemo
2868 1462 3056 1515 vivens
3084 1472 3282 1531 praater
3302 1480 3470 1518 unum
3491 1464 3663 1519 Deum

2086 1563 2141 1607 et
2169 1563 2399 1607 mortem
2436 1550 2622 1622 (quam
2674 1553 2927 1623 angelum
2975 1555 3265 1623 quemdam
3303 1554 3524 1610 lladriel
3568 1570 3657 1609 no-

2088 1644 2236 1699 mine
2264 1658 2388 1698 esse
2416 1643 2570 1714 dicit)
2605 1644 2999 1714 relinquendus
3020 1646 3114 1699 sit.
3142 1645 3208 1700 Et
3232 1655 3361 1699 tunc
3386 1647 3665 1716 praecipiet

2090 1735 2329 1790 Hadrieli
2360 1735 2651 1801 Dominus,
2706 1745 2765 1789 ut
2799 1736 3012 1792 occidat
3053 1737 3315 1804 seipsum.
3345 1736 3465 1803 Quo
3496 1737 3661 1799 facto.

2087 1828 2345 1884 clamabit
2378 1844 2507 1883 voce
2537 1831 2643 1883 alta
2682 1828 2965 1889 Dominus,
2992 1837 3051 1883 et
3090 1829 3260 1891 dicet,
3288 1829 3390 1885 Ubi
3421 1837 3549 1884 sunt
3578 1844 3667 1883 saw
3710 1896 3713 1901 λ

2091 1931 2258 1991 trapze
2289 1921 2478 1975 mundi
2509 1930 2566 1975 et
2589 1920 2905 1990 principes?
2934 1920 3000 1975 Et
3032 1929 3154 1990 post
3186 1920 3302 1976 haec
3330 1935 3523 1976 omnes
3545 1936 3666 1974 sus-

2054 2071 2067 2090 ,
2088 2013 2300 2068 citabit.
2332 2012 2473 2078 Quid
2517 2026 2670 2075 vero,
2703 2011 2957 2082 quisquis
2997 2011 3196 2068 mentis
3225 2025 3450 2082 compos
3476 2012 3665 2074 fuerit,

2087 2099 2157 2162 de
2188 2112 2268 2161 tot
2298 2104 2579 2174 tantisque
2614 2104 2777 2175 nugis
2806 2103 2994 2159 dicet?

2157 2196 2247 2251 22.
2302 2195 2420 2250 Non
2477 2195 2625 2249 aliud
2667 2204 2838 2254 certe.
2895 2210 3014 2249 meo
3050 2193 3256 2261 videre,
3305 2210 3467 2264 quam
3517 2193 3666 2264 quod
3766 2240 3773 2245 .

2088 2289 2207 2357 ipse
2255 2287 2595 2342 Mahometes
2639 2297 2894 2351 testatur,
2933 2287 3026 2357 qui
3060 2288 3140 2341 ait
3186 2303 3245 2342 se
3296 2288 3500 2343 librum
3529 2302 3662 2342 con-

2089 2379 2378 2448 scripsisse
2429 2378 2718 2434 duodecim
2771 2379 2937 2433 millia
2972 2392 3286 2433 sermonum
3334 2377 3664 2433 mirabilium

2090 2469 2502 2523 continentem:
2556 2485 2585 2523 a
2634 2469 2922 2537 discipulis
2969 2484 3103 2525 vero
3150 2470 3268 2525 suis
3306 2478 3579 2540 rogatum,
3614 2479 3674 2522 ut

2093 2560 2210 2615 haec
2245 2560 2380 2630 ipsis
2408 2569 2735 2630 exponeret.
2774 2561 2982 2616 dixisse
3009 2560 3137 2632 illis,
3173 2561 3319 2631 quod
3345 2576 3411 2617 ex
3435 2560 3524 2617 his
3547 2562 3675 2631 qni-

2093 2651 2217 2707 dem
2247 2659 2329 2706 ter
2358 2651 2504 2706 mille
2542 2652 2658 2706 veri
2687 2652 2817 2713 sint,
2856 2652 3054 2722 reliqui
3085 2667 3216 2707 vero
3246 2650 3391 2708 falsi.
3425 2650 3675 2720 Hincquc

2093 2744 2301 2811 evenit,
2325 2753 2383 2798 ut
2408 2744 2451 2798 si
2480 2745 2573 2814 qui
2599 2743 2998 2799 lsmaelltarum
3028 2759 3152 2801 cum
3189 2744 3469 2814 aliquibus
3491 2743 3678 2814 dispu«

2096 2838 2355 2900 laverint,
2383 2845 2441 2892 et
2473 2836 2669 2890 falsum
2703 2852 2823 2892 esse
2870 2836 3232 2899 convincatur
3258 2835 3405 2907 quod
3446 2836 3513 2892 ab
3544 2836 3678 2905 ipsis

2095 2925 2323 2979 allatum
2366 2932 2474 2989 est,
2520 2924 2796 2993 intrepide
2831 2924 3036 2990 diezint,
3091 2937 3156 2979 ea
3187 2937 3256 2977 ex
3305 2922 3456 2976 falsis
3489 2921 3675 2975 Mallo-

2096 3016 2261 3071 metis
2288 3014 2660 3080 sermonibus.
2711 3024 2769 3071 et
2795 3031 2904 3071 non
2936 3030 3002 3070 ex
3030 3015 3178 3071 veris
3207 3014 3497 3083 desumpta
3531 3028 3676 3068 esse.

411 3111 523 3163 τῶν
551 3114 841 3186 ἀληθινῶν.
884 3120 997 3174 Καὶ
1027 3122 1157 3188 ίσως
1181 3123 1337 3193 εἴπερ
1371 3121 1439 3196 ἦν
1472 3104 1856 3196 μιμησάμενος
1901 3125 1992 3178 τὸν

2097 3106 2254 3173 Quod
2289 3107 2335 3162 si
2368 3107 2415 3161 is
2445 3105 2606 3173 forte,
2628 3106 2931 3162 Lucianum
2970 3107 3237 3167 imitatus.
3287 3106 3355 3159 de
3386 3104 3568 3175 seipse
3599 3105 3679 3158 di~

413 3205 710 3262 Λυυκιανδν
739 3210 999 3283 Ἕλληνα,
1032 3214 1187 3284 ἔλεγε
1249 3216 1345 3271 καὶ
1381 3217 1543 3281 αὐτὸς
1610 3216 1742 3287 περὶ
1792 3215 1990 3271 ἑαυτοῦ

2097 3198 2267 3252 sisset
2296 3197 2438 3252 hanc
2483 3212 2648 3251 unam
2702 3198 2987 3268 solamque
3018 3212 3139 3254 esse
3186 3198 3498 3262 veritatem,
3530 3198 3674 3266 qnml

412 3295 494 3347 ὅτι
522 3297 618 3366 μία
640 3301 732 3352 καὶ
768 3302 904 3374 μόνη
931 3304 1079 3357 ἐστὶν
1104 3306 1354 3376 ἀλήθεια,
1390 3308 1470 3373 τὸ,
1498 3307 1600 3362 ὅσα
1621 3306 1864 3379 δηλονότι
1885 3306 1992 3360 εἰσὶ

414 3392 779 3460 γεγραμμένα
798 3398 854 3448 ὲν
882 3395 960 3468 τῷ
995 3399 1235 3469 Κορρἀ,
1277 3399 1344 3453 τά
1369 3401 1547 3454 πάντα
1597 3399 1793 3471 ψεῦδός
1833 3402 1990 3466 εἰσιν,

419 3478 628 3543 ίσωςᾶν
653 3479 796 3555 εἶχον
828 3488 1164 3562 συγγνώμην
1188 3492 1252 3545 τὰ
1286 3493 1344 3546 ἐν
1395 3492 1544 3561 αὐτῷ
1603 3494 1990 3564 γεγραμμέναι

418 3568 609 3638 ὥσπερ
636 3573 838 3637 ἐκεῖνος
875 3575 1129 3648 ὀνομάζει
1157 3580 1573 3649 ἀσεειευΰμενος
1601 3579 1775 3651 ἀληθῆ
1798 3579 1994 3650 διηγήσ

422 3679 587 3732 ματα,
610 3664 753 3737 ἅπερ
782 3666 928 3737 λέγει
989 3671 1221 3741 ψευδῶς.
1268 3673 1358 3726 Ἑν
1411 3670 1521 3745 γὰρ
1578 3675 1646 3744 τῇ
1704 3674 1846 3744 ἀρχῇ
1896 3673 1992 3724 τοῦ

423 3754 627 3825 βιϐλίου
654 3758 819 3812 αὑτοῦ
842 3761 997 3815 τοῦτό
1025 3780 1158 3834 una:
1182 3764 1421 3835 πρῶτον,
1450 3766 1530 3819 ὅτι
1561 3766 1705 3819 Μίαν
1732 3764 1993 3837 ἀλήθειαν

423 3848 600 3915 μέλλω
625 3852 818 3914 εἰπεῖν.
842 3853 921 3917 ὡς
949 3854 1049 3908 ὅσα
1114 3857 1223 3910 eisi.
1271 3859 1659 3930 γεγραμμένα,
1691 3858 1763 3911 τὰ
1814 3860 1993 3913 πάντα

419 3942 524 3991 sisi.
546 3940 736 4013 ψευδῆ.
761 3946 870 3998 Καὶ
899 3948 1037 4017 μετὰ
1060 3947 1231 4002 ταῦτα
1259 3953 1484 4021 γράφει,
1501 3951 1601 4004 ὅσα
1618 3951 1756 4022 πρὸς
1783 3950 1994 4021 γέλωτα

422 4035 636 4098 παιδιᾶς
665 4030 844 4109 χάριν.
877 4039 950 4093 T6
978 4039 1024 4092 δ’
1056 4032 1156 4095 ἵνα
1188 4043 1329 4112 μετὰ
1380 4044 1664 4117 τοσαύτης
1719 4044 1995 4109 ἀναιδείας

421 4122 648 4200 διδάσκῃ
702 4123 856 4194 οὗτος
888 4131 948 4184 τὸ
997 4134 1214 4203 ψεῦδος,
1268 4137 1407 4208 μήτε
1461 4134 1596 4189 Θεὸν
1639 4134 1993 4206 φοϐούμενος,

426 4216 552 4284 μητ⁹
577 4219 967 4290 ἐντρεπόμενος
991 4224 1334 4296 ἀνθρώπους,
1366 4225 1525 4290 ποίας
1568 4214 1634 4279 ἂν
1664 4225 1995 4299 συγγνώμης

422 4307 575 4375 τύχοι
597 4309 626 4362 6
657 4309 918 4380 δείλαιος;

494 4406 599 4470 κγ’.
628 4404 747 4457 Ἔτι
799 4405 859 4459 ἐν
919 4407 997 4479 τῷ
1052 4409 1333 4481 κεφαλαίῳ
1376 4410 1453 4482 τῷ
1507 4414 1804 4486 Κεραμάρ,
1858 4415 1997 4486 ὅπερ

2096 3289 2281 3343 omnia
2326 3303 2449 3358 qua:
2508 3289 2563 3342 in
2612 3288 2887 3343 Alcorano
2913 3291 3188 3360 descripta
3220 3299 3348 3344 sunt
3380 3289 3514 3343 falsa
3543 3289 3673 3352 sint,

2097 3378 2313 3434 veniam
2338 3388 2513 3442 certe,
2541 3395 2663 3450 quze
2692 3382 2745 3434 in
2780 3381 2882 3436 hoc
2909 3382 3288 3450 continentur,
3313 3391 3535 3452 possent
3560 3397 3678 3435 me-

2101 3472 2208 3527 reri
2247 3490 2261 3529 :
2297 3474 2762 3543 quemadmodum
2800 3476 2891 3531 hic
2933 3476 3109 3531 facete
3142 3492 3300 3532 veras
3336 3476 3678 3529 narrationes

2100 3564 2372 3631 nominat,
2404 3581 2526 3637 quae
2551 3583 2580 3621 a
2601 3583 2659 3623 se
2690 3568 2954 3624 dicuntur
2981 3568 3286 3623 mendacia.
3320 3569 3374 3623 ln
3408 3566 3678 3637 principio

2100 3656 2247 3711 enim
2271 3656 2400 3712 libri
2428 3658 2513 3713 sui
2545 3659 2625 3713 sic
2650 3659 2817 3715 dicit:
2845 3658 3073 3714 Unieam
3116 3660 3259 3714 hanc
3284 3661 3570 3714 veritatem
3601 3658 3680 3711 di.

2101 3756 2290 3803 cturus
2321 3764 2467 3811 sum,
2493 3750 2675 3804 omnia
2708 3751 2968 3806 nimirum
2987 3766 3109 3822 qua:
3141 3752 3229 3807 hic
3261 3751 3676 3811 describuntur.

2103 3834 2236 3895 falsa
2264 3855 2407 3897 esse.
2447 3840 2513 3895 Et
2546 3841 2747 3897 deinde
2775 3857 3115 3914 quaecunque
3144 3842 3376 3898 ridicula
3400 3853 3548 3904 sunt,
3585 3859 3680 3911 per

2101 3929 2286 3987 lusum
2312 3932 2563 3988 ascribit.
2595 3932 2734 3989 Cum
2762 3948 2896 3990 vero
2930 3934 3020 3989 hic
3053 3944 3198 3990 tanta
3228 3950 3351 3990 cum
3385 3933 3675 4003 impuden-

2103 4023 2176 4078 tia
2205 4024 2400 4079 falsum
2439 4024 2657 4090 doceat,
2696 4041 2798 4083 nec
2838 4027 3005 4083 Deum
3043 4029 3250 4082 veritus
3275 4042 3375 4082 nec
3412 4028 3677 4090 homines,

2102 4128 2343 4184 quanam
2378 4118 2536 4172 venia
2580 4118 2766 4173 infelix
2804 4118 3002 4188 dignus
3033 4121 3237 4176 fuerit?
3588 4150 3615 4169 κ
3654 4116 3659 4122 ’

2116 4476 2125 4481 κ
2174 4415 2267 4472 23.
2299 4417 2566 4472 Praeterea
2626 4415 2681 4471 in
2739 4416 2916 4486 capite
2954 4415 3233 4479 Ceramnr,
3288 4413 3433 4482 quod
3496 4412 3679 4465 Immin

409 4491 781 4567 ’ἑρμηνεύεται
834 4504 1092 4574 σελήνη,
1159 4505 1404 4577 λέγεται,
1437 4510 1514 4572 ὡς
1568 4510 1766 4575 ἰδόντες
1822 4512 1871 4565 oi
1903 4511 1992 4566 τοῦ

2103 4506 2561 4579 interpretantur,
2613 4507 2785 4563 dixit:
2837 4507 2993 4575 Quod
3049 4505 3372 4561 Malmmetis
3423 4504 3681 4574 di-eipuli

425 4590 668 4659 Μο-»άμεθ
699 4594 983 4651 ἀκόλουθοι
1017 4600 1113 4670 τὴν
1136 4601 1366 4671 σελήνην
1406 4602 1728 4671 ἐγγίζουσαν
1750 4608 1814 4676 τῇ
1846 4605 2000 4659 συνό-

427 4681 520 4750 δῳ,
554 4677 710 4738 εἷπον
750 4689 887 4758 πρὸς
939 4691 1123 4756 αὐτὸν,
1151 4693 1333 4757 Δεῖξον
1377 4696 1512 4764 ἡμῖν
1571 4695 1736 4768 τέρας
1768 4714 1841 4751 τι.
1892 4698 2000 4753 Καὶ

428 4775 541 4828 τότ’
569 4777 774 4842 ἐκεῖνος
807 4783 919 4846 τοῖς
959 4784 1111 4838 δυσὶν
1149 4785 1316 4839 αὐτοῦ
1342 4787 1629 4853 δακτύλοις
1672 4789 1857 4843 ἔνευσε
1901 4790 2003 4862 τὴν

433 4866 678 4936 σελήνην.
706 4862 782 4923 Οὗ
803 4875 1093 4940 γεγονότος
1115 4877 1192 4939 είς
1223 4876 1317 4931 δύο
1377 4880 1518 4950 μέρη
1574 4879 1797 4952 διῄρητο
1836 4881 1999 4955 αὕτη.

434 4960 540 5012 Καὶ
565 4960 791 5031 θάτερον
818 4965 918 5036 μέν
948 4966 1056 5020 τῶν
1079 4969 1385 5039 τμημάτων
1437 4971 1630 5026 ἔπεσεν
1650 4972 1744 5026 ἐπὶ
1773 4972 1833 5026 τὸ
1878 4972 2003 5043 ὅρος

431 5053 491 5105 τὺ
529 5051 794 5120 Ἐλικαῒς,
820 5057 882 5111 τὸ
934 5057 1187 5129 κείμενον
1236 5063 1302 5115 ἐκ
1355 5050 1446 5115 τοῦ
1493 5062 1612 5126 ἑνὸς
1664 5064 1862 5141 μέρους
1905 5065 2005 5134 τῆς

435 5147 641 5212 πόλεως
658 5150 870 5216 Μακκέ,
896 5149 956 5203 τδ
975 5151 1031 5205 δέ
1052 5152 1237 5222 ἕτερον
1255 5154 1347 5209 ἐπὶ
1373 5156 1434 5209 τὸ
1454 5154 1542 5209 Ere
1552 5172 1642 5227 ρον
1663 5156 1787 5226 ὅρος
1813 5156 1872 5208 τὸ
1891 5174 1993 5210 κα-

432 5237 692 5307 λούμενον
731 5239 1011 5311 Ἐρυθρὺν,
1031 5242 1091 5296 τὸ
1111 5243 1454 5315 διακείμενον
1477 5246 1534 5299 ἐν
1553 5245 1631 5316 τῷ
1648 5247 1817 5318 ἑτέρῳ
1851 5247 2006 5319 μέρει

432 5330 529 5398 τῆς
559 5330 727 5402 αὐτῆς
754 5333 984 5411 πόλεως.
1016 5333 1172 5390 οὕτω
1213 5337 1393 5390 τοίνυν
1446 5340 1480 5409 ή
1536 5338 1734 5411 σελήνη
1781 5339 2009 5410 διατμη-

436 5420 610 5490 θεϊσα,
634 5409 884 5495 εἰσῆλθέν
907 5428 986 5491 είς
1011 5427 1105 5482 τὸν
1133 5428 1336 5499 χιτῶνα
1384 5420 1479 5485 τοῦ
1536 5409 1857 5503 Μαχούμετ,
1910 5409 2009 5485 καὶ

437 5510 601 5572 αὐτὸς
629 5512 833 5584 ταύτην
856 5510 1022 5569 σώαν
1045 5517 1492 5589 ἀπεκατέστησεν
1535 5519 1713 5585 αὖθις.
1750 5521 1845 5585 Τίς
1879 5521 2010 5591 γοῦν

434 5600 718 5673 ἀντιλογία
745 5608 891 5663 ἐστὶν
918 5608 996 5671 είς
1023 5611 1297 5673 τοιούτους
1328 5611 1530 5682 μύθους
1555 5614 1649 5666 καὶ
1678 5614 2007 5684 πλάσματας

441 5695 636 5765 Ὅμως
671 5700 779 5763 πᾶς
803 5717 888 5764 τις
922 5702 950 5754 6
981 5699 1161 5773 ζητῶν
1196 5703 1296 5774 τήν
1319 5704 1579 5776 ἀλήθειαν
1616 5706 1808 5775 γνώτω
1832 5708 1912 5761 δτι
1942 5708 2010 5762 τὰ

444 5791 694 5860 θαύματα
735 5793 795 5848 οὐ
838 5796 957 5851 κατ’
993 5795 1250 5861 ἐπίδειξιν
1310 5797 1568 5867 γίνονται,
1603 5799 1735 5853 ἀλλὰ
1784 5801 1851 5854 τὰ
1911 5801 2012 5867 μὲν

2102 4610 2226 4653 cum
2274 4598 2460 4652 lunam
2494 4596 2665 4653 coitui
2703 4597 2937 4652 vicinam
2974 4597 3242 4656 viderent.
3287 4596 3525 4651 dixerint
3565 4596 3676 4649 illi:

2103 4687 2345 4744 Ostende
2374 4688 2534 4743 nobis
2566 4687 2875 4760 prodigium
2921 4687 3164 4759 aliquod.
3197 4687 3352 4742 Tunc
3388 4689 3504 4757 ipse
3537 4685 3676 4741 duo—

2102 4782 2207 4838 bus
2240 4782 2428 4854 digitis
2451 4781 2568 4838 suis
2590 4782 2736 4838 luna:
2761 4783 2961 4839 innuit.
2989 4783 3111 4850 Quo
3136 4783 3298 4845 lacte.
3327 4780 3444 4836 hmc
3468 4780 3521 4834 in
3542 4779 3680 4834 duas

2104 4881 2292 4944 partes
2322 4873 2559 4928 dissecta
2590 4881 2696 4939 est,
2730 4881 2787 4928 et
2820 4875 3053 4939 alterum
3093 4872 3317 4945 quidem
3359 4871 3594 4925 frustum
3625 4871 3678 4924 in
3714 4856 3721 4861 ’

2106 4973 2347 5020 montem
2376 4963 2621 5020 Helicain
2651 4964 2765 5037 (qui
2794 4966 2865 5020 ab
2897 4980 3008 5021 uno
3038 4966 3210 5021 latere
3235 4964 3445 5019 civitati
3478 4960 3682 5018 Mekka:

2106 5054 2340 5128 adiacet)
2381 5054 2621 5122 decidit;
2677 5057 2911 5113 alterum
2946 5071 3077 5112 vero
3127 5058 3182 5111 in
3232 5056 3401 5113 alium
3437 5065 3676 5110 montem

2106 5146 2378 5222 Erythron
2395 5150 2634 5214 nomine,
2660 5152 2753 5222 qui
2783 5149 2852 5206 ab
2875 5152 3047 5207 altero
3070 5151 3243 5207 latere
3269 5151 3514 5223 ejusdem
3546 5149 3688 5206 civi-

2110 5243 2239 5298 tatis
2275 5242 2415 5298 situs
2460 5252 2560 5298 est.
2596 5242 2665 5299 Et
2694 5244 2824 5300 luna
2859 5245 2938 5299 sic
2980 5243 3215 5299 dissecta
3271 5243 3327 5298 in
3360 5240 3687 5296 Mahometis

2111 5335 2351 5390 tunicam
2381 5336 2609 5392 collecta
2639 5344 2744 5403 est,
2783 5326 2888 5408 ἠιιί
2917 5336 3167 5392 eamdem
3205 5336 3472 5407 integram
3523 5333 3691 5389 resti-

2110 5427 2237 5482 tuit.
2292 5427 2411 5497 Qua
2461 5438 2643 5483 autem
2684 5430 3063 5485 confutatione
3106 5429 3184 5483 in.
3216 5424 3533 5499 huiusmodi
3593 5424 3691 5494 lig-

2112 5529 2296 5576 menta
2330 5529 2387 5576 et
2409 5519 2622 5576 fabulas
2656 5536 2794 5591 opus
2841 5522 2964 5578 est?
3011 5521 3401 5577 Verumtamen
3433 5517 3684 5589 quisquis

2108 5610 2397 5667 Studiosus
2421 5611 2608 5679 fuerit,
2638 5611 2903 5684 intelligat
2937 5614 3197 5667 miracula
3229 5627 3338 5666 non
3370 5612 3423 5666 in
3451 5607 3686 5677 alicujus

2113 5706 2195 5762 rei
2226 5700 2507 5778 specimen
2550 5707 2666 5763 fieri
2698 5709 2913 5764 solere:
2944 5707 3038 5763 sed
3069 5707 3172 5764 alia
3206 5705 3427 5776 quidem
3464 5709 3689 5774 [repter

2116 5798 2349 5868 aliquant
2398 5799 2691 5854 utilitatem
2745 5800 2938 5854 anima:
2981 5798 3138 5862 fiunt,
3177 5808 3235 5852 ut
3279 5798 3344 5851 dc
3385 5795 3605 5851 Christo
3635 5803 3691 5847 et

3553 358 3658 420 630
3754 360 3776 382 ι·
3860 318 3870 329 ’
