4058 6438
360 320 461 383 633

1338 327 1634 391 CONTRA
1678 328 2164 393 MAlIOTdETEM
2211 334 2496 425 ORA'Fli)
2544 336 2621 398 ll.

2438 247 2452 275 ι

3502 336 3609 399 634

356 440 448 494 Ib"
502 441 758 512 Χριστδν.
787 442 846 496 ὃν
891 444 961 507 ὡς
1002 445 1132 500 Θεὸν
1190 451 1569 519 προσκυνεῖτε,
1609 449 1692 502 ὅτι
1725 446 1924 518 ηὔχετο

2028 462 2123 500 vos
2160 449 2260 517 ipsi
2318 451 2399 504 vel
2442 452 2691 506 nolentes
2748 449 2823 504 rei
2855 465 2975 505 esse
3002 448 3502 519 deprehendimini.
3547 450 3603 504 Si

361 531 499 603 ὅπερ
530 532 634 587 τῶν
670 534 1048 604 παυροῦντων
1086 538 1249 593 αὐτόν
1269 530 1393 605 ςἚν
1412 534 1456 609 ᾧ
1482 539 1591 611 γὰρ
1620 539 1925 610 ἐγκλήματι

358 623 506 696 ἡμᾶς
549 627 850 696 ἐγκαλεῖτε,
902 630 960 682 ὲν
1005 629 1155 701 αὑτῷ
1203 633 1300 687 καὶ
1346 632 1421 703 μὴ
1471 632 1785 703 βουλόμενοι
1834 632 1927 684 εὖ·

363 719 617 787 ρίσκεσθε
661 718 755 773 καὶ
801 720 959 789 ὑμεῖς
999 722 1370 791 ἁλισκόμενοι.
1406 724 1472 778 El
1515 724 1615 793 μὲν
1654 721 1764 795 γὰρ
1793 721 1928 786 Θεός

359 809 506 861 ἐστιν
529 810 556 863 6
585 809 842 879 Χριστὸς,
874 811 950 876 ὥς
974 813 1133 884 ὑμεῖς
1161 816 1369 884 λέγετε,
1403 816 1520 872 πῶς
1542 817 1603 869 οὐ
1634 818 1757 869 κατ’
1782 815 1929 880 ἐξου-

360 902 483 956 σίαν
512 902 703 973 ἀφίησι
739 903 810 958 τὰ
836 905 944 960 τῶν
979 908 1359 975 σταυροῦντων
1392 909 1750 979 ὲγκλήματα;
1788 907 1849 960 Εἰ
1879 904 1926 960 δ’

359 997 457 1049 οὒκ
488 994 605 1050 ἐστι
637 996 791 1059 Θεὸς,
831 996 949 1060 πῶς
985 999 1060 1061 ὡς
1087 998 1219 1052 Θεὸν
1249 1000 1827 1070 προσκυνεῖτεάὐτόν’;
1865 999 1927 1054 Εἰ

359 1083 414 1137 δὲ
447 1083 579 1146 Θεὸς
613 1084 715 1154 μέν
745 1085 894 1139 ἐστιν
922 1078 1100 1150 οὗτος,
1137 1085 1452 1157 εὑρίσκεται
1481 1088 1537 1141 δὲ
1570 1088 1926 1157 παρακαλῶν,

358 1174 431 1236 ὡς
453 1175 618 1239 ἔοικε,
652 1176 742 1229 καὶ
764 1176 926 1242 αὐτὸς
954 1177 1145 1247 ἑτέρου
1183 1177 1317 1231 Θεοῦ
1345 1179 1526 1232 δέεται
1561 1178 1808 1248 μείζονος
1826 1179 1894 1232 αὖ
1914 1208 1928 1217 -

360 1269 476 1322 τοῦ.
525 1267 653 1322 Ἰδοὺ
683 1267 815 1337 γοῦν
849 1269 944 1323 καὶ
975 1269 1117 1324 κατὰ
1153 1270 1211 1323 σε
1255 1270 1457 1337 μείζων
1490 1271 1619 1331 Θεὸς
1655 1273 1751 1325 καὶ
1771 1271 1930 1325 ἐλάτ-

360 1376 487 1413 των.
539 1358 913 1412 Ἀκουὲτωσαν
960 1360 1140 1413 τοίνυν
1180 1362 1418 1425 συνετῶς
1459 1363 1510 1415 οί
1560 1363 1656 1433 τὴν
1696 1364 1927 1416 ἀτοπίαν

359 1448 559 1515 ταίτην
592 1449 671 1512 είς
703 1451 864 1519 μέσον
888 1448 1165 1519 φέροντες.
1193 1450 1319 1513 Τοῖς
1338 1450 1658 1515 ἀποστόλοις
1681 1452 1928 1519 ὁΚύριος

359 1543 418 1594 ὲν
448 1541 527 1611 τῷ
561 1541 878 1611 Εὐαγγελίῳ
910 1541 1082 1606 οὕτως
1130 1543 1446 1612 εὑρίσκεται
1493 1543 1692 1613 λέγων,
1730 1563 1750 1596 ι
1801 1544 1928 1598 Ἐπὶ

2028 538 2177 593 enim
2227 540 2504 602 Christus.
2528 541 2682 609 juxta
2706 550 2946 594 vestram
2967 540 3319 601 sententiam.
3338 539 3483 593 Dcus
3500 550 3605 605 est,

2027 645 2195 700 quare
2239 647 2347 684 non
2381 632 2554 687 libere
2582 641 2638 687 et
2667 632 2890 700 pmprio
2932 631 3057 701 jure
3084 629 3517 699 crucifigentium
3548 643 3610 683 se

2028 723 2291 778 delictare
2312 724 2500 778 misit?
2524 722 2680 789 Quod
2709 725 2752 777 si
2785 723 2930 776 Dens
2951 737 3060 777 non
3084 729 3191 783 est,
3207 736 3307 776 cur
3330 721 3480 774 illum
3505 734 3605 775 ceu

2028 809 2199 864 Deum
2222 807 2499 861 adoratis?
2522 808 2577 861 Si
2604 815 2786 863 autem
2811 807 2903 861 ille
2940 806 3084 860 Deus
3102 817 3204 869 est,
3235 815 3293 858 et
3325 804 3608 859 nihilomi-

2030 914 2152 965 nus,
2180 907 2239 954 ιιι
2268 898 2453 953 videre
2478 897 2626 959 licet,
2650 913 2810 951 orare
2846 896 3306 965 deprehenditur,
3327 894 3434 949 alio
3457 903 3606 949 certe

2029 991 2144 1046 Deo
2189 1004 2249 1045 se
2284 989 2491 1059 majore
2542 988 2706 1042 habet
2740 1003 2897 1054 Opus.
2945 987 3024 1041 Eu
3080 986 3248 1055 igitur
3272 987 3425 1057 juxta
3458 995 3605 1039 tuam

2029 1095 2254 1153 quoque
2298 1079 2616 1148 opinionem
2671 1077 2812 1131 Deus
2842 1080 3015 1148 major
3061 1086 3117 1131 et
3149 1076 3328 1130 minor
3356 1085 3458 1130 est.
3490 1075 3607 1145 Au-

2030 1172 2179 1225 diant
2211 1185 2342 1224 vero
2375 1184 2524 1224 nunc
2571 1156 2898 1237 diligenter,
2951 1167 3047 1236 qui
3080 1168 3218 1221 hanc
3247 1165 3606 1234 quaestionem

2032 1271 2274 1317 movent.
2315 1259 2577 1314 Dominus
2631 1259 2685 1313 in
2730 1256 3022 1326 Evangelio
3057 1254 3337 1325 apostolis
3366 1254 3450 1308 sic
3494 1254 3605 1306 ait:

2038 1372 2055 1405 ι
2086 1353 2144 1407 1n
2180 1351 2437 1407 cathedra
2475 1350 2643 1405 Mosis
2678 1349 2940 1404 sederunt
2978 1347 3184 1404 Scribat
3216 1357 3271 1403 et
3299 1346 3603 1407 Pharisaei;

2030 1445 2212 1499 omnia
2241 1445 2408 1514 igitur
2437 1459 2558 1513 qua:
2588 1458 2682 1495 vos
2705 1441 2969 1513 jusserint
3000 1454 3237 1504 servare,
3283 1447 3516 1501 servate,
3549 1446 3605 1491 et

2029 1537 2193 1593 facite
2220 1538 2347 1599 illa;
2400 1534 2704 1591 secundum
2753 1549 2919 1603 Opera
2950 1542 3132 1586 autem
3175 1531 3392 1585 illorum
3430 1544 3496 1583 ne
3529 1528 3608 1582 fe-

358 1632 453 1700 τῆς
488 1632 728 1693 Μωσέως
767 1632 1036 1703 καθέδρας
1069 1632 1328 1687 ἐκάθισαν
1355 1636 1404 1687 οἱ
1437 1635 1794 1705 Γραμματείς
1833 1635 1926 1688 καὶ

2027 1628 2258 1695 ceritis;
2312 1627 2507 1682 dicunt
2549 1626 2719 1693 enim,
2772 1632 2825 1678 et
2859 1640 2968 1677 non
3018 1622 3297 1678 faciunt".
3329 1620 3602 1687 Quidnam

354 1724 405 1775 υἱ
434 1724 945 1794 ΦαρισαῖοικΠάντα
971 1722 1064 1791 οὖν
1085 1728 1184 1780 ὅσα
1216 1726 1345 1796 ὑμῖν
1377 1726 1571 1781 εἴπωσι
1600 1730 1806 1798 τηρεῖν,
1834 1744 1926 1796 τη-

2027 1722 2148 1775 hmo
2176 1721 2341 1774 verba
2372 1718 2651 1773 innuunt?
2683 1716 2795 1770 Non
2829 1714 2976 1771 aliud
3019 1730 3181 1784 quam
3217 1713 3364 1784 quod
3397 1711 3604 1767 Scribat

360 1815 502 1882 ρεῖτε
541 1814 636 1868 καὶ
675 1818 901 1877 ποιεῖτε,
931 1814 1074 1870 κατά
1110 1816 1167 1870 δὲ
1207 1817 1276 1870 τὰ
1313 1817 1448 1888 ἔργα
1481 1818 1658 1873 αὐτῶν
1702 1818 1776 1890 μὴ
1806 1836 1922 1874 ποι-

356 1911 489 1962 εῖτε’
510 1909 731 1974 λέγουσι
760 1908 895 1980 γὰρ,
925 1912 1019 1964 καὶ
1040 1910 1101 1965 οὐ
1136 1910 1499 1982 ποιοῦσι.›[ἰ“ί
1516 1912 1802 1984 δηλοῦντος
1831 1912 1929 1967 τοῦ

358 2001 559 2069 λόγους
593 2001 758 2055 Οὐδὲν
783 2001 975 2073 ἕτερον
1005 2001 1038 2073 ἢ
1070 2004 1152 2057 ὅτι
1191 2002 1420 2072 ὀνόματι
1459 2004 1560 2073 μὲν
1592 2005 1739 2074 μόνῳ
1774 2003 1927 2076 εὕρεο

362 2083 578 2146 σκονται
620 2094 927 2149 διδάσκαλοι
953 2095 1010 2150 οῖ
1048 2114 1105 2149 τε
1132 2096 1416 2167 Φαρισαῖοι
1449 2097 1544 2150 καὶ
1578 2096 1626 2151 οἱ
1654 2097 1929 2168 Γραμμα-

356 2189 489 2250 τεῖς,
526 2186 669 2258 ἔργῳ
697 2187 752 2239 δὲ
783 2187 1030 2255 οὐδαμῶς
1052 2203 1067 2217 ο
1095 2189 1124 2242 6
1150 2187 1458 2258 δὲΧριστὸς
1484 2187 1628 2258 ἔργῳ
1676 2188 1772 2253 τὰς
1801 2190 1929 2258 ἁρε-

359 2276 457 2336 sit;
482 2273 746 2327 ἐδίδασκε.
782 2275 891 2326 Καὶ
920 2275 1051 2326 ποτὲ
1070 2273 1188 2343 μὲν
1219 2274 1468 2344 φαίνεται
1494 2275 1709 2346 πρῶτον
1733 2275 1924 2340 ποιῶν,

364 2364 478 2418 εἶτα
501 2365 788 2428 διδάσκων,
808 2365 936 2419 ποτὲ
955 2366 1010 2419 δὲ
1040 2365 1320 2435 πράττων,
1351 2367 1444 2419 xai.
1470 2367 1658 2421 ἀσκῶν
1688 2368 1924 2436 σιωπὴν,
1954 2374 1959 2383 ’

369 2456 495 2524 ὅπερ
516 2458 608 2509 καὶ
636 2456 765 2510 αὐτὸ
794 2456 857 2526 δὴ
878 2456 938 2511 τὸ
967 2459 1179 2528 σιωπᾷν
1202 2458 1363 2529 ἑτέρα
1391 2474 1475 2521 τις
1495 2457 1813 2513 διδασκαλία
1833 2453 1922 2529 ἦν.

368 2548 467 2637 Καὶ
501 2548 629 2600 ποτὲ
679 2548 780 2618 μὲν
816 2548 1001 2616 ελεγον
1034 2550 1117 2603 ὅτι
1152 2567 1173 2601 ‹
1205 2548 1586 2637 Λαμψάτωίτδ
1626 2550 1741 2618 φῶς
1771 2550 1926 2618 ὑμῶν

358 2635 663 2706 ἔμπροσθεν
700 2637 809 2690 τῶν
838 2637 1165 2707 ἀνθρώπων,
1201 2636 1288 2692 ἵνα
1320 2635 1472 2692 ἴδωσι
1499 2635 1567 2692 τά
1597 2638 1738 2691 καλὰ
1769 2636 1927 2706 ὑμῶν

250 2756 253 2759 -
353 2728 510 2796 ἔργα,
540 2729 632 2782 καὶ
657 2728 918 2793 δοξάσωσι
951 2731 1042 2782 τὸν
1063 2730 1281 2800 Πατέρα
1310 2730 1463 2800 ὑμῶν
1486 2730 1578 2784 τὸν
1610 2731 1666 2783 ἐν
1697 2730 1808 2792 τοῖς
1839 2731 1928 2784 οὐ·

356 2820 571 2886 ρανοῖς·
612 2835 631 2869 ι
667 2818 796 2873 ποτὲ
829 2817 909 2881 δὲ,
936 2820 1019 2871 ὅτι
1056 2837 1074 2868 ι
1114 2817 1209 2888 Μὴ
1237 2817 1431 2887 γνώτω
1465 2819 1498 2888 ἡ
1533 2821 1797 2889 ἀριστερά
1821 2823 1925 2891 τῆς

354 2910 533 2977 δεξιᾶς
565 2910 623 2963 τὸ
653 2908 832 2980 ἔργον.
878 2928 895 2958 ι
935 2907 1090 2961 Μετὰ
1118 2909 1228 2976 γὰρ
1261 2908 1321 2960 τὸ
1372 2907 1581 2972 διδάξαι
1629 2911 1721 2971 κάὶ
1752 2909 1926 2963 εἰπεῖν

2029 1824 2086 1870 et
2128 1814 2381 1869 Pharisaei
2418 1812 2536 1867 solo
2565 1811 2790 1865 nomine
2819 1809 3072 1863 doctores
3095 1807 3223 1870 sint,
3263 1806 3441 1875 reipsa
3473 1819 3603 1859 vero

2028 1919 2397 1976 nequaquam.
2440 1902 2699 1959 Christus
2729 1909 2912 1956 autem
2947 1898 3213 1969 operibus
3239 1911 3464 1973 quoque.
3488 1896 3602 1953 sir-

2032 2005 2173 2051 tutcs
2207 1995 2431 2061 docuit;
2471 2002 2526 2047 ct
2558 2006 2951 2061 nonnunquam
2990 1989 3243 2045 Christus
3289 1988 3467 2043 facere
3504 1985 3605 2041 ali—

2025 2087 2161 2159 quid
2198 2088 2374 2157 prius.
2421 2084 2622 2142 deinde
2671 2084 2872 2139 docere
2914 2082 3296 2152 conspicitur,
3346 2074 3607 2135 nonnun-
3706 2144 3709 2147 ν

2027 2196 2192 2249 quam
2229 2195 2359 2234 vero
2387 2177 2589 2244 facere,
2623 2191 2681 2233 et
2709 2163 2913 2233 silere:
2957 2176 3094 2230 adeo
3127 2182 3269 2249 utet
3318 2173 3498 2242 ipsum
3527 2169 3603 2225 si-

2029 2271 2255 2327 lentium
2303 2271 2535 2325 alterius
2562 2269 2831 2325 doctrinae
2876 2268 3061 2323 locum
3092 2265 3363 2336 suppleat.
3400 2263 3463 2317 Et
3498 2262 3602 2316 ali-

2026 2364 2245 2427 qur-udo
2272 2362 2496 2432 quidem
2519 2361 2774 2416 dicebat:
2815 2379 2833 2413 ι
2862 2359 3068 2414 Lueeat
3092 2357 3186 2412 lux
3210 2365 3390 2412 vestra
3415 2369 3601 2410 coram

1981 2496 1989 2503 .
2029 2454 2372 2535 hominibus,
2399 2461 2461 2507 ut
2490 2451 2713 2506 videant
2742 2466 2911 2521 opera
2945 2457 3128 2505 vestra
3158 2448 3322 2512 bona,
3354 2454 3410 2501 et
3435 2445 3603 2516 glori-

2027 2545 2194 2602 ficent
2241 2547 2461 2602 Patrem
2512 2554 2757 2600 vestrum
2802 2541 2896 2614 qui
2944 2540 3001 2595 in
3051 2539 3206 2595 cmlis
3237 2538 3388 2594 est".
3421 2556 3441 2590 ι
3485 2535 3604 2590 Ali-

2028 2638 2250 2709 quando
2295 2652 2426 2691 vero
2452 2650 2681 2691 rursus:
2712 2653 2730 2686 ι
2760 2633 2880 2689 Νοη
2900 2632 3039 2688 sciat
3071 2632 3293 2686 sinistra
3330 2640 3443 2695 tua,
3471 2626 3602 2698 quid

2028 2732 2195 2787 faciat
2247 2728 2473 2785 dextera
2505 2725 2673 2782 tua".
2707 2744 2726 2778 ι
2765 2726 2913 2780 Inter
2947 2723 3255 2778 docendum
3282 2722 3450 2786 enim,
3478 2735 3604 2774 cum

2028 2823 2184 2888 dicit,
2238 2841 2256 2873 ί
2289 2821 2345 2875 Si
2383 2820 2508 2890 quis
2563 2827 2615 2874 te
2646 2817 2894 2888 adegerit
2920 2815 2987 2869 ad
3023 2815 3257 2869 milliare
3289 2828 3481 2874 unum,
3513 2810 3604 2864 abi

2029 2931 2155 2971 cum
2190 2927 2257 2969 eo
2290 2913 2438 2979 duo;
2471 2920 2528 2967 et
2565 2910 2768 2966 volenti
2804 2908 3043 2964 tunicam
3075 2915 3222 2960 tuam
3250 2903 3494 2967 auferre,
3522 2901 3607 2955 di-

355 3004 437 3054 ὃτι
474 3022 493 3053 ι
538 3002 661 3054 Ἐάν
689 3000 774 3064 τίς
820 3017 878 3053 σε
918 2998 1238 3070 ἀγγαρεύσῃ
1274 2999 1448 3065 μίλιον
1477 2997 1556 3061 ἓν,
1586 2997 1762 3067 ὕπαγε
1805 2998 1921 3067 μετ’

2031 3009 2186 3062 mitte
2207 3006 2374 3061 etiam
2400 3002 2663 3074 pallium;
2687 3012 2742 3056 et
2776 2999 3105 3072 percutienti
3135 3006 3187 3052 te
3223 2996 3274 3050 in
3303 2994 3601 3055 maxillam.

354 3092 519 3146 αὐτοῦ
552 3092 644 3145 δύο
670 3108 684 3122 ⁸
718 3092 812 3144 καὶ
848 3089 923 3159 τῷ
971 3089 1279 3161 βουλομένῳ
1310 3086 1440 3161 ἆραι
1465 3107 1558 3142 σου
1590 3089 1921 3161 τὸνχιτῶνα,

354 3185 487 3253 ἄφες
522 3183 668 3248 αὐτῷ
697 3186 789 3235 καὶ
822 3183 883 3235 τὸ
916 3182 1152 3250 ἱμάτιον,
1180 3184 1273 3235 καὶ
1302 3182 1380 3251 τῷ
1414 3181 1710 3250 ῥαπίσαντί
1741 3198 1798 3234 σε
1833 3181 1925 3234 ἐπὶ

356 3276 450 3342 τὴν
490 3276 711 3340 σιαγόνι
734 3317 748 3337 ,
792 3274 1020 3343 στρέᾁον
1051 3274 1197 3342 αὐτῷ
1240 3275 1335 3328 καὶ
1381 3274 1480 3341 τὴν
1512 3274 1726 3344 ἑτέραν.
1757 3293 1777 3325 ι
1814 3274 1925 3327 Kal.

352 3366 521 3420 τᾶλλα
555 3370 753 3429 πάντα,
786 3365 928 3435 άπερ
959 3365 1045 3417 διὰ
1073 3365 1132 3416 τὸ
1157 3365 1362 3435 πλῆθος
1393 3365 1651 3435 παρίημι.
1683 3365 1816 3420 Τότε
1845 3360 1924 3417 εἷ-

356 3473 455 3508 πεν
502 3456 680 3517 αὐτοῖς
712 3455 792 3508 ὅτι
828 3473 846 3506 ι
895 3455 1018 3506 Ἐὰν
1050 3455 1299 3520 ἀγαπᾶτε
1330 3454 1460 3519 τοὺς
1505 3456 1693 3522 φίλους
1740 3454 1923 3524 ὑμῶν,

356 3546 483 3601 ποία
513 3549 640 3616 ὑμῖν
668 3546 824 3617 χάρις
845 3545 960 3598 ὲστί
986 3561 1004 3612 ;
1031 3546 1123 3599 καὶ
1154 3546 1248 3599 ἐὰν
1274 3545 1561 3615 δανείζητε
1583 3547 1713 3613 παρ’
1741 3539 1816 3599 ὧν
1841 3546 1927 3599 ἐλ-

355 3638 536 3700 πίζετε
570 3636 883 3700 άπολιϐεῖν,
920 3637 1048 3689 ποία
1073 3637 1202 3706 ὑμῖν
1231 3638 1393 3706 χάρις
1424 3637 1601 3704 tactv;
1642 3636 1805 3692 Ἀλλά
1834 3637 1926 3690 δα-

357 3730 559 3792 νείζετε
588 3727 717 3799 παρ’
740 3722 814 3782 ὧν
840 3728 913 3799 μὴ
935 3728 1181 3792 ἐλπίζετε
1213 3728 1528 3795 ἀπολαϐεῖν,
1553 3729 1646 3783 καὶ
1672 3729 1926 3796 ἀγαπᾶτε

354 3824 480 3885 τοὺς
523 3823 751 3892 ἐχθροὺς
785 3822 958 3897 ὐμῷν,
990 3823 1084 3876 καὶ
1117 3821 1345 3893 εὔχεσθε
1379 3823 1520 3894 ὑπὲρ
1551 3821 1661 3876 τῶν
1689 3823 1928 3893 ἐπηρεα-

358 3914 555 3978 ζόντων
588 3913 752 3982 ὑμᾶς.
789 3932 807 3965 ι
827 3914 978 3967 Ἐπεὶ
1013 3914 1144 3981 γοῦν
1168 3913 1235 3968 τά
1267 3913 1365 3983 μὲν
1394 3914 1532 3968 ἄλλα
1554 3913 1733 3968 πάντα
1757 3914 1931 3986 πράτ-

352 4024 461 4059 των
479 4005 744 4069 ἐδίδασκε,
761 4008 853 4059 καὶ
869 4007 925 4060 αἱ
944 4007 1171 4073 πράξεις
1192 4007 1491 4077 ἐκήρυττον
1510 4006 1612 4076 τὴν
1632 4005 1891 4078 ἀλήθειαν
1909 4021 1924 4039 ο

354 4097 415 4147 τὸ
440 4097 484 4148 δ’
522 4098 740 4167 ἀγαπᾷν
773 4098 899 4160 τοὺς
918 4096 1160 4166 ἐχθροὺς
1187 4095 1330 4165 λόγῳ
1361 4097 1459 4168 μὲν
1485 4097 1781 4161 ἐδίδασκεν,
1809 4099 1841 4168 ἠ
1871 4098 1928 4152 δὲ

357 4188 553 4256 πρᾶξις
578 4188 865 4266 εὑρίσκετο
893 4187 975 4241 ἔτι
1009 4191 1067 4241 ἐν
1095 4187 1171 4256 τῷ
1203 4190 1450 4259 κρυπτῷ.
1481 4192 1577 4244 καὶ
1609 4192 1928 4259 καταφανὴς

353 4281 453 4333 οὐκ
478 4281 712 4346 ἐγένετο.
756 4281 845 4333 Ἑν
869 4280 948 4350 τῷ
979 4280 1155 4351 καιρῷ
1179 4281 1274 4333 τοῦ
1330 4282 1534 4344 πάθους
1562 4282 1763 4352 ηὔχετο
1789 4282 1928 4352 ὑπὲρ

2027 3104 2254 3155 obverte
2286 3107 2343 3173 et
2380 3093 2658 3151 alteram”
2689 3110 2708 3143 ι
2746 3092 2984 3160 (aliaque
3013 3086 3217 3149 omnia,
3256 3100 3376 3153 qum
3396 3083 3604 3138 Verbo-

2025 3190 2206 3246 sitatis
2234 3202 2401 3245 causa
2430 3182 2783 3253 omittimus),
2817 3190 2947 3236 tunc
2973 3179 3105 3234 dixit
3138 3178 3282 3232 illis:
3321 3196 3340 3230 ι
3368 3174 3522 3243 Quod
3555 3174 3603 3231 si

2027 3281 2334 3338 dilexeritis
2360 3277 2570 3333 amicos
2600 3283 2837 3337 vestros,
2886 3271 3033 3341 quod
3062 3279 3307 3325 vestrum
3342 3275 3426 3322 cst
3460 3281 3604 3336 pra:-

2027 3371 2244 3429 minm?
2278 3371 2343 3426 Et
2393 3369 2439 3425 si
2469 3377 2719 3422 mutuum
2755 3362 3018 3420 dederitis
3066 3361 3155 3416 his
3200 3376 3231 3415 a
3275 3358 3476 3431 quibus
3507 3371 3605 3410 vos

2027 3472 2344 3534 recepturos
2364 3475 2486 3515 esse
2512 3458 2768 3530 speratis.
2792 3455 3069 3526 quodnam
3098 3465 3343 3508 vesnum
3367 3458 3450 3505 est
3469 3462 3606 3518 pra:—

2029 3555 2238 3612 mium?
2293 3554 2436 3621 Quin
2478 3554 2669 3623 potius
2717 3558 2969 3606 mutuum
3002 3547 3129 3601 date
3160 3543 3291 3609 illis,
3341 3558 3371 3596 a
3402 3539 3606 3611 quibus

2029 3664 2126 3702 vos
2177 3662 2286 3701 non
2338 3652 2658 3714 recepturos
2703 3641 2975 3714 speratis:
3005 3648 3061 3693 et
3094 3636 3302 3708 diligite
3348 3632 3607 3689 inimicos

2027 3749 2266 3800 vestros,
2312 3746 2369 3792 et
2412 3744 2565 3791 orate
2599 3751 2703 3806 pro
2744 3730 3159 3789 exsecrantibus
3206 3728 3378 3782 vos”.
3409 3744 3428 3778 ι
3466 3715 3631 3779 Cum.

2030 3832 2197 3900 igitur
2225 3830 2439 3900 reliqua
2496 3828 2680 3882 omnia
2709 3826 2870 3881 etiam
2901 3823 3063 3878 factis
3086 3820 3383 3884 docuisset,
3408 3826 3462 3871 et
3488 3816 3604 3884 ipsa

2030 3923 2174 3979 facta
2199 3937 2387 3976 verum
2417 3919 2840 3984 annuntiarent;
2870 3929 3111 3971 amorem
3144 3920 3327 3967 autem
3357 3908 3606 3964 hostibus

2029 4000 2403 4072 exhibendum
2459 4011 2649 4068 verbis
2688 4008 3071 4065 tantummodo
3126 4004 3412 4069 docuerat,
3462 4000 3603 4055 facta

2031 4088 2213 4164 autem
2243 4107 2425 4164 adhuc
2458 4107 2718 4170 laterent,
2751 4118 2855 4157 nec
2890 4100 3181 4156 manifesta
3208 4103 3429 4162 essent;
3469 4102 3606 4157 tem?

2031 4216 2164 4270 pore
2192 4197 2463 4269 passionis
2485 4195 2659 4249 oravit
2689 4209 2787 4265 pro
2817 4189 3267 4262 crucifigentibus
3296 4203 3377 4253 se,
3408 4196 3463 4242 et
3482 4201 3606 4256 quin

2037 4293 2091 4344 in
2131 4290 2225 4345 illo
2256 4288 2465 4344 latebat
2493 4302 2620 4357 erga
2671 4285 2925 4340 inimicos
2952 4283 3214 4347 Charitas,
3246 4281 3299 4336 in
3327 4281 3504 4336 lucem
3545 4296 3607 4334 sc

352 4371 463 4422 τῶν
491 4360 928 4438 σταυρωσάντων
945 4371 1130 4435 αὐτὸν,
1159 4374 1252 4424 καὶ
1283 4372 1316 4442 ἡ
1344 4373 1423 4434 είς
1443 4372 1570 4434 τοὺς
1595 4373 1823 4443 ἐχθροὺς
1845 4374 1926 4426 ἔν-

2034 4382 2283 4452 protulit.
2333 4379 2479 4448 Quin
2509 4391 2565 4434 et
2594 4378 2791 4433 b‘eatus
2828 4376 2924 4432 ille
2955 4375 3131 4431 Lucas
3159 4375 3270 4443 regi
3296 4371 3606 4440 Theophila

352 4463 444 4516 δον
474 4464 663 4533 ἀγάπη
689 4463 787 4532 ἤδη
820 4465 900 4525 είς
926 4461 1041 4532 φῶς
1062 4462 1427 4533 παρελήλυθε.
1454 4464 1563 4517 Καὶ
1581 4465 1609 4516 6
1630 4465 1728 4530 μὲν
1748 4464 1927 4534 μακά-

358 4571 468 4621 ριος
497 4537 708 4618 Λουκᾶς
735 4553 931 4607 οὑτωσί
962 4570 1095 4622 φησι
1119 4553 1195 4624 τῷ
1225 4552 1435 4623 βασιλεῖ
1465 4555 1731 4625 Θεοφίλῳ,
1766 4575 1785 4607 ι
1822 4555 1926 4608 Τὸν

353 4651 453 4716 μὲν
482 4647 694 4717 πρῶτον
723 4647 879 4714 λόγον
910 4646 1279 4717 ἐποιησάμην,
1316 4647 1565 4700 τουτέστι
1591 4647 1653 4701 τὸ
1685 4647 1929 4717 Εὐαγγὲ-

349 4743 484 4805 λιον,
514 4740 639 4807 περ)⁵
664 4739 882 4791 πάντων
903 4732 977 4792 ὧν
1009 4736 1213 4808 ἤρξατο
1236 4740 1264 4791 6
1308 4738 1517 4806 Ἰησοῦς
1547 4742 1723 4792 ποιεῖν
1745 4757 1805 4793 τε
1831 4741 1926 4794 καὶ

349 4830 641 4890 διδάσκειν,
671 4845 691 4880 ›
719 4831 933 4892 πάντως
963 4830 1115 4882 οὐδὲν
1128 4829 1382 4901 Ξτερον,ἦ
1404 4830 1679 4885 ἐκϐάλλων
1703 4831 1794 4884 τὸν
1813 4831 1924 4885 Κύ-

358 4940 471 4992 ριον
506 4923 568 4974 ἐκ
603 4921 702 4988 τῆς
748 4922 1066 4991 ὁμοιότητος
1107 4922 1216 4974 τῶν
1266 4921 1513 4990 ματαίων
1560 4923 1918 4992 διδασκάλων,

349 5016 459 5066 τῶν
500 5028 557 5064 τε
588 5012 901 5081 Φαρισαίων
941 5015 1035 5065 καὶ
1070 5013 1472 5084 Γραμματὲων,
1504 5017 1601 5069 καὶ
1651 5017 1916 5072 δεικνύων

351 5105 514 5159 αὑτὸν
560 5103 730 5168 ὅντως
763 5104 934 5173 άληθῆ
969 5104 1307 5167 διδάσκαλον,
1341 5108 1569 5173 λέγοντα
1616 5109 1709 5160 καὶ
1751 5110 1922 5176 πράτ-

348 5210 511 5247 τοντα
535 5233 551 5259 ,
586 5194 680 5246 καὶ
714 5194 1021 5263 πράττοντα
1051 5196 1144 5246 καὶ
1192 5194 1532 5250 διδάσκοντα.
1573 5194 1781 5262 Ηῦξατο
1822 5191 1925 5267 μὲν

351 5277 444 5335 οὖν
476 5282 504 5333 6
544 5281 776 5351 Χριστὸς
818 5282 956 5351 ὑπὲρ
987 5280 1095 5333 τῶν
1126 5284 1556 5352 σταυρωσάντων
1585 5285 1769 5344 αὐτὸν,
1804 5285 1919 5338 ἀλλ’

349 5372 424 5436 ὡς
447 5371 750 5442 ἅνθρωπος.
770 5374 889 5456 ⁸Οὐχ
914 5373 987 5435 ὡς
1017 5373 1149 5437 Θεὸς
1180 5373 1288 5443 γὰρ
1316 5375 1443 5428 ἄνευ
1475 5373 1724 5442 σώματος
1747 5373 1920 5445 ἦνὲπὶ

350 5465 446 5533 τῆς
477 5468 603 5534 γῆς,
630 5465 739 5518 οὐδ’
768 5465 1058 5537 ἄνθρωπος
1104 5465 1278 5534 ψιλὸς,
1314 5466 1388 5528 ὡς
1417 5468 1444 5519 6
1491 5468 1788 5536 Νεστόριος
1823 5468 1919 5523 καὶ

352 5555 515 5621 ὑμεῖς
543 5557 750 5624 λέγετε,
784 5558 919 5612 ἀλλὰ
941 5557 1073 5620 Θεός
1096 5574 1155 5610 τε
1189 5559 1279 5612 καὶ
1316 5557 1622 5629 ἄνθρωπος.
1653 5561 1759 5612 Καὶ
1788 5562 1920 5617 ποτὲ

421 5672 469 5707 ’⁸
504 5673 697 5728 Matth.
765 5691 927 5742 xxztt,
969 5675 1033 5740 2,
1074 5677 1125 5732 5.
1231 5677 1274 5709 ⁸⁷
1324 5677 1514 5733 Matth.
1554 5694 1607 5743 γ,
1651 5680 1734 5735 16.

353 5740 558 5798 "At.
606 5762 652 5807 ι,
704 5746 747 5799 1.

1841 5682 1886 5717 ⁸⁸
1924 5682 2112 5741 Matth.
2157 5702 2232 5755 vr,
2272 5689 2327 5744 5.

2027 4474 2107 4528 sic
2165 4472 2298 4527 dicit
2346 4488 2417 4527 ει
2451 4469 2750 4540 Superiore
2802 4468 3025 4539 quidem
3064 4466 3366 4528 volumine,
3417 4463 3471 4517 id
3518 4471 3605 4519 est

2029 4563 2346 4632 Evangelio,
2402 4561 2644 4617 diximus
2690 4559 2759 4616 de
2807 4557 3066 4615 omnibus
3093 4573 3215 4628 quae
3246 4556 3411 4626 cmpit
3442 4555 3603 4609 Iesus

2026 4665 2153 4707 tum
2171 4652 2377 4719 facere,
2398 4662 2529 4707 tum.
2548 4650 2750 4706 docere
2764 4649 2827 4704 “.
2842 4668 2860 4701 ι
2880 4647 3101 4715 Quibus
3118 4646 3299 4701 verbis
3322 4660 3429 4700 non
3454 4642 3602 4697 aliud

2027 4743 2229 4809 innuit,
2285 4758 2449 4813 quam
2498 4743 2643 4812 quod
2684 4740 2965 4796 Christum
3017 4755 3046 4793 a
3076 4737 3239 4793 stulte
3283 4735 3602 4791 docentium

2029 4834 2346 4890 Scribarum
2382 4845 2438 4889 et
2482 4833 2886 4890 Pharisaeorum
2942 4829 3304 4915 similitudine
3362 4837 3601 4899 separat,

2026 4937 2081 4982 et
2123 4927 2366 4982 ostendit
2402 4928 2548 4982 hunc
2595 4927 2874 4982 doctorem
2937 4940 3149 4989 verum,
3186 4922 3280 4994 qui
3331 4922 3479 4976 dicat
3528 4921 3603 4976 si-

2027 5017 2138 5070 mul
2169 5027 2226 5070 et
2254 5016 2437 5081 faciat,
2487 5016 2580 5087 qui
2621 5016 2785 5071 faciat
2817 5024 2874 5071 et
2905 5016 3120 5071 doceat.
3159 5013 3347 5069 Oravit
3378 5012 3600 5083 quidem

2023 5110 2280 5164 Christus
2308 5126 2406 5181 pro
2438 5109 2525 5164 his
2545 5108 2640 5179 qui
2671 5109 3071 5180 crucifigebant
3095 5123 3173 5171 se,
3202 5108 3296 5163 sed
3331 5115 3391 5160 ut
3410 5105 3597 5158 homo.

2024 5201 2141 5255 Non
2165 5202 2310 5255 enim
2334 5202 2504 5255 instar
2520 5201 2613 5256 Dei
2627 5201 2747 5257 sine
2762 5217 2993 5271 corpore
3009 5202 3061 5255 in
3081 5201 3244 5256 terris
3260 5198 3600 5261 versabatur,

2027 5308 2205 5364 neque
2236 5301 2417 5349 tamen
2454 5291 2620 5347 homo
2651 5294 2853 5356 nudus,
2892 5301 2953 5347 ut
2988 5293 3274 5347 Nestorius
3302 5302 3359 5347 et
3395 5306 3491 5346 vos
3518 5291 3603 5343 di-

2024 5399 2150 5438 cere
2189 5383 2401 5450 soletis,
2451 5384 2547 5439 sed
2576 5384 2719 5440 Deus
2762 5394 2818 5440 et
2863 5385 3049 5440 homo.
3103 5384 3170 5440 Et
3199 5399 3346 5438 nunc
3377 5382 3599 5452 quidem

2030 5490 2130 5529 ceu
2162 5474 2309 5531 Deus
2338 5475 2703 5546 operabatur,
2746 5486 2807 5530 ut
2845 5491 2971 5531 eum
2999 5475 3156 5542 dicit,
3193 5494 3212 5526 ι
3241 5473 3397 5539 Volo,
3435 5488 3597 5525 mun-

2027 5566 2130 5621 dus
2177 5567 2344 5637 sis;t
2398 5577 2474 5633 et,
2522 5585 2540 5619 ι
2570 5567 2952 5624 Remittuntur
2999 5568 3096 5625 tibi
3150 5576 3371 5638 peccata
3420 5573 3539 5624 tua.
3570 5581 3589 5615 ι

2428 5688 2476 5721 ιν
2514 5688 2705 5746 Matth.
2743 5705 2802 5759 ν,
2839 5688 3025 5747 39.42.
3145 5689 3189 5723 η
3225 5687 3360 5779 ibid.
3402 5689 3593 5746 ιισιϐ.
