4058 6488
290 272 402 337 643

1275 278 1576 339 CONTRA
1618 254 2115 338 MAHOME'IEM
2152 267 2443 331 ORATIO
2508 242 2517 248 ’

3408 265 3517 329 ϐἴςθ

291 387 595 451 κάντεῦθεν,
616 390 760 446 εἰσιν
794 390 1193 462 ἀνεπίγνωστοι
1227 394 1402 448 ὁποῖοί
1430 411 1561 449 ποτε
1598 394 1693 448 καὶ
1724 392 1853 459 sict,

1980 360 2252 445 iideamus
2298 384 2468 454 igitur
2515 394 2766 452 quaenam
2801 395 2968 453 opera
2997 379 3142 452 apud
3175 378 3346 436 Deum
3376 380 3517 439 raci-

290 483 438 553 παρά
469 481 525 535 δὲ
557 481 636 552 τῷ
659 481 780 554 Θεῷ
815 483 911 538 καὶ
942 483 1090 555 μόνῳ
1119 484 1227 537 εἰσὶ
1255 486 1682 556 γινωσκόμενοι·
1716 484 1767 538 oi
1794 484 1853 537 δὲ

287 572 477 642 ῶσπερ
505 573 705 646 χρυσὸς
736 575 795 628 ἐν
815 576 1169 648 χωνευτηρίῳ
1193 576 1422 649 καθαροὶ
1448 575 1854 646 ἀναφαίνονται,

290 664 385 721 καὶ
436 665 513 729 ὡς
547 666 598 719 oi
649 667 710 719 ἐν
746 666 1029 722 Βαϐυλῶνι
1079 669 1290 733 παῖδες.
1359 668 1500 724 Ἀλλ’
1549 670 1650 724 οὐκ
1695 671 1891 740 ἀρκεῖ.

200 752 203 755 “
291 758 425 829 μόνη
455 757 489 826 ἠ
512 755 620 811 τῶν
644 757 933 828 δογμάτων
960 759 1304 832 πίστιςλπρδς
1331 762 1628 831 σωτηρίαν,
1650 760 1747 814 ἐὰν
1782 759 1857 831 μὴ

291 847 431 917 μετά
460 846 571 901 τῶν
602 847 782 918 ἔργων
816 850 1248 923 συγκεκραμένη
1293 850 1410 906 ἐστὶ
1451 851 1544 905 καὶ
1587 852 1619 920 ἡ
1652 852 1856 913 πίστις.

297 958 314 990 ι
347 938 530 1005 Δεῖξον
562 940 671 1011 γάρ
697 957 808 1011 μοι,
841 960 861 995 ι
889 942 1023 1014 φησι
1044 941 1105 997 τὸ
1134 943 1333 1014 λόγιον,
1366 962 1387 996 ι
1415 944 1516 1015 τὴν
1542 943 1728 998 πίστιν
1758 958 1853 996 σου

293 1034 355 1085 ἐκ
384 1030 494 1083 τῶν
544 1030 723 1103 ἔργων
759 1050 878 1101 σου,
914 1034 1072 1105 κάγὼ
1108 1034 1166 1088 δέ
1215 1052 1297 1089 σοι
1330 1034 1489 1101 δείξω
1536 1035 1637 1106 τὴν
1675 1033 1862 1088 πίστιν

297 1135 396 1187 μου
432 1119 495 1171 ἐκ
523 1117 637 1171 τῶν
688 1118 867 1190 ἔργων
921 1137 1046 1188 μου.
1086 1139 1105 1173 ι
1147 1121 1380 1192 Ἰδωμεν
1428 1121 1610 1175 τοίνυν
1639 1120 1777 1179 ποῖα
1798 1119 1864 1172 ἐκ

295 1207 501 1262 τούτων
540 1209 649 1262 τῶν
681 1208 860 1280 ἔργων
899 1212 1006 1265 είσλ⁵
1038 1211 1204 1266 δεκτά
1255 1212 1407 1283 παρά
1440 1211 1516 1281 τῷ
1570 1209 1711 1281 Θεῷ,
1768 1211 1865 1264 καὶ

287 1300 440 1364 τίνες
473 1300 777 1371 μέμνηνται
811 1300 906 1355 τοῦ
935 1301 1094 1369 Θεοῦ,
1121 1305 1175 1357 οἱ
1208 1305 1266 1357 ἐν
1297 1303 1528 1374 ἀφθονία
1558 1302 1653 1356 καὶ
1684 1301 1864 1371 τρυφῇ

295 1392 696 1461 εὑρισκόμενοι,
728 1392 763 1463 ἢ
816 1393 868 1445 οί
915 1393 1267 1466 ταλαιπωρίᾳ
1302 1392 1398 1448 καὶ
1446 1392 1721 1465 κακουχίᾳ
1773 1408 1867 1445 συ-

224 1518 237 1523 -
298 1481 513 1546 ζῶντες.
566 1482 737 1536 Παντί
779 1499 883 1536 που
927 1483 1085 1554 δῆλον
1155 1484 1206 1538 oi
1263 1481 1529 1555 δεύτεροι.
1573 1501 1593 1535 ι
1628 1482 1803 1553 Κύριε
1843 1498 1864 1535 ι

298 1574 425 1643 γὰρ,
448 1574 634 1644 φησὶν,
665 1593 684 1627 ι
714 1576 771 1629 ἐν
798 1574 969 1645 θλίψει
998 1574 1352 1648 ἐμνήσθημέν
1375 1592 1492 1632 σου.
1532 1593 1550 1627 ι
1581 1575 1714 1642 Καὶ,
1750 1594 1768 1626 ι
1804 1575 1867 1629 Oi

300 1664 612 1734 σπείροντες
632 1666 690 1718 ἐν
706 1664 967 1736 δάκρυσιν
989 1668 1047 1733 ἐν
1063 1666 1386 1736 ἀγαλλιάσει
1408 1665 1667 1737 θεριοῦσι.
1686 1683 1705 1717 ι
1733 1665 1866 1730 Καὶ,

1957 478 2200 550 piantur,
2226 485 2280 532 ct
2333 476 2557 544 quinam
2600 473 2658 529 hi
2700 473 2813 529 sint
2865 473 2957 544 qui
2985 473 3078 529 Dei
3111 474 3518 540 meminerunt,

1956 584 2088 624 num
2134 566 2347 624 scilicet
2402 566 2457 619 hi
2488 566 2581 636 qui
2612 565 2667 621 in
2690 564 2906 621 deliciis
2941 574 2999 622 ct
3028 565 3276 621 libertate
3305 565 3521 631 vivunt,

1955 675 2025 715 an
2055 657 2149 728 qui
2195 657 2254 714 in
2300 654 2599 711 aﬂlictione
2631 665 2689 712 et
2713 654 2972 711 miseria?
2995 655 3060 712 Hi
3083 668 3234 711 certe
3254 656 3398 712 haud
3425 656 3527 712 du-

1957 747 2065 803 bie.
2101 743 2193 801 Ait
2243 743 2429 800 enim:
2463 763 2482 796 ι
2530 744 2782 810 Domine,
2817 743 2872 798 in
2906 743 3203 799 aﬂlictione
3235 744 3313 799 tui
3344 760 3530 800 recor-

1954 830 2069 888 dati
2100 845 2292 887 sumus
2319 830 2388 887 ".
2437 848 2457 882 ι
2494 831 2584 896 Ει,
2638 850 2657 882 ι
2693 831 2797 898 Qui
2832 831 2889 885 in
2930 831 3189 903 lacrymis
3233 833 3529 898 seminant,

1958 928 2176 979 metunt
2220 923 2276 975 in
2302 921 2667 977 exsultatione
2725 921 2794 977 ".
2833 940 2852 973 ι
2888 922 2957 977 Ει
2993 942 3007 979 :
3058 941 3077 975 ι
3123 923 3536 982 Tribulationes

1959 1012 2149 1070 multa;
2169 1013 2466 1084 justorum,
2484 1028 2636 1069 mors
2656 1020 2840 1068 autem
2873 1022 3229 1085 peccatorum
3246 1019 3389 1072 mala
3412 1017 3479 1071 “.
3512 1036 3532 1069 ι

1959 1104 2120 1160 Licet
2148 1102 2295 1159 enim
2329 1104 2384 1158 in
2410 1103 2513 1158 hac
2546 1104 2658 1159 vita
2702 1103 2847 1160 felici
2879 1118 3135 1161 successu
3184 1107 3457 1174 ferantur,
3482 1117 3540 1163 et

1960 1184 2193 1267 perinde
2218 1209 2283 1250 ac
2312 1193 2363 1249 si
2388 1194 2514 1265 quis
2556 1193 2835 1273 laudetur_
2856 1196 3004 1265 quod
3033 1196 3278 1267 prudens
3305 1199 3396 1264 sit,
3433 1198 3544 1254 for-

1966 1285 2060 1351 tis,
2086 1293 2400 1354 temperans
2456 1292 2513 1338 et
2552 1283 2759 1355 justus,
2825 1283 2969 1341 alius
3016 1300 3152 1341 vero
3211 1287 3367 1342 nihili
3425 1287 3544 1342 haec

1965 1374 2193 1441 faciens,
2218 1373 2476 1446 pinguem
2503 1387 2563 1429 se
2588 1389 2711 1430 esse
2747 1372 3012 1446 glorietur
3034 1386 3090 1432 et
3117 1379 3499 1448 corpulentum
3529 1397 3545 1447 ;

1969 1465 2052 1521 sic
2081 1464 2150 1521 de
2184 1465 2381 1536 seipsis
2409 1464 2656 1521 sentiunt
2678 1465 2976 1521 miserrimi
3006 1466 3283 1531 homines,
3310 1483 3374 1524 ac
3402 1470 3549 1525 veris

1970 1557 2431 1628 inexhaustisque
2458 1556 2667 1612 divitiis
2708 1557 3062 1627 contemptis,
3090 1557 3213 1615 illas
3240 1574 3378 1630 quas
3403 1576 3551 1616 soan-

1972 1652 2064 1729 nia
2112 1649 2399 1715 simulant,
2425 1648 2880 1719 amplectuntur:
2912 1659 2968 1706 et
3016 1650 3258 1720 pretiosa
3284 1651 3375 1709 illa
3407 1668 3553 1708 mar-

305 1774 323 1802 ι
357 1753 558 1806 Πολλαὶ
587 1755 644 1807 αἱ
684 1753 892 1825 θλίψεις
921 1756 1032 1809 τῶν
1054 1755 1301 1811 δικαίων.
1327 1754 1579 1819 Θάνατος.
1604 1754 1660 1808 δέ
1685 1755 1865 1826 ἀμαρ-

1980 1742 2167 1814 garita,
2197 1741 2432 1807 .Christo
2489 1740 2776 1809 nimirum,
2814 1742 3031 1810 relicta,
3064 1744 3307 1803 conchas
3341 1746 3430 1801 vel
3474 1746 3553 1801 ln-

296 1846 482 1899 τωλῶν
516 1848 762 1918 πονηρὸς,
793 1867 812 1901 ι
849 1848 954 1902 κᾶν
983 1847 1081 1925 καὶ
1110 1851 1168 1901 ἐν
1206 1847 1283 1918 τῷ
1313 1846 1538 1918 παρόντι
1579 1846 1679 1917 βίῳ
1728 1846 1873 1900 κατά

301 1937 429 2007 ῥοῦν
485 1940 774 2007 φέρωνται.
820 1940 933 1993 Καὶ
961 1934 1074 1993 οἷον
1103 1939 1293 2010 ῶσπερ
1323 1939 1389 1994 ἄν
1411 1955 1492 2003 τις
1521 1940 1571 1992 εί
1616 1939 1872 2011 ἐπῃνεῖτο

306 2028 406 2098 μὲν
435 2028 511 2092 ὡς
537 2030 802 2100 φρόνιμος
830 2029 925 2083 καὶ
951 2029 1217 2100 ἀνδρεῖος,
1260 2026 1494 2100 σώφρων
1522 2027 1615 2082 καὶ
1642 2028 1871 2097 δίκαιος,

299 2120 486 2190 ἔτερος
513 2121 570 2175 δέ
604 2120 741 2191 παρ’
773 2122 940 2184 οὐδὲν,
977 2120 1153 2175 ταῦτα
1181 2119 1485 2190 τιθέμενος,
1512 2121 1871 2190 ἐνεκαυχᾶτο,

301 2211 644 2284 πολύσαρκον
671 2212 868 2268 ἑαυτὸν
898 2208 1040 2267 εἶναι
1074 2212 1271 2282 λέγων,
1306 2212 1401 2267 καὶ
1431 2211 1708 2283 ἐμπληθὲς
1734 2211 1872 2283 ἔχων

302 2306 362 2357 τὸ
392 2305 549 2375 σῶμα
587 2323 601 2337 ο
633 2304 805 2368 οὕτως
844 2305 986 2376 ὑπὲρ
1015 2304 1197 2359 αὐτῶν
1231 2302 1519 2375 φρονοῦσιν
1547 2305 1594 2358 οε
1620 2302 1872 2370 τάλανες,

309 2398 404 2449 καὶ
424 2397 513 2450 τὸν
533 2397 709 2468 ἀληθῆ
739 2398 834 2452 καὶ
861 2398 1134 2451 ἀκὲνωτον
1157 2395 1384 2469 πλοῦτον
1403 2390 1871 2468 παραϐλέπονξες,

314 2487 634 2551 ἀσπάζονται
684 2488 775 2542 τὸν
825 2487 884 2541 ὃν
920 2487 1119 2558 ὄνειροι
1152 2487 1486 2541 πλάττουσι⁶
1520 2487 1616 2539 καὶ
1651 2485 1742 2540 τὸν
1776 2502 1875 2538 πο-

316 2580 528 2648 λύτιμον
559 2582 932 2652 μαργαρίτην,
958 2580 1207 2634 τουτέστι
1236 2579 1330 2634 τὸν
1356 2577 1594 2648 Χριστὸν
1623 2577 1873 2646 ἀφέντες,

308 2670 432 2734 τοὺς
480 2671 764 2742 κάχληκας
797 2666 1209 2741 θησαυρίζουσι.
1266 2666 1377 2722 Ποῦ
1401 2668 1490 2721 ’δὲ
1515 2667 1766 2751 θήσουσι
1816 2667 1877 2721 τὸ

305 2762 643 2832 προφητικὸν
674 2763 852 2833 λόγιον
881 2763 942 2815 ei
968 2764 1198 2832 φάσκον,
1226 2762 1307 2816 ὅτι
1342 2780 1361 2814 ι
1400 2762 1495 2816 Ὃν
1542 2761 1733 2833 ἀγαπᾷ
1756 2757 1875 2813 Κύ-

306 2870 444 2921 ριος,
479 2850 744 2905 παιδεύει·
779 2851 1034 2920 μαστιγοῖ
1065 2850 1122 2904 δε
1140 2850 1286 2916 “ὐίδν,
1316 2848 1820 2925 ὃηπαραδέχεταις
1850 2867 1870 2902 ι

306 2945 453 3016 Ἀρα
500 2944 563 2998 οὐ
613 2942 1001 3015 παραδίδονται
1035 2942 1087 2996 οἱ
1132 2943 1455 3014 Χριστιανοὶ
1487 2941 1678 3013 ῶσπερ
1711 2942 1882 3011 ἀπερ-

301 3036 565 3108 ῥιμμένοι
626 3036 718 3089 καὶ
777 3034 1381 3105 ἐγκαταλελειμμένα,
1443 3033 1519 3096 ὡς
1561 3034 1590 3087 6
1628 3032 1876 3103 Μωάμεθ

269 3100 523 3199 ’τρανῶς
572 3100 913 3198 ἀπεφήνατο,
969 3126 1087 3181 ἀλλ’
1257 3126 1369 3180 υἱοὶ
1427 3124 1518 3179 διὰ
1572 3100 1949 3191 παίδευσιν,θ

300 3214 490 3278 καθὼς
518 3217 777 3287 ἀνωτέρω
807 3215 1072 3287 λαμπρῶς,
1100 3214 1498 3280 ἀποδέδεικται,
1528 3215 1621 3268 καὶ
1650 3211 1716 3266 δι’
1748 3211 1881 3265 ἐτέ-

298 3328 420 3376 ρων
445 3307 827 3379 σωφρονισμὸν
864 3308 959 3362 καὶ
984 3307 1274 3378 ὠφέλειαν.
1314 3308 1425 3361 Καὶ
1449 3307 1559 3379 γὰρ
1591 3306 1808 3378 ἔχουσιν
1830 3306 1880 3359 oi

298 3407 390 3464 εἰς
419 3401 487 3455 τὰ
523 3401 650 3473 ἔθνη
680 3399 1006 3469 Χριστιανοὶ
1044 3400 1418 3471 πατριάρχας,
1458 3400 1645 3469 ἱερεῖς,
1688 3400 1882 3469 ἀρχιε-

298 3495 449 3564 ρεῖς,
492 3492 621 3563 παρ’
644 3487 719 3546 ὧν
753 3490 1097 3560 ἁγιάζονται,
1135 3491 1228 3544 καὶ
1262 3491 1444 3547 πάντα
1472 3492 1540 3545 τά
1574 3488 1759 3561 ἔθιμαχ
1774 3489 1883 3541 τῶν

297 3585 655 3656 Χριστιανῶν
683 3586 763 3646 είς
798 3585 1071 3654 ὠφέλειαν
1100 3583 1201 3654 μὲν
1242 3583 1444 3647 αὐτῶν,
1482 3584 1564 3646 είς
1598 3585 1799 3651 δεῖγμα
1826 3581 1883 3634 δὲ

295 3684 396 3733 ὁτι
435 3678 529 3732 καὶ
554 3680 648 3750 τῆς
680 3677 956 3741 υἱοθεσίας
995 3676 1089 3730 τοῦ
1131 3676 1269 3730 Θεοῦ
1305 3677 1408 3730 οὐκ
1450 3675 1729 3743 ἐξέπεσον,
1758 3673 1883 3727 οὔτε

296 3771 410 3839 τῆς
434 3767 617 3836 φιλίας
642 3767 833 3824 αὐτοῦ.
868 3768 1034 3824 Ὅθεν
1064 3769 1158 3823 καὶ⁵
1188 3769 1611 3839 γινωσκέτωσαν
1635 3766 1883 3838 ἀκριϐῶς

297 3862 395 3915 ὅτι
427 3858 808 3930 παραδίδονται
862 3861 964 3931 μὲν
1009 3859 1283 3924 πολλάκις
1323 3859 1523 3913 δίκαιοι
1564 3859 1644 3921 είς
1697 3858 1886 3928 χεῖρας

296 3954 555 4019 ἀσεϐῶν,
594 3954 693 4024 οὐχ
732 3953 819 4006 ἵνα
853 3955 903 4006 oi
940 3952 1161 4016 ἀσεϐεῖς
1204 3951 1558 4020 δοξασθῶσιν,
1588 3950 1706 4003 ἀλλ’
1740 3950 1807 4003 ἵν’
1836 3949 1885 4001 oi

295 4043 515 4123 δίκαιοι
583 4040 999 4111 δοκιμασθῶσι,
1063 4039 1157 4093 καὶ
1223 4040 1449 4109 χρυσίου
1511 4037 1913 4110 καθαρώτεροι,

297 4138 603 4205 γένωνται.
635 4134 701 4185 Τί
730 4133 787 4185 δὲ
820 4133 948 4205 περὶ
978 4128 1324 4187 τοῦδικαίου
1365 4129 1523 4196 Ἰώϐ;
1564 4130 1638 4183 ἐῶ
1664 4129 1773 4199 γὰρ
1805 4131 1890 4183 λέ-

304 4227 535 4297 γειντά
569 4226 697 4298 περὶ
731 4225 825 4280 τοῦ
856 4226 1199 4297 πατριάρχου
1235 4225 1506 4297 Ἀϐραὰμ,
1539 4223 1663 4277 ἐπεὶ
1701 4224 1893 4275 κάκεῖυ

308 4339 414 4384 νος
457 4318 592 4389 πρὸς
636 4320 825 4389 καιρὸν
874 4319 954 4382 είς
1018 4317 1235 4382 ἀσεϐεῖς
1281 4317 1578 4388 παρεδόθη,
1625 4315 1719 4368 καὶ
1753 4314 1894 4379 τέως

302 4407 521 4478 ἐρωτῶ
570 4408 703 4478 περὶ
748 4407 842 4460 τοῦ
899 4405 1121 4478 σιδηροῦ
1173 4408 1268 4460 καὶ⁹
1326 4407 1690 4477 ἀδαμαντίνου
1747 4405 1889 4460 Ὶώϐ.

1972 1832 2133 1904 pillos
2168 1839 2524 1902 congregant.
2558 1830 2702 1898 Quid
2719 1839 2903 1887 autem
2942 1831 3013 1888 de
3055 1836 3281 1889 oraculo
3304 1834 3400 1889 illo
3428 1851 3556 1905 pro—

1973 1922 2194 1992 phetico
2240 1923 2507 1995 iudicant,
2542 1924 2690 1994 quod
2744 1923 2920 1980 dicit:
2962 1943 2983 1978 ι
3035 1924 3209 1992 Quem
3239 1925 3420 1998 diligit
3447 1925 3557 1982 Do-

1974 2018 2161 2075 minus
2214 2034 2343 2076 eum
2404 2020 2657 2091 castigat,
2706 2029 2764 2076 et
2802 2018 3040 2092 ﬂagellat
3076 2038 3244 2093 quem
3287 2021 3381 2078 ﬁlii
3433 2024 3560 2081 loco

1973 2120 2199 2193 adoptat
2232 2123 2279 2155 ⁸⁷
2311 2123 2335 2178 ?
2370 2141 2390 2175 ι
2424 2121 2725 2179 Christiani
2752 2123 2939 2194 itaque
2985 2139 3098 2180 non
3123 2124 3417 2185 traduntur
3436 2137 3562 2183 tan-

1975 2230 2140 2286 quam
2182 2215 2374 2287 rejecti
2400 2225 2456 2271 et
2482 2215 2688 2272 deserti
2730 2231 2763 2272 a
2792 2215 2928 2284 Deo,
2961 2226 3024 2273 ut
3053 2217 3330 2278 Mahomct
3368 2229 3561 2290 aperte

1976 2314 2249 2363 testatur:
2279 2306 2377 2363 sed
2411 2322 2514 2363 ceu
2555 2306 2652 2362 lilii
2685 2322 2852 2364 causa
2895 2309 3263 2365 correctionis
3289 2310 3376 2382 (ut
3400 2327 3563 2382 supc-

1974 2394 2363 2467 riusidilucide
2393 2396 2833 2453 demonstratum
2860 2396 2969 2469 est)
2991 2406 3049 2453 et
3075 2408 3302 2469 propter
3325 2400 3561 2456 aliorum

1975 2485 2414 2556 resipiscentiam
2439 2494 2497 2542 et
2527 2487 2844 2544 utilitatem.
2873 2487 3091 2544 Habent
3111 2490 3263 2546 enim
3297 2490 3566 2550 Christia-

1977 2575 2057 2642 ni,
2083 2576 2181 2647 qui
2211 2577 2356 2632 inter
2382 2585 2576 2648 gentes
2594 2587 2787 2649 agunt,
2822 2579 3191 2656 patriarchas,
3226 2582 3567 2670 sacerdotes.

1976 2667 2290 2739 pontiﬁces,
2319 2683 2420 2739 per
2449 2683 2590 2739 quos
2633 2668 3069 2736 sanetiiicantur,
3105 2671 3404 2743 omniaque
3440 2667 3568 2746 qua}

1977 2759 2308 2818 Christianis
2354 2762 2631 2817 solemnia
2683 2769 2833 2828 sunt,
2880 2762 3292 2833 administrant,
3326 2766 3385 2836 in
3422 2768 3572 2839 ipso-

1980 2868 2105 2909 rum
2139 2852 2367 2924 quidem
2418 2853 2736 2921 utilitatem,
2778 2854 2834 2910 in
2870 2854 3091 2925 signum
3117 2871 3250 2912 vero
3272 2858 3423 2928 quod
3462 2872 3570 2914 nec

1980 2943 2050 2999 ab
2091 2941 2387 3014 adoptione
2440 2943 2678 3000 ﬁliorum
2725 2944 2846 3011 Dei,
2901 2959 3007 3000 nec
3033 2946 3103 3002 ab
3144 2946 3292 3002 illius
3323 2949 3568 3006 amicitia

1981 3033 2311 3090 exciderint.
2359 3033 2675 3105 Agnoscant
2736 3035 2908 3105 igitur
2961 3037 3209 3102 omnino,
3250 3040 3399 3109 quod
3431 3042 3571 3113 justi

1985 3123 2213 3195 quidem
2251 3122 2452 3194 sacpius
2474 3123 2529 3177 in
2568 3138 2764 3179 manus
2792 3124 3090 3194 impiorum
3123 3126 3431 3195 tradantur,
3456 3145 3570 3186 non

1989 3223 2051 3270 ut
2081 3213 2460 3286 gloriﬁcentur
2488 3213 2666 3285 impii,
2693 3212 2789 3271 sed
2826 3223 2885 3271 ut
2906 3216 3213 3285 probentur
3233 3219 3333 3287 pii,
3360 3230 3418 3277 et
3433 3236 3572 3277 auro

1983 3305 2238 3376 puriores
2286 3304 2609 3360 reddantur.
2660 3304 2802 3372 Quid
2832 3318 3016 3361 autem
3066 3305 3135 3362 de
3159 3308 3309 3380 justo
3338 3310 3432 3367 illo
3466 3311 3571 3368 Job

1984 3396 2261 3452 dicemus?
2296 3397 2513 3468 (omitto
2535 3396 2684 3451 enim
2732 3396 2918 3453 dicere
2947 3398 3017 3455 de
3053 3401 3366 3471 patriarcha
3398 3403 3575 3461 Abraé

1986 3489 2136 3554 ham,
2165 3503 2290 3543 cum
2314 3498 2371 3544 et
2392 3488 2485 3543 ille
2522 3488 2588 3544 ad
2616 3497 2832 3560 tempus
2861 3489 3009 3546 inter
3037 3491 3243 3564 impios
3268 3510 3572 3553 conversa-

1987 3589 2077 3636 tus
2110 3582 2204 3652 sit)
2249 3589 2305 3635 ct
2354 3595 2487 3636 sane
2531 3579 2599 3636 de
2645 3579 2826 3637 ferreo
2874 3582 2968 3639 illo
2997 3593 3054 3640 et
3082 3585 3435 3644 adamantina
3467 3590 3572 3647 Job

1988 3672 2286 3742 interrogo.
2356 3669 2498 3726 Num
2539 3687 2641 3727 ceu
2696 3673 2948 3729 desertus
2999 3684 3058 3730 et
3096 3691 3127 3731 a
3174 3677 3287 3735 Deo
3336 3681 3575 3752 reiectus

1988 3765 2208 3821 diabolo
2297 3764 2538 3835 traditus
2606 3772 2697 3821 est
2779 3775 2837 3821 et
2908 3775 2988 3824 tot
3068 3769 3345 3842 tantisque
3413 3774 3575 3830 malis

1989 3856 2287 3913 mobilibus
2342 3856 2502 3913 simul
2561 3857 3049 3930 immobilibusque
3104 3861 3412 3941 ﬂagellatus
3464 3876 3570 3934 est,

1990 3949 2293 4005 liberorum
2356 3949 2571 4004 scilicet
2613 3950 2931 4018 amissione,
2989 3959 3047 4007 et
3110 3955 3321 4024 proprii
3376 3971 3589 4028 corpo-*
3674 3952 3679 3955 ’

1992 4043 2069 4097 ris
2102 4040 2430 4097 aﬂlictione?
2490 4042 2753 4098 Diabolus
2780 4059 2911 4101 vero
2959 4045 3054 4115 qui
3097 4046 3303 4116 justum
3337 4048 3576 4121 ﬂagella-

1993 4134 2105 4196 bat,
2132 4148 2243 4187 non
2276 4141 2535 4203 tanquam
2566 4136 2795 4193 .amicus
2846 4133 2937 4189 Dei
2971 4136 3246 4208 aﬂligebat
3268 4139 3434 4206 hunc,
3463 4143 3578 4197 Deo

1995 4223 2219 4294 quidem
2253 4233 2381 4278 ante
2407 4221 2822 4295 generationem
2859 4226 3019 4295 hujus
3050 4236 3264 4296 notum,
3295 4241 3578 4287 sanctum~
3628 4246 3635 4253 ‘

1995 4329 2102 4385 que
2139 4314 2328 4370 abillo
2361 4316 2694 4386 judicatum,
2728 4316 3052 4375 hominibus
3075 4329 3260 4376 autem
3292 4322 3581 4392 ignotum?

1998 4404 2343 4474 Quapropter
2398 4405 2543 4461 Deus
2602 4421 2729 4463 eum
2772 4406 2828 4459 in
2890 4408 3132 4463 medium
3181 4413 3375 4467 statuit
3403 4413 3581 4468 instar

301 4463 385 4552 ’ἐξ
401 4515 472 4569 ρα
489 4498 565 4562 ὡς
592 4463 1160 4568 ἐγκαταλελειμμένος
1187 4496 1284 4553 καὶ
1307 4463 1723 4569 ἀπερριμμένος
1744 4495 1880 4566 παρέ

2005 4495 2274 4551 columnae
2304 4505 2360 4551 et
2397 4494 2593 4551 statua:
2646 4497 2928 4568 cujusdam
2961 4500 3238 4566 animatae,
3292 4503 3349 4558 in
3398 4518 3585 4559 exem-

299 4588 462 4646 Θεοῦ
496 4589 772 4660 παρεδόθη
816 4589 896 4661 τῷ
929 4588 1184 4661 διαϐόλῳ,
1236 4590 1329 4642 καὶ
1364 4588 1673 4658 ἐμαστίχθη
1707 4585 1798 4640 διά
1835 4602 1896 4640 τε

301 4681 562 4749 κινητῶν
594 4679 689 4732 καὶ
706 4681 985 4751 ἀκινήτων
1009 4679 1354 4751 πραγμάτων
1376 4680 1553 4731 τόσων
1580 4678 1673 4731 καὶ
1698 4681 1894 4742 τόσωνζ

302 4775 414 4826 διά
450 4788 510 4825 τε
545 4770 646 4841 τῆς
696 4772 1008 4844 στερήσεως
1041 4772 1152 4827 τῶν
1191 4771 1423 4839 παίδων,
1468 4770 1564 4824 καὶ
1601 4769 1768 4822 αὑτοῦ
1801 4770 1898 4823 τοῦ

302 4854 611 4935 σώματος)
639 4865 668 4917 6
709 4864 766 4918 δὲ
791 4864 1038 4928 διάϐολος
1070 4866 1099 4918 6
1135 4864 1228 4918 τὸν
1255 4863 1466 4917 δίκαιον
1500 4862 1788 4934 μαστίξας,
1819 4862 1896 4924 ὡς

303 4956 484 5027 φίλος
510 4953 646 5008 Θεοῦ
682 4955 1009 5025 ἐτιμωρεῖτο
1041 4954 1133 5009 τὸν
1166 4953 1343 5023 ἅγιον.
1376 4955 1452 5017 ὡς
1486 4953 1895 5023 γινωσκόμενον

304 5049 425 5120 μὲν
458 5046 587 5117 πρὶν
625 5048 930 5116 γεννήσεως
961 5047 1115 5117 παρά
1153 5046 1232 5118 τῷ
1276 5047 1415 5117 Θεῷ,
1447 5044 1544 5098 καὶ
1576 5044 1732 5114 ἅγιον
1764 5043 1897 5114 παρ’

298 5136 542 5192 ἐκείνου
577 5138 925 5208 κρινόμενον,
947 5138 1098 5207 παρά
1121 5139 1178 5191 δέ
1209 5141 1324 5201 τοῖς
1344 5136 1653 5208 ἀνθρώποις
1677 5134 1897 5204 ἀγνοού-

302 5242 530 5301 μενον·
589 5210 685 5282 xei.
721 5228 809 5281 διὰ
851 5228 1012 5282 τοῦτο
1039 5227 1234 5299 ἔφερεν
1272 5228 1436 5281 αὐτὸν
1481 5229 1510 5281 6
1557 5228 1687 5291 Θεὸς
1729 5226 1807 5288 είς
1839 5225 1901 5278 τὸ

302 5317 522 5392 μέσον,
575 5318 766 5387 ὥσπερ
814 5321 936 5373 τινὰ
964 5317 1208 5388 ἔμψυχον
1259 5319 1483 5390 στήλην,
1528 5319 1624 5371 καὶ
1660 5317 1902 5387 ἔμπνουν

296 5412 644 5481 ἀνδριάντα,
689 5413 769 5475 είς
810 5410 1178 5480 Δπαράδειγμα
1222 5411 1315 5464 καὶ
1365 5409 1637 5479 ὠφέλειαν
1666 5407 1776 5461 τῶν
1810 5423 1904 5477 με-

299 5505 781 5575 ταγενεστέρων;
822 5501 1101 5575 Θαυμάζω
1153 5504 1203 5556 εί
1258 5503 1333 5574 μὴ
1388 5504 1483 5558 καὶ
1524 5503 1654 5573 περὶ
1688 5501 1901 5555 ἐκείνου

2006 4587 2157 4657 plum
2200 4596 2255 4641 ct
2283 4586 2575 4641 utilitatem
2615 4588 2974 4656 posteritatis.
3002 4589 3171 4645 Miror
3208 4606 3340 4647 sane
3381 4593 3486 4650 nisi
3513 4594 3582 4649 de

1996 4681 2112 4734 ’hoc
2136 4680 2216 4735 sic
2237 4694 2456 4749 quoque
2487 4680 2636 4749 loqui
2684 4680 2941 4738 audeant.
2970 4683 3362 4754 inquirendum
3399 4697 3579 4741 tamen

2003 4785 2110 4836 est,
2132 4783 2188 4828 et
2231 4787 2319 4828 res
2350 4774 2466 4843 ipsa
2516 4773 2748 4839 indicat,
2786 4766 2978 4844 quales
3011 4777 3080 4832 de
3116 4778 3228 4832 Deo
3269 4787 3327 4834 et
3357 4779 3582 4834 diabolo

2002 4865 2290 4934 opiniones
2340 4864 2543 4919 habeat
2592 4864 2886 4921 Mahomet.
2922 4866 3144 4923 Summa
3177 4870 3326 4925 enim
3361 4870 3583 4926 dicendi

1968 4952 1974 4962 ’
2004 4955 2257 5010 libertate
2286 4954 2593 5020 contendit,
2621 4957 2788 5012 etiam
2817 4958 3097 5014 daemones
3123 4960 3416 5017 snivandos
3442 4942 3582 5028 fore,

2005 5045 2295 5119 Origenem
2341 5047 2606 5101 nimirum
2631 5058 2876 5103 secutus.
2906 5050 3050 5116 Quin
3096 5052 3263 5107 etiam
3305 5057 3357 5107 in
3402 5053 3523 5124 lege
3556 5071 3587 5108 a

2006 5154 2067 5192 se
2119 5139 2248 5204 lata,
2299 5137 2605 5193 Alcorrano
2663 5139 2952 5206 nimirum,
2982 5141 3062 5196 sic
3117 5142 3300 5214 inquit
3336 5144 3587 5215 :‘Magna

2003 5230 2313 5287 daemonum
2374 5230 2666 5286 multitudo
2739 5246 2866 5286 cum
2926 5233 3042 5288 haec
3102 5233 3209 5306 legi
3259 5236 3585 5296 audivisset.

2006 5321 2275 5378 admirata
2305 5332 2412 5388 est,
2450 5331 2505 5378 et
2544 5332 2767 5394 propter
2806 5324 2912 5379 hoc
2941 5325 3125 5393 gavisa
3154 5336 3260 5390 est,
3287 5327 3383 5396 qui
3412 5328 3582 5382 etiam
3678 5314 3682 5321 ’

2008 5412 2086 5467 illi
2136 5413 2428 5469 credentes
2471 5414 2703 5470 salutem
2758 5418 3041 5477 consecuti
3098 5426 3251 5473 sunt.
3302 5418 3589 5487 Quomodo

2008 5513 2193 5559 autem
2261 5504 2462 5575 aliquis
2515 5505 2717 5561 salvari
2775 5508 3000 5576 poterit,
3053 5508 3160 5565 nisi
3199 5509 3350 5578 prius
3392 5508 3589 5579 resipi-

409 5682 457 5717 “
495 5682 600 5741 lsa.
643 5695 795 5747 xui.
840 5679 905 5736 l6
1000 5681 1045 5716 ³⁸
1084 5678 1224 5734 Psal.
1267 5695 1429 5746 cxxv,
1473 5679 1528 5734 5.
1606 5679 1655 5712 τ’
1690 5676 1832 5735 Psal.
1878 5694 1880 5699 ‘

1980 5694 2091 5748 Llll,
2132 5679 2224 5733 2i.
2299 5680 2346 5712 ⁸⁷
2386 5680 2546 5736 Prov.
2579 5697 2675 5748 Ill,
2720 5682 2821 5750 ll;
2863 5682 3030 5738 ilcbr.
3068 5697 3174 5738 xu.
3217 5682 3271 5737 θ.

580 5780 851 5842 Parnm“
892 5780 1008 5843 Gn.
1046 5773 1254 5900 CLlY.

3109 5780 3183 5835 21
