4058 6432
460 265 578 332 135i
1645 265 1976 329 'JOANNIS
2007 265 2542 329 CANTACUZENI
3619 262 3728 330 652

482 399 649 442 scens
677 399 843 458 opera
873 387 1004 444 fecit
1031 401 1153 459 qua:
1185 385 1337 444 ilium
1380 384 1482 442 rite
1512 399 1636 440 cum
1683 385 1794 441 Deo
1829 385 2061 440 unianl?

2164 384 2527 456 τολμήσουσιν
2565 384 2741 438 εἰπεῖν
2786 385 2982 449 οὕτως.
3035 384 3176 440 Ἀλλ’
3207 387 3357 456 ὅμως
3393 385 3732 452 ἐξεταστέον,

480 477 638 534 Tunc
689 479 838 534 enim
888 481 945 534 in
994 480 1089 536 Dei
1129 479 1431 536 amicitiam
1480 477 1763 547 recipitur,
1814 493 1939 532 cum
1979 477 2057 533 illi

2167 480 2260 532 καὶ
2306 479 2438 532 αὐτὸ
2485 478 2547 531 τὸ
2598 480 2832 548 πρᾶγμα
2865 479 3120 551 δηλώσει⁹
3166 481 3359 544 ὁποίας
3412 481 3541 534 ποτὲ
3579 481 3733 546 δόξας

483 568 677 625 unitus
722 569 894 628 fuerit
932 571 1089 628 :Deo
1138 581 1322 626 autem
1374 569 1584 635 unitus,
1641 568 1817 622 haeres
1862 568 2057 623 salutis

2164 569 2278 640 ἔχει
2311 573 2336 623 6
2364 570 2610 640 Μωάμεθ
2653 570 2781 640 περί
2820 588 2878 624 τε
2917 571 3011 626 τοῦ
3045 574 3202 639 Θεοῦ,
3237 573 3364 640 περί
3396 590 3454 625 τε
3500 572 3594 628 τοῦ
3617 574 3733 627 δια-

484 667 588 727 cst,
629 661 782 733 regni
829 663 1118 729 calorum,
1154 664 1393 732 vitaeque
1433 670 1670 716 aeternae.
1703 659 2051 731 Hujttsmodi,

2165 662 2346 715 σόλον.
2386 663 2972 734 Πεπαρῤησιασμένως
3011 666 3117 735 γὰρ
3157 666 3487 720 διατείνεται
3517 668 3598 720 ὅτι
3631 684 3737 719 σω-

484 753 732 822 inquam,
767 754 834 809 de
869 755 1087 810 diabolo
1130 752 1420 826 opiniones
1468 751 1721 823 concepit
1746 753 1891 814 illius
1909 751 2058 807 illius

2165 755 2324 824 θῆναι
2361 759 2647 826 μέλλουσιν
2691 759 2742 810 οἱ
2797 759 3076 823 δαίμονες,
3106 758 3183 829 τῷ
3227 761 3491 830 Ὠριγένει
3518 757 3740 812 ἀκολου-

481 842 781 911 Mahomet,
817 854 877 901 ut
901 847 1152 916 quamvis
1195 856 1378 916 aperte
1418 841 1602 899 dicere
1637 852 1895 898 vereatur
1935 844 2055 898 dia-

2167 843 2297 898 θῶν.
2337 846 2411 898 Οὐ
2449 847 2554 917 μὴν
2593 847 2724 899 ἀλλὰ
2761 851 2854 902 καὶ
2897 850 3024 919 περὶ
3071 850 3162 903 τοῦ
3197 853 3325 921 παρ’
3374 851 3538 904 αὐτοῦ
3580 854 3737 904 ἐκτε-

482 935 670 992 bolum
698 937 793 994 Dei
811 939 1047 996 amicum
1065 940 1403 1010 esse,reipsa
1435 947 1614 992 tamen
1647 936 1780 990 illud
1803 935 2052 993 aiIirmet.

2166 936 2353 1000 θέντος
2387 938 2574 1006 νόμον,
2618 939 2710 991 τοῦ
2751 941 2974 1011 Κοῤῥὰν
3013 941 3279 1010 δηλονότι,
3314 945 3510 996 obtunsi
3546 961 3732 1012 φησιν,

471 1031 565 1086 θὸτι
603 1033 769 1106 πολλὴ
814 1035 924 1088 τῶν
952 1035 1227 1106 δαιμόνων
1292 1032 1524 1104 πληθὺς,
1566 1031 1726 1086 τοῦτο
1790 1033 2122 1096 ἀκούσαντες
2158 1034 2693 1104 ἁναγινωσκόμενον,
2764 1034 3126 1106 ἐθαύμασαν,
3181 1041 3272 1091 καὶ
3332 1040 3479 1092 τοῦθ’
3549 1039 3735 1091 ἕνεκεν

481 1129 778 1200 ἐχάρησαν,
814 1135 908 1185 καὶ
947 1132 1334 1193 πιστεύσαντες
1365 1130 1536 1200 αὐτῷ,
1579 1127 1886 1198 ἐσώθησαν.
1921 1129 2043 1192 Πςῦς
2083 1130 2192 1198 γὰρ
2232 1131 2458 1183 δύναταί
2521 1148 2604 1194 τις
2655 1132 2922 1200 σωθῆναι,
2957 1136 3053 1187 ἐὰν
3109 1137 3182 1206 μὴ
3253 1138 3517 1204 πρότερον
3567 1153 3736 1204 μετα-

481 1223 704 1292 νοσήας,
739 1225 942 1296 ποιήσῃ
995 1223 1294 1293 ἔργα-ἀξια
1344 1221 1614 1292 ὲνωθῆναι
1677 1222 1818 1291 Θεῷ,
1865 1227 1961 1278 καὶ
2002 1225 2121 1288 τότε
2162 1225 2316 1294 φίλος
2339 1226 2474 1278 Θεοῦ
2503 1228 2750 1296 γένηται,
2784 1229 3004 1292 ἐνωθεὶς
3043 1229 3224 1300 αῦτῴς
3268 1229 3356 1298 Τῷ
3386 1231 3501 1300 Θεῴ
3525 1230 3577 1283 δὲ
3606 1232 3769 1310 svo».

475 1313 614 1377 θεὶς,
663 1313 994 1381 κληρονομεῖ
1032 1316 1308 1383 σωτηρίαν
1353 1315 1444 1367 καὶ
1491 1314 1590 1385 τὴν
1628 1313 1912 1383 βασιλείαν
1949 1313 2055 1368 τῶν
2094 1316 2364 1384 οὐρανῶν,
2399 1315 2477 1369 ἔτι
2517 1335 2580 1386 γε
2616 1318 2725 1389 μὴν
2789 1321 2880 1372 καὶ
2915 1319 3065 1388 ζωὴν
3105 1320 3202 1390 τὴν
3236 1322 3479 1375 αἰώνιον.
3537 1322 3736 1373 Τοιαύ-

478 1420 581 1465 σας
645 1403 802 1470 δόξας
847 1404 961 1474 ἔχει
1012 1406 1138 1476 περὶ
1185 1407 1280 1459 τοῦ
1353 1407 1603 1462 διαϐόλου
1647 1408 1676 1459 6
1719 1407 1832 1472 υίὸς
1874 1407 2039 1461 αὐτοῦ
2099 1411 2127 1461 6
2166 1409 2436 1480 Μωάμεθ,
2485 1409 2624 1462 ὥστε
2673 1412 2776 1465 κᾶν
2842 1416 2938 1466 καὶ
2993 1417 3058 1485 τῇ
3095 1414 3237 1480 λέξει
3287 1417 3544 1484 ἐφείσατο
3579 1413 3738 1469 τοῦτο
3788 1413 3798 1415 ”

479 1502 679 1569 εἰπεῖν,
713 1501 869 1572 φίλον
896 1501 1036 1557 Θεοῦ
1075 1503 1166 1555 τὸν
1197 1502 1472 1567 διάόολον,
1506 1504 1643 1557 ἀλλά
1676 1521 1739 1572 γε
1770 1504 1848 1573 τῷ
1880 1503 2167 1574 πράγματι
2201 1504 2372 1568 οὕτως
2402 1507 2564 1559 αὑτὸν
2595 1509 2938 1578 ἀπεφήνατο.

783 1635 851 1690 ιΝ
891 1635 1326 1692 ΜΑΗΟΜΕΤΕΜ
1363 1637 1623 1692 ORATIO
1663 1636 1752 1692 Ill.

552 1750 1084 1821 LQnandoquidem
1117 1749 1184 1804 de
1213 1751 1468 1804 absurdis
1510 1750 1837 1820 quibusdam
1870 1749 2054 1804 Mallo-

481 1853 643 1899 lnetts
683 1842 1039 1912 opinionibus
1088 1840 1329 1895 diximus
1376 1843 1658 1914 superius,
1699 1843 2059 1913 inspiciamus

2416 1637 2604 1691 ΚΑΤΑ
2643 1637 2783 1692 ΤΟΥ
2821 1638 3115 1695 ΜΩΔΜΕΘ
3152 1640 3370 1694 ΛΟΓΟΣ
3413 1639 3486 1696 Γ.

2237 1752 2306 1800 α’.
2359 1746 2580 1817 Ἐπειδὴ
2609 1749 2740 1818 περί
2781 1763 2941 1802 τινων
2962 1749 3057 1802 τοῦ
3083 1749 3331 1820 Μωάμεθ
3365 1751 3737 1820 ἀτοπημάτων

2167 1839 2476 1908 φθάσαντες
2527 1840 2774 1912 εἴπομεν,
2816 1843 2970 1916 ’φέρε
3019 1843 3084 1912 δὴ
3153 1844 3508 1913 σκεψώμεθα,
3575 1844 3738 1896 ὁποῖα

484 1949 635 1990 nunc
661 1949 910 2005 quaenam
959 1934 1026 1989 de
1062 1933 1346 1989 Salvator‘e
1375 1943 1561 1989 nostro
1593 1933 1814 1990 Christo
1844 1944 1900 1989 et
1929 1950 2060 1990 vero

2164 1947 2295 1986 ποτε
2338 1934 2432 1988 καὶ
2480 1934 2732 2004 περὶτοῦ
2775 1935 3030 2006 Σωτῆρος
3065 1936 3305 2006 Χριστοῦ
3341 1937 3429 1989 τοῦ
3476 1934 3734 2004 ἀληθινοῦ

485 2029 597 2082 Deo
649 2035 840 2082 nostro
869 2027 1038 2081 miser
1090 2027 1182 2081 ille
1233 2026 1433 2080 sentiat
1477 2027 1802 2091 doceatque.
1846 2027 2056 2082 Revera

2163 2023 2298 2076 Θεοῦ
2324 2024 2480 2092 ἡμῶν
2505 2026 2532 2076 6
2558 2024 2791 2087 δείλαιος
2817 2021 2973 2088 οὗτος
2999 2029 3190 2096 φρονεῖ
3217 2027 3310 2079 καὶ
3339 2027 3737 2081 διδάσκει.”Ον-

481 2119 633 2171 enim
691 2118 798 2172 hoc
832 2127 1021 2171 verum
1052 2125 1180 2170 est:
1217 2133 1234 2166 ι
1295 2114 1437 2169 Ιὶὶιὶι
1485 2115 1752 2184 insipiens
1807 2115 1862 2169 in
1894 2115 2060 2171 corde

2164 2131 2268 2177 τως
2296 2116 2405 2182 γὰρ
2446 2114 2674 2185 ἀλήθεια
2713 2113 2886 2178 ὅντως
2908 2115 2990 2184 τὸ,
3039 2134 3056 2168 t
3092 2113 3258 2170 Εἶπεν
3286 2117 3475 2188 ἀφρων
3508 2119 3567 2170 ἐν
3597 2134 3738 2186 καρ-

481 2223 606 2276 suo,
631 2207 752 2264 Non
790 2215 876 2264 est
913 2208 1062 2262 Deus
1089 2207 1153 2261 ⁸⁸.
1192 2226 1210 2259 ι
1265 2206 1363 2261 Hic
1413 2206 1563 2262 enim
1596 2207 1923 2263 Trinitatem
1960 2224 2060 2264 ne-

482 2307 594 2368 gat,
625 2297 796 2354 Deum
830 2305 1012 2352 tamen
1067 2311 1187 2352 esse
1226 2298 1428 2352 fatetur
1485 2307 1789 2352 creatorem
1847 2299 1971 2354 coeli
2004 2308 2059 2354 et

485 2399 676 2455 terra,
705 2388 1024 2459 angelorum
1061 2396 1118 2442 et
1153 2387 1466 2449 hominum,
1497 2389 1793 2456 omnisque
1840 2399 2060 2443 creata.

484 2497 582 2546 rte,
623 2479 793 2534 litium
856 2495 967 2534 non
1018 2478 1334 2544 habentem,
1375 2487 1564 2548 utpote
1611 2494 1738 2532 cum
1787 2479 1905 2536 sine
1943 2497 2062 2535 mu-

486 2572 623 2627 liere
684 2570 833 2628 hunc
883 2570 1143 2641 genuisse
1203 2585 1318 2624 non
1368 2571 1441 2624 sit
1493 2570 1776 2639 possibile,
1816 2571 2061 2627 haeretici

485 2661 833 2733 Carpoerat'ts
862 2660 1182 2731 opinionem
1227 2669 1472 2726 secutus,
1517 2664 1791 2715 carnalem
1828 2663 2063 2717 arbitra-

489 2766 580 2808 tus
639 2767 761 2809 esse
833 2753 927 2809 Dei
981 2751 1416 2823 generationem.
1478 2751 1827 2822 Quapropter
1893 2755 2058 2810 etiam

483 2841 716 2900 dissidia
770 2843 915 2900 inter
968 2843 1141 2900 Deum
1191 2842 1412 2899 Patrem
1470 2850 1531 2898 et
1573 2842 1771 2898 Filium
1818 2860 1939 2901 esse
1967 2861 2063 2916 po-

487 2938 658 2992 tuia’se
681 2935 1038 2991 existimavit.
1063 2934 1220 3001 Quod
1256 2935 1305 2990 si
1349 2934 1691 3005 impossibile
1721 2946 1804 2991 est
1835 2945 1894 2992 ut
1919 2937 2062 2994 Deus

485 3029 603 3085 sine
647 3028 880 3085 muliere
937 3027 1136 3084 Filium
1179 3029 1401 3094 habeat,
1453 3028 1644 3083 dicant
1701 3029 1868 3084 etiam
1904 3031 2060 3086 illum

486 3135 591 3176 nec
644 3130 952 3178 creatorem
1006 3135 1155 3186 esse,
1195 3136 1298 3178 nec
1343 3121 1598 3191 opiﬁcem
1629 3121 1750 3176 sine
1785 3125 2060 3192 proposita

489 3213 597 3270 sibi
635 3214 898 3282 materia,
928 3215 1082 3286 juxta
1143 3213 1502 3285 insipientem
1547 3212 1864 3268 Graecorum
1923 3215 2058 3271 doc-

488 3308 707 3364 trinam.

554 3399 612 3454 9.
640 3399 698 3457 Si
735 3413 870 3456 vero
907 3399 1053 3454 Dens
1083 3397 1281 3453 Filium
1315 3396 1596 3464 habuerit,
1633 3399 1800 3454 etiam
1836 3399 2065 3455 dissidia

487 3494 635 3548 inter
688 3491 814 3546 illos
859 3490 1231 3556 exoriuntur,
1277 3499 1343 3545 ut
1389 3490 1446 3545 in
1503 3491 1681 3559 capite
1737 3489 2065 3545 Helmoniim

487 3585 704 3649 asserit,
731 3583 955 3640 Judneos
1001 3583 1166 3639 simul
1195 3592 1252 3639 et
1286 3584 1465 3654 ipsum
1501 3595 1730 3640 secutus
1761 3583 2066 3654 Carpocra-

489 3685 622 3730 tein.
645 3674 758 3731 Nos
798 3688 928 3729 vero
957 3673 1025 3730 de
1056 3673 1144 3729 his
1179 3674 1493 3747 singulatim
1530 3674 1586 3730 in
1624 3677 1887 3746 Apologia
1923 3675 2064 3730 dixi-

486 3781 631 3829 mus,
668 3774 1028 3836 quapropter,
1075 3773 1136 3821 ut
1195 3781 1362 3836 supra
1395 3781 1611 3837 quoque
1663 3767 1926 3834 diximus,
1955 3784 2064 3822 non

489 3857 834 3914 instituimus
863 3857 932 3912 de
967 3856 1054 3912 his
1100 3857 1379 3926 copiosius
1410 3858 1768 3914 contendere.
1794 3858 2064 3924 Quoniam

485 3963 619 4002 vero
677 3947 732 4002 in
777 3946 1035 4017 presenti
1093 3945 1222 4002 huic
1277 3948 1565 4002 manifeste
1612 3947 2062 4013 contradicimus,

487 4037 718 4092 audiant
766 4051 951 4107 quaeso
1006 4035 1424 4093 Mahometistae.
1457 4037 1731 4092 Maliomet
1781 4035 1872 4091 hic
1905 4037 2064 4092 Chri-

488 4138 631 4184 stum
661 4143 765 4183 nec
828 4128 998 4182 Deum
1044 4142 1166 4182 esse
1212 4129 1398 4196 sentit,
1436 4144 1540 4184 nec
1588 4129 1682 4185 Dei
1717 4129 1935 4193 Filium,
1965 4131 2061 4185 sed

487 4221 698 4275 nudam
745 4220 1048 4286 hominem,
1083 4229 1144 4274 ut
1193 4229 1252 4276 et
1287 4222 1532 4291 reliquos
1570 4234 1781 4284 omnes,
1803 4220 1898 4275 scd
1935 4236 2062 4275 san-

485 4322 656 4378 ctnm,
708 4310 1080 4390 omnibusque
1127 4311 1448 4368 hominibus
1499 4311 1620 4366 sine
1685 4313 2060 4369 controversia

485 4403 946 4469 excellentiorcm,
989 4410 1050 4458 ut
1082 4404 1248 4458 etiam
1281 4403 1569 4458 Nestorius
1601 4405 1786 4460 sensit.

557 4496 610 4548 5.
636 4493 694 4548 In
729 4495 906 4565 capite
937 4503 1124 4550 autem
1172 4493 1392 4560 Elnesa,
1431 4492 1580 4563 quod
1613 4495 1858 4549 mulieres
1885 4495 2057 4566 signi-

2161 2208 2251 2278 δίᾳ
2296 2207 2486 2271 αὐτοῦ,
2540 2208 2655 2261 Οὐκ
2695 2207 2811 2262 ἔστι
2851 2209 3006 2272 Θεός.
3051 2227 3071 2261 ι
3126 2202 3294 2272 Οὗτος
3339 2211 3582 2278 ἀρνεῖται
3637 2209 3735 2280 μὲν

2162 2301 2260 2368 τὴν
2289 2299 2520 2370 Τριάδα,
2554 2299 2812 2369 ὁμολογεῖ
2842 2299 2898 2354 δὲ
2937 2301 3070 2354 Θεὸν
3111 2301 3344 2370 ποιητὴν
3382 2301 3612 2370 οὐρανοῦ
3643 2302 3731 2354 καὶ

2162 2393 2288 2460 γῆς,
2321 2392 2573 2459 ἀγγέλων
2605 2409 2663 2444 τε
2688 2393 2781 2445 καὶ
2807 2393 3112 2463 ἀνθρώπων
3144 2395 3238 2445 καὶ
3267 2393 3445 2464 πάσης
3479 2392 3734 2460 κτίσεως,

2161 2484 2277 2535 υἱὸν
2303 2484 2377 2554 μὴ
2405 2483 2616 2552 ἔχοντα.
2662 2483 2815 2536 Ἐπεὶ
2850 2485 2983 2554 μηδὲ
3009 2484 3338 2555 γεννηθῆναί
3363 2486 3476 2536 ἐστι
3511 2485 3734 2539 δυνατὸν

2162 2573 2291 2628 ἄνευ
2333 2575 2614 2641 γυναικὸς,
2645 2575 2908 2646 αἱρετικῷ
2957 2577 3350 2646 Καρποκράτει
3401 2575 3732 2640 ἀκολουθῶν,

2163 2665 2431 2736 σαρκικὴν
2461 2661 2600 2719 εἶναι
2641 2667 2870 2733 νομίσας
2897 2667 2996 2737 τὴν
3029 2665 3121 2719 τοῦ
3153 2665 3289 2719 Θεοῦ
3316 2667 3587 2738 γέννησιν.
3626 2669 3736 2721 Καὶ

2160 2757 2247 2811 διὰ
2270 2759 2426 2812 τοῦτο
2463 2763 2556 2813 καὶ
2589 2761 2863 2830 σχίσματα
2909 2761 3074 2830 μέσον
3109 2761 3321 2830 Πατρὸς
3353 2761 3447 2813 καὶ
3480 2760 3606 2814 Υῐοῦ
3633 2759 3733 2814 δύο

2163 2848 2360 2904 νασθαι
2409 2845 2547 2904 εἶναι
2601 2852 2876 2920 ἐνόμισεν.
2936 2851 3000 2903 Ei
3036 2851 3144 2920 γὰρ
3181 2851 3272 2904 τὸν
3306 2850 3438 2904 Θεὸν
3471 2849 3730 2906 ἀδύνατόν

2161 2943 2310 2997 ἐστιν
2361 2943 2473 2997 υἱὸν
2524 2941 2670 3013 ἔχειν
2724 2941 2852 2996 ἄνευ
2903 2943 3183 3012 γυναικὸς,
3225 2942 3535 3013 λεγέτωσαν
3569 2943 3733 2996 αὑτὸν

2167 3035 2303 3106 μηδὲ
2347 3035 2582 3104 ποιητὴν
2633 3035 2727 3087 καὶ
2765 3034 3100 3105 δημιουργὸν
3155 3035 3250 3088 καὶ
3279 3035 3530 3108 ,κτίστην
3593 3029 3735 3088 εἶναι

2162 3113 2289 3179 ἄνευ
2334 3123 2818 3197 προϋποκειμένης
2865 3123 3022 3196 ὕλης,
3068 3125 3145 3187 ὡς
3187 3126 3237 3178 οί
3275 3113 3507 3195 ἄφρονες
3540 3123 3736 3194 Ἔλλη-

2165 3234 2254 3282 νες
2291 3217 2672 3288 ὲδογμάτισαν.

2242 3394 2306 3464 β’.
2345 3394 2409 3447 Ei.
2433 3393 2491 3448 δὲ
2523 3395 2618 3448 καὶ
2650 3395 2764 3448 υίὸν
2809 3389 2958 3467 εἶχεν
2984 3397 3011 3449 6
3041 3394 3193 3460 Θεὸς,
3241 3395 3336 3449 καὶ
3367 3395 3638 3467 σχίσματα
3668 3397 3736 3450 ἂν

2167 3481 2418 3550 ἐγένοντο
2455 3483 2621 3552 μέσον
2673 3485 2877 3550 αὐτῶν,
2927 3485 3002 3549 ὧς
3035 3502 3200 3556 φησιν
3249 3487 3308 3539 ὲν
3335 3485 3412 3556 τῷ
3453 3487 3734 3556 κεφαλαίῳ

2166 3573 2248 3643 τῷ
2286 3573 2650 3645 Ἐλμωνιεὶμ,
2710 3576 2987 3640 Ἰουδαίοις
3028 3579 3122 3630 καὶ
3172 3576 3324 3648 αὐτῷ
3383 3577 3461 3647 τῷ
3506 3579 3736 3651 -Καρπο-

2169 3663 2365 3733 κράτει
2398 3664 2733 3718 ἀκολουθῶν.
2781 3667 2972 3735 Ἡμεῖς
3006 3664 3138 3735 γοῦν
3170 3657 3531 3735 περίτούτου
3583 3683 3738 3736 μερι-

2167 3755 2281 3816 κῶς
2330 3753 2634 3822 φθάσαντες
2683 3755 2909 3826 ετπομεν
2943 3759 3001 3810 ὲν
3047 3759 3112 3827 τῇ
3164 3757 3473 3828 ἀπολογίᾳ·
3522 3757 3602 3810 διὸ
3637 3758 3736 3810 οὐκ

2167 3844 2364 3916 ἔχομεν
2393 3848 2594 3899 σκοπὸν
2624 3847 2901 3902 ἀντειπεῖν
2944 3847 3435 3918 πεπλατυσμένως,
3470 3848 3546 3912 ὡς
3585 3849 3737 3920 εἴρη-

2164 3954 2278 3989 ται.
2322 3937 2477 3989 Ἐπεὶ
2509 3937 2566 3990 δὲ
2596 3937 2738 3992 κατὰ
2777 3942 2838 3992 τὸ
2872 3941 3048 4010 παρὸν
3085 3941 3298 4009 τρανῶς
3337 3939 3486 4009 αὐτῷ
3531 3927 3750 3993 ἀντιλέέ

2165 4044 2357 4097 γομεν,
2390 4029 2738 4084 ἀκουέτωσαν
2775 4033 2822 4083 υί
2848 4032 2940 4084 τοῦ
2971 4031 3215 4101 Μωάμεθ
3239 4031 3543 4087 ἀκόλουθοι.
3569 4027 3735 4097 Οὗτος

2165 4121 2193 4172 6
2221 4120 2468 4189 Μωάμεθ
2493 4122 2582 4175 τὸν
2626 4122 2863 4193 Χριστὸν
2886 4122 3008 4198 οὔτε
3037 4123 3170 4176 Θεὸν
3200 4126 3417 4194 φρονεῖν
3451 4123 3573 4177 οὕτε
3607 4125 3735 4179 Υίὸν

2164 4209 2496 4280 Θεοῦ,ψι).ὸν
2519 4211 2563 4264 δ’
2585 4212 2872 4279 ἄνθρωπον
2906 4213 2979 4276 ὡς
3019 4215 3146 4276 τοὺς
3176 4217 3385 4274 πάντας
3419 4213 3737 4284 ἀνθρώπους

2165 4303 2260 4356 καὶ
2285 4301 2465 4371 ἅγιον,
2484 4303 2580 4355 καὶ
2619 4303 2761 4370 ὑπὲρ
2789 4301 3007 4356 ἅπαντα
3033 4303 3317 4374 ἄνθρωπον
3365 4303 3731 4374 ἁσυγκρίτως,

2161 4394 2442 4464 Νεστορίῳ
2471 4394 2805 4448 ἀκολουθῶν.

2234 4482 2302 4552 γ’.
2321 4485 2410 4538 Ἐν
2425 4486 2482 4539 δὲ
2497 4487 2572 4556 τῷ
2601 4487 2882 4557 κεφαλαίῳ
2902 4487 2981 4558 τῷ
3016 4485 3262 4554 Ἐλνεσᾶ,
3282 4488 3418 4558 ὅπερ
3436 4487 3740 4558 ἑρμηνεύε-

487 4586 634 4651 ﬁdat,
666 4587 748 4640 sic
807 4587 909 4654 ait,
940 4584 1085 4656 quod
1135 4584 1392 4642 Christus
1450 4583 1612 4641 Jesus
1673 4587 1818 4642 ﬁlius
1874 4588 2059 4642 Mariae

2164 4593 2252 4629 ται
2282 4577 2798 4646 γνναῒκες,οὐτωσί
2823 4596 3010 4648 φησιν,
3035 4580 3115 4632 ὅτι
3143 4582 3170 4633 6
3193 4579 3471 4650 Χριστὸςό
3505 4579 3737 4649 Ἰησοῦς,

485 4691 670 4731 sermo
697 4675 808 4746 [Dei
831 4676 922 4743 sit,
955 4675 1137 4731 anima
1185 4675 1306 4742 Dei,
1331 4685 1385 4730 et
1411 4677 1638 4747 Spiritus
1668 4677 1784 4731 Dei.
1828 4677 2059 4747 incipia-

487 4782 610 4820 ntus
631 4781 770 4836 ergo
794 4767 862 4822 ab
915 4766 1089 4836 ipsius
1143 4763 1466 4835 mahometis
1497 4767 1859 4822 confessione.
1903 4767 2058 4834 Quod

487 4860 631 4914 sicut
684 4859 753 4914 ad
789 4860 1088 4929 prophetas
1147 4871 1330 4911 sermo
1386 4857 1479 4911 Dei
1510 4857 1685 4912 factus
1718 4868 1822 4926 est,
1851 4870 1905 4914 et
1939 4876 2063 4929 pro-

490 4952 666 5020 pheta:
700 4949 854 5005 illurn
884 4949 1202 5004 hominibus
1240 4947 1708 5002 annuntiaverunt
1742 4949 1861 5003 :sic
1888 4951 2082 5004 etiam'

477 5043 742 5108 Christus
781 5049 1067 5110 acceptum
1095 5054 1127 5092 a
1156 5040 1270 5096 Deo
1323 5052 1636 5092 sermonem
1674 5039 1928 5095 homines
1951 5041 2053 5094 do-

476 5123 624 5200 ‘cuit,
671 5141 730 5188 et
783 5142 1094 5203 propterea.
1128 5140 1190 5186 ut
1234 5130 1507 5185 Mahomet
1559 5129 1708 5184 hunc
1771 5132 2056 5186 nominare

374 5265 377 5267 -
488 5227 648 5289 solet,
673 5222 936 5292 pmphcta
969 5221 1193 5288 dicitur,
1233 5219 1591 5289 omniutnque
1631 5221 1921 5288 maximus,
1953 5223 2090 5276 imo~

485 5317 606 5384 ipse
650 5314 744 5368 Dei
791 5313 1004 5375 Sermo,
1052 5312 1146 5381 qui
1179 5310 1238 5365 lit
1275 5310 1423 5380 quod
1453 5312 1637 5367 nullus
1669 5328 1906 5382 unquam
1933 5329 2062 5383 pro-

491 5408 780 5476 phetarum
811 5404 1004 5459 Sermo
1025 5403 1120 5458 Dei
1160 5403 1339 5459 dictus
1358 5404 1449 5470 sit,
1474 5404 1570 5459 sed
1597 5406 1797 5474 singuli
1823 5407 2062 5460 nominis

493 5494 700 5567 proprii
746 5492 1201 5564 signiﬁcationem
1252 5493 1618 5549 retinuerint?
1665 5494 1821 5560 Quod
1884 5494 1929 5549 si
1966 5509 2062 5547 au-

559 5671 606 5704 “
641 5665 782 5730 Psal.
824 5680 948 5734 xm,
983 5671 1036 5726 l.

2163 4671 2192 4723 6
2207 4669 2322 4733 υἱὸς
2340 4669 2435 4739 τῆς
2452 4671 2691 4740 Μαρίας,
2711 4671 2868 4739 λόγος
2884 4670 3040 4738 Θεοῦ,
3052 4672 3304 4743 καὶψυχὴ
3318 4670 3474 4739 Θεοῦ,
3492 4670 3590 4725 καὶ
3600 4673 3740 4738 πνοὴ

2165 4760 2326 4815 Θεοῦ.
2370 4760 2689 4832 Ἀρξώμεθα
2724 4763 2904 4815 τοίνυν
2955 4763 3064 4815 ἀπὸ
3115 4761 3214 4831 τῆς
3269 4762 3434 4814 αὑτοῦ
3489 4761 3736 4832 Μωάμεθ

2165 4852 2479 4923 ὁμολογίας.
2523 4853 2587 4905 Ei
2621 4853 2719 4922 μὲν
2764 4851 2879 4918 οὖν,
2927 4852 3116 4923 ὥσπερ
3160 4854 3239 4915 είς
3288 4852 3413 4916 τοὺς
3453 4855 3738 4922 προφήτας

2168 4945 2389 5013 ἐγένετο
2441 4943 2599 5011 λόγος
2645 4944 2805 5009 Θεοῦ,
2855 4946 2950 4998 καὶ
2996 4946 3043 4996 οί
3093 4944 3372 5014 προφῆται
3405 4943 3594 4996 τοῦτον
3627 4948 3740 5007 τοῖς

2163 5035 2477 5105 ἀνθρώποις
2518 5035 2810 5105 ἐλάλησαν,
2842 5035 2985 5088 οὕτω
3014 5036 3109 5088 καὶ
3131 5038 3158 5088 6
3186 5035 3419 5104 Χριστὸς
3445 5034 3741 5103 δεξάμενος

2164 5128 2258 5178 τὸν
2298 5124 2394 5179 τοῦ
2420 5124 2557 5178 Θεοῦ
2599 5127 2777 5194 λόγον,
2803 5127 2913 5188 τοῖς
2938 5125 3246 5196 ἀνθρώποις
3276 5123 3501 5189 ἐδίδαξε,
3531 5126 3626 5177 καὶ
3649 5124 3738 5178 διὰ

2164 5217 2325 5272 τοῦτο
2354 5217 2681 5289 ὀνομάζεται
2717 5221 2809 5271 καὶ
2843 5219 3151 5289 προφήτης,
3183 5217 3258 5280 ὡς
3299 5218 3327 5270 6
3367 5216 3612 5286 Μωάμεθ
3642 5233 3739 5270 κα⁸

2165 5311 2270 5374 λεῖ,
2305 5314 2401 5363 καὶ
2447 5309 2704 5380 μέγιστος
2737 5310 2976 5373 πάντων,
3015 5310 3109 5361 καὶ
3146 5308 3337 5362 τούτου
3372 5308 3535 5361 ἕνεκα
3565 5309 3738 5376 Λόγος

2165 5401 2305 5454 Θεοῦ
2344 5399 2676 5470 ὀνομάζεται
2703 5416 2717 5430 ο
2755 5401 2873 5463 πῶς
2901 5399 3074 5462 οὐδεὶς
3099 5399 3206 5452 τῶν
3229 5399 3528 5471 προφητῶν
3564 5399 3736 5466 Λόγος
3813 5411 3818 5416 ·

2166 5492 2303 5546 Θεοῦ
2341 5491 2633 5562 ὠνομάσθη
2673 5491 2823 5556 ποτὲ,
2869 5490 2984 5546 ἀλλ’
3033 5491 3264 5555 ἕκαστος
3312 5489 3420 5544 ἀπὸ
3461 5474 3557 5545 τοῦ
3606 5491 3733 5544 tam
