4058 6488
355 326 460 387 653
1332 325 1627 386 CONTRA
1673 317 2158 383 MAIIOMETEM
2204 316 2488 378 ORATIO
2531 318 2646 378 III.
3362 358 3368 363 .
3491 311 3598 375 651

353 435 614 501 ὀνόματος
646 432 762 502 ἕχει
807 435 904 504 τὴν
939 435 1210 504 σημασίοιν
1238 453 1254 501 ;
1300 438 1360 489 Εἰ
1391 439 1447 490 δὲ
1494 437 1650 489 τοῦτο
1699 436 1795 502 μὲν
1824 434 1921 484 οὑκ
1953 483 1955 488 ,

2034 436 2142 482 tem
2164 429 2280 483 haec
2307 427 2449 482 ratio
2470 427 2618 482 nulla
2651 426 2838 492 fuerit,
2877 426 2972 480 sed
3009 425 3055 480 si
3087 433 3373 495 propterea
3408 423 3599 481 Sermo

354 527 523 587 ἔστιν,
561 526 675 578 ἀλλ’
704 528 777 588 ὡς
807 527 968 594 δῆθεν
1000 527 1169 580 ἐλθὼν
1219 530 1246 580 6
1297 530 1659 598 ἀρχάγγελος,
1695 525 1814 579 εἰπε
1850 529 1916 595 τῇ

2024 521 2120 572 Dei
2150 518 2372 581 dicitur,
2427 517 2574 586 quod
2630 516 3000 585 arebangelus
3045 515 3267 570 Gabriel
3295 514 3596 570 adveniens

353 614 771 685 κεχαριτωμένη
828 615 1089 686 παρθένῳ
1136 617 1323 688 Μαρίᾳ
1357 619 1448 672 τὸν
1499 616 1920 686 εὐαγγελισμὸν,

2031 609 2240 679 Virgini
2273 609 2444 679 gratia
2475 603 2650 680 plenae
2683 609 2921 662 faustum
2949 607 3082 662 illud
3109 608 3362 662 nuntium
3389 622 3605 661 annun-

354 707 496 761 κατά
522 706 680 760 τοῦτο
707 706 881 774 Λόγος
927 707 1064 760 Θεοῦ
1095 709 1122 760 ὁ
1153 709 1392 779 Χριστὸς
1428 708 1781 776 ὀνομάζεται,
1817 707 1923 760 ἔδει

2112 701 2200 764 vit,
2225 701 2514 770 oportebat
2563 709 2712 754 certe
2758 709 2816 754 et
2849 699 3170 754 Samsonem
3197 699 3402 753 Maneat
3432 698 3606 755 ﬁlium
3708 733 3714 737 -

357 797 544 851 λοιπὸν
574 799 784 852 καὶτὸν
829 799 922 852 τοῦ
963 800 1164 854 Maqu
1194 802 1308 852 υἰὸν
1347 800 1440 853 τὸν
1480 797 1722 870 Σαμψὼν
1752 799 1925 865 Λόγον

2026 795 2218 848 eodem
2251 795 2472 848 nomine
2514 792 2800 862 appellari,
2833 783 3103 860 quoniam
3143 799 3200 845 et
3229 791 3345 860 ipse
3375 807 3439 846 ex
3476 806 3607 862 pro-

355 888 488 941 Θεοῦ
522 888 906 958 ὀνομάζεσθαι,
929 890 1050 942 ἐπεὶ
1077 892 1327 951 κάκεῖνος
1353 891 1414 956 ἐξ
1440 890 1768 957 ἐπαγγελίας
1790 888 1926 943 Θεοῦ

2030 885 2296 939 missione
2350 884 2444 939 Dei
2504 894 2666 938 natus
2712 892 2816 939 est.
2843 883 3086 953 Angelus
3115 884 3262 937 enim
3314 884 3609 938 adveniens

355 980 644 1049 ἐγεννήθη.
677 981 946 1049 Ἀγγελος
1001 983 1107 1052 γὰρ
1168 981 1339 1038 ὲλοὼν
1393 981 1629 1053 ἐδήλωσε
1668 982 1767 1052 τὴν
1805 982 1927 1033 τού-

2029 976 2180 1031 illius
2229 975 2636 1043 generationem
2694 975 2970 1044 exposuit.
3020 975 3163 1041 Quin
3229 982 3284 1030 et
3335 976 3612 1031 Zachariae

355 1089 451 1126 του
499 1073 778 1144 γέννησιν.
844 1074 1007 1127 Ἀλλά
1055 1075 1289 1128 καὶ-τὸν
1334 1076 1430 1128 τοῦ
1485 1074 1759 1144 Ζαχαρίου
1810 1074 1927 1125 υἱὸν

2035 1070 2204 1122 lilium
2257 1069 2520 1123 Joannem
2575 1067 2834 1121 similiter
2889 1082 2956 1120 ex
2987 1065 3356 1137 promissione
3398 1076 3608 1131 natum,

370 1166 639 1236 Ἰωάννην,
689 1166 782 1220 καὶ
827 1166 990 1219 αὐτὸν
1037 1165 1240 1236 ὁμοίως
1269 1165 1329 1229 ἐξ
1361 1167 1691 1232 ἐπαγγελίας
1731 1183 1930 1233 γεννηα

2033 1160 2353 1215 Sermonem
2393 1161 2487 1214 Dei
2526 1161 2709 1212 vocari
2761 1165 2999 1228 oportet,
3039 1170 3332 1226 propterea
3361 1158 3507 1226 quod
3536 1159 3615 1227 ip-

359 1257 541 1324 θέντα,
583 1257 753 1326 Λόγον
801 1257 1192 1326 ὀνομασθῆναι,
1246 1257 1336 1311 διὰ
1385 1259 1446 1311 τὸ
1499 1257 1794 1327 λαληθῆναι
1851 1255 1930 1326 τῷ

2035 1253 2149 1307 sius
2211 1252 2474 1306 nativitas
2526 1251 2809 1321 Zachariae
2859 1265 2959 1320 per
3003 1251 3255 1319 angelum
3291 1249 3615 1304 annuntiata

295 1349 304 1357 '
359 1349 608 1420 Ζαχαρία
653 1348 722 1401 δι’
777 1348 1012 1418 ἀγγέλου
1051 1349 1151 1419 τὴν
1203 1351 1396 1402 τούτου
1453 1349 1722 1418 γέννησιν.
1778 1349 1897 1402 Ἐπε

2036 1343 2126 1398 sit.
2182 1342 2639 1412 Quandoquidem
2704 1343 2872 1411 igitur
2930 1357 3032 1396 nec
3093 1342 3360 1411 propheta
3417 1339 3621 1409 aliquis

357 1437 452 1494 οὖν
479 1439 602 1494 οὔτε
631 1443 919 1512 προφήτης
946 1442 1240 1514 ὠνομάσθη
1271 1444 1400 1496 ποτὲ
1430 1442 1599 1510 Λόγος
1628 1443 1787 1506 Θεοῦ,
1819 1441 1934 1497 ἀλλ’

2037 1429 2230 1485 Sermo
2262 1432 2356 1485 Dei
2388 1441 2619 1503 vocatus
2650 1440 2753 1496 est,
2789 1445 2890 1485 nec
2914 1431 3113 1500 aliquis
3161 1446 3225 1484 ex
3254 1431 3618 1500 promissione

359 1534 479 1586 οὐδὲ
503 1534 586 1596 τις
609 1532 668 1596 ἐξ
699 1533 1032 1602 ἐπαγγελίας
1059 1533 1359 1603 γεννηθεὶς,
1380 1533 1488 1604 ἄρα
1520 1533 1628 1586 οὐδ’
1653 1535 1679 1584 6
1700 1530 1934 1602 Χριστὸς

2036 1533 2221 1588 natus,
2255 1533 2402 1579 certe
2429 1537 2532 1578 nec
2559 1522 2812 1577 Christus
2864 1523 3057 1577 Sermo
3106 1523 3200 1578 Dei
3248 1522 3452 1576 dicitur
3492 1536 3621 1590 pro-

361 1623 655 1694 ὡνομάσθη
680 1623 854 1691 Λόγος
885 1624 1024 1677 Θεοῦ
1077 1624 1166 1678 διὰ
1209 1623 1269 1676 τὸ
1307 1623 1397 1677 τὸν
1437 1622 1668 1692 ἄγγελον
1701 1622 1934 1692 λαλῆσαι

2037 1625 2242 1684 pterea,
2292 1613 2439 1684 quod
2475 1614 2706 1684 angelus
2741 1612 2941 1683 virgini
2987 1613 3168 1668 Marias
3191 1615 3422 1668 salutem
3460 1614 3618 1670 dixe-

361 1720 427 1788 τῇ
477 1718 731 1788 παρθένῳ
763 1715 956 1788 Μαρίᾳ
1002 1716 1098 1769 τὸν
1127 1716 1438 1784 ἀσπασμὸν,
1469 1715 1502 1784 ἢ
1535 1714 1598 1767 τὸ
1629 1715 1728 1786 τὴν
1772 1714 1934 1785 βασι-

2041 1708 2134 1770 rit,
2170 1713 2264 1760 ant
2320 1705 2465 1774 quod
2515 1705 2563 1759 is
2614 1720 2841 1775 regnum
2897 1705 2995 1759 Dei
3054 1707 3483 1760 annuntiaverit.
3511 1706 3619 1760 Sed

361 1784 512 1861 λείαν
542 1784 635 1862 τοῦ
682 1784 818 1861 Θεοῦ
863 1784 1333 1876 εὐαγγελίσασθαι
1383 1807 1475 1859 τὸν
1515 1784 1780 1875 Χριστὸν,
1820 1803 1934 1858 ἀλλ’

2041 1796 2146 1851 alia
2191 1795 2427 1865 quadam
2484 1795 2721 1862 ratione,
2779 1810 2942 1864 quam
3000 1795 3271 1865 ignoravit
3321 1797 3617 1863 Mahomet,

363 1897 534 1966 ἑτέρῳ
562 1896 670 1948 τινὶ
713 1895 879 1966 λόγῳ,
915 1895 976 1948 ὃν
1001 1897 1101 1948 οὐκ
1129 1890 1270 1948 οἰδεν
1325 1897 1353 1947 6
1398 1895 1666 1965 Μωάμεθ.
1714 1895 1778 1948 Εἰ
1827 1895 1937 1965 γάρ

2046 1891 2149 1944 hoc
2177 1903 2379 1943 nomen
2429 1888 2662 1957 accepit.
2712 1886 2768 1942 Si
2820 1888 2966 1942 enim
3006 1889 3247 1944 nevisset
3276 1903 3423 1955 eum,
3447 1906 3475 1944 a
3509 1891 3622 1944 bla—

362 1987 480 2058 ᾕδιι
512 1986 693 2053 αὑτὸν,
727 1986 825 2039 οὐκ
856 1985 924 2040 ἂν
947 1985 1310 2056 εϐλασφήμει.
1354 1985 1620 2050 Ἀκούσας
1647 1987 1757 2057 γὰρ
1788 1985 1939 2056 παρὰ

2040 1980 2305 2050 sphemiis
2363 1989 2516 2035 certe
2569 1981 2623 2033 in
2663 1980 2817 2035 illum
2868 1981 3030 2051 jaetis
3078 1981 3457 2037 abstinuisset.
3485 1983 3621 2038 Cum

362 2082 462 2147 τῆς
494 2077 716 2150 Γραφῆς
746 2077 922 2146 Λόγον
969 2077 1107 2140 Θεοῦ
1150 2076 1290 2133 εἶναι
1321 2077 1414 2133 τὸν
1445 2080 1706 2151 Χριστὸν,
1742 2081 1802 2134 τὸ
1840 2079 1939 2147 μὲν

2061 2071 2188 2125 enim
2219 2085 2285 2125 ex
2337 2069 2640 2140 Scripturis
2697 2073 2998 2156 audivisset
3044 2074 3325 2128 Christum
3353 2092 3474 2130 esse
3497 2076 3620 2131 Ser-
3651 2087 3663 2094 "

370 2171 533 2242 ῥητὸν
589 2171 933 2240 ὡμολόγησε,
972 2170 1072 2241 τὴν
1110 2171 1166 2224 δέ
1206 2187 1269 2239 γε
1317 2170 1546 2242 δύναμιν
1595 2171 1787 2225 τούτου
1837 2172 1940 2224 οὐκ

2045 2175 2286 2225 munem,
2345 2160 2480 2214 illud
2539 2162 2761 2230 quidem
2805 2164 2954 2230 quod
3003 2162 3290 2218 dicebatur
3335 2166 3622 2222 confessus

369 2263 608 2328 ἐδέξατο,
649 2259 770 2314 οὐδὲ
803 2260 939 2313 Θεὸν
985 2260 1149 2314 αὐτὸν
1178 2260 1524 2332 ὡμολόγησε,
1571 2263 1645 2332 μή
1685 2279 1816 2316 ποτε
1847 2264 1943 2318 δύο

2043 2261 2146 2314 εει,
2179 2253 2326 2307 illius
2359 2267 2491 2307 vero
2540 2268 2762 2308 sensum
2808 2269 2909 2308 nec
2958 2257 3182 2325 recepit,
3216 2272 3316 2312 nec
3344 2257 3623 2313 Christum

373 2354 536 2416 Θεοὺς
567 2351 896 2423 προσκυνῶν
927 2352 1151 2422 εὑρεθῇ.
1188 2353 1298 2404 Καὶ
1327 2351 1435 2406 ἰδοὺ
1464 2352 1722 2406 ὲδειλίασε
1753 2355 1938 2424 φόϐον,

2045 2342 2214 2400 Deum
2238 2359 2360 2399 esse
2383 2345 2670 2400 confessus
2697 2355 2807 2412 est,
2830 2362 2899 2401 ne
2915 2347 3054 2403 forte
3081 2347 3221 2404 duos
3240 2351 3372 2405 deos
3395 2350 3628 2407 adorare

381 2433 440 2493 οἶ)
465 2439 561 2492 οὐκ
602 2437 670 2509 ἦν
708 2439 894 2508 φόϐος.
927 2440 1001 2492 Οὐ
1033 2440 1143 2509 γὰρ
1170 2439 1378 2493 σύνοιδε
1403 2440 1678 2512 διάκρισιν
1710 2444 1946 2498 ὑποστά-

2045 2433 2576 2504 deprehenderetur.
2627 2434 2766 2491 Ecce
2813 2446 2995 2490 autem
3063 2438 3265 2502 timuit,
3313 2441 3404 2494 ubi
3461 2441 3629 2494 timor

388 2541 532 2591 σεων,
582 2529 634 2579 εἰ
663 2526 738 2596 μὴ
781 2527 874 2580 καὶ
903 2525 1004 2598 τὴν
1039 2526 1248 2581 οὐσίαν.
1300 2528 1471 2597 Λόγος
1503 2531 1612 2602 γὰρ
1649 2533 1678 2584 6
1711 2533 1947 2603 Χριστὸς

2050 2541 2156 2581 non
2186 2536 2343 2592 erat;
2374 2542 2486 2582 non
2504 2527 2651 2582 enim
2679 2528 2953 2582 intellexit
2976 2528 3410 2584 substantiarum
3435 2529 3631 2585 discri-

381 2619 700 2687 ὀνομάζεται
729 2619 826 2671 καὶ
875 2619 1156 2688 ὑμνεῖται,
1191 2620 1251 2671 οὺ
1285 2619 1447 2688 μόνον
1475 2620 1557 2674 ὅτι
1601 2623 1694 2674 καὶ
1725 2623 1816 2676 νοῦ
1853 2625 1948 2677 καὶ

2052 2633 2200 2683 men,
2231 2633 2336 2673 nec
2393 2619 2568 2690 ipsam
2631 2620 3018 2674 substantiam.
3053 2619 3309 2676 Christus
3333 2622 3479 2676 enim
3505 2622 3632 2678 Ser-

379 2712 535 2780 λόγου
589 2712 688 2766 καὶ
737 2713 933 2781 σοφίας
974 2713 1099 2766 ἐστὶ
1141 2713 1400 2784 χορηγὸς,
1440 2714 1555 2767 ἀλλ’
1590 2709 1671 2767 ὅτι
1702 2710 1816 2768 και
1849 2716 1948 2779 τὰς

2050 2726 2140 2766 mo
2178 2711 2404 2776 dicitur,
2450 2721 2508 2766 et
2555 2711 2892 2776 celebratur,
2936 2727 3049 2767 non
3081 2713 3243 2768 modo
3264 2713 3412 2782 quod
3436 2714 3635 2770 mentis

377 2804 596 2859 πάντων
642 2805 840 2869 αἰτίας,
891 2806 1142 2859 τουτέστι
1191 2806 1261 2859 τὰ
1302 2806 1743 2875 παραδείγματα,
1791 2807 1950 2861 ἅτινα

2051 2813 2106 2858 ει
2126 2802 2358 2857 rationis
2385 2809 2440 2856 et
2471 2801 2758 2872 sapientia:
2787 2801 2900 2856 dux
2933 2811 3038 2869 est,
3071 2817 3257 2858 rerum
3295 2805 3463 2860 etiam
3487 2806 3636 2874 quod

378 2898 472 2950 καὶ
515 2896 660 2960 ἰδέας
699 2897 964 2951 καλοῦσιν
995 2937 1010 2963 ,
1074 2898 1243 2968 ἤγουν
1273 2898 1372 2961 τὰς
1403 2899 1608 2962 ἀϊδίους
1641 2901 1861 2970 νοήσεις
1892 2905 1950 2955 ὲν

2053 2894 2300 2949 omnium
2341 2907 2558 2959 causas,
2621 2893 2673 2948 id
2726 2899 2811 2948 est
2845 2893 3115 2963 exempla,
3147 2909 3269 2962 quae
3295 2894 3464 2948 etiam
3487 2895 3641 2950 ideas

379 2987 556 3058 ἑαυτῷ
591 2988 879 3058 μονοειδῶς
916 2989 1272 3061 προείληφεν,
1306 2990 1392 3043 ὅτι
1427 2990 1485 3053 ἐξ
1525 2989 1690 3042 αὐτοῦ
1730 2990 1824 3042 τοῦ
1865 2991 1954 3044 λό-

2045 2984 2334 3049 dixerunt,
2359 2993 2592 3040 aeternas
2622 2985 2887 3039 nimirum
2920 2984 3390 3041 considerationes
3415 2995 3472 3041 et
3499 3002 3637 3042 eon-

379 3099 476 3149 γου
513 3081 695 3151 ἔχουσι
725 3081 788 3135 τὸ
832 3082 1040 3149 λογικοὶ
1084 3079 1225 3136 εἶναι
1273 3082 1327 3134 οἴ
1372 3098 1431 3134 τε
1467 3082 1690 3150 ἄγγελοι
1728 3085 1822 3137 καὶ
1857 3082 1950 3137 ἆν-
1978 3137 1981 3166 1

2056 3075 2177 3130 silia
2209 3075 2266 3128 in
2301 3076 2484 3143 seipse
2512 3074 2630 3130 solo
2665 3076 3030 3144 praesumpsit,
3067 3075 3286 3144 etquod
3314 3092 3387 3131 ex
3416 3092 3482 3132 eo
3519 3078 3639 3148 ipso

381 3176 626 3244 θρωποι,
665 3175 760 3227 καὶ
806 3177 889 3228 ὅτι
944 3175 1034 3227 διὰ
1088 3175 1308 3228 πάντων
1347 3178 1519 3246 χωρεῖ
1555 3176 1949 3246 διικνούμενος,
1981 3167 1983 3170 ’

2060 3181 2318 3222 sermone
2382 3167 2488 3222 hoc
2551 3167 2730 3236 ipsum
2781 3167 2928 3236 quod
2981 3181 3291 3242 sermonem
3346 3167 3552 3223 habent
3585 3178 3643 3224 et

381 3267 456 3333 ὡς
490 3267 556 3322 τὰ
596 3266 752 3338 ὶιόγςὸι
789 3283 976 3340 φασιν,
1022 3266 1151 3337 ἄχρι
1196 3266 1291 3320 τοῦ
1334 3268 1554 3321 πάντων
1601 3267 1827 3330 τελοῦς’
1860 3269 1958 3321 καὶ

2059 3259 2238 3330 angeli
2267 3266 2326 3314 et
2365 3258 2618 3340 homines
2670 3266 3021 3328 acceperunt,
3049 3269 3106 3314 et
3155 3257 3301 3328 quod
3329 3273 3428 3328 per
3455 3260 3642 3316 omnia

385 3363 490 3431 πρό
527 3378 590 3429 γε
627 3361 857 3426 τούτων,
891 3359 976 3415 ὅτι
1005 3359 1192 3432 πάσης
1223 3359 1530 3432 ἁπλότητος
1556 3359 1584 3415 6
1618 3359 1760 3426 θεῖος
1791 3361 1959 3433 ὑπερ-

2062 3357 2352 3423 penetrat,
2387 3359 2450 3404 ut
2495 3350 2754 3404 vaticinia
2815 3351 3060 3414 tradunt,
3092 3367 3268 3421 usque
3323 3353 3392 3407 ad
3421 3367 3641 3407 omnem

385 3455 630 3523 ήπλωται
656 3454 845 3522 Λόγος,
879 3454 978 3507 καὶ
1011 3453 1232 3507 πάντων
1267 3453 1415 3507 ἐστὶν
1446 3453 1587 3524 ὑπὲρ
1610 3454 1789 3507 πάντα
1820 3454 1961 3507 κατά

2063 3444 2248 3499 tinem.
2283 3445 2351 3499 Et
2371 3451 2634 3515 praeter-ea
2665 3442 2832 3515 quod
2845 3454 3019 3514 super
3054 3456 3285 3502 omnem
3317 3444 3638 3517 simplicita—

382 3547 446 3597 τὸ
484 3544 810 3614 ῦπερούσιον
863 3544 1287 3614 ἀπολελυμένος.
1343 3545 1497 3597 Ἐπεὶ
1540 3545 1670 3614 γὰρ,
1705 3545 1962 3616 ὠςζεῐρη-

2064 3545 2172 3591 tem
2199 3536 2422 3592 divinus
2452 3536 2650 3590 Sermo
2701 3537 3051 3607 expanditur,
3110 3548 3168 3592 et
3214 3539 3441 3594 omnino
3479 3554 3647 3609 super

384 3653 499 3702 ται,
539 3637 661 3690 οὔτε
699 3638 775 3700 ὡς
804 3636 1091 3708 προφήτης
1130 3636 1460 3708 ὀνομάζεται
1500 3637 1692 3706 Λόγος,
1725 3635 1849 3690 οὔτε
1886 3637 1962 3700 ὡς

2065 3625 2249 3682 omnia
2274 3626 2429 3696 juxta
2462 3627 2618 3681 illum
2652 3641 2872 3682 omnem
2894 3629 3256 3683 substantiam
3287 3631 3647 3686 excedentem

385 3733 448 3798 ἐξ
497 3731 848 3799 ἐπαγγελίας,
910 3730 1124 3800 τρανῶς
1175 3729 1275 3802 ἤδη
1329 3732 1691 3799 ἀναφαίνεται
1748 3732 1832 3784 ὅτι
1889 3732 1965 3795 ὡς

2067 3725 2154 3772 est
2185 3716 2493 3773 absolutus.
2520 3717 2981 3788 Quandoquidem
3010 3719 3200 3789 igitur,
3220 3728 3283 3774 ut
3311 3720 3518 3775 dictum
3541 3731 3645 3789 est,

386 3823 619 3890 φυσικὸς
650 3822 806 3888 λόγος
830 3821 923 3874 τοῦ
953 3821 1090 3874 Θεοῦ
1117 3822 1341 3890 λέγεται
1368 3825 1464 3875 καὶ
1487 3821 1636 3875 ἔστιν
1659 3823 1686 3874 6
1709 3822 1963 3894 Χριστός·

2068 3821 2252 3876 neque
2275 3815 2335 3861 ut
2360 3806 2630 3877 propheta
2663 3809 2858 3862 Sermo
2879 3809 3216 3876 nominatur,
3239 3825 3420 3881 neque
3439 3827 3507 3866 ex
3528 3827 3657 3882 pro-

389 3915 490 3968 wal
513 3915 599 3967 διά
628 3914 786 3966 τοῦτο
817 3914 944 3976 Υἱὸς
979 3912 1116 3967 Θεοῦ
1165 3916 1258 3967 καὶ
1297 3914 1514 3983 λέγεται
1554 3915 1651 3968 καὶ
1685 3912 1966 3980 ἐστιν.⁹Ως

2069 3899 2357 3966 missione,
2398 3898 2687 3954 manifeste
2708 3915 2859 3955 nunc
2886 3909 3061 3969 patet,
3099 3902 3248 3971 quod
3283 3917 3387 3958 ceu
3419 3912 3652 3958 natura-

385 4006 500 4073 γὰρ
540 4007 566 4056 6
594 4004 751 4070 λόγος
773 4005 865 4057 νοῦ
893 4005 1139 4076 γέννημα
1168 4007 1339 4071 ἐστιν,
1366 4005 1510 4060 οὕτω
1541 4005 1635 4058 καὶ
1675 4007 1703 4057 6
1733 4003 1970 4076 Χριστὸς

2070 3991 2140 4046 lis
2169 4004 2353 4046 sermo
2396 3991 2493 4045 Dei
2527 3991 2778 4046 Christus
2818 3991 3039 4048 dicatur
3086 4001 3144 4049 et
3188 3993 3281 4059 sit,
3316 4004 3655 4064 quapropter

389 4097 640 4164 ἁχρόνως
669 4099 766 4148 καὶ
779 4093 1022 4175 ’ἀπαβῶς
1051 4099 1144 4152 καὶ
1171 4097 1278 4167 πρὸ
1300 4097 1407 4149 τῶν
1439 4096 1652 4151 αἰώνων
1686 4097 1972 4166 γεννηθεὶς

2071 4083 2240 4138 etiam
2296 4082 2469 4138 Filius
2509 4083 2606 4138 Dei
2665 4084 2868 4139 dicitur
2919 4096 2976 4141 et
3029 4094 3133 4142 est.
3180 4085 3655 4153 Quemadmodum

391 4191 461 4240 ἐκ
474 4187 609 4240 Θεοῦ
633 4187 761 4251 Υίὸς
782 4174 947 4242 αὐτοῦ
970 4189 1319 4258 ὀνομάζεται.
1349 4189 1482 4242 Οὐδὲ
1499 4192 1605 4258 γάρ
1624 4189 1782 4258 Θέμις
1801 4190 1974 4242 εἰπεῖν

2074 4174 2223 4228 enim
2249 4189 2431 4230 sermo
2462 4174 2662 4230 mentis
2695 4175 2929 4231 etfectus
2966 4185 3072 4244 est,
3112 4178 3194 4232 sic
3218 4179 3385 4233 etiam
3405 4178 3658 4234 Christus

393 4278 603 4346 φθάσαι
644 4279 769 4339 τοὺς
827 4277 1030 4338 αἰῶνας
1069 4281 1168 4347 τὴν
1219 4279 1546 4348 προα-ιώνιον
1577 4277 1850 4346 γέννησιν.
1908 4277 1975 4330 ΕΞ

2077 4265 2147 4319 ab
2171 4275 2401 4330 aeterno,
2429 4275 2486 4320 et
2527 4265 2646 4320 sine
2691 4267 2967 4335 passione,
2992 4278 3121 4326 ante
3141 4270 3340 4324 saecula
3374 4284 3406 4325 e
3431 4271 3542 4345 Deo
3564 4285 3660 4342 ge-

390 4369 445 4421 6‘
480 4363 598 4431 οὖν,
636 4366 784 4419 ἐστιν
823 4369 913 4420 ὅτε
953 4366 1242 4437 εὑρίσκετο
1281 4367 1310 4418 6
1343 4367 1473 4429 Θεὸς
1515 4369 1608 4419 καὶ
1641 4367 1857 4435 ἄλογος,
1881 4366 1976 4421 καὶ

2079 4357 2250 4422 nitus,
2279 4357 2457 4412 Filius
2481 4357 2629 4412 illius
2665 4359 3004 4414 nominatur.
3049 4360 3162 4416 Nec
3185 4361 3333 4416 enim
3363 4362 3554 4418 dicere.
3577 4363 3663 4418 fas

389 4456 738 4524 ἄσοφος,καὶ
766 4456 1050 4521 ἀδύνατος,
1092 4459 1188 4510 καὶ
1222 4456 1376 4525 πηγὴ
1409 4456 1548 4525 ξηρὰ
1589 4458 1717 4510 ἄνευ
1754 4455 1967 4519 ὓδατος.

2081 4456 2184 4514 est,
2246 4447 2445 4503 saecula
2505 4448 2749 4519 attigisse
2811 4458 3070 4506 aeternam
3109 4451 3255 4507 illam
3307 4463 3435 4510 ante
3479 4457 3665 4512 omnia

407 4545 554 4598 Ἀλλ’
576 4546 700 4600 ἐπεὶ
723 4546 915 4617 ὥσπερ
942 4547 1113 4615 Λόγος
1137 4547 1273 4600 Θεοῦ
1301 4545 1630 4614 ὀνομάζεται
1660 4547 1687 4598 6
1711 4547 1973 4616 Χριστὸς,

2080 4537 2279 4593 saecula
2299 4538 2731 4607 generationem.
2765 4538 2908 4593 Num
2929 4540 3114 4612 itaque
3146 4543 3440 4613 aliquando
3469 4546 3665 4616 depre-

391 4637 544 4691 οὕτω
583 4639 678 4691 καὶ
715 4639 879 4707 σοφία
911 4639 1008 4692 καὶ
1038 4638 1272 4707 δύναμις
1299 4637 1542 4706 λέγεται.
1574 4639 1686 4691 Καὶ
1709 4641 1744 4712 ἢ
1781 4640 1974 4707 ἄλογος

2079 4628 2525 4697 henditurDeum
2557 4634 3085 4702 sermonecaruisse,
3106 4636 3476 4707 insipientem,
3492 4640 3669 4709 impc-

393 4730 494 4782 καὶ
525 4728 727 4796 ἄσοφος
764 4733 861 4782 καὶ
893 4728 1173 4800 ἀδύναμος
1197 4728 1488 4799 εὑρίσκετο
1524 4729 1623 4799 μὲν
1656 4735 1922 4800 πρότερον
1948 4733 1976 4784 6

2083 4729 2289 4776 tentem
2329 4721 2649 4792 fontemque
2671 4726 2878 4781 siccum
2918 4727 3075 4797 aquis
3101 4727 3426 4784 destitutum
3466 4729 3669 4787 fuisse?

393 4822 556 4885 Θεὸς,
592 4821 731 4890 μετά
764 4822 820 4874 δὲ
851 4821 1028 4875 ταῦτα
1062 4821 1431 4891 προσελάϐετο
1462 4823 1657 4891 σοφίαν
1688 4824 1783 4875 καὶ
1818 4823 1979 4890 λόγον

2085 4815 2192 4872 Sed
2217 4819 2680 4888 quemadmodum
2696 4820 2950 4878 Christus
2986 4837 3170 4879 sermo
3200 4825 3295 4880 Dei
3328 4829 3667 4893 nominatur,

399 4914 503 4967 καὶ
542 4912 799 4984 δύναμιν,
829 4913 1022 4985 ὥσπερ
1059 4915 1110 4968 οἰ
1145 4914 1449 4984 ἄνθρωποι,
1492 4917 1586 4967 καὶ
1615 4915 1736 4967 τότε
1761 4914 1979 4982 ἐγένετο

2084 4910 2164 4964 sic
2187 4910 2352 4964 etiam
2384 4913 2654 4981 sapientia
2682 4921 2737 4968 et
2765 4917 3009 4986 potentia
3035 4918 3258 4974 dicitur.
3284 4917 3350 4972 Et
3374 4920 3518 4974 Deus
3553 4923 3674 4991 qui-

391 4999 630 5064 τέλειος,
667 5000 700 5069 ἢ
753 5002 812 5066 ἐξ
866 5001 1039 5054 ἀϊδίου
1072 5003 1169 5054 καὶ
1211 5002 1316 5071 πρὸ
1369 5001 1587 5059 πάντων
1617 5003 1728 5054 τῶν
1767 5003 1980 5054 αἰώνων

2087 5003 2211 5056 dem
2235 5011 2328 5057 aut
2351 5014 2512 5058 antea
2539 5020 2790 5061 sermone
2813 5008 3010 5072 caruit,
3039 5009 3304 5080 insipiens
3351 5009 3456 5066 fuit
3477 5023 3533 5067 et
3570 5014 3674 5067 im—

391 5092 606 5154 ⁶τέλειος
629 5089 728 5155 ὢν,
776 5092 867 5144 τὸν
899 5091 1102 5145 ἑαυτοῦ
1137 5093 1306 5160 Λόγον
1337 5093 1615 5162 ἐγέννησε.
1661 5093 1770 5145 Καὶ
1802 5095 1849 5145 εἰ
1883 5091 1986 5162 μὲν

2087 5103 2307 5163 potens,
2350 5105 2540 5164 postea
2591 5111 2740 5162 vero,
2781 5107 2864 5159 ut_
2895 5099 3150 5154 homines
3200 5102 3402 5167 solent,
3461 5104 3675 5172 sapien-

375 5183 547 5253 ,μετὰ
596 5187 786 5252 καιρὸν
827 5185 925 5238 καὶ
981 5188 1175 5255 χρόνον
1231 5187 1320 5238 τὸν
1377 5186 1550 5253 Λόγον
1600 5187 1977 5256 ὑπεστήσατο,

2073 5185 2244 5251 tiam,
2284 5203 2599 5242 sermonem
2639 5197 2696 5244 et
2752 5192 3053 5260 potentiam
3086 5195 3408 5263 assumpsit,
3431 5207 3674 5266 tuncque

395 5273 524 5336 πῶς
553 5274 686 5337 Θεὸς
718 5277 745 5328 6
777 5277 1047 5347 πρότερον
1082 5277 1307 5344 ἅλογοςς
1359 5280 1466 5331 ἀπὸ
1498 5279 1605 5346 γὰρ
1647 5279 1754 5329 τῶν
1797 5277 1983 5348 σωμά-

2090 5279 2375 5347 perfectus
2436 5280 2683 5335 redditus
2719 5294 2824 5346 est;
2870 5291 2970 5336 aut
3021 5298 3148 5337 cum
3195 5285 3265 5338 ab
3296 5295 3509 5341 aeterno
3547 5299 3677 5343 ante

396 5378 516 5416 των
579 5363 684 5416 κᾶν
747 5366 869 5418 ὅσον
903 5366 1174 5436 ἀφέληταί
1230 5385 1334 5429 τις,
1397 5368 1455 5419 τὸ
1515 5368 1982 5436 καταλειπόμενον

2089 5374 2297 5425 omnia-
2320 5373 2515 5427 sa’cula
2553 5373 2829 5443 perfectus
2857 5383 3218 5440 esset,‘suum
3267 5378 3441 5448 ipsius
3467 5394 3681 5436 sermo.

399 5451 574 5523 σῶμά.
627 5459 795 5512 ἐστιν.
840 5459 974 5512 Ἀπὸ
1013 5459 1071 5512 δὲ
1127 5460 1225 5528 τῆς
1280 5459 1391 5512 τῶν
1427 5460 1736 5529 ἀσωμάτων
1770 5461 1984 5526 φύσεως

2090 5480 2216 5518 nem
2251 5466 2459 5534 genuit.
2489 5467 2553 5520 Et
2587 5467 2632 5523 si
2674 5468 2896 5536 quidem
2925 5479 3051 5537 post
3081 5479 3300 5541 tempus
3337 5471 3559 5541 aliquod
3583 5481 3680 5526 aut

399 5547 513 5602 κᾶν
545 5548 604 5600 τὸ
638 5551 1004 5619 σμικρότατον
1034 5551 1382 5622 ἁφαιρήσῃς,
1423 5552 1482 5603 τὸ
1528 5556 1635 5605 πᾶν
1671 5553 1984 5615 ἀπώλεσας.

2091 5558 2387 5611 articulum
2453 5559 2715 5629 temporis
2768 5576 3078 5615 sermonem
3116 5577 3184 5617 ex
3244 5577 3305 5618 se
3360 5564 3685 5636 progenuit,

403 5639 522 5693 Κοιί
559 5641 651 5692 ἐὰν
689 5643 779 5693 ἐπὶ
831 5644 937 5695 τῶν
979 5645 1288 5712 ἀσωμάτων
1325 5648 1390 5713 ἀγ
1406 5666 1419 5712 κ,
1437 5646 1572 5698 ἐλων
1619 5646 1790 5710 οὕτως
1838 5649 1988 5698 ἐστὶν

2092 5649 2371 5719 quomodo
2408 5650 2554 5705 Deus
2605 5661 2721 5705 erat
2779 5663 2907 5706 ante
2965 5653 3058 5722 qui
3107 5667 3363 5708 sermone
3419 5652 3688 5709 carebat?

405 5732 449 5799 ἡ
489 5732 734 5800 ἀλήθεια,
788 5737 937 5804 πόσῳ
998 5737 1216 5804 μᾶλλων
1279 5739 1371 5788 ἐπὶ
1428 5741 1561 5792 Θεοῦ
1615 5742 1769 5794 τοῦτό
1837 5743 1986 5794 ἐστιν

2093 5746 2646 5815 Quantulumcunquc
2675 5747 2822 5800 enim
2863 5748 2986 5816 quis
3019 5763 3049 5803 ε
3077 5746 3404 5820 corporibus
3436 5743 3678 5806 abstule‘
