4058 6452
468 284 586 346 655

1658 286 1977 348 JOANNIS
2013 289 2545 352 'CANTACUZEN!

3618 305 3717 368 656

475 401 569 466 rit,
602 411 804 468 corpus
862 396 1248 468 imperfectum
1274 384 1283 390 ’
1310 395 1562 452 redditur
1605 414 1617 450 :
1657 413 1683 450 a
1716 398 1929 452 naturis
1959 413 2026 450 au

2129 399 2382 464 ,ἀτοπον,
2426 403 2522 456 τοῦ
2576 406 2756 476 πάσης
2795 407 3218 482 ἀσωματότητος
3254 413 3350 466 καὶ
3403 413 3724 488 ἁπλότητοξ,

475 489 962 558 tem'incorporeis
992 489 1036 543 si
1073 489 1154 542 vel
1204 489 1485 542 minimam
1525 488 1821 542 abstuleris
1850 488 2056 556 portio-

471 596 622 644 nem,
650 588 826 634 totum
850 579 1161 651 perdidisti.
1192 579 1348 646 Quod
1369 580 1413 633 si
1447 579 1609 649 igitur
1633 579 1735 632 hoc
1757 578 1824 632 de
1847 578 2055 647 angelis

471 673 815 741 incorporeis
877 680 1030 726 recte
1075 673 1304 734 dicitur,
1355 681 1562 740 quanto
1618 669 1792 738 magis
1836 669 1942 722 hoc
1995 669 2049 724 in

470 763 584 817 Deo
617 762 919 817 absurdum
953 762 1082 825 erit,
1130 761 1225 831 qui
1268 762 1336 816 ab
1388 761 1536 814 omni
1570 761 1894 829 incorporea
1924 760 2054 814 sub-

473 854 673 910 stantia
721 854 869 909 omni
912 853 1261 923 simplicitate
1313 863 1366 908 et
1407 864 1601 907 natura
1637 867 1801 922 supra
1831 868 2048 906 omnem

471 946 838 1000 substantiam
895 955 1182 1014 exemptus
1237 946 1356 998 est?
1399 944 1454 999 Si
1516 946 1662 999 enim
1725 943 2047 998 Sermonem

468 1052 577 1090 non
607 1036 863 1098 habebat,
897 1045 950 1090 et
983 1048 1169 1106 postea
1226 1037 1405 1106 ipsum
1441 1034 1755 1105 assumpsit,
1791 1035 2048 1104 possibile

468 1129 633 1183 etiam
671 1137 731 1182 ut
771 1128 918 1181 illum
971 1127 1160 1197 perdat
1220 1128 1680 1196 quemadmodum
1750 1127 2050 1194 assumpsit

467 1221 609 1286 (qua:
645 1218 794 1271 enim
835 1218 1081 1286 apposita
1113 1228 1244 1271 sunt
1292 1217 1357 1270 ad
1391 1217 1617 1285 aliquid,
1651 1217 1814 1270 etiam
1844 1217 2042 1270 attferri

465 1323 627 1378 posse
661 1307 930 1373 constat).
984 1307 1138 1373 Quod
1182 1308 1226 1362 si
1269 1322 1401 1361 vero
1438 1307 1507 1360 ab
1554 1319 1761 1360 aeterno
1817 1317 1873 1360 et
1917 1320 2044 1361 ante

465 1402 650 1455 omnia
683 1401 878 1455 saecula
905 1415 1006 1454 ceu
1033 1398 1311 1470 perfectus
1335 1401 1476 1453 Deus
1503 1399 1802 1467 perfectum
1829 1415 2044 1468 quoque

463 1508 624 1546 suum
666 1492 990 1547 Sermonem
1040 1494 1250 1561 genuit,
1290 1492 1449 1545 Pater
1478 1490 1571 1559 qui
1622 1499 1862 1545 :elernus
1900 1498 2041 1554 erat,

463 1581 544 1636 Fil
574 1597 664 1636 um
693 1596 914 1650 quoque
955 1590 1011 1634 et
1059 1580 1380 1634 Sermonem
1415 1595 1573 1633 suum
1624 1588 1889 1634 aeternum
1921 1593 2043 1632 esse

463 1671 787 1735 declaravit,
823 1682 878 1724 ct
901 1669 1153 1724 Salvator
1181 1684 1440 1737 expresca
1478 1669 1655 1736 imago
1689 1676 1749 1721 et
1787 1667 2044 1736 splendor

459 1764 639 1819 Patris
670 1771 758 1816 est
785 1760 1075 1823 naturalis,
1105 1767 1162 1812 et
1217 1760 1270 1812 in
1319 1758 1611 1828 imaginem
1649 1758 1790 1811 hanc
1828 1773 2042 1826 semper

459 1855 770 1922 respiciens
806 1853 966 1906 Pater
1007 1851 1252 1918 seipsum
1317 1865 1531 1918 semper
1594 1849 1811 1917 aspicit.
1865 1849 2042 1904 Stulte

461 1948 622 2017 igitur
653 1945 930 2000 Mahomet
951 1943 1138 2006 tradit,
1171 1941 1337 1996 Deum
1375 1957 1482 1994 non
1517 1955 1675 2009 posse
1707 1941 1903 1994 Filium
1938 1941 2040 1994 ha-

462 2039 592 2092 bere
621 2037 742 2091 sine
762 2036 1014 2090 muliere.
1047 2033 1159 2088 Hoc
1197 2033 1338 2086 idem
1365 2048 1474 2085 ceu.
1497 2032 1636 2086 forte
1659 2043 2039 2102 argumentum

460 2129 680 2197 repetit.
707 2127 764 2181 In
798 2129 943 2179 hunc
971 2134 1154 2179 autem
1189 2120 1480 2193 (quantum
1507 2123 1765 2194 conjicio)
1793 2140 2036 2179 errorem

457 2221 675 2285 incidit,
731 2219 878 2290 quod
936 2219 1103 2272 Deum
1149 2232 1473 2286 corporeum
1533 2231 1654 2271 esse
1691 2226 1926 2286 putaret,
1983 2228 2038 2273 et

459 2321 752 2384 propterea
808 2323 1101 2379 supernam
1159 2322 1380 2376 quoque
1437 2307 1580 2360 illam
1629 2308 2036 2376 generationem

459 2416 786 2472 corpoream
847 2413 972 2454 esse
1052 2397 1412 2452 existimavit.
1456 2396 1525 2449 Et
1581 2396 1699 2450 [icti
1749 2405 1928 2464 potest
1979 2406 2040 2450 ut

455 2490 922 2564 quemadmodum
953 2489 1021 2544 de
1052 2490 1163 2543 Deo
1190 2489 1352 2553 dixit,
1381 2488 1528 2557 quod
1576 2489 1632 2542 in
1665 2488 1782 2557 ipso
1825 2503 1937 2542 non
1966 2488 2039 2543 sit

455 2585 734 2646 accidens,
789 2591 846 2636 et
897 2579 1208 2634 necessario
1261 2593 1443 2648 neque
1495 2579 1802 2633 substantia
1861 2596 2038 2649 neque

455 2678 586 2740 vita,
623 2691 692 2729 eo
744 2673 889 2744 quod
923 2687 1036 2727 non
1072 2671 1346 2738 comedat,
1379 2687 1482 2726 nec
1530 2674 1720 2742 spiret,
1759 2672 1832 2728 ita
1873 2674 2036 2728 etiam

453 2768 744 2840 negaverit
803 2766 974 2822 Deum
1043 2766 1244 2821 habere
1311 2765 1532 2821 Filium.
1581 2765 2036 2836 Quandoquidem

450 2875 581 2914 wro
613 2859 756 2914 idem
802 2858 894 2913 ille
951 2856 1223 2911 Mahomet
1247 2855 1529 2911 Christum
1576 2858 1816 2911 animam
1849 2858 1941 2913 Dei
1981 2869 2038 2916 et

435 2954 712 3024 ,Spiritum
743 2951 837 3006 Dei
877 2949 1119 3004 dilucide
1165 2949 1298 3003 dicit
1330 2959 1620 3019 vocatque,
1661 2951 2033 3006 concedamus

448 3062 548 3101 nos
579 3060 796 3115 quoque
819 3059 935 3097 rem
966 3043 1039 3096 ita
1074 3051 1134 3096 ut
1165 3041 1301 3096 dicit
1325 3057 1384 3096 se
1420 3041 1644 3098 habere.
1678 3043 1745 3098 Et
1791 3044 1835 3096 si
1867 3043 2030 3112 spiri-

434 3135 533 3190 tus
563 3137 655 3191 Dei
691 3145 746 3190 ct
773 3134 954 3190 anima
998 3133 1092 3186 Dei
1154 3143 1407 3188 creatura
1453 3149 1574 3188 esse
1609 3143 1788 3201 potest
1833 3142 1889 3188 et
1922 3143 2024 3199 est,

444 3244 574 3284 ecce
608 3229 777 3297 igitur
809 3229 921 3299 jam
950 3228 1224 3297 contingit
1251 3235 1311 3281 ut
1354 3226 1669 3296 Deusjttxta
1703 3228 2029 3285 Mahometis

444 3326 762 3392 opinionem
819 3323 1115 3394 aliquando
1184 3322 1381 3391 Spiritu
1423 3322 1670 3376 caruerit
1718 3332 1774 3377 ct
1822 3323 2024 3388 anima,

443 3426 503 3470 et
533 3430 631 3484 per
666 3423 951 3473 creaturas
995 3415 1156 3483 plene
1216 3413 1504 3467 absolutus
1549 3414 1638 3475 sit,
1669 3414 1894 3482 etquod
1932 3422 2028 3468 aut

443 3507 562 3574 ipse
600 3504 954 3572 imperfectus
981 3502 1220 3571 seipsum
1255 3502 2025 3573 condideritqperl'ectumque

445 3594 662 3657 iecerit,
715 3600 811 3646 aut
858 3596 1027 3646 alium
1069 3593 1154 3646 sui
1197 3603 1503 3647 creatorem
1561 3592 1783 3648 habeat.
1830 3595 1910 3648 En
1946 3596 2023 3648 rei

447 3682 847 3738 absurditatem
909 3683 1220 3736 considera.
1267 3682 1323 3737 Si
1375 3696 1507 3736 vero
1548 3681 1690 3736 Deus
1742 3698 2022 3751 nunquam

443 3776 622 3830 caruit
652 3774 872 3842 spiritu,
900 3789 1004 3828 nec
1027 3774 1230 3838 anima,
1262 3774 1357 3827 sed
1388 3774 1472 3826 his
1501 3787 1717 3842 semper
1748 3771 1849 3834 fuit
1879 3789 2018 3841 prat-

445 3870 614 3930 ditus,
644 3867 921 3936 sequitur,
950 3865 1096 3935 quod
1127 3864 1381 3920 Christus
1418 3880 1657 3933 semper,
1683 3881 1795 3947 non.
1817 3880 2020 3920 secun-

439 3959 571 4013 dum
619 3959 914 4013 humanam
979 3967 1258 4020 naturam,
1309 3957 1402 4012 sed
1452 3957 1713 4023 divinam,
1743 3974 1866 4012 cum
1909 3959 2020 4012 Deo

441 4052 629 4116 fuerit,
660 4051 775 4105 sive
801 4065 1111 4106 sermonem
1141 4051 1256 4105 sive
1289 4051 1617 4120 sapientiam
1677 4049 1794 4105 sive
1826 4059 2020 4118 poten-

443 4145 571 4200 tiam
616 4143 764 4197 ltunc
815 4141 1208 4197 nominaveris.
1247 4141 1494 4210 Semper,
1533 4142 1779 4210 inquam,
1810 4155 1886 4195 οι·
1906 4141 2018 4195 Deo

437 4247 543 4297 est,
567 4245 622 4290 et
653 4249 778 4289 cum
807 4249 895 4288 eo.
946 4233 1182 4304 Sapiens
1209 4234 1357 4288 enim
1413 4249 1695 4302 nunquam
1749 4235 1869 4288 sine
1919 4249 2014 4290 sua

433 4336 518 4382 est
563 4324 856 4396 sapientia,
915 4339 1093 4394 neque
1142 4325 1404 4380 robustus
1457 4325 1580 4376 sine
1631 4337 1732 4376 suo
1793 4323 2012 4399 robore,

2157 493 2252 544 καὶ
2289 493 2469 562 πάσης
2519 495 2734 563 φύσεως
2766 499 3105 570 ῦπερουσίως
3149 504 3523 576 ἐξῃρημένους
3559 511 3726 581 Εἴπερ

2153 583 2262 654 γὰρ
2301 585 2376 654 μὴ
2418 581 2530 655 εἶχε
2579 589 2776 657 Λόγον,
2823 591 2938 645 ἀλλ’
2989 593 3215 662 ὕστερον
3252 599 3414 652 αὐτὸν
3462 604 3727 670 προσελά-

2155 674 2301 738 ϐετο,
2341 675 2570 732 δυνατόν
2611 682 2758 734 ἐστιν
2811 684 3075 739 ἀπολέσαι
3134 686 3342 752 τοῦτον,
3397 691 3576 755 καθὼς
3630 696 3725 749 καὶ

2155 767 2546 832 προσελάϐετο.
2606 770 2686 823 Τά
2737 773 2850 840 γάρ
2920 777 3328 848 προστιθέμενα
3373 785 3608 855 φανερὸν
3643 787 3725 840 ὅτι

2151 859 2245 910 καὶ
2283 861 2631 929 ἀφαιρεῖσθαι
2673 863 2956 920 δύνανται.
2991 869 3054 922 Et
3093 869 3153 923 δὲ
3182 871 3242 935 ἐξ
3287 873 3457 926 ἀϊδίου
3493 877 3586 929 καὶ
3619 881 3727 948 πρὸ

2153 950 2373 1002 πάντων
2407 952 2515 1004 τῶν
2541 951 2754 1008 αἰώνων
2783 957 2858 1018 ὡς
2886 959 3092 1022 τέλειος
3120 961 3250 1024 Θεὸς
3275 963 3366 1016 τὸν
3386 966 3593 1020 τέλειον
3626 971 3696 1022 αὐ
3715 1003 3727 1013 -

2149 1037 2244 1125 τοῦ
2275 1041 2446 1108 Λόγον
2471 1044 2754 1114 ἐγέννησε,
2790 1046 2885 1100 καὶ
2913 1048 3085 1113 ἀΐδιος
3115 1049 3191 1104 ὣν
3223 1054 3255 1105 6
3306 1053 3496 1125 Πατὴρ
3541 1056 3727 1122 ἁῐδίως

2150 1123 2240 1174 τὸν
2269 1125 2435 1178 αὑτοῦ
2476 1126 2605 1179 Υίὸν
2647 1131 2741 1181 καὶ
2775 1130 2948 1198 Λόγον
2979 1132 3276 1202 ἐξέλαμψε,
3310 1138 3404 1191 καὶ
3431 1123 3596 1192 εικὼν
3627 1145 3725 1196 καὶ

2149 1216 2490 1284 ἀπαύγασμα
2531 1218 2758 1285 φυσικὸν
2793 1223 2820 1273 6
2848 1221 3039 1293 Σωτὴρ
3071 1223 3164 1276 τοῦ
3197 1227 3409 1294 Πατρός
3453 1230 3594 1294 ἔστι,
3625 1231 3725 1284 καὶ

2147 1301 2205 1352 ιν
2255 1304 2318 1371 τῇ
2353 1302 2520 1356 εἰκόνι
2548 1305 2721 1378 ταύτῃ
2751 1307 2837 1360 ἀεὶ
2877 1307 3098 1380 θεωρῶν
3128 1312 3156 1364 6
3185 1312 3372 1384 Πατὴρ
3409 1315 3599 1369 ἑαυτὸν
3630 1318 3720 1371 ἀεὶ

2147 1392 2382 1459 θεωρεῖ·
2429 1389 2536 1463 ἄρα
2572 1397 2800 1463 μάταιος
2844 1399 2873 1450 6
2917 1400 3185 1470 Μωάμεθ,
3234 1403 3263 1452 6
3313 1403 3486 1472 λέγων
3532 1408 3614 1460 ὅτι
3655 1410 3716 1462 οὐ

2143 1480 2368 1534 δύναται
2395 1484 2422 1534 6
2460 1483 2592 1546 Θεὸς
2637 1487 2766 1537 κατ’
2817 1487 3010 1541 οὐδένα
3043 1489 3247 1558 τρόπον
3276 1493 3390 1544 υίὸν
3419 1494 3564 1564 ἔχειν
3588 1498 3717 1550 ἀνευ

2145 1573 2430 1638 γυναικός.
2499 1575 2670 1630 Τοῦτο
2740 1580 2851 1650 γὰρ
2907 1572 3168 1643 πολλάκις
3231 1581 3532 1639 ἀνακυκλοῖ
3597 1589 3720 1642 ἀντὶ

2148 1664 2368 1733 ἰσχυροῦ
2429 1666 2882 1739 ἐπιχειρήματος.
2954 1671 3208 1727 Ἐνέπεσε
3268 1675 3326 1729 δὲ
3372 1677 3452 1740 είς
3511 1677 3720 1747 ταύτην

2080 1740 2120 1793 Β
2146 1755 2243 1823 τὴν
2273 1755 2508 1826 πλάνην,
2534 1758 2608 1822 ὡς
2643 1758 2820 1829 οἶμαι,
2845 1761 2933 1817 διά
2963 1765 3025 1817 τὸ
3044 1763 3136 1817 τὸν
3165 1765 3299 1821 Θεὸν
3334 1768 3552 1838 νομίσαι
3581 1740 3717 1823 εἶναι

2146 1847 2484 1919 ἐνσώματον.
2526 1852 2627 1904 Διά
2663 1853 2823 1906 τοῦτο
2851 1857 2945 1909 καὶ
2973 1857 3069 1926 τὴν
3099 1858 3211 1926 ἄνω
3241 1862 3495 1930 γέννησιν
3527 1881 3717 1932 σωμαο

2143 1939 2301 2008 τικὴν
2351 1935 2491 1991 εἶναι
2542 1941 2801 1996 ὑπέλαϐε.
2859 1945 2971 1998 Καὶ
3003 1940 3114 1999 οἷον
3143 1946 3333 2017 ὥσπερ
3386 1952 3515 2022 περὶ⁹
3553 1951 3714 2015 Θεοῦ,

2141 2029 2223 2102 δτι
2265 2030 2389 2081 ἐπεὶ
2426 2031 2774 2102 συμϐεϐηκὸς
2814 2035 2872 2089 ὲν
2898 2035 3048 2105 αὑτῷ
3087 2037 3189 2090 οὐκ
3211 2038 3379 2107 ἔστιν,
3405 2043 3715 2114 ὲξανάγκης

2141 2120 2264 2174 οῦδὲ
2312 2121 2470 2174 οὐσία
2503 2121 2536 2191 ἦ
2568 2122 2703 2193 ζωὴ,
2738 2124 2822 2177 ὅτι
2860 2127 2936 2196 μὴ
2973 2125 3146 2180 ἐσθίει
3176 2129 3210 2198 ἢ
3243 2132 3474 2185 ἀναπνεῖ
3499 2149 3513 2162 ·
3543 2135 3717 2198 οὕτως

2141 2215 2386 2282 ἀρνεῖται
2413 2213 2474 2265 τὸ
2500 2213 2590 2266 τὸν
2629 2214 2762 2268 Θεὸν
2790 2216 2936 2286 ἔχειν
2993 2220 3129 2276 υἱόν.
3175 2223 3327 2276 Ἐπεὶ
3375 2226 3430 2276 δὲ
3460 2226 3550 2278 τὸν
3581 2228 3719 2297 Χρι-

2143 2310 2265 2356 στὸν
2295 2307 2323 2357 ὁ
2356 2305 2516 2368 αὐτὸς
2556 2307 2804 2376 Μωάμεθ
2846 2309 3026 2382 ψυχὴν
3057 2311 3194 2366 Θεοῦ
3231 2317 3326 2368 καὶ
3371 2318 3538 2388 πνοὴν
3575 2320 3714 2372 Θεοῦ

2140 2395 2442 2467 διαρρήδην
2472 2397 2730 2467 ὀνομάζει
2758 2400 2854 2453 καὶ
2878 2401 3048 2469 λ’ἐγέι,
3071 2404 3400 2475 ὑποθὼμεθα
3426 2413 3518 2462 καὶ
3549 2411 3716 2479 ἡμεῖς

2138 2487 2298 2540 τοῦτο
2338 2487 2512 2550 οὕτως
2557 2485 2696 2542 εἶναι
2744 2492 2886 2544 κατά
2926 2494 3018 2546 τὸν
3050 2495 3262 2549 ἐκείνου
3302 2497 3476 2568 λόγον.
3527 2502 3634 2554 Kal.
3662 2507 3712 2557 εἰ

2139 2579 2170 2643 ἠ
2202 2575 2296 2626 τοῦ
2345 2576 2483 2628 Θεοῦ
2529 2579 2666 2648 πνοὴ
2709 2580 2982 2653 καὶψυχὴ
3035 2584 3242 2654 κτίσμα
3293 2585 3517 2643 δύναται
3567 2587 3711 2645 εἶναι

2138 2668 2232 2720 καὶ
2258 2668 2426 2734 ἐστιν,
2475 2671 2587 2723 ἰδοὺ
2617 2671 2764 2726 ἐστιν
2809 2673 2898 2726 ὅτε
2929 2678 2956 2730 6
2990 2674 3123 2741 Θεὸς
3155 2679 3296 2733 κατὰ
3336 2682 3429 2735 τὸν
3461 2684 3709 2751 Μωάμεθ

2138 2761 2233 2812 καὶ
2267 2759 2471 2824 ἄπνους
2496 2761 2588 2815 καὶ
2612 2765 2819 2834 ἄψυχος
2851 2761 2943 2838 ἦν,
2988 2770 3082 2821 καὶ
3125 2770 3217 2824 διὰ
3251 2775 3564 2844 κτισμάτων
3587 2777 3712 2844 ἐγέ-

2137 2868 2260 2905 νετο
2313 2853 2544 2916 τέλειος.
2592 2857 2704 2909 Ka‘t
2753 2857 2985 2927 ἢαῦτὸς
3039 2862 3231 2916 ἑαυτὸν
3279 2866 3708 2937 ἐδημιούργησε,

2137 2945 2235 2997 καὶ
2272 2945 2497 3016 ἐποίησε
2530 2947 2734 3001 τέλειον
2774 2951 2972 3023 ἀτελὴς
3002 2953 3413 3025 εὑρισκόμενος,
3449 2960 3480 3029 ἤ
3514 2960 3705 3029 ἕτερός

2137 3038 2284 3089 ἐστιν
2317 3039 2345 3090 6
2381 3039 2572 3090 τούτου
2611 3041 2965 3112 δημιουργός.
3016 3046 3128 3099 Καὶ
3158 3047 3346 3101 σκόπει
3381 3052 3442 3102 τὸ
3481 3051 3705 3108 ἄτοπον.

2133 3131 2197 3182 El
2235 3131 2290 3183 δὲ
2321 3129 2419 3183 οῦκ
2445 3127 2513 3203 ἦν
2554 3150 2688 3187 ποτε
2729 3135 2819 3188 ὅτε
2853 3139 2879 3189 6
2929 3137 3060 3201 Θεὸς
3110 3141 3316 3205 ἄπνους
3363 3147 3457 3197 καὶ
3497 3145 3704 3218 ἄψυχος

2129 3222 2437 3291 εὑρίσκετο,
2487 3223 2602 3276 ἀλλ’
2635 3225 2722 3278 ἀεὶ
2774 3217 3156 3297 ἔμψυχοςκαὶ
3201 3231 3462 3302 ἔμπνους,
3516 3217 3703 3294 λοιπὸν

2128 3314 2220 3364 καὶ
2248 3314 2336 3366 ἀεὶ
2362 3318 2390 3367 6
2416 3315 2673 3384 Χριστὸς,
2708 3317 2828 3387 οὐχὶ
2851 3319 2985 3372 καθὸ
3013 3320 3323 3392 ἄνθρωπος,
3355 3326 3490 3381 ἀλλά
3518 3330 3703 3396 καθὼς

2126 3405 2190 3455 ὲκ
2217 3403 2308 3458 τοῦ
2336 3405 2471 3458 Θεοῦ
2499 3409 2792 3476 γενόμενος
2823 3409 3038 3482 ὑπῆρχε
3069 3412 3147 3482 τῷ
3171 3414 3313 3486 Θεῷ.
3341 3418 3458 3472 Κάν
3481 3436 3540 3472 τε
3567 3423 3700 3487 γοίν

2123 3494 2317 3562 Λόγον,
2355 3498 2455 3551 κάν
2489 3515 2548 3550 τε
2583 3499 2774 3568 σοφίαν
2803 3501 2897 3554 καὶ
2922 3502 3149 3572 δύναμιν
3179 3505 3361 3579 εἴπῃς,
3391 3510 3478 3562 ἀεὶ
3507 3512 3571 3564 ἐκ
3600 3512 3699 3565 τοῦ

2123 3587 2258 3640 Θεοῦ
2307 3591 2445 3655 ἐστι,
2481 3592 2575 3642 καὶ
2617 3592 2736 3658 μετ’
2788 3591 2956 3645 αὑτοῦ
3011 3596 3182 3651 ἐστιν.
3217 3600 3352 3652 Οὐδὲ
3411 3603 3518 3672 γάρ
3574 3604 3696 3656 ἐστί

2124 3696 2254 3730 ποτε
2295 3681 2320 3732 6
2356 3681 2516 3747 σοφὸς
2557 3681 2686 3734 ἄνευ
2719 3683 2819 3752 τῆς
2859 3684 3050 3738 ἑαυτοῦ
3084 3688 3294 3757 σοφίας,
3317 3692 3438 3744 οὐδὲ
3475 3696 3502 3746 6
3535 3694 3697 3747 δυνα-

2122 3772 2210 3831 τὸς
2241 3772 2392 3832 ἐκτὸς
2425 3775 2522 3842 τῆς
2560 3772 2754 3825 ἑαυτοῦ
2787 3774 3091 3844 δυνάμεως,
3115 3779 3235 3832 οὐδὲ
3275 3783 3302 3833 6
3342 3783 3465 3846 νοῦς
3521 3787 3692 3854 χωρὶς

2117 3863 2211 3914 τοῦ
2254 3862 2448 3914 ἑαυτοῦ
2486 3863 2671 3931 λόγου,
2708 3865 2784 3927 ὡς
2818 3866 2940 3919 οὐδὲ
2964 3869 2993 3920 6
3021 3869 3172 3939 ἥλιος
3198 3871 3328 3925 ἀνευ
3365 3874 3464 3944 τῆς
3491 3875 3690 3928 ἑαυτοῦ

2119 3954 2360 4014 ἀκτῖνος.
2397 3954 2514 4008 Κάν
2548 3971 2606 4008 τε
2636 3956 2768 4024 γοῦν
2793 3958 2974 4030 ψυχὴν
3005 3959 3141 4014 Θεοῦ
3178 3965 3269 4016 καὶ
3305 3965 3473 4034 πνοὴν
3505 3968 3688 4037 εἴπῃς,

2117 4038 2210 4090 τὸν
2239 4039 2402 4091 αὐτὸν
2431 4040 2589 4108 λόγον
2620 4044 2770 4096 ἐστιν
2799 4049 2999 4103 εἰπεῖν.
3031 4051 3092 4101 Εἰ
3126 4052 3233 4122 γὰρ
3264 4054 3443 4125 ψυχὴν
3474 4052 3623 4124 εἶχεν
3661 4059 3690 4108 6

2117 4131 2269 4197 Θεὸς,
2312 4131 2372 4183 τὸ
2410 4133 2594 4201 τίμιον
2624 4135 2816 4202 αὐτοῦ,
2850 4142 2882 4208 ή
2926 4141 3070 4212 ψυχὴ
3100 4144 3264 4214 αὐτοῦ
3292 4147 3576 4214 εὑρίσκετο
3599 4148 3684 4201 ἄν.

2117 4223 2226 4275 Καὶ
2269 4223 2378 4277 ἰδοὺ
2414 4225 2522 4276 ἀπό
2573 4243 2632 4278 τε
2672 4228 2773 4297 τῆς
2827 4230 3113 4300 ἀληθείας,
3169 4237 3277 4287 ἀπό
3330 4254 3390 4290 τε
3455 4239 3553 4305 τῆς
3592 4239 3687 4290 τοῦ

2116 4313 2361 4382 Μωάμεθ
2399 4317 2712 4385 ὁμολογίας,
2766 4322 2799 4371 6'
2831 4321 3066 4390 Χριστὸς
3098 4327 3196 4396 τῆς
3225 4327 3394 4397 αὐτῆς
3435 4330 3528 4382 καὶ
3558 4337 3687 4402 μιᾶς

435 4432 612 4486 neque
654 4429 808 4469 mens
850 4415 971 4470 sine
1001 4429 1099 4470 sua
1144 4415 1375 4479 ratione,
1401 4425 1462 4468 ut
1499 4429 1600 4468 nec
1639 4415 1718 4467 sol
1759 4414 1878 4468 sine
1907 4429 2008 4469 suo

2129 4405 2332 4472 ρὺσεως
2383 4407 2458 4474 τῷ
2513 4409 2632 4480 Θεῷ
2691 4411 3082 4482 εὑρισκόμενος
3129 4417 3526 4474 ἀποδέδεικται.
3577 4425 3690 4478 Kal.

436 4509 611 4563 radio.
669 4506 727 4561 Si
773 4506 945 4576 igitur
1000 4506 1146 4560 hunc
1192 4505 1430 4559 animam
1489 4503 1608 4558 sive
1631 4503 1882 4570 spiritum
1914 4503 2011 4557 Dei

433 4599 678 4662 dixeris,
724 4597 982 4652 eumdem
1047 4596 1216 4650 etiam
1284 4609 1594 4650 sermonem
1646 4607 1770 4647 esse
1827 4593 2012 4647 dicere

428 4691 578 4744 licet.
615 4687 670 4742 Si
711 4687 859 4741 enim
911 4687 1150 4741 animam
1190 4685 1336 4739 Deus
1368 4683 1644 4748 habuerit,
1671 4681 2011 4751 praestantis-

429 4782 568 4834 sima
617 4780 671 4833 in
706 4779 800 4832 illo
838 4792 968 4848 pars
1017 4776 1135 4845 ipsa
1183 4775 1360 4828 anima
1399 4789 1520 4828 esse
1542 4771 2009 4841 deprehendetur.

432 4874 500 4927 Et
537 4872 682 4933 vide,
713 4885 779 4924 ex
834 4869 950 4939 ipsa
995 4868 1252 4931 veritate,
1283 4866 1394 4920 imo
1440 4881 1505 4919 ex
1533 4865 1648 4934 ipsa
1676 4863 2002 4918 Mahometis

431 4962 778 5020 confessione
815 4961 1250 5013 demonstratum
1285 4965 1391 5016 est,
1425 4955 1704 5008 Christum
1749 4953 1998 5022 ejusdem

427 5067 482 5110 et
514 5055 676 5108 unius
705 5065 829 5104 cum
881 5050 991 5103 Deo
1031 5058 1240 5100 naturae
1293 5059 1432 5108 esse,
1463 5053 1517 5098 ct
1548 5043 1801 5098 eumdem
1827 5043 1998 5097 Deum

427 5147 646 5198 Patrem
687 5140 892 5195 habere
942 5137 1250 5208 genitorem
1298 5137 1365 5188 ab
1405 5144 1612 5189 esterno
1646 5143 1770 5188 ante
1803 5135 1998 5188 Saecula

425 5234 739 5300 Filiumque
762 5229 857 5283 Dei
881 5243 1003 5282 esse
1024 5227 1322 5296 genuinum
1346 5235 1401 5280 et
1425 5227 1618 5292 Deum,
1645 5225 2000 5294 quemadmo-

426 5327 556 5379 dum
609 5324 725 5391 ipse
780 5320 835 5374 in
897 5317 1208 5388 Evangeliis
1261 5319 1339 5373 sic
1386 5319 1506 5373 ait:
1543 5336 1559 5369 ι
1596 5317 1708 5388 Ego
1743 5332 1790 5372 ct
1841 5319 1996 5374 Pater

425 5428 593 5469 unum
619 5425 811 5465 sumus
830 5411 910 5477 5°;
936 5429 954 5462 ι
988 5412 1038 5464 id
1070 5419 1176 5472 est,
1204 5427 1345 5465 unus
1363 5411 1528 5472 Deus,
1555 5425 1662 5464 non
1690 5411 1992 5464 secundum

427 5514 715 5574 personas,
751 5509 808 5554 ut
854 5500 990 5556 dicit
1033 5500 1322 5568 Sabellius,
1373 5503 1465 5557 sed
1499 5501 1796 5556 secundum
1837 5517 1998 5554 unam

497 5662 541 5691 "
581 5659 738 5716 .‘oan.
780 5680 829 5730 κ,
872 5663 958 5718 30.

2110 4495 2274 4548 αὑτὸν
2310 4497 2402 4549 τὸν
2440 4498 2574 4553 Θεὸν
2622 4501 2718 4554 καὶ
2757 4504 2976 4574 Πατέρα
3012 4505 3150 4576 ἔχων
3184 4508 3292 4578 πρὸ
3328 4510 3437 4578 τῶν
3475 4514 3687 4568 αίώνων

2111 4585 2172 4648 ἐξ
2211 4585 2381 4639 ἀϊδίου
2434 4591 2755 4662 γεννήτορα,
2801 4597 2896 4646 καὶ
2949 4599 3173 4667 γνήσιος
3233 4601 3354 4663 Υίὸς
3402 4603 3494 4656 τοῦ
3550 4605 3684 4658 Θεοῦ

2109 4676 2492 4746 ἀναφαίνεται,
2533 4681 2630 4734 καὶ
2684 4683 2839 4747 Θεὸς,
2899 4687 3083 4752 καθὼς
3138 4690 3234 4742 καὶ
3273 4691 3436 4756 αὐτὸς
3478 4698 3537 4747 ὲν
3571 4702 3684 4757 τοῖς

2113 4763 2468 4832 Εὑαγγελίοις
2502 4768 2702 4822 οὑτωσί
2728 4787 2916 4840 φησιν,
2952 4773 3034 4826 ὅτι
3069 4792 3090 4826 ί
3126 4775 3266 4849 ἐγὼ
3297 4779 3394 4831 καὶ
3425 4784 3452 4833 6
3492 4783 3684 4853 Πατὴρ

2110 4855 2169 4908 ἓν
2203 4857 2390 4925 ὲσμεν,
2430 4876 2448 4908 ι
2501 4861 2782 4914 τουτέστιν
2830 4857 2911 4926 εἷς
2939 4862 3095 4931 Θεὸς,
3136 4868 3195 4919 οὐ
3237 4871 3378 4922 κατά
3418 4871 3516 4934 τὰς
3552 4874 3685 4926 ὑπο-

2111 4948 2351 5012 στάσεις,
2377 4948 2452 5011 ὼς
2486 4951 2513 5001 ό
2544 4950 2830 5016 ausam;
2858 4953 3031 5023 λέγει,
3065 4956 3202 5010 ἀλλά
3232 4961 3374 5013 κατὰ
3410 4965 3508 5030 τὴν
3551 4966 3682 5033 μίαν

2107 5039 2201 5090 καὶ
2228 5041 2327 5106 τὴν
2356 5041 2524 5110 αὐτὴν
2555 5042 2807 5110 θεότητα.
2835 5045 2947 5098 Καὶ
2977 5049 3004 5098 6
3030 5048 3131 5117 μὲν
3161 5049 3391 5122 θεόπτης
3414 5055 3678 5125 Μωῦσῆς,

2117 5149 2134 5181 ι
2175 5130 2263 5183 Ἐν
2294 5134 2437 5203 ἀρχῇ
2494 5135 2753 5203 ἐποίησεν
2784 5135 2812 5186 ὁ
2850 5136 2982 5200 Θεὸς
3029 5140 3123 5192 τὸν
3173 5143 3402 5210 οὐρανὸν
3447 5150 3540 5200 καὶ
3579 5149 3677 5221 τὴν

2066 5225 2229 5290 ,γῆν,
2276 5241 2294 5273 ι
2336 5223 2534 5290 φησιν’
2575 5227 2603 5276 6
2651 5225 2709 5278 δὲ
2757 5231 3046 5298 προφήτης
3101 5233 3285 5296 Δαόὶδ,
3322 5253 3339 5285 t
3386 5236 3572 5291 Πάντα
3619 5244 3678 5295 ἐν

2109 5315 2270 5385 σοφίᾳ
2301 5315 2563 5383 ἐπίησας
2586 5331 2633 5367 ⁸»
2667 5318 2781 5382 καὶ,
2812 5335 2830 5367 ι
2857 5318 2946 5387 Τῷ
2969 5319 3110 5389 λόγῳ
3141 5321 3346 5391 Κυρίου
3376 5326 3426 5378 ot
3456 5329 3676 5398 οὐρανοὶ

2107 5406 2545 5476 ἐστερεώθησαν.
2609 5425 2628 5459 ι
2695 5409 2801 5460 Καὶ
2852 5412 2878 5460 6
2915 5410 3106 5464 τούτου
3166 5415 3272 5476 υίὸς
3313 5415 3342 5466 6
3373 5414 3676 5486 θαυμάσιος

2108 5501 2384 5572 Σολομὼν,
2402 5502 2484 5550 ὅτι
2509 5517 2526 5550 ι
2565 5499 2622 5553 ’0
2647 5500 2777 5562 Θεὸς
2799 5506 2860 5573 τῇ
2886 5507 3045 5574 σοφίᾳ
3070 5504 3397 5574 ἐθεμελίωσε
3421 5510 3517 5581 τὴν
3547 5514 3672 5582 γῆν,
