4058 6442
415 473 519 536 657

1399 475 1700 536 CONTRA
1740 474 2231 536 MAHOMETEM
2269 476 2554 536 ORATIO
2593 476 2704 537 [Π.

3555 476 3672 539 653

414 591 681 662 ἡτοίμασε
704 590 762 646 δὲ
799 590 1062 662 οὐρανοὺς
1105 592 1165 645 ἐν
1206 594 1488 663 φρονήσει.
1521 613 1546 646 r
1576 596 1636 648 ‘0
1666 594 1721 646 δε
1756 593 1989 664 μεγαλο-

2094 593 2454 662 eamdemque
2497 593 2862 648 divinitatem.
2897 589 2964 644 Et
2999 589 3094 644 Dei
3139 589 3229 644 ille
3262 589 3668 660 contemplator

414 685 726 753 φωνότατος
763 683 1014 749 Ἢσαῒας,
1057 705 1082 738 ι’
1122 686 1181 740 '0
1220 685 1354 750 Θεὸς
1405 688 1434 740 ό
1473 687 1713 752 αἰώνιος,
1740 689 1768 741 6
1809 704 1984 740 κατα-

415 778 694 838 σκευάσας
721 775 791 829 τὰ
812 777 957 846 ἄκρα
977 777 1076 844 τῆς
1097 777 1218 847 γῆς.
1264 797 1284 830 ι
1329 779 1390 832 ’0
1414 777 1470 832 δὲ
1503 779 1775 848 μακάριος
1807 780 1986 832 Ἰωάν-

413 887 512 939 νης
547 871 577 922 6
605 871 735 932 παίς
781 870 876 922 τοῦ
929 870 1231 931 Ζεϐεδαίου,
1262 871 1448 924 ὅντινα
1487 874 1581 926 καὶ
1620 871 1850 941 βροντῆς
1871 869 1986 922 υίὸν

414 959 677 1013 ἐκάλεσεν
702 961 731 1012 6
773 958 998 1028 Κύριος,
1033 959 1120 1012 διὰ
1168 959 1232 1012 τὸ
1267 960 1367 1030 τὴν
1401 960 1514 1014 ἄνω
1551 962 1808 1027 γέννησιν
1856 975 1986 1028 τρα-

414 1051 635 1119 νότερον
687 1050 921 1120 βροντῆς
965 1053 1030 1121 τῇ
1085 1051 1380 1122 οἰκουμένῃ
1439 1050 1720 1115 σαλπίσαι,
1787 1052 1986 1105 οὑτωσί

414 1157 582 1210 φησιν
603 1143 663 1193 ἐν
687 1141 764 1210 τῷ
796 1142 1136 1212 Εὑαγγελίῳ,
1163 1161 1182 1194 ι
1207 1143 1297 1196 Ἐν
1319 1144 1464 1212 ἀρχῇ
1485 1138 1552 1214 ἦν
1577 1144 1603 1194 6
1627 1143 1819 1211 Λόγος,
1839 1143 1936 1194 καὶ
1959 1144 1986 1195 ὁ

416 1232 590 1300 Λόγος
615 1224 682 1303 ἦν
703 1232 839 1304 πρὸς
863 1232 956 1287 τὸν
979 1233 1132 1300 Θεὸν,
1150 1235 1248 1288 καὶ
1263 1235 1396 1299 Θεὸς
1423 1231 1491 1306 ἦν
1511 1235 1538 1287 ό
1563 1235 1754 1302 Λόγος.
1802 1235 1988 1288 Πάντα

416 1322 486 1374 δι’
506 1321 670 1376 αὐτοῦ
701 1324 940 1392 ἐγένετο,
965 1325 1056 1378 καὶ
1077 1327 1244 1397 χωρὶς
1267 1327 1431 1380 αὐτοῦ
1465 1327 1678 1395 ἐγένετο
1696 1327 1816 1380 οὐδὲ
1851 1327 1934 1388 ἓν,
1959 1326 1988 1378 ὃ

415 1413 632 1482 γέγονε.
669 1432 688 1466 ι
727 1413 958 1479 Βλέπεις
985 1417 1102 1476 πῶς
1122 1417 1209 1471 διὰ
1238 1416 1298 1470 τὸ
1317 1418 1496 1489 ἄωρον
1519 1417 1611 1470 τοῦ
1639 1417 1831 1487 καιροῦ
1867 1435 1989 1470 συν-

415 1509 788 1578 εσκιασμένως
806 1511 855 1562 οἱ
872 1511 1147 1579 προφῆται
1164 1508 1452 1579 ἐλάλησαν,
1467 1513 1493 1563 6
1512 1509 1554 1562 δ’
1585 1510 1833 1577 Ἰωάννης
1857 1511 1990 1563 ἀνα·

415 1599 611 1668 φανδὸν
632 1602 723 1653 καὶ
738 1604 920 1672 γυμνῇ
942 1605 1008 1672 τῇ
1031 1601 1404 1672 κεφαλῇξμέγα
1426 1602 1550 1671 ἐόόη
1560 1618 1619 1654 σε
1641 1619 1656 1666 ς
1681 1602 1788 1654 Καὶ
1810 1603 1859 1654 οί
1888 1603 1987 1656 πά-

414 1689 504 1743 λαι
538 1691 810 1761 προφῆται
833 1695 863 1746 6
905 1693 1004 1763 μὲν
1031 1695 1210 1762 λόγον,
1231 1695 1259 1746 6
1279 1693 1335 1746 δὲ
1355 1694 1565 1762 σοφίαν,
1584 1698 1611 1748 ό
1627 1694 1680 1747 δὲ
1699 1695 1986 1764 φρόνησιν,

412 1784 440 1835 6
460 1783 517 1837 δὲ
532 1784 866 1855 δημιουργὸν
895 1785 1054 1839 τοῦτο
1081 1787 1362 1853 ἐκάλεσεν,
1387 1790 1414 1840 6
1435 1786 1490 1839 δέ
1509 1787 1662 1850 Θεὸν,
1691 1787 1765 1857 μὴ
1782 1789 1984 1841 ἀνακα-

412 1875 590 1946 λύψας
617 1877 681 1930 τὸ
729 1877 1050 1949 ἀπόκρυφον
1102 1880 1401 1950 μυστήριον
1441 1881 1533 1933 διὰ
1567 1881 1624 1932 τὸ
1655 1879 1858 1950 ἄωρον,
1907 1879 1983 1941 ὡς

413 1964 652 2036 εἴρηται,
702 1967 798 2020 τοῦ
846 1969 1065 2038 καιροῦ.
1105 1970 1336 2023 Ὀπόταν
1367 1969 1431 2022 δὲ’
1459 1970 1758 2042 περιῃρέθη
1795 1971 1855 2023 τὸ
1883 1969 1983 2022 κά-

413 2059 630 2130 λυμμα,
655 2061 755 2115 οὐκ
795 2057 863 2133 ἦν
892 2063 1061 2128 ὅσιον,
1091 2065 1214 2117 οὐδὲ
1241 2064 1470 2118 δίκαιον.
1507 2066 1627 2118 Ἐτι
1658 2066 1686 2118 6
1715 2064 1806 2118 τοῦ
1845 2064 1982 2118 Θεοῦ

415 2149 542 2214 Υἱὸς
567 2150 660 2204 καὶ
694 2151 826 2215 Θεὸς
858 2153 1273 2223 αἰνιγματωδῶς
1305 2171 1420 2217 πως
1443 2156 1746 2224 -εύρίσκετο
1780 2172 1984 2226 κηρυτ·

415 2243 663 2314 τόμενος,
690 2246 785 2298 καὶ
825 2246 912 2300 διὰ
951 2247 1108 2300 τοῦτο
1135 2249 1164 2300 ό
1186 2248 1281 2316 τῆς
1313 2248 1543 2319 βροντῆς
1589 2249 1703 2314 υίὸς
1731 2251 1812 2314 τὸ,
1859 2268 1878 2301 ι
1899 2250 1985 2302 Ἐν

421 2339 557 2409 ἀρχῇ
590 2334 660 2410 ἦν
691 2340 720 2392 6
757 2339 949 2408 Λόγος,
1003 2360 1021 2391 ι
1081 2341 1178 2395 καὶ
1220 2340 1290 2394 τὰ
1343 2341 1471 2410 ἑξῆς
1522 2343 1733 2410 τρανῶς
1783 2343 1988 2412 ὑπηγό-

431 2448 605 2501 ρευσε.
657 2432 769 2486 Καὶ
807 2431 998 2500 ὥσπερ
1045 2436 1073 2487 6
1115 2434 1266 2503 ἥλιος
1303 2434 1406 2486 ὑπὸ
1440 2433 1744 2503 βαθυτάτου
1792 2437 1988 2503 νέφους

429 2525 515 2578 καὶ
533 2525 797 2596 χειμῶνος
825 2525 1204 2596 κρυπτόμενος
1231 2527 1383 2595 παρὰ
1415 2534 1512 2596 μὲν
1545 2530 1656 2589 τοῖς
1681 2527 1990 2597 ἀνθρώποις

423 2619 634 2689 ἀφανής
685 2619 826 2683 ἐστι,
872 2620 934 2672 τὸ
966 2618 1012 2670 δ’
1041 2619 1207 2672 αὑτοῦ
1241 2619 1360 2687 φῶς
1392 2621 1556 2674 οίονεὶ
1609 2621 1740 2693 παρ’
1791 2622 1987 2676 ἑαυτὸν

422 2711 666 2778 κατέχων
696 2711 1039 2779 εὑρίσκεται,
1074 2711 1329 2776 λυθέντος
1359 2713 1415 2767 δὲ
1441 2715 1536 2769 τοῦ
1571 2717 1860 2786 χειμῶνος,
1893 2718 1992 2770 καὶ

417 2797 512 2849 τοῦ
535 2797 693 2866 ἀέρος
721 2797 1060 2862 ἐπελθόντος,
1081 2802 1194 2864 τοῖς
1226 2803 1393 2856 πᾶσιν
1429 2803 1678 2872 ἀφθόνως
1706 2807 1804 2866 τὰς
1836 2807 1992 2859 ἀκτῖ-

418 2906 517 2952 νας
561 2889 820 2959 ἀφίησιν*
863 2890 1005 2944 οὕτω
1045 2892 1293 2981 μοι.νόει
1329 2895 1426 2948 καὶ
1459 2897 1554 2949 ἐπὶ
1599 2896 1693 2950 τοῦ
1726 2898 1856 2951 Υίοῦ
1896 2903 1992 2954 καὶ

419 2984 593 3050 Λόγου
619 2982 715 3036 τοῦ
746 2983 904 3037 Θεοῦ.
938 2985 1074 3049 Θεὸς
1106 2985 1183 3038 ὢν
1208 2987 1417 3060 ἀληθὴς
1447 2988 1544 3042 καὶ
1577 2989 1681 3058 πρὸ
1719 2991 1828 3042 τῶν
1863 2991 1994 3044 αἱώ-

420 3093 547 3140 νων,
578 3075 705 3138 Υἱὸς
740 3075 877 3128 Θεοῦ
910 3078 1006 3130 καὶ
1037 3077 1267 3150 ποιητὴς
1296 3080 1477 3149 πάσης
1513 3082 1763 3148 κτίσεως,
1795 3085 1868 3145 ὡς
1898 3084 1992 3137 καὶ

417 3170 479 3220 ἐν
517 3172 636 3233 ταῖς
669 3169 980 3242 ἔμπροσθεν
1018 3170 1365 3240 ἀπολογίαις,
1416 3173 1509 3224 καὶ
1560 3173 1702 3224 κατὰ
1727 3173 1788 3225 τὸ
1820 3173 1992 3243 παρὸν

2087 685 2264 740 Moses
2301 685 2417 739 ait:
2450 703 2466 734 ι
2511 685 2570 738 ln
2628 683 2901 753 principio
2943 681 3148 735 creavit
3202 681 3346 735 Deus
3371 680 3572 737 coelum
3599 691 3656 736 et

2091 788 2289 832 terram
2315 777 2381 830 ‘°.
2417 795 2434 828 ι
2494 775 2560 830 Et
2616 775 2884 846 propheta
2928 773 3098 828 David
3131 789 3146 826 :
3185 791 3204 823 ι
3239 773 3434 828 Omnia
3482 771 3661 828 fecisti

2089 873 2142 925 in
2172 869 2436 938 sapientia
2461 869 2528 934 ⁶¹;
2567 887 2583 920 ι
2607 876 2683 930 et,
2721 886 2738 920 ι
2767 867 3035 922 Sermone
3058 865 3273 920 Domini
3302 865 3427 921 coeli
3464 865 3667 920 firmati

2090 974 2220 1018 sunt
2252 963 2318 1016 ⁶’.
2350 979 2366 1012 ι
2397 959 2568 1030 llnjus
2606 959 2774 1014 etiam
2814 958 2959 1013 ﬁlius
2987 957 3269 1021 Salomon,
3301 957 3667 1013 admiratione

2089 1055 2237 1109 omni
2266 1054 2463 1124 dignus
2491 1071 2504 1106 :
2545 1073 2563 1105 ι
2611 1053 2753 1107 Deus
2786 1052 2840 1106 in
2871 1053 3138 1120 sapientia
3161 1051 3411 1106 fundavit
3443 1061 3666 1114 terram,

2090 1149 2260 1204 caelos
2290 1156 2472 1201 autem
2508 1145 2716 1212 paravit
2747 1144 2800 1197 in
2835 1144 3130 1213 prudentia
3162 1143 3225 1197 ⁸³.
3262 1162 3282 1196 ι
3315 1144 3664 1212 Eloquentis-

2089 1240 2263 1293 simus
2293 1247 2474 1291 autem
2517 1237 2608 1291 ille
2651 1236 2853 1290 Isaias:
2888 1255 2905 1287 ι
2943 1234 3088 1290 Deus
3119 1245 3359 1290 aeternus
3389 1235 3481 1305 qui
3513 1249 3671 1302 para-

2090 1331 2166 1384 vit
2195 1340 2438 1384 extrema
2471 1337 2631 1383 terrae
2653 1329 2718 1382 “.
2757 1347 2776 1380 ι
2815 1330 3013 1384 Beatus
3056 1344 3189 1384 vero
3224 1327 3468 1383 Joannes
3492 1327 3666 1382 Zebe-

2089 1419 2190 1474 dmi
2225 1420 2368 1474 (ilius
2407 1421 2592 1488 (quem
2622 1422 2786 1473 etiam
2817 1417 3043 1472 tonitrui
3073 1417 3241 1471 lilium
3273 1416 3536 1470 Dominus
3561 1429 3664 1470 no-

2088 1513 2336 1575 minavit,
2357 1526 2422 1565 eo
2446 1510 2590 1579 quod
2616 1525 2908 1580 supernam
2925 1510 3070 1564 Illam
3090 1507 3499 1579 generationem
3525 1505 3667 1561 toni~

2091 1607 2194 1660 trui
2223 1602 3002 1668 clariusorbiebuecinaverit)
3033 1602 3086 1656 in
3120 1599 3414 1670 Evangelia
3461 1599 3542 1653 sic
3569 1598 3665 1662 ait,

2095 1719 2111 1751 ι
2138 1700 2194 1753 in
2221 1695 2488 1768 principio
2509 1704 2626 1750 erat
2645 1694 2856 1759 Sermo,
2876 1706 2932 1749 et
2951 1694 3281 1749 Sermo-erat
3303 1691 3444 1760 apud
3467 1691 3666 1754 Deum,

2087 1799 2142 1845 et
2163 1792 2304 1845 Deus
2323 1799 2442 1844 erat
2466 1788 2556 1842 ille
2585 1787 2797 1842 Sermo.
2819 1786 3011 1841 Omnia
3042 1801 3142 1856 per
3170 1785 3323 1839 illum
3349 1782 3492 1837 facta
3513 1791 3666 1842 sunt,

2087 1889 2144 1936 et
2177 1881 2294 1936 sine
2309 1896 2375 1936 eo
2392 1881 2594 1934 factum
2625 1887 2709 1935 est
2733 1878 2869 1933 nihil
2901 1876 3048 1947 quod
3078 1877 3282 1933 factum
3309 1884 3395 1930 est
3423 1874 3490 1927 ⁸⁸.
3521 1892 3538 1925 ι
3571 1859 3668 1926 Vi-

2087 1975 2213 2031 den’
2235 1973 2510 2045 quomodo
2525 1981 2749 2043 propter
2774 1971 3035 2040 temporis
3057 1969 3527 2040 importunitatem
3553 1980 3662 2036 pro

2087 2070 2272 2140 pheta:
2304 2069 2598 2123 obscurius
2640 2065 2811 2122 locuti
2863 2066 2996 2129 sint,
3017 2065 3258 2121 Joannes
3282 2071 3465 2116 autem
3501 2060 3669 2120 clare,

2087 2173 2278 2233 aperto
2329 2159 2500 2232 (quod
2560 2159 2737 2230 aiunt)
2799 2159 2981 2229 capite
3014 2157 3186 2212 altum
3241 2149 3676 2210 exclamaverit?

2088 2257 2155 2311 Et
2189 2267 2436 2312 veterum
2464 2255 2686 2326 quidem
2717 2253 3109 2324 prophetarum
3138 2250 3279 2305 alius
3313 2248 3664 2306 Sermonem,

2089 2351 2230 2407 alius
2255 2350 2614 2420 Sapientiam,
2664 2347 2805 2403 alius
2849 2344 3232 2402 Prudentiam.
3256 2344 3399 2398 alius
3438 2340 3671 2395 Creato-

2089 2458 2206 2496 rem
2239 2442 2388 2496 hunc
2436 2440 2740 2496 nominavit
2775 2457 2790 2494 :
2829 2439 2923 2494 hic
2956 2453 3088 2494 vero
3120 2439 3322 2498 Deum,
3355 2450 3464 2490 non
3485 2433 3676 2489 celans

2091 2547 2349 2587 arcanum
2392 2532 2495 2588 hoc
2537 2530 2684 2600 quod
2718 2543 2946 2602 propter
2995 2529 3260 2600 temporis
3290 2524 3684 2596 importunita‘

2093 2633 2202 2680 tem
2237 2625 2425 2680 tandiu
2477 2623 2735 2690 latuerat,
2778 2639 2902 2678 cum
2959 2621 3204 2678 nondum
3256 2619 3336 2676 fas
3355 2621 3673 2690 iustumque

2093 2729 2240 2775 esset
2291 2720 2470 2775 velum
2505 2717 2734 2773 auferri.
2781 2715 2930 2784 Quin
2986 2727 3042 2771 et
3085 2715 3203 2784 ipse
3252 2712 3425 2768 Filius
3485 2711 3579 2766 Dei
3620 2719 3676 2764 et

2093 2811 2238 2866 Deus
2267 2809 2422 2880 quasi
2457 2825 2554 2878 per
2595 2808 2883 2878 aenigmata
2909 2805 3270 2861 annuntiatus
3305 2818 3425 2858 esse
3449 2799 3676 2856 videba-

2097 2913 2220 2969 tur;
2254 2908 2591 2970 quapropter
2615 2897 2845 2954 tonitrui
2884 2896 3030 2951 [ilius
3057 2897 3202 2950 hoc:
3242 2913 3259 2946 ι
3312 2895 3370 2948 1η
3404 2892 3678 2963 principio

2094 3003 2214 3046 erat
2243 2991 2456 3056 Sermo,
2494 3011 2511 3042 ι
2556 2999 2690 3049 etc..
2727 2989 2930 3042 clarius
2959 2986 3302 3059 praedicavit.
3328 2986 3396 3040 Et
3415 2984 3678 3054 quemad-

2097 3083 2319 3137 modum
2357 3083 2438 3138 sol
2473 3081 2804 3137 densissima
2833 3081 2983 3135 nube
3027 3089 3085 3136 et
3129 3086 3454 3149 tempestate
3476 3084 3673 3139 tectus,

2095 3175 2361 3230 obscurus
2387 3183 2488 3237 est,
2520 3173 2797 3244 propriam
2842 3163 3021 3227 tamen
3043 3172 3220 3226 lucem
3255 3184 3409 3224 suam
3432 3183 3600 3239 penes
3616 3183 3677 3223 se

417 3263 821 3328 ἀποδέδεικται,
863 3264 982 3318 ἀλλ’
1014 3265 1321 3335 ἐκρύπτετο
1352 3266 1498 3332 ὅμως
1529 3265 1635 3318 ὑπὸ
1673 3267 1768 3318 τοῦ
1796 3265 1991 3333 νέφους

2099 3269 2304 3323 habere
2352 3265 2596 3331 videtur,
2643 3272 2969 3336 tempestate
3012 3279 3145 3320 vero
3195 3263 3380 3318 soluta
3429 3271 3488 3317 et
3536 3275 3676 3329 puro

418 3357 521 3426 τῆς
550 3357 848 3424 ἀγνωσίας,
889 3357 983 3412 καὶ
1020 3358 1116 3412 τοῦ
1161 3359 1432 3429 χειμῶνος
1469 3359 1568 3428 τῆς
1607 3359 1718 3411 τῶν
1754 3359 1992 3413 εἰδώλων

419 3452 871 3520 προσκυνήσεως,
909 3453 1050 3520 μετά
1081 3468 1140 3504 τε
1171 3451 1266 3504 τοῦ
1311 3451 1525 3523 Πατρὸς
1564 3455 1659 3506 καλ⁸
1695 3454 1788 3505 τοῦ
1818 3453 1993 3506 Πνεύ-

419 3558 611 3612 ματος.
660 3543 854 3596 Ἦνίκα
903 3543 962 3597 δὲ
1015 3544 1262 3614 ἐπεφάνη
1313 3543 1374 3596 τὸ
1429 3545 1552 3614 ἔαρ,
1612 3545 1893 3600 τουτέστιν
1958 3548 1992 3615 ὴ

415 3635 608 3688 τούτου
644 3635 909 3705 ἐνσαρκος
941 3637 1251 3708 οίκονομία,
1289 3638 1384 3692 καὶ
1423 3637 1690 3712 ἐγεννήθη
1740 3639 1802 3692 τὸ
1848 3641 1993 3694 κατά

417 3728 597 3799 σάρκα
646 3729 710 3783 ἐκ
737 3731 997 3799 γυναικὸς
1028 3732 1126 3802 τῆς
1165 3733 1327 3802 ἁγίας
1357 3733 1633 3803 παρθένου
1683 3735 1776 3788 καὶ
1805 3733 1992 3788 θεοτό-

415 3837 516 3873 κου
547 3823 787 3892 Μαρίας.
829 3826 950 3878 τότε
981 3826 1227 3896 ἐπεφάνη
1253 3827 1286 3897 ἡ
1313 3827 1474 3898 χάρις
1502 3825 1598 3878 τοῦ
1629 3825 1786 3892 Θεοῦ,
1816 3828 1849 3899 ή
1885 3845 1991 3881 σω.-

413 3916 604 3983 τὴριος
637 3915 804 3969 πᾶσιν
830 3916 1164 3987 ἀνθρώποις.
1190 3919 1301 3970 Καὶ
1322 3917 1788 3990 προσεκύνησενὴ
1815 3917 1994 3982 κτίσις

414 4007 506 4058 τὸν
539 4005 807 4061 κτίσαντα
831 4009 1022 4080 αὐτὴν,
1063 4010 1158 4064 καὶ
1191 4009 1456 4078 ἐδόξασαν
1491 4011 1583 4065 τὸν
1618 4012 1781 4082 μόνον
1812 4011 1990 4082 ἀληθῆ

415 4100 568 4164 Θεὸν,
596 4101 687 4154 τὸν
717 4103 935 4172 Πατέρα
959 4102 1053 4156 τοῦ
1090 4103 1296 4176 Κυρίου
1327 4104 1486 4176 ἡμῶν
1523 4104 1695 4175 Ἰησοῦ
1726 4105 1988 4171 Χριστοῦ,

415 4194 512 4244 καὶ
547 4193 708 4246 αὐτὸν
738 4195 832 4248 τὸν
862 4194 988 4247 Υίὸν
1020 4196 1115 4248 καὶ
1153 4196 1328 4264 Λόγον
1383 4196 1477 4250 τοῦ
1513 4197 1745 4267 Πατρὸς,
1790 4198 1882 4248 καὶ
1930 4197 1991 4249 τὸ

415 4285 685 4353 πανάγιον
729 4286 826 4340 καὶ
883 4285 1147 4350 ζωοποιὸν
1202 4287 1601 4358 Πνεῦμα,ιτὴν
1659 4291 1788 4358 μίαν
1829 4289 1991 4356 ἁγίαν

413 4379 700 4448 ὁμοούσιον
730 4379 822 4432 καὶ
851 4380 1155 4452 ἀδιαίρετον
1181 4383 1272 4435 καὶ
1310 4381 1622 4452 ἀσύγχυτον
1669 4381 1873 4451 Τριάδα
1899 4383 1989 4434 τὸν

413 4471 510 4524 ἕνα
545 4471 696 4525 Θεόν.
737 4473 844 4526 Kal.
875 4474 999 4538 τότε
1039 4472 1237 4542 ἐθεάθη
1276 4475 1309 4543 ἡ
1347 4473 1440 4528 τοῦ
1482 4474 1720 4546 Χριστοῦ
1754 4475 1884 4539 δόξα
1914 4475 1987 4538 ὡς

417 4561 741 4628 μονογενοῦς
770 4563 921 4632 παρά
956 4562 1192 4631 Πατρός.
1220 4565 1329 4618 Καὶ
1358 4565 1479 4617 τότε
1514 4565 1697 4634 ἀφῆκε
1748 4566 1844 4628 τὰς
1879 4566 1990 4617 θεῖ-

2021 4610 2069 4666 D

2097 3375 2226 3415 aere
2277 3374 2502 3414 reverso
2551 3358 2812 3412 omnibus
2869 3357 3056 3412 radios
3117 3369 3249 3411 suos
3297 3354 3675 3424 copiosissime

2097 3453 2364 3518 immittit,
2413 3452 2488 3506 ita
2551 3452 2716 3506 etiam
2753 3465 2873 3505 mea
2919 3449 2988 3505 de
3022 3462 3276 3504 sermone
3322 3456 3380 3502 et
3409 3446 3549 3501 Filio
3583 3444 3677 3499 Dei

2095 3547 2273 3602 fertur
2297 3544 2590 3601 sententia.
2618 3545 2758 3598 Deus
2780 3543 2928 3598 enim
2956 3543 3228 3598 exsistens
3249 3553 3410 3596 verus
3430 3547 3555 3594 ante
3571 3552 3678 3592 sam

2095 3640 2241 3705 cula,
2260 3639 2429 3694 Filius
2455 3639 2569 3696 DcL
2591 3645 2647 3692 et
2667 3646 2884 3694 creator
2903 3637 3083 3690 omnis
3105 3642 3372 3700 creaturae
3390 3631 3677 3704 (quemad-

2097 3731 2320 3787 modum
2360 3731 2413 3799 in
2463 3729 2846 3800 superioribus
2867 3727 3169 3797 Apologiis,
3219 3735 3276 3780 et
3326 3725 3383 3779 in
3418 3721 3673 3794 prtesenti

2095 3839 2311 3895 quoque
2337 3824 2768 3879 demonstratum
2796 3825 2924 3892 est),
2948 3822 3162 3876 latebat
3185 3828 3366 3874 tamen
3395 3816 3498 3874 sub
3529 3815 3679 3870 nube

2096 3919 2440 3989 ignorantiae,
2463 3926 2518 3972 et
2554 3914 2880 3970 idololatriae
2915 3919 3255 3983 tempestate,
3281 3926 3405 3966 cum
3435 3909 3596 3964 Patre
3621 3917 3680 3962 et

2095 4011 2327 4082 Spiritu.
2355 4011 2651 4079 Postquam
2684 4017 2868 4062 autem
2889 4021 2988 4062 ver
3015 4003 3292 4074 apparuit,
3324 4001 3379 4057 id
3405 4009 3490 4056 est
3512 3999 3679 4071 hujus

2095 4107 2147 4158 in
2183 4118 2346 4158 carne
2404 4099 2837 4165 administratio,
2884 4109 2940 4154 et
2989 4095 3292 4153 secundum
3351 4107 3572 4149 carnem
3608 4093 3678 4146 ex

2097 4196 2324 4250 muliere
2373 4203 2536 4248 natus
2577 4200 2680 4254 est,
2727 4199 2914 4246 sancta
2960 4190 3174 4245 scilicet
3205 4187 3420 4257 virgine
3445 4185 3676 4253 Deipara

2095 4288 2285 4351 Maria,
2313 4296 2442 4340 tunc
2476 4285 2731 4355 apparuit
2779 4283 2954 4353 gratia
2991 4281 3089 4335 Dei
3125 4279 3387 4334 omnibus
3418 4276 3676 4333 saiutaris

2097 4377 2435 4438 hominibus,
2466 4384 2522 4429 et
2560 4375 2809 4429 adoravit
2857 4380 3109 4426 creatura
3151 4379 3455 4425 creatorem
3488 4382 3676 4427 suum.

2094 4471 2381 4539 solumque
2411 4455 2607 4521 verum
2626 4465 2796 4520 Deum
2840 4462 3310 4534 gloriﬁcaverunt,
3342 4461 3675 4528 Patremque

2093 4563 2312 4618 Domini
2373 4561 2544 4614 nostri
2591 4559 2717 4614 Jesu
2766 4556 2995 4620 Christi,
3046 4563 3104 4610 et
3157 4554 3336 4624 ipsum
3376 4552 3575 4607 Filium
3618 4558 3678 4604 ct

416 4649 518 4710 κάς
557 4648 724 4702 αὐτοῦ
761 4651 1009 4718 ἀκτῖνας,
1064 4653 1160 4706 καλ⁸
1207 4654 1268 4706 τὸ
1321 4656 1514 4718 σκότος
1563 4657 1664 4726 τῆς
1714 4657 1990 4725 ἀγνωσίας

2102 4657 2423 4712 Sermonem
2481 4652 2692 4713 Patris,
2769 4658 3133 4719 sanctumque
3189 4655 3268 4701 et.
3304 4643 3676 4699 viviﬁcantem

413 4741 674 4806 ἐφώτισε,
707 4743 804 4796 καὶ
845 4744 946 4805 τάς
993 4745 1418 4817 κατεψυγμένας
1457 4750 1550 4802 καὶ
1579 4750 1780 4820 νεκρὰς
1808 4749 1988 4819 ψυχὰς

413 4835 480 4903 τῇ
521 4832 699 4904 θέρμη
735 4835 835 4905 τῆς
867 4837 1103 4901 πίστεως
1133 4839 1469 4904 ἀνεζώωσεν.

2103 4747 2390 4819 Spiritum,
2427 4760 2591 4798 unam
2629 4741 2904 4807 videlicet,
2945 4749 3211 4803 sanctam,
3236 4734 3679 4793 consubstantia-

2100 4840 2231 4901 lem,
2270 4835 2560 4890 indivisam
2611 4841 2667 4887 et
2711 4831 3052 4887 inconfusam
3107 4831 3455 4892 Trinitatem,
3503 4841 3676 4880 unum

413 4941 615 4998 nempe
652 4930 843 4986 Deum.
883 4931 951 4986 Et
1005 4941 1134 4988 tunc
1155 4932 1271 4988 visa
1311 4943 1395 4990 est
1433 4934 1636 4991 Christi
1694 4936 1868 5007 gloria
1911 4934 2082 4990 veluti
2117 4931 2286 5002 gloria
2310 4927 2583 4998 Unigeniti
2619 4942 2648 4980 a
2712 4928 2894 4980 Patre.
2965 4926 3032 4979 Ει
3066 4935 3198 4978 tunc
3225 4924 3410 4979 emisit
3463 4921 3680 4977 divinos

414 5035 544 5078 suos
575 5023 778 5092 radios,
803 5027 1164 5097 tenebrasque
1187 5029 1508 5099 ignorantiae
1572 5030 1946 5094 illuminavit,
1990 5025 2326 5096 [rigidasque
2365 5033 2422 5075 et
2466 5029 2709 5074 mortuas
2742 5021 2954 5074 animas
2986 5017 3315 5073 calore-ﬁdei
3357 5015 3674 5071 viviticavit.

478 5117 551 5172 ιδ’.
593 5116 714 5172 Ἔτι
748 5121 775 5172 6
808 5120 1054 5190 Μωάμεθ
1091 5123 1181 5174 τὸν
1209 5124 1444 5193 Χριστὸν
1476 5127 1539 5178 ὲκ
1569 5125 1842 5196 παρθένου
1866 5142 1990 5193 γεν-

415 5209 648 5280 νηθῆναι
687 5210 942 5281 ὁμολογεί
988 5213 1120 5270 ἄνευ
1168 5216 1385 5284 ἀνδρὸς,
1439 5217 1703 5287 αἱρετικῷ
1763 5219 1990 5288 Καρπο-

415 5303 611 5374 κράτει
650 5305 986 5370 ἀκολουθῶν,
1010 5307 1144 5361 Θεὸν
1173 5309 1230 5360 δὲ
1265 5311 1358 5363 καὶ
1382 5310 1518 5363 Θεοῦ
1560 5311 1685 5364 Υίὸν
1713 5311 1988 5382 οὐδαμῶς,

415 5395 572 5450 δυσὶν
603 5396 914 5462 ἀποδείξεσι
946 5399 1230 5470 χρώμενος
1256 5414 1271 5429 °
1301 5402 1383 5455 ὅτι
1419 5420 1479 5456 τε
1525 5405 1553 5456 6
1581 5403 1815 5474 Χριστὸς
1844 5403 1994 5456 ούδέ-

415 5502 552 5539 ποτε
583 5486 712 5556 περὶ
739 5487 938 5542 ἑαυτοῦ
966 5488 1126 5542 τοῦτο
1151 5488 1279 5559 ἔφη,
1315 5490 1410 5545 καὶ
1451 5491 1532 5544 ὅτι
1571 5491 1683 5552 τοῖς
1715 5490 1994 5554 Ἰουδαίοις

416 5569 561 5640 εἶπε,
601 5592 620 5626 ι
656 5576 1020 5646 Προσκυνείτε
1065 5577 1160 5631 τὸν
1199 5577 1334 5631 Θεόν
1380 5597 1483 5646 μου
1513 5579 1604 5634 καὶ
1645 5579 1779 5632 Θεὸν
1811 5579 1990 5648 ὑμῶν,

420 5667 518 5721 καὶ
547 5666 755 5740 Κύριόν
791 5687 893 5742 μου
945 5669 1041 5724 καὶ
1066 5671 1273 5742 Κύριον
1307 5672 1482 5742 ὑμῶν.
1524 5691 1543 5726 ι
1589 5672 1651 5726 ⁸0
1697 5672 1752 5725 δὲ
1790 5671 1994 5734 σκοπὸς

495 5824 562 5876 ⁸⁸.
585 5823 723 5883 Gen.
767 5843 816 5894 ι,
864 5827 913 5884 l.
993 5828 1036 5861 ⁶¹
1076 5828 1217 5885 Psal.
1261 5843 1373 5895 cm,
1422 5828 1514 5884 24.
1593 5828 1636 5861 θ’
1678 5827 1818 5884 Psal.
1865 5843 2036 5896 xxxii,
2079 5829 2132 5884 6.

435 5894 490 5963 1,
528 5897 587 5951 2.

2170 5120 2226 5173 4.
2264 5118 2533 5172 Praeterea
2561 5115 2860 5182 Mahomet,
2899 5112 3248 5183 Carpocratis
3287 5111 3527 5167 haeretici
3558 5111 3706 5181 opiv

2101 5210 2323 5265 nionem
2368 5217 2611 5273 scrutus,
2647 5205 2931 5260 Christum
2975 5221 3041 5258 ex
3075 5203 3287 5274 virgine
3338 5213 3525 5258 natum
3559 5201 3681 5256 sine

2100 5307 2248 5361 virili
2297 5322 2462 5377 opera
2515 5305 2830 5364 confitetur,
2867 5303 3037 5356 Deum
3070 5317 3200 5356 vero
3239 5311 3296 5356 et
3340 5301 3436 5356 Dei
3480 5300 3680 5356 Filium

2099 5415 2221 5455 esse
2257 5407 2436 5468 negat,
2469 5399 2686 5452 duobus
2715 5397 2804 5450 hic
2831 5395 3168 5466 argumentis
3199 5410 3330 5450 usus
3356 5411 3370 5446 :
3405 5393 3552 5464 quod
3579 5405 3683 5446 nec

2098 5491 2354 5544 Christus
2385 5490 2486 5544 hoc
2512 5503 2752 5558 unquam
2782 5488 2849 5541 de
2876 5501 2934 5542 se
2962 5487 3185 5551 dixerit,
3229 5496 3284 5541 et
3308 5485 3453 5555 quod
3475 5483 3682 5539 Iudaeis

2102 5583 2304 5637 dixerit
2334 5601 2346 5638 :
2385 5601 2404 5635 ι
2447 5582 2686 5636 Adorate
2717 5581 2898 5650 Deum.
2912 5595 3095 5634 meum
3127 5588 3183 5634 et
3213 5579 3384 5632 Deum
3411 5584 3678 5637 vestrum,

2101 5672 2394 5728 Dominum
2454 5687 2635 5727 meum
2687 5679 2744 5724 et
2806 5669 3098 5724 Dominum
3160 5677 3428 5724 vestrum.
3466 5663 3680 5736 simpli

2231 5829 2274 5860 ⁸³
2315 5829 2478 5886 Prov.
2522 5844 2603 5896 ιιι,
2649 5827 2732 5884 l9.
2841 5827 2886 5861 “
2925 5827 3029 5885 Isa.
3070 5841 3177 5895 xu,
3209 5827 3260 5884 5.
3350 5822 3395 5856 "
3435 5819 3594 5881 Joan.
3634 5839 3691 5895 ι,
