4058 6436
406 436 513 500 659

1565 444 1813 505 JUANN
1827 444 1894 503 lS
1930 444 2484 515 CANTACUZENI'

3548 465 3658 531 660

407 561 593 607 autem
640 567 841 622 scopas
888 569 1033 608 unus
1065 569 1285 626 semper
1326 564 1431 621 est,
1470 563 1528 612 ut
1557 573 1657 628 pro
1695 558 1839 613 virili
1889 574 1985 613 sua

2090 565 2185 617 τοῦ
2221 567 2454 631 ἀσεϐοῦς
2493 571 2725 625 πάντοτε
2765 571 2843 636 εἷς
2876 576 3012 640 ἐστι,
3063 576 3125 629 τὸ
3158 576 3245 631 ἶνα
3296 576 3439 633 κατὰ
3476 582 3663 635 πᾶσαν

409 643 741 713 persuadeat
771 646 990 701 cunctis
1019 645 1341 702 hominibus
1366 657 1428 703 ut
1444 648 1670 714 credant
1702 650 1983 704 Christum

409 751 513 791 nec
541 737 715 793 Deum
745 752 890 803 esse,
914 735 1032 792 'nec
1070 739 1164 793 Dei
1198 737 1421 804 Filium,
1458 741 1555 796 sed
1587 752 1836 797 sanctum
1866 744 1988 812 qui-

408 828 554 895 dem,
581 840 639 884 et
664 830 988 899 prophetam
1015 830 1275 886 omnibus
1302 830 1592 901 prophetis
1620 834 1984 903 superiorem,

412 918 804 991 Hominemque
860 923 1076 978 cunctis
1130 922 1450 979 hominibus
1494 926 1939 982 excellentior-em
1968 970 1985 994 ,

415 1015 584 1069 Deum
621 1030 754 1071 vero
781 1030 1151 1085 nequaquam.
1208 1015 1423 1073 Stultus
1474 1026 1658 1073 autem
1710 1018 1822 1083 hic,
1862 1020 1984 1076 dia-

410 1108 598 1163 bolum
633 1108 897 1171 imitatus,
930 1109 1183 1165 homines
1211 1120 1403 1166 contra
1435 1110 1714 1165 Christum
1759 1126 1986 1180 persua-

408 1200 539 1255 drre
571 1209 824 1258 conatur.
866 1201 1339 1268 Quemadmodum
1378 1205 1526 1259 enim
1560 1205 1607 1260 is
1635 1204 1783 1258 omni
1819 1204 1984 1261 modo

411 1303 645 1347 enitatur
673 1294 923 1364 singulos
953 1294 1206 1350 homines
1231 1296 1524 1363 seducere,
1551 1307 1611 1352 et
1641 1298 1726 1353 vel
1763 1297 1867 1353 ﬁde
1897 1298 1984 1353 vel

408 1383 670 1451 operibus
717 1401 749 1440 a
799 1386 912 1441 Deo
966 1386 1231 1454 alienare,
1280 1388 1362 1444 sic
1412 1398 1469 1443 et
1511 1389 1790 1446 Mabomet
1835 1390 1985 1445 omni

408 1474 592 1530 studio
625 1476 682 1532 in
729 1478 837 1534 hoc
884 1495 1054 1535 unum
1097 1480 1348 1536 intentus
1404 1481 1641 1545 videtur,
1686 1490 1749 1537 ut
1792 1496 1987 1539 omnes

409 1566 661 1624 homines
704 1583 736 1624 a
783 1584 915 1626 vero
958 1571 1072 1625 Deo
1124 1587 1288 1640 quam
1337 1571 1658 1640 longissime
1709 1572 1985 1639 abducatf,

409 1656 609 1725 partim
640 1657 866 1727 quidem
894 1658 1027 1724 inde,
1059 1662 1257 1729 partim
1303 1677 1436 1716 vero
1464 1662 1727 1731 operibus
1754 1678 1768 1728 ;
1811 1663 1985 1719 Deum

406 1756 592 1800 autem
640 1746 871 1802 adorare
902 1749 1088 1815 docet,
1135 1766 1299 1820 quem
1344 1767 1442 1807 sua
1493 1752 1669 1821 ipsius
1710 1755 1851 1809 ratio
1901 1752 1984 1809 el-

410 1837 587 1894 linxit.
638 1838 708 1893 Et
750 1840 1029 1897 (laniones
1075 1841 1298 1912 quidem
1346 1844 1464 1899 viso
1508 1845 1762 1913 Domino,
1802 1847 1984 1918 ipsum

410 1924 508 1982 Dei
529 1927 729 1984 Filium
754 1932 839 1986 vel
870 1933 1122 1989 nolentes
1144 1935 1381 1993 confessi
1404 1947 1536 1992 sunt
1560 1956 1576 1996 :
1598 1937 1728 2007 (non
1758 1940 1901 1996 enim
1929 1950 1988 1996 ut

407 2020 527 2074 veri
559 2022 884 2081 adoratores
925 2027 1074 2082 hunc
1102 2028 1340 2085 confessi
1379 2039 1527 2096 sunt,
1568 2031 1666 2087 sed
1711 2041 1771 2087 ut
1807 2032 1863 2089 hi
1891 2033 1987 2104 qui

407 2111 697 2168 veritatem
724 2117 1006 2174 occultare
1039 2135 1159 2183 non
1178 2132 1453 2192 poterant,
1481 2125 1760 2193 dixerunt,
1796 2147 1815 2181 ι
1844 2127 1986 2194 Quid

408 2203 569 2261 nobis
597 2215 777 2263 tecum
802 2210 881 2267 rei
918 2219 1025 2279 est,
1056 2211 1158 2269 Fili
1181 2214 1326 2270 Dei?
1368 2217 1575 2275 Venisti
1618 2230 1745 2275 ante
1774 2229 1988 2291 tempus

407 2296 476 2351 ad
503 2299 863 2355 cruciandum
896 2317 999 2359 nos
1028 2304 1119 2359 “‘l
1149 2308 1196 2365 il
1226 2307 1504 2367 Mahomet
1536 2328 1668 2369 vero
1709 2314 1987 2374 daemones

409 2390 696 2460 impietate
736 2404 984 2462 superat.
1015 2396 1111 2466 qui
1146 2396 1429 2455 Christum
1471 2418 1576 2460 nec
1617 2405 1715 2460 Dei
1761 2406 1985 2478 Filium,

403 2497 513 2537 nee
557 2482 801 2553 judicem
853 2500 976 2542 esse
1024 2487 1275 2547 allirmet.
1329 2493 1436 2550 Sed
1486 2496 1555 2551 ad
1614 2497 1768 2553 illum
1817 2499 1988 2557 Isaias

408 2571 651 2629 dixerit:
692 2593 710 2624 ι
736 2574 871 2630 Cum
916 2576 1137 2635 diabolo
1168 2593 1429 2654 corrupta
1476 2597 1563 2642 est
1610 2588 1839 2645 scientia
1896 2601 1987 2647 tua

412 2679 538 2719 cum
570 2665 772 2724 decore
812 2678 907 2726 tuo
931 2672 1028 2739 ",r
1059 2681 1167 2730 etc.
1205 2675 1276 2732 Et
1316 2678 1514 2733 merito
1537 2693 1669 2735 sane
1694 2680 1763 2736 de
1802 2681 1986 2737 illabo-

410 2764 556 2812 mete
587 2758 987 2833 discipulisque
1019 2765 1137 2821 suis
1187 2765 1338 2823 dicat
1362 2768 1581 2840 aliquis,
1612 2781 1833 2841 gentem
1864 2789 1986 2830 esse

409 2863 532 2916 qua:
555 2850 845 2909 consilium
878 2855 1149 2919 amiserit,
1176 2864 1234 2911 et
1260 2856 1317 2910 in
1346 2873 1453 2926 qua
1486 2872 1596 2914 non
1629 2862 1703 2915 sit
1729 2862 1980 2919 scientia.

411 2942 524 3000 Nos
546 2960 680 3002 vero
713 2947 797 3003 sic
826 2949 1106 3006 dicimus:
1148 2948 1306 3019 Quod
1340 2951 1399 3033 si.
1421 2951 1556 3007 ﬁdes
1584 2953 1667 3025 (ut
1701 2952 1986 3025 Scriptura

408 3037 573 3095 docet
600 3036 682 3112 ⁸⁸)
712 3041 834 3098 sine
868 3042 1136 3113 operibus
1179 3051 1397 3099 mortua
1440 3054 1545 3113 est,
1588 3046 1764 3103 multo
1811 3049 1985 3119 magis

408 3147 573 3202 opera
604 3134 725 3192 sine
764 3135 874 3192 ﬁde
916 3146 1135 3193 mortua
1188 3148 1337 3195 sunt.
1382 3140 1488 3197 Ubi
1538 3154 1669 3196 vero
1713 3155 1815 3197 nec
1846 3142 1984 3199 ﬁdes

2089 656 2255 709 αὐτοῦ
2305 658 2405 729 τὴν
2455 661 2687 729 δύναμιν
2720 664 2883 737 πείσῃ
2932 667 3146 731 πάντας
3175 670 3524 739 ἀνθρώπους,
3562 673 3661 726 καὶ

2086 747 2212 802 οὔτε
2244 751 2378 805 Θεὸν
2410 752 2538 806 οὔτε
2586 754 2724 809 Θεοῦ
2774 757 2903 812 Υἱὸν
2958 761 3331 815 πιστεύσωσιν
3381 758 3525 816 εἶναι
3567 762 3663 816 τὸν

2085 838 2345 909 Χριστὸν,
2378 845 2493 898 ἀλλ’
2526 846 2685 914 ἅγιον
2714 850 2816 919 μὲν
2847 850 2943 904 καὶ
2971 852 3261 921 προφήτην
3288 852 3437 923 ὕπερ
3479 854 3664 909 ἅπαν⁶

2087 950 2189 998 τας
2219 939 2529 1007 προφήτας,
2563 940 2659 993 καὶ
2704 942 2997 1012 ἄνθρωπον
3026 943 3166 1013 ὕπὲρ
3206 946 3419 1008 πάντας
3446 945 3665 1017 ἀνθρὼ-

2088 1044 2247 1098 πους,
2280 1032 2419 1087 Θεὸν
2448 1034 2507 1088 δὲ
2550 1034 2824 1104 οὐδαμῶς.
2867 1035 3009 1089 Ἀλλ’
3055 1039 3328 1109 ἐπιχειρεῖ
3362 1040 3501 1094 κατὰ
3562 1039 3663 1093 τσῦ
3760 1108 3774 1115 1

2086 1124 2330 1189 Χριστοῦ
2359 1126 2544 1179 πείσαι
2577 1127 2707 1189 τοὺς
2733 1126 3057 1196 ἀνθρώπους
3084 1131 3114 1183 δ
3142 1129 3393 1200 μάταιος,
3432 1132 3526 1184 τὸν
3552 1132 3669 1187 διά-

2088 1213 2248 1268 ϐολον
2279 1217 2642 1286 μιμούμενος.
2664 1218 2875 1289 Ὠσπερ
2900 1220 3012 1291 γὰρ
3045 1222 3258 1285 ἐκεῖνος
3287 1224 3451 1277 παντὶ
3478 1225 3666 1296 τρόπῳ

2090 1308 2407 1376 μηχανᾶται
2446 1310 2528 1372 είς
2557 1308 2621 1362 τὸ
2651 1310 2924 1380 πλανῆσαι
2959 1312 3140 1366 πάντα
3160 1313 3472 1384 ἄνθρωπον,
3498 1317 3591 1369 καὶ
3630 1316 3663 1386 ἢ

2086 1400 2154 1469 τῇ
2184 1398 2365 1452 πίστει
2414 1400 2449 1468 ἢ
2488 1400 2603 1460 τοῖς
2655 1400 2841 1472 ἔργοις
2866 1401 3100 1471 χωρίσαι
3149 1402 3316 1457 αὐτὸν
3364 1402 3461 1456 τοῦ
3490 1403 3655 1457 Θεοῦ⁹

2088 1488 2231 1542 οὕτω
2266 1491 2363 1542 καὶ
2398 1493 2428 1545 ό
2453 1490 2700 1561 Μωάμεθ
2740 1492 2906 1546 παντὶ
2939 1492 3128 1563 τρόπῳ
3156 1493 3476 1557 σπουδάζων
3509 1495 3665 1562 εὖρίρ

2092 1597 2309 1647 σκεται,
2343 1582 2431 1636 ἵνα
2459 1583 2567 1637 ἀπὸ
2608 1583 2708 1652 μὲν
2735 1583 2830 1637 τοῦ
2855 1584 3112 1656 ἀληθινοῦ
3143 1583 3279 1638 Θεοῦ
3312 1585 3530 1656 μακράν
3553 1602 3658 1640 που

2087 1675 2291 1745 ποιήσῃ
2330 1674 2508 1728 πάντα
2536 1674 2848 1747 ἄνθρωπον,
2884 1677 2980 1729 ποῖ
3007 1675 3107 1746 μὲν
3144 1678 3213 1746 τῇ
3243 1676 3451 1745 πίστει,
3479 1679 3573 1731 ποῖ
3597 1679 3659 1732 δὲ

2085 1769 2198 1831 τοῖς
2229 1767 2446 1836 ἔργοις*
2481 1765 2617 1820 Θεὸν
2672 1766 2731 1821 δὲ
2785 1767 3116 1836 προσκυνεῖν
3157 1767 3426 1835 διδάσκει,
3468 1769 3660 1824 ὅντινα

2022 1893 2065 1953 Β
2092 1859 2423 1914 ἀναπλάττει
2456 1861 2488 1928 ή
2520 1860 2732 1913 ἐκείνου
2777 1859 3003 1914 διάνοια.
3038 1859 3151 1914 Καὶ
3178 1861 3231 1914 oi
3273 1861 3373 1930 μὶν
3402 1860 3662 1931 δαίμονες

2090 1952 2186 2004 τὸν
2220 1949 2426 2022 Κύριον
2477 1951 2701 2017 ἰδόντες,
2736 1951 2874 2006 Θεοῦ
2908 1951 3034 2005 Υίδν
3089 1950 3254 2006 αὐτὸν
3298 1952 3666 2024 ὡμολόγησαν

2090 2047 2184 2101 καὶ
2213 2049 2408 2118 κριτὴν
2440 2047 2667 2110 ἄκοντες
2694 2065 2710 2081 ο
2747 2047 2809 2101 οὺ
2839 2046 2950 2115 γὰρ
2986 2046 3064 2111 ὡς
3105 2046 3333 2114 ἀληθεῖς
3359 2062 3669 2118 προσκυνη-

2088 2139 2182 2193 ταὶ
2210 2139 2400 2193 τοῦτον
2426 2138 2812 2209 ὡμολόγησαν,
2841 2137 2962 2192 ἀλλ’
2988 2138 3065 2202 ὡς
3098 2137 3173 2209 μὴ
3205 2138 3494 2208 δυνάμενοι
3530 2138 3668 2209 κρύ-

2087 2233 2187 2303 ψαι
2210 2232 2314 2304 τὴν
2343 2232 2625 2304 ἀλήθειαν,
2671 2230 2846 2295 οὕτως
2869 2226 3049 2296 εἷπον,
3099 2250 3121 2283 ι
3157 2229 3226 2284 Τί
3271 2231 3400 2300 ἡμῖν
3432 2231 3524 2284 καὶ
3557 2231 3666 2295 σοὶ,

2089 2325 2186 2378 re
2217 2324 2312 2379 τοῦ
2334 2323 2472 2379 Θεοῦ
2494 2341 2510 2391 ;
2540 2319 2705 2395 ἦλθες
2728 2323 2837 2394 πρὸ
2859 2320 3054 2390 καιροῦ
3074 2320 3367 2392 βασανίσαι
3389 2322 3566 2392 ἡμᾶς
3594 2340 3615 2375 ι
3637 2322 3670 2375 δ

2087 2417 2145 2471 δὲ
2171 2417 2422 2486 Μωάμεθ
2463 2416 2559 2469 καὶ
2584 2415 2787 2487 χείρων
2828 2414 3102 2484 δαιμόνων
3134 2411 3514 2481 ἀναφαίνεται,
3538 2412 3670 2466 ἐπεὶ

2091 2509 2232 2579 μήτε
2282 2509 2419 2562 Θεοῦ
2475 2509 2627 2575 Υἱὸν,
2663 2511 2805 2581 μήτε
2843 2511 3040 2583 κριτὴν
3098 2515 3187 2567 τὸν
3227 2512 3461 2585 Χριστὸν
3514 2511 3667 2580 λέγει

2090 2598 2252 2660 εἶναι.
2270 2604 2412 2659 Ἀλλ’
2438 2609 2585 2683 εἴποι
2615 2608 2682 2660 ἂν
2715 2608 2943 2673 Ἡσαΐας
2972 2610 3108 2680 πρὸς
3129 2610 3312 2677 αὑτὸν,
3344 2610 3426 2664 δτι
3451 2628 3472 2661 ι
3510 2607 3669 2663 Μετὰ

2089 2696 2186 2751 τοῦ
2217 2696 2468 2751 διαϐόλου
2501 2698 2713 2768 ἐφθάρη
2744 2700 2777 2770 ἠ
2808 2700 3087 2771 ἐπιστήμη
3120 2716 3218 2755 σου
3253 2702 3352 2756 σὺν
3379 2700 3458 2771 τῷ
3477 2699 3668 2754 κάλλει

2090 2806 2206 2843 σου.
2253 2807 2272 2840 ι
2312 2789 2423 2842 Καὶ
2461 2791 2646 2843 λοιπὸν
2674 2791 2899 2851 δικαίως
2916 2793 2991 2864 *ἂν
3020 2793 3164 2847 εῐποι
3193 2810 3279 2857 τις
3310 2792 3440 2864 περί
3471 2808 3528 2846 τε
3570 2790 3669 2845 τοῦ

2090 2877 2361 2947 Μωάμεθ,
2419 2879 2550 2947 περί
2582 2894 2642 2931 τε
2702 2877 2812 2931 τῶν
2842 2858 3326 2959 ἀκρλουθησάντων
3384 2858 3553 2948 αὐτῷ,
3582 2879 3669 2931 ὅτι

2091 2970 2242 3034 ἔθνος
2270 2970 2619 3034 ἀπολωλεκὸς
2644 2970 2843 3043 βουλήν
2867 2972 3008 3036 ἐστι,
3032 2972 3127 3025 καὶ
3143 2972 3242 3025 οὐκ
3265 2971 3415 3025 ἔστιν
3436 2971 3497 3025 ὲν
3515 2970 3668 3041 αὐτῳ

2091 3063 2398 3133 ἐπιστήμη.
2446 3063 2642 3132 Ἡμεῖς
2668 3063 2726 3116 δὲ
2759 3061 2997 3132 λέγομεν
3024 3062 3220 3128 οὕτως,
3251 3064 3336 3117 ὄτι
3374 3063 3472 3118 ἰὰν
3505 3065 3539 3135 ἡ
3570 3062 3668 3116 πί-

2090 3172 2207 3219 στις
2258 3156 2387 3210 ἄνευ
2438 3155 2546 3209 τῶν
2573 3153 2753 3225 ἔργων
2802 3155 2976 3225 νεκρά
3009 3155 3128 3209 ἔστι
3162 3154 3324 3223 κατὰ,
3364 3155 3425 3208 τὸ
3453 3155 3660 3223 λόγιον,

407 3240 510 3283 nec
535 3244 706 3300 opera
748 3240 949 3301 praesto
981 3241 1133 3302 sunl,
1168 3235 1431 3303 quidnam
1473 3236 1588 3293 illic
1620 3237 1983 3308 iudicandum

2091 3247 2273 3318 πολλῷ
2309 3244 2510 3317 μᾶλλον
2542 3247 2715 3316 νεκρά
2771 3247 2879 3299 είσι
2925 3246 2995 3300 τὰ
3041 3246 3201 3318 ἔργα,
3244 3247 3319 3318 μὴ
3366 3245 3531 3318 οὔσης
3573 3247 3668 3301 πί-

406 3320 543 3377 cst?
596 3321 1076 3388 Quemadmodum
1138 3326 1286 3382 enim
1354 3341 1558 3397 corpus
1626 3328 1747 3384 sine
1804 3330 1985 3385 anima

405 3421 689 3471 mortuum
736 3424 843 3482 est,
878 3416 960 3472 sic
1001 3425 1058 3473 et
1085 3418 1269 3473 anima
1302 3418 1423 3475 sine
1470 3418 1576 3474 (ide
1617 3429 1673 3475 et
1701 3422 1982 3491 operibus.

404 3504 466 3560 Si
499 3505 650 3561 enim
686 3506 826 3563 ﬁdes
849 3507 1110 3576 adiuerit,
1144 3509 1278 3565 licet
1302 3510 1624 3566 vulneretur
1647 3512 1849 3578 anima,
1894 3528 1986 3568 sa-

406 3597 655 3653 nationis
693 3607 876 3654 tamen
919 3600 1039 3656 vias
1076 3600 1264 3667 habet,
1299 3616 1401 3669 per
1451 3604 1831 3671 paenitentiam
1878 3604 1987 3660 sci-

406 3689 540 3747 licet
583 3697 640 3746 et
685 3703 875 3760 opera.
916 3690 1053 3749 Fide
1095 3701 1281 3748 autem
1334 3693 1581 3762 absente,
1617 3696 1800 3751 omnis
1839 3698 1986 3753 actio

405 3789 506 3838 aut
547 3783 751 3849 virtus,
803 3798 927 3854 quae
981 3785 1039 3840 in
1089 3786 1329 3856 speciem
1372 3802 1495 3843 esse
1540 3787 1788 3855 videtur,
1843 3804 1985 3844 vana

405 3886 490 3934 est
536 3886 595 3934 et
632 3878 838 3937 inanis.
898 3878 1031 3936 Fide
1090 3879 1238 3936 enim
1285 3891 1556 3951 prasente
1594 3885 1762 3941 etiam
1810 3883 1987 3940 virtus

403 3969 584 4037 adest,
616 3969 751 4027 licet
781 3970 1079 4042 aliquando
1103 3972 1327 4029 virtutis
1358 3974 1631 4044 delectus,
1669 3977 1723 4032 id
1751 3986 1835 4033 est
1860 3992 1986 4047 pec-

404 4070 591 4119 catum
646 4062 958 4119 oboriatur.
1001 4063 1107 4121 Ubi
1169 4080 1303 4123 vero
1358 4066 1495 4122 ﬁdes
1552 4082 1661 4122 non
1718 4077 1823 4133 est,
1884 4082 1986 4124 nce

404 4153 584 4209 virtus
615 4163 721 4210 est.
758 4155 859 4213 Ubi
893 4164 1076 4213 autem
1112 4157 1290 4214 virtus
1331 4173 1442 4213 non
1488 4158 1675 4225 fuerit,
1707 4173 1810 4214 nec
1835 4157 1984 4215 illius

402 4244 654 4305 delectus
680 4255 784 4303 est.
836 4247 939 4305 Ubi
975 4250 1143 4319 igitur
1175 4250 1357 4307 virtus
1395 4266 1506 4306 non
1541 4261 1649 4317 est,
1692 4267 1796 4308 nec
1850 4253 1985 4309 lides

403 4349 510 4407 est,
562 4356 669 4398 nec
720 4350 1033 4412 peceatum,
1065 4342 1160 4400 sed
1218 4345 1366 4400 nuda
1414 4352 1473 4400 et
1520 4359 1670 4401 mera
1709 4346 1982 4418 impietas.

400 4434 755 4505 Quaproer
785 4444 843 4491 et
885 4436 1053 4492 Isaias
1095 4436 1218 4491 ait:
1255 4456 1274 4489 ‹
1314 4436 1430 4492 Nisi
1465 4438 1833 4503 credideritis,
1871 4456 1980 4495 non

402 4528 724 4599 intelligetis
757 4529 824 4584 “.
864 4545 884 4580 ι
918 4529 1111 4586 'Fides
1155 4528 1340 4599 itaque
1385 4538 1442 4585 et
1481 4545 1609 4601 Spes
1650 4547 1841 4586 eorum
1903 4542 1988 4587 est

402 4636 526 4690 qua:
552 4634 665 4676 non
693 4618 975 4685 videatur,
998 4636 1110 4677 non
1134 4610 1325 4676 eorum
1360 4636 1482 4691 quae
1503 4623 1986 4686 demonstrantur;

398 4715 498 4768 sed
530 4713 806 4784 imprimis
830 4714 1039 4769 donum
1085 4713 1181 4770 Dei
1216 4722 1300 4769 est
1342 4713 1475 4769 ﬁdes
1502 4715 1593 4769 illa
1637 4713 1985 4770 Christiano~

332 4865 343 4881 ι
403 4822 526 4861 rum
567 4808 621 4861 in
648 4806 1060 4866 sacrosanctam
1090 4809 1442 4865 Trinitatem.
1476 4809 1633 4874 Quod
1661 4811 1808 4865 enim
1836 4810 1989 4865 videt

403 4898 625 4967 aliquis,
675 4912 778 4955 cur
831 4901 1065 4969 sperat?
1108 4900 1177 4954 Et
1223 4900 1370 4969 quod
1416 4899 1565 4955 videt
1614 4900 1837 4970 aliquis.
1889 4916 1988 4956 cur

404 4989 629 5046 rredit?
660 4990 1052 5046 Verumtamen
1082 4988 1548 5059 quemadmodum
1588 4991 1734 5060 apud
1768 5005 1869 5045 nos
1904 4991 1985 5045 sol

400 5082 586 5137 omnia
620 5097 966 5152 quacunque
993 5086 1316 5149 contingere
1358 5091 1557 5151 potest,
1606 5082 1902 5147 illuminat,
1932 5092 1989 5137 et

396 5173 581 5229 lucem
634 5173 806 5228 habet
864 5173 919 5227 in
982 5173 1302 5227 universum
1346 5173 1631 5235 mundum
1688 5174 1983 5242 visibilem,

406 5264 793 5333 multiplicem,
840 5279 1058 5319 sursum
1111 5271 1169 5316 et
1213 5263 1471 5320 deorsum
1509 5266 1852 5335 pmpriorum
1896 5284 1985 5322 ra-

401 5355 622 5410 diorum
677 5355 1027 5429 splendorem
1085 5354 1446 5426 dispergens:
1504 5367 1561 5412 et
1623 5358 1667 5411 si
1722 5360 1809 5413 cui
1870 5375 1977 5413 non

403 5447 606 5508 aderit,
675 5460 783 5499 non
828 5456 1053 5517 propter
1099 5447 1263 5519 hujus
1312 5449 1718 5505 illuminatoriae
1766 5451 1985 5507 virtutis

406 5537 784 5593 inﬁrmitatem
820 5539 925 5594 hoc
958 5539 1040 5606 ﬁt,
1096 5540 1193 5595 sed
1228 5550 1456 5611 propter:
1488 5542 1638 5596 visus
1679 5543 1985 5597 incommo-

400 5626 637 5685 ditatem
662 5645 676 5696 ;
707 5629 880 5685 multa
908 5632 1059 5687 enim
1082 5647 1209 5704 qua:
1238 5633 1367 5688 talia
1396 5642 1545 5697 sunt,
1579 5633 1768 5688 radius
1790 5634 1986 5688 solaris

409 5721 684 5778 transiens
728 5737 841 5779 non
884 5723 1181 5792 illuminat,
1227 5742 1351 5783 cum
1405 5725 1509 5780 alia
1550 5724 1862 5790 iiluminet;
1902 5726 1984 5779 sic

2090 3355 2285 3401 στεως.
2318 3339 2486 3417 Ἔνθα
2512 3339 2567 3392 δὲ
2590 3337 2715 3392 οὔτε
2743 3340 2926 3403 πίστις
2948 3338 3075 3393 οὔτε
3104 3338 3262 3408 ἔργα,
3290 3337 3349 3390 τί
3371 3336 3474 3408 χρὴ
3506 3337 3666 3406 νομί-

2087 3430 2204 3494 ζειν
2240 3430 2458 3492 suetos;
2499 3429 2694 3502 ὥσπερ
2721 3430 2829 3500 γὰρ
2850 3429 2911 3483 τὸ
2947 3428 3109 3498 σῶμα
3140 3428 3334 3499 νεκρόν
3367 3430 3514 3481 ἐστιν
3531 3425 3662 3480 ἄνευ

2086 3523 2290 3594 ψυχῆς,
2320 3522 2464 3578 οὕτω
2489 3522 2636 3594 ψυχὴ
2670 3524 2798 3579 ἄνευ
2837 3526 3078 3587 πίστεως
3106 3522 3200 3578 καὶ
3247 3522 3446 3594 ἔργων.
3480 3520 3666 3591 Οὔσης

2088 3617 2197 3685 γὰρ
2220 3617 2482 3679 πίστεως,
2516 3616 2679 3685 εἴπερ
2703 3614 2914 3683 δέξεται
2962 3614 3258 3685 τραύματα
3290 3615 3323 3684 ἠ
3353 3611 3518 3685 ψυχὴ,
3546 3611 3663 3684 ἔχει

2085 3709 2323 3778 τρόπους
2357 3708 2557 3771 ἰάσεως
2599 3709 2687 3765 διά
2741 3724 2802 3762 τε
2844 3707 3139 3779 μετανοίας
3196 3705 3289 3761 καὶ
3319 3705 3519 3775 ἔργων.
3576 3702 3665 3773 Μὴ

2084 3798 2252 3869 οὔσης
2288 3800 2346 3855 δὲ
2379 3799 2642 3864 πίστεως,
2689 3802 2840 3854 πᾶσα
2878 3798 3078 3869 πρᾶξις
3118 3798 3215 3852 καὶ
3259 3798 3410 3853 πᾶσα.
3447 3794 3665 3866 νομιζο-

2087 3893 2229 3963 μένη
2277 3893 2449 3964 ἀρετὴ
2486 3893 2693 3964 ματαία
2735 3894 2828 3947 καὶ
2855 3892 3046 3957 ἕωλος.
3084 3892 3330 3953 Πίστεως
3358 3889 3464 3961 γὰρ
3493 3887 3663 3960 οῦσης

2087 3982 2203 4036 ιστι
2240 3984 2331 4037 καὶ
2362 3984 2556 4052 ἀρετὴ,
2612 3983 2758 4039 ἔστιν
2807 3984 2897 4036 ὅτε
2947 3983 3043 4037 καὶ
3073 3982 3281 4052 ἀρετῆς
3316 3980 3660 4044 ἀπόπτωσις,

2085 4073 2363 4127 τουτέστιν
2393 4072 2667 4143 ἁμαρτία.
2697 4072 2874 4126 Ὅπου
2904 4073 2962 4125 δὲ
2991 4070 3175 4135 πίστις
3200 4070 3302 4125 οὐκ
3337 4069 3507 4134 ἔστιν,
3549 4067 3661 4121 οὐδ’

2085 4165 2280 4236 ἀρετή.
2304 4166 2416 4219 Καὶ
2449 4161 2577 4217 ἔνθα
2607 4164 2783 4235 ἀρετὴ
2822 4165 2923 4217 οὐκ
2954 4163 3120 4224 ἔστιν,
3152 4161 3263 4215 οὐδ’
3288 4160 3491 4232 ἀρετῆς
3521 4159 3661 4213 ἀπό-

2087 4274 2316 4327 πτωσις.
2349 4258 2492 4327 Ἀρα
2540 4256 2671 4313 ἔνθα
2727 4257 2910 4318 πίστις
2952 4254 3053 4308 οὐκ
3109 4254 3279 4319 ἐστιν,
3328 4252 3441 4306 οὔτ’
3490 4252 3660 4321 ἀρετή

2085 4326 2256 4414 έστίν,
2289 4347 2401 4404 οὔθ’
2430 4326 2696 4418 ἁμαρτία,
2736 4346 2872 4400 ἀλλὰ
2901 4345 3081 4417 γυμνὴ
3111 4347 3206 4400 καὶ
3232 4346 3369 4415 μόνη
3412 4344 3661 4398 ἀσέϐεια.

2087 4443 2188 4497 Διά
2216 4458 2298 4495 τοι
2326 4439 2485 4493 τοῦτο
2512 4441 2608 4492 καὶ
2646 4437 2873 4500 Ἡσαΐας
2901 4437 3088 4507 φησιν,
3124 4424 3157 4488 ι’
3185 4436 3311 4489 Ἐὰν
3342 4436 3416 4505 μὴ
3444 4434 3667 4487 πιστεύο

2021 4539 2066 4623 D‘
2096 4551 2247 4604 σητε,
2283 4533 2344 4587 οὐ
2381 4534 2457 4603 μὴ
2499 4534 2717 4602 συνῆτε.
2759 4550 2777 4583 ι
2812 4532 3003 4583 Τοίνυν
3031 4532 3064 4600 ἡ
3098 4528 3404 4623 πίστιςᾼκαὶ
3442 4530 3475 4598 ἡ
3511 4527 3667 4623 sint;

2090 4626 2200 4679 τῶν
2235 4625 2311 4696 μὴ
2343 4623 2691 4695 βλεπομένων
2719 4623 2888 4685 ἐστὶν,
2926 4621 2988 4673 οὐ
3034 4619 3143 4672 τῶν
3178 4616 3665 4687 ἀποδεδειγμένων.

2106 4711 2246 4772 Ἀλλ’
2281 4716 2397 4769 ἐστι
2435 4714 2609 4786 δῶρον
2660 4713 2797 4767 Θεοῦ
2848 4712 3145 4782 ἐξαιρέτως
3177 4712 3211 4782 ἡ
3252 4712 3332 4775 είς
3371 4710 3472 4779 τὴν
3504 4710 3668 4777 ἁγίαν

2091 4804 2294 4876 Τριάδα
2320 4804 2430 4857 τῶν
2462 4803 2811 4873 Χριστιανῶν
2846 4803 3050 4866 πίστις.
3083 4803 3148 4854 Ὅ
3194 4801 3305 4872 γὰρ
3339 4799 3531 4870 βλέπει
3559 4817 3697 4870 τιςν,

2087 4893 2142 4947 τί
2172 4892 2267 4948 καὶ
2304 4894 2555 4959 ὲλπίζει;
2591 4896 2689 4949 καὶ
2710 4893 2738 4946 ὃ
2769 4891 2981 4963 βλέπει,
3015 4892 3067 4945 τί
3093 4893 3186 4946 καὶ
3214 4891 3494 4956 πιστεύεις
3527 4888 3668 4942 Ἀλλ’
3742 4921 3751 4927 ~

2089 4989 2238 5058 ὅμως
2268 4986 2458 5056 ὥσπερ
2485 4988 2512 5040 ὁ
2540 4986 2664 5040 καθ’
2704 4987 2855 5055 ἡμᾶς
2884 4984 3036 5055 ἥλιος
3069 4983 3138 5038 τὰ
3168 4984 3345 5037 πάντα
3383 4984 3482 5035 ὅσα
3510 4982 3669 5049 μετέ·
3692 5004 3705 5011 α

2094 5097 2209 5152 χειν
2230 5077 2393 5132 αὑτοῦ
2422 5077 2648 5133 δύναται
2678 5077 2925 5145 φωτίζει,
2957 5078 3048 5130 καὶ
3067 5075 3536 5146 ὑπερηπλωμένον
3555 5074 3669 5144 ἔχει

2090 5171 2152 5223 τὸ
2181 5170 2298 5238 φῶς
2327 5171 2406 5230 είς
2475 5169 2651 5221 πάντα
2683 5171 2773 5222 τὸν
2826 5166 3023 5238 ὁρατὸν
3074 5166 3279 5235 κόσμον
3331 5164 3444 5219 ἄνω
3478 5181 3537 5216 τε
3575 5165 3668 5217 καὶ

2090 5264 2266 5326 κάτω,
2295 5262 2395 5325 τὰς
2421 5262 2531 5314 τῶν
2556 5260 2773 5314 οἰκείων
2800 5259 3035 5314 ἀκτίνων
3061 5259 3234 5326 αὐγὰς
3254 5256 3507 5324 ὲξαπλῶν
3531 5274 3546 5288 ·
3576 5256 3670 5309 καὶ

2096 5355 2149 5407 εί
2179 5371 2284 5406 τινι
2310 5354 2370 5407 οὐ
2410 5353 2655 5421 μέτεστι,
2691 5352 2848 5405 τοῦτο
2879 5352 2939 5404 οὐ
2966 5352 3064 5421 τῆς
3109 5348 3397 5410 ἀσθενείας
3426 5346 3528 5417 τῆς
3558 5363 3672 5416 φω-

2094 5447 2347 5515 τιστικῆς
2373 5445 2658 5514 δυνάμεως
2685 5444 2850 5497 αὑτοῦ
2878 5446 3050 5506 ἐστιν,
3077 5441 3214 5497 ἀλλὰ
3244 5442 3352 5493 τῶν
3386 5439 3454 5494 δι’
3481 5440 3670 5493 ἀνεπι-

2093 5538 2429 5609 τηδειότηταλ
2453 5538 2551 5608 τῆς
2578 5537 2842 5606 ὁράσεως,
2877 5538 2969 5591 καὶ
2998 5537 3169 5591 πολλὰ
3195 5534 3305 5589 τῶν
3322 5533 3495 5596 οὕτως
3515 5532 3670 5603 ἑχόν-

2092 5648 2201 5685 των
2246 5633 2278 5703 ή
2328 5632 2488 5693 ἀκτὶς
2522 5630 2876 5685 διαϐαίνουσα
2921 5630 2981 5684 οὐ
3028 5629 3278 5705 φωτίζει,
3327 5629 3397 5681 τὰ
3443 5626 3501 5680 δὲ
3552 5624 3668 5700 μετ’

2096 5726 2279 5777 ἐκεῖνα
2331 5723 2559 5792 φωτίζει
2586 5740 2600 5753 ·
2637 5723 2782 5777 οὕτω
2818 5723 2913 5777 καὶ
2961 5723 2988 5777 ὁ
3021 5721 3210 5792 νοητὸς
3257 5719 3410 5793 ἥλιος
3446 5720 3546 5792 τῆς
3592 5718 3671 5773 δι-

483 5883 528 5916 ⁶⁶
566 5883 756 5946 λίιιιιιι.
801 5903 925 5960 vni,
956 5889 1046 5944 ‘29.
1129 5891 1170 5924 ⁶’
1210 5890 1315 5950 lsa.
1362 5906 1487 5959 xiv,
1521 5893 1603 5959 ll,
1652 5893 1735 5949 1‘2.
1818 5892 1861 5925 ⁸⁸
1901 5890 1985 5947 Jac

2086 5906 2137 5956 ι,
2178 5889 2270 5946 20.
2350 5890 2393 5923 ⁶⁹
2429 5889 2531 5944 lsa.
2575 5906 2682 5957 vn,
2722 5890 2779 5947 9.
