4058 6472
321 481 426 549 661

1306 485 1606 548 CONTRA
1645 484 2130 546 MAHOMETEM
2165 479 2456 552 ORATIO
2495 486 2608 546 Ιίῐ.

3467 483 3593 549 662*

324 597 642 670 καιοσύνης,
689 597 968 653 τουτέστιν
1015 601 1043 653 6
1097 600 1358 670 Χριστὸς,
1410 601 1535 664 τοὺς
1592 601 1672 663 είς
1735 601 1930 658 αὐτὸν⁴

2037 600 2166 655 tiam
2217 601 2500 658 rationalis
2547 599 2638 654 ille
2684 599 2912 671 iustitia:
2959 599 3051 655 Sol
3095 597 3370 666 Christus,
3413 601 3470 655 in
3514 616 3614 656 se~

327 694 682 756 πιστεύοντας
725 693 977 766 ὲμπιπλᾷ
1017 693 1210 764 νοητοῦ
1255 694 1454 764 φωτός.
1493 695 1683 748 Πᾶσαν
1713 692 1769 746 δὲ
1797 692 1894 760 ἄγα

325 801 478 839 νοιαν
512 786 607 838 καὶ
636 785 847 856 πλάνην
878 785 1091 840 ἐλαύνει
1138 787 1203 838 ἐκ
1236 788 1426 841 πασῶν
1471 787 1684 856 ψυχῶν.
1713 780 1802 848 αἷς
1834 784 1900 838 ἂν

329 871 642 943 ἐγγένηται,
677 874 772 928 καὶ
796 873 922 937 τοὺς
957 876 1178 944 νοεροὺς
1203 875 1384 928 αὐτῶν
1415 874 1729 944 ὀφθαλμοὺς
1759 874 1898 926 ἀπο-

329 965 605 1036 καθαίρει.
640 967 752 1020 Καὶ
779 967 888 1035 γὰρ
931 967 1120 1036 ὥσπερ
1148 969 1182 1039 ἠ
1222 966 1415 1032 ἄγνοια
1455 965 1760 1037 διαιρετικὴ
1791 964 1901 1018 τῶν

333 1052 776 1121 πεπλανημένων
820 1055 990 1120 ἐστὶν,
1033 1054 1204 1137 οὕτως
1245 1055 1278 1124 ή
1327 1054 1423 1107 τοῦ
1475 1053 1669 1124 νοητοῦ
1724 1052 1902 1122 φωτὸς

335 1146 613 1215 παρουσία
647 1146 962 1214 συναγωγὸς
990 1149 1084 1200 καὶ
1122 1146 1356 1216 ἑνωτικὴ
1385 1144 1489 1199 τῶν
1518 1145 1904 1216 φωτιζομένων

333 1237 469 1291 ἐστί.
497 1237 596 1291 Διὰ
634 1236 768 1304 γοῦν
808 1238 962 1291 τοῦτο
1001 1239 1097 1294 καὶ
1125 1240 1154 1292 6
1182 1239 1419 1311 Χριστὸς
1449 1239 1658 1306 ἔλεγεν,
1694 1256 1714 1289 ι
1765 1237 1906 1306 Ἐγώ

334 1330 450 1399 εἰμι
477 1329 538 1382 τὸ
567 1329 684 1400 φῶς
716 1329 810 1385 τοῦ
863 1329 1094 1400 κόσμου,
1127 1331 1224 1384 καὶ
1289 1333 1317 1384 6
1358 1329 1633 1383 πιστεύων
1674 1329 1754 1391 εἰς
1807 1328 1908 1394 ἐμὲ

338 1424 399 1477 οὐ
436 1427 509 1494 μὴ
537 1423 892 1502 περιπατήσῃ
925 1424 984 1476 ὲν
1006 1424 1073 1493 τῇ
1111 1421 1324 1492 σκοτίᾳ,
1364 1441 1383 1474 ι
1425 1420 1526 1492 τῆς
1571 1421 1780 1488 πλάνης
1813 1419 1908 1490 δη-

335 1512 533 1576 λονότι,
583 1529 600 1564 ι
637 1511 754 1565 ἀλλ’
792 1512 903 1578 ἕξει
935 1509 995 1564 τὸ
1051 1511 1168 1580 φῶς
1213 1511 1314 1582 τῆς
1345 1509 1513 1580 ζωῆς,
1553 1527 1572 1561 i
1609 1509 1707 1564 καὶ
1747 1509 1911 1578 ἕτερα

337 1604 436 1659 ὅσα
469 1605 752 1674 μετολίγον
782 1607 810 1657 6
833 1604 989 1672 λόγος
1026 1603 1162 1674 δῆλα
1190 1604 1425 1674 ποιήσει.
1464 1603 1617 1654 Ἐπεὶ
1645 1599 1800 1669 γοῦν,
1834 1600 1910 1665 ὡς

337 1697 554 1767 εἴρηται
589 1696 646 1749 ὲν
680 1693 759 1764 τῷ
788 1693 1070 1764 κεφαλαίῳ
1098 1693 1177 1763 τῷ
1221 1691 1507 1759 Ἑλμαῖδᾶ,
1538 1689 1725 1754 διττὰς
1770 1693 1908 1744 ἁπο-

335 1787 532 1853 δείξεις
559 1786 739 1858 φέρων
768 1786 1084 1855 εὑρίσκεται
1110 1785 1252 1840 κατὰ
1292 1783 1385 1838 τοῦ
1427 1783 1668 1852 Χριστοῦ
1697 1783 1725 1834 6
1749 1781 1915 1836 Μωά-

341 1880 466 1952 μεθ,
497 1878 754 1934 δεικνύων
782 1879 855 1940 ὼς
881 1877 981 1932 οὐκ
1007 1877 1122 1932 ἔστι
1153 1876 1306 1940 Θεὸς,
1333 1876 1414 1930 διὸ
1465 1875 1727 1929 οὐδέποτε
1761 1874 1914 1945 είρη-

2000 691 2288 748 credentes
2331 693 2456 748 luce
2506 692 2696 760 implet
2743 693 3016 758 rationali,
3045 707 3378 763 omnemque
3422 695 3578 765 igno-

2001 783 2231 838 rantiam
2257 794 2313 840 et
2334 797 2582 839 errorem
2621 799 2690 840 ex
2719 785 3040 851 animabus,
3058 785 3257 855 quibus
3297 783 3574 851 inciderit,

2001 875 2258 945 expellit,
2323 884 2379 931 et
2423 875 2651 930 vitiosos
2698 875 2916 930 illarum
2985 877 3186 932 oculos
3235 883 3454 947 purgat.
3506 876 3578 931 Et

2004 966 2470 1036 quemadmodum
2532 966 2840 1035 ignorantia
2899 975 3146 1022 errantes
3200 975 3264 1021 et'
3319 967 3583 1022 seductos

2007 1059 2239 1130 dissipat
2283 1059 2416 1114 hinc
2457 1058 2604 1124 inde,
2651 1058 2730 1113 sic
2762 1057 3048 1112 rationalis
3095 1057 3237 1114 lucis
3289 1057 3598 1127 praesentia-

2006 1165 2099 1208 eos
2129 1152 2222 1222 qui
2257 1150 2636 1207 illuminantur
2660 1148 2887 1220 colligit.
2913 1157 2969 1204 et
2994 1148 3047 1203 in
3076 1163 3246 1204 unum
3275 1147 3581 1218 coniungit.

2007 1240 2350 1310 Quapropter
2388 1240 2506 1310 ipse
2553 1239 2808 1296 Christus
2851 1237 3073 1310 inquit:
3110 1257 3130 1291 ι
3172 1239 3285 1309 Ego
3329 1251 3460 1293 sum
3489 1238 3594 1294 lux»

2008 1332 2224 1388 mundi.
2266 1333 2335 1388 Et
2383 1333 2478 1403 qui
2531 1332 2589 1386 in
2638 1346 2727 1388 me
2769 1329 2968 1397 credit,
3015 1345 3124 1384 non
3169 1328 3478 1384 ambulabit
3527 1328 3596 1383 in)

2011 1421 2254 1478 tenebris
2276 1460 2293 1487 ,
2327 1438 2346 1473 ι
2384 1434 2635 1476 errorum
2683 1433 2914 1489 nempe,
2966 1437 2984 1470 ι
3013 1418 3110 1474 sed
3138 1417 3362 1473 habebit
3403 1419 3594 1472 lucem-

2010 1515 2139 1570 vita:
2165 1514 2236 1580 '°,
2276 1531 2294 1565 ι
2330 1519 2386 1568 et
2414 1512 2648 1582 reliqua,
2677 1527 2799 1582 qum
2827 1511 3008 1566 oratio
3045 1518 3236 1566 nostra
3263 1509 3430 1580 paulo
3459 1518 3586 1579 post

2011 1613 2269 1676 exponet.
2315 1603 2583 1671 Quoniam
2638 1605 2806 1673 igitur
2859 1603 2915 1658 in
2961 1602 3141 1672 capite
3184 1601 3493 1664 Helmaida,
3528 1609 3590 1655 ut

2013 1697 2224 1752 dictum
2265 1702 2371 1760 est,
2411 1693 2628 1749 duabus
2671 1705 2866 1750 contra
2913 1692 3192 1750 Christum
3241 1693 3590 1748 demonstra-
3627 1689 3634 1696 “

2017 1786 2261 1843 tionibus
2291 1784 2548 1842 innititur
2568 1784 2862 1850 Mahomet,
2898 1783 3196 1839 ostendens
3227 1782 3377 1837 hunc
3418 1782 3596 1835 Deum

2017 1895 2127 1935 non
2176 1894 2318 1946 esse,
2371 1893 2439 1933 eo
2485 1876 2634 1948 quod
2674 1875 2931 1932 Christus
2964 1890 3234 1947 nusquam
3280 1874 3484 1930 dixerit
3531 1887 3594 1929 se

337 1990 436 2027 κεν
471 1972 660 2040 ἑαυτὸν
689 1971 821 2025 Θεὸν
859 1970 886 2023 6
921 1969 1177 2041 Χριστὸς,
1214 1969 1310 2022 καὶ
1351 1969 1452 2022 ὅτι⁴
1481 1969 1592 2032 τοῖς
1634 1967 1910 2024 Ἰουδαίοις

2031 1973 2192 2028 Deum
2217 1986 2339 2028 esse
2364 1988 2380 2039 ;
2407 1979 2519 2025 tum
2553 1969 2700 2040 quod
2733 1969 2938 2026 Iudaeis
2969 1967 3336 2038 prteceperit:
3379 1985 3398 2019 ι
3440 1965 3593 2021 Ado-

338 2053 496 2112 εἶπεν
526 2057 606 2111 ὅτι
648 2075 666 2109 ι
705 2059 1069 2125 Προσκυνείτε
1105 2057 1196 2111 τὸν
1243 2055 1378 2110 Θεόν
1408 2072 1513 2124 μου
1540 2055 1645 2108 Ικαὶ
1689 2056 1821 2108 Θεὸν
1851 2054 1912 2108 ὑ-

334 2148 485 2220 μῶν,
523 2149 620 2202 καὶ
647 2148 852 2219 Κύριόν
890 2165 992 2220 μου
1018 2152 1114 2203 καὶ⁸
1143 2147 1350 2216 Κύριον
1374 2147 1530 2215 ὑμῶν
1553 2162 1566 2177 ·
1609 2165 1628 2199 ι
1659 2145 1818 2215 δεῦρο
1846 2145 1912 2217 δὴ

341 2239 670 2310 σκεψώμεθα
692 2242 934 2310 περὶτῆς
957 2239 1251 2310 προτέρας,
1272 2237 1487 2304 ἔπειτα,
1507 2238 1640 2292 Θεοῦ
1659 2238 1914 2304 διδόντος,

345 2334 439 2388 καὶ
469 2335 595 2401 περὶ
626 2335 726 2404 τῆς
763 2332 1045 2404 δευτέρας.
1088 2330 1409 2402 ’Δρξὼμεθα
1451 2331 1630 2384 τοίνυν
1676 2331 1784 2384 ἀπὸ
1817 2331 1917 2401 τῆς

356 2425 448 2477 τοῦ
499 2424 743 2495 Μωάμεθ
792 2425 1106 2494 ὁμολογίας.
1141 2417 1312 2486 Οὗτος
1363 2425 1454 2478 τὸν
1495 2425 1730 2496 Χριστὸν
1759 2425 1918 2492 λόγον

358 2517 505 2582 Θεοῦ,
540 2520 633 2573 καὶ
667 2518 844 2590 ψυχὴν
869 2519 1028 2584 Θεοῦ,
1059 2519 1156 2572 καὶ
1183 2520 1354 2591 πνοὴν
1382 2517 1519 2573 Θεοῦ
1561 2519 1710 2589 λέγει
1753 2515 1918 2581 εἶναι,

357 2609 535 2674 καθὼς
563 2611 800 2682 εἴρηται,
835 2610 930 2663 καί⁵
958 2611 1027 2664 τὰ
1057 2611 1232 2680 ¹παρςὶι
1259 2611 1354 2664 τοῦ
1398 2609 1638 2682 Χριστοῦ
1672 2611 1768 2664 καὶ
1813 2611 1923 2663 τῶν

353 2703 666 2756 ἀποστόλων
694 2704 976 2774 γραφέντα
1002 2705 1093 2756 καὶ
1125 2703 1438 2774 πραχθέντα
1468 2703 1527 2756 ὲν
1558 2702 1633 2773 τῷ
1674 2701 1920 2771 Εὐαγγεο

354 2795 454 2867 λίῳ
484 2795 669 2849 δίκαια
717 2796 812 2849 καὶ
845 2796 976 2864 ἅγια
1011 2797 1105 2849 καὶ
1138 2795 1325 2850 τέλεια
1373 2795 1465 2849 καὶ
1493 2795 1671 2864 ἀληθῆ
1714 2794 1926 2865 ὡμολό-

357 2905 517 2959 γησε.
541 2889 653 2943 Καὶ
676 2888 919 2953 δικαίωςσ
947 2890 978 2960 ἠ
1009 2886 1118 2959 γὰρ
1135 2889 1227 2943 τοῦ
1246 2887 1456 2960 Κυρίου
1482 2888 1708 2960 ἀλήθεια
1732 2888 1813 2950 είς
1836 2888 1928 2939 τὸν

360 2980 534 3034 αιῶνα
567 2981 740 3051 μένει.
780 2981 912 3035 Ἀπὸ
945 2982 1054 3052 γὰρ
1080 2979 1172 3034 τοῦ
1204 2981 1382 3050 Λόγου
1410 2981 1504 3035 τοῦ
1545 2979 1681 3034 Θεοῦ
1726 2980 1786 3033 οὐ
1835 2979 1930 3033 δύ-

360 3089 519 3126 ναται
541 3071 782 3140 ἐξελθεῖν
826 3072 1042 3142 ψεῦδος.
1072 3071 1283 3127 Ταυτὸν
1312 3073 1420 3141 γάρ
1462 3073 1611 3126 ἐστιν
1644 3073 1821 3125 εἰπεῖν
1850 3072 1932 3126 ὅτι

357 3168 388 3218 6
436 3162 567 3228 Θεὸς
603 3165 702 3219 οὐκ
731 3165 846 3218 ἔστι
883 3164 1036 3229 Θεὸς,
1073 3165 1167 3219 καὶ
1196 3166 1230 3236 ὴ
1285 3164 1515 3236 ἀλήθεια
1560 3164 1756 3234 ψεῦδός
1791 3167 1930 3232 ἐστι,

361 3256 540 3310 καὶτὸ
564 3254 680 3325 φῶς
713 3256 922 3320 σκότος.
960 3257 1094 3311 Ἰδοὺ
1133 3256 1265 3326 γοῦν
1297 3259 1360 3309 τὸ
1392 3257 1592 3312 ἄτοπον
1625 3257 1718 3310 καὶ
1743 3257 1772 3309 6
1802 3255 1934 3309 Μω-

363 3343 504 3413 άμεθ
533 3344 752 3413 νοήσας,
780 3343 1089 3412 κατέφυγεν
1112 3345 1190 3406 είς
1222 3345 1283 3397 τὸ
1317 3343 1394 3414 μή
1421 3359 1553 3398 ποτε
1584 3343 1675 3396 τὸν
1696 3341 1933 3413 Χριστὸν

364 3436 494 3510 περὶ
521 3437 713 3492 ἑαυτοῦ
741 3437 915 3490 εἰπεῖν
946 3435 1029 3489 ὅτι
1057 3435 1178 3488 ἐστὶ
1203 3435 1356 3500 Θεός.
1402 3433 1598 3506 Ἡμεῖς
1633 3436 1764 3506 γοῦν
1795 3436 1852 3490 ἕν
1875 3454 1936 3491 τε

365 3528 434 3598 τῇ
475 3524 670 3600 πρώτῃ
697 3526 967 3598 ἀπολογίᾳ
991 3527 1087 3580 καὶ
1130 3525 1362 3595 δευτέρᾳ
1393 3526 1486 3579 καὶ
1516 3529 1674 3598 τρίτῃ
1725 3525 1939 3580 πεπλα-

365 3622 650 3691 τυσμένως
679 3619 774 3674 καὶ
794 3619 1005 3691 τρανῶς
1023 3617 1405 3689 ἀπεδείξαμεν,
1437 3619 1547 3673 ἀπό
1576 3637 1635 3673 τε
1655 3617 1749 3674 τοῦ
1768 3619 1940 3690 ’Δδὰμ

363 3710 472 3773 ἓως
522 3710 621 3781 τῆς
665 3710 902 3779 Χριστοῦ
958 3710 1264 3782 γεννήσεως
1317 3711 1466 3772 ὅπως
1519 3712 1941 3782 προεφήτευσαν

367 3803 571 3866 πάντες
599 3805 647 3856 οἱ
677 3801 980 3873 προφῆταις
1008 3803 1158 3862 ὅπως
1210 3799 1352 3854 εἶδον
1387 3801 1437 3854 οἱ
1486 3802 1755 3873 Πατέρες,
1787 3802 1938 3865 ὅπως

369 3896 636 3968 ἐλάλησεν
664 3895 826 3959 αὐτὸς
849 3897 876 3950 6
899 3894 1026 3958 Θεὸς
1061 3894 1157 3948 καλ⁸
1181 3893 1371 3966 Πατὴρ
1397 3896 1524 3966 περὶ
1555 3893 1650 3948 τοῦ
1675 3890 1940 3964 Χριστοῦ,

368 3985 467 4044 καὶ
503 3988 749 4058 φανερῶς
783 3987 879 4042 καὶ
937 3985 1324 4056 ἀναμφιϐόλως
1352 3984 1648 4056 ἀπεδείχθη
1693 3985 1790 4040 καὶ
1821 3985 1946 4038 ἀνε-

368 4085 513 4155 φάνη
545 4083 676 4146 Θεὸς
707 4082 801 4134 καὶ
833 4078 968 4133 Θεοῦ
999 4079 1146 4142 Υἱὸς,
1171 4079 1266 4137 καὶ
1293 4077 1419 4139 Υἱὸς
1451 4077 1758 4147 ἀνθρώπου.
1787 4073 1944 4128 Μετὰ

363 4177 428 4230 δὲ
460 4177 519 4230 τὸ
558 4174 810 4230 Ἰωάννου
856 4173 1140 4244 βάπτισμα
1185 4171 1282 4224 καὶ
1325 4169 1418 4222 τὸν
1451 4169 1683 4224 θάνατον
1732 4169 1944 4222 ἐκείνου

367 4267 577 4343 ἤρξατο
609 4268 774 4332 αὐτὸς
811 4267 839 4318 6
887 4264 1124 4336 Χριστὸς
1163 4259 1614 4331 εὐαγγελίζεσθαι
1656 4261 1756 4330 τὴν
1787 4261 1946 4330 βασι-

371 4361 525 4415 λείαν
573 4359 668 4412 τοῦ
704 4357 866 4411 Θεοῦ.
915 4355 1029 4409 Καὶ
1057 4355 1142 4407 ὅτι
1193 4352 1294 4422 μὲν
1332 4349 1619 4422 κηρύττων
1659 4349 1758 4401 οὐκ
1818 4347 1947 4402 ὲόόα

368 4449 586 4519 συχνῶς
611 4449 694 4502 ὅτι
729 4445 874 4514 Ἐγώ
916 4445 1044 4514 ,είμι
1077 4444 1107 4496 6
1150 4439 1282 4504 Θεὸς
1309 4442 1338 4493 6
1386 4438 1565 4492 λαλῶν
1602 4437 1726 4507 μεθ’
1770 4435 1945 4507 ὑμῶν,

365 4539 546 4605 οὕτως
575 4537 748 4603 ἐστὶν,
783 4535 975 4605 ὥσπερ
1013 4534 1132 4586 οὐδὲ
1170 4529 1426 4602 βασιλεὺς
1468 4527 1789 4600 περιπατῶν
1826 4527 1947 4598 βοᾷ,

1958 3309 2004 3368 C

2016 2073 2131 2120 rate
2184 2064 2356 2120 Deum
2402 2077 2586 2118 meum
2635 2070 2692 2118 et
2744 2060 2916 2116 Deum
2972 2068 3255 2125 vestrum,
3298 2058 3600 2116 Dominum

2017 2171 2195 2223 meum
2234 2163 2291 2210 et
2319 2155 2611 2211 Dominum
2652 2165 2892 2210 vestrum
2923 2169 2959 2220 ;.
2984 2171 3004 2206 ›
3039 2152 3269 2224 agedum
3306 2151 3376 2207 de
3415 2151 3599 2221 prima

2011 2249 2124 2318 jam
2157 2247 2466 2316 videamus,
2501 2247 2631 2302 dein
2679 2244 2794 2301 Deo
2831 2246 3050 2302 volente
3081 2245 3249 2301 etiam
3291 2242 3593 2298 secundam

2018 2341 2399 2398 discutiemus.
2439 2339 2770 2408 incipiamus
2805 2340 2990 2409 itaque
3027 2339 3096 2394 ab
3120 2336 3238 2406 ipsa
3270 2332 3602 2390 Mahometis

2019 2431 2389 2489 confessione.
2423 2431 2524 2486 llic
2549 2430 2832 2486 Christum
2864 2443 3176 2490 sermonem
3205 2427 3325 2492 Dei,
3355 2425 3602 2480 animam

2021 2525 2144 2590 Dei,
2183 2533 2240 2580 et
2269 2523 2524 2593 spiritum
2558 2521 2677 2587 Dei,
2725 2530 2787 2576 ut
2829 2522 3042 2576 dictum
3079 2529 3186 2585 est,
3233 2523 3414 2574 vocat.
3458 2516 3623 2571 item.

2024 2631 2148 2686 quae
2177 2616 2245 2671 de
2278 2614 2498 2672 Christo
2533 2625 2588 2673 et
2631 2613 2897 2686 apostolis
2943 2614 3000 2672 in
3047 2611 3350 2682 Evangelia
3392 2608 3599 2664 descri-

2026 2709 2254 2773 buntur,
2284 2708 2447 2778 iusta,
2480 2715 2696 2769 sancta,
2740 2703 2986 2776 perfecta
3031 2711 3089 2760 et
3118 2717 3250 2758 vera
3277 2715 3400 2758 esse
3427 2699 3602 2755 eonﬁ-

2029 2809 2210 2863 tetur;
2239 2810 2294 2857 et
2333 2801 2516 2856 bene:
2566 2817 2586 2852 ι
2619 2797 2835 2856 Veritas
2869 2797 3018 2852 enim
3061 2794 3280 2851 Domini
3316 2800 3499 2872 manet
3542 2790 3606 2845 in

2027 2905 2297 2952 aeternum
2330 2893 2400 2948 τί.
2436 2910 2454 2943 ι
2501 2891 2544 2946 Δ
2577 2903 2831 2946 sermone
2871 2887 3076 2956 quippe
3115 2886 3209 2941 Dei
3254 2881 3612 2939 mendacium

2029 2987 2184 3043 exire
2222 2985 2450 3056 nequit;
2499 2984 2645 3042 idem
2692 2981 2840 3044 enim
2873 2987 3019 3036 esset
3043 2977 3229 3034 dicere
3276 2975 3448 3031 Deum
3490 2988 3606 3027 non

2031 3093 2156 3136 esse
2203 3077 2374 3134 Deum
2401 3115 2416 3140 ,
2461 3084 2519 3132 et
2567 3074 2858 3132 veritatem
2913 3069 3301 3132 mendacium,
3357 3067 3616 3121 lucemve

2036 3169 2311 3227 tenebras.
2371 3167 2648 3226 Mabomet
2696 3165 2868 3236 igitur
2925 3161 3271 3218 absurditate
3316 3158 3398 3214 rei
3446 3155 3610 3211 intel-

2034 3265 2198 3330 lecta,
2243 3263 2310 3319 ad
2350 3263 2457 3318 hoc
2496 3257 2766 3325 confugit,
2798 3254 3082 3312 Christum
3138 3263 3408 3321 nusquam
3444 3247 3513 3303 de
3551 3259 3620 3301 se

2037 3356 2182 3428 quod
2227 3337 2384 3412 Deus
2425 3353 2497 3409 sit
2528 3351 2754 3408 dixisse.
2805 3347 2917 3404 Nos
2957 3346 3144 3415 itaque
3192 3344 3249 3426 in
3288 3341 3484 3412 prima,
3529 3349 3616 3396 su-

2039 3423 2218 3505 cunda
2259 3455 2314 3501 et
2355 3445 2515 3501 tertia
2561 3441 2826 3512 Apologia
2863 3438 3086 3508 cupiose
3140 3423 3306 3491 simul
3358 3440 3416 3488 et
3460 3431 3613 3487 clare

2041 3538 2563 3605 demonstravimus,
2593 3535 2662 3590 ab
2687 3536 2810 3604 ipso
2841 3531 3053 3588 Adamo
3088 3542 3268 3599 usque
3299 3525 3366 3582 ad
3399 3522 3616 3581 Christi

2039 3629 2495 3702 generationem,
2552 3624 2703 3696 quod
2763 3623 3047 3693 propheta:
3093 3631 3290 3673 omnes
3333 3611 3617 3670 vaticinati

2043 3723 2174 3785 sint,
2207 3721 2354 3792 quod
2376 3721 2564 3776 Patres
2593 3716 2855 3782 viderint,
2879 3713 3026 3784 quod
3052 3712 3170 3782 ipse
3200 3710 3345 3764 Deus
3373 3715 3430 3763 et
3457 3707 3628 3761 Pater

2044 3814 2113 3870 de
2145 3813 2370 3870 Christo
2397 3813 2616 3868 locutus
2655 3808 2752 3872 sit,
2780 3817 2838 3862 et
2862 3804 3013 3876 quod
3046 3801 3336 3860 manifeste
3364 3800 3628 3868 citraque

2044 3918 2264 3960 omnem
2295 3899 2724 3958 controversiam
2769 3897 3185 3951 demonstratus
3219 3903 3274 3946 et
3309 3889 3626 3944 declaratus
3727 3880 3733 3886 ’

2045 3996 2117 4050 sit
2169 3994 2314 4050 Deus
2364 4001 2421 4047 et
2468 3990 2562 4045 Dei
2611 3988 2804 4052 Filius,
2857 3994 2914 4041 et
2963 3983 3139 4038 Filius
3183 3980 3445 4037 hominis.
3491 3977 3622 4033 Post

2046 4086 2378 4157 baptismum
2415 4096 2548 4138 vero
2597 4077 2827 4135 Joannis
2852 4117 2867 4142 ,
2919 4086 2976 4132 et
3006 4083 3243 4132 mortem
3285 4073 3455 4137 illius,
3500 4069 3626 4139 ipse

2046 4177 2214 4232 etiam
2248 4173 2500 4228 Christus
2535 4183 2764 4239 regnum
2807 4165 2902 4224 Dei
2933 4165 3233 4236 prazdicare
3275 4162 3464 4232 cmpit.
3511 4159 3628 4214 Sed.

2046 4266 2194 4336 quod
2233 4264 2378 4318 inter
2418 4258 2828 4330 praedicandum
2861 4272 2972 4312 non
3003 4255 3324 4325 frequenter
3347 4252 3624 4310 exclama—-

2047 4359 2228 4413 verit:
2254 4356 2368 4426 Ego
2401 4354 2544 4410 Deus
2575 4337 2698 4406 sum
2725 4350 2821 4420 qui
2853 4349 3138 4406 vobiscum
3170 4347 3390 4417 loquor,
3428 4357 3629 4402 verum-

2049 4457 2167 4503 est:
2197 4443 2662 4517 quemadmodum
2699 4457 2805 4504 nec
2834 4457 2932 4498 rex
2972 4437 3338 4498 obambulans
3371 4436 3579 4491 clamat
3606 4453 3622 4490 :

2049 4539 2164 4610 Ego
2206 4553 2303 4594 rex
2364 4551 2527 4603 sum;
2565 4543 2946 4590 verumtamen
2989 4548 3059 4590 ex
3110 4525 3515 4602 magnificentia
3572 4531 3632 4580 et

367 4634 460 4687 ὅτι
482 4631 625 4701 Ἐγώ
651 4632 768 4700 εἰμι
790 4631 818 4682 6
841 4627 1118 4698 βασιλεὺς,
1143 4623 1260 4677 ἀλλ’
1288 4621 1394 4676 ἀπὸ
1415 4619 1508 4674 τοῦ
1537 4619 1822 4690 μεγαλείου
1850 4619 1930 4672 κα¹

2053 4629 2226 4701 gloria
2275 4625 2621 4683 auctoritatis
2664 4633 2720 4680 et
2748 4624 3008 4696 potentia
3046 4622 3196 4679 illius
3224 4634 3420 4676 omnes
3478 4618 3629 4680 hunc

368 4728 476 4795 τῆς
508 4725 666 4793 δόξης
699 4723 800 4792 τῆς
829 4717 997 4773 αὑτοῦ
1029 4714 1278 4784 ἐξουσίας
1305 4715 1398 4767 καὶ
1432 4711 1717 4783 δυνάμεως
1745 4711 1948 4777 πάντες

370 4819 566 4892 τοῦτον
595 4816 968 4887 διακρίνουσιν
1018 4811 1128 4892 ἀπὸ
1174 4807 1280 4863 τῶν
1328 4805 1533 4863 δούλων
1564 4805 1730 4860 αὐτοῦ
1756 4820 1770 4836 ⁸
1804 4803 1950 4858 οὕτω

373 4884 592 4970 καὶιὲπὶ
617 4884 1014 4977 τοῦ-Χριστοῦ.
1051 4884 1170 4958 Κάν
1222 4901 1316 4955 καὶ
1345 4900 1424 4970 τῷ
1458 4898 1710 4973 στόματι.
1740 4896 1951 4967 συχνῶς

376 5006 482 5059 οὐκ
507 5001 694 5069 ἔλεγεν
724 4999 806 5051 ὅτι
850 4994 994 5064 Ἐγώ
1024 4995 1139 5064 είμι
1181 4994 1208 5046 6
1248 4991 1398 5058 Θεὸς,
1447 4989 1588 5044 ἀλλά
1625 5004 1688 5058 γε
1725 4989 1838 5050 τοῖς
1865 4985 1954 5058 ἔρ-

378 5115 501 5168 γοις
537 5095 699 5152 τοῦτο
751 5091 1042 5146 ἐδείκνυεν.
1082 5083 1225 5142 Ἀλλ’
1251 5085 1400 5154 ὅμως
1434 5082 1536 5136 οὐκ
1570 5080 1813 5151 ἔκρυπτε
1855 5077 1954 5149 τὴν

381 5187 552 5245 αὑτοῦ
584 5185 840 5256 θεότητα,
893 5179 1014 5234 οὐδὲ
1066 5177 1157 5230 τὸν
1205 5174 1374 5230 αὐτοῦ
1409 5172 1631 5243 Πατέρα
1676 5171 1773 5224 καὶ
1801 5169 1958 5232 Θεὸν,

381 5282 506 5338 οὐδὲ
529 5279 735 5335 ἐκώλυε
764 5275 892 5338 τοὺς
917 5269 1080 5329 αὐτὸν
1100 5265 1518 5340 ὡμολογοῦντας
1549 5262 1682 5318 Θεὸν
1706 5262 1798 5314 καὶ
1821 5258 1958 5314 Θεοῦ

384 5373 541 5429 Υίόν.
583 5368 644 5424 '0
678 5369 785 5440 γὰρ
817 5360 1116 5432 Ναθαναὴλ
1167 5360 1337 5414 εἰπὼν
1381 5360 1464 5412 ὅτι
1517 5375 1535 5408 ι
1582 5356 1654 5410 Σὺ
1687 5352 1738 5407 εἷ
1775 5356 1802 5407 6
1831 5352 1960 5416 Υἱὸς

386 5463 480 5520 τοῦ
504 5459 663 5525 Θεοῦ.
694 5460 759 5513 σὺ
791 5455 842 5512 εἷ
876 5459 904 5512 6
937 5454 1190 5527 βασιλεὺς
1230 5451 1324 5505 τοῦ
1374 5449 1616 5521 Ἰσραὴλ,
1652 5467 1671 5502 ι
1701 5447 1800 5500 οὐκ
1830 5447 1961 5499 ἐπε.

384 5557 595 5631 τιμήθη
620 5555 813 5627 ὥσπερ
840 5555 889 5610 οἱ
919 5555 979 5606 ὲν
1013 5547 1296 5619 Λυκαονία
1327 5545 1645 5618 βουλόμενοι
1676 5541 1961 5613 ὁμολογῆ-

393 5669 482 5705 σαι
511 5651 604 5706 τόν
631 5667 691 5704 τε
713 5645 928 5707 Παῦλον
962 5645 1055 5698 καὶ
1085 5639 1384 5712 Βαρνάϐαν
1417 5637 1595 5703 θεοὺς,
1635 5636 1733 5689 καὶ
1777 5632 1963 5687 θύσειν

389 5743 596 5812 αὐτοῖς,
616 5739 692 5810 ὡς
718 5741 882 5811 θεοῖς,
901 5733 1316 5808 ἐπετιμήθησαν
1341 5731 1472 5804 παρ’
1498 5727 1679 5786 αὐτῶν
1697 5727 1962 5780 εἰπόντων

2056 4739 2088 4778 a
2127 4720 2302 4777 servis
2327 4726 2559 4790 possunt
2601 4716 2961 4772 discernere:
3011 4714 3093 4770 sic
3120 4712 3283 4767 etiam
3323 4710 3380 4766 in
3410 4709 3636 4765 Christo

2058 4812 2140 4866 ﬁt.
2178 4808 2439 4879 Quamvis
2470 4807 2615 4864 enim
2640 4821 2736 4862 ore
2769 4819 2871 4861 suo
2899 4819 3008 4859 non
3035 4803 3358 4872 frequenter
3386 4799 3589 4856 dixerit
3613 4817 3630 4855 :

2055 4906 2170 4976 Ego
2197 4905 2342 4962 Deus
2374 4917 2520 4967 sum,
2556 4898 2822 4970 operibus
2864 4906 3045 4954 tamen
3077 4895 3182 4950 hoe
3219 4893 3367 4950 idem
3399 4892 3634 4966 demon-

2053 4996 2269 5055 stravit.
2321 4995 2510 5064 Neque
2549 5001 2729 5048 tamen
2775 5005 2930 5045 suam
2981 4987 3328 5050 divinitatem
3365 4985 3632 5049 occuluit,

2056 5104 2238 5159 neque
2276 5087 2446 5144 etiam
2476 5085 2646 5140 Deum
2685 5083 2904 5138 Patrem
2947 5095 3143 5136 suum:
3179 5093 3282 5134 nee
3309 5080 3479 5134 etiam
3513 5078 3640 5132 illos

2057 5181 2320 5243 inhibuit,
2364 5178 2458 5250 qui
2504 5193 2563 5233 se
2589 5186 2646 5232 et
2679 5177 2849 5232 Deum
2875 5189 3022 5239 esse,
3056 5183 3114 5228 et
3141 5173 3234 5228 Dei
3272 5170 3472 5227 Filium
3505 5186 3637 5226 con-

2059 5271 2188 5327 fessi
2223 5258 2376 5326 sunt.
2402 5264 2694 5323 Natbaniel
2734 5264 2887 5318 enim
2918 5261 3147 5318 dicens:
3180 5276 3201 5311 ι
3241 5259 3324 5314 Tu
3355 5273 3418 5313 es
3465 5257 3650 5312 Filius

2059 5364 2181 5432 Dei,
2219 5373 2276 5418 tu
2322 5377 2384 5418 es
2435 5375 2529 5415 rex
2565 5356 2784 5413 lsraelis
2813 5355 2916 5421 ",i
2947 5368 3060 5408 non
3109 5351 3484 5421 reprehensus
3531 5357 3642 5414 est,

2061 5463 2124 5511 ut
2155 5453 2212 5507 bi
2242 5451 2336 5522 qui
2360 5447 2648 5521 Lycaonia:
2674 5445 2903 5500 Paulum
2933 5453 2989 5498 et
3011 5441 3319 5500 Barnabam
3350 5441 3486 5495 deos
3515 5453 3639 5492 esse

2060 5542 2417 5605 sentiebant,
2482 5539 2727 5609 ipsisque
2776 5546 3034 5606 tanquam
3098 5533 3207 5588 diis
3261 5527 3636 5588 sacriﬁcaturi

2063 5641 2243 5698 erant,
2291 5630 2561 5700 increpati
2608 5635 2739 5684 sunt
2785 5627 2854 5682 ab
2891 5625 3032 5697 ipsis
3073 5622 3428 5680 dicentibus:
3465 5635 3485 5669 ι
3527 5618 3641 5670 De-
3751 5695 3754 5702 Ι

2064 5723 2242 5781 sistite
2291 5737 2324 5780 a
2367 5735 2428 5778 re
2477 5727 2587 5778 tam
2635 5717 2917 5788 absurda,
2965 5731 3070 5774 nos
3120 5713 3326 5774 etenim
3373 5709 3635 5768 homines

379 5976 389 5986 η
463 5907 508 5940 ⁷⁸
548 5903 709 5962 loan.
750 5913 844 5958 vni
870 5939 886 5969 ,
925 5895 1044 5953 1‘2.’
1089 5894 1132 5928 "
1174 5889 1320 5950 Psal.
1361 5903 1504 5956 cm,
1543 5885 1601 5941 2.
1677 5885 1722 5918 "
1763 5881 1917 5938 Joan.
1960 5895 2005 5948 ι,
2039 5879 2134 5936 49.

2359 5985 2415 6015 ιδ.)
