4058 6442
453 481 558 547 663

1638 481 1957 544 JOANNIS
1988 484 2513 551 CAN'I‘ACUZENI

3604 493 3713 556 (64

441 605 643 646 sumus
675 589 870 646 iisdem
915 589 1124 661 quibus
1164 599 1217 646 et
1258 606 1356 647 vos
1408 592 1570 649 malis
1612 594 1880 661 obnoxii;
1924 616 1941 648 ο
1977 607 2032 653 et

2136 606 2216 661 ὅτι
2248 626 2267 660 ι
2302 608 2591 663 Παύσασθε
2624 611 2716 665 τοῦ
2750 611 3125 684 ἀτοπήματος,
3154 613 3240 668 ὅτι
3286 613 3381 667 καὶ
3425 616 3582 685 ἡμεῖς
3611 617 3708 670 ἀν-

444 682 765 754 priusquam
796 681 1180 752 loquerentur,
1216 683 1547 740 vestimenta
1578 700 1677 740 sua
1717 686 2025 744 dilaniare-

444 784 578 831 runt
608 774 677 830 ".
702 775 905 831 Verum
939 775 1282 832 Nathanielis
1308 777 1585 835 confessio
1608 791 1825 853 recepta
1858 775 2025 839 simul

449 878 505 922 et
535 867 760 923 laudata
792 877 898 924 est.
931 868 1132 924 Adhate
1177 869 1409 925 Domino
1450 870 1752 943 discipulos
1790 890 1919 930 suos
1947 874 2028 930 iu-

449 966 802 1029 terrogante:
848 976 867 1010 ι
902 958 1208 1024 Quemnam
1259 970 1346 1015 me
1387 960 1581 1017 dicunt
1624 964 1875 1021 homines
1907 981 2027 1022 esse

454 1049 652 1105 Filium
692 1050 976 1106 hominis?
1016 1068 1035 1102 ›
1060 1066 1186 1105 cum
1222 1066 1332 1108 non
1360 1067 1502 1122 opus
1536 1054 1763 1111 haberet
1796 1057 1914 1113 hate
1945 1059 2027 1113 in-

452 1151 758 1204 terrogare,
792 1141 889 1212 qui
920 1142 1104 1196 omnia
1146 1143 1465 1213 priusquam
1503 1145 1601 1214 ipsi
1646 1162 2027 1217 nascerentur,

444 1233 556 1303 jam
603 1241 732 1288 ante
777 1244 1043 1297 noverat,
1087 1234 1181 1290 sed
1226 1250 1352 1290 cum
1395 1236 1519 1292 illos
1557 1238 1612 1293 in
1648 1240 2026 1297 sublimiorem

455 1325 829 1396 cognitionem
885 1326 1047 1382 vellet
1090 1328 1373 1395 inducere,
1419 1331 1810 1404 discipulisque
1849 1336 2029 1393 varias

451 1416 689 1472 aliorum
738 1419 1045 1473 sententias
1092 1419 1162 1474 de
1212 1421 1306 1474 illo
1348 1424 1779 1491 exponentibus,
1832 1426 2028 1484 Petrus

452 1508 619 1562 etiam
662 1509 953 1580 adjiciens,
1012 1529 1030 1562 ι
1066 1510 1146 1565 Tu
1194 1527 1255 1567 es
1288 1512 1540 1571 Christus
1590 1517 1761 1573 Filius
1807 1519 1900 1575 Dei
1946 1523 2030 1577 vi-

449 1598 653 1667 ventis,
687 1619 707 1653 ι
754 1615 863 1656 non
891 1603 1103 1658 audivit
1130 1619 1159 1659 a
1184 1604 1425 1671 Christo,
1450 1607 1636 1675 Erras,
1671 1625 1703 1666 ο
1733 1612 1928 1679 Petre;
1963 1630 2030 1670 ne

394 1687 410 1705 '
448 1706 624 1753 erres,
672 1693 932 1764 magister
969 1697 1118 1751 enim
1178 1707 1305 1754 tuus
1346 1715 1489 1763 sum,
1537 1702 1752 1759 audiet
1795 1720 2030 1774 agnosce

450 1783 739 1839 veritatrm
778 1800 903 1841 cum
949 1788 1210 1844 omnibus
1239 1790 1354 1846 his:
1389 1808 1499 1847 non
1531 1809 1651 1848 sum
1691 1793 1862 1853 Filius
1909 1800 2028 1865 Dei,

2133 697 2343 771 θρωποι
2394 702 2747 772 ὁμοιοπαθεῖς
2781 705 2911 774 ὑμῖν
2965 707 3157 776 ἔσμεν,
3203 724 3223 758 ι
3257 704 3364 777 πρὸ
3392 707 3502 759 τῶν
3531 707 3711 775 λόγων

2129 790 2545 862 διαῤῥηεάντων
2573 795 2641 849 τά
2676 795 2872 866 ἱμάτια
2894 796 3091 852 αὐτῶν.
3116 796 3277 852 Ἀλλά
3306 798 3644 868 προσεδέχθη
3675 801 3708 867 ἡ

2128 883 2224 936 τοῦ
2260 883 2553 948 Ναθαναὴλ
2592 884 2875 957 ὁμολογία,
2911 890 3008 942 καὶ
3040 888 3306 960 ἐπῃνέθη.
3330 889 3452 943 Ἔτι
3475 889 3569 942 τοῦ
3600 891 3711 945 Κυ-

2134 973 2253 1043 ρίου
2287 976 2673 1046 ἐρωτήσαντος
2715 977 2843 1040 τοὺς
2883 978 3045 1043 ἰδίους
3081 979 3353 1050 μαθητάς,
3390 999 3410 1032 ι
3462 980 3599 1035 Τίνα
3638 1001 3705 1046 με

2129 1064 2380 1135 λέγουσιν
2399 1069 2446 1121 οἱ
2472 1068 2747 1138 ἄνθρωποι
2782 1066 2920 1125 εἶναι
2948 1070 3041 1124 τὸν
3058 1069 3174 1123 υίδν
3201 1070 3294 1124 τοῦ
3323 1071 3611 1141 ἀνθρώπου
3634 1091 3648 1140 ;
3679 1094 3699 1125 ι

2130 1160 2229 1229 οὐχ
2251 1158 2327 1224 ὡς
2352 1161 2541 1231 χρείαν
2572 1160 2789 1232 ἔχοντος
2827 1162 3039 1233 ἐρωτᾷν
3067 1162 3161 1216 τοῦ
3187 1162 3257 1216 τά
3288 1163 3464 1216 πάντα
3501 1164 3705 1227 εἰδότος

2132 1251 2262 1320 πρὶν
2324 1251 2593 1316 γενέσεως
2632 1252 2838 1317 αὐτῶν,
2874 1252 2989 1306 ἀλλ’
3035 1252 3333 1322 ἀνάγοντος
3367 1252 3560 1316 αὐτοὺς
3612 1253 3706 1306 ἐπὶ

2130 1343 2191 1396 τὸ
2219 1342 2570 1414 ὑψηλότερον,
2612 1346 2708 1398 καὶ
2737 1345 3004 1414 λεγόντων
3035 1345 3153 1398 τῶνι
3172 1344 3429 1416 μαθητῶν
3451 1344 3586 1417 πρὸς
3612 1346 3705 1398 τὸν

2130 1433 2368 1504 Χριστὸν
2398 1437 2499 1499 τὰς
2550 1436 2662 1491 τῶν
2719 1435 2935 1490 πολλῶν
2968 1438 3099 1509 περὶ
3145 1436 3312 1491 αὐτοῦ
3343 1436 3518 1503 δόξας,
3547 1439 3642 1492 καὶ
3677 1442 3707 1490 6

2131 1530 2341 1600 Πέτρος
2370 1528 2543 1585 είπὼν
2574 1531 2656 1583 ὅτι
2694 1550 2711 1582 ι
2746 1529 2817 1582 Σὺ
2852 1528 2902 1583 εἴ
2937 1532 2966 1585 ὁ
2990 1531 3222 1602 Χριστὸς
3247 1532 3277 1583 6
3308 1530 3431 1594 Υἱὸς
3461 1529 3551 1584 τοῦ
3569 1529 3705 1583 Θεοῦ

2131 1617 2227 1672 τοῦ
2267 1619 2492 1684 ζῶντος,
2537 1639 2556 1672 ι
2586 1620 2686 1675 οὐκ
2739 1621 2941 1692 ἤκουσε
2992 1621 3141 1691 παρὰ
3193 1619 3289 1674 τοῦ
3334 1622 3571 1689 Χριστοῦ
3622 1620 3704 1674 ὅτι

2132 1710 2371 1784 Σφάλλῃ,
2399 1711 2595 1781 Πέτρε,
2634 1710 2832 1781 μηκέτι
2859 1711 3066 1777 πλανῶ,
3097 1709 3418 1774 διδάσκαλός
3446 1716 3537 1765 σού
3565 1712 3706 1780 εἰμι.

2136 1804 2406 1859 ’Ἄκουσον
2433 1804 2528 1859 καὶ
2559 1804 2729 1873 γνῶθι
2759 1803 2857 1876 τὴν
2882 1804 3141 1873 ἀλήθειαν
3180 1804 3243 1859 σύ
3269 1821 3327 1857 τε
3358 1806 3450 1859 καὶ
3481 1805 3708 1868 πάντες.

449 1876 794 1946 impossibile
841 1880 986 1936 enim
1027 1890 1113 1937 est
1148 1892 1210 1938 ut
1251 1883 1397 1940 Deus
1446 1886 1616 1941 tilium
1654 1888 1868 1945 habeat.
1921 1890 2026 1948 Sed

2136 1896 2249 1949 Οὐκ
2285 1895 2401 1967 εἰμὶ
2432 1894 2543 1965 ἐγὼ
2572 1898 2600 1950 ὁ
2634 1897 2761 1962 Υἱὸς
2801 1895 2893 1950 τοῦ
2925 1896 3083 1957 Θεοῦ,
3113 1897 3173 1949 οὐ
3200 1898 3310 1967 γάρ
3346 1900 3459 1951 ἐστι
3486 1898 3710 1955 δυνατὸν

452 1971 634 2037 quid?
682 1973 824 2028 Dicit
855 1974 931 2029 illi
982 1975 1239 2033 Christus
1283 1996 1297 2034 :
1336 1997 1354 2031 ι
1384 1979 1586 2036 Beatus
1616 1998 1676 2038 es
1707 1983 1918 2053 Simon,
1957 1985 2030 2041 illi

2137 1990 2256 2042 υίδν
2289 1986 2434 2060 ἔχειν
2473 1988 2565 2042 τὸν
2607 1990 2762 2044 Θεὸν.
2805 1988 2989 2063 Ἀλλά,
3021 1988 3109 2055 τίς
3169 1989 3336 2058 Λέγει
3370 1991 3398 2043 ὁ
3453 1990 3706 2058 Χριστίκ,

448 2061 587 2117 Iona
615 2080 632 2122 :
665 2065 925 2143 quoniam
952 2082 1084 2123 caro
1121 2079 1177 2124 et
1202 2071 1427 2143 sanguis
1459 2088 1569 2128 non
1614 2076 1875 2131 revelavit
1911 2078 2030 2143 tibi,

447 2152 543 2207 sed
574 2153 737 2209 Pater
780 2170 937 2212 meus
986 2159 1179 2228 quiin
1223 2161 1379 2218 cmlis
1411 2173 1497 2219 est
1524 2165 1592 2232 ",
1627 2183 1645 2217 ι
1700 2166 2035 2225 conﬁrmans

448 2245 677 2302 omnino
714 2247 864 2305 illius
902 2264 1236 2308 sertuonem.
1275 2254 1331 2308 In
1369 2255 1599 2321 gratiam
1642 2273 1772 2312 vero
1808 2268 1861 2313 et
1892 2276 2034 2330 pra:-

447 2335 620 2390 mium
684 2351 829 2394 verae
879 2348 934 2396 et
983 2342 1307 2398 indubitata:
1348 2346 1710 2403 confessionis
1758 2347 1911 2405 dedit
1958 2349 2034 2405 illi

449 2428 634 2482 claves
682 2430 836 2501 regni
878 2433 1173 2490 caelorum.
1236 2436 1373 2492 item
1418 2449 1610 2495 octavo
1660 2449 1787 2510 post
1829 2441 2032 2497 Christi

452 2521 920 2577 resurrectionem
972 2524 1088 2589 die,
1139 2540 1262 2581 cum
1310 2527 1550 2585 Thomas
1591 2528 1796 2586 Christi
1841 2548 2035 2590 manus

449 2607 707 2678 latusque
734 2615 1214 2685 contrectavisset,
1249 2627 1305 2673 et
1342 2621 1691 2690 cognovisset
1736 2624 1883 2681 hunc
1914 2627 2034 2683 sine

451 2698 602 2753 omni
651 2696 1027 2761 controversia
1075 2721 1197 2764 esse
1258 2708 1565 2780 Christum,
1618 2714 1788 2769 altum
1857 2717 2036 2773 excia-

453 2791 662 2847 mavit:
704 2812 725 2845 ι
776 2794 1046 2854 Dominus
1068 2815 1261 2868 meus,
1289 2801 1436 2859 Deus
1466 2820 1638 2862 meus.
1671 2825 1690 2860 ι
1727 2808 1867 2875 Quid
1902 2824 2035 2867 vero

448 2880 704 2939 Christus
722 2884 793 2940 ad
817 2886 1133 2945 Thomam?
1170 2910 1189 2943 ι
1219 2891 1490 2959 Quoniam
1520 2895 1707 2953 vidisti
1738 2894 2037 2963 me,‘credi-

449 2971 601 3030 disti.
647 2973 801 3031 Beati
846 2977 943 3048 qui
993 2994 1102 3036 non
1149 2982 1361 3051 vident,
1405 2992 1464 3041 et
1508 2987 1745 3044 credunt
1791 2990 1862 3044 ³³³.
1903 3009 1921 3042 ι
1968 2989 2036 3046 Et

449 3064 569 3122 haec
617 3067 839 3136 quidem
882 3069 962 3126 illi
1016 3072 1388 3130 tradiderunt.
1441 3077 1737 3135 Videamus
1785 3096 1920 3138 vero
1967 3098 2036 3139 ea

326 3232 337 3243 Ι
451 3172 580 3227 qua
624 3158 882 3219 Christus
933 3164 1002 3220 de
1030 3166 1218 3237 seipso
1266 3169 1518 3238 protulit.
1570 3160 1590 3223 ε
1644 3170 1815 3229 Amen
1861 3174 2034 3229 Amen

2143 2099 2163 2134 ι
2199 2081 2486 2150 Μακάριος
2523 2076 2590 2146 εἶ,
2620 2081 2805 2151 Σίμων
2842 2081 2926 2135 υἱὲ
2955 2080 3047 2134 τοῦ
3092 2081 3271 2149 Ἰωνᾶ,
3312 2084 3396 2137 ὅτι
3431 2083 3566 2155 σάρξ
3615 2086 3709 2139 καὶ

2136 2169 2277 2246 αἷμα
2300 2173 2400 2228 οὐκ
2433 2173 2749 2244 ἀπεκάλυψέ
2781 2191 2885 2239 σοι,
2911 2173 3028 2228 ἀλλ’
3058 2178 3085 2229 6
3110 2175 3305 2246 Πατήρ
3333 2193 3434 2246 μου
3458 2176 3486 2228 6
3519 2179 3575 2231 ἐν
3599 2180 3711 2241 τοῖς

2134 2265 2408 2333 οὐρανοῖς,
2440 2284 2458 2317 ι
2499 2264 2716 2328 πάντως
2768 2264 2860 2319 τὸν
2910 2265 3121 2321 ἐκείνου
3176 2266 3333 2335 λόγον
3384 2268 3653 2338 στηρίζων
3680 2284 3694 2298 ⁶

2135 2358 2438 2429 ἀντίχαρινι
2480 2358 2537 2411 δὲ
2584 2358 2680 2411 καὶ⁸
2733 2357 2927 2429 μισθὸν
2979 2359 3080 2428 τῆς
3109 2359 3280 2430 ὀρθῆς
3308 2361 3404 2414 καὶ
3437 2360 3705 2424 ἀπλανοῦς

2134 2446 2429 2517 ὁμολογίας
2473 2446 2708 2501 δέδωκεν
2755 2445 2904 2516 αὐτῷ
2941 2445 3040 2509 τάς
3086 2446 3235 2511 κλεῖς
3278 2448 3377 2518 τῆς
3433 2447 3709 2519 βασιλείας

2134 2539 2245 2593 τῶν
2274 2537 2544 2609 οὐρανῶν.
2579 2539 2703 2592 Ἔτι
2732 2540 2799 2610 τῇ
2832 2538 2993 2610 ὁγδὸῃ
3014 2539 3197 2610 ἡμέρᾳ
3222 2540 3323 2609 τῆς
3356 2538 3449 2593 τοῦ
3473 2540 3707 2612 Χριστοῦ

2136 2631 2491 2693 ἀναστάσεως
2529 2631 2556 2684 ὁ
2588 2628 2791 2700 Θωμᾶς
2843 2629 3175 2701 ψηλαφήσας
3215 2630 3312 2702 τὴν
3368 2630 3464 2684 τοῦ
3500 2632 3709 2702 Κυρίου

2138 2721 2382 2793 πλευράν
2411 2721 2508 2776 καὶ
2540 2721 2639 2785 τάς
2671 2722 2882 2793 χεῖρας,
2911 2722 3009 2776 καὶ
3058 2722 3221 2791 γνοὺς
3253 2723 3336 2777 ὅτι
3372 2723 3499 2777 ἀνευ
3534 2724 3709 2793 πάσης

2135 2814 2448 2883 ἀντιλογίας
2478 2813 2642 2878 αὐτός
2673 2816 2820 2868 ἐστιν
2863 2816 2892 2869 ὁ
2924 2815 3179 2887 Χριστὸς,
3216 2817 3363 2886 μέγα
3393 2816 3707 2887 ἀνεϐόησεν,

2144 2928 2164 2963 ι
2204 2909 2264 2963 '0
2295 2909 2500 2981 Κύριός
2527 2927 2653 2982 μου,
2687 2909 2829 2964 καὶὸ
2858 2910 2990 2975 Θεός
3017 2927 3139 2981 μου.
3179 2928 3199 2961 ι
3236 2911 3302 2963 Τί
3334 2911 3390 2964 δὲ
3422 2912 3449 2964 6
3476 2911 3711 2981 Χριστος

2125 2984 2216 3072 ’τῷ
2245 3002 2450 3074 Θωμᾷς
2510 3020 2531 3055 r
2564 3000 2692 3057 Ὀτι
2747 3000 2999 3070 ἑώρακάς
3045 3018 3133 3073 με,
3163 3001 3558 3066 πεπίστευκας.
3589 3002 3709 3056 Μα-

2137 3094 2321 3163 κάριοι
2376 3093 2427 3147 oi
2469 3092 2547 3163 μὴ
2610 3093 2831 3157 ἰδόντες,
2872 3092 2968 3146 καὶ
3028 3093 3449 3157 πιστεύσαντες.
3525 3111 3545 3146 ι
3600 3094 3710 3147 Καὶ

2137 3185 2312 3240 ταῦτα
2347 3186 2447 3256 μὲν
2473 3184 2937 3254 ἐκεῖνοι.”Ιδωμεν
2964 3185 3020 3240 δὲ
3050 3187 3144 3239 καὶ
3173 3185 3241 3240 τὰ
3272 3185 3422 3255 παρὰ
3453 3185 3546 3239 τοῦ
3576 3187 3711 3257 Χρι-

451 3250 577 3306 dico
616 3251 790 3319 vobis,
818 3254 1021 3326 inquit,
1058 3259 1211 3313 venit
1245 3258 1379 3315 hora
1406 3269 1462 3316 et
1494 3277 1642 3320 nunc
1665 3271 1771 3327 est,
1806 3266 2027 3335 quando

2137 3274 2264 3326 στοῦ
2303 3250 2383 3336 είς
2448 3272 2611 3326 αὐτὸν
2666 3250 2949 3342 λεχθέντα.
3006 3289 3025 3324 ι
3065 3272 3241 3345 ’Δμὴν
3275 3250 3444 3343 ἀμνὴν,
3482 3292 3502 3327 ι
3554 3250 3708 3343 φησὶ,

450 3343 657 3399 mortui
688 3345 917 3403 audient
943 3363 1135 3405 vocem
1177 3350 1301 3406 Filii
1333 3351 1449 3420 Dei,
1495 3364 1551 3410 et
1577 3356 1671 3426 qui
1699 3356 2031 3424 audiverint,

452 3433 659 3490 vivent.
711 3436 885 3493 Sicuti
930 3440 1079 3496 enim
1116 3441 1280 3498 Pater
1317 3445 1489 3500 vitam
1540 3446 1705 3503 habet
1746 3447 1798 3502 in
1828 3451 2033 3519 seipso,

455 3525 538 3581 sic
573 3527 741 3581 etiam
787 3527 927 3585 Filio
958 3530 1133 3599 dedit,
1175 3544 1236 3591 ut
1269 3537 1435 3592 vitam
1487 3538 1685 3595 habeat
1733 3540 1788 3595 in
1831 3543 2033 3613 seipso.

452 3615 524 3671 Et
566 3625 895 3686 potestatem
950 3623 1105 3681 dedit
1136 3625 1212 3681 illi
1250 3638 1308 3683 ut
1357 3628 1520 3686 faciat
1563 3632 1850 3701 judicium,
1906 3634 2036 3703 quia

454 3704 630 3763 Filius
662 3709 900 3766 hominis
929 3723 1015 3769 est
1043 3717 1113 3771 ⁷⁸.
1151 3735 1170 3770 ι
1206 3719 1283 3774 Ne
1317 3720 1589 3775 miremini
1642 3721 1798 3787 illud,
1839 3741 1860 3775 ι
1894 3737 2036 3792 quo-

454 3799 612 3855 niam
654 3803 838 3858 veniet
877 3804 1034 3873 hora,
1081 3811 1304 3879 quando
1348 3827 1542 3868 omnes
1584 3814 1679 3883 qui
1733 3813 1784 3868 in
1834 3830 2033 3870 monu-

454 3891 658 3946 mentis
702 3903 854 3961 sunt,
886 3897 1116 3953 audient
1145 3914 1337 3955 vocem
1380 3903 1540 3973 ejus;
1586 3911 1643 3958 et
1682 3904 2036 3974 egredientur

456 3982 511 4036 hi
545 3983 768 4054 quidem
813 3988 907 4056 qui
955 3988 1099 4044 bona
1153 3989 1407 4047 fecerunt
1467 3995 1533 4049 ad
1575 3996 2034 4053 resurrectionem

458 4075 626 4141 vitae;
671 4078 768 4148 qui
812 4094 947 4135 vero
978 4081 1120 4136 mala
1150 4084 1357 4152 operati
1393 4097 1545 4149 sunt,
1589 4088 1645 4142 in
1680 4090 2035 4146 resurrectio-

458 4182 583 4223 nem
622 4171 841 4242 judicii.
884 4192 904 4226 ι
961 4175 1028 4229 Et
1080 4192 1343 4232 rursum:
1394 4197 1413 4231 ι
1468 4178 1639 4236 Amen
1697 4197 1856 4239 amen
1910 4182 2035 4241 dico

459 4260 634 4329 vobis,
669 4264 762 4333 qui
793 4266 972 4320 credit
1004 4267 1063 4321 in
1090 4281 1200 4335 me,
1229 4269 1394 4326 habet
1419 4272 1586 4327 vitam
1615 4285 1877 4333 aeternam
1903 4280 1972 4335 ".
2011 4299 2029 4332 ι

454 4353 603 4421 Quid
626 4358 787 4413 vobis
816 4359 1085 4417 videtur?
1124 4363 1267 4418 Num
1316 4364 1571 4425 Christus
1605 4385 1664 4427 se
1697 4369 1868 4429 Deum
1900 4374 2036 4432 dicit

456 4457 512 4502 et
554 4447 651 4505 Dei
685 4449 908 4517 Filium,
955 4468 1023 4508 nn
1056 4455 1212 4509 non?
1260 4454 1315 4511 ln
1359 4474 1427 4516 eo
1473 4471 1623 4519 certe
1664 4466 1811 4536 quod
1859 4467 2033 4523 dicit:

2143 3379 2163 3413 ι
2197 3360 2342 3424 λέγω
2370 3361 2500 3434 ὑμῖν
2539 3360 2623 3414 δτι
2652 3360 2870 3430 ἔρχεται
2903 3358 3044 3430 ὥρα,
3071 3361 3171 3414 καὶ¹
3212 3359 3309 3414 νῦν
3345 3360 3519 3423 ἔστιν,
3547 3362 3637 3413 ὅτε
3660 3360 3709 3414 oi

2135 3454 2321 3525 νεκροὶ⁵
2353 3451 2680 3507 ἀκούσονται
2728 3451 2828 3519 τῆς
2867 3452 3054 3521 φωνῆς
3101 3450 3195 3504 τοῦ
3230 3448 3363 3504 Υἱοῦ
3419 3448 3515 3503 τοῦ
3546 3449 3709 3515 Θεοῦ,

2136 3545 2232 3599 καὶ
2266 3544 2318 3599 oi
2365 3543 2702 3606 ἀκούσαντες
2737 3542 3014 3613 ζήσονται.
3043 3541 3259 3615 Ὠσπερ
3307 3539 3416 3612 γάρ
3457 3542 3488 3595 ὁ
3521 3542 3711 3613 Πατὴρ

2136 3636 2250 3707 ἔχει
2287 3634 2433 3706 ζωὴν
2472 3637 2529 3687 ὲν
2562 3634 2762 3704 ἐαυτῷ,
2787 3633 2957 3697 οὕτως
2992 3632 3159 3688 ἔδωκε
3184 3637 3277 3688 καὶ
3304 3634 3384 3706 τῷ
3415 3633 3531 3705 Υίῷ
3557 3633 3703 3706 ζωὴν

2136 3727 2287 3799 ἔχειν
2322 3728 2382 3781 ἐν
2422 3724 2627 3797 ἑαυτῷ,
2664 3727 2757 3779 καὶ
2780 3724 3030 3790 ἐξουσίαν
3058 3725 3259 3781 ἔδωκεν
3292 3725 3440 3797 αὐτῷ
3468 3729 3562 3781 καὶ
3590 3727 3710 3796 κρί-

2143 3837 2228 3874 σιν
2257 3821 2454 3880 ποιετν.
2492 3819 2575 3872 δτι
2608 3817 2740 3881 Υἱὸς
2775 3818 3069 3890 ἀνθρώπου
3104 3818 3239 3874 ἐστί.
3275 3817 3368 3889 Mi;
3403 3817 3712 3888 θαυμάζετε

2135 3911 2314 3976 τοῦτο,
2347 3910 2426 3964 ὅτι
2453 3910 2673 3980 ἔρχεται
2702 3909 2826 3983 ὥρα
2856 3911 2915 3964 ὲν
3025 3911 3226 3973 πάντες
3257 3911 3308 3966 oi
3338 3913 3396 3965 ὲν
3421 3912 3534 3974 τοῖς
3568 3928 3709 3982 μνη-

2139 4005 2315 4077 μείοις
2352 4003 2682 4058 ἀκούσονται
2717 4004 2818 4075 τῆς
2850 4004 3036 4076 φωνῆς
3080 4004 3267 4070 αὐτοῦ,
3303 4005 3398 4060 καὶ
3445 4003 3713 4076 ἐκπορεύε-

2139 4114 2324 4151 σονται
2349 4099 2397 4151 oi
2421 4096 2490 4151 τὰ
2517 4097 2697 4167 ἀγαθά
2742 4097 3074 4168 ποιήσαντες
3106 4098 3186 4159 εἰς
3218 4097 3517 4153 ἀνάστασιν
3544 4096 3708 4168 ζωῆς,

2135 4190 2185 4243 oi
2214 4188 2269 4244 δὲ
2299 4189 2368 4243 τά
2399 4187 2581 4258 φαῦλα
2613 4188 2923 4259 πράξαντες
2954 4192 3034 4253 εἰς
3061 4188 3365 4243 ἀνάστασιν
3402 4188 3656 4260 κρίσεως.
3684 4206 3705 4240 ι

2135 4279 2245 4333 Καὶ
2286 4278 2471 4344 πάλιν,
2508 4298 2526 4330 ι
2579 4279 2752 4351 ’Δμῆν
2792 4262 2985 4350 Ἀμὴν]
3009 4279 3153 4347 λέγω
3194 4279 3346 4350 ὑμῖν,
3380 4280 3409 4333 ὁ
3439 4277 3713 4333 πιστεύων

2136 4369 2217 4431 εἰς
2249 4368 2349 4439 ἐμὲ
2402 4369 2510 4441 ἔχει
2565 4369 2710 4441 ζωὴν
2759 4370 3000 4439 αἰώνιον.
3042 4389 3061 4424 ι
3099 4371 3165 4424 Τί
3197 4372 3327 4440 γοῦν
3354 4372 3503 4428 δοκεῖ
3544 4362 3708 4443 spur;

2133 4460 2287 4529 λέγει
2326 4463 2353 4514 ὁ
2377 4460 2614 4530 Χριστὸς
2646 4462 2838 4517 ἑαυτὸν
2880 4462 3013 4517 Θεδν
3063 4447 3160 4518 καὶ
3187 4462 3324 4518 Θεοῦ
3358 4464 3505 4531 Υίὸν,
3533 4464 3566 4536 ἢ
3607 4463 3665 4518 οὗ
3692 4482 3709 4532 ;

466 4556 484 4590 ι
519 4539 683 4597 Venit
718 4542 853 4598 hora
889 4544 1113 4614 quando
1147 4552 1350 4604 mortui
1398 4553 1627 4610 audient
1672 4572 1865 4613 vocent
1910 4559 2032 4614 Filii

2139 4553 2364 4619 Πάντως
2411 4556 2468 4607 ὲν
2511 4552 2590 4624 τῷ
2625 4555 2823 4621 εἰπεῖν,
2866 4556 2950 4610 ὅτι
2984 4573 3005 4608 ι
3048 4557 3308 4627 Ἔρχεται
3346 4555 3488 4627 ὥρα,
3525 4555 3617 4610 ὅτε
3661 4557 3712 4610 οἱ

458 4630 576 4691 Dei.
613 4650 632 4683 ι
663 4633 904 4688 ostendit
954 4635 1125 4690 Deum
1173 4638 1374 4697 habere
1413 4642 1634 4709 Filium,
1677 4646 1771 4717 qui
1808 4656 1891 4704 est
1918 4647 2032 4718 ipse

2140 4644 2328 4714 νεκροὶ
2354 4643 2682 4698 ἀκούσονται
2708 4644 2809 4716 τῆς
2844 4645 3033 4716 φωνῆς
3066 4646 3161 4699 τοῦ
3187 4644 3318 4698 Υίοῦ
3364 4646 3457 4699 τοῦ
3486 4644 3645 4711 Θεοῦ,
3687 4663 3706 4696 ι

457 4726 730 4784 Christus.
787 4728 923 4783 illud
984 4746 1158 4787 vero:
1210 4753 1231 4788 ι
1281 4735 1523 4795 Audient
1580 4742 1785 4796 mortui
1840 4759 2032 4800 vocem

459 4818 596 4885 ejus.
627 4827 684 4873 et
727 4819 931 4886 vivent,
969 4839 987 4873 ι
1023 4827 1265 4883 ostendit
1308 4843 1436 4884 eum
1471 4833 1762 4888 Dominum
1791 4850 1934 4902 esse,
1979 4848 2037 4895 et

462 4916 786 4975 potestatem
816 4912 1019 4969 habere
1056 4919 1182 4973 vitae
1222 4927 1279 4975 et
1324 4920 1519 4977 mortis
1555 4931 1610 4976 et
1646 4938 1793 4978 nunc
1815 4933 1872 4979 et
1893 4940 2036 4981 sem-

464 5014 579 5066 per.
623 4999 1093 5066 Quemadmodum
1133 5007 1280 5062 enim
1325 5009 1487 5063 Pater
1532 5011 1699 5066 vitam
1753 5012 1918 5069 habet
1977 5017 2031 5071 in

461 5093 663 5162 seipso,
700 5096 781 5150 sic
831 5106 887 5150 et
935 5096 1128 5153 Filius.
1162 5099 1300 5154 Cum
1350 5115 1484 5155 vero
1515 5101 1609 5163 ait.
1665 5121 1684 5155 ι
1731 5105 1799 5161 ad
1836 5106 2038 5164 facien-

462 5181 592 5235 dum
618 5184 908 5255 judicium,
950 5205 969 5238 ι
1001 5187 1305 5242 secundum
1347 5188 1513 5259 hujus
1539 5192 1832 5251 adventum
1871 5199 2040 5267 signi.

465 5272 666 5339 iicavit,
717 5285 771 5330 et
811 5275 1082 5345 judicium
1140 5276 1287 5356 quod
1339 5280 1583 5335 facturus
1629 5290 1736 5349 est,
1780 5288 2042 5355 quemad-

464 5365 693 5420 modum
744 5366 805 5419 in
853 5367 1095 5421 secunda
1148 5368 1411 5439 Apologia
1457 5370 1767 5430 luculenter
1811 5377 2038 5434 demon-

463 5468 696 5513 stratum
738 5467 840 5514 est.
895 5457 974 5514 E‘o
1008 5470 1189 5514 autem
1226 5463 1372 5531 quod
1417 5464 1588 5520 dicit:
1630 5486 1649 5519 ι
1685 5468 1822 5534 Quia
1864 5470 2037 5528 Filius

467 5548 706 5604 hominis
755 5557 877 5609 est;
955 5564 1025 5604 ne
1096 5552 1370 5609 miremini
1432 5555 1557 5611 hoc.
1630 5559 1827 5614 Veniet
1886 5562 2031 5616 enim

465 5640 624 5703 hora,
675 5655 781 5709 qua
849 5640 904 5694 hi
947 5642 1040 5712 qui
1083 5643 1138 5697 in
1186 5647 1559 5703 monumentis
1606 5658 1756 5715 sunt,
1806 5650 2033 5707 audient

462 5744 654 5786 vocem
689 5732 837 5801 cjus,
877 5743 933 5789 et
978 5735 1203 5793 exibunt
1255 5739 1310 5793 in
1360 5741 1819 5797 resurrectionem
1843 5783 1858 5809 ,
1891 5743 2036 5815 judi-

544 5912 587 5943 "
625 5910 745 5968 Act.
788 5933 898 5986 nr,
927 5919 999 5975 i4.
1084 5920 1129 5952 “
1169 5919 1360 5979 Matth.
1403 5939 1523 5990 xxi,
1554 5922 1620 5977 15
1651 5938 1805 5994 seqq.

2143 4735 2343 4802 ἔδειξεν
2369 4736 2450 4790 ὅτι
2483 4736 2597 4808 ἔχει
2625 4736 2653 4789 ὁ
2687 4735 2821 4800 Θεὸς
2848 4736 2998 4804 Υίὸν,
3033 4737 3091 4801 ὃς
3124 4738 3273 4790 ἐστιν
3313 4738 3475 4800 αὐτὸς
3502 4737 3532 4789 ὁ
3575 4737 3711 4808 Χρι-

2145 4827 2287 4891 στός.
2320 4827 2394 4880 T6
2420 4827 2502 4893 δὲ,
2537 4846 2556 4879 ι
2580 4825 2933 4884 Ἀκούοῖονται
2963 4828 3013 4881 oi
3042 4827 3229 4898 νεκροὶ
3270 4824 3368 4897 τῆς
3403 4826 3591 4896 φωνῆς
3616 4825 3714 4879 αὺ-

2139 4919 2259 4981 τοῦ.
2296 4917 2397 4972 καὶ
2436 4919 2714 4987 ζήσονται,
2764 4938 2784 4972 ι
2816 4917 3017 4985 ἔδειξεν
3062 4917 3588 4987 ἑαυτδνδεσπὸτην,
3618 4919 3714 4971 καὶ

2140 5009 2394 5077 ἐξουσίαν
2422 5009 2614 5080 ἔχοντα
2644 5010 2792 5081 ζωῆς
2822 5012 2918 5067 καὶ
2972 5011 3208 5066 θανάτου
3245 5009 3340 5064 καὶ
3376 5008 3473 5063 νῦν
3502 5008 3597 5062 καὶ
3626 5006 3712 5062 ἀεί

2141 5118 2294 5155 ποτε.
2329 5101 2543 5173 Ὠσπερ
2593 5101 2704 5172 γὰρ
2739 5104 2766 5155 ὁ
2817 5102 3014 5175 Πατὴρ
3071 5102 3217 5172 ζωὴν
3264 5100 3379 5173 ἔχει
3424 5103 3482 5155 ὲν
3511 5099 3708 5171 ἑαυτῷ,

2142 5192 2289 5246 οὕτω
2347 5196 2444 5246 καὶ
2493 5195 2521 5246 ὁ
2573 5193 2724 5256 Υἱός.
2770 5193 2858 5248 Ἐν
2909 5193 2965 5248 δὲ
2992 5193 3073 5264 τῷ
3112 5194 3307 5256 εἰπεῖν,
3340 5210 3359 5244 r
3401 5193 3492 5249 καὶ
3531 5194 3712 5260 κρίσιν

2138 5289 2338 5349 ποιεῖν,
2378 5305 2396 5338 ι
2442 5285 2614 5351 ἔδειξε
2649 5286 2748 5355 τὴν
2778 5286 3044 5357 δευτέραν
3074 5286 3241 5340 αὐτοῦ
3275 5284 3588 5357 παρουσίαν
3617 5285 3712 5339 καὶ
3760 5270 3772 5278 ’

2138 5379 2343 5449 κρίσιν,
2378 5379 2446 5449 ἢν
2488 5378 2677 5448 μέλλει
2707 5379 2978 5448 ποιήσειν,
3020 5377 3096 5442 ὡς
3146 5377 3241 5433 καὶ
3276 5377 3334 5431 ὲν
3364 5379 3431 5448 τῇ
3484 5377 3711 5445 δευτέρᾳ

2139 5471 2408 5543 ἀπολογίᾳ
2462 5470 2675 5543 τρανῶς
2731 5452 3129 5528 ἀποδέδεῖκται.
3173 5470 3264 5524 Ἐν
3289 5470 3346 5524 δὲ
3387 5468 3464 5539 τῷ
3514 5470 3708 5535 εἰπεῖν,

2145 5581 2163 5615 ι
2199 5563 2282 5615 ὅτι
2316 5562 2444 5625 Tib;
2477 5561 2765 5634 ἀνθρώπου
2793 5564 2932 5630 ἐστὶ,
2962 5563 3037 5636 μὴ
3065 5554 3575 5633 θαυμάζετέτοῦτο.
3603 5559 3710 5614 Καὶ

2138 5654 2247 5724 γὰρ
2277 5655 2494 5726 1ἔρχεται
2539 5654 2678 5726 ὥρα,
2714 5660 2772 5710 έν
2888 5657 3210 5713 ἀκούσονται
3247 5655 3296 5710 oi
3328 5656 3387 5708 ὲν
3432 5654 3543 5717 τοῖς
3568 5669 3708 5727 μνηέ

2144 5745 2339 5815 μείοις,
2371 5747 2467 5799 καὶ
2499 5746 2925 5816 ἐκπορεύσονται
2965 5746 3044 5810 εὶς
3075 5743 3372 5799 ἀνάστασιν
3399 5744 3495 5796 καὶ
3523 5740 3706 5812 κρίσιν

1913 5925 1955 5958 ⁷⁸
1991 5924 2151 5981 Joan.
2184 5938 2271 5996 xx,
2316 5928 2410 5996 ‘28,
2439 5927 2650 6003 293‘"
2690 5927 2845 5985 Joan.
2888 5944 2938 5997 v,
2961 5926 3052 5995 εδ,
3090 5926 3178 5984 29.
3255 5928 3298 5960 ⁷⁷
3324 5924 3481 5982 Joan.
3507 5938 3579 5992 rt,
3611 5922 3719 5978 £7;
