4058 6444
367 495 477 560 665

1327 494 1628 556 CONTRA
1678 493 2158 554 MAHOMETEM
2202 495 2486 553 ORATIO
2521 493 2631 555 lli.

3507 493 3613 557 666

359 610 456 661 καὶ
483 604 856 671 ἀνταπόδοσιν,
892 624 910 657 ι
945 604 1112 671 ἔδειξε
1143 605 1244 676 μὲν
1267 606 1398 659 Θεὸν
1426 605 1638 670 ἑαυτὸν,
1667 604 1798 656 ἀλλὰ
1821 604 1914 655 καὶ
1949 647 1952 656 ι

2056 603 2160 655 ium
2197 613 2250 656 et
2281 602 2721 664 retributionem,
2750 620 2767 652 ι
2806 601 3046 672 seipsum
3078 601 3246 654 Deum
3281 615 3402 656 esse
3431 612 3618 657 osten-

361 699 664 768 ἄνθρωπον.
696 699 879 752 Ταῦτα
918 698 1026 770 γάρ
1075 699 1253 754 πάντα
1279 697 1417 775 Θεοῦ
1456 699 1593 767 ἔργα
1641 696 1926 764 προδήλως

359 790 688 860 ὑπάρχουσι.
723 790 836 844 Καὶ
883 789 973 844 διά
1011 790 1166 844 τοῦτο
1209 791 1242 861 ἡ
1295 792 1394 858 μὲν
1425 789 1632 843 παλαιά
1683 786 1930 855 θεολογία

358 882 628 949 καλεῖται,
655 882 732 945 ὡς
759 881 961 953 ἔχουσα
984 883 1108 946 τοὺς
1137 881 1233 936 τοῦ
1263 881 1398 935 Θεοῦ
1431 881 1622 946 λόγους
1643 897 1660 912 ο
1692 882 1725 949 ἡ
1753 880 1809 932 δὲ
1835 879 1928 932 νέα

362 973 578 1042 λέγεται
612 973 712 1044 μὲν
735 976 831 1027 καὶ
860 974 998 1045 αὐτὴ
1028 973 1296 1041 θεολογὶα,
1327 973 1415 1027 διὰ
1458 974 1520 1026 τὸ
1552 973 1646 1026 καὶ
1677 971 1850 1040 αὐτὴν
1877 973 1933 1024 ὁ-

365 1067 535 1137 μοίως
561 1066 860 1137 κεκτῆσθαι
890 1068 1108 1130 αὐτοὺς,
1137 1066 1338 1137 ἐξόχως
1372 1066 1428 1120 δὲ
1465 1065 1724 1136 θεουργία
1747 1063 1933 1118 καλεῖ-

361 1178 474 1224 ται,
507 1160 642 1212 διότι
667 1160 703 1214 ἀ
729 1160 901 1213 πάλαι
923 1163 1189 1231 προεῖπον
1225 1162 1273 1213 οἱ
1309 1159 1610 1229 προφῆται,
1633 1157 1806 1211 ταῦτα
1831 1156 1930 1211 a6-

363 1254 455 1316 τὸς
500 1253 529 1304 ό
560 1253 797 1317 Χριστὸς
837 1253 1112 1323 ἐνήργησε
1164 1251 1258 1305 καὶ
1304 1252 1618 1322 ἐπλήρωσε,
1656 1251 1751 1304 καὶ
1792 1253 1934 1317 ἀγαο

365 1343 610 1412 θουργῶς
657 1343 1201 1413 διεπραγματεύσατο
1249 1343 1316 1398 τά
1344 1342 1465 1397 καθ’
1507 1343 1652 1412 ἡμᾶς
1680 1342 1934 1407 ταπεινὰ,

365 1437 476 1496 τοῖς
510 1433 811 1496 θειοτάτοις
863 1432 1029 1486 αὐτοῦ
1087 1433 1210 1487 κατ’
1237 1433 1406 1503 ἄκρον
1462 1433 1670 1494 ὲνώσας
1720 1433 1938 1504 εύδοκίᾳ

366 1527 460 1578 τοῦ
481 1526 712 1594 Harp",
731 1526 824 1578 καὶ
847 1525 1110 1596 συνεργίᾳ
1135 1526 1230 1577 τοῦ
1253 1524 1392 1578 Πνεύ
1401 1541 1592 1593 ματος.
1617 1523 1728 1576 Kal
1753 1523 1939 1577 λοιπὸν

365 1613 591 1686 δικαίως
612 1613 678 1666 ἂν
706 1613 978 1684 εἴποιμεν,
1009 1615 1084 1674 ὼς
1111 1632 1130 1665 ι
1153 1613 1531 1682 Ἐμεγαλύνθη
1557 1615 1626 1667 τὰ
1649 1613 1786 1682 ἔργα
1818 1629 1938 1674 σου,

369 1705 564 1773 Κύριε,
599 1704 780 1757 πάντα
831 1705 892 1756 ἐν
949 1704 1114 1774 σοφίᾳ
1164 1703 1452 1773 ἐποίησας,
1493 1723 1510 1754 ι
1553 1704 1706 1756 Ἐπεὶ
1753 1701 1884 1769 γοῦν
1914 1705 1942 1756 ό

366 1795 601 1864 Χριστος
633 1793 750 1846 ἐστι
784 1794 919 1856 Θεὸς
965 1794 1086 1863 μὲν,
1121 1793 1196 1856 ὡς
1241 1792 1643 1858 ἀποδέδεικται,
1673 1793 1766 1846 καὶ
1805 1792 1941 1847 Θεοῦ

368 1883 519 1945 Υίδς,
541 1882 657 1934 ἐστι
683 1883 740 1935 δὲ
766 1885 860 1937 καὶ
881 1883 1168 1954 ἄνθρωπος
1201 1884 1296 1936 καὶ
1327 1882 1454 1945 Υίὺς
1480 1883 1767 1954 ἀνθρώπου
1801 1885 1942 1936 κατά

2035 693 2136 757 dit,
2194 693 2286 748 sed
2339 693 2504 747 etiam
2544 693 2846 745 hominem.
2903 692 3028 746 llaec
3081 691 3226 744 enim
3286 692 3466 746 omnia
3521 693 3615 747 Dei

2037 800 2201 855 opera
2254 794 2401 838 sunt.
2447 785 2792 854 Quapmpter
2837 792 2893 838 et
2930 792 3091 838 vetus
3144 783 3430 854 Scriptura
3466 785 3619 839 theo-

2037 878 2190 948 logize
2224 892 2422 932 nomen
2465 878 2693 946 accepit,
2756 885 2943 946 utpote
2998 892 3120 946 qua:
3181 877 3273 931 Dei
3331 892 3618 932 sermones

2041 969 2373 1023 contineat:
2432 984 2570 1022 nova
2623 982 2844 1036 quoque
2904 968 3049 1022 idem
3110 968 3352 1023 nominis
3413 968 3618 1033 habet,

2041 1075 2165 1114 cum
2203 1068 2258 1113 et
2303 1058 2418 1128 ipsa
2458 1057 2714 1113 similiter
2741 1057 2964 1111 eosdem
3014 1058 3466 1126 comprehendat.
3513 1058 3617 1109 lm-

2042 1151 2237 1221 primis
2265 1167 2397 1206 vero
2445 1151 2718 1221 Theurgia
2765 1160 3012 1204 vocatur.
3063 1166 3130 1204 eo
3173 1150 3318 1220 quod
3365 1149 3621 1205 Christus

2043 1258 2210 1314 opere
2237 1253 2292 1298 et
2324 1242 2484 1298 factis
2521 1242 2906 1312 compleverit,
2939 1258 3061 1312 quae
3104 1243 3235 1296 olim
3275 1259 3304 1296 a
3338 1243 3623 1312 prophetis

2044 1340 2208 1388 erant
2255 1333 2558 1404 praedicta:
2599 1343 2655 1388 et
2707 1348 2918 1388 summa
2968 1349 3091 1388 cum
3142 1332 3386 1388 bonitate
3443 1333 3622 1388 admi-

2045 1427 2303 1481 nistravit
2328 1441 2391 1480 ea
2432 1440 2550 1494 qua:
2585 1425 2732 1480 inter
2759 1440 2860 1479 nos
2887 1424 3116 1478 humilia
3153 1433 3333 1489 erant,
3378 1441 3502 1479 cum
3536 1425 3624 1479 di-

2046 1519 2190 1573 vinis
2230 1519 2346 1573 suis
2393 1533 2648 1588 supreme
2697 1518 3056 1588 conjungens,
3108 1517 3410 1572 secundum
3447 1516 3624 1571 Patris

2046 1609 2448 1679 beneplacitum
2480 1618 2535 1663 et
2565 1607 2804 1678 Spiritus
2829 1608 3293 1678 cooperationcm.
3327 1607 3484 1664 Unde
3516 1623 3628 1663 me-

2047 1699 2155 1753 rito
2211 1715 2340 1754 sane
2387 1699 2732 1753 dixerimus:
2774 1717 2792 1751 ι
2826 1698 3106 1769 Magniﬁca
3143 1707 3270 1753 sunt
3297 1714 3463 1767 opera
3509 1709 3624 1765 tua,

2050 1789 2299 1854 Domine,
2325 1790 2508 1845 omnia
2555 1790 2732 1845 fecisti
2777 1791 3055 1860 sapienter
3089 1790 3157 1842 ⁷⁸.
3197 1809 3214 1840 ι
3265 1790 3402 1845 Cum
3445 1793 3629 1859 itaque

2049 1878 2302 1936 Christus
2343 1881 2491 1935 Deus
2530 1879 2622 1948 sit,
2681 1891 2736 1934 ut
2786 1881 3226 1935 demonstratum
3275 1889 3382 1946 est,
3431 1889 3489 1936 et
3535 1881 3626 1934 Dei

366 1975 468 2043 τὴν
498 1974 700 2043 σάρκα,
731 1975 828 2028 καὶ
857 1973 1188 2044 ὲκηρύττετο
1211 1975 1321 2028 ἀπὸ
1364 1975 1678 2036 συστάσεως
1709 1976 1938 2044 κόσμου,

2056 1972 2236 2036 Filius,
2275 1981 2360 2028 est
2402 1971 2570 2027 etiam
2608 1972 2794 2037 homo,
2831 1972 3184 2043 hominisque
3223 1972 3398 2028 Filius
3432 1990 3632 2028 secun-

367 2065 465 2118 καὶ
519 2065 837 2132 ἀνεφαίνετο
881 2063 1060 2133 λόγοις
1111 2067 1479 2134 προφητικοῖς
1519 2067 1615 2118 καὶ
1669 2067 1944 2135 όράσεσιν,

368 2155 510 2210 ἀλλά
529 2154 592 2224 δὴ
621 2155 716 2207 καὶ
743 2153 911 2207 αὐτοῦ
941 2153 1034 2208 τοῦ
1057 2154 1192 2207 Θεοῦ
1220 2156 1316 2208 καὶ
1347 2153 1583 2225 Πατρὺς,
1619 2154 1712 2207 τοῦ
1742 2153 1941 2224 καιροῦ

371 2249 428 2300 δὲ
467 2245 798 2308 καλέσαντος
829 2247 926 2300 καὶ
971 2245 1135 2309 αὐτὸς
1166 2247 1194 2299 ό
1222 2243 1460 2316 Χριστὸς
1501 2245 1752 2316 ἐναργῶς
1789 2243 1948 2297 τοῦτο

375 2336 620 2406 ὑπέδειξε
674 2336 764 2390 διά
795 2352 854 2388 τε
886 2335 1063 2401 λόγων
1111 2336 1207 2388 καὶ⁹
1257 2335 1534 2405 πράξεων,
1572 2338 1664 2388 καὶ
1714 2335 1949 2387 συνελὼν

381 2428 450 2480 τὰ
474 2427 668 2493 πάντα,
701 2420 856 2479 εἶπεν
877 2427 962 2480 ὅτι
993 2444 1012 2477 ι
1036 2426 1094 2479 Ὀ
1128 2426 1404 2479 πιστεύων
1431 2427 1509 2489 είς
1537 2426 1634 2496 ἐμὲ
1668 2426 1781 2498 ἔχει
1803 2428 1950 2496 ζωὴν

383 2522 614 2585 αίώνιον,
652 2537 672 2571 ι
708 2519 969 2573 διέστειλε
999 2517 1100 2589 τὴν
1125 2519 1366 2588 ψυχικὴν
1391 2519 1537 2588 ζωὴν
1570 2522 1667 2589 τῆς
1699 2537 1948 2589 σωματι-

379 2611 500 2680 κῆς.
545 2612 610 2663 Ἦ
640 2610 748 2681 γὰρ
779 2611 1070 2680 σωματικὴ
1098 2611 1238 2679 πρὸς
1274 2609 1457 2678 ὀλίγον
1486 2613 1713 2680 φανεῖσα
1747 2612 1953 2682 παρέρ-

375 2721 550 2776 χεται,
585 2706 616 2775 ἡ
653 2703 710 2758 δὲ
739 2703 945 2776 ψυχικὴ
997 2705 1223 2768 αἰώνιός
1252 2707 1423 2767 ἐστιν,
1449 2705 1639 2775 ὥσπερ
1675 2705 1769 2757 καὶ
1796 2707 1824 2758 ό
1853 2705 1950 2760 θά-

373 2807 535 2854 νατος
561 2791 755 2860 αὐτῆς.
797 2791 938 2844 Ἀλλ’
972 2791 1123 2860 ὅμως
1155 2793 1252 2845 καὶ
1295 2793 1356 2844 τὸ
1389 2791 1627 2862 φθαρτὸν
1659 2791 1818 2844 τοῦτο
1856 2792 1954 2844 καὶ

373 2885 568 2955 θνητὸν
597 2885 756 2954 σῶμα
795 2884 824 2937 ὀ
847 2884 1185 2954 δημιουργὸς
1214 2883 1382 2939 αὐτοῦ
1418 2885 1552 2948 Θεὸς
1580 2885 1679 2938 οὐκ
1714 2887 1953 2952 ἔγκατα·

373 2974 548 3043 λείψει
572 2974 628 3026 ἐν
655 2991 714 3027 τε
748 2974 824 3042 τῷ
852 2974 1071 3043 Θανάτῳ
1096 2975 1191 3026 καὶ
1214 2977 1278 3043 τῇ
1315 2973 1515 3044 φθορᾷ,
1555 2973 1673 3026 ἀλλ’
1707 2973 1837 3026 ὅταν
1862 2973 1951 3024 ὲν-

372 3067 509 3135 δύσῃ
538 3066 671 3118 αὐτὸ
701 3064 1020 3135 ἀφθαρσίαν
1050 3065 1146 3118 καὶ
1175 3065 1501 3130 ἀθανασίαν,
1549 3065 1645 3118 καὶ
1681 3065 1953 3134 ἄφθαρτοι

377 3161 470 3212 καὶ
507 3158 766 3212 ἀθάνατοι
794 3159 1150 3222 ἀναστάντες,
1172 3206 1183 3218 ,
1207 3160 1332 3212 τότε
1362 3158 1504 3212 κατά
1550 3159 1612 3209 τὸ
1642 3157 1822 3226 λόγιον
1854 3157 1954 3210 σὺν

373 3251 452 3320 τῷ
475 3249 664 3319 Κυρίῳ
693 3250 952 3319 ἐσόμεθα.
984 3250 1178 3303 Τοίνυν
1206 3249 1294 3302 διὰ
1318 3249 1426 3302 τῶν
1459 3248 1723 3319 ῥημάτων
1747 3247 1951 3313 αὐτῶν,

375 3341 472 3394 καὶ
505 3333 581 3406 ὧν
611 3343 879 3412 πρότερον
901 3341 1165 3404 πολλάκις
1189 3340 1472 3409 ἐλάλησεν,
1510 3340 1664 3392 οὐδὲν
1691 3339 1749 3392 δὲ
1787 3339 1950 3392 ἐλατ-

271 3445 282 3452 ’
374 3454 468 3490 τον
491 3439 588 3490 καὶ
618 3435 681 3500 ἐξ
701 3429 777 3490 ὧν
803 3436 965 3503 ἡμεῖς
993 3434 1094 3487 ούκ
1123 3432 1468 3502 ἐγράψαμεν,
1502 3431 1718 3502 τρανῶς
1760 3431 1788 3484 ό
1819 3431 1953 3501 Χρι-

379 3533 504 3596 στὶς
531 3531 665 3585 Θεόν
724 3547 784 3583 τε
849 3531 946 3584 καὶ
1002 3528 1292 3599 ἄνθρωπον
1347 3527 1544 3580 ἑαυτὸν
1580 3525 1949 3596 ὲναπέφηνεν.

389 3625 530 3678 Ἀλλ’
558 3626 648 3678 ὅτε
675 3625 770 3677 καὶ
805 3625 897 3677 τδν
925 3624 990 3676 ὲκ
1020 3624 1250 3692 γενετῆς
1281 3619 1483 3689 τυφλὸν
1513 3619 1651 3674 σῶον
1698 3621 1792 3672 καδι
1822 3619 1956 3672 θεω-

381 3718 580 3790 ροῦντα
627 3715 1044 3786 ἀποκατέστησε
1115 3715 1256 3785 μετά
1309 3714 1372 3766 τὸ
1404 3712 1707 3780 ἀναϐλέψαι
1771 3711 1955 3774 αὐτὸν,

378 3809 552 3872 οὓτως
579 3810 771 3880 εἴρηκε
807 3807 946 3877 πρὸς
1003 3807 1188 3872 αὑτὸν,
1246 3825 1265 3859 ι
1320 3807 1392 3860 Σὺ
1443 3804 1835 3869 πιστεύεις,εῑς
1867 3804 1959 3857 τὸν

391 3904 521 3956 Υίὸν
547 3901 640 3955 τοῦ
671 3898 837 3968 Θεοῦ;
867 3919 886 3952 ι
919 3900 980 3953 Ὀ
1010 3900 1068 3953 δέ
1091 3915 1250 3970 φησι,
1282 3916 1300 3950 ι
1338 3899 1446 3952 Καὶ
1473 3899 1554 3960 τίς
1584 3899 1724 3962 ἐστι,
1760 3897 1957 3968 Κύριε,

379 3997 467 4050 ἵνα
499 3993 778 4048 πιστεύσω
804 3993 887 4056 είς
919 3993 1120 4058 αὑτόνς
1163 4011 1183 4044 ι
1223 3987 1358 4046 Eine
1389 3991 1448 4044 δὲ
1482 3991 1634 4063 αύτῷ
1663 3994 1690 4045 ὁ
1728 3989 1960 4062 Ἰησοῦς,

383 4105 403 4138 ι
444 4087 550 4140 Καὶ
579 4083 830 4155 ἑώρακας
863 4082 1046 4148 αὑτὸν,
1075 4084 1168 4136 καὶ
1207 4085 1236 4136 ὁ
1261 4081 1441 4136 λαλῶν
1470 4083 1609 4152 μετά
1635 4081 1728 4135 σοῦ
1755 4083 1962 4142 ἐκεῖνός

321 4205 325 4209 -
380 4182 548 4231 ἐστιν.
586 4193 605 4227 ι
651 4175 709 4228 'O
734 4175 791 4228 δὲ
817 4174 948 4243 ἔφη,
991 4191 1008 4224 ι
1052 4173 1322 4239 Πιστεύω,
1356 4174 1550 4242 Κύριε.
1580 4191 1597 4223 ι
1629 4173 1738 4224 Καὶ
1763 4187 1964 4240 προσε-

382 4266 617 4338 κύνησεν
648 4266 833 4318 αὐτόν.
877 4263 1018 4316 Ἀλλ’
1049 4263 1199 4332 ὅμως
1228 4264 1256 4316 ὁ
1298 4261 1464 4324 αὐτὸς
1510 4260 1758 4330 Μωάμεθ
1793 4277 1964 4329 κατη-

382 4358 563 4429 γορῶν
617 4357 773 4426 λέγει
830 4355 961 4425 περί
1004 4371 1168 4407 τινων
1208 4355 1291 4408 ὅτι
1353 4353 1772 4419 ἀπεδοκίμασαν
1807 4353 1966 4407 ama

380 4449 506 4503 οὔτε
540 4449 770 4516 νοοῦσιν,
801 4447 926 4501 οὔτε
976 4447 1237 4500 δύνανται
1282 4445 1620 4517 ἐξηγεῖσθαι,
1650 4446 1787 4516 ὅπερ
1821 4447 1964 4516 μᾶλ-

383 4543 473 4594 λον
505 4542 666 4604 αὐτὸς
705 4541 997 4605 πέπονθεις
1030 4538 1446 4607 ἀποδοκιμάσας
1484 4538 1576 4592 τὸν
1610 4538 1852 4608 Χριστὸν
1889 4538 1966 4609 μὴ

2049 2062 2179 2118 dum
2235 2078 2495 2129 carnem,
2551 2072 2608 2117 et
2679 2062 3009 2132 praedicatus
3073 2074 3158 2120 est
3227 2081 3257 2120 a
3312 2065 3633 2120 conditione

2048 2153 2266 2218 mundi,
2316 2163 2373 2208 et
2407 2154 2664 2223 apparuit
2711 2170 2778 2209 ex
2812 2155 2996 2211 verbis
3037 2157 3436 2226 prophetarum
3468 2167 3524 2211 et
3555 2157 3635 2210 vi-

2048 2244 2318 2309 sionibus,
2345 2245 2479 2315 quin
2508 2245 2627 2316 ipso
2652 2244 2764 2300 Deo
2795 2244 2955 2301 Patre
2980 2247 3114 2302 illud
3139 2249 3206 2303 de
3233 2247 3349 2317 ipso
3372 2255 3632 2304 testante.

2049 2337 2323 2407 Tempore
2367 2351 2550 2393 autem
2592 2338 2699 2395 hoc
2734 2340 3068 2410 postulante,
3100 2340 3359 2397 Clnistus
3394 2341 3503 2395 hoc
3549 2341 3635 2410 ip-

2049 2444 2172 2484 sum
2211 2429 2455 2484 dilucide
2499 2429 2800 2486 declaravit
2829 2431 3016 2486 verbis
3064 2431 3230 2486 simul
3263 2441 3320 2486 et
3349 2432 3635 2501 operibus,

2051 2508 2347 2589 omniaque
2381 2521 2864 2591 comprehendens
2907 2523 3088 2578 dixit:
3143 2541 3160 2574 ι
3205 2522 3310 2590 Qui
3359 2522 3538 2578 credit
3582 2524 3638 2576 in

2051 2628 2160 2676 me,
2189 2613 2356 2668 habet
2397 2613 2567 2668 vitam
2607 2625 2893 2670 aeternam.
2945 2633 2964 2668 ι
3006 2615 3126 2683 llis,
3171 2615 3418 2685 inquam,
3451 2615 3642 2670 divisit

2051 2687 2447 2760 vitamﬂnima:
2491 2704 2560 2760 ab
2590 2705 2693 2760 hac
2720 2706 3018 2776 corporali.
3071 2706 3199 2762 Haec
3247 2706 3396 2762 enim
3445 2707 3535 2762 ubi
3573 2704 3642 2759 ad

2054 2803 2270 2866 tempus
2315 2797 2435 2850 visa
2486 2793 2678 2861 fuerit,
2744 2795 2980 2860 transit;
3043 2795 3242 2849 animae
3293 2803 3476 2848 autem
3531 2793 3644 2847 vita

2053 2885 2396 2956 semﬂerna
2451 2894 2573 2952 est,
2620 2886 3086 2956 quemadmodum
3141 2894 3196 2942 et
3254 2899 3406 2941 mors
3467 2885 3640 2940 illius.

2051 2977 2425 3034 Nihilominus
2479 2985 2662 3033 tamen
2714 2992 2918 3048 corpus
2979 2977 3114 3032 illud
3173 2976 3536 3046 corruptibile
3586 2983 3643 3030 et

2054 3069 2288 3124 mortale
2329 3069 2557 3124 Creator
2597 3069 2786 3140 hujus,
2830 3069 2974 3124 Deus
3003 3067 3292 3130 nimirum,
3330 3079 3440 3121 non
3485 3065 3648 3120 dere-

2053 3163 2270 3232 linquet
2312 3164 2368 3217 in
2429 3171 2608 3218 morte
2658 3169 2712 3216 et
2752 3160 3148 3232 corruptione‘;
3205 3161 3302 3216 sed
3353 3164 3646 3228 postquam

2058 3254 2191 3308 illud
2235 3254 2645 3327 incorruptibili
2686 3263 2743 3309 et
2778 3251 3076 3308 immortali
3131 3257 3328 3306 natura
3381 3247 3646 3310 induerit,

2053 3344 2249 3416 integri
2307 3355 2366 3401 et
2419 3345 2758 3401 immortales
2815 3343 3166 3408 resuscitati,
3243 3343 3399 3413 juxta
3445 3355 3648 3394 oracu-

2051 3437 2164 3493 lum
2199 3439 2268 3505 "’,
2305 3455 2429 3494 cum
2459 3440 2572 3495 Deo
2601 3439 2830 3494 erimus.
2860 3438 2966 3493 Per
2999 3437 3114 3507 ipsa
3147 3435 3312 3507 igitur
3340 3435 3503 3489 verba
3529 3447 3652 3502 qua:

2053 3539 2217 3584 antea
2267 3531 2470 3601 saepius
2503 3531 2724 3586 locutus
2770 3541 2877 3596 est,
2927 3529 3180 3600 nihilque
3235 3530 3417 3583 minus
3463 3540 3533 3580 ex
3568 3524 3652 3578 his

2055 3639 2176 3693 qua:
2229 3639 2332 3680 nos
2381 3640 2492 3680 non
2523 3625 2924 3695 ascripsimus,
2971 3621 3229 3678 Christus
3261 3621 3498 3691 seipsum
3534 3630 3655 3671 ma-

2058 3715 2260 3771 nifeste
2300 3717 2474 3772 Deum
2519 3724 2577 3772 et
2611 3716 2894 3771 hominem
2939 3729 3064 3770 esse
3101 3714 3426 3768 declaravit.
3477 3713 3652 3769 Crete-

2063 3821 2189 3860 rum
2218 3820 2344 3860 cum
2382 3803 2460 3858 illi
2486 3805 2581 3874 qui
2622 3820 2652 3858 a
2683 3804 2970 3860 nativitate
2997 3820 3095 3859 sua
3128 3818 3306 3858 ca-cus
3341 3805 3654 3865 exstiterat,

2064 3896 2360 3952 sanitatem
2409 3905 2466 3952 et
2511 3897 2690 3951 visum
2744 3895 3100 3956 restituisset,
3131 3909 3256 3948 cum
3303 3894 3392 3947 ille
3421 3895 3531 3962 jam
3577 3895 3658 3947 vi-

2061 3989 2239 4052 deret,
2293 3987 2376 4042 sic
2426 3987 2493 4042 ad
2553 4001 2678 4041 eum
2728 3985 2906 4040 dixit:
2966 4003 2985 4036 ι
3041 3985 3307 4040 Credisne
3366 3984 3419 4037 in
3454 3983 3652 4038 Filium

2062 4082 2203 4137 Dei?
2238 4099 2256 4134 ι
2298 4078 2392 4135 Ille
2435 4094 2569 4134 vero
2602 4080 2680 4133 ait
2717 4097 2731 4133 :
2785 4097 2804 4130 ι
2845 4078 2913 4132 Ει
2965 4077 3220 4145 quisnam
3250 4087 3356 4139 est,
3404 4077 3653 4142 Domine,

2063 4179 2125 4226 ut
2175 4170 2394 4225 credam
2447 4169 2502 4222 in
2548 4168 2748 4222 illum?
2797 4187 2815 4220 ι
2875 4166 3024 4220 Dixit
3085 4175 3271 4221 autem
3327 4166 3402 4220 illi
3454 4164 3655 4221 Jesus:

2071 4284 2089 4316 ι
2137 4264 2207 4318 Ει
2234 4262 2419 4317 vidisti
2451 4276 2601 4328 eum,
2629 4270 2686 4317 et
2713 4260 2808 4330 qni
2838 4259 3086 4330 loquitur
3122 4270 3326 4323 tecum,
3356 4259 3445 4313 ille
3479 4268 3588 4313 est.
3632 4277 3652 4310 ι

2065 4358 2162 4414 llle
2213 4373 2343 4413 vero
2395 4357 2568 4423 dixit,
2629 4375 2646 4407 ι
2683 4356 2893 4421 Credo,
2929 4355 3189 4420 Domine,
3235 4374 3254 4407 ι
3307 4365 3363 4411 et
3409 4354 3659 4409 adoravit

2071 4451 2227 4506 illum
2263 4451 2330 4507 ⁸⁸.
2393 4449 2662 4505 Caeterum
2721 4448 2998 4503 Mahomct
3056 4448 3326 4518 quosdam
3390 4463 3660 4502 accusans

2071 4539 2243 4596 dicit:
2272 4539 2605 4614 Rejeeer'unt
2630 4553 2694 4593 ea
2725 4553 2848 4608 qum
2877 4553 2987 4592 non
3024 4537 3356 4608 intelligunt,
3397 4553 3498 4593 nec
3531 4554 3660 4607 pos-

383 4630 522 4685 εἶναι
562 4633 684 4684 Υίὺν
713 4630 877 4696 Θεοῦ,
927 4630 1062 4700 μηδὲ
1105 4630 1488 4700 σαρκωθῆναι,
1529 4630 1624 4681 καὶ
1659 4627 1748 4682 διὰ
1775 4627 1838 4681 τὸ
1868 4629 1952 4698 τῆς

2073 4639 2203 4690 sunt
2251 4646 2534 4687 enarrare.
2587 4631 2704 4686 Hoc
2759 4631 2862 4701 ipsi
2914 4631 3187 4700 imprimis
3235 4633 3484 4702 contigit,
3533 4647 3658 4686 cum

382 4723 764 4791 ἀκαταληψίας
807 4721 1038 4792 μέγεθος
1068 4721 1246 4774 ταῦτα
1277 4721 1574 4792 ἠρνήσατο,
1605 4721 1744 4775 ἀλλά
1773 4721 1868 4775 καὶ
1901 4720 1962 4773 τὸ

383 4815 482 4885 τῆς
514 4815 573 4884 Τ,
600 4814 743 4876 ιάδος
782 4815 1080 4883 μυστήριον
1123 4814 1187 4866 ού
1233 4813 1615 4884 προσεδέξατο.
1647 4814 1724 4866 Ού
1755 4816 1866 4884 γὰρ
1899 4816 1963 4883 ὴ-

383 4907 582 4961 δύνατο
607 4909 748 4959 νοεῖν
771 4908 872 4977 τὴν
909 4905 1017 4958 τῶν
1051 4905 1362 4976 προσώπων
1388 4906 1662 4974 διάκρισιν
1705 4905 1834 4959 ἄνευ
1864 4907 1963 4972 τῆς

385 5003 528 5055 κατά
550 4999 648 5069 τὴν
673 4997 858 5052 οὐσίαν
885 4997 1231 5066 διακρίσεως,
1254 4996 1330 5059 ὠς
1357 4996 1595 5066 εῐρηται.
1635 5017 1654 5050 ι
1690 4997 1968 5067 Ἐθαυμα-

389 5089 572 5160 orti)th
604 5091 736 5158 γὰρ,
779 5107 800 5141 ι
833 5088 1022 5157 φησιν,
1070 5104 1090 5137 ι
1129 5088 1161 5157 ὴ
1203 5089 1401 5155 γνιῖλσίς
1430 5105 1524 5140 σου
1568 5089 1626 5153 ἐξ
1657 5087 1813 5158 ἐμοῦ,
1847 5089 1967 5141 λίαν

385 5180 753 5250 ὲκραταιώθη.
798 5178 863 5232 οὐ
899 5177 976 5246 μὴ
1015 5175 1263 5245 δύνωμαι
1317 5179 1452 5246 πρὸς
1484 5178 1674 5248 αὐτήν.
1738 5201 1756 5230 ι
1817 5179 1882 5231 Τί
1911 5180 1968 5231 δὲ

387 5273 516 5324 ἀλλο
569 5273 718 5323 ἐστὶν
749 5269 783 5340 ἦ
814 5270 848 5340 ἡ
887 5267 1276 5337 ἀκατάληπτος
1326 5271 1422 5322 καὶ
1472 5269 1836 5342 άπερινόητος
1873 5272 1968 5326 τοῦ

389 5363 526 5417 Θεοῦ
590 5362 814 5431 γνῶσις,
862 5361 986 5431 ἣτις
1031 5361 1278 5431 ἀγνωσία
1339 5365 1741 5432 παρεικάξεται
1782 5364 1872 5418 διὰ
1915 5367 1974 5418 τὸ

389 5459 692 5528 ὑπεραῖρον
711 5457 881 5525 αὐτῆς
895 5455 1076 5523 πάσης
1107 5454 1336 5532 κτιστῆς
1354 5456 1606 5523 γνώσεως
1633 5473 1646 5522 ;
1667 5456 1730 5509 Ἦ
1752 5458 1860 5527 γὰρ
1879 5459 1972 5510 τοῦ

390 5545 529 5599 Θεοῦ
563 5545 808 5612 ἀγνωσία
837 5543 897 5596 οὐ
926 5543 1143 5609 λέγεται
1173 5544 1318 5594 κατά
1359 5543 1637 5613 στέρησιν,
1671 5545 1806 5600 ἀλλά
1845 5547 1967 5600 καθ’

393 5637 692 5708 ὑπεροχήν.
744 5635 843 5688 Διά
891 5633 1000 5704 γὰρ
1041 5633 1102 5686 τὸ
1157 5633 1498 5702 ὑπερϐάλλον
1546 5640 1638 5690 καὶ
1673 5639 1972 5710 ἀπρόσιτον

397 5730 518 5800 φῶς
552 5729 644 5782 τοῦ
693 5728 830 5782 Θεοῦ
863 5729 1054 5789 σκότος
1085 5725 1218 5780 αὐτὸ
1264 5725 1579 5795 ὠνόμασαν.
1619 5730 1693 5782 Τὸ
1739 5731 1845 5800 γάρ
1901 5731 1975 5802 μὴ

2071 4727 2354 4782 Christum
2388 4725 2608 4798 negavit
2639 4741 2761 4782 esse
2793 4724 2890 4782 Dei
2923 4726 3147 4794 Filium,
3179 4741 3280 4782 nec
3314 4725 3660 4780 incarnatum

2073 4819 2334 4875 credidit.
2395 4819 2629 4889 Propter
2698 4817 3024 4872 immensam
3085 4817 3233 4872 enim
3301 4816 3660 4872 stoliditatem

2071 4911 2208 4966 illud
2241 4910 2484 4980 negavit.
2546 4911 2691 4978 Quin
2746 4919 2801 4965 et
2843 4907 3136 4964 Trinitatis
3185 4909 3506 4980 mysterium
3554 4923 3663 4963 non

2073 5002 2322 5057 admisit.
2366 5001 2485 5056 Non
2519 5002 2662 5055 enim
2702 5012 2916 5070 poterat
2945 5017 3310 5071 personarum
3346 5000 3665 5064 discrimen,
3776 5054 3781 5058 .

2075 5103 2134 5147 ut
2161 5093 2370 5148 dictum
2405 5101 2511 5158 est,
2543 5093 2666 5147 sine
2699 5091 3138 5148 substantiarum
3181 5091 3506 5146 discrimine
3536 5105 3669 5145 con~

2075 5184 2278 5239 sistens
2317 5185 2647 5256 intelligere.
2702 5203 2720 5236 ι
2765 5184 3074 5247 Mirabilis,
3132 5185 3346 5254 inquit,
3395 5184 3539 5238 facta
3582 5189 3668 5238 est

2079 5277 2307 5332 scicntia
2361 5287 2451 5333 tua
2498 5295 2526 5334 a
2581 5294 2690 5343 me,
2739 5281 2973 5334 multum
3019 5279 3326 5356 confortata
3373 5287 3500 5345 est;
3561 5296 3670 5334 non

2081 5379 2274 5441 potero
2305 5371 2372 5424 ad
2419 5373 2592 5441 ipsam
2628 5372 2698 5428 θ’.
2747 5390 2763 5421 ι
2802 5373 2943 5439 Quid
2993 5373 3141 5428 enim
3187 5373 3338 5428 aliud
3385 5383 3471 5428 est
3507 5389 3669 5443 quam

2057 5462 2668 5532 incomprehensibilis
2714 5473 2770 5518 et
2821 5465 3105 5521 intellectu
3162 5465 3524 5536 impossibilis
3571 5464 3667 5518 Dei

2079 5554 2341 5624 cognitio,
2386 5570 2511 5624 quae
2561 5555 2890 5626 ignorantia:
2929 5559 3214 5614 confertur
3253 5567 3481 5628 propter
3515 5573 3668 5610 sumo

2082 5661 2224 5700 mam
2273 5646 2418 5700 illam
2459 5663 2571 5716 pra:
2603 5649 2752 5702 omni
2803 5649 3118 5719 cegnitione
3165 5649 3446 5704 mundana
3490 5650 3670 5702 excel-

2081 5737 2350 5793 lentiam?
2384 5738 2695 5810 Ignorantia
2737 5741 2888 5796 enim
2924 5742 3022 5799 Dei
3064 5757 3172 5797 non
3207 5739 3512 5798 secundum
3551 5740 3669 5811 pri-

467 5893 514 5926 ⁷⁸
555 5893 694 5950 Psal.
728 5908 839 5959 cm,
881 5892 972 5947 24.
1045 5892 1092 5927 "
1132 5894 1150 5950 Ι
1191 5894 1386 5953 Thess.
1431 5912 1502 5962 tv,
1551 5896 1630 5951 ιϐ.
1710 5897 1753 5929 ⁸⁸
1792 5897 1949 5974 Joan.
1996 5915 2079 5967 Ix,
2121 5902 2304 5961 55-58.
2387 5905 2427 5938 ⁸⁸
2470 5905 2614 5962 Psal.
2661 5921 2928 5976 cxxxvm,
2973 5905 3027 5961 6.
