  <div class='ocr_page' id='page_1' title='image "/cluster/home/n/w/nwhite01/storage/ocr_20150623/154:no.2/coo.31924054870591/341.png"; bbox 0 0 4058 6436; ppageno 0'>
   <div class='ocr_carea' id='block_1_1' title="bbox 519 433 625 498">
    <p class='ocr_par' dir='ltr' id='par_1_1' title="bbox 519 433 625 498">
     <span class='ocr_line' id='line_1_1' title="bbox 519 433 625 498; baseline 0.019 -2"><span class='ocrx_word' id='word_1_1' title='bbox 519 433 625 498; x_wconf 82' lang='lat'>667</span> 
     </span>
    </p>
   </div>
   <div class='ocr_carea' id='block_1_2' title="bbox 1726 447 2601 516">
    <p class='ocr_par' dir='ltr' id='par_1_2' title="bbox 1726 447 2601 516">
     <span class='ocr_line' id='line_1_2' title="bbox 1726 447 2601 516; baseline 0.008 -9"><span class='ocrx_word' id='word_1_2' title='bbox 1726 447 2044 509; x_wconf 85' lang='lat' dir='ltr'><strong>JOANNlS</strong></span> <span class='ocrx_word' id='word_1_3' title='bbox 2080 449 2601 516; x_wconf 66' lang='lat' dir='ltr'><strong>CANTACUZENI</strong></span> 
     </span>
    </p>
   </div>
   <div class='ocr_carea' id='block_1_3' title="bbox 3637 468 3734 532">
    <p class='ocr_par' dir='ltr' id='par_1_3' title="bbox 3637 468 3734 532">
     <span class='ocr_line' id='line_1_3' title="bbox 3637 468 3734 532; baseline 0.021 -2"><span class='ocrx_word' id='word_1_4' title='bbox 3637 468 3734 532; x_wconf 85' lang='lat'>668</span> 
     </span>
    </p>
   </div>
   <div class='ocr_carea' id='block_1_4' title="bbox 515 544 2089 642">
    <p class='ocr_par' dir='ltr' id='par_1_4' title="bbox 515 544 2089 627">
     <span class='ocr_line' id='line_1_4' title="bbox 515 544 2089 627; baseline 0.01 -29"><span class='ocrx_word' id='word_1_5' title='bbox 515 544 815 611; x_wconf 86' lang='lat' dir='ltr'><strong>vationcm,</strong></span> <span class='ocrx_word' id='word_1_6' title='bbox 858 548 954 602; x_wconf 88' lang='lat' dir='ltr'><strong>sed</strong></span> <span class='ocrx_word' id='word_1_7' title='bbox 995 550 1372 606; x_wconf 79' lang='lat' dir='ltr'><strong>excellentiam</strong></span> <span class='ocrx_word' id='word_1_8' title='bbox 1403 552 1625 610; x_wconf 88' lang='lat' dir='ltr'><strong>dicitur.</strong></span> <span class='ocrx_word' id='word_1_9' title='bbox 1663 557 1892 627; x_wconf 85' lang='lat' dir='ltr'><strong>Propter</strong></span> <span class='ocrx_word' id='word_1_10' title='bbox 1915 560 2089 614; x_wconf 85' lang='lat' dir='ltr'><strong>excel-</strong></span> 
     </span>
    </p>
   </div>
   <div class='ocr_carea' id='block_1_5' title="bbox 2191 544 3737 642">
    <p class='ocr_par' dir='ltr' id='par_1_5' title="bbox 2204 561 3737 642">
     <span class='ocr_line' id='line_1_5' title="bbox 2204 561 3737 642; baseline 0.015 -29"><span class='ocrx_word' id='word_1_11' title='bbox 2204 561 2499 630; x_wconf 81' lang='grc' dir='ltr'>δυνάμενον</span> <span class='ocrx_word' id='word_1_12' title='bbox 2534 567 2764 636; x_wconf 73' lang='grc' dir='ltr'>ὁρᾶσθαι</span> <span class='ocrx_word' id='word_1_13' title='bbox 2807 571 2997 636; x_wconf 78' lang='grc' dir='ltr'><strong>σκότος</strong></span> <span class='ocrx_word' id='word_1_14' title='bbox 3030 572 3290 642; x_wconf 79' lang='grc' dir='ltr'>ἄντικρύς</span> <span class='ocrx_word' id='word_1_15' title='bbox 3323 591 3485 632; x_wconf 80' lang='grc' dir='ltr'>εστιν.</span> <span class='ocrx_word' id='word_1_16' title='bbox 3519 595 3538 629; x_wconf 82' lang='grc' dir='ltr'><strong>ι</strong></span> <span class='ocrx_word' id='word_1_17' title='bbox 3565 580 3737 636; x_wconf 76' lang='grc' dir='ltr'>Ἔθετο</span> 
     </span>
    </p>
   </div>
   <div class='ocr_carea' id='block_1_6' title="bbox 513 637 2092 712">
    <p class='ocr_par' dir='ltr' id='par_1_6' title="bbox 513 637 2092 712">
     <span class='ocr_line' id='line_1_6' title="bbox 513 637 2092 712; baseline 0.01 -21"><span class='ocrx_word' id='word_1_18' title='bbox 513 637 634 692; x_wconf 88' lang='lat' dir='ltr'><strong>lens</strong></span> <span class='ocrx_word' id='word_1_19' title='bbox 659 639 808 693; x_wconf 88' lang='lat' dir='ltr'><strong>enim</strong></span> <span class='ocrx_word' id='word_1_20' title='bbox 831 649 885 694; x_wconf 88' lang='lat' dir='ltr'><strong>et</strong></span> <span class='ocrx_word' id='word_1_21' title='bbox 916 642 1291 697; x_wconf 87' lang='lat' dir='ltr'><strong>inaccessibile</strong></span> <span class='ocrx_word' id='word_1_22' title='bbox 1319 645 1500 700; x_wconf 83' lang='lat' dir='ltr'><strong>lumen</strong></span> <span class='ocrx_word' id='word_1_23' title='bbox 1537 647 1650 712; x_wconf 75' lang='lat' dir='ltr'><strong>Dei,</strong></span> <span class='ocrx_word' id='word_1_24' title='bbox 1679 649 1811 702; x_wconf 89' lang='lat' dir='ltr'><strong>illud</strong></span> <span class='ocrx_word' id='word_1_25' title='bbox 1837 653 2092 707; x_wconf 88' lang='lat' dir='ltr'><strong>tenebras</strong></span> 
     </span>
    </p>
   </div>
   <div class='ocr_carea' id='block_1_7' title="bbox 515 727 2085 810">
    <p class='ocr_par' dir='ltr' id='par_1_7' title="bbox 515 727 2085 810">
     <span class='ocr_line' id='line_1_7' title="bbox 515 727 2085 810; baseline 0.01 -26"><span class='ocrx_word' id='word_1_26' title='bbox 515 727 962 786; x_wconf 83' lang='lat' dir='ltr'><strong>nominaverunt.</strong></span> <span class='ocrx_word' id='word_1_27' title='bbox 997 735 1154 799; x_wconf 98' lang='lat' dir='ltr'><strong>Quod</strong></span> <span class='ocrx_word' id='word_1_28' title='bbox 1203 736 1348 791; x_wconf 90' lang='lat' dir='ltr'><strong>enim</strong></span> <span class='ocrx_word' id='word_1_29' title='bbox 1400 739 1567 794; x_wconf 86' lang='lat' dir='ltr'><strong>videri</strong></span> <span class='ocrx_word' id='word_1_30' title='bbox 1619 741 1830 810; x_wconf 88' lang='lat' dir='ltr'><strong>nequit,</strong></span> <span class='ocrx_word' id='word_1_31' title='bbox 1865 759 1896 798; x_wconf 91' lang='lat' dir='ltr'><strong>a</strong></span> <span class='ocrx_word' id='word_1_32' title='bbox 1934 755 2085 799; x_wconf 89' lang='lat' dir='ltr'><strong>tene-</strong></span> 
     </span>
    </p>
   </div>
   <div class='ocr_carea' id='block_1_8' title="bbox 515 820 2089 906">
    <p class='ocr_par' dir='ltr' id='par_1_8' title="bbox 515 820 2089 906">
     <span class='ocr_line' id='line_1_8' title="bbox 515 820 2089 906; baseline 0.01 -31"><span class='ocrx_word' id='word_1_33' title='bbox 515 820 631 876; x_wconf 87' lang='lat' dir='ltr'><strong>bris</strong></span> <span class='ocrx_word' id='word_1_34' title='bbox 688 821 804 878; x_wconf 80' lang='lat' dir='ltr'><strong>l&#39;erc</strong></span> <span class='ocrx_word' id='word_1_35' title='bbox 870 825 1009 880; x_wconf 86' lang='lat' dir='ltr'><strong>nihil</strong></span> <span class='ocrx_word' id='word_1_36' title='bbox 1073 827 1277 884; x_wconf 71' lang='lat' dir='ltr'><strong>diﬂ‘ert.</strong></span> <span class='ocrx_word' id='word_1_37' title='bbox 1345 848 1362 880; x_wconf 79' lang='grc' dir='ltr'><strong>ι</strong></span> <span class='ocrx_word' id='word_1_38' title='bbox 1404 831 1592 886; x_wconf 82' lang='lat' dir='ltr'><strong>Posuit</strong></span> <span class='ocrx_word' id='word_1_39' title='bbox 1647 834 1833 899; x_wconf 89' lang='lat' dir='ltr'><strong>enim,</strong></span> <span class='ocrx_word' id='word_1_40' title='bbox 1889 835 2089 906; x_wconf 89' lang='lat' dir='ltr'><strong>inquit.</strong></span> 
     </span>
    </p>
   </div>
   <div class='ocr_carea' id='block_1_9' title="bbox 517 913 2090 983">
    <p class='ocr_par' dir='ltr' id='par_1_9' title="bbox 517 913 2090 983">
     <span class='ocr_line' id='line_1_9' title="bbox 517 913 2090 983; baseline 0.01 -15"><span class='ocrx_word' id='word_1_41' title='bbox 517 913 774 969; x_wconf 81' lang='lat' dir='ltr'><strong>tenebras</strong></span> <span class='ocrx_word' id='word_1_42' title='bbox 803 915 1220 972; x_wconf 90' lang='lat' dir='ltr'><strong>absconsionem</strong></span> <span class='ocrx_word' id='word_1_43' title='bbox 1248 920 1332 974; x_wconf 93' lang='lat' dir='ltr'><strong>sui</strong></span> <span class='ocrx_word' id='word_1_44' title='bbox 1374 919 1440 977; x_wconf 77' lang='grc'><strong>⁸⁸.</strong></span> <span class='ocrx_word' id='word_1_45' title='bbox 1494 941 1510 973; x_wconf 78' lang='grc' dir='ltr'><strong>ι</strong></span> <span class='ocrx_word' id='word_1_46' title='bbox 1559 921 1760 979; x_wconf 75' lang='lat' dir='ltr'><strong>Verum</strong></span> <span class='ocrx_word' id='word_1_47' title='bbox 1799 926 1962 980; x_wconf 89' lang='lat' dir='ltr'><strong>etiam</strong></span> <span class='ocrx_word' id='word_1_48' title='bbox 1995 928 2090 983; x_wconf 85' lang='lat' dir='ltr'><strong>Dei</strong></span> 
     </span>
    </p>
   </div>
   <div class='ocr_carea' id='block_1_10' title="bbox 515 1005 2095 1086">
    <p class='ocr_par' dir='ltr' id='par_1_10' title="bbox 515 1005 2095 1086">
     <span class='ocr_line' id='line_1_10' title="bbox 515 1005 2095 1086; baseline 0.009 -26"><span class='ocrx_word' id='word_1_49' title='bbox 515 1005 845 1074; x_wconf 90' lang='lat' dir='ltr'><strong>sapientiam</strong></span> <span class='ocrx_word' id='word_1_50' title='bbox 877 1017 930 1062; x_wconf 93' lang='lat' dir='ltr'><strong>et</strong></span> <span class='ocrx_word' id='word_1_51' title='bbox 961 1008 1270 1072; x_wconf 85' lang='lat' dir='ltr'><strong>scientiam,</strong></span> <span class='ocrx_word' id='word_1_52' title='bbox 1313 1027 1530 1068; x_wconf 89' lang='lat' dir='ltr'><strong>omnem</strong></span> <span class='ocrx_word' id='word_1_53' title='bbox 1565 1017 1883 1086; x_wconf 79' lang='lat' dir='ltr'><strong>angelorum</strong></span> <span class='ocrx_word' id='word_1_54' title='bbox 1916 1017 2095 1074; x_wconf 82' lang='lat' dir='ltr'><strong>homi-</strong></span> 
     </span>
    </p>
   </div>
   <div class='ocr_carea' id='block_1_11' title="bbox 517 1098 2092 1174">
    <p class='ocr_par' dir='ltr' id='par_1_11' title="bbox 517 1098 2092 1174">
     <span class='ocr_line' id='line_1_11' title="bbox 517 1098 2092 1174; baseline 0.011 -26"><span class='ocrx_word' id='word_1_55' title='bbox 517 1111 761 1165; x_wconf 89' lang='lat' dir='ltr'><strong>numque</strong></span> <span class='ocrx_word' id='word_1_56' title='bbox 797 1098 1156 1154; x_wconf 80' lang='lat' dir='ltr'><strong>excedentem</strong></span> <span class='ocrx_word' id='word_1_57' title='bbox 1192 1101 1550 1170; x_wconf 90' lang='lat' dir='ltr'><strong>intellectum,</strong></span> <span class='ocrx_word' id='word_1_58' title='bbox 1583 1121 1706 1174; x_wconf 64' lang='lat' dir='ltr'><strong>qua:</strong></span> <span class='ocrx_word' id='word_1_59' title='bbox 1735 1122 1837 1164; x_wconf 90' lang='lat' dir='ltr'><strong>nec</strong></span> <span class='ocrx_word' id='word_1_60' title='bbox 1880 1111 2092 1166; x_wconf 81' lang='lat' dir='ltr'><strong>ratione</strong></span> 
     </span>
    </p>
   </div>
   <div class='ocr_carea' id='block_1_12' title="bbox 515 1189 2089 1272">
    <p class='ocr_par' dir='ltr' id='par_1_12' title="bbox 515 1189 2089 1272">
     <span class='ocr_line' id='line_1_12' title="bbox 515 1189 2089 1272; baseline 0.013 -32"><span class='ocrx_word' id='word_1_61' title='bbox 515 1202 618 1242; x_wconf 89' lang='lat' dir='ltr'><strong>nec</strong></span> <span class='ocrx_word' id='word_1_62' title='bbox 661 1202 916 1244; x_wconf 80' lang='lat' dir='ltr'><strong>sermone</strong></span> <span class='ocrx_word' id='word_1_63' title='bbox 953 1189 1216 1260; x_wconf 84' lang='lat' dir='ltr'><strong>explicari</strong></span> <span class='ocrx_word' id='word_1_64' title='bbox 1253 1203 1482 1264; x_wconf 86' lang='lat' dir='ltr'><strong>potest,</strong></span> <span class='ocrx_word' id='word_1_65' title='bbox 1521 1198 1758 1272; x_wconf 75' lang='lat' dir='ltr'><strong>theologi</strong></span> <span class='ocrx_word' id='word_1_66' title='bbox 1805 1203 2089 1260; x_wconf 81' lang='lat' dir='ltr'><strong>stultitiam</strong></span> 
     </span>
    </p>
   </div>
   <div class='ocr_carea' id='block_1_13' title="bbox 515 1279 2095 1352">
    <p class='ocr_par' dir='ltr' id='par_1_13' title="bbox 515 1279 2095 1352">
     <span class='ocr_line' id='line_1_13' title="bbox 515 1279 2095 1352; baseline 0.013 -23"><span class='ocrx_word' id='word_1_67' title='bbox 515 1287 872 1333; x_wconf 84' lang='lat' dir='ltr'><strong>vocaverunt.</strong></span> <span class='ocrx_word' id='word_1_68' title='bbox 899 1279 1244 1352; x_wconf 83' lang='lat' dir='ltr'><strong>Quapropter</strong></span> <span class='ocrx_word' id='word_1_69' title='bbox 1276 1284 1438 1338; x_wconf 89' lang='lat' dir='ltr'><strong>etiam</strong></span> <span class='ocrx_word' id='word_1_70' title='bbox 1469 1285 1753 1344; x_wconf 80' lang='lat' dir='ltr'><strong>Sermonis</strong></span> <span class='ocrx_word' id='word_1_71' title='bbox 1788 1290 1884 1346; x_wconf 88' lang='lat' dir='ltr'><strong>Dei</strong></span> <span class='ocrx_word' id='word_1_72' title='bbox 1916 1291 2095 1349; x_wconf 86' lang='lat' dir='ltr'><strong>incar-</strong></span> 
     </span>
    </p>
   </div>
   <div class='ocr_carea' id='block_1_14' title="bbox 427 1370 2090 1457">
    <p class='ocr_par' dir='ltr' id='par_1_14' title="bbox 427 1370 2090 1457">
     <span class='ocr_line' id='line_1_14' title="bbox 427 1370 2090 1457; baseline 0.015 -37"><span class='ocrx_word' id='word_1_73' title='bbox 427 1441 429 1444; x_wconf 6' lang='grc' dir='ltr'><strong>γ</strong></span> <span class='ocrx_word' id='word_1_74' title='bbox 516 1370 795 1426; x_wconf 86' lang='lat' dir='ltr'><strong>nationem</strong></span> <span class='ocrx_word' id='word_1_75' title='bbox 839 1373 915 1428; x_wconf 87' lang='lat' dir='ltr'><strong>illi</strong></span> <span class='ocrx_word' id='word_1_76' title='bbox 961 1374 1128 1431; x_wconf 89' lang='lat' dir='ltr'><strong>iidem</strong></span> <span class='ocrx_word' id='word_1_77' title='bbox 1178 1377 1418 1451; x_wconf 76' lang='lat' dir='ltr'><strong>theologi</strong></span> <span class='ocrx_word' id='word_1_78' title='bbox 1466 1383 1766 1440; x_wconf 85' lang='lat' dir='ltr'><strong>vanitatem</strong></span> <span class='ocrx_word' id='word_1_79' title='bbox 1815 1386 2090 1457; x_wconf 78' lang='lat' dir='ltr'><strong>dixerunt,</strong></span> 
     </span>
    </p>
   </div>
   <div class='ocr_carea' id='block_1_15' title="bbox 512 1463 2094 1548">
    <p class='ocr_par' dir='ltr' id='par_1_15' title="bbox 512 1463 2094 1548">
     <span class='ocr_line' id='line_1_15' title="bbox 512 1463 2094 1548; baseline 0.014 -32"><span class='ocrx_word' id='word_1_80' title='bbox 512 1477 637 1516; x_wconf 87' lang='lat' dir='ltr'><strong>cum</strong></span> <span class='ocrx_word' id='word_1_81' title='bbox 671 1463 830 1533; x_wconf 90' lang='lat' dir='ltr'><strong>plena</strong></span> <span class='ocrx_word' id='word_1_82' title='bbox 864 1467 959 1528; x_wconf 90' lang='lat' dir='ltr'><strong>sit.</strong></span> <span class='ocrx_word' id='word_1_83' title='bbox 997 1467 1114 1524; x_wconf 91' lang='lat' dir='ltr'><strong>imo</strong></span> <span class='ocrx_word' id='word_1_84' title='bbox 1158 1471 1637 1531; x_wconf 89' lang='lat' dir='ltr'><strong>abundantissima</strong></span> <span class='ocrx_word' id='word_1_85' title='bbox 1669 1479 1955 1548; x_wconf 80' lang='lat' dir='ltr'><strong>sapientia,</strong></span> <span class='ocrx_word' id='word_1_86' title='bbox 1986 1484 2094 1538; x_wconf 92' lang='lat' dir='ltr'><strong>vir-</strong></span> 
     </span>
    </p>
   </div>
   <div class='ocr_carea' id='block_1_16' title="bbox 515 1558 2091 1640">
    <p class='ocr_par' dir='ltr' id='par_1_16' title="bbox 515 1558 2091 1640">
     <span class='ocr_line' id='line_1_16' title="bbox 515 1558 2091 1640; baseline 0.017 -35"><span class='ocrx_word' id='word_1_87' title='bbox 515 1562 724 1612; x_wconf 69' lang='lat' dir='ltr'><strong>tute&#39;et</strong></span> <span class='ocrx_word' id='word_1_88' title='bbox 765 1558 964 1615; x_wconf 87' lang='lat' dir='ltr'><strong>salute.</strong></span> <span class='ocrx_word' id='word_1_89' title='bbox 1004 1560 1061 1616; x_wconf 93' lang='lat' dir='ltr'><strong>Si</strong></span> <span class='ocrx_word' id='word_1_90' title='bbox 1095 1562 1263 1633; x_wconf 79' lang='lat' dir='ltr'><strong>igitur</strong></span> <span class='ocrx_word' id='word_1_91' title='bbox 1303 1566 1448 1635; x_wconf 85' lang='lat' dir='ltr'><strong>apud</strong></span> <span class='ocrx_word' id='word_1_92' title='bbox 1501 1569 1786 1640; x_wconf 81' lang='lat' dir='ltr'><strong>theologos</strong></span> <span class='ocrx_word' id='word_1_93' title='bbox 1824 1575 2091 1632; x_wconf 87' lang='lat' dir='ltr'><strong>mirabilis</strong></span> 
     </span>
    </p>
   </div>
   <div class='ocr_carea' id='block_1_17' title="bbox 510 1646 2090 1734">
    <p class='ocr_par' dir='ltr' id='par_1_17' title="bbox 510 1646 2090 1734">
     <span class='ocr_line' id='line_1_17' title="bbox 510 1646 2090 1734; baseline 0.017 -35"><span class='ocrx_word' id='word_1_94' title='bbox 510 1646 654 1704; x_wconf 79' lang='lat' dir='ltr'><strong>facta</strong></span> <span class='ocrx_word' id='word_1_95' title='bbox 687 1662 772 1707; x_wconf 85' lang='lat' dir='ltr'><strong>est</strong></span> <span class='ocrx_word' id='word_1_96' title='bbox 805 1653 899 1708; x_wconf 90' lang='lat' dir='ltr'><strong>Dei</strong></span> <span class='ocrx_word' id='word_1_97' title='bbox 929 1655 1186 1722; x_wconf 86' lang='lat' dir='ltr'><strong>scientia,</strong></span> <span class='ocrx_word' id='word_1_98' title='bbox 1219 1661 2090 1734; x_wconf 44' lang='lat' dir='ltr'><strong>propter.incomprehensibilem</strong></span> 
     </span>
    </p>
   </div>
   <div class='ocr_carea' id='block_1_18' title="bbox 515 1740 2091 1824">
    <p class='ocr_par' dir='ltr' id='par_1_18' title="bbox 515 1740 2091 1824">
     <span class='ocr_line' id='line_1_18' title="bbox 515 1740 2091 1824; baseline 0.015 -31"><span class='ocrx_word' id='word_1_99' title='bbox 515 1740 672 1796; x_wconf 86' lang='lat' dir='ltr'><strong>illam</strong></span> <span class='ocrx_word' id='word_1_100' title='bbox 731 1744 1036 1814; x_wconf 86' lang='lat' dir='ltr'><strong>rationem,</strong></span> <span class='ocrx_word' id='word_1_101' title='bbox 1087 1750 1242 1820; x_wconf 81' lang='lat' dir='ltr'><strong>sique</strong></span> <span class='ocrx_word' id='word_1_102' title='bbox 1295 1764 1658 1824; x_wconf 83' lang='lat' dir='ltr'><strong>agnoscentes</strong></span> <span class='ocrx_word' id='word_1_103' title='bbox 1717 1758 2091 1816; x_wconf 80' lang='lat' dir='ltr'><strong>inﬁrmitatem</strong></span> 
     </span>
    </p>
   </div>
   <div class='ocr_carea' id='block_1_19' title="bbox 511 1837 2088 1923">
    <p class='ocr_par' dir='ltr' id='par_1_19' title="bbox 511 1837 2088 1923">
     <span class='ocr_line' id='line_1_19' title="bbox 511 1837 2088 1923; baseline 0.015 -36"><span class='ocrx_word' id='word_1_104' title='bbox 511 1847 668 1888; x_wconf 84' lang='lat' dir='ltr'><strong>suam</strong></span> <span class='ocrx_word' id='word_1_105' title='bbox 721 1837 957 1894; x_wconf 80' lang='lat' dir='ltr'><strong>confessi</strong></span> <span class='ocrx_word' id='word_1_106' title='bbox 1020 1851 1192 1908; x_wconf 90' lang='lat' dir='ltr'><strong>sunt,</strong></span> <span class='ocrx_word' id='word_1_107' title='bbox 1250 1844 1497 1903; x_wconf 84' lang='lat' dir='ltr'><strong>dicentes</strong></span> <span class='ocrx_word' id='word_1_108' title='bbox 1539 1864 1600 1905; x_wconf 89' lang='lat' dir='ltr'><strong>se</strong></span> <span class='ocrx_word' id='word_1_109' title='bbox 1651 1865 1762 1906; x_wconf 88' lang='lat' dir='ltr'><strong>non</strong></span> <span class='ocrx_word' id='word_1_110' title='bbox 1806 1869 1968 1923; x_wconf 90' lang='lat' dir='ltr'><strong>posse</strong></span> <span class='ocrx_word' id='word_1_111' title='bbox 2023 1856 2088 1911; x_wconf 91' lang='lat' dir='ltr'><strong>ad</strong></span> 
     </span>
    </p>
   </div>
   <div class='ocr_carea' id='block_1_20' title="bbox 513 1925 2099 2013">
    <p class='ocr_par' dir='ltr' id='par_1_20' title="bbox 513 1925 2099 2013">
     <span class='ocr_line' id='line_1_20' title="bbox 513 1925 2099 2013; baseline 0.016 -35"><span class='ocrx_word' id='word_1_112' title='bbox 513 1925 712 1994; x_wconf 83' lang='lat' dir='ltr'><strong>ipsam,</strong></span> <span class='ocrx_word' id='word_1_113' title='bbox 745 1932 1023 1999; x_wconf 92' lang='lat' dir='ltr'><strong>quomodo</strong></span> <span class='ocrx_word' id='word_1_114' title='bbox 1063 1935 1148 1990; x_wconf 94' lang='lat' dir='ltr'><strong>vel</strong></span> <span class='ocrx_word' id='word_1_115' title='bbox 1191 1937 1481 2008; x_wconf 82' lang='lat' dir='ltr'><strong>vestigium</strong></span> <span class='ocrx_word' id='word_1_116' title='bbox 1515 1943 1850 2013; x_wconf 87' lang='lat' dir='ltr'><strong>cognitionis</strong></span> <span class='ocrx_word' id='word_1_117' title='bbox 1892 1947 2099 2004; x_wconf 71' lang='lat' dir='ltr'><strong>divina!</strong></span> 
     </span>
    </p>
   </div>
   <div class='ocr_carea' id='block_1_21' title="bbox 513 2019 2094 2100">
    <p class='ocr_par' dir='ltr' id='par_1_21' title="bbox 513 2019 2094 2100">
     <span class='ocr_line' id='line_1_21' title="bbox 513 2019 2094 2100; baseline 0.016 -28"><span class='ocrx_word' id='word_1_118' title='bbox 513 2019 749 2074; x_wconf 88' lang='lat' dir='ltr'><strong>inveniri</strong></span> <span class='ocrx_word' id='word_1_119' title='bbox 779 2023 970 2078; x_wconf 76' lang='lat' dir='ltr'><strong>liceret</strong></span> <span class='ocrx_word' id='word_1_120' title='bbox 1007 2027 1150 2096; x_wconf 87' lang='lat' dir='ltr'><strong>apud</strong></span> <span class='ocrx_word' id='word_1_121' title='bbox 1194 2029 1489 2100; x_wconf 83' lang='lat' dir='ltr'><strong>impietatis</strong></span> <span class='ocrx_word' id='word_1_122' title='bbox 1517 2044 1574 2090; x_wconf 92' lang='lat' dir='ltr'><strong>et</strong></span> <span class='ocrx_word' id='word_1_123' title='bbox 1605 2037 1871 2094; x_wconf 88' lang='lat' dir='ltr'><strong>mendacii</strong></span> <span class='ocrx_word' id='word_1_124' title='bbox 1901 2041 2094 2096; x_wconf 82' lang='lat' dir='ltr'><strong>inven-</strong></span> 
     </span>
    </p>
   </div>
   <div class='ocr_carea' id='block_1_22' title="bbox 515 2116 2093 2204">
    <p class='ocr_par' dir='ltr' id='par_1_22' title="bbox 515 2116 2093 2204">
     <span class='ocr_line' id='line_1_22' title="bbox 515 2116 2093 2204; baseline 0.015 -38"><span class='ocrx_word' id='word_1_125' title='bbox 515 2116 738 2169; x_wconf 84' lang='lat' dir='ltr'><strong>torem?</strong></span> <span class='ocrx_word' id='word_1_126' title='bbox 781 2116 846 2170; x_wconf 87' lang='lat' dir='ltr'><strong>Et</strong></span> <span class='ocrx_word' id='word_1_127' title='bbox 889 2119 984 2188; x_wconf 90' lang='lat' dir='ltr'><strong>qui</strong></span> <span class='ocrx_word' id='word_1_128' title='bbox 1015 2120 1168 2177; x_wconf 84' lang='lat' dir='ltr'><strong>cibos</strong></span> <span class='ocrx_word' id='word_1_129' title='bbox 1215 2139 1356 2192; x_wconf 87' lang='lat' dir='ltr'><strong>quos</strong></span> <span class='ocrx_word' id='word_1_130' title='bbox 1405 2128 1645 2182; x_wconf 87' lang='lat' dir='ltr'><strong>comedit</strong></span> <span class='ocrx_word' id='word_1_131' title='bbox 1699 2131 1932 2201; x_wconf 85' lang='lat' dir='ltr'><strong>ignorat,</strong></span> <span class='ocrx_word' id='word_1_132' title='bbox 1982 2150 2093 2204; x_wconf 94' lang='lat' dir='ltr'><strong>quo</strong></span> 
     </span>
    </p>
   </div>
   <div class='ocr_carea' id='block_1_23' title="bbox 511 2209 2093 2282">
    <p class='ocr_par' dir='ltr' id='par_1_23' title="bbox 511 2209 2093 2282">
     <span class='ocr_line' id='line_1_23' title="bbox 511 2209 2093 2282; baseline 0.014 -23"><span class='ocrx_word' id='word_1_133' title='bbox 511 2221 707 2276; x_wconf 88' lang='lat' dir='ltr'><strong>nempe</strong></span> <span class='ocrx_word' id='word_1_134' title='bbox 738 2209 899 2265; x_wconf 88' lang='lat' dir='ltr'><strong>modo</strong></span> <span class='ocrx_word' id='word_1_135' title='bbox 927 2210 981 2265; x_wconf 86' lang='lat' dir='ltr'><strong>in</strong></span> <span class='ocrx_word' id='word_1_136' title='bbox 1025 2212 1286 2270; x_wconf 79' lang='lat' dir='ltr'><strong>humores</strong></span> <span class='ocrx_word' id='word_1_137' title='bbox 1307 2217 1608 2282; x_wconf 87' lang='lat' dir='ltr'><strong>dividatur,</strong></span> <span class='ocrx_word' id='word_1_138' title='bbox 1641 2221 1812 2277; x_wconf 89' lang='lat' dir='ltr'><strong>Deum</strong></span> <span class='ocrx_word' id='word_1_139' title='bbox 1860 2235 2093 2281; x_wconf 81' lang='lat' dir='ltr'><strong>conatur</strong></span> 
     </span>
    </p>
   </div>
   <div class='ocr_carea' id='block_1_24' title="bbox 511 2298 2089 2374">
    <p class='ocr_par' dir='ltr' id='par_1_24' title="bbox 511 2298 2089 2374">
     <span class='ocr_line' id='line_1_24' title="bbox 511 2298 2089 2374; baseline 0.014 -22"><span class='ocrx_word' id='word_1_140' title='bbox 511 2298 861 2372; x_wconf 81' lang='lat' dir='ltr'><strong>investigare.</strong></span> <span class='ocrx_word' id='word_1_141' title='bbox 901 2303 1150 2366; x_wconf 83' lang='lat' dir='ltr'><strong>Occlusis</strong></span> <span class='ocrx_word' id='word_1_142' title='bbox 1189 2309 1356 2370; x_wconf 62' lang='lat' dir='ltr'><strong>igitur</strong></span> <span class='ocrx_word' id='word_1_143' title='bbox 1401 2312 1597 2368; x_wconf 75' lang='lat' dir='ltr'><strong>animm</strong></span> <span class='ocrx_word' id='word_1_144' title='bbox 1625 2325 1681 2368; x_wconf 89' lang='lat' dir='ltr'><strong>et</strong></span> <span class='ocrx_word' id='word_1_145' title='bbox 1739 2317 1940 2372; x_wconf 86' lang='lat' dir='ltr'><strong>mentis</strong></span> <span class='ocrx_word' id='word_1_146' title='bbox 1974 2334 2089 2374; x_wconf 69' lang='lat' dir='ltr'><strong>sua:</strong></span> 
     </span>
    </p>
   </div>
   <div class='ocr_carea' id='block_1_25' title="bbox 509 2377 2093 2479">
    <p class='ocr_par' dir='ltr' id='par_1_25' title="bbox 509 2377 2093 2479">
     <span class='ocr_line' id='line_1_25' title="bbox 509 2377 2093 2479; baseline 0.015 -37"><span class='ocrx_word' id='word_1_147' title='bbox 509 2377 712 2456; x_wconf 80' lang='lat' dir='ltr'><strong>oculis,</strong></span> <span class='ocrx_word' id='word_1_148' title='bbox 762 2409 873 2448; x_wconf 87' lang='lat' dir='ltr'><strong>non</strong></span> <span class='ocrx_word' id='word_1_149' title='bbox 924 2399 1185 2466; x_wconf 81' lang='lat' dir='ltr'><strong>cognovit</strong></span> <span class='ocrx_word' id='word_1_150' title='bbox 1225 2399 1407 2456; x_wconf 88' lang='lat' dir='ltr'><strong>Solem</strong></span> <span class='ocrx_word' id='word_1_151' title='bbox 1452 2405 1720 2472; x_wconf 64' lang='lat' dir='ltr'><strong>iustitiae;</strong></span> <span class='ocrx_word' id='word_1_152' title='bbox 1754 2419 2093 2479; x_wconf 84' lang='lat' dir='ltr'><strong>quapropter</strong></span> 
     </span>
    </p>
   </div>
   <div class='ocr_carea' id='block_1_26' title="bbox 508 2483 2091 2562">
    <p class='ocr_par' dir='ltr' id='par_1_26' title="bbox 508 2483 2091 2562">
     <span class='ocr_line' id='line_1_26' title="bbox 508 2483 2091 2562; baseline 0.012 -26"><span class='ocrx_word' id='word_1_153' title='bbox 508 2483 673 2536; x_wconf 87' lang='lat' dir='ltr'><strong>etiam</strong></span> <span class='ocrx_word' id='word_1_154' title='bbox 735 2487 1057 2555; x_wconf 81' lang='lat' dir='ltr'><strong>reprobavit</strong></span> <span class='ocrx_word' id='word_1_155' title='bbox 1117 2490 1294 2559; x_wconf 86' lang='lat' dir='ltr'><strong>ipsum</strong></span> <span class='ocrx_word' id='word_1_156' title='bbox 1344 2493 1572 2561; x_wconf 75' lang='lat' dir='ltr'><strong>justitiae</strong></span> <span class='ocrx_word' id='word_1_157' title='bbox 1625 2495 1830 2562; x_wconf 88' lang='lat' dir='ltr'><strong>Solem,</strong></span> <span class='ocrx_word' id='word_1_158' title='bbox 1891 2501 2091 2555; x_wconf 88' lang='lat' dir='ltr'><strong>Filium</strong></span> 
     </span>
    </p>
   </div>
   <div class='ocr_carea' id='block_1_27' title="bbox 513 2575 2090 2657">
    <p class='ocr_par' dir='ltr' id='par_1_27' title="bbox 513 2575 2090 2657">
     <span class='ocr_line' id='line_1_27' title="bbox 513 2575 2090 2657; baseline 0.014 -31"><span class='ocrx_word' id='word_1_159' title='bbox 513 2575 724 2631; x_wconf 81' lang='lat' dir='ltr'><strong>scilicet</strong></span> <span class='ocrx_word' id='word_1_160' title='bbox 775 2587 834 2632; x_wconf 90' lang='lat' dir='ltr'><strong>et</strong></span> <span class='ocrx_word' id='word_1_161' title='bbox 881 2578 1203 2638; x_wconf 90' lang='lat' dir='ltr'><strong>Sermonem</strong></span> <span class='ocrx_word' id='word_1_162' title='bbox 1255 2583 1377 2651; x_wconf 88' lang='lat' dir='ltr'><strong>Dei,</strong></span> <span class='ocrx_word' id='word_1_163' title='bbox 1415 2601 1655 2657; x_wconf 88' lang='lat' dir='ltr'><strong>cumque</strong></span> <span class='ocrx_word' id='word_1_164' title='bbox 1714 2591 1819 2646; x_wconf 90' lang='lat' dir='ltr'><strong>hoc</strong></span> <span class='ocrx_word' id='word_1_165' title='bbox 1873 2591 2090 2648; x_wconf 87' lang='lat' dir='ltr'><strong>Patrem</strong></span> 
     </span>
    </p>
   </div>
   <div class='ocr_carea' id='block_1_28' title="bbox 513 2660 2088 2750">
    <p class='ocr_par' dir='ltr' id='par_1_28' title="bbox 513 2660 2088 2750">
     <span class='ocr_line' id='line_1_28' title="bbox 513 2660 2088 2750; baseline 0.017 -37"><span class='ocrx_word' id='word_1_166' title='bbox 513 2660 679 2715; x_wconf 87' lang='lat' dir='ltr'><strong>simul</strong></span> <span class='ocrx_word' id='word_1_167' title='bbox 713 2672 768 2717; x_wconf 91' lang='lat' dir='ltr'><strong>et</strong></span> <span class='ocrx_word' id='word_1_168' title='bbox 803 2663 1098 2734; x_wconf 86' lang='lat' dir='ltr'><strong>Spiritum.</strong></span> <span class='ocrx_word' id='word_1_169' title='bbox 1138 2689 1156 2721; x_wconf 87' lang='grc'><em>‹</em></span> <span class='ocrx_word' id='word_1_170' title='bbox 1203 2669 1306 2736; x_wconf 84' lang='lat' dir='ltr'><strong>Qui</strong></span> <span class='ocrx_word' id='word_1_171' title='bbox 1350 2674 1495 2729; x_wconf 90' lang='lat' dir='ltr'><strong>enim</strong></span> <span class='ocrx_word' id='word_1_172' title='bbox 1531 2677 1730 2731; x_wconf 87' lang='lat' dir='ltr'><strong>Filium</strong></span> <span class='ocrx_word' id='word_1_173' title='bbox 1760 2696 1869 2734; x_wconf 85' lang='lat' dir='ltr'><strong>non</strong></span> <span class='ocrx_word' id='word_1_174' title='bbox 1899 2683 2088 2750; x_wconf 85' lang='lat' dir='ltr'><strong>habet,</strong></span> 
     </span>
    </p>
   </div>
   <div class='ocr_carea' id='block_1_29' title="bbox 513 2751 2089 2843">
    <p class='ocr_par' dir='ltr' id='par_1_29' title="bbox 513 2751 2089 2843">
     <span class='ocr_line' id='line_1_29' title="bbox 513 2751 2089 2843; baseline 0.018 -40"><span class='ocrx_word' id='word_1_175' title='bbox 513 2751 692 2820; x_wconf 89' lang='lat' dir='ltr'><strong>inquit</strong></span> <span class='ocrx_word' id='word_1_176' title='bbox 747 2755 1016 2824; x_wconf 81' lang='lat' dir='ltr'><strong>Salvator,</strong></span> <span class='ocrx_word' id='word_1_177' title='bbox 1073 2777 1252 2832; x_wconf 89' lang='lat' dir='ltr'><strong>neque</strong></span> <span class='ocrx_word' id='word_1_178' title='bbox 1307 2765 1522 2822; x_wconf 80' lang='lat' dir='ltr'><strong>Patrem</strong></span> <span class='ocrx_word' id='word_1_179' title='bbox 1578 2769 1746 2825; x_wconf 83' lang='lat' dir='ltr'><strong>habet</strong></span> <span class='ocrx_word' id='word_1_180' title='bbox 1793 2773 1859 2827; x_wconf 85' lang='grc'><strong>⁸³.</strong></span> <span class='ocrx_word' id='word_1_181' title='bbox 1923 2794 1942 2827; x_wconf 78' lang='grc' dir='ltr'><strong>ι</strong></span> <span class='ocrx_word' id='word_1_182' title='bbox 1985 2776 2089 2843; x_wconf 88' lang='lat' dir='ltr'><strong>Qui</strong></span> 
     </span>
    </p>
   </div>
   <div class='ocr_carea' id='block_1_30' title="bbox 509 2851 2112 2931">
    <p class='ocr_par' dir='ltr' id='par_1_30' title="bbox 509 2851 2112 2931">
     <span class='ocr_line' id='line_1_30' title="bbox 509 2851 2112 2931; baseline 0.019 -36"><span class='ocrx_word' id='word_1_183' title='bbox 509 2859 640 2898; x_wconf 76' lang='lat' dir='ltr'><strong>vero</strong></span> <span class='ocrx_word' id='word_1_184' title='bbox 701 2863 803 2904; x_wconf 81' lang='lat' dir='ltr'><strong>nec</strong></span> <span class='ocrx_word' id='word_1_185' title='bbox 858 2851 1056 2908; x_wconf 70' lang='lat' dir='ltr'><strong>Filium</strong></span> <span class='ocrx_word' id='word_1_186' title='bbox 1111 2871 1214 2912; x_wconf 84' lang='lat' dir='ltr'><strong>nec</strong></span> <span class='ocrx_word' id='word_1_187' title='bbox 1263 2856 1480 2914; x_wconf 86' lang='lat' dir='ltr'><strong>Patrem</strong></span> <span class='ocrx_word' id='word_1_188' title='bbox 1540 2863 1725 2931; x_wconf 90' lang='lat' dir='ltr'><strong>habet,</strong></span> <span class='ocrx_word' id='word_1_189' title='bbox 1778 2865 2112 2925; x_wconf 43' lang='lat' dir='ltr'><strong>neeﬁario‘</strong></span> 
     </span>
    </p>
   </div>
   <div class='ocr_carea' id='block_1_31' title="bbox 508 2938 2088 3028">
    <p class='ocr_par' dir='ltr' id='par_1_31' title="bbox 508 2938 2088 3028">
     <span class='ocr_line' id='line_1_31' title="bbox 508 2938 2088 3028; baseline 0.018 -38"><span class='ocrx_word' id='word_1_190' title='bbox 508 2938 676 2993; x_wconf 80' lang='lat' dir='ltr'><strong>etiam</strong></span> <span class='ocrx_word' id='word_1_191' title='bbox 707 2940 916 3012; x_wconf 86' lang='lat' dir='ltr'><strong>Spiritu</strong></span> <span class='ocrx_word' id='word_1_192' title='bbox 957 2957 1152 3004; x_wconf 84' lang='lat' dir='ltr'><strong>sancto</strong></span> <span class='ocrx_word' id='word_1_193' title='bbox 1185 2963 1357 3008; x_wconf 90' lang='lat' dir='ltr'><strong>caret.</strong></span> <span class='ocrx_word' id='word_1_194' title='bbox 1401 2953 1537 3009; x_wconf 93' lang='lat' dir='ltr'><strong>Cum</strong></span> <span class='ocrx_word' id='word_1_195' title='bbox 1571 2957 1687 3012; x_wconf 63' lang='lat' dir='ltr'><strong>haec</strong></span> <span class='ocrx_word' id='word_1_196' title='bbox 1723 2958 1888 3028; x_wconf 80' lang='lat' dir='ltr'><strong>igitur</strong></span> <span class='ocrx_word' id='word_1_197' title='bbox 1928 2961 1999 3017; x_wconf 90' lang='lat' dir='ltr'><strong>ita</strong></span> <span class='ocrx_word' id='word_1_198' title='bbox 2029 2979 2088 3018; x_wconf 90' lang='lat' dir='ltr'><strong>se</strong></span> 
     </span>
    </p>
   </div>
   <div class='ocr_carea' id='block_1_32' title="bbox 511 3028 2086 3124">
    <p class='ocr_par' dir='ltr' id='par_1_32' title="bbox 511 3028 2086 3124">
     <span class='ocr_line' id='line_1_32' title="bbox 511 3028 2086 3124; baseline 0.018 -42"><span class='ocrx_word' id='word_1_199' title='bbox 511 3028 768 3099; x_wconf 85' lang='lat' dir='ltr'><strong>habeant,</strong></span> <span class='ocrx_word' id='word_1_200' title='bbox 807 3036 976 3107; x_wconf 88' lang='lat' dir='ltr'><strong>impie</strong></span> <span class='ocrx_word' id='word_1_201' title='bbox 1013 3055 1200 3098; x_wconf 85' lang='lat' dir='ltr'><strong>revera</strong></span> <span class='ocrx_word' id='word_1_202' title='bbox 1235 3045 1452 3102; x_wconf 90' lang='lat' dir='ltr'><strong>locutus</strong></span> <span class='ocrx_word' id='word_1_203' title='bbox 1493 3057 1577 3104; x_wconf 86' lang='lat' dir='ltr'><strong>est</strong></span> <span class='ocrx_word' id='word_1_204' title='bbox 1611 3048 1905 3119; x_wconf 72' lang='lat' dir='ltr'><strong>hlahomet,</strong></span> <span class='ocrx_word' id='word_1_205' title='bbox 1937 3055 2086 3124; x_wconf 90' lang='lat' dir='ltr'><strong>quod</strong></span> 
     </span>
    </p>
   </div>
   <div class='ocr_carea' id='block_1_33' title="bbox 513 3122 2084 3218">
    <p class='ocr_par' dir='ltr' id='par_1_33' title="bbox 513 3122 2084 3218">
     <span class='ocr_line' id='line_1_33' title="bbox 513 3122 2084 3218; baseline 0.017 -42"><span class='ocrx_word' id='word_1_206' title='bbox 513 3122 767 3181; x_wconf 85' lang='lat' dir='ltr'><strong>Salvator</strong></span> <span class='ocrx_word' id='word_1_207' title='bbox 807 3129 944 3186; x_wconf 88' lang='lat' dir='ltr'><strong>nihil</strong></span> <span class='ocrx_word' id='word_1_208' title='bbox 990 3133 1042 3187; x_wconf 85' lang='lat' dir='ltr'><strong>in</strong></span> <span class='ocrx_word' id='word_1_209' title='bbox 1089 3135 1408 3193; x_wconf 84' lang='lat' dir='ltr'><strong>universum</strong></span> <span class='ocrx_word' id='word_1_210' title='bbox 1451 3141 1519 3196; x_wconf 92' lang='lat' dir='ltr'><strong>de</strong></span> <span class='ocrx_word' id='word_1_211' title='bbox 1567 3157 1625 3198; x_wconf 90' lang='lat' dir='ltr'><strong>se</strong></span> <span class='ocrx_word' id='word_1_212' title='bbox 1660 3144 1883 3212; x_wconf 88' lang='lat' dir='ltr'><strong>dixerit,</strong></span> <span class='ocrx_word' id='word_1_213' title='bbox 1937 3122 2084 3218; x_wconf 81' lang='lat' dir='ltr'><strong>quod</strong></span> 
     </span>
    </p>
   </div>
   <div class='ocr_carea' id='block_1_34' title="bbox 2194 656 3738 739">
    <p class='ocr_par' dir='ltr' id='par_1_34' title="bbox 2194 656 3738 739">
     <span class='ocr_line' id='line_1_34' title="bbox 2194 656 3738 739; baseline 0.014 -32"><span class='ocrx_word' id='word_1_214' title='bbox 2194 656 2326 725; x_wconf 79' lang='grc' dir='ltr'>γὰρ,</span> <span class='ocrx_word' id='word_1_215' title='bbox 2380 679 2396 707; x_wconf 70' lang='grc' dir='ltr'><strong>ν</strong></span> <span class='ocrx_word' id='word_1_216' title='bbox 2444 662 2600 729; x_wconf 55' lang='lat' dir='ltr'><strong>ensi,</strong></span> <span class='ocrx_word' id='word_1_217' title='bbox 2640 682 2659 714; x_wconf 76' lang='grc' dir='ltr'><strong>ι</strong></span> <span class='ocrx_word' id='word_1_218' title='bbox 2701 663 2892 727; x_wconf 82' lang='grc' dir='ltr'>σκότος</span> <span class='ocrx_word' id='word_1_219' title='bbox 2939 667 3269 739; x_wconf 77' lang='grc' dir='ltr'>ἀποκρυφὴν</span> <span class='ocrx_word' id='word_1_220' title='bbox 3310 671 3490 725; x_wconf 80' lang='grc' dir='ltr'>αὐτοῦ.</span> <span class='ocrx_word' id='word_1_221' title='bbox 3534 692 3551 724; x_wconf 75' lang='grc' dir='ltr'><strong>ι</strong></span> <span class='ocrx_word' id='word_1_222' title='bbox 3595 673 3738 729; x_wconf 77' lang='grc' dir='ltr'>Ἀλλὰ</span> 
     </span>
    </p>
   </div>
   <div class='ocr_carea' id='block_1_35' title="bbox 2193 751 3738 838">
    <p class='ocr_par' dir='ltr' id='par_1_35' title="bbox 2193 751 3738 838">
     <span class='ocr_line' id='line_1_35' title="bbox 2193 751 3738 838; baseline 0.012 -36"><span class='ocrx_word' id='word_1_223' title='bbox 2193 753 2288 802; x_wconf 71' lang='grc' dir='ltr'>καὶ</span> <span class='ocrx_word' id='word_1_224' title='bbox 2321 751 2418 821; x_wconf 86' lang='grc' dir='ltr'>τὴν</span> <span class='ocrx_word' id='word_1_225' title='bbox 2451 752 2544 806; x_wconf 88' lang='grc' dir='ltr'><strong>τοῦ</strong></span> <span class='ocrx_word' id='word_1_226' title='bbox 2595 754 2733 808; x_wconf 83' lang='grc' dir='ltr'>Θεοῦ</span> <span class='ocrx_word' id='word_1_227' title='bbox 2771 758 2964 826; x_wconf 67' lang='grc' dir='ltr'>σοφίαν</span> <span class='ocrx_word' id='word_1_228' title='bbox 2993 761 3088 812; x_wconf 77' lang='grc' dir='ltr'>καὶ</span> <span class='ocrx_word' id='word_1_229' title='bbox 3123 763 3435 834; x_wconf 71' lang='grc' dir='ltr'><strong>ἐπιστήμην</strong></span> <span class='ocrx_word' id='word_1_230' title='bbox 3464 765 3559 836; x_wconf 71' lang='grc' dir='ltr'>τὴν</span> <span class='ocrx_word' id='word_1_231' title='bbox 3587 768 3738 838; x_wconf 79' lang='grc' dir='ltr'>ὑπερ-</span> 
     </span>
    </p>
   </div>
   <div class='ocr_carea' id='block_1_36' title="bbox 2195 841 3841 926">
    <p class='ocr_par' dir='ltr' id='par_1_36' title="bbox 2195 841 3841 926">
     <span class='ocr_line' id='line_1_36' title="bbox 2195 841 3841 926; baseline 0.01 -31"><span class='ocrx_word' id='word_1_232' title='bbox 2195 841 2456 912; x_wconf 84' lang='grc' dir='ltr'>αίρουσαν</span> <span class='ocrx_word' id='word_1_233' title='bbox 2504 849 2684 901; x_wconf 80' lang='grc' dir='ltr'>πᾶσαν</span> <span class='ocrx_word' id='word_1_234' title='bbox 2711 851 2960 917; x_wconf 83' lang='grc' dir='ltr'>ἀγγέλων</span> <span class='ocrx_word' id='word_1_235' title='bbox 2985 869 3042 904; x_wconf 92' lang='grc' dir='ltr'><strong>τε</strong></span> <span class='ocrx_word' id='word_1_236' title='bbox 3081 855 3173 906; x_wconf 83' lang='grc' dir='ltr'>καὶ</span> <span class='ocrx_word' id='word_1_237' title='bbox 3202 854 3496 926; x_wconf 77' lang='grc' dir='ltr'>ἀνθρώπων</span> <span class='ocrx_word' id='word_1_238' title='bbox 3523 857 3738 924; x_wconf 81' lang='grc' dir='ltr'>σύνεσιν,</span> <span class='ocrx_word' id='word_1_239' title='bbox 3832 887 3841 894; x_wconf 97' lang='grc'><strong>-</strong></span> 
     </span>
    </p>
   </div>
   <div class='ocr_carea' id='block_1_37' title="bbox 2191 935 3740 1017">
    <p class='ocr_par' dir='ltr' id='par_1_37' title="bbox 2191 935 3740 1017">
     <span class='ocr_line' id='line_1_37' title="bbox 2191 935 3740 1017; baseline 0.012 -31"><span class='ocrx_word' id='word_1_240' title='bbox 2191 935 2294 1000; x_wconf 79' lang='grc' dir='ltr'>τὴν</span> <span class='ocrx_word' id='word_1_241' title='bbox 2316 937 2391 1005; x_wconf 80' lang='grc' dir='ltr'>μὴ</span> <span class='ocrx_word' id='word_1_242' title='bbox 2411 937 2641 1006; x_wconf 78' lang='grc' dir='ltr'>ἔχουσαν</span> <span class='ocrx_word' id='word_1_243' title='bbox 2657 941 2785 994; x_wconf 91' lang='grc' dir='ltr'>νοῦν</span> <span class='ocrx_word' id='word_1_244' title='bbox 2811 943 2842 1011; x_wconf 85' lang='grc' dir='ltr'>ἣ</span> <span class='ocrx_word' id='word_1_245' title='bbox 2863 943 3021 1010; x_wconf 87' lang='grc' dir='ltr'>λόγον</span> <span class='ocrx_word' id='word_1_246' title='bbox 3044 946 3456 1016; x_wconf 79' lang='grc' dir='ltr'>ἑρμηνευτικὸν,</span> <span class='ocrx_word' id='word_1_247' title='bbox 3483 951 3680 1017; x_wconf 85' lang='grc' dir='ltr'>μωρίαν</span> <span class='ocrx_word' id='word_1_248' title='bbox 3693 953 3740 1005; x_wconf 78' lang='grc' dir='ltr'>οἱ</span> 
     </span>
    </p>
   </div>
   <div class='ocr_carea' id='block_1_38' title="bbox 2194 1026 3743 1108">
    <p class='ocr_par' dir='ltr' id='par_1_38' title="bbox 2194 1026 3743 1108">
     <span class='ocr_line' id='line_1_38' title="bbox 2194 1026 3743 1108; baseline 0.01 -28"><span class='ocrx_word' id='word_1_249' title='bbox 2194 1026 2443 1096; x_wconf 82' lang='grc' dir='ltr'>Θεολόγοι</span> <span class='ocrx_word' id='word_1_250' title='bbox 2474 1033 2764 1088; x_wconf 68' lang='grc' dir='ltr'>ἐκάλεσαν.</span> <span class='ocrx_word' id='word_1_251' title='bbox 2804 1037 2906 1090; x_wconf 85' lang='grc' dir='ltr'><strong>Διὰ</strong></span> <span class='ocrx_word' id='word_1_252' title='bbox 2935 1037 3107 1090; x_wconf 86' lang='grc' dir='ltr'>τοῦτο’</span> <span class='ocrx_word' id='word_1_253' title='bbox 3122 1039 3217 1091; x_wconf 75' lang='grc' dir='ltr'><strong>καὶ</strong></span> <span class='ocrx_word' id='word_1_254' title='bbox 3245 1039 3345 1108; x_wconf 82' lang='grc' dir='ltr'>τὴν</span> <span class='ocrx_word' id='word_1_255' title='bbox 3375 1040 3467 1094; x_wconf 87' lang='grc' dir='ltr'><strong>τοῦ</strong></span> <span class='ocrx_word' id='word_1_256' title='bbox 3495 1041 3624 1094; x_wconf 84' lang='grc' dir='ltr'>Θεοῦ</span> <span class='ocrx_word' id='word_1_257' title='bbox 3652 1043 3743 1096; x_wconf 70' lang='grc' dir='ltr'><strong>Δός-</strong></span> 
     </span>
    </p>
   </div>
   <div class='ocr_carea' id='block_1_39' title="bbox 2193 1123 3744 1196">
    <p class='ocr_par' dir='ltr' id='par_1_39' title="bbox 2193 1123 3744 1196">
     <span class='ocr_line' id='line_1_39' title="bbox 2193 1123 3744 1196; baseline 0.008 -22"><span class='ocrx_word' id='word_1_258' title='bbox 2193 1138 2294 1189; x_wconf 90' lang='grc' dir='ltr'><strong>γου</strong></span> <span class='ocrx_word' id='word_1_259' title='bbox 2341 1123 2756 1194; x_wconf 78' lang='grc' dir='ltr'>ὲνανθρώπησιν</span> <span class='ocrx_word' id='word_1_260' title='bbox 2801 1127 3032 1182; x_wconf 83' lang='grc' dir='ltr'><strong>κένωσιν</strong></span> <span class='ocrx_word' id='word_1_261' title='bbox 3081 1129 3132 1182; x_wconf 71' lang='lat' dir='ltr'><strong>oi</strong></span> <span class='ocrx_word' id='word_1_262' title='bbox 3173 1130 3330 1184; x_wconf 80' lang='grc' dir='ltr'>αὐτοὶ</span> <span class='ocrx_word' id='word_1_263' title='bbox 3374 1130 3606 1196; x_wconf 76' lang='grc' dir='ltr'><strong>θεολόγοι</strong></span> <span class='ocrx_word' id='word_1_264' title='bbox 3651 1151 3744 1186; x_wconf 80' lang='grc' dir='ltr'>κα-</span> 
     </span>
    </p>
   </div>
   <div class='ocr_carea' id='block_1_40' title="bbox 2193 1213 3746 1294">
    <p class='ocr_par' dir='ltr' id='par_1_40' title="bbox 2193 1213 3746 1294">
     <span class='ocr_line' id='line_1_40' title="bbox 2193 1213 3746 1294; baseline 0.009 -30"><span class='ocrx_word' id='word_1_265' title='bbox 2193 1213 2368 1275; x_wconf 87' lang='grc' dir='ltr'>λοῦσι.</span> <span class='ocrx_word' id='word_1_266' title='bbox 2407 1215 2587 1269; x_wconf 87' lang='grc' dir='ltr'>καίτοι</span> <span class='ocrx_word' id='word_1_267' title='bbox 2635 1217 2816 1288; x_wconf 80' lang='grc' dir='ltr'>πλήρη</span> <span class='ocrx_word' id='word_1_268' title='bbox 2845 1219 3246 1289; x_wconf 71' lang='grc' dir='ltr'>τυγχάνουσαν,</span> <span class='ocrx_word' id='word_1_269' title='bbox 3278 1221 3478 1292; x_wconf 81' lang='grc' dir='ltr'>μᾶλλον</span> <span class='ocrx_word' id='word_1_270' title='bbox 3508 1223 3563 1277; x_wconf 65' lang='grc' dir='ltr'>δὲ</span> <span class='ocrx_word' id='word_1_271' title='bbox 3594 1225 3746 1294; x_wconf 84' lang='grc' dir='ltr'>ὑπερ-</span> 
     </span>
    </p>
   </div>
   <div class='ocr_carea' id='block_1_41' title="bbox 2195 1304 3742 1386">
    <p class='ocr_par' dir='ltr' id='par_1_41' title="bbox 2195 1304 3742 1386">
     <span class='ocr_line' id='line_1_41' title="bbox 2195 1304 3742 1386; baseline 0.007 -30"><span class='ocrx_word' id='word_1_272' title='bbox 2195 1304 2379 1375; x_wconf 79' lang='grc' dir='ltr'>πλήρη</span> <span class='ocrx_word' id='word_1_273' title='bbox 2418 1307 2613 1376; x_wconf 77' lang='grc' dir='ltr'>σοφίας</span> <span class='ocrx_word' id='word_1_274' title='bbox 2645 1310 2739 1363; x_wconf 68' lang='grc' dir='ltr'>καὶ</span> <span class='ocrx_word' id='word_1_275' title='bbox 2769 1310 3052 1379; x_wconf 83' lang='grc' dir='ltr'>δυνάμεως</span> <span class='ocrx_word' id='word_1_276' title='bbox 3096 1313 3194 1366; x_wconf 77' lang='grc' dir='ltr'>καὶ</span> <span class='ocrx_word' id='word_1_277' title='bbox 3225 1316 3527 1386; x_wconf 79' lang='grc' dir='ltr'><strong>σωτηρίας.</strong></span> <span class='ocrx_word' id='word_1_278' title='bbox 3572 1316 3630 1370; x_wconf 83' lang='lat' dir='ltr'><strong>El</strong></span> <span class='ocrx_word' id='word_1_279' title='bbox 3660 1311 3742 1371; x_wconf 75' lang='grc' dir='ltr'><strong>οὖν</strong></span> 
     </span>
    </p>
   </div>
   <div class='ocr_carea' id='block_1_42' title="bbox 2195 1397 3746 1476">
    <p class='ocr_par' dir='ltr' id='par_1_42' title="bbox 2195 1397 3746 1476">
     <span class='ocr_line' id='line_1_42' title="bbox 2195 1397 3746 1476; baseline 0.007 -27"><span class='ocrx_word' id='word_1_280' title='bbox 2195 1397 2347 1468; x_wconf 85' lang='grc' dir='ltr'>παρὰ</span> <span class='ocrx_word' id='word_1_281' title='bbox 2373 1401 2487 1460; x_wconf 81' lang='grc' dir='ltr'>τοῖς</span> <span class='ocrx_word' id='word_1_282' title='bbox 2525 1399 2798 1468; x_wconf 83' lang='grc' dir='ltr'>Θεολόγοις</span> <span class='ocrx_word' id='word_1_283' title='bbox 2832 1402 3235 1475; x_wconf 75' lang='grc' dir='ltr'><strong>ἐθαυμαστώθη</strong></span> <span class='ocrx_word' id='word_1_284' title='bbox 3264 1407 3296 1476; x_wconf 75' lang='grc' dir='ltr'><strong>ἡ</strong></span> <span class='ocrx_word' id='word_1_285' title='bbox 3338 1407 3432 1461; x_wconf 85' lang='grc' dir='ltr'><strong>τοῦ</strong></span> <span class='ocrx_word' id='word_1_286' title='bbox 3469 1407 3598 1462; x_wconf 91' lang='grc' dir='ltr'>Θεοῦ</span> <span class='ocrx_word' id='word_1_287' title='bbox 3622 1408 3746 1476; x_wconf 84' lang='grc' dir='ltr'>γνῶ-</span> 
     </span>
    </p>
   </div>
   <div class='ocr_carea' id='block_1_43' title="bbox 2195 1491 3744 1569">
    <p class='ocr_par' dir='ltr' id='par_1_43' title="bbox 2195 1491 3744 1569">
     <span class='ocr_line' id='line_1_43' title="bbox 2195 1491 3744 1569; baseline 0.005 -26"><span class='ocrx_word' id='word_1_288' title='bbox 2195 1507 2280 1553; x_wconf 90' lang='grc' dir='ltr'><strong>σις</strong></span> <span class='ocrx_word' id='word_1_289' title='bbox 2318 1491 2407 1545; x_wconf 78' lang='grc' dir='ltr'>διὰ</span> <span class='ocrx_word' id='word_1_290' title='bbox 2435 1491 2494 1544; x_wconf 90' lang='grc' dir='ltr'><strong>τὸ</strong></span> <span class='ocrx_word' id='word_1_291' title='bbox 2523 1493 2934 1561; x_wconf 75' lang='grc' dir='ltr'><strong>ἀκατάληπτον,</strong></span> <span class='ocrx_word' id='word_1_292' title='bbox 2969 1497 3063 1549; x_wconf 76' lang='grc' dir='ltr'>καὶ</span> <span class='ocrx_word' id='word_1_293' title='bbox 3087 1497 3404 1565; x_wconf 71' lang='grc' dir='ltr'><strong>ἐπιγνόντες</strong></span> <span class='ocrx_word' id='word_1_294' title='bbox 3432 1499 3527 1569; x_wconf 77' lang='grc' dir='ltr'>τὴν</span> <span class='ocrx_word' id='word_1_295' title='bbox 3556 1499 3744 1554; x_wconf 74' lang='grc' dir='ltr'>ἑαυτῶν</span> 
     </span>
    </p>
   </div>
   <div class='ocr_carea' id='block_1_44' title="bbox 2193 1580 3746 1652">
    <p class='ocr_par' dir='ltr' id='par_1_44' title="bbox 2193 1580 3746 1652">
     <span class='ocr_line' id='line_1_44' title="bbox 2193 1580 3746 1652; baseline 0.004 -17"><span class='ocrx_word' id='word_1_296' title='bbox 2193 1580 2500 1646; x_wconf 82' lang='grc' dir='ltr'>ἀσθένειαν,</span> <span class='ocrx_word' id='word_1_297' title='bbox 2559 1581 2920 1652; x_wconf 79' lang='grc' dir='ltr'>ὡμολόγησαν</span> <span class='ocrx_word' id='word_1_298' title='bbox 2980 1586 3240 1650; x_wconf 79' lang='grc' dir='ltr'>εἰπόντες·</span> <span class='ocrx_word' id='word_1_299' title='bbox 3273 1589 3358 1643; x_wconf 83' lang='grc' dir='ltr'>ὅτι</span> <span class='ocrx_word' id='word_1_300' title='bbox 3409 1589 3470 1642; x_wconf 84' lang='grc' dir='ltr'>οὐ</span> <span class='ocrx_word' id='word_1_301' title='bbox 3514 1589 3746 1643; x_wconf 82' lang='grc' dir='ltr'>δύνανται</span> 
     </span>
    </p>
   </div>
   <div class='ocr_carea' id='block_1_45' title="bbox 2194 1671 3747 1750">
    <p class='ocr_par' dir='ltr' id='par_1_45' title="bbox 2194 1671 3747 1750">
     <span class='ocr_line' id='line_1_45' title="bbox 2194 1671 3747 1750; baseline 0.005 -24"><span class='ocrx_word' id='word_1_302' title='bbox 2194 1671 2330 1741; x_wconf 88' lang='grc' dir='ltr'>πρὸς</span> <span class='ocrx_word' id='word_1_303' title='bbox 2363 1673 2430 1726; x_wconf 87' lang='grc' dir='ltr'>αὐ</span> <span class='ocrx_word' id='word_1_304' title='bbox 2442 1673 2556 1742; x_wconf 83' lang='grc' dir='ltr'>τὴν,</span> <span class='ocrx_word' id='word_1_305' title='bbox 2581 1674 2699 1736; x_wconf 83' lang='grc' dir='ltr'>πῶς</span> <span class='ocrx_word' id='word_1_306' title='bbox 2729 1675 2834 1729; x_wconf 81' lang='grc' dir='ltr'>κᾶν</span> <span class='ocrx_word' id='word_1_307' title='bbox 2862 1676 3000 1740; x_wconf 76' lang='grc' dir='ltr'>ὅλως</span> <span class='ocrx_word' id='word_1_308' title='bbox 3029 1677 3174 1747; x_wconf 83' lang='grc' dir='ltr'>ίχνος</span> <span class='ocrx_word' id='word_1_309' title='bbox 3205 1680 3307 1750; x_wconf 81' lang='grc' dir='ltr'>τῆς</span> <span class='ocrx_word' id='word_1_310' title='bbox 3335 1679 3434 1734; x_wconf 88' lang='grc' dir='ltr'><strong>τοῦ</strong></span> <span class='ocrx_word' id='word_1_311' title='bbox 3473 1681 3602 1736; x_wconf 82' lang='grc' dir='ltr'><strong>Θεοῦ</strong></span> <span class='ocrx_word' id='word_1_312' title='bbox 3624 1681 3747 1748; x_wconf 80' lang='grc' dir='ltr'><strong>γνὼ-</strong></span> 
     </span>
    </p>
   </div>
   <div class='ocr_carea' id='block_1_46' title="bbox 2194 1764 3745 1846">
    <p class='ocr_par' dir='ltr' id='par_1_46' title="bbox 2194 1764 3745 1846">
     <span class='ocr_line' id='line_1_46' title="bbox 2194 1764 3745 1846; baseline 0.006 -31"><span class='ocrx_word' id='word_1_313' title='bbox 2194 1779 2333 1825; x_wconf 88' lang='grc' dir='ltr'>σεως</span> <span class='ocrx_word' id='word_1_314' title='bbox 2371 1764 2594 1834; x_wconf 75' lang='grc' dir='ltr'>ἐγχωρῇ</span> <span class='ocrx_word' id='word_1_315' title='bbox 2625 1766 2918 1846; x_wconf 79' lang='grc' dir='ltr'>εὑρεθῇναι</span> <span class='ocrx_word' id='word_1_316' title='bbox 2965 1769 3026 1821; x_wconf 80' lang='grc' dir='ltr'>ὲν</span> <span class='ocrx_word' id='word_1_317' title='bbox 3059 1769 3138 1839; x_wconf 82' lang='grc' dir='ltr'>τῷ</span> <span class='ocrx_word' id='word_1_318' title='bbox 3183 1773 3284 1838; x_wconf 81' lang='grc' dir='ltr'>τῆς</span> <span class='ocrx_word' id='word_1_319' title='bbox 3316 1772 3514 1836; x_wconf 83' lang='grc' dir='ltr'>κακίας</span> <span class='ocrx_word' id='word_1_320' title='bbox 3547 1768 3632 1826; x_wconf 75' lang='grc' dir='ltr'>καὶ</span> <span class='ocrx_word' id='word_1_321' title='bbox 3661 1772 3745 1825; x_wconf 76' lang='grc' dir='ltr'><strong>τοῦ</strong></span> 
     </span>
    </p>
   </div>
   <div class='ocr_carea' id='block_1_47' title="bbox 2125 1853 3748 1958">
    <p class='ocr_par' dir='ltr' id='par_1_47' title="bbox 2125 1853 3748 1958">
     <span class='ocr_line' id='line_1_47' title="bbox 2125 1853 3748 1958; baseline 0.006 -52"><span class='ocrx_word' id='word_1_322' title='bbox 2125 1905 2164 1958; x_wconf 75' lang='grc' dir='ltr'><strong>Β</strong></span> <span class='ocrx_word' id='word_1_323' title='bbox 2192 1853 2421 1921; x_wconf 82' lang='grc' dir='ltr'>ψεύδους</span> <span class='ocrx_word' id='word_1_324' title='bbox 2459 1857 2764 1928; x_wconf 73' lang='grc' dir='ltr'>ἑφευρετῇ;</span> <span class='ocrx_word' id='word_1_325' title='bbox 2794 1859 2820 1913; x_wconf 89' lang='lat'><strong>6</strong></span> <span class='ocrx_word' id='word_1_326' title='bbox 2850 1859 2958 1929; x_wconf 76' lang='grc' dir='ltr'><strong>γὰρ</strong></span> <span class='ocrx_word' id='word_1_327' title='bbox 3009 1861 3083 1931; x_wconf 84' lang='grc' dir='ltr'>μὴ</span> <span class='ocrx_word' id='word_1_328' title='bbox 3127 1861 3282 1925; x_wconf 81' lang='grc' dir='ltr'>εἰδὼς</span> <span class='ocrx_word' id='word_1_329' title='bbox 3311 1863 3453 1927; x_wconf 84' lang='grc' dir='ltr'>ὅλως</span> <span class='ocrx_word' id='word_1_330' title='bbox 3483 1864 3541 1919; x_wconf 83' lang='grc' dir='ltr'><strong>τὸ</strong></span> <span class='ocrx_word' id='word_1_331' title='bbox 3573 1864 3748 1934; x_wconf 79' lang='grc' dir='ltr'>βρῶμα</span> 
     </span>
    </p>
   </div>
   <div class='ocr_carea' id='block_1_48' title="bbox 2195 1947 3751 2024">
    <p class='ocr_par' dir='ltr' id='par_1_48' title="bbox 2195 1947 3751 2024">
     <span class='ocr_line' id='line_1_48' title="bbox 2195 1947 3751 2024; baseline 0.006 -25"><span class='ocrx_word' id='word_1_332' title='bbox 2195 1947 2330 2018; x_wconf 82' lang='grc' dir='ltr'>ὅπερ</span> <span class='ocrx_word' id='word_1_333' title='bbox 2348 1947 2541 2011; x_wconf 71' lang='grc' dir='ltr'>ἐσθίει,</span> <span class='ocrx_word' id='word_1_334' title='bbox 2560 1951 2706 2011; x_wconf 82' lang='grc' dir='ltr'>ὅπως</span> <span class='ocrx_word' id='word_1_335' title='bbox 2729 1952 2778 2001; x_wconf 84' lang='grc' dir='ltr'>εξ</span> <span class='ocrx_word' id='word_1_336' title='bbox 2787 1969 2812 2012; x_wconf 88' lang='grc' dir='ltr'><strong>ς</strong></span> <span class='ocrx_word' id='word_1_337' title='bbox 2835 1953 3042 2019; x_wconf 84' lang='grc' dir='ltr'>χυμοὺς</span> <span class='ocrx_word' id='word_1_338' title='bbox 3067 1953 3381 2024; x_wconf 78' lang='grc' dir='ltr'><strong>μερίζεται,</strong></span> <span class='ocrx_word' id='word_1_339' title='bbox 3397 1957 3487 2010; x_wconf 90' lang='grc' dir='ltr'><strong>τὸν</strong></span> <span class='ocrx_word' id='word_1_340' title='bbox 3501 1956 3629 2011; x_wconf 84' lang='grc' dir='ltr'><strong>Θεὸν</strong></span> <span class='ocrx_word' id='word_1_341' title='bbox 3649 1974 3751 2009; x_wconf 81' lang='grc' dir='ltr'>πει-</span> 
     </span>
    </p>
   </div>
   <div class='ocr_carea' id='block_1_49' title="bbox 2199 2039 3858 2120">
    <p class='ocr_par' dir='ltr' id='par_1_49' title="bbox 2199 2039 3858 2120">
     <span class='ocr_line' id='line_1_49' title="bbox 2199 2039 3858 2120; baseline 0.006 -29"><span class='ocrx_word' id='word_1_342' title='bbox 2199 2039 2360 2109; x_wconf 80' lang='grc' dir='ltr'>ρᾶται</span> <span class='ocrx_word' id='word_1_343' title='bbox 2392 2041 2640 2111; x_wconf 75' lang='grc' dir='ltr'>ἑρευνᾷν.</span> <span class='ocrx_word' id='word_1_344' title='bbox 2684 2043 2879 2105; x_wconf 81' lang='grc' dir='ltr'>Μύσας</span> <span class='ocrx_word' id='word_1_345' title='bbox 2913 2045 3006 2097; x_wconf 75' lang='grc' dir='ltr'><strong>καὶ</strong></span> <span class='ocrx_word' id='word_1_346' title='bbox 3045 2046 3152 2116; x_wconf 80' lang='grc' dir='ltr'><strong>γὰρ</strong></span> <span class='ocrx_word' id='word_1_347' title='bbox 3177 2048 3302 2112; x_wconf 75' lang='grc' dir='ltr'>τοὺς</span> <span class='ocrx_word' id='word_1_348' title='bbox 3333 2049 3434 2118; x_wconf 85' lang='grc' dir='ltr'>τῆς</span> <span class='ocrx_word' id='word_1_349' title='bbox 3471 2049 3643 2120; x_wconf 78' lang='grc' dir='ltr'>ψυχῆς</span> <span class='ocrx_word' id='word_1_350' title='bbox 3670 2051 3750 2102; x_wconf 74' lang='grc' dir='ltr'>καὶ</span> <span class='ocrx_word' id='word_1_351' title='bbox 3844 2075 3858 2092; x_wconf 76' lang='grc' dir='ltr'><strong>ι</strong></span> 
     </span>
    </p>
   </div>
   <div class='ocr_carea' id='block_1_50' title="bbox 2195 2129 3752 2209">
    <p class='ocr_par' dir='ltr' id='par_1_50' title="bbox 2195 2129 3752 2209">
     <span class='ocr_line' id='line_1_50' title="bbox 2195 2129 3752 2209; baseline 0.005 -26"><span class='ocrx_word' id='word_1_352' title='bbox 2195 2129 2312 2183; x_wconf 72' lang='grc' dir='ltr'>νοὸς</span> <span class='ocrx_word' id='word_1_353' title='bbox 2341 2130 2508 2184; x_wconf 85' lang='grc' dir='ltr'>αὑτοῦ</span> <span class='ocrx_word' id='word_1_354' title='bbox 2552 2131 2890 2199; x_wconf 72' lang='grc' dir='ltr'>ὀφθαλμοὺς,</span> <span class='ocrx_word' id='word_1_355' title='bbox 2925 2134 3026 2188; x_wconf 71' lang='grc' dir='ltr'>οὐκ</span> <span class='ocrx_word' id='word_1_356' title='bbox 3056 2134 3198 2203; x_wconf 75' lang='grc' dir='ltr'>ἔγνω</span> <span class='ocrx_word' id='word_1_357' title='bbox 3229 2136 3325 2191; x_wconf 75' lang='grc' dir='ltr'><strong>τὸν</strong></span> <span class='ocrx_word' id='word_1_358' title='bbox 3366 2139 3519 2209; x_wconf 80' lang='grc' dir='ltr'>ἥλιον</span> <span class='ocrx_word' id='word_1_359' title='bbox 3557 2138 3652 2208; x_wconf 78' lang='grc' dir='ltr'>τῆς</span> <span class='ocrx_word' id='word_1_360' title='bbox 3689 2138 3752 2191; x_wconf 84' lang='grc' dir='ltr'>δι-</span> 
     </span>
    </p>
   </div>
   <div class='ocr_carea' id='block_1_51' title="bbox 2194 2222 3746 2301">
    <p class='ocr_par' dir='ltr' id='par_1_51' title="bbox 2194 2222 3746 2301">
     <span class='ocr_line' id='line_1_51' title="bbox 2194 2222 3746 2301; baseline 0.003 -26"><span class='ocrx_word' id='word_1_361' title='bbox 2194 2222 2509 2292; x_wconf 83' lang='grc' dir='ltr'>καιοσύνης,</span> <span class='ocrx_word' id='word_1_362' title='bbox 2543 2225 2639 2276; x_wconf 77' lang='grc' dir='ltr'>καὶ</span> <span class='ocrx_word' id='word_1_363' title='bbox 2661 2224 2748 2277; x_wconf 81' lang='grc' dir='ltr'><strong>διὰ</strong></span> <span class='ocrx_word' id='word_1_364' title='bbox 2782 2225 2942 2279; x_wconf 89' lang='grc' dir='ltr'>τοῦτο</span> <span class='ocrx_word' id='word_1_365' title='bbox 2965 2227 3379 2298; x_wconf 78' lang='grc' dir='ltr'><strong>ἀπεδοκίμασεν</strong></span> <span class='ocrx_word' id='word_1_366' title='bbox 3409 2232 3570 2285; x_wconf 83' lang='grc' dir='ltr'>αὐτὸν</span> <span class='ocrx_word' id='word_1_367' title='bbox 3597 2231 3659 2301; x_wconf 81' lang='grc' dir='ltr'>δὴ</span> <span class='ocrx_word' id='word_1_368' title='bbox 3677 2231 3746 2283; x_wconf 75' lang='grc' dir='ltr'><strong>τὸν</strong></span> 
     </span>
    </p>
   </div>
   <div class='ocr_carea' id='block_1_52' title="bbox 2192 2311 3748 2388">
    <p class='ocr_par' dir='ltr' id='par_1_52' title="bbox 2192 2311 3748 2388">
     <span class='ocr_line' id='line_1_52' title="bbox 2192 2311 3748 2388; baseline 0.004 -24"><span class='ocrx_word' id='word_1_369' title='bbox 2192 2311 2289 2382; x_wconf 85' lang='grc' dir='ltr'>τῆς</span> <span class='ocrx_word' id='word_1_370' title='bbox 2315 2312 2662 2382; x_wconf 79' lang='grc' dir='ltr'><strong>δικαιοσύνης</strong></span> <span class='ocrx_word' id='word_1_371' title='bbox 2683 2315 2858 2384; x_wconf 72' lang='grc' dir='ltr'>ἥλιον,</span> <span class='ocrx_word' id='word_1_372' title='bbox 2885 2315 2976 2369; x_wconf 86' lang='grc' dir='ltr'><strong>τὸν</strong></span> <span class='ocrx_word' id='word_1_373' title='bbox 3007 2317 3134 2371; x_wconf 84' lang='grc' dir='ltr'>Υἱὸν</span> <span class='ocrx_word' id='word_1_374' title='bbox 3161 2320 3254 2372; x_wconf 76' lang='grc' dir='ltr'>καὶ</span> <span class='ocrx_word' id='word_1_375' title='bbox 3279 2320 3458 2388; x_wconf 81' lang='grc' dir='ltr'>Λόγον</span> <span class='ocrx_word' id='word_1_376' title='bbox 3486 2320 3580 2374; x_wconf 90' lang='grc' dir='ltr'><strong>τοῦ</strong></span> <span class='ocrx_word' id='word_1_377' title='bbox 3613 2319 3748 2380; x_wconf 87' lang='grc' dir='ltr'>Θεοῦ,</span> 
     </span>
    </p>
   </div>
   <div class='ocr_carea' id='block_1_53' title="bbox 2194 2407 3752 2482">
    <p class='ocr_par' dir='ltr' id='par_1_53' title="bbox 2194 2407 3752 2482">
     <span class='ocr_line' id='line_1_53' title="bbox 2194 2407 3752 2482; baseline 0.002 -22"><span class='ocrx_word' id='word_1_378' title='bbox 2194 2408 2289 2460; x_wconf 75' lang='grc' dir='ltr'><strong>καὶ</strong></span> <span class='ocrx_word' id='word_1_379' title='bbox 2315 2408 2412 2462; x_wconf 75' lang='grc' dir='ltr'><strong>σὺν</strong></span> <span class='ocrx_word' id='word_1_380' title='bbox 2443 2407 2592 2476; x_wconf 85' lang='grc' dir='ltr'>αὑτῷ</span> <span class='ocrx_word' id='word_1_381' title='bbox 2620 2409 2708 2460; x_wconf 85' lang='grc' dir='ltr'><strong>τὸν</strong></span> <span class='ocrx_word' id='word_1_382' title='bbox 2746 2411 2966 2479; x_wconf 83' lang='grc' dir='ltr'><strong>Πατέρα</strong></span> <span class='ocrx_word' id='word_1_383' title='bbox 2995 2411 3089 2464; x_wconf 75' lang='grc' dir='ltr'>καὶ</span> <span class='ocrx_word' id='word_1_384' title='bbox 3125 2410 3186 2463; x_wconf 92' lang='grc' dir='ltr'><strong>τὸ</strong></span> <span class='ocrx_word' id='word_1_385' title='bbox 3222 2411 3474 2482; x_wconf 82' lang='grc' dir='ltr'>Πνεῦμα.</span> <span class='ocrx_word' id='word_1_386' title='bbox 3523 2430 3542 2463; x_wconf 80' lang='grc' dir='ltr'><strong>ι</strong></span> <span class='ocrx_word' id='word_1_387' title='bbox 3580 2413 3634 2465; x_wconf 86' lang='lat'><strong>&#39;0</strong></span> <span class='ocrx_word' id='word_1_388' title='bbox 3662 2411 3752 2478; x_wconf 73' lang='grc' dir='ltr'><strong>γὰρ</strong></span> 
     </span>
    </p>
   </div>
   <div class='ocr_carea' id='block_1_54' title="bbox 2196 2496 3751 2567">
    <p class='ocr_par' dir='ltr' id='par_1_54' title="bbox 2196 2496 3751 2567">
     <span class='ocr_line' id='line_1_54' title="bbox 2196 2496 3751 2567; baseline 0 -19"><span class='ocrx_word' id='word_1_389' title='bbox 2196 2496 2270 2566; x_wconf 80' lang='grc' dir='ltr'>μὴ</span> <span class='ocrx_word' id='word_1_390' title='bbox 2303 2496 2442 2566; x_wconf 83' lang='grc' dir='ltr'>ἔχων</span> <span class='ocrx_word' id='word_1_391' title='bbox 2471 2497 2562 2548; x_wconf 86' lang='grc' dir='ltr'><strong>τὸν</strong></span> <span class='ocrx_word' id='word_1_392' title='bbox 2593 2497 2741 2559; x_wconf 86' lang='grc' dir='ltr'>Υἰὸν,</span> <span class='ocrx_word' id='word_1_393' title='bbox 2778 2515 2796 2546; x_wconf 74' lang='grc' dir='ltr'><strong>ι</strong></span> <span class='ocrx_word' id='word_1_394' title='bbox 2835 2499 2999 2567; x_wconf 73' lang='grc' dir='ltr'>φησὶν</span> <span class='ocrx_word' id='word_1_395' title='bbox 3031 2501 3058 2552; x_wconf 89' lang='grc' dir='ltr'>ὁ</span> <span class='ocrx_word' id='word_1_396' title='bbox 3091 2499 3304 2566; x_wconf 83' lang='grc' dir='ltr'>Σωτὴρ,</span> <span class='ocrx_word' id='word_1_397' title='bbox 3337 2518 3357 2552; x_wconf 77' lang='grc' dir='ltr'><strong>ι</strong></span> <span class='ocrx_word' id='word_1_398' title='bbox 3389 2499 3510 2554; x_wconf 72' lang='grc' dir='ltr'>οὐδὲ</span> <span class='ocrx_word' id='word_1_399' title='bbox 3538 2499 3626 2552; x_wconf 87' lang='grc' dir='ltr'><strong>τὸν</strong></span> <span class='ocrx_word' id='word_1_400' title='bbox 3655 2498 3751 2550; x_wconf 79' lang='lat' dir='ltr'><strong>lla-</strong></span> 
     </span>
    </p>
   </div>
   <div class='ocr_carea' id='block_1_55' title="bbox 2194 2582 3756 2659">
    <p class='ocr_par' dir='ltr' id='par_1_55' title="bbox 2194 2582 3756 2659">
     <span class='ocr_line' id='line_1_55' title="bbox 2194 2582 3756 2659; baseline 0.001 -22"><span class='ocrx_word' id='word_1_401' title='bbox 2194 2587 2348 2655; x_wconf 77' lang='grc' dir='ltr'>τέρα.</span> <span class='ocrx_word' id='word_1_402' title='bbox 2395 2605 2412 2636; x_wconf 78' lang='grc' dir='ltr'><strong>ι</strong></span> <span class='ocrx_word' id='word_1_403' title='bbox 2448 2587 2506 2639; x_wconf 89' lang='lat'><strong>&#39;0</strong></span> <span class='ocrx_word' id='word_1_404' title='bbox 2538 2586 2594 2637; x_wconf 86' lang='grc' dir='ltr'>δὲ</span> <span class='ocrx_word' id='word_1_405' title='bbox 2615 2585 2704 2638; x_wconf 87' lang='grc' dir='ltr'><strong>τὸν</strong></span> <span class='ocrx_word' id='word_1_406' title='bbox 2734 2587 2952 2656; x_wconf 80' lang='grc' dir='ltr'>Πατέρα</span> <span class='ocrx_word' id='word_1_407' title='bbox 2986 2588 3082 2641; x_wconf 69' lang='grc' dir='ltr'>καὶ</span> <span class='ocrx_word' id='word_1_408' title='bbox 3107 2587 3198 2640; x_wconf 90' lang='grc' dir='ltr'><strong>τὸν</strong></span> <span class='ocrx_word' id='word_1_409' title='bbox 3225 2582 3357 2642; x_wconf 82' lang='grc' dir='ltr'>Υίὸν</span> <span class='ocrx_word' id='word_1_410' title='bbox 3392 2589 3468 2659; x_wconf 79' lang='grc' dir='ltr'>μὴ</span> <span class='ocrx_word' id='word_1_411' title='bbox 3495 2588 3628 2658; x_wconf 74' lang='grc' dir='ltr'>ἔχων</span> <span class='ocrx_word' id='word_1_412' title='bbox 3654 2585 3756 2648; x_wconf 75' lang='grc' dir='ltr'><strong>ἐξα-</strong></span> 
     </span>
    </p>
   </div>
   <div class='ocr_carea' id='block_1_56' title="bbox 2193 2673 3754 2745">
    <p class='ocr_par' dir='ltr' id='par_1_56' title="bbox 2193 2673 3754 2745">
     <span class='ocr_line' id='line_1_56' title="bbox 2193 2673 3754 2745; baseline -0.001 -17"><span class='ocrx_word' id='word_1_413' title='bbox 2193 2675 2404 2745; x_wconf 83' lang='grc' dir='ltr'>νάγκης</span> <span class='ocrx_word' id='word_1_414' title='bbox 2433 2676 2553 2728; x_wconf 78' lang='grc' dir='ltr'>οὐδὲ</span> <span class='ocrx_word' id='word_1_415' title='bbox 2590 2675 2650 2728; x_wconf 89' lang='grc' dir='ltr'><strong>τὸ</strong></span> <span class='ocrx_word' id='word_1_416' title='bbox 2686 2675 2908 2744; x_wconf 83' lang='grc' dir='ltr'>Πνεῦμα</span> <span class='ocrx_word' id='word_1_417' title='bbox 2935 2677 2994 2730; x_wconf 89' lang='grc' dir='ltr'><strong>τὸ</strong></span> <span class='ocrx_word' id='word_1_418' title='bbox 3020 2677 3198 2743; x_wconf 71' lang='grc' dir='ltr'>ἅγιον.</span> <span class='ocrx_word' id='word_1_419' title='bbox 3232 2679 3459 2733; x_wconf 82' lang='grc' dir='ltr'>Τούτων</span> <span class='ocrx_word' id='word_1_420' title='bbox 3486 2677 3656 2733; x_wconf 84' lang='grc' dir='ltr'>τοίνυν</span> <span class='ocrx_word' id='word_1_421' title='bbox 3677 2673 3754 2729; x_wconf 80' lang='grc' dir='ltr'><strong>οὔ·</strong></span> 
     </span>
    </p>
   </div>
   <div class='ocr_carea' id='block_1_57' title="bbox 2191 2765 3754 2840">
    <p class='ocr_par' dir='ltr' id='par_1_57' title="bbox 2191 2765 3754 2840">
     <span class='ocr_line' id='line_1_57' title="bbox 2191 2765 3754 2840; baseline -0.002 -20"><span class='ocrx_word' id='word_1_422' title='bbox 2191 2784 2296 2829; x_wconf 89' lang='grc' dir='ltr'><strong>τως</strong></span> <span class='ocrx_word' id='word_1_423' title='bbox 2320 2765 2778 2836; x_wconf 81' lang='grc' dir='ltr'>ὡμολογημένων,</span> <span class='ocrx_word' id='word_1_424' title='bbox 2805 2767 2993 2830; x_wconf 84' lang='grc' dir='ltr'>κακῶς</span> <span class='ocrx_word' id='word_1_425' title='bbox 3017 2768 3125 2837; x_wconf 74' lang='grc' dir='ltr'>ἄρα</span> <span class='ocrx_word' id='word_1_426' title='bbox 3154 2767 3424 2840; x_wconf 78' lang='grc' dir='ltr'>ἐλάλησεν</span> <span class='ocrx_word' id='word_1_427' title='bbox 3453 2772 3479 2822; x_wconf 86' lang='grc' dir='ltr'><strong>ό</strong></span> <span class='ocrx_word' id='word_1_428' title='bbox 3511 2765 3754 2836; x_wconf 78' lang='grc' dir='ltr'>Μωάμεθ,</span> 
     </span>
    </p>
   </div>
   <div class='ocr_carea' id='block_1_58' title="bbox 2189 2856 3758 2928">
    <p class='ocr_par' dir='ltr' id='par_1_58' title="bbox 2189 2856 3758 2928">
     <span class='ocr_line' id='line_1_58' title="bbox 2189 2856 3758 2928; baseline 0 -18"><span class='ocrx_word' id='word_1_429' title='bbox 2189 2857 2264 2921; x_wconf 86' lang='grc' dir='ltr'><strong>ὡς</strong></span> <span class='ocrx_word' id='word_1_430' title='bbox 2290 2857 2389 2910; x_wconf 80' lang='grc' dir='ltr'>οὐκ</span> <span class='ocrx_word' id='word_1_431' title='bbox 2415 2857 2518 2927; x_wconf 75' lang='grc' dir='ltr'>ἔφη</span> <span class='ocrx_word' id='word_1_432' title='bbox 2549 2856 2576 2908; x_wconf 97' lang='lat'><strong>6</strong></span> <span class='ocrx_word' id='word_1_433' title='bbox 2607 2856 2796 2926; x_wconf 84' lang='grc' dir='ltr'>Σωτὴρ</span> <span class='ocrx_word' id='word_1_434' title='bbox 2828 2857 2954 2928; x_wconf 74' lang='grc' dir='ltr'>περὶ</span> <span class='ocrx_word' id='word_1_435' title='bbox 2977 2858 3173 2912; x_wconf 77' lang='grc' dir='ltr'>ἑαυτοῦ</span> <span class='ocrx_word' id='word_1_436' title='bbox 3218 2860 3518 2915; x_wconf 80' lang='grc' dir='ltr'>τοκαοόλου</span> <span class='ocrx_word' id='word_1_437' title='bbox 3539 2861 3618 2914; x_wconf 83' lang='grc' dir='ltr'>ὅτι</span> <span class='ocrx_word' id='word_1_438' title='bbox 3643 2857 3758 2919; x_wconf 89' lang='grc' dir='ltr'>Θεός</span> 
     </span>
    </p>
   </div>
   <div class='ocr_carea' id='block_1_59' title="bbox 2191 2947 3758 3017">
    <p class='ocr_par' dir='ltr' id='par_1_59' title="bbox 2191 2947 3758 3017">
     <span class='ocr_line' id='line_1_59' title="bbox 2191 2947 3758 3017; baseline -0.001 -16"><span class='ocrx_word' id='word_1_439' title='bbox 2191 2949 2336 3002; x_wconf 76' lang='grc' dir='ltr'>ἐστιν</span> <span class='ocrx_word' id='word_1_440' title='bbox 2359 2947 2392 3017; x_wconf 84' lang='grc' dir='ltr'>ἢ</span> <span class='ocrx_word' id='word_1_441' title='bbox 2421 2947 2554 3001; x_wconf 84' lang='grc' dir='ltr'>Θεοῦ</span> <span class='ocrx_word' id='word_1_442' title='bbox 2585 2947 2732 3010; x_wconf 83' lang='grc' dir='ltr'>Υἱός.</span> <span class='ocrx_word' id='word_1_443' title='bbox 2749 2947 2910 3000; x_wconf 79' lang='grc' dir='ltr'><strong>Ἀλλὰ</strong></span> <span class='ocrx_word' id='word_1_444' title='bbox 2924 2950 3052 3017; x_wconf 80' lang='grc' dir='ltr'>περὶ</span> <span class='ocrx_word' id='word_1_445' title='bbox 3069 2950 3170 3017; x_wconf 87' lang='grc' dir='ltr'>μὲν</span> <span class='ocrx_word' id='word_1_446' title='bbox 3191 2949 3404 3007; x_wconf 82' lang='grc' dir='ltr'>τούτων</span> <span class='ocrx_word' id='word_1_447' title='bbox 3433 2950 3620 3013; x_wconf 79' lang='grc' dir='ltr'>οὕτως.</span> <span class='ocrx_word' id='word_1_448' title='bbox 3644 2951 3758 3002; x_wconf 79' lang='grc' dir='ltr'>Σκει-</span> 
     </span>
    </p>
   </div>
   <div class='ocr_carea' id='block_1_60' title="bbox 2187 3038 3759 3112">
    <p class='ocr_par' dir='ltr' id='par_1_60' title="bbox 2187 3038 3759 3112">
     <span class='ocr_line' id='line_1_60' title="bbox 2187 3038 3759 3112; baseline 0 -19"><span class='ocrx_word' id='word_1_449' title='bbox 2187 3039 2421 3109; x_wconf 82' lang='grc' dir='ltr'>ψὼμεθα</span> <span class='ocrx_word' id='word_1_450' title='bbox 2443 3040 2624 3094; x_wconf 88' lang='grc' dir='ltr'>τοίνυν</span> <span class='ocrx_word' id='word_1_451' title='bbox 2650 3041 2745 3093; x_wconf 76' lang='grc' dir='ltr'><strong>καὶ</strong></span> <span class='ocrx_word' id='word_1_452' title='bbox 2773 3040 2905 3109; x_wconf 81' lang='grc' dir='ltr'>περὶ</span> <span class='ocrx_word' id='word_1_453' title='bbox 2933 3041 3032 3111; x_wconf 81' lang='grc' dir='ltr'>τῆς</span> <span class='ocrx_word' id='word_1_454' title='bbox 3044 3042 3305 3112; x_wconf 77' lang='grc' dir='ltr'>δευτέρας</span> <span class='ocrx_word' id='word_1_455' title='bbox 3333 3043 3658 3108; x_wconf 79' lang='grc' dir='ltr'>ἀποδείξεως</span> <span class='ocrx_word' id='word_1_456' title='bbox 3677 3038 3759 3094; x_wconf 80' lang='grc' dir='ltr'><strong>τοῦ</strong></span> 
     </span>
    </p>
   </div>
   <div class='ocr_carea' id='block_1_61' title="bbox 2189 3133 3760 3206">
    <p class='ocr_par' dir='ltr' id='par_1_61' title="bbox 2189 3133 3760 3206">
     <span class='ocr_line' id='line_1_61' title="bbox 2189 3133 3760 3206; baseline -0.001 -18"><span class='ocrx_word' id='word_1_457' title='bbox 2189 3134 2460 3204; x_wconf 83' lang='grc' dir='ltr'>Μωάμεθ,</span> <span class='ocrx_word' id='word_1_458' title='bbox 2517 3133 2619 3203; x_wconf 86' lang='grc' dir='ltr'>τῆς</span> <span class='ocrx_word' id='word_1_459' title='bbox 2673 3135 2942 3204; x_wconf 77' lang='grc' dir='ltr'>λεγούσης</span> <span class='ocrx_word' id='word_1_460' title='bbox 2995 3137 3076 3189; x_wconf 88' lang='grc' dir='ltr'>ὃτι</span> <span class='ocrx_word' id='word_1_461' title='bbox 3131 3137 3265 3206; x_wconf 86' lang='grc' dir='ltr'>πρὸς</span> <span class='ocrx_word' id='word_1_462' title='bbox 3319 3137 3458 3202; x_wconf 77' lang='grc' dir='ltr'>τοὺς</span> <span class='ocrx_word' id='word_1_463' title='bbox 3493 3137 3760 3194; x_wconf 75' lang='grc' dir='ltr'>Ἰουδαίους</span> 
     </span>
    </p>
   </div>
   <div class='ocr_carea' id='block_1_62' title="bbox 507 3215 2089 3307">
    <p class='ocr_par' dir='ltr' id='par_1_62' title="bbox 507 3215 2086 3307">
     <span class='ocr_line' id='line_1_62' title="bbox 507 3215 2086 3307; baseline 0.016 -37"><span class='ocrx_word' id='word_1_464' title='bbox 507 3215 655 3274; x_wconf 84' lang='lat' dir='ltr'><strong>Deus</strong></span> <span class='ocrx_word' id='word_1_465' title='bbox 681 3219 772 3284; x_wconf 87' lang='lat' dir='ltr'><strong>sit,</strong></span> <span class='ocrx_word' id='word_1_466' title='bbox 817 3223 901 3279; x_wconf 90' lang='lat' dir='ltr'><strong>vel</strong></span> <span class='ocrx_word' id='word_1_467' title='bbox 931 3225 1024 3282; x_wconf 79' lang='lat' dir='ltr'><strong>Dei</strong></span> <span class='ocrx_word' id='word_1_468' title='bbox 1068 3227 1256 3284; x_wconf 86' lang='lat' dir='ltr'><strong>Filius.</strong></span> <span class='ocrx_word' id='word_1_469' title='bbox 1289 3231 1488 3286; x_wconf 85' lang='lat' dir='ltr'><strong>Verum</strong></span> <span class='ocrx_word' id='word_1_470' title='bbox 1517 3233 1584 3289; x_wconf 90' lang='lat' dir='ltr'><strong>de</strong></span> <span class='ocrx_word' id='word_1_471' title='bbox 1613 3235 1699 3290; x_wconf 91' lang='lat' dir='ltr'><strong>his</strong></span> <span class='ocrx_word' id='word_1_472' title='bbox 1728 3215 1968 3307; x_wconf 76' lang='lat' dir='ltr'><strong>quidem</strong></span> <span class='ocrx_word' id='word_1_473' title='bbox 1987 3240 2086 3295; x_wconf 92' lang='lat' dir='ltr'><strong>sic.</strong></span> 
     </span>
    </p>
   </div>
   <div class='ocr_carea' id='block_1_63' title="bbox 2191 3215 3760 3307">
    <p class='ocr_par' dir='ltr' id='par_1_63' title="bbox 2193 3225 3760 3300">
     <span class='ocr_line' id='line_1_63' title="bbox 2193 3225 3760 3300; baseline 0 -20"><span class='ocrx_word' id='word_1_474' title='bbox 2193 3225 2576 3295; x_wconf 81' lang='grc' dir='ltr'>διαλεγόμενος</span> <span class='ocrx_word' id='word_1_475' title='bbox 2611 3230 2638 3280; x_wconf 91' lang='grc' dir='ltr'><strong>ό</strong></span> <span class='ocrx_word' id='word_1_476' title='bbox 2668 3229 2904 3298; x_wconf 76' lang='grc' dir='ltr'>Χριστὸς</span> <span class='ocrx_word' id='word_1_477' title='bbox 2947 3229 3122 3294; x_wconf 76' lang='grc' dir='ltr'>οὕτως</span> <span class='ocrx_word' id='word_1_478' title='bbox 3151 3231 3406 3300; x_wconf 70' lang='grc' dir='ltr'>εἴρηκεν,</span> <span class='ocrx_word' id='word_1_479' title='bbox 3433 3233 3514 3286; x_wconf 83' lang='grc' dir='ltr'>ὅτι</span> <span class='ocrx_word' id='word_1_480' title='bbox 3547 3249 3566 3283; x_wconf 75' lang='grc' dir='ltr'><strong>ι</strong></span> <span class='ocrx_word' id='word_1_481' title='bbox 3604 3228 3760 3299; x_wconf 82' lang='grc' dir='ltr'>Προσ-</span> 
     </span>
    </p>
   </div>
   <div class='ocr_carea' id='block_1_64' title="bbox 505 3307 2092 3393">
    <p class='ocr_par' dir='ltr' id='par_1_64' title="bbox 505 3307 2092 3393">
     <span class='ocr_line' id='line_1_64' title="bbox 505 3307 2092 3393; baseline 0.016 -30"><span class='ocrx_word' id='word_1_482' title='bbox 505 3307 664 3366; x_wconf 81' lang='lat' dir='ltr'><strong>Nune</strong></span> <span class='ocrx_word' id='word_1_483' title='bbox 703 3321 887 3369; x_wconf 87' lang='lat' dir='ltr'><strong>autem</strong></span> <span class='ocrx_word' id='word_1_484' title='bbox 929 3320 1228 3376; x_wconf 85' lang='lat' dir='ltr'><strong>secundam</strong></span> <span class='ocrx_word' id='word_1_485' title='bbox 1263 3323 1620 3393; x_wconf 86' lang='lat' dir='ltr'><strong>inspiciamus</strong></span> <span class='ocrx_word' id='word_1_486' title='bbox 1649 3328 1972 3388; x_wconf 78' lang='lat' dir='ltr'><strong>Maliometls</strong></span> <span class='ocrx_word' id='word_1_487' title='bbox 1997 3333 2092 3389; x_wconf 82' lang='lat' dir='ltr'><strong>de-</strong></span> 
     </span>
    </p>
   </div>
   <div class='ocr_carea' id='block_1_65' title="bbox 510 3403 2093 3478">
    <p class='ocr_par' dir='ltr' id='par_1_65' title="bbox 510 3403 2093 3478">
     <span class='ocr_line' id='line_1_65' title="bbox 510 3403 2093 3478; baseline 0.015 -26"><span class='ocrx_word' id='word_1_488' title='bbox 510 3403 990 3471; x_wconf 81' lang='lat' dir='ltr'><strong>monstrationem,</strong></span> <span class='ocrx_word' id='word_1_489' title='bbox 1037 3424 1146 3478; x_wconf 90' lang='lat' dir='ltr'><strong>qua</strong></span> <span class='ocrx_word' id='word_1_490' title='bbox 1192 3413 1326 3469; x_wconf 91' lang='lat' dir='ltr'><strong>dicit</strong></span> <span class='ocrx_word' id='word_1_491' title='bbox 1385 3416 1668 3474; x_wconf 87' lang='lat' dir='ltr'><strong>Christum</strong></span> <span class='ocrx_word' id='word_1_492' title='bbox 1715 3437 1842 3476; x_wconf 93' lang='lat' dir='ltr'><strong>cum</strong></span> <span class='ocrx_word' id='word_1_493' title='bbox 1888 3422 2093 3478; x_wconf 69' lang='lat' dir='ltr'><strong>Iudaeis</strong></span> 
     </span>
    </p>
   </div>
   <div class='ocr_carea' id='block_1_66' title="bbox 507 3491 2094 3567">
    <p class='ocr_par' dir='ltr' id='par_1_66' title="bbox 507 3491 2094 3567">
     <span class='ocr_line' id='line_1_66' title="bbox 507 3491 2094 3567; baseline 0.014 -22"><span class='ocrx_word' id='word_1_494' title='bbox 507 3491 877 3562; x_wconf 87' lang='lat' dir='ltr'><strong>disputantem</strong></span> <span class='ocrx_word' id='word_1_495' title='bbox 901 3498 981 3553; x_wconf 89' lang='lat' dir='ltr'><strong>sic</strong></span> <span class='ocrx_word' id='word_1_496' title='bbox 1006 3499 1250 3556; x_wconf 81' lang='lat' dir='ltr'><strong>dixisse:</strong></span> <span class='ocrx_word' id='word_1_497' title='bbox 1291 3522 1310 3556; x_wconf 74' lang='grc' dir='ltr'><strong>ι</strong></span> <span class='ocrx_word' id='word_1_498' title='bbox 1341 3506 1577 3563; x_wconf 85' lang='lat' dir='ltr'><strong>Adorate</strong></span> <span class='ocrx_word' id='word_1_499' title='bbox 1611 3511 1781 3565; x_wconf 90' lang='lat' dir='ltr'><strong>Deum</strong></span> <span class='ocrx_word' id='word_1_500' title='bbox 1827 3527 2008 3566; x_wconf 72' lang='lat' dir='ltr'><strong>meum</strong></span> <span class='ocrx_word' id='word_1_501' title='bbox 2037 3520 2094 3567; x_wconf 86' lang='lat' dir='ltr'><strong>et</strong></span> 
     </span>
    </p>
   </div>
   <div class='ocr_carea' id='block_1_67' title="bbox 507 3583 2090 3660">
    <p class='ocr_par' dir='ltr' id='par_1_67' title="bbox 507 3583 2090 3660">
     <span class='ocr_line' id='line_1_67' title="bbox 507 3583 2090 3660; baseline 0.016 -24"><span class='ocrx_word' id='word_1_502' title='bbox 507 3583 682 3639; x_wconf 92' lang='lat' dir='ltr'><strong>Deum</strong></span> <span class='ocrx_word' id='word_1_503' title='bbox 731 3595 994 3652; x_wconf 82' lang='lat' dir='ltr'><strong>vestrum.</strong></span> <span class='ocrx_word' id='word_1_504' title='bbox 1029 3600 1087 3644; x_wconf 91' lang='lat' dir='ltr'><strong>et</strong></span> <span class='ocrx_word' id='word_1_505' title='bbox 1134 3593 1423 3651; x_wconf 90' lang='lat' dir='ltr'><strong>Dominum</strong></span> <span class='ocrx_word' id='word_1_506' title='bbox 1480 3615 1660 3655; x_wconf 91' lang='lat' dir='ltr'><strong>meum</strong></span> <span class='ocrx_word' id='word_1_507' title='bbox 1710 3612 1766 3657; x_wconf 92' lang='lat' dir='ltr'><strong>et</strong></span> <span class='ocrx_word' id='word_1_508' title='bbox 1800 3604 2090 3660; x_wconf 91' lang='lat' dir='ltr'><strong>Dom&#39;num</strong></span> 
     </span>
    </p>
   </div>
   <div class='ocr_carea' id='block_1_68' title="bbox 507 3681 2088 3761">
    <p class='ocr_par' dir='ltr' id='par_1_68' title="bbox 507 3681 2088 3761">
     <span class='ocr_line' id='line_1_68' title="bbox 507 3681 2088 3761; baseline 0.014 -31"><span class='ocrx_word' id='word_1_509' title='bbox 507 3685 776 3733; x_wconf 72' lang='lat' dir='ltr'><strong>vestrum.</strong></span> <span class='ocrx_word' id='word_1_510' title='bbox 819 3699 838 3730; x_wconf 75' lang='grc' dir='ltr'><strong>ι</strong></span> <span class='ocrx_word' id='word_1_511' title='bbox 877 3681 987 3736; x_wconf 88' lang='lat' dir='ltr'><strong>Nos</strong></span> <span class='ocrx_word' id='word_1_512' title='bbox 1012 3684 1194 3753; x_wconf 85' lang='lat' dir='ltr'><strong>itaque</strong></span> <span class='ocrx_word' id='word_1_513' title='bbox 1227 3697 1354 3743; x_wconf 86' lang='lat' dir='ltr'><strong>ante</strong></span> <span class='ocrx_word' id='word_1_514' title='bbox 1382 3691 1450 3745; x_wconf 93' lang='lat' dir='ltr'><strong>de</strong></span> <span class='ocrx_word' id='word_1_515' title='bbox 1490 3691 1796 3748; x_wconf 80' lang='lat' dir='ltr'><strong>Mahomete</strong></span> <span class='ocrx_word' id='word_1_516' title='bbox 1825 3695 2088 3761; x_wconf 87' lang='lat' dir='ltr'><strong>diximus,</strong></span> 
     </span>
    </p>
   </div>
   <div class='ocr_carea' id='block_1_69' title="bbox 507 3769 2085 3850">
    <p class='ocr_par' dir='ltr' id='par_1_69' title="bbox 507 3769 2085 3850">
     <span class='ocr_line' id='line_1_69' title="bbox 507 3769 2085 3850; baseline 0.011 -30"><span class='ocrx_word' id='word_1_517' title='bbox 507 3769 654 3837; x_wconf 90' lang='lat' dir='ltr'><strong>quod</strong></span> <span class='ocrx_word' id='word_1_518' title='bbox 684 3786 1080 3843; x_wconf 86' lang='lat' dir='ltr'><strong>nonnunquam</strong></span> <span class='ocrx_word' id='word_1_519' title='bbox 1113 3776 1335 3846; x_wconf 89' lang='lat' dir='ltr'><strong>quidem</strong></span> <span class='ocrx_word' id='word_1_520' title='bbox 1372 3780 1727 3850; x_wconf 86' lang='lat' dir='ltr'><strong>impudenter</strong></span> <span class='ocrx_word' id='word_1_521' title='bbox 1762 3785 2085 3849; x_wconf 86' lang='lat' dir='ltr'><strong>mentiatur,</strong></span> 
     </span>
    </p>
   </div>
   <div class='ocr_carea' id='block_1_70' title="bbox 507 3869 2087 3946">
    <p class='ocr_par' dir='ltr' id='par_1_70' title="bbox 507 3869 2087 3946">
     <span class='ocr_line' id='line_1_70' title="bbox 507 3869 2087 3946; baseline 0.013 -34"><span class='ocrx_word' id='word_1_522' title='bbox 507 3875 906 3932; x_wconf 87' lang='lat' dir='ltr'><strong>nonnunquam</strong></span> <span class='ocrx_word' id='word_1_523' title='bbox 935 3882 1068 3921; x_wconf 87' lang='lat' dir='ltr'><strong>vero</strong></span> <span class='ocrx_word' id='word_1_524' title='bbox 1095 3869 1309 3924; x_wconf 88' lang='lat' dir='ltr'><strong>veritati</strong></span> <span class='ocrx_word' id='word_1_525' title='bbox 1339 3870 1537 3927; x_wconf 82' lang='lat' dir='ltr'><strong>falsum</strong></span> <span class='ocrx_word' id='word_1_526' title='bbox 1570 3873 1869 3930; x_wconf 73' lang='lat' dir='ltr'><strong>admisceat</strong></span> <span class='ocrx_word' id='word_1_527' title='bbox 1898 3895 1911 3928; x_wconf 88' lang='lat'><strong>:</strong></span> <span class='ocrx_word' id='word_1_528' title='bbox 1942 3877 2087 3946; x_wconf 85' lang='lat' dir='ltr'><strong>quod</strong></span> 
     </span>
    </p>
   </div>
   <div class='ocr_carea' id='block_1_71' title="bbox 507 3950 2086 4030">
    <p class='ocr_par' dir='ltr' id='par_1_71' title="bbox 507 3950 2086 4030">
     <span class='ocr_line' id='line_1_71' title="bbox 507 3950 2086 4030; baseline 0.013 -27"><span class='ocrx_word' id='word_1_529' title='bbox 507 3950 650 4006; x_wconf 90' lang='lat' dir='ltr'><strong>idem</strong></span> <span class='ocrx_word' id='word_1_530' title='bbox 694 3954 747 4008; x_wconf 93' lang='lat' dir='ltr'><strong>in</strong></span> <span class='ocrx_word' id='word_1_531' title='bbox 786 3959 1042 4025; x_wconf 74' lang='lat' dir='ltr'><strong>przescnti</strong></span> <span class='ocrx_word' id='word_1_532' title='bbox 1077 3959 1181 4014; x_wconf 89' lang='lat' dir='ltr'><strong>hoc</strong></span> <span class='ocrx_word' id='word_1_533' title='bbox 1211 3971 1537 4030; x_wconf 85' lang='lat' dir='ltr'><strong>argumento</strong></span> <span class='ocrx_word' id='word_1_534' title='bbox 1565 3963 1718 4018; x_wconf 81' lang='lat' dir='ltr'><strong>facit.</strong></span> <span class='ocrx_word' id='word_1_535' title='bbox 1755 3964 1911 4021; x_wconf 83' lang='lat' dir='ltr'><strong>Htmc</strong></span> <span class='ocrx_word' id='word_1_536' title='bbox 1937 3970 2086 4023; x_wconf 90' lang='lat' dir='ltr'><strong>enim</strong></span> 
     </span>
    </p>
   </div>
   <div class='ocr_carea' id='block_1_72' title="bbox 507 4043 2089 4121">
    <p class='ocr_par' dir='ltr' id='par_1_72' title="bbox 507 4043 2089 4121">
     <span class='ocr_line' id='line_1_72' title="bbox 507 4043 2089 4121; baseline 0.012 -24"><span class='ocrx_word' id='word_1_537' title='bbox 507 4043 612 4099; x_wconf 84' lang='lat' dir='ltr'><strong>sibi</strong></span> <span class='ocrx_word' id='word_1_538' title='bbox 664 4044 827 4100; x_wconf 84' lang='lat' dir='ltr'><strong>linem</strong></span> <span class='ocrx_word' id='word_1_539' title='bbox 884 4050 1192 4118; x_wconf 87' lang='lat' dir='ltr'><strong>proposuit,</strong></span> <span class='ocrx_word' id='word_1_540' title='bbox 1239 4061 1303 4106; x_wconf 91' lang='lat' dir='ltr'><strong>ut</strong></span> <span class='ocrx_word' id='word_1_541' title='bbox 1349 4069 1448 4121; x_wconf 86' lang='lat' dir='ltr'><strong>pro</strong></span> <span class='ocrx_word' id='word_1_542' title='bbox 1503 4053 1644 4110; x_wconf 81' lang='lat' dir='ltr'><strong>virili</strong></span> <span class='ocrx_word' id='word_1_543' title='bbox 1683 4071 1778 4111; x_wconf 87' lang='lat' dir='ltr'><strong>sua</strong></span> <span class='ocrx_word' id='word_1_544' title='bbox 1830 4060 2089 4116; x_wconf 87' lang='lat' dir='ltr'><strong>universo</strong></span> 
     </span>
    </p>
   </div>
   <div class='ocr_carea' id='block_1_73' title="bbox 515 4137 2089 4208">
    <p class='ocr_par' dir='ltr' id='par_1_73' title="bbox 515 4137 2089 4208">
     <span class='ocr_line' id='line_1_73' title="bbox 515 4137 2089 4208; baseline 0.011 -19"><span class='ocrx_word' id='word_1_545' title='bbox 515 4137 720 4192; x_wconf 90' lang='lat' dir='ltr'><strong>mundo</strong></span> <span class='ocrx_word' id='word_1_546' title='bbox 773 4141 1124 4208; x_wconf 85' lang='lat' dir='ltr'><strong>persuadeat,</strong></span> <span class='ocrx_word' id='word_1_547' title='bbox 1177 4152 1237 4198; x_wconf 93' lang='lat' dir='ltr'><strong>ut</strong></span> <span class='ocrx_word' id='word_1_548' title='bbox 1286 4143 1568 4200; x_wconf 89' lang='lat' dir='ltr'><strong>Christum</strong></span> <span class='ocrx_word' id='word_1_549' title='bbox 1620 4163 1721 4202; x_wconf 90' lang='lat' dir='ltr'><strong>nec</strong></span> <span class='ocrx_word' id='word_1_550' title='bbox 1770 4149 1940 4205; x_wconf 91' lang='lat' dir='ltr'><strong>Deum</strong></span> <span class='ocrx_word' id='word_1_551' title='bbox 1989 4168 2089 4208; x_wconf 88' lang='lat' dir='ltr'><strong>nec</strong></span> 
     </span>
    </p>
   </div>
   <div class='ocr_carea' id='block_1_74' title="bbox 511 4225 2084 4311">
    <p class='ocr_par' dir='ltr' id='par_1_74' title="bbox 511 4225 2084 4311">
     <span class='ocr_line' id='line_1_74' title="bbox 511 4225 2084 4311; baseline 0.011 -28"><span class='ocrx_word' id='word_1_552' title='bbox 511 4229 606 4285; x_wconf 76' lang='grc' dir='ltr'><strong>[ιυί</strong></span> <span class='ocrx_word' id='word_1_553' title='bbox 657 4225 853 4287; x_wconf 82' lang='lat' dir='ltr'><strong>Filium</strong></span> <span class='ocrx_word' id='word_1_554' title='bbox 904 4249 1026 4290; x_wconf 88' lang='lat' dir='ltr'><strong>esse</strong></span> <span class='ocrx_word' id='word_1_555' title='bbox 1075 4236 1485 4303; x_wconf 81' lang='lat' dir='ltr'><strong>conﬁteantur;</strong></span> <span class='ocrx_word' id='word_1_556' title='bbox 1533 4252 1868 4311; x_wconf 83' lang='lat' dir='ltr'><strong>quaprOpter</strong></span> <span class='ocrx_word' id='word_1_557' title='bbox 1919 4245 2084 4300; x_wconf 88' lang='lat' dir='ltr'><strong>etiam</strong></span> 
     </span>
    </p>
   </div>
   <div class='ocr_carea' id='block_1_75' title="bbox 508 4323 2088 4405">
    <p class='ocr_par' dir='ltr' id='par_1_75' title="bbox 508 4323 2088 4405">
     <span class='ocr_line' id='line_1_75' title="bbox 508 4323 2088 4405; baseline 0.009 -28"><span class='ocrx_word' id='word_1_558' title='bbox 508 4323 618 4390; x_wconf 85' lang='lat' dir='ltr'><strong>hic,</strong></span> <span class='ocrx_word' id='word_1_559' title='bbox 645 4325 912 4395; x_wconf 83' lang='lat' dir='ltr'><strong>quidquid</strong></span> <span class='ocrx_word' id='word_1_560' title='bbox 953 4326 1008 4380; x_wconf 92' lang='lat' dir='ltr'><strong>in</strong></span> <span class='ocrx_word' id='word_1_561' title='bbox 1041 4335 1282 4383; x_wconf 90' lang='lat' dir='ltr'><strong>mentem</strong></span> <span class='ocrx_word' id='word_1_562' title='bbox 1311 4330 1481 4392; x_wconf 85' lang='lat' dir='ltr'><strong>venit,</strong></span> <span class='ocrx_word' id='word_1_563' title='bbox 1504 4331 1770 4402; x_wconf 87' lang='lat' dir='ltr'><strong>loquitur.</strong></span> <span class='ocrx_word' id='word_1_564' title='bbox 1807 4334 2088 4405; x_wconf 62' lang='lat' dir='ltr'><strong>Prweipue</strong></span> 
     </span>
    </p>
   </div>
   <div class='ocr_carea' id='block_1_76' title="bbox 508 4418 2089 4490">
    <p class='ocr_par' dir='ltr' id='par_1_76' title="bbox 508 4418 2089 4490">
     <span class='ocr_line' id='line_1_76' title="bbox 508 4418 2089 4490; baseline 0.009 -20"><span class='ocrx_word' id='word_1_565' title='bbox 508 4428 690 4471; x_wconf 80' lang='lat' dir='ltr'><strong>autem</strong></span> <span class='ocrx_word' id='word_1_566' title='bbox 741 4418 939 4473; x_wconf 78' lang='lat' dir='ltr'><strong>falsum</strong></span> <span class='ocrx_word' id='word_1_567' title='bbox 985 4429 1072 4474; x_wconf 83' lang='lat' dir='ltr'><strong>est</strong></span> <span class='ocrx_word' id='word_1_568' title='bbox 1108 4421 1255 4490; x_wconf 91' lang='lat' dir='ltr'><strong>quod</strong></span> <span class='ocrx_word' id='word_1_569' title='bbox 1304 4422 1372 4477; x_wconf 89' lang='lat' dir='ltr'><strong>ad</strong></span> <span class='ocrx_word' id='word_1_570' title='bbox 1419 4424 1638 4481; x_wconf 70' lang='lat' dir='ltr'><strong>Judteos</strong></span> <span class='ocrx_word' id='word_1_571' title='bbox 1668 4426 1923 4483; x_wconf 89' lang='lat' dir='ltr'><strong>Christus</strong></span> <span class='ocrx_word' id='word_1_572' title='bbox 1972 4429 2089 4484; x_wconf 76' lang='lat' dir='ltr'><strong>luec</strong></span> 
     </span>
    </p>
   </div>
   <div class='ocr_carea' id='block_1_77' title="bbox 510 4509 2082 4574">
    <p class='ocr_par' dir='ltr' id='par_1_77' title="bbox 510 4509 2082 4574">
     <span class='ocr_line' id='line_1_77' title="bbox 510 4509 2082 4574; baseline 0.006 -12"><span class='ocrx_word' id='word_1_573' title='bbox 510 4509 756 4574; x_wconf 78' lang='lat' dir='ltr'><strong>dixerit;</strong></span> <span class='ocrx_word' id='word_1_574' title='bbox 784 4510 984 4566; x_wconf 88' lang='lat' dir='ltr'><strong>deinde</strong></span> <span class='ocrx_word' id='word_1_575' title='bbox 1017 4511 1223 4567; x_wconf 91' lang='lat' dir='ltr'><strong>Christi</strong></span> <span class='ocrx_word' id='word_1_576' title='bbox 1269 4528 1452 4568; x_wconf 89' lang='lat' dir='ltr'><strong>sermo</strong></span> <span class='ocrx_word' id='word_1_577' title='bbox 1481 4515 1646 4571; x_wconf 91' lang='lat' dir='ltr'><strong>etiam</strong></span> <span class='ocrx_word' id='word_1_578' title='bbox 1683 4517 1804 4572; x_wconf 91' lang='lat' dir='ltr'><strong>talis</strong></span> <span class='ocrx_word' id='word_1_579' title='bbox 1839 4533 1949 4573; x_wconf 93' lang='lat' dir='ltr'><strong>non</strong></span> <span class='ocrx_word' id='word_1_580' title='bbox 1979 4526 2082 4572; x_wconf 89' lang='lat' dir='ltr'><strong>est.</strong></span> 
     </span>
    </p>
   </div>
   <div class='ocr_carea' id='block_1_78' title="bbox 507 4604 2085 4673">
    <p class='ocr_par' dir='ltr' id='par_1_78' title="bbox 507 4604 2085 4673">
     <span class='ocr_line' id='line_1_78' title="bbox 507 4604 2085 4673; baseline 0.004 -18"><span class='ocrx_word' id='word_1_581' title='bbox 507 4604 778 4657; x_wconf 84' lang='lat' dir='ltr'><strong>C.eterum</strong></span> <span class='ocrx_word' id='word_1_582' title='bbox 824 4613 951 4673; x_wconf 92' lang='lat' dir='ltr'><strong>post</strong></span> <span class='ocrx_word' id='word_1_583' title='bbox 998 4606 1465 4662; x_wconf 89' lang='lat' dir='ltr'><strong>resurrectionem</strong></span> <span class='ocrx_word' id='word_1_584' title='bbox 1517 4622 1682 4662; x_wconf 88' lang='lat' dir='ltr'><strong>causa</strong></span> <span class='ocrx_word' id='word_1_585' title='bbox 1727 4607 1929 4662; x_wconf 70' lang='lat' dir='ltr'><strong>futura:</strong></span> <span class='ocrx_word' id='word_1_586' title='bbox 1975 4623 2085 4662; x_wconf 77' lang='lat' dir='ltr'><strong>sua:</strong></span> 
     </span>
    </p>
   </div>
   <div class='ocr_carea' id='block_1_79' title="bbox 510 4695 2090 4766">
    <p class='ocr_par' dir='ltr' id='par_1_79' title="bbox 510 4695 2090 4766">
     <span class='ocr_line' id='line_1_79' title="bbox 510 4695 2090 4766; baseline 0.002 -17"><span class='ocrx_word' id='word_1_587' title='bbox 510 4695 905 4765; x_wconf 89' lang='lat' dir='ltr'><strong>assumptionis</strong></span> <span class='ocrx_word' id='word_1_588' title='bbox 927 4695 1068 4751; x_wconf 84' lang='lat' dir='ltr'><strong>dixit</strong></span> <span class='ocrx_word' id='word_1_589' title='bbox 1107 4696 1396 4766; x_wconf 87' lang='lat' dir='ltr'><strong>discipulis</strong></span> <span class='ocrx_word' id='word_1_590' title='bbox 1428 4699 1544 4753; x_wconf 88' lang='lat' dir='ltr'><strong>suis</strong></span> <span class='ocrx_word' id='word_1_591' title='bbox 1569 4698 1615 4730; x_wconf 67' lang='grc' dir='ltr'>’δ</span> <span class='ocrx_word' id='word_1_592' title='bbox 1641 4715 1655 4752; x_wconf 92' lang='lat'><strong>:</strong></span> <span class='ocrx_word' id='word_1_593' title='bbox 1693 4716 1710 4750; x_wconf 77' lang='grc' dir='ltr'><strong>ι</strong></span> <span class='ocrx_word' id='word_1_594' title='bbox 1745 4697 2000 4752; x_wconf 78' lang='lat' dir='ltr'><strong>Ascendo</strong></span> <span class='ocrx_word' id='word_1_595' title='bbox 2023 4699 2090 4752; x_wconf 92' lang='lat' dir='ltr'><strong>ad</strong></span> 
     </span>
    </p>
   </div>
   <div class='ocr_carea' id='block_1_80' title="bbox 510 4787 2090 4856">
    <p class='ocr_par' dir='ltr' id='par_1_80' title="bbox 510 4787 2090 4856">
     <span class='ocr_line' id='line_1_80' title="bbox 510 4787 2090 4856; baseline 0.003 -16"><span class='ocrx_word' id='word_1_596' title='bbox 510 4787 728 4842; x_wconf 81' lang='lat' dir='ltr'><strong>Patrem</strong></span> <span class='ocrx_word' id='word_1_597' title='bbox 763 4804 946 4843; x_wconf 88' lang='lat' dir='ltr'><strong>meum</strong></span> <span class='ocrx_word' id='word_1_598' title='bbox 979 4797 1034 4844; x_wconf 87' lang='lat' dir='ltr'><strong>et</strong></span> <span class='ocrx_word' id='word_1_599' title='bbox 1074 4788 1289 4844; x_wconf 82' lang='lat' dir='ltr'><strong>Patrem</strong></span> <span class='ocrx_word' id='word_1_600' title='bbox 1314 4799 1580 4856; x_wconf 84' lang='lat' dir='ltr'><strong>vestrum,</strong></span> <span class='ocrx_word' id='word_1_601' title='bbox 1623 4797 1680 4845; x_wconf 88' lang='lat' dir='ltr'><strong>et</strong></span> <span class='ocrx_word' id='word_1_602' title='bbox 1709 4788 1878 4843; x_wconf 89' lang='lat' dir='ltr'><strong>Deum</strong></span> <span class='ocrx_word' id='word_1_603' title='bbox 1910 4804 2090 4844; x_wconf 90' lang='lat' dir='ltr'><strong>meum</strong></span> 
     </span>
    </p>
   </div>
   <div class='ocr_carea' id='block_1_81' title="bbox 505 4881 2089 4952">
    <p class='ocr_par' dir='ltr' id='par_1_81' title="bbox 505 4881 2089 4952">
     <span class='ocr_line' id='line_1_81' title="bbox 505 4881 2089 4952; baseline 0.003 -19"><span class='ocrx_word' id='word_1_604' title='bbox 505 4890 560 4934; x_wconf 89' lang='lat' dir='ltr'><strong>et</strong></span> <span class='ocrx_word' id='word_1_605' title='bbox 593 4881 762 4938; x_wconf 89' lang='lat' dir='ltr'><strong>Deum</strong></span> <span class='ocrx_word' id='word_1_606' title='bbox 797 4892 1065 4937; x_wconf 85' lang='lat' dir='ltr'><strong>vestrum.</strong></span> <span class='ocrx_word' id='word_1_607' title='bbox 1109 4901 1129 4934; x_wconf 78' lang='grc' dir='ltr'><strong>ι</strong></span> <span class='ocrx_word' id='word_1_608' title='bbox 1164 4883 1232 4938; x_wconf 86' lang='lat' dir='ltr'><strong>Et</strong></span> <span class='ocrx_word' id='word_1_609' title='bbox 1277 4883 1745 4952; x_wconf 87' lang='lat' dir='ltr'><strong>quemadmodum</strong></span> <span class='ocrx_word' id='word_1_610' title='bbox 1796 4883 1851 4936; x_wconf 93' lang='lat' dir='ltr'><strong>in</strong></span> <span class='ocrx_word' id='word_1_611' title='bbox 1902 4882 2089 4938; x_wconf 90' lang='lat' dir='ltr'><strong>multis</strong></span> 
     </span>
    </p>
   </div>
   <div class='ocr_carea' id='block_1_82' title="bbox 509 4973 2086 5040">
    <p class='ocr_par' dir='ltr' id='par_1_82' title="bbox 509 4973 2086 5040">
     <span class='ocr_line' id='line_1_82' title="bbox 509 4973 2086 5040; baseline 0.003 -15"><span class='ocrx_word' id='word_1_612' title='bbox 509 4973 632 5028; x_wconf 88' lang='lat' dir='ltr'><strong>aliis</strong></span> <span class='ocrx_word' id='word_1_613' title='bbox 685 4974 941 5030; x_wconf 88' lang='lat' dir='ltr'><strong>Christus</strong></span> <span class='ocrx_word' id='word_1_614' title='bbox 991 4984 1047 5030; x_wconf 90' lang='lat' dir='ltr'><strong>et</strong></span> <span class='ocrx_word' id='word_1_615' title='bbox 1093 4975 1238 5030; x_wconf 88' lang='lat' dir='ltr'><strong>Deus</strong></span> <span class='ocrx_word' id='word_1_616' title='bbox 1286 4989 1352 5031; x_wconf 82' lang='lat' dir='ltr'><strong>et</strong></span> <span class='ocrx_word' id='word_1_617' title='bbox 1401 4975 1566 5028; x_wconf 91' lang='lat' dir='ltr'><strong>homo</strong></span> <span class='ocrx_word' id='word_1_618' title='bbox 1615 4975 1966 5040; x_wconf 87' lang='lat' dir='ltr'><strong>declaratur;</strong></span> <span class='ocrx_word' id='word_1_619' title='bbox 2017 4977 2086 5030; x_wconf 85' lang='lat' dir='ltr'><strong>ita</strong></span> 
     </span>
    </p>
   </div>
   <div class='ocr_carea' id='block_1_83' title="bbox 503 5066 2088 5137">
    <p class='ocr_par' dir='ltr' id='par_1_83' title="bbox 503 5066 2088 5137">
     <span class='ocr_line' id='line_1_83' title="bbox 503 5066 2088 5137; baseline 0.003 -17"><span class='ocrx_word' id='word_1_620' title='bbox 503 5068 672 5121; x_wconf 87' lang='lat' dir='ltr'><strong>etiam</strong></span> <span class='ocrx_word' id='word_1_621' title='bbox 724 5069 778 5121; x_wconf 94' lang='lat' dir='ltr'><strong>in</strong></span> <span class='ocrx_word' id='word_1_622' title='bbox 832 5067 936 5121; x_wconf 79' lang='lat' dir='ltr'><strong>hoc</strong></span> <span class='ocrx_word' id='word_1_623' title='bbox 987 5068 1106 5137; x_wconf 88' lang='lat' dir='ltr'><strong>ipso</strong></span> <span class='ocrx_word' id='word_1_624' title='bbox 1137 5082 1417 5122; x_wconf 83' lang='lat' dir='ltr'><strong>sermone.</strong></span> <span class='ocrx_word' id='word_1_625' title='bbox 1454 5066 1590 5121; x_wconf 91' lang='lat' dir='ltr'><strong>Cum</strong></span> <span class='ocrx_word' id='word_1_626' title='bbox 1639 5067 1788 5122; x_wconf 90' lang='lat' dir='ltr'><strong>enim</strong></span> <span class='ocrx_word' id='word_1_627' title='bbox 1833 5068 2088 5124; x_wconf 89' lang='lat' dir='ltr'><strong>Christus</strong></span> 
     </span>
    </p>
   </div>
   <div class='ocr_carea' id='block_1_84' title="bbox 506 5156 2083 5223">
    <p class='ocr_par' dir='ltr' id='par_1_84' title="bbox 506 5156 2083 5223">
     <span class='ocr_line' id='line_1_84' title="bbox 506 5156 2083 5223; baseline 0.001 -13"><span class='ocrx_word' id='word_1_628' title='bbox 506 5157 612 5212; x_wconf 82' lang='lat' dir='ltr'><strong>hoc</strong></span> <span class='ocrx_word' id='word_1_629' title='bbox 654 5158 810 5223; x_wconf 89' lang='lat' dir='ltr'><strong>dicit,</strong></span> <span class='ocrx_word' id='word_1_630' title='bbox 839 5177 859 5210; x_wconf 77' lang='grc' dir='ltr'><strong>ι</strong></span> <span class='ocrx_word' id='word_1_631' title='bbox 885 5157 1142 5213; x_wconf 80' lang='lat' dir='ltr'><strong>Ascendo</strong></span> <span class='ocrx_word' id='word_1_632' title='bbox 1169 5156 1237 5211; x_wconf 90' lang='lat' dir='ltr'><strong>ad</strong></span> <span class='ocrx_word' id='word_1_633' title='bbox 1273 5157 1486 5211; x_wconf 85' lang='lat' dir='ltr'><strong>Patrem</strong></span> <span class='ocrx_word' id='word_1_634' title='bbox 1539 5172 1721 5212; x_wconf 86' lang='lat' dir='ltr'><strong>meum</strong></span> <span class='ocrx_word' id='word_1_635' title='bbox 1772 5168 1827 5212; x_wconf 90' lang='lat' dir='ltr'><strong>et</strong></span> <span class='ocrx_word' id='word_1_636' title='bbox 1869 5160 2083 5213; x_wconf 86' lang='lat' dir='ltr'><strong>Patrem</strong></span> 
     </span>
    </p>
   </div>
   <div class='ocr_carea' id='block_1_85' title="bbox 505 5249 2083 5313">
    <p class='ocr_par' dir='ltr' id='par_1_85' title="bbox 505 5249 2083 5313">
     <span class='ocr_line' id='line_1_85' title="bbox 505 5249 2083 5313; baseline 0.003 -12"><span class='ocrx_word' id='word_1_637' title='bbox 505 5259 774 5313; x_wconf 86' lang='lat' dir='ltr'><strong>vestrum,</strong></span> <span class='ocrx_word' id='word_1_638' title='bbox 823 5269 841 5302; x_wconf 75' lang='grc' dir='ltr'><strong>ι</strong></span> <span class='ocrx_word' id='word_1_639' title='bbox 901 5249 1147 5304; x_wconf 82' lang='lat' dir='ltr'><strong>ostendit</strong></span> <span class='ocrx_word' id='word_1_640' title='bbox 1198 5264 1390 5304; x_wconf 87' lang='lat' dir='ltr'><strong>verum</strong></span> <span class='ocrx_word' id='word_1_641' title='bbox 1442 5250 1588 5304; x_wconf 87' lang='lat' dir='ltr'><strong>illius</strong></span> <span class='ocrx_word' id='word_1_642' title='bbox 1644 5251 1860 5306; x_wconf 87' lang='lat' dir='ltr'><strong>Patrem</strong></span> <span class='ocrx_word' id='word_1_643' title='bbox 1915 5253 2083 5306; x_wconf 89' lang='lat' dir='ltr'><strong>Deum</strong></span> 
     </span>
    </p>
   </div>
   <div class='ocr_carea' id='block_1_86' title="bbox 505 5341 2084 5409">
    <p class='ocr_par' dir='ltr' id='par_1_86' title="bbox 505 5341 2084 5409">
     <span class='ocr_line' id='line_1_86' title="bbox 505 5341 2084 5409; baseline 0.001 -12"><span class='ocrx_word' id='word_1_644' title='bbox 505 5359 648 5406; x_wconf 87' lang='lat' dir='ltr'><strong>esse,</strong></span> <span class='ocrx_word' id='word_1_645' title='bbox 677 5351 733 5396; x_wconf 89' lang='lat' dir='ltr'><strong>et</strong></span> <span class='ocrx_word' id='word_1_646' title='bbox 761 5342 1044 5398; x_wconf 84' lang='lat' dir='ltr'><strong>Christum</strong></span> <span class='ocrx_word' id='word_1_647' title='bbox 1069 5341 1318 5409; x_wconf 85' lang='lat' dir='ltr'><strong>ejusdem</strong></span> <span class='ocrx_word' id='word_1_648' title='bbox 1360 5357 1478 5396; x_wconf 89' lang='lat' dir='ltr'><strong>esse</strong></span> <span class='ocrx_word' id='word_1_649' title='bbox 1510 5353 1718 5396; x_wconf 69' lang='lat' dir='ltr'><strong>natura:</strong></span> <span class='ocrx_word' id='word_1_650' title='bbox 1743 5353 1797 5396; x_wconf 86' lang='lat' dir='ltr'><strong>et</strong></span> <span class='ocrx_word' id='word_1_651' title='bbox 1826 5345 2084 5398; x_wconf 82' lang='lat' dir='ltr'><strong>substan-</strong></span> 
     </span>
    </p>
   </div>
   <div class='ocr_carea' id='block_1_87' title="bbox 504 5431 2084 5501">
    <p class='ocr_par' dir='ltr' id='par_1_87' title="bbox 504 5431 2084 5501">
     <span class='ocr_line' id='line_1_87' title="bbox 504 5431 2084 5501; baseline 0.004 -17"><span class='ocrx_word' id='word_1_652' title='bbox 504 5433 612 5487; x_wconf 70' lang='lat' dir='ltr'><strong>tiae.</strong></span> <span class='ocrx_word' id='word_1_653' title='bbox 649 5433 998 5501; x_wconf 82' lang='lat' dir='ltr'><strong>Quapropter</strong></span> <span class='ocrx_word' id='word_1_654' title='bbox 1045 5431 1348 5485; x_wconf 88' lang='lat' dir='ltr'><strong>distinetim</strong></span> <span class='ocrx_word' id='word_1_655' title='bbox 1401 5433 1586 5488; x_wconf 80' lang='lat' dir='ltr'><strong>dixit:</strong></span> <span class='ocrx_word' id='word_1_656' title='bbox 1642 5451 1660 5484; x_wconf 78' lang='grc' dir='ltr'><strong>ι</strong></span> <span class='ocrx_word' id='word_1_657' title='bbox 1714 5434 1970 5490; x_wconf 89' lang='lat' dir='ltr'><strong>Ascendo</strong></span> <span class='ocrx_word' id='word_1_658' title='bbox 2018 5437 2084 5491; x_wconf 92' lang='lat' dir='ltr'><strong>ad</strong></span> 
     </span>
    </p>
   </div>
   <div class='ocr_carea' id='block_1_88' title="bbox 506 5524 2085 5595">
    <p class='ocr_par' dir='ltr' id='par_1_88' title="bbox 506 5524 2085 5595">
     <span class='ocr_line' id='line_1_88' title="bbox 506 5524 2085 5595; baseline 0.004 -17"><span class='ocrx_word' id='word_1_659' title='bbox 506 5524 722 5578; x_wconf 81' lang='lat' dir='ltr'><strong>Patrem</strong></span> <span class='ocrx_word' id='word_1_660' title='bbox 765 5540 971 5578; x_wconf 85' lang='lat' dir='ltr'><strong>meum.</strong></span> <span class='ocrx_word' id='word_1_661' title='bbox 1013 5543 1030 5576; x_wconf 75' lang='grc' dir='ltr'><strong>ι</strong></span> <span class='ocrx_word' id='word_1_662' title='bbox 1077 5524 1133 5580; x_wconf 90' lang='lat' dir='ltr'><strong>Si</strong></span> <span class='ocrx_word' id='word_1_663' title='bbox 1184 5524 1333 5582; x_wconf 85' lang='lat' dir='ltr'><strong>enim</strong></span> <span class='ocrx_word' id='word_1_664' title='bbox 1381 5525 1496 5595; x_wconf 91' lang='lat' dir='ltr'><strong>ipse</strong></span> <span class='ocrx_word' id='word_1_665' title='bbox 1537 5526 1659 5580; x_wconf 89' lang='lat' dir='ltr'><strong>aliis</strong></span> <span class='ocrx_word' id='word_1_666' title='bbox 1705 5530 2085 5584; x_wconf 87' lang='lat' dir='ltr'><strong>tantummodo</strong></span> 
     </span>
    </p>
   </div>
   <div class='ocr_carea' id='block_1_89' title="bbox 507 5614 2084 5691">
    <p class='ocr_par' dir='ltr' id='par_1_89' title="bbox 507 5614 2084 5691">
     <span class='ocr_line' id='line_1_89' title="bbox 507 5614 2084 5691; baseline 0.005 -23"><span class='ocrx_word' id='word_1_667' title='bbox 507 5615 705 5670; x_wconf 88' lang='lat' dir='ltr'><strong>similis</strong></span> <span class='ocrx_word' id='word_1_668' title='bbox 735 5622 902 5679; x_wconf 90' lang='lat' dir='ltr'><strong>esset,</strong></span> <span class='ocrx_word' id='word_1_669' title='bbox 940 5614 992 5667; x_wconf 92' lang='lat' dir='ltr'><strong>in</strong></span> <span class='ocrx_word' id='word_1_670' title='bbox 1022 5630 1240 5683; x_wconf 83' lang='lat' dir='ltr'><strong>genere</strong></span> <span class='ocrx_word' id='word_1_671' title='bbox 1267 5615 1412 5672; x_wconf 88' lang='lat' dir='ltr'><strong>hanc</strong></span> <span class='ocrx_word' id='word_1_672' title='bbox 1445 5618 1782 5673; x_wconf 91' lang='lat' dir='ltr'><strong>locutionem</strong></span> <span class='ocrx_word' id='word_1_673' title='bbox 1823 5619 1876 5674; x_wconf 92' lang='lat' dir='ltr'><strong>in</strong></span> <span class='ocrx_word' id='word_1_674' title='bbox 1907 5624 2084 5691; x_wconf 88' lang='lat' dir='ltr'><strong>prima</strong></span> 
     </span>
    </p>
   </div>
   <div class='ocr_carea' id='block_1_90' title="bbox 511 5708 2082 5778">
    <p class='ocr_par' dir='ltr' id='par_1_90' title="bbox 511 5708 2082 5778">
     <span class='ocr_line' id='line_1_90' title="bbox 511 5708 2082 5778; baseline 0.006 -19"><span class='ocrx_word' id='word_1_675' title='bbox 511 5723 747 5777; x_wconf 75' lang='lat' dir='ltr'><strong>persona</strong></span> <span class='ocrx_word' id='word_1_676' title='bbox 777 5708 1118 5778; x_wconf 79' lang='lat' dir='ltr'><strong>protulisset,</strong></span> <span class='ocrx_word' id='word_1_677' title='bbox 1171 5709 1398 5766; x_wconf 89' lang='lat' dir='ltr'><strong>dicens:</strong></span> <span class='ocrx_word' id='word_1_678' title='bbox 1447 5712 1705 5768; x_wconf 86' lang='lat' dir='ltr'><strong>Ascendo</strong></span> <span class='ocrx_word' id='word_1_679' title='bbox 1747 5713 1814 5768; x_wconf 89' lang='lat' dir='ltr'><strong>ad</strong></span> <span class='ocrx_word' id='word_1_680' title='bbox 1862 5714 2082 5769; x_wconf 87' lang='lat' dir='ltr'><strong>Patrem</strong></span> 
     </span>
    </p>
   </div>
   <div class='ocr_carea' id='block_1_91' title="bbox 2195 3320 3760 3393">
    <p class='ocr_par' dir='ltr' id='par_1_91' title="bbox 2195 3320 3760 3393">
     <span class='ocr_line' id='line_1_91' title="bbox 2195 3320 3760 3393; baseline 0 -23"><span class='ocrx_word' id='word_1_681' title='bbox 2195 3322 2406 3372; x_wconf 82' lang='grc' dir='ltr'>κυνείτε</span> <span class='ocrx_word' id='word_1_682' title='bbox 2448 3320 2540 3372; x_wconf 87' lang='grc' dir='ltr'><strong>τὸν</strong></span> <span class='ocrx_word' id='word_1_683' title='bbox 2573 3320 2706 3374; x_wconf 87' lang='grc' dir='ltr'>Θεόν</span> <span class='ocrx_word' id='word_1_684' title='bbox 2756 3339 2857 3390; x_wconf 90' lang='grc' dir='ltr'><strong>μου</strong></span> <span class='ocrx_word' id='word_1_685' title='bbox 2901 3323 2996 3376; x_wconf 70' lang='grc' dir='ltr'>καὶ</span> <span class='ocrx_word' id='word_1_686' title='bbox 3035 3323 3168 3376; x_wconf 87' lang='grc' dir='ltr'>Θεὸν</span> <span class='ocrx_word' id='word_1_687' title='bbox 3217 3322 3406 3393; x_wconf 79' lang='grc' dir='ltr'>ὑμῶν,</span> <span class='ocrx_word' id='word_1_688' title='bbox 3449 3325 3543 3378; x_wconf 77' lang='grc' dir='ltr'>καὶ</span> <span class='ocrx_word' id='word_1_689' title='bbox 3576 3321 3760 3391; x_wconf 73' lang='grc' dir='ltr'>Κύριόν</span> 
     </span>
    </p>
   </div>
   <div class='ocr_carea' id='block_1_92' title="bbox 2195 3412 3763 3484">
    <p class='ocr_par' dir='ltr' id='par_1_92' title="bbox 2195 3412 3763 3484">
     <span class='ocr_line' id='line_1_92' title="bbox 2195 3412 3763 3484; baseline 0 -21"><span class='ocrx_word' id='word_1_690' title='bbox 2195 3427 2300 3480; x_wconf 91' lang='grc' dir='ltr'><strong>μου</strong></span> <span class='ocrx_word' id='word_1_691' title='bbox 2352 3412 2445 3465; x_wconf 74' lang='grc' dir='ltr'>καὶ</span> <span class='ocrx_word' id='word_1_692' title='bbox 2489 3413 2693 3484; x_wconf 81' lang='grc' dir='ltr'>Κύριον</span> <span class='ocrx_word' id='word_1_693' title='bbox 2741 3414 2918 3484; x_wconf 83' lang='grc' dir='ltr'>ὑμῶν.</span> <span class='ocrx_word' id='word_1_694' title='bbox 2953 3433 2971 3466; x_wconf 75' lang='grc' dir='ltr'><strong>ι</strong></span> <span class='ocrx_word' id='word_1_695' title='bbox 3025 3416 3219 3484; x_wconf 78' lang='grc' dir='ltr'>Ἡμεῖς</span> <span class='ocrx_word' id='word_1_696' title='bbox 3258 3415 3402 3482; x_wconf 81' lang='grc' dir='ltr'>γοῦν</span> <span class='ocrx_word' id='word_1_697' title='bbox 3447 3413 3763 3484; x_wconf 81' lang='grc' dir='ltr'>προείπομεν</span> 
     </span>
    </p>
   </div>
   <div class='ocr_carea' id='block_1_93' title="bbox 2193 3504 3759 3576">
    <p class='ocr_par' dir='ltr' id='par_1_93' title="bbox 2193 3504 3759 3576">
     <span class='ocr_line' id='line_1_93' title="bbox 2193 3504 3759 3576; baseline -0.001 -20"><span class='ocrx_word' id='word_1_698' title='bbox 2193 3504 2324 3573; x_wconf 71' lang='grc' dir='ltr'>περὶ</span> <span class='ocrx_word' id='word_1_699' title='bbox 2377 3504 2473 3558; x_wconf 88' lang='grc' dir='ltr'><strong>τοῦ</strong></span> <span class='ocrx_word' id='word_1_700' title='bbox 2527 3507 2797 3576; x_wconf 75' lang='grc' dir='ltr'>Μωάμεθ,</span> <span class='ocrx_word' id='word_1_701' title='bbox 2857 3507 3010 3569; x_wconf 80' lang='grc' dir='ltr'>ὅπως</span> <span class='ocrx_word' id='word_1_702' title='bbox 3059 3506 3138 3575; x_wconf 81' lang='grc' dir='ltr'>πῆ</span> <span class='ocrx_word' id='word_1_703' title='bbox 3174 3507 3272 3570; x_wconf 79' lang='grc' dir='ltr'>μὲν</span> <span class='ocrx_word' id='word_1_704' title='bbox 3327 3505 3759 3576; x_wconf 81' lang='grc' dir='ltr'>ἀνερυθριάστως</span> 
     </span>
    </p>
   </div>
   <div class='ocr_carea' id='block_1_94' title="bbox 2193 3592 3760 3670">
    <p class='ocr_par' dir='ltr' id='par_1_94' title="bbox 2193 3592 3760 3670">
     <span class='ocr_line' id='line_1_94' title="bbox 2193 3592 3760 3670; baseline 0.001 -25"><span class='ocrx_word' id='word_1_705' title='bbox 2193 3593 2344 3661; x_wconf 85' lang='grc' dir='ltr'>λέγει</span> <span class='ocrx_word' id='word_1_706' title='bbox 2368 3595 2440 3656; x_wconf 80' lang='grc' dir='ltr'><strong>,τὸ</strong></span> <span class='ocrx_word' id='word_1_707' title='bbox 2467 3594 2684 3664; x_wconf 71' lang='grc' dir='ltr'>ψεῦδος,</span> <span class='ocrx_word' id='word_1_708' title='bbox 2713 3597 2791 3666; x_wconf 84' lang='grc' dir='ltr'>πῆ</span> <span class='ocrx_word' id='word_1_709' title='bbox 2828 3596 2884 3651; x_wconf 85' lang='grc' dir='ltr'>δὲ</span> <span class='ocrx_word' id='word_1_710' title='bbox 2913 3598 3138 3666; x_wconf 84' lang='grc' dir='ltr'>μίγνυσι</span> <span class='ocrx_word' id='word_1_711' title='bbox 3172 3601 3237 3667; x_wconf 81' lang='grc' dir='ltr'>τῇ</span> <span class='ocrx_word' id='word_1_712' title='bbox 3270 3598 3504 3670; x_wconf 69' lang='grc' dir='ltr'>ἀληθεία</span> <span class='ocrx_word' id='word_1_713' title='bbox 3546 3597 3604 3649; x_wconf 91' lang='grc' dir='ltr'><strong>τὸ</strong></span> <span class='ocrx_word' id='word_1_714' title='bbox 3643 3592 3760 3662; x_wconf 83' lang='grc' dir='ltr'>ψεῦ-</span> 
     </span>
    </p>
   </div>
   <div class='ocr_carea' id='block_1_95' title="bbox 2192 3687 3754 3760">
    <p class='ocr_par' dir='ltr' id='par_1_95' title="bbox 2192 3687 3754 3760">
     <span class='ocr_line' id='line_1_95' title="bbox 2192 3687 3754 3760; baseline -0.003 -20"><span class='ocrx_word' id='word_1_715' title='bbox 2192 3687 2304 3750; x_wconf 79' lang='grc' dir='ltr'>δος,</span> <span class='ocrx_word' id='word_1_716' title='bbox 2339 3689 2414 3750; x_wconf 84' lang='grc' dir='ltr'>ὡς</span> <span class='ocrx_word' id='word_1_717' title='bbox 2456 3689 2552 3741; x_wconf 68' lang='grc' dir='ltr'>καὶ</span> <span class='ocrx_word' id='word_1_718' title='bbox 2579 3689 2638 3742; x_wconf 84' lang='grc' dir='ltr'>ὲν</span> <span class='ocrx_word' id='word_1_719' title='bbox 2678 3692 2744 3759; x_wconf 82' lang='grc' dir='ltr'><strong>τῇ</strong></span> <span class='ocrx_word' id='word_1_720' title='bbox 2777 3689 3032 3760; x_wconf 79' lang='grc' dir='ltr'>παρούσῃ</span> <span class='ocrx_word' id='word_1_721' title='bbox 3061 3689 3335 3754; x_wconf 84' lang='grc' dir='ltr'>ἀποδείξει</span> <span class='ocrx_word' id='word_1_722' title='bbox 3375 3692 3605 3744; x_wconf 68' lang='grc' dir='ltr'>ἐκείνου.</span> <span class='ocrx_word' id='word_1_723' title='bbox 3635 3688 3754 3738; x_wconf 70' lang='grc' dir='ltr'>Σκοσ</span> 
     </span>
    </p>
   </div>
   <div class='ocr_carea' id='block_1_96' title="bbox 2193 3775 3758 3852">
    <p class='ocr_par' dir='ltr' id='par_1_96' title="bbox 2193 3775 3758 3852">
     <span class='ocr_line' id='line_1_96' title="bbox 2193 3775 3758 3852; baseline 0 -22"><span class='ocrx_word' id='word_1_724' title='bbox 2193 3779 2431 3849; x_wconf 60' lang='grc' dir='ltr'>πὸνγὰρ</span> <span class='ocrx_word' id='word_1_725' title='bbox 2461 3779 2636 3846; x_wconf 77' lang='grc' dir='ltr'>ἔθετο,</span> <span class='ocrx_word' id='word_1_726' title='bbox 2690 3781 2779 3835; x_wconf 86' lang='grc' dir='ltr'><strong>ἴνα</strong></span> <span class='ocrx_word' id='word_1_727' title='bbox 2809 3782 2949 3834; x_wconf 74' lang='grc' dir='ltr'>κατὰ</span> <span class='ocrx_word' id='word_1_728' title='bbox 2981 3775 3164 3836; x_wconf 75' lang='grc' dir='ltr'>πᾶσαν</span> <span class='ocrx_word' id='word_1_729' title='bbox 3203 3782 3373 3836; x_wconf 83' lang='grc' dir='ltr'>αὐτοῦ</span> <span class='ocrx_word' id='word_1_730' title='bbox 3420 3783 3519 3852; x_wconf 79' lang='grc' dir='ltr'>τὴν</span> <span class='ocrx_word' id='word_1_731' title='bbox 3544 3781 3758 3850; x_wconf 82' lang='grc' dir='ltr'>δύναμιν</span> 
     </span>
    </p>
   </div>
   <div class='ocr_carea' id='block_1_97' title="bbox 2192 3871 3761 3945">
    <p class='ocr_par' dir='ltr' id='par_1_97' title="bbox 2192 3871 3761 3945">
     <span class='ocr_line' id='line_1_97' title="bbox 2192 3871 3761 3945; baseline 0.001 -23"><span class='ocrx_word' id='word_1_732' title='bbox 2192 3871 2502 3942; x_wconf 81' lang='grc' dir='ltr'>καταπείσῃ</span> <span class='ocrx_word' id='word_1_733' title='bbox 2537 3872 2628 3925; x_wconf 88' lang='grc' dir='ltr'><strong>τὸν</strong></span> <span class='ocrx_word' id='word_1_734' title='bbox 2659 3873 2876 3927; x_wconf 74' lang='grc' dir='ltr'>ἅπαντα</span> <span class='ocrx_word' id='word_1_735' title='bbox 2919 3873 3144 3945; x_wconf 81' lang='grc' dir='ltr'>κόσμον,</span> <span class='ocrx_word' id='word_1_736' title='bbox 3181 3876 3274 3928; x_wconf 71' lang='grc' dir='ltr'>καὶ</span> <span class='ocrx_word' id='word_1_737' title='bbox 3317 3875 3445 3929; x_wconf 72' lang='grc' dir='ltr'>οὔτε</span> <span class='ocrx_word' id='word_1_738' title='bbox 3485 3875 3615 3928; x_wconf 80' lang='grc' dir='ltr'>Θεὸν</span> <span class='ocrx_word' id='word_1_739' title='bbox 3643 3875 3761 3942; x_wconf 84' lang='grc' dir='ltr'><strong>ὁμο-</strong></span> 
     </span>
    </p>
   </div>
   <div class='ocr_carea' id='block_1_98' title="bbox 2191 3963 3760 4036">
    <p class='ocr_par' dir='ltr' id='par_1_98' title="bbox 2191 3963 3760 4036">
     <span class='ocr_line' id='line_1_98' title="bbox 2191 3963 3760 4036; baseline 0.001 -22"><span class='ocrx_word' id='word_1_740' title='bbox 2191 3963 2464 4032; x_wconf 85' lang='grc' dir='ltr'>λογήσωσι</span> <span class='ocrx_word' id='word_1_741' title='bbox 2496 3963 2589 4017; x_wconf 85' lang='grc' dir='ltr'><strong>τὸν</strong></span> <span class='ocrx_word' id='word_1_742' title='bbox 2643 3965 2905 4036; x_wconf 82' lang='grc' dir='ltr'>Χριστὸν,</span> <span class='ocrx_word' id='word_1_743' title='bbox 2938 3964 3063 4018; x_wconf 78' lang='grc' dir='ltr'>οὔτε</span> <span class='ocrx_word' id='word_1_744' title='bbox 3106 3967 3242 4020; x_wconf 85' lang='grc' dir='ltr'>Θεοῦ</span> <span class='ocrx_word' id='word_1_745' title='bbox 3303 3968 3437 4022; x_wconf 86' lang='grc' dir='ltr'>Υἱόν</span> <span class='ocrx_word' id='word_1_746' title='bbox 3459 3983 3472 3997; x_wconf 73' lang='grc'><strong>⁸</strong></span> <span class='ocrx_word' id='word_1_747' title='bbox 3504 3968 3595 4021; x_wconf 80' lang='grc' dir='ltr'><strong>διὰ</strong></span> <span class='ocrx_word' id='word_1_748' title='bbox 3615 3965 3760 4019; x_wconf 86' lang='grc' dir='ltr'>τοῦτο</span> 
     </span>
    </p>
   </div>
   <div class='ocr_carea' id='block_1_99' title="bbox 2191 4056 3759 4129">
    <p class='ocr_par' dir='ltr' id='par_1_99' title="bbox 2191 4056 3759 4129">
     <span class='ocr_line' id='line_1_99' title="bbox 2191 4056 3759 4129; baseline -0.002 -18"><span class='ocrx_word' id='word_1_749' title='bbox 2191 4058 2285 4111; x_wconf 68' lang='grc' dir='ltr'>καὶ</span> <span class='ocrx_word' id='word_1_750' title='bbox 2319 4057 2461 4110; x_wconf 81' lang='grc' dir='ltr'>κατὰ</span> <span class='ocrx_word' id='word_1_751' title='bbox 2494 4057 2555 4110; x_wconf 84' lang='grc' dir='ltr'><strong>τὸ</strong></span> <span class='ocrx_word' id='word_1_752' title='bbox 2585 4059 2757 4128; x_wconf 84' lang='grc' dir='ltr'>παρὸν</span> <span class='ocrx_word' id='word_1_753' title='bbox 2784 4059 2933 4128; x_wconf 84' lang='grc' dir='ltr'>λέγει</span> <span class='ocrx_word' id='word_1_754' title='bbox 2978 4060 3121 4128; x_wconf 82' lang='grc' dir='ltr'>ἆπερ</span> <span class='ocrx_word' id='word_1_755' title='bbox 3147 4060 3240 4114; x_wconf 77' lang='grc' dir='ltr'>καὶ</span> <span class='ocrx_word' id='word_1_756' title='bbox 3270 4060 3442 4129; x_wconf 80' lang='grc' dir='ltr'>λέγει.</span> <span class='ocrx_word' id='word_1_757' title='bbox 3484 4061 3646 4114; x_wconf 77' lang='grc' dir='ltr'><strong>’Λλλά</strong></span> <span class='ocrx_word' id='word_1_758' title='bbox 3674 4056 3759 4110; x_wconf 81' lang='grc' dir='ltr'><strong>καὶ</strong></span> 
     </span>
    </p>
   </div>
   <div class='ocr_carea' id='block_1_100' title="bbox 2192 4148 3761 4221">
    <p class='ocr_par' dir='ltr' id='par_1_100' title="bbox 2192 4148 3761 4221">
     <span class='ocr_line' id='line_1_100' title="bbox 2192 4148 3761 4221; baseline 0.001 -21"><span class='ocrx_word' id='word_1_759' title='bbox 2192 4148 2620 4221; x_wconf 84' lang='grc' dir='ltr'>προηγουμένως</span> <span class='ocrx_word' id='word_1_760' title='bbox 2642 4151 2835 4219; x_wconf 78' lang='grc' dir='ltr'>ψεῦδός</span> <span class='ocrx_word' id='word_1_761' title='bbox 2865 4153 3035 4213; x_wconf 81' lang='grc' dir='ltr'>ἐστιν,</span> <span class='ocrx_word' id='word_1_762' title='bbox 3065 4151 3148 4205; x_wconf 87' lang='grc' dir='ltr'>ὅτι</span> <span class='ocrx_word' id='word_1_763' title='bbox 3173 4151 3312 4221; x_wconf 85' lang='grc' dir='ltr'>πρὸς</span> <span class='ocrx_word' id='word_1_764' title='bbox 3339 4153 3466 4218; x_wconf 80' lang='grc' dir='ltr'>τοὺς</span> <span class='ocrx_word' id='word_1_765' title='bbox 3487 4150 3761 4211; x_wconf 82' lang='grc' dir='ltr'>Ἰουδαίους</span> 
     </span>
    </p>
   </div>
   <div class='ocr_carea' id='block_1_101' title="bbox 2187 4235 3762 4312">
    <p class='ocr_par' dir='ltr' id='par_1_101' title="bbox 2187 4235 3762 4312">
     <span class='ocr_line' id='line_1_101' title="bbox 2187 4235 3762 4312; baseline -0.001 -19"><span class='ocrx_word' id='word_1_766' title='bbox 2187 4236 2313 4294; x_wconf 83' lang='grc' dir='ltr'>εἶπε</span> <span class='ocrx_word' id='word_1_767' title='bbox 2347 4240 2508 4295; x_wconf 88' lang='grc' dir='ltr'>τοῦτο</span> <span class='ocrx_word' id='word_1_768' title='bbox 2547 4244 2574 4295; x_wconf 90' lang='lat'><strong>6</strong></span> <span class='ocrx_word' id='word_1_769' title='bbox 2628 4242 2888 4312; x_wconf 87' lang='grc' dir='ltr'>Χριστός.</span> <span class='ocrx_word' id='word_1_770' title='bbox 2925 4242 3192 4311; x_wconf 84' lang='grc' dir='ltr'>Δεύτερον</span> <span class='ocrx_word' id='word_1_771' title='bbox 3241 4243 3288 4295; x_wconf 76' lang='grc' dir='ltr'>δ’</span> <span class='ocrx_word' id='word_1_772' title='bbox 3337 4245 3421 4298; x_wconf 85' lang='grc' dir='ltr'>ὃτι</span> <span class='ocrx_word' id='word_1_773' title='bbox 3475 4242 3586 4297; x_wconf 77' lang='grc' dir='ltr'>οὐδ’</span> <span class='ocrx_word' id='word_1_774' title='bbox 3619 4235 3762 4300; x_wconf 76' lang='grc' dir='ltr'>οὗτός</span> 
     </span>
    </p>
   </div>
   <div class='ocr_carea' id='block_1_102' title="bbox 2191 4331 3762 4404">
    <p class='ocr_par' dir='ltr' id='par_1_102' title="bbox 2191 4331 3762 4404">
     <span class='ocr_line' id='line_1_102' title="bbox 2191 4331 3762 4404; baseline -0.004 -19"><span class='ocrx_word' id='word_1_775' title='bbox 2191 4335 2340 4386; x_wconf 77' lang='grc' dir='ltr'>ἐστιν</span> <span class='ocrx_word' id='word_1_776' title='bbox 2367 4334 2394 4385; x_wconf 90' lang='lat'><strong>6</strong></span> <span class='ocrx_word' id='word_1_777' title='bbox 2425 4332 2519 4385; x_wconf 87' lang='grc' dir='ltr'><strong>τοῦ</strong></span> <span class='ocrx_word' id='word_1_778' title='bbox 2552 4331 2790 4401; x_wconf 84' lang='grc' dir='ltr'>Χριστοῦ</span> <span class='ocrx_word' id='word_1_779' title='bbox 2827 4333 3009 4399; x_wconf 86' lang='grc' dir='ltr'>λόγος,</span> <span class='ocrx_word' id='word_1_780' title='bbox 3047 4332 3184 4386; x_wconf 72' lang='grc' dir='ltr'>ἀλλὰ</span> <span class='ocrx_word' id='word_1_781' title='bbox 3228 4334 3372 4402; x_wconf 86' lang='grc' dir='ltr'>μετὰ</span> <span class='ocrx_word' id='word_1_782' title='bbox 3401 4335 3500 4404; x_wconf 78' lang='grc' dir='ltr'>τὴν</span> <span class='ocrx_word' id='word_1_783' title='bbox 3538 4332 3762 4385; x_wconf 81' lang='grc' dir='ltr'>ἀνάστα-</span> 
     </span>
    </p>
   </div>
   <div class='ocr_carea' id='block_1_103' title="bbox 2192 4420 3766 4494">
    <p class='ocr_par' dir='ltr' id='par_1_103' title="bbox 2192 4420 3766 4494">
     <span class='ocr_line' id='line_1_103' title="bbox 2192 4420 3766 4494; baseline -0.002 -19"><span class='ocrx_word' id='word_1_784' title='bbox 2192 4441 2275 4475; x_wconf 92' lang='grc' dir='ltr'><strong>σιν</strong></span> <span class='ocrx_word' id='word_1_785' title='bbox 2325 4423 2414 4477; x_wconf 60' lang='lat' dir='ltr'><strong>eis</strong></span> <span class='ocrx_word' id='word_1_786' title='bbox 2459 4424 2558 4494; x_wconf 78' lang='grc' dir='ltr'>τὴν</span> <span class='ocrx_word' id='word_1_787' title='bbox 2611 4424 2911 4491; x_wconf 85' lang='grc' dir='ltr'>μέλλουσαν</span> <span class='ocrx_word' id='word_1_788' title='bbox 2961 4423 3110 4494; x_wconf 80' lang='grc' dir='ltr'>αὑτῷ</span> <span class='ocrx_word' id='word_1_789' title='bbox 3146 4426 3454 4492; x_wconf 81' lang='grc' dir='ltr'>,γεγονέναι</span> <span class='ocrx_word' id='word_1_790' title='bbox 3511 4420 3766 4491; x_wconf 70' lang='grc' dir='ltr'>ἀνάληψιν</span> 
     </span>
    </p>
   </div>
   <div class='ocr_carea' id='block_1_104' title="bbox 2192 4511 3764 4586">
    <p class='ocr_par' dir='ltr' id='par_1_104' title="bbox 2192 4511 3764 4586">
     <span class='ocr_line' id='line_1_104' title="bbox 2192 4511 3764 4586; baseline -0.002 -21"><span class='ocrx_word' id='word_1_791' title='bbox 2192 4511 2312 4566; x_wconf 84' lang='grc' dir='ltr'>εἶπε</span> <span class='ocrx_word' id='word_1_792' title='bbox 2349 4517 2458 4576; x_wconf 81' lang='grc' dir='ltr'>τοῖς</span> <span class='ocrx_word' id='word_1_793' title='bbox 2500 4513 2775 4582; x_wconf 81' lang='grc' dir='ltr'>μαθηταῖς</span> <span class='ocrx_word' id='word_1_794' title='bbox 2805 4513 2998 4579; x_wconf 79' lang='grc' dir='ltr'>αὑτοῦ,</span> <span class='ocrx_word' id='word_1_795' title='bbox 3025 4515 3109 4567; x_wconf 78' lang='grc' dir='ltr'>ὅτι</span> <span class='ocrx_word' id='word_1_796' title='bbox 3142 4534 3160 4567; x_wconf 84' lang='grc' dir='ltr'><strong>ι</strong></span> <span class='ocrx_word' id='word_1_797' title='bbox 3185 4517 3495 4568; x_wconf 76' lang='grc' dir='ltr'>Ἀναϐαίνω</span> <span class='ocrx_word' id='word_1_798' title='bbox 3526 4513 3658 4586; x_wconf 83' lang='grc' dir='ltr'>πρὸς</span> <span class='ocrx_word' id='word_1_799' title='bbox 3680 4511 3764 4562; x_wconf 77' lang='grc' dir='ltr'><strong>τὸν</strong></span> 
     </span>
    </p>
   </div>
   <div class='ocr_carea' id='block_1_105' title="bbox 2189 4601 3768 4675">
    <p class='ocr_par' dir='ltr' id='par_1_105' title="bbox 2189 4601 3768 4675">
     <span class='ocr_line' id='line_1_105' title="bbox 2189 4601 3768 4675; baseline -0.002 -18"><span class='ocrx_word' id='word_1_800' title='bbox 2189 4605 2410 4675; x_wconf 86' lang='grc' dir='ltr'>Πατέρα</span> <span class='ocrx_word' id='word_1_801' title='bbox 2445 4623 2546 4675; x_wconf 91' lang='grc' dir='ltr'><strong>μου</strong></span> <span class='ocrx_word' id='word_1_802' title='bbox 2577 4607 2670 4660; x_wconf 79' lang='grc' dir='ltr'>καὶ</span> <span class='ocrx_word' id='word_1_803' title='bbox 2705 4607 2927 4675; x_wconf 78' lang='grc' dir='ltr'>Πατέρα</span> <span class='ocrx_word' id='word_1_804' title='bbox 2979 4605 3154 4675; x_wconf 84' lang='grc' dir='ltr'>ὑμῶν,</span> <span class='ocrx_word' id='word_1_805' title='bbox 3202 4608 3298 4660; x_wconf 65' lang='grc' dir='ltr'><strong>κοιλ⁵</strong></span> <span class='ocrx_word' id='word_1_806' title='bbox 3342 4606 3480 4660; x_wconf 89' lang='grc' dir='ltr'>Θεόν</span> <span class='ocrx_word' id='word_1_807' title='bbox 3531 4622 3634 4675; x_wconf 88' lang='grc' dir='ltr'><strong>μου</strong></span> <span class='ocrx_word' id='word_1_808' title='bbox 3679 4601 3768 4655; x_wconf 82' lang='grc' dir='ltr'>καὶ</span> 
     </span>
    </p>
   </div>
   <div class='ocr_carea' id='block_1_106' title="bbox 2187 4693 3768 4769">
    <p class='ocr_par' dir='ltr' id='par_1_106' title="bbox 2187 4693 3768 4769">
     <span class='ocr_line' id='line_1_106' title="bbox 2187 4693 3768 4769; baseline -0.003 -17"><span class='ocrx_word' id='word_1_809' title='bbox 2187 4699 2324 4752; x_wconf 84' lang='grc' dir='ltr'>Θεὸν</span> <span class='ocrx_word' id='word_1_810' title='bbox 2357 4699 2534 4768; x_wconf 81' lang='grc' dir='ltr'>ὑμῶν.</span> <span class='ocrx_word' id='word_1_811' title='bbox 2581 4718 2599 4751; x_wconf 83' lang='grc'><strong>›</strong></span> <span class='ocrx_word' id='word_1_812' title='bbox 2640 4699 2752 4752; x_wconf 77' lang='grc' dir='ltr'><strong>Καὶ</strong></span> <span class='ocrx_word' id='word_1_813' title='bbox 2794 4700 2996 4769; x_wconf 86' lang='grc' dir='ltr'>μᾶλλον</span> <span class='ocrx_word' id='word_1_814' title='bbox 3044 4698 3236 4768; x_wconf 82' lang='grc' dir='ltr'>ὥσπερ</span> <span class='ocrx_word' id='word_1_815' title='bbox 3269 4701 3362 4752; x_wconf 71' lang='grc' dir='ltr'><strong>ἐπὶ</strong></span> <span class='ocrx_word' id='word_1_816' title='bbox 3413 4698 3629 4751; x_wconf 83' lang='grc' dir='ltr'>πολλῶν</span> <span class='ocrx_word' id='word_1_817' title='bbox 3661 4693 3768 4748; x_wconf 80' lang='grc' dir='ltr'>ἑτέ-</span> 
     </span>
    </p>
   </div>
   <div class='ocr_carea' id='block_1_107' title="bbox 2193 4790 3764 4860">
    <p class='ocr_par' dir='ltr' id='par_1_107' title="bbox 2193 4790 3764 4860">
     <span class='ocr_line' id='line_1_107' title="bbox 2193 4790 3764 4860; baseline 0.003 -18"><span class='ocrx_word' id='word_1_818' title='bbox 2193 4806 2302 4858; x_wconf 91' lang='grc' dir='ltr'><strong>ρων</strong></span> <span class='ocrx_word' id='word_1_819' title='bbox 2331 4791 2359 4840; x_wconf 90' lang='grc' dir='ltr'>ὁ</span> <span class='ocrx_word' id='word_1_820' title='bbox 2393 4790 2631 4860; x_wconf 86' lang='grc' dir='ltr'>Χριστὸς</span> <span class='ocrx_word' id='word_1_821' title='bbox 2661 4791 3026 4858; x_wconf 80' lang='grc' dir='ltr'>ἀναφαίνεται</span> <span class='ocrx_word' id='word_1_822' title='bbox 3057 4791 3192 4852; x_wconf 86' lang='grc' dir='ltr'>Θεός</span> <span class='ocrx_word' id='word_1_823' title='bbox 3235 4807 3294 4842; x_wconf 87' lang='grc' dir='ltr'><strong>τε</strong></span> <span class='ocrx_word' id='word_1_824' title='bbox 3340 4793 3441 4846; x_wconf 73' lang='grc' dir='ltr'>καὶ</span> <span class='ocrx_word' id='word_1_825' title='bbox 3468 4791 3764 4859; x_wconf 63' lang='grc' dir='ltr'>ἄνθρωπος.</span> 
     </span>
    </p>
   </div>
   <div class='ocr_carea' id='block_1_108' title="bbox 2191 4879 3768 4951">
    <p class='ocr_par' dir='ltr' id='par_1_108' title="bbox 2191 4879 3768 4951">
     <span class='ocr_line' id='line_1_108' title="bbox 2191 4879 3768 4951; baseline -0.004 -17"><span class='ocrx_word' id='word_1_826' title='bbox 2191 4882 2335 4935; x_wconf 76' lang='grc' dir='ltr'>οὓτω</span> <span class='ocrx_word' id='word_1_827' title='bbox 2367 4883 2460 4936; x_wconf 79' lang='grc' dir='ltr'>καὶ</span> <span class='ocrx_word' id='word_1_828' title='bbox 2507 4882 2600 4935; x_wconf 76' lang='grc' dir='ltr'><strong>ἐπὶ</strong></span> <span class='ocrx_word' id='word_1_829' title='bbox 2641 4880 2737 4935; x_wconf 85' lang='grc' dir='ltr'><strong>τοῦ</strong></span> <span class='ocrx_word' id='word_1_830' title='bbox 2771 4881 2930 4949; x_wconf 89' lang='grc' dir='ltr'>λόγου</span> <span class='ocrx_word' id='word_1_831' title='bbox 2963 4881 3180 4936; x_wconf 85' lang='grc' dir='ltr'>τούτου.</span> <span class='ocrx_word' id='word_1_832' title='bbox 3226 4881 3316 4936; x_wconf 83' lang='grc' dir='ltr'>Ἐν</span> <span class='ocrx_word' id='word_1_833' title='bbox 3350 4883 3463 4950; x_wconf 83' lang='grc' dir='ltr'>γὰρ</span> <span class='ocrx_word' id='word_1_834' title='bbox 3493 4880 3574 4951; x_wconf 77' lang='grc' dir='ltr'>τῷ</span> <span class='ocrx_word' id='word_1_835' title='bbox 3602 4879 3768 4932; x_wconf 75' lang='grc' dir='ltr'>εἰπεῖν</span> 
     </span>
    </p>
   </div>
   <div class='ocr_carea' id='block_1_109' title="bbox 2193 4970 3768 5044">
    <p class='ocr_par' dir='ltr' id='par_1_109' title="bbox 2193 4970 3768 5044">
     <span class='ocr_line' id='line_1_109' title="bbox 2193 4970 3768 5044; baseline -0.006 -14"><span class='ocrx_word' id='word_1_836' title='bbox 2193 4976 2380 5030; x_wconf 82' lang='grc' dir='ltr'>τοῦτον</span> <span class='ocrx_word' id='word_1_837' title='bbox 2411 4975 2502 5029; x_wconf 86' lang='grc' dir='ltr'><strong>τὸν</strong></span> <span class='ocrx_word' id='word_1_838' title='bbox 2547 4973 2809 5044; x_wconf 76' lang='grc' dir='ltr'>Χριστὸν,</span> <span class='ocrx_word' id='word_1_839' title='bbox 2839 4975 2920 5027; x_wconf 79' lang='grc' dir='ltr'><strong>ότι</strong></span> <span class='ocrx_word' id='word_1_840' title='bbox 2959 4991 2978 5025; x_wconf 81' lang='grc' dir='ltr'><strong>ι</strong></span> <span class='ocrx_word' id='word_1_841' title='bbox 3033 4973 3339 5028; x_wconf 78' lang='grc' dir='ltr'>Ἀναϐαίνω</span> <span class='ocrx_word' id='word_1_842' title='bbox 3375 4973 3516 5042; x_wconf 83' lang='grc' dir='ltr'>πρὸς</span> <span class='ocrx_word' id='word_1_843' title='bbox 3547 4973 3638 5024; x_wconf 86' lang='grc' dir='ltr'><strong>τὸν</strong></span> <span class='ocrx_word' id='word_1_844' title='bbox 3665 4970 3768 5022; x_wconf 84' lang='grc' dir='ltr'>Πα-</span> 
     </span>
    </p>
   </div>
   <div class='ocr_carea' id='block_1_110' title="bbox 2191 5063 3768 5138">
    <p class='ocr_par' dir='ltr' id='par_1_110' title="bbox 2191 5063 3768 5138">
     <span class='ocr_line' id='line_1_110' title="bbox 2191 5063 3768 5138; baseline -0.006 -17"><span class='ocrx_word' id='word_1_845' title='bbox 2191 5069 2329 5138; x_wconf 79' lang='grc' dir='ltr'>τέρα</span> <span class='ocrx_word' id='word_1_846' title='bbox 2363 5085 2467 5138; x_wconf 91' lang='grc' dir='ltr'><strong>μου</strong></span> <span class='ocrx_word' id='word_1_847' title='bbox 2499 5067 2595 5120; x_wconf 80' lang='grc' dir='ltr'>καὶ</span> <span class='ocrx_word' id='word_1_848' title='bbox 2647 5067 2867 5137; x_wconf 88' lang='grc' dir='ltr'>Πατέρα</span> <span class='ocrx_word' id='word_1_849' title='bbox 2918 5065 3095 5135; x_wconf 82' lang='grc' dir='ltr'>ὑμῶν,</span> <span class='ocrx_word' id='word_1_850' title='bbox 3129 5085 3147 5116; x_wconf 75' lang='grc' dir='ltr'><strong>ι</strong></span> <span class='ocrx_word' id='word_1_851' title='bbox 3179 5065 3383 5130; x_wconf 70' lang='grc' dir='ltr'>ἔδειξεν</span> <span class='ocrx_word' id='word_1_852' title='bbox 3433 5065 3518 5118; x_wconf 79' lang='grc' dir='ltr'>ὅτι</span> <span class='ocrx_word' id='word_1_853' title='bbox 3551 5063 3768 5132; x_wconf 77' lang='grc' dir='ltr'>γνήσιος</span> 
     </span>
    </p>
   </div>
   <div class='ocr_carea' id='block_1_111' title="bbox 2197 5151 3768 5228">
    <p class='ocr_par' dir='ltr' id='par_1_111' title="bbox 2197 5151 3768 5228">
     <span class='ocr_line' id='line_1_111' title="bbox 2197 5151 3768 5228; baseline -0.005 -16"><span class='ocrx_word' id='word_1_854' title='bbox 2197 5159 2383 5228; x_wconf 77' lang='grc' dir='ltr'>Πατὴρ</span> <span class='ocrx_word' id='word_1_855' title='bbox 2419 5157 2584 5212; x_wconf 80' lang='grc' dir='ltr'>αὑτοῦ</span> <span class='ocrx_word' id='word_1_856' title='bbox 2622 5159 2768 5210; x_wconf 74' lang='grc' dir='ltr'>ἐστιν</span> <span class='ocrx_word' id='word_1_857' title='bbox 2793 5159 2821 5210; x_wconf 91' lang='grc' dir='ltr'><strong>ό</strong></span> <span class='ocrx_word' id='word_1_858' title='bbox 2859 5157 3014 5220; x_wconf 84' lang='grc' dir='ltr'>Θεὸς,</span> <span class='ocrx_word' id='word_1_859' title='bbox 3047 5158 3142 5210; x_wconf 76' lang='grc' dir='ltr'>καὶ</span> <span class='ocrx_word' id='word_1_860' title='bbox 3181 5157 3281 5224; x_wconf 83' lang='grc' dir='ltr'>τῆς</span> <span class='ocrx_word' id='word_1_861' title='bbox 3318 5156 3516 5218; x_wconf 80' lang='grc' dir='ltr'>οὐσίας</span> <span class='ocrx_word' id='word_1_862' title='bbox 3551 5155 3644 5207; x_wconf 82' lang='grc' dir='ltr'>καὶ</span> <span class='ocrx_word' id='word_1_863' title='bbox 3675 5151 3768 5218; x_wconf 76' lang='grc' dir='ltr'><strong>φύ-</strong></span> 
     </span>
    </p>
   </div>
   <div class='ocr_carea' id='block_1_112' title="bbox 2196 5227 3783 5332">
    <p class='ocr_par' dir='ltr' id='par_1_112' title="bbox 2196 5227 3783 5332">
     <span class='ocr_line' id='line_1_112' title="bbox 2196 5227 3783 5332; baseline -0.008 -28"><span class='ocrx_word' id='word_1_864' title='bbox 2196 5268 2334 5313; x_wconf 87' lang='grc' dir='ltr'>σεως</span> <span class='ocrx_word' id='word_1_865' title='bbox 2357 5227 2542 5303; x_wconf 80' lang='grc' dir='ltr'>αὑτοῦ</span> <span class='ocrx_word' id='word_1_866' title='bbox 2576 5251 2724 5302; x_wconf 74' lang='grc' dir='ltr'>ἐστιν</span> <span class='ocrx_word' id='word_1_867' title='bbox 2757 5250 2786 5302; x_wconf 92' lang='lat'><strong>6</strong></span> <span class='ocrx_word' id='word_1_868' title='bbox 2821 5249 3082 5318; x_wconf 84' lang='grc' dir='ltr'>Χριστός.</span> <span class='ocrx_word' id='word_1_869' title='bbox 3129 5248 3238 5300; x_wconf 78' lang='grc' dir='ltr'><strong>Καὶ</strong></span> <span class='ocrx_word' id='word_1_870' title='bbox 3284 5247 3374 5300; x_wconf 73' lang='grc' dir='ltr'>διὰ</span> <span class='ocrx_word' id='word_1_871' title='bbox 3412 5247 3574 5300; x_wconf 85' lang='grc' dir='ltr'>τοῦτο</span> <span class='ocrx_word' id='word_1_872' title='bbox 3604 5227 3783 5332; x_wconf 68' lang='grc' dir='ltr'>κεχωοξ</span> 
     </span>
    </p>
   </div>
   <div class='ocr_carea' id='block_1_113' title="bbox 2195 5333 3802 5439">
    <p class='ocr_par' dir='ltr' id='par_1_113' title="bbox 2195 5333 3802 5439">
     <span class='ocr_line' id='line_1_113' title="bbox 2195 5333 3802 5439; baseline -0.006 -45"><span class='ocrx_word' id='word_1_873' title='bbox 2195 5344 2468 5412; x_wconf 84' lang='grc' dir='ltr'>ρισμένως</span> <span class='ocrx_word' id='word_1_874' title='bbox 2517 5336 2674 5394; x_wconf 81' lang='grc' dir='ltr'>εἶπεν</span> <span class='ocrx_word' id='word_1_875' title='bbox 2716 5341 2798 5393; x_wconf 84' lang='grc' dir='ltr'>ὅτι</span> <span class='ocrx_word' id='word_1_876' title='bbox 2833 5360 2852 5392; x_wconf 79' lang='grc' dir='ltr'><strong>ι</strong></span> <span class='ocrx_word' id='word_1_877' title='bbox 2903 5338 3202 5394; x_wconf 79' lang='grc' dir='ltr'>Ἀναϐαίνω</span> <span class='ocrx_word' id='word_1_878' title='bbox 3246 5339 3387 5409; x_wconf 54' lang='grc' dir='ltr'>πρὸς</span> <span class='ocrx_word' id='word_1_879' title='bbox 3428 5339 3521 5390; x_wconf 89' lang='grc' dir='ltr'><strong>τὸν</strong></span> <span class='ocrx_word' id='word_1_880' title='bbox 3559 5333 3802 5439; x_wconf 34' lang='grc' dir='ltr'>Πττέροὶ</span> 
     </span>
    </p>
   </div>
   <div class='ocr_carea' id='block_1_114' title="bbox 2195 5425 3764 5505">
    <p class='ocr_par' dir='ltr' id='par_1_114' title="bbox 2195 5425 3764 5505">
     <span class='ocr_line' id='line_1_114' title="bbox 2195 5425 3764 5505; baseline -0.01 -16"><span class='ocrx_word' id='word_1_881' title='bbox 2195 5453 2318 5505; x_wconf 88' lang='grc' dir='ltr'>μου.</span> <span class='ocrx_word' id='word_1_882' title='bbox 2359 5455 2374 5488; x_wconf 78' lang='grc' dir='ltr'><strong>ι</strong></span> <span class='ocrx_word' id='word_1_883' title='bbox 2415 5435 2474 5487; x_wconf 83' lang='grc' dir='ltr'><strong>Εἰ</strong></span> <span class='ocrx_word' id='word_1_884' title='bbox 2502 5435 2608 5504; x_wconf 84' lang='grc' dir='ltr'>γὰρ</span> <span class='ocrx_word' id='word_1_885' title='bbox 2631 5433 2706 5497; x_wconf 84' lang='grc' dir='ltr'>ὡς</span> <span class='ocrx_word' id='word_1_886' title='bbox 2736 5427 2815 5495; x_wconf 76' lang='grc' dir='ltr'>εἷς</span> <span class='ocrx_word' id='word_1_887' title='bbox 2850 5433 2959 5486; x_wconf 84' lang='grc' dir='ltr'><strong>τῶν</strong></span> <span class='ocrx_word' id='word_1_888' title='bbox 2989 5432 3202 5486; x_wconf 83' lang='grc' dir='ltr'>πολλῶν</span> <span class='ocrx_word' id='word_1_889' title='bbox 3227 5431 3520 5500; x_wconf 76' lang='grc' dir='ltr'>εὑρίσκετο</span> <span class='ocrx_word' id='word_1_890' title='bbox 3560 5428 3652 5480; x_wconf 74' lang='grc' dir='ltr'>καὶ</span> <span class='ocrx_word' id='word_1_891' title='bbox 3678 5425 3764 5477; x_wconf 78' lang='grc' dir='ltr'><strong>αὑο</strong></span> 
     </span>
    </p>
   </div>
   <div class='ocr_carea' id='block_1_115' title="bbox 2189 5522 3765 5596">
    <p class='ocr_par' dir='ltr' id='par_1_115' title="bbox 2189 5522 3765 5596">
     <span class='ocr_line' id='line_1_115' title="bbox 2189 5522 3765 5596; baseline -0.008 -16"><span class='ocrx_word' id='word_1_892' title='bbox 2189 5531 2302 5594; x_wconf 88' lang='grc' dir='ltr'>τὸς,</span> <span class='ocrx_word' id='word_1_893' title='bbox 2333 5529 2529 5590; x_wconf 81' lang='grc' dir='ltr'>κοινῶς</span> <span class='ocrx_word' id='word_1_894' title='bbox 2561 5527 2637 5590; x_wconf 79' lang='grc' dir='ltr'><strong>ὡς</strong></span> <span class='ocrx_word' id='word_1_895' title='bbox 2667 5527 2760 5580; x_wconf 70' lang='grc' dir='ltr'><strong>ἐπὶ</strong></span> <span class='ocrx_word' id='word_1_896' title='bbox 2793 5525 3013 5596; x_wconf 86' lang='grc' dir='ltr'>πρώτου</span> <span class='ocrx_word' id='word_1_897' title='bbox 3043 5523 3343 5594; x_wconf 83' lang='grc' dir='ltr'>προσώπου</span> <span class='ocrx_word' id='word_1_898' title='bbox 3376 5522 3576 5592; x_wconf 76' lang='grc' dir='ltr'>ἔμελλε</span> <span class='ocrx_word' id='word_1_899' title='bbox 3604 5534 3765 5590; x_wconf 85' lang='grc' dir='ltr'>προσ-</span> 
     </span>
    </p>
   </div>
   <div class='ocr_carea' id='block_1_116' title="bbox 2193 5610 3765 5688">
    <p class='ocr_par' dir='ltr' id='par_1_116' title="bbox 2193 5610 3765 5688">
     <span class='ocr_line' id='line_1_116' title="bbox 2193 5610 3765 5688; baseline -0.009 -17"><span class='ocrx_word' id='word_1_900' title='bbox 2193 5622 2381 5688; x_wconf 75' lang='grc' dir='ltr'>φέρειν</span> <span class='ocrx_word' id='word_1_901' title='bbox 2407 5621 2498 5673; x_wconf 90' lang='grc' dir='ltr'><strong>τὸν</strong></span> <span class='ocrx_word' id='word_1_902' title='bbox 2522 5619 2700 5687; x_wconf 86' lang='grc' dir='ltr'>λόγον,</span> <span class='ocrx_word' id='word_1_903' title='bbox 2732 5621 2827 5671; x_wconf 84' lang='grc' dir='ltr'>καὶ</span> <span class='ocrx_word' id='word_1_904' title='bbox 2854 5619 3029 5670; x_wconf 76' lang='grc' dir='ltr'>εἰπεῖν</span> <span class='ocrx_word' id='word_1_905' title='bbox 3061 5617 3163 5669; x_wconf 84' lang='grc' dir='ltr'>ὅτι·</span> <span class='ocrx_word' id='word_1_906' title='bbox 3186 5613 3496 5669; x_wconf 84' lang='grc' dir='ltr'>’Λναϐαίνω</span> <span class='ocrx_word' id='word_1_907' title='bbox 3522 5613 3657 5684; x_wconf 87' lang='grc' dir='ltr'>πρὸς</span> <span class='ocrx_word' id='word_1_908' title='bbox 3681 5610 3765 5660; x_wconf 82' lang='grc' dir='ltr'><strong>τὸν</strong></span> 
     </span>
    </p>
   </div>
   <div class='ocr_carea' id='block_1_117' title="bbox 2196 5699 3757 5784">
    <p class='ocr_par' dir='ltr' id='par_1_117' title="bbox 2196 5699 3757 5784">
     <span class='ocr_line' id='line_1_117' title="bbox 2196 5699 3757 5784; baseline -0.006 -18"><span class='ocrx_word' id='word_1_909' title='bbox 2196 5712 2412 5784; x_wconf 79' lang='grc' dir='ltr'>Πατέρα</span> <span class='ocrx_word' id='word_1_910' title='bbox 2441 5711 2620 5783; x_wconf 78' lang='grc' dir='ltr'>ἡμῶν.</span> <span class='ocrx_word' id='word_1_911' title='bbox 2654 5711 2730 5764; x_wconf 82' lang='grc' dir='ltr'>Τὸ</span> <span class='ocrx_word' id='word_1_912' title='bbox 2763 5710 2806 5764; x_wconf 82' lang='grc' dir='ltr'>δ’</span> <span class='ocrx_word' id='word_1_913' title='bbox 2842 5707 2984 5764; x_wconf 80' lang='grc' dir='ltr'>οὕτω</span> <span class='ocrx_word' id='word_1_914' title='bbox 3015 5706 3445 5778; x_wconf 61' lang='grc' dir='ltr'>κεχωρισμένως</span> <span class='ocrx_word' id='word_1_915' title='bbox 3477 5705 3654 5760; x_wconf 82' lang='grc' dir='ltr'>είπεῖν</span> <span class='ocrx_word' id='word_1_916' title='bbox 3684 5699 3757 5764; x_wconf 55' lang='grc' dir='ltr'><strong>τὸ,</strong></span> 
     </span>
    </p>
   </div>
   <div class='ocr_carea' id='block_1_118' title="bbox 588 5882 2388 5958">
    <p class='ocr_par' dir='ltr' id='par_1_118' title="bbox 588 5882 2308 5958">
     <span class='ocr_line' id='line_1_118' title="bbox 588 5882 2308 5958; baseline 0.005 -21"><span class='ocrx_word' id='word_1_917' title='bbox 588 5882 630 5912; x_wconf 73' lang='grc'><strong>⁸³</strong></span> <span class='ocrx_word' id='word_1_918' title='bbox 669 5883 791 5939; x_wconf 79' lang='lat' dir='ltr'><strong>l‘sal</strong></span> <span class='ocrx_word' id='word_1_919' title='bbox 859 5902 983 5951; x_wconf 74' lang='lat' dir='ltr'><strong>xm,</strong></span> <span class='ocrx_word' id='word_1_920' title='bbox 1031 5889 1114 5942; x_wconf 74' lang='lat' dir='ltr'><strong>l2.</strong></span> <span class='ocrx_word' id='word_1_921' title='bbox 1197 5887 1238 5918; x_wconf 60' lang='grc'><strong>⁸³</strong></span> <span class='ocrx_word' id='word_1_922' title='bbox 1281 5887 1433 5943; x_wconf 73' lang='lat' dir='ltr'><strong>loan.</strong></span> <span class='ocrx_word' id='word_1_923' title='bbox 1482 5907 1591 5957; x_wconf 57' lang='grc' dir='ltr'>ττι,</span> <span class='ocrx_word' id='word_1_924' title='bbox 1642 5891 1721 5946; x_wconf 66' lang='lat' dir='ltr'><strong>l-‘i.</strong></span> <span class='ocrx_word' id='word_1_925' title='bbox 1802 5892 1844 5924; x_wconf 67' lang='grc' dir='ltr'><strong>δ”</strong></span> <span class='ocrx_word' id='word_1_926' title='bbox 1887 5893 2043 5948; x_wconf 83' lang='lat' dir='ltr'><strong>.loan.</strong></span> <span class='ocrx_word' id='word_1_927' title='bbox 2090 5908 2178 5958; x_wconf 69' lang='lat' dir='ltr'><strong>xx,</strong></span> <span class='ocrx_word' id='word_1_928' title='bbox 2228 5893 2308 5946; x_wconf 80' lang='grc' dir='ltr'>Π.</span> 
     </span>
    </p>
   </div>
  </div>
