4058 6464
283 493 394 558 669

1241 498 1544 559 CONTRA
1581 495 2069 560 MAHOMETEM
2109 497 2396 558 ORATIO
2437 499 2556 559 III.

3437 500 3546 562 670

295 603 596 658 Ἀναὸαίνω
628 604 764 675 πρὸς
807 607 897 660 τὸν
920 607 1136 676 Πατέρα
1175 627 1303 678 μου,
1337 614 1428 667 ἐπὶ
1456 612 1677 682 πρώτου
1703 627 1861 680 προσα

1973 617 2241 664 nostrum.
2291 611 2428 665 Cum
2480 625 2614 664 vero
2664 609 2967 664 distinctim
3003 610 3187 664 dicat:
3241 627 3258 662 ε
3295 609 3548 666 Ascendo

279 697 457 757 ῶπου,
505 691 624 747 εἶτα
680 696 775 749 καὶ
826 697 1044 766 Πατέρα
1104 700 1389 773 eamne,-
1441 703 1535 755 ἐπὶ
1578 704 1858 772 δευτέρου,

281 789 503 850 πάντως
525 786 678 841 οὐδὲν
708 787 897 857 ἕτερον
928 791 1176 861 εἴρηκεν,
1199 793 1310 847 οὐδ’
1343 794 1474 848 ἄλλο
1502 796 1791 866 ἐδήλωσεν,
1825 796 1858 866 ἢ

279 880 366 936 ὅτι
391 878 553 944 αὐτὸς
591 881 690 950 μὲν
720 883 748 934 6
785 883 1022 954 Χριστὸς
1052 883 1210 953 φύσει
1235 887 1384 940 ἐστὶν
1416 887 1543 950 Υίὸς
1571 887 1662 940 τοῦ
1697 886 1859 952 Θεοῦ,
1907 895 1911 899 “

282 973 334 1024 οί
365 971 411 1024 δ’
461 972 612 1028 ἄλλοι
663 974 863 1036 πάντες
911 975 1099 1046 χάριτι
1128 993 1142 1008 °
1176 978 1253 1040 ὡς
1300 979 1384 1045 τὸ,
1441 997 1461 1031 ι
1509 979 1651 1047 Ἐγὼ
1707 975 1858 1047 εἶπα,

288 1064 414 1116 Θεοί
438 1065 559 1118 ἐστε
582 1065 677 1119 καὶ
708 1067 812 1118 υίοὶ
825 1064 1086 1136 Ὑψίστου
1113 1071 1336 1133 πάντες.
1376 1090 1394 1123 ι
1435 1071 1540 1124 Τὸν
1571 1072 1736 1124 αὐτὸν
1767 1072 1860 1126 καὶ

284 1155 470 1221 ὅμοιον
519 1155 720 1226 τρόπον
771 1157 964 1225 ἐδήλου
999 1161 1096 1212 καὶ
1135 1161 1197 1214 τὸ
1233 1179 1252 1212 ι
1292 1162 1428 1214 Θεόν
1461 1179 1565 1232 μου
1597 1163 1693 1216 καὶ
1725 1163 1861 1216 Θεὸν

282 1245 458 1314 ὑμῶν.
494 1263 512 1297 ι
549 1248 659 1300 Καὶ
687 1249 769 1301 ὅτι
801 1248 902 1318 μὲν
935 1250 1019 1313 ὡς
1052 1250 1336 1320 ἄνθρωπος
1354 1255 1544 1322 εἴρηκε
1573 1254 1634 1307 τὸ
1666 1273 1686 1306 ‹
1724 1253 1858 1306 Θεόν

284 1354 412 1406 μου,
451 1354 470 1389 ι
505 1339 664 1391 παντί
695 1356 798 1394 που
825 1339 989 1408 δῆλον
1012 1359 1027 1374 ·
1059 1343 1179 1395 ἀλλ’
1227 1343 1337 1395 οὐδ’
1369 1344 1501 1397 αὐτὸ
1543 1344 1745 1413 ὁμοίως
1783 1345 1861 1408 ὡς

284 1429 489 1493 πάντες
537 1431 844 1502 ἄνθρωποι.
898 1435 992 1496 Εἰς
1033 1437 1140 1503 γάρ
1190 1436 1399 1500 πάντας
1431 1435 1624 1505 ἁγίους
1650 1437 1862 1505 ἀνθρώ·

285 1538 423 1582 παυς
475 1522 616 1575 κατά
649 1523 812 1592 χάριν
863 1523 1082 1589 λέγεται
1111 1527 1140 1578 6
1173 1526 1305 1590 Θεὸς
1334 1526 1467 1588 Θεὸς
1498 1528 1684 1582 αὐτῶν
1707 1543 1722 1558 ο
1783 1528 1858 1591 ὡς

278 1607 415 1663 ὅταν
444 1609 670 1679 λέγηται
691 1611 828 1674 Θεὸς
874 1613 1129 1684 Ἀϐραὰμ
1155 1616 1252 1668 καὶ
1293 1617 1480 1670 Ἰσαὰκ
1511 1619 1606 1671 καὶ
1635 1615 1858 1682 Ἰακὼϐ,

280 1700 378 1752 καὶ
407 1700 516 1752 τῶν
566 1701 772 1768 ὁμοίων
805 1702 1008 1768 αὐτοῖς.
1041 1706 1149 1759 Καὶ
1195 1705 1304 1778 γάρ
1349 1708 1620 1778 πρότερον
1653 1709 1862 1780 καθαρ-

281 1792 471 1854 θέντες
522 1796 618 1848 καὶ
647 1793 1044 1864 ἀπονιψάμενοι
1073 1797 1171 1860 τὰς
1225 1798 1362 1862 ἰδίας
1415 1800 1711 1870 ἁμαρτίας,
1766 1803 1860 1854 καὶ

279 1882 569 1952 γενόμενοι
623 1885 795 1954 σκεύη
847 1886 1030 1950 ἐλέους
1062 1887 1252 1941 ἔκτοτε
1301 1889 1548 1960 δέχονται
1602 1892 1699 1962 τὴν
1761 1893 1855 1946 τοῦ

283 1973 426 2026 Θεοῦ
451 1975 632 2045 χάριν,
669 1977 764 2030 καὶ
794 1977 1038 2045 γίνονται
1063 1981 1171 2033 υἱοὶ
1213 1980 1375 2046 Θεοῦ,
1407 1983 1500 2035 καὶ
1529 1982 1859 2049 ὀνομάζεται

281 2065 310 2116 6
344 2063 479 2126 Θεὸς
501 2065 636 2128 Θεὸς
665 2067 870 2121 αὐτῶν.
889 2068 1013 2121 Ἐπὶ
1035 2068 1092 2122 δὲ
1121 2067 1217 2122 τοῦ
1247 2069 1491 2139 Χριστοῦ
1517 2073 1616 2142 οὐχ
1644 2071 1820 2136 οὕτως
1841 2089 1858 2104 ·

280 2156 418 2210 ἀλλά
445 2158 636 2228 Πατὴρ
663 2158 830 2212 αὑτοῦ
853 2159 1072 2229 λέγεται
1096 2164 1123 2214 6
1151 2161 1306 2225 Θεὸς,
1323 2162 1458 2215 διότι
1497 2164 1734 2234 γέννημα
1759 2167 1860 2235 τῆς

283 2249 635 2312 ὑποστάσεως
664 2249 758 2302 τοῦ
784 2252 996 2320 Πατρός
1017 2255 1156 2316 ἐστι,
1185 2253 1276 2306 καὶ
1305 2253 1404 2324 μία
1433 2258 1613 2323 φύσις.
1641 2257 1735 2310 καὶ
1764 2258 1860 2326 μία

283 2339 464 2402 οὐσία,
479 2341 571 2394 καὶ
600 2342 812 2410 Θεότης,
835 2346 930 2397 καὶ
951 2344 1181 2414 δύναμις
1204 2346 1417 2414 Πατρὸς
1439 2349 1532 2399 κκὶ
1565 2349 1690 2401 Υίοῦ
1715 2351 1851 2405 ἐστι.

291 2431 426 2494 Θεὸς
451 2433 504 2486 δὴ
530 2433 626 2486 τοῦ
660 2436 898 2505 Χριστοῦ
925 2438 1146 2505 λέγεται
1168 2439 1257 2492 διὰ
1279 2439 1378 2509 τὴν
1401 2439 1524 2492 καθ’
1558 2443 1858 2496 ὑπόστασιν

295 2519 486 2576 ἕνωσιν
507 2524 600 2578 τοῦ
629 2527 758 2579 ἰ’ίοῦ
792 2527 866 2597 τῷ
897 2530 1313 2599 προσλήμματι,
1341 2531 1464 2600 οὐχὶ
1493 2531 1548 2582 δὲ
1574 2535 1710 2588 κατὰ
1735 2536 1858 2598 τοὺς

288 2613 494 2682 ἁγίους.
533 2618 644 2671 Καὶ
671 2619 760 2672 διά
791 2620 949 2674 τοῦτο
975 2618 1096 2675 εἷπε
1130 2625 1222 2677 καὶ
1281 2628 1412 2694 περὶ
1442 2627 1634 2681 τούτου
1681 2647 1856 2700 κεχω-

285 2708 556 2777 ρισμένως
583 2712 664 2779 τὸ,
711 2731 729 2764 ι
777 2715 1084 2769 Ἀναϐαίνω
1139 2717 1277 2787 πρὸς
1327 2719 1419 2772 τὸν
1448 2722 1579 2773 Θεὸν
1624 2740 1726 2792 μου
1759 2722 1858 2775 καὶ

281 2799 415 2853 Θεὸν
449 2802 627 2868 ὑμῶν.
660 2822 679 2856 t
716 2804 946 2868 Βλέπεις
981 2808 1098 2870 πῶς
1130 2809 1313 2863 καὶτὰ
1337 2811 1602 2866 δοκοῦντα
1626 2815 1858 2868 ταπεινά

279 2889 375 2942 ἐπὶ
413 2891 508 2944 τοῦ
542 2893 781 2962 Χριστοῦ
817 2896 995 2964 μέγαν
1042 2898 1138 2950 καὶ
1179 2900 1438 2968 ὑπερφυᾶ
1471 2903 1565 2956 καὶ
1615 2903 1857 2966 ἐξαίσιον

279 2981 396 3049 ἔχει
429 2985 521 3037 τὸν
551 2985 714 3053 νοῦν;
749 2987 944 3042 Τοίνυν
973 2992 1032 3056 ἐξ
1077 2992 1278 3055 αὐτῶν,
1309 2987 1384 3046 ὧν
1417 2997 1444 3047 6
1491 2996 1592 3063 μὲν
1624 2997 1857 3065 Χριστὸς

279 3076 462 3139 καλῶς
508 3079 752 3148 εἴρηκεν,
786 3083 815 3134 6
864 3081 922 3133 δὲ
957 3083 1203 3152 Μωάμεθ
1249 3086 1437 3148 κακῶς
1487 3087 1854 3158 προσέφερεν,

280 3167 639 3238 ἀναφαίνεται
664 3175 692 3226 6
718 3174 952 3244 Χριστὸς
994 3175 1126 3238 Θεός
1155 3191 1213 3228 τε
1241 3177 1334 3228 καὶ
1363 3176 1670 3247 ἄνθρωπος.

355 3376 415 3434 ε’.
448 3381 571 3432 Ἔτι
627 3380 872 3450 ἀρνεῖται
909 3383 1006 3452 μὲν
1040 3384 1069 3436 6
1101 3383 1348 3454 Μωάμεθ
1385 3383 1444 3437 τὸ
1481 3385 1574 3438 τὸν
1619 3383 1857 3456 Χριστὸν

283 3471 413 3525 Υἰὸν
440 3467 581 3525 εἶναι
610 3471 743 3525 Θεοῦ
777 3475 871 3526 καὶ⁷
897 3475 1028 3527 Θεόν
1049 3492 1065 3506 ο
1091 3477 1339 3544 ἀρνεῖται
1363 3477 1418 3528 δὲ
1449 3476 1546 3529 καὶ
1571 3478 1651 3529 ὅτι
1687 3477 1858 3546 ὲσαρ·

285 3560 457 3628 κὼθη.
503 3561 662 3614 Ἀλλά
693 3560 846 3630 ψιλὸν
876 3563 1034 3631 μόνον
1066 3561 1352 3633 ἄνθρωπον
1379 3563 1522 3630 λέγει
1557 3563 1696 3618 κατὰ
1740 3566 1856 3617 Νε-

282 3651 516 3720 στὸριον,
561 3650 655 3703 καὶ
725 3639 788 3704 sic
835 3653 1105 3722 παρθένου
1176 3654 1556 3722 γεγεννῆσθαι,
1617 3655 1770 3722 ἅγιον
1805 3655 1861 3708 δὲ

286 3743 428 3812 ὑπὲρ
461 3745 670 3805 πάντας
702 3744 1044 3815 ἀνθρώπους,
1081 3746 1174 3798 καὶ
1220 3746 1403 3814 σοφὸν,
1442 3745 1538 3798 καὶ
1579 3747 1862 3820 προφήτην

285 3835 514 3904 μείζονα
562 3837 780 3890 πάντων
827 3838 937 3889 τῶν
976 3837 1299 3907 προφητῶν.
1337 3839 1442 3890 Καὶ
1473 3839 1653 3909 ῥητῶς
1687 3841 1865 3908 ὑπερ-

285 3927 574 3997 άνθρωπον
620 3921 808 3981 τοῦτον
837 3931 1012 3992 καλεῖ,
1040 3931 1172 3983 Θεὸν
1207 3931 1262 3984 δὲ
1294 3931 1387 3984 καὶ
1425 3931 1560 3984 Θεοῦ
1604 3932 1732 3985 Υίὸν
1771 3933 1864 3984 οὐ·

283 4017 493 4086 δαμῶς.
528 4018 682 4072 Ἐπεὶ
716 4017 846 4085 γοῦν
873 4020 904 4086 ἡ
933 4020 1084 4071 πᾶσα
1121 4025 1479 4089 πραγματεία
1503 4021 1599 4089 τῆς
1628 4039 1684 4073 τε
1716 4020 1864 4090 πρώο

282 4125 383 4175 της
413 4110 502 4161 καὶ
542 4109 800 4180 δευτέρας
831 4110 924 4162 καὶ
955 4111 1144 4179 τρίτης
1173 4103 1469 4178 ἀπολογίας
1508 4112 1666 4164 τοῦτό
1693 4114 1860 4178 ἐστιν,

281 4202 372 4254 ἵνα
405 4201 610 4272 δειχθῇ,
641 4203 787 4265 ὅπως
814 4204 842 4255 6
867 4203 1099 4271 Χριστὸς
1127 4203 1261 4265 Θεὸς
1284 4205 1376 4255 καὶ
1401 4203 1535 4255 Θεοῦ
1571 4203 1696 4263 Υἱός
1723 4207 1862 4265 ἐστι,

287 4293 384 4347 καὶ
413 4294 560 4352 ὃπω;
595 4294 731 4356 Θεὸς
766 4294 843 4347 ὢν
878 4294 966 4347 ἐπ’
994 4295 1238 4364 ἐσχάτων
1277 4295 1386 4346 τῶν
1428 4293 1652 4363 ἡμερῶν
1681 4294 1863 4346 λαϐὼν

288 4387 355 4436 ἐκ
388 4386 486 4454 τῆς
522 4386 682 4453 ἁγίας
723 4385 1001 4458 Παρθένου
1052 4388 1257 4456 σάρκα,
1280 4386 1498 4453 ἐγένετο
1532 4386 1736 4448 τέλειος
1766 4386 1860 4438 av.

287 4478 528 4546 Ορωπος,
558 4477 747 4548 ὥσπερ
780 4481 876 4531 καὶ
915 4478 1121 4542 τέλειος
1155 4479 1308 4541 Θεὸς,
1341 4476 1600 4545 περιττὸν
1633 4479 1725 4530 καὶ
1761 4493 1865 4530 πα-

288 4569 481 4639 ρέλκον
536 4571 682 4623 δοκεῖ
727 4572 814 4624 ἵνα
847 4572 941 4624 καὶ
975 4570 1131 4634 αὖθις
1174 4572 1242 4624 τὰ
1292 4570 1430 4623 αῦτά
1457 4570 1861 4640 ἐπιχειρῶμεν·

1963 702 2028 755 ad
2065 703 2281 758 Patrem
2312 717 2516 766 meum,
2550 722 2570 754 ι
2597 704 2648 755 in
2684 703 2859 773 prima
2885 703 3152 773 persona,
3190 702 3414 768 deinde,
3445 723 3462 756 ι
3494 716 3549 759 et

1961 802 2170 863 patrem
2225 806 2491 856 vestrum,
2534 812 2552 846 ι
2585 795 2741 862 quasi
2794 795 2850 848 in
2905 794 3170 858 secunda,
3202 793 3339 848 nihil
3398 794 3546 849 aliud

1961 884 2188 939 omnino
2220 884 2380 947 dixit,
2429 899 2533 938 nec
2585 884 2733 938 aliud
2803 883 3134 949 signiﬁcavit
3184 873 3346 953 q'uam
3401 886 3548 954 quod

1963 974 2081 1043 ipse
2134 973 2388 1029 Christus
2441 983 2637 1027 natura
2697 974 2770 1026 sit
2837 975 2928 1029 Dei
2997 974 3208 1029 Filius:
3267 976 3357 1029 alii
3414 991 3548 1030 vero

1962 1079 2174 1128 omnes,
2205 1065 2394 1134 gratia.
2436 1063 2592 1120 Sicut
2617 1075 2672 1119 et
2705 1065 2872 1119 illud:
2911 1084 2930 1116 ι
2959 1065 3072 1135 Ego
3107 1066 3242 1129 dixi,
3277 1068 3362 1120 Dii
3392 1070 3544 1133 estis,

1961 1168 2016 1213 et
2041 1157 2360 1227 omnestilii
2379 1157 2641 1211 Altissimi
2670 1158 2737 1210 ⁸⁵.
2765 1176 2781 1208 ι
2821 1157 3088 1212 Eumdem
3122 1158 3287 1226 igitur
3306 1161 3548 1216 similem

1962 1249 2186 1303 mo'dum
2223 1249 2328 1302 hoc
2389 1257 2568 1312 notat,
2605 1267 2623 1298 ι
2668 1247 2845 1300 Deum’
2888 1262 3070 1301 meum
3123 1257 3178 1302 et
3224 1247 3393 1302 Deum
3450 1264 3547 1302 ve-

1962 1349 2160 1397 strum.
2204 1359 2223 1392 »
2272 1341 2339 1395 Ει
2374 1340 2518 1410 quod
2567 1355 2668 1395 ceu
2700 1339 2866 1393 homo
2916 1339 3020 1392 hoc
3065 1337 3283 1402 dixerit,
3325 1357 3344 1389 ι
3377 1341 3545 1394 Deum

1961 1443 2167 1498 meum,
2209 1453 2228 1485 ι
2272 1448 2370 1503 per
2409 1431 2595 1486 omnia
2623 1433 2832 1487 clarum
2863 1441 2965 1486 est.
3002 1433 3204 1487 Verum
3237 1447 3412 1501 neque
3446 1432 3550 1487 hoc

1961 1524 2215 1580 similiter
2265 1533 2324 1578 ut
2369 1538 2564 1578 omnes
2615 1523 2868 1576 homines
2929 1522 3090 1577 dixit.
3158 1522 3234 1576 De
3288 1523 3548 1578 omnibus

1960 1617 2107 1669 enim
2140 1615 2344 1680 sanctis
2379 1613 2696 1668 hominibus
2735 1613 2963 1678 dicitur,
3015 1613 3187 1667 Deum
3219 1628 3341 1668 esse
3367 1612 3540 1666 Deum

1961 1707 2227 1778 ipsorum,
2281 1722 2380 1776 per
2429 1705 2660 1776 gratiam
2705 1705 2958 1760 scilicet:
3021 1713 3082 1760 ut
3129 1720 3256 1760 cum
3315 1704 3548 1772 dicitur,

1967 1818 1984 1850 ι
2023 1801 2165 1854 Deus
2197 1797 2498 1865 Abraham,
2531 1796 2681 1852 Isaac
2702 1806 2754 1851 el
2785 1796 2977 1862 Jaoob,
3016 1815 3036 1848 ι
3075 1806 3133 1851 et
3155 1796 3242 1851 his
3261 1796 3547 1851 similium.

1962 1891 2124 1945 Prius
2157 1892 2303 1946 enim
2342 1889 2592 1944 mandati
2637 1897 2691 1944 et
2719 1889 2895 1944 abluti
2939 1904 2972 1943 a
3013 1889 3254 1957 pmpriis
3283 1889 3546 1958 peccatis,

1963 1991 2020 2038 et
2043 1982 2437 2038 misericordiae
2481 1995 2608 2036 vasa
2641 1981 2793 2046 facti,
2821 1979 3055 2049 gratiam
3079 1980 3184 2034 Dei
3214 1980 3545 2049 suscipiunt,

1962 2083 2019 2129 et
2062 2073 2156 2128 ﬁlii
2189 2074 2284 2128 Dei
2335 2072 2660 2138 redduntur,
2695 2072 2949 2140 Deusque
2993 2071 3210 2126 illorum
3244 2071 3390 2126 Deus
3425 2086 3547 2124 esse

1963 2164 2184 2218 dicitur.
2234 2165 2294 2216 ln
2319 2161 2543 2216 Christo
2569 2169 2753 2216 autem
2786 2175 2894 2214 non
2937 2160 3041 2225 sic,
3086 2159 3180 2215 sed
3213 2160 3358 2214 Deus
3390 2159 3549 2214 Pater

1961 2256 2111 2310 illius
2139 2270 2262 2310 esse
2297 2254 2529 2308 dicitur.
2555 2253 2914 2324 Quapmpter
2959 2251 3146 2321 proles
3189 2264 3260 2308 ex
3313 2266 3546 2321 persona

1960 2347 2136 2402 Patris
2157 2355 2264 2409 est,
2303 2356 2360 2400 et
2382 2361 2487 2408 una
2521 2355 2744 2410 natura,
2774 2359 2884 2399 una
2913 2342 3249 2408 substantia,
3281 2342 3546 2397 divinitas

1960 2449 2016 2493 et
2045 2438 2289 2508 potentia
2338 2437 2517 2492 Patris
2558 2446 2645 2492 est
2697 2448 2754 2491 et
2792 2436 2940 2490 Filii.
2975 2436 3124 2490 Deus
3169 2449 3300 2489 vero
3341 2433 3546 2488 Christi

1959 2546 2084 2586 esse
2137 2531 2363 2594 dicitur,
2419 2540 2644 2599 propter
2698 2530 2961 2584 unionem
3019 2527 3145 2583 Filii
3171 2542 3297 2583 cum
3355 2526 3547 2580 eodem

1961 2633 2322 2695 cognomento
2353 2622 2660 2676 secundum
2691 2621 3077 2686 susbtantiam,
3107 2634 3219 2674 non
3247 2619 3548 2673 secundum

1959 2735 2271 2783 sanctorum
2299 2723 2774 2778 consuetudinem.
2803 2720 2984 2787 Quare
3011 2722 3175 2777 etiam
3197 2721 3264 2776 de
3291 2721 3398 2775 hoc
3426 2721 3549 2775 dis-

1959 2818 2171 2872 tinctim
2216 2815 2356 2870 dixit
2396 2833 2411 2868 :
2449 2833 2468 2865 ‹
2505 2811 2757 2869 Ascendo
2782 2812 2851 2866 ad
2877 2813 3050 2866 Deum
3078 2826 3260 2866 meum
3286 2820 3341 2865 et
3371 2811 3545 2864 Deum

1960 2921 2223 2966 vestrum.
2255 2929 2274 2962 ι
2333 2908 2520 2972 Vides,
2575 2904 2853 2976 quomodo
2900 2920 2966 2960 ea
3013 2919 3136 2973 qua
3208 2903 3437 2959 humilia
3493 2904 3551 2956 in

1957 3001 2183 3059 Christo
2216 3009 2365 3063 sunt,
2401 3013 2623 3054 sensum
2655 2997 2856 3052 habent
2877 3011 3157 3066 magnum,
3192 2995 3452 3048 eximium
3473 2984 3552 3047 ἐιι

1957 3093 2382 3151 admirandum?
2413 3093 2495 3146 Ex
2542 3090 2630 3145 his
2685 3089 3003 3160 ergoﬁquze
3039 3087 3290 3142 Christus
3329 3085 3550 3154 quidem

1961 3191 2102 3245 bene
2168 3188 2386 3242 locutus
2436 3193 2543 3246 est,
2593 3183 2734 3238 male
2812 3196 2943 3236 vero
3001 3181 3188 3236 citavit
3245 3179 3545 3242 Matiomet,

1881 3286 1922 3342 C
1956 3291 2171 3340 constat
2193 3279 2477 3336 Christum
2516 3277 2688 3330 Deum
2721 3288 2844 3328 esse
2875 3282 2932 3327 et
2961 3271 3266 3328 hominem.

2039 3376 2093 3432 5.
2119 3375 2294 3444 Negat
2357 3380 2623 3441 praetcrea
2691 3367 2966 3421 Mahomet
3028 3364 3306 3446 Christum
3352 3363 3551 3418 Filium

1965 3469 2060 3525 Dei
2084 3481 2208 3523 esse
2239 3473 2295 3520 et
2335 3465 2530 3524 Deum,
2561 3468 2722 3530 negat
2745 3458 2910 3512 etiam
2935 3456 3080 3526 quod
3113 3456 3428 3510 incarnatus
3456 3456 3547 3518 sit,

1968 3559 2179 3615 nudum
2237 3570 2368 3611 vero
2427 3552 2560 3608 dicit
2618 3550 2898 3605 hominem
2960 3549 3259 3606 secundum
3315 3548 3554 3604 Nestorii
3620 3553 3624 3557 ’

1969 3649 2322 3711 sententiam,
2361 3655 2418 3700 et
2461 3659 2528 3699 ex
2569 3643 2778 3712 virgine
2830 3651 3020 3695 natum
3073 3659 3085 3694 :
3143 3640 3552 3696 sanctissimum

1966 3757 2100 3800 vero
2123 3755 2244 3798 esse
2275 3737 2522 3794 omnium
2548 3734 2858 3800 hominum,
2884 3732 3209 3803 sapientem,
3229 3741 3285 3786 et
3311 3731 3551 3803 prephe-

1973 3847 2083 3891 tam
2114 3834 2362 3891 omnium
2390 3830 2786 3901 prephetarum
2829 3827 3144 3880 maximum.
3177 3825 3246 3878 Et
3271 3823 3554 3878 manifeste

1969 3930 2120 3984 hunc
2154 3924 2474 3982 hominibus
2509 3921 2960 3976 excellentiorem
3017 3932 3136 3971 esse
3167 3915 3323 3980 dicit,
3377 3916 3549 3968 Deum

1970 4033 2100 4074 vero
2134 4018 2339 4086 Deique
2363 4013 2558 4068 Filium
2592 4027 2703 4066 non
2739 4026 2882 4065 esse.
2913 4009 3047 4063 Cum
3089 4009 3273 4074 itaque
3300 4006 3552 4061 universa

1969 4110 2228 4167 secunda:
2269 4118 2326 4162 et
2361 4106 2535 4161 tertiae
2561 4103 2837 4174 Apologia:
2873 4104 3122 4157 tractatio
3159 4101 3210 4152 in
3237 4099 3340 4152 hoc
3371 4114 3551 4152 verse-

1974 4211 2081 4266 tur,
2115 4211 2177 4257 ut
2212 4198 2554 4261 ostendatur,
2595 4182 2878 4251 Clu-istum
2926 4204 2982 4248 et
3014 4194 3181 4247 Deum
3221 4208 3341 4247 esse
3376 4200 3431 4246 et
3455 4191 3550 4246 Dei

1971 4293 2192 4357 Filium,
2221 4299 2277 4346 et
2311 4288 2459 4359 quod
2497 4289 2641 4342 Deus
2678 4286 2952 4342 exsistens
2996 4285 3258 4339 extremis
3288 4283 3551 4352 tempori-

1972 4380 2074 4433 bus
2099 4394 2164 4433 ex
2194 4386 2380 4438 sancta
2409 4376 2630 4446 Virgine
2673 4383 2950 4445 assumpta
2978 4390 3142 4428 carne
3180 4374 3343 4427 hoan
3377 4373 3552 4427 factus

1972 4470 2042 4524 sit
2071 4465 2369 4538 perfectus,
2392 4463 2855 4535 quemadmodum
2880 4473 2935 4518 et
2955 4463 3119 4518 homo
3141 4463 3415 4534 perfectus
3436 4472 3549 4528 est;

1973 4575 2442 4630 supervacaneum
2489 4565 2544 4613 ct
2591 4557 2752 4611 nimis
2787 4557 3009 4627 longum
3061 4557 3280 4609 videtur
3328 4556 3464 4621 fore,
3509 4558 3552 4612 si

285 4664 463 4715 ἐκεῖσε
494 4664 602 4733 γὰρ
635 4663 846 4730 τρανῶς
874 4663 1248 4716 ἀποδέδεικται
1297 4663 1326 4714 6
1368 4661 1604 4730 Χριστὸς
1639 4662 1770 4724 Θεό;
1799 4679 1858 4714 τε

1974 4656 2164 4710 νςιιξοηι
2209 4668 2401 4708 rursus
2446 4651 2893 4721 aggrederentur.
2941 4648 3058 4704 lllic
3091 4649 3235 4703 cnim
3270 4649 3555 4703 manifes’e

287 4754 387 4806 tul
411 4753 718 4822 ἄνθρωπος.

370 4925 444 4990 ς’.
471 4929 594 4981 Ἔτι
627 4929 790 4998 φησὶν
829 4928 856 4980 6
903 4926 1147 4997 Μωάμεθ
1189 4927 1263 4995 μὴ
1311 4925 1418 4978 ὑπὸ
1445 4925 1554 4978 τῶν
1595 4926 1866 4980 Ἰουδαίων

291 5021 386 5073 τὸν
439 5006 672 5092 Χριστὸν
731 5019 1103 5088 ἀναιρεθῆναι,
1137 5007 1278 5088 μήτε
1302 5019 1703 5089 σταυρωθῆναι,
1732 5019 1867 5073 ἀλλά

291 5127 417 5165 τινα
433 5111 520 5164 ἓτε
531 5129 620 5179 ρον
639 5111 832 5181 ἐκείνῳ
849 5112 1056 5180 ὅμοιον,
1080 5112 1174 5162 καὶ
1193 5109 1335 5162 κατὰ
1363 5111 1666 5177 φαντασίαν
1692 5111 1866 5163 ἐδόκει

290 5206 383 5257 τὸν
433 5206 669 5275 Χριστὸν
723 5202 1125 5272 ἐσταυρῶσθαι,
1170 5203 1499 5272 Μανιχαίοις
1532 5203 1864 5257 ἀκολουθῶν.

291 5299 506 5361 Ὠσπερ
547 5297 652 5368 γὰρ
700 5295 1018 5359 σπουδάζων
1071 5295 1387 5363 εὑρίσκεται
1448 5297 1634 5350 πεῖσαι
1690 5296 1868 5348 πάντα

291 5390 579 5461 ἄνθρωπον
628 5389 752 5451 οὔτε
809 5389 943 5443 Θεὸν
977 5388 1102 5442 οὔτε
1147 5389 1285 5442 Θεοῦ
1316 5390 1444 5442 Υἱὸν
1475 5388 1738 5452 δέξασθαι
1773 5390 1865 5442 τὸν

291 5485 553 5555 Χριστὸν,
584 5483 727 5536 οὕτω
759 5484 856 5537 καὶ
880 5482 1033 5554 πάσῃ
1054 5483 1280 5550 δυνάμει
1307 5482 1624 5548 σπουδάζει,
1659 5481 1746 5534 ἵνα
1774 5483 1868 5535 καὶ

289 5575 392 5644 τὴν
417 5574 678 5643 ἔνσαρκον
709 5573 901 5626 τούτου
931 5573 1246 5639 οἰκονομίαν
1272 5573 1574 5643 ἀνατρέψῃ,
1606 5571 1741 5625 ἀλλά
1771 5573 1866 5625 καὶ

290 5669 383 5719 τὸν
419 5665 628 5717 ἐκείνου
677 5663 930 5718 Θάνατον,
965 5663 1158 5732 Ἡμεῖς
1192 5663 1324 5725 γοῦν
1359 5665 1456 5717 καὶ
1496 5665 1625 5732 περὶ
1671 5663 1863 5716 τούτου

259 5779 268 5818 ς
291 5757 523 5826 εἴπομεν
552 5756 609 5807 ἐν
642 5755 709 5826 τῇ
749 5755 976 5825 δευτέρᾳ
1026 5754 1314 5826 ἀπολογία,
1364 5757 1458 5811 καὶ
1499 5756 1865 5827 ἀπεδείξαμεν

366 5915 412 5945 ⁸⁵
455 5915 599 5972 l’sal.
642 5931 824 5980 LXXXI,
866 5915 918 5969 6.

1973 4746 2410 4802 demonstratum
2452 4752 2557 4810 est,
2589 4741 2870 4798 Christum
2909 4751 2962 4797 et
3003 4740 3174 4796 Deum
3201 4755 3320 4794 esse
3358 4748 3413 4794 et
3459 4741 3556 4794 hoc

1973 4839 2197 4892 minem.
2378 4831 2388 4840 ’
2961 4889 2964 4896 .

2044 4930 2096 4984 6.
2151 4930 2389 4984 Rursum
2419 4927 2551 4982 dicit
2593 4927 2902 4992 Mahomct,
2939 4943 3048 4981 non
3079 4926 3360 4982 Christum
3395 4943 3422 4980 a
3464 4927 3559 4982 Ju-

1974 5021 2109 5076 daeis
2141 5021 2384 5074 occisum
2407 5031 2468 5075 et
2505 5019 2826 5075 cruciﬁxum
2861 5033 3003 5085 esse,
3033 5019 3126 5074 sed
3171 5019 3334 5073 alium
3367 5036 3557 5090 quem-

1973 5117 2097 5168 dam
2130 5113 2206 5167 illi
2249 5112 2483 5167 similem
2522 5129 2538 5166 :
2570 5119 2626 5167 et
2656 5112 2800 5183 quod
2829 5129 2926 5182 per
2966 5111 3413 5182 imaginationem
3454 5113 3557 5166 fal-

1973 5221 2090 5260 sam
2153 5206 2422 5271 videatur,
2473 5203 2754 5259 Christum
2817 5219 2938 5259 esse
2988 5204 3334 5266 cruciﬁxum,
3386 5204 3559 5259 Mani-

1975 5300 2250 5356 chazorum
2286 5300 2603 5369 opinionem
2641 5309 2885 5354 secutus.
2939 5299 3414 5365 Quemadmodum
3452 5299 3558 5353 hoc

1970 5392 2091 5460 ejus
2126 5390 2370 5444 studium
2405 5405 2526 5445 esse
2557 5391 2881 5460 percipitur,
2911 5405 3019 5459 quo
3043 5391 3304 5445 omnibus
3328 5407 3556 5460 persna-

1970 5482 2100 5538 deat
2125 5499 2194 5538 ne
2217 5483 2496 5538 Christum
2528 5484 2697 5537 Deum
2729 5482 2932 5551 Deique
2962 5481 3162 5537 Filium
3195 5499 3317 5538 esse
3358 5484 3559 5539 admit-

1972 5579 2124 5638 tant;
2176 5571 2248 5626 ita
2280 5573 2444 5626 etiam
2481 5571 2630 5625 omni
2668 5570 2851 5625 studio
2894 5570 2949 5624 in
2987 5571 3092 5626 hoc
3142 5581 3247 5635 est,
3305 5581 3364 5625 ut
3405 5572 3557 5623 illius

1972 5664 2242 5718 incantati
2275 5678 2493 5717 munem
2545 5661 3080 5716 administrationem
3132 5662 3437 5724 subvertet,
3486 5661 3558 5713 sia

1973 5753 2087 5809 mul
2125 5763 2177 5811 cl
2211 5754 2355 5812 illius
2385 5764 2635 5810 moriem.
2670 5751 2780 5810 Nos
2819 5752 3002 5824 itaque
3032 5752 3100 5809 de
3135 5751 3330 5808 eodem
3375 5753 3427 5804 in
3465 5766 3550 5804 se-
