4058 6434
584 434 691 503 671

1816 445 2106 508 OANNIS
2143 449 2676 512 CANTACUZENI
3724 464 3814 526 672

589 556 772 611 cunda
801 554 1064 626 Apologia
1114 556 1380 624 diximus,
1414 559 1712 631 multisque
1762 566 2104 633 argumentis
2130 573 2179 619 et

2289 565 2378 618 διὰ
2425 565 2638 618 πολλῶν
2685 568 3142 639 ἐπιχειρημάτων
3191 568 3286 624 καὶ
3331 571 3660 640 ἀποδείξεων,
3687 575 3815 641 ὅπως

591 646 1163 705 demonstrationibus
1205 648 1496 717 eﬂcintus,
1545 653 1692 721 qttod
1743 654 2002 711 Christus
2037 658 2181 712 Deus

593 747 649 792 et
677 737 776 793 Dei
820 736 995 795 Filius
1041 741 1429 812 perfectusque
1461 744 1626 798 homo
1660 745 1732 800 sit
1788 748 2177 804 Verumtamen

593 827 759 883 etiam
805 844 957 883 nunc
1010 830 1064 884 in
1095 834 1351 901 praesenti
1408 835 1489 889 sic
1521 836 1777 892 dicimus.
1834 840 2012 893 Homo
2051 856 2175 895 cum

592 934 692 987 per
718 920 950 989 gratiam
987 922 1080 975 Dei
1128 924 1306 994 imago
1332 939 1496 992 esset,
1530 928 1735 984 diaboli
1787 932 1988 988 invidia
2022 934 2179 990 insti-

591 1024 777 1081 gante,
818 1014 912 1068 Dei
975 1025 1311 1086 praeceptum
1385 1028 1780 1091 transgressus.
1836 1026 2179 1083 maledictio.

591 1121 716 1160 nem
752 1122 783 1160 a
822 1106 934 1162 Deo
961 1110 1192 1178 accepit,
1226 1120 1283 1165 et
1323 1113 1578 1182 paradiso
1621 1118 1832 1187 ejectus
1882 1128 1987 1185 est,
2033 1137 2179 1176 mor-

593 1204 810 1266 temque
843 1200 1157 1271 acquisivit.
1190 1201 1362 1258 Filius
1390 1220 1523 1261 vero
1571 1208 1689 1271 Dei,
1720 1211 1900 1281 imago
1949 1214 2041 1268 Dei
2082 1230 2178 1270 na—

591 1289 844 1342 turaliter
869 1291 1163 1355 exsistens,
1216 1309 1338 1348 eam
1387 1312 1511 1367 quae
1559 1302 1865 1358 secundum
1944 1310 2174 1376 gratiam

587 1387 707 1432 erat
738 1380 832 1434 Dei
867 1380 1159 1451 imaginem
1194 1384 1395 1453 induit,
1438 1389 1491 1442 id
1533 1401 1620 1445 est
1669 1393 1966 1453 humanam
2018 1409 2180 1455 natu—

588 1482 724 1527 ram.
751 1469 1035 1541 ipsamque
1065 1475 1316 1545 salvavit,
1345 1491 1402 1535 et
1443 1481 1496 1536 in
1532 1485 1818 1553 pristinam
1874 1490 2174 1551 beatitudi-

589 1573 717 1612 nem
752 1562 1018 1619 restituit.
1072 1565 1306 1636 insuper
1351 1574 1813 1641 quemadmodum
1852 1583 2030 1637 oratio
2080 1600 2176 1653 per

586 1650 789 1721 lingua:
847 1655 1280 1716 instrumentum
1330 1663 1504 1733 ipsius
1558 1668 1729 1725 animi
1789 1650 2177 1735 meditationes

585 1745 834 1812 exponit,
887 1748 968 1803 sic
1005 1751 1171 1807 etiam
1206 1753 1401 1811 Sermo
1444 1758 1537 1813 Dei
1572 1760 1772 1828 Patris,
1810 1779 1905 1834 per
1949 1783 2171 1823 carnem

590 1833 773 1889 Patris
801 1838 886 1892 sui
920 1842 1152 1898 consilia
1190 1845 1472 1910 revelavit,
1507 1848 1765 1921 illiusque
1804 1833 2166 1912 divinitatem.

2293 656 2322 710 6
2354 657 2593 726 Χριστὸς
2636 658 2768 722 Θεὸς
2807 658 2904 712 καὶ
2933 659 3067 712 Θεοῦ
3116 659 3244 724 Υίὺς
3291 662 3384 716 καὶ
3417 662 3611 726 τέλειος
3639 665 3818 735 ἀώρων

2288 762 2388 810 πος
2443 748 2835 803 άναδέδεικται.
2886 750 3027 804 Ἀλλ’
3056 752 3207 821 ὅμως
3257 753 3349 806 καὶ
3400 754 3540 808 κατὰ
3576 756 3633 808 τὸ
3665 760 3819 826 παρὸν

2285 839 2517 909 λέγομεν
2544 840 2739 907 οὕτως,
2769 843 2850 897 ὅτι
2891 846 2919 897 6
2956 844 3266 914 ἄνθρωπος,
3294 845 3455 900 εἰκὼν
3482 845 3555 901 ὢν
3588 849 3675 902 τοῦ
3701 849 3815 903 Θεοῦ

2289 935 2433 984 κατὰ
2489 935 2673 1002 χάριν,
2712 934 2894 1004 φθόνῳ
2926 935 3175 990 διαϐόλου
3204 935 3304 1007 τὴν
3333 937 3549 1007 ἐντολὴν
3583 939 3671 991 τοῦ
3702 937 3818 991 Θεοῦ

2292 1026 2574 1095 παραϐὰς,
2630 1027 2793 1080 ἔλαϐε
2850 1029 3099 1099 κατάραν
3141 1029 3251 1083 ἀπὺ
3283 1031 3441 1095 Θεοῦ,
3472 1034 3563 1084 καὶ
3587 1031 3816 1099 ἐξεϐλήθη

2286 1117 2382 1168 τοῦ
2422 1118 2777 1188 παραδείσου,
2798 1120 2896 1174 καὶ
2915 1122 3006 1173 τὸν
3029 1120 3264 1174 θάνατον
3302 1120 3659 1191 ἐκληρώσατο.
3697 1121 3747 1174 ’0
3767 1122 3816 1174 δὲ

2285 1206 2416 1267 Υἱὸς
2444 1208 2538 1261 τοῦ
2567 1208 2726 1272 Θεοῦ,
2759 1210 2922 1263 εἰκὼν
2949 1211 3114 1264 αὑτοῦ
3148 1213 3214 1280 δὴ
3237 1210 3332 1265 τοῦ
3360 1211 3493 1265 Θεοῦ
3529 1212 3659 1265 κατα
3681 1211 3817 1279 φύσιν

2286 1298 2568 1369 ὑπάρχων,
2609 1300 2899 1354 ἐνεδύσατο
2949 1303 3048 1373 τὴν
3073 1305 3217 1357 κατὰ
3251 1304 3414 1374 χάριν
3448 1305 3649 1367 εἰκόνα,
3680 1318 3817 1356 τουτ-

2284 1386 2399 1440 έστι
2431 1389 2532 1458 τὴν
2572 1391 2923 1462 ἀνθρωπείαν
2959 1393 3145 1463 φύσιν,
3197 1398 3292 1449 καὶ
3309 1396 3508 1451 ἔσωσεν
3542 1393 3712 1465 αὐτὴν,
3742 1396 3816 1446 καὶ

2285 1479 2367 1542 είς
2389 1480 2491 1549 τὴν
2511 1484 2749 1553 ἀρχαίαν
2780 1489 3165 1558 μακαριότητα
3195 1484 3355 1552 αὖθις
3393 1490 3668 1558 ἀνήγαγεν.
3697 1489 3811 1550 Ἔτι,
3921 1512 3928 1523 ο

2242 1578 2250 1585 '
2283 1571 2473 1641 ὥσπερ
2499 1577 2564 1626 τὰ
2599 1575 2692 1628 τοῦ
2722 1577 2813 1629 νοῦ
2866 1579 3146 1649 κινήματα
3179 1582 3208 1633 6
3235 1580 3410 1649 Λόγος
3443 1581 3529 1634 διὰ
3561 1581 3646 1650 τῆς
3669 1578 3814 1647 γλώσ-

2284 1678 2384 1731 σης
2409 1662 2543 1730 δῆλα
2587 1668 2751 1731 ποιεῖ,
2773 1668 2917 1721 οὕτω
2941 1670 3037 1722 καὶ
3064 1671 3095 1722 ό
3126 1672 3285 1739 λόγος
3330 1671 3424 1736 τοῦ
3458 1671 3588 1725 Θεοῦ
3620 1674 3704 1725 καὶ
3728 1672 3817 1722 Πα-

2281 1753 2410 1818 τρδς
2456 1754 2545 1808 διὰ
2604 1757 2703 1827 τῆς
2754 1760 2959 1831 σαρκὸς
2991 1762 3229 1833 ἐδήλωσε
3260 1764 3329 1818 τὰ
3357 1764 3451 1816 τοῦ
3484 1763 3609 1817 ἰδίου
3641 1763 3815 1832 Πατρδς

2287 1842 2629 1913 βουλήματα,
2658 1849 2751 1900 καὶ
2802 1850 2902 1919 τὴν
2938 1851 3107 1906 αὐτοῦ
3162 1851 3422 1924 θεότητα.
3473 1854 3611 1920 Ἔτι,
3658 1850 3814 1919 ὥσπερ

590 1923 661 1977 Ει
685 1927 1151 1994 quemadmodum
1196 1949 1326 2005 rege
1370 1937 1557 2008 aliquo
1604 1957 1769 1997 unam
1816 1944 2038 2001 domum
2084 1963 2179 2018 po-

2288 1935 2552 2004 βασιλέως
2590 1940 2668 2001 εἷς
2700 1939 2759 1992 ἓν
2789 1940 3003 2011 οἴκημα
3033 1945 3359 2013 οἰκήσαντος
3394 1946 3595 2008 πόλεως
3625 1944 3814 2015 μυριάν-

588 2019 954 2085 pulosissimae
976 2023 1225 2081 civitatis
1255 2028 1602 2089 inhabitante
1632 2044 1745 2090 tota
1782 2038 1977 2093 civitas
2007 2039 2182 2096 hosti-

590 2109 694 2166 bus
723 2113 1022 2170 terribilior
1056 2119 1304 2175 redditur
1351 2139 1365 2175 :
1409 2124 1490 2181 sic
1534 2126 1758 2185 Christo
1786 2134 2175 2189 unum‘inha-

588 2200 802 2258 bitante
840 2219 1065 2276 corpus,
1098 2212 1281 2267 omnis
1317 2214 1558 2272 humana
1588 2227 1786 2278 natura
1816 2222 2038 2281 diabolo
2066 2226 2182 2282 for-

588 2296 904 2354 midabilior
933 2299 1076 2356 facta
1101 2311 1208 2360 est.
1248 2304 1317 2359 Et
1349 2306 1454 2364 hoc
1493 2326 1558 2364 ex
1596 2314 1932 2386 martyribus
1956 2326 2014 2372 et
2055 2333 2181 2373 san-

506 2372 517 2383 ’
590 2388 696 2439 cui.»
731 2390 879 2445 (lare
921 2393 1219 2465 colligitur,
1263 2400 1357 2468 qui
1385 2411 1618 2457 mortem
1645 2420 1744 2460 ceu
1781 2422 1893 2462 rem
1938 2408 2096 2464 nihili
2126 2418 2184 2466 et

594 2490 851 2533 somnum
882 2482 1293 2555 iudicaverunt,
1331 2493 1675 2551 daemonibus
1704 2512 1838 2552 vero
1877 2515 1980 2555 ceu
2010 2501 2184 2557 servis

590 2569 709 2623 suis
733 2584 1140 2645 praeceperunt.
1184 2581 1340 2637 Sicut
1391 2585 1561 2655 igitur
1604 2591 1881 2647 occultare
1928 2605 2182 2662 conatur,

590 2661 738 2729 quod
768 2661 1024 2723 Christus
1065 2670 1207 2728 Deus
1236 2682 1293 2728 et
1332 2674 1429 2749 Dei
1458 2675 1630 2734 Filius
1661 2681 1757 2750 sit,
1791 2682 1871 2739 sic
1900 2686 2065 2740 etiam
2096 2687 2184 2741 in-

590 2756 969 2812 carnationem
1000 2760 1169 2830 illius,
1203 2766 1335 2835 quin
1366 2776 1424 2823 et
1449 2780 1683 2826 mortem
1714 2783 1771 2829 et
1821 2778 2183 2833 resurrectio-

594 2859 722 2931 nem
751 2847 917 2919 hujus
941 2850 1242 2911 obscurare
1297 2857 1515 2926 nititur,
1572 2872 1629 2915 et
1681 2874 1971 2943 propterea
2026 2868 2183 2925 illum

593 2935 731 2993 dicit
774 2954 882 2994 non
914 2957 1038 2998 esse
1072 2947 1417 3005 cruciﬁxum.
1448 2950 1719 3011 Caeterum
1763 2937 1869 3015 hoc
1893 2962 2185 3020 manifeste

590 3029 785 3087 falsum
816 3043 920 3090 est.
962 3037 1031 3092 Et
1066 3040 1265 3109 primo,
1302 3047 1448 3114 quod
1484 3047 1529 3103 si
1567 3065 1678 3106 non
1733 3053 2028 3111 crucifixus
2077 3041 2183 3123 est,

587 3124 747 3195 cujus
773 3128 849 3182 rei
878 3132 1053 3198 gratia
1090 3131 1397 3211 Christiani
1446 3142 1501 3194 in
1534 3141 1814 3200 Christum
1861 3164 1978 3203 rem
2015 3150 2186 3206 ﬁnxe-

534 3228 537 3231 '
587 3226 717 3270 runt
749 3219 1266 3290 injuriosissimam?
1316 3230 1519 3289 Crucis
1546 3237 1695 3291 enim
1740 3216 1974 3297 mortem
2017 3243 2181 3297 inho-

580 3318 800 3366 nestam
834 3322 891 3368 et
945 3315 1205 3375 infamem
1258 3337 1381 3381 esse
1428 3325 1725 3397 ducebant,
1786 3341 1842 3387 et
1889 3346 2176 3405 propterea

586 3402 838 3461 infelices
856 3405 1031 3465 Judaei
1060 3411 1341 3471 Christum
1374 3418 1669 3477 Dominum
1691 3402 2012 3495 glorizeihoc
2036 3443 2182 3482 mors

588 3495 662 3551 tis
708 3512 913 3567 genere
978 3505 1511 3567 eondemnaverunt.
1578 3514 1782 3569 Verum
1850 3516 2177 3588 intelligant,

589 3589 736 3658 quod
773 3607 872 3661 per
903 3599 1088 3652 crucis
1141 3609 1408 3671 tropa’um
1467 3614 1524 3661 et
1571 3607 1871 3663 salutarem
1924 3620 2179 3679 mortem,

589 3695 714 3751 quae
745 3683 863 3754 ipsa
888 3686 1053 3743 etiam
1081 3688 1178 3746 Dei
1213 3692 1509 3752 infirmitas
1530 3697 1638 3753 dici
1667 3699 1867 3762 solent,
1899 3701 2181 3759 dissolutae

589 3773 908 3833 sintomnes
944 3780 1100 3836 malm
1128 3792 1183 3839 et
1207 3785 1453 3844 adversa:
1476 3799 1797 3860 potestates.
1830 3794 1935 3849 Per
1959 3811 2178 3851 crucem

588 3866 1060 3926 tenebras‘mundi
1093 3873 1325 3949 depulit,
1363 3888 1420 3934 et
1442 3880 1622 3935 lucem
1658 3884 1905 3939 scientiae
1926 3887 2169 3943 reduxit.

586 3957 693 4013 Per
722 3974 945 4017 crucem
980 3973 1038 4020 et
1088 3975 1322 4025 mortem
1377 3971 1526 4027 illius
1573 3969 2028 4032 crux'coufracta
2069 3990 2177 4045 est,

590 4066 692 4107 nec
721 4055 960 4124 amplius
992 4073 1145 4114 mors
1191 4069 1297 4127 est,
1355 4077 1459 4118 nec
1519 4062 1724 4120 diaboli
1780 4068 2051 4137 tyrannis.
2116 4073 2181 4126 Et

587 4159 791 4216 corpus
819 4149 1041 4219 quidem
1073 4152 1275 4209 Christi
1308 4166 1587 4210 mortuum
1628 4166 1736 4222 est,
1771 4160 2046 4230 sepultum
2074 4173 2176 4231 est,

585 4249 643 4294 et
677 4243 1012 4310 resurrexit;
1069 4245 1330 4303 divinitas
1379 4264 1513 4304 vero
1558 4250 1709 4308 illius
1768 4254 2039 4322 passionis
2081 4272 2180 4312 ex-

586 4347 714 4402 pers
764 4338 1091 4405 permansit.
1142 4340 1621 4407 Quemadmodum
1667 4346 1813 4402 enim
1838 4349 1992 4420 regis
2025 4365 2182 4405 man-

585 4426 775 4481 datum
824 4428 878 4483 in
924 4430 1117 4487 charta
1171 4431 1538 4503 descriptum,
1602 4437 1767 4493 etiam
1814 4440 2006 4495 charta
2054 4455 2178 4496 cor-

586 4528 749 4587 rupta
777 4517 1159 4592 incorruptum
1211 4532 1267 4579 et
1318 4523 1640 4583 inviolatum
1684 4540 1971 4600 permanet
2027 4548 2043 4586 :
2097 4532 2182 4587 sic

2283 2026 2436 2096 δρου,
2480 2029 2603 2083 τότε
2637 2033 2701 2096 δὴ
2744 2034 2896 2088 πᾶσα
2949 2037 2981 2104 ὴ
3037 2037 3194 2098 πόλις
3242 2038 3457 2109 φοϐερὰ
3497 2039 3692 2106 γίνεται
3726 2036 3811 2097 τοῖς

2282 2118 2648 2186 ὑπεναντίοις,
2675 2123 2818 2178 οὕτω
2842 2125 2936 2179 τοῦ
2977 2128 3218 2199 Χριστοῦ
3248 2132 3308 2183 ὲν
3362 2133 3445 2186 ἑνὶ
3475 2130 3677 2200 σώματι
3696 2128 3810 2196 ciui)-

2285 2227 2505 2276 σαντος,
2539 2217 2689 2269 πᾶσα
2719 2216 2883 2283 φύσις
2909 2221 3218 2291 ἀνθρώπων
3257 2224 3474 2294 φοϐερὰ
3517 2223 3595 2293 τῷ
3629 2222 3799 2288 διαϐόλῳ

2282 2305 2519 2373 ἐγένετο.
2559 2308 2669 2361 Kal.
2706 2308 2868 2378 δῆλον
2909 2311 3017 2365 άπό
3057 2329 3117 2365 τε
3169 2314 3282 2367 τῶν
3323 2316 3633 2388 μαρτύρων,
3662 2314 3743 2369 ἀπό
3758 2327 3800 2364 τε

2284 2396 2393 2450 τῶν
2417 2399 2604 2462 ὁσίων,
2635 2401 2717 2455 ὄτι
2751 2403 2842 2455 τὸν
2874 2403 2974 2472 μὲν
3001 2403 3236 2461 θάνατον
3264 2407 3388 2460 ἀντ’
3411 2407 3617 2470 οὐδενὸς
3652 2406 3733 2459 καὶ
3755 2402 3810 2463 ὡς

2285 2490 2459 2546 ὕπνον
2477 2494 2641 2547 αὑτὸν
2670 2495 3014 2564 ὲλογίσαντο,
3044 2499 3156 2562 τοῖς
3176 2498 3234 2551 δὲ
3266 2500 3520 2569 δαίμοσιν
3548 2499 3811 2556 ὲπέταττονν

2288 2585 2545 2653 καθάπερ
2565 2585 2773 2650 δούλοις
2793 2587 2997 2644 αὐτῶν.
3036 2589 3248 2661 Ὥσπερ
3281 2594 3421 2658 γοῦν
3448 2593 3695 2661 κρύπτειν
3721 2602 3815 2640 πει·

2286 2678 2447 2749 ρᾶται
2482 2678 2544 2731 τὸ
2582 2679 2673 2733 τὸν
2725 2680 2964 2750 Χριστὸν
3022 2681 3154 2735 Θεὸν
3199 2686 3297 2738 καὶ
3363 2686 3498 2740 Θεοῦ
3532 2686 3650 2738 Υἱδν
3688 2678 3816 2739 εἶναι.

2283 2768 2426 2824 οὕτω
2461 2772 2555 2824 καὶ
2584 2771 2685 2839 τὴν
2722 2771 2990 2844 ἔνσαρκον
3032 2774 3197 2828 αὐτοῦ
3248 2778 3589 2847 οἰκονομίαν,
3629 2773 3745 2829 ἀλλά
3769 2770 3819 2836 δὴ

2285 2862 2379 2916 καὶ
2412 2864 2505 2917 τὸν
2552 2861 2784 2943 θίνατον
2811 2866 2906 2918 καὶ
2951 2865 3050 2936 τὴν
3081 2867 3412 2943 ἀνάστασιν.
3446 2871 3554 2925 Καὶ
3582 2868 3662 2922 διὰ
3694 2863 3821 2917 τοῦτο

2284 2953 2435 3021 λέγει
2467 2953 2541 3023 μὴ
2575 2928 2979 3024 ὲξταυρῶσθαι,
3004 2928 3153 3010 αλλὰ
3190 2936 3362 3014 τοῦτό
3406 2961 3523 3014 ἔστι
3547 2956 3726 3029 ψεῦδος
3750 2968 3823 3003 σα·

2287 3046 2408 3115 φὲς.
2444 3047 2555 3099 Καὶ
2607 3049 2852 3116 πρῶτον,
2908 3048 2992 3102 ὅτι
3045 3048 3208 3120 ειπερ
3254 3051 3368 3106 οὐκ
3398 3049 3722 3121 ἐσταυρώθη,
3749 3040 3822 3096 τοῦ

2287 3136 2447 3206 χάριν
2485 3136 2797 3194 ὲπλάσαντο
2846 3140 2896 3192 oi
2946 3141 3271 3210 Χριστιανοὶ
3334 3144 3483 3199 κατὰ
3507 3142 3597 3196 τοῦ
3625 3132 3822 3206 Χριστοῦ

2290 3228 2527 3296 πρᾶγμα
2555 3229 2906 3299 ’ὲφύϐριστον
2932 3247 2947 3296 ;
2982 3233 3074 3285 τὸν
3117 3232 3227 3302 γὰρ
3255 3232 3355 3287 διὰ
3385 3231 3615 3305 σταυροῦ
3639 3231 3826 3284 θάνατον

2287 3318 2483 3388 ἄτιμον
2523 3321 2616 3373 κα)⁵
2659 3321 2847 3386 ἄδοξον
2889 3322 3218 3391 ἐλογίζοντο,
3260 3326 3366 3379 καὶ
3403 3326 3490 3381 διὰ
3528 3324 3676 3378 τοῦτο
3699 3315 3827 3373 κατί-

2283 3429 2477 3483 κριναν
2507 3413 2600 3467 τὸν
2632 3416 2868 3486 Χριστὸν
2900 3417 2992 3470 τὸν
3039 3416 3247 3489 Κύριον
3287 3419 3398 3491 τῆς
3442 3417 3596 3489 δόξης
3634 3411 3831 3489 οἶτάλξν

2283 3522 2372 3567 ve;
2410 3505 2654 3562 Ἰουδαῖοι
2702 3509 2794 3561 τὶν
2836 3510 3078 3564 τοιοῦτον
3111 3509 3382 3567 θάνατον.
3434 3512 3593 3567 Ἀλλὰ
3638 3505 3828 3577 γνώτω·

2283 3614 2382 3649 σαν
2412 3598 2492 3651 ὅτι
2532 3597 2621 3651 διὰ
2656 3599 2749 3652 τοῦ
2787 3590 2881 3652 τοῦ
2933 3602 3170 3673 σταυροῦ
3213 3604 3487 3673 τροπαίου
3550 3599 3638 3655 καὶ
3661 3596 3738 3652 διὰ
3756 3590 3830 3646 τοῦ

2284 3684 2552 3754 σωτηρίου
2583 3686 2837 3752 θανάτου,
2881 3688 3043 3745 ἅτινα
3067 3693 3161 3744 καὶ
3190 3692 3453 3748 ἀσθένεια
3473 3691 3605 3765 Θεοῦ
3637 3685 3829 3743 καλοῦν-

2282 3794 2392 3841 ται,
2427 3779 2801 3851 κατελύθησαν
2833 3784 3006 3836 πᾶσαι
3032 3784 3090 3837 ai
3110 3788 3348 3856 πονηραὶ
3368 3786 3465 3841 καὶ
3488 3782 3827 3851 άντικεὶμεναι

2282 3870 2563 3940 δυνάμεις,
2594 3873 2682 3927 διὰ
2705 3874 2797 3927 τοῦ
2829 3876 3066 3948 σταύροῦ
3100 3877 3162 3932 τὸ
3187 3880 3380 3942 σκότος
3412 3881 3509 3949 τῆς
3539 3871 3828 3944 οἰκουμένης

2282 3964 2555 4034 ἀπήλασε,
2588 3965 2648 4017 τὸ
2667 3964 2723 4018 δὲ
2742 3967 2855 4033 φῶς
2883 3970 2983 4037 τῆς
3011 3968 3265 4035 γνώσεως
3288 3970 3623 4042 ἐπανήγαγε,
3654 3965 3732 4019 διὰ
3748 3957 3827 4014 τοῦ

2287 4045 2521 4126 σταυροῦ
2550 4059 2644 4119 καὶ
2672 4057 2767 4111 τοῦ
2796 4059 3028 4113 Θανάτου
3067 4061 3236 4115 αὑτοῦ
3269 4063 3542 4134 κατελύθη
3561 4065 3588 4116 6
3609 4061 3827 4117 θάνατος,

2283 4149 2379 4202 καὶ
2397 4150 2498 4203 οὐκ
2532 4149 2613 4203 ἔτι
2661 4152 2785 4207 ἐστὶ
2827 4153 3056 4218 θάνατος
3089 4154 3185 4209 καὶ
3219 4157 3253 4227 ή
3276 4158 3531 4228 τυραννὶς
3568 4153 3659 4209 τοῦ
3678 4147 3831 4206 διασό-

2282 4240 2401 4295 λου.
2434 4242 2545 4296 Καὶ
2571 4242 2633 4295 τὸ
2681 4244 2782 4313 μὲν
2816 4245 2974 4315 σῶμα
3006 4248 3100 4300 τοῦ
3149 4248 3397 4316 Χριστοῦ
3450 4247 3706 4309 ἀπέθανε,
3749 4240 3829 4294 καὶ

2282 4332 2481 4404 ἐτάφη,
2525 4337 2618 4389 καὶ
2638 4336 2865 4407 ἀνέστη,
2895 4339 2927 4408 ὴ
2957 4338 3014 4391 δὲ
3072 4339 3263 4410 θεότης
3291 4330 3465 4396 αὐτοῦ
3504 4339 3708 4404 ἀπαθὴς
3735 4331 3832 4387 διά·

2286 4440 2495 4492 μεινεν.
2532 4426 2747 4497 ’Ὠσπερ
2771 4428 2881 4498 γὰρ
2919 4428 3184 4499 βασιλέως
3217 4431 3373 4500 λόγος
3408 4435 3467 4486 ὲν
3501 4432 3668 4514 χάρτῃ
3688 4440 3834 4479 κατα·

2284 4517 2540 4586 γραφεὶς,
2572 4517 2733 4589 εἴπερ
2764 4521 2793 4573 ό
2830 4520 3040 4590 χάρτης
3082 4521 3387 4595 διαφθαρῇ,
3409 4527 3438 4578 6
3467 4522 3561 4578 τοῦ
3598 4516 3833 4593 βασιλέως

585 4616 753 4670 etiam
793 4615 848 4670 in
875 4614 1097 4672 Christo
1154 4617 1420 4690 contigit;
1480 4636 1683 4694 corpus
1738 4624 1967 4694 quidem
2028 4624 2179 4680 illius

2283 4606 2439 4675 λόγος
2473 4607 2752 4678 ἄφθαρτος
2777 4610 3048 4680 διαμένει,
3073 4612 3217 4666 οὕτω
3239 4615 3333 4665 καὶ
3358 4617 3452 4667 ἐπὶ
3482 4613 3576 4667 τοῦ
3599 4604 3830 4681 Χριστοῦ.

587 4707 1003 4779 corruptionem
1033 4711 1299 4783 suscepit,
1343 4722 1708 4772 et’mortuum
1738 4725 1843 4784 est,
1867 4718 2179 4787 corruptio-

587 4816 713 4856 nem
747 4816 881 4857 vero
911 4803 1218 4859 absolutam
1248 4804 1515 4874 minime;
1572 4808 1837 4864 divinitas
1886 4819 2071 4865 autem
2112 4811 2181 4866 il-

587 4896 697 4949 lius
728 4894 986 4964 passione
1017 4897 1167 4950 omni
1204 4898 1586 4967 earuit.,Deus
1615 4898 1762 4953 enim
1807 4915 1918 4954 non
1948 4902 2177 4972 patitur.

592 4986 877 5055 Secundo,
906 4986 1012 5057 ipsi
1044 4988 1211 5043 etiam
1247 4989 1420 5051 Judaei
1456 5002 1650 5045 omnes
1688 4990 1894 5046 Christi
1948 5001 2177 5050 mortem

589 5089 901 5146 testantur;
937 5095 1061 5135 nam
1093 5081 1288 5137 dicunt
1322 5095 1383 5135 se
1425 5080 1579 5134 illum
1610 5096 1711 5136 ceu
1748 5084 2058 5141 maleﬁcum
2088 5103 2182 5144 oc-

588 5173 813 5229 cidisse.
845 5173 1055 5237 Tertio,
1089 5190 1197 5229 non
1246 5175 1300 5228 in
1330 5174 1589 5229 abstruso
1614 5185 1671 5230 et
1700 5176 2027 5235 abscondito
2057 5179 2179 5236 loco

589 5276 844 5323 mortuus
879 5274 986 5326 est,
1022 5272 1084 5319 ut
1129 5280 1278 5319 mors
1317 5263 1464 5319 illius
1490 5265 1782 5330 celaretur,
1829 5277 1886 5324 et
1920 5285 2025 5324 una
2052 5284 2177 5325 cum

591 5369 771 5415 morte
798 5358 949 5414 illius
983 5371 1205 5426 quoque
1244 5358 1611 5425 resurrectio;
1651 5361 1745 5416 sed
1773 5363 2077 5418 secundum
2099 5363 2180 5417 di-

591 5453 779 5506 vinam
835 5448 1243 5503 ordinationem
1288 5464 1436 5504 mors
1472 5450 1690 5507 Domini
1725 5453 1780 5509 in
1824 5463 2041 5526 tempus
2081 5453 2181 5509 Pa-

592 5544 742 5598 schze
772 5538 988 5603 incidit,
1032 5549 1091 5593 ut
1133 5538 1289 5609 juxta
1341 5541 1800 5598 consuetudinem
1850 5544 2032 5601 omnis
2084 5543 2181 5599 Ju—

592 5636 838 5691 da'orum
866 5630 1161 5686 multitudo
1183 5644 1627 5704 congregaretur,
1660 5634 1949 5692 duodecim
1968 5636 2182 5693 scilicet

591 5727 791 5794 tribus,
826 5722 1195 5794 omnibusque
1238 5740 1387 5781 mors
1420 5727 1625 5782 Christi
1683 5728 2074 5791 innotesceret,
2108 5744 2181 5785 ne

593 5817 735 5872 forte
803 5817 983 5874 locum
1038 5817 1349 5874 invenirent
1396 5820 1659 5891 aliquem,
1727 5822 1822 5889 qui
1881 5821 2182 5877 Salvatoris

595 5922 829 5969 mortem
878 5924 1145 5985 cuperent
1188 5915 1389 5983 celare,
1438 5926 1497 5972 ut
1533 5916 1586 5971 in
1640 5915 1895 5985 pra‘senti
1946 5925 2187 5971 conatur

2281 4697 2343 4751 τὸ
2368 4698 2470 4768 μὲν
2506 4700 2667 4769 σῶμα
2693 4701 2904 4755 ἐκείνου
2956 4704 3052 4757 καὶ
3090 4705 3299 4776 φθορὰν
3329 4707 3566 4771 ἐδέξατο,
3601 4705 3690 4758 καὶ
3717 4695 3833 4753 ἀπέ-

2282 4787 2435 4852 θανε,
2461 4789 2763 4864 διαφθορὰν
2784 4793 2842 4846 δὲ
2864 4793 3116 4862 οὐδαμῶς
3131 4811 3146 4825 ’
3176 4798 3208 4866 ἡ
3238 4795 3295 4849 δὲ
3317 4796 3513 4867 θεότης
3542 4790 3700 4847 αὐτοῦ
3714 4785 3833 4844 avrai

2282 4876 2401 4949 θήςο
2426 4879 2719 4950 διέμεινεν,
2758 4883 2878 4937 οὐδὲ
2905 4885 3015 4955 γὰρ
3045 4886 3245 4956 πάσχει
3272 4886 3427 4949 Θεός.
3470 4884 3743 4954 Δεύτερον.
3763 4877 3833 4930 ὅτι

2281 4973 2377 5024 καὶ
2401 4973 2559 5026 αὐτοὶ
2580 4973 2632 5027 al
2663 4973 2912 5029 Ἰουδαῖοι
2937 4977 3148 5040 πάντες
3187 4976 3597 5048 μαρτυροῦντές
3627 4972 3727 5027 εισι
3755 4966 3831 5018 τὸν

2280 5065 2377 5119 τοῦ
2412 5066 2654 5137 Χριστοῦ
2674 5067 2947 5131 νθάνατον.
2987 5071 3076 5133 Ὠς
3120 5072 3229 5142 γὰρ
3272 5071 3581 5140 κακοῦργον
3636 5067 3833 5132 λέγουσι

2281 5159 2607 5213 ἀποκτεῖναι
2636 5159 2819 5213 αὐτόν.
2852 5159 3072 5225 Τρίτον,
3102 5160 3306 5214 ὅτιούκ
3338 5161 3400 5212 ἐν
3435 5158 3617 5229 κρυφῇ
3657 5146 3848 5250 armis"

2281 5264 2371 5302 νεν
2397 5249 2509 5301 οὐδ’
2538 5252 2598 5304 ἐν
2627 5249 2972 5321 παραϐύστῳ
3018 5252 3111 5306 καὶ
3151 5255 3345 5325 γωνίᾳ,
3380 5252 3469 5305 ἵνα
3500 5246 3675 5345 κρνῦῇ
3697 5238 3834 5345 ὁ.θξ’

2288 5356 2448 5404 νατος
2493 5341 2683 5407 αὐτοῦ,
2723 5343 2822 5398 σὺν
2854 5345 2914 5398 δὲ
2956 5343 3038 5417 τῷ
3067 5345 3287 5415 θανάτῳ
3305 5343 3404 5397 καὶ
3432 5345 3465 5413 ἡ
3510 5340 3696 5394 τούτου
3721 5334 3834 5428 avi:

2284 5449 2499 5499 στασις,
2541 5434 2679 5488 ἀλλὰ
2709 5436 2853 5490 κατὰ
2905 5436 3057 5491 θείαν
3101 5435 3420 5508 οἰκονομίαν
3450 5436 3509 5487 ὲν
3554 5430 3630 5503 τῷ
3679 5434 3835 5491 καιριε

2282 5532 2375 5585 τοῦ
2396 5534 2587 5603 Πάσχα
2617 5530 2832 5600 ἐγένετο
2861 5534 2889 5586 ὁ
2914 5532 3006 5587 τοῦ
3026 5531 3230 5602 Κυρίου
3255 5531 3506 5591 θάνατος,
3528 5527 3613 5581 ἵνα
3638 5518 3765 5577 κατὰ
3785 5512 3832 5565 τὺ

2284 5627 2478 5691 εἰωθὸς
2508 5626 2873 5698 συναθροισθῇ
2924 5626 2987 5679 τὸ
3037 5625 3243 5696 πλῆθος
3275 5622 3388 5679 τῶν
3423 5618 3713 5677 Ἰουδαίων,
3731 5610 3830 5680 ἦτοι

2281 5722 2343 5774 τὸ
2374 5719 2779 5789 δωδεκάφυλον,
2814 5720 2909 5774 καὶ
2931 5718 3161 5789 γένηται
3194 5718 3330 5772 πᾶσι
3357 5714 3518 5783 δῆλος
3549 5712 3576 5765 6
3610 5706 3696 5761 τοῦ
3716 5702 3832 5767 Χρι’

2285 5816 2409 5868 στοῦ
2448 5814 2701 5882 οάυατος,
2737 5814 2832 5869 καὶ
2870 5812 2967 5866 οὐκ
3004 5811 3169 5881 ἔχωσι
3208 5809 3392 5881 χώραν
3445 5807 3493 5858 οἰ
3547 5796 3830 5882 βουλόμεντξι

2287 5908 2550 5981 κρύπτειν
2609 5908 2701 5961 τὸν
2751 5905 2842 5961 τοῦ
2890 5904 3144 5976 Σωτῆρος
3210 5904 3461 5966 θάνατον,
3488 5895 3562 5960 ὡς
3604 5886 3735 5944 κατὰ
3779 5876 3829 5930 τὸ
