4058 6440
214 318 219 323 -
286 286 393 352 673

1241 287 1541 349 CONTRA
1590 283 2078 347 MAHOMETEM
2112 254 2581 373 ORATIO-tu.

3464 292 3575 357 6H
3612 338 3629 351 .

285 398 464 472 παρὸν
493 399 521 454 6
543 398 810 469 Μωᾶμεθ.
849 400 1147 471 Τέταρτον,
1188 398 1274 453 ὅτι
1314 400 1416 455 οὐκ
1444 400 1688 454 ἀπέθανε
1713 397 1875 453 θάνα-

1984 395 2282 452 Mahomet.
2315 376 2546 463 Quarto,
2585 373 2731 469 quod
2767 415 2877 455 non
2905 411 3081 458 morte
3127 403 3365 461 naturali
3408 404 3572 473 obiit,

283 510 382 548 τον
404 494 655 562 φυσικὸν,
675 495 814 548 ἀλλά
837 496 950 558 τοῖς
978 494 1258 558 Ἰουδαίοις
1292 493 1568 565 ἐπέτρεψε
1600 495 1694 548 τὸν
1726 493 1875 548 ὲκεί-

285 602 383 640 νου
420 587 671 641 θάνατον.
706 586 975 659 Καθάπερ
1004 604 1088 652 τις
1121 587 1430 657 παλαιστὴς
1458 589 1728 654 γενναῖος,
1776 587 1878 640 οὐκ

284 675 453 739 αὐτὸς
506 675 718 738 ἐκεῖνος
753 676 1041 747 ἐκλέγεται
1096 678 1189 732 τὸν
1239 678 1654 747 ἀνταγωνιστὴν
1698 676 1878 731 αὐτοῦ

292 767 390 819 καὶ
429 766 746 831 ἀντίπαλον,
782 767 901 820 ἀλλ’
932 769 1008 831 ὡς
1033 768 1099 824 ἄν
1125 786 1209 833 τις
1243 768 1503 841 βούληται
1535 769 1710 839 τούτῳ
1743 785 1881 839 συμ-

286 855 557 909 πλέκεται
582 873 597 887 ⁸
626 856 771 910 οὕτω
810 860 904 912 καὶ
932 859 960 911 6
983 859 1244 929 Χριστὸς,
1276 858 1334 924 6;
1378 859 1490 915 ἀπὸ
1520 859 1682 927 λόγου
1713 860 1877 929 μόνου

286 945 454 1017 ῥίψας
518 946 600 1009 είς
656 948 761 1015 γῆν
837 948 960 1011 τοὺς
1002 948 1300 1020 ζητοῦντας
1371 950 1561 1015 αὑτὸν,
1599 951 1699 1020 τὴν
1731 948 1881 1016 ἐξου-

288 1038 415 1093 σίαν
453 1040 638 1092 πᾶσαν
703 1041 817 1103 τοῖς
863 1041 1146 1106 Ἰουδαίοις
1208 1044 1410 1112 ἀφῆκε.
1458 1044 1580 1096 -Καὶ
1632 1043 1787 1097 αὐτοὶ
1827 1043 1877 1095 οί

287 1131 534 1186 Ἰουδαῖοι
606 1118 918 1198 ἐξελέξαντο
983 1136 1076 1187 τὸν
1144 1135 1233 1190 διὰ
1319 1136 1558 1207 σταυροῦ
1626 1136 1877 1202 θάνατον,

289 1222 617 1291 ἀγνοοῦντες
644 1226 692 1276 oi
716 1225 947 1290 τάλανες
997 1229 1081 1281 ὅτι
1127 1229 1225 1281 καὶ
1259 1227 1424 1290 αὐτὸς
1458 1230 1486 1282 6
1517 1227 1748 1289 θάνατος
1787 1226 1879 1296 ἔμ-

290 1315 462 1383 φασιν
518 1317 1047 1388 τιναοπροφητείας
1085 1320 1431 1391 ἐπλήρωσεν.
1475 1323 1535 1373 Ὀ
1567 1322 1676 1390 γάρ
1712 1321 1880 1375 Δαϐίδ

297 1424 466 1476 φησι,
508 1425 528 1459 ι
561 1409 728 1463 Λίθον
773 1409 834 1462 ὃν
887 1411 1308 1482 ἀπεδοκίμασαν
1358 1415 1408 1467 ei
1438 1412 1876 1483 οἰκοδομοῦντες,

291 1495 450 1562 οὗτος
476 1501 711 1571 ἐγενήθη
772 1503 854 1564 είς
896 1502 1141 1571 κεφαλὴν
1176 1503 1402 1572 γωνίας.
1429 1523 1448 1555 ι
1488 1505 1555 1557 Τί
1606 1502 1879 1575 δηλούσης

289 1592 397 1660 τῆς
420 1592 794 1663 προφητείαςξ
827 1593 1050 1657 Πάντως
1069 1595 1225 1650 οὐδὲν
1251 1594 1513 1668 ἕτερον,ἢ
1551 1596 1654 1664 ὅτι,
1685 1595 1878 1673 ὥσπερ

289 1685 327 1754 ἠ
361 1685 532 1754 γωνία
569 1684 696 1749 τοὺς
732 1684 828 1738 δύο
853 1685 1069 1756 τοίχους
1109 1686 1221 1740 ἑνοῖ
1247 1688 1343 1740 καὶ
1377 1687 1576 1754 συνδεῖ,
1615 1689 1710 1742 καὶ
1733 1690 1880 1742 ποιεῖ

1980 487 2076 542 sed
2108 487 2314 543 Iudaeis
2357 490 2554 546 mortis
2583 506 2696 547 suae
2726 492 3018 548 arbitrium
3060 495 3311 565 permisit
3338 514 3352 551 :
3384 484 3578 567 quem;

1980 579 2277 637 admodum
2324 597 2631 653 generosus
2674 585 2879 651 athleta
2947 601 3058 640 non
3115 586 3234 657 ipse
3291 602 3579 644 concerta-

1981 679 2159 727 torem
2192 682 2250 728 et
2276 674 2689 729 colluctatorem
2734 675 2912 747 eligit,
2942 678 3038 733 sed
3067 693 3192 733 cum
3240 693 3353 733 uno
3395 679 3577 750 quoli-

1980 763 2076 820 bet
2100 766 2489 836 congreditur;
2523 768 2604 822 sic
2630 768 2797 822 etiam
2838 769 3117 834 Christus,
3142 771 3235 841 qui
3260 772 3379 827 solo
3401 773 3573 827 verbo

1980 857 2038 913 in
2089 867 2290 912 terram
2342 867 2718 926 prostraverat
2766 870 3084 930 quaerentes
3115 877 3197 929 se,
3229 877 3450 923 omnem
3478 878 3576 931 pos
3654 856 3661 861 ’

1982 957 2236 1004 testatem
2267 948 2474 1005 Iudaeis
2505 951 2779 1020 permisit,
2812 953 2907 1020 qui
2941 961 2997 1007 et
3038 953 3143 1022 ipsi
3186 955 3371 1009 crucis
3420 969 3571 1009 mor-

1984 1050 2092 1095 tem
2139 1041 2445 1112 elegerunt,
2501 1043 2817 1113 ignorantes
2873 1043 3064 1098 miseri
3121 1044 3288 1099 etiam
3336 1055 3570 1102 mortem

1967 1128 2125 1199 'hanc
2165 1134 2467 1203 prophetiae
2527 1132 2752 1205 figuram
2796 1135 3048 1205 implere.
3089 1135 3259 1191 David
3292 1138 3437 1192 enim
3491 1141 3575 1194 in-

1980 1225 2141 1294 quit:
2181 1245 2199 1278 ι
2239 1225 2498 1297 Lapidem
2532 1242 2695 1297 quem
2745 1229 3182 1299 reprobaverunt
3211 1229 3572 1298 aedilieantes,

1981 1317 2073 1373 hic
2100 1318 2278 1373 factus
2305 1326 2389 1373 est
2429 1319 2483 1373 in
2514 1332 2678 1389 caput
2723 1321 2906 1389 anguli
2952 1320 3041 1374 “:
3104 1341 3123 1374 ι
3154 1323 3417 1391 quidnam
3469 1324 3573 1377 hoc

1958 1406 2242 1462 .vaticinio
2273 1409 2578 1463 innuente?
2624 1409 2744 1465 Non
2781 1410 2930 1466 aliud
2979 1421 3152 1477 certe,
3204 1428 3370 1495 quam
3420 1413 3573 1484 quod

1981 1500 2151 1554 veluti
2179 1501 2413 1571 angulus
2451 1501 2593 1557 duos
2626 1503 2914 1574 coniungit
2939 1511 2994 1558 et
3036 1503 3262 1575 colligat
3310 1505 3570 1573 parietes.

1980 1604 2262 1661 unumque
2314 1590 2469 1656 facit,
2513 1593 2594 1649 sic
2635 1601 2692 1648 et
2728 1593 3007 1660 Christus,
3068 1610 3231 1665 quem
3283 1595 3571 1666 Scriptura

1982 1693 2194 1751 petram
2224 1683 2463 1750 vocavit,
2498 1699 2662 1753 quam
2707 1685 3166 1755 reprobaverunt,
3199 1696 3256 1742 et
3295 1700 3395 1743 ceu
3444 1687 3571 1741 inu-

287 1779 375 1841 ἓν,
407 1777 550 1832 οὕτω
577 1779 673 1833 καὶ
710 1781 739 1832 6
774 1780 1034 1851 Χριστος,
1078 1780 1141 1845 ὃς
1172 1782 1348 1852 πέτρα
1387 1783 1685 1852 ὠνομάσθη
1726 1785 1875 1854 παρά

1985 1767 2137 1824 lilem
2167 1770 2504 1841 reiecerunt,
2539 1773 2854 1844 nulliusqne
2897 1775 3062 1844 pretii
3094 1776 3458 1833 aedificatores
3477 1777 3573 1834 Ju-

285 1870 393 1940 τῆς
433 1872 677 1941 Γραφῆς.
737 1872 919 1928 ὅντινα
965 1874 1112 1928 λίθον
1157 1875 1594 1945 ἀπεδοκίμασαν,
1653 1876 1767 1929 καὶ.
1801 1873 1911 1940 ὠμ

287 1963 544 2031 ἀνωφελῆ
596 1963 691 2017 καὶ
728 1949 1005 2036 ἄχρηστον
1050 1965 1290 2038 ἔρριψαν
1352 1967 1399 2020 oi
1450 1966 1875 2036 οἰκοδομοῦντες

300 2055 574 2118 Ἰουδαῖοι,
603 2054 802 2119 οἵτινες
832 2059 1299 2129 ἐνεπιστεῦθησαν
1329 2059 1396 2112 τὰ
1429 2059 1524 2112 τοῦ
1555 2058 1689 2112 Θεοῦ
1720 2058 1878 2127 λόγια

266 2148 376 2212 εἰς
409 2148 703 2219 οίκοδομὴν
732 2153 828 2204 καὶ
861 2153 1139 2222 σωτηρίαν
1172 2152 1266 2205 τοῦ
1300 2152 1494 2220 γένους
1547 2151 1752 2216 αὐτῶν,
1780 2146 1878 2208 οὗ·

287 2252 403 2302 τος,
430 2237 600 2308 ἤγουν
627 2238 656 2288 6
681 2238 943 2308 Χριστὸς,
980 2240 1215 2312 ἐγενήθη
1244 2240 1326 2303 είς
1372 2239 1615 2310 κεφαλὴν
1637 2241 1902 2315 χωνίας,.

292 2328 537 2382 τουτέστι
578 2328 782 2398 συνῆψε
812 2333 914 2399 τήν
943 2346 1002 2382 τε
1050 2330 1290 2384 παλαιὰν
1343 2332 1644 2401 Διαθήκην,
1679 2332 1772 2386 καὶ
1805 2333 1875 2385 τά

297 2418 450 2486 ἔθνη,
497 2421 591 2473 καὶ
642 2420 850 2482 ὲνὼσας
886 2426 951 2474 τά
991 2421 1105 2488 δύο,
1134 2421 1232 2475 Eva
1263 2419 1423 2485 οἷκον
1473 2424 1730 2494 ἐποίησεν
1784 2427 1867 2487 είς

304 2509 718 2580 κατοικητήριον
746 2509 904 2564 Θεοῦ.
946 2512 1052 2564 Καὶ
1100 2511 1283 2578 τείνας
1321 2512 1418 2577 τὰς
1462 2517 1653 2586 χεῖρας
1703 2515 1875 2588 ὲν-τῷ

302 2602 537 2673 σταυρῷ,
571 2604 642 2659 τὰ
672 2604 938 2659 διεστῶτα
979 2611 1278 2677 συνήγαγε,
1311 2613 1402 2662 καὶ
1436 2613 1515 2672 είς
1548 2611 1646 2665 ἕνα
1671 2613 1862 2666 καινὸν

296 2693 584 2766 ἄνθρωπον
626 2699 720 2751 καὶ
753 2698 885 2777 μίαν
950 2699 1137 2753 πίστιν
1182 2702 1657 2772 ἀποκατέστησεν.
1713 2702 1876 2758 Ἀλλὰ

295 2788 389 2840 καὶ
422 2788 516 2842 τὸν
548 2788 706 2858 ἀέρα,
737 2789 924 2847 ὅντινα
977 2793 1004 2845 6
1052 2792 1240 2864 ἄρχων
1286 2793 1381 2848 τοῦ
1416 2793 1581 2864 ἀέρος
1627 2794 1875 2859 διάϐολος

290 2880 509 2948 ἐμίανε,
544 2879 732 2934 τοῦτον
763 2882 794 2937 6
823 2882 1063 2951 Χριστὸς
1097 2883 1318 2954 ήγίασε,
1351 2884 1442 2939 διὰ
1488 2886 1548 2938 τὸ
1597 2887 1875 2958 ἀναΰεϐη-

282 2967 448 3029 κέναι
478 2973 639 3027 αὐτὸν
669 2976 749 3038 είς
769 2974 830 3029 τὸ
852 2975 947 3030 τοῦ
977 2976 1214 3045 σταυροῦ
1248 2976 1402 3046 ὕψος.
1436 2979 1596 3032 Εἴποι
1623 2979 1668 3032 δ’
1697 2980 1763 3034 ἄν
1791 2997 1875 3044 τις

291 3065 387 3163 καὶ
418 3057 599 3129 τοῦτο,
632 3066 712 3120 ὄτι
742 3067 845 3163 οῦκ
892 3067 1175 3122 ἀπέθανεν
1200 3069 1229 3123 6
1257 3069 1493 3141 Χριστὸς
1528 3071 1621 3124 τόν
1653 3087 1711 3124 τε
1757 3070 1871 3124 ’Ῑω-
1900 3103 1943 3163 C

294 3155 457 3211 άννου
482 3157 733 3222 θάνατον,
765 3156 799 3227 ἢ
831 3157 925 3211 τὸν
967 3158 1220 3225 Ἡσαΐου,
1250 3160 1448 3224 οἵτινες
1477 3162 1503 3212 6
1532 3160 1634 3228 μὲν
1658 3160 1869 3230 ἐτμήθη

290 3250 395 3320 τὴν
447 3248 715 3322 κεφαλὴν,
751 3252 779 3304 6
825 3250 884 3304 δὲ
915 3250 1154 3322 ὲπρίσθη
1200 3253 1369 3322 μέσον
1414 3252 1613 3321 ξυλίνῳ
1667 3254 1870 3322 πρίονι,

289 3340 425 3395 ἀλλά
462 3340 603 3394 σῶον
649 3340 789 3410 ἔχων
836 3339 897 3394 τὸ
937 3340 1120 3413 σῶμα,
1174 3341 1526 3397 διδασκαλίαν
1577 3343 1759 3411 ἀφεὶς,
1792 3345 1875 3396 ὅτι

290 3429 415 3482 ἐπεὶ
449 3430 610 3502 σῶμα
638 3430 880 3501 Χριστοῦ
913 3432 947 3502 ἡ
973 3430 1278 3500 Ἐκκλησία
1307 3431 1477 3493 ἐστὶν,
1514 3433 1615 3484 οὐκ
1641 3431 1764 3484 ἔστι
1796 3431 1846 3484 δε

286 3536 466 3585 καιον,
494 3520 585 3575 ῐνα
614 3521 878 3593 σχίζωσιν
905 3522 1082 3594 αὐτὴν
1109 3524 1158 3576 οἱ
1196 3523 1383 3586 κακῶς
1413 3522 1762 3594 φρονοῦντες.

359 3608 424 3674 ζ’.
470 3610 589 3663 Ἔτι
616 3612 779 3680 φησὶν
803 3612 886 3665 ὅτι
919 3612 1012 3664 τὸν
1048 3612 1286 3683 Χριστὸν
1339 3614 1367 3666 6
1397 3612 1530 3676 Θεὸς
1561 3618 1640 3675 εἰς
1672 3614 1872 3667 ἑαυτὸν

292 3701 719 3772 μετεκαλέσατο,
748 3701 1030 3758 τουτέστιν
1059 3704 1138 3766 είς
1168 3702 1297 3767 τοὺς
1331 3702 1621 3772 οὐρανούς.
1656 3705 1789 3769 Περὶ
1816 3701 1874 3754 δὲ

286 3792 358 3845 τὰ
382 3790 512 3862 τέλη
534 3791 628 3845 τοῦ
657 3793 864 3863 κόσμου
901 3791 1063 3845 πάλιν
1128 3794 1452 3864 φανήσεται,
1487 3794 1581 3846 καὶ
1631 3791 1875 3846 θανατώ-

292 3899 380 3936 σει
432 3885 523 3938 τδν
550 3882 948 3956 ’Δντίχριστον,
984 3886 1123 3956 μετά
1148 3886 1204 3938 δὲ
1234 3883 1407 3939 ταῦτα
1428 3884 1624 3938 ,θανεῖν
1655 3887 1750 3937 καὶ
1782 3885 1874 3937 τὸν

290 3970 551 4039 Χριστὸν,
598 3975 713 4036 τοῖς
762 3973 1061 4041 αἱρετικοῖς
1125 3974 1480 4035 Δονατισταῖς
1538 3971 1872 4041 συμφωνῶν,

286 4063 382 4115 καὶ
412 4061 585 4134 ταύτῃ
611 4066 677 4135 τῇ
728 4064 939 4135 αἱρέσει
992 4064 1050 4117 τὸ
1079 4063 1463 4133 ὁμολογεῖσθαι
1523 4063 1757 4133 Χριστὸν
1784 4062 1875 4115 τὸν

286 4155 424 4209 Θεὶν
474 4156 791 4227 ἀνατρέπει.
828 4155 950 4210 Ὅτι
1004 4157 1104 4226 μὲν
1155 4156 1264 4226 γάρ
1318 4156 1599 4225 ἀνελήφθη
1634 4155 1716 4217 είς
1748 4153 1875 4216 τοὺς

287 4243 550 4314 οὐρανοὺς
581 4248 609 4300 6
642 4247 901 4317 Χριστὸς,
924 4230 1200 4317 ὁμολογεῖ,
1228 4246 1322 4300 καὶ
1377 4248 1462 4300 ὅτι
1500 4247 1666 4299 πάλιν
1719 4245 1874 4297 ἐλεύ-

222 4390 225 4395 ,
287 4334 478 4388 σεσθαι
534 4335 722 4408 μέλλει
762 4338 862 4391 οὐκ
916 4339 1164 4407 ἀρνεῖται
1192 4353 1206 4367 ’
1259 4339 1342 4390 ὅτι
1390 4338 1446 4391 δὲ
1497 4337 1574 4401 ὡς
1616 4337 1749 4399 Θεὸς
1778 4335 1874 4388 καὶ

1981 1858 2108 1922 dmi,
2140 1861 2236 1930 qui
2275 1876 2408 1917 sane
2441 1862 2914 1920 conﬁrmaverunt
2952 1866 3050 1921 Dei
3089 1868 3312 1923 oracula
3350 1869 3405 1923 in
3435 1867 3571 1923 aedi-

1983 1951 2295 2009 ﬁcationem
2341 1962 2398 2008 et
2457 1955 2691 2010 salutem
2737 1958 2920 2026 gentis
2952 1973 3104 2025 sum;
3161 1959 3272 2025 hic,
3322 1961 3568 2031 inquam,

1979 2041 2235 2099 Christus
2255 2045 2434 2100 factus
2461 2054 2546 2101 est
2568 2045 2623 2101 in
2652 2059 2819 2117 caput
2850 2049 3055 2119 anguli,
3089 2049 3143 2104 id
3175 2059 3262 2106 est
3283 2051 3571 2122 conjunxit

1985 2143 2139 2192 vetus
2192 2136 2632 2206 Testamentum,
2686 2148 2742 2195 et
2790 2149 3005 2210 gentes,
3058 2151 3112 2197 et
3175 2142 3259 2198 his
3308 2145 3572 2213 utrinque

1980 2228 2292 2300 conjunctis
2323 2245 2489 2285 unam
2510 2230 2641 2286 fecit
2670 2232 2895 2288 domum
2923 2234 2979 2288 in
3018 2233 3399 2290 habitaculum
3440 2234 3568 2298 Dei;

1978 2329 2036 2374 et
2087 2320 2334 2376 extensis
2364 2322 2421 2376 in
2451 2337 2617 2378 cruce
2668 2323 2946 2389 manibus,
2987 2323 3251 2380 distantia
3308 2325 3457 2403 inter
3508 2338 3570 2380 se

1979 2409 2219 2481 collegit,
2261 2420 2318 2467 et
2350 2412 2409 2467 in
2438 2406 2606 2489 undm
2642 2429 2844 2468 novum
2880 2414 3163 2471 hominem
3196 2430 3473 2486 unamque
3510 2417 3571 2470 fi-

1978 2504 2103 2561 dem
2131 2505 2444 2563 constituit.
2489 2503 2594 2562 Sed
2648 2516 2704 2562 et
2751 2522 2960 2574 aerem,
2996 2510 3255 2578 quoniam
3315 2508 3574 2579 princeps

1979 2597 2122 2654 aeris
2150 2598 2421 2652 infecerat
2452 2598 2732 2665 diabolus,
2779 2598 3146 2656 sanctillcavit
3189 2600 3446 2655 Christus
3474 2615 3572 2670 per

1979 2705 2140 2745 suum
2197 2690 2253 2744 in
2307 2691 2492 2746 crucis
2552 2692 2924 2746 summitatem
2984 2707 3295 2747 ascensum.
3359 2691 3574 2746 Poterit

1981 2796 2113 2834 vero
2140 2780 2344 2849 aliquis
2407 2790 2463 2834 et
2507 2780 2614 2835 hoc
2666 2780 2879 2843 dicere,
2952 2782 3099 2850 quod
3150 2782 3407 2837 Christus
3461 2796 3571 2837 non

1980 2882 2234 2929 mortuus
2267 2874 2360 2941 sit,
2402 2889 2468 2929 ea
2502 2889 2611 2944 qua
2659 2874 2905 2929 Joannes
2931 2883 2987 2929 et
3019 2874 3188 2930 Isaias
3212 2886 3392 2930 morte
3417 2875 3573 2930 obie-

1978 2974 2110 3019 runt
2140 2964 2194 3036 (e
2223 2966 2428 3035 quibus
2474 2965 2567 3021 ille
2616 2965 2839 3035 quidem
2888 2966 3069 3036 capite
3123 2973 3431 3032 truncatus,
3480 2965 3571 3020 hic

1980 3071 2113 3110 vero
2146 3071 2298 3111 serra
2320 3056 2500 3127 lignea
2524 3054 2739 3111 medius
2771 3055 3047 3111 dissectus
3074 3058 3204 3125 est),
3240 3046 3336 3111 sed
3366 3069 3570 3124 corpus

1979 3146 2189 3201 salvum
2229 3156 2287 3202 et
2320 3147 2597 3216 integrum
2651 3161 3004 3213 conservans,
3041 3146 3228 3201 docuit
3270 3148 3373 3202 hoc
3422 3145 3568 3202 facto

1975 3252 2097 3305 nos,
2130 3241 2275 3306 quod
2301 3237 2627 3304 Ecclesiam,
2653 3237 2785 3307 quia
2817 3253 3021 3308 corpus
3061 3236 3268 3293 Christi
3311 3247 3421 3300 est,
3459 3252 3567 3293 non

1974 3330 2135 3385 liceat
2166 3329 2453 3386 malevolis
2486 3330 2541 3384 in
2580 3329 2829 3385 diversas
2862 3338 3048 3399 partes
3081 3328 3422 3385 discindere.

2046 3602 2101 3656 7.
2141 3600 2370 3670 Insuper
2395 3595 2550 3666 dicit,
2581 3595 2754 3653 Deum
2779 3595 2849 3653 ad
2879 3611 2960 3663 se,
2992 3595 3047 3651 id
3082 3604 3170 3651 est
3194 3595 3253 3651 in
3280 3594 3450 3651 caelos
3472 3608 3566 3650 vo-

1974 3691 2188 3748 cavisse
2213 3689 2522 3756 Christum,
2550 3684 2754 3744 deinde
2810 3702 2943 3742 vero
2986 3696 3043 3743 et
3097 3686 3277 3757 ipsum
3334 3672 3575 3740 marito:

1975 3782 2448 3840 rumzhtcreticis
2504 3780 2804 3837 Donatistis
2857 3780 3231 3842 consentiens,
3276 3793 3398 3848 qua}
3460 3778 3568 3831 ira--

1961 3864 2119 3932 -resis
2145 3876 2240 3930 Dei
2276 3876 2343 3930 de
2380 3872 2603 3929 Christo
2646 3869 3051 3927 confessionem
3101 3867 3357 3923 destruit.
3407 3865 3567 3933 Quod

1974 3966 2206 4024 enimin
2249 3966 2419 4022 ctelos
2468 3970 2789 4033 assumptus
2843 3961 2916 4017 sit
2980 3959 3258 4024 Christus,
3312 3966 3563 4024 testatur,

1977 4075 2079 4115 nec
2111 4060 2369 4116 eumdem
2416 4065 2582 4128 negat
2630 4056 2815 4110 denuo
2851 4063 3173 4109 venturum.
3220 4048 3377 4117 Quod
3430 4055 3564 4105 vero

1975 4166 2075 4206 ceu
2109 4150 2254 4204 Deus
2296 4158 2351 4204 ct
2380 4148 2549 4220 judex
2599 4147 2872 4201 universa:
2918 4155 3079 4201 terra:
3139 4155 3403 4198 venturus
3468 4142 3563 4209 sit,

1975 4242 2243 4311 abnegat;
2277 4240 2375 4295 sed
2424 4239 2602 4319 instar
2628 4236 2763 4291 Eliae
2804 4243 2860 4290 et
2890 4234 3076 4290 Enocb
3112 4233 3399 4319 Christum
3431 4249 3566 4288 ven-

1977 4341 2159 4387 turum
2205 4344 2325 4385 esse
2364 4311 2647 4400 praedicat.
2682 4328 2833 4383 Illius
2861 4333 3040 4380 morte
3071 4311 3255 4380 autem
3304 4335 3431 4380 ante
3467 4340 3565 4379 ne-

286 4425 482 4497 κριτὴς
559 4427 742 4498 πάσης
812 4430 1067 4495 κτίσεως,
1138 4429 1528 4483 ἀποδάλλεται.
1593 4428 1740 4480 Ἀλλ’
1794 4425 1868 4487 ὡς

1976 4433 2117 4495 gata,
2155 4437 2304 4476 nunc
2352 4421 2489 4476 dicit
2529 4421 2694 4476 etiam
2728 4419 3015 4475 Christum
3067 4420 3425 4485 moriturum,
3465 4418 3562 4473 ubi

287 4518 475 4572 Ἠλίαν
503 4521 535 4590 ἢ
564 4519 757 4591 Ἑνὼχ,
786 4521 932 4574 οὕτω
971 4521 1231 4592 κηρύττει
1253 4523 1349 4575 τὸν
1379 4521 1616 4593 Χριστὸν
1641 4519 1864 4574 ἐλεύσε-

285 4610 433 4666 σθαι.
468 4612 832 4685 Ἀρνούμενος
860 4616 919 4668 δὲ
936 4615 1035 4668 καὶ
1062 4613 1154 4667 τὸν
1180 4614 1396 4668 ἐκείνου
1424 4612 1679 4676 θάνατον,
1714 4606 1865 4683 λέγει

282 4704 368 4758 ὅτι
413 4706 552 4775 μετά
593 4705 656 4759 τὸ
682 4706 999 4762 θανατῶσαι
1019 4708 1115 4761 τὸν
1141 4707 1535 4776 Ἀντίχριστον,
1569 4708 1663 4759 καὶ
1689 4707 1857 4759 αὐτὸν

284 4797 377 4851 τὸν
432 4797 671 4868 Χριστὸν
709 4799 1024 4854 ἀποθανεῖν.
1083 4799 1226 4856 Ἀλλ’
1279 4798 1406 4852 ἐπεὶ
1452 4798 1718 4861 πολλάκις
1770 4797 1865 4852 καὶ

282 4889 557 4963 διαφόρως
606 4891 920 4964 ἔμπροσθεν
962 4894 1094 4967 περὶ
1155 4894 1251 4948 τοῦ
1308 4891 1549 4965 Χριστοῦ
1610 4892 1864 4961 είπομεν,

1972 4517 2376 4573 Antichristum
2428 4512 2715 4570 occiderit.
2785 4514 3057 4580 Quoniam
3109 4527 3242 4569 vero
3307 4514 3565 4582 superius

1974 4625 2117 4681 saepe
2148 4619 2203 4665 et
2239 4608 2596 4681 multifariam
2630 4609 2699 4663 de
2732 4605 2953 4662 Christo
2984 4605 3248 4672 diximus,
3280 4604 3564 4659 sulliciunt

1973 4677 2188 4772 ea—quae
2214 4699 2360 4755 dicta
2411 4677 2653 4763 ειιιιιξὶη
2688 4706 2853 4751 tantae
2887 4696 3187 4766 impietatis
3231 4693 3563 4749 confutatio-

1972 4804 2101 4845 nem
2127 4798 2184 4846 et
2212 4789 2569 4844 solutionem.
2598 4787 2665 4842 Et
2693 4787 2812 4842 haec
2837 4801 2970 4841 sane
2994 4792 3124 4841 sunt
3150 4798 3271 4855 quae
3303 4784 3371 4840 de
3396 4783 3562 4841 Chri=

1973 4875 2060 4940 sto
2088 4901 2118 4939 a
2144 4884 2452 4939 Mahomete
2485 4887 2614 4937 sunt
2638 4880 2855 4936 tradita.
3404 4900 3409 4904 υ

283 4989 499 5073 ἀπξόχρη
523 4990 591 5043 τά
620 4988 894 5056 λεγόμενα
937 4990 1037 5050 si;
1065 4987 1380 5060 ἀνασκευὴν
1410 4988 1507 5042 καὶ
1552 4986 1853 5040 κατάλυσιν
1899 4981 1994 5036 καὶ
2024 4978 2216 5034 τούτου
2275 4977 2369 5030 τοῦ
2406 4974 2781 5047 ἀσεϐήματος.
2842 4974 2955 5029 Καὶ
2994 4973 3126 5045 περὶ
3168 4971 3270 5044 μὲν
3300 4970 3394 5025 τοῦ
3422 4972 3560 5044 Χρι-

284 5083 416 5137 στοῦ
444 5081 622 5136 ταῦτά
641 5084 751 5135 εἰσι
778 5081 849 5134 τά
879 5079 1035 5151 παρά
1060 5080 1155 5134 τοῦ
1189 5081 1441 5151 Μωάμεθ
1470 5080 1755 5152 λεχθέντα.

356 5173 429 5246 η’.
465 5173 602 5245 Περὶ
635 5173 825 5244 δὲ-τῆς
854 5175 1021 5244 ἁγίας
1072 5174 1294 5245 Μαρίας
1325 5178 1424 5242 τῆς
1451 5174 1728 5245 παρθένου
1767 5169 1865 5225 καὶ

282 5265 543 5322 θεοτὸκου
569 5265 774 5325 οὑτωσί
803 5283 991 5337 φησιν,
1026 5265 1110 5319 ὅτι
1137 5266 1186 5319 οί
1233 5267 1556 5338 Χριστιανοὶ
1586 5263 1864 5319 θεοποιοῦ-

282 5376 369 5414 σιν
387 5359 580 5429 αὑτήν.
605 5357 762 5412 Ἐπεὶ
795 5358 927 5426 γοῦν
949 5359 1043 5411 καὶ
1076 5358 1205 5428 περὶ⁵
1234 5357 1329 5410 τοῦ
1376 5357 1620 5411 τοιούτου
1659 5357 1865 5427 ἀτοττή-

286 5466 458 5521 ματος
509 5449 763 5520 ἀρκετῶς
808 5449 1118 5520 εἰρήκαμεν
1145 5449 1203 5502 ὲν
1241 5451 1308 5520 τῇ
1354 5449 1517 5522 τρίτῃ
1571 5446 1861 5518 ἀπολογίᾳ,

207 5575 221 5589 ο
285 5541 453 5596 πλέον
470 5541 533 5595 οὐ
550 5539 819 5621 λέγομεν.
842 5540 1084 5613 Ἀρκετά
1112 5543 1207 5597 καὶ
1227 5542 1340 5612 γάρ
1380 5543 1488 5595 sict
1513 5542 1579 5593 vi
1605 5540 1859 5612 ρηθέντα.

359 5708 407 5741 ⁸⁸
441 5708 634 5767 Matth.
677 5723 792 5777 ut,
832 5709 925 5764 42.

2033 5167 2087 5222 8.
2113 5167 2188 5224 De
2203 5174 2405 5222 'sancta
2431 5177 2566 5219 vero
2599 5161 2768 5218 Maria
2801 5160 3012 5232 virgine
3056 5169 3111 5217 et
3141 5163 3370 5232 Dcipara
3393 5162 3550 5232 dicit,

1962 5261 2110 5331 quod
2168 5258 2468 5315 Christiani
2503 5257 2649 5312 illam
2685 5257 2742 5310 in
2791 5259 2920 5311 t'eos
2976 5254 3242 5310 referant.
3283 5256 3554 5322 Quoniam

1964 5367 2096 5408 vero
2128 5353 2294 5407 etiam
2326 5354 2392 5407 ile
2425 5352 2527 5406 hac
2568 5348 2906 5404 absurditate
2955 5347 3012 5402 i’n
3060 5347 3220 5403 tertia
3289 5346 3553 5418 Apologia

1962 5446 2201 5501 diximus
2247 5442 2605 5507 sufﬁcienter,
2641 5443 2792 5512 plura
2826 5457 2934 5495 mm
2964 5440 3248 5505 dicemus;
3290 5455 3355 5495 ea
3403 5440 3551 5493 enim

1964 5554 2085 5610 qum
2118 5537 2265 5593 dicta
2305 5546 2458 5602 sunt,
2520 5512 2628 5592 huc
2675 5533 2975 5590 sutliciunt.
3023 5534 3158 5589 Item
3210 5532 3267 5587 in
3310 5532 3554 5601 capitulo
