4058 6436
511 224 620 289 679

1688 222 2019 285 JDANNIS
2056 220 2588 282 CANTACUZENI

3631 231 3724 295 680

512 348 657 397 mata
682 336 1050 397 discernere?
1079 336 1199 393 Non
1243 335 1391 392 enim
1433 333 1673 389 Gabrieli
1708 334 1809 387 soli
1846 348 1905 388 se
1954 340 2109 387 ante-

2220 330 2419 404 ὥσπερ,
2455 334 2580 387 τινὰ
2629 331 2855 386 κώδωνα
2896 332 3134 405 χαλκοῦν
3184 334 3436 406 ἠχοῦντα.
3481 336 3537 392 Ὀ
3579 342 3737 397 τοίνυν

434 464 439 469 ι
512 433 689 505 ponit,
738 432 838 487 sed
885 430 1055 487 etiam
1105 428 1368 484 omnibus
1416 427 1503 483 his
1549 425 1616 480 ad
1661 440 1802 495 quos
1845 423 2087 479 Gabrieli

513 541 628 581 non
678 522 1105 595 permittebatur
1152 521 1404 593 ingredi:
1461 519 1557 574 sed
1607 526 1760 573 tanto
1812 517 1921 572 illis
1974 522 2095 570 erat

518 615 775 681 inierior,
812 627 872 670 ut
900 614 1082 684 ipsum
1122 613 1482 667 Mahometem
1519 609 1676 664 alteri
1715 608 1909 680 angelo
1943 623 2094 661 com-

519 709 788 773 mitteret,
820 706 914 777 qui
947 715 1003 761 et
1043 706 1161 776 ipse
1192 704 1377 767 alteri,
1420 711 1476 756 et
1506 702 1586 756 sic
1620 701 1884 770 deinceps
1913 713 1971 754 se
2001 713 2099 767 per

525 802 774 871 singulos
807 800 860 854 in
890 800 1211 869 angelorum
1251 797 1461 851 turbam
1497 794 1835 865 pervenisse,
1865 806 2004 862 quos
2042 798 2099 845 et

432 904 440 909 ‘
522 896 674 962 ipsos
711 892 927 947 tandem
967 889 1389 950 transcenderit,
1422 885 1601 941 donec
1651 883 1717 938 ad
1769 884 1940 938 Deum
1976 899 2098 953 per-

520 984 750 1049 veniens
776 994 968 1037 mutuo
992 996 1115 1035 cum
1151 981 1242 1033 illo
1270 993 1403 1032 usus
1449 978 1520 1032 sit
1550 975 1843 1045 colloquio.
1879 975 1957 1029 Ad
1987 974 2102 1029 haec

522 1092 581 1132 se
620 1092 727 1130 non
758 1074 921 1129 modo
948 1073 1207 1127 omnibus
1230 1072 1315 1125 his
1349 1069 1589 1140 praefert,
1624 1067 1720 1122 sed
1748 1067 1914 1121 etiam
1938 1081 2102 1120 oran-

523 1179 634 1222 tem
690 1182 749 1221 se
807 1181 905 1235 pro
965 1165 1073 1219 illis
1126 1162 1360 1216 inducit.
1399 1159 1569 1215 Cesso
1619 1173 1767 1213 nunc
1820 1158 2004 1211 dicere
2034 1155 2103 1210 de

526 1273 724 1327 magno
765 1257 858 1309 illo
909 1255 1002 1308 Dei
1055 1261 1368 1322 spectatore
1418 1250 1587 1313 Mose,
1623 1262 1808 1318 quem,
1868 1255 1927 1301 ut
1987 1247 2104 1314 ipse

527 1349 686 1414 dicit,
718 1351 773 1401 in
801 1354 1003 1417 quarto
1031 1344 1171 1399 coelo
1198 1342 1508 1413 conspexit,
1538 1354 1662 1393 cum
1692 1338 1810 1407 ipse
1838 1336 1902 1389 ad
1936 1335 2107 1405 septi-

527 1456 677 1495 mum
716 1454 888 1508 usque
925 1435 1268 1499 ascenderit,
1299 1444 1356 1489 et
1398 1433 1466 1487 ad
1507 1432 1676 1487 Deum
1708 1445 1882 1500 usque
1915 1442 2107 1498 perve-

521 1531 689 1597 nerit,
739 1544 979 1597 cumque
1044 1527 1140 1582 ilio
1195 1526 1270 1581 sit
1317 1526 1664 1587 collocutus,
1714 1532 1770 1577 et
1820 1530 1943 1592 post
1990 1523 2107 1575 haec

521 1637 776 1694 egressus
805 1621 898 1687 sit,
931 1628 987 1675 et
1017 1618 1369 1675 descenderit
1402 1617 1469 1672 ad
1501 1623 1703 1671 emtum
1735 1623 2015 1685 quartum,
2048 1623 2108 1668 ut

522 1715 734 1771 dictum
786 1722 908 1778 est;
963 1711 1058 1766 ubi
1108 1711 1258 1765 etin
1312 1712 1518 1766 Mosen)
1544 1708 1821 1772 inciderit,
1858 1715 1913 1763 et
1959 1707 2109 1763 hunc

2203 421 2279 494 μὴ
2335 423 2587 495 δυνηθεὶς
2639 426 2830 495 φέρειν
2877 426 2996 487 ἐνὸς
3046 427 3283 496 ἀγγέλου
3340 430 3592 488 ὀπτασίαν
3637 435 3739 499 πῶς

2207 515 2474 568 τοσούτων
2506 514 2757 584 ἀγγέλων
2804 516 2979 588 αὐγὴν
3014 517 3256 591 ἠδυνήθη
3288 519 3617 587 θεάσασθαις
3654 541 3742 578 πε-

2208 603 2604 673 ριεργάσασθαί
2634 620 2694 656 τε
2742 606 2839 658 καὶ
2867 607 3162 678 ’μετρῆσαι
3212 608 3313 671 τὰς
3359 611 3616 675 τοσαύτας
3664 631 3744 666 κει

2206 692 2385 762 φαλὰς
2415 694 2525 747 τῶν
2560 695 2836 763 ἀγγέλων,
2885 696 2985 760 τὰς
3020 697 3172 762 ἐντός
3216 715 3277 752 τε
3331 699 3437 753 τῶν
3487 700 3745 771 στομάτοιν

2207 785 2388 841 αὐτῶν
2421 786 2699 857 γλώσσας,
2739 789 2877 844 ἀλλὰ
2915 789 2980 860 δὴ
3022 791 3120 843 καὶ
3152 789 3253 855 τὰς
3284 791 3565 863 διαφόρους
3609 795 3748 849 ἐναλ-

2206 877 2382 946 λαγὰς
2436 878 2532 931 καὶ¹
2597 879 2870 946 ἰδιότητας
2921 878 3028 933 τῶν
3085 878 3273 951 ὓμνων
3329 879 3424 933 τοῦ
3472 879 3643 957 Θεοῢ;
3682 885 3749 953 μὴ

2211 970 2371 1040 μόνον
2396 968 2506 1040 γὰρ
2538 969 2633 1023 τοῦ
2669 969 2915 1043 Γαϐριὴλ
2955 971 3181 1042 μείζονα
3211 967 3350 1025 εἶναι
3381 971 3524 1041 λέγει
3555 975 3747 1041 ἐαυτὸν,

2209 1064 2348 1117 ἀλλά
2387 1065 2492 1143 καὶ.
2522 1063 2744 1118 πάντων
2783 1067 3032 1131 ἐκείνων,
3071 1044 3165 1130 ἐἰς
3205 1064 3298 1129 οὓς
3343 1067 3371 1119 ό
3403 1066 3632 1138 Γαϐριὴλ
3664 1070 3751 1121 οὐκ

2209 1151 2326 1227 εἶχε
2364 1157 2744 1227 παρείσδυσιν.
2784 1158 2945 1211 Ἀλλὰ
2972 1157 3229 1212 τοσοῦτον
3260 1154 3328 1230 ἦν
3359 1158 3595 1231 ἀποδέων
3625 1160 3753 1213 ὲκεί-

2211 1267 2338 1313 νων,
2371 1248 2513 1304 ὥστε
2547 1249 2641 1303 τὸν
2680 1249 2928 1320 Μωάμεθ
2961 1250 3124 1304 αὑτὸν
3155 1251 3329 1321 ἑτέρῳ
3354 1250 3564 1323 ἀγγέλῳ
3592 1267 3751 1321 «1,91-

2212 1340 2418 1407 δοῦναι,
2454 1344 2483 1396 ό
2509 1342 2554 1396 δ’
2585 1341 2653 1396 αὖ
2686 1342 2881 1414 ἑτέρῳ,
2931 1343 3028 1396 καὶ
3060 1343 3258 1413 ἐφεξῆς
3285 1344 3451 1414 ἄλλῳ,
3490 1344 3580 1398 καὶ
3602 1340 3755 1404 οὕτως

2213 1435 2456 1490 ἀνελθεῖν
2488 1437 2568 1500 είς
2609 1434 2671 1493 τὸ
2719 1433 2925 1504 πλῆθος
2971 1434 3080 1489 τῶν
3128 1434 3400 1504 ἀγγέλων,
3440 1430 3555 1489 εἶτα
3590 1433 3755 1489 κάκεί-

2215 1546 2323 1581 νων
2376 1520 2833 1600 ὐπεραναϐἧναι,
2881 1526 2977 1581 καὶ
3030 1525 3207 1592 οὕτως
3262 1527 3524 1582 εἰσελθεῖν
3566 1528 3638 1589 είς
3681 1528 3757 1579 τὸν

2216 1622 2369 1686 Θεὸν,
2410 1621 2508 1674 καὶ
2542 1620 2825 1690 συντυχεῖν
2868 1618 3143 1690 ἀλλήλοις.
3185 1620 3308 1672 Ἔτι
3359 1618 3435 1689 μὴ
3471 1618 3623 1690 μόνον
3653 1617 3755 1686 μεί-

2217 1714 2347 1777 ζονα
2383 1713 2605 1767 πάντων
2663 1713 2886 1766 ἐκείνων
2930 1711 3169 1765 δεικνύει
3232 1713 3471 1778 ἐαυτὸν,
3526 1709 3758 1766 ἀλλὰκαὶ

524 1820 748 1877 quoque
799 1805 873 1859 illi
910 1804 1282 1869 consuluisse,
1317 1812 1377 1857 ut
1414 1817 1671 1857 reversus
1711 1812 1899 1856 oraret
1939 1800 2109 1854 Deum

2220 1805 2364 1874 ὑπὲρ
2394 1802 2624 1858 ἐκείνων
2672 1804 2987 1875 εὐχόμενον.
3041 1804 3146 1857 Ἐὦ
3179 1804 3367 1874 λέγειν
3405 1805 3535 1874 περὶ⁵
3563 1802 3647 1858 τοῦ
3678 1820 3758 1872 με·

527 1912 630 1968 pro
679 1897 907 1968 populo,
930 1906 1234 1966 votumque
1268 1896 1527 1950 redderet
1562 1895 1762 1958 levius,
1796 1893 1998 1964 populo
2031 1891 2112 1945 ni-

529 1992 734 2046 mirum
783 1991 1090 2044 inﬁrmiore
1134 1990 1201 2046 ad
1240 1992 1344 2046 hoc
1385 1993 1705 2047 exsistente.
1737 1989 1856 2055 Quo
1883 1988 2115 2043 consilio

531 2099 691 2138 usum
730 2081 795 2137 ad
829 2083 1002 2138 Deum
1049 2083 1304 2149 rediisse,
1352 2092 1409 2137 et
1456 2082 1573 2138 haec
1598 2082 1846 2138 oravisse
1875 2082 1944 2136 ab
1976 2081 2112 2136 illo:

528 2173 674 2243 quod
739 2175 907 2229 etiam
969 2175 1049 2230 illi
1093 2191 1421 2231 concessum
1472 2176 1577 2239 sit,
1629 2174 1856 2244 votique
1904 2172 2119 2243 pondus

529 2266 868 2322 alleviatum.
899 2267 1037 2322 Cum
1072 2284 1200 2322 vero
1236 2268 1419 2323 Moses
1451 2266 1605 2321 illum
1637 2274 1881 2336 cogeret,
1912 2265 2116 2326 denuo,

530 2368 587 2414 et
619 2360 700 2414 sic
727 2360 975 2429 quinque
998 2352 1212 2415 vicibus
1238 2359 1303 2413 ad
1344 2359 1513 2414 Deum
1544 2358 1796 2423 rediisse,
1820 2367 2119 2426 votumque

532 2451 717 2504 denuo
760 2466 880 2507 esse
915 2452 1290 2505 imminutum.
1331 2450 1481 2505 Mose
1506 2465 1638 2504 vero
1670 2463 1849 2518 neque
1880 2448 1962 2503 sic
1991 2462 2122 2501 con-

531 2552 710 2607 tento,
736 2542 832 2597 sed
862 2542 1133 2597 suadente
1166 2552 1225 2597 ut
1253 2542 1437 2597 denuo
1469 2549 1870 2607 reverteretur,
1895 2538 2122 2608 votique

534 2634 922 2689 remissionem
956 2635 1220 2706 majorem
1247 2634 1591 2704 impetraret,
1610 2648 1670 2689 se
1698 2648 1808 2688 non
1835 2632 2121 2701 annuisse,

533 2725 631 2780 sed
693 2740 1000 2781 conscenso
1045 2725 1298 2797 jumento
1353 2740 1456 2779 suo
1507 2724 1782 2795 Emparak
1831 2727 1883 2779 in
1938 2725 2121 2780 locum

536 2831 698 2870 suum
726 2815 1025 2886 pristinum
1056 2815 1386 2886 perrexisse.
1406 2814 1639 2885 Inspice,
1660 2828 1868 2884 qnmso,
1895 2814 2121 2869 menda-

535 2909 682 2963 cium
741 2907 925 2963 omnis
975 2906 1299 2978 ignorantia:
1345 2909 1589 2977 plenum.
1628 2905 1825 2966 Deum,
1866 2921 2029 2975 quem
2065 2914 2122 2961 et

534 3001 652 3069 ipse
687 2999 968 3054 Mahomet
1002 2998 1319 3069 Creatorem
1358 2984 1482 3053 οωῐὶ
1515 3007 1571 3051 et
1605 3007 1766 3052 terra:
1795 3013 1917 3053 esse
1949 2995 2121 3052 conti-

532 3100 701 3158 telur,
737 3106 1067 3171 corporeum
1114 3090 1267 3157 facit,
1299 3106 1407 3145 non
1456 3090 1867 3160 incorporeum.
1904 3089 2116 3144 Numen
2146 3111 2188 3170 ο

535 3194 716 3238 autem
751 3186 1136 3254 incorporeum
1167 3193 1271 3248 est,
1299 3183 1609 3253 quantitate
1637 3190 1789 3237 caret
1832 3191 1888 3236 et
1914 3181 2119 3251 magni-

535 3271 748 3337 tudine,
781 3286 881 3326 nec
906 3271 1089 3341 specie
1128 3270 1238 3324 ulla
1274 3269 1771 3324 circumscribitur.
1803 3268 1958 3335 Quod
1991 3284 2115 3323 cum

532 3367 733 3412 natura
766 3372 864 3410 sua
910 3356 1130 3425 propria
1174 3356 1280 3410 tale
1313 3358 1404 3420 sit,
1434 3357 1711 3426 quomodo
1740 3371 1807 3410 ex
1855 3356 2119 3411 membris

531 3443 847 3499 consistet?
880 3443 936 3497 Si
970 3444 1097 3512 quis
1128 3443 1273 3497 enim
1309 3444 1415 3499 hoc
1446 3445 1806 3507 concesserit,
1839 3443 2117 3514 quomodo

532 3534 927 3602 incorporeum
957 3548 1076 3587 esse
1101 3531 1442 3605 intelligetur
1468 3535 1491 3588 ?
1520 3534 1675 3601 Quod
1702 3534 1850 3590 enim
1890 3535 2115 3604 ﬁguram

533 3625 728 3692 habet,
776 3623 1005 3679 omnino
1054 3632 1111 3679 et
1138 3627 1436 3695 quantitati
1479 3627 1770 3698 subiacet:
1805 3629 1952 3697 quod
1986 3641 2118 3681 vero

535 3716 905 3789 quantitatem
932 3716 1208 3784 habuerit,
1235 3704 1417 3774 locum
1448 3719 1651 3774 habeat
1677 3727 1935 3789 oportet;
1971 3719 2117 3789 quod

534 3816 717 3863 autem
769 3808 824 3861 in
880 3808 1004 3862 loco
1080 3818 1207 3873 est,
1255 3810 1571 3864 necessario
1619 3806 2117 3865 circumscribitur.

533 3901 822 3965 Quomodo
852 3910 1036 3955 autem
1077 3899 1280 3971 aliquis
1312 3902 1428 3955 haec
1475 3915 1739 3968 corporea
1769 3908 1825 3954 et
1870 3901 2121 3971 cerporis

533 3992 781 4061 propria,
813 4001 1018 4047 sanch
1065 3990 1142 4045 illi
1180 4004 1236 4047 et
1268 3993 1610 4062 incorporea:
1647 4000 1859 4046 natura:
1893 3992 1991 4047 Dei
2024 3992 2122 4047 tri-

536 4084 856 4154 buerit,qui
889 4083 1054 4139 modo
1084 4084 1298 4141 ratione
1328 4099 1438 4137 non
1467 4084 1775 4139 careatiEt
1807 4084 2120 4155 patriarcha

533 4175 756 4245 quidem
824 4176 1101 4231 Abraham
1147 4175 1202 4229 in
1242 4177 1417 4230 veteri
1471 4174 1562 4229 illa
1614 4175 1708 4230 Dei
1753 4177 2119 4248 apparitione,

532 4268 778 4337 seipsum
811 4278 1015 4324 terram
1065 4278 1122 4324 et
1178 4268 1425 4324 cinerem
1480 4283 1604 4323 esse
1652 4271 1929 4340 reputavit
1956 4270 2121 4325 dixit-

533 4374 663 4428 que.
718 4360 945 4415 Daniele
995 4367 1221 4425 autem,
1268 4360 1364 4430 qui
1420 4340 1903 4430 talis'tantusque
1958 4370 2117 4426 erat,

2214 1897 2381 1965 γάλου
2410 1895 2622 1951 ἐκείνου
2655 1898 2747 1949 καὶ
2778 1896 3009 1951 θεόπτσυ
3041 1898 3349 1962 Μωῦσέως,
3381 1897 3463 1963 ὃν,
3495 1896 3567 1959 ὥς
3598 1913 3757 1965 φησιν,

2216 1985 2358 2042 εἶδεν
2408 1989 2466 2041 ἐν
2514 1987 2594 2060 τῷ
2638 1987 2889 2060 τετάρτῳ
2926 1989 3169 2059 οὐρανῷ,
3211 1972 3381 2043 αὐτὸν
3429 1988 3486 2041 δέ
3522 1989 3759 2057 ὑπερανα-

2217 2079 2378 2150 6ἧναι
2408 2078 2504 2134 καὶ
2533 2077 2629 2132 τοῦ
2657 2079 2913 2148 ἑϐδόμου,
2946 2080 3042 2133 καὶ
3081 2080 3347 2134 ἀπελθεῖν
3381 2080 3542 2151 μέχρι
3564 2078 3651 2151 καὶ
3683 2077 3758 2131 τοῦ

2217 2166 2380 2231 Θεοῦ,
2420 2165 2682 2236 ὁμιλῆσαί
2731 2183 2790 2220 τε
2835 2166 3009 2236 αὐτῷ.
3056 2165 3211 2221 Μετὰ
3254 2166 3311 2220 δὲ
3360 2166 3531 2219 ταῦτα
3562 2164 3756 2231 ἐξελθεῖν

2220 2262 2314 2315 καὶ
2377 2257 2666 2312 κατελθεῖν
2711 2260 2769 2311 ἐν
2798 2258 2875 2327 τῷ
2909 2259 3152 2329 τετάρτῳ
3178 2259 3424 2331 οὐρανῷ,
3457 2258 3531 2323 ὡς
3560 2258 3748 2328 εἴρηται,

2222 2352 2313 2403 καὶ
2347 2351 2629 2420 συντυχεῖν
2682 2349 2760 2421 τῷ
2804 2351 3052 2415 Μωῦσεῖ,
3096 2350 3509 2421 συμϐουλεῦσαί
3541 2368 3599 2405 τε
3633 2349 3757 2405 αὑτὸν

2218 2443 2433 2514 τούτῳ,
2496 2443 2988 2514 ἐπαναστραφέντα
3060 2445 3460 2513 παρακαλέσαι
3512 2446 3601 2499 τὸν
3653 2442 3760 2496 Θεὸν

2222 2533 2362 2603 ὑπὲρ
2394 2530 2491 2585 τοῦ
2524 2531 2682 2597 λαοῦ,
2724 2533 2818 2587 καὶ
2867 2534 3128 2600 γενέσθαι
3173 2537 3528 2608 κουφοτέραν
3568 2536 3656 2605 τὴν
3695 2531 3765 2584 εὖ·
3822 2570 3833 2578 .

2220 2623 2344 2696 χὴν,
2376 2623 2452 2687 ὡς
2487 2623 2767 2687 ἀδυνάτως
2806 2622 3024 2693 ἔχοντος
3054 2625 3190 2696 πρὸς
3219 2624 3323 2679 αὐτ
3342 2629 3428 2696 ἡν·
3460 2627 3554 2683 καὶ
3582 2620 3772 2693 δεξαμέ-

2220 2731 2325 2767 νου
2359 2711 2549 2767 τούτου
2579 2712 2678 2782 τὴν
2715 2712 2914 2784 βουλὴν
2934 2754 2950 2778 ,
2982 2715 3481 2789 ἐπαναστραφῆναι
3531 2717 3658 2788 πρὸς
3696 2713 3769 2766 τὸν

2220 2804 2377 2869 Θεὸν,
2409 2805 2505 2859 καὶ
2532 2804 2770 2877 ζητῆσαι
2807 2804 2870 2859 τὸ
2910 2806 3045 2878 περὶ
3079 2806 3297 2874 τούτου,
3334 2810 3426 2863 καὶ
3459 2806 3763 2881 προσδεχθῆ-

2223 2913 2312 2949 ναι
2349 2896 2450 2966 τὴν
2487 2895 2720 2967 ζήτησιν
2764 2896 2954 2964 αὑτοῦ,
2991 2899 3085 2951 κα)⁸
3116 2899 3382 2967 γενέσθαι
3424 2900 3766 2972 ἐλαφροτέραν

2223 2987 2322 3057 τὴν
2354 2986 2541 3058 εὐχήν.
2576 2988 2690 3041 Καὶ
2724 2983 2791 3063 αὖ
2833 2985 2928 3042 τοῦ
2971 2988 3217 3055 Μωσέως
3258 2991 3663 3062 ἀναγκάσαντος
3689 2988 3769 3041 αὐ-

2221 3079 2314 3131 τὸν
2352 3077 2508 3142 αὖθις
2543 3079 3036 3151 ἐπαναστραφῆναι
3067 3080 3172 3144 ἕως
3221 3085 3490 3148 πεντάκις
3538 3083 3665 3153 πρὸς
3694 3082 3770 3131 τὸν

2221 3171 2377 3236 Θεὸν,
2408 3172 2505 3227 καὶ
2546 3171 2711 3227 πάλιν
2749 3172 3008 3241 γενέσθαι
3051 3172 3234 3245 πο).λῷ
3264 3175 3524 3230 ἐλάττονα
3567 3174 3658 3245 τὴν
3681 3172 3770 3240 du-

2221 3262 2347 3331 χὴν,
2386 3263 2480 3314 καὶ
2532 3262 2607 3332 μὴ
2646 3261 2992 3334 ἀρκεσθέντα
3041 3264 3132 3318 τὸν
3183 3263 3428 3336 Μωῦσῆν
3478 3266 3643 3319 είπεῖν
3692 3272 3773 3314 και

2219 3352 2374 3415 αὖθις
2427 3351 2515 3407 ἵνα
2564 3353 2962 3427 ἐπαναστραφῇ
2992 3355 3128 3426 πρὸς
3175 3356 3267 3409 τὸν
3316 3357 3447 3411 Θεὸν
3483 3357 3572 3411 καὶ
3599 3353 3773 3423 αἱτήεῃ

2220 3446 2781 3516 συγγνωμονεστέραν
2817 3446 3070 3514 γενέσθαι
3102 3446 3201 3516 τὴν
3236 3446 3425 3520 εὐχὴν,
3451 3449 3511 3503 οὑ
3544 3447 3771 3501 κα·ι;ἐνευ⁸

2220 3553 2335 3600 σεν,
2380 3535 2518 3591 ἀλλὰ
2546 3537 2827 3591 κατελθεῖν
2865 3538 2946 3599 είς
2977 3538 3038 3591 τὸ
3070 3537 3395 3610 Ἐμπαρὰκ,
3425 3541 3517 3595 καὶ
3555 3536 3775 3591 ἐλαύνειν

2218 3627 2324 3691 ἕως
2356 3629 2422 3683 ἂν
2466 3626 2596 3700 ἔλθῃ
2645 3627 2771 3683 ἔνθα
2806 3623 2875 3700 ἦν
2910 3629 3192 3701 πρότερον.
3223 3630 3427 3685 Σκόπει
3454 3629 3578 3698 γοῦν
3608 3625 3776 3698 ψεῦδος

2222 3719 2405 3792 πάσης
2465 3720 2745 3797 ἀγνωσίας
2802 3721 3246 3792 μεμεστωμένον·
3300 3723 3393 3776 τὸν
3440 3720 3587 3785 Θεὸν,
3620 3719 3777 3771 ὅντινα

2221 3807 2478 3878 ὁμολογεῖ
2508 3809 2537 3861 ὁ
2569 3808 2732 3871 αὐτὸς
2758 3808 3007 3879 Μωάμεθ
3041 3811 3271 3883 ποιητὴν
3300 3810 3530 3884 οὐρανοῦ
3557 3810 3645 3863 καὶ
3673 3807 3777 3875 γῆς,

2223 3896 2536 3968 ἐνσώματον
2583 3897 2863 3963 δεικνύει,
2900 3899 2994 3953 καὶ
3050 3900 3149 3954 οὐκ
3207 3901 3520 3974 ἀσώματον.
3563 3899 3633 3952 Τὸ
3687 3896 3779 3963 γὰρ

2222 3989 2379 4042 Θεῖον
2426 3988 2755 4058 ἀσώματον,
2800 3990 3003 4044 ᾶποσόν
3035 4008 3094 4044 τε
3130 3992 3224 4044 καὶ
3269 3992 3348 4064 μὴ
3395 3993 3518 4063 ἔχον
3553 3988 3778 4062 μέγεοῡςν

2222 4079 2346 4132 οἱ»δέ
2388 4080 2447 4132 ἐν
2477 4079 2609 4151 εῖδει
2643 4081 3040 4150 περιγραπτόν.
3073 4080 3148 4133 Τὸ
3172 4079 3228 4133 δέ
3258 4081 3435 4144 οὕτως
3462 4082 3582 4152 ἔχον
3628 4082 3680 4131 ἐν
3722 4078 3778 4143 τῇ

2226 4172 2333 4241 ἰδίᾳ
2367 4168 2534 4225 αὐτοῦ
2556 4172 2723 4238 ,φύσει
2756 4170 2873 4232 πῶς
2900 4169 2967 4223 ἂν
3002 4172 3067 4222 ἐκ
3104 4170 3330 4242 μερῶν;
3362 4174 3409 4226 εἰ
3444 4174 3550 4243 γάρ
3580 4186 3656 4232 τις
3677 4166 3778 4232 δοίη

2225 4263 2382 4316 τοῦτο
2433 4264 2727 4333 ὑπάρχειν,
2793 4262 3294 4334 πῶςὛοηθὴσεται
3354 4265 3676 4336 ἁσὼματον;
3728 4257 3781 4308 τὸ

2225 4356 2333 4422 γὰρ
2381 4357 2437 4405 ἐν
2476 4355 2721 4424 σχήματι
2753 4352 2814 4407 δν
2860 4353 3081 4415 πάντως
3131 4354 3226 4407 καὶ
3269 4356 3330 4408 ἐν
3361 4355 3533 4425 ποσῷ.
3565 4354 3633 4407 Τὸ
3655 4351 3704 4404 δὲ
3735 4349 3784 4399 ὲν

533 4450 760 4504 vidente
814 4450 1094 4520 angelum,
1150 4463 1420 4504 conversa
1470 4457 1557 4505 est
1603 4451 1779 4521 gloria
1830 4451 2004 4521 ipsius
2063 4453 2117 4505 in

2229 4445 2378 4514 ποσῷ
2414 4449 2509 4501 καὶ
2531 4448 2588 4499 ἐν
2616 4448 2789 4518 τόπῳο
2826 4447 2888 4498 τὸ
2918 4446 2975 4500 δὲ
3023 4448 3083 4500 ἐν
3115 4448 3281 4531 τόπῳ⁸
3309 4450 3611 4519 ἐξανάγκης
3642 4459 3783 4513 περιο

534 4539 974 4609 corruptionem,
1008 4539 1196 4605 idest,
1216 4539 1498 4611 paulisper
1526 4542 1695 4596 vitam
1722 4557 1878 4599 suam
1904 4541 2122 4611 ahjecit.

538 4631 712 4686 David
771 4641 957 4686 autem
991 4631 1130 4687 dicit
1169 4649 1185 4686 :
1223 4651 1241 4683 ι
1272 4633 1379 4699 Qui
1436 4632 1493 4686 in
1547 4643 1748 4687 terram
1790 4632 2125 4703 despiciens,

534 4723 712 4793 ipsam
790 4733 1030 4779 tremere
1096 4723 1251 4779 facit.
1294 4742 1313 4775 ι
1345 4723 1623 4780 Mahomet
1684 4739 1840 4789 vero,
1873 4724 2129 4779 omnibus

536 4813 803 4884 angelicis
860 4815 1163 4871 virtutibus
1237 4816 1494 4885 superior
1542 4816 1754 4882 factus,
1811 4817 2129 4874 immediate

537 4920 662 4958 curn
709 4906 824 4961 Deo
865 4907 1175 4962 collocutus
1206 4917 1313 4972 est,
1365 4917 1423 4963 et
1481 4925 1583 4979 pro
1646 4909 1854 4980 angelis
1897 4920 1955 4965 et
2003 4910 2129 4965 uni-

535 5011 697 5051 verso
745 4997 954 5053 mundo
989 5014 1185 5068 preces
1218 4999 1453 5067 obtulit,
1498 5009 1554 5055 et
1583 5000 1729 5055 votis
1754 5001 1872 5056 suis
1919 5002 2128 5072 potitus

536 5088 670 5141 est?
703 5088 974 5143 Ceterum
1027 5090 1230 5155 miror,
1263 5079 1357 5160 qui
1395 5090 1487 5145 ﬁat
1533 5098 1597 5145 ut
1653 5093 1982 5147 temerarius
2036 5092 2128 5147 ille

536 5187 594 5233 et
646 5193 912 5248 arr0gans
958 5196 1065 5235 non
1118 5182 1237 5237 haec
1281 5182 1451 5236 etiam
1497 5181 1684 5237 dicere
1728 5198 1897 5239 ausus
1937 5184 2126 5249 fuerit,

537 5270 686 5337 quod
726 5270 822 5324 Dei
866 5279 1125 5326 naturam
1163 5272 1616 5344 deprehenderit,
1651 5277 1869 5346 qualem
1898 5286 1955 5331 et
1985 5276 2130 5332 Deus

540 5360 659 5428 ipse
700 5362 893 5416 novit:
950 5381 971 5415 ι
1022 5363 1226 5420 Verum
1267 5365 1362 5435 qui
1410 5365 1620 5422 habitat
1670 5367 1724 5422 in
1773 5368 1946 5423 cmlis.
1998 5368 2128 5422 irri-

541 5451 695 5505 debit
745 5466 914 5516 eum,
969 5463 1027 5509 et
1073 5459 1168 5526 qui
1218 5472 1342 5512 cum
1402 5473 1470 5515 eo
1520 5467 1682 5526 sunt,
1747 5468 1803 5515 et
1864 5460 2132 5518 Dominus

544 5538 904 5597 subsannabit
924 5558 1022 5602 eos
1051 5546 1118 5602 “.
1150 5566 1167 5600 ι
1206 5547 1513 5619 Praeterea,
1559 5566 1690 5607 num
1746 5551 1893 5607 Deus
1945 5552 2131 5622 populi

617 5680 664 5713 "
696 5681 837 5741 Psal.
866 5703 926 5754 ll,
960 5688 1013 5744 4.

2228 4539 2493 4607 γραπτὸν.
2529 4538 2717 4593 Ταῦτα
2758 4539 2815 4593 δὲ
2858 4541 3173 4610 σωματικὰ,
3207 4543 3400 4596 καὶτὰ
3428 4541 3522 4596 τοῦ
3557 4542 3784 4607 σώματθς

2230 4630 2359 4697 ἴδια,
2397 4632 2513 4694 πῶς
2535 4631 2604 4685 ἂν
2634 4632 2729 4684 ἐπὶ
2756 4631 2856 4700 τῆς
2889 4632 3165 4702 μακαρίας
3209 4633 3426 4702 ἐκείνης
3461 4632 3552 4685 καὶ
3581 4624 3786 4696 ἀσωμά-

2228 4738 2323 4774 του
2362 4721 2579 4791 φύσεως
2606 4722 2698 4776 τοῦ
2724 4721 2860 4776 Θεοῦ
2889 4723 3174 4793 λογίσηταί
3200 4741 3285 4788 τις
3311 4723 3550 4787 διανοίας
3582 4708 3801 4792 μέτοχοῗ

2230 4811 2337 4877 (Iw;
2370 4813 2482 4866 Καὶ
2533 4815 2562 4865 ό
2613 4814 2714 4882 μὲν
2762 4816 3117 4886 πατριάρχης
3154 4815 3411 4886 Ἀϐραὰμ
3456 4816 3516 4868 ἐν
3545 4817 3608 4883 τῇ
3639 4808 3786 4863 πάλαι

2234 4906 2524 4976 θεοφανείᾳ
2576 4905 2680 4975 γῆν
2734 4908 2831 4961 καὶ
2886 4908 3080 4962 σποδὸν
3131 4909 3321 4963 ἐαυτὸν
3379 4907 3656 4975 ἐλογίσατο
3707 4898 3788 4953 καὶ

2233 4998 2512 5052 ἐκάλεσεν·
2546 4997 2641 5052 τοῦ
2686 4998 2742 5052 δὲ
2792 4999 2992 5070 Δανιὴλ
3024 5000 3117 5054 τοῦ
3143 4998 3388 5055 τοιούτου
3425 5000 3521 5053 καὶ
3550 4992 3785 5050 τοσούτου

2232 5091 2463 5160 ἄγγελον
2493 5092 2712 5158 ἰδόντος,
2742 5093 2993 5164 ἐστράφη
3028 5095 3061 5165 ἡ
3107 5092 3236 5158 δόξα
3270 5092 3438 5148 αὑτοῦ
3473 5092 3552 5155 είς
3581 5083 3786 5155 διαφθο-

2238 5186 2361 5255 ρὰν,
2406 5183 2658 5238 τουτέστι
2708 5185 3043 5256 παραϐραχὺ
3102 5186 3409 5240 ἀπεϐάλετο
3455 5184 3556 5253 τὴν
3610 5171 3787 5233 ἐαυτοῦ

2238 5275 2425 5348 ζωήνο
2457 5279 2485 5330 ὁ
2514 5276 2568 5330 δὲ
2599 5277 2765 5350 Acteis
2811 5295 3001 5349 φησιν,
3040 5296 3059 5330 ‹
3110 5278 3170 5332 ὐ
3209 5277 3524 5333 ἐπιϐλέπων
3566 5272 3657 5327 ἐπὶ
3700 5265 3788 5337 τὴν

2236 5369 2364 5437 γῆν,
2397 5371 2491 5423 καὶ
2523 5369 2693 5423 ποιῶν
2726 5368 2899 5442 αὐτὴν
2925 5370 3152 5440 τρέμειν
3180 5387 3195 5403 ·
3239 5388 3258 5422 ι
3293 5371 3321 5423 ό
3346 5368 3405 5422 δέ
3435 5362 3675 5435 Μωάμεθ
3701 5358 3788 5418 τὰς

2240 5458 2538 5527 ἀγγελικὰς
2582 5460 2765 5523 πάσας
2796 5460 3147 5532 ὐπεραναϐὰς
3181 5462 3459 5533 δυνάμεις,
3485 5460 3695 5531 ἀμέσως
3720 5448 3788 5522 τῷ

2242 5551 2360 5623 Θεῴ
2395 5553 2807 5623 προσωμίλησε,
2852 5554 2946 5609 καὶ
2990 5556 3132 5627 ὑπὲρ
3187 5546 3433 5627 ἀγγέλων
3486 5554 3579 5609 καὶ
3605 5544 3787 5607 παντὶς

3969 3444 3971 3583 i
