4058 6484
278 390 388 460 ἘΒῙ

1259 365 1566 444 CONTRA
1604 378 2099 444 MAHOME‘I‘EM
2142 381 2427 442 omne
2474 382 2547 440 ιν

3416 368 3540 441 ’682

284 507 382 566 τοῦ
429 492 638 572 κόσμου
684 499 898 571 δεήσεις
943 499 1188 568 ἐποίησε,
1239 498 1330 553 καὶ
1382 497 1483 567 τῆς
1539 496 1702 568 εὐχῆς
1758 495 1898 556 οὐκ,

2003 495 2109 551 ires
2162 497 2382 557 novisse
2442 511 2551 550 non
2611 502 2861 565 poterat,
2914 475 3267 547 sed'eerviei
3322 488 3541 543 illorum

294 599 594 666 ἀπέτυχεν.
631 590 775 660 Ἐγὼ
820 589 878 644 δέ
921 589 1113 661 ἀπορῶ
1141 588 1259 652 πῶς
1311 589 1413 645 οῦκ
1449 589 1554 659 ἔφη
1586 588 1863 659 τολμήσας

2003 599 2143 656 :gem
2200 594 2423 657 portatu
2490 584 2880 654 impossibilem
2926 580 3228 652 imposuit?
3283 579 3352 635 Et
3410 594 3546 649 qna-

288 695 321 746 6
349 688 590 758 αὒθάδης
629 677 786 746 οὗτος
831 682 928 737 καὶ
954 680 1196 745 ἀλαζὼν,
1239 681 1323 735 ὅτι
1352 679 1622 735 κατέλαϐε
1647 678 1747 749 τὴν
1770 676 1863 731 τοῦ

2003 677 2167 731 isnam
2216 676 2364 733 Deus
2392 677 2482 731 hic
2504 717 2518 741 ,
2562 677 2659 747 qui
2713 689 2816 730 nec
2845 684 3156 729 creaturam
3188 686 3345 725 suam
3374 678 3545 740 agno-

293 780 432 836 Θεοῦ
471 779 657 850 φύσιν,
689 775 885 845 ὥσπερ
917 774 1084 837 αὐτὸς
1116 773 1145 826 6
1174 772 1308 835 Θεὸς
1349 766 1493 824 οῐδεν
1519 770 1713 851 αὐτὴν·
1750 769 1865 822 ἀλλ’

2003 769 2095 836 cit,
2143 784 2247 825 nec
2292 776 2566 825 creaturae
2613 783 2725 824 suae
2755 766 2949 823 vires?
3001 760 3204 832 Quodsi
3236 778 3367 818 vero
3402 763 3544 817 Deus

286 876 326 930 ’ὁ
354 869 628 928 κατοικῶν
662 869 719 922 ἐν
750 867 998 939 οὐρανοῖς
1029 864 1389 933 ἐκγελάσεται
1420 861 1584 917 αὐτὸν
1617 861 1710 915 καὶ
1742 862 1866 925 τοὺς

300 965 421 1041 μετ’
460 962 626 1019 αὐτοῦ
655 1001 672 1026 ,
730 959 830 1014 καὶ
881 960 912 1012 6
960 956 1167 1027 Κύριος
1223 955 1593 1025 ἐκμυκτηριεῖ
1645 950 1869 1014 αὐτούς.

303 1060 428 1113 Ἔτι
486 1056 588 1110 οὐκ
620 1053 855 1126 Ιηδύνιιτο
904 1053 933 1107 6
976 1049 1110 1115 Θεὸς
1163 1048 1459 1118 γινώσκειν
1509 1047 1610 1116 τὴν
1644 1046 1873 1116 δύναμιν

300 1148 396 1203 τοῦ
428 1144 584 1212 λαοῦ,
620 1143 738 1200 ἀλλ’
767 1141 1042 1213 ἐπέθηκεν
1093 1139 1188 1193 ἐπὶ
1246 1138 1339 1192 τὸν
1392 1138 1665 1209 τράχηλον
1696 1136 1876 1190 αὐτῶν

302 1240 488 1311 νόμον,
518 1237 578 1291 ὃν
609 1236 712 1292 οὐκ
738 1233 1001 1304 ἠδύναντο
1033 1231 1363 1302 βαστάζειν;
1411 1231 1522 1285 Καὶ
1573 1229 1693 1292 πῶς
1720 1227 1873 1293 Θεὸς,

296 1332 363 1396 ὃς
396 1331 458 1386 οῦ
494 1329 755 1398 γινώσκει
782 1326 845 1380 τὸ
871 1326 1087 1396 ποίημα
1116 1322 1475 1393 αὑτοῦ,·μηδέ
1505 1321 1604 1392 τὴν
1642 1319 1879 1390 δύναμιν

302 1419 401 1474 τοῦ
429 1418 761 1490 ξποιήματος
801 1414 1010 1482 αὐτοῦς
1043 1416 1106 1469 Εἰ
1139 1414 1197 1467 δὲ
1247 1413 1382 1477 Θεὸς
1422 1412 1497 1467 ὣν
1527 1411 1757 1483 ἀληθὴς,
1785 1411 1880 1468 καὶ

300 1511 377 1564 τά
405 1510 584 1565 πάντα
635 1506 925 1577 γινώσκων
977 1507 1109 1577 πρὶν
1160 1504 1432 1574 γενέσεως
1465 1504 1668 1569 αὐτῶν,
1708 1503 1879 1557 ἔδωκε

307 1601 471 1671 νόμον
503 1600 604 1670 μὲν
646 1596 815 1668 ἀτελῆ
851 1596 947 1652 τοῦ
995 1597 1239 1661 Μωσέως
1268 1595 1358 1650 διὰ
1388 1595 1491 1666 τὴν
1537 1595 1643 1649 τῶν
1673 1593 1884 1667 ἀνθρώ-

309 1709 428 1746 πων
453 1691 765 1756 ἀσθένειαν,
795 1688 1004 1744 τέλειον
1031 1687 1092 1741 δὲ
1131 1687 1224 1741 τὸν
1256 1685 1345 1741 διὰ
1385 1685 1481 1740 τοῦ
1520 1684 1881 1753 Εὑαγγελίου,

308 1784 427 1845 πῶς
457 1782 518 1836 τὸ
562 1781 770 1836 τέλειον
801 1778 991 1849 ῶσπερ
1020 1777 1236 1847 ἀγνοῶν
1274 1777 1308 1847 ἢ
1342 1775 1771 1848 μεταμεληθεὶς,
1803 1776 1885 1840 εἰς

297 1876 367 1929 τὸ
402 1873 590 1937 ἀτελὲς
640 1872 806 1926 πάλιν
858 1872 1175 1944 κατήγαγε;
1208 1870 1295 1940 Τὸι
1323 1869 1430 1941 γὰρ
1459 1868 1664 1923 τέλειον
1711 1867 1886 1932 οὕτως

188 2000 191 2003 -
306 1966 426 2021 ἐστὶ
446 1965 673 2031 τέλειον,
695 1962 854 2033 εἴπερ
888 1962 1012 2017 οὔτε
1027 1961 1264 2033 ξέλλιπές
1291 1961 1461 2027 ἐστιν,
1483 1958 1609 2014 οὔτε
1633 1959 1887 2032 περιττὸν

308 2054 405 2109 καὶ
453 2052 756 2124 παρέλκον,
814 2049 1006 2120 ὥσπερ
1051 2050 1113 2104 τὸ
1145 2049 1480 2118 Εὐαγγὲλιον
1528 2048 1800 2119 μαρτυρεῖ
1852 2047 1884 2117 ἡ

306 2143 557 2216 ἀλήθεια.
596 2142 758 2198 Ἀλλὰ
782 2146 876 2200 καὶ
894 2143 1057 2207 αὐτὸς
1087 2144 1114 2198 6
1143 2140 1391 2213 Μωάμεθ
1409 2141 1613 2195 τέλειον
1635 2138 1730 2193 καὶ
1753 2137 1888 2210 άληο

304 2238 400 2302 θὲς
431 2238 525 2291 καὶ
554 2237 731 2306 ἅγιον,
762 2236 859 2290 καὶ
884 2235 1163 2307 σωτηρίαν
1213 2235 1311 2289 καὶ
1354 2234 1579 2306 ὀδηγίαν
1602 2231 1885 2290 ἀποκαλείο

318 2332 360 2386 ιί
383 2329 441 2384 δέ
468 2329 562 2384 τοῦ
595 2328 833 2384 τοιούτου
859 2327 1104 2402 Μωάμεθ
1129 2328 1413 2384 ἀκόλουθοι
1436 2327 1771 2392 δικαιοῦντες
1799 2329 1891 2384 τὸν

317 2422 760 2493 άσεὸἦ,λέγουσιν
776 2423 859 2477 ὅτι
887 2422 916 2474 6
947 2423 1047 2492 μὲν
1070 2420 1306 2493 Χριστὸς
1329 2419 1536 2488 ἐδίδαξε
1565 2420 1777 2492 μεγάλα
1799 2423 1892 2478 καὶ

317 2514 569 2572 ἀδύνατα.
611 2514 710 2579 Τίς
745 2514 856 2587 γάρ
884 2510 1120 2569 δύναται
1169 2513 1396 2585 ἀγαπᾷν
1438 2513 1530 2568 τὸν
1558 2512 1786 2584 πλησίον
1814 2514 1893 2579 ὼς

316 2604 504 2658 ἑαυτὸν
525 2645 543 2671 ,
576 2605 672 2658 καὶ
724 2604 824 2658 τὸν
872 2602 1005 2658 Θεὸν
1039 2603 1098 2670 ἐξ
1126 2603 1256 2672 ὅλης
1296 2602 1462 2658 αὐτοῦ
1494 2603 1594 2674 τῆς
1623 2604 1888 2675 καρδίας;

320 2699 397 2760 εἰς
437 2694 662 2750 δύναται
695 2695 839 2766 ὑπὲρ
867 2694 979 2749 τῶν
1016 2694 1324 2750 διωκόντων
1356 2696 1452 2749 καὶ
1496 2694 1895 2766 συκοφαντοῦν-

318 2802 422 2840 ςων
451 2786 751 2855 εὔχεσθαις
803 2786 886 2851 τίς
936 2784 1159 2842 δύναται
1203 2785 1433 2858 ἀγαπᾷν
1476 2787 1607 2851 τοὺς
1650 2783 1888 2857 ἐχθροὺς

313 2877 523 2947 αὐτοῦς
578 2880 673 2933 καὶ
727 2878 797 2934 τά
835 2877 1175 2950 ἕτεραλὶίαὶ
1212 2879 1302 2934 διά
1354 2877 1533 2950 τοῦτοί
1565 2878 1894 2932 ἀπέστειλεν

311 2971 346 3023 6
378 2968 512 3030 Θεὸς
548 2969 638 3023 τὸν
669 2968 921 3042 Μωάμεθ
950 2971 1047 3025 καὶ
1082 2970 1143 3023 τὸ
1174 2971 1397 3043 Κοῤῥάν
1421 2971 1892 3040 συγκαταὸάσεως

316 3061 527 3130 ἕνεκεν,
562 3062 651 3118 ἵνα
675 3064 878 3136 ῥᾳδίως
912 3063 1196 3136 πληρῶσιν
1219 3064 1269 3117 οἱ
1296 3064 1393 3119 άνθ
1403 3082 1576 3135 ρωποι
1605 3066 1698 3121 τὸν
1726 3066 1893 3136 νόμον

1970 876 2098 917 cum
2142 876 2308 917 verus
2352 862 2459 928 sit,
2504 868 2563 917 et
2609 860 2792 915 onmia
2831 859 3151 931 priusquam
3209 866 3547 927 generentur

1970 965 2253 1027 agnoscat,
2291 955 2465 1025 legem
2510 953 2733 1023 quidem
2779 953 2946 1009 Mosis
2976 951 3130 1007 dedit
3162 949 3544 1019 imperfectam

1976 1056 2201 1118 propter
2225 1046 2506 1103 hominum
2536 1045 2936 1107 infirmitatem,
2969 1042 3267 1112 perfectam
3295 1056 3426 1096 vero
3453 1056 3550 1110 per

1977 1136 2358 1208 Evangelium,
2385 1134 2665 1206 quomodo
2712 1133 3010 1205 perfectam
3062 1132 3233 1193 illam.
3269 1139 3366 1185 aut
3411 1129 3551 1183 obli-

1979 1228 2142 1283 vione
2157 1227 2598 1297 autptnnitentia
2626 1228 2845 1292 ductus,
2874 1225 2930 1280 in
2962 1224 3340 1294 imperfectam
3364 1223 3550 1277 denuo

1980 1321 2238 1377 reduxit?
2266 1320 2577 1376 Perfectum
2619 1320 2765 1375 enim
2814 1327 2947 1374 tunc
2998 1316 3305 1385 perfectum
3356 1327 3471 1381 est,
3506 1318 3549 1369 si

1983 1426 2091 1470 nec
2134 1412 2384 1469 defectus
2417 1411 2621 1482 aliquis
2652 1411 2804 1475 insit,
2840 1425 2941 1466 nec
2972 1408 3310 1480 superﬂuum
3342 1407 3551 1476 aliquid

1982 1515 2081 1562 aut
2124 1519 2617 1575 supervacaneum,
2653 1513 2715 1559 ut
2761 1505 2830 1559 de
2878 1499 3325 1572 Evangelia'ipsa
3356 1499 3559 1553 veritus

1984 1606 2236 1654 testatur.
2270 1596 2410 1661 Quin
2470 1607 2525 1652 et
2570 1597 2692 1667 ipse
2742 1594 3019 1655 Mahemet
3062 1593 3166 1647 hoc
3227 1590 3558 1661 perfectum,

1986 1704 2205 1754 verum,
2230 1696 2504 1752 sanctum,
2537 1688 2771 1743 salutem
2803 1694 2860 1741 et
2891 1687 3036 1741 viam
3069 1694 3252 1740 vocat.
3287 1685 3563 1740 Mahome-

1990 1781 2131 1837 tista:
2165 1796 2297 1838 vero
2324 1780 2685 1851 justidcantes
2733 1780 2991 1851 impium,
3046 1778 3238 1859 dicunt
3280 1777 3560 1833 Christum

1994 1888 2188 1945 magna
2221 1873 2476 1930 docuisse
2502 1881 2560 1929 et
2594 1871 2977 1942 impossibilia.
3029 1870 3165 1939 Quis
3195 1871 3342 1926 enim
3378 1870 3566 1940 proxi-

1995 1979 2144 2020 mum
2177 1952 2238 2019 tit
2278 1965 2519 2034 seipsum
2552 1977 2739 2019 amare
2768 1970 2987 2032 potest,
3030 1970 3092 2017 et
3136 1961 3308 2017 Deum
3353 1975 3419 2016 ex
3451 1968 3565 2016 toto

1994 2055 2160 2112 corde
2203 2070 2306 2111 suo
2329 2054 2353 2109 ?
2380 2053 2516 2122 Quis
2537 2062 2722 2125 potest
2748 2068 2851 2124 pro
2878 2052 3332 2124 persecutoribus
3367 2052 3483 2108 suis
3512 2061 3567 2106 ct

1993 2146 2490 2203 calumniatoribus
2515 2145 2714 2202 orare?
2739 2145 2871 2213 Quis
2898 2155 3079 2217 potest
3118 2144 3347 2217 diligere
3382 2144 3571 2201 inimi-

1996 2252 2091 2293 cos
2141 2252 2271 2294 suos
2300 2237 2451 2293 ?ete.
2501 2236 2846 2309 Quapropter
2883 2236 3055 2306 misit,
3110 2237 3392 2307 inquiunt,
3425 2237 3569 2292 Deus

1999 2330 2364 2387 Hahometem
2390 2339 2448 2387 et
2480 2330 2867 2396 Alcorranum,
2899 2330 3244 2387 remissionis
3269 2336 3325 2385 et
3356 2330 3571 2386 relaxa-

1999 2421 2167 2476 tionis
2197 2423 2395 2492 gratia,
2427 2435 2539 2491 quo
2569 2419 2825 2477 homines
2870 2419 3088 2477 facilius
3121 2419 3295 2489 legem
3321 2420 3390 2474 ad
3420 2421 3572 2475 salu-

2000 2518 2110 2567 tem
2154 2511 2397 2581 ipsorum
2431 2511 2750 2582 implerent.
2778 2511 2935 2579 Quod
2975 2512 3020 2566 si
3050 2513 3274 2582 quidem
3315 2510 3573 2569 Christus

1998 2616 2109 2656 non
2139 2600 2454 2659 declaratus
2482 2609 2632 2657 esset
2649 2599 2793 2658 Deus
2822 2608 2880 2657 et
2905 2600 2999 2658 Dei
3027 2601 3223 2667 Filius,
3252 2600 3352 2658 sed
3391 2601 3573 2657 nudus

1998 2702 2214 2749 tantum
2266 2693 2472 2762 homo,
2525 2702 2588 2749 ut
2634 2702 2695 2752 et
2742 2692 2961 2759 Moses,
3009 2693 3576 2751 demonstrationibus

2003 2786 2196 2858 utique
2245 2786 2527 2858 aliquibus
2558 2800 2701 2858 opus
2728 2796 2875 2843 esset
2930 2786 3001 2843 ad
3031 2786 3285 2843 veritatis
3329 2788 3576 2844 declara-

2002 2880 2248 2947 tionem;
2305 2895 2430 2935 cum
2484 2893 2619 2937 vero
2669 2879 2821 2937 hunc
2871 2878 3043 2935 Deum
3095 2895 3218 2936 esse
3270 2880 3576 2938 clarissime

2002 2980 2278 3043 appareat,
2316 2985 2785 3042 supervacaneum
2811 2970 3033 3027 videtur
3077 2971 3315 3042 aliquam
3359 2971 3428 3026 de
3467 2970 3576 3028 huc

2002 3065 2379 3121 defensionem
2412 3062 2723 3120 instituere.
2753 3063 3076 3119 Secundum
3107 3064 3212 3119 hoc
3239 3063 3388 3118 enim
3424 3065 3571 3133 quod

319 3155 459 3226 πρὸς
492 3153 592 3226 τὴν
647 3154 827 3210 αὐτῶν
876 3154 1176 3227 σωτηρίαν.
1231 3152 1408 3225 Εῐπερ
1446 3155 1580 3224 γοῦν
1617 3157 1720 3211 οὐκ
1767 3157 1894 3210 ἀνε-

2004 3159 2145 3213 Deus
2192 3167 2248 3212 et
2285 3164 2504 3212 creator
2545 3163 2652 3221 est,
2703 3165 2972 3211 creatum
3025 3170 3138 3211 sua:
3186 3152 3335 3210 vires
3395 3152 3571 3209 novit.

323 3245 548 3315 φαίνετο
580 3247 609 3300 6
645 3247 884 3317 Χριστὸς
913 3246 1048 3311 Θεὸς
1096 3246 1192 3301 καὶ
1217 3247 1355 3302 Θεοῦ
1389 3248 1541 3313 Υἱὸς,
1577 3248 1692 3303 ἀλλ’
1721 3248 1894 3313 οὕτως

320 3336 508 3401 ἁπλῶς
538 3337 829 3409 ἄνθρωπος
865 3338 941 3404 ὡς
982 3341 1012 3394 6
1040 3340 1310 3412 Μωῦσῆς,
1343 3339 1605 3410 ἐδεόμεθα
1633 3340 1698 3395 ἄν
1734 3356 1897 3395 τινων

326 3430 662 3499 ἀποδείξεων
692 3433 774 3496 είς
806 3432 909 3504 τὴν
934 3433 1036 3502 τῆς
1079 3432 1343 3503 ἀληθείας
1371 3434 1703 3504 φανέρωσιν.
1745 3434 1900 3487 Ἐπεὶ

324 3522 383 3577 δὲ
438 3522 571 3586 Θεὸς
629 3521 837 3595 ἀληθὴς
895 3523 1114 3596 τρανῶς
1167 3525 1532 3596 ἀναφαίνεται
1561 3567 1577 3593 ,
1635 3525 1899 3596 περισσὸν

321 3614 538 3685 ἥγημαι
587 3614 725 3678 ὅλως
773 3612 961 3669 δοῦναι
1007 3614 1309 3682 ἀπολογίαν
1369 3616 1502 3686 περὶ
1549 3615 1764 3671 τούτου.
1811 3614 1900 3680 Ὣς

326 3705 437 3771 γάρ
490 3701 625 3765 Θεὸς
687 3699 783 3755 καὶ
836 3701 1072 3771 ποιητὴς
1128 3698 1239 3756 οῐδε
1289 3703 1389 3774 τὴν
1432 3705 1529 3757 τοῦ
1593 3704 1904 3777 ποιήματος

314 3790 488 3845 ἀὑτοῦ
514 3788 767 3859 δύναμιν.
812 3788 951 3843 Ἀλλ’
981 3791 1135 3861 ὅμως
1164 3789 1365 3864 ἴδωμεν
1417 3793 1515 3848 καὶ
1561 3795 1624 3847 ἐκ
1663 3794 1774 3848 τῶν
1802 3793 1903 3848 τοῦ

328 3886 570 3959 Μωάμεθ
602 3887 779 3957 λόγων
827 3884 891 3940 τὸ
920 3884 1148 3941 ἄτοπονο
1182 3886 1345 3951 αὐτός
1368 3885 1517 3939 ἐστιν
1540 3886 1568 3939 6
1606 3883 1904 3956 μαρτυρῶν

336 3985 430 4037 καὶ
472 3982 648 4050 λέγων
697 3982 804 4034 ὄτι’
835 3980 865 4034 6
917 3978 1155 4051 Χριστὸς
1202 3979 1377 4059 Λόγος
1431 3974 1571 4032 Θεοῦ
1617 3981 1759 4045 ἐστι,
1812 3978 1906 4034 καὶ

334 4071 473 4147 ψυχὴ
507 4072 644 4127 Θεοῦ
682 4075 801 4127 ἐστι
824 4111 841 4140 ,
874 4074 971 4127 καὶ
1004 4071 1223 4144 πνεῦμα
1277 4071 1432 4128 Θεοῦ.
1476 4071 1587 4126 Καὶ
1634 4074 1684 4125 εί
1734 4069 1908 4140 Λόγος

326 4166 468 4221 θεοῦ
503 4166 639 4231 ἐστι,
683 4164 801 4229 πῶς
831 4164 1163 4236 παραλόγως
1190 4165 1218 4218 6
1253 4163 1322 4218 τὰ
1355 4161 1534 4217 πάντα
1574 4160 1730 4225 εἰδὼς
1753 4161 1908 4215 ἐποί-

334 4275 462 4329 ⁹ιιεςεν
486 4275 502 4325 ;
537 4258 598 4313 Ὅ
620 4260 729 4331 γὰρ
759 4256 854 4312 τοῦ
883 4255 1019 4311 Θεοῦ
1049 4257 1221 4325 Λόγος
1241 4258 1342 4310 οὐκ
1370 4256 1438 4310 ἄν
1464 4254 1593 4308 ποτέ
1621 4256 1673 4308 τι
1698 4253 1909 4323 ἀγνοῶν

364 4346 688 4420 ὁρίσκηται”
716 4346 844 4402 οὔτε
868 4346 978 4419 γὰρ
1006 4345 1089 4420 ab;
1115 4344 1246 4409 Υἱὸς
1275 4342 1371 4398 τοῦ
1402 4343 1540 4398 Θεοῦ
1577 4345 1726 4399 ἐστιν
1754 4344 1911 4402 ἐλάτ-

338 4415 444 4495 των
477 4415 642 4495 αὑτοῦ
679 4439 775 4494 τοῦ
825 4415 962 4494 Θεοῦ
1008 4415 1105 4492 καθ.
1143 4437 1399 4509 Πατρὸς,
1445 4435 1570 4490 οὔτε
1614 4436 1691 4501 ὡς
1736 4435 1910 4506 Λόγος

2004 3249 2397 3305 Verumtamen
2430 3262 2496 3302 ex
2540 3245 2715 3316 ipsius
2753 3245 3080 3302 Mahometis
3114 3244 3466 3301 sermonibus
3496 3242 3573 3301 rei

1999 3340 2400 3403 absurditatem
2445 3338 2795 3410 colligamus.
2851 3337 2901 3395 Is
2937 3347 3042 3405 est,
3101 3337 3198 3408 qui
3239 3345 3471 3393 testatur
3520 3345 3578 3394 et

2002 3432 2155 3497 dicit,
2182 3433 2467 3489 Christum
2508 3428 2831 3487 Sermonem
2859 3428 2956 3485 Dei
2981 3443 3126 3492 esse,
3157 3428 3413 3499 spiritum
3454 3428 3574 3493 Dei,

2002 3535 2061 3582 et
2105 3524 2340 3581 animam
2380 3522 2499 3579 Del.
2530 3521 2694 3588 Quod
2747 3521 2793 3578 si
2845 3535 3028 3578 sermo
3069 3527 3126 3576 et
3168 3520 3313 3577 ratio
3343 3519 3437 3576 Dei
3472 3530 3580 3581 est.

2004 3613 2452 3685 cur,qu:eso,qui
2477 3611 2661 3669 omnia
2690 3611 2863 3678 novit,
2894 3611 3013 3667 haec
3039 3610 3160 3668 sine
3189 3608 3338 3666 omni
3369 3611 3582 3667 ratione

2002 3707 2179 3765 fecit?
2208 3707 2303 3763 Dei
2355 3706 2503 3762 enim
2541 3704 2684 3767 ratio
2728 3719 3012 3774 nunquam
3063 3703 3274 3773 aliquid
3324 3702 3579 3774 ignorare

2006 3800 2245 3858 videtur.
2276 3799 2398 3857 Non
2426 3798 2576 3856 enim
2607 3796 2911 3855 secundum
2941 3795 3089 3868 quod
3130 3796 3303 3852 Filius
3336 3796 3436 3852 Dei
3471 3806 3582 3858 est.

2007 3892 2120 3948 Deo
2164 3899 2220 3947 et
2269 3890 2446 3949 Patre.
2477 3889 2659 3945 minor
2687 3895 2819 3955 est;
2852 3902 3033 3959 neque
3082 3887 3387 3949 secundum
3431 3887 3582 3959 quod

2009 3981 2203 4040 Sermo
2235 3990 2341 4048 est,
2372 3980 2459 4036 vel
2494 3979 2636 4038 ratio
2671 3979 2842 4037 illius.
2877 3978 2943 4036 Et
2968 3979 3016 4035 si
3044 3979 3226 4035 anima
3259 3978 3357 4035 Dei
3385 3989 3443 4034 et
3470 3980 3584 4050 spi-

1984 4076 2153 4132 ritus
2180 4075 2277 4131 Dei
2311 4082 2418 4139 est,
2441 4088 2542 4130 cur
2570 4071 2862 4131 animabus
2884 4081 2941 4128 et
2965 4071 3259 4143 spiritibus
3293 4073 3579 4128 hominum

2012 4165 2232 4239 pondus
2294 4163 2555 4235 imposuit
2604 4172 2823 4234 portatu
2873 4163 3264 4233 impossibile?
3313 4163 3396 4218 Ad
3467 4163 3584 4219 haec

2012 4258 2158 4316 idem
2189 4257 2325 4314 dicit
2353 4253 2589 4314 asseritis
2615 4255 2757 4322 suis,
2797 4256 2947 4326 quod
2994 4254 3202 4313 nullius
3235 4257 3348 4312 sint
3377 4257 3583 4313 valoris

2009 4351 2120 4408 nisi
2153 4349 2318 4408 Mosis
2345 4350 2546 4420 legem,
2579 4348 2929 4420 Evangelium
2973 4356 3032 4406 et
3072 4348 3437 4408 Alcorranum
3490 4352 3590 4406 im-

2013 4442 2301 4515 pleverim.
2336 4440 2492 4508 Quod
2523 4442 2569 4498 si
2623 4439 2791 4512 igitur
2820 4439 3178 4513 Evangelium
3211 4443 3398 4515 gravia
3429 4444 3591 4501 docet

339 4533 525 4588 ιὺτοῦ.
570 4534 680 4588 Καὶ
735 4534 783 4588 εί
822 4533 972 4605 ψυχὴ
1013 4530 1152 4586 Θεοῦ
1189 4532 1286 4585 καὶ
1328 4530 1547 4601 πνεῦμα
1601 4529 1736 4585 Θεοῦ
1767 4531 1898 4597 ἐστι1

2017 4541 2076 4591 et
2100 4540 2318 4604 portatu
2348 4530 2610 4597 diﬁieilia,
2639 4531 2920 4602 quomodo
2946 4541 3249 4603 praeceptor
3283 4544 3468 4611 vester
3486 4534 3593 4590 hoc

343 4626 459 4690 πῶς
487 4625 565 4689 είς
594 4641 654 4677 τε
689 4625 784 4688 τὰς
805 4622 983 4694 ψυχὰς
1014 4622 1109 4676 καὶ
1135 4620 1204 4674 τά
1233 4618 1525 4691 πνεύματα
1557 4617 1668 4674 τῶν
1689 4615 1906 4689 ἀνθρώ-

344 4733 456 4771 πων
496 4716 661 4786 βάρος
690 4714 919 4786 ἐνέθηκε
957 4713 1034 4786 μὴ
1062 4711 1335 4782 δυνάμενα
1362 4711 1553 4782 φέρειν
1584 4709 1748 4775 αὐτό;
1788 4709 1911 4765 Ἔτι

338 4810 367 4862 6
395 4808 556 4867 0.316;
599 4821 734 4877 φησι
771 4805 905 4877 πρὸς
961 4805 1088 4868 τοὺς
1144 4801 1295 4873 αὺτῷ
1333 4799 1772 4866 ἀκολουθοῦντας
1823 4801 1909 4855 ὅτι

336 4899 492 4961 οὐδέν
557 4899 701 4950 είσιν
726 4938 742 4963 ,
794 4896 844 4950 εί
883 4895 958 4967 μὴ
992 4893 1342 4966 πληρώσαιεν
1385 4894 1474 4948 τόν
1515 4912 1577 4947 τε
1617 4893 1914 4950 Μωσαῖκὸν

339 4991 507 5061 νόμον
547 4986 608 5043 τὸ
656 4990 728 5044 Εὐ
742 4987 1009 5058 χγγέλιον,
1043 4989 1138 5043 καὶ
1174 4987 1234 5040 τὸ
1269 4986 1512 5060 Κορῤάν.
1545 4987 1656 5040 Καὶ
1690 4986 1754 5039 ἐἰ
1815 4985 1929 5073 μένι

343 5080 518 5151 βαρέα
571 5081 664 5133 καὶ
717 5078 1103 5132 δυσϐάστακτα
1153 5075 1394 5129 διδάσκει
1444 5074 1518 5145 τὸ,
1555 5074 1916 5144 Εὐαγγέλιον,

343 5159 463 5235 πῶς
508 5172 536 5223 6
588 5168 913 5229 διδάεκαλος
963 5165 1119 5237 ὑμῶν
1167 5164 1313 5220 οὕτω
1365 5164 1739 5238 παραγγέλλει
1767 5166 1918 5236 ὑμῖν,

357 5261 419 5324 io;
453 5261 518 5314 Et
563 5259 638 5330 μὴ
682 5257 1008 5331 πληρώσετε
1037 5257 1128 5311 τόν
1156 5272 1215 5308 τε
1248 5256 1479 5319 παλαιὸν
1504 5256 1698 5327 νόμον,
1740 5258 1922 5312 καὶτὸ

349 5352 706 5423 Εὑαγγέλιον,
736 5351 891 5406 οὐδέν
931 5352 1071 5417 ἐστι,
1113 5352 1396 5403 τουτέστιν
1430 5349 1655 5420 οὐδεμία
1683 5349 1925 5419 ὠφέλειά

346 5446 495 5499 ἐστιν
544 5445 600 5498 ἐν
631 5446 791 5516 ὑμϊν;
828 5445 892 5498 Ei
935 5443 996 5527 ag
1034 5445 1243 5495 τέλειον
1292 5443 1412 5496 ἐστι
1447 5442 1509 5496 τὸ
1563 5441 1919 5513 Εὐαγγὲλιον,

347 5532 538 5604 ὥσπερ
568 5536 662 5587 καὶ
700 5534 837 5598 ἐστι,
869 5533 1117 5603 ματαίως
1183 5531 1292 5603 ἄρα
1336 5530 1645 5587 δικαιοῦται
1688 5534 1748 5586 τὸ
1783 5535 1927 5605 Κορ-

352 5624 589 5696 ράν,’ὅτι
621 5624 1085 5693 συγκαταϐάσεως
1111 5623 1273 5694 χάριν
1298 5622 1545 5695 ἐξεδόθη,
1579 5627 1675 5678 καὶ
1704 5624 1924 5696 ἀληθῶς

351 5718 758 5789 καταψεύδεσθε
779 5718 875 5772 τοῦ
908 5718 1241 5786 Εὑαγγελίου
1270 5720 1363 5772 καὶ
1387 5718 1480 5773 τοῦ
1512 5720 1772 5790 Χριστοῦ·
1808 5722 1926 5785 πῶς

345 5812 460 5886 γὰρ
505 5812 730 5867 δύναται
779 5811 841 5864 τὸ
892 5809 1224 5879 Εὐαγγέλιον
1273 5810 1476 5865 τέλειον
1517 5807 1655 5873 εἶναι
1686 5812 1919 5895 διορθὺ-

638 5905 913 5967 ΡΑΤειοι.
949 5904 1072 5965 (in.
1114 5901 1320 5966 CLIV.

1780 5983 1811 5995 ο.
1830 5990 1838 5997 ο

2022 4628 2180 4685 vobis
2207 4625 2472 4697 praecipit,
2507 4625 2652 4697 quod
2684 4624 2791 4681 nisi
2821 4625 3100 4696 impleatis
3128 4634 3371 4683 veterem
3414 4627 3592 4699 legem

2019 4730 2077 4778 et
2123 4718 2504 4790 Evangelium.
2531 4716 2670 4772 nihil
2705 4717 2811 4783 sit;
2840 4716 2894 4773 id
2929 4725 3033 4786 est,
3065 4718 3214 4773 nulla
3249 4718 3310 4773 in
3336 4718 3494 4775 vobis
3523 4719 3595 4776 sit

2024 4810 2275 4867 utilitas?
2306 4808 2464 4875 Quod
2492 4807 2537 4864 si
2569 4817 2754 4863 autem
2782 4808 3142 4879 Evangelium
3175 4811 3480 4880 perfectum
3509 4821 3596 4870 est

2025 4902 2111 4971 (ut
2158 4914 2324 4955 nemo
2371 4899 2586 4969 negat),
2619 4898 2818 4955 frustra
2849 4899 3185 4970 justitlcatur
3211 4900 3594 4966 Aleorramnn,

2022 4990 2169 5063 quod
2200 4989 2577 5046 concessionis
2608 4999 2665 5044 et
2690 4989 3056 5061 ﬁemissionis
3086 5005 3252 5047 causa
3284 4994 3454 5046 latum
3486 4992 3596 5059 sit;

2022 5092 2079 5139 et
2104 5097 2300 5139 revera
2321 5081 2594 5138 mendacii
2624 5081 2954 5139 insimulatis
2979 5084 3336 5152 Evangelium
3359 5093 3417 5139 et
3440 5083 3601 5143 Chri-

2024 5184 2194 5231 stum.
2231 5173 2521 5241 Quomodo
2557 5175 2704 5230 enim
2742 5174 3099 5246 Evangelium
3132 5175 3438 5246 perfectum
3477 5192 3602 5232 esse

2025 5275 2236 5339 posset,
2265 5266 2310 5321 si
2344 5265 2612 5337 indigeret
2649 5266 3073 5329 emendatione?
3110 5267 3269 5335 Item,
3300 5269 3345 5323 si
3377 5268 3601 5325 Gabriel

2028 5355 2216 5426 huncT
2238 5355 2488 5409 humeris
2556 5355 2674 5410 suis
2737 5355 2996 5432 sustulit,
3041 5357 3305 5427 quidnam
3350 5357 3602 5427 iumento

2027 5462 2167 5519 opus
2221 5457 2362 5512 erat,
2412 5463 2524 5518 quo
2568 5464 2635 5504 ex
2687 5447 2876 5505 Mecba
2937 5447 3372 5521 Hierosolymam
3428 5464 3601 5516 usque

2027 5538 2372 5596 veheretur?
2409 5540 2568 5606 Item,
2616 5540 2870 5610 quisnam
2918 5539 3202 5598 dimensus
3254 5540 3470 5597 itineris
3516 5538 3603 5592 in-

2031 5631 2347 5694 tervallum,
2379 5630 2526 5700 quod
2557 5632 2702 5686 inter
2728 5631 2926 5688 caelum
2955 5633 3194 5703 primum
3222 5641 3277 5687 et
3298 5628 3603 5687 secundum

2031 5732 2134 5789 est,
2167 5723 2533 5792 deprehendit
2562 5722 2698 5778 illud
2721 5724 3150 5795 quingentorum
3181 5735 3452 5779 annorum
3481 5734 3607 5790 spa-

2041 5815 2117 5869 tio
2148 5823 2428 5883 constare,
2479 5822 2537 5870 et
2571 5813 2705 5872 illud
2752 5812 3045 5872 Mahometi
3094 5811 3324 5870 retulit?
3366 5809 3526 5878 Item,
3552 5807 3604 5866 si

3252 5901 3335 5962 22
