4058 6436
492 446 509 451 _
526 358 637 423 ess

1666 308 1669 309 ί
1705 347 2026 421 JOANNIS
2059 347 2586 411 CANTACUZENI

3671 339 3776 405 684

525 490 625 546 per
660 472 863 545 pedum
897 483 1125 543 gressus
1164 433 1518 525 intervallum
1567 465 1683 530 hoc,
1722 474 2102 521 mensuratum

2210 482 2350 530 σιως
2370 465 2664 537 δεόμενον;
2702 465 2845 530 Ἔτι,
2879 464 2929 517 εἰ
2959 463 2987 516 ὁ
3017 461 3262 534 Γαϐριὴλ
3294 459 3591 516 ἁνελάδετο
3616 461 3776 514 αὐτὸν

523 574 630 629 est,
659 562 938 637 quomodo
970 575 1173 633 corpus
1206 573 1454 616 crassum
1491 557 1834 626 densumque
1875 570 1939 611 ea
1991 554 2102 610 cal-

524 658 706 721 cavit,
749 669 873 725 qua;
921 668 1090 723 supra
1135 650 1305 706 cmlos
1353 656 1504 712 sunt,
1550 656 1609 702 ut
1651 647 1743 702 hic
1789 643 2103 717 prodigiose

528 747 727 818 lingit?
767 746 840 801 Et
884 745 932 800 si
982 745 1089 798 hoc
1140 742 1363 812 quidem
1409 737 1752 809 impossibile
1789 745 1893 801 est,
1924 735 2101 806 angeli

528 856 659 897 vero
685 850 742 895 et
769 838 966 893 animat
992 834 1277 890 hominum
1311 831 1443 886 illuc
1468 828 1797 894 ascendunt,
1823 830 2101 898 quomodo

527 947 651 1003 qua:
679 931 1006 999 incorporea
1049 934 1199 990 sunt,
1231 936 1502 992 corporeo
1552 935 1746 991 gressu
1798 919 2102 975 metiuntur

525 1038 589 1078 ea
619 1037 742 1092 qua:
773 1028 938 1088 supra
978 1015 1147 1072 caelos
1177 1021 1309 1068 sunt
1346 1010 1648 1067 constituta
1672 1049 1689 1074 ,
1714 1022 1840 1063 cum
1873 1008 2101 1062 minimo

528 1111 792 1183 temporis
819 1107 995 1180 spatio
1019 1110 1087 1163 ea'
1110 1120 1234 1176 quae
1262 1103 1365 1159 sub
1390 1102 1530 1158 caelo
1560 1110 1691 1157 sunt
1718 1101 1951 1156 transire
1978 1114 2103 1170 pos-

525 1208 659 1271 sint,
678 1212 868 1275 utpote
898 1197 1325 1264 aerem,a:thera
1368 1205 1423 1250 et
1449 1195 1555 1251 alia
1578 1194 1666 1249 his
1703 1193 1940 1250 similia?
1968 1192 2102 1248 item

526 1296 807 1369 quomodo
838 1295 893 1349 in
933 1306 1167 1348 ascensu
1209 1299 1271 1345 ut
1301 1289 1501 1345 caelum
1535 1286 1856 1342 ascenderet
1883 1284 2101 1356 angelo-

526 1406 647 1444 rum
665 1401 831 1458 opera
855 1400 989 1440 usus
1011 1395 1097 1439 est
1113 1420 1130 1447 ,
1148 1380 1206 1435 in
1226 1379 1496 1435 descensu
1513 1386 1696 1432 autem
1731 1388 2101 1444 nequaquam,

521 1482 616 1537 sed
641 1479 760 1536 solo
784 1479 1036 1550 iumento
1058 1471 1352 1545 Emparak,
1371 1478 1431 1525 ut
1450 1469 1635 1525 salvus
1664 1468 1717 1522 in
1747 1465 1993 1522 Mecliam
2019 1480 2105 1521 ie-

520 1568 952 1629 diteerelur‘lEt
981 1567 1107 1639 quis
1143 1573 1250 1620 tam
1284 1562 1541 1627 stolidus,
1576 1567 1635 1613 ut
1673 1559 1799 1616 talia
1832 1573 1940 1613 nou
1968 1571 2101 1613 con-

521 1663 784 1723 demnet?
809 1661 1155 1732 Quapropter
1191 1654 1533 1712 interdicunt
1559 1652 1782 1707 asseclac
1819 1650 1987 1713 illius,
2034 1663 2104 1704 ne

520 1757 650 1829 quis
668 1770 793 1811 cum
816 1752 1097 1823 aliquibus
1116 1749 1380 1820 disputet,
1393 1743 1838 1811 redargutionem
1858 1749 2108 1796 metuen-

2206 558 2301 611 ἐπὶ
2332 558 2428 612 τοῦ
2459 557 2611 627 ὤμου
2650 555 2838 623 αὐτοῦ,
2864 556 2950 619 τίς
3000 555 3163 625 χρεία
3195 555 3358 621 ζὼου,
3389 554 3476 608 ἵνα
3522 553 3632 609 ἀπὸ
3678 552 3775 606 τοῦ

2206 650 2402 705 Μακκὲ
2457 648 2762 719 διακομίσῃ
2820 646 2989 700 αὑτὸν
3039 646 3147 709 ἕως
3185 644 3594 715 ⁹1ερουσαλήικ;
3630 644 3774 711 Ἔτι,

2204 743 2288 807 τίς
2326 744 2605 814 μετρήσας
2635 740 2695 793 τὸ
2738 739 2840 810 τῆς
2870 737 2991 793 ὁδοῦ
3028 737 3224 808 μῆκος,
3251 737 3314 790 τὸ
3355 735 3466 791 ἀπὸ
3496 735 3590 790 τοῦ
3624 735 3779 804 πρῶ-

2206 852 2302 889 του
2335 833 2566 904 οὐρανοῦ
2626 833 2791 903 μέχρι
2847 830 2940 884 καὶ
2990 829 3085 883 τοῦ
3142 829 3399 901 δευτέρου
3423 869 3440 896 ,
3472 828 3568 882 καὶ
3599 826 3777 897 εὑρὼν

2207 928 2340 981 αὐτὸ
2368 924 2746 980 πεντακοσίων
2797 922 2937 976 ἐτῶν
2984 920 3282 991 διάστημα,
3345 919 3642 990 ἀνήγγειλε
3695 919 3779 987 τῷ

2206 1017 2504 1089 Μαχούμετ
2523 1018 2693 1084 ςἘτι,
2723 1018 2772 1071 εί
2792 1015 2889 1087 μὲν
2907 1015 2995 1070 διὰ
3015 1015 3277 1087 βημάτων
3310 1012 3470 1075 ποδὸς
3494 1009 3776 1080 ἐμετρήθη

2204 1111 2356 1163 τουτὶ
2384 1111 2446 1163 τὸ
2474 1110 2772 1183 διάστημα,
2806 1112 2925 1176 πῶς
2958 1109 3336 1181 περιεπάτησε
3393 1103 3554 1173 σῶμα
3599 1101 3776 1171 πάχος

2203 1200 2327 1270 έχον
2353 1200 2421 1254 τὰ
2448 1202 2710 1272 ὑπεράνω
2736 1203 2846 1255 τῶν
2872 1201 3138 1272 οὐρανῶν,
3172 1199 3246 1261 ὡς
3280 1196 3448 1257 αὐτὸς
3479 1192 3778 1262 τερατεύε-

2203 1310 2294 1346 ται
2319 1308 2337 1356 ;
2370 1293 2431 1346 Εἰ
2479 1293 2537 1347 δὲ
2562 1293 2723 1347 τοῦτο
2757 1295 2856 1363 μὲν
2870 1294 3171 1354 ⁶ἀδύνατον,
3206 1287 3430 1358 ἄγγελοι
3458 1284 3517 1339 δὲ
3543 1283 3576 1354 ἢ
3605 1282 3779 1352 ψυχαὶ

2202 1383 2513 1453 ἀνθρώπων
2544 1384 2887 1456 ἀνέρχονται,
2915 1383 3035 1447 πῶς
3061 1383 3131 1438 τὰ
3176 1381 3447 1452 ἀσώματα
3476 1375 3772 1449 σωματικῷ

2208 1475 2419 1547 βήματι
2454 1477 2714 1547 μετροῦσι
2763 1477 2832 1531 τὰ
2881 1476 3025 1546 ὑπὲρ
3073 1477 3166 1529 τδν
3216 1475 3466 1546 οὐρανὸν,
3519 1470 3681 1526 ἅτινα
3714 1473 3780 1524 ἐν

2209 1565 2479 1637 ἐλαχίστῳ
2504 1569 2679 1637 χρόνῳ
2706 1565 2969 1622 δύνανται
2993 1565 3226 1620 διέλθεῖν
3263 1566 3335 1620 τά
3363 1566 3469 1619 ὑπὸ
3492 1565 3585 1617 τὸν
3612 1565 3779 1634 οὖρα-

2180 1662 2301 1715 .νὸν
2333 1699 2348 1727 ,
2381 1661 2521 1732 ἀέρα
2561 1662 2725 1731 λέγω,
2757 1664 2855 1717 καὶ
2885 1664 3099 1734 αἰθέρα,
3125 1663 3219 1718 καὶ
3249 1665 3316 1717 τὰ
3344 1661 3557 1726 τούτοις
3585 1662 3772 1732 aucta;

2210 1749 2355 1818 Ἔτι,
2408 1751 2525 1814 πῶς
2551 1753 2631 1815 εἰς
2678 1752 2779 1822 μὲν
2818 1752 2920 1822 τὴν
2945 1753 3209 1809 ἀνάξασιν
3258 1752 3453 1824 ἐδεήθη
3505 1752 3776 1822 ἀγγέλων,

521 1818 628 1920 tes,
651 1858 842 1923 utpote
871 1818 997 1903 cum
1021 1857 1134 1899 non
1178 1818 1430 1913 ignorent
1460 1833 1815 1907 praeceptoris
1841 1833 1924 1887 sui
1951 1832 2102 1888 vani-

2207 1841 2351 1896 ῶστε
2384 1818 2716 1897 ἀναϐιϐάσαι
2744 1818 2910 1898 αὐτὸ-ν
2955 1845 3037 1908 είς
3066 1847 3191 1911 τοὺς
3223 1818 3508 1918 οὐρανούς,
3537 1818 3602 1899 έν*
3622 1846 3678 1901 δὲ
3708 1848 3781 1917 τῇ

523 1957 717 2002 tatem.
750 1942 1143 2009 Verumtamen
1170 1941 1228 1989 et
1266 1930 1325 1986 hi
1358 1930 1504 1985 inter
1557 1943 1619 1984 se
1669 1934 1861 1980 mutuo
1890 1924 2106 1979 dissert-

524 2037 691 2103 tiunt,
722 2041 778 2088 ct
799 2030 893 2087 alii
918 2026 1143 2100 quidem
1166 2021 1360 2079 mortis
1390 2029 1538 2076 metu
1571 2018 1657 2075 vel
1681 2014 1837 2072 inviti
1865 2030 2106 2085 sequun-

522 2137 615 2183 tur
640 2165 656 2191 ,
684 2132 736 2180 et
763 2123 809 2179 si
840 2121 982 2177 forte
1011 2116 1170 2174 liberi
1200 2124 1259 2171 et
1290 2112 1375 2170 sui
1404 2111 1549 2185 juris
1578 2118 1786 2175 essent,
1819 2106 2105 2164 confestim

523 2213 860 2278 Christianis
903 2208 1337 2267 ascriberentur.
1361 2203 1470 2259 Alii
1496 2216 1625 2257 vero
1650 2215 1837 2257 errore
1870 2198 2102 2265 seducti,

521 2327 626 2384 pro
662 2307 857 2374 firmis,
893 2303 1038 2360 veris
1095 2311 1152 2358 et
1197 2297 1464 2356 confessis
1512 2292 1749 2350 retinent
1783 2290 2107 2348 Mahometis

527 2403 814 2463 mendacia
837 2411 894 2459 et
918 2394 1233 2470 prodigiosa
1261 2392 1546 2462 ﬁgmenta;
1569 2388 1661 2443 alii
1687 2401 1906 2442 rursum
1936 2400 1964 2438 a
1986 2384 2105 2455 lege

528 2495 710 2568 patria
738 2500 968 2565 prepter
1003 2489 1270 2560 majorum
1302 2481 1666 2539 reverentiam
1697 2479 1964 2534 desistere
2005 2490 2106 2531 no-

528 2592 690 2653 lunt;
716 2598 911 2641 verum
943 2580 1054 2637 illis
1100 2576 1474 2634 defensionem
1509 2586 1693 2629 coram
1738 2571 1851 2625 Deo
1896 2584 1996 2638 pro
2044 2582 2105 2623 se

529 2678 878 2738 subeundam
902 2676 1234 2745 imponunt;
1261 2668 1355 2724 alii
1383 2681 1605 2738 quoque
1630 2672 1856 2735 propter
1883 2661 2103 2716 vivendi

528 2770 811 2830 licentiam
846 2775 906 2824 et
941 2766 1275 2827 libertatem,
1309 2759 1765 2829 voluptatumque
1795 2752 2104 2811 concessio-

506 2879 657 2933 nem
688 2860 866 2919 errori
912 2855 1235 2915 renuntiare
1262 2853 1482 2916 nolunt,
1518 2848 1695 2921 pluris
1724 2847 1984 2902 nimirum
2025 2846 2104 2900 fa-

457 2932 462 2938 ’
524 2959 739 3017 cientes
769 2952 1143 3024 impuritatem
1172 2956 1228 3005 et
1254 2945 1567 3008 stultitiam,
1618 2958 1728 2998 non
1763 2941 1938 3013 ignari
1964 2941 2103 2996 inte-

525 3053 655 3118 rim,
688 3046 837 3120 quod
879 3060 1005 3117 qua:
1050 3042 1331 3106 dicuntur,
1363 3056 1395 3095 a
1440 3039 1555 3094 Deo
1587 3052 1698 3092 non
1744 3037 1876 3103 sint;
1909 3035 2101 3090 dicunt

2208 1930 2515 1987 καταϐάσει
2549 1932 2826 2004 οὐδαμῶς,
2855 1933 2990 1988 ἀλλὰ
3020 1936 3184 2005 μόνου
3209 1934 3306 1990 τοῦ
3337 1936 3478 2002 ζὼου
3505 1936 3599 1991 τοῦ
3643 1938 3781 2007 Ἐμ-

2210 2027 2421 2094 παράκ,
2454 2026 2544 2079 ῐνα
2571 2026 2666 2081 καὶ
2699 2026 2861 2080 πάλιν
2892 2026 3056 2082 αὐτὸν
3087 2030 3167 2093 εἰς
3196 2030 3256 2082 τὸ
3283 2028 3481 2083 Μακκὲ
3508 2028 3780 2096 διασώσῃ-

2211 2131 2332 2183 ται;
2360 2117 2473 2170 Καὶ
2504 2117 2589 2172 τίς
2629 2113 2776 2169 οὕτω
2814 2116 3145 2188 παράφρων,
3190 2118 3219 2170 ὁ
3256 2115 3331 2188 μὴ
3374 2117 3485 2171 τῶν
3524 2115 3778 2171 τοιούτων

2208 2209 2573 2278 κατεγνωκὼς
2600 2225 2616 2275 ;
2653 2208 2755 2263 Διά
2805 2226 2887 2263 τοι
2918 2208 3078 2263 τοῦτο
3104 2210 3385 2273 παντελῶς
3433 2209 3694 2264 κωλύουσι
3719 2211 3769 2263 οί

2209 2302 2425 2357 ἐκείνου
2489 2300 2776 2356 ἀκόλουθοι
2832 2301 2973 2371 μετά
3030 2319 3193 2356 τινων
3250 2301 3638 2372 διαλέγεσθαι,
3678 2300 3765 2357 τδν

2206 2396 2428 2468 ἔλεγχον
2456 2395 2761 2460 δειλιῶντες
2783 2412 2798 2427 ο
2855 2396 2975 2450 οὐδὲ
3025 2400 3135 2467 γὰρ
3187 2382 3507 2465 ἀγνοούντές
3538 2397 3646 2449 εἰσι
3679 2394 3775 2464 τὴν

2205 2490 2301 2544 τοῦ
2328 2490 2655 2544 διδασκάλου
2696 2490 2876 2544 αὐτῶν
2909 2490 3269 2561 ματαιότητα.
3319 2491 3459 2546 Ἀλλ’
3499 2492 3648 2562 ὅμως
3680 2493 3782 2544 κά-

2205 2584 2374 2636 κεῖνοι
2423 2581 2749 2652 ἀσύμφωνοι
2788 2582 2927 2653 πρὸς
2972 2582 3235 2654 ἀλλήλους
3296 2584 3655 2654 ὑπάρχουσιν.
3715 2584 3784 2638 Ol

2210 2674 2307 2744 μὲν
2339 2674 2449 2743 γὰρ
2475 2673 2555 2745 τῷ
2586 2673 2679 2727 τοῦ
2709 2675 2942 2730 θανάτου
2974 2675 3125 2748 φόϐῳ
3147 2678 3243 2731 καὶ
3266 2675 3494 2740 ἄκοντες
3521 2676 3776 2731 ἕπονται·

2206 2765 2255 2815 εἰ
2300 2763 2347 2817 δ’
2382 2765 2514 2828 ἴσως
2556 2765 2777 2835 ἀφόϐως
2827 2770 2921 2822 καὶ
2968 2769 3024 2821 ὲν
3073 2768 3292 2840 ἐξουσίᾳ
3348 2767 3454 2840 ἰδίᾳ
3507 2767 3785 2839 ἐγένοντο,

2205 2857 2369 2923 εὐθὺς
2419 2859 2743 2930 Χριστιανοὶ
2794 2860 3047 2928 ἐγένοντο
3104 2861 3203 2915 ἄν·
3259 2862 3308 2915 oi
3365 2862 3423 2915 δὲ
3477 2864 3543 2933 τῇ
3601 2860 3793 2935 πλάνῃ

2208 2955 2668 3023 συναπαχθέντες,
2701 2953 2776 3015 ὡς
2809 2953 3001 3025 βέϐαια
3047 2956 3142 3006 καὶ
3205 2952 3378 3023 ἀληθῆ
3432 2954 3528 3007 καὶ
3561 2953 3749 3021 ὡμολο
3770 2985 3785 2994 -

2210 3046 2426 3115 Υημένα
2457 3046 2641 3116 ἔχουσι
2671 3047 2741 3100 τὰ
2777 3049 2872 3099 τοῦ
2913 3045 3157 3116 Μωάμεο
3189 3045 3364 3116 ψεύδη
3389 3044 3485 3099 καὶ
3516 3046 3790 3115 τερατεέ-

526 3159 715 3202 tamcn
750 3142 955 3213 palam,
988 3146 1052 3193 ut
1085 3143 1213 3191 ante
1253 3133 1464 3189 dictum
1508 3140 1613 3198 est,
1648 3150 1666 3183 ι
1702 3130 1830 3186 Vias
1860 3144 2102 3200 praecep-

2210 3152 2377 3207 ματα*
2410 3136 2460 3189 oi
2496 3137 2554 3191 δὲ
2600 3137 2660 3190 οὐ
2690 3136 2969 3208 βούλονται
3006 3139 3310 3209 ἀποστῆναι
3354 3138 3453 3209 τῆς
3495 3154 3793 3208 πατροπα-

504 3251 707 3295 ‘torum
735 3244 957 3290 tuorum
991 3243 1288 3302 agnoscere
1318 3226 1468 3282 nolo.
1503 3244 1521 3277 ι
1559 3225 1674 3291 Qua
1699 3224 1769 3279 de
1805 3238 1969 3278 causa
1997 3236 2101 3277 nec

524 3342 739 3386 sacram
772 3325 1124 3397 Scripturam
1159 3322 1347 3391 legere
1387 3318 1724 3388 permittitur
1772 3315 1919 3386 apud
1947 3315 2097 3379 illos,

524 3442 598 3483 ne
642 3404 743 3486 per
772 3419 916 3473 hanc
944 3414 1298 3488 praeceptoris
1326 3412 1412 3467 sui
1460 3410 1693 3465 stultitia
1739 3415 2004 3478 appareat
2045 3415 2103 3461 et

525 3521 862 3570 conlutetur.
896 3508 959 3563 ιιι
992 3506 1174 3576 capite
1200 3503 1343 3558 Iona
1386 3504 1533 3557 enim
1565 3501 1645 3557 sic
1680 3501 1899 3572 inquit:
1941 3496 2103 3565 Quis-

527 3605 655 3677 quis
686 3601 1068 3674 depreliensus
1101 3595 1269 3651 fuerit
1295 3594 1443 3666 quod
1479 3593 1780 3649 Alcorrano
1815 3590 2100 3647 contradi-

528 3709 642 3766 cat,
679 3696 874 3752 mortis
923 3690 1252 3764 supplicium
1299 3688 1468 3753 luito,
1514 3700 1619 3741 nec
1675 3684 1766 3738 alii
1811 3699 1974 3754 quam
2023 3683 2100 3738 illi

526 3790 779 3847 credant.
808 3787 866 3842 In
891 3785 1070 3856 capite
1098 3790 1280 3838 autem
1310 3780 1533 3834 Amram
1558 3778 1674 3832 ait:
1707 3775 1823 3830 Non
1853 3774 1945 3829 alii
1976 3790 2099 3829 ere-

525 3884 642 3940 dite
670 3881 775 3938 nisi
809 3879 986 3950 legem
1017 3884 1264 3930 nostram
1297 3871 1571 3942 sequenti.
1601 3867 1670 3921 Et
1713 3867 1805 3936 qui
1853 3867 2103 3936 Evange-

524 3978 665 4032 lium
708 3973 943 4029 salutem
988 3982 1110 4024 esse
1150 3964 1285 4022 dicit
1344 3972 1401 4017 et
1446 3960 1633 4023 viam,
1678 3958 1928 4028 nihilque
1977 3972 2100 4012 esse

527 4069 862 4124 Sarracenos
893 4060 1002 4117 nisi
1030 4055 1388 4128 Evangelium
1415 4052 1702 4122 legemque
1730 4049 2099 4120 impleverim,

524 4178 596 4219 en
655 4159 841 4214 denuo
888 4153 1033 4209 idem
1071 4149 1227 4221 quasi
1280 4145 1488 4217 proprii
1537 4143 1812 4199 sermonis
1857 4141 2097 4206 oblitus,

524 4256 583 4306 in
611 4250 805 4307 eodem
833 4255 1089 4302 sermone
1113 4240 1289 4296 dicit:
1321 4236 1454 4291 Mihi
1493 4249 1613 4289 mea
1642 4234 1726 4289 lex
1755 4234 1826 4289 sit
1862 4243 1920 4289 et
1946 4233 2101 4289 vobis

523 4352 734 4401 vestra.
768 4341 877 4395 Vos
916 4338 987 4393 ab
1027 4334 1113 4389 his
1143 4346 1267 4402 qua:
1301 4331 1418 4399 ipse
1460 4326 1600 4383 faeie
1634 4327 1909 4383 immunes
1941 4327 2098 4391 estis,

416 4420 433 4481 ἶ
524 4447 581 4495 et
613 4450 716 4507 ego
750 4434 818 4488 ab
847 4432 916 4487 iis
951 4440 1075 4499 quae
1105 4440 1222 4480 vos.
1250 4421 1365 4478 Hoc
1402 4422 1588 4491 itaque
1623 4435 1896 4490 perversae
1925 4428 1981 4472 et
2012 4434 2101 4474 er-

2209 3228 2437 3298 ραδότου
2470 3229 2680 3298 πλάνης
2713 3230 2894 3284 αὐτῶν
2925 3231 3066 3284 αἰδοῖ
3101 3230 3209 3284 τῶν
3258 3232 3483 3301 γονέων,
3538 3229 3656 3286 ἀλλ’
3686 3233 3789 3284 ἐπ’

2206 3322 2436 3385 ἐκείνοις
2491 3324 2709 3378 τιθέασι
2751 3324 2849 3397 τὴν
2898 3326 3080 3381 αἰτίαν
3116 3328 3213 3396 τῆς
3262 3326 3399 3396 πρὸς
3426 3327 3557 3382 Θεὸν
3583 3329 3793 3383 ἀπολο-

2212 3415 2361 3484 γίας.
2405 3417 2467 3470 Ol
2511 3417 2565 3470 δὲ
2597 3416 2683 3471 διὰ
2735 3418 2794 3471 τὸ
2843 3418 3033 3473 ἄνετον
3077 3420 3170 3472 καὶ
3203 3418 3486 3491 ἐλεύθερον
3521 3421 3791 3492 καὶπερὶ

2203 3509 2303 3571 τὰς
2352 3508 2541 3579 ἡδονὰς
2574 3510 2855 3581 ἐνδόσιμον
2906 3512 2967 3564 οὐ
3019 3510 3301 3581 βούλονται
3345 3514 3647 3587 ἀποστῆναι
3674 3516 3791 3586 τῆς

2189 3600 2437 3686 ’πλάιης,
2474 3601 2611 3658 ἀλλὰ
2645 3603 2743 3674 τὴν
2773 3602 3121 3675 ἀκαθαρσίαν
3158 3606 3251 3660 καὶ
3286 3609 3528 3677 ματαίαν
3561 3608 3790 3665 δίαιταν

2205 3695 2622 3765 προαιροῦνται,
2678 3696 3045 3765 γινώσκοντες
3099 3699 3199 3769 μὲν
3234 3700 3317 3754 ὅτι
3368 3701 3466 3755 οὐκ
3500 3702 3641 3755 εἰσὶν
3669 3705 3792 3759 ἀπὸ

2204 3784 2339 3838 Θεοῦ
2392 3787 2460 3840 τά
2507 3786 2796 3857 λεγόμενα,
2851 3788 3067 3857 λέγουσι
3110 3790 3154 3844 δ’
3202 3792 3348 3862 ὅμως
3379 3792 3654 3866 ἄντικρυς,
3700 3794 3791 3859 ὡς

2203 3877 2549 3949 προείρηται,
2578 3878 2658 3932 ὄτι
2693 3897 2711 3930 ι
2733 3877 2900 3935 Ὀδῶν
2937 3881 3168 3935 ἐντολῶν
3202 3899 3296 3937 σου
3335 3886 3535 3953 γνῶναι
3565 3886 3625 3938 οὐ
3652 3884 3790 3955 βού-

2203 3966 2384 4037 λομαι.
2420 3986 2438 4019 ι
2474 3970 2583 4023 Καὶ⁸
2604 3968 2692 4023 διὰ
2743 3969 2900 4023 τοῦτο
2933 3970 3052 4023 οὐδὲ
3111 3974 3531 4044 παραχωροῦσιν
3580 3975 3790 4039 ἀναγι-

2203 4059 2508 4114 νώσκεσθαι
2550 4062 2649 4131 τὴν
2685 4061 2833 4116 θείαν
2865 4062 3084 4135 Γραφὴν
3122 4066 3255 4136 παρ’
3294 4065 3538 4133 ἐκείνοις,
3573 4069 3657 4122 ἵνα
3696 4070 3788 4141 μὴ

2202 4151 2261 4203 τὸ
2293 4149 2386 4203 τοῦ
2429 4150 2747 4205 διδασκάλου
2784 4153 2963 4207 αὐτῶν
2994 4153 3188 4224 ψεῦδος
3234 4159 3314 4220 εἰς
3366 4157 3584 4229 ἔλεγχον
3622 4158 3787 4230 ἔλθῃ.

2215 4244 2304 4299 Ἐν
2344 4247 2451 4316 γὰρ
2496 4245 2571 4316 τῷ
2619 4246 2896 4318 κεφαλαίῳ
2948 4247 3025 4319 τῷ
3064 4248 3235 4305 Ἰωνᾶ.
3266 4249 3408 4305 οὕτω
3452 4253 3634 4323 φησὶν,
3690 4256 3786 4308 ὅτι

2200 4335 2324 4389 Κᾶν
2382 4337 2561 4398 ὁποῖός
2611 4354 2740 4392 ποτε
2795 4338 3022 4411 φωραθῇ
3082 4341 3377 4410 ἀντιλέγων
3425 4344 3484 4397 τὸ
3531 4346 3780 4416 Κιορρἁ,

2205 4427 2432 4490 θάνατος
2487 4428 2639 4481 ἔσται
2691 4432 2722 4497 ἡ
2773 4431 3037 4500 τιμωρία,
3086 4431 3217 4502 μηδὲ
3274 4434 3552 4489 πιστεύειν
3586 4438 3782 4510 ἕτερον

523 4526 791 4585 rabundzn
821 4521 1023 4578 mentis
1058 4516 1344 4589 proprium
1375 4525 1482 4579 est,
1514 4524 1573 4569 ut
1612 4528 1724 4566 non
1767 4513 1837 4567 ab
1866 4511 2099 4585 honeste

2208 4520 2345 4589 πλὴν
2382 4521 2568 4574 αὐτοῦ.
2613 4522 2700 4574 Ἐν
2732 4520 2789 4573 δὲ
2818 4521 2895 4591 τῷ
2927 4524 3206 4595 κεφαλαίῳ
3240 4526 3316 4597 τῷ
3352 4528 3574 4599 Ἀμρὰμ
3617 4534 3780 4603 φησί,

522 4626 741 4673 tantum
780 4624 836 4669 et
879 4611 1028 4666 bono
1070 4606 1377 4672 dissentiat,
1410 4606 1506 4660 sed
1549 4614 1608 4658 ut
1637 4617 1740 4657 nec
1770 4616 1959 4656 secum
1999 4615 2099 4654 un-

523 4726 693 4781 quam
721 4704 1016 4763 couvenire
1060 4700 1258 4772 pessit,
1289 4698 1470 4769 qualis
1498 4704 1555 4751 et
1595 4693 1870 4749 Maliomet
1918 4692 2007 4746 hic
2043 4692 2100 4745 in

525 4813 644 4859 toto
673 4816 776 4858 suo
805 4812 975 4870 opere
1004 4794 1464 4865 deprehenditur.
1492 4785 1934 4842 Christianorum
1969 4796 2100 4838 vero

523 4895 728 4964 scripta
760 4905 872 4946 non
902 4890 1003 4944 sic.
1034 4882 1236 4943 Verum
1277 4881 1458 4938 omnis
1492 4891 1648 4933 sacra
1678 4873 1958 4942 Scriptura
1989 4883 2099 4929 tam

532 4988 699 5046 Vetus
750 4997 915 5053 quam
967 4979 1150 5040 Nova,
1205 4971 1435 5041 singulae
1489 4967 1595 5023 sibi
1652 4965 1890 5020 invicem
1931 4980 2095 5033 quam

525 5078 876 5137 exactissime
906 5068 1261 5128 consentiunt
1289 5079 1304 5129 ;
1337 5072 1394 5118 et
1423 5074 1643 5115 rursum
1676 5068 1922 5127 utraeque
1956 5059 2101 5113 inter
2138 5103 2145 5111 ,

524 5189 585 5228 se
627 5180 821 5225 mutuo
866 5164 1059 5221 eadem
1107 5158 1315 5214 sentire
1357 5165 1413 5208 et
1437 5153 1624 5207 dicere
1674 5150 2099 5219 deprehendun-

528 5276 657 5332 tur;
688 5272 744 5316 et
766 5258 987 5315 merito.
1012 5255 1159 5308 Deus
1183 5249 1333 5304 enim
1368 5248 1485 5317 ipse
1511 5256 1705 5301 auctor
1735 5254 1788 5300 et
1822 5244 2099 5315 legislator

510 5366 608 5411 est
652 5351 854 5408 veteris
898 5357 959 5403 et
1005 5345 1136 5399 novi
1184 5340 1543 5398 Testamenti.
1587 5338 1702 5409 Ege
1750 5347 1931 5392 autem
1982 5338 2100 5406 ipse

524 5444 781 5503 fortassis
798 5456 922 5496 cum
957 5437 1115 5493 Esaia
1153 5444 1209 5491 et
1256 5433 1460 5489 Davide
1507 5433 1700 5487 dixero
1729 5450 1741 5484 :
1786 5451 1805 5484 ι
1832 5430 2036 5498 Quare,
2065 5446 2099 5485 0

529 5538 780 5602 Deinine,
836 5547 921 5584 ria
968 5528 1262 5598 impiorum
1315 5526 1713 5597 prosperatur?
1760 5525 1863 5581 Mei
1914 5533 2097 5579 autem

525 5644 669 5699 pene
687 5627 819 5681 nioti
845 5631 974 5679 sunt
1001 5622 1187 5693 pedes,
1206 5635 1346 5693 pene
1370 5619 1533 5675 eﬂ'usi
1560 5628 1690 5674 sunt
1713 5633 1933 5688 gressus
1964 5616 2095 5672 mel.

517 5719 796 5784 Quoniam
836 5717 1003 5772 zelavi
1044 5731 1208 5787 super
1241 5716 1484 5784 iniquos,
1514 5727 1704 5783 pacem
1747 5720 2096 5782 peccatorum

516 5803 721 5861 sitiens
772 5805 1039 5873 Quoniam
1074 5822 1182 5862 non
1213 5817 1298 5864 σει
1329 5812 1612 5875 respectus
1644 5802 1696 5857 in
1739 5812 1914 5859 morte
1946 5802 2096 5870 ipso-

2203 4611 2297 4683 Μὴ
2350 4613 2675 4684 πιστεύσητε
2712 4614 2899 4684 ἕτερον
2926 4616 3067 4686 πλὴν
3096 4618 3189 4670 τοῦ
3230 4619 3496 4691 ἑπομένου
3522 4623 3598 4693 τῷ
3634 4625 3780 4694 ἡμε-

2201 4705 2351 4775 τέρῳ
2388 4705 2538 4776 νόμῳ
2565 4747 2581 4772 ,
2621 4707 2796 4761 καίτοι
2855 4725 2918 4777 γε
2961 4708 3021 4762 τὸ
3068 4696 3425 4778 Ἐὺαγγέ).ιον
3489 4718 3773 4787 σωτηρίαν

2202 4791 2341 4849 εἶναι
2406 4797 2579 4865 λέγων
2637 4799 2728 4851 καὶ
2772 4798 3028 4870 ὁδηγίαν,
3069 4802 3173 4854 ’καὶ
3230 4803 3398 4873 μηδὲν
3458 4799 3597 4859 εἶναι
3661 4790 3777 4872 τοῖς

2202 4891 2571 4960 Σαρακηνοίς,
2605 4890 2681 4961 μὴ
2713 4890 3031 4961 πληρώσασι
3082 4893 3142 4947 τὸ
3189 4895 3522 4965 Εὐαγγέλιον
3556 4901 3652 4953 καὶ
3682 4900 3779 4952 τὸν

2202 4982 2389 5051 νόμον.
2432 4982 2601 5037 Πάλιν
2644 4983 2701 5037 δὲ
2731 4986 2758 5037 ὁ
2797 4985 2977 5049 αὐτὸς,
3014 4984 3206 5055 ὥσπερ
3255 4988 3644 5059 ἐπιλαθόμενος
3665 4992 3778 5047 τῶν

2203 5077 2400 5128 ἑαυτοῦ
2433 5075 2643 5146 λόγων,
2680 5078 2737 5131 ἐν
2770 5077 2848 5150 τῷ
2889 5078 3038 5150 αὐτῷ
3076 5080 3222 5152 λόγῳ
3271 5083 3459 5153 φησὶν,
3490 5086 3572 5138 ὃτι
3622 5086 3778 5155 Ἐμοὶ

2200 5168 2229 5220 ὁ
2274 5166 2409 5238 ἐμὸς
2431 5169 2616 5239 νόμος,
2659 5168 2753 5224 καὶ
2785 5170 2913 5241 ὑμῖν
2950 5173 2977 5225 ὁ
3010 5171 3295 5244 ὑμέτερος.
3343 5174 3529 5246 Ὑμεῖς
3558 5176 3778 5230 ἐλεύθε-

2204 5257 2289 5327 ροί
2322 5259 2443 5310 ἐστε
2494 5253 2569 5312 ῶν
2609 5256 2719 5326 ἐγὼ
2778 5261 3025 5328 πράττω,
3067 5250 3222 5331 κᾶγὼ
3275 5255 3352 5317 ὧν
3390 5264 3567 5334 ὑμεῖν
3603 5265 3777 5319 Τοῦτο

2201 5346 2333 5415 γοῦν
2360 5348 2492 5402 ἴδιόν
2520 5351 2637 5401 ἐστι
2672 5348 2766 5401 τοῦ
2808 5354 3339 5424 παρατετραμμένου
3374 5358 3471 5409 καὶ
3499 5357 3776 5427 πεπλανη-

2206 5440 2370 5509 μένου
2419 5440 2571 5507 νοὸς,
2622 5443 2680 5493 τὸ
2733 5443 2810 5511 μὴ
2843 5444 3004 5511 μόνον
3055 5445 3193 5514 μετά
3237 5445 3331 5499 τοῦ
3371 5448 3536 5503 καλοῦ
3584 5467 3644 5503 τε
3678 5453 3773 5505 καὶ

2201 5529 2413 5596 ἀγαθοῦ
2460 5531 2793 5599 ἀσύμφωνον
2830 5531 3018 5588 τοῦτον
3060 5536 3446 5607 εὑρίσκεσθαι,
3488 5539 3623 5594 ἀλλά
3677 5539 3770 5594 καὶ

2202 5620 2339 5691 πρὸς
2385 5622 2576 5675 ἑαυτὸν
2625 5622 2923 5694 μηδέποτε,
2963 5631 3273 5697 συμφωνεῖν
3304 5669 3320 5696 ,
3364 5628 3554 5702 ὥσπερ
3604 5632 3695 5685 καί⁵
3723 5629 3755 5682 ὁ

2202 5716 2394 5785 παρὼν
2432 5717 2613 5769 οὑτοσὶ
2649 5718 2893 5788 Μωάμεθ
2943 5721 3000 5773 ἐν
3034 5720 3143 5791 ὅλῳ
3177 5721 3254 5791 τῷ
3285 5723 3451 5777 αὐτοῦ
3487 5724 3763 5795 συγγράμ-

2205 5819 2358 5873 ματι.
2391 5802 2473 5858 Τὰ
2500 5806 2553 5859 δὲ
2581 5807 2687 5862 τῶν
2720 5808 3065 5879 Χριστιανῶν
3096 5814 3195 5883 οὐχ
3217 5813 3408 5880 οὕτως,
3440 5814 3573 5875 ἀλλὰ
3604 5802 3745 5869 πᾶσα
