4058 6468
359 340 471 408 (ἱεῦ

1375 332 1676 396 CONTRA
1716 329 2208 393 ΜΛΗΟΜΕΤΕΜ
2241 331 2530 395 ORATIO
2571 334 2667 400 IV..

3250 294 3297 346 ⁸
3529 338 3635 403 ess

362 462 400 529 ή
444 456 565 510 θεία
590 440 803 527 Γραφὴ,
834 452 870 523 ἦ
910 467 970 505 τε
1014 449 1241 514 παλαιὰ,
1270 452 1305 520 ἠ
1355 466 1417 502 τε
1451 450 1567 511 νέα,
1611 448 1710 519 μία
1739 447 1947 517 ἑκάστη

2054 461 2195 513 rum,
2221 456 2276 503 et
2306 446 2714 504 ﬁrmamentum
2751 450 2805 504 in
2844 451 2999 522 plaga
3033 453 3301 523 ipsorum.
3335 454 3395 508 In
3428 454 3635 510 labori-

374 548 514 619 πρὸς
554 547 747 616 αὐτὴν,
783 544 935 599 κατὰ·
964 546 1146 598 πᾶσαν
1177 541 1470 613 ἀκρίϐειαν
1514 541 1818 612 συμφωνεῖ,
1854 541 1947 592 καὶ

369 641 528 704 αὖθις
555 641 609 697 αἱ
635 638 729 692 δύο
762 638 901 709 ὁμοῦ
939 634 1082 692 κατά
1113 636 1292 691 πάντα
1329 635 1677 706 εὑρίσκονται
1705 633 1774 685 τά
1808 632 1947 686 αὐτὰ

367 734 464 787 καὶ
496 731 791 804 φρονοῦσαι
831 731 929 785 καὶ
955 729 1238 798 λέγουσαι,
1289 727 1386 782 καὶ
1438 726 1688 794 εἰκότως.
1743 725 1803 778 '0
1837 724 1946 795 γὰρ

365 826 531 887 αὐτὸς
576 823 709 886 Θεός
756 824 904 875 ἐστιν
948 823 977 874 6
1020 819 1249 899 ποιητῂς
1290 818 1386 873 καὶ
1426 818 1726 889 νομοδότης
1753 817 1853 886 τῆς
1884 833 1943 869 τε

367 915 605 976 παλαιᾶς
640 915 736 968 καὶ¹
769 915 916 977 νέας.
958 912 1102 982 Ἐγὼ
1141 912 1200 966 δὲ
1256 912 1398 982 τάχα
1427 910 1495 965 ἂν
1530 910 1670 980 μετά
1716 908 1945 963 Ἡσαΐου

365 1004 464 1055 καὶ
501 1000 671 1053 Δαϐὶδ
707 1000 817 1054 τῶν
854 1000 1155 1071 προφητῶν
1195 995 1388 1066 εἷπον,
1419 1017 1439 1052 t
1480 999 1597 1054 Ἵνα
1633 998 1708 1062 τί,
1748 998 1944 1069 Κύριε,

365 1094 486 1159 οἰὸς
531 1092 748 1147 ἀσεϐῶν
785 1091 1103 1152 εὐοδοῦταιξ
1148 1111 1166 1145 ι
1202 1092 1297 1145 καὶ
1321 1093 1404 1146 ὅτι
1435 1109 1454 1144 ι
1509 1089 1674 1161 Ἐμοΰ
1707 1106 1949 1159 παραμι-

368 1186 505 1257 κρὸν
552 1184 927 1252 ἐσαλεύθησαν
965 1185 1018 1236 οἱ
1060 1182 1220 1246 πόδες
1246 1223 1262 1249 ,
1312 1181 1449 1253 παρ’
1476 1181 1658 1257 ὀλίγον
1708 1179 1944 1251 ἐξεχύθη

367 1242 437 1334 τά
475 1242 964 1351 διαϐήματάυμου,
1014 1279 1097 1333 ὅτι
1135 1242 1521 1349 ἐζηλωσαέπί
1550 1242 1661 1337 τοῖς
1698 1242 1942 1343 ἀνόμοις,

364 1374 590 1445 εἰρήνην
620 1372 968 1440 ἁμαρτωλῶν
1008 1371 1252 1443 θεωρῶν,
1302 1370 1384 1424 ὅτι
1415 1369 1515 1423 οὐκ
1546 1367 1695 1422 ἐστιν
1720 1366 1948 1421 ἀνάνευ-

366 1483 456 1529 σις
491 1468 550 1518 ἐν
578 1465 658 1533 τῷ
710 1466 928 1535 θανάτῳ
954 1464 1156 1529 αὐτῶν,
1189 1463 1284 1518 καὶ
1326 1462 1617 1533 στερέωμα
1652 1462 1710 1513 ἐν
1739 1461 1803 1531 τῇ
1838 1459 1943 1529 μά-

364 1571 514 1623 στιγι
544 1554 748 1609 αὐτῶν.
805 1556 895 1608 Ἐν
937 1542 1130 1618 κόποις
1163 1542 1483 1625 ’ἀνθρώπων
1526 1550 1626 1605 οὐκ
1671 1550 1804 1615 elei,
1848 1549 1946 1601 καὶ

371 1647 513 1715 μετά
565 1645 872 1718 ἀνθρώπων
928 1646 992 1700 οὐ
1049 1643 1585 1716 μαστιγωθήσονται.
1642 1642 1741 1697 Διά
1787 1641 1948 1696 τοῦτο

364 1738 672 1811 ἐκράτησεν
719 1739 918 1804 αὐτοὺς
970 1740 1005 1811 ἡ
1050 1738 1403 1809 ὑπερηφανία
1433 1738 1515 1800 είς
1544 1736 1719 1798 τέλος.
1749 1737 1945 1807 Περιε-

2055 541 2159 597 bus
2196 542 2482 596 hominum
2534 558 2646 598 non
2696 553 2847 607 sunt.
2879 554 2937 601 et
2981 560 3107 601 cum
3159 547 3481 604 hominibus
3522 566 3635 605 non

2054 629 2418 702 ﬂagellantur.
2450 632 2581 687 Ideo
2627 635 2807 689 tenuit
2850 649 2949 691 eos
2997 636 3261 705 superbia
3292 635 3541 706 ipsorum
3578 638 3634 695 in

2057 724 2243 779 linem.
2297 722 2487 793 Operti
2535 732 2666 777 sunt
2718 725 3009 795 iniquitate
3069 735 3127 781 et
3179 726 3461 797 impietate
3509 744 3631 785 sua.

2054 815 2303 871 Prodibit
2332 817 2488 884 quasi
2519 830 2590 871 ex
2637 816 2801 887 adipe
2837 818 3102 890 iniquitas
3131 820 3402 890 ipsorum.
3433 821 3641 893 Trans-

2055 907 2239 963 ierunt
2281 907 2334 961 in
2379 906 2633 963 allectum
2667 909 2887 975 cordis,
2941 910 3327 979 cogitaverunt
3361 922 3417 968 et
3462 914 3632 969 locuti

2055 1005 2188 1051 sunt
2236 997 2292 1051 in
2341 996 2616 1066 nequitia.
2660 997 3017 1068 inﬁnitatem
3084 1000 3143 1055 in
3197 1003 3416 1057 excelso
3466 1004 3635 1059 locuti

2054 1096 2207 1144 sunt.
2237 1089 2550 1143 Posuerunt
2575 1089 2632 1143 in
2663 1088 2861 1145 caelum
2887 1106 2949 1145 os
2972 1106 3157 1157 suum,
3180 1102 3237 1148 et
3265 1095 3452 1164 lingua
3477 1094 3633 1165 ipso-

2056 1196 2177 1235 rum
2207 1181 2472 1235 transivit
2528 1182 2582 1235 in
2642 1192 2864 1236 terram.
2894 1181 2941 1214 ⁸⁸
2989 1201 3007 1234 ι
3064 1184 3454 1240 Verumtamen
3507 1202 3631 1240 cum

2052 1270 2242 1326 divino
2280 1271 2483 1327 Davide
2505 1272 2666 1327 etiam
2694 1273 2810 1343 ipse
2837 1274 3086 1330 clamabo
3112 1293 3126 1330 :
3172 1275 3445 1347 «Propter
3477 1277 3634 1332 dolos

2055 1364 2300 1435 ipsorum
2339 1363 2574 1434 posuisti
2618 1365 2700 1420 eis
2753 1364 2920 1429 mala,
2952 1365 3207 1433 Domine,
3241 1367 3492 1437 dejecisﬁ
3539 1385 3636 1423 eos

2053 1470 2181 1512 cum
2218 1458 2640 1512 extollerentur.
2671 1457 2964 1524 Quomodo
2998 1457 3130 1514 facti
3163 1459 3387 1525 sunt.in
3420 1460 3637 1516 desola-

2057 1546 2301 1602 tionem?
2329 1547 2526 1603 Subito
2570 1547 2914 1614 defecerunt,
2944 1550 3231 1620 perierunt
3261 1559 3486 1621 propter
3532 1550 3639 1605 ini-

2053 1639 2321 1710 quitatem
2370 1655 2527 1696 suam
2574 1642 2747 1697 veluti
2791 1641 3067 1697 somnium
3110 1642 3481 1714 exsurgentis.
3534 1644 3638 1697 Du-

2056 1732 2295 1798 mine,in
2321 1732 2543 1789 civitate
2572 1741 2663 1789 tua
2696 1733 2990 1806 imaginem
3020 1734 3269 1807 ipsorum
3301 1735 3378 1838 ad
3399 1735 3634 1792 nihilum

364 1828 627 1885 ϐάλλοντο
665 1830 880 1885 ἀδικίαν
930 1830 1028 1885 καλ⁵
1079 1830 1341 1885 ἀσέϐειαν
1373 1827 1606 1884 ἑαυτῶνο
1651 1824 2012 1906 ἐξελεύσεηΒ
2042 1825 2255 1897 redigas
2286 1826 2352 1880 ⁸⁸.
2378 1843 2399 1878 ι

363 1939 455 1977 ται
502 1921 579 1985 ὡς
619 1924 684 1978 ἐκ
731 1924 960 1987 στέατος
999 1924 1034 1994 ἠ
1078 1920 1268 1977 ἀδικία
1304 1920 1510 1987 αὐτῶν,
1572 1919 1865 1991 διήλθοσαν
1940 1920 2023 1982 εἰς
2059 1917 2303 1973 διάθεσιν
2371 1916 2639 1993 καρδίας,
2689 1917 3050 1990 διενοήθησαν
3111 1920 3206 1974 καὶ
3255 1918 3528 1994 ἐλάλησαν
3579 1920 3638 1972 ἐν

367 2016 627 2087 πονηρίᾳ·
669 2014 887 2071 ἀδικίαν
928 2015 1009 2078 είς
1053 2014 1116 2068 τὸ
1144 2012 1279 2085 ὕψος
1343 2012 1636 2083 ἐλάλησαν,
1673 2012 1860 2067 ἔθεντο
1898 2011 1980 2075 εἰς
2019 2010 2248 2080 οὐρανὸν
2278 2011 2341 2066 τὸ
2399 2012 2576 2083 στόμα
2602 2012 2805 2080 αὐτῶν,
2831 2014 2927 2067 καὶ
2959 2015 2992 2085 ἡ
3030 2012 3251 2083 γλῶσσα
3281 2014 3463 2069 αὐτῶν
3486 2013 3635 2085 διῆλ-

366 2111 463 2164 θεν
495 2110 587 2164 ιπὶ
629 2110 730 2180 τῆς
776 2109 933 2178 γῆς.»
978 2126 998 2160 ι
1020 2105 1186 2162 Ἀλλά
1233 2107 1332 2161 σὺν
1359 2104 1439 2176 τῷ
1469 2105 1768 2175 θεοπάτορι
1806 2103 1974 2157 Δαϐὶδ
2007 2102 2104 2157 καὶ
2160 2103 2324 2168 αὐτὸς
2354 2104 2696 2176 κεκράξομαι
2744 2105 2849 2172 ὅτι,
2880 2122 2899 2158 ι
2924 2104 3024 2160 Διά
3056 2108 3154 2169 τὰς
3185 2104 3497 2176 δολιότητας
3536 2107 3638 2162 α”δ-

367 2207 479 2261 τῶν
507 2204 629 2258 Εοου
662 2203 849 2267 αὐτοῖς
880 2202 1053 2267 κακά,
1112 2201 1314 2272 Κύριε,
1361 2199 1662 2264 κατέϐαλες
1694 2200 1894 2263 αὐτοὺς
1965 2186 2035 2254 ἐν’
2061 2199 2141 2268 τῷ
2164 2199 2493 2272 ἐπαρθῆναι.
2522 2199 2651 2264 Πῶς
2684 2200 2931 2270 ἐγένοντο
2959 2199 3040 2263 εἰς
3058 2200 3340 2271 ἐρήμωσιν
3367 2202 3635 2267 ἐξάιτινας

368 2302 637 2369 ἐξέλιπον,
681 2275 963 2356 ἀπώλοντο
1021 2298 1111 2354 διὰ
1160 2300 1261 2371 τὴν
1313 2297 1547 2370 ἀνομίαν
1613 2297 1820 2365 αὐτῶν,
1883 2296 2018 2351 ὡσεὶ
2058 2297 2310 2352 ἐνύπνιον
2360 2297 2800 2368 ἐξεγειρομένου.
2860 2298 3074 2370 Κύριε,
3120 2300 3180 2353 ἐν
3227 2300 3293 2370 τῇ
3342 2298 3498 2352 πόλει
3539 2315 3635 2351 σου

371 2394 470 2468 τὴν
503 2394 687 2449 εἰκόνα
732 2390 914 2448 αὐτῶν
956 2388 1359 2460 ἐξὸυδιινὼσεις.
1395 2410 1416 2446 ι

447 2490 510 2561 β’.
551 2484 672 2543 Ἔτι
714 2489 773 2541 ἐν
815 2487 894 2559 τῷ
926 2486 1258 2558 κεφαλαίῳ⁴
1298 2527 1313 2541 .
1349 2526 1365 2543 .
1404 2526 1421 2544 .
1457 2527 1473 2543 .
1521 2487 1675 2556 λέγει
1717 2489 1747 2541 6
1790 2487 1947 2543 Manis

2128 2487 2184 2543 2.
2239 2486 2506 2543 Praeterea
2540 2489 2594 2543 in
2625 2490 2805 2561 capite
2846 2532 2861 2547 .
2908 2529 2925 2545 .
2956 2529 2981 2545 ς
3025 2530 3040 2545 .
3078 2508 3101 2543 ω
3143 2489 3282 2546 dicit
3334 2490 3634 2555 Mahomet,

373 2583 472 2655 μεθ
508 2582 590 2636 ὅτι
634 2581 682 2635 οε
710 2579 962 2650 δαίμονες
998 2580 1240 2651 σωθῆναι
1294 2579 1605 2651 μέλλουσιν,
1685 2581 1947 2652 Ὠριγένει

2055 2579 2206 2651 quod
2238 2590 2295 2636 et
2325 2579 2870 2639 dtemones‘salutem
2902 2582 3015 2639 sint
3070 2587 3454 2652 consecuturi,
3511 2585 3642 2641 Ori-

367 2674 634 2748 αίρετικῷ
681 2672 1015 2729 ἀκολουθῶν.
1062 2674 1175 2729 Καὶ
1240 2673 1322 2728 ἔτι
1369 2674 1471 2744 μὲν
1499 2675 1560 2728 ἐν
1585 2674 1758 2747 ἑτέρῳ
1802 2676 1947 2746 τόπῳ

2055 2671 2215 2745 genis
2250 2672 2504 2729 haeresim
2534 2682 2777 2729 secutus.
2832 2674 2902 2730 Et
2932 2676 3184 2745 quamvis
3237 2677 3348 2732 alio
3399 2678 3454 2733 in
3515 2679 3638 2734 loco

368 2769 541 2838 φησιν
579 2769 607 2820 6
633 2765 797 2830 αὐτὸς
840 2765 925 2818 ὅτι
962 2764 1151 2820 πολλοὶ¹
1177 2766 1289 2819 τῶν
1310 2764 1586 2837 δαιμόνων
1613 2765 1947 2830 ἀκούσαντες

2054 2763 2199 2819 idem
2237 2763 2403 2830 dicat,
2434 2765 2580 2834 quod
2609 2766 2768 2821 multi
2800 2781 2867 2821 ex
2898 2765 3260 2834 daemonibus,
3294 2783 3421 2823 cum
3453 2770 3640 2827 Mallo-

367 2861 429 2913 τδ
474 2857 569 2911 τοῦ
602 2855 893 2929 Μαχούμετ
945 2856 1170 2928 Κορρἀ
1223 2857 1761 2927 ἀναγινωσκόμενον,
1806 2856 1945 2929 ἐπῄι

367 2970 534 3007 νεσαν
562 2951 658 3006 καὶ
692 2951 1031 3018 ἐθαύμασαν,
1066 2947 1163 3004 καὶ
1196 2949 1587 3012 πιστεύσαντες
1625 2948 1777 3016 αὐτῷ
1808 2947 1944 3001 ἐσώ-

367 3046 564 3113 θησαν.
598 3041 760 3096 Ἀλλά
783 3040 884 3096 νῦν
902 3041 1001 3110 οὐχ
1026 3039 1223 3103 οὕτως,
1265 3038 1404 3092 ἀλλά
1434 3039 1743 3101 καθολικῶς
1765 3038 1938 3103 λέγει,

367 3137 459 3188 καὶ
488 3133 846 3203 ἀποφαίνεται
875 3132 958 3186 ὅτι
990 3130 1232 3199 σωθῆναι
1265 3129 1552 3200 μέλλουσιν
1580 3131 1629 3183 οἱ
1658 3128 1941 3198 δαίμονες.

2056 2855 2219 2911 metis
2251 2855 2616 2911 Alcorranum
2671 2857 2897 2928 ιιι-πιεςί
2955 2858 3321 2923 audivissent,
3356 2861 3638 2919 conanda»

2051 2956 2256 3003 verunt
2283 2955 2338 3002 et
2366 2945 2621 3003 admirati
2655 2959 2806 3015 sunt,
2837 2959 2893 3005 et
2921 2965 3047 3006 cum
3079 2950 3474 3018 credidissent,
3544 2971 3635 3010 sa-

2055 3038 2227 3094 lutem
2258 3047 2389 3095 sunt
2420 3040 2741 3105 consecuti;
2802 3055 2949 3096 nunc
2991 3051 3174 3098 tamen
3204 3059 3313 3099 non
3365 3045 3447 3101 sic
3475 3045 3632 3110 dicit,

2055 3129 2153 3185 sed
2185 3129 2575 3185 universaliter
2602 3129 2880 3185 daemones
2899 3133 3194 3188 salvandos
3224 3134 3341 3190 fore
3367 3134 3631 3191 affirmat.

369 3226 540 3298 Εἴπερ
567 3227 699 3297 γοῦν
740 3225 965 3280 δύναται
1017 3223 1261 3294 σωθῆναι
1305 3216 1385 3286 εἷς
1415 3222 1512 3275 καὶ
1542 3221 1703 3292 μόνος
1737 3222 1802 3274 ἐκ
1846 3218 1941 3273 τοῦ

2056 3219 2338 3290 Siquidem
2371 3228 2554 3290 potest
2610 3235 2755 3276 unus
2811 3230 2869 3277 et
2900 3227 2946 3278 is
2975 3224 3128 3280 solus
3178 3240 3246 3280 ex
3281 3225 3501 3281 illorum
3529 3244 3637 3284 nu-

369 3320 648 3389 τάγματος
690 3318 907 3383 αὐτῶν,
950 3315 1208 3370 δύνανται
1259 3312 1505 3386 σωθῆναι
1576 3316 1671 3368 καὶ
1719 3313 1946 3376 πάντες.

380 3411 523 3465 Ἀλλ’
556 3409 745 3478 ὥσπερ
776 3409 1007 3464 πάντοτε
1041 3407 1207 3471 αὐτὸς
1241 3405 1423 3475 ἐαυτῷ
1448 3404 1816 3469 ἐναντιοῦται,
1848 3402 1949 3457 οὖ-

368 3517 450 3554 τω
487 3500 583 3553 καὶ
620 3499 765 3553 κατά
810 3499 874 3551 τὺ
907 3497 1101 3569 παρόν.
1150 3496 1326 3561 Αὐτὸς
1378 3496 1474 3550 καὶ
1514 3497 1564 3549 oi
1620 3494 1740 3566 μετ’
1780 3493 1949 3550 αὐτοῦ

370 3590 514 3644 κατά
574 3593 752 3647 πάντα
791 3590 1012 3658 λέγουσι
1071 3589 1134 3643 τὸ
1187 3587 1523 3657 Εὐαγγέλιον
1585 3588 1812 3654 τέλειον,
1854 3587 1951 3640 καὶ

373 3684 551 3752 ἅγιον,
595 3683 688 3735 καὶ
739 3684 1030 3753 σωτήριον,
1069 3679 1147 3745 ὡς
1174 3679 1269 3734 τοῦ
1299 3679 1538 3749 Χριστοῦ
1568 3679 1761 3748 λόγους
1792 3694 1808 3711 ο
1853 3678 1951 3733 νῦν

371 3776 454 3839 δὲ,
485 3774 562 3838 ὡς
588 3775 682 3828 καὶ
719 3773 1004 3837 πολλάκις,
1038 3773 1260 3828 ἐναντία
1291 3772 1470 3841 τούτῳ
1499 3773 1732 3828 καθόλου
1764 3773 1953 3842 λέγου-

376 3886 484 3922 σιν.
524 3869 586 3920 ⁸0
631 3866 741 3938 γάρ
770 3867 1006 3938 Χριστὸς
1048 3865 1223 3930 οὕτως
1263 3866 1456 3937 εἴρηκε
1489 3867 1627 3936 πρὸς
1672 3869 1802 3932 τοὺς
1848 3868 1951 3937 τῆς

373 3963 595 4031 γεέννης
653 3959 858 4026 ἀξίους,
922 3978 942 4012 ι
983 3959 1285 4032 Πορεύεσθε
1309 3958 1405 4014 ἀπ’
1429 3957 1591 4030 ἐμοῦ,
1624 3960 1675 4013 οι
1708 3977 1952 4032 κατηρα-

379 4055 557 4123 μένοι,
597 4055 676 4117 ei;
707 4053 768 4108 τὸ
798 4052 913 4124 πῦρ
943 4054 1005 4106 τὸ
1037 4052 1278 4117 αίώνιον,
1329 4052 1392 4106 τδ
1420 4054 1828 4123 ἡτοιμασμένον
1870 4052 1950 4122 τῷ

373 4146 611 4213 διαϐόλῳ
657 4147 751 4199 καὶ
792 4148 906 4208 τοῖς
950 4144 1205 4213 ἀγγέλοις
1248 4144 1439 4198 αὐτοῦ.
1480 4162 1499 4196 ι
1543 4143 1717 4197 Τοῦτο
1762 4134 1949 4197 τοίνυν

373 4238 567 4303 εἰπὼν,
599 4239 787 4294 οὐδένα
834 4238 961 4292 τῶν.
979 4238 1253 4307 δαιμόνων
1302 4234 1520 4304 ἀφῆκεν
1546 4235 1705 4298 ἐκτὸς
1730 4233 1831 4303 τῆς
1859 4250 1953 4287 κο·

374 4333 608 4395 λάσεως.
631 4330 745 4385 Καὶ
766 4330 1013 4393 εἰκότως.
1053 4329 1114 4383 '0
1158 4328 1268 4398 γὰρ
1294 4327 1642 4395 σεσωσμένος
1671 4326 1705 4397 ἢ
1740 4327 1840 4378 σὺν
1879 4328 1948 4395 τῇ

374 4425 634 4494 μετανοίᾳ
671 4423 733 4475 τὸ
773 4406 916 4476 κατά
945 4420 1179 4488 δύναμιν
1217 4420 1314 4472 καὶ
1341 4417 1505 4480 αὐτὸς
1537 4415 1839 4486 συμϐάλλει
1861 4415 1951 4470 διὰ

373 4516 630 4589 πράξεως
668 4517 749 4579 εἰς
789 4500 892 4583 τὴν
942 4514 1042 4582 τῆς
1078 4511 1353 4582 σωτηρίας
1385 4508 1538 4565 ὁδόν·
1575 4511 1667 4563 ἐπὶ
1704 4510 1813 4581 γὰρ
1851 4507 1949 4562 τοῦ

2053 3325 2210 3366 mero
2247 3311 2470 3376 salvari,
2509 3326 2705 3367 omnes
2752 3313 2919 3368 etiam
2966 3314 3166 3371 salvari
3200 3327 3456 3387 possunt.
3522 3319 3633 3375 Sed

2051 3403 2512 3473 quemadmodum
2571 3404 2686 3473 ipse
2737 3405 2844 3460 sibi
2898 3406 3105 3478 ubique
3168 3412 3484 3466 contrarius
3523 3421 3630 3474 est.

2054 3495 2133 3550 ita
2186 3495 2352 3550 etiam
2402 3495 2509 3550 hoc
2558 3495 2698 3551 loco.
2759 3494 2859 3551 llic
2902 3497 3078 3565 enim,
3134 3513 3439 3569 omnesque
3462 3500 3632 3571 hujus

2040 3591 2296 3654 assecuta,
2325 3588 2683 3660 Evangelium
2706 3604 2806 3660 per
2833 3588 3014 3644 omnia
3032 3590 3360 3660 perfectum,
3379 3601 3633 3648 sanctum

2052 3694 2109 3740 et
2139 3686 2404 3754 salutare,
2465 3694 2658 3755 utpote
2710 3684 2921 3741 Christi
2972 3701 3281 3754 sermones,
3340 3701 3632 3754 asserunt;

2055 3792 2206 3835 nunc
2234 3793 2388 3844 vero,
2428 3786 2488 3832 ut
2518 3789 2577 3833 et
2599 3778 2735 3832 alias
2751 3781 2974 3848 smptus,
3006 3779 3136 3854 huic
3151 3782 3379 3836 omnino
3407 3791 3634 3838 contra-

2055 3872 2268 3927 dicunt.
2300 3871 2558 3927 Christus
2579 3871 2729 3926 enim
2758 3871 2826 3927 ad
2852 3873 3103 3943 gehenna
3127 3874 3324 3945 dignos
3352 3875 3433 3930 sic
3455 3876 3631 3931 dixit:

2061 3984 2080 4016 ι
2110 3966 2270 4021 Abite
2298 3980 2330 4019 a
2369 3950 2476 4027 me,
2532 3963 2849 4030 maledicti,
2902 3965 2958 4019 in
2999 3963 3179 4036 ignem
3211 3976 3499 4035 azternum,
3535 3970 3632 4037 qui

2054 4060 2280 4128 paratus
2305 4067 2392 4112 est
2424 4058 2647 4113 diabolo
2682 4066 2737 4113 et
2767 4057 2977 4127 angelis
3008 4057 3287 4125 ipsius'm
3323 4057 3419 4116 His
3447 4060 3635 4131 itaque

2053 4146 2235 4201 verbis
2256 4146 2466 4202 nullum
2491 4144 2801 4211 daemonum
2825 4162 2857 4201 a
2879 4159 3041 4216 paena
3062 4147 3309 4218 excepit;
3327 4156 3385 4204 et
3411 4150 3631 4206 merito.

2051 4241 2155 4307 Qui
2181 4242 2328 4296 enim
2360 4241 2602 4298 salvatus
2626 4251 2714 4299 est
2741 4258 2866 4299 cum
2889 4243 3233 4314 pmnitentia.
3260 4246 3422 4301 simul
3456 4246 3628 4301 etiam

2053 4332 2170 4402 ipse
2212 4348 2316 4403 pro
2347 4334 2495 4389 virili
2551 4334 2748 4391 salutis
2796 4335 2947 4391 viam
2994 4351 3092 4406 per
3122 4352 3291 4407 opera
3347 4339 3629 4395 observat.

2053 4426 2111 4480 In
2137 4439 2371 4494 corpore
2390 4427 2539 4481 enim
2570 4440 2682 4481 non
2732 4435 2917 4496 potest
2965 4427 3131 4483 homo
3189 4443 3290 4499 pro
3337 4431 3421 4485 sui
3455 4432 3625 4486 animi

2055 4518 2340 4572 voluntate
2397 4519 2483 4573 vel
2528 4519 2587 4573 in
2620 4519 2879 4576 morbum
2931 4534 3044 4575 non
3072 4520 3343 4587 incidere,
3375 4532 3628 4579 autcum

376 4608 628 4677 σώματος
684 4606 747 4658 οὐ
802 4603 1031 4658 δύναται
1084 4601 1372 4673 ἄνθρωπος
1431 4600 1651 4669 ποιῆσαι
1690 4601 1752 4654 τὸ
1801 4599 1946 4654 κατὰ

2055 4608 2346 4677 inciderit,
2384 4625 2481 4665 sua
2519 4621 2793 4681 potestate
2841 4611 2909 4667 ad
2943 4610 3629 4685 priStinam-(valetudinem

328 4698 331 4701 ’
375 4700 652 4770 βούλησιν,
686 4698 808 4768 ἢτοι
841 4699 904 4750 τὸ
938 4695 1013 4766 μὴ
1046 4695 1311 4763 ἐμπεσεῖν
1355 4693 1611 4756 εἰςνόσον
1647 4708 1660 4723 ⁸
1699 4693 1732 4762 ἦ
1770 4693 1942 4762 ἐμπεο

376 4792 508 4858 σὼν,
542 4790 656 4861 ἔχει
681 4789 1058 4853 ἐπ”ὲξουσίας
1086 4785 1405 4840 ἐπανελθεῖν
1432 4785 1514 4847 είς
1542 4784 1642 4855 τὴν
1671 4785 1952 4854 προτέραν

377 4885 616 4951 ὑγίειαν.
682 4881 808 4935 Ἐπὶ
840 4880 895 4934 δὲ
946 4881 1048 4948 τῆς
1080 4877 1263 4950 ψυχῆς
1291 4876 1393 4946 οὐχ
1420 4874 1597 4940 οὕτως
1631 4890 1645 4905 ·
1673 4873 1814 4929 ἀλλά
1844 4876 1953 4938 πᾶς

375 4993 460 5039 τις
513 4974 799 5044 ἄνθρωπος
830 4970 917 5024 ἐπ’
965 4971 1216 5035 ἐξουσίας
1252 4969 1392 5039 ἔχει,
1442 4968 1531 5021 ἵνα
1580 4966 1659 5039 μὴ
1707 4966 1952 5039 ἁμάρτῃ,

374 5068 515 5138 ὅπερ
575 5069 726 5121 ἐστὶν
751 5064 1008 5120 ἀσθένεια
1067 5063 1267 5134 ψυχῆς.
1314 5059 1607 5131 Ἀμαρτὼν
1650 5059 1709 5113 δὲ
1740 5062 1820 5122 είς
1850 5060 1949 5128 τὴν

375 5160 543 5215 αὐτοῦ
589 5160 809 5228 θέλησιν
851 5161 1020 5234 ἐστιν,
1073 5158 1160 5212 ἵνα
1193 5158 1286 5211 καὶ
1330 5142 1497 5219 αὖθις
1545 5154 1953 5225 ἀνακαλέσηται

376 5253 593 5317 ἑαυτὸν,
629 5252 723 5305 καὶ
755 5250 830 5322 μὴ
855 5251 1017 5320 μόνον
1056 5250 1135 5311 εἰς
1167 5251 1267 5319 τὴν
1293 5250 1569 5320 προτέραν
1601 5249 1816 5316 ὑγίειαν
1847 5247 1951 5317 τῆς

376 5342 557 5414 ψυχῆς
595 5342 906 5406 ἐπανέλθοι,
936 5340 1072 5395 ἀλλὰ
1109 5340 1205 5394 καὶ
1233 5341 1413 5411 πολλῷ
1448 5341 1524 5411 τῷ
1555 5341 1739 5409 μέτρῳ
1778 5340 1956 5408 ὑπερ-

378 5435 474 5506 ϐῇ,
505 5423 600 5488 καί
624 5434 658 5503 ἢ
683 5436 782 5486 σὺν
812 5436 879 5504 τῇ
911 5431 1190 5503 μετανοίᾳ,
1226 5431 1302 5495 ὡς
1327 5431 1569 5502 εἴρηται,
1607 5433 1812 5503 ποιήσῃ
1854 5433 1951 5483 καὶ

378 5529 514 5600 ἔργα
540 5526 875 5598 ἀξιόχρεα,ῆ
913 5525 1056 5578 κατά
1093 5525 1366 5593 δεύτερον,
1393 5525 1421 5578 ὅ
1456 5542 1612 5594 φασι,
1640 5524 1807 5578 πλοῦν
1857 5525 1953 5593 μό-

377 5636 466 5675 νον
517 5604 793 5690 μετανοῶν
827 5617 1173 5688 εὑρίσκηται.
1221 5617 1329 5669 Καὶ
1378 5620 1407 5671 6
1447 5618 1759 5685 πανάγαθος
1790 5617 1944 5682 Θεὸς,

2051 4702 2293 4768 reverti;
2353 4703 2548 4758 animae
2569 4718 2702 4758 vero
2730 4702 3012 4774 negotium
3050 4704 3215 4776 longe
3244 4721 3406 4762 secus
3442 4708 3629 4764 habet.

2052 4792 2247 4849 Omnis
2285 4796 2433 4850 enim
2466 4795 2632 4851 homo
2664 4795 2723 4849 in
2758 4810 2856 4850 sua
2908 4804 3177 4865 potestate
3218 4797 3388 4853 habet
3411 4840 3426 4865 ,
3465 4814 3536 4856 ne
3575 4800 3632 4855 in

2053 4897 2344 4955 peccatum
2381 4885 2397 4955 (
2425 4885 2518 4955 qui
2549 4886 2748 4942 anima:
2779 4887 3009 4942 morbus
3043 4897 3128 4943 est
3162 4891 3177 4954 )
3207 4889 3451 4955 incidat;
3504 4906 3629 4947 cum

2056 4993 2186 5032 vero
2212 4979 2545 5049 peccaverit,
2574 4977 2660 5034 sui
2690 4980 2906 5036 arbitrii
2939 4989 3051 5046 est.
3075 4990 3136 5036 ut
3169 4983 3418 5054 seipsum
3446 4984 3632 5041 denunt

2050 5081 2296 5136 revocet,
2326 5080 2498 5141 utque
2526 5087 2640 5128 non
2667 5073 2834 5129 modo
2874 5074 2941 5129 ad
2983 5074 3276 5145 pristinam
3311 5078 3513 5134 anima:
3544 5095 3631 5136 sa-

2050 5161 2278 5215 nitatem
2310 5170 2637 5228 revertatur,
2666 5162 2762 5218 scd
2786 5163 2953 5218 etiam
2984 5173 3047 5219 ut
3078 5166 3265 5222 multis
3287 5168 3467 5223 modis
3485 5168 3629 5224 hanc

2052 5241 2297 5331 superet,
2325 5262 2382 5309 et
2410 5254 2494 5308 vel
2519 5268 2618 5325 per
2635 5256 3018 5325 penitentiam
3046 5255 3214 5312 faciat
3233 5257 3342 5314 ﬁde
3371 5261 3532 5332 digna
3573 5274 3632 5317 et

2056 5345 2279 5410 idonea,
2315 5345 2404 5399 vel
2442 5353 2568 5415 post
2597 5345 2932 5413 secundam,
2965 5349 3113 5418 quod
3142 5350 3370 5419 dicitur,
3396 5354 3633 5424 naviga-

2060 5436 2266 5489 tionem
2294 5435 2644 5491 solummodo
2692 5439 3077 5508 pmnitentiam
3120 5456 3284 5513 agere
3317 5442 3631 5513 deprehen-

2065 5526 2238 5581 ditur.
2276 5526 2342 5580 Et
2366 5527 2511 5584 Deus
2545 5531 3032 5599 clementissimus,
3076 5535 3171 5603 qui
3199 5544 3424 5604 propter
3450 5536 3632 5612 homi-

2061 5633 2195 5673 num
2228 5619 2457 5675 salutem
2494 5621 2664 5677 cmlos
2693 5622 2997 5695 inclinavit,
3026 5634 3084 5681 ct
3103 5625 3443 5682 descendens
3461 5626 3628 5679 homo

448 5777 495 5811 ”
519 5779 662 5834 Psal.
698 5794 864 5845 Lxxn,
890 5776 1006 5833 2-9.
1082 5778 1127 5810 ⁹⁰
1163 5777 1294 5833 ibid.
1338 5774 1518 5829 18-20.
1598 5776 1646 5821 ἰ.
1676 5772 1842 5852 hiauit
1901 5791 2025 5842 xxv,
2062 5775 2144 5832 il.
