4058 6454
541 300 649 372 657
872 258 912 302 ³

1748 302 2072 365 JOANNIS
2111 302 2638 367 CANTACUZENI

3692 312 3790 378 (88

542 419 722 472 factus
748 421 854 483 est,
890 413 1088 471 effudit
1120 412 1563 470 misericordiam
1588 426 1766 478 suam,
1796 427 1920 482 qum
1950 425 2126 480 major

2231 413 2257 467 ὁ
2287 411 2376 467 διὰ
2404 429 2505 485 την
2537 412 2817 484 σωτηρίαν
2845 413 2957 469 τῶν
2988 413 3289 486 ἀνθρώπων
3319 413 3511 480 κλίνας
3554 423 3674 482 τοὺς
3712 426 3793 476 οῦ-

540 518 629 565 est
681 509 830 564 omni
886 524 1056 578 opere
1116 509 1434 580 angelorum
1488 507 1652 563 simul
1714 517 1771 562 et
1808 507 2120 569 hominum,

546 618 711 675 quam
739 603 906 658 etiam
934 603 1193 658 omnibus
1222 602 1509 672 anteponit
1561 600 1886 663 virtutibus,
1950 611 2008 654 et
2055 597 2125 652 ad

545 711 605 749 se
639 709 834 749 omnes
882 694 1137 759 advocat,
1179 693 1498 762 amicosque
1536 706 1671 746 suos
1714 689 2021 749 constituit.
2062 688 2124 743 In

544 789 764 844 diabolo
799 797 981 843 autem
1010 787 1103 841 ubi
1140 786 1500 856 poenitentia?
1553 785 1648 840 ubi
1680 783 2003 839 humilitas?
2053 796 2123 838 ex

546 879 648 935 hac
666 880 813 934 enim
834 878 1156 948 poenitentia
1188 875 1490 931 enascitur.
1522 875 1685 930 Prius
1707 875 1856 930 enim
1879 875 2122 944 seipsum

547 967 712 1022 homo
744 984 844 1022 ceu
876 967 1185 1020 maleﬁcum
1228 964 1583 1027 condemnat,
1612 963 1814 1018 deinde
1870 973 2126 1033 peceato-

545 1075 667 1113 rum
704 1075 733 1113 a
761 1058 1262 1127 secommissorum
1291 1055 1824 1128 agitpmnitentiam.
1863 1055 2126 1111 Diabolus

544 1162 725 1207 autem
780 1160 992 1206 contra.
1059 1150 1204 1216 Quin
1262 1150 1452 1219 potius
1485 1159 1635 1204 amat
1661 1156 1949 1219 peccatum
1976 1149 2124 1218 quod

542 1244 784 1308 admisit,
817 1250 874 1298 ct
899 1258 1001 1312 pro
1031 1242 1174 1296 virili
1201 1241 1459 1296 humanae
1498 1241 1831 1312 perditionis
1860 1240 2124 1311 propina-

544 1350 631 1395 tor
685 1347 739 1393 et
793 1337 1158 1408 cooperarius
1207 1352 1330 1392 esse
1359 1337 1601 1391 videtur.
1668 1334 1802 1401 Quae
1827 1335 2000 1403 igitur
2031 1332 2125 1388 Dei

540 1446 665 1485 cum
696 1430 918 1485 diabolo
937 1440 1025 1485 est
1048 1429 1411 1484 communio?
1440 1427 1806 1498 Stulteigitur
1852 1425 2128 1481 Mahomet

539 1523 705 1578 etiam
739 1524 1023 1578 daemones
1056 1521 1261 1577 salvari
1297 1520 1565 1577 asseruit.

2235 504 2464 574 ρανοῦς,
2534 505 2630 558 καὶ⁵
2691 504 2969 560 κατελθὼν
2992 547 3008 572 ,
3082 508 3174 561 καὶ
3216 510 3457 579 γεγονὼς
3507 510 3792 582 ἄνθρωπος.

2233 596 2418 666 ικχέει
2449 597 2509 651 τὸ
2539 596 2689 661 ἔλεος
2711 598 2901 663 αὐτοῦ,
2924 598 3064 670 ὅπερ
3097 601 3218 654 ἐστὶ
3250 602 3438 671 μεῖζον
3465 603 3641 674 πάσης
3665 606 3793 674 πρὸ·

2235 685 2371 752 ξεως
2398 689 2650 758 ἀγγέλων
2696 708 2758 745 τε
2795 693 2890 747 καλ¹
2930 692 3264 762 ἀνθρώπων,
3302 695 3401 749 καὶ
3444 696 3569 750 ἀντὶ
3619 697 3790 750 πασῶν

2232 780 2447 850 ἀρετῶν
2475 782 2636 836 τοῦτο
2676 783 2996 867 λογίζεταιί
3038 787 3132 839 καὶ
3167 784 3303 857 πρὸς
3333 786 3527 840 ἑαυτὸν
3566 805 3789 858 προσκα-

2232 873 2407 929 λεῖται
2445 875 2663 943 αὐτοὺς,
2693 878 2791 931 καὶ
2821 877 3007 945 φίλους
3059 876 3224 932 αὐτοῦ
3268 876 3614 949 καθίστησιν.
3681 878 3793 932 Ἐπὶ

2230 967 2291 1020 δὲ
2320 966 2416 1020 τοῦ
2454 966 2704 1022 διαϐόλου
2762 969 2868 1023 ποῦ
2899 969 3192 1039 μετάνοια;
3240 968 3342 1023 ποῦ
3378 971 3733 1037 ταπείνωσιςς
3762 974 3792 1040 ἡ

2232 1058 2344 1129 γὰρ
2390 1060 2652 1130 μετάνοια
2694 1063 2763 1114 ἐκ
2811 1062 3201 1125 ταπεινώσεως
3237 1064 3478 1130 γίνεται.
3540 1063 3792 1133 Πρότερον

2233 1151 2342 1221 γὰρ
2370 1151 2778 1221 καταγινώσκει
2808 1170 2894 1216 τις
2921 1153 3114 1209 ἑαυτοῦ
3145 1154 3221 1218 ὡς
3265 1154 3458 1218 κακῶς
3489 1154 3790 1225 πράξαντος,

2229 1243 2428 1297 ἔπειτα
2481 1246 2737 1313 μετανοεῖ
2767 1244 2854 1315 ἐφ’
2922 1240 3004 1308 οἷς
3056 1245 3332 1316 ἥμαρτεν.
3378 1246 3441 1299 '0
3477 1247 3534 1300 δὲ
3564 1246 3790 1306 διάϐολος

2230 1334 2567 1390 τούναντίον.
2621 1337 2853 1409 Στέργει
2907 1338 3007 1409 μὲν
3041 1339 3139 1409 τὴν
3169 1336 3452 1409 ἁμαρτίαν
3477 1338 3543 1408 ἣν
3570 1337 3787 1408 ἦμαρτε,

2230 1426 2325 1480 καὶ
2347 1427 2406 1481 τὸ
2430 1428 2573 1482 κατά
2602 1427 2836 1500 δύναμιν
2863 1430 3124 1501 πρόξενος
3156 1434 3250 1484 καὶ
3288 1430 3554 1500 συνεργὸς
3576 1431 3668 1499 τῆς
3695 1429 3789 1482 τῶν

2232 1517 2544 1589 ἀνθρώπων
2575 1520 2856 1585 ἀπωλείας
2879 1522 3212 1594 εὑρίσκεται.
3244 1523 3345 1586 Τίς
3379 1521 3513 1590 γοῦν
3560 1519 3789 1575 κοινωνία

539 1620 660 1691 Θεῷ
719 1635 780 1672 τε
838 1617 934 1672 καὶ
1014 1617 1289 1688 διαϐόλῳ;
1331 1615 1476 1686 ’Λρα
1539 1611 1786 1685 ματαίως
1861 1612 2123 1685 ἐλάλησεν
2186 1614 2216 1667 ὀ
2271 1613 2543 1685 Μωάμεθ,
2603 1614 2776 1670 εἰπὼν
2830 1617 2914 1671 ὅτι
2970 1616 3227 1672 δύνανται
3305 1617 3549 1688 σωθῆναι
3606 1617 3653 1669 οί
3692 1616 3788 1668 δαί-

543 1733 725 1789 μονες.

612 1811 669 1865 5.
707 1807 880 1862 Porro
901 1805 1071 1860 etiam
1098 1804 1207 1859 hoc
1235 1802 1308 1859 de
1334 1803 1638 1857 Alcorrauo
1665 1801 1938 1858 Mahomet
1967 1799 2123 1867 dicit,

2300 1808 2372 1871 γ’.
2439 1802 2562 1856 Ἔτι
2584 1805 2614 1858 δ
2643 1803 2806 1868 αὐτὸς
2841 1804 3086 1875 Μωάμεθ
3146 1805 3284 1877 φησι
3308 1806 3445 1877 περὶ
3468 1805 3561 1858 τοῦ
3593 1804 3783 1876 1(ορρἁ

540 1896 1197 1959 neminem'mortalium,
1229 1909 1331 1951 nec
1364 1895 1606 1965 seipsum
1666 1908 1891 1964 quoque
1949 1894 2124 1949 inter-

543 1992 917 2063 pretationem
953 1998 1011 2045 et
1066 2001 1291 2043 sensum
1328 1987 1494 2058 hujus
1543 1972 1856 2057 percipere,
1921 1988 2125 2057 praeter

540 2084 720 2137 solum
752 2081 946 2136 Deum.
987 2078 1147 2145 Quod
1174 2077 1220 2135 si
1252 2078 1357 2133 hoc
1381 2092 1577 2133 verum
1608 2087 1691 2133 est
1716 2117 1731 2143 ,
1760 2092 2014 2148 quaenam
2040 2084 2127 2132 est

540 2174 826 2228 Alcorrani
891 2169 1136 2227 utilitas?
1190 2169 1465 2226 Fortassis
1514 2170 1664 2225 enim
1727 2168 1807 2226 sic
1860 2169 2124 2240 prodesse

536 2250 777 2338 poterat,
829 2265 878 2320 si
924 2279 1047 2335 quas
1094 2263 1268 2319 aDeo
1327 2263 1475 2319 dicta
1516 2272 1668 2329 sunt,
1730 2263 2123 2334 intelligerent.

539 2358 679 2415 Cum
706 2371 840 2412 vero
865 2356 986 2426 ipse
1012 2354 1182 2409 etiam
1212 2353 1493 2409 Mahomet
1526 2360 1785 2417 testetur,
1838 2353 2123 2408 neminem

538 2448 855 2504 mortalium
887 2460 952 2503 ea
996 2458 1119 2515 quae
1151 2444 1455 2501 Alcorrano
1501 2442 1860 2499 continentur
1913 2442 2125 2498 intelli-

543 2555 700 2611 gere,
747 2552 1002 2608 quanam
1057 2535 1224 2606 hujus
1284 2541 1371 2590 est
1398 2534 1642 2591 utilitas?
1690 2534 1849 2589 Nulla
1875 2548 2121 2604 prorsus.

538 2632 612 2686 Et
638 2644 891 2701 quaenam
918 2627 1319 2684 demonstratio
1352 2624 1800 2703 hacjevideutior
1820 2634 1906 2681 est
1920 2675 1939 2704 ,
1972 2623 2124 2693 quod

540 2726 632 2780 lex
669 2738 699 2778 a
725 2721 1037 2779 Maliomete
1068 2720 1183 2775 lata
1215 2718 1390 2775 Deum
1425 2734 1538 2773 non
1567 2717 1774 2773 habeat
1800 2717 2127 2772 auctorem?

539 2817 687 2872 Deus
712 2815 859 2870 enim
890 2813 1039 2884 leges
1062 2827 1170 2866 non
1200 2810 1403 2867 frustra
1433 2810 1631 2866 sancit.
1693 2810 1775 2866 En
1804 2810 1973 2878 igitur
2013 2824 2127 2863 ma-

541 2907 741 2966 nifeste
773 2912 1010 2969 constat,
1039 2903 1405 2960 Alcorranum
1429 2916 1461 2958 a
1485 2900 1595 2959 Deo
1620 2917 1730 2957 nou
1757 2915 1902 2969 esse,
1927 2915 2122 2957 verum

541 3003 862 3074 ﬁgmentum
921 2995 1158 3053 rationis
1215 2995 1391 3072 hujus.
1442 2993 1909 3051 infelicissimum.
1967 2991 2126 3059 Quod

2229 1895 2316 1950 ὅτι
2364 1895 2545 1960 οὐδεὶς
2586 1896 2697 1952 τῶν
2740 1898 3070 1968 ἀνθρώπων,
3115 1897 3227 1957 οὐδ’
3281 1899 3451 1963 αὐτὸς
3485 1901 3512 1952 δ
3575 1895 3782 1966 Μωάμιθ

2228 1986 2491 2057 γινώσκει
2527 1987 2628 2061 τὴν
2650 1989 2841 2043 τούτου
2870 1989 3161 2062 ἐξήγησιν,
3192 1990 3316 2044 ἀλλ’
3348 1992 3382 2062 ἢ
3423 1992 3582 2062 μόνος
3608 1993 3633 2043 ὁ
3654 1990 3778 2051 Θεὸς.

2227 2081 2335 2134 Καὶ
2363 2082 2413 2134 εἰ
2437 2078 2599 2134 τοῦτό
2631 2081 2783 2139 ἔστιν
2814 2081 3069 2154 ἀλὴθεια,
3102 2082 3234 2135 ποία
3289 2084 3447 2136 ἐστὶν
3475 2085 3507 2155 ἡ
3542 2083 3631 2136 τοῦ
3661 2082 3777 2151 Κορυ

2229 2174 2332 2243 ρἀ
2360 2171 2598 2242 ὠφέλεια
2627 2190 2643 2238 ;
2675 2171 2836 2237 Ἴσως
2883 2173 2993 2245 γὰρ
3028 2172 3203 2237 οὕτως
3231 2173 3479 2244 ἠδύνατο
3519 2173 3770 2244 ὠφελῆσαι.

2227 2266 2386 2335 εἰπερ
2415 2264 2717 2332 ὶγὶνωσκον
2746 2266 2814 2321 τά
2838 2252 2991 2337 λιταρά
3016 2263 3112 2318 τοῦ
3143 2264 3282 2322 Θεοῦ
3324 2266 3617 2337 λεγόμενα.
3656 2262 3763 2315 Ἐπεὶ

2227 2356 2277 2411 δ’
2325 2356 2489 2420 αὐτὸς
2539 2358 2566 2410 ὁ
2598 2356 2847 2427 Μωάμεθ
2909 2355 3207 2427 μαρτυρῶν
3234 2357 3565 2428 εὑρίσκεται
3595 2357 3669 2409 ὅτι
3707 2351 3776 2404 οὓς

2228 2450 2340 2515 δεὶς
2372 2451 2482 2505 τῶν
2511 2448 2853 2520 ἀνθρώπων,
2895 2448 3159 2513 γινώσκει
3196 2449 3267 2505 τὰ
3291 2451 3362 2503 ἐν
3391 2449 3471 2519 τῷ
3496 2448 3699 2521 Κορῤἀν
3718 2445 3779 2497 λε-

2231 2546 2461 2615 γόμενα,
2513 2544 2594 2607 τίς
2647 2545 2681 2615 ή
2733 2541 2930 2599 τούτου
2962 2540 3244 2611 torpuere;
3287 2543 3530 2608 Πάντως
3570 2538 3782 2609 οὐδεμία.

2233 2637 2340 2690 Καὶ
2386 2636 2472 2699 τίς
2518 2636 2655 2706 ἄλλη
2699 2633 2902 2706 μείζων
2936 2633 3211 2701 ἀπόδειξις
3253 2634 3352 2689 ὅτι
3386 2635 3488 2689 οὐκ
3516 2633 3652 2688 ἔστιν
3694 2627 3782 2683 ἀπὸ

2233 2711 2389 2782 Θεοῦ’
2410 2729 2438 2780 ὀ
2469 2726 2620 2797 παρά
2652 2726 2746 2780 τοῦ
2796 2726 3045 2794 Μωάμεθ
3068 2725 3245 2790 δοθεὶς
3273 2727 3488 2800 νόμοςς
3524 2727 3582 2780 ού
3609 2724 3704 2795 γὰρ
3728 2721 3780 2789 δὴ

2239 2819 2489 2890 ματαίως
2527 2818 2807 2890 νομοδοτεῐ
2848 2819 2878 2871 ὀ
2907 2817 3062 2881 Θεός.
3106 2816 3236 2871 Ἰδοὺ
3281 2821 3466 2873 τοίνυν
3508 2812 3781 2885 καταφανές

2233 2912 2353 2965 ἐστι
2381 2911 2445 2965 τὸ
2476 2909 2719 2983 Κοῤῥὰν,
2770 2911 2854 2964 δτι
2882 2910 2988 2964 οὐκ
3034 2908 3183 2963 ἔστιν
3213 2909 3329 2963 ἀπὸ
3361 2909 3520 2973 Θεοῦ,
3547 2906 3673 2961 ἀλλὰ
3706 2901 3781 2955 καὶ

2236 3000 2575 3071 ἀνάπλασμά
2603 3002 2720 3053 ἐστι
2746 2997 2983 3062 διανοίας
3007 2998 3174 3054 αὐτοῦ
3219 3000 3661 3071 κακοδαίμονος.ι
3690 2991 3781 3047 Καὶ

477 3119 485 3125 ~
540 3095 705 3149 etiam
736 3107 803 3147 ex
838 3093 961 3161 ipso
989 3088 1295 3146 Alcorrano
1328 3096 1504 3158 patet,
1531 3102 1658 3143 cum
1681 3101 1782 3142 nec
1812 3085 1993 3142 Veteri
2023 3098 2126 3141 nec

2233 3093 2501 3166 πρόδηλον
2529 3091 2589 3157 ἐξ
2618 3089 2789 3144 αὐτοῦ
2822 3089 2919 3143 τοῦ
2952 3092 3176 3165 Κορῤἆν
3232 3093 3323 3147 ὅτι
3366 3091 3490 3148 οὔτε
3512 3094 3577 3162 τῇ
3604 3082 3783 3154 παλαιᾷ

538 3185 694 3240 Novo
726 3159 1083 3240 Testamento
1127 3181 1464 3245 consentiat,
1510 3180 1631 3249 ipso
1673 3177 1899 3232 interim
1930 3176 2121 3232 Maho-

2231 3159 2419 3259 Fparpjj
2479 3184 2783 3256 συμφωνεῖ,
2820 3181 2949 3237 οὒτε
3006 3159 3084 3255 {71'
3105 3185 3204 3256 νέα
3252 3187 3518 3260 Διαθήκῃ,
3550 3159 3709 3239 καίτοι
3731 3194 3780 3246 γε

542 3290 688 3334 mete
743 3275 1084 3339 confitente,
1123 3272 1438 3343 Scripturas
1492 3279 1549 3326 et
1599 3280 1819 3327 sanctas
1867 3279 1925 3324 et
1951 3271 2125 3337 bonas

539 3386 695 3437 esse,
764 3380 821 3425 et
857 3367 1094 3424 asseclas
1125 3364 1302 3435 ipsius
1355 3363 1523 3434 pretii
1571 3363 1780 3418 nullius
1816 3377 1960 3426 esse,
2018 3362 2124 3417 nisi

542 3473 603 3519 et
633 3464 809 3532 legem
848 3468 904 3514 et
933 3457 1290 3527 Evangelium
1350 3454 1728 3525 impleverim.
1789 3454 1946 3520 Item,
2008 3454 2126 3523 ipse

540 3553 647 3609 sibi
695 3551 810 3605 fere
841 3564 939 3618 per
979 3550 1165 3602 omnia
1192 3544 1544 3601 contradicit.
1572 3544 1732 3610 item,
1790 3543 2125 3599 miraculum

544 3642 761 3698 nullum
803 3638 985 3696 edidit
1017 3638 1074 3693 in
1109 3637 1386 3694 dictorum
1440 3650 1670 3690 suorum
1722 3633 2128 3704 comprobatio-

541 3751 691 3793 nem.
715 3734 874 3799 Item,
907 3730 1195 3788 mendacia
1234 3729 1487 3786 continet
1546 3727 1866 3795 manifesta,
1918 3725 2066 3797 quod
2095 3741 2127 3782 a
2157 3775 2159 3778 ι

542 3829 656 3884 Deo
681 3827 925 3884 alienum
961 3834 1069 3882 est.
1114 3822 1278 3889 Item,
1301 3821 1611 3877 violentum
1643 3829 1750 3885 est,
1803 3828 1860 3874 et
1891 3820 2127 3874 liberum

543 3922 782 3977 destruit
830 3918 1151 3982 arbitrium,
1178 3914 1329 3986 quod
1368 3929 1473 3969 nec
1513 3913 1656 3969 Deus
1716 3911 1833 3981 ipse
1883 3925 2125 3981 unquam

542 4013 820 4072 subvertit
873 4012 1011 4068 Tum
1034 4010 1223 4075 etiam,
1275 4008 1431 4065 nullo
1461 4007 1659 4063 ordine
1688 4005 1981 4063 confusum
2015 4013 2151 4061 est»

541 4106 699 4176 Quod
750 4116 935 4161 autem
971 4102 1168 4159 ordine
1194 4111 1391 4166 caret,
1446 4115 1478 4156 a
1515 4099 1628 4157 Dleo
1681 4100 1846 4171 longe
1904 4099 2126 4167 lateque

542 4201 841 4268 discrepat.
867 4197 1015 4255 Deus
1041 4195 1192 4249 enim
1242 4207 1589 4263 nequaquam
1612 4191 1954 4251 confusionis
1984 4189 2128 4244 Deus

544 4302 651 4349 est.
680 4292 840 4357 Item,
878 4288 1169 4347 manifeste
1209 4286 1415 4341 malum
1459 4300 1581 4343 esse
1608 4295 1853 4356 apparet.
1898 4283 1968 4341 Et
1996 4297 2129 4354 quo-

543 4385 710 4441 modo
732 4399 762 4439 a
795 4384 908 4439 Deo
938 4381 1207 4459 originem
1255 4377 1509 4438 duceret,
1552 4377 1647 4447 qui
1681 4391 1900 4433 omnem
1940 4375 2128 4446 probi-

2225 3275 2620 3348 ὁμολογοῦντος
2660 3275 2758 3331 τοῦ
2811 3276 3062 3347 Μωάμεθ
3098 3278 3184 3335 ὅτι
3216 3277 3377 3348 ἀγιαι
3420 3280 3511 3333 καὶ
3541 3271 3689 3332 καλαί
3714 3272 3780 3324 εἰ·

2229 3388 2315 3424 σιν
2364 3371 2423 3423 αί
2455 3370 2697 3441 Γραφαὶ,
2746 3370 2840 3424 καὶ
2865 3369 2949 3425 ὃτι
2975 3367 3130 3423 οὐδέν
3181 3372 3328 3427 εἰσιν
3356 3373 3409 3426 οἱ
3446 3369 3648 3425 ἐκείνου
3672 3363 3781 3420 ἀκό-

2229 3462 2435 3530 λουθοι,
2463 3464 2512 3518 εί
2547 3463 2624 3534 μὴ
2667 3461 3024 3534 πληρώσαιιν
3066 3465 3157 3518 τόν
3208 3481 3271 3518 τε
3309 3467 3472 3537 νόμον
3500 3463 3589 3517 καὶ
3612 3460 3669 3514 τὸ
3697 3457 3781 3510 Εὐ·

2229 3555 2511 3625 αγγὲλιον.
2555 3554 2705 3620 Ἔτι,
2769 3554 2960 3625 σχεδὸν
3009 3554 3184 3611 διόλου
3219 3556 3385 3621 αὐτὸς
3432 3551 3605 3623 ἑαυτῷ
3656 3552 3780 3603 ἐστιν

2229 3648 2556 3717 ἀντιλέγων.
2590 3647 2738 3713 Ἔτι,
2762 3646 2917 3703 οὐδὲν
2941 3647 3127 3718 θαῦμα
3146 3648 3408 3720 ἐποίησεν
3437 3649 3516 3711 είς
3544 3645 3780 3698 πίπτωσιν

2228 3741 2339 3795 τῶν
2370 3739 2705 3811 λεγομένων.
2731 3741 2881 3806 Ἔτι,
2897 3739 3321 3811 ὁμολογούμενα
3347 3741 3518 3814 ψεύδη
3544 3735 3778 3805 περιέχειν

2229 3835 2368 3905 ὅπερ
2404 3833 2523 3886 ἐστὶ
2566 3832 2665 3886 τοῦ
2715 3831 2852 3887 Θεοῦ
2888 3833 3172 3904 ἀλλότριον
3220 3834 3425 3905 πάντη.
3480 3833 3597 3885 Ἔτι
3628 3821 3779 3898 βίαιόν

2229 3924 2372 3990 ἐστι,
2397 3923 2493 3977 καὶ
2516 3920 2784 3977 καταλύει
2803 3924 2863 3978 τὸ
2920 3923 3299 3991 αὐτεξούσιον,
3334 3927 3470 3996 ὅπερ
3497 3918 3733 3974 οὐδέποτε
3756 3910 3782 3962 ὁ

2230 4019 2724 4092 Θεὸς,ἀνὲτρεψεν.
2768 4020 2916 4086 Ἔτι,
2950 4019 3233 4084 παντελῶς
3268 4022 3420 4075 ἔστιν
3443 4018 3681 4076 ἄτακτον,
3701 4007 3780 4063 καὶ

2228 4115 2291 4168 τὺ
2321 4114 2557 4170 ἄτακτον
2589 4115 2809 4185 μαγράν
2844 4115 2962 4168 ἐστι
3003 4110 3100 4165 τοῦ
3132 4111 3269 4166 Θεοῦ
3296 4128 3314 4144 ο
3355 4113 3418 4167 οὐ
3465 4110 3570 4180 γάρ
3604 4099 3780 4160 ἐστινὸ

2235 4204 2371 4273 Θεὸς
2406 4207 2635 4273 ἀταξίας
2662 4207 2819 4271 Θεδς.
2853 4205 2975 4263 Ἔτι
3019 4207 3257 4278 πονηρὸν
3296 4206 3661 4274 ἀναφαίνεται,
3699 4190 3779 4249 καὶ

2232 4302 2352 4367 πῶς
2379 4302 2488 4358 ἀπὸ
2515 4302 2678 4369 Θεοῦ,
2709 4300 2806 4356 τοῦ
2832 4302 3015 4372 πάσης
3073 4298 3654 4367 ἐπέκειναέὐθύτητος
3695 4285 3776 4340 καὶ

2232 4395 2576 4466 ἀπλότητος;
2637 4394 2661 4416 "
2686 4393 2807 4460 Ετι,
2858 4373 3258 4464 ῖπεπλασμέναξ
3321 4394 3419 4450 καὶ
3484 4380 3778 4459 τερατώδεις

476 4532 481 4541 ,
545 4487 713 4532 tatem
738 4487 794 4531 et
826 4473 1238 4543 simplicitatem
1268 4469 1527 4527 excedit?
1576 4468 1734 4534 ltem,
1770 4466 2037 4524 conﬁctas
2069 4475 2127 4521 et

2235 4487 2470 4559 Θεωρίας
2523 4485 2792 4556 περιέχει.
2826 4484 2934 4539 Καὶ
2984 4485 3104 4549 πῶς
3150 4486 3314 4541 τοῦτο
3357 4485 3466 4542 ἀπὸ
3512 4479 3660 4543 Θεοῦ,
3697 4469 3776 4526 τοῦ

545 4568 907 4641 ιποιιὶεἰοελε
944 4565 1189 4621 visiones
1225 4563 1496 4623 continet.
1563 4561 1629 4616 Et
1654 4560 1933 4631 quomodo
1995 4558 2049 4614 id
2095 4575 2126 4614 a

2236 4558 2465 4649 ποιητοῦ
2520 4577 2616 4631 καὶ
2657 4576 2885 4647 ϐοτῆρος
2937 4578 3040 4647 της
3088 4575 3392 4647 ἀληθείας;
3443 4574 3515 4628 Τὸ
3558 4570 3614 4624 δὲ
3662 4563 3778 4620 πάν-

549 4666 665 4720 Deo
694 4668 843 4718 esset
868 4658 1120 4717 veritatis
1153 4665 1405 4715 creatore
1449 4664 1506 4711 et
1548 4653 1807 4724 largitore
1827 4653 1851 4707 ?
1871 4652 2129 4709 Omnium

547 4773 675 4811 vero
719 4755 990 4809 malorum
1021 4759 1332 4805 extremum
1383 4758 1438 4803 et
1472 4747 1711 4817 primum
1751 4754 1860 4812 est,
1902 4750 2049 4815 quod
2097 4760 2129 4800 a

544 4850 658 4903 Deo
693 4846 1056 4902 Alcorranum
1092 4842 1267 4896 latum
1305 4854 1427 4899 esse
1468 4836 1843 4906 tradantipsi,
1902 4837 2014 4890 Deo
2039 4852 2132 4895 ca-

548 4940 814 4995 lumniam
877 4922 1413 5000 struentc§.jhliror
1471 4944 1603 4988 sane
1650 4938 1708 4984 et
1774 4929 2125 4998 obstupesco,

549 5032 775 5102 quinam
813 5023 1269 5103 Iniseri,.Christo
1310 5031 1369 5076 et
1397 5021 1649 5076 doctrina
1682 5020 1830 5075 illius
1858 5020 2129 5090 neglecta,

551 5125 919 5179 Mahometem
952 5116 1128 5173 secuti
1153 5114 1285 5171 sint.
1320 5112 1495 5185 Hujus
1514 5113 1661 5167 enim
1686 5112 1794 5179 lex,
1841 5127 2004 5182 quam
2031 5114 2129 5167 Αι-

552 5225 852 5269 eorranum
893 5207 1249 5272 voeant,-boc
1276 5204 1423 5260 idem
1459 5203 1649 5270 tradit,
1713 5205 1859 5274 quod
1899 5205 2007 5260 hoc
2034 5221 2131 5276 per

551 5306 808 5375 angelum
851 5299 1016 5355 matri
1047 5298 1174 5354 lesu
1202 5296 1591 5352 annuntiatum
1620 5296 1714 5362 sit,
1739 5306 1794 5351 et
1822 5295 1972 5366 quod
2001 5295 2129 5366 Spi-

552 5400 661 5453 ritu
695 5404 887 5451 sancto
916 5393 987 5447 sit
1041 5390 1407 5453 sanctiﬁcata,
1453 5400 1509 5444 et
1543 5390 1748 5445 virtute
1782 5391 1968 5445 divina
1997 5406 2131 5447 eon-

549 5497 794 5557 ceperit,
829 5498 1012 5554 neque
1070 5490 1285 5536 naturae
1313 5479 1583 5547 efficacia,
1649 5491 1705 5537 et
1755 5481 2038 5538 Christum
2068 5500 2137 5540 ex

548 5580 896 5636 sanctissima
939 5575 1150 5645 virgine
1196 5573 1556 5642 omniumque
1606 5576 1903 5632 mulierum
1944 5578 2137 5632 castis-

551 5674 692 5727 sima
723 5686 847 5726 esse
880 5668 1153 5741 genitum.
1179 5666 1239 5720 ln
1270 5666 1450 5736 capite
1480 5668 1628 5721 enim
1661 5667 1925 5724 /Enessan
1962 5670 2130 5726 dicit:

538 5765 592 5820 ὓ
630 5765 845 5820 sodales
902 5762 1050 5829 libri,
1122 5778 1175 5823 ια
1251 5772 1353 5827 est,
1407 5776 1441 5815 ο
1488 5761 1695 5839 ﬁdeles,
1747 5766 1878 5820 nihil
1912 5766 1979 5821 de
2019 5766 2132 5823 Deo

2236 4689 2345 4725 των
2375 4669 2484 4724 τῶν
2513 4667 2699 4725 κακῶν
2730 4668 2963 4739 ἔσχατον
2987 4669 3082 4723 καὶ
3117 4669 3358 4739 πρῶτον,
3388 4671 3470 4724 ὅτι
3510 4660 3649 4735 παρά
3675 4653 3777 4710 δαί-

2238 4776 2399 4830 μονος
2465 4757 2681 4828 ἐξεδόδη
2730 4757 2791 4812 τὸ
2840 4758 3054 4813 τοιοῦτο
3103 4759 3362 4831 Κορῤἀν·
3430 4756 3530 4812 κᾶν
3571 4752 3657 4806 καὶ
3699 4744 3777 4798 τὸν

2232 4851 2368 4906 Θεὸν
2422 4850 2799 4914 διαϐάλλοντες
2863 4852 3097 4921 λέγωσιν
3151 4852 3236 4905 ὅτι
3268 4852 3378 4909 ἀπὸ
3426 4845 3559 4904 Θεοῦ
3619 4838 3754 4907 ἐδόθη

2234 4943 2515 5015 Θαυμάζω
2560 4944 2671 5015 γὰρ
2722 4944 2899 5013 ἔγωγε
2961 4945 3055 4998 καὶ
3093 4945 3493 5016 ἰκπλήττομαι,
3544 4937 3659 4998 πῶς’
3694 4931 3773 4983 ἰδν

2237 5036 2474 5106 Χριστὸν
2506 5036 2604 5089 καὶ
2649 5034 2748 5106 τὴν
2779 5035 2947 5088 αὑτοῦ
2986 5036 3341 5091 διδασκαλίαν
3384 5034 3602 5104 ἀφέντες
3626 5026 3673 5080 οἱ
3695 5022 3773 5075 τά-

2239 5129 2418 5194 λανες,
2446 5127 2824 5201 ἠκολούθησαν
2869 5127 2946 5199 τῷ
2979 5127 3250 5199 Μωάμεθ.
3307 5129 3475 5190 Αύτδς
3518 5123 3607 5178 καὶ
3634 5112 3772 5187 γάρό

2238 5219 2335 5273 τοῦ
2382 5212 2634 5289 ’Μωάμεθ
2709 5220 2893 5288 νόμος,
2983 5221 3245 5275 τουτέστι-
3281 5221 3343 5274 τὸ
3388 5212 3615 5288 Κορῥάν.
3661 5202 3774 5289 αὑτρ

2239 5309 2400 5364 τοῦτό
2429 5286 2614 5381 φητιν,
2646 5309 2729 5362 ὅτι
2758 5286 2827 5362 δι’
2851 5309 3087 5378 ἀγγέλου
3125 5286 3483 5381 εὐηγγελίσθη
3504 5286 3591 5369 ήτῇ
3627 5286 3769 5381 μητρέ

2235 5403 2331 5456 τοῦ
2375 5377 2572 5470 Ἰησοῦ,
2608 5401 2703 5455 καὶ
2732 5399 2822 5454 διά
2855 5377 3172 5472 Πνεύματος
3209 5377 3366 5472 ἀγίου
3419 5390 3658 5468 ἡγιάσθη·
3690 5377 3770 5432 κλὶ

2236 5499 2301 5568 τῇ
2340 5496 2571 5568 δυνάμει
2636 5496 2730 5550 τοῦ
2763 5500 2899 5554 ϐιοῦ
2963 5497 3297 5569 συνελήφθη,
3339 5493 3451 5549 ἀλλ’
3498 5486 3555 5540 ού
3584 5479 3768 5569 φύσεως

2235 5566 2506 5662 ἐνεργεία,
2560 5590 2654 5643 καὶ
2680 5592 2744 5645 ἑκ
2797 5591 3076 5662 Παρθένου
3131 5566 3454 5660 ἀγιωτάτης.
3509 5577 3596 5634 καὶ
3650 5566 3768 5662 ὑπὲρ

2233 5657 2414 5746 πάσας
2445 5657 2611 5746 ἀλλας
2643 5657 2910 5752 γυναῖκας
2938 5657 3189 5754 καθαρᾶς
3209 5678 3541 5753 γεννηθῆναι.
3574 5666 3652 5755 Ἐν
3674 5657 3764 5755 γξρ

2231 5772 2307 5840 τῷ
2350 5771 2632 5843 κεφαλαίῳ
2656 5774 2734 5844 τῷ
2762 5774 3029 5833 Δίνεσάν
3074 5791 3261 5845 φησιν,
3311 5768 3379 5823 Ὦ
3424 5754 3646 5831 ἑταιρεία
3680 5756 3760 5812 της
