4058 6478
292 526 399 592 689

1275 526 1578 589 CONTRA
1620 523 2109 586 MAHOMETEM
2154 496 2444 589 ORATIO
2483 527 2583 586 ιν.

3441 524 3550 585 €90

291 638 502 711 βξΰλου,
552 639 829 692 τουτέστιν
873 640 922 691 oi
963 639 1168 702 πιστοὶ,
1228 640 1305 710 μὴ
1335 640 1528 708 λέγετε
1576 640 1709 709 περὶ
1758 636 1867 690 Δτοῦ

1993 638 2113 693 :itra
2166 639 2457 693 veritatem
2525 638 2728 703 dicite,
2779 639 3043 708 quaiiiam
3074 640 3332 697 Chris‘us
3394 641 3554 699 Jesuu

288 730 427 784 Θεοῦ
461 730 603 801 πλὴν
621 732 722 799 τῆς
750 731 1030 802 ἀληθείας,
1061 732 1142 785 ὅτι
1173 733 1200 784 6
1222 732 1460 801 Χριστὸς
1501 730 1715 801 Ἰησοῦς
1740 730 1868 793 Υἱός

289 824 410 874 ἐστι
463 824 563 891 τῆς
607 822 851 892 Μαρίας,
901 825 996 876 καὶ
1046 824 1348 887 ἀπόστολος
1381 823 1539 892 Θεοῦ,
1571 814 1664 877 xiii.
1698 823 1872 891 Λόγος

291 913 450 975 Θεοῦ,
475 913 536 967 ὃν
552 916 611 967 ὲν
639 915 776 984 αὐτῇ
804 913 970 983 ἔθηκε
995 915 1082 967 διὰ
1103 914 1195 968 τοῦ
1227 915 1365 968 [Ινεύ
1373 932 1546 983 ματος
1574 914 1667 968 τοῦ
1690 915 1867 983 ἁγίου.

306 1005 439 1059 Ἰδοὺ
496 1005 628 1074 γοῦν
659 1006 796 1059 Θεὸν
843 1006 1143 1076 ὀνομάσας,
1205 1008 1299 1060 καί¹
1337 1008 1511 1077 Λόγον
1560 1008 1722 1075 Θεοῦ,
1780 1008 1876 1062 καὶ

300 1094 520 1164 Πνεῦμα
550 1095 707 1165 ἅγιον
759 1098 861 1167 τὴν
911 1100 1348 1168 τρισυπόστατον
1381 1099 1589 1170 Τριάδα
1618 1100 1646 1152 6
1669 1097 1874 1164 ἄθλιος,

298 1187 401 1239 οὐκ
437 1185 617 1257 ἤνοιξε
648 1188 773 1250 τοὺς
814 1193 914 1256 τῆς
946 1188 1124 1260 ψυχῆς
1156 1188 1475 1260 ὀφθαλμοὺς
1510 1190 1639 1242 ίδείν
1666 1191 1727 1243 τὸ
1762 1191 1879 1260 φῶς

298 1278 398 1346 τῆς
458 1278 711 1359 Τριάδος.
744 1279 855 1333 Καὶ
887 1281 1136 1343 εἰκότως.
1188 1281 1402 1352 Ὠσπερ
1450 1283 1559 1352 γὰρ
1602 1283 1672 1335 τὰ
1724 1284 1782 1335 ὲν
1811 1285 1878 1354 τῇ

299 1368 480 1438 κοιλία
525 1370 624 1440 τῆς
654 1371 862 1441 μητρὸς
900 1373 1272 1443 εὑρισκόμενα
1300 1372 1405 1442 πρὸ
1434 1374 1535 1440 τῆς
1568 1374 1880 1445 γεννήσεως

302 1461 482 1515 αὐτῶν
506 1461 656 1531 ζωὴν
687 1465 788 1533 μὲν
841 1462 1079 1533 ἔχουσιν,
1133 1464 1391 1536 ἀνωφελῆ
1455 1465 1515 1518 δὲ
1569 1466 1658 1520 καὶ
1717 1467 1883 1537 ἀνόη-

302 1567 418 1617 τον,
452 1551 549 1606 καὶ
584 1553 767 1624 ψυχὴν
794 1554 872 1625 μὴ
911 1555 1191 1626 διακρῖναι
1232 1557 1549 1629 δύναμένην
1573 1557 1669 1613 τοῦ
1702 1563 1883 1631 κρείτ-

278 1657 455 1709 ,τονος
484 1644 543 1697 τὸ
580 1647 784 1716 χεῖρον,
826 1647 860 1718 ἢ
904 1650 1282 1723 παραδιαιρὺν
1318 1651 1652 1721 γεννηθέντα
1679 1652 1778 1705 οὒκ
1802 1653 1883 1705 εί-

305 1735 393 1786 σὶν
439 1736 736 1804 ἄνθρωποι,
791 1739 908 1792 ἀλλ’
968 1741 1303 1813 ὲκτρώματα
1350 1744 1444 1797 καὶ
1494 1742 1881 1815 ἁμϐλώματαο

298 1825 447 1880 οὕτω
493 1828 587 1882 καὶ
620 1830 727 1893 πᾶς
755 1831 958 1903 ἀσεϐὴς
982 1834 1010 1886 ὁ
1043 1833 1116 1904 μὴ
1137 1833 1421 1904 γεννηθεὶς
1464 1834 1533 1887 δι’
1569 1835 1758 1897 ὓδατος
1789 1834 1885 1888 καὶ

304 1918 665 1990 Πντύματος,
713 1926 963 1977 τουτέστι
1019 1924 1108 1978 διὰ
1150 1926 1247 1980 τοῦ
1293 1925 1450 1994 ἁγίου
1485 1925 1881 1997 βαπτίσματος,

300 2012 365 2065 οὗ
422 2012 645 2068 δύναται
678 2014 804 2067 ἰδεῖν
832 2014 894 2068 τὸ
920 2016 1172 2086 οὐράνιον
1212 2017 1329 2086 φῶς
1364 2018 1459 2071 καὶ
1485 2018 1586 2088 τὴν
1613 2018 1711 2088 τῆς
1747 2018 1880 2090 άλη-

305 2102 457 2165 θείας
488 2102 807 2171 ὲπίγνωσιν.
841 2106 951 2159 Καὶ
973 2105 1064 2159 διὰ
1091 2106 1253 2160 τοῦτο
1290 2106 1470 2176 μύσας
1497 2107 1623 2170 τοὺς
1661 2107 1760 2176 τῆς
1785 2108 1887 2179 ψυ-

302 2195 407 2265 Χῆς
452 2194 618 2250 αὐτοῦ
653 2195 967 2266 ὀφθαλμοὺς
997 2199 1026 2251 6
1060 2196 1319 2263 δείλαιος,
1385 2199 1661 2263 σκοτεινὸς
1691 2203 1888 2254 ἐναπε-

303 2285 523 2355 λείφοη,
554 2286 630 2350 ὡς
654 2289 682 2342 6
705 2289 889 2360 πατὴρ
914 2288 1082 2343 αὐτοῦ
1109 2290 1138 2343 6
1166 2289 1436 2352 διάϐολος.
1474 2292 1614 2362 Περὶ
1651 2291 1762 2361 γὰρ
1789 2290 1885 2347 τοῦ

222 2381 230 2386 ’
308 2376 466 2444 ἁγίου
502 2377 815 2446 Πνεῦματος
865 2379 1107 2451 συνεχῶς
1135 2382 1194 2434 ἐν
1224 2379 1301 2451 τῷ
1331 2381 1883 2454 Κορῤάν-μέμνηται.

316 2468 450 2536 Φησὶ
476 2470 585 2540 γάρ
613 2472 670 2523 ἐν
699 2470 776 2541 τῷ
810 2473 1090 2541 κεφαλαίῳ
1131 2472 1210 2541 τῷ
1240 2473 1487 2543 Ἔμπιᾶ,
1515 2473 1591 2538 ὼς
1627 2476 1692 2529 ὲκ
1717 2492 1889 2546 προσ-

313 2559 461 2613 ώπου
514 2562 611 2616 τοῦ
668 2563 849 2631 Θεοῦ,
912 2566 996 2620 ὅτι
1066 2566 1204 2637 Περὶ
1261 2569 1358 2638 τῆς
1412 2568 1632 2637 Μαρίας
1694 2571 1885 2637 ἐνεφο-

309 2655 557 2726 σήσαμεν
636 2642 719 2721 sic
801 2658 973 2731 αὐτὴν
1042 2661 1108 2712 ἐκ
1187 2659 1283 2713 τοῦ
1386 2660 1705 2731 Πνεύματος
1788 2650 1886 2714 τοῦ

305 2750 489 2818 ἁγίου.
572 2752 682 2807 Καὶ
775 2753 991 2819 πάντως
1073 2757 1136 2809 οὐ
1208 2754 1434 2809 δύναται
1521 2758 1698 2810 εἰπεῖν
1732 2741 1744 2750 ’
1804 2758 1887 2810 ὅτι

305 2845 438 2913 περὶ
509 2846 747 2913 ἀγγέλου
816 2841 938 2900 εἷπε
1003 2846 1164 2902 τοῦτο
1236 2852 1267 2903 6
1346 2848 1504 2913 Θεὸς.
1587 2850 1704 2904 Καὶ
1757 2851 1889 2921 περὶ

309 2936 411 3006 μὲν
454 2938 549 2990 τοῦ
605 2936 844 3014 Χριςιοῦ
893 2927 1143 2994 τοιαῦτα·
1210 2941 1344 3011 περὶ
1396 2940 1455 2995 δὲ
1494 2940 1589 2995 τοῦ
1640 2941 1887 3012 Μωάμεθ

305 3028 461 3082 οὐδὲν
486 3031 728 3086 τοιοῦτόν
758 3050 943 3103 φησιν,
986 3034 1105 3087 ἀλλ’
1136 3035 1219 3087 ὅτι
1261 3031 1331 3105 ἦν
1369 3034 1603 3105 ὀρφανὸς
1630 3035 1728 3090 καὶ
1755 3034 1892 3090 πλα-

307 3126 481 3197 νήτης
523 3128 628 3181 ὑπὸ
677 3126 813 3183 Θεοῦ
846 3129 1157 3200 συναχθείς.
1215 3130 1339 3184 Ἔτι
1389 3129 1480 3183 τὸν
1508 3128 1747 3200 Χριστὸν
1791 3129 1889 3184 Λό-

309 3234 406 3286 γον
457 3215 594 3272 Θεοῦ
650 3218 930 3291 ὀνομάζει,
981 3222 1055 3283 ὼς
1108 3219 1347 3292 εἴρηται,
1379 3222 1475 3276 καὶ
1516 3221 1697 3291 ψυχὴν
1725 3219 1884 3286 Θεοῦ,

240 3320 257 3333 ⁸
309 3314 407 3367 καὶ
463 3317 751 3385 προφήτην
800 3315 1023 3369 πάντων
1073 3314 1185 3367 τῶν
1246 3312 1548 3384 προφητῶν
1598 3313 1886 3384 μέγιστον,
1918 3330 1959 3388 C

308 3404 403 3457 τὸν
425 3402 480 3457 δὲ
509 3405 811 3476 Μαχούμετ
835 3403 979 3459 οὕτω
1015 3404 1176 3477 μόνον
1206 3406 1502 3476 προφήτην
1527 3405 1735 3469 ἁπλῶς.
1770 3406 1890 3458 Ἔτι

307 3496 401 3547 τὸν
438 3496 675 3565 Χριστὸν
721 3497 788 3550 ἐκ
823 3495 918 3549 τοῦ
959 3496 1214 3566 Ἀϐραὰμ
1262 3495 1357 3548 καὶ
1394 3495 1587 3550 Ἰσαὰκ
1633 3497 1730 3550 καὶ
1782 3497 1892 3553 Ἰα-

309 3586 427 3640 κὼϐ
485 3585 840 3658 ὁμολογοῦσιν
890 3585 1050 3655 εἶναι,
1091 3588 1188 3641 τοῦ
1247 3580 1464 3659 ἔχοντος
1500 3590 1599 3651 τὰς
1651 3589 1894 3658 ἐπαγγε-

311 3678 451 3742 λίας.
491 3680 552 3732 Ὀ
594 3679 651 3733 δὲ
687 3678 931 3750 Μωάμεθ
979 3680 1043 3733 ὲκ
1087 3672 1184 3733 τοῦ
1246 3679 1475 3751 Ἰσμαήλ
1520 3679 1691 3747 ἐστιν,
1739 3680 1892 3744 ὅστις

309 3768 575 3843 ἐξεβλήθη
624 3769 765 3837 μετὰ
798 3771 899 3841 τῆς
954 3769 1158 3842 μητρὸς
1213 3770 1382 3825 αὐτοῦ
1441 3768 1544 3841 τῆς
1597 3770 1892 3844 παιδίσκης

314 3860 500 3932 ’Ἅγαρ
548 3863 615 3917 ἑκ
660 3861 755 3917 τοῦ
790 3860 943 3917 οἴκου
967 3862 1063 3916 τοῦ
1107 3863 1382 3934 Ἀδραάμ.
1429 3863 1552 3918 Ἔτι
1581 3864 1611 3918 6
1652 3865 1893 3934 Χριστὸς

308 3953 565 4009 οὐδεποτε
611 3954 870 4022 ἐποίησεν
913 3952 1214 4023 ἁμαρτίαν·
1268 3953 1444 4021 Λόγος
1482 3955 1592 4025 γάρ
1618 3953 1752 4007 Θεοῦ
1799 3955 1894 4008 καὶ

311 4043 531 4115 πνεῦμα
558 4043 696 4098 Θεοῦ
723 4044 782 4097 οὐ
806 4043 1033 4098 δύναται
1059 4043 1421 4113 πλανηθῆναι.
1468 4041 1616 4108 '03::
1673 4036 1894 4115 Μαχού-

314 4151 415 4201 μετ
442 4133 843 4207 εἰδωλολάτρης
876 4135 1124 4204 ἐγένετο,
1149 4138 1265 4204 ⁹καὶ.
1296 4136 1517 4206 φονεὺς,
1538 4138 1650 4192 ’καὶ
1681 4139 1891 4210 ἅρπαξ,

310 4226 409 4277 καὶ
457 4226 715 4299 ἀσελγὴς,
774 4225 870 4281 καὶ
939 4227 1157 4290 πολλοῖς
1213 4228 1427 4299 ἑτέροις
1491 4230 1895 4303 ἁμαρτήμασιν

310 4319 496 4388 ἔνοχος
553 4320 788 4388 ἐγένετο,
845 4319 935 4389 ὲφῗ
972 4317 1051 4383 οίς
1110 4321 1139 4372 6
1168 4320 1322 4386 Θεὸς,
1358 4319 1435 4385 ὦς
1483 4338 1672 4391 φασιν,
1729 4324 1896 4377 αὐτὸν

314 4411 712 4482 συνεπάθησεν.
748 4412 872 4466 Ἔτι
924 4413 952 4465 ὁ
997 4411 1233 4480 Χριστὸς
1286 4413 1494 4482 φρικτὰ
1551 4415 1645 4468 καὶ
1677 4414 1896 4479 ἐξαίσια

314 4505 584 4572 πεποίηκε
655 4503 931 4574 θαύματα,
987 4503 1063 4567 ὡς
1125 4503 1219 4556 καὶ
1276 4506 1335 4558 ὲν
1366 4504 1444 4574 τῷ
1477 4507 1760 4578 κεφαλαίῳ
1814 4506 1894 4579 τῷ

321 4593 595 4664 Ἐλμαδᾱ
655 4597 1102 4668 μεμαρτύρηται,
1149 4597 1233 4650 ὅτι
1290 4597 1321 4650 6
1355 4597 1597 4668 Χριστὸς
1658 4599 1895 4668 τυφλοὺς

316 4688 575 4756 ἐφώτισε,
637 4688 873 4759 λεπροὺς
924 4689 1242 4760 ἐκαθάρισε,
1297 4667 1529 4761 νεκροὺς
1593 4667 1891 4761 ἀνέσςησξ,
1928 4667 1973 4723 Ῑ)

316 4782 411 4834 καὶ
440 4781 576 4836 ἄλλα
616 4782 935 4852 εἰργάσατο.
987 4781 1047 4835 '0
1096 4782 1150 4836 δὲ
1190 4781 1441 4852 Μωάμεο
1507 4782 1663 4837 οὐδὲν
1712 4783 1897 4856 θαῦμα

317 4874 589 4944 πεποίηκε
622 4875 765 4928 κατά
788 4877 851 4928 τὸ
881 4874 1129 4947 Κορρὰν,
1173 4874 1292 4928 ἀλλ’
1317 4876 1351 4945 ἢ
1394 4874 1558 4946 μόνον
1580 4876 1642 4930 τὸ
1674 4880 1771 4948 τῆς
1808 4895 1899 4931 σε-

316 4967 510 5036 λήνης,
565 4968 703 5036 ὅπερ
734 4966 855 5020 ἐστὶ
897 4967 1091 5037 ψεῦδος
1124 4966 1409 5039 ἄντικρυς,
1462 4969 1564 5023 καὶ
1582 4969 1749 5041 ἕτερά
1774 4986 1898 5024 τινα

318 5060 547 5129 αἰσχρὰ,
587 5059 734 5130 ἅπερ
779 5061 875 5114 καὶ
919 5062 1451 5132 παρεσιωπήθησαν,
1507 5062 1600 5115 διαὶ
1648 5065 1714 5133 τῇ
1768 5065 1896 5132 σιγῇ

320 5150 702 5220 παρεδόθησαν
751 5151 842 5204 διὰ
887 5150 949 5204 τὸ
987 5152 1292 5221 δύσφημον.
1343 5152 1464 5205 Ἔτι
1516 5153 1658 5206 κατὰ
1707 5153 1808 5222 μὲν
1837 5151 1900 5206 τὸ

230 5257 240 5265 ·
320 5244 661 5311 Εὖαγγέλιον
720 5246 816 5300 καὶ
877 5242 1047 5315 αὐτὴν
1112 5244 1213 5313 τὴν
1278 5244 1541 5314 ἀλήθειαν
1578 5248 1608 5298 6
1659 5245 1901 5316 Χριστὸς

324 5335 691 5405 ἐσταύρωται,
745 5335 841 5390 καὶ
871 5334 1124 5403 τέθνηκε,
1177 5333 1271 5386 καὶ
1304 5335 1500 5403 ἐτάφη,
1535 5335 1630 5387 καὶ
1672 5336 1899 5405 ἀνέστη,

322 5428 433 5489 καὶ,
466 5428 768 5498 ἀνελήφθη,
822 5428 917 5481 καὶ
953 5428 1010 5478 ἐν
1059 5426 1211 5496 δεξιᾷ
1255 5425 1351 5479 τοῦ
1383 5427 1595 5496 [ιατρὸς
1643 5427 1900 5483 κάθηται.

322 5522 476 5577 Κατὰ
508 5522 563 5574 δὲ
590 5523 649 5574 τὸ
684 5521 927 5592 Κορβάν,
956 5519 1030 5581 ὡς
1070 5518 1231 5588 δῆθεν
1259 5518 1530 5585 τιμῶντες
1586 5519 1774 5584 αὐτὸν,
1810 5518 1902 5571 λέ-

327 5632 516 5682 γουσιν
546 5616 628 5668 ὅτι
653 5615 752 5666 οὐκ
784 5612 1076 5674 ἀπέθανεν,
1103 5610 1383 5681 ἀνελήφθη
1399 5610 1442 5663 δ’
1468 5611 1641 5680 ὅμως.
1663 5612 1769 5664 Καὶ
1791 5610 1901 5664 ἰδοὺ

328 5707 453 5758 ὅσον
484 5705 591 5757 ἀπὸ
620 5707 719 5774 τῆς
736 5703 831 5756 τοῦ
862 5701 1201 5770 Εὑαγγελίου
1226 5700 1506 5770 ἀληθείας,
1539 5701 1635 5753 καὶ
1663 5701 1775 5753 ἀπὸ
1804 5702 1902 5770 τῆς

328 5795 425 5848 τοῦ
470 5793 714 5861 Μωάμεθ
783 5791 1137 5863 ψευδολογίας
1175 5792 1203 5842 6
1245 5790 1481 5859 Χριστος
1529 5787 1639 5852 ζῶν
1671 5789 1906 5857 ἀναφαί-

333 5903 486 5944 νεται
517 5890 611 5940 καὶ
668 5884 1037 5955 ὁμολογεῖται.
1077 5882 1135 5936 '0
1164 5883 1222 5936 δὲ
1248 5882 1551 5953 Μαχούμετ
1588 5882 1794 5941 οὑτοσὶ,
1827 5880 1906 5943 ὡς

334 5981 534 6045 πάντες
568 5980 617 6032 oi
666 5980 733 6034 τά
788 5977 996 6032 ἐκείνου
1028 5975 1351 6045 φρονοῦντες
1400 5974 1775 6051 ὁμολογοῦσιν,
1824 5974 1907 6027 ὅτι

1973 728 2120 784 ﬁlius
2166 737 2259 809 est
2308 729 2514 797 Mariae,
2575 732 2856 799 apostolus
2916 730 3034 797 Dei,
3067 741 3124 785 ct
3187 731 3278 787 Dei
3335 733 3553 802 Sermo,

1975 833 2142 889 quem
2184 821 2313 875 huic
2366 820 2566 891 virgini
2596 820 2795 875 indidit
2834 837 2935 891 per
2970 820 3236 891 Spiritum
3276 832 3551 880 sanctum.

1978 910 2058 966 En
2086 911 2254 982 igitur
2280 926 2405 966 cum
2464 910 2634 966 Deum
2665 912 3076 976 nominaverit,
3128 922 3181 967 et
3227 913 3553 970 Sermonem

1982 1003 2096 1066 Dei,
2156 1013 2212 1057 ct
2242 1012 2495 1058 sanctum
2535 1002 2805 1072 Spiritum
2864 1003 3232 1073 (Trinitatem
3269 1006 3555 1068 nimirum,

1979 1112 2101 1168 quae
2129 1098 2306 1153 tribus
2328 1099 2582 1167 personis
2600 1097 2867 1162 constat),
2906 1112 3017 1151 non
3047 1108 3229 1153 tamen
3266 1099 3435 1153 miser
3469 1100 3560 1153 hic

1981 1190 2177 1245 animat
2207 1190 2398 1245 oculos
2429 1191 2667 1261 aperuit,
2698 1190 3069 1245 ntTrinitatis
3098 1192 3286 1256 lumen
3319 1191 3562 1246 intuere-

1985 1290 2110 1346 tur;
2168 1282 2593 1337 necimmerito.
2652 1281 3127 1349 Quemadmodum
3161 1281 3311 1336 enim
3354 1282 3447 1351 qui
3505 1282 3561 1339 in

1984 1382 2149 1430 utero
2200 1386 2453 1431 materno
2481 1376 2798 1447 priusquam
2850 1376 2907 1430 in
2932 1377 3110 1431 lucem
3140 1376 3375 1439 edantur
3419 1377 3562 1430 fetus

1984 1468 2333 1533 delitescunt,
2379 1467 2548 1525 vitam
2587 1467 2809 1543 quidem
2864 1468 3090 1535 habent,
3129 1467 3381 1522 inutilem
3430 1482 3561 1521 vero

1982 1571 2039 1618 et
2077 1561 2476 1636 irrationalem,
2510 1562 2863 1631 animamque
2907 1578 3029 1631 quae
3086 1561 3290 1616 bonum
3343 1577 3373 1615 a
3417 1560 3562 1614 malo

1987 1655 2178 1725 nequit
2205 1655 2545 1719 discernere,
2575 1663 2632 1710 et
2665 1664 2794 1709 ante
2833 1655 3142 1725 legitimum
3164 1663 3383 1722 tempus
3401 1652 3560 1713 editi.

1988 1761 2098 1800 non
2130 1745 2411 1814 homines,
2463 1745 2560 1800 sed
2596 1745 2828 1802 abortus
2861 1730 2993 1801 sunt
3027 1762 3042 1798 :
3077 1745 3158 1801 sic
3181 1745 3347 1800 etiam
3380 1744 3563 1797 omnis

1989 1838 2212 1910 impius,
2266 1840 2357 1908 qui
2414 1856 2523 1894 non
2569 1847 2928 1910 regeneratus
2985 1848 3072 1893 est
3128 1854 3226 1908 per
3257 1852 3459 1907 aquam
3506 1845 3564 1890 et

1990 1930 2279 1999 Spiritum,
2309 1929 2364 1985 id
2395 1940 2479 1986 est
2506 1946 2605 2001 per
2622 1941 2872 1985 sanctum
2899 1928 3255 1999 baptismum,
3281 1927 3564 1983 cmlestem

1990 2021 2168 2075 lucem
2207 2021 2394 2077 videre
2434 2037 2544 2076 non
2576 2030 2763 2091 potest
2809 2031 2864 2077 et
2886 2020 3138 2076 veritatis
3171 2019 3563 2091 cognitionem.

1988 2110 2338 2182 Quapropter
2367 2113 2610 2168 occlusis
2641 2113 2839 2169 animae
2880 2128 2994 2168 sua:
3021 2113 3233 2178 oculis,
3275 2113 3444 2166 miser
3478 2113 3567 2167 hic

1990 2205 2046 2259 in
2075 2205 2320 2260 tenebris
2340 2205 2639 2260 derelictus
2662 2212 2770 2271 est,
2798 2215 2857 2261 ut
2881 2191 2937 2262 et
2966 2215 3123 2276 pater
3149 2205 3268 2276 ejus
3293 2204 3565 2260 diabolus.

1988 2297 2231 2368 Spiritus
2283 2299 2462 2354 sancti
2511 2299 2660 2354 enim
2715 2299 3106 2356 indesinenter
3152 2300 3206 2354 in
3265 2299 3568 2354 Alcorrano

1989 2391 2263 2446 meminit.
2297 2392 2439 2447 Dicit
2464 2392 2614 2448 enim
2644 2392 2699 2447 in
2726 2393 2905 2463 capite
2940 2392 3177 2463 Empia,‘
3203 2391 3307 2446 sub
3333 2404 3570 2461 persona

1991 2483 2140 2539 Dei:
2190 2483 2460 2550 Quoniam
2516 2484 2571 2539 in
2630 2484 2798 2539 Maria
2854 2483 3217 2555 produximus
3267 2498 3299 2538 ο
3359 2482 3568 2551 Spiritu

1990 2585 2204 2632 sancto.
2249 2577 2363 2634 Nec
2389 2577 2839 2633 omninO'dicere
2888 2585 3106 2647 potest,
3163 2576 3334 2631 Deum
3358 2576 3476 2631 haec
3501 2578 3574 2630 de

1994 2666 2188 2733 angelo
2224 2666 2485 2735 quopiam
2541 2649 2770 2722 dixisse.
2832 2664 2897 2721 Et
2953 2666 3024 2722 de
3068 2665 3291 2722 Christo
3346 2664 3573 2734 quidem

1998 2755 2126 2811 talia
2147 2796 2162 2820 ,
2193 2757 2258 2812 de
2283 2757 2601 2813 Mahnmete
2656 2773 2792 2816 vero
2844 2759 2951 2813 tale
2984 2757 3125 2812 nihil
3156 2758 3291 2813 dicit
3317 2799 3330 2822 ,
3379 2773 3571 2813 verum

1995 2846 2142 2916 quod
2170 2846 2464 2916 orphanus
2493 2848 2679 2912 fuerit,
2747 2855 2805 2904 et
2850 2864 3001 2912 erro,
3049 2862 3080 2903 a
3127 2848 3237 2903 Deo
3285 2849 3572 2905 collectus.

1992 2938 2261 2993 Praeterea
2279 2936 2558 2991 Christum
2576 2936 2901 2993 Sermonem
2927 2936 3312 3003 Deijnominat,
3329 2945 3389 2990 ut
3410 2937 3574 2992 modo

1992 3027 2255 3091 diximus,
2286 3037 2342 3082 et
2370 3027 2610 3082 animam
2636 3026 2756 3092 Dei,
2784 3034 2951 3098 atque
2973 3027 3295 3097 praphetam
3320 3033 3568 3083 omnium

1992 3120 2387 3192 prophetarum
2413 3119 2754 3186 maximum;
2785 3119 3150 3175 Mahometem
3172 3135 3305 3175 vero
3330 3120 3573 3190 prophe-

1993 3221 2104 3266 tam
2133 3206 2267 3266 dicit
2292 3210 2633 3280 simpliciter.
2673 3209 2807 3266 Item
2840 3209 3121 3266 Christum
3170 3227 3235 3266 ex
3264 3211 3569 3270 Abraham.

1992 3302 2143 3358 Isaac
2172 3311 2228 3358 et
2255 3302 2426 3359 Iacob
2455 3303 2704 3372 genitum
2731 3310 3028 3366 testantur,
3049 3303 3144 3373 qui
3176 3303 3574 3373 promissiones
3650 3302 3651 3305 “

1997 3397 2311 3452 habuerunt
2340 3414 2356 3453 :
2392 3394 2672 3455 Mabomct
2697 3408 2830 3453 vero
2866 3411 2937 3455 ex
2969 3394 3201 3453 lsmaeie
3235 3406 3345 3462 est,
3372 3398 3469 3467 qui
3503 3408 3578 3452 ex

1993 3490 2159 3545 domo
2188 3491 2426 3545 Abrahae
2456 3506 2565 3547 una
2597 3505 2726 3548 cum
2787 3499 2966 3546 matre
3029 3507 3127 3546 sua
3183 3492 3388 3546 ancilla
3425 3492 3574 3561 Agar

1992 3582 2199 3653 eiectus
2212 3592 2316 3638 est.
2336 3582 2416 3638 Ad
2446 3583 2563 3639 btcc
2575 3583 2826 3640 Christus
2844 3599 3125 3654 nunquam
3162 3568 3408 3655 peccavit
3425 3582 3579 3650 (Ser-

1995 3688 2087 3729 mo
2121 3673 2269 3728 enim
2303 3674 2421 3741 Dei,
2441 3674 2921 3744 etilliusspiritus,
2943 3690 3167 3745 peccare
3209 3691 3316 3743 non
3346 3674 3572 3744 potest),

1995 3764 2271 3822 Mabomet
2294 3781 2427 3822 vero
2450 3767 2733 3822 idololatra
2756 3766 2877 3831 fuit,
2904 3766 3393 3835 liomicida,pra:do
3413 3774 3470 3821 et
3490 3765 3576 3820 in-

1998 3867 2333 3929 temperans,
2352 3856 2650 3929 multisque
2678 3860 2801 3914 aliis
2835 3858 3079 3926 peccatis
3098 3859 3423 3923 adobrutus,
3444 3873 3577 3929 pro-

1995 3959 2118 4022 pter
2132 3966 2277 4022 quae,
2301 3958 2362 4005 ut
2379 3952 2497 4022 ipse
2515 3950 2740 4018 fatetur,
2754 3951 2899 4007 Deu's
2912 3951 2994 4007 sui
3016 3950 3273 4006 misertus
3289 3958 3396 4007 est.
3413 3949 3573 4015 item,

1994 4043 2247 4101 Christus
2274 4044 2550 4101 horrenda
2584 4053 2640 4100 et
2671 4044 2943 4114 stupenda
2975 4044 3150 4099 edidit
3190 4043 3478 4109 miracula,
3515 4053 3578 4098 ut

1995 4137 2161 4193 etiam
2186 4138 2238 4191 in
2267 4136 2447 4207 capite
2465 4134 2752 4191 Hemiaida
2779 4136 3220 4191 demonstratum
3273 4144 3378 4201 est,
3425 4135 3576 4204 quod

1994 4228 2252 4286 Christus
2271 4220 2447 4284 caicus
2473 4229 2889 4293 illuminaverit,
2923 4228 3172 4299 leprosos
3200 4228 3572 4294 mundaverit,

1998 4331 2250 4377 mortuos
2283 4320 2588 4387 suscitarit,
2616 4320 2834 4390 aliaque
2866 4319 3062 4377 fecerit
3093 4319 3342 4386 inﬁnita;
3373 4320 3578 4375 Maho~

2001 4427 2115 4472 met
2141 4428 2274 4471 vero
2309 4415 2525 4470 nullum
2574 4414 2629 4468 in
2661 4412 2953 4470 Alcorrani
2988 4411 3374 4483 probationem
3402 4413 3575 4468 mira-

1998 4508 2185 4562 culum
2212 4506 2407 4573 edidit,
2434 4520 2635 4576 printer
2662 4505 2799 4561 illud
2824 4504 2894 4560 de
2912 4506 3041 4560 luna
3070 4505 3401 4575 expositum,
3423 4505 3575 4574 quod

1999 4599 2291 4656 manifeste
2330 4599 2528 4654 falsum
2560 4608 2645 4655 est
2670 4638 2687 4663 ,
2726 4608 2783 4653 et
2829 4598 2931 4654 alia
2970 4597 3219 4668 quaedam
3248 4597 3416 4663 fmda,
3448 4613 3575 4668 quae

2003 4704 2229 4765 propter
2268 4707 2540 4749 summam
2571 4693 2817 4762 ipsorum
2864 4690 3146 4747 infamiam
3182 4691 3404 4746 silentio
3434 4705 3578 4761 prte-

2002 4787 2296 4842 terierunt.
2332 4786 2605 4841 Praeterea
2628 4785 2782 4852 iuta
2812 4783 3100 4855 Evangelii
3132 4793 3190 4840 et
3232 4783 3405 4854 ipsius
3434 4786 3578 4840 veri-

2002 4880 2130 4935 tatis
2158 4878 2534 4935 tcstimonium
2558 4877 2816 4934 Christus
2837 4878 3135 4933 cruciﬁxus
3160 4886 3266 4941 est,
3325 4886 3579 4932 mortuus

2001 4980 2060 5026 et
2084 4970 2360 5039 sepultus,
2393 4969 2721 5035 resurrexit,
2779 4976 2836 5023 et
2863 4980 3183 5038 assumptus
3220 4967 3288 5025 ad
3327 4969 3580 5025 dextram

2004 5062 2187 5118 Patris
2221 5062 2412 5128 sedet;
2436 5063 2592 5133 juxta
2613 5061 2897 5117 Ᾱιςοιοιν.ιηί
2928 5077 3062 5117 vero
3088 5061 3444 5125 sententiam,
3470 5078 3578 5118 ceu

2004 5143 2330 5206 honoraturi
2360 5166 2487 5205 cum
2516 5144 2729 5217 dicunt,
2765 5153 2911 5220 quod
2954 5166 3062 5206 non
3094 5161 3349 5207 mortuus
3374 5153 3465 5217 sit,
3496 5168 3583 5213 as-

2003 5252 2258 5313 sumptus
2285 5252 2467 5297 tamen
2501 5242 2727 5298 dicitur.
2755 5242 2826 5297 Et
2854 5257 2985 5298 ecce
3025 5243 3309 5312 quomodo
3339 5260 3581 5313 cvange-

2005 5333 2111 5389 liea
2141 5335 2394 5399 veritate,
2431 5344 2488 5389 et
2516 5333 2691 5404 ipsius
2718 5333 3048 5391 Maliometis
3079 5337 3314 5392 fallaciis
3354 5339 3586 5393 demon—

2002 5434 2231 5489 Stratur,
2270 5423 2549 5480 Christum
2589 5425 2807 5491 vivere;
2873 5426 3149 5485 Mahomct
3204 5445 3337 5483 vero
3369 5429 3480 5495 hic,
3522 5439 3587 5487 ut

2004 5526 2060 5571 ct
2089 5530 2280 5570 omnes
2340 5515 2486 5570 illius
2530 5515 2752 5571 assecke
2808 5515 3049 5572 fatentur
3099 5527 3378 5573 mortuum
3437 5532 3582 5576 esse.

2004 5617 2062 5662 at
2088 5621 2194 5659 non
2255 5606 2646 5662 resurrexisse.
2699 5605 2928 5677 Oportet
2981 5606 3145 5678 igitur
3195 5616 3418 5677 propter
3469 5606 3586 5661 hinc

2008 5697 2194 5752 omnia
2224 5695 2506 5751 Christum
2538 5698 2793 5764 adorare,
2812 5706 2936 5754 'ncc
2955 5698 3251 5753 Mahomcti
3276 5697 3584 5755 adhaerere.

2007 5787 2295 5853 Quomodo
2331 5787 2480 5842 enim
2517 5788 2611 5843 Dei
2664 5790 2887 5844 oracula
2940 5789 3174 5853 homini,
3227 5787 3449 5841 diabolo
3486 5802 3586 5857 per

2010 5878 2195 5932 omnia
2227 5878 2413 5945 simili,
2444 5878 2957 5935 concrederentur?
2988 5878 3058 5935 Et
3078 5879 3123 5934 si
3152 5879 3327 5946 voles,
3366 5877 3586 5956 collatis

2010 5972 2263 6043 utrisque
2292 5973 2659 6043 proprietates
2697 5972 2893 6028 horum
2927 5986 3339 6044 coguOscamus.
3389 5972 3587 6031 Diabo-
