4058 6456
537 516 641 584 €9l

1735 514 1985 576 JOANN
1997 514 2064 576 [S
2103 514 2635 579 CANTACUZENI

3699 519 3799 582 692

538 637 624 691 πίε
655 635 838 690 elatus
862 641 949 688 est
983 640 1039 688 et
1070 646 1356 704 arrogans,
1410 632 1666 688 similiter
1715 640 1772 687 ct
1820 632 2109 687 Mahomet.

2228 634 2469 689 ἀπέθανε
2500 635 2594 690 καὶ
2626 636 2727 690 οὐκ
2764 633 2987 705 ἀνέστη.
3028 635 3079 688 Τ
3078 634 3226 689 οἷνυν
3265 634 3352 689 διὰ
3403 632 3580 688 ταῦτα
3620 634 3794 687 πάντα

534 727 671 795 Quis
700 728 846 782 enim
884 725 1196 780 Mahomcte
1226 726 1399 796 major
1428 734 1533 788 est,
1565 725 1660 795 qui
1686 726 1843 780 cmlis
1874 739 2109 795 supera-

538 822 629 882 tis,
660 826 722 873 ut
751 816 869 888 ipse
897 816 964 871 de
992 832 1051 872 se
1082 816 1244 882 dixit,
1294 825 1350 871 et
1383 815 1641 871 omnibus
1703 814 1969 885 angelicis
2016 830 2116 885 po-

535 912 854 975 testatibus,
886 924 1015 964 cum
1045 909 1154 965 Deo
1177 909 1485 965 collocutus
1515 917 1625 972 est,
1662 919 1720 963 et
1780 908 2115 963 intercessor

535 1012 922 1073 patronusque
950 1002 1293 1073 angelorum,
1351 1001 1444 1071 qui
1492 1001 1838 1068 ceciderunt,
1911 999 2111 1066 factus,

536 1096 670 1164 quin
702 1094 870 1148 etiam
908 1095 1078 1149 totius
1112 1092 1301 1147 mundi
1332 1091 1672 1147 advocatus?
1711 1090 1977 1146 Diabolus
2010 1090 2113 1145 ho-

537 1187 738 1242 micida
771 1195 877 1250 est,
910 1194 963 1241 et
982 1184 1257 1241 M‘aliomet
1277 1184 1494 1256 legibus
1522 1185 1639 1240 suis
1669 1199 1779 1239 non
1808 1183 2115 1255 morigeros

537 1279 703 1333 morti
731 1277 1090 1348 adiudicavit.
1130 1277 1394 1333 Diabolus
1422 1278 1683 1333 seductor
1711 1284 1818 1343 est,
1845 1285 1900 1331 et
1930 1275 2115 1329 Maha-

538 1380 650 1425 met
679 1370 1058 1441 voluptatibus
1091 1370 1373 1426 concessis
1403 1378 1459 1424 et
1485 1384 1584 1425 ceu
1616 1383 1742 1424 esca
1769 1367 1930 1421 hamo
1955 1365 2112 1421 afﬁxa

540 1462 829 1517 stultiores
862 1462 967 1517 sibi
1000 1461 1343 1517 conciliavit.
1395 1460 1661 1516 Diabolus
1722 1458 1956 1513 mendax
2003 1463 2111 1521 est,

540 1565 649 1604 non
677 1558 861 1605 tamen
894 1550 949 1604 in
978 1560 1191 1606 tantum
1234 1560 1499 1621 quantum
1533 1549 1809 1603 Mahomet
1833 1586 1848 1611 ,
1914 1555 1977 1602 ut
2018 1561 2114 1615 per

545 1653 719 1698 totum
754 1645 1115 1717 Alcorranum
1146 1644 1296 1699 clare
1328 1641 1663 1699 ostenditur.
1689 1641 1952 1696 Diabolus
1980 1653 2113 1709 sup-

537 1736 796 1806 putridus
834 1746 940 1802 est,
972 1746 1028 1792 et
1049 1735 1374 1809 hypocrita;
1404 1743 1457 1789 et
1477 1734 1604 1804 quis
1626 1734 1731 1788 hoc
1758 1733 1929 1802 magis
1949 1745 2111 1800 quam

537 1828 841 1894 Mahomet,
884 1830 978 1899 qui
1021 1829 1333 1883 humilitate
1376 1828 1633 1883 simulata
1664 1825 1835 1880 animi
1864 1822 2114 1879 sublimi-

539 1927 707 1973 tatem
736 1917 1022 1987 amplexus
1055 1918 1176 1974 est?
1218 1918 1479 1972 Diaboqu
1502 1917 1800 1973 vetitorum
1830 1914 2114 1969 consultor

2220 729 2313 780 τὸν
2354 724 2597 796 Χριστὸν
2637 727 2745 781 ἔδει
2791 728 3144 797 προσκυνεῖν,
3193 726 3288 780 καὶ
3328 725 3404 796 μὴ
3437 724 3517 791 τῷ
3550 723 3788 793 Μωάμεθ

2221 819 2557 875 ἀκολουθεῖν.
2593 820 2714 882 Πῶς
2746 818 2855 888 γάρ
2887 818 2998 871 ἔδει
3027 817 3386 887 πιστευθῆναι
3419 815 3486 870 τὰ
3515 814 3609 869 τοῦ
3659 813 3795 868 Θεοῦ

2221 910 2378 977 λόγια
2438 909 2713 981 ἀνθρώπῳ
2771 909 2942 981 ὁμοίῳ
3003 910 3147 963 κατὰ
3204 909 3384 965 πάντα
3411 907 3490 977 τῷ
3540 907 3791 976 δαίμονις

2222 1003 2326 1056 Καὶ
2359 1003 2406 1056 εί
2432 1002 2634 1072 βούλει,
2669 1000 3104 1071 παραϐάλλωμεν
3128 1000 3471 1071 ἀμφοτέρους
3490 1041 3506 1066 ,
3544 1000 3637 1052 καὶ
3664 1017 3799 1067 γνωο

2224 1094 2427 1165 σόμεθα
2479 1097 2548 1146 τὰ
2580 1092 2788 1146 τούτων
2837 1092 3125 1162 ἰδιώματα.
3169 1093 3231 1146 '0
3259 1091 3507 1155 διάϐολος·
3555 1089 3797 1160 ἐπηρμέ-

2221 1204 2309 1249 νος
2335 1187 2427 1241 καὶ
2469 1185 2710 1251 ἀλαζὼν,
2746 1186 2773 1238 6
2813 1184 3116 1255 Μαχούμετ
3165 1183 3477 1255 ἐπηρμένος
3541 1182 3637 1237 καὶ
3669 1183 3798 1237 ἀλα-

2221 1278 2355 1343 ζών.
2390 1277 2488 1341 Τίς
2531 1278 2640 1349 γὰρ
2682 1277 2885 1349 μείζων
2913 1277 3008 1330 τοῦ
3054 1277 3324 1347 Μωάμεθ,
3355 1276 3416 1340 ὃς
3447 1274 3795 1347 ὐπεραναϐἀς

2221 1372 2348 1433 τοὺς
2390 1371 2672 1440 οὐρανοὺς,
2729 1370 2805 1433 ὡς
2852 1369 3016 1433 αὐτὸς
3068 1369 3210 1438 ὑπὲρ
3242 1367 3409 1422 αὐτοῦ
3457 1367 3669 1438 εἴρηκε,
3699 1368 3795 1421 καὶ

2220 1463 2389 1527 αὑτὰς
2414 1464 2512 1525 τὰς
2540 1462 2837 1532 ἀγγελικάς
2871 1462 3053 1525 πάσας
3086 1443 3345 1532 δυνάμεις
3372 1459 3583 1532 τῷΘεῷ
3616 1462 3789 1530 πρόσ⁴

2221 1554 2438 1625 ωμίλει,
2470 1556 2561 1607 καὶ
2597 1556 2827 1623 μεσίτης
2853 1555 2963 1608 τῶν
2998 1553 3336 1608 ἐπταικότων
3376 1552 3623 1623 ἀγγέλων
3676 1552 3796 1621 ἐγέ-

2221 1664 2365 1713 νετο,
2419 1646 2558 1700 ἀλλὰ
2613 1647 2707 1700 καὶ
2757 1645 2962 1710 παντὸς
2996 1632 3117 1699 ’τοῦ
3180 1644 3387 1716 κόσμου
3433 1645 3795 1716 προστάτης;

2234 1739 2293 1793 '0
2326 1738 2574 1802 διάϐολος
2619 1736 3079 1808 ἀνθρωποκτόνος
3133 1736 3272 1801 ἐστὶ,
3323 1735 3418 1790 καὶ
3461 1739 3489 1789 6
3546 1735 3794 1803 Μωάμεθ

2219 1833 2345 1893 τοὺς
2387 1830 2463 1901 μὴ
2488 1830 2847 1900 πειθομένους
2881 1831 2994 1894 τοῖς
3040 1828 3310 1899 δόγμασιν
3353 1826 3523 1882 αὑτοῦ
3578 1827 3793 1896 θανάτῳ

2221 1923 2599 1978 κατεδίκασεν.
2646 1923 2706 1976 '0
2720 1922 2965 1986 διάϐολος
2993 1920 3255 1975 ἀπατεών
3282 1922 3420 1986 ἐστι,
3453 1918 3550 1974 καὶ
3573 1920 3601 1971 6
3630 1919 3794 1974 Μωά-

522 2018 643 2073 ψει,
670 2009 817 2079 quod
841 2008 896 2063 in
920 2010 1114 2079 primis
1134 2008 1593 2075 facitMahomet;
1621 2007 1765 2062 nihil
1798 2006 1945 2062 enim
1968 2004 2109 2066 sani.

2225 2014 2324 2085 μεθ
2384 2014 2483 2077 τὰς
2520 2012 2714 2084 ἡδονὰς
2766 2012 2973 2077 ἐνδοὺς,
3022 2011 3119 2065 καὶ
3172 2012 3363 2081 ὥσπερ
3404 2027 3458 2063 τι
3508 2009 3698 2080 δέλεαρ
3735 2010 3790 2062 ὲν

538 2101 676 2155 nihil
705 2101 1004 2168 commodi,
1038 2102 1179 2157 nihil
1202 2104 1317 2158 Deo
1342 2102 1587 2173 placens,
1649 2099 1743 2155 sed
1774 2098 1958 2153 omnia
2000 2098 2112 2152 Deo

518 2191 756 2261 legique
777 2191 977 2247 divinae
998 2193 1279 2249 contraria
1304 2194 1516 2251 docuit.
1550 2192 1813 2264 Diabolus
1837 2190 1928 2244 Dei
1959 2189 2110 2243 nulla

534 2282 804 2353 religione
836 2292 1087 2351 tenetur;
1121 2293 1176 2339 et
1207 2299 1305 2355 per
1333 2285 1517 2340 omnia
1552 2283 1630 2338 illi
1687 2283 1889 2338 similis
1919 2281 2109 2354 perdi-

518 2374 710 2429 ttionis
742 2374 890 2429 lilius
914 2374 1210 2430 Mabomet.
1270 2375 1440 2430 Deum
1470 2374 1620 2429 enim
1663 2373 1857 2428 adorat
1885 2382 1942 2427 et
1967 2386 2109 2443 pra!—

539 2464 693 2519 dicat
731 2463 1085 2535 sphaericum,
1122 2466 1208 2520 vel
1235 2465 1549 2536 globosum,
1583 2472 1637 2519 et
1668 2463 2106 2534 frigidissimum.

541 2557 740 2616 Deum.
771 2557 1023 2625 inquam,
1069 2556 1300 2623 adorat,
1354 2558 1449 2625 qui
1500 2572 1603 2611 nec
1631 2556 1849 2627 genitus
1878 2564 1980 2617 est,
2010 2569 2111 2609 nec

536 2653 808 2715 generat;
859 2660 969 2699 non
1029 2646 1361 2716 intelligens,
1412 2645 1623 2712 infelix,
1686 2645 1834 2715 quod
1886 2659 2106 2714 corpus,

539 2752 650 2790 non
687 2736 860 2791 Deum
893 2736 1107 2792 adoret.
1144 2735 1372 2807 Sphara
1410 2738 1561 2792 enim
1592 2737 1842 2807 corporis
1871 2735 2105 2806 species,

516 2839 592 2883 λοι
616 2829 892 2899 {rigiditus
920 2829 1172 2901 corporis
1196 2830 1433 2900 qualitas
1457 2838 1561 2886 est.
1592 2830 1747 2896 Quod
1781 2844 1915 2883 vero
1936 2828 2106 2882 D‘eum

534 2931 697 2977 νοεοι
728 2938 830 2978 nec
862 2933 1237 2993 generantcm,
1268 2939 1369 2979 nec
1397 2930 1743 2992 generatum,
1779 2936 1880 2976 nec
1905 2933 2108 2989 corpus

534 3015 749 3079 adorat,
783 3027 888 3070 nec
910 3014 1082 3069 Deum
1111 3015 1496 3083 incorporeum
1560 3024 1774 3072 verum,
1812 3009 1905 3063 sed
1934 3009 2105 3063 Deum

458 3140 463 3145 ~
535 3105 686 3169 colit,
735 3119 895 3175 quem
933 3104 1228 3175 impiorum
1260 3102 1468 3174 ﬁngunt
1510 3101 1744 3160 somnia.
1790 3098 2105 3156 Ridiculum

2220 2106 2501 2178 ἀγκίστρῳ
2541 2104 2718 2169 ἐνθεὶς
2743 2145 2759 2169 ,
2795 2104 2923 2166 τοὺς
2952 2105 3211 2176 ἀνοήτους
3247 2103 3385 2175 πρὸς
3421 2102 3615 2157 ἑαυτὸν
3638 2100 3791 2171 ἐφελ-

2221 2197 2447 2252 κύςατο.
2506 2196 2566 2250 '0
2623 2195 2870 2267 διάϐολος
2927 2195 3172 2266 ψεύστης
3217 2195 3391 2261 ἐστὶν,
3437 2194 3556 2249 ἀλλ’
3593 2194 3655 2248 ού
3703 2211 3785 2246 τοι·

2223 2291 2410 2344 σοῦτον
2464 2290 2542 2354 ὡς
2584 2292 2612 2344 ό
2643 2288 2911 2358 Μωάμεθ,
2964 2287 3149 2350 καθὼς
3187 2289 3245 2342 ὲν
3285 2286 3394 2357 ὅλῳ
3447 2284 3530 2356 τῷ
3574 2283 3778 2356 Κορῤἀν

2218 2381 2431 2452 τρανῶς
2462 2379 2842 2449 ἀναφαίνεται.
2891 2377 2951 2432 ’0
2987 2376 3234 2440 διάϐολος
3273 2375 3508 2439 ὕπουλός
3537 2374 3782 2438 ἔστι,καὶ

2217 2474 2303 2536 τίς
2351 2472 2509 2533 ἄλλος
2560 2471 2635 2534 ὡς
2676 2470 2705 2523 ὁ
2733 2468 3004 2539 Μωάμεθ,
3053 2466 3392 2522 ταπείνωσιν
3452 2463 3790 2535 ὑποκριθεὶς,

2217 2561 2319 2632 τὴν
2368 2557 2819 2630 ὑψηλοφροσύνην
2848 2557 3175 2628 ἠσπάσατος
3236 2555 3296 2610 '0
3355 2553 3604 2626 διάϐολος
3659 2551 3795 2620 σύμ-

2220 2651 2409 2715 ϐουλός
2439 2651 2557 2704 ἔστι
2589 2648 2695 2703 τῶν
2721 2649 3215 2719 ἀπηγορευμένων,
3234 2647 3330 2700 καὶ
3346 2645 3489 2717 ὑπὲρ
3530 2646 3737 2706 πάντας
3765 2644 3796 2695 ό

2219 2742 2494 2812 Μωάμεθ.
2514 2740 2680 2795 Οὐδὲν
2697 2740 2806 2809 γὰρ
2829 2739 3000 2809 ὑγιὲς,
3023 2738 3173 2792 οὐδὲν
3189 2736 3486 2807 ὠφέλιμον,
3505 2734 3657 2789 οὐδὲν
3672 2732 3795 2804 Θεῷ

2217 2835 2424 2900 δεκτὸν,
2457 2832 2592 2886 ἀλλᾶ
2612 2831 2680 2886 τά
2714 2832 2889 2885 πάντα
2921 2829 3063 2883 κατᾶ
3092 2828 3187 2882 τοῦ
3220 2826 3362 2881 Θεοῦ
3389 2827 3484 2881 καί
3517 2825 3613 2879 τοῦ
3644 2825 3792 2879 θείου

2218 2927 2392 2996 νόμου
2419 2923 2680 2990 ἐδίδαξεν.
2724 2923 2787 2977 Ὀ
2817 2921 3068 2984 διάϐολος
3090 2918 3271 2987 ἄθεος,
3310 2921 3408 2987 καὶ
3441 2918 3585 2973 κατά
3613 2918 3793 2972 πάντα

2215 3018 2403 3089 ὅμοιος
2434 3013 2584 3085 αὺτῷ
2609 3016 2637 3069 6
2670 3014 2768 3084 τῆς
2792 3012 3069 3073 ἀπωλείας
3100 3012 3218 3074 υίὸς
3247 3014 3274 3065 6
3307 3009 3631 3082 Μαχούμετ.
3659 3008 3789 3061 Θεὸν

2214 3110 2322 3180 γὰρ
2348 3108 2648 3179 προσκυνεῖ
2678 3106 2774 3159 καὶ
2808 3103 3075 3175 κηρύττει
3103 3102 3430 3174 όλόσφαιρον
3464 3102 3561 3155 καὶ
3592 3101 3794 3171 ψυχρό-

532 3197 683 3251 enim
715 3197 941 3252 omnino
970 3207 1077 3263 est,
1105 3197 1277 3252 solem
1302 3197 1539 3264 aliquem
1576 3194 1858 3251 celebrare
1891 3191 2102 3248 lumine

2216 3218 2393 3266 τατον,
2450 3200 2584 3255 Θεὸν
2618 3199 2934 3270 προσκυνεῖ,
2983 3197 3077 3250 τὸν
3118 3196 3254 3268 μήτε
3300 3195 3656 3265 γεννηθέντα,
3683 3193 3791 3263 μήν

532 3297 839 3356 carentem,
865 3300 921 3343 et
948 3289 1154 3343 fontem
1190 3288 1348 3359 aquis
1375 3286 1721 3353 destitutum,
1773 3293 1831 3341 et
1863 3291 2103 3340 mentem

2212 3310 2270 3347 τε
2292 3293 2649 3365 γεννήσαντα.
2680 3291 2756 3364 μὴ
2784 3290 2983 3360 νοήσας
2999 3292 3026 3344 6
3050 3287 3281 3353 δείλαιος
3317 3289 3399 3342 ὅτι
3434 3286 3595 3359 σῶμα
3615 3302 3790 3357 προσ-
3812 3294 3825 3303 ⁸

531 3382 750 3436 ratione
781 3381 930 3435 nulla
955 3380 1261 3450 praeditam.
1296 3380 1490 3437 Pereat
1528 3381 1710 3448 itaque
1744 3377 1889 3433 Deus
1914 3377 2106 3448 hujus-

2216 3388 2380 3449 κυνεῖ,
2433 3386 2525 3439 καὶ
2557 3385 2620 3439 ού
2667 3385 2819 3438 Θεόν.
2885 3383 2948 3437 Ἦ
2993 3382 3102 3453 γάρ
3134 3384 3341 3453 σφαῖρα
3395 3376 3533 3443 εἶδος
3607 3377 3792 3447 σώμα-

532 3472 706 3528 modi.
736 3471 1177 3527 Christianorum
1205 3489 1336 3528 vero
1362 3474 1687 3533 Deus,unus
1713 3478 1819 3535 est,
1850 3470 1945 3539 qui
1974 3478 2104 3525 ante

533 3563 719 3618 omnia
751 3565 816 3618 de
849 3565 1126 3629 omnibus,
1160 3566 1215 3620 in
1265 3565 1547 3630 omnibus,
1607 3559 1665 3616 et
1720 3576 1888 3631 super
1918 3559 2104 3614 omnia

533 3663 619 3711 est
653 3634 707 3709 in
737 3657 960 3710 nomine
993 3656 1193 3724 Patris,
1227 3656 1348 3710 Fiiii
1381 3664 1437 3710 et
1461 3652 1702 3725 Spiritus
1758 3653 1934 3708 sancti
1983 3667 2107 3706 cre-

535 3748 688 3802 dit-us
716 3758 773 3802 et
802 3742 1129 3824 honoratus,
1166 3748 1358 3805 Unitas
1385 3748 1441 3801 in
1465 3745 1756 3810 Trinitatc,
1791 3753 1847 3799 et
1869 3743 2109 3799 Trinitas

525 3846 590 3927 in
622 3843 839 3900 Unitate
864 3844 1151 3899 inconfuse
1172 3843 1347 3905 unita,
1369 3851 1425 3896 et
1449 3841 1799 3910 inseparatim
1826 3841 2106 3909 distincta,

533 3937 753 4004 eadem,
814 3938 1061 4007 inquam,
1115 3936 1314 3991 Unitas
1343 3942 1400 3988 et
1437 3932 1681 3989 Trinitas
1723 3933 2104 4004 omnipotens;

508 4030 697 4107 Pater
723 4030 996 4100 principio
1035 4041 1256 4092 carens,
1296 4041 1407 4081 non
1448 4027 1614 4083 modo
1665 4037 1909 4098 tempore
1942 4025 2111 4081 incir-

535 4122 929 4191 cumscriptus,
984 4118 1097 4176 scd‘
1112 4119 1262 4174 omni
1296 4119 1460 4176 modo
1485 4119 1651 4176 etiam
1677 4134 1840 4175 causa
1868 4133 2064 4175 carens
2090 4133 2104 4170 :

532 4215 689 4269 solus
717 4214 833 4283 ipse
863 4226 1050 4275 causa,
1070 4210 1247 4276 radix,
1281 4219 1339 4267 et
1368 4212 1490 4269 fons
1522 4212 1855 4277 Divinitatis.
1902 4226 2026 4283 quae
2051 4210 2107 4265 in

532 4308 672 4362 Filio
699 4314 756 4362 et
780 4303 987 4376 Spiritu
1018 4314 1209 4361 sancto
1242 4307 1489 4361 cernitur
1522 4324 1535 4362 :
1562 4307 1676 4377 qui,
1713 4320 1933 4377 precor,
1979 4321 2112 4376 pro-

534 4398 708 4466 pitius
733 4396 905 4451 nobis
921 4395 1013 4461 sit,
1049 4404 1103 4451 et
1151 4398 1411 4454 omnibus
1434 4398 1768 4455 Christianis
1807 4398 1862 4453 in
1899 4397 1989 4452 die
2018 4396 2109 4462 ju-

534 4488 689 4551 dicii,
720 4486 1121 4543 intercessione
1146 4488 1451 4546 benedicta:
1473 4490 1714 4546 dominae
1750 4498 1953 4545 nostrae
1982 4486 2110 4542 Dei-

530 4594 682 4650 pane
732 4586 792 4634 et
823 4578 1052 4650 virginis
1102 4580 1303 4650 Mariae,
1355 4584 1716 4654 omniumque
1762 4589 2104 4651 sanctorum.

531 4676 732 4726 Amen.
831 4696 837 4711 ι

2210 3479 2301 3543 τός
2332 3479 2498 3544 ὲστι,,
2534 3476 2631 3530 καὶ
2663 3477 2696 3546 ἡ
2723 3474 2885 3545 ψύξις
2929 3474 3153 3545 ποιότης
3183 3473 3455 3543 σώματος.
3485 3471 3558 3524 Τὸ
3579 3470 3636 3523 δὲ
3661 3468 3792 3521 Θεὸν

2208 3571 2301 3625 τὸν
2351 3570 2490 3643 μήτε
2518 3568 2857 3640 γεννήσαντα
2886 3568 3027 3639 μήτε
3095 3565 3426 3637 γεννηθέντα
3474 3560 3599 3616 οὔτε
3633 3562 3792 3631 σῶμα

2212 3663 2531 3730 προσκυνεῖ,
2575 3659 2702 3713 οὔτε
2733 3659 2868 3714 Θεὸν
2924 3659 3219 3730 ἀσώματον
3273 3659 3371 3712 καὶ
3421 3654 3623 3725 ἀληθῆ.
3657 3653 3793 3707 ἀλλὰ

2209 3753 2342 3806 Θεὸν
2391 3752 2713 3822 προσκυνεῖ,
2741 3750 2844 3821 ς’δν
2878 3751 3084 3822 ὄνειροι
3130 3750 3243 3803 τῶν
3280 3747 3496 3802 ἀσεϐῶν
3530 3744 3793 3815 διαπλάτ-

2210 3860 2382 3898 τουσι.
2409 3843 2624 3896 Γελοῖόν
2663 3843 2773 3914 γὰρ
2816 3842 3036 3905 πάντως
3069 3843 3189 3896 ἐστὶ
3216 3840 3461 3907 δοξάζειν
3486 3842 3607 3895 τινὰ
3640 3839 3793 3917 ἥλιον

2216 3938 2290 4007 μὴ
2330 3935 2521 4007 ἔχοντα
2553 3935 2688 4004 φῶς,
2720 3936 2817 3990 καὶ
2854 3936 3038 4008 πηγὴν
3094 3935 3227 3990 ἄνευ
3288 3935 3505 4001 ὓδατος,
3547 3932 3795 3989 καινοῦν

2213 4028 2373 4097 λόγον
2405 4028 2481 4101 μὴ
2510 4028 2722 4100 ἔχοντα,
2771 4028 2847 4092 ὡς
2876 4029 3131 4087 ἀπόλοιτο
3159 4030 3188 4082 ὁ
3213 4043 3462 4090 τοιουτος
3510 4027 3665 4091 Θεός.
3729 4025 3793 4078 '0

2210 4119 2269 4173 δὲ
2321 4122 2451 4192 παρ’
2483 4120 2641 4191 ἡμῶν
2674 4119 2788 4174 τῶν
2848 4120 3194 4191 Χριστιανῶν
3254 4119 3388 4183 Θεὸς
3443 4115 3524 4183 εἷς
3558 4119 3726 4184 ἐστιν,
3762 4115 3797 4167 6

2211 4214 2320 4285 πρὸ
2380 4215 2624 4280 πάντων,
2686 4213 2785 4267 καὶ
2844 4214 2940 4267 επὶ
2971 4213 3214 4280 πάντων,
3273 4213 3371 4265 καὶ
3414 4212 3474 4265 ὲν
3506 4212 3661 4275 πᾶσι,
3695 4212 3794 4263 καὶ

2212 4307 2355 4379 ὑπὲρ
2394 4307 2455 4361 τὸ
2490 4309 2619 4371 πᾶν,
2649 4306 2708 4360 ἑν
2755 4306 2932 4377 Πατρὶ
2983 4308 3079 4360 καὶ
3131 4298 3246 4376 Υἱῷ
3293 4305 3390 4360 καὶ
3437 4305 3577 4375 ἁγίῳ
3614 4302 3792 4357 Ilvati-

2204 4416 2348 4470 pum
2388 4399 2783 4469 πιστευόμενός
2831 4416 2892 4453 τε
2923 4399 3021 4453 καὶ
3050 4397 3556 4468 προσκυνούμενος,
3621 4394 3794 4463 μονὰς

2211 4494 2272 4547 ἐν
2294 4493 2509 4563 Τριάδι,
2537 4493 2631 4546 καὶ
2650 4491 2822 4562 Τριάς
2847 4493 2904 4545 ὲν
2925 4489 3135 4561 μονάδι,
3156 4490 3480 4561 ἀσυγχύτως
3499 4487 3795 4557 ἑνουμένη,

2212 4583 2310 4637 καὶ
2362 4584 2678 4655 ἀμερίστως
2717 4583 3094 4655 διαιρουμένη.
3159 4583 3346 4645 Μονὰς
3397 4584 3431 4650 ὴ
3488 4579 3648 4651 αὑτὴ,
3696 4580 3799 4632 καὶ

2211 4676 2384 4746 Τριὰς
2420 4674 2853 4746 παντοδύναμος.
2898 4674 3088 4747 Πατὴρ
3116 4675 3381 4746 ἄναρχος,
3431 4674 3493 4726 οὐ
3521 4673 3684 4743 μόνον
3712 4670 3795 4731 ὡς

468 4806 482 4829 ς
529 4763 782 4831 ἂχρονος,
810 4763 946 4819 ἀλλὰ
974 4769 1068 4819 καὶ
1105 4765 1182 4830 ὡς
1211 4765 1353 4819 κατὰ
1386 4765 1565 4819 πάντα
1626 4763 1828 4833 τρόπον
1860 4763 2123 4829 ἀναίτιος.
2162 4765 2371 4828 Μόνος·
2403 4766 2575 4831 αἰτία,
2603 4765 2699 4819 καὶ
2739 4765 2891 4835 ῥίζα,
2941 4766 3038 4818 καὶ
3080 4767 3234 4835 πηγὴ
3281 4766 3380 4834 τῆς
3441 4766 3500 4819 ὲν
3526 4762 3642 4833 Tit?)
3697 4766 3798 4816 καὶ

535 4855 677 4923 ἁγίῳ
741 4857 1022 4929 Πνεύματι
1076 4859 1459 4930 θεωρουμένης
1514 4858 1812 4927 Θεότητος,
1853 4859 1914 4923 ὃς
1960 4859 2118 4924 ἵλεως
2154 4862 2370 4929 γένοιτο
2424 4862 2559 4931 ἡμῖν
2614 4860 2711 4915 καὶ
2776 4863 2914 4914 πᾶσι
2967 4862 3318 4932 Χριστιανοῖς
3363 4863 3422 4915 ὲν
3486 4862 3552 4931 τῇ
3606 4859 3798 4930 ἡμέρᾳ

532 4949 639 5014 τῆς
702 4950 958 5019 γρίσεως.
1009 4953 1332 5023 πρεσὸείαις
1374 4948 1476 5020 τῆς
1534 4949 2065 5024 ὐτιῖερενλογημένηςΔ
2118 4952 2408 5027 δεσποίηνς
2468 4953 2629 5025 ἡμῶν
2677 4952 2929 5009 θεοτόκου
3004 4956 3100 5010 καὶ
3156 4953 3519 5025 ἀειπαρθένου
3564 4952 3801 5025 Μαρίας

534 5047 635 5101 καὶ
677 5049 896 5102 πάντων
938 5047 1045 5100 τῶν
1082 5048 1275 5126 ἀγέων.
1344 5046 1538 5116 Ἀμήν.
