4058 6438
361 433 474 497 693
1318 425 1617 489 CONTRA
1657 424 2021 484 BARLAAM
2062 420 2156 483 ET
2190 420 2664 484 ACINDYNUM.
3508 422 3616 485 695

1596 721 2384 843 PROOEMIUM

731 970 1040 1066 ΤΟΜί
1121 969 1589 1078 CONTRA
1683 966 2224 1056 BARLAAM
2299 966 2451 1055 ET
2532 965 3248 1058 ACINDYNUM

1244 1165 1640 1230 AUCTORE
1695 1162 2294 1230 CHRISTODULO
2334 1161 2775 1226 MONACHO.
3589 1189 3620 1242 gl

1332 1481 1906 1576 MONITUM
1981 1481 2664 1575 EDITORUM.

459 1785 587 1847 Sub
617 1785 835 1848 ﬁctitio
878 1787 1165 1850 monachi
1207 1790 1606 1855 (Νιγίδιοᾱωί
1649 1795 1910 1858 nomine
1951 1797 2102 1859 latet
2155 1799 2434 1861 Joannes
2485 1797 2990 1871 Cantacuzenus,
3037 1795 3146 1874 qui
3183 1811 3219 1858 e
3257 1792 3424 1866 solio
3455 1794 3628 1858 Con-

383 1887 952 1965 stantinopolitano
990 1892 1275 1971 dejectus
1309 1895 1597 1957 habitum
1628 1897 2064 1960 monachalem
2116 1897 2354 1960 induit.
2383 1896 2808 1960 Do'ctissimus
2839 1896 3132 1968 Bandini,
3167 1895 3237 1957 in
3272 1894 3474 1958 ϐαιοὶ.
3517 1895 3634 1955 Bi-

381 1984 600 2048 bliolh.
651 1987 949 2052 Laurent.
989 1999 1032 2053 t.
1079 1996 1124 2065 Ι,
1167 2011 1227 2070 p.
1263 1994 1401 2070 3A2,
1448 1997 1748 2060 volumen
1780 1998 1898 2060 hoc
1926 2005 1987 2061 et
2016 2005 2324 2062 memorat
2374 2005 2434 2061 et
2466 1998 2793 2078 expendit,
2825 1997 3023 2061 veluti
3053 1997 3292 2059 librum
3323 2013 3359 2059 a
3388 1998 3635 2057 Joanne

378 2086 813 2152 Cantacuzeno
846 2092 910 2154 in
943 2093 1251 2156 Barlaami
1298 2101 1360 2157 et
1395 2096 1718 2175 Acindyni
1787 2097 2081 2161 haeresim
2138 2097 2537 2160 refutandam
2577 2097 2851 2172 editum;
2909 2111 2979 2158 ac
3027 2095 3218 2159 simul
3269 2093 3639 2172 suppeditat

379 2192 671 2254 uetitiam
711 2197 890 2257 Tomi
945 2215 1138 2278 quem
1183 2201 1461 2261 Joannes
1500 2200 1849 2278 patriarcha
1899 2202 2019 2265 ΟΡ.
2055 2203 2121 2264 in
2155 2201 2410 2265 eosdem
2448 2201 2842 2263 Barlaamum
2879 2205 2940 2261 et
2969 2198 3382 2277 Acindynum
3421 2201 3640 2274 protu-

382 2291 488 2364 lit;
521 2294 631 2355 sed
667 2296 818 2358 mira
851 2297 1316 2361 inadvertentia
1351 2300 1573 2362 scribit
1605 2302 1773 2364 hunc
1806 2305 2078 2365 Tomum
2131 2303 2323 2382 dirigi
2363 2301 2662 2364 adversus
2716 2299 3061 2372 Palamam,
3121 2297 3526 2359 Barlaamum
3581 2304 3639 2355 et

383 2393 794 2475 Acindymrm,
856 2389 1036 2480 quasi
1093 2405 1381 2483 synodus
1445 2423 1590 2485 qum
1642 2406 1704 2467 in
1767 2406 2005 2468 tuenda
2059 2405 2378 2468 sententia
2426 2404 2690 2467 Palama;
2747 2408 2901 2477 erat,
2962 2417 3100 2464 eam
3157 2401 3544 2470 damnasset,
3577 2404 3640 2458 et

389 2495 738 2561 Barlaamus
776 2518 918 2563 cum
945 2503 1311 2585 Acindyno,
1353 2507 1466 2586 qui
1499 2507 1881 2570 sententiam
1919 2507 2183 2570 Palama;
2212 2507 2440 2570 acriter
2470 2506 2954 2585 impugnarunt,
2986 2509 3046 2565 et
3076 2518 3107 2563 a
3139 2501 3392 2562 Palama
3426 2499 3642 2576 impu-

382 2601 548 2675 gnati
573 2608 748 2678 sunt,
785 2605 1056 2669 Palamaa
1108 2610 1501 2670 adamussim
1536 2611 1996 2673 consensisset.
2024 2612 2270 2684 Postea,
2303 2626 2448 2689 pag.
2479 2609 2582 2681 ‘23,
2616 2622 2900 2670 errorem
2935 2602 3294 2681 suum,jam
3327 2599 3643 2679 agnitum,

381 2703 701 2783 corrigere
736 2710 960 2771 volens
989 2711 1054 2772 in
1089 2712 1288 2774 alium
1326 2713 1668 2793 prolapsus
1708 2722 1826 2777 est.
1871 2716 2219 2778 Contendit
2265 2731 2494 2792 nempe
2525 2715 2834 2775 Joannem
2865 2711 3374 2773 Cantacuzenum
3406 2703 3646 2766 nedum

381 2803 690 2866 Palamam
719 2807 1062 2886 refelleret,
1092 2814 1228 2890 ejus
1257 2814 1566 2878 doctrinae
1595 2815 1880 2894 apprime
1917 2816 2178 2886 favisse,
2213 2816 2388 2894 quod
2437 2829 2658 2876 verum
2690 2821 2786 2874 est
2817 2833 2833 2872 :
2875 2811 2987 2873 sed
3026 2813 3266 2872 temere
3289 2805 3642 2885 conjiciens

385 2904 693 2970 Palamam
731 2910 796 2978 in
822 2912 1348 2990 .illaipraat‘atione
1383 2917 1778 2997 impugnari,
1811 2918 1981 2996 quod
2012 2915 2243 2979 falsum
2277 2921 2396 2989 est,
2433 2914 2664 2976 asserit
2695 2911 3016 2974 rubricam
3047 2907 3289 2970 codicis
3321 2919 3484 2982 pene
3516 2903 3630 2964 de-

385 3005 599 3088 letam,
633 3013 718 3074 ita
780 3016 1109 3092 legendam
1166 3035 1307 3080 esse
1342 3037 1357 3083 :
1392 3022 1663 3082 Joannis
1735 3020 2184 3099 Cyparissiotw
2252 3027 2478 3078 contra
2521 3011 2842 3075 Palamam
2892 3008 3253 3072 haereticum
3300 3020 3642 3066 sermones.

385 3110 602 3172 Utrum
633 3117 884 3180 rubrica
917 3137 1078 3197 pene
1101 3121 1436 3185 obliterata
1453 3124 1671 3199 fuerit,
1694 3140 1916 3198 necne,
1939 3121 2348 3201 ignoramus;
2395 3119 2456 3180 id
2492 3123 2704 3182 autem
2730 3121 2900 3177 certo
2937 3111 3173 3175 certius
3207 3108 3467 3186 scimus,
3503 3123 3645 3169 eam

389 3217 572 3279 verba
592 3237 625 3282 a
647 3222 1016 3286 doctissimo
1041 3227 1327 3289 Bandino
1345 3228 1582 3307 prolata
1607 3229 1840 3291 referre
1863 3245 1988 3290 non
2017 3227 2300 3306 potuisse
2323 3247 2338 3298 ;
2359 3223 2708 3302 siquidem,
2725 3219 2958 3285 nedum
2976 3215 3291 3280 Palamam
3316 3216 3646 3294 impugnat

385 3329 626 3399 auctor,
687 3339 721 3383 e
777 3333 990 3388 contra
1019 3329 1461 3407 Hesychiastas
1511 3329 1852 3390 Palamitas
1897 3347 1976 3391 ex
2027 3325 2345 3390 industria
2384 3322 2691 3386 defendit.
2751 3321 2885 3382 Hos
2940 3323 3151 3380 autem
3182 3315 3636 3396 Hesychiastas

387 3428 646 3512 strenue
689 3427 968 3505 aggressi
1010 3439 1159 3490 sunt
1218 3433 1497 3494 Joannes
1557 3435 2026 3512 Cyparissiotes
2057 3438 2119 3496 et
2162 3429 2472 3500 Barlaam,
2523 3409 2790 3488 Palamae
2827 3420 3200 3485 adversarii.
3234 3419 3490 3483 Falsum
3547 3427 3648 3483 est

389 3527 588 3605 igitur
621 3531 928 3592 Joannem
962 3534 1460 3613 Cyparissiotem
1496 3536 1687 3617 hujus
1724 3539 1939 3616 operis
1971 3544 2297 3599 auctorem
2352 3549 2516 3594 esse.
2549 3531 2770 3609 Itaque
2802 3526 2998 3590 codex
3031 3525 3144 3588 ille
3176 3527 3457 3589 continet
3491 3525 3648 3586 scri-

390 3637 568 3708 ptum
615 3650 746 3710 quo
782 3636 1063 3698 Joannes
1123 3639 1630 3719 Cantacuzenus,
1662 3643 1931 3705 Palama:
1984 3642 2250 3716 assecla,
2283 3641 2350 3702 in
2412 3640 2808 3700 Barlaamum
2840 3642 2904 3699 et
2931 3633 3341 3712 Acindynum
3379 3629 3648 3691 Palamaa

389 3733 785 3798 adversarios
837 3741 1224 3818 composuit.
1260 3743 1330 3803 In
1379 3744 1500 3806 ﬁne
1555 3746 1796 3809 notitiae
1852 3744 2150 3819 Bandini,
2182 3761 2247 3823 p.
2279 3743 2420 3812 3&9,
2457 3743 2662 3822 liquet
2691 3747 3016 3803 auctorem
3052 3735 3198 3796 libri
3250 3732 3408 3796 olim
3436 3731 3648 3812 impe-
3686 3723 3691 3728 ’

393 3837 658 3895 ratorem
686 3850 756 3896 ac
789 3837 1021 3900 deinde
1074 3840 1450 3904 monachum
1492 3841 1724 3920 fuisse,
1761 3862 1905 3925 quae
1959 3849 2124 3906 notas
2154 3841 2381 3904 Joanni
2419 3842 2865 3904 Cantacuzeno
2911 3835 3096 3900 facile
3127 3842 3444 3914 aptantur.

2104 3979 2135 3989 -
2735 3940 2896 4002 J.-B.
2925 3939 3012 4000 M.

1009 4258 1022 4278 .
1118 4216 1353 4271 ΤΟΜΟΣ
1391 4217 1430 4270 Γ
1433 4216 1517 4270 ΕΓ
1521 4214 1699 4270 ΟΝΩΣ
1738 4215 1922 4268 ΠΑΡΑ
1967 4214 2106 4269 ΤΟΥ
2144 4211 2596 4268 ΠΑΤΡῙΔΡΧΟΥ
2636 4207 2942 4266 ΙΩᾹΝΝΟΥ

1692 4357 1814 4410 ΚΑΙ
1849 4357 1987 4411 ΤΗΣ
2027 4357 2348 4412 ΣΥΝΟΔΟΥ

1326 4498 1690 4573 ΚΑΤΛΣΤΗΣ
1721 4499 1859 4552 ΤΟΥ
1889 4497 2221 4555 ΒΑΡΛΔΑΜ
2263 4495 2724 4555 ΚᾹΚΟΔΟΞΙΔΣ.

1205 4776 1479 4839 TOMUS
1534 4775 1836 4840 FACTUS
1883 4776 1936 4835 Α
1984 4769 2504 4837 PATRIARCHA
2547 4763 2848 4829 JOANNE

1779 4929 1885 4990 ET
1933 4927 2260 4989 SYNODO

1076 5041 1457 5148 conraa
1503 5082 1884 5143 FALSAM
1929 5078 2462 5142 OPINIONEM
2494 5075 2977 5138 BARLAAM.

405 5241 590 5304 (Codex
614 5241 812 5293 Graecus
837 5237 1274 5304 chartaceus__ms.,
1312 5233 1362 5284 in
1397 5233 1485 5304 fol.
1529 5234 1761 5304 maximo,
1773 5242 1917 5304 .saac.
1959 5242 2060 5279 XIV.
2094 5230 2292 5304 Constat
2333 5229 2464 5304 foliis
2490 5222 3345 5304 scriptisJS'Ig,Lqugm’ﬂolgtenius
3374 5226 3426 5276 in
3454 5223 3658 5278 schedia

891 5284 1007 5347 mss.
1038 5284 1505 5348 etJMontl‘auconius
1537 5284 1994 5357 praestantissimum
2023 5298 2217 5342 vocant.
2255 5291 2459 5353 Ignotus
2490 5284 2657 5341 autem
2682 5290 2746 5339 cl.
2781 5284 3007 5339 Fabricio
3028 5284 3161 5351 fuit.)
3717 5310 3768 5401 (Δ

474 5581 732 5638 Continet
761 5584 850 5640 hic
881 5584 1130 5639 maximae
1161 5585 1321 5638 molis
1369 5583 1541 5638 codex
1573 5580 1805 5637 Joannis
1827 5577 1973 5633 Can-
2085 5577 2279 5644 mium,
2314 5576 2460 5647 quod
2490 5590 2617 5632 cum
2661 5575 2774 5630 fere
2807 5581 2982 5628 totum
3013 5572 3084 5629 sit
3113 5569 3456 5634 historicum,
3502 5569 3662 5623 exhi-

409 5673 658 5727 tacuzeni
723 5673 928 5744 scripta
984 5682 1177 5729 contra
1235 5672 1532 5734 Palanzam.
1589 5671 1861 5733 Barlaam,
1923 5673 1979 5720 et
2085 5670 2324 5725 bendum
2372 5669 2643 5740 integrum
2695 5667 2946 5724 arbitrati
2992 5668 3207 5732 sumus,
3242 5660 3386 5742 quod
3420 5675 3661 5729 sequens

407 5763 753 5835 Acindynum
789 5764 1100 5830 haereticos,
1139 5779 1247 5819 una
1278 5780 1400 5818 cum
1432 5761 1686 5818 omnibus
1717 5761 1802 5820 iis,
1859 5775 1981 5828 qua:
2087 5771 2192 5818 est.

409 5861 514 5917 hac
542 5878 707 5934 super
741 5878 799 5919 rc
828 5870 976 5934 gesta
1006 5873 1155 5920 sunt.
1209 5860 1471 5918 Praecedit
1507 5858 1764 5916 omnibus
1793 5858 1981 5913 Prom-

2159 5855 2201 5909 1.
2244 5869 2365 5926 pag.
2424 5854 2476 5908 l.
2547 5851 2842 5925 Προοῖμιον
2887 5850 2967 5914 εἰς
2990 5850 3118 5914 τοὺς
3174 5845 3326 5920 παρὰ
3359 5843 3452 5899 τοῦ
3487 5860 3654 5916 pavet-
