4058 6440
351 390 455 452 697

1311 389 1618 452 CONTRA
1660 388 2028 452 BARLAAM
2069 389 2167 451 ΕΤ
2207 389 2684 455 AClNDYNUM.

3529 393 3639 460 698

359 503 596 576 ἡσυχίαν
629 502 972 574 ποθήσαντες
995 517 1011 533 ⁸
1039 502 1189 558 κατά
1222 501 1278 557 δέ
1331 521 1396 571 γε
1435 505 1546 560 τῶν
1589 502 1948 575 Ἡσυχαστῶν
1975 502 2028 565 Α
2054 506 2254 576 μοῦσιν
2277 521 2292 538 ο
2327 507 2379 559 εί
2406 506 2516 577 γάρ
2572 521 2656 559 τοι
2705 504 2820 567 τοῖς
2851 502 2920 558 τά
2955 502 3190 559 τοιαῦτα
3229 505 3427 567 δεινοῖς
3463 522 3640 560 κατα-

363 599 534 662 πολὺς
559 591 629 668 ἦν
656 597 778 660 ταῖς
812 593 1030 668 ὕϐρεσι,
1059 595 1506 664 Μασσαλιανοὺς,
1543 597 1636 651 καὶ
1687 597 1943 660 πλάνους,

359 694 458 747 καὶ
489 689 698 745 τοιαῦθ’
728 688 894 760 ἔτερα
915 689 1143 753 τούτους
1191 689 1510 745 ἀποκαλῶν.
1564 689 1853 760 Γνώριμον
1880 689 1946 760 δὴ

359 784 522 839 τοῦτο
545 781 626 852 τῷ
655 781 749 836 τοῦ
778 780 914 836 Θεοῦ
945 781 1158 854 γνησίῳ
1205 780 1504 854 θεράποντι
1543 782 1839 854 Γρηγορίῳ
1869 781 1948 852 τῷ

366 875 605 946 Παλαμᾷ
642 873 986 944 ίερομονάχῳ
1025 873 1357 943 τυγχάνοντι
1388 872 1697 938 καταστὰν,
1756 871 1952 942 ὁμιλῆ-

367 986 460 1024 σαι
487 967 669 1021 πείθει
693 965 772 1037 τῷ
804 965 1074 1037 Βαρλαὰμ
1141 965 1202 1020 ἐν
1247 965 1509 1039 συνηθείᾳ
1537 965 1633 1020 καὶ
1681 964 1950 1037 πρότερον

371 1061 487 1114 δντι
515 1075 530 1092 ⁶
571 1051 634 1113 06
684 1059 995 1129 γεγονότος,
1058 1062 1315 1125 παντοῖος
1372 1061 1494 1123 ταῖς
1553 1057 1950 1130 παραινέσεων

367 1149 436 1222 ἦν
467 1151 885 1224 συμϐουλεύων,
924 1150 1288 1224 παρακαλῶν,
1348 1150 1475 1206 οὑδὲ
1508 1151 1604 1205 τοῦ
1632 1148 1952 1220 μέμφεσθαι

370 1245 720 1314 ἀπεχόμενος
773 1247 834 1298 ἐν
890 1239 973 1307 οἷς
1032 1243 1162 1297 ἔδει.
1201 1243 1327 1307 Πῶς
1361 1244 1502 1308 ὅλως
1553 1243 1792 1314 ὑπέσχες
1836 1235 1954 1296 ὦτα

363 1338 565 1410 κούφῳ
593 1337 700 1391 τινὶ
728 1339 824 1391 καὶ
851 1335 1023 1408 χθιζῷ
1079 1337 1326 1407 μοναχῷ,
1380 1337 1579 1405 λέγων,
1633 1339 1730 1389 καὶ⁹
1779 1335 1958 1402 λόγων

372 1430 532 1483 θείων
559 1429 653 1485 καὶ
680 1429 905 1500 ὑψηλῶν
931 1430 1087 1501 παρὰ
1118 1429 1368 1483 τοιούτου
1405 1428 1641 1483 ἀκοῦσαι
1691 1427 1956 1499 ἠνέσχου,

370 1521 471 1593 οὑχ
495 1523 642 1585 ὅπως
677 1521 888 1575 τούτων
912 1520 1130 1591 ἔχοντος
1165 1524 1389 1592 πεῖραν,
1422 1520 1539 1575 ἀλλ’
1568 1521 1679 1574 οὐδ’
1710 1523 1810 1576 ὅτι
1841 1521 1960 1573 ἐστὶ

379 1614 615 1684 μοναχὺς
667 1614 909 1680 είδότος;
978 1614 1122 1668 Ἀλλ’
1154 1616 1207 1669 ετ
1259 1615 1314 1669 τί
1378 1631 1462 1668 σοι
1515 1613 1727 1669 τούτων
1765 1613 1963 1684 μέλλον

377 1706 651 1777 ὑπῆρχεν,
683 1701 956 1776 ὧλῷστε,
1013 1707 1286 1780 πρότερον
1343 1707 1514 1778 ἐχρῆν
1562 1709 1964 1777 πολυπραγμο-

376 1799 644 1868 νήσαντα,
681 1803 850 1870 ἀρετῇ
884 1801 949 1853 ἐκ
977 1799 1188 1853 παίδων
1229 1798 1725 1872 ἐντεθραμμένους
1759 1800 1964 1870 ἀνδρας

375 1889 659 1961 εὑρέσθαι,
701 1891 796 1945 καὶ
854 1891 1090 1945 πλεῖστα
1153 1893 1269 1951 τοῖς
1323 1891 1428 1961 τῆς
1485 1891 1722 1962 ἡσυχίας
1773 1892 1959 1956 πόνοις

373 1984 765 2052 ἐνιῗρωκότας,
801 1983 1037 2056 ζητῆσαί
1071 1985 1293 2056 τειπαρ’
1328 1985 1516 2046 αὑτοῖς
1572 1985 1635 2038 :6
1687 1983 1963 2054 ποθούμε-

377 2092 470 2127 νον
503 2077 596 2126 καὶ
631 2075 846 2144 μαθεῖν.
885 2073 945 2128 ΕΞ
979 2075 1036 2128 δέ
1059 2076 1142 2129 δεῖ
1176 2075 1414 2148 τάληθὲς
1444 2075 1646 2141 εἰπεῖν,
1676 2075 1800 2129 ούδέ
1828 2075 1964 2146 παρ’

379 2167 566 2221 αἰτῶν
626 2167 964 2222 ἐκείνωντδ
1021 2170 1319 2238 κεφάλαιον
1361 2168 1526 2232 εὐθὺς
1571 2168 1679 2222 ἔδει
1727 2168 1965 2239 ζητῆσαι

378 2260 582 2329 γνῶναι
611 2263 719 2314 τῶν
751 2261 1123 2333 τελεωτέρων,
1144 2263 1382 2325 καὶτοῖς
1427 2261 1704 2324 πλείστοις
1736 2263 1967 2330 ἀγνοου-

387 2358 562 2426 μένων
587 2371 600 2384 ·
622 2356 740 2410 ἀλλ’
769 2355 964 2428 ῶσπερ
995 2357 1336 2428 στοιχείωσίν
1363 2375 1508 2424 τινα,
1533 2358 1624 2412 καὶ
1652 2356 1966 2426 εἰσαγωγὴν

388 2451 480 2518 τῆς
514 2451 853 2520 τηλικαύτης
915 2450 1197 2515 πολιτείας
1236 2452 1568 2524 εὑράμενον,
1601 2451 1747 2508 οὕτω
1801 2468 1972 2521 προσ-

390 2543 594 2597 ϐαίνειν
624 2547 740 2608 τοῖς
774 2543 1017 2614 ἐφεξῆς·
1072 2545 1133 2597 06
1184 2545 1349 2614 μόνον
1379 2546 1490 2617 γὰρ
1540 2548 1657 2610 τοῖς
1713 2545 1970 2614 ἀπείροις

385 2635 652 2706 δυσχερὴς
681 2637 713 2704 ἡ
739 2636 850 2689 τῶν
883 2638 1146 2693 τοιούτων
1179 2639 1389 2707 γνῶσις
1451 2637 1822 2707 καθέστηκεν,
1854 2630 1971 2688 ἀλλ’

387 2729 496 2784 οὐδ’
528 2731 717 2794 αὑτοῖς
745 2733 860 2793 τοῖς
915 2731 1090 2786 πολλά
1151 2732 1426 2799 καμοῦσιν
1459 2731 1678 2797 ἐφεῖται
1726 2728 1970 2800 εὐχερῶς

388 2823 655 2894 ἀλλήλους
689 2825 904 2895 ἐρωτᾷν
933 2825 1062 2894 περί
1096 2842 1162 2892 γε
1214 2823 1323 2878 τῶν
1361 2822 1653 2889 τοιούτων,
1711 2824 1806 2876 καὶ
1837 2824 1974 2876 ἁπο-

389 2919 600 2986 κρίσεις
633 2917 859 2972 διδόναι.
902 2919 964 2970 '0
995 2917 1106 2988 γάρ
1137 2934 1220 2971 τοι
1281 2918 1541 2988 μέγιστος
1596 2915 1698 2986 τῆς
1737 2915 1974 2985 ἡσυχίας

386 3008 733 3074 διδάσκαλος,
772 3010 961 3064 Ἰοαάκ
999 3012 1027 3064 ὁ
1054 3009 1218 3076 θεῖος
1244 3011 1412 3081 φημὶ,
1443 3009 1624 3064 τοιάδε
1662 3008 1796 3078 περὶ
1846 3005 1976 3060 τού-

387 3119 500 3158 των
526 3103 835 3173 διαγορεύει
870 3119 884 3134 ·
919 3103 1005 3173 Μὴ
1033 3102 1278 3176 ζητήσῃς
1330 3103 1520 3156 λαϐεῖν
1581 3099 1782 3172 βουλὴν
1822 3098 1977 3170 παρά

388 3212 534 3258 τινος
570 3195 646 3267 μὴ
679 3193 834 3258 ὄντος
861 3195 920 3248 ἐν
957 3197 1026 3266 τῇ
1053 3195 1302 3267 διαγωγῇ
1363 3211 1480 3260 σου,
1521 3194 1628 3248 κᾶν
1667 3192 1788 3248 λίαν
1813 3191 1977 3261 σοφὸς

389 3291 616 3363 ὑπάρχῃ
648 3289 885 3359 ’ἐκείνῳ
927 3289 985 3344 δὲ
1019 3288 1098 3360 τῷ
1149 3287 1508 3358 ἐπισταμένῳ
1563 3285 1863 3356 δοκιμάσαι
1919 3283 1979 3336 ἐν

392 3382 640 3452 ὑπομονῇ
689 3381 759 3434 τὰ
810 3380 1117 3453 πράγματα
1167 3383 1268 3450 τῆς
1315 3377 1646 3450 διακρίσεως
1685 3374 1980 3449 πρόσελθε.

391 3473 491 3528 Διά
527 3473 689 3528 τοῦτο
725 3474 838 3546 γὰρ
894 3474 996 3547 οὑχ
1031 3473 1264 3538 ’ἕκαστός
1321 3475 1471 3528 ἐστιν
1511 3473 1830 3537 ἀξιόπιστος
1884 3470 1981 3525 τοῦ

389 3563 576 3621 δοῦναι
608 3564 832 3638 βουλὴν,
886 3567 937 3620 εί
988 3566 1063 3648 μὴ
1090 3566 1240 3630 ὅστις
1266 3565 1487 3634 πρῶτος
1533 3568 1634 3639 τὴν
1664 3568 1984 3638 ἐλευθερίαν

393 3659 560 3714 αὑτοῦ
579 3659 942 3729 ἐκυϐέρνησε,
977 3660 1070 3712 καὶ
1087 3659 1148 3712 ού
1177 3651 1427 3728 φοϐεῖται
1458 3659 1559 3723 τὰς
1612 3659 1985 3729 συκοφαντίας

396 3756 494 3809 καὶ
520 3755 620 3819 τάς
651 3754 1033 3824 κατηγορίαςυ
1066 3755 1099 3823 ἡ
1128 3752 1377 3806 πολιτεία
1409 3752 1521 3823 γὰρ
1576 3755 1686 3825 τῆς
1742 3753 1987 3816 διανοίας

397 3846 514 3898 ἐστὶ
542 3845 600 3899 τὸ
635 3845 801 3917 ἔργον
837 3846 938 3916 τῆς
985 3845 1215 3916 καρδίας
1252 3846 1315 3900 :6
1363 3845 1656 3916 γινόμενον
1687 3845 1989 3909 ἀπαύστως

404 3946 462 3995 ἐν
492 3943 556 4011 τῇ
586 3940 832 4010 φροντίδι
857 3941 959 4009 τῆς
988 3939 1254 4008 κρίσεως.
1283 3939 1343 3993 Εἰ
1376 3939 1557 3994 τοίνυν
1592 3933 1748 4002 οὗτος
1784 3941 1812 3993 ὁ
1837 3940 1990 4010 τηλι-

399 4035 590 4096 κοῦτος
618 4035 748 4105 παρ’
775 4032 990 4094 οὐδενὸς
1037 4032 1230 4103 ἐτέρου
1275 4031 1382 4098 ἔξω
1409 4033 1538 4104 ρτῆς
1563 4033 1772 4086 τούτων
1831 4033 1991 4095 ὄντος

397 4128 682 4198 διαγωγῆς
740 4128 821 4190 είς
881 4127 982 4196 τὴν
1031 4125 1140 4178 τῶν
1170 4127 1480 4194 πρακτέων
1510 4126 1780 4194 ἐργασίαν
1803 4125 1989 4177 διατυο

400 4220 638 4274 ποῦσθαι
664 4222 775 4280 τοῖς
808 4219 900 4274 τὸν
957 4219 1330 4288 ήσυχαστικὸν
1393 4216 1836 4287 ἐπανῃρημένοις
1872 4215 1990 4284 βίον

411 4315 726 4386 παρεγγυᾷ,
761 4313 872 4366 ἔδει
902 4312 1077 4383 δήπου
1112 4310 1278 4380 σοφόν
1309 4327 1370 4363 σε
1409 4312 1505 4363 καὶ
1535 4310 1698 4362 αὑτὸν
1747 4307 1878 4360 ϐντα
1916 4305 1991 4377 μὴ

403 4404 636 4475 τοιούτῳ
663 4407 887 4475 ποδηγῷ
937 4405 1076 4477 πρὸς
1107 4403 1206 4473 τὴν
1240 4402 1351 4456 τῶν
1384 4403 1739 4474 ζητουμένων
1770 4401 1992 4468 εὕρεσιν

403 4499 738 4570 χρησασθαι,
773 4497 983 4566 ἀγνῶτι
1037 4495 1359 4549 παντάπασι
1418 4494 1530 4547 τῶν
1576 4493 1858 4554 τοιούτων,
1897 4491 1993 4546 καὶ

2007 3240 2057 3302 C

2051 599 2334 653 πιστεύειν
2364 607 2428 665 γε
2467 594 2599 667 χρὴ,
2636 594 2934 664 ἐφάμιλλος
2959 594 2992 664 ἡ
3020 594 3223 664 ἡσυχία
3256 597 3321 665 τῇ
3348 593 3456 647 τῶν
3473 595 3639 662 ἀγγέο

2052 691 2163 744 λων
2219 687 2894 763 πολιτείᾳΙκαθέστηκεν.
2949 686 3014 739 El
3065 686 3245 739 τοίνυν
3298 683 3442 739 οὕτω
3489 684 3644 739 τοῦτ’

2053 783 2192 854 ἔχει,
2232 782 2310 852 μὴ
2343 782 2457 842 τοῖς
2515 777 2966 850 βεϐουλευμένοις
3022 777 3290 848 ἐμμένειν
3348 777 3641 843 ἀντιϐολῶ,

2058 873 2246 948 μέλλει
2274 875 2387 946 γάρ
2424 891 2517 946 μοι
2541 872 2652 927 τῶν
2682 872 2812 940 σῶν,
2871 871 2990 926 ἀλλ’
3016 873 3322 941 ἀποστῆναι
3360 871 3458 925 τοῦ
3487 871 3647 925 ἀκαί-

2059 989 2154 1044 ρου
2182 967 2413 1037 σκοποῦ,
2442 968 2536 1023 καὶ
2566 967 2704 1038 πυρὶ
2738 967 3139 1038 ἀποτεφρῶσαι
3174 968 3244 1022 τά
3273 967 3647 1040 γεγραμμένα

2057 1067 2200 1120 κατά
2244 1063 2352 1116 τῶν
2377 1061 2650 1134 μοναχῶν,
2679 1059 2868 1132 ὄνησίν
2902 1077 2985 1114 σοι
3043 1060 3166 1131 μηδ’
3207 1058 3458 1130 ἡντινοῦν
3503 1076 3647 1130 προ-

2059 1159 2379 1230 ξενήσοντα,
2411 1157 2460 1210 εί
2503 1155 2580 1227 μὴ
2603 1155 2698 1210 καὶ
2727 1153 2928 1226 βλάϐος
2984 1154 3047 1206 06
3076 1152 3137 1206 :6
3169 1152 3356 1223 τυχόν.
3393 1151 3637 1205 Τοιαῦτα

2057 1251 2157 1322 τῆς
2191 1248 2341 1314 θείας
2387 1245 2612 1318 ἐκείνης
2642 1245 2896 1316 γλώττης
2931 1243 3341 1312 διεξελθούσης,
3371 1243 3540 1304 ἀσπὶς
3576 1237 3650 1310 ἦν

2059 1347 2090 1400 ὁ
2127 1343 2440 1414 Καλαϐρδς,
2489 1340 2694 1412 βύουσα
2753 1339 2894 1411 πρὸς
2927 1337 3103 1392 ταῦτα
3157 1337 3228 1390 τὰ
3287 1330 3406 1391 ὦτα
3431 1353 3445 1366 ·
3475 1335 3652 1390 ὁπόσα

2061 1440 2172 1511 γὰρ
2227 1437 2347 1509 μεθ’
2411 1434 2743 1505 ὑποστολῆς,
2806 1433 2904 1488 καὶ
2941 1426 3054 1485 οἷον
3095 1430 3190 1484 ὑπ’
3220 1430 3414 1484 ὀδόντα
3454 1429 3654 1499 πρότε-

2065 1549 2182 1602 ρον,
2205 1530 2433 1599 ἀναίδην
2461 1516 2681 1595 ἐλέγετό
2731 1542 2792 1578 τε
2824 1523 2920 1579 καὶ
2951 1523 2979 1577 ὂ
3008 1539 3142 1592 φασι
3174 1519 3358 1591 γυμνῇ
3397 1520 3609 1589 κεφαλῇ
3632 1531 3654 1550 ο

2061 1625 2126 1679 τὸ
2151 1624 2261 1692 γὰρ
2297 1621 2392 1677 τοῦ
2416 1617 2664 1691 μαθητοῦ
2700 1617 3075 1688 προσωπεῖον,
3111 1615 3139 1669 ὃ
3169 1616 3443 1685 πρότερον
3474 1612 3654 1682 ἐαυτῷ

2066 1719 2354 1789 περιέθετο
2379 1715 2742 1786 ἀποθέμενος,
2778 1711 3140 1784 βλασφημίας
3192 1711 3304 1764 τῶν
3365 1709 3659 1780 προτέρων
3758 1749 3771 1760 .

2066 1815 2168 1868 οὑκ
2194 1810 2583 1881 ἀνεκτοτέρας,
2619 1810 2666 1862 εί
2705 1808 2780 1881 μὴ
2804 1807 2900 1862 καὶ
2932 1805 3154 1878 χείρους
3188 1803 3332 1859 κατά
3365 1804 3477 1857 τῶν
3515 1805 3664 1872 ἠσυ-

2073 1905 2287 1978 χαστῶν
2313 1901 2539 1975 διεξῄει,
2574 1899 2672 1956 καὶ
2732 1899 2930 1970 καινήν
2981 1915 3106 1950 τινα
3168 1895 3377 1966 ταύτην
3406 1891 3657 1965 ἀτραπὸν

2074 1999 2352 2071 σωτηρίας
2409 1996 2596 2064 ἔλεγεν
2631 1994 2834 2057 αὐτοὺς
2890 1992 3113 2062 τέμνειν
3160 1993 3260 2062 τῆς
3292 1989 3662 2058 εύαγγελικῆς

2072 2093 2432 2155 διδασκαλίας
2475 2086 3051 2158 ἀποϐουκοληθέντας,
3079 2085 3185 2139 ὑπό
3211 2101 3274 2137 τε
3311 2083 3406 2137 τοῦ
3440 2082 3664 2153 Κυρίου

2075 2183 2546 2255 ἀπηγορευμένην
2595 2179 2786 2246 αὑτοῦ,
2847 2179 2985 2233 ἀλλά
3027 2179 3092 2247 δὴ
3155 2172 3254 2231 καὶ
3283 2176 3390 2230 τῶν
3447 2175 3666 2228 ἐκείνου

2079 2278 2340 2349 μαθητῶν
2367 2293 2427 2330 τε
2479 2277 2578 2329 καὶ
2631 2273 2973 2328 ἀποστόλων.
3036 2273 3114 2326 Ού
3171 2268 3347 2324 ταῦτα
3406 2267 3464 2322 δέ
3500 2267 3664 2339 μόνον
3710 2286 3714 2290 ·

2078 2373 2345 2441 ἔφασκεν,
2381 2369 2521 2423 ἀλλά
2557 2368 2652 2422 καὶ
2681 2367 2774 2438 τὴν
2810 2365 3017 2420 τούτων
3068 2364 3236 2440 εὑχὶιν
3267 2360 3479 2432 αἱρέσει
3512 2357 3664 2412 οὑτοι

2078 2480 2140 2531 γε
2174 2462 2352 2533 φαύλῃ
2407 2458 2809 2530 κεκραμμένην
2867 2455 3055 2523 ἔλεγεν
3113 2450 3304 2506 εἶναι·
3359 2454 3457 2504 σὺν
3491 2450 3547 2504 δέ
3599 2465 3666 2516 γε

2079 2557 2292 2619 τούτοις
2321 2555 2416 2607 καὶ
2455 2553 2518 2605 τὸ
2548 2553 2606 2604 ἐν
2630 2541 2902 2621 Θαϐωρίῳ
2933 2547 3156 2617 λάμψειν
3187 2545 3306 2614 φῶς
3355 2547 3414 2598 ἐν
3454 2545 3533 2616 τῷ
3570 2543 3666 2596 τοῦ

2081 2651 2291 2722 Κυρίου
2329 2648 2611 2719 προσώπῳ
2662 2643 2923 2700 ἀκτιστον
2985 2641 3404 2701 ἀποκαλοῦντας
3462 2637 3522 2690 06
3566 2654 3668 2706 με·

2082 2740 2469 2815 τρίωςῖλεγεν
2494 2740 2694 2801 αὐτοὺς
2731 2737 3103 2807 βλασφημεῖν.
3142 2733 3236 2796 Ὠς
3269 2732 3314 2784 δ’
3342 2732 3440 2802 οὑχ
3480 2729 3668 2782 ίκανδν

2081 2838 2143 2892 ὃν
2196 2837 2256 2891 :6
2290 2837 2510 2906 γλώττῃ
2569 2831 2859 2900 ἀκολάστῳ
2896 2831 3032 2900 μόνῃ
3070 2827 3138 2880 τὰ
3193 2823 3423 2879 τοιαῦτα
3485 2822 3672 2876 ἀδολε-

2085 2935 2258 3005 σχεῖν,
2293 2933 2389 2984 καὶ
2419 2927 2624 2998 βιϐλίον
2657 2925 2989 2993 συνθέμενος
3023 2919 3164 2974 κατά
3189 2937 3249 2972 τε
3284 2916 3381 2972 τοῦ
3432 2915 3673 2983 Παλαμᾶ

2083 3024 2316 3082 καὶτῶν
2353 3018 2740 3091 Ἠσυχαστῶν,
2770 3016 2850 3086 τῷ
2879 3016 3001 3069 τότε
3035 3011 3340 3084 προεστῶτι
3371 3012 3472 3080 τῆς
3542 3007 3674 3069 Ἐκο

2085 3119 2317 3189 κλησίας
2348 3115 2444 3172 καὶ
2463 3117 2532 3186 τῇ
2568 3112 2770 3182 συνόδῳ
2803 3108 3102 3180 παρέθετοζ
3140 3105 3283 3178 Ὁδὴ
3319 3106 3674 3180 πατριάρχης

2085 3211 2146 3267 :6
2195 3209 2401 3282 βιϐλίον
2458 3205 2566 3261 ἀνά
2601 3204 2795 3277 χεῖρα-ς
2847 3201 3032 3256 λαϐὼν
3099 3199 3496 3271 μετακαλεῖται
3546 3199 3676 3260 τοὺς

2091 3304 2360 3380 μοναχῶς
2397 3303 2464 3375 τῇ
2501 3298 2876 3368 Θεσσαλονίκῃ
2933 3291 3361 3363 ἐπιδημοῦντας.
3399 3290 3462 3342 Οἱ
3495 3289 3540 3341 δ’
3574 3288 3676 3340 ἀσο

2091 3400 2268 3472 μένως
2295 3397 2435 3468 πρὸς
2466 3393 2567 3466 τὴν
2619 3391 2854 3463 βάσανον
2885 3388 3192 3442 ἀπαντῶσι.
3225 3383 3453 3436 Συνόδου
3492 3380 3676 3434 τοίνυν

2087 3495 2146 3546 ἐν
2180 3489 2260 3562 τῷ
2286 3489 2384 3559 τῆς
2399 3487 2493 3541 τοῦ
2524 3484 2660 3540 Θεοῦ
2689 3482 2892 3554 Σοφίας
2921 3480 3143 3551 τεμένει
3178 3473 3676 3547 συγκροτηθείσης,

2086 3585 2181 3640 τοῦ
2220 3601 2279 3637 τε
2315 3580 2582 3654 βασιλέως
2625 3575 2817 3641 αὑτοῦ,
2881 3573 2941 3628 ὃν
2980 3573 3289 3642 ἐφθακότες
3345 3568 3678 3640 εἰρήκαμεν,

2089 3675 2547 3748 προκαθημένου,
2572 3672 2668 3730 τοῦ
2696 3687 2756 3723 τε
2785 3668 3131 3738 πατριάρχου
3155 3665 3411 3718 Ἰωάννου
3444 3664 3539 3715 καὶ
3567 3662 3678 3713 τῶν

2089 3767 2420 3839 ἀρχιερέων,
2470 3762 2610 3818 ἀλλὰ
2643 3761 2710 3832 δὴ
2744 3759 2842 3836 καὶ
2889 3757 3000 3812 τῶν
3039 3755 3447 3827 λαμπροτάτων
3481 3752 3680 3824 ἀρχόν-

2093 3873 2226 3920 των,
2254 3854 2338 3907 ἐτι
2363 3870 2424 3906 τε
2451 3851 2548 3906 καὶ
2581 3849 2691 3904 τῶν
2721 3849 2822 3918 τῆς
2875 3848 3187 3915 συγκλήτου
3220 3844 3490 3912 λογάδων,
3516 3842 3678 3910 ὄχλου

2090 3965 2150 4002 τε
2184 3948 2284 4001 οὑκ
2315 3946 2528 4012 όλίγου,
2568 3945 2627 3997 ἐν
2665 3942 2892 4012 ἐπηκόῳ
2923 3940 3146 3994 πάντων
3173 3937 3234 3989 :6
3269 3933 3364 3988 τοῦ
3406 3934 3680 4003 Βαρλαάμ

2092 4039 2416 4109 ἀνεγνώσθη
2475 4036 2684 4109 βιϐλίον
2721 4033 3120 4104 προκομισθέν.
3190 4029 3480 4083 Ἀπάντων
3526 4027 3571 4080 δ’
3604 4029 3686 4089 εἰς

2092 4128 2211 4187 ὦτα
2241 4131 2564 4200 δεξαμένων
2597 4128 2698 4191 τάς
2733 4126 3086 4198 βλασφημίας
3114 4125 3213 4194 ούχ
3261 4123 3288 4176 ό
3324 4119 3507 4192 τυχὼν
3539 4120 3683 4191 ἤρθη

2095 4222 2364 4293 θόρυϐοςο
2405 4219 2602 4274 τούτου
2662 4219 2720 4272 δὲ
2785 4217 3148 4287 πεπαυμένου
3185 4215 3486 4284 ἀπολογίας
3522 4211 3681 4281 ἐδόθη

2095 4314 2291 4386 καιρὸς
2323 4313 2419 4368 καὶ
2448 4315 2562 4376 τοῖς
2601 4313 2881 4384 μοναχοῖς.
2917 4311 3134 4381 Βραχέα
3166 4308 3212 4361 6‘
3267 4309 3406 4364 ἀττα
3434 4307 3526 4361 καὶ
3563 4306 3688 4358 τού-

2093 4426 2202 4463 των
2233 4405 2603 4461 διαλαϐόντων
2655 4404 2748 4459 ἐπὶ
2782 4405 2874 4457 τὸν
2910 4403 3202 4474 Βαρλαάμ,
3258 4398 3416 4464 αὖθις
3477 4393 3614 4470 ἧκεν
3649 4400 3682 4468 ὴ

2095 4503 2191 4558 τοῦ
2219 4503 2380 4571 λόγου
2405 4499 2627 4572 διαδοχή
2655 4513 2672 4530 ο
2714 4497 3016 4568 ἐκελεύσθη
3049 4496 3161 4567 γὰρ
3189 4493 3364 4564 τούτῳ
3401 4492 3476 4562 μὴ
3533 4491 3680 4560 μόνῳ

409 4591 535 4662 μηδ’
567 4591 715 4661 αὐτῷ
743 4591 818 4654 ώς
849 4591 1026 4643 εἰπεῖν
1064 4589 1348 4659 ἀρκοῦντι.
1388 4587 1448 4640 El
1481 4585 1536 4639 δὲ
1568 4585 1664 4639 καὶ
1692 4586 1996 4655 παραδείγ-
2026 4594 2069 4648 ι)
2101 4597 2176 4662 τῷ
2203 4595 2413 4667 βιϐλίῳ,
2439 4593 2577 4648 ἀλλά
2602 4592 2696 4646 καὶ
2723 4593 2789 4662 τῇ
2823 4591 3043 4660 γλώττῃ
3069 4588 3315 4659 σημῆναι
3345 4585 3406 4637 τὸ
3434 4583 3686 4656 βούλημα

411 4685 543 4757 ματί
573 4702 679 4738 τινι
711 4685 822 4738 ἀπό
884 4701 949 4751 γε
984 4683 1085 4754 τῆς
1149 4683 1246 4753 σῆς
1307 4682 1623 4750 ἐπιστήμης
1679 4679 1993 4749 χρήσασθαι

404 4777 506 4842 δεῖ,
536 4776 590 4830 εἴ
617 4776 700 4839 τίς
736 4794 818 4830 σοι
855 4776 966 4830 τῶν
1005 4776 1305 4847 ἀγροίκων,
1336 4775 1532 4828 ὀπόσοι
1572 4773 1763 4826 πολλοὶ
1789 4775 1855 4843 τῇ
1892 4773 1994 4840 τῆς

405 4870 509 4941 γῆς
541 4870 973 4941 προσανέχουσιν
1024 4870 1280 4941 ἐργασία,
1339 4871 1406 4939 τῇ
1443 4868 1554 4922 τῶν
1587 4867 1837 4940 λαχάνων
1897 4869 2000 4937 ἀρ-

407 4964 548 5034 δείᾳ,
595 4963 690 5016 καὶ
716 4965 784 5032 τῇ
837 4963 1084 5036 δικέλλῃ,
1139 4965 1358 5034 χαίρειν
1420 4961 1614 5028 εἰπὼν,
1665 4959 1882 5031 ἀθρόως
1915 4975 1998 5010 σοι

409 5053 748 5125 προσελθὼν,
784 5056 849 5108 τά
879 5057 1164 5118 Πλάτωνος
1223 5057 1320 5110 καὶ
1369 5054 1783 5126 Ἀριστοτέλους
1835 5053 1999 5114 εὐθὺς

410 5154 598 5223 ᾑρεῖτο
626 5151 782 5222 παρά
813 5169 908 5204 σου
940 5150 1236 5222 μυηθῆναι,
1290 5150 1372 5203 ἐτι
1399 5167 1459 5202 τε
1489 5147 1866 5218 γεωμετρίαν,
1903 5163 2000 5200 και

414 5245 698 5312 περιόδους
752 5245 1025 5314 ἀστέρων,
1054 5244 1149 5297 καὶ
1177 5243 1248 5296 τὰ
1276 5243 1441 5297 λοιπά
1466 5243 1519 5295 τί
1567 5243 1636 5295 ἂν
1670 5241 1809 5313 πρὸς
1838 5240 2002 5294 αὑτὸν

413 5343 678 5413 είρήκεις,
705 5337 750 5395 ὦ
789 5342 964 5411 φίλος;
993 5342 1108 5393 Οὐκ
1135 5338 1200 5394 ἂν
1253 5338 1628 5407 κατεγέλασας
1689 5336 1857 5391 αὑτοῦ
1899 5337 2001 5405 τῆς

413 5434 789 5504 ἀϐελτηρίαςς
820 5433 1037 5487 Οὑτωσὶ
1068 5433 1133 5502 δή
1168 5449 1260 5501 μοι
1291 5433 1431 5486 κάπὶ
1482 5431 1690 5486 τούτων
1745 5432 1839 5484 ἔσο
1873 5447 2002 5484 σκο-

417 5529 561 5596 πῶν,
601 5527 677 5591 ώς
702 5529 764 5580 ού
795 5528 876 5580 δεῖ
930 5527 1062 5597 περὶ
1095 5525 1190 5578 τοῦ
1238 5526 1339 5595 τῆς
1389 5527 1623 5597 ἡσυχίας
1685 5523 2004 5596 ὑπερφυοῦς

414 5620 726 5692 χρήματοέ.
779 5617 1044 5689 ἀμυήτοις
1103 5618 1236 5683 τισι,
1271 5618 1362 5670 και
1423 5618 1547 5689 μηδ’
1587 5616 1836 5672 ὁπωσοῦν
1866 5613 2001 5669 είδόο

417 5730 502 5767 σιν
526 5713 882 5782 ἐντυγχάνειν
904 5708 1085 5781 ἀνθρώ
1098 5727 1245 5778 ποις,
1269 5711 1364 5764 καὶ
1411 5711 1542 5780 παρ’
1581 5709 1763 5762 αὑτῶν
1793 5706 2003 5763 ἐθέλε;ν

419 5805 730 5858 τυποῦσθαι
767 5805 903 5875 1:96;
962 5804 1215 5876 ἡσυχίαν,
1275 5800 1393 5856 ἀλλ’
1417 5804 1646 5874 ἀνδράσι
1700 5804 1886 5870 σοφοῖς
1934 5802 2004 5855 τὰ

415 5897 668 5967 τοιαῦτα,
697 5901 789 5952 καὶ
831 5897 1055 5952 πλεῖστα
1101 5897 1229 5968 περὶ
1285 5896 1381 5970 τὴν
1415 5896 1617 5952 τούτων
1646 5896 1849 5967 γνῶσιν
1902 5912 2000 5950 κα-

2099 4693 2198 4758 τῆς
2225 4688 2407 4758 ψυχῆς
2433 4705 2446 4718 ·
2478 4688 2506 4740 ό
2538 4685 2582 4738 δ’
2611 4685 2852 4755 ἀρχῆθεν
2877 4684 2970 4736 τὸν
2994 4682 3156 4750 λόγον
3189 4679 3506 4743 ἀναλαϐὼν,
3535 4677 3602 4729 τά
3627 4693 3689 4728 τε

2098 4762 2176 4851 τῷ
2203 4781 2397 4852 βιϐλίῳ
2422 4778 2920 4850 ἐμπεριφερόμενα
2959 4777 3138 4829 πάντα
3171 4773 3390 4846 εἴρηκε,
3421 4773 3512 4824 καὶ
3545 4768 3694 4838 ἕτερ’

2099 4873 2238 4926 ἄττα
2275 4871 2412 4942 πρὸς
2439 4869 2674 4931 τούτοις,
2708 4866 2904 4921 ἐαυτὸν
2937 4865 3218 4928 συνιστάς.
3259 4863 3456 4931 Ἔλεγε
3500 4861 3602 4930 μὲν
3627 4859 3694 4928 δὴ

2099 4967 2297 5034 ταῦτα,
2328 4966 2423 5019 τοῦ
2451 4963 2662 5019 δικαίου
2699 4961 2744 5015 δ’
2778 4961 2981 5031 ἡττᾶτο
3010 4959 3218 5020 πάσαις
3239 4957 3472 5028 ψήφοις,
3504 4954 3694 5018 κακῶς

2103 5061 2201 5115 καὶ
2247 5058 2527 5128 φρονήσας
2583 5058 2679 5109 καὶ
2722 5055 2970 5126 λαλήσας
3031 5052 3477 5122 ἀπελεγχόμενος
3503 5065 3515 5078 ⁸
3558 5049 3696 5116 ὅπερ

2104 5154 2316 5214 ἐκεῖνος
2376 5148 2668 5220 ἑωρακὼς,
2764 5149 3025 5201 ἁπάντων
3083 5143 3194 5198 τῶν
3253 5140 3694 5212 συνεδρευόντων

2103 5245 2380 5317 δρώντων,
2439 5243 2736 5314 μετάνοιαν
2801 5239 3191 5305 ὑποκρίνεται,
3263 5237 3361 5291 καὶ⁵
3438 5235 3700 5306 ἀσμένως

2106 5337 2474 5407 προσδέχεται
2509 5337 2660 5407 παρά
2688 5335 2787 5404 τῆς
2820 5333 3066 5397 συνόδου,
3097 5330 3216 5403 μετ’
3240 5328 3584 5400 εὐφροσύνης
3615 5327 3700 5380 ὅτι

2107 5431 2369 5502 πλείστης
2394 5429 2618 5484 πάντων
2645 5426 3078 5491 ἀπαλλαξάντων
3098 5425 3190 5478 ἐπὶ
3209 5427 3300 5496 τῇ,
3331 5422 3408 5486 ὥς
3442 5439 3506 5490 γε
3532 5419 3704 5490 ᾤοντο

2105 5525 2250 5588 τότε,
2287 5523 2500 5593 εὑρέσει
2522 5521 2620 5576 τοῦ
2651 5519 2912 5589 ἀδελφοῦ.
2937 5519 3096 5573 Μετὰ
3117 5517 3174 5570 δὲ
3200 5517 3363 5571 τοῦτο
3391 5516 3418 5566 ὁ
3444 5510 3704 5584 βασιλεὺς

2108 5617 2164 5669 ἐν
2195 5619 2262 5686 τῇ
2286 5614 2431 5669 οὑτω
2456 5613 2774 5684 κεκλημένῃ
2801 5613 2910 5666 τῶν
2957 5610 3203 5680 ὐδηγῶν
3246 5603 3503 5660 ἀπελθών
3530 5603 3666 5671 μονῇ
3678 5636 3708 5662 ,μ

2109 5710 2340 5762 κάκεῖσε
2398 5705 2620 5776 πυρετῷ
2639 5705 2964 5774 λαυροτάτῳ
2986 5702 3228 5774 βληθεὶς,
3262 5699 3400 5768 μετά
3424 5692 3716 5761 τετάρτηνι

2109 5799 2324 5869 ἡμέραν
2359 5795 2418 5862 ἐξ
2441 5794 2745 5867 ἀνθρώπων
2778 5793 3024 5861 ἐγένετο,
3091 5788 3198 5842 ὑπὸ
3227 5787 3329 5856 τῆς
3396 5781 3556 5836 νόσου
3592 5793 3705 5830 κα·-

2111 5891 2460 5963 τεργκασθεὶς,
2515 5889 3014 5956 πεντεκαιδεκὸιτην
3076 5883 3306 5951 ἄγοντος
3382 5875 3505 5931 τότε
3549 5949 3554 5951 _
3593 5867 3716 5926 τοῦ)
