4058 6434
454 431 552 496 701
1405 437 1709 502 CONTRA
1749 437 2112 503 BARLAAM
2152 443 2252 505 ET
2286 443 2757 508 ACINDYNUM.
3150 469 3154 478 ·
3597 445 3714 509 702

453 544 622 611 τόμου
658 540 807 612 παρὰ
841 539 940 612 τῆς
982 542 1131 608 θείας
1169 545 1385 600 συνόδου
1427 564 1864 618 κατατρεχοντας
1897 545 2036 602 ἀπε-ὲ
2060 551 2114 611 Α
2139 552 2293 623 παρὰ
2324 554 2507 606 πᾶσαν
2537 551 2933 623 Χριστιανικὴν
2960 549 3298 606 κατάστασιν
3331 552 3362 621 ἡ
3397 550 3506 606 τῶν
3530 553 3706 606 Παλα-

454 633 767 702 λέγχοντες,
815 632 938 686 καθ’
971 634 1201 688 ἕκαστον
1255 637 1362 690 τῶν
1411 638 1669 693 ἐναντίων
1720 640 2032 708 κεφαλαίων
2139 643 2330 711 μητῶν
2367 643 2608 714 σήμερον
2639 641 2904 711 ἐκκλησία
2933 643 3191 712 συνέστη,
3235 644 3364 710 περὶ
3394 641 3421 694 ὃ
3452 641 3700 724 ζητεῖται

453 724 815 792 ἐκτιθέμενοι,
863 726 958 779 καὶ
1001 727 1099 797 τὴν
1144 729 1454 796 ἀνασκευὴν
1497 730 1660 794 εὐθὺς
1698 731 2034 795 ἀντεπάγον-

453 831 564 879 τες.
615 815 891 872 Sermones
940 820 1271 875 antirrltetici
1317 840 1349 876 a
1396 821 1728 877 Christodulo
1777 827 2034 879 monacho

454 911 757 978 conscripti.
789 927 896 973 eos,
932 913 1021 982 qui
1055 904 1347 968 Ecclesium
1381 915 1496 981 Dei,
1525 932 1736 985 unaque
1767 919 2032 971 sanctissi-

455 1016 598 1053 mum
657 1003 1021 1068 patriarcham
1080 1003 1452 1072 Philol/tcum,
1510 1010 2033 1078 sacratissimumque

456 1093 925 1160 metropolitanum
968 1095 1353 1152 Thessalonij
1395 1098 1716 1163 Palamam,
1751 1117 1869 1153 cum
1911 1102 2036 1170 ipsis

456 1192 634 1236 autem
665 1193 712 1234 et
743 1183 957 1238 Tantum
988 1204 1019 1238 a
1047 1199 1236 1241 sancta
1294 1192 1493 1259 synodo
1519 1201 1704 1245 contra
1757 1191 2035 1245 Barlaami

457 1284 506 1327 et
536 1276 796 1347 Acindyni
827 1281 1071 1332 Itwrcsim
1105 1282 1476 1336 concinnatum
1510 1284 1845 1352 impugnant,
1878 1284 2036 1352 refel-

460 1366 641 1432 ientes,
686 1369 910 1439 singulis
967 1371 1395 1428 adversariorum
1449 1377 1708 1444 capitibus
1759 1376 2029 1445 expositis,

458 1477 659 1527 suaque
712 1463 776 1515 iis
813 1466 989 1517 statim
1028 1466 1391 1532 confutatione
1422 1467 1683 1536 subjecta.
1717 1465 1872 1522 Hunc
1904 1468 2034 1521 titu-

457 1553 571 1605 lum
617 1554 800 1606 statim
848 1555 1084 1624 cvipit,
1123 1556 1444 1627 Προθεωρία
1478 1559 1588 1610 τῶν
1622 1560 1678 1612 ἐν
1711 1558 1790 1627 τῷ
1832 1561 2034 1629 πρώτῳ

461 1645 648 1714 βιϐλίῳ
674 1645 782 1698 τῶν
812 1647 1070 1699 ἐναντίων
1095 1646 1635 1718 διαλαμϐανομένων,
1667 1648 1888 1711 Eorum,
1916 1665 2033 1718 qua:

459 1739 513 1790 in
544 1739 714 1807 primo
745 1737 879 1792 libro
909 1739 1330 1793 adversariorum
1359 1740 1716 1803 continentur,
1748 1741 2030 1807 prwmedi-

459 1831 610 1883 tatio.
649 1829 817 1899 Cujus
859 1831 1074 1884 initium
1113 1840 1197 1886 est
1238 1850 1251 1885 :
1295 1832 1368 1884 Τὸ
1409 1832 1626 1900 πρῶτον
1659 1833 1862 1902 βιϐλίον
1897 1833 2034 1901 πρὸς

2134 733 2282 787 δέκα.
2321 733 2564 788 Primum
2627 742 2796 803 caput
2828 742 2914 787 est
2946 751 2960 785 :
3021 731 3116 796 Τίς
3174 734 3321 786 ἐστιν
3351 735 3377 786 ό
3401 735 3564 804 λογρς
3603 734 3704 800 τῆς

2133 824 2227 877 τοῦ
2268 823 2403 876 Θεοῦ
2433 824 2593 892 ἁγίας
2637 823 2985 894 Ἐκκλησίας.
3025 823 3174 878 lnc.:
3228 821 3385 876 Μετὰ
3433 820 3706 876 τοσούτων

2136 918 2331 972 οὐκοῦν
2365 919 2474 970 τῶν
2507 917 2796 987 αἱρέσεων,
2830 916 2924 968 καὶ
2951 914 3210 982 τοιαύτης
3238 913 3338 982 τῆς
3367 915 3706 976 ἀποστασίας

2137 1010 2472 1080 εἰσπηδήσας
2500 1009 2789 1078 Παλαμᾶς,
2834 1023 2890 1063 κ.
2920 1005 2970 1060 λ.
3001 1004 3305 1067 Decimum,
3337 1005 3402 1056 Et
3454 1003 3585 1070 ἁγία
3610 1002 3706 1054 τοῦ

2136 1101 2271 1154 Θεοῦ
2305 1103 2452 1154 ἐστιν
2480 1098 2777 1169 Ἐκκλησία
2806 1099 2840 1166 ἡ
2871 1097 3148 1165 διαθηκῶν
3167 1095 3590 1164 κατατολμῶσα,
3612 1093 3708 1147 καὶ

2139 1192 2243 1245 τῶν
2267 1192 2428 1244 θείων
2455 1191 2665 1259 ἀνδρῶν
2701 1193 2927 1263 νεκροὺς
2957 1193 3201 1263 ἀτάφους
3234 1193 3493 1264 ἐρρῖφθαι
3527 1209 3710 1262 παρα-

2137 1283 2501 1349 σκευάζουσα.
2533 1286 2659 1340 Des.
2716 1286 2817 1339 Διὰ
2865 1285 3025 1338 τοῦτο
3075 1285 3172 1337 καὶ
3221 1285 3318 1353 τῆς
3341 1283 3438 1337 τοῦ
3469 1280 3707 1351 Χριστοῦ

2139 1375 2353 1446 μερίδος
2383 1373 2807 1444 ἠλλοτριώθητε,
2837 1374 2931 1427 καὶ
2963 1373 3114 1435 ἄθεοι
3148 1372 3289 1426 κατὰ
3329 1371 3392 1424 τὸ
3416 1368 3709 1424 ἀκόλουθον

2135 1465 2521 1534 ἀναφαίνεσθε.

2212 1557 2326 1613 Vll.
2365 1572 2420 1626 p.
2454 1556 2522 1610 89
2582 1558 2632 1610 ί).
2691 1555 3013 1627 Προθεωρία
3071 1555 3180 1608 τῶν
3227 1556 3287 1608 ἐν
3339 1553 3420 1619 τῷ
3471 1553 3710 1628 δευτέρῳ

2139 1649 2331 1720 βιϐλίῳ
2359 1647 2900 1717 διαλαμϐανομένων.
2935 1648 3046 1702 lnc.
3079 1665 3091 1700 :
3127 1647 3199 1698 Τὸ
3225 1645 3479 1714 δεύτερον
3505 1642 3711 1713 βιϐλίον

2136 1741 2272 1810 πρὸς
2301 1740 2398 1810 τὴν
2421 1739 2516 1792 τοῦ
2558 1738 2881 1810 [ιαλαμικοῦ
2909 1739 3078 1806 τόμοι)
3118 1737 3506 1799 συντέτακται,
3563 1751 3620 1789 κ.
3653 1734 3708 1788 λ.

2147 1831 2273 1884 Des.
2306 1832 2418 1883 Καὶ
2449 1831 2556 1882 τῶν
2586 1831 2814 1883 ἁπασῶν
2839 1830 2976 1899 ὁμοῦ
3010 1829 3404 1900 χαλεπωτάτην
3438 1827 3713 1896 ἀναφανῆ-

459 1923 559 1983 tit;
587 1922 678 1975 τοῦ
715 1923 955 1990 Παλαμᾶ
979 1923 1318 1992 παραϐάσεις
1349 1925 1740 1989 συντέτακται,
1775 1941 1831 1979 κ.
1861 1925 1910 1980 λ.
1945 1924 2034 1978 Fi—

2140 1941 2247 1978 ναι.
2274 1921 2559 1977 Secundus
2593 1922 2686 1975 hic
2719 1922 2860 1976 liber
2899 1922 2954 1975 in
3021 1935 3316 1976 sermones
3354 1927 3485 1974 octo
3522 1916 3713 1973 distri-

462 2015 548 2070 nis
580 2032 596 2070 :
632 2016 745 2068 Οὐκ
767 2014 915 2068 ἔστιν
943 2019 970 2067 ὁ
1000 2016 1203 2068 τούτων
1234 2016 1389 2086 ὄχλος
1409 2055 1423 2079 ,
1458 2016 1532 2079 ὡς
1566 2016 1718 2068 αὐτοὶ
1751 2015 2026 2083 καταψεύο

459 2106 663 2160 δονται.
700 2107 918 2160 Primus
957 2106 1123 2168 liber,
1161 2107 1250 2160 cui
1297 2107 1512 2172 titulus,
1551 2107 1767 2160 Βιϐλίον
1803 2106 2036 2174 πονηθὲν

462 2197 600 2250 κατὰ
647 2195 741 2250 τοῦ
790 2196 1190 2265 Θεσσαλονίκης
1242 2197 1546 2266 Γρηγορίου
1601 2197 1753 2266 παρὰ
1797 2197 1896 2264 τῆς
1942 2194 2035 2248 τοῦ

461 2289 676 2342 Σατανᾶ
712 2287 1057 2356 συναγωγῆς,
1111 2287 1219 2340 τῶν
1254 2289 1348 2341 τοῦ
1393 2288 1629 2358 Παλαμᾶ
1668 2287 2036 2356 παραϐάσεων

458 2382 618 2449 λόγος
663 2383 902 2449 πρῶτος,
947 2384 1001 2438 in
1049 2394 1288 2454 quatuor
1331 2382 1685 2438 distribuitur
1729 2396 2034 2436 sermones.

462 2473 626 2528 Primi
668 2475 943 2530 sermonis
982 2476 1156 2544 capita
1198 2482 1328 2529 sunt
1365 2489 1483 2540 sex,
1518 2488 1754 2542 quorum
1795 2474 2034 2542 primum

464 2569 547 2616 est
582 2580 594 2615 :
632 2562 769 2631 Περὶ
800 2563 1047 2634 είρήνης,
1081 2563 1174 2616 καὶ
1203 2564 1350 2626 ὅπως
1379 2561 1582 2630 ταύτην
1613 2561 1886 2630 παρέλυσε
1921 2560 2036 2612 Πα-

458 2653 660 2722 λαμᾶς,
692 2653 832 2724 πρὸς
863 2653 1055 2722 καιρὸν
1089 2653 1487 2724 συγχωρηθεὶς,
1519 2654 1611 2704 καὶ
1638 2651 1724 2714 τίς
1753 2653 1786 2721 ή
1817 2651 1925 2703 τῶν
1955 2650 2040 2704 λό-

459 2766 571 2816 γων
594 2747 763 2801 αἰτία.
783 2747 898 2801 lnc.
923 2743 1161 2817 Είρήνης
1182 2746 1335 2799 οὐδὲν
1359 2742 1511 2816 οἶμαι
1536 2745 1826 2814 θειότερον,
1847 2743 2038 2815 ὥσπερ

459 2838 523 2908 δὴ
549 2839 642 2891 καὶ
672 2839 910 2906 πολέμου
947 2837 1037 2888 καὶ
1072 2839 1250 2909 μάχης
1281 2837 1434 2890 οὐδὲν
1467 2836 1872 2906 χαλεπώτερον,
1901 2851 1955 2889 κ.
1986 2835 2036 2887 λ.

461 2930 719 2986 Ultimum
761 2948 775 2985 :
805 2931 993 2992 Ὅπως
1027 2931 1091 2982 ἐκ
1123 2931 1222 2998 τῆς
1257 2928 1678 2997 ἐπισυναγωγῆς
1711 2927 1821 2979 τῶν
1856 2925 2036 2979 τοιού-

460 3040 566 3075 των
599 3023 772 3090 λόγων
805 3024 832 3075 ό
865 3022 942 3088 τῷ
978 3023 1216 3092 Παλαμᾷ
1253 3021 1582 3091 φαντασθεὶς
1626 3020 1873 3083 ἁνούσιος
1906 3019 2039 3082 Θεὸς

460 3113 796 3185 δημιουργὸς
837 3113 932 3167 καὶ
973 3114 1252 3184 διοικητὴς
1295 3113 1651 3182 ἀναφαίνεται
1695 3113 1878 3181 πάσης
1921 3112 2039 3166 κτί-

2141 2013 2356 2076 buitur,
2392 2029 2628 2084 quorum
2669 2013 2884 2082 primus
2919 2013 3099 2087 capita
3138 2011 3388 2068 continet
3420 2009 3710 2065 tredecim.

2139 2103 2266 2158 Post
2297 2104 2517 2159 titulum
2559 2103 2854 2168 sermonis,
2912 2105 3004 2173 qui
3062 2104 3150 2158 sic
3203 2103 3390 2166 habet,
3447 2102 3568 2154 Τῶν
3614 2098 3710 2152 τοῦ

2139 2195 2464 2263 Παλαμικοῦ
2495 2195 2667 2263 τόμου
2701 2196 3026 2266 διακρίσεων
3058 2194 3152 2249 καὶ
3182 2193 3430 2246 ἐνὼσεων
3467 2192 3528 2246 τδ
3554 2191 3712 2260 πρῶ-

2139 2305 2268 2354 τον,
2306 2296 2468 2356 caput
2503 2288 2744 2356 primum
2781 2287 3129 2357 inscriptum,
3193 2288 3290 2349 Tt;
3320 2288 3349 2340 ό
3400 2284 3494 2339 τοῦ
3552 2283 3712 2352 λόγου

2141 2378 2368 2440 σκοπὸς,
2397 2376 2510 2431 inc.
2551 2393 2567 2430 :
2617 2377 2704 2439 Ὣς
2762 2377 2828 2431 ἂν
2875 2377 2932 2430 δέ
2987 2377 3084 2430 καὶ
3120 2376 3190 2429 δι’
3253 2373 3330 2430 ὧν
3385 2377 3718 2436 ἐπίστευσας

2139 2471 2290 2539 κοινῇ
2320 2469 2419 2538 τὴν
2449 2469 2628 2521 πᾶσαν
2654 2467 2780 2538 περὶ
2806 2468 3070 2534 ἐνώσεως,
3099 2471 3196 2539 καὶ
3239 2466 3564 2538 διακρίσεως
3620 2463 3706 2516 δι-

2139 2528 2449 2630 εξέλθωμεν
2475 2561 2685 2630 ἀνδρῶν
2711 2528 2916 2615 τούτων
2947 2528 3260 2630 θρησκείαν,
3280 2577 3336 2612 κ.
3428 2556 3717 2619 Ultimum,

2140 2653 2266 2712 Πῶς
2323 2651 2657 2722 ἐκφεύγουσι
2712 2652 2956 2722 νομίζειν
3018 2649 3270 2704 σύνθεσιν
3329 2649 3422 2702 ἐπὶ
3465 2646 3601 2700 Θεοῦ
3629 2645 3720 2699 διὰ

2138 2745 2343 2810 ταύτας
2377 2747 2476 2808 τὰς
2509 2746 2818 2817 διακρίσεις
2845 2745 2941 2798 καὶ
2996 2743 3239 2810 ἑνώσεις,
3273 2741 3394 2797 des.
3443 2740 3634 2809 Ὑμεῖς
3660 2737 3718 2791 δὲ

2144 2838 2234 2892 διὰ
2290 2839 2386 2891 τὸν
2436 2837 2706 2908 Παλαμᾶν
2756 2837 2953 2908 μικρὸν
2985 2835 3166 2889 οἴεσθε
3216 2832 3409 2887 καὶτὸ
3460 2829 3720 2899 πολεμεῖν

2139 2930 2252 2992 τοῖς
2285 2927 2488 2997 ἁγίοις.

2223 3021 2362 3076 Vlll.
2394 3037 2518 3093 pag.
2553 3020 2678 3075 101.
2711 3019 2968 3077 Secundo
2994 3020 3234 3075 sermoni
3269 3018 3454 3074 nullus
3477 3017 3718 3088 capitum

2142 3115 2310 3170 index
2342 3115 2654 3184 praacurrit,
2696 3129 2817 3184 quae
2847 3124 3027 3168 tamen
3067 3128 3267 3167 novem
3327 3127 3449 3168 esse
3475 3127 3544 3166 ex
3573 3111 3721 3181 ipso-

462 3223 622 3271 σεω.·,
645 3207 737 3259 καὶ
760 3207 911 3270 τέλος
935 3208 1119 3277 πάσης
1147 3208 1568 3280 μακαριότητος.
1591 3205 1712 3260 Des.
1742 3206 1829 3270 Ὠς
1855 3206 2033 3274 ἔγωγε

2146 3223 2268 3261 rum
2296 3207 2580 3276 marginali
2602 3207 2992 3261 numeratione
3013 3215 3311 3261 eruuntur.
3340 3203 3672 3259 lnscribitur
3703 3220 3718 3257 :

460 3293 632 3366 οἶμαι,
659 3299 758 3368 τὴν
782 3297 1078 3366 ἀπολογίαν
1100 3298 1417 3368 δεδώκαμεν
1438 3315 1451 3328 ·
1483 3299 1575 3350 ἐπὶ
1599 3297 1665 3351 τὰ
1692 3297 1817 3366 ἑξῆς
1845 3296 2036 3366 ἴωμεν.

531 3387 620 3443 ιν.
682 3404 736 3458 p.
774 3387 845 3441 25
896 3389 946 3441 ί).
1008 3389 1326 3443 Secundus.
1358 3373 1539 3442 sermo
1589 3400 1798 3458 septem
1861 3387 2039 3457 capita

466 3481 874 3550 complectitur,
906 3495 1146 3550 quorum
1201 3480 1443 3550 primum
1475 3497 1489 3534 :
1527 3480 1720 3543 Ὅπως
1773 3479 2040 3548 Παλαμᾶς

464 3573 776 3641 σωματικὸν
822 3573 1032 3642 εἰσάγει
1062 3575 1150 3628 τον
1185 3572 1375 3626 ἑαυτοῦ
1409 3571 1659 3643 δεύτερον
1690 3572 1844 3627 Θεόν.
1881 3572 1991 3626 lnc.
2021 3588 2035 3626 :

463 3666 739 3736 Πρόδηλον
779 3668 876 3735 μὲν
903 3666 1018 3734 οὖν,
1050 3666 1125 3729 ὼς
1169 3666 1198 3718 ό
1233 3665 1496 3734 Παλαμᾶς
1553 3667 1622 3718 τὸ
1670 3663 2043 3733 σπουδαζόμε-

464 3773 556 3809 νον
587 3755 716 3827 παρ’
748 3755 913 3810 αὑτοῦ
950 3758 1066 3824 φῶς
1100 3755 1174 3826 μὴ
1205 3751 1472 3827 εἶναιτὴν
1509 3755 1606 3810 τοῦ
1662 3754 1799 3809 Θεοῦ
1851 3754 2041 3808 ούσὲαν

466 3849 668 3920 φήσας,
700 3865 754 3904 κ.
780 3849 832 3902 λ.
863 3847 1164 3904 Ultimum:
1201 3848 1324 3902 ’Ότι
1375 3850 1435 3900 οὐ
1502 3849 1661 3918 μόνον
1719 3848 1882 3916 μέχρι
1919 3845 2040 3900 τού-

455 3957 575 4014 των
605 3939 712 3994 τῶν
771 3940 1104 3993 ἀντιθέσεων
1156 3942 1373 3995 ἵσταται
1406 3940 1695 4009 Παλαμᾶς,
1761 3937 1879 3991 ἀλλ’
1937 3939 2040 3990 ὅσα

469 4035 584 4086 ἐστὶ
612 4033 734 4086 κατ’
765 4028 903 4095 εἶδος
932 4033 999 4088 τὰ
1027 4033 1176 4098 ὄντα,
1203 4033 1463 4086 τοσαῦται
1515 4033 1608 4085 καὶ⁹
1634 4033 1895 4099 διαφοραὶ
1932 4027 2042 4080 τῶν

465 4125 558 4180 δύο
580 4124 783 4178 τούτων
809 4125 955 4194 αὐτῷ
986 4124 1256 4194 θεοτήτων
1287 4124 1743 4177 ὰναπλὰττονται.
1773 4121 1924 4176 Dcs.:
1951 4116 2042 4186 Τῷ

465 4217 524 4271 δέ
570 4217 707 4288 πρὸς
735 4217 1001 4286 Παλαμᾶν
1042 4215 1192 4286 μίσει
1226 4214 1456 4268 καὶτῶν
1493 4213 1764 4280 θεολόγων
1803 4211 2042 4281 ἐπιλαμ-

466 4307 724 4363 ϐἁνεσθε.

537 4400 601 4456 ν.
633 4414 756 4470 pag.
786 4398 877 4454 40.
930 4396 1103 4453 Tertii
1156 4396 1428 4452 sermonis
1455 4396 1631 4465 capita
1661 4404 1790 4451 sunt
1842 4411 1935 4451 sex
1987 4404 2044 4451 et

467 4492 684 4562 viginti.
718 4491 886 4544 Primi
932 4498 1318 4560 argumentum
1353 4498 1470 4544 est:
1511 4489 1703 4552 Ὅπως
1759 4489 1901 4560 ἁρχὴ
1933 4489 2044 4542 τῶν

2144 3299 2264 3352 Τῶν
2297 3300 2388 3351 ἐπὶ
2423 3298 2557 3352 Θεοῦ
2595 3299 2784 3361 οὐσίας
2849 3299 2944 3351 καὶ
2993 3297 3276 3368 ἐνεργείας
3328 3295 3576 3350 ἐνώσεων
3625 3296 3722 3348 καὶ

2141 3391 2474 3460 διακρίσεων
2508 3391 2566 3442 τὸ
2597 3389 2874 3460 δεύτερον.
2930 3389 3173 3443 Primum
3223 3395 3389 3458 caput
3432 3395 3554 3442 est:
3582 3385 3722 3453 Περὶ

2141 3482 2250 3535 τῶν
2279 3479 2465 3546 ἁπλῶς
2497 3481 3030 3546 κατασκευαζόντων
3083 3478 3264 3550 ῥητῶν
3297 3479 3396 3542 τὴν
3443 3477 3715 3549 διαφορὰν

2141 3571 2243 3642 τῆς
2273 3573 2428 3637 θείας
2483 3573 2671 3636 οὐσίας
2725 3574 2821 3626 καλ¹
2869 3572 3175 3644 ἐνεργείας.
3211 3572 3326 3628 lnc.
3372 3571 3438 3624 Ἠ
3475 3571 3573 3642 μέν
3625 3567 3721 3622 οῦν

2145 3656 2552 3734 σύμπασςίτῶν
2585 3665 2795 3736 ἀνδρῶν
2835 3665 3042 3720 τούτων
3097 3667 3228 3737 περὶ¹
3260 3665 3323 3718 τὸ
3369 3665 3524 3718 Θείον
3578 3661 3724 3714 ἐνω-

2143 3775 2225 3824 σιε
2266 3759 2360 3811 καὶ
2411 3758 2701 3829 διάκρισις.
2768 3757 3024 3813 Nonum:
3067 3758 3202 3826 Περὶ
3259 3757 3370 3810 τῶν
3433 3751 3721 3824 ἀναιρούν-

2143 3870 2251 3906 των
2301 3851 2552 3905 σύνθεσιν
2601 3852 2698 3904 ἐπὶ
2735 3851 2872 3904 Θεοῦ
2907 3849 3157 3918 γίνεσθαι
3189 3847 3277 3902 διὰ
3307 3847 3406 3918 τὴν
3439 3848 3537 3916 τῆς
3569 3845 3725 3909 θείας

2142 3946 2333 4009 οὐσίας
2367 3949 2464 4000 καὶ
2497 3945 2776 4014 ἐνεργείας
2834 3944 3120 4014 διαφοράν.
3176 3941 3340 3997 Des.:
3384 3941 3514 3996 Ἀπὸ
3552 3941 3724 4009 ἀκοῆς

2145 4039 2388 4108 πονηρᾶς
2427 4037 2487 4089 οὐ
2531 4037 2987 4108 φοϐηθησόμεθα.

2215 4128 2310 4183 1x.
2341 4144 2463 4198 pag.
2503 4129 2629 4184 106.
2663 4127 2838 4182 Tertii
2890 4129 3164 4183 sermonis
3197 4127 3380 4198 capita
3429 4134 3562 4182 sunt
3584 4124 3724 4179 duo-

2143 4218 2346 4286 decim,
2377 4234 2612 4288 quorum
2650 4219 2890 4288 primum
2920 4235 2935 4274 :
2969 4219 3092 4274 ’Ότι
3122 4219 3394 4289 διάκρισις
3451 4215 3545 4268 ἐπὶ
3583 4212 3722 4266 Θεοῦ

2057 4361 2068 4377 κ
2144 4315 2240 4365 καὶ
2263 4309 2457 4374 ἓνωσις
2487 4308 2628 4378 αῦτη
2659 4312 2756 4363 καὶ
2811 4311 2948 4380 μόνη
2980 4310 3151 4376 ἐστὶν,
3211 4311 3277 4380 ἣν
3308 4307 3462 4377 παρὰ
3489 4304 3584 4358 τοῦ
3621 4322 3724 4375 με-

2148 4403 2317 4471 γάλου
2371 4402 2509 4456 Θεοῦ
2576 4403 2674 4456 καὶ
2728 4403 2985 4472 Σωτῆρος
3040 4402 3200 4471 ήμῶν
3257 4400 3433 4470 Ἰησοῦ
3477 4396 3720 4469 Χριστοῦ

2145 4496 2432 4564 ὁμολογεῖν
2459 4495 2865 4565 παρελάϐομεν.
2893 4495 3039 4563 Ιηο.ζε
3063 4495 3128 4546 ’Ἀ
3145 4494 3245 4565 μὲν
3277 4489 3373 4547 οῦν
3399 4487 3546 4548 οῦτοι
3573 4492 3721 4545 πᾶν·

475 4582 570 4635 τοῦ
604 4583 845 4651 ιιαλαμᾶ
879 4582 1186 4651 δογμάτων,
1219 4582 1314 4634 καὶ
1344 4579 1626 4652 ὑποϐάθρα
1656 4580 1845 4638 πασῶν
1874 4578 2038 4632 αὐτοῦ
2075 4599 2118 4654 ι)
2141 4607 2211 4643 τα
2275 4586 2787 4657 συχδφαντήσαντες
2870 4587 3123 4654 θεολόγον
3206 4586 3288 4649 εις
3351 4583 3451 4654 τὴν
3533 4599 3724 4636 καινο-

473 4673 744 4744 αἱρέσεων
773 4677 804 4741 ὴ
831 4673 938 4725 τῶν
973 4672 1374 4726 Μασσαλιανῶν
1401 4674 1517 4724 ἐστι
1540 4671 1851 4725 δυσσέϐεια.
1894 4670 2034 4724 lnc.:

469 4767 612 4819 Ὅσα
641 4768 740 4834 μὲν
774 4761 870 4819 οῦν
913 4765 1235 4834 ἐγκυμονῶν
1259 4765 1524 4832 Παλαμᾶς
1565 4765 1660 4816 καὶ
1689 4763 1912 4828 ὠδίνων,
1947 4760 2041 4813 καὶ

467 4861 669 4911 τίκτων
693 4857 786 4910 τὸν
818 4857 939 4909 νέον
975 4859 1264 4927 προήγαγε
1299 4858 1454 4915 Θεὸν,
1483 4856 1542 4909 ὃν
1589 4859 1682 4910 καὶ
1711 4856 2044 4925 δημιουργὸν

469 4948 609 5005 εἶναι
635 4950 788 5004 τοῦδε
817 4949 916 5002 τοῦ
949 4950 1147 5012 παντὸς
1177 4949 1572 5017 κατεψεύσατο,
1605 4967 1658 5003 κ.
1693 4951 1744 5002 λ.
1779 4947 1856 5000 En
1881 4963 2046 5017 argu-

469 5053 718 5099 mentum
739 5041 916 5097 ultimi
942 5059 956 5096 :
988 5041 1284 5105 Ίδιάζουσα
1313 5041 1526 5112 αἵρεσίς
1553 5043 1667 5094 ἐστι
1691 5040 1782 5093 τοῦ
1809 5039 2046 5108 Παλαμᾶ

468 5136 530 5188 τὸ
557 5134 738 5204 λέγειν
771 5133 1057 5201 ἀνάλογον,
1093 5132 1282 5203 ὥσπερ
1313 5134 1382 5188 τὰ
1419 5135 1478 5187 ἐν
1510 5133 1587 5204 τῷ
1636 5132 1784 5203 νόμῳ
1839 5133 2046 5202 μυστή-

473 5242 566 5298 ρια
597 5221 666 5297 ἦν
697 5224 792 5279 τοῦ
824 5223 1181 5294 Εὑαγγελίου,
1209 5225 1352 5279 οῦτω
1389 5228 1483 5281 καὶ
1535 5228 1604 5279 τὰ
1658 5229 1714 5277 ἐν
1747 5227 1823 5295 τῷ
1862 5225 2044 5292 Εὐαγ-

472 5318 636 5388 γελίῳ
667 5317 947 5388 μυστήρια
983 5313 1052 5387 ἦν
1082 5317 1190 5371 τῶν
1219 5319 1384 5372 αὐτοῦ
1416 5319 1722 5388 δογμάτων.
1759 5319 1883 5372 Des.
1915 5334 1929 5370 :
1984 5315 2044 5369 '0

470 5413 528 5464 δέ
565 5413 685 5473 ταῖς
713 5409 969 5463 ἁπάντων
999 5410 1058 5461 οὺ
1099 5411 1395 5482 παρέργως
1455 5412 1691 5482 ἐννοίαις
1738 5410 2046 5464 ἐπιστατῶν

469 5500 580 5557 οἶδε
613 5501 793 5563 καλῶς
833 5500 929 5572 τὴν
956 5501 1131 5571 ἀληθῆ
1152 5502 1376 5574 τάνδρὸς
1407 5506 1504 5558 καὶ
1527 5504 1826 5557 ἄπταιστον
1845 5503 1902 5556 ἐν
1931 5505 2045 5566 τοῖς

472 5596 734 5656 τοιούτοις
760 5593 1021 5648 διάνοιαν.
2014 5580 2016 5583 ’

542 5687 632 5744 Vl.
675 5703 796 5758 pag.
835 5686 922 5742 75.
971 5688 1207 5752 Quartus
1236 5704 1416 5768 sermo
1448 5705 1501 5744 tn
1526 5700 1703 5760 capita
1745 5690 1933 5745 decem
1961 5699 2046 5746 est

471 5782 818 5839 distributus.
871 5780 1066 5838 lndici‘
1103 5798 1233 5836 vero
1261 5783 1533 5852 capitum,
1573 5784 1738 5840 totius
1775 5783 2046 5839 sermonis

482 5885 866 5946 argumentum
927 5874 1300 5941 praemittitur,
1348 5875 1494 5943 quod
1554 5875 1627 5930 ita
1683 5874 1844 5930 habet
1878 5894 1888 5930 :
1923 5874 2044 5928 ’Ὁτι

2145 4681 2342 4751 τομίαν
2371 4681 2473 4748 τῆς
2509 4679 2748 4741 πίστεως
2812 4678 3209 4748 παρειλήφασι,
3241 4693 3297 4730 κ.
3363 4675 3414 4729 λ.
3450 4673 3724 4728 Duodeci-

2148 4787 2336 4827 utum:
2378 4773 2504 4825 ’Ὀτι
2531 4770 2736 4832 διπλῶς
2762 4769 2983 4838 λέγεται
3022 4771 3056 4840 ή
3097 4771 3156 4822 ἐν
3216 4769 3347 4840 ἡμῖν
3379 4767 3533 4836 παρὰ
3582 4763 3724 4819 Θεοῦ

2149 4865 2333 4933 σοφία,
2430 4863 2731 4932 ἀγαθότης,
2759 4861 2793 4933 ἢ
2831 4862 2969 4932 ζωὴ,
2999 4861 3032 4932 ἢ
3069 4859 3320 4930 δύναμις,
3379 4859 3411 4930 ἢ
3446 4858 3721 4929 ἐνέργεια.

2145 4957 2293 5012 Des.:
2309 4955 2502 5009 Σύνετε
2527 4955 2612 5021 δὴ,
2633 4954 2867 5026 ἄφρονες
2897 4955 2955 5006 ἐν
2983 4951 3061 5022 τῷ
3087 4951 3223 5022 λαῷ,
3249 4952 3345 5006 καὶ
3370 4949 3566 5022 μωροὶ,
3592 4949 3724 5003 ποτέ

2148 5066 2184 5118 φ
2195 5050 2322 5119 ρονή
2332 5065 2481 5101 σατε.

2216 5140 2284 5195 Χ.
2322 5155 2446 5209 pag.
2480 5139 2603 5195 HS.
2645 5137 2836 5204 Quarti
2863 5135 3048 5206 capita
3069 5143 3200 5190 sunt
3229 5142 3465 5207 septem,
3487 5145 3724 5203 quorum

2149 5235 2387 5304 primum
2417 5241 2544 5288 est;
2598 5233 2732 5287 Τίνα
2783 5231 2942 5298 δόξαν
2972 5229 3132 5300 ἔσχον
3193 5225 3451 5298 περὶτοῦ
3503 5225 3723 5294 πρώτου

2150 5325 2563 5395 σημαινομένου
2589 5325 2690 5393 τῆς
2730 5323 3012 5392 ἐνεργείας
3060 5322 3156 5374 καὶ
3183 5321 3232 5372 οἱ
3259 5318 3365 5384 ἔξω
3412 5317 3720 5387 φιλόσοφοι.

2149 5417 2262 5474 Inc.
2287 5435 2302 5471 :
2337 5417 2542 5470 Τοῦτον
2566 5415 2764 5482 οὐκοῦν
2796 5415 2888 5468 τὸν
2907 5415 3108 5484 τρόπον
3125 5412 3221 5481 τῆς
3252 5411 3417 5464 ἓνεκα
3437 5408 3530 5461 τοῦ
3559 5407 3722 5476 ἔργου

2147 5507 2434 5579 ἐνεργείας
2473 5507 2848 5576 δεδειγμένης.
2879 5504 3185 5560 Ultimum:
3219 5503 3345 5565 Πῶς
3370 5501 3430 5555 τὸ
3461 5499 3605 5568 ἔχειν
3628 5497 3725 5550 ἐπὶ

2149 5599 2286 5653 Θεοῦ
2316 5601 2557 5666 λέγεται,
2582 5601 2675 5652 καὶ
2706 5599 2824 5662 πῶς
2870 5599 2932 5651 τὸ
2956 5594 3116 5660 εἶναι,
3149 5596 3244 5649 καὶ
3274 5596 3336 5646 τὸ
3391 5589 3604 5656 ἓν,.καὶ
3659 5587 3730 5640 τὸ

2148 5691 2280 5755 Θεὸς
2313 5691 2507 5761 ὄνομα.
2544 5691 2692 5747 Des.:
2719 5691 2829 5746 Καὶ
2858 5691 2958 5764 ζῇν
2989 5691 3135 5762 ἡμᾶς
3153 5691 3211 5742 ἐν
3233 5683 3402 5752 αὐτῷ,
3428 5685 3523 5736 καὶ
3553 5675 3730 5749 sive!“

2149 5783 2244 5837 καὶ
2279 5781 2545 5834 κινεῖσθαι
2567 5781 2938 5850 παρέστησεν.

2223 5873 2307 5927 λιι
2352 5891 2404 5944 p.
2454 5873 2550 5930 1'26
2575 5877 2623 5928 ί).
2662 5873 2846 5938 Quinti
2880 5873 3062 5944 capita
3084 5880 3209 5928 sunt
3247 5878 3358 5928 tres
3401 5875 3460 5925 ct
3503 5859 3727 5937 Viginti.
