4058 6510
337 483 444 546 703

1549 479 1873 542 JOANNIS
1909 478 2432 542 CANTACUZENI

3490 474 3596 539 704

341 595 621 650 Primum:
683 592 820 665 Περὶ
878 594 990 650 τῶν
1021 594 1080 649 ἐν
1120 591 1197 664 τῷ
1245 594 1363 666 Θεῷ
1419 594 1796 666 ἀναφορικῶν,
1833 593 1928 648 καὶ
1957 597 2003 655 Δ
2033 594 2143 647 ἴδια
2188 595 2283 648 τοῦ
2320 595 2498 664 φωτὸς
2552 593 2647 661 τῆς
2683 592 2972 662 θειοτάτης
3000 589 3095 643 τοῦ
3151 589 3360 660 Κυρίου
3429 605 3595 659 μετα-

339 688 461 739 τίνα
492 687 573 738 δεῖ
607 687 790 757 ζητεῖν
823 688 953 756 περὶ
998 688 1209 742 τούτων
1243 689 1526 758 πρότερον.
1564 689 1715 742 lnc.:
1766 687 1920 740 Ἐπεὶ

339 778 397 829 δὲ
436 777 616 829 καὶτὰ
643 776 746 844 μὲν
781 776 1204 846 ἀπολελυμένως
1237 780 1304 849 τῇ
1361 779 1552 848 Γραφῇ
1613 778 1742 846 περὶ
1779 775 1918 830 Θεοῦ

341 868 586 934 λέγεται,
632 885 686 920 κ.
727 867 775 921 λ.
819 868 1128 924 Ultimum:
1181 869 1307 922 '01t
1341 869 1476 938 μόνη
1511 871 1543 937 ή
1597 869 1753 922 οὐσία
1821 867 1917 923 τοῦ

342 961 478 1011 Θεοῦ
518 960 852 1029 δημιουργός
894 962 1042 1013 ἐστιν
1070 961 1220 1013 αίτία
1255 961 1496 1024 πάντων,
1534 961 1628 1014 καὶ
1664 962 1748 1014 ὄτι
1778 963 1918 1033 μόνη

341 1051 612 1112 ἀκτιστος.
669 1049 795 1106 Des.
824 1067 840 1104 :
874 1051 1059 1106 Ταῦτα
1093 1051 1148 1105 δὲ
1205 1051 1478 1122 λαμπρῶς
1528 1054 1585 1105 ἐν
1637 1055 1752 1118 τοῖς
1787 1054 1920 1124 πρὶν

340 1140 750 1210 ἐξελήλεγκται,
801 1142 894 1196 τὸν
947 1141 1107 1212 λόγον
1165 1144 1260 1198 ἐπὶ
1312 1144 1482 1199 τᾶλλα
1543 1144 1922 1216 μεταϐιϐἀσω-

346 1251 464 1304 μεν.

413 1329 530 1386 XII.
558 1347 677 1402 pag.
716 1332 838 1387 145.
871 1332 1038 1388 Sexto
1069 1342 1126 1388 et
1187 1333 1428 1404 septimo
1456 1333 1645 1390 nullus
1677 1335 1920 1405 capitum

348 1423 505 1476 index
546 1425 855 1493 prwcurrit,
887 1440 1010 1495 quae
1037 1431 1218 1480 tamen
1250 1426 1416 1482 multa
1441 1441 1562 1480 esse
1591 1442 1656 1481 ex
1679 1427 1922 1496 ipsorum

346 1517 776 1581 pertractatione
831 1517 1347 1586 deprehenduntur.
1394 1517 1595 1573 Sextus
1662 1519 1926 1576 inscribi-

346 1617 474 1659 tur:
512 1605 771 1676 Ἔλεγχος
805 1606 906 1678 τῆς
943 1608 1076 1677 περὶ
1107 1608 1175 1661 τά
1205 1608 1345 1679 ῥητὰ
1395 1609 1754 1679 κακουργίας.
1810 1609 1925 1666 Hu-

338 1701 432 1770 jus
489 1707 654 1769 caput
703 1699 970 1769 primum:
1032 1702 1171 1772 [Iapt
1225 1701 1335 1755 τῶν
1371 1701 1674 1758 δοκούντων
1731 1704 1923 1770 ἁπλῶς

347 1791 500 1854 Θείας
547 1791 736 1854 οὐσίας
791 1792 885 1844 καὶ
953 1791 1103 1855 Θείας
1159 1793 1440 1863 ἐνεργείας
1486 1795 1925 1858 κατασκευάζειν

342 1883 628 1951 διαφοράν.
657 1882 772 1937 Inc.
799 1899 816 1936 :
843 1882 992 1935 Ἀλλ’
1021 1883 1122 1936 ὅσα
1157 1884 1254 1954 μὲν
1285 1885 1561 1955 προσῆκεν
1593 1888 1672 1948 είς
1707 1886 1923 1939 ἀπόδει-

2027 684 2382 756 μορφώσεως,
2420 685 2515 738 καὶ
2537 684 2660 738 τίνα
2691 682 2797 736 ῖδια
2827 685 2926 752 τῆς
2948 682 3248 750 φαντασίας
3269 680 3362 734 καὶ
3383 679 3597 750 πλάνης

2020 777 2117 830 τοῦ
2145 775 2466 845 Παλαμικοῦ
2501 775 2698 844 φωτός.
2727 776 2878 830 lnc.:
2920 774 3076 827 Ἐπεὶ
3106 773 3292 827 τοίνυν
3319 772 3601 825 ἀποδέδει-

2023 887 2149 924 κται
2171 871 2333 940 μόνον
2364 869 2453 922 τὸν
2478 867 2715 939 Χριστὸν
2741 864 2879 920 εἶναι
2910 868 2971 919 τὸ
3000 866 3137 935 φῶς,
3162 883 3214 919 κ.
3239 864 3594 921 λ.ῐ]Ιῑίιῐιιιῐηε

2024 963 2088 1015 EI
2117 963 2298 1034 ὀρθῶς
2351 961 2418 1016 ἂν
2466 961 2609 1014 εῖποι
2643 961 2932 1028 Παλαμᾶς,
2978 959 3038 1011 τὸ
3093 961 3209 1020 τοῖς
3262 957 3598 1027 σωματικοῖς

2023 1055 2321 1125 ὀφθαλμοῖς
2369 1054 2477 1106 τῶν
2534 1052 2801 1122 μαθητῶν
2838 1051 3112 1104 ὑποπεσὸν
3155 1050 3272 1118 φῶς
3309 1050 3386 1119 μὴ
3448 1043 3592 1101 εἶναι

2023 1147 2122 1216 τῆς
2164 1144 2366 1214 ὁρατῆς
2397 1144 2562 1198 αὐτοῦ
2597 1142 2919 1208 θεοφανείας
2973 1141 3111 1210 φῶς,
3149 1139 3288 1192 ἀλλά
3339 1139 3439 1207 τῆς
3469 1138 3598 1206 νοηὲ

2023 1237 2123 1308 τῆς
2153 1235 2318 1290 αὐτοῦ
2347 1236 2620 1304 θεότητος.
2654 1235 2806 1290 Des:
2849 1231 2920 1288 Τὸ
2957 1235 3073 1303 φῶς
3118 1229 3259 1286 εἶναι
3287 1229 3386 1301 τῆς
3432 1247 3598 1298 μετα-

2028 1327 2359 1400 μορφώσεως
2375 1328 2576 1397 λέγειν.
2969 1352 2976 1355 ·
3632 1391 3640 1399 1

2095 1421 2258 1477 XVII.
2291 1437 2415 1492 pag.
2437 1421 2544 1476 29.3
2565 1421 2614 1474 b.
2658 1418 2828 1474 Tertii
2869 1418 3045 1487 capita
3079 1426 3337 1486 quatuor,
3363 1429 3596 1485 quorum

2025 1514 2265 1580 primum
2296 1530 2310 1566 :
2347 1513 2408 1566 Εί
2436 1511 2654 1583 εἴρηταί
2693 1528 2804 1564 τινι
2837 1509 2946 1562 τῶν
2974 1509 3244 1576 θεολόγων
3263 1509 3363 1576 τῆς
3395 1506 3601 1578 ἀνθρω-

2027 1608 2261 1675 πότητος
2285 1600 2426 1659 εἶναι
2471 1606 2564 1658 τοῦ
2595 1605 2848 1674 Σωτῆρος
2899 1604 2961 1655 τὸ
3001 1603 3116 1671 φῶς
3174 1601 3276 1671 τῆς
3317 1600 3599 1669 Θειοτάτης

2031 1696 2200 1754 αὐτοῦ
2236 1697 2742 1768 μεταμορφώσεως.
2776 1696 2893 1751 Inc.
2921 1713 2934 1750 :
2963 1696 3044 1748 Δι’
3075 1697 3218 1748 ὅσων
3254 1696 3351 1764 μὲν
3387 1693 3480 1747 οὖν
3535 1692 3600 1746 ἀν

2027 1806 2113 1852 τις
2141 1790 2239 1853 τὰς
2276 1789 2642 1858 εὐαγγελικάς
2671 1790 3035 1844 ἀναπτύσσων
3062 1788 3212 1851 Θείας
3264 1787 3470 1858 φωνάς.
3503 1787 3600 1843 Ul-

2031 1882 2219 1935 timum
2248 1900 2262 1936 :
2302 1881 2362 1934 Et
2395 1882 2619 1934 δυνατὸν
2652 1881 2826 1952 ὀρθῶς
2854 1881 3026 1934 εἰπεῖν
3070 1881 3160 1932 τὸν
3189 1880 3485 1948 Παλαμᾶν,
3525 1879 3600 1949 μὴ

347 1973 428 2036 ξιν
445 1973 734 2040 διελέσθαι,
755 1991 811 2028 κ.
834 1973 886 2029 λ.
914 1974 1205 2031 Ultimum:
1235 1965 1333 2040 Et;
1362 1976 1423 2029 τὸ
1457 1976 1622 2047 ῥητὸν
1651 1977 1712 2030 τὸ
1743 1977 1920 2044 λέγον,
1952 1958 1999 2019 Β
2029 1965 2168 2024 εἶναι
2199 1972 2299 2040 τῆς
2331 1971 2685 2044 ἀνθρωπίνης
2723 1973 2940 2042 φύσεως
2997 1971 3112 2040 τῆν’
3151 1969 3483 2042 ὡραιότητα,
3534 1970 3602 2040 ἢν

357 2063 424 2116 Ἦ
454 2063 576 2117 Θεία
604 2063 872 2133 έλλαμψις
900 2065 994 2118 καὶ
1023 2066 1301 2135 ἐνέργεια,
1329 2067 1428 2136 μία
1454 2067 1591 2121 οὐσα
1618 2068 1718 2120 καλ
1751 2067 1924 2138 ἀπλῆ,

347 2156 442 2208 καὶ
463 2157 694 2227 ἀμερής.
719 2157 848 2213 Des.
873 2156 968 2212 :'H
996 2156 1053 2210 δὲ
1085 2159 1332 2228 μακαρία
1363 2158 1521 2210 οὐσία
1549 2159 1750 2230 ὁμοίως
1779 2161 1928 2213 ἐστὶν

347 2244 404 2296 έν
427 2262 486 2298 τε
511 2247 620 2308 τοῖς
653 2245 962 2319 Χερουϐὶμ,
1007 2248 1106 2301 καὶ
1141 2249 1255 2312 τοῖς
1293 2247 1628 2318 ἀνθρώποις,
1662 2249 1756 2302 καὶ
1812 2250 1928 2313 τοῖς

348 2336 539 2402 λίθοις,
571 2338 668 2390 καὶ
695 2337 806 2392 τῶν
843 2339 1163 2408 κτισμάτων
1191 2339 1302 2400 τοῖς
1338 2338 1720 2406 φαυλοτάτοις.

417 2426 559 2482 XIII.
591 2444 714 2498 pag.
781 2430 902 2484 171.
951 2431 1237 2500 Septimus
1273 2445 1456 2485 sermo
1507 2431 1656 2485 hunc
1705 2430 1925 2484 titulum

348 2521 611 2588 prafert:
645 2521 908 2596 Ἔλεγχος
934 2522 1048 2574 τῶν
1093 2521 1440 2592 διακρίσεων.
1474 2511 1720 2577 Primum
1765 2529 1930 2592 caput

347 2622 470 2666 cst:
500 2613 637 2682 Περὶ
665 2614 782 2677 τοῦ,
811 2614 866 2665 τί
913 2615 1029 2666 ἐστι
1086 2613 1342 2685 διαφορὰ,
1380 2616 1476 2668 καὶ
1511 2597 1791 2683 ἑτερότης,
1833 2613 1929 2667 καὶ

350 2705 721 2773 ἀνομοιότηςς
759 2707 876 2759 Inc.
909 2722 924 2757 :
971 2705 1129 2760 Ἐπεὶ
1179 2707 1364 2759 τοίνυν
1394 2705 1579 2768 ἁπλῶς
1622 2705 1928 2762 ἐκτίθενται

351 2795 616 2865 διαφορὰν
649 2795 798 2859 Θείας
833 2795 1046 2863 οὐσίας,
1099 2797 1195 2849 καὶ
1245 2795 1553 2865 ἐνεργείας,
1586 2813 1640 2850 κ.
1681 2796 1733 2850 λ.
1786 2795 1927 2851 Ulti-

352 2903 499 2940 mum
543 2905 558 2946 :
602 2888 699 2950 Είς
731 2889 832 2959 τὴν
860 2888 1132 2940 ἀντίθεσιν
1166 2887 1265 2957 τὴν
1303 2887 1586 2955 λέγουσαν,
1617 2889 1698 2941 ὅτι
1752 2890 1783 2959 ἡ
1833 2886 1927 2940 τοῦ

351 2977 486 3029 θεοῦ
532 2979 786 3048 ἐνέργεια
813 2979 847 3048 ἦ
902 2995 960 3031 τε
1004 2979 1349 3048 μακαριότης
1401 2979 1584 3032 καὶτὸ
1611 2979 1765 3043 τέλος
1817 2980 1928 3033 τῶν

261 3131 265 3134 _
349 3069 559 3137 ἐφετῶν
617 3071 872 3139 ἐστινοή
929 3069 985 3124 δὲ
1041 3071 1200 3125 οὐσία
1246 3070 1414 3124 αὐτοῦ
1476 3069 1929 3140 ἀπροσπέλαστος

353 3164 528 3233 πάντη
581 3161 679 3217 καὶ
707 3163 989 3232 ἀνέπαφος
1043 3165 1104 3216 ἐν
1133 3164 1346 3227 τούτοις
1369 3163 1736 3234 διατηρείται.
1799 3163 1924 3218 Des.

349 3255 393 3304 Τ
399 3253 663 3323 ηνικαῦτα
688 3255 782 3310 καὶ
811 3257 976 3324 ἡμεῖς
1005 3254 1105 3326 τὴν
1135 3255 1292 3326 ὑμῶν
1324 3256 1418 3309 καὶ
1446 3254 1608 3318 αὖθις
1632 3253 1928 3308 κακόνοιαν

348 3345 747 3415 ἀπελέγξομεν.

417 3433 556 3490 XIV.
620 3451 744 3505 pag.
801 3435 924 3490 I85.
999 3435 1194 3491 Sermo
1257 3444 1485 3491 octavus
1556 3436 1926 3495 inscribitur:

353 3525 607 3597 Ἔλεγχοι
632 3527 742 3582 τῶν
791 3527 1062 3581 ἑνώσεων.
1115 3527 1289 3600 Hujus
1343 3523 1524 3599 capita
1569 3541 1699 3584 sunt
1730 3531 1927 3600 viginti

347 3628 608 3687 quatuor,
641 3633 876 3687 quorum
910 3619 1178 3688 primum:
1210 3618 1334 3673 Ὀτι
1361 3620 1580 3674 ἐναντία
1611 3621 1824 3684 ἑαυτοῖς
1846 3621 1931 3674 λέ-

348 3726 562 3777 γουσιν,
590 3713 646 3762 ἐν
669 3707 752 3774 of;
781 3710 1094 3782 ἀδιαίρετον
1120 3711 1220 3781 τῆς
1253 3711 1405 3773 θείας
1451 3712 1642 3774 οὐσίας
1677 3712 1777 3782 τὴν
1805 3713 1932 3765 ἐαυ-

349 3805 450 3872 τῆς
479 3805 721 3857 τίθενται
768 3805 1075 3874 ἐνέργειαν.
1103 3804 1252 3859 lnc.:
1310 3801 1456 3855 Ἀλλ’
1487 3804 1520 3870 ἡ
1557 3803 1654 3872 μὲν
1687 3803 1796 3855 τῶν
1838 3804 1931 3856 δύο

352 3896 626 3966 θεοτὴτων
684 3898 828 3951 κατὰ
855 3896 1142 3966 δαιμονίαν
1173 3893 1450 3949 ἀντίθεσιν
1478 3893 1734 3964 διαφορά.
1791 3893 1930 3949 Ulti-

350 4003 519 4053 mum,
577 3988 724 4056 quod
772 3987 1097 4043 inscribitur
1156 3987 1460 4053 Ἐπίλογος,
1495 3983 1655 4040 des.:
1689 3985 1753 4039 Et
1781 3985 1839 4038 δέ
1874 4001 1929 4038 τι

354 4090 506 4156 παρά
556 4086 703 4141 τοῦτ’
737 4085 960 4138 ἔλαττον
1015 4081 1306 4153 ἀπαντῴη,
1367 4082 1477 4134 τῶν
1539 4079 1674 4148 γοῦν
1720 4081 1787 4134 ὲκ
1834 4079 1930 4134 τοῦ

352 4181 800 4252 προτεθυμῆσθαι
832 4179 1184 4248 πεποίθαμεν
1217 4178 1293 4247 μὴ
1325 4178 1584 4231 ἐκπεσεῖν
1613 4177 1855 4246 ἀγαθῶν.

422 4275 536 4331 XV.
568 4291 694 4346 pag.
747 4275 871 4330 209.
908 4273 1176 4342 Sequitur
1224 4271 1366 4326 liber
1393 4271 1610 4336 tertius,
1644 4285 1932 4328 sermones

353 4365 541 4420 itidem
599 4374 724 4420 octo
787 4364 1186 4432 complectens.
1256 4360 1526 4416 Praecedit
1587 4363 1928 4433 Προθεωρία,

352 4457 510 4527 cujus
543 4456 803 4511 initium:
839 4456 912 4508 Τὸ
963 4454 1149 4525 τρίτον
1202 4453 1408 4523 βιϐλίον
1443 4454 1581 4524 πρὸς
1642 4457 1742 4518 τὰς
1804 4455 1932 4509 καθ’

352 4549 510 4617 ἡμῶν
535 4549 686 4618 παρὰ
723 4544 818 4600 τοῦ
851 4545 1090 4615 Παλαμᾶ
1125 4546 1258 4616 περὶ
1286 4544 1382 4598 τοῦ
1442 4545 1621 4614 φωτὸς
1667 4543 1934 4615 ἐπηρείας

2030 2063 2310 2128 ὑπέδειξεν
2360 2066 2388 2117 ὀ
2442 2065 2681 2134 Χριστὸς
2737 2067 2795 2120 ἐν
2838 2063 2916 2135 τῷ
2967 2065 3089 2135 δρει
3148 2061 3603 2134 μεταμορφωθεὶς

2029 2153 2252 2209 ἐπὶτῶν
2277 2154 2558 2226 μαθητῶν.
2595 2155 2722 2211 Des.
2753 2172 2767 2209 :
2804 2155 2914 2209 Kal.
2936 2155 3154 2210 κτιστδν
3175 2157 3236 2208 τὸ
3263 2153 3408 2209 θεῖον
3431 2155 3604 2207 ἐκεῖνο

2031 2245 2144 2314 φῶς
2167 2246 2400 2300 οἴεσθαι.

2103 2338 2290 2395 XVIII.
2335 2355 2388 2408 p.
2419 2339 2548 2394 250.
2593 2338 2785 2405 Quarti
2808 2339 3079 2395 sermonis
3103 2339 3279 2410 capita
3314 2337 3443 2393 item
3474 2353 3605 2409 qua-
3643 2393 3658 2406 ,

2031 2441 2178 2499 tuor,
2219 2447 2454 2503 quorum
2486 2435 2721 2503 primum
2750 2451 2763 2487 :
2798 2433 2861 2485 Εί
2896 2431 2970 2501 μὴ
2993 2433 3088 2502 καὶ
3123 2431 3317 2484 ἐκτῶν
3343 2449 3605 2501 προειρη-

2034 2525 2213 2596 μένων
2237 2525 2598 2595 ἀναφαίνεται
2655 2523 2883 2592 φυσικὸν
2941 2519 3081 2576 εῖναι
3115 2521 3273 2576 τοῦτο
3319 2521 3382 2576 τὸ
3409 2521 3605 2586 κάλλος

2030 2619 2132 2688 τῆς
2167 2619 2275 2689 πρὸ
2304 2619 2401 2689 τῆς
2436 2617 2726 2688 παρακοῆς
2783 2615 2876 2670 τοῦ
2932 2616 3103 2683 Ἀδὰμ
3156 2615 3602 2686 ἀνθρωπότητος.

2029 2709 2173 2765 lnc.:
2230 2709 2620 2777 Ἀναφαίνεται
2673 2707 2729 2761 δέ
2761 2708 2858 2761 καὶ
2910 2708 2974 2761 ἐκ
3014 2707 3124 2760 τῶν
3167 2707 3604 2776 προειρημένων,

2031 2821 2084 2857 κ.
2117 2803 2168 2856 λ.
2197 2801 2461 2856 Ultimum
2493 2820 2508 2854 :
2542 2801 2602 2854 Ei
2631 2800 2809 2870 ὀρθῶς
2861 2801 2928 2855 ἂν
2983 2801 3127 2854 είποι
3191 2800 3474 2870 Παλαμᾶς,
3531 2800 3606 2870 μὴ

2030 2894 2274 2947 τοιοῦτον
2299 2890 2438 2946 εἶναι
2471 2893 2532 2947 τὺ
2563 2894 2793 2962 φυσικὸν
2819 2893 3014 2957 κάλλος
3037 2892 3129 2946 105
3161 2894 3268 2964 πρὸ
3294 2893 3392 2963 τῆς
3427 2911 3607 2963 παρα-

2031 2987 2160 3054 κοῆς
2201 2985 2512 3057 ἀνθρώπου.
2569 2987 2693 3041 Des.
2729 3002 2744 3041 :
2777 2987 2887 3040 Καὶ
2929 2985 3050 3057 μηδ’
3086 2985 3377 3040 ὁποσονοῦν
3418 2986 3608 3056 δφελος

2036 3079 2153 3139 τοῖς
2184 3075 2544 3146 ζητουμένοις
2573 3076 2902 3145 εἰσφέροντα
2935 3075 3232 3146 παρῶπται
3259 3075 3502 3132 δικαίως.

2101 3166 2244 3223 XIX.
2282 3184 2405 3239 pag.
2447 3167 2574 3225 2'55.
2609 3168 2794 3235 Quinti
2853 3168 3130 3224 sermonis
3190 3168 3368 3237 capita
3419 3183 3611 3222 nume-

1957 3298 1999 3356 α
2033 3271 2224 3317 rantur
2243 3263 2510 3332 quinque,
2544 3277 2779 3332 quorum
2807 3263 3046 3331 primum
3077 3277 3091 3314 :
3141 3261 3205 3314 Εἰ
3245 3260 3460 3330 εἴρηταί
3503 3275 3609 3312 τινι

2036 3355 2144 3408 τῶν
2167 3355 2433 3424 θεολόγων
2464 3356 2544 3417 είς
2579 3354 2780 3422 δεῖγμα
2806 3354 2904 3422 τῆς
2963 3351 3229 3422 ἐσομένης
3259 3351 3368 3404 τῶν
3403 3350 3614 3420 ἀνθρώ-

2039 3464 2160 3500 πων
2191 3447 2332 3518 μετὰ
2361 3446 2517 3517 δόξης
2559 3446 2865 3516 ἐναλλαγῆς
2897 3445 2954 3496 ἐν
2984 3445 3051 3514 τῇ
3087 3441 3178 3496 105
3225 3441 3463 3512 Χριστοῦ
3492 3441 3612 3494 δευ-

2033 3540 2170 3609 τέρα
2201 3539 2473 3610 παρουσία
2506 3538 2567 3590 τὸ
2589 3537 2703 3606 φῶς
2733 3533 3171 3606 παραδειχθῆναι
3201 3535 3300 3605 τῆς
3331 3549 3612 3605 μεταμορ-

2035 3619 2280 3694 φώσεως.
2315 3629 2432 3682 Inc.
2461 3642 2478 3680 :
2509 3627 2721 3680 Γίνεται
2763 3627 2820 3679 δὲ
2884 3627 2980 3680 καὶ
3009 3628 3072 3679 ἐκ
3095 3625 3301 3679 τούτων
3356 3623 3610 3694 φανερόν.

2038 3719 2305 3775 Ultimum
2341 3735 2355 3770 :
2394 3719 2456 3771 Εἰ
2487 3715 2825 3771 ἐναντιοῦταί
2854 3733 2960 3770 τινι
2994 3717 3105 3770 τῶν
3157 3713 3605 3785 προειρημένων,

2035 3813 2119 3866 ὅτι
2147 3813 2273 3878 δόξα
2297 3811 2517 3879 λέγεται
2558 3809 2735 3882 Θεοῦη
2781 3811 2878 3864 καὶ
2921 3809 3166 3880 βασιλεία
3218 3808 3482 3879 οὐρανῶν,
3517 3807 3613 3860 καὶ

2044 3905 2238 3974 Θεότης
2273 3906 2332 3956 τὸ
2391 3904 2509 3973 φῶς
2553 3906 2653 3976 τῆς
2709 3903 2805 3958 τοῦ
2847 3904 3052 3972 Κυρίου
3111 3899 3609 3973 μεταμορφώσεως.

2037 3998 2187 4052 Des.:
2221 3996 2332 4062 Τῆς
2351 3996 2608 4066 ἀληθείας
2632 3995 3018 4064 περιγενέσθαι
3054 3993 3358 4064 προσδοκᾷν
3391 3993 3612 4063 φαίητε.

2111 4088 2230 4144 ΧΧ.
2258 4104 2380 4159 pag.
2415 4086 2521 4142 246
2557 4089 2606 4142 b.
2642 4086 2841 4143 Sextus
2858 4101 3038 4141 sermo
3070 4087 3247 4156 capita
3298 4087 3615 4156 complecti-

2041 4190 2130 4236 tur
2153 4181 2455 4247 sexdecim,
2485 4194 2720 4250 quorum
2745 4178 3016 4249 primum:
3048 4179 3110 4230 Ei
3135 4179 3229 4231 καὶ
3252 4178 3431 4240 ἄλλοις
3461 4178 3614 4246 αἰρε-

2039 4278 2211 4338 τικοῖς
2229 4274 2454 4343 ἐγένετο
2477 4272 2752 4343 πρόφασις
2783 4270 2875 4325 τοῦ
2909 4269 3254 4340 βλασφημεῖν
3286 4269 3347 4322 τὺ
3377 4268 3492 4348 φῶς
3516 4272 3616 4341 τῆς

2038 4367 2324 4436 θειοτάτης
2349 4366 2444 4418 τοῦ
2480 4363 2682 4438 Κυρίου
2719 4363 3374 4434 μεταμορφώσεως.1ηο.;
3400 4363 3615 4431 Ὥσπερ

2035 4462 2219 4515 τοίνυν
2247 4461 2280 4529 ἡ
2314 4457 2432 4511 θεία
2463 4458 2741 4529 σάρκωσις
2771 4454 2865 4509 τοῦ
2893 4456 3163 4525 Σωτῆρος.
3199 4453 3464 4510 Ultimum
3499 4469 3513 4507 :
3543 4454 3613 4508 Ei

2041 4553 2135 4606 καὶ
2161 4552 2233 4605 δι’
2282 4552 2490 4622 ἐτέρων
2546 4548 2876 4617 Θεολογικῶν
2951 4546 3270 4616 ἐξηγήσεων
3324 4548 3356 4616 ὴ
3411 4545 3616 4616 φυσικὴ

351 4641 740 4710 ἀπολογεῖσθαι
805 4638 1190 4692 συντέτακται.
1261 4638 1414 4693 Finis
1449 4655 1463 4692 :
1524 4635 1634 4690 Καὶ
1661 4636 1935 4689 τελευτῶν
1969 4649 2011 4706 ι)
2036 4645 2311 4715 ὡραιότης
2363 4644 2458 4696 καὶ
2490 4643 2796 4711 εὐπρέπεια
2857 4641 2952 4694 τοῦ
2983 4639 3296 4710 ζωαρχικοῦ
3343 4639 3435 4692 καὶ
3467 4638 3612 4692 θείου

353 4733 744 4788 Μασσαλιανδν
775 4730 1180 4800 ἀκριϐέστατον
1208 4730 1372 4783 αὐτὸν
1397 4726 1538 4783 εῖναι
1573 4729 1931 4797 παρίστησιν.

354 4825 574 4879 Primus
609 4838 792 4879 sermo
828 4823 1188 4879 inscribitur:
1229 4823 1317 4874 Ἐν
1347 4823 1464 4883 τοῖς
1521 4819 1654 4889 περὶ
1683 4818 1781 4871 τοῦ
1823 4835 1936 4887 φω-

349 4919 444 4981 τὸς
471 4919 782 4989 ζητήμασιν
814 4916 1129 4985 ἀπολογιῶν
1159 4914 1373 4985 πρώτη.
1410 4912 1515 4979 Qui
1549 4911 1770 4982 quidem
1803 4913 1936 4966 titu-

353 5015 442 5066 Ius
504 5013 734 5082 reliquis
759 5011 923 5066 etiam
961 5009 1317 5066 sermonibus
1380 5005 1703 5076 praeﬁgitur.
1762 5007 1938 5079 I‘lnjus

355 5081 535 5174 capita
570 5081 702 5159 sunt
753 5113 898 5158 octo.
931 5103 1177 5157 Primum
1223 5107 1346 5154 est:
1384 5099 1446 5151 Εἰ
1510 5098 1787 5168 ἐνδέχεται
1841 5098 1936 5152 δύο

355 5198 454 5250 καὶ
496 5197 666 5250 πολλὰ
698 5196 854 5266 φῶτα
884 5194 1116 5264 ἀληθινά
1175 5187 1340 5258 εἶναι.
1372 5191 1510 5246 lnc.:
1549 5192 1638 5243 Ἐν
1666 5191 1812 5254 ὂσοις
1838 5191 1938 5262 μὲν

355 5287 424 5358 ῆν
454 5289 680 5342 δυνατὸν
716 5287 1057 5356 ΙΙαλαμὴτας
1088 5281 1389 5349 ἀπελέγξαι
1420 5281 1613 5351 ψευδῆ.
1645 5282 1931 5338 Ultimum:

358 5387 422 5438 Et
457 5387 530 5456 μὴ
567 5387 660 5438 καλ¹
681 5385 780 5454 τὴν
815 5382 1083 5451 ἐνσαρκον
1111 5378 1206 5432 τοῦ
1236 5378 1374 5432 θεοῦ
1401 5380 1589 5448 Λόγου
1626 5380 1940 5450 οἰκονομίαν

359 5477 660 5548 ἀνατρέποι
714 5475 1002 5543 Παλαμᾶς,
1044 5474 1103 5526 ἐν
1168 5466 1252 5534 οἷς
1309 5472 1620 5542 ἀνίστησιν,
1680 5471 1764 5523 ὅτι
1824 5471 1940 5539 φῶς

362 5573 513 5623 ἐστιν
535 5570 726 5638 ἕτερον
759 5566 1041 5637 πειρατὴν
1076 5565 1268 5619 οὐσίαν
1296 5563 1391 5617 τοῦ
1425 5564 1561 5618 Θεοῦ
1593 5565 1653 5617 τὸ
1702 5563 1941 5632 φωτίζον

354 5667 452 5717 τὸν
479 5664 702 5730 κόσμον.
730 5662 881 5715 Des:
908 5659 1066 5730 Παρὰ
1101 5659 1162 5713 τὸ
1194 5659 1286 5728 ὐφ’
1321 5658 1578 5712 ἀπάντων
1613 5657 1705 5711 καὶ
1739 5673 1943 5728 κηρυτ-

356 5754 610 5825 τόμενον,
630 5754 723 5806 καὶ
739 5751 1069 5823 τιμώμενον.

439 5845 578 5899 XVI.
603 5860 727 5920 pag.
752 5846 860 5902 215
893 5845 948 5902 b.
984 5844 1222 5902 Secundi
1255 5845 1527 5901 sermonis
1574 5843 1751 5914 capita
1793 5849 1939 5906 octo,

360 5953 603 6007 quorum
663 5942 937 6013 primum:
997 5941 1057 5995 Εί
1102 5939 1184 5995 δεῖ
1240 5937 1667 6010 ἐπισκέψασθαι,
1712 5935 1831 5990 τίνα
1883 5953 1913 5992 τ

2039 4737 2133 4790 τοῦ
2195 4737 2451 4806 Σωτῆρος
2508 4734 2855 4805 ἀνθρωπίνου
2905 4732 2968 4785 τδ
3023 4732 3082 4785 ἐν
3147 4729 3414 4801 Θαϐωρίῳ
3475 4730 3613 4797 ὑπὲρ

2039 4829 2294 4899 αἴσθησιν
2315 4828 2374 4893 ἐξ
2404 4828 2571 4882 αὐτοῦ
2601 4827 2824 4898 λάμψαν
2853 4825 3127 4880 δείκνυται
3161 4823 3294 4893 φῶς.
3323 4824 3444 4878 Des.
3474 4840 3490 4880 :
3518 4823 3616 4878 Διά

2038 4924 2094 4990 δὲ
2122 4923 2224 4993 τὴν
2256 4920 2530 4992 ἁμαρτίαν
2558 4919 2799 4972 ὀλέσθαι.

2111 5012 2255 5067 XXI.
2283 5025 2409 5082 pag.
2449 5009 2579 5065 258.
2615 5006 2846 5078 Septimi
2876 5005 3055 5075 capita
3079 5013 3209 5061 sunt
3229 5019 3448 5068 novem,
3474 5017 3616 5073 quo-

2044 5120 2164 5160 rum
2193 5104 2432 5176 primum
2465 5119 2479 5157 :
2514 5104 2576 5156 Et
2602 5099 2822 5172 εἴρηταί
2845 5115 2951 5151 τινι
2980 5097 3088 5151 τῶν
3119 5097 3388 5166 Θεολόγων
3433 5096 3618 5165 θαῦμα

2041 5195 2182 5251 εῖναι
2211 5200 2272 5250 τὸ
2299 5195 2444 5249 θεῖον
2472 5197 2667 5266 χρῆμα
2694 5193 2797 5261 τῆς
2823 5189 3324 5262 μεταμορφώσεως.
3351 5187 3490 5242 lnc.:
3525 5189 3616 5250 Ὠς

2045 5286 2248 5358 μὲνξοῦν
2274 5287 2582 5342 τελεώτατα
2601 5285 2754 5340 Παλα
2764 5287 2870 5355 μᾶς
2897 5282 3296 5337 ἐκτετόπισται.
3315 5281 3577 5337 Ultimum
3600 5299 3612 5334 :

2041 5384 2106 5436 Εἰ
2137 5383 2212 5452 μὴ
2243 5380 2331 5435 διὰ
2391 5379 2596 5432 τούτων
2639 5393 2699 5430 τε
2737 5378 2835 5431 καὶ
2881 5377 2980 5447 τῆς
3034 5375 3142 5428 τῶν
3197 5372 3616 5445 προειρημένων

2043 5470 2576 5543 ἀνακεφαλαιώσεως
2641 5469 2722 5532 εἰς
2795 5469 2975 5522 πᾶσαν
3035 5466 3228 5520 ἐλάσαι
3297 5465 3617 5518 δυσσέϐειαν

2042 5565 2357 5635 εὑρίσκεται
2382 5561 2668 5632 Παλαμᾶς.
2701 5561 2828 5616 Des.
2857 5559 3055 5616 εἈλλά
3091 5557 3248 5623 ταῦτ’
3287 5557 3395 5611 εἰσὶ
3424 5557 3494 5610 τὰ
3517 5557 3617 5627 τῆς

2043 5657 2200 5725 ὐμῶν
2224 5655 2418 5726 σοφίας
2455 5653 2712 5724 γλαφυρὰ
2739 5653 3164 5722 ἀναπλάσματα.

2115 5747 2284 5803 XXII.
2319 5761 2444 5818 pag.
2487 5744 2615 5801 266.
2657 5743 2866 5800 Octavo
2911 5757 3169 5799 sermone
3219 5739 3398 5810 capita
3442 5738 3617 5794 conti-

2045 5849 2248 5897 nentur
2270 5836 2713 5910 quatuordecim,
2736 5848 2973 5906 quorum
3000 5821 3258 5903 primum:
3286 5832 3344 5884 Et
3367 5829 3441 5901 μὴ
3457 5828 3612 5883 ἀκτι-

2050 5950 2174 5988 στον
2201 5932 2295 5988 καὶ
2329 5932 2394 5986 ἐκ
2418 5929 2623 5986 τούτων
2656 5927 3006 6002 τερατεύεται
3035 5924 3304 5995 Παλαμᾶς
3324 5923 3384 5978 τὸ
3411 5919 3611 5992 ἀνθρὼ-
