4058 6436
402 316 511 380 705

1367 307 1668 371 CONTRA
1713 307 2080 370 BARLAAM
2117 307 2212 367 ET
2255 305 2734 368 ACINDYNUM.

3583 309 3693 372 706

405 447 563 484 πινον
593 427 689 481 τοῦ
727 421 994 495 Χριστοῦ.
1027 420 1146 476 Inc.
1187 439 1201 476 :
1235 421 1474 476 Αὑτόθεν
1528 424 1994 490 συναναφαῐνεται

2169 421 2527 484 Athanasius,
2566 436 2691 490 pag.
2724 419 2780 474 1.
2811 417 2883 473 65
2921 417 2972 472 b.
3033 418 3138 474 156
3165 419 3216 474 ὑ.
3279 421 3344 474 ἐκ
3373 421 3470 475 τοῦ
3492 424 3574 486 είς
3598 425 3694 480 τὸν

406 525 502 577 καὶ
529 521 622 574 τὸν
650 518 756 590 πρὸ
787 518 884 586 τῆς
917 515 1202 585 παρακοῆς
1237 513 1546 584 ἄνθρωπον.
1589 513 1854 570 Ultimum
1888 531 1904 568 ι
1935 516 1998 567 ΕΞ

412 613 490 682 μὴ
523 611 716 678 ὥσπερ
752 604 943 674 νοητὸς
977 602 1404 673 εἰδωλολάτρης,
1443 603 1538 655 καὶ
1566 603 1758 671 νοητὸς
1796 604 2001 654 εἰκονοο

432 705 628 774 μάχος,
662 699 760 754 καὶ
786 701 956 754 τᾶλλα
990 698 1098 751 τῶν
1130 698 1419 769 αἱρέσεων,
1475 695 1620 748 οὕτω
1653 696 1749 747 καὶ
1776 695 2004 748 Μασσα-

409 797 593 859 λιανδς
633 793 904 866 πρόδηλός
952 794 1071 844 ἐστι
1129 790 1421 860 Παλαμᾶς,
1487 787 1582 842 καὶ
1618 786 1818 849 παντὸς
1853 785 2003 855 αὐτῷ

412 888 840 957 σπουδάσματος
872 886 1014 954 αὓτη
1039 887 1070 954 ἡ
1093 884 1306 954 αἵρεσις
1335 882 1430 934 καὶ
1454 879 1620 951 ἀρχὴ,
1669 879 1766 934 καὶ
1795 878 2006 948 συμπέ-

415 1000 629 1054 ρασμα.
659 983 825 1036 Des.:
873 980 1090 1034 Ἐκεῖνα
1114 979 1210 1030 καὶ
1238 976 1347 1043 γὰρ
1371 973 1692 1043 πρηστῆρος
1723 972 1880 1040 δίκην
1906 969 2003 1034 τὰς

414 1078 570 1146 ὑμῶν
608 1073 992 1145 φρυγανώδεις
1039 1067 1421 1140 ἀποτεφροῦσι
1452 1066 1806 1137 μυθολογίας.

487 1164 678 1220 XXIII.
741 1179 866 1234 pag.
935 1161 1064 1217 277.
1123 1160 1388 1230 Sequitur
1449 1158 1592 1212 liber
1642 1165 1895 1227 quartus,
1947 1155 2006 1209 in

417 1273 530 1330 quo
591 1271 880 1313 sermones
926 1265 1042 1309 tres
1100 1251 1677 1322 comprehenduntur.
1734 1247 2009 1306 Praecedit

419 1350 761 1422 Ιιροθεωρία,
809 1348 971 1418 cujus
1021 1346 1284 1400 initium:
1341 1345 1416 1396 Τὸ
1475 1345 1738 1414 τέταρτον
1799 1341 2008 1411 βιϐλίον

421 1444 560 1513 πρὸς
595 1443 694 1504 τὰς
722 1441 877 1510 παρὰ
909 1439 1018 1492 τῶν
1053 1436 1408 1506 Παλαμητῶν
1437 1437 1672 1491 ἑκάστου
1705 1435 1800 1488 τοῦ
1825 1435 2006 1498 ἔτους,

425 1556 481 1592 κ.
505 1537 557 1591 λ.
581 1535 734 1592 Finis
757 1554 769 1588 :
810 1534 956 1606 Πρὸς
982 1534 1322 1587 ἀποστασίαν
1349 1531 1664 1601 ἐλέγχονται
1695 1531 2010 1601 παρρησια-

423 1629 659 1698 σάμεναι
691 1625 853 1679 Θεοῦ.
890 1624 1084 1681 Sermo
1113 1625 1329 1694 primus
1353 1622 1632 1692 capitibus
1649 1620 2010 1690 distinguitur

423 1722 774 1791 septuaginta
807 1730 1070 1787 quatuor,
1090 1731 1327 1786 quorum
1370 1715 1555 1770 tabula
1588 1713 1833 1769 sermoni
1877 1727 2012 1782 prze~

2111 515 2528 586 Εὑαγγελισμὸν
2551 515 2738 583 λόγου.
2773 528 2898 583 pag.
2923 512 2994 567 52
3022 529 3074 566 a.
3107 513 3179 566 52
3210 513 3259 567 b.
3298 514 3400 568 125
3425 515 3479 568 ει.
3512 517 3618 572 179
3640 519 3692 572 b.

2106 607 2235 663 545.
2260 608 2479 675 368.1év
2512 608 2579 674 τῇ
2613 607 2754 676 πρὸς
2787 605 3116 674 Σεραπίωνα
3135 605 3396 676 ἐπιστολῇ
3451 607 3516 676 β’·
3570 626 3696 680 nag-

2107 702 2198 758 67.
2236 705 2296 754 ὲν
2322 703 2390 772 τῇ
2422 701 2562 772 πρὸς
2599 701 2822 772 Ἀρειον
2867 697 3128 766 διαλέξει.
3177 715 3302 770 ρος.
3343 700 3469 756 116.
3509 705 3566 756 ὲν
3619 703 3700 772 τῷ

2108 797 2254 866 ὑπὲρ
2274 796 2375 866 τῆς
2413 794 2633 848 συνόδου
2659 792 3067 863 ἀπολογητικῷ.
3099 808 3222 864 ρος.
3265 793 3368 848 119
3418 797 3468 848 b.
3512 795 3617 850 125
3645 798 3697 850 b.

2109 889 2238 944 159.
2269 891 2328 942 ὲν
2357 891 2473 952 τοῖς
2498 887 2643 941 κατὰ
2685 887 2741 939 Ἀ
2755 887 3006 956 ρειανῶν.
3045 901 3169 957 ρος.
3212 885 3338 940 212.
3376 889 3434 940 ὲν
3467 887 3545 957 τῷ
3577 890 3700 942 κατ’

2109 982 2296 1036 αὐτῶν
2324 983 2388 1052 βο.
2421 997 2548 1052 ρος.
2589 980 2954 1036 121.272.ὲν
2989 980 3068 1049 τῷ
3096 981 3218 1033 κατ’
3243 981 3437 1066 more:
3470 987 3540 1050 γ’.
3573 999 3700 1054 pag.

2112 1077 2239 1133 110.
2270 1077 2328 1128 ἐν
2353 1077 2420 1146 τῇ
2455 1074 2596 1128 κατὰ
2626 1073 2864 1126 Νικαιαν
2893 1073 3158 1139 διαλέξει.
3183 1088 3311 1144 ρος.
3346 1074 3470 1129 154,
3501 1077 3561 1127 ὲν
3580 1079 3704 1138 ταῖς

2110 1171 2250 1242 πρὸς
2285 1170 2560 1238 Ἀντίοχον
2611 1167 2963 1238 ἀποκρίσεσι.
3021 1181 3147 1236 ρος.
3193 1166 3315 1226 159.
3343 1170 3403 1222 ἐν
3446 1172 3512 1239 τῇ
3568 1170 3707 1239 πρὸς

2121 1262 2436 1332 ’Δνομοίους
2458 1260 2718 1327 διαλέξει.
2747 1276 2871 1331 ρος.
2911 1260 3016 1314 195
3065 1261 3114 1316 b.
3143 1261 3251 1315 515
3283 1263 3333 1318 b.
3377 1263 3434 1313 ὲν
3460 1262 3538 1332 τῷ
3579 1264 3710 1333 περὶ

2113 1354 2453 1426 σαρκώσεως
2500 1351 2616 1408 τοῦ,
2649 1351 2892 1423 Χριστοῦ
2928 1352 3092 1422 λόγῳ.
3123 1367 3249 1422 ρος.
3309 1352 3410 1406 197
3447 1353 3496 1405 b.
3533 1354 3591 1405 ἐν
3627 1353 3708 1421 τῷ

2111 1445 2237 1498 κατ’
2277 1442 2692 1514 Ἀπολλιναρίου
2721 1443 2889 1510 λόγῳ.
2914 1458 3037 1513 pag.
3075 1441 3198 1497 ead.
3234 1445 3294 1496 ὲν
3314 1441 3392 1512 τῷ
3421 1444 3554 1512 περὶ
3583 1445 3702 1510 τοῦ,

2112 1536 2194 1588 ὃτι
2220 1534 2403 1589 καλῶς
2421 1535 2641 1604 εἴρηται
2665 1534 2780 1596 τοῖς
2813 1535 2870 1586 ὲν
2928 1533 3140 1602 Νικαὲᾳ
3165 1533 3450 1602 Πατράσιν
3493 1534 3526 1602 ἠ
3555 1533 3703 1598 λέξις

2111 1629 2207 1682 τοῦ
2237 1628 2738 1698 ὁμοουσίου,λ.όγῳ.
2797 1642 2922 1698 ρος.
2953 1626 3082 1681 201.
3191 1639 3195 1642 ’

2187 1721 2424 1777 Basilius
2475 1736 2600 1791 pag.
2654 1720 2709 1774 1.
2750 1719 2839 1775 55.
2895 1719 3020 1776 105.
3062 1719 3167 1773 115
3199 1720 3250 1775 b.
3285 1721 3410 1776 116.
3453 1720 3484 1774 b
3522 1719 3624 1774 117
3655 1721 3706 1775 ὑ.

423 1814 528 1868 ﬁxa
556 1813 705 1867 hunc
726 1811 955 1866 exhibet
992 1805 1212 1864 titulum
1240 1828 1254 1864 :
1285 1807 1366 1862 Τὰ
1394 1807 1526 1878 περὶ
1557 1807 1657 1876 τῆς
1683 1805 1793 1858 τῶν
1827 1805 2009 1857 Παλα-

2127 1813 2221 1868 156
2272 1815 2321 1866 b.
2368 1811 2490 1867 160.
2529 1811 2651 1866 161.
2702 1811 2823 1867 169.
2881 1813 2940 1866 ὲν
2979 1815 3046 1883 τῇ
3083 1814 3223 1883 πρδς
3265 1812 3571 1866 Εὗστὰθιον
3616 1813 3711 1865 τὸν

425 1904 614 1976 μητῶν
639 1902 987 1965 ἀποστασίας
1024 1903 1083 1956 ἐν
1132 1899 1212 1972 τῷ
1235 1898 1438 1970 πρώτῳ
1467 1899 1613 1970 λόγῳ
1666 1913 2010 1951 κατασκευα-

423 1997 650 2065 ζόμενα.
681 1996 925 2052 Primum
957 2001 1270 2063 caputest:
1306 1992 1606 2061 Είσαγωγὴ
1649 1990 1762 2044 τῶν
1811 1989 2010 2042 ἀναθε-

428 2087 742 2157 ματισμῶν,
771 2088 870 2139 καὶ
893 2085 961 2138 δι’
984 2084 1052 2157 ἢν
1077 2086 1260 2139 αἰτίαν
1285 2084 1392 2138 ἀπὸ
1417 2081 1513 2136 τοῦ
1545 2082 1725 2152 φωτὸς
1751 2080 2008 2154 ἤρξαντο.

429 2180 689 2237 Ultimum
721 2197 734 2234 :
783 2179 1308 2249 ’Λνακεφαλαίωσις,
1340 2177 1408 2230 δι’
1438 2177 1580 2248 ἆπερ
1624 2175 1769 2246 ἡμᾶς
1804 2176 2014 2244 ἀποκη-

429 2274 707 2344 ρύττουσι,
758 2275 856 2327 καὶ
908 2275 1058 2336 ὅπως
1113 2274 1146 2342 ἡ
1215 2271 1349 2341 περὶ
1396 2271 1606 2323 τούτων
1666 2267 2014 2338 ἀποκήρυξις

429 2351 762 2437 εὖχῆςήμῖν
800 2368 985 2437 ἔργον,
1044 2368 1142 2419 καὶ
1181 2365 1264 2418 ὅτι
1308 2364 1522 2424 τούτοις
1580 2363 1779 2432 μᾶλλον
1815 2364 1848 2432 ἡ
1881 2363 2018 2413 ἁπο-

433 2445 660 2527 κήρυξις
689 2458 984 2527 προσήκει,
1015 2457 1087 2520 ὡς
1123 2455 1464 2517 ἀποστάταις
1496 2454 1597 2522 τῆς
1619 2453 1726 2509 τῶν
1751 2454 2016 2522 Χριστια‹

428 2549 534 2602 νῶν
562 2549 900 2609 θεοσεϐείας.
934 2547 1132 2617 Incipit
1167 2561 1351 2602 sermo
1381 2564 1394 2600 :
1427 2545 1572 2598 Ὅσα
1605 2544 1705 2613 μὲν
1743 2540 1836 2596 οὖν
1891 2542 2018 2594 σκέ-

430 2642 664 2712 ψασθαι,
701 2642 833 2709 περὶ
861 2635 935 2693 ὧν
989 2643 1016 2694 ὁ
1066 2640 1392 2710 καινοτόμος
1439 2631 1596 2700 οὗτος
1633 2635 2014 2707 παραϐέϐηκε,

429 2751 486 2788 κ.
521 2734 571 2787 λ.
601 2735 724 2788 Des.
757 2751 770 2786 :
804 2733 916 2786 Καὶ
944 2734 1041 2794 τὰς
1062 2730 1310 2795 εὐσεϐεῖς
1337 2731 1521 2799 φωνάς
1551 2746 1611 2782 τε
1639 2730 1736 2782 καὶ
1753 2726 1906 2792 δόξας
1939 2729 2020 2789 είς

425 2826 737 2880 τούναντίον
773 2825 1128 2895 περιτρέπειν
1155 2823 1482 2892 ἐπιχειρεῖν.

500 2918 689 2974 XXIV.
723 2933 848 2988 pag.
879 2918 1004 2972 552.
1045 2914 1286 2972 Secundi
1316 2899 1590 2970 sermonis
1623 2913 1804 2982 capita
1829 2912 2018 2967 decem

429 3020 826 3076 numerantur,
860 3024 1094 3080 quorum
1128 3007 1314 3062 tabula
1367 3021 1744 3078 praecurrens,
1796 3006 2018 3060 titulum

2117 1905 2301 1978 ἰατρὸν
2358 1905 2647 1971 ἐπιστολῇ.
2686 1919 2812 1974 ρος.
2862 1903 2955 1960 27.
3012 1905 3137 1960 125.
3198 1904 3296 1960 181
3334 1909 3387 1958 b.
3423 1904 3545 1959 187.
3576 1905 3704 1960 56Ξί.

2113 1997 2174 2049 ἐν
2205 1999 2273 2066 τῇ
2309 1994 2446 2064 πρὸς
2486 1994 2798 2065 Τερέντιον.
2859 2009 2984 2065 ρος.
3038 1995 3139 2050 195
3192 1995 3243 2050 b.
3302 1996 3362 2047 ὲν
3424 1997 3490 2065 τῇ
3522 2003 3530 2044 ξ
3567 1995 3709 2064 πρὸς

2115 2086 2454 2157 Καισαρέας.
2502 2102 2622 2156 ρος.
2659 2086 2767 2140 200
2798 2087 2848 2140 b.
2879 2085 2988 2142 205
3039 2087 3088 2140 b.
3131 2088 3192 2139 ὲν
3218 2089 3285 2157 τῇ
3319 2084 3413 2139 τοῦ
3458 2086 3543 2155 μδ’
3575 2087 3712 2156 ψαλ-

2120 2180 2222 2251 μοῦ
2274 2180 2561 2252 ἐξηγήσει.
2606 2195 2730 2249 pag.
2766 2179 2836 2232 27
2877 2179 2926 2234 ὁ.
2971 2179 3062 2234 51.
3097 2179 3205 2232 220
3232 2179 3283 2233 b.
3319 2180 3378 2230 ἐν
3405 2182 3471 2248 τῇ
3509 2179 3588 2242 είς
3617 2182 3712 2231 τὸν

2117 2271 2218 2344 λβ’-’
2259 2272 2478 2344 ψαλμὸν
2509 2272 2718 2344 ὁμιλίᾳ.
2754 2288 2880 2343 pag.
2924 2272 3034 2327 219
3089 2273 3137 2327 b.
3166 2271 3294 2327 272.
3333 2273 3394 2325 ἐν
3424 2273 3502 2342 τῷ
3524 2278 3572 2326 α’
3603 2273 3715 2325 τῶν

2116 2365 2522 2439 ἀντιρρητικῶν
2569 2365 2738 2436 λόγῳ.
2783 2382 2906 2436 pag.
2961 2365 3051 2421 51.
3095 2365 3200 2420 122
3230 2367 3281 2420 b.
3349 2365 3451 2420 116
3492 2365 3546 2420 b.
3580 2365 3688 2420 212

2118 2457 2243 2512 567.
2283 2459 2342 2509 ὲν
2374 2455 2452 2525 τῷ
2488 2456 2534 2526 β’
2560 2457 2668 2509 τῶν
2713 2456 2915 2509 αὐτῶν.
2955 2472 3080 2527 pag.
3116 2456 3187 2511 29
3222 2459 3273 2510 b.
3310 2456 3414 2510 100
3443 2458 3492 2510 b.
3529 2457 3716 2512 1221-.

2122 2551 2223 2606 159
2270 2551 2319 2604 b.
2374 2550 2500 2604 185.
2551 2548 2654 2603 188
2698 2549 2749 2602 b.
2780 2549 2888 2602 206
2922 2549 2972 2603 b.
3016 2549 3146 2603 212.
3181 2551 3239 2602 έν
3277 2549 3356 2620 τῷ
3393 2555 3440 2618 γ’
3474 2550 3588 2604 τῶν
3619 2551 3718 2604 αὖ·

2120 2643 2250 2696 τῶν.
2310 2656 2436 2711 pag.
2483 2641 2607 2694 125.
2640 2640 2700 2692 ἐν
2735 2641 2816 2709 τῷ
2849 2639 2893 2693 δ’
2923 2640 3034 2692 τῶν
3061 2639 3269 2695 αὐτῶν.
3307 2619 3428 2712 pag.
3477 2643 3568 2698 67.
3645 2643 3716 2698 95

2123 2736 2170 2788 ι».
2208 2733 2308 2788 111
2356 2734 2404 2786 b.
2438 2731 2546 2787 200
2586 2735 2636 2787 b.
2690 2731 2798 2786 202
2843 2732 2891 2786 b.
2941 2731 3050 2786 206
3083 2735 3132 2788 b.
3163 2732 3291 2786 212.
3338 2733 3444 2788 511
3499 2733 3553 2791 b.
3588 2734 3715 2790 575.

2123 2833 2182 2884 ὲν
2209 2829 2288 2900 τῷ
2320 2807 2460 2898 ιῖιρδς
2501 2826 2860 2898 Ἀμφιλὸχιον
2904 2825 3362 2896 χειροτονηθέντα
3387 2827 3713 2883 ἐπίσκοπον.

2122 2938 2249 2993 pag.
2309 2922 2434 2976 175.
2469 2921 2594 2976 576.
2635 2921 2700 2973 ὲκ
2734 2919 2844 2973 τῶν
2891 2919 3029 2990 πρὸς
3087 2918 3247 2972 αὐτὸν
3291 2919 3581 2989 κεφλιλαίῳ
3638 2920 3707 2975 θ’.

2125 3033 2247 3087 ρος.
2291 3015 2456 3070 '51.b.
2509 3017 2574 3068 ὲκ
2604 3015 2716 3067 τῶν
2776 3013 2912 3083 πρὸς
2971 3012 3134 3066 αὑτὸν
3161 3031 3288 3082 κεφ.
3343 3012 3432 3068 tb'.
3467 3029 3588 3085 pag.
3623 3014 3716 3070 59.

432 3106 707 3176 superiori
728 3105 964 3160 similem
990 3102 1229 3173 praal‘ert.
1253 3100 1643 3160 Primumest:
1673 3100 1810 3171 Περὶ
1836 3101 1936 3166 τῆς
1957 3101 2016 3152 ὲν

2127 3110 2216 3164 16.
2267 3108 2338 3164 91
2368 3107 2418 3162 b.
2460 3108 2518 3160 ὲν
2551 3107 2629 3177 τῷ
2663 3107 2772 3160 τῶν
2800 3106 2932 3178 περὶ
2966 3106 3097 3159 Υἱοῦ
3124 3107 3389 3178 δευτέρῳ.
3428 3123 3552 3178 pag.
3593 3108 3715 3164 116.

432 3200 605 3253 ᾶπασι
633 3196 954 3259 δυσσεόείοις
979 3194 1206 3260 τούτων,
1231 3195 1327 3248 καὶ
1349 3193 1448 3262 τῆς
1470 3192 1578 3246 τῶν
1595 3192 1770 3261 λόγων
1788 3191 2015 3258 τάξεως.

433 3293 696 3349 Ultimum
731 3309 746 3346 :
782 3291 1046 3353 Ἐκθεσις
1079 3290 1179 3359 τῆς
1212 3290 1312 3358 τῆς
1347 3285 1690 3348 ἀποστασεις
1743 3285 2022 3354 ἀνακηρύ-

436 3388 595 3451 ξεως,
612 3386 709 3438 καὶ
731 3383 890 3454 ἡμῶν
911 3385 1047 3456 πρὸς
1067 3383 1302 3434 ἕκαστον
1315 3379 1558 3448 ἔλεγχος.
1582 3376 1780 3447 Incipit
1798 3392 2018 3432 sermo:

431 3479 502 3533 Τί
523 3482 588 3534 ἄν
612 3496 701 3541 τις
735 3478 883 3530 εἴποι
915 3476 1054 3546 πρὸς
1087 3475 1189 3538 τὰς
1215 3471 1414 3534 λοιπὰς
1446 3471 1556 3524 τῶν
1583 3471 1735 3542 ἀρῶν
1775 3469 2021 3540 ἀφορῶν,

433 3591 492 3627 κ.
515 3573 566 3628 λ.
600 3572 727 3627 Des.
765 3587 782 3624 :
813 3570 924 3623 Kal.
954 3569 1171 3638 αἰτιατή
1213 3568 1352 3632 ἐστι,
1381 3565 1475 3619 καὶ
1503 3565 1611 3633 πρὸ
1641 3562 1749 3615 τῶν
1785 3564 2021 3630 αἰώνων,

437 3663 542 3718 κᾶν
571 3664 658 3716 δια
667 3661 991 3734 ρραγείητε.

507 3755 675 3812 XXV.
709 3771 766 3825 p.
795 3753 896 3810 551
928 3753 981 3807 b.
1005 3751 1228 3807 Tertius
1257 3749 1478 3804 tandem
1510 3756 1567 3804 et
1591 3746 1823 3802 ultimus
1839 3759 2024 3802 sermo

436 3849 592 3906 nullo
619 3847 863 3918 capitum
894 3845 1079 3900 indice
1101 3842 1464 3914 praeceditur;
1491 3840 1816 3896 inscribitur
1839 3846 2024 3894 tamen

435 3942 596 3996 Κατὰ
639 3942 739 4010 τῆς
785 3937 898 3992 τῶν
932 3936 1281 4007 Παλαμητῶν
1328 3934 1701 3998 ἀποσταοιας.
1744 3933 1856 3988 lnc.
1901 3932 2025 3987 ιΤὸ

437 4032 637 4102 ψεῦδος
660 4033 762 4085 οὐκ
785 4029 1008 4086 ἄλλοθέν
1036 4045 1126 4100 μοι
1159 4029 1309 4082 δοκεῖ
1360 4044 1435 4081 πα
1447 4026 1820 4097 ρωνομάσθαι.
1847 4025 1971 4080 Des.
2009 4042 2024 4078 :

440 4128 598 4182 Ἐπεὶ
629 4126 752 4180 οὐδὲ
780 4124 1004 4196 θελήσει
1032 4123 1310 4194 καθάπερ,
1334 4123 1547 4192 εἴρηκε,
1575 4121 1721 4174 θέλει
1745 4120 1836 4174 τὸν
1867 4120 2030 4175 θάνα-

439 4237 533 4274 τον
569 4217 667 4272 τοῦ
701 4214 1059 4288 ἁμαρτωλοῦ,
1079 4214 1155 4277 ὡς
1187 4214 1248 4268 τὸ
1295 4213 1632 4283 ἐπιστρέψαι
1664 4211 1768 4265 Scal.
1796 4211 1900 4282 ζῇν
1923 4214 2027 4265 αὐ-

446 4314 544 4367 τόν
567 4327 584 4345 ο
622 4311 839 4382 γένοιτο
868 4309 1074 4373 τοίνυν,
1113 4302 1160 4362 ὧ
1189 4306 1366 4377 Κύριε
1395 4323 1409 4338 ο
1449 4307 1514 4359 σὺ
1545 4308 1652 4377 γὰρ
1690 4303 2030 4360 παντοδύνα-

445 4425 546 4479 μος
577 4407 675 4460 καὶ
706 4406 1094 4475 φιλάνθρωπος
1117 4403 1198 4465 εἰς
1231 4401 1356 4464 τοὺς
1384 4398 1610 4463 αἰῶνας.
1649 4399 1848 4470 Ἀμήν.

2125 3203 2182 3255 ἐν
2209 3201 2288 3270 τῷ
2337 3201 2467 3270 περὶ
2516 3201 2776 3262 πίστεως.
2832 3216 2955 3270 pag.
3002 3197 3101 3254 129
3158 3200 3208 3253 b.
3238 3203 3297 3252 ἐν
3336 3200 3418 3269 τῷ
3447 3200 3578 3271 περὶ
3620 3201 3722 3253 αὐ-

2123 3295 2225 3365 τῆς
2269 3292 2434 3364 λόγῳ,
2473 3285 2601 3363 οῦή
2651 3292 2814 3363 ἁρχὴ,
2886 3293 3024 3345 Θεοῦ
3083 3291 3177 3345 τοῦ
3239 3293 3447 3360 ἀγαθοῦ
3507 3294 3718 3363 χάριτι.

2125 3400 2250 3455 ρος.
2290 3384 2397 3440 259
2437 3384 2488 3440 b.
2527 3387 2585 3438 ἐν
2613 3384 2691 3455 τῷ
2717 3381 2767 3437 α’
2800 3383 2911 3438 τῶν
2941 3384 3393 3453 συλλογιστικῶν.
3429 3400 3556 3456 ρος.
3593 3385 3719 3440 156.

2127 3480 2186 3532 ἐν
2239 3480 2360 3541 ταῖς
2409 3479 2610 3549 ἀρχαῖς
2639 3477 2750 3530 τῶν
2811 3479 3129 3548 παροιμιῶν
3187 3481 3320 3548 περὶ
3364 3478 3464 3549 τῆς
3507 3481 3570 3532 ἐν
3605 3482 3722 3542 τοῖς

2127 3571 2248 3627 οὖσι
2301 3574 2496 3643 σοφίας
2549 3570 2646 3626 τοῦ
2678 3570 2840 3626 Θεοῦ.
2884 3589 3009 3644 pag.
3053 3574 3180 3630 159.
3221 3575 3280 3625 ὲν
3328 3575 3399 3646 τῇ
3471 3573 3566 3627 τοῦ
3617 3574 3722 3643 τῆς

2128 3668 2441 3738 ἑξαημέρου
2468 3664 2690 3734 πρώτου
2721 3666 2882 3734 λόγου
2913 3666 3197 3737 ἐξηγήσει.
3242 3681 3368 3737 pag.
3417 3666 3519 3722 162
3567 3667 3618 3722 b.
3665 3668 3725 3719 ἐν

2127 3762 2207 3835 τῷ
2237 3763 2340 3832 τῆς
2377 3761 2689 3832 ἑξαημέρου
2728 3761 2896 3831 ἕκτῳ.
2921 3776 3046 3831 ρος.
3092 3760 3200 3815 207
3242 3762 3293 3814 b.
3328 3763 3386 3814 ὲν
3433 3763 3546 3819 τοῖς
3592 3753 3725 3832 περὶ

2129 3855 2224 3911 τοῦ
2261 3855 2418 3926 ἁγίου
2467 3855 2788 3926 Πνεῦματος
2849 3851 3318 3923 ἀντιλεγομένοις.
3363 3866 3487 3922 ρος.
3515 3851 3640 3907 519.
3672 3851 3727 3910 b.

2200 3949 2461 4006 Clemens
2493 3963 2616 4020 pag.
2650 3948 2776 4002 15⁸7.

2203 4041 2432 4110 Κοσμᾶς
2461 4054 2583 4110 ρος.
2617 4038 2743 4093 225.
2777 4039 2838 4090 ὲν
2867 4037 2979 4100 τοῖς
3007 4036 3100 4088 ἐπὶ
3131 4034 3232 4105 τὴν
3262 4034 3457 4106 ἑορτὴν
3501 4033 3724 4108 (nempe

2135 4127 2642 4204 μεταμορφώσεως)
2697 4128 2965 4200 ᾅσμασιν.
3021 4141 3142 4197 ρος.
3189 4127 3298 4180 219
3336 4127 3385 4180 b.
3421 4127 3480 4180 ὲν
3520 4127 3599 4198 τῷ
3640 4130 3724 4192 εἰς

2132 4229 2233 4296 τὴν
2266 4223 2700 4296 μεταμόρφωσιν
2730 4222 2894 4291 λόγῳ.
2922 4237 3048 4291 ρος.
3101 4219 3228 4275 226.

2203 4317 2438 4390 Cyrillus
2505 4313 2913 4377 Alexandrinus
2967 4329 3093 4383 pag.
3144 4313 3216 4366 21
3265 4313 3317 4365 b.
3364 4310 3467 4366 100
3499 4313 3549 4366 b.
3602 4312 3726 4370 120.

2137 4412 2262 4468 121.
2319 4411 2444 4466 125.
2489 4409 2611 4464 161.
2654 4408 2782 4464 200.
2814 4409 2873 4460 ὲν
2913 4409 3024 4470 τοῖς
3060 4407 3396 4477 Θησαυροῖς.
3448 4422 3571 4479 ρος.
3602 4408 3728 4463 167.

514 4499 916 4555 Distributione
947 4497 1118 4552 totius
1151 4494 1338 4567 operis
1364 4493 1550 4556 allata,
1591 4508 1661 4548 ne
1695 4493 1828 4564 quid
1860 4491 2018 4546 lecto.

2138 4507 2195 4558 ὲν
2221 4505 2300 4576 τῷ
2330 4509 2379 4557 α’
2413 4504 2523 4556 τῶν
2550 4501 2732 4557 αὐτῶν
2782 4501 2948 4570 λόγῳ.
2993 4516 3116 4570 ρος.
3150 4498 3238 4554 50.
3269 4499 3359 4555 96.
3417 4502 3476 4552 ἐν
3523 4501 3603 4570 τῷ
3628 4503 3724 4554 τοῦ

453 4611 572 4650 rem
604 4593 948 4658 fraudemus,
976 4605 1160 4662 opera:
1193 4587 1429 4658 pretium
1455 4587 1746 4650 duximus,
1797 4586 1941 4656 quod
1974 4593 2032 4639 et

446 4685 579 4740 alibi
631 4684 825 4739 fecisse
857 4697 970 4737 non
1005 4681 1263 4751 pmnitet,
1293 4690 1585 4734 auctorum
1619 4679 1865 4743 nomina,
1895 4693 2031 4743 quo-

444 4777 998 4834 rum‘enarrationes
1041 4774 1244 4846 passim
1306 4773 1641 4836 afferuntur,
1704 4787 1922 4837 eruere,
1976 4779 2033 4826 et

444 4871 670 4942 quidem
727 4869 1080 4940 alphabetico
1139 4867 1336 4923 ordine
1395 4865 1627 4936 digesta,
1688 4863 2029 4934 singulorum

447 4968 612 5022 etiam
651 4965 938 5037 operibus,
965 4964 1162 5019 iisdem
1196 4977 1427 5034 prorsus
1470 4941 1684 5026 Iverbis,
1717 4959 1920 5030 quibus
1975 4959 2032 5012 in

447 5063 638 5118 codice
673 5061 1035 5124 adnotantur,
1081 5071 1258 5128 quam
1321 5054 1558 5109 maxima
1598 5055 1882 5124 potuimus
1913 5052 2034 5106 bre-

449 5158 620 5212 vitate
650 5155 934 5226 subjectis.
965 5152 1008 5206 Ii
1039 5165 1169 5206 vero
1197 5159 1329 5204 sunt
1357 5167 1372 5205 :

525 5249 768 5305 Andreas
798 5243 1086 5300 Cretensis
1115 5257 1240 5312 pag.
1278 5242 1331 5307 5,
1372 5241 1426 5303 6,
1479 5239 1606 5295 219.
1664 5239 1755 5290 Ἐν
1815 5236 1893 5306 τῷ
1937 5238 2037 5306 τῆς

451 5339 937 5413 μεταμορφώσεως
969 5335 1136 5404 λόγῳ,
1170 5348 1295 5404 ρος.
1332 5333 1403 5388 25
1435 5332 1486 5385 b.
1510 5331 1602 5385 28.

517 5431 862 5491 Anastasius,
915 5444 1039 5500 pag.
1105 5427 1206 5480 112
1256 5427 1308 5480 ιι.
1369 5425 1470 5479 150
1522 5427 1574 5478 b.
1606 5423 1711 5479 260
1756 5423 1923 5476 b.'Ev
1954 5423 2032 5492 τῷ

451 5529 579 5598 περὶ
617 5527 1032 5596 ἀνεπιγράπτου
1073 5521 1245 5590 λόγῳ,
1305 5535 1428 5592 pag.
1478 5519 1546 5574 51
1579 5521 1627 5573 b.
1655 5518 1796 5581 102,
1820 5518 1945 5573 575.
1975 5519 2034 5569 ὲν

449 5619 528 5689 τῷ
557 5621 686 5690 περὶ
711 5618 971 5687 ἀληθείας
1035 5615 1212 5686 ὀρθῶν
1269 5613 1561 5686 δογμάτων
1616 5611 1840 5685 πρώτῳ,
1904 5627 2034 5682 ρος.

452 5713 556 5769 129
583 5712 637 5768 b.
691 5711 817 5765 151.
864 5712 924 5764 ὲν
945 5708 1023 5780 τῷ
1082 5711 1162 5771 εἰς
1210 5709 1312 5780 τὴν
1371 5708 1806 5782 μεταμόρφωσιν
1865 5706 2031 5778 λόγῳ,

452 5819 575 5876 pag.
600 5803 707 5860 220
745 5803 797 5857 b.
829 5802 937 5857 221
970 5801 1022 5858 b.
1051 5801 1158 5857 255
1187 5801 1268 5875 (7.,

1714 5919 1746 5928 υ..

2135 4597 2300 4654 αὐτοῦ
2332 4596 2496 4662 λόγου
2547 4593 2833 4664 κεφαλαίῳ
2886 4593 2956 4664 β’,
2992 4608 3114 4662 pag.
3159 4591 3229 4645 65
3264 4592 3313 4646 ὁ.
3348 4593 3402 4644 ἐν
3437 4592 3514 4661 τῷ
3625 4592 3732 4646 τῶν

2133 4691 2313 4745 αὐτῶν
2347 4689 2494 4758 λόγῳ
2530 4704 2656 4757 κεφ.
2693 4687 2758 4756 β’,
2798 4701 2922 4756 ρος.
2986 4685 3087 4738 119
3133 4685 3182 4738 b.
3229 4686 3287 4736 ἐν
3311 4683 3388 4754 τῷ
3421 4681 3461 4737 ε’
3489 4685 3734 4754 τῶνδαὺ-
3826 4697 3834 4708 ‘

2135 4784 2242 4839 τῶν
2271 4784 2440 4854 λόγῳ.
2495 4795 2621 4852 ρος.
2669 4779 2765 4835 65.
2830 4778 3122 4834 116.122.
3180 4778 3288 4833 515
3342 4779 3393 4832 b.
3443 4779 3502 4830 ὲν
3562 4779 3641 4849 τῷ
3689 4779 3734 4843 ζ’

2135 4877 2244 4930 τῶν
2268 4875 2472 4929 αὐτῶν.
2512 4889 2636 4944 ρος.
2677 4872 2775 4928 158
2807 4871 2860 4926 b.
2907 4873 2967 4925 ἐν
2997 4871 3074 4941 τῷ
3115 4877 3183 4923 ια’
3217 4869 3326 4922 τῶν
3366 4870 3567 4924 αἰτῶν.
3606 4886 3732 4942 ρος.

2135 4969 2226 5023 17.
2280 4967 2406 5022 120.
2476 4965 2578 5020 185
2636 4965 2688 5020 b.
2759 4967 2817 5018 ὲν
2884 4964 2962 5035 τῷ
3031 4962 3092 5016 ιδ’
3149 4961 3260 5015 τῶν
3337 4963 3541 5018 αὐτῶν.
3604 4981 3731 5036 pag.

2140 5061 2244 5116 120
2305 5062 2355 5115 ὁ.
2413 5063 2472 5114 ὲν
2534 5060 2611 5130 τῷ
2671 5065 2717 5112 κ’
2775 5059 2884 5110 τῶν
2938 5057 3140 5112 αὐτῶν.
3193 5074 3318 5128 ρος.
3412 5059 3516 5113 152
3575 5061 3624 5114 b.
3677 5063 3735 5112 ἐν

2137 5153 2216 5223 τῷ
2275 5152 2356 5205 λα’
2428 5149 2538 5203 τῶν
2587 5149 2790 5204 αὐτῶν.
2865 5164 2988 5219 ρος.
3049 5149 3173 5203 119.
3231 5151 3290 5201 ὲν
3358 5149 3434 5218 τῷ
3481 5149 3562 5220 λβ¹
3626 5151 3737 5204 τών

2137 5243 2340 5296 αὐτῶν.
2385 5255 2510 5311 ρος.
2556 5239 2619 5291 7-1
2663 5237 2714 5291 b.
2769 5237 2910 5308 πρὸς
2964 5237 3246 5307 Ἑρμείαν.
3295 5252 3416 5307 ρος.
3471 5239 3541 5290 52
3574 5242 3626 5293 b.
3681 5243 3740 5290 ἐν

2137 5335 2218 5406 τῷ
2247 5333 2385 5404 πρὸς
2413 5331 2580 5385 αὐτὸν
2607 5329 2870 5399 δευτέρῳ.
2925 5345 3051 5402 ρος.
3081 5328 3185 5384 125
3213 5332 3263 5384 b.
3327 5333 3384 5383 ἐν
3411 5330 3491 5402 τῷ
3521 5330 3563 5382 ε’
3597 5330 3738 5400 πρδς

2139 5427 2324 5481 αὐτόν.
2362 5439 2489 5496 ρος.
2534 5422 2636 5478 1³59
2665 5423 2716 5479 ι).
2761 5424 2820 5475 ὲν
2847 5423 2924 5494 τῷ
2951 5423 2996 5488 ζ’
3055 5423 3193 5492 πρὸς
3225 5424 3412 5476 αὐτόν.
3453 5439 3576 5494 ρος.
3629 5421 3737 5476 255

2141 5521 2192 5576 b.
2233 5522 2291 5573 ὲν
2321 5519 2434 5580 τοῖς
2461 5518 2540 5579 εἰς
2563 5514 2655 5569 τὸν
2725 5513 2982 5569 ’11σαῖαν.
3015 5531 3141 5585 ρος.
3198 5515 3300 5569 155
3341 5517 3392 5571 b.
3438 5517 3519 5575 εἰς
3546 5513 3607 5563 τὸ
3634 5510 3730 5564 τοῦ

2152 5613 2374 5665 Ἦσαῖου
2406 5608 2590 5682 ῥητὸν,
2622 5625 2640 5658 ι
2685 5607 3166 5660 Ἑπαναπαύσετοιι
3192 5606 3277 5659 ἐπ’
3301 5604 3466 5658 αὐτὸν
3504 5601 3732 5671 Πνεῦμα

2139 5704 2373 5777 Κυρίου,
2405 5723 2423 5755 ι
2499 5720 2552 5756 κ.
2590 5701 2640 5755 λ.
2677 5706 2808 5771 ρος.
2841 5701 2931 5757 68.
2989 5703 3046 5755 ὲν
3095 5700 3174 5771 τῷ
3215 5700 3344 5771 περὶ
3387 5697 3553 5766 ζωῆς.
3606 5712 3735 5766 ρος.

2138 5799 2245 5856 200
2289 5802 2338 5855 b.
2374 5800 2431 5854 ἐν
2474 5799 2586 5862 τοῖς
2634 5796 2966 5865 ῐΙρακτικοῖς
3032 5798 3133 5868 τῆς
3195 5795 3244 5868 γ’
3310 5794 3554 5850 συνόδου.
3601 5807 3732 5864 ρος.
