4058 6436
442 292 552 358 707

1660 294 1985 356 JOANNIS
2018 294 2546 359 CANTACUZENI

3593 305 3697 369 708

427 406 553 464 ead.
599 407 658 460 ἐν
685 408 754 477 τῇ
804 405 940 477 πρὸς
1001 405 1336 479 ’Δντιοχείας
1374 376 1663 480 ’Ἰωάννην
1728 409 2019 480 ἐπιστολῇ.
2051 415 2097 473 Α
2127 411 2276 481 όμιλ.
2310 419 2431 477 πς’.
2469 428 2595 482 ρος.
2650 412 2741 467 45.
2774 412 2841 467 ἐκ
2888 411 2989 482 τῆς
3037 413 3119 478 είς
3148 414 3208 468 τὸ
3256 414 3400 471 κατὰ
3425 416 3700 472 Ματῢαίον

426 514 553 569 pag.
577 497 710 554 272.
746 497 799 552 b.

497 589 736 661 Cyrillus
756 588 1299 663 Hierosolymilanus
1345 593 1409 646 ἐν
1444 589 1640 665 πρώτῃ
1683 591 1794 645 τῶν
1816 592 2015 647 ἐαυτοῦ

427 684 808 753 κατηχήσεων.
841 699 964 755 ρος.
991 685 1101 741 225
1142 684 1192 741 ί).

435 804 457 818 .
501 772 795 842 Dionysius
826 789 949 844 pag.
991 774 1046 828 1.
1073 774 1144 828 27
1174 775 1225 830 b.
1248 774 1339 831 28;
1364 775 1453 831 51.
1490 776 1559 831 54
1587 775 1638 828 ί).
1675 776 1777 831 117
1805 776 1859 831 b.
1912 775 2015 830 129

427 865 477 918 b.
510 873 567 918 et
590 865 715 919 alibi
739 881 905 935 saepe,
939 866 1177 942 cuifere
1196 883 1413 938 semper
1446 867 1501 924 S.
1536 869 1755 924 Maximi
1796 869 2012 923 scholia

426 966 556 1011 sunt
611 957 877 1027 subjecta.
940 960 999 1011 ἐν
1068 958 1147 1029 τῷ
1198 960 1332 1031 περὶ
1387 961 1655 1031 μυστικῆς
1730 960 2015 1029 θεολογίας

428 1048 625 1117 κεφαλ.
661 1032 918 1119 δευτέρῳ.
947 1066 1072 1121 ρος.
1095 1050 1167 1104 20
1206 1051 1260 1106 b.
1295 1052 1354 1104 ὲν
1402 1051 1482 1123 τῷ
1527 1053 1657 1124 περὶ
1711 1052 1871 1107 Θείων
1899 1053 2016 1107 bvo-

431 1142 619 1210 μάτων
658 1143 939 1212 κεφαλαίῳ
973 1142 1196 1214 πρώτῳ.
1227 1158 1352 1215 ρος.
1394 1145 1520 1201 157.
1574 1145 1677 1199 170
1711 1147 1759 1200 b.
1789 1146 1918 1201 221.
1954 1149 2013 1201 ἐν

423 1229 503 1299 τῷ
540 1231 734 1297 κεφαλ.
764 1230 813 1300 β’
833 1236 961 1301 περὶ
991 1232 1102 1286 τῶν
1135 1234 1339 1290 αὐτῶν.
1374 1249 1498 1306 ρος.
1521 1222 1643 1291 187.
1691 1238 1748 1289 ἐν
1783 1236 1860 1304 τῷ
1881 1238 2011 1307 περὶ

423 1321 606 1375 αὐτῶν
658 1340 788 1391 κεφ.
815 1325 883 1380 δ’.
915 1338 1043 1394 ρος.
1076 1323 1183 1379 210
1225 1325 1278 1378 b.
1328 1326 1453 1380 249.
1485 1327 1542 1379 ἐν
1571 1325 1647 1396 τῷ
1676 1328 1806 1398 περὶ
1829 1328 2011 1381 αὐτῶν

426 1428 564 1480 κεφ.
618 1413 680 1467 ε’.
720 1430 844 1486 ρος.
881 1415 947 1471 59
978 1416 1031 1471 b.
1067 1416 1191 1473 155.
1228 1418 1286 1470 ἐν
1309 1417 1390 1487 τῷ
1418 1420 1548 1487 περὶ
1578 1419 1757 1473 αὐτῶν
1786 1436 1910 1487 κεφ.
1940 1420 2007 1485 ζ’.

342 1574 345 1579 ρ
424 1519 547 1574 pag.
576 1505 677 1560 168
709 1507 758 1561 ὁ.
803 1509 860 1560 ἐν
886 1506 964 1578 τῷ
984 1510 1114 1579 περὶ
1140 1508 1325 1562 αὐτῶν
1349 1527 1478 1579 κεφ.
1512 1508 1577 1566 θ’.
1613 1527 1667 1581 ρ.
1694 1510 1785 1566 29.
1818 1513 1921 1567 152
1954 1514 2005 1570 b.

425 1596 528 1650 170
568 1597 618 1650 b.
653 1599 757 1653 ιη
787 1584 845 1655 b.‘
878 1603 939 1655 ἐν
977 1601 1057 1671 τῷ
1101 1602 1229 1672 περι
1260 1603 1445 1656 αὐτῶν
1476 1620 1602 1673 κεφ.
1663 1612 1751 1661 ια’.
1784 1621 1910 1678 ρος.
1939 1606 2008 1661 95

423 1692 473 1743 ὁ.
527 1690 631 1746 167
669 1690 822 1767 ὁηέν
858 1692 937 1762 τῷ
966 1693 1097 1762 περὶ
1144 1694 1326 1749 αὐτῶν
1358 1712 1486 1763 κεφ.
1546 1696 1636 1765 ιβ’.
1669 1711 1795 1769 ρος.
1842 1698 1905 1753 51
1948 1698 2001 1752 b.

2119 501 2459 570 Εὐαγγέλιον
2492 502 2835 574 ἐξηγήσεως.
2876 518 3002 573 ρος.
3053 504 3158 559 220
3194 506 3242 561 ὁ.
3286 506 3354 559 ἐκ
3390 506 3492 575 τῆς
3523 507 3693 578 αὐτῆς

2117 589 2456 663 ἐξηγήσεως,
2488 593 2640 661 ὁμιλ.
2663 590 2775 657 νς’.
2810 608 2935 664 ρος.
2965 593 3092 649 227.
3129 596 3194 648 ἐκ
3239 593 3342 663 τῆς
3370 594 3539 666 αὐτῆς
3569 595 3697 666 ἑξη·

2116 680 2355 752 γήσεως,
2384 681 2529 753 ὁμιλ.
2593 682 2700 752 πβ’.
2755 698 2879 753 ρος.
2929 684 3056 739 262.
3089 684 3147 736 ἐν
3175 684 3256 755 τῷ
3286 685 3369 749 είς
3407 684 3505 755 τὴν
3535 703 3697 756 μεταο

2121 773 2404 844 μόρφωσιν
2455 775 2619 844 λόγῳ.
2686 791 2807 845 ρος.
2848 776 2940 831 51.
2997 775 3102 832 502
3129 778 3179 830 b.
3233 777 3293 829 ἐν
3323 779 3388 848 τῇ
3428 777 3621 848 ὁμιλίᾳ
3650 774 3692 831 δ’

2115 868 2223 921 τῶν
2256 868 2538 936 Πράξεων.
2571 884 2696 938 ρος.
2723 868 2811 923 52.
2850 870 2911 921 ἐν
2945 868 3024 938 τῷ
3051 869 3301 941 περὶτοῦ
3334 870 3493 938 ἁγίου
3527 870 3694 926 Ilvati-

2118 977 2286 1029 ματος
2325 961 2489 1030 λόγῳ.
2533 976 2656 1030 ρος.
2701 961 2770 1015 68
2818 962 2868 1015 b.
2903 963 2960 1016 ἐν
2990 962 3070 1030 τῷ
3113 964 3195 1026 εἰς
3257 962 3358 1031 τὴν
3399 963 3691 1033 Ἀνάληψιν

2113 1050 2277 1122 λόγῳ.
2328 1067 2452 1122 ρος.
2507 1052 2631 1107 160.
2652 1052 2759 1108 258
2794 1055 2843 1108 b.
2906 1054 2964 1107 ἐν
3011 1053 3090 1124 τῷ
3130 1056 3209 1118 είς
3254 1056 3347 1110 τὸν
3393 1057 3691 1110 ἐκπεσόντα

2112 1144 2389 1214 Θεόδωρον
2409 1145 2574 1216 λόγῳ.
2606 1162 2728 1217 ρος.
2764 1146 2871 1200 220
2913 1148 2963 1202 b.
3016 1147 3143 1202 225.
3196 1147 3324 1202 227.
3369 1150 3427 1201 ὲν
3450 1149 3530 1218 τῷ
3563 1151 3691 1219 περὶ

2111 1239 2386 1306 νηστείας.
2433 1255 2556 1309 pag.
2621 1240 2748 1295 225.
2811 1243 2871 1293 ἐν
2923 1241 3001 1310 τῷ
3053 1242 3136 1305 είς
3167 1241 3258 1295 τὸν
3294 1241 3689 1313 εὐαγγελιστὴν

2114 1330 2291 1400 μέγαν
2329 1328 2589 1400 Ἰωάννην
2624 1333 2720 1385 καὶ
2766 1332 3033 1400 Θεολόγον
3083 1333 3247 1403 λόγῳ.
3292 1349 3414 1404 pag.
3454 1334 3583 1390 264.
3621 1335 3688 1388 ἐκ

2108 1422 2211 1493 τῆς
2238 1423 2555 1494 ἐξηγήσεως
2584 1424 2678 1478 τοῦ
2737 1424 2829 1496 μδ¹
2860 1425 3102 1495 ψαλμοῦ.
3154 1442 3277 1496 pag.
3329 1426 3434 1481 576
3461 1426 3511 1482 ί).

2176 1515 2414 1572 Joannes
2444 1516 2815 1572 Damascenus
2846 1533 2967 1587 pag.
3002 1519 3056 1573 5.
3089 1518 3157 1573 54
3182 1517 3233 1572 ὑ.
3262 1518 3352 1575 46.
3377 1518 3447 1574 95
3473 1518 3524 1573 ὁ.
3564 1519 3685 1576 105.

2109 1609 2214 1663 112
2242 1608 2292 1661 b.
2328 1609 2432 1663 115
2468 1609 2519 1661 ό.
2565 1608 2687 1664 161.
2722 1608 2849 1664 177.
2884 1609 3008 1663 194.
3042 1610 3170 1666 205.
3228 1610 3356 1666 244.
3393 1612 3451 1664 ἐν
3484 1610 3562 1679 τῷ
3587 1611 3687 1681 τῆς

2112 1699 2595 1772 μεταμορφώσεως
2615 1701 2780 1770 λόγῳ.
2810 1716 2933 1772 ρος.
2971 1701 3041 1756 25
3072 1703 3123 1756 b.
3154 1701 3243 1757 28.
3275 1688 3404 1758 222.
3454 1702 3582 1759 525.
3615 1704 3693 1756 ἐν’

421 1782 526 1836 116
564 1783 615 1837 b.
649 1783 775 1841 549.
811 1785 871 1838 ἐν
908 1783 987 1856 τῷ
1022 1785 1151 1856 περὶ
1171 1787 1352 1842 αὐτῶν
1404 1804 1531 1855 κεφ.
1565 1795 1656 1856 ιγ’.
1689 1804 1813 1861 pag.
1841 1789 1911 1846 50
1951 1791 2001 1844 b.
2038 1787 2078 1841 Β
2106 1795 2218 1853 τοῖς
2251 1793 2350 1861 τῆς
2392 1792 2876 1863 μεταμορφώσεως
2949 1792 3184 1863 ᾄσματι.
3248 1793 3371 1849 118.
3432 1793 3560 1847 226.
3625 1795 3683 1846 ἐν

421 1873 518 1928 181
557 1874 609 1927 ὸ.
643 1874 749 1929 562
782 1875 835 1930 ὁ.
880 1878 944 1929 ἐκ
980 1877 1078 1946 τῆς
1112 1878 1363 1947 οὐρανίου
1399 1878 1705 1949 ίεραρχίας.
1739 1896 1864 1951 pag.
1903 1882 1997 1937 55.

419 1968 479 2021 ἐν
506 1966 582 2037 τῷ
616 1968 744 2037 περὶ
776 1968 946 2039 αὐτῆς
986 1986 1113 2039 κεφ.
1141 1967 1212 2025 α’.
1245 1984 1370 2041 pag.
1421 1970 1529 2024 212
1575 1972 1623 2026 b.
1661 1973 1722 2023 ἐν
1761 1972 1840 2043 τῷ
1870 1973 2000 2044 περὶ¹

416 2060 591 2128 αὐτῆς
621 2076 748 2127 κεφ.
784 2060 849 2130 β’.
890 2076 1014 2133 pag.
1074 2061 1198 2117 261.
1243 2065 1301 2116 ἐν
1341 2061 1421 2134 τῷ
1465 2063 1597 2135 περὶ
1627 2065 1799 2135 αὐτῆς
1867 2083 1995 2137 κεφ.

415 2153 479 2207 δ’.
512 2168 633 2223 pag.
674 2153 781 2207 575
820 2154 870 2207 b.
899 2156 956 2207 ἐν
994 2154 1071 2224 τῷ
1104 2155 1232 2224 περὶ
1263 2155 1362 2224 τῆς
1387 2156 1852 2228 ἐκκλησιαστικῆς
1883 2160 2001 2231 ίερ-

416 2244 615 2313 αρχίας
640 2261 765 2314 κεφ.
785 2251 854 2300 α’.
881 2261 1005 2317 pag.
1029 2246 1158 2301 241.
1183 2248 1241 2300 ἐν
1260 2248 1326 2319 τῇ
1349 2248 1449 2318 τῆς
1473 2249 1768 2323 μοναδικῆς
1782 2253 2002 2308 τελειώ-

416 2354 554 2400 σεως
589 2339 814 2410 θεωρίᾳ.
857 2354 978 2410 pag.
1014 2339 1145 2395 262.

488 2428 741 2497 Βριιποξηι
787 2428 957 2501 Syrus
1010 2433 1066 2483 ἐν
1097 2429 1176 2500 τῷ
1205 2432 1285 2494 είς
1314 2430 1413 2502 τὴν
1452 2434 1887 2506 μεταμόρφωσιν
1913 2435 2001 2489 λό-

412 2533 519 2587 γῳ.
582 2534 704 2590 pag.
743 2518 848 2574 219
879 2522 928 2572 b.
963 2518 1068 2573 220
1094 2519 1147 2575 ὁ.

484 2608 780 2683 Gregorius
796 2602 1186 2667 {Nazianzenus
1209 2627 1333 2681 pag.
1372 2611 1410 2667 2
1448 2614 1499 2667 b.
1541 2613 1596 2668 4.
1630 2617 1731 2671 115
1768 2616 1819 2670 b.
1873 2616 1997 2671 117.

414 2700 539 2755 112.
583 2702 685 2757 160
711 2701 763 2756 b.
825 2713 884 2757 el
918 2702 1048 2757 alibi
1095 2701 1378 2772 deinceps.
1419 2704 1553 2773 Περὶ
1609 2704 1712 2774 τῆς
1765 2708 1823 2758 ἐν
1874 2710 1998 2771 ταῖς

412 2794 714 2859 διαλέξεσιν
745 2793 1019 2859 εὐταξίας.
1053 2808 1176 2864 pag.
1206 2792 1273 2847 56
1301 2833 1314 2846 .
1353 2796 1411 2847 ἐν
1437 2794 1513 2866 τῷ
1543 2798 1669 2865 περὶ
1710 2796 1992 2866 θεολογίας

411 2885 673 2956 δευτέρῳ.
705 2900 827 2955 pag.
857 2884 959 2939 125
990 2884 1040 2938 ί).
1068 2884 1194 2938 159.
1223 2885 1282 2938 ἐν
1315 2885 1392 2954 τῷ
1436 2887 1562 2956 περὶ
1593 2887 1723 2941 Υίοῦ
1770 2889 1996 2961 πρώτῳ.

412 2991 537 3047 pag.
576 2977 676 3047 145
722 2978 771 3029 ὸ.
796 2975 922 3042 ,160
959 2974 1011 3032 b.
1056 2974 1162 3030 206
1191 2975 1243 3032 ὁ.
1286 2977 1344 3031 ἐν
1379 2976 1458 3049 τῷ
1509 2979 1640 3050 περὶ
1686 2979 1853 3034 αὐτοῦ
1880 2982 1998 3034 δευ-

409 3068 579 3139 τέρῳ.
609 3082 732 3137 pag.
772 3064 876 3121 152
915 3067 965 3119 ί).
1013 3068 1072 3120 ἐν
1114 3064 1193 3138 τῷ
1227 3068 1336 3121 τῶν
1370 3072 1665 3141 εἰρηνικῶν
1731 3071 1988 3144 δευτέρῳ.

411 3177 517 3183 ..-μ
576 3159 673 3183 ιιξι
741 3159 797 3183 ι..
826 3158 897 3183 -f’.
937 3157 1073 3183 _-1-
1102 3159 1401 3183 I!\_2!-.-_-_
1444 3177 1548 3183 μ...-
1609 3161 1707 3183 ιρι)
1743 3164 1763 3183 Ι.
1811 3164 1913 3183 vnn
1944 3168 1954 3183 ι
2018 3120 2063 3183 C

411 3177 537 3232 pag.
575 3159 700 3214 154.
739 3159 797 3212 ἐν
824 3158 901 3230 τῷ
936 3157 1073 3229 πρὸς
1102 3159 1418 3230 Κληδόνιον.
1444 3177 1569 3233 ρος.
1604 3161 1708 3217 162
1738 3164 1787 3218 b.
1810 3164 1913 3220 527
1939 3168 1991 3221 b.

412 3257 471 3305 ἐν
499 3250 577 3322 τῷ
609 3253 690 3312 είς
720 3251 786 3304 τὰ
815 3251 992 3308 Φῶτα.
1029 3267 1153 3325 pag.
1190 3254 1292 3309 195
1318 3254 1369 3308 b.
1396 3255 1454 3309 ὲν
1503 3258 1615 3318 τοῖς
1648 3256 1729 3320 είς
1774 3258 1865 3310 τὸν
1897 3275 1995 3328 μα-

362 3368 369 3372 ·
412 3344 607 3416 κάριον
652 3341 971 3397 Ἀθανάσιον
1019 3344 1337 3414 ἐγκωμίοις.
1374 3360 1496 3415 pag.
1535 3345 1662 3402 196.
1724 3348 1783 3401 ἐν
1808 3348 1886 3419 τῷ
1914 3351 1994 3412 είς

411 3435 511 3503 τὴν
540 3432 779 3503 Χριστοῦ
837 3435 1108 3506 γέννησιν.
1167 3452 1289 3507 pag.
1355 3437 1461 3493 225
1494 3443 1546 3493 b.
1612 3442 1671 3492 ἐν
1724 3441 1801 3509 τῷ
1856 3443 1996 3512 μετὰ

412 3527 481 3580 τὸ.
509 3527 764 3596 γενέσθαι
820 3528 1218 3600 πρεσϐύτερον,
1284 3546 1409 3601 pag.
1471 3532 1599 3586 242.
1657 3535 1715 3585 ἐν
1766 3532 1840 3604 τῷ
1902 3535 1994 3588 λό-

413 3636 518 3689 γῳ,
582 3612 644 3673 οὗ
695 3621 729 3690 ἠ
783 3620 949 3691 ἀρχὴ,
1003 3619 1137 3675 Ἐπὶ
1178 3620 1291 3691 τῆς
1341 3622 1631 3693 φυλακῆς
1672 3640 1814 3705 μου.
1865 3641 1989 3697 pag.

413 3712 517 3768 567
550 3712 601 3766 b.

482 3799 795 3876 Gregorius.
830 3804 1108 3878 Nyssenus
1142 3821 1264 3878 pag.
1313 3807 1348 3861 4
1396 3808 1447 3864 b.
1486 3808 1577 3864 27.
1645 3808 1715 3866 54
1760 3810 1811 3864 b.
1864 3810 1989 3866 112.

412 3897 515 3953 116
566 3898 616 3954 Ι).
676 3898 799 3953 124.
858 3899 960 3954 156
991 3899 1042 3953 b.
1080 3900 1182 3955 175
1234 3901 1290 3954 b.
1343 3903 1407 3955 ἐκ
1469 3901 1754 3972 τοῦλόγου
1789 3903 1884 3985 τοῦ
1913 3905 1992 3966 εἰς

409 3991 535 4052 τοὺς
605 3991 1017 4061 μακαρισμούς.
1066 4006 1191 4061 ρος.
1224 3990 1317 4045 21.
1361 3992 1464 4048 566
1517 3995 1568 4049 b.
1624 3996 1684 4048 ἐν
1736 3995 1815 4065 τῷ
1856 3996 1993 4067 πρὸς

423 4080 705 4136 Ἀϐλάσιον
745 4082 911 4153 λόγῳ.
956 4099 1081 4154 ρος.
1109 4082 1177 4137 50
1210 4082 1260 4138 b.
1297 4083 1420 4138 182.
1458 4085 1581 4140 187.
1606 4085 1731 4140 562.
1771 4086 1896 4142 565.
1932 4090 1993 4140 ἐν

409 4177 487 4246 τῷ
513 4176 623 4229 τῶν
683 4178 1120 4248 ’Δντιρῤητικών
1162 4179 1384 4249 πρώτῳ.
1424 4193 1549 4248 pag.
1610 4179 1713 4234 156
1754 4180 1877 4235 195.
1934 4182 1987 4238 Ι).

409 4270 467 4323 ἐν
503 4269 583 4340 τῷ
612 4270 721 4324 τῶν
774 4271 955 4324 αὐτῶν
1005 4267 1071 4341 β’.
1104 4286 1225 4341 pag.
1284 4270 1410 4326 264.
1443 4271 1502 4323 ἐν
1560 4270 1635 4342 τῷ
1670 4271 1779 4327 τῶν
1810 4273 1990 4328 αὐτῶν

413 4371 503 4435 ιγ’.
554 4377 675 4434 pag.
713 4361 835 4417 120.
893 4362 1020 4417 546.
1063 4364 1120 4415 ὲν
1156 4362 1255 4431 τῷ,
1304 4361 1437 4428 Πῶς
1483 4365 1554 4417 οὐ
1612 4363 1770 4431 τρεῖς
1805 4365 1991 4433 Θεοὺς

324 4478 325 4485 η
408 4454 688 4524 λέγομεν.
727 4468 851 4523 ρος.
896 4453 1000 4508 125
1047 4454 1096 4509 b.
1133 4454 1191 4506 ἐν
1215 4452 1290 4522 τῷ
1328 4455 1468 4523 πρὸς
1524 4453 1834 4526 Ἀρμόνιον.
1866 4472 1984 4527 ρος.
2022 4471 2066 4523 ι)

414 4547 542 4600 155.
608 4545 665 4597 ἐν
725 4543 802 4614 τῷ
852 4543 1242 4614 Κατηχητικῷ.
1333 4559 1457 4615 ρος.
1504 4546 1632 4601 201.
1696 4549 1755 4598 ἐν
1796 4548 1988 4616 κεφαλ.

412 4637 467 4703 ς’
498 4639 595 4708 τῆς
624 4637 698 4699 εί;
730 4637 826 4707 τὴν
858 4637 1164 4707 ἐξαήμερον
1194 4635 1663 4706 ἀναπληρώσεως.
1701 4653 1827 4707 pag.
1858 4636 1988 4692 206.

409 4734 468 4785 ἐν
486 4731 559 4800 τῷ
580 4732 658 4793 εἰς
682 4729 774 4782 τὸν
819 4727 1253 4797 Ἐκκλησιαστὴν
1276 4734 1324 4781 α’
1348 4728 1510 4798 λόγῳ.
1555 4744 1678 4799 ρος.
1705 4728 1830 4782 225.
1864 4728 1917 4782 b.

483 4821 815 4876 Hierotheus
847 4822 905 4873 ἐν
941 4822 1056 4883 τοῖς
1092 4819 1335 4890 πρώτοις
1368 4821 1658 4890 ἐρωτικοῖς
1688 4819 1854 4872 αὑτοῦ
1887 4819 1992 4888 ὗμ-

410 4933 546 4978 νοις.
579 4930 702 4985 ρος.
738 4914 842 4969 550
876 4914 928 4968 b.

478 5007 720 5063 Joannes
770 5006 1201 5077 Chrysoslomus
1247 5022 1302 5076 p.
1340 5007 1373 5060 4
1416 5005 1630 5061 b.124.
1691 5003 1813 5059 160.
1865 5005 1988 5059 170.

414 5100 538 5156 198.
575 5100 678 5153 203
711 5102 758 5152 b.
790 5109 848 5154 el.
890 5098 1022 5154 alibi
1066 5112 1234 5168 smpc,
1261 5096 1609 5161 Μονάζουσιν
1633 5096 1986 5153 ἐπιστέλλων.

413 5209 535 5263 ρος.
602 5192 654 5247 5.
708 5194 765 5244 ἐν
831 5191 908 5260 τῷ
953 5190 1084 5260 περὶ
1138 5188 1525 5257 ἀκατάληπτον
1564 5195 1611 5241 α’
1658 5189 1821 5260 λόγῳ.
1862 5205 1985 5259 ρος.

410 5288 479 5343 29
545 5286 595 5339 b.
647 5288 711 5338 ἐκ
769 5285 869 5353 τῆς
936 5284 1044 5336 τῶν
1096 5282 1553 5351 κατὰξῚωάννην
1624 5282 2007 5353 ἐξηγημόιτων⁴

410 5378 628 5447 ὁμιλίας
658 5384 721 5429 ε’.
759 5392 882 5446 pag.
926 5374 1051 5428 124.
1082 5375 1147 5427 ἐκ
1175 5376 1276 5444 τῆς
1309 5373 1419 5426 τῶν
1466 5374 1589 5427 κατ’
1629 5376 1791 5428 αὑτὸν
1840 5376 1987 5443 ὀμιλ.

412 5472 491 5522 κδ’
521 5486 642 5539 pag.
682 5470 774 5522 171
814 5469 866 5521 b.
900 5468 964 5518 ἐκ
991 5466 1090 5535 τῆς
1131 5468 1253 5519 κατ’
1282 5466 1463 5520 αὐτῶν
1509 5468 1658 5536 όμιλ.
1716 5474 1830 5532 κς·’.
1860 5483 1986 5538 ρος.

410 5562 537 5616 228.
597 5566 659 5613 ἐκ
712 5560 810 5628 τῆς
843 5558 962 5612 κατ’
993 5558 1157 5611 αὑτὸν
1206 5560 1355 5628 ὁμιλ.
1413 5558 1477 5614 λ’.
1534 5576 1654 5630 pag.
1689 5560 1757 5615 29
1802 5562 1857 5614 b.
1896 5561 1985 5615 96.

414 5655 476 5705 ἐκ
507 5655 605 5722 τῆς
638 5650 760 5703 κατ’
789 5651 949 5703 αὐτὴν
992 5650 1140 5720 ὁμιλ.
1175 5651 1275 5706 λ6’.
1308 5667 1430 5722 ρος.
1458 5652 1581 5706 124.
1617 5656 1680 5705 ἐκ
1731 5655 1828 5721 τῆς
1864 5652 1985 5704 κατ’

419 5743 579 5798 αὐτὸν
641 5742 791 5814 ὁμιλ.
854 5739 966 5815 μγ’.
1002 5758 1126 5815 pag.
1167 5743 1273 5800 220
1332 5746 1383 5801 ιι.
1415 5746 1478 5798 ἐκ
1538 5744 1635 5815 τῆς
1665 5743 1787 5800 κατ’
1823 5745 1986 5799 αὑτὸν

2103 1885 2389 1955 κεφαλαίῳ
2418 1884 2460 1938 δ’
2490 1884 2601 1938 τῶν
2637 1884 2985 1954 Θεολογικῶν.
3025 1900 3146 1956 pag.
3180 1886 3249 1941 64
3278 1888 3330 1942 b.
3386 1888 3444 1940 ἐν
3471 1886 3549 1970 τῷ
3569 1886 3683 1941 τῶν

2100 1976 2286 2032 αῦτῶν
2318 1993 2445 2044 κεφ.
2478 1975 2577 2030 λο’.
2615 1991 2737 2046 pag.
2769 1976 2873 2030 145
2899 1976 2949 2030 b.
2980 1979 3037 2030 ἐν
3073 1977 3152 2048 τῷ
3179 1978 3288 2031 τῶν
3328 1978 3511 2032 αὐτῶν
3555 1996 3678 2047 κεφ.

2101 2067 2164 2122 v'.
2199 2080 2322 2136 pag.
2375 2066 2464 2123 75.
2525 2064 2628 2119 257
2684 2063 2737 2123 b.
2794 2063 2855 2117 ὲν
2889 2065 2967 2136 τῷ
3017 2068 3124 2120 τῶν
3170 2065 3350 2119 αὐτῶν
3405 2082 3530 2135 κεφ.
3577 2071 3680 2136 ιη’.

2102 2176 2225 2231 pag.
2283 2158 2406 2214 100.

2185 2250 2382 2323 Ἰωσὴφ
2409 2253 2467 2305 ἐν
2494 2250 2571 2322 τῷ
2611 2253 2691 2318 εἰς
2727 2256 2827 2325 τὴν
2862 2254 3028 2324 ἁγίαν
3077 2251 3269 2308 ἅλυσιν
3297 2249 3391 2304 τοῦ
3442 2250 3677 2320 μεγάλου

2101 2344 2311 2413 Πέτρου
2342 2342 2545 2397 κανόνι.
2581 2358 2704 2413 pag.
2734 2344 2862 2399 220.

2170 2440 2319 2494 Isaac
2370 2442 2434 2492 ἐκ
2464 2434 2561 2488 τοῦ
2610 2435 2653 2488 δ’
2678 2436 2840 2505 λόγου
2872 2435 2967 2490 τοῦ
3021 2441 3069 2488 α’
3123 2433 3354 2505 βιϐλίου.
3403 2448 3527 2502 pag.
3591 2432 3676 2486 18.

2101 2534 2165 2585 ἐκ
2233 2532 2326 2586 τοῦ
2381 2533 2463 2603 λη’
2528 2532 2709 2599 λόγου.
2796 2544 2921 2600 pag.
2982 2527 3074 2584 19.
3135 2528 3200 2580 ἐκ
3251 2524 3345 2579 τοῦ
3394 2523 3448 2577 π’
3495 2524 3673 2593 λόγου.

2100 2625 2237 2680 ibid.

2171 2714 2422 2770 Juslirius
2457 2728 2578 2784 pag.
2617 2712 2708 2768 28.
2738 2710 2843 2767 559
2873 2712 2925 2767 ὸ.
2956 2710 3092 2781 πρὸς
3117 2709 3408 2779 Ἕλληνας.
3438 2724 3561 2778 pag.
3583 2706 3673 2761 47.

2099 2810 2159 2863 ἐν
2190 2806 2269 2877 τῷ
2303 2806 2426 2859 καθ’
2490 2806 2761 2875 Ἑλλήνων
2795 2804 2958 2875 λόγῳ,
3018 2819 3142 2873 pag.
3192 2801 3312 2857 116.
3364 2803 3420 2855 ἐν
3442 2801 3519 2871 τῷ
3550 2800 3677 2870 περὶ

2099 2901 2199 2971 τῆς
2223 2899 2388 2968 ὀρθῆς
2414 2897 2707 2965 ὁμολογίας
2733 2896 2899 2965 λόγῳ.
2935 2895 3193 2966 ρος.155.

2168 2990 2435 3046 Maximus
2464 3006 2589 3061 pag.
2617 2990 2673 3045 4.
2708 2990 2798 3046 46.
2840 2989 2930 3044 61.
2970 2986 3231 3043 112.115
3262 3004 3317 3041 a.
3354 2986 3457 3041 115
3486 2984 3536 3039 b.
3574 2984 3678 3038 117

2099 3086 2151 3141 ὁ.
2180 3086 2307 3141 118.
2353 3084 2478 3138 121.
2521 3084 2643 3153 122.
2683 3084 2776 3138 151
2834 3082 2886 3136 b.
2912 3080 3018 3135 202
3048 3081 3099 3135 ὁ.
3125 3090 3179 3136 οι
3214 3080 3344 3135 alibi
3393 3080 3674 3151 deinceps.

2112 3176 2406 3248 Ἐξήγησις
2464 3178 2542 3240 είς
2604 3176 2667 3227 τὸ
2707 3173 2869 3246 ῥητὸν
2929 3173 3022 3226 τοῦ
3072 3172 3335 3241 Θεολόγου
3388 3173 3450 3226 τὸ
3499 3173 3672 3240 λέγον,

2107 3285 2127 3320 ε
2160 3267 2274 3320 Οὐκ
2304 3269 2368 3320 ἐκ
2400 3265 2511 3319 τῶν
2547 3263 2670 3319 κατ’
2702 3264 2892 3328 αὑτὸν,
2941 3262 3057 3316 ἁλλ’
3086 3264 3154 3316 ἐκ
3181 3264 3291 3318 τῶν
3341 3266 3469 3334 περὶ
3510 3265 3675 3317 αὐτὸν

2097 3352 2432 3422 γινώσκεται
2466 3355 2494 3407 ό
2530 3352 2686 3420 Θεός,
2728 3371 2746 3403 ι
2803 3367 2927 3422 pag.
2968 3353 3029 3406 51
3071 3352 3121 3406 ὁ.
3148 3353 3206 3406 ἐν
3232 3356 3298 3424 τῇ
3328 3355 3408 3417 εἰς
3448 3353 3538 3405 τὸν
3568 3355 3674 3406 Ζα-

2097 3447 2297 3516 χαρίαν
2333 3445 2541 3517 θεωρίᾳ
2571 3448 2640 3517 τῇ
2685 3446 2815 3515 περὶ
2868 3446 2977 3498 τῶν
3013 3445 3156 3498 ἑπτὰ
3197 3445 3426 3515 λύχνων,
3459 3448 3549 3498 καὶ
3582 3445 3671 3498 τοῦ

2097 3535 2403 3601 λαμπαδίου
2463 3539 2521 3588 ἐν
2562 3539 2627 3605 τῇ
2667 3535 2939 3607 ἑξηκοστῇ
2982 3534 3139 3607 τρίτῃ
3196 3537 3304 3589 τῶν
3333 3536 3672 3608 ἐρωτήσεων.

2095 3646 2217 3700 ρος.
2251 3630 2337 3684 63.
2368 3630 2433 3680 ἐκ
2473 3630 2583 3681 τῶν
2620 3629 2744 3699 περὶ
2775 3628 2999 3698 ἀγάπης
3034 3627 3347 3697 κεφαλαίων
3374 3630 3666 3682 ἑκατοντά-

2093 3720 2179 3785 δος
2210 3727 2283 3784 α’,
2315 3721 2509 3790 κεφαλ.
2545 3727 2609 3790 ρ’.
2645 3736 2767 3790 pag.
2820 3721 2881 3774 51
2923 3721 2974 3773 ίι.
3016 3719 3107 3775 191
3149 3720 3199 3773 b.
3232 3721 3298 3774 ἐκ
3342 3718 3454 3772 τῶν
3488 3720 3672 3772 θεολο-

2093 3811 2272 3879 γικῶν
2307 3812 2617 3883 κεφαλαίων
2646 3811 3003 3874 ἐκατοντάδος
3026 3810 3094 3865 α’.
3145 3811 3347 3879 κεφαλ.
3399 3809 3507 3876 ος’,
3544 3827 3672 3881 ρος.

2093 3901 2183 3957 72.
2219 3904 2282 3955 ἐκ
2323 3904 2433 3955 τῶν
2471 3903 2651 3956 αὐτῶν
2685 3904 3043 3966 ἑκατοντάδας
3095 3908 3168 3974 α’,
3209 3920 3335 3972 κεφ.
3390 3910 3481 3957 ια’.
3539 3919 3661 3973 ρος.

2092 3995 2198 4051 214
2230 3994 2278 4049 b.
2309 3997 2373 4048 ἐκ
2402 3994 2510 4049 τῶν
2549 3994 2730 4048 αὐτῶ)
2783 3995 3139 4061 ἑκατοντάδος
3192 3994 3477 4064 δευτέρας,
3538 4011 3667 4064 κεφ.

2097 4095 2186 4157 ιγ’.
2220 4103 2342 4159 ρος.
2373 4088 2479 4143 505
2511 4087 2561 4142 b.
2589 4090 2655 4141 ἐκ
2680 4088 2789 4141 τῶν
2817 4088 2997 4142 αὐτῶν
3041 4086 3405 4151 ἑκατοντάδος
3435 4088 3502 4153 δ’,
3542 4106 3668 4156 κεφ.

2092 4180 2161 4251 η’.
2193 4195 2315 4251 ρος.
2338 4180 2459 4234 149.
2488 4182 2544 4233 ἐν
2571 4183 2637 4251 τῇ
2682 4179 2776 4232 τοῦ
2806 4179 3144 4250 Μελχισεδὲκ
3169 4179 3393 4250 θεωρίᾳ.
3423 4195 3547 4252 pag.
3577 4182 3667 4235 74.

2093 4276 2150 4326 ἐν
2176 4274 2254 4343 τῷ
2297 4272 2374 4339 εον
2409 4289 2537 4342 κεφ.
2572 4272 2674 4343 τῆς
2729 4271 2868 4343 πρὸς
2910 4271 3129 4343 Πύρρον
3169 4271 3483 4338 διαλέξεως.
3541 4288 3667 4344 ρος.

2042 4358 2249 4421 ’94ίι.

2177 4458 2270 4510 Ἐκ
2302 4456 2395 4510 τοῦ
2428 4456 2633 4527 βιϐλίου
2665 4455 2756 4509 τοῦ
2782 4457 2937 4527 ἁγίου
2968 4456 3182 4512 Παύλου
3230 4457 3321 4512 τοῦ
3351 4460 3407 4512 ἐν
3436 4459 3512 4529 τῷ
3543 4457 3656 4511 Λα-

2096 4548 2227 4619 τρῷ.
2262 4566 2384 4619 ρος.
2421 4552 2509 4605 19.

2166 4640 2273 4693 Τοῦ
2311 4643 2548 4710 μεγάλου
2580 4641 2813 4712 Πέτρου.
2869 4656 2997 4714 pag.
3046 4642 3169 4697 551.

2166 4731 2490 4788 Theodorus
2545 4733 2759 4789 Sludila
2793 4736 2850 4786 ἐν
2914 4737 2979 4805 τῇ
3028 4735 3161 4804 πρὸς
3195 4735 3321 4798 τοὺς
3361 4736 3672 4805 ἐξορίστους

2097 4823 2379 4893 ἐπιστολῇ.
2422 4840 2545 4896 ρος.
2584 4824 2716 4882 242.

2120 4980 2125 4987 ⁸
2165 4914 2492 4970 Theodorus
2531 4917 2625 4969 τοῦ
2662 4915 2933 4987 γραπτοῦ.
2982 4933 3102 4989 ρος.
3140 4919 3242 4972 117
3273 4919 3322 4972 ὁ.
3360 4919 3453 4974 151
3495 4920 3543 4974 b.
3575 4920 3672 4975 180

2096 5005 2145 5061 ι.
2182 5007 2283 5061 201
2319 5007 2368 5060 b.
2403 5008 2509 5062 202
2538 5009 2589 5062 ί).
2632 5009 2737 5064 205
2768 5010 2820 5064 b.
2848 5009 2976 5064 224.
3011 5011 3139 5066 296.
3175 5010 3279 5066 559
3332 5014 3382 5065 ί).

2178 5099 2274 5153 Ἐκ
2314 5099 2410 5152 τοῦ
2463 5101 2543 5163 εἰς
2587 5102 2686 5171 τὴν
2718 5101 2879 5169 ἁγίαν
2933 5103 3193 5174 μάρτυρα
3254 5102 3552 5173 Ἰουλιανὴν
3581 5102 3671 5155 λό-

2093 5209 2211 5261 γου.
2249 5206 2370 5262 ρος.
2406 5191 2469 5245 19
2494 5190 2544 5245 b.
3580 5264 3588 5269 θ

2175 5283 2270 5334 Ἐκ
2294 5280 2387 5333 τοῦ
2435 5281 2549 5350 βίου
2581 5281 2680 5351 τῆς
2719 5282 2873 5346 ὁσίας
2905 5283 3149 5353 Μαρίας.
3202 5298 3327 5353 ρος.
3367 5283 3434 5338 19
3471 5282 3521 5336 b.

2175 5377 2269 5428 Ἐκ
2301 5375 2662 5451 106910-1106
2701 5377 2940 5445 μεγάλου
2983 5378 3296 5431 ’Λντωνίου.
3334 5392 3458 5447 ρος.
3508 5375 3580 5430 22
3612 5377 3663 5429 b.

2176 5471 2271 5523 Ἐκ
2294 5471 2384 5521 τοῦ
2426 5470 2764 5523 Λαυσαῖκοῦ.
2794 5485 2917 5540 ρος.
2949 5470 3035 5537 19.

2160 5559 2678 5616 Adferunlureliam
2696 5561 2958 5616 nonnulla
2982 5578 3047 5616 ex
3068 5561 3289 5633 synodis
3328 5560 3661 5629 testimonia,

2091 5655 2350 5709 nimirum

2176 5746 2268 5800 Ἐκ
2298 5745 2397 5816 τῆς
2432 5742 2477 5799 α’
2514 5745 2751 5803 συνόδου.
2779 5759 2906 5817 ρος.
2935 5744 3058 5803 196.
