4058 6478
1320 456 3689 492 m

457 462 3557 512 Μ

1684 637 1854 683 ANNO
1898 636 2131 682 DOMINI
2164 638 2397 683 MCCCLX
2408 637 2511 681 XVI

1221 830 2952 1105 PHILOTHEUS

819 1329 2020 1488 CPOLITANUS
2146 1324 3419 1486 PATRIARCHA‘

1842 1854 2351 1948 NOTITIA

1388 2081 1613 2143 (Fannia.
1643 2080 1803 2132 HARL.
1839 2077 2131 2131 Bibliotheca
2153 2081 2339 2140 (ἔτ-αισα,
2367 2084 2486 2128 tom.
2514 2092 2584 2140 xx,
2608 2093 2656 2142 p.
2686 2080 2798 2143 515)

2052 2244 2127 2255 —-

532 2383 876 2449 Philotimus,
914 2384 1221 2439 monachus
1262 2383 1441 2454 primo
1500 2381 1737 2445 Sinaita,
1794 2382 1992 2438 deinde
2056 2384 2385 2453 przepositus
2414 2387 2833 2472 .monachorum
2870 2385 2923 2440 in
2959 2396 3145 2444 monte
3179 2389 3343 2454 Atho,
3380 2392 3612 2463 denique
3659 2407 3724 2446 ex

458 2470 733 2526 Heraclea:
762 2471 1020 2540 episcopo
1044 2473 1353 2541 patriarcha
1384 2471 1493 2526 GP.
1526 2486 1659 2525 ann.
1694 2471 1856 2535 1554,
1889 2480 1941 2526 et
1973 2471 2060 2525 151

2129 2474 2314 2538 -1576,
2368 2470 2504 2530 obiit
2541 2491 2671 2530 ann.
2735 2475 2891 2530 1376.
2926 2476 3179 2534 Pluribus
3230 2481 3447 2551 scriptis
3479 2480 3725 2550 Gregorii

464 2558 699 2613 Palamze
758 2562 1076 2612 memoriam
1128 2559 1329 2622 coluit,
1400 2568 1455 2613 et
1513 2559 1777 2614 adversus
1837 2558 1957 2627 ejus
2010 2561 2354 2617 adversarios
2399 2562 2756 2633 depugnavit,
2817 2578 2885 2618 ex
2930 2564 3133 2634 quibus
3180 2568 3508 2636 paucissima
3554 2570 3723 2628 luceiu

464 2648 716 2703 viderunt
741 2648 840 2717 (a).
872 2645 1096 2702 Juvabit
1125 2657 1307 2702 tamen
1341 2649 1596 2718 praesenti
1621 2649 1743 2703 loco
1776 2648 1997 2703 brevem
2039 2653 2375 2721 scriptorum
2411 2649 2686 2707 Philothei
2720 2652 3001 2718 notitiam,
3050 2654 3324 2709 editorum
3359 2655 3713 2711 ineditorum-

465 2754 572 2808 qur.
599 2738 954 2807 subiungere.

542 2826 601 2878 1.
633 2825 978 2895 Praecipuum
1009 2840 1146 2895 opus
1178 2835 1257 2880 est
1293 2825 1559 2880 librorum
1594 2826 1660 2881 15
1693 2827 2180 2882 Antirrheticorum
2226 2842 2325 2898 pro
2368 2825 2689 2883 defensione
2732 2828 2865 2884 tomi
2914 2828 3250 2901 Palamitici,
3283 2833 3486 2902 quibus
3515 2836 3713 2888 mortui

458 2911 570 2978 jam
619 2914 910 2983 Nicephori
955 2913 1210 2983 Gregorae
1265 2914 1495 2983 scripta,
1550 2916 1805 2970 hortante
1841 2916 2245 2981 Cantacuzeno,
2294 2917 2652 2985 oppugnavit.
2704 2916 2894 2973 Exstat
2944 2918 3126 2974 adhuc
3169 2920 3435 2974 ineditum
3465 2920 3519 2975 in
3554 2921 3718 2976 variis

462 3001 830 3066 bibliothecis,
868 3014 925 3056 ut
961 3000 1245 3067 Vaticana,
1277 3002 1445 3071 Regia
1476 3003 1651 3057 Paris.
1708 3005 1829 3059 cod.
1882 3004 2019 3059 1996
2069 3004 2413 3076 [secundum
2474 3005 2641 3059 catal.
2670 3019 2808 3060 mss.
2851 3005 2991 3061 bibl.
3022 3005 3199 3061 Paris.
3238 3009 3371 3079 Reg.
3410 3017 3541 3063 tom.
3566 3007 3631 3073 ll,
3669 3010 3722 3063 in

464 3090 622 3144 codd.
652 3091 778 3155 421,
806 3107 861 3144 n.
904 3092 958 3153 2,
999 3098 1053 3144 et
1094 3090 1255 3155 1244,
1310 3106 1365 3144 n.
1399 3107 1437 3145 I.
1470 3090 1742 3169 (IIABL.)]
1781 3102 1835 3148 et
1892 3093 2037 3163 regis
2098 3092 2377 3148 catholici.
2430 3092 2736 3147 Servantur
2779 3094 2946 3148 etiam
2988 3093 3042 3149 in
3081 3096 3271 3151 codice
3304 3098 3524 3166 insigni,
3562 3114 3719 3166 quem

466 3195 631 3233 manu
665 3179 930 3249 Sylvestri
987 3179 1264 3250 Syropuli,
1299 3181 1514 3236 diaconi
1565 3190 1619 3236 et
1668 3182 1849 3251 magni
1900 3183 2310 3248 ecclesiarchze,
2367 3186 2628 3254 scriptum
2660 3193 2845 3239 servat
2903 3184 3233 3240 bibliotheca
3276 3186 3634 3251 Coisliniana,
3667 3197 3721 3241 et

466 3278 722 3323 accurate
747 3279 997 3324 recenset
1025 3268 1472 3335 Moutl'aucouus,
1508 3286 1561 3340 p.
1598 3270 1853 3326 175-176.
1892 3269 2035 3326 Loca
2066 3287 2130 3324 ex
2184 3272 2334 3342 regio
2361 3274 2549 3327 codice
2576 3272 2874 3328 Parisiensi
2916 3274 3171 3343 producit
3194 3273 3455 3328 Boivinus
3487 3274 3629 3328 notis
3653 3275 3716 3326 ad

467 3355 788 3425 Cregoram,
825 3373 877 3425 p.
917 3356 1044 3419 792,
1076 3357 1201 3421 798,
1242 3372 1351 3412 etc.
1384 3357 1529 3412 ldem
1565 3373 1629 3412 ex
1657 3359 1797 3413 libro
1819 3359 2150 3415 duodecimo
2192 3364 2467 3417 somnium
2506 3362 2887 3439 propheticum
2915 3362 3225 3433 Nicephoro
3255 3363 3507 3431 Gregorae
3543 3365 3717 3417 tribu-

466 3454 579 3497 tum
611 3444 795 3498 Graece
822 3454 877 3498 et
909 3445 1103 3499 Latine
1147 3445 1317 3500 edidit
1366 3446 1422 3499 in
1455 3444 1711 3516 Gregoraz
1734 3446 1880 3501 Vita.
1915 3445 1993 3499 Ex
2029 3446 2170 3501 libro
2212 3449 2406 3518 quinto
2447 3456 2703 3519 excerpta
2733 3464 2839 3503 ms.
2866 3447 3122 3503 Lambec.
3157 3448 3217 3512 Υ,
3252 3464 3307 3519 p.
3343 3449 3470 3503 ‘206.
3506 3449 3719 3519 (Fiam)

471 3532 599 3585 Sive
626 3547 679 3601 p.
710 3531 837 3596 426,
886 3532 1093 3586 Kollar.
1148 3533 1202 3586 in
1227 3533 1352 3587 cod.
1406 3534 1612 3589 Caesar.
1668 3535 1796 3599 245,
1842 3550 1901 3588 n.
1949 3536 2037 3589 17.
2070 3564 2141 3573 —
2172 3535 2433 3605 Augustae
2466 3535 2679 3590 Vindel.
2716 3550 2777 3589 Ill
2811 3536 2934 3590 cod.
2959 3536 3090 3590 bibl.
3125 3536 3280 3605 pubi.
3332 3546 3415 3591 est
3476 3536 3724 3603 Gregorii

466 3620 705 3677 Palamae
758 3618 1031 3686 Expositio
1080 3620 1204 3689 ﬁdei
1248 3622 1557 3677 orthodoxa:
1600 3633 1649 3676 et
1685 3621 1953 3675 Philot/iei
2002 3621 2265 3689 confessio
2298 3622 2446 3690 ﬁdei,
2478 3630 2745 3689 etc.,sec.
2781 3623 2987 3678 Reiseri
3034 3623 3205 3679 indic.
3241 3639 3372 3678 mss.
3407 3623 3558 3677 illius
3592 3625 3722 3678 bibl.

470 3724 525 3777 ῃ.
567 3710 658 3762 27.
696 3737 768 3747 —-
817 3708 1030 3763 Monaci
1087 3710 1141 3763 in
1190 3710 1314 3764 cod.
1368 3710 1562 3765 anar.
1595 3710 1663 3765 57
1688 3711 1907 3765 suntlS
1941 3709 2217 3765 Pliilothei
2252 3711 2548 3765 Sermones
2599 3710 2965 3765 antirrhetici.
3002 3709 3124 3764 Vid.
3161 3708 3349 3764 llardt.
3405 3711 3461 3764 in
3513 3710 3723 3764 Aretini

471 3799 793 3869 ltcytragen,
827 3812 957 3863 ctc.,
987 3816 1115 3854 ann.
1146 3802 1307 3867 1804,
1342 3811 1485 3873 part.
1525 3817 1562 3867 l,
1604 3818 1658 3872 p.
1696 3803 1765 3856 32
1794 3818 1878 3870 sq.
1911 3833 1982 3842 —
2010 3801 2190 3857 Oxon.
2222 3798 2275 3851 in
2313 3796 2444 3851 bibl.
2485 3798 2694 3854 Bodlei.
2737 3800 2791 3853 in
2816 3798 2937 3853 cod.
2963 3798 3111 3853 Guil.
3135 3796 3306 3853 Laud.
3342 3798 3409 3854 59
3430 3813 3476 3852 s.
3511 3814 3569 3853 ιι.
3600 3798 3723 3863 711,

470 3887 589 3940 (ἴθι.
631 3902 765 3942 mss.
800 3889 1027 3956 Αηειίειε,
1058 3899 1164 3943 etc.
1212 3889 1251 3941 1.
1282 3919 1355 3930 —-
1386 3888 1547 3942 Coni.
1596 3904 1787 3958 supra,
1832 3889 1940 3943 vol.
1986 3888 2103 3955 Vl],
2151 3902 2203 3956 p.
2242 3886 2347 3941 654
2379 3894 2434 3940 et
2456 3886 2560 3942 655
2600 3888 2708 3941 bis.
2738 3916 2793 3927 -—
2838 3886 3080 3956 Mosqute
3111 3887 3164 3941 in
3197 3886 3317 3942 cod.
3361 3888 3558 3957 synod.
3598 3887 3718 3948 165,

469 3991 526 4030 ιι.
555 3975 610 4035 9,
664 3985 1050 4048 tttmevcerpta
1087 3992 1155 4031 ex
1216 3974 1537 4031 Tiieodoriti
1598 3975 1839 4030 llistoria
1888 3975 2188 4045 philothea,
2243 3990 2297 4029 n.
2333 3976 2399 4039 7;
2458 3988 2515 4027 n.
2574 3982 2755 4029 autem
2790 3974 2880 4039 12,
2914 3974 3191 4044 Confessio
3228 3974 3539 4029 orthodoxa:
3571 3974 3715 4043 ﬁdei.

468 4064 535 4118 ν.
573 4064 807 4118 Mattliazi
843 4064 1008 4122 Notit.
1041 4066 1204 4119 codd.
1243 4065 1340 4119 Gr.
1377 4064 1548 4133 Mosq.
1573 4080 1625 4133 p.
1662 4063 1725 4117 97
1760 4079 1879 4135 seq.
1906 4094 1976 4104 —-
1999 4063 2212 4118 Citatur
2238 4062 2291 4115 in
2344 4060 2466 4116 cod.
2512 4062 2774 4117 Laurent.
2807 4062 2895 4127 16,
2931 4062 3065 4133 plut.
3090 4062 3145 4124 8,
3185 4062 3279 4133 qui
3311 4063 3557 4117 continet
3588 4063 3721 4117 Ser-

471 4167 661 4206 mones
693 4153 1030 4222 theologicos
1061 4153 1257 4206 incerti
1290 4152 1555 4217 auctoris,
1587 4152 1867 4207 Palamam
1903 4151 2250 4220 insectantis,
2277 4151 2371 4222 qui
2420 4151 2635 4206 videtur
2656 4150 2887 4206 Bandin.
2926 4150 2981 4205 in
3016 4151 3137 4207 Cat.
3159 4151 3320 4206 codd.
3354 4149 3447 4206 Gr.
3479 4151 3644 4205 Laur.
3670 4151 3725 4216 1,

473 4256 595 4309 pug.
633 4241 736 4295 557
756 4257 872 4310 seq.
904 4241 1076 4295 fuisse
1101 4238 1444 4310 Nicephorus
1485 4240 1775 4310 Gregoras.
1814 4239 1983 4298 Hann.

544 4328 627 4380 Ad
659 4345 903 4396 magnum
933 4329 1281 4381 domesticum
1321 4327 1689 4399 Palwoiogum
1718 4329 1786 4385 de
1816 4329 1965 4386 dicto
1995 4328 2053 4384 S.
2094 4327 2280 4384 Basilii
2317 4329 2373 4383 in
2413 4326 2802 4383 Antirrheticis
2834 4328 3099 4382 adversus
3134 4327 3490 4388 Ennomium,
3524 4325 3583 4380 '0
3612 4326 3724 4394 γὰρ

473 4414 712 4478 τετοκὼς
745 4416 952 4485 βώλους
978 4416 1173 4485 δρόσου
1212 4418 1353 4469 κατὰ
1376 4417 1466 4469 τὸν
1506 4417 1626 4470 Ἰὼϐ
1661 4417 1840 4485 λόγον,
1875 4418 1978 4487 οὐχ
2017 4417 2219 4486 ὁμοίως
2243 4417 2341 4481 τάς
2386 4433 2445 4468 τε
2483 4416 2691 4487 βώλους
2741 4417 2837 4469 καὶ
2878 4415 2970 4469 τὸν
2996 4416 3123 4469 Υίδν
3156 4416 3505 4485 ὑπεστήσαντο
3531 4430 3548 4448 ο
3582 4422 3637 4468 ct
3666 4414 3735 4466 tle

466 4504 777 4557 ‘tliviuitate.
819 4504 1015 4571 Incipit
1042 4522 1054 4557 :
1095 4505 1229 4571 Ἀγε
1258 4503 1322 4576 δὴ
1354 4506 1449 4558 καὶ
1482 4506 1668 4571 πάλιν,
1698 4505 1870 4573 φίλων
1901 4504 2068 4574 ἀνδρί]

2145 4504 2528 4571 εὖγενέστατε.
2562 4502 2664 4559 Ms.
2698 4502 2956 4559 Lambec.
2986 4501 3162 4575 ibid.[
3186 4519 3234 4559 s.
3266 4519 3317 4572 ι).
3350 4503 3478 4565 410,
3508 4519 3565 4556 n.
3589 4503 3642 4563 5.
3672 4502 3724 4562 6,

472 4590 639 4662 Koll.]
681 4590 779 4645 llic
811 4601 895 4646 est
921 4592 1057 4646 liber
1091 4593 1587 4649 Antirrheticorum
1617 4603 1812 4649 contra
1846 4592 2150 4661 Gregoram
2180 4591 2435 4665 decimus
2470 4593 2686 4647 tertius.
2721 4590 2935 4661 (FABR.)
2955 4590 3135 4647 Paris.
3166 4592 3220 4647 in
3248 4591 3381 4649 bibl.
3405 4590 3561 4661 publ.
3595 4590 3723 4644 cod.

475 4679 600 4738 421.
644 4695 697 4731 n.
731 4681 783 4733 5.
816 4678 1038 4750 (“aut”)

544 4765 627 4820 Ad
685 4768 935 4821 eumdem
992 4767 1061 4821 de
1110 4768 1295 4822 divina
1347 4768 1555 4824 Christi
1592 4767 2076 4838 transliguratione
2112 4767 2168 4822 in
2204 4775 2389 4822 monte
2440 4765 2681 4832 Thabor,
2718 4775 2772 4820 et
2802 4767 2870 4821 de
2903 4766 3131 4831 lumine,
3161 4767 3305 4835 quod
3341 4766 3413 4820 ibi
3446 4766 3735 4835 discipulis

480 4852 755 4923 apparuit,
805 4869 904 4908 nec
962 4856 1257 4910 essentiam
1299 4856 1390 4909 Dei
1447 4871 1550 4910 nec
1588 4870 1706 4908 rem
1752 4865 1992 4910 creatam
2052 4855 2082 4910 fi

2138 4871 2249 4920 ssc,
2282 4865 2388 4910 etc.
2423 4855 2670 4925 incipit:
2717 4855 2871 4909 Ἐπεὶ
2923 4855 3111 4917 δὲτὰς
3162 4854 3341 4919 λέξεις
3395 4855 3521 4907 καθ’
3576 4855 3736 4923 ἡμῶν

482 4941 850 5010 συκοφαντίας
906 4961 965 4995 τε
1014 4947 1109 4997 καὶ
1145 4945 1524 5014 καινοτομίας,
1559 4959 1664 4998 ms.
1703 4943 1836 4997 ibid.
1888 4943 1989 4999 llic
2046 4959 2084 4998 e:

2128 4945 2309 5000 ,liber
2350 4944 2846 4999 Antirrheticorum
2905 4944 3153 4998 decimus
3213 4952 3467 5012 quartus.
3521 4940 3730 5012 (FABR.)

478 5033 722 5102 Mosqua:
753 5034 805 5088 in
842 5035 964 5089 cod.
993 5035 1187 5103 synod.
1225 5032 1347 5097 165,
1390 5046 1445 5085 n.
1480 5030 1548 5083 10
1587 5038 1643 5085 et
1697 5031 1784 5084 15.
1838 5030 1904 5085 ν.
1959 5031 2080 5087 Matt

2133 5034 2194 5087 aei
2223 5042 2338 5087 not.
2374 5034 2467 5088 cit.
2504 5048 2558 5102 p.
2595 5032 2687 5097 98,
2739 5042 2794 5087 et
2831 5048 2883 5101 p.
2919 5032 3022 5087 178
3049 5032 3117 5087 de
3143 5031 3265 5086 cod.
3299 5031 3426 5085 977.
3457 5061 3528 5071 --
3556 5020 3734 5085 Οκοιί.

474 5123 530 5175 in
564 5123 693 5177 bibl.
732 5124 937 5177 Bodlei.
971 5124 1093 5177 cod.
1121 5122 1211 5185 59,
1236 5134 1283 5173 δ.
1316 5136 1369 5171 n.
1405 5118 1531 5185 711,
1560 5127 1668 5173 cat.
1705 5136 1838 5175 mss.
1869 5122 2095 5191 Angliae,
2131 5132 2240 5178 etc.
2279 5122 2322 5175 l.
2347 5150 2416 5160 -—-
2439 5120 2614 5175 Paris.
2644 5121 2699 5174 in
2724 5121 2846 5175 cod.
2873 5120 2967 5174 cit.
3002 5136 3058 5174 n.
3082 5122 3139 5175 4.
3172 5120 3303 5173 Item
3339 5121 3393 5173 in
3430 5116 3737 5180 t0d.19.4i,

553 5316 627 5391 ((1)
655 5318 854 5372 Confer
885 5320 951 5391 de
988 5318 1273 5370 Pliilotheo
1319 5316 1488 5391 Ilenr.
1514 5317 1779 5391 Wharton
1817 5330 1870 5373 et
1904 5317 2046 5391 Boii.
2076 5332 2083 5341 '
2149 5350 2211 5391 τ-
2248 5319 2571 5391 Secundum
2606 5316 2692 5373 Jo.
2731 5318 2962 5386 Baptist.
3014 5314 3438 5391 Ric;cioli,A_SA._l.
3480 5314 3740 5391 Chronof

479 5387 701 5446 Gerinm
743 5392 857 5457 (Qui
907 5390 1064 5455 plura
1112 5396 1277 5453 atque
1327 5389 1487 5459 codd.
1518 5390 1769 5459 notitiam
1829 5389 2051 5457 adjecit)
2152 5390 2352 5459 legium
2391 5388 2757 5459 refer-malam
2800 5390 2868 5445 ab
2906 5405 3036 5443 ann.
3087 5388 3217 5442 Chr.
3255 5387 3415 5452 1562,
3448 5402 3637 5459 μδιμις
3672 5388 3742 5439 ad

482 5463 535 5514 in
574 5464 815 5526 Append.
861 5462 925 5511 ad
978 5459 1143 5511 Gavei
1173 5459 1318 5511 Hist.
1353 5458 1456 5511 litt.
1502 5458 1602 5514 SS.
1641 5459 1786 5513 Eccl.
1828 5461 1933 5514 vol.
1985 5459 2050 5525 ΙΙ,
2152 5457 2280 5513 ann.
2318 5457 2479 5521 1575,
2525 5475 2698 5512 annos
2736 5460 2824 5524 15,
2866 5469 2917 5512 et
2965 5472 3184 5512 menses
3227 5457 3549 5526 sexﬂsedem
3590 5457 3740 5510 illam

482 5548 537 5600 p.
574 5525 640 5584 (58
668 5545 788 5598 sqq.
826 5532 893 5600 ait
918 5542 1047 5600 anu.
1080 5529 1239 5581 156-2..
1263 5528 1430 5581 Multo
1456 5533 1607 5597 plura
1638 5532 1784 5584 dedit
1814 5541 1866 5584 et
1890 5531 2049 5583 codd.
2152 5528 2802 5600 patriarchalcnitenuit.
2833 5529 2974 5600 Add.
3028 5528 3284 5600 Lambec.
3320 5525 3457 5591 Vill,
3490 5544 3543 5594 p.
3578 5528 3743 5593 1097,

487 5598 815 5653 ἰηυιιιὶυιιριιι
856 5599 980 5651 fecit
1016 5601 1322 5651 ttbt‘t'iuretn
1377 5602 1575 5652 Uudiu.
1620 5604 1669 5653 in
1722 5600 1935 5653 Comm.
1988 5600 2055 5668 de
2153 5601 2304 5653 Koll.
2368 5615 2430 5651 ex
2476 5598 2616 5651 l’hil.
2680 5599 2883 5653 Labbci
2926 5598 3266 5666 Protrcptico
3309 5600 3560 5668 corporis
3594 5600 3740 5654 Hist.

488 5672 586 5725 SS.
623 5671 769 5722 lii-cl.
805 5681 931 5741 toni.
992 5669 1076 5733 111,
1105 5671 1211 5722 col.
1258 5670 1413 5732 1059,
1448 5687 1567 5738 sqq.
1604 5672 1669 5723 ad
1715 5686 1844 5723 anu.
1892 5667 2049 5741 155ομ.
2155 5669 2490 5740 Byzantium,
2522 5684 2575 5738 p.
2614 5670 2682 5725 56
2722 5686 2839 5740 seq.
2883 5669 3101 5741 illam.)

493 5744 631 5793 Adii.
657 5742 801 5794 Samii
840 5739 1031 5793 Ouum.
1057 5741 1138 5794 lit.
1173 5748 1308 5811 part.
1336 5742 1400 5808 ll,
1437 5757 1488 5810 ιι.
1510 5743 1633 5810 572,
1658 5741 1720 5795 ad
1755 5739 2065 5796 “11.1554.
