4058 6452
501 375 610 436 ’115
1531 375 1872 436 PHILOTH
1886 373 2032 436 EUS
2069 374 2103 435 C

2124 375 2173 437 P.
2217 374 2732 439 PATRIARCHA.
3634 373 3726 437 716

507 492 694 543 Exstat
724 489 909 544 Gmee
931 498 983 546 et
1012 489 1204 545 Latine
1229 489 1283 544 in
1317 488 1536 550 Freheri
1570 489 1694 558 jure
1719 489 2192 543 Gnaeo-Romano
2215 490 2311 545 lib.
2345 506 2420 556 tv,
2451 505 2574 560 pag.
2609 486 2900 553 288-290;
2939 484 3191 541 Francol‘.
3237 482 3388 539 1596.
3427 483 3726 552 lol.(FAsa.)

505 576 668 633 (Iuntl.
704 593 868 644 supra
903 579 956 630 in
992 577 1047 630 h.
1080 577 1187 630 vol.
1219 591 1274 644 p.
1319 575 1445 639 261,
1478 591 1606 642 ms.;
1645 577 1950 630 Vindnhon.
1980 577 2033 628 in
2063 576 2190 630 cod.
2221 577 2358 632 Caes.
2399 578 2466 630 55
2514 591 2568 631 η.
2601 576 2692 630 11.
2729 573 2792 628 V.
2829 573 3086 628 Lambec.
3110 570 3246 634 Vlll.
3283 586 3341 639 p.
3393 570 3527 623 1008
3557 586 3729 639 seq.—

507 673 682 726 l‘aris.
718 672 770 722 in
792 669 901 722 hibl
923 710 937 722 .
968 668 1120 737 publ.
1155 667 1316 726 1561,
1348 683 1402 719 n.
1431 668 1484 726 5.
1526 678 1578 720 et
1599 666 1752 722 1565.
1793 685 1845 722 n.
1875 669 1909 716 5
1938 677 1990 720 (ιι
2023 671 2088 731 4;

2126 667 2350 721 Taurin.
2389 666 2442 719 iu
2483 667 2607 720 cod.
2658 666 2796 735 Reg.
2833 665 2962 719 2'78.
3015 663 3081 718 V.
3109 661 3232 718 Cat.
3261 659 3421 716 codd.
3453 661 3543 714 Gr.
3575 660 3728 715 Taur.

508 775 565 828 ιι,
605 759 746 818 581,
785 757 841 810 ln
869 754 996 809 cod.
1027 753 1358 808 Meermanu.
1388 768 1546 822 quem
1597 757 1685 808 hic
1740 755 1793 806 in
1838 754 2231 823 Supplemento
2259 751 2392 807 Novi
2447 752 2692 807 thesauri
2735 751 2880 822 juris
2902 751 3007 806 civ.
3050 759 3104 803 et
3135 763 3334 803 canon.
3392 748 3549 817 llaga
3589 747 3730 802 Cum.

514 845 675 904 1780,
713 843 805 897 fol.
840 857 895 910 p.
933 843 1060 906 37b,
1099 841 1303 903 laudat,
1340 850 1626 910 comparat
1649 858 1771 895 cum
1801 843 1888 897 ed.
1920 840 2217 896 Leunclav.
2256 849 2389 894 tom.
2421 839 2465 903 l,
2499 855 2555 909 p.
2584 828 2724 904 .288,
2755 847 2812 892 et
2841 837 3149 906 praecipuas
3177 849 3323 890 varr.
3353 834 3504 889 lectt.
3543 842 3733 887 enatat.

509 930 732 997 (IIARL.)

580 1027 668 1080 11.
710 1025 855 1079 Ordo
880 1024 1192 1078 instituendi
1225 1025 1526 1088 diaconum,
1562 1025 1754 1079 Latine
1786 1027 1838 1079 in
1863 1024 2000 1079 Bibl.
2034 1027 2275 1088 Patrum,
2306 1033 2439 1079 tom.
2470 1022 2558 1089 IV,
2593 1023 2772 1078 Paris.
2816 1022 2987 1082 1575:
3015 1031 3069 1076 et
3099 1030 3229 1076 tom.
3268 1019 3354 1083 Vl,
3393 1019 3568 1074 Paris.
3590 1019 3735 1082 1589;

509 1123 564 1168 et
601 1122 733 1166 tom.
761 1111 904 1175 XIV,
934 1111 1068 1165 edit.
1101 1113 1292 1165 Colon.
1324 1126 1453 1164 ann.
1491 1112 1665 1176 1618;
1700 1123 1753 1165 et
1790 1123 1922 1166 tum.
1953 1111 2152 1172 XXVI.
2197 1111 2332 1164 edit.
2392 1110 2562 1178 Lugd.
2613 1109 2773 1170 1677.
2806 1123 2861 1179 p.
2893 1108 2998 1162 211
3027 1107 3154 1162 216.
3181 1106 3370 1162 Graece
3403 1119 3532 1158 Vero
3561 1114 3613 1157 et
3644 1104 3738 1156 La~

512 1200 622 1254 tine
640 1214 762 1252 cum
798 1198 939 1251 notis
967 1197 1080 1251 Jac.
1106 1197 1267 1251 Goari
1297 1208 1477 1250 exstat
1501 1199 1552 1250 iu
1591 1198 1779 1251 limine
1812 1197 2134 1267 Euchologii
2179 1196 2382 1265 vulgati
2419 1195 2592 1251 Paris.
2632 1196 2792 1260 1647,
2832 1195 2927 1249 fol.
2975 1193 3064 1266 [τ.
3109 1209 3165 1263 p.
3211 1191 3371 1258 1-28,
3420 1191 3512 1245 ed.
3561 1186 3738 1244 Venet.

514 1289 672 1352 1750,
703 1286 822 1357 101.]
853 1288 953 1339 sub
990 1288 1150 1341 titulo
1171 1286 1430 1352 Διάταξις
1466 1288 1888 1354 ἱεροδιακονίας,
1927 1284 2073 1340 Ordo
2100 1301 2116 1337 ε

2136 1287 2238 1336 acri
2264 1275 2561 1344 ministerii,
2593 1282 2855 1352 quomodo
2883 1281 3163 1335 sacerdotii
3193 1281 3452 1333 diaconus
3489 1278 3738 1330 ministrat

503 1377 565 1427 in
601 1374 885 1428 celebribus
913 1373 1156 1441 vesperis,
1187 1373 1454 1426 Matutino
1473 1382 1521 1425 et
1545 1372 1730 1426 Missa.
1763 1372 1976 1440 (ΕΔΜ.)
2015 1370 2172 1426 Conf.
2197 1370 2376 1424 Catal.
2409 1370 2544 1425 bibl.
2585 1369 2840 1423 Leidens.
2867 1383 2924 1437 p.
2960 1367 3031 1422 61
3059 1383 3178 1437 seq.
3218 1367 3440 1435 (Ηλιιι.)

586 1462 671 1515 12.
706 1459 772 1513 1η
789 1461 1045 1529 Anysiam
1077 1459 1620 1515 Thessalonicensem
1653 1474 1856 1514 sermo.
1885 1457 2126 1527 lncipit':
2151 1463 2188 1512 0

2151 1459 2321 1512 Οὐδὲν
2358 1459 2565 1529 ἀρετῆς
2594 1458 2924 1526 τιμιώτερον
2949 1494 2966 1519 ,
2999 1472 3101 1509 ms.
3139 1455 3388 1508 meminit
3433 1453 3660 1506 Allalitts
3683 1453 3739 1504 de

517 1547 760 1602 Simeou.
793 1563 846 1616 p.
877 1528 1008 1610 103;
1037 1555 1092 1600 et
1120 1547 1300 1599 locum
1325 1562 1390 1600 ex
1424 1559 1491 1600 eo
1526 1545 1756 1610 profert,
1801 1560 1856 1613 ι).
1893 1544 2022 1610 416,
2057 1555 2250 1600 contra
2301 1528 2702 1610 IIottinget-nm.
2746 1540 2962 1612 (FABR.)
3011 1539 3140 1594 Mss.
3175 1539 3361 1593 Romae
3391 1540 3444 1593 in
3478 1539 3607 1592 bihl.
3644 1536 3738 1589 Va-

518 1640 718 1699 ticana,
789 1645 925 1689 teste
974 1634 1266 1689 Montl‘aue.
1309 1635 1364 1688 in
1416 1633 1558 1690 Bibt.
1594 1633 1836 1688 bibliotb.
1857 1649 1984 1687 mss.
2048 1648 2104 1704 p.
2138 1634 2207 1688 15
2235 1631 2295 1685 C.
2329 1660 2390 1673 -
2424 1631 2664 1700 Mosquze
2713 1629 2767 1683 in
2814 1628 2947 1684 bibl.
2988 1627 3187 1698 synod.
3239 1626 3363 1681 rod.
3419 1626 3542 1688 165,
3573 1628 3741 1691 inquo

515 1725 678 1778 etiam
719 1729 942 1776 exsmut
970 1736 984 1772 :
3327 1719 3332 1724 ·

588 1807 656 1862 1η
684 1806 786 1863 SS.
818 1807 1048 1861 omnium
1077 1805 1432 1861 Dominicam.
1462 1805 1608 1875 (νεα.
1637 1822 1693 1860 n.
1719 1806 1834 1878 15.)

602 1915 720 1970 Vita
743 1927 790 1970 et
812 1919 1121 1986 martyrium
1167 1917 1227 1971 S.
1255 1917 1566 1986 Φευρωνάς
1599 1913 1750 1982 (alibi
1791 1915 1988 1986 legitur
2009 1913 2204 1985 ’Φεϐρα

2140 1917 2337 1985 ρωνίας
2373 1917 2413 1983 ),
2463 1917 2572 1971 inc.
2629 1917 2966 1986 Τυραννικόν
3023 1933 3076 1969 τι
3122 1918 3216 1968 καὶ
3250 1913 3429 1985 βίαιον
3457 1911 3610 1981 ἔρως.
3662 1910 3742 1963 Est

519 2017 738 2072 quoque
767 2004 819 2056 in
857 2004 979 2056 cod.
1007 2017 1128 2056 mox
1173 2003 1528 2058 memorando
1570 2003 1704 2060 bibl.
1737 2005 1908 2060 Marc.
1946 2004 2070 2059 Vita
2102 2003 2376 2058 Febroniw
2401 2004 2654 2072 martyris
2689 2012 2744 2056 et
2778 2002 2896 2056 Vita
2935 2005 3146 2072 Anysia:
3176 1999 3536 2055 Thessalonic.

607 2089 728 2144 Vita
753 2091 910 2146 Saba:
941 2093 1056 2159 iun.
1087 2091 1197 2144 inc.
1232 2092 1415 2155 Σάϐας
1462 2092 1491 2144 ό
1535 2091 1873 2163 θαυμαστὸς,
1919 2092 2177 2155 ὑπόθεσις

2139 2109 2177 2155 ις
2219 2090 2471 2158 ἀγώνων.
2512 2089 2713 2144 Eadem
2755 2088 2808 2142 in
2841 2089 3175 2144 cod.,Marc.
3211 2103 3333 2141 mox
3378 2086 3660 2139 laudando.
3712 2109 3741 2116 --

533 2177 599 2233 V.
639 2194 805 2248 supra
843 2180 950 2232 vol.
973 2180 1040 2242 Χ,
1067 2195 1120 2248 p.
1147 2177 1276 2234 519.

599 2265 756 2321 Orat.
798 2268 852 2318 in
889 2266 949 2320 S.
978 2265 1334 2336 Onuphrium.
1362 2267 1484 2320 init.
1521 2266 1647 2331 Τοῖς
1673 2267 1784 2322 τῶν
1809 2267 2021 2338 ἀνδρῶν
2051 2267 2201 2338 aptat

1475 2305 1484 2319 .
1521 2266 1647 2331 Τοῖς
1673 2267 1784 2322 τῶν
1809 2267 2021 2338 ἀνδρῶν
2051 2267 2320 2338 ἀρίστοις.
2365 2266 2500 2322 Ead.
2540 2267 2593 2321 in
2619 2265 2744 2321 cod.
2786 2264 2954 2320 Mare.
2981 2265 3077 2321 cit.

594 2353 778 2410 Oratt.
815 2355 1130 2424 dogmatica:
1153 2365 1340 2408 contra
1367 2355 1698 2425 Acindynum
1729 2367 1778 2411 et
1811 2357 1926 2425 ejus
1958 2366 2196 2411 sectatort

1883 2374 1926 2411 ts
1958 2366 2262 2411 sectatores.
2291 2356 2405 2413 Inc.
2457 2356 2568 2409 Kal.
2589 2355 2760 2408 πάλαι
2788 2353 2887 2423 μὲν
2923 2357 2952 2406 ὁ
2988 2355 3086 2422 τῆς
3115 2353 3403 2422 ἀληθείας,
3429 2361 3485 2407 et

600 2439 666 2492 In
712 2440 1090 2494 Dormitionent
1118 2441 1185 2493 Β.
1221 2438 1431 2497 Μαι-ἕω.
1463 2428 1592 2498 luit.
1626 2445 1786 2496 Ἥκω
1814 2446 2076 2515 τήμερον,
2116 2439 2163 2498 ὦ
2194 2462 2202 2494 ‹

2137 2439 2163 2497 ἶ)
2194 2443 2362 2512 φίλοι,
2394 2443 2539 2498 κατὰ
2582 2441 2816 2511 δύναμιν
2853 2441 3176 2494 ἀποδώσων.
3217 2440 3277 2494 V.
3331 2438 3565 2494 Matthxi
3593 2433 3739 2510 ῌοιῖι.

523 2525 621 2582 cit.
652 2541 706 2594 p.
741 2528 810 2580 97
840 2543 956 2594 seq.
994 2536 1122 2593 etp.
1148 2527 1271 2592 177,
1299 2529 1364 2582 de
1391 2539 1560 2585 oratt.
1602 2532 1928 2600 dogmaticis
1955 2533 2009 2583 in
2034 2532 2158 2584 cod.
2189 2530 2324 2586 277.

599 2611 668 2665 In
697 2614 972 2680 Anysiam,
1006 2611 1199 2668 Venet.
1227 2615 1284 2667 in
1310 2615 1446 2668 bihl.
1476 2615 1638 2670 hlaro.
1672 2617 1790 2669 cod.
1827 2615 1952 2678 582,
1977 2616 2032 2668 iu
2070 2631 2178 2685 quo
2215 2625 2430 2671 exstant
2476 2614 2608 2669 Vita-
2648 2624 2695 2669 et
2741 2615 2910 2684 elogia
2955 2613 3057 2669 SS.
3111 2617 3391 2683 praemissa
3429 2612 3741 2686 protheoria,

518 2699 684 2768 cujus
715 2702 926 2752 initium
963 2719 976 2754 :
1012 2701 1102 2770 Τῷ
1129 2703 1358 2771 παρόντι
1386 2704 1529 2773 λόγῳ
1565 2706 1768 2765 axoni;
1799 2706 1970 2759 ἐστιν.
1999 2703 2120 2774 SeQI

2140 2713 2315 2760 auntur
2343 2702 2664 2757 Sanctorum
2703 2703 2939 2754 omnium
2971 2700 3125 2757 Vitae.
3158 2701 3278 2756 luit.
3341 2703 3453 2756 Καὶ
3498 2701 3558 2753 τὸ
3579 2700 3742 2765 λόγοις

535 2787 634 2856 μὲν
657 2786 848 2848 ἄλλως.
888 2786 1048 2848 Tum,
1090 2798 1289 2857 praeter
1322 2803 1671 2854 memoratas,
1710 2789 1888 2845 Vitas:

595 2889 850 2948 Germani
883 2894 1203 2966 Hagioritte.
1230 2895 1340 2952 Inc.
1382 2897 1546 2952 Ἀλλὰ
1579 2899 1695 2962 πῶς
1717 2900 1784 2954 ἄν
1825 2917 1909 2964 τις
1936 2900 1997 2952 τὸ
2021 2898 2146 2953 καθ’
2175 2900 2350 2971 ἡμᾶς.

601 2979 805 3034 lsidori
832 2993 973 3050 patr.
1001 2983 1208 3037 CPolit.
1246 2985 1374 3038 luit.
1416 2985 1690 3056 Ἰσίδωρον
1711 2987 1770 3039 δὲ
1807 2988 1915 3057 ἄρα
1945 2987 2038 3041 τὸν
2085 2988 2282 3056 μέγαν.

596 3066 786 3121 Phoco:
845 3071 1117 3139 martyris.
1163 3069 1276 3124 luc.
1333 3072 1392 3123 Εἰ
1439 3072 1496 3126 δὲ
1546 3075 1638 3126 καὶ
1702 3075 1829 3137 τοὺς
1875 3073 2190 3144 λαμπρούς.

2139 3090 2190 3136 ς.
2246 3072 2517 3129 Philothei
2569 3073 2850 3128 homiltam
2925 3087 2957 3127 n
3026 3073 3175 3127 illius
3223 3073 3443 3128 laudem
3513 3068 3737 3127 continet

524 3170 741 3225 quoque
778 3155 902 3210 cod.
945 3156 1098 3222 1185,
1135 3158 1305 3222 n.15,
1348 3159 1479 3213 bibl.
1507 3159 1682 3214 Paris.
1707 3159 1853 3231 pubi.
1902 3158 1963 3214 V.
2004 3161 2249 3229 Append.
2281 3161 2347 3214 ad
2373 3161 2493 3217 Cat.
2536 3160 2662 3218 Mss.
2698 3160 2830 3215 bibl.
2864 3160 2990 3215 Par.
3028 3170 3162 3215 tom.
3222 3159 3284 3220 ll.
3320 3177 3376 3231 p.
3404 3161 3528 3215 618.

595 3241 666 3295 In
719 3240 823 3296 SS.
853 3259 1030 3296 omnes
1069 3243 1382 3298 ἀκολουθία.
1425 3245 1549 3299 luit.
1579 3246 1760 3308 Ποίοις
1781 3246 2068 3316 εὐφημιῶν
2105 3247 2344 3317 μέλεσιν.

595 3331 664 3384 In
689 3327 787 3382 SS.
821 3329 1111 3396 apostolos.
1142 3329 1252 3385 Inc.
1283 3331 1432 3385 Ἔδει
1463 3333 1564 3400 μὲν
1593 3333 1666 3396 ὡς
1691 3333 1929 3401 ἀληθῶς.

599 3414 791 3467 Postea
818 3423 1120 3483 sequuntur
1143 3414 1435 3470 Sermones
1460 3417 1620 3479 varii,
1649 3417 1770 3473 scil.

595 3522 677 3576 De
718 3523 914 3576 lumine
947 3523 1222 3578 Dominico
1264 3527 1317 3580 in
1354 3537 1528 3580 monte
1554 3528 1786 3594 Thabor,
1831 3540 1881 3585 et
1919 3531 1985 3586 de
2013 3531 2190 3586 divina
2225 3534 2531 3602 operatione
2557 3538 2808 3589 adversus
2848 3536 3291 3602 contradicentes,
3318 3529 3733 3607 apologeticusl.

531 3609 642 3662 luc.
693 3610 806 3662 Καὶ
846 3609 1016 3663 πάλαι
1053 3611 1153 3680 μὲν
1195 3613 1223 3662 ὁ
1265 3613 1365 3680 τῆς
1387 3613 1645 3682 ἀληθείας
1684 3615 1862 3684 λόγος.
1905 3615 1972 3671 ll.
2011 3618 2133 3672 Adw

2145 3634 2285 3674 :rsus
2313 3623 2532 3676 eosdem
2575 3621 2638 3675 de
2693 3622 3010 3684 divinitate,
3081 3635 3131 3676 et
3198 3624 3382 3678 divino
3440 3624 3648 3682 tantine,
3691 3621 3747 3671 de

525 3699 893 3768 spiritualibus
953 3701 1238 3755 visionibus
1289 3712 1338 3755 et
1395 3703 1457 3755 de
1524 3719 1681 3757 sacra
1723 3707 2076 3774 perfectorum
2125 3739 2127 3752 ι

2146 3709 2386 3761 ιναιὶοηε.
2436 3706 2548 3762 Inc.
2598 3709 2736 3776 Περὶ
2799 3707 2899 3777 μὲν
2959 3708 3025 3777 δὴ
3075 3709 3282 3761 τούτων
3351 3709 3550 3771 ἱκανῶς
3617 3706 3748 3774 ἔχειν

528 3781 706 3855 οἶμαι.
747 3785 994 3857 (Legitur
1038 3787 1091 3840 in
1152 3789 1276 3842 cod.
1337 3789 1646 3857 Mosqueusi
1698 3791 2046 3860 synod.556,
2099 3808 2130 3845 n

529 3891 586 3929 u.
629 3873 681 3936 1,
719 3873 839 3943 lin.)

2145 3831 2158 3845 .
2197 3793 2250 3847 5.
2306 3794 2372 3848 V.
2419 3792 2653 3848 Mattlnui
2703 3792 2873 3849 Notit.
2918 3795 3012 3849 cit.
3040 3810 3091 3864 p.
3119 3795 3247 3857 218,
3292 3801 3427 3852 add.
3476 3810 3656 3863 supra,
3687 3791 3747 3843 ad

479 4021 486 4027 _
599 3912 681 4015 Αι1
711 3912 986 4027 lqnt’ttium
1018 3960 1337 4029 episcopum
1381 3959 1435 4014 in
1471 3961 1677 4015 dictum
1709 3961 2127 4018 Proverntorum
2165 3981 2179 4016 :
2224 3963 2502 4032 Sapientia
2542 3967 2830 4033 adiﬁcavit
2882 3966 2984 4021 sibi
3031 3967 3268 4022 domum.
3327 3970 3452 4023 luit.
3509 3969 3580 4021 Σὺ
3632 3965 3742 4033 μὲν.

529 4048 646 4120 ἱερὲ
674 4047 766 4101 τοῦ
789 4045 926 4100 Θεοῦ
971 4045 1256 4118 ἄνθρωπε.
1295 4051 1448 4116 Upus
1477 4047 1820 4102 dividitur-iu
1846 4061 1954 4105 tres
1983 4065 2128 4106 θοι-ιη

2139 4065 2289 4106 ones.
2347 4051 2562 4121 (Exstat
2591 4068 2810 4121 quoque
2859 4053 2912 4105 in
2968 4054 3089 4108 cod.
3148 4054 3463 4124 Mosquensi
3519 4051 3741 4109 cit.55b‘.

533 4153 591 4191 ιι.
634 4135 716 4203 8.)

597 4221 793 4278 Sermo
825 4219 1120 4276 historicus
1151 4221 1208 4273 in
1238 4219 1560 4274 obsidionem
1598 4231 1645 4274 et
1672 4221 2025 4290 captivitatem
2062 4219 2357 4286 "cruciere,
2383 4241 2417 4278 a
2455 4220 2666 4277 Latinis
2695 4223 2916 4293 factam,
2971 4224 3074 4280 sub
3111 4226 3341 4294 imperio
3395 4220 3744 4283 Cantacuzeui

527 4318 581 4362 et
609 4306 920 4376 Palaaologi.
961 4305 1080 4363 luit.
1122 4306 1281 4370 Ἔτος
1311 4306 1409 4377 μὲν
1435 4301 1504 4376 ἦν
1535 4304 1826 4377 ἑξηκοστὸν
1860 4309 1968 4361 ἀπὸ
1995 4308 2129 4360 κτίσι

882 4306 920 4361 i.
961 4305 1080 4363 luit.
1122 4306 1281 4370 Ἔτος
1311 4306 1409 4377 μὲν
1435 4301 1504 4376 ἦν
1535 4304 1826 4377 ἑξηκοστὸν
1860 4309 1968 4361 ἀπὸ
1995 4308 2225 4372 κτίσεως
2255 4309 2482 4377 κόσμου.

602 4393 862 4462 Epistula,
896 4408 946 4448 ε.
980 4392 1203 4447 bomilia
1238 4395 1405 4448 missa
1441 4393 1600 4449 (ΖΡοιί
1651 4399 1721 4446 ad
1745 4395 2111 4458 Heracleotas,
2136 4411 2229 4464 per
2260 4395 2412 4449 urbes
2438 4406 2486 4450 et
2517 4397 2712 4464 oppida
2751 4395 2996 4450 Thracia
3026 4407 3074 4450 et
3100 4395 3428 4454 Macedonia:
3465 4397 3740 4465 dispersos.

533 4483 644 4534 Inc.
669 4478 918 4541 Φιλόθεος
945 4481 1198 4542 ταπεινὸς
1217 4479 1638 4550 μητροπολίτης.
1663 4479 1724 4534 ν.
1742 4481 1862 4536 Cat.
1898 4482 2056 4535 codd.
2081 4482 2135 4537 Gl

1382 4479 1638 4550 ιπολὶτης.
1663 4479 1862 4536 V.Cat.
1898 4482 2056 4535 codd.
2081 4482 2172 4537 Gr.
2204 4481 2375 4536 Marc.
2404 4498 2456 4548 p.
2486 4483 2590 4538 505
2624 4500 2741 4552 seq.
2769 4481 2939 4550 (H.181.
2969 4486 2984 4551 )

605 4567 691 4621 15.
737 4563 803 4617 In
861 4563 966 4619 SS.
1024 4565 1259 4632 omnium
1307 4564 1662 4618 ﬂaminicam.
1723 4567 1893 4632 lncip.
1980 4568 2089 4620 Kal.
2119 4569 2178 4620 τὸ

2140 4569 2178 4619 πὸ
2207 4568 2390 4637 λόγοις
2441 4570 2542 4636 μὲν
2574 4571 2746 4633 ἄλλως
2777 4573 2847 4623 τὰ
2892 4571 3000 4622 τῶν
3035 4571 3211 4636 ἁγίων
3237 4572 3508 4635 ἑκάστους
3560 4565 3742 4632 διεξιέ-

531 4669 642 4707 ναι.
685 4650 806 4706 MS.
859 4650 1112 4706 Lambec.
1152 4649 1242 4715 IV,
1268 4665 1322 4721 p.
1354 4650 1444 4706 60.
1477 4649 1691 4719 (ham)
1719 4649 1847 4704 Sive
1894 4667 1950 4718 ν.
1977 4653 2098 4714 151,
2129 4669 2133 4705 1

2140 4669 2186 4708 lt.
2237 4655 2271 4707 4
2322 4657 2413 4710 ed.
2455 4655 2659 4711 Kollar.
2720 4658 2842 4726 cod.
2905 4657 3028 4711 11-1.
3081 4658 3140 4713 V.
3195 4674 3360 4726 supra
3415 4659 3479 4712 ad
3527 4657 3627 4709 vol.
3675 4649 3742 4710 Χ.

535 4756 592 4810 p.
648 4739 776 4801 520,
811 4739 1013 4808 quibus
1045 4737 1170 4794 add.
1195 4739 1318 4794 cod.
1351 4739 1483 4792 bihl.
1512 4739 1676 4791 Marc.
1733 4737 1887 4792 citat.
1920 4748 1976 4792 et
2002 4739 2125 4793 cod.
2168 4740 2488 4810 Mosquens.
2548 4742 2678 4804 556,
2713 4759 2771 4796 n.
2799 4744 2856 4798 2.
2901 4741 2964 4797 V.
2997 4743 3231 4798 Matthaei
3267 4754 3384 4799 not.
3413 4745 3509 4799 cit.
3552 4755 3604 4810 p.
3629 4735 3745 4790 218-

537 4827 760 4894 illam.)

606 4937 696 4992 11.
736 4936 921 4992 Conon
953 4923 1010 4990 in
1040 4934 1099 4990 S.
1131 4934 1437 5005 Gregorium
1463 4944 1772 5004 martyrem,
1809 4950 1911 4990 ms.
1945 4934 2197 4990 Lambec.

2145 4950 2197 4990 c.
2227 4933 2290 4998 V,
2327 4951 2378 5005 p.
2405 4936 2532 4989 282.
2564 4936 2756 5006 Incipit
2783 4955 2796 4990 :
2819 4938 3200 5002 ’Λναστάσεως
3233 4940 3440 5010 ἡμέραν
3464 4933 3747 4990 κατιδόντες

534 5023 816 5094 λαμπράν.
849 5023 1060 5093 (ΕΔΜ.)
1104 5023 1231 5077 Sive
1261 5038 1314 5091 p.
1343 5021 1469 5083 599,
1491 5021 1578 5074 ed.
1613 5021 1753 5073 Kull.
1777 5022 1827 5074 in
1856 5022 1978 5075 eod.
2020 5021 2164 5075 Caes.
2203 5020 2330 5074 521.
2360 5050 2431 5062 --
2477 5022 2662 5077 Venet.
2694 5025 2746 5076 in
2781 5023 2906 5078 cod.
2939 5022 3102 5078 Marc.
3143 5023 3208 5077 14
3234 5026 3326 5092 qui
3368 5026 3605 5079 continet
3655 5015 3749 5068 Hu-

539 5114 805 5180 rologium
841 5125 1118 5179 maguum,
1143 5115 1362 5162 eXStant
1392 5105 1630 5161 Canones
1677 5105 1945 5160 Pliitothei
1995 5117 2048 5162 et
2077 5107 2308 5161 aliorum
2339 5111 2650 5176 paracletici
2711 5111 2765 5164 iu
2797 5111 3082 5178 Deiparatu
3123 5109 3424 5181 Virginem.
3472 5108 3741 5164 Christum

534 5209 591 5252 et
619 5198 842 5268 angelos
867 5196 1147 5251 custodes.
1193 5193 1255 5248 V.
1280 5194 1383 5248 cel.
1414 5191 1622 5247 Morelli
1655 5195 1784 5248 bibl.
1825 5209 1929 5248 ms.
1958 5195 2054 5250 Gr.
2086 5204 2140 5249 et
2162 5193 2307 5258 Lat.,
2342 5206 2474 5250 tom.
2506 5195 2541 5261 l,
2573 5213 2624 5264 p.
2656 5195 2746 5251 29.
2787 5193 3049 5252 —Paris.
3080 5196 3134 5250 in
3179 5197 3309 5251 bibl.
3345 5198 3491 5267 pubi.
3519 5194 3635 5248 cod.
3666 5187 3747 5246 12.

539 5303 594 5341 n.
628 5287 682 5352 5,
720 5295 772 5339 et
803 5293 963 5351 (teste
1013 5280 1312 5335 Muutfauc.
1342 5281 1394 5334 in
1432 5279 1570 5334 Bibl.
1604 5281 1844 5336 biblioth.
1867 5300 1993 5337 iuss.
2019 5299 2072 5350 p.
2107 5284 2252 5337 1325
2287 5282 2352 5349 (Σ,
2395 5284 2450 5338 in
2485 5284 2610 5341 cod.
2647 5285 2846 5341 Mazar.
2874 5287 3026 5355 198.)
3084 5287 3356 5343 Pliilot/iei
3399 5281 3648 5353 Tropart'a
3696 5276 3744 5330 ill

540 5371 704 5425 form.
737 5369 938 5438 dialogi
974 5369 1113 5420 inter
1143 5365 1421 5420 Christum
1443 5377 1497 5420 et
1529 5366 1588 5421 S.
1625 5367 1937 5434 Deiparam.
1977 5370 2202 5440 (ΚΑΜ.)

618 5458 706 5511 15.
740 5458 922 5512 Canon
946 5455 1000 5505 in
1027 5451 1296 5506 Joannem
1319 5450 1706 5506 Dumascenum
1741 5455 1948 5509 citatur
1978 5456 2046 5509 ab
2071 5458 2269 5512 Allatio
2305 5469 2500 5511 contra
2546 5457 2952 5528 Hottiugerum,
2981 5477 3036 5531 p.
3073 5463 3200 5517 216.

616 5542 705 5597 16.
749 5539 1073 5608 Synodicam
1101 5540 1164 5592 de
1201 5537 1458 5606 baptismo
1496 5539 1684 5594 laudat
1711 5538 1832 5595 Nic.
1864 5541 2201 5606 Comneuus,
2234 5559 2286 5614 p.
2323 5545 2426 5599 510
2461 5545 2700 5599 ΡΓὶΒηυῐ.
2743 5559 3043 5618 mystagog.
3079 5550 3239 5602 Aliud
3298 5547 3623 5620 Synodicon,
3665 5533 3740 5590 Νϐ

539 5627 1012 5682 εκοοηυηιιηὲεαιὶο
1047 5627 1146 5696 ﬁat
1175 5627 1285 5682 sine
1297 5626 1530 5698 judicio,
1561 5642 1616 5697 p.
1646 5627 1789 5692 285;
1830 5637 1886 5683 et
1927 5628 1999 5682 De
2028 5644 2130 5683 non
2167 5629 2466 5685 mutilunda
2503 5629 2578 5685 vel
2619 5632 2993 5700 inter-potanda
3032 5632 3093 5690 S.
3130 5635 3485 5706 Clirysostomi
3521 5624 3740 5696 titurgitt.

542 5727 600 5782 p.
621 5713 749 5767 3'52.
3663 5720 3678 5734 .
