4058 6450
441 397 539 463 72!

1482 405 1564 464 IN
1613 405 2212 468 EXALTATIONEM
2254 409 2311 470 S.
2357 408 2660 468 CRUCIS.

3590 408 3700 482 722

436 508 754 576 ἀσθενείας
763 509 932 579 ἡμῶν
943 511 1040 565 καί
1055 511 1161 579 τὰς
1176 517 1399 580 νόσους
1411 514 1766 572 ἐϐάστασεν.
1787 517 1843 570 Ἐ
1852 533 1960 580 μπτ
1969 534 1996 566 υ
2005 544 2023 553 ο

2140 516 2252 581 fert,
2287 519 2394 586 ipse
2426 516 2710 586 languores
2745 523 2948 570 nostros
2985 517 3270 572 et'morbos
3305 517 3427 572 tulit
3461 520 3499 572 ¹.
3527 517 3698 588 Sputa

441 602 614 669 σμούς
654 620 712 656 τε
767 605 860 656 καὶ
916 607 1228 675 ῥαπισμοὺς
1251 607 1613 678 καταδέχεται
1669 611 1696 662 6
1726 611 1824 679 τῆς
1855 609 2012 676 δόξης

440 690 664 760 Κύριος,
693 691 1097 762 κολαφίσματα,
1130 698 1223 749 καὶ
1255 695 1462 765 ὕϐρεις,
1491 697 1584 750 καὶ
1612 697 1844 765 γέλωτα,
1879 715 2014 767 πορ-

440 783 618 849 φυρᾶν
667 782 894 851 χλαῖναν
945 785 1038 836 καὶ
1084 786 1376 840 ἀκάνθινον
1425 789 1714 856 στέφανον,
1771 790 2016 853 κάλαμον

440 872 535 924 καὶ
561 874 798 941 σπόγγον
819 875 912 927 καὶ
929 874 1090 945 χολὴν
1113 865 1254 945 μετὰ
1277 877 1455 943 δξους,
1475 880 1639 949 ἥλους
1671 881 1766 932 καὶ
1793 879 2014 950 λόγχην,

439 964 536 1016 καὶ
571 967 711 1031 μετὰ
735 964 944 1016 τούτων
992 967 1210 1019 πάντων
1239 969 1330 1022 τὸν
1355 970 1586 1038 σταυρὸν
1617 972 1711 1023 καὶ
1736 970 1828 1023 τὸν
1854 972 2026 1036 θάναον

441 1073 552 1118 τον,
589 1059 683 1110 καὶ
717 1056 833 1110 λύει
875 1059 974 1123 μὲν
1005 1058 1091 1111 διὰ
1132 1059 1228 1112 τοῦ
1257 1061 1494 1130 σταυροῦ
1541 1063 1634 1116 καὶ
1656 1062 1751 1116 τοῦ
1783 1062 2016 1116 θανάτου

443 1139 733 1216 αὐτοῦ’τῆς
756 1151 996 1212 παλαιᾶς
1027 1151 1270 1221 κατάρας
1318 1154 1419 1222 τὴν
1470 1155 1774 1224 καταδίκην
1807 1156 1896 1208 καὶ
1919 1159 2018 1222 τὴν

454 1239 741 1306 ἱπόςασιν,
799 1241 940 1310 ὑπὲρ
991 1243 1148 1311 ήμῶν
1198 1245 1416 1314 κατάρα
1463 1246 1778 1314 γενόμενος,
1835 1249 2020 1324 καθὼς

453 1330 775 1398 γέγραπται,
813 1332 1278 1399 Ἐπικατάρατος
1318 1335 1437 1400 πᾶς
1461 1338 1494 1390 ὁ
1521 1337 1893 1405 κρεμάμενος
1917 1340 2018 1392 ἐπὶ

441 1419 667 1494 ξύλουο
701 1421 790 1474 διὰ
811 1422 867 1474 δὲ
899 1423 996 1492 τῆς
1035 1425 1212 1493 ταφῆς
1267 1427 1364 1480 καὶ
1409 1428 1508 1496 τῆς
1541 1430 1890 1492 ἀναστάσεως
1922 1434 2020 1498 τῆς

443 1512 649 1578 πικρᾶς
671 1513 970 1582 καταδίκης
1001 1515 1189 1584 ἐξάγει
1216 1517 1311 1570 τοῦ
1353 1519 1600 1581 σκότους,
1636 1521 1729 1573 καὶ
1761 1522 1869 1574 τῶν
1893 1524 2024 1576 ἀλύ-

445 1619 552 1654 των
597 1601 712 1654 λύει
767 1602 860 1656 τοῦ
902 1606 1294 1674 τυραννοῦντος
1345 1607 1595 1661 διαϐόλου
1642 1611 1890 1678 δεσμῶν,
1927 1616 2022 1665 καὶ

447 1692 761 1760 ἐλευθερίαν
793 1697 973 1746 πᾶσαν
995 1688 1301 1766 χαρίζεται.
1342 1699 1650 1752 Ἀνίσταται
1680 1703 1788 1771 γάρ
1810 1705 1876 1772 τῇ
1907 1704 2025 1772 τρί-

450 1800 516 1854 τῃ
547 1785 756 1855 ἡμέρᾳ,
788 1786 882 1838 καὶ
931 1788 1010 1849 είς
1039 1788 1304 1858 οὐρανοὺς
1357 1789 1645 1845 ἀναϐαίνει
1698 1793 1838 1863 ὐπὶρ
1865 1794 2022 1864 ήμῶν

446 1878 789 1947 ἐντυγχάνων
818 1877 895 1948 τῷ
945 1879 1063 1949 Θεῷ
1111 1880 1207 1932 καὶ
1238 1883 1412 1952 Πατρξ
1434 1897 1450 1914 ο
1490 1884 1586 1937 καὶ
1618 1884 1783 1938 πάλιν
1812 1886 2027 1940 ἐλεύσε-

448 1984 539 2020 ται
570 1969 707 2036 μετὰ
733 1967 892 2039 δόξης
914 1969 1007 2023 τοῦ
1035 1972 1220 2041 κρῖναι
1249 1973 1432 2028 πᾶσαν
1461 1974 1560 2045 τὴν
1593 1976 1718 2046 γῆν,
1759 1981 1852 2030 καὶ
1885 1977 2024 2033 ἀπο-

450 2053 636 2110 δοῦναι
661 2057 876 2128 ἑκάστῳ
907 2059 1049 2112 κατά
1080 2059 1148 2112 τά
1175 2059 1312 2131 ἔργα
1343 2063 1532 2116 αὐτοῦ.

519 2155 588 2213 γ’.
623 2148 780 2202 Οὕτω
826 2153 1199 2222 προενοήσατο
1255 2155 1412 2223 ἡμῶν
1445 2156 1474 2206 6
1531 2155 1700 2225 Θεὸς,
1734 2159 1829 2211 καὶ
1854 2159 2029 2225 οὕτως

452 2240 787 2293 ὶσπούδασεν
817 2241 1098 2307 ἐξελέσθαι
1123 2243 1274 2313 ἡμᾶς
1306 2243 1406 2312 τῆς
1437 2248 1750 2316 τυραννίδος
1767 2249 1863 2303 τοῦ
1888 2251 2032 2304 άπα-

455 2331 720 2402 τήσαντος
767 2333 914 2402 ἡμᾶς
958 2333 1233 2390 διαϐόλου.
1288 2337 1445 2390 Οὕτω
1499 2339 1840 2410 κατηξίωσεν
1889 2342 2030 2412 ὑπὲρ

456 2423 613 2494 ἡμῶν
641 2422 929 2495 ἄνθρωπος
955 2426 1233 2494 γενέσθαι,
1266 2427 1361 2482 καὶ
1383 2429 1451 2482 τὰ
1476 2431 1599 2486 θεῖα
1631 2431 1824 2486 τούτου
1857 2434 2031 2505 παθή-

457 2531 602 2582 ματα
635 2515 771 2585 πρὸς
805 2515 1051 2586 ίατρείαν
1106 2515 1208 2586 τῆς
1251 2517 1541 2585 ἀσθενείας
1597 2522 1699 2593 τῆς
1755 2524 2031 2594 ἡμετέρας

457 2605 726 2676 φάρμακα
756 2605 956 2659 ἔδωκεν
1001 2607 1175 2677 ἡμῖν·
1224 2611 1319 2662 καὶ
1343 2610 1415 2664 δι’
1464 2612 1644 2666 αὐτῶν
1688 2614 2036 2684 ἁνεπλάσθη-

457 2713 580 2768 μεν,
615 2698 710 2750 καὶ
739 2699 838 2768 τῆς
872 2697 1019 2766 ζωῆς
1051 2695 1390 2770 ἠξιώθημεν,
1413 2706 1504 2756 καὶ
1527 2705 1843 2776 μυστηρίων
1874 2706 2035 2759 θείων

454 2795 764 2866 γεγόναμεν
795 2795 1034 2868 μέτοχοι,
1069 2797 1165 2850 καὶ
1202 2797 1420 2868 δωρεῶν
1469 2797 1859 2867 πνευματικῶν
1894 2799 2034 2851 ἀποο

455 2886 711 2957 λαύομεν.
741 2889 999 2956 Χριστὸς
1025 2887 1187 2958 ἡμᾶς
1215 2887 1592 2959 ἐξηγόρασεν
1614 2889 1683 2942 ἐκ
1714 2887 1826 2957 τῆς
1859 2889 2036 2943 κατά-

450 2997 566 3048 ρας
591 2979 699 3035 τοῦ
741 2982 952 3052 νόμον,
1014 2984 1340 3051 γενόμενος
1387 2980 1544 3052 ὑπὲρ
1585 2981 1756 3052 ἡμῶν
1782 2982 2031 3050 κατάρα,

459 3077 606 3131 κατὰ
651 3076 745 3131 τὸν
791 3076 933 3131 θεῖον
975 3076 1315 3130 Ἀπόστολον.
1371 3077 1603 3147 Κατάρα
1653 3077 1844 3145 γέγονε
1893 3076 2032 3146 ὑπὲρ

2121 616 2175 660 et
2205 607 2390 675 alapas
2430 608 2625 676 recipit
2674 607 2937 660 Dominus
2969 608 3183 676 gloriaz,
3233 618 3284 663 et
3320 610 3578 678 colaphos
3601 649 3613 670 ,
3644 619 3700 664 et
3797 599 3806 606 ’

2125 697 2356 765 injurias
2379 735 2392 759 ,
2425 708 2480 751 et
2530 698 2816 752 irrisiones
2839 739 2852 760 ,
2911 708 2966 754 et
3001 715 3320 768 purpuram,
3362 711 3418 755 et
3449 702 3699 770 chlamy-

2122 789 2268 851 dem,
2323 798 2378 841 ct
2423 789 2671 858 spineam
2720 803 3006 855 coronam,
3057 791 3406 858 arundinem,
3433 803 3488 847 et
3534 807 3702 863 spou-
3791 795 3798 798 ”

2120 876 2286 944 giam,
2327 878 2398 931 fel
2447 893 2571 932 cum
2604 890 2792 942 aceto,
2825 879 3033 944 clavos,
3073 892 3129 935 et
3165 882 3436 940 lanceam.
3471 893 3525 936 et
3572 899 3696 936 cum

2123 968 2206 1022 liis
2231 969 2509 1031 omnibus,
2534 984 2753 1024 crucem
2773 978 2828 1025 et
2850 981 3103 1037 mortem,
3125 981 3181 1026 et
3207 988 3371 1026 cruce
3395 975 3617 1042 quidem
3643 983 3697 1025 et

2129 1067 2306 1112 morte
2341 1075 2437 1112 sua
2478 1060 2718 1128 antiquae
2749 1061 3155 1116 maledictionis
3179 1063 3697 1116 condemnationem

2121 1158 2176 1202 et
2223 1152 2553 1203 sententiam
2609 1152 2930 1222 dispungit,
2978 1154 3330 1208 maledictum
3391 1171 3491 1222 pro
3543 1154 3702 1206 nobis

2121 1240 2322 1306 factus,
2369 1242 2514 1294 sicut
2561 1241 2827 1311 scriptum
2868 1255 2952 1296 est
2985 1261 2998 1295 :
3035 1243 3352 1298 Maledictus
3385 1245 3576 1306 omnis,
3609 1229 3705 1310 qui

2123 1332 2316 1400 pendet
2356 1335 2412 1386 in
2460 1331 2669 1402 ligno’.
2719 1333 2823 1386 Per
2855 1335 3193 1404 sepulturam
3244 1351 3374 1389 vero
3426 1346 3480 1389 et
3519 1351 3702 1388 resur—

2126 1425 2431 1478 rectionem
2462 1439 2528 1476 ex
2557 1439 2749 1478 severa
2793 1426 2882 1478 illa
2910 1427 3369 1482 condemnatioue
3416 1429 3693 1482 tem-bris-

2125 1529 2232 1582 que
2268 1528 2370 1568 nos
2399 1514 2633 1579 eduxit,
2679 1521 2736 1567 et.
2776 1514 3124 1580 insolubilia,
3166 1517 3368 1585 quibus
3403 1518 3656 1571 diabolus
3682 1559 3697 1580 ,

2127 1603 2465 1657 saevissimus
2495 1613 2790 1674 tyrannus,
2813 1621 2916 1660 nos
2947 1605 3194 1676 alligarat
3217 1647 3232 1670 ,
3259 1608 3427 1676 rupit,
3458 1609 3700 1677 perfecta

2126 1694 2384 1749 libertate
2409 1697 2570 1748 nobis
2597 1696 2874 1750 restituta.
2913 1698 3170 1766 Resurgit
3203 1700 3355 1752 enim
3389 1701 3550 1753 tertia
3573 1701 3702 1762 die,

2127 1795 2182 1840 et
2213 1788 2266 1838 in
2313 1786 2481 1840 caelos
2509 1787 2759 1841 ascendit
2792 1788 3090 1844 advocatus
3123 1799 3310 1844 noster
3356 1792 3702 1859 apudDeum

2128 1885 2184 1931 et
2225 1877 2475 1940 Patrem;
2509 1886 2563 1931 et
2592 1877 2790 1932 iterum
2817 1889 3086 1935 venturus
3126 1889 3211 1934 est
3236 1898 3358 1936 eum
3392 1883 3582 1951 gloria.
3617 1884 3707 1947 ju-

2128 1967 2315 2024 dicare
2349 1970 2518 2024 totius
2551 1980 2712 2024 ωτι-ιο
2756 1970 2964 2028 incolas
2986 2014 3000 2040 ,
3061 1983 3120 2028 ιιι
3173 1975 3366 2030 reddat
3399 1974 3705 2044 unicuique

2129 2059 2430 2115 secundum
2467 2076 2633 2130 opera
2657 2075 2778 2115 sua.
3336 2111 3352 2120 ,
3474 2072 3480 2079 ·

2200 2165 2255 2220 3..
2288 2166 2517 2222 Tantam
2564 2182 2749 2222 curam
2786 2169 2960 2223 nostri
2994 2169 3162 2239 gessit
3213 2169 3393 2235 Deus;
3424 2170 3566 2224 adeo
3589 2171 3705 2224 ela-

2130 2257 2366 2322 boravit,
2399 2267 2458 2312 ut
2481 2274 2581 2314 nos
2616 2260 2859 2328 eriperet
2891 2276 2958 2315 ex
3003 2261 3288 2330 tyrannide
3322 2262 3461 2330 ejus,
3491 2261 3714 2330 quinos

2132 2347 2451 2418 deceperat,
2484 2350 2708 2404 diaboli.
2745 2349 2836 2404 Sic
2863 2351 3120 2420 dignatus
3161 2361 3246 2406 est
3289 2352 3453 2406 homo
3480 2369 3580 2421 pro
3607 2369 3710 2406 tzo-
3762 2402 3764 2404 ,

2131 2440 2217 2494 bis
2237 2438 2376 2502 ﬁeri,
2399 2448 2453 2493 ct
2488 2439 2588 2493 bos
2620 2441 2920 2503 cruciatus,
2949 2458 3088 2510 quos
3117 2443 3232 2511 ipse
3267 2443 3563 2504 sustinuit,
3595 2459 3710 2497 me-

2132 2531 2442 2587 dicamenta
2483 2543 2686 2588 nostra:
2715 2534 3108 2589 imbecillitatis
3127 2550 3248 2589 esse
3272 2535 3477 2589 voluit:
3504 2535 3706 2604 quibus

2132 2626 2361 2679 recreati
2399 2635 2458 2680 et
2488 2628 2863 2680 reconcinnati
2896 2643 3110 2688 sumus.
3147 2629 3369 2698 vitaque
3408 2629 3621 2692 donati,
3649 2638 3708 2682 et

2135 2716 2447 2772 divinorum
2484 2705 2868 2789 mysteriorum
2903 2721 3200 2790 participes
3232 2721 3418 2775 effecti
3458 2729 3511 2774 et
3549 2721 3712 2774 donis

2135 2809 2518 2878 Spiritualibus
2557 2811 2734 2880 petiti.
2769 2811 3008 2867 Christus
3056 2811 3408 2866 redemit'nos
3455 2828 3516 2865 ea:
3544 2811 3710 2865 male-

2132 2897 2272 2956 dicto
2301 2903 2451 2973 legis,
2483 2904 2657 2972 factus
2687 2905 2903 2973 ipsemet
2940 2921 3036 2974 pro
3067 2905 3210 2957 nobis
3251 2903 3586 2956 maledictum
3609 2944 3622 2964 ,
3655 2913 3715 2955 ut

2133 2992 2358 3046 divinus
2392 2992 2692 3060 Apostolus
2725 2993 2801 3046 ait
2832 2994 2872 3046 ³.
2931 2991 2998 3046 At
3026 2991 3375 3044 maledictum
3406 2992 3578 3042 factus
3605 2999 3709 3048 est.

2135 3098 2261 3138 cum
2313 3083 2580 3136 obtulerit
2629 3085 2868 3150 seipsum
2918 3091 3113 3149 sponte
3165 3096 3263 3150 pro
3310 3079 3490 3138 nobis.
3540 3092 3717 3133 morte

459 3172 617 3240 ἡμῶν
639 3171 666 3223 6
693 3170 946 3241 Χριστὸς,
978 3168 1182 3240 ἐπειδὴ·
1202 3169 1431 3222 δέδωκεν
1465 3169 1657 3222 ἑαυτὸν
1681 3168 1818 3239 ὑπὲρ
1853 3168 2036 3239 ἡμῶν,

2142 3173 2332 3242 probri
2401 3184 2455 3226 et
2515 3172 2804 3226 dedecoris
2844 3169 3163 3240 plenissima
3221 3170 3420 3223 subita.
3460 3170 3713 3223 Redemit

461 3262 726 3323 ἑκουσίως
745 3261 1035 3316 ἀποθανὼν
1061 3261 1154 3314 τὸν
1180 3259 1544 3313 ἐπονείδιστον
1590 3259 1685 3312 καὶ
1711 3260 2036 3326 ἀτιμότατον

463 3351 714 3407 θάνατον.
781 3349 1147 3419 Ἐξηγόρασεν
1197 3350 1346 3419 ἡμᾶς
1398 3349 1461 3401 ὲκ
1515 3349 1611 3416 τῆς
1645 3350 1909 3416 κατάρας,
1954 3350 2035 3402 ὅτι

465 3445 736 3497 ικένωσεν
764 3441 958 3495 ἑαυτοῦ
989 3442 1050 3494 τὸ
1083 3439 1225 3494 θεῖον
1259 3436 1352 3494 καὶ
1397 3441 1554 3508 ἆγιον
1580 3434 1722 3508 αἷμα
1742 3480 1756 3503 ,
1812 3441 1905 3492 καὶ
1939 3441 2038 3509 τῆς
2057 3438 2076 3460 ⁸

464 3533 706 3596 δουλείας
737 3531 829 3586 τοῦ
852 3530 1102 3585 διαϐόλου
1136 3532 1231 3585 καὶ
1257 3529 1350 3583 τοῦ
1383 3529 1639 3597 θανάτου,
1683 3531 1778 3584 καὶ
1807 3531 1906 3599 τῆς
1937 3548 2040 3584 κα-

463 3626 687 3694 ταδίκης
710 3626 803 3678 καὶ
833 3625 1038 3695 φθορᾶς
1060 3623 1153 3677 τοῦ
1186 3623 1312 3696 ᾅδου
1353 3602 1915 3694 ὲρῤύσατοίΚατάρα
1943 3623 2041 3692 γέ-

465 3735 624 3786 γονεν
646 3720 674 3770 6
702 3717 961 3787 Χριστὸς,
991 3716 1066 3780 ὼς
1089 3719 1198 3769 τῶν
1232 3715 1652 3784 ἑπικαταράτων
1685 3717 1778 3768 καὶ
1802 3715 2042 3786 κακούρ-

469 3827 578 3878 γων
610 3809 703 3863 τὸν
727 3809 957 3863 θάνατον
1009 3809 1322 3863 ἀποθανών,
1361 3809 1486 3862 Ὀτι
1527 3810 1583 3861 δὲ
1615 3809 1892 3879 ἁμαρτίαν
1940 3810 2045 3863 οὐκ

469 3901 746 3970 ἐποίησεν,
775 3898 920 3953 οὐδὲ
945 3898 1162 3966 εὑρέθη
1200 3899 1384 3964 δόλος
1433 3898 1502 3951 ἐν
1527 3898 1609 3963 τῷ
1659 3901 1912 3967 στόματι
1939 3901 2048 3952 ab-

470 3988 597 4050 τοῦ,
633 3989 963 4060 μετέστρεφε
988 3988 1088 4058 τὴν
1127 3990 1376 4057 κατάραν
1415 3989 1496 4050 είς
1521 3988 1794 4056 εὐλογίαν,
1825 3992 1918 4042 καὶ
1943 3985 2045 4060 ἦρε

477 4081 678 4150 μᾶλλον
724 4082 824 4150 τὴν
875 4080 1153 4152 ἁμαρτίαν
1201 4080 1296 4134 τοῦ
1353 4081 1601 4150 κόσμου,
1641 4083 1740 4134 καὶ
1772 4083 2048 4152 σωτηρίας

470 4171 604 4240 ἡμῖν
634 4171 752 4224 ὁδὸν
779 4172 1090 4241 ἐχαρίσατο.
1123 4164 1298 4224 Ἦλθε
1337 4170 1448 4240 γάρ
1490 4174 1519 4224 6
1559 4170 1788 4242 Κύριος,
1831 4172 1916 4224 ἵνα
1950 4174 2048 4240 τὴν

476 4262 596 4316 καθ’
630 4262 786 4332 ἡμῶν
816 4263 1117 4332 γενομένην
1149 4264 1396 4332 κατάραν
1429 4261 1675 4334 βαστάσῃ
1693 4278 1706 4292 ·
1731 4263 1812 4316 διὸ
1835 4265 1930 4316 καὶ
1959 4264 2050 4316 τὸν

474 4355 563 4406 διὰ
612 4352 847 4424 σταυροῦ
905 4353 1236 4419 κατεδέξατο
1277 4352 1530 4408 θάνατον.
1588 4354 1709 4416 Πῶς
1761 4354 1872 4424 γάρ
1904 4349 2050 4422 εἶχεν

477 4444 655 4508 ἄλλως
681 4444 896 4513 κατάρα
920 4442 1194 4511 γενέσθαι,
1219 4443 1267 4494 εί
1296 4442 1373 4513 μὴ
1414 4445 1506 4496 τὸν
1539 4444 1631 4495 ἐπὶ
1657 4445 1874 4515 κατάρᾳ⁸
1897 4442 2052 4510 γενό-

2143 3280 2246 3320 nos
2290 3279 2321 3318 a
2369 3263 2698 3326 maledicto,
2750 3263 2880 3330 quia
2917 3261 3112 3315 ctl‘udit
3161 3260 3408 3314 divinum
3447 3269 3500 3314 et
3529 3276 3712 3314 sacro-

2143 3364 2391 3412 sanctum
2431 3370 2592 3408 suum
2630 3355 2986 3422 sanguinem,
3023 3350 3333 3420 eripuitque
3361 3366 3461 3404 nos
3491 3367 3558 3404 ex
3596 3367 3715 3404 ser-

2141 3447 2316 3502 vitute
2345 3445 2549 3500 diaboli
2578 3486 2594 3511 ,
2645 3455 2700 3498 et
2743 3459 2810 3497 ex
2846 3451 3044 3503 morte,
3071 3454 3126 3496 et
3153 3458 3215 3496 ex
3261 3441 3718 3496 condemnatione

2143 3547 2199 3595 et
2234 3537 2465 3592 interitu
2497 3535 2722 3588 inferni.
2750 3533 3100 3587 Maledictum
3124 3531 3300 3585 lactus
3327 3541 3414 3585 est
3438 3531 3715 3593 Christus,

2144 3644 2269 3684 cum
2297 3626 2713 3682 maledictorum
2744 3632 2796 3678 et
2826 3622 3238 3677 malefactorum
3278 3631 3518 3674 mortem-
3540 3620 3720 3675 exsul-

2144 3719 2315 3775 verit.
2343 3718 2414 3772 At
2452 3718 2580 3787 quia
2615 3725 2897 3786 peccaturo
2939 3730 3046 3767 non
3072 3713 3222 3776 fecit,
3259 3728 3350 3764 nec
3381 3711 3529 3764 dolus
3553 3713 3604 3765 in
3633 3726 3724 3763 ore

2147 3810 2261 3881 ejus
2287 3818 2525 3877 repertus
2551 3815 2628 3861 est
2654 3808 2696 3871 ⁸,
2733 3806 2859 3860 ideo
2909 3803 3350 3858 maledictionem
3397 3803 3449 3855 in
3484 3802 3716 3856 benedi-

2151 3903 2358 3956 tionem
2399 3899 2695 3962 convertit,
2731 3897 3008 3965 totiusque
3035 3893 3224 3948 mundi
3265 3906 3485 3962 peccata
3537 3893 3728 3945 abstu-

2149 3992 2214 4046 lit
2235 4033 2251 4057 ,
2286 4000 2344 4048 et
2372 3990 2563 4045 salutis
2593 3989 2736 4042 viam
2777 3987 3013 4057 aperuit.
3038 3987 3199 4042 Venit
3241 3987 3389 4042 enim
3418 3986 3683 4041 Dominus
3708 4024 3726 4047 ,

2154 4094 2218 4140 ut
2275 4083 2440 4139 nobis
2495 4081 2780 4151 impositas
2822 4080 2971 4137 diras
3025 4079 3194 4134 ferret
3239 4099 3254 4135 :
3301 4095 3408 4150 qua
3461 4079 3529 4134 de
3565 4093 3728 4133 causa

2151 4176 2334 4234 crucis
2383 4189 2604 4244 quoque
2669 4171 3000 4241 supplicium
3062 4187 3257 4239 passus
3291 4180 3395 4226 est.
3427 4170 3562 4225 Nam
3585 4186 3732 4238 .quo-v

2152 4266 2318 4322 modo
2347 4266 2508 4320 aliter
2557 4262 2912 4318 maledictum
2969 4261 3088 4314 ﬁeri
3132 4270 3390 4330 poterat,
3425 4263 3469 4316 si
3499 4271 3730 4315 mortem

2153 4360 2336 4415 crucis
2380 4355 2752 4411 maledictioni
2807 4355 2917 4425 jam
2954 4353 3085 4407 olim
3117 4353 3422 4424 subiectam
3476 4368 3586 4406 non
3618 4352 3733 4406 ele-

2153 4448 2372 4520 gisset?
2402 4446 2687 4514 Quomodo
2711 4460 2814 4500 nos
2848 4447 3192 4508 advocasset,
3222 4444 3267 4497 si
3300 4443 3597 4498 crucifixus
3620 4459 3730 4497 non

482 4554 638 4608 μενον
668 4538 895 4590 θάνατον
923 4535 1138 4602 ἐδέξατο
1163 4535 1249 4590 διὰ
1272 4533 1543 4604 σταυροῦς
1582 4534 1703 4596 Πῶς
1727 4535 1771 4587 δ’
1790 4533 1855 4588 ἂν
1881 4550 2037 4604 προσ·

2159 4539 2393 4602 (uisset?
2422 4539 2482 4594 In
2527 4537 2642 4592 sola
2669 4538 2818 4593 enim
2847 4552 3015 4590 cruce
3050 4536 3288 4590 moritur
3326 4535 3452 4604 quis
3479 4536 3735 4604 expansis

479 4629 776 4682 εκαλέσατο
807 4627 981 4697 ἡμᾶς,
1012 4628 1062 4678 εί
1129 4625 1202 4696 μὴ
1243 4625 1590 4694 ἐσταύρωτος
1629 4627 1718 4679 Ἐν
1749 4630 1895 4696 μόνῳ
1943 4628 2054 4696 γὰρ,

478 4721 559 4790 τῷ
616 4718 833 4787 σταυρῷ
896 4716 1289 4787 ἐκτεταμέναις
1355 4715 1512 4786 χερσί
1563 4733 1648 4780 τις
1688 4716 2046 4786 ἀποθνήσκει.

492 4813 752 4876 Ἒξέτεινε
783 4809 835 4861 δὲ
857 4809 954 4871 τὰς
985 4807 1245 4876 παλάμας
1280 4809 1308 4860 ὁ
1341 4808 1567 4875 Κύριος,
1604 4807 1689 4860 ἵνα
1718 4808 1854 4876 πρὸς
1886 4809 2049 4861 αὐτὸν

483 4901 691 4962 πάντας
722 4899 944 4971 ἐλκύσῃ,
964 4899 1072 4973 ,καὶ
1105 4897 1317 4969 συνάψῃ
1353 4899 1411 4950 ὲν
1454 4899 1655 4967 ἐαυτῷ,
1682 4883 1864 4960 καθῶς
1890 4898 2052 4962 αὐτὸς

483 4987 633 5044 εἶπεν
656 5007 670 5022 ⁸
708 4993 893 5043 Ὅταν
923 4988 1141 5056 ὑψωθῶ
1165 4990 1234 5044 ἐκ
1261 4989 1371 5057 τῆς
1402 4989 1536 5060 γῆς,
1568 4989 1796 5054 πάντας
1814 4989 2056 5043 ἑλκύσω

482 5082 631 5150 πρὸς
663 5081 944 5150 ἐμαυτόν.

565 5175 625 5228 '0
654 5172 894 5235 διάϐολος
931 5171 1039 5242 γὰρ
1087 5173 1152 5224 ὲκ
1189 5170 1282 5225 τοῦ
1328 5172 1564 5241 οὐρανοῦ
1617 5169 1870 5224 ἐκπεσὼν
1919 5171 2057 5240 μετά

485 5268 593 5320 τῶν
623 5265 787 5319 αὐτοῦ
820 5265 919 5332 τῆς
947 5263 1212 5334 πονηρίας
1259 5265 1610 5334 πνευμάτων,
1648 5265 1776 5330 περὶ
1801 5266 1893 5317 τὸν
1922 5265 2063 5334 ἀέρα

491 5358 780 5418 πλανᾶται,
813 5359 908 5408 καὶ
942 5357 1211 5424 ἐπιχειρεῖ
1261 5355 1576 5424 ἐμποδίζειν
1603 5356 1729 5417 τοὺς
1768 5354 2065 5426 ἀνερχομέ-

492 5465 611 5510 νους
642 5451 720 5511 εἰς
749 5447 1001 5516 οὐρανόν.
1044 5443 1248 5502 Ἦλθεν
1275 5442 1368 5503 οὖν
1393 5447 1420 5498 ὁ
1454 5446 1677 5516 Κύριος,
1713 5445 1801 5498 ἵνα
1829 5445 1920 5498 τὸν
1949 5445 2064 5498 διά-

497 5541 647 5595 ϐολον
693 5541 1001 5611 καταϐάλῃ.
1056 5539 1149 5591 καὶ
1189 5538 1280 5590 τὸν
1306 5538 1445 5608 ἀέρα
1500 5537 1798 5609 καθαρίσῃ,
1826 5537 1922 5591 καὶ
1952 5536 2064 5589 ὁδο-

496 5633 699 5704 ποιήσῃ
735 5618 866 5701 ἡμῖν
886 5631 984 5700 τὴν
1012 5632 1091 5693 εἰς
1122 5628 1351 5699 οὐρανὸν
1377 5629 1562 5682 ἄνοδον
1606 5627 1697 5680 διὰ
1727 5631 1824 5696 τῆς
1859 5626 2062 5696 σαρκὸς

2160 4633 2437 4689 manibus.
2469 4629 2729 4685 Extendit
2757 4636 2944 4682 autem
3000 4626 3265 4681 Dominus
3309 4641 3507 4679 manus
3527 4665 3542 4689 ,
3575 4634 3634 4677 ut
3663 4624 3732 4678 ad

2161 4741 2220 4781 se
2253 4738 2447 4779 omnes
2495 4721 2841 4785 attraheret,
2879 4727 2936 4772 et
2991 4717 3046 4770 in
3109 4717 3292 4785 seipso
3336 4717 3737 4785 coniungeret,

2160 4824 2326 4890 prout
2355 4817 2588 4886 ipsemet
2621 4813 2834 4867 dixerat
2870 4828 2885 4865 :
2922 4810 3037 4880 Ego
3085 4809 3132 4862 si
3181 4809 3449 4863 exaltatas
3500 4816 3647 4876 (uero
3702 4825 3738 4865 α

2159 4920 2326 4974 terra,
2359 4923 2537 4964 omnes
2562 4905 2632 4961 ad
2658 4921 2738 4960 me
2760 4905 3042 4961 traham}.

2233 5179 2284 5231 ι.
2321 5176 2454 5230 Nam
2479 5172 2733 5228 diabolus
2757 5186 2825 5225 ex
2848 5169 2990 5224 cmlo
3009 5183 3134 5224 cum
3163 5165 3459 5238 impietatis
3479 5182 3592 5222 suae
3615 5181 3740 5238 gre—

2161 5269 2372 5339 galibus
2397 5266 2679 5328 detrusus,
2708 5276 2857 5317 nunc
2889 5261 2946 5316 in
2974 5275 3101 5316 aere
3121 5260 3366 5326 oberrat,
3394 5268 3740 5329 conaturque

2169 5357 2431 5414 euntibus
2469 5355 2534 5411 ad
2573 5368 2803 5425 superos
2842 5351 3236 5422 impedimenta
3283 5351 3546 5422 objicere.
3577 5351 3743 5406 Venit

2167 5464 2298 5519 ergo
2329 5447 2590 5501 Dominus
2617 5485 2632 5510 ,
2674 5453 2732 5499 ut
2780 5442 3060 5498 diabolum
3106 5441 3405 5506 deturbet,
3446 5455 3740 5508 acremque

2169 5544 2394 5606 purget,
2436 5536 2705 5603 nobisque
2739 5533 2879 5585 viam
2916 5532 2983 5585 ad
3023 5531 3225 5585 ccelum
3259 5539 3470 5585 stcrnat
3509 5537 3565 5583 et
3620 5544 3742 5580 tnu-

2168 5624 2283 5679 niat
2319 5638 2415 5692 per
2435 5637 2658 5676 carnem
2683 5620 2962 5690 propriam
2987 5659 3002 5685 ,
3044 5628 3100 5672 ct
3135 5627 3193 5672 ut
3227 5616 3482 5672 omnibus
3501 5625 3742 5681 constet,

572 5817 584 5826 ‘
625 5816 946 5881 lsa.mu,4.
1022 5817 1044 5848 ³
1073 5815 1213 5872 Deut
1268 5827 1380 5880 ιιι,
1414 5811 1503 5868 25.
1581 5813 1601 5844 ⁸
1633 5811 1808 5866 Galat.
1839 5825 1918 5876 ιιι,
1961 5810 2037 5864 15.

2140 5827 2144 5839 ’
2175 5809 2280 5865 lsa.
2305 5825 2418 5877 LIII,
2450 5809 2513 5876 9;
2543 5807 2566 5861 l
2595 5807 2740 5862 Petr.
2777 5819 2834 5870 ll,
2865 5804 2957 5859 2‘2.
3033 5805 3052 5836 ⁸
3085 5801 3190 5857 isa.
3230 5813 3326 5866 xu,
3368 5797 3457 5853 52.
