4058 6478
433 371 554 452 723

1487 389 1914 452 PHILOTIIEI
1954 388 2622 455 CP.'PATR1ARCHA1

3565 386 3663 453 724

432 501 616 572 ipsum
638 516 782 569 esse,
816 503 919 574 qui
942 501 1128 560 omnia
1178 504 1466 560 contineat
1527 504 1872 576 imperioque
1903 518 2004 559 suo

2107 505 2272 570 αὑτοῦ
2295 544 2312 569 ,
2363 506 2460 561 καὶ
2484 507 2631 577 δείξῃ
2656 505 2740 560 ὅτι
2793 503 2951 566 αὑτός
2981 501 3127 556 ἐστιν
3153 499 3183 555 6
3222 499 3404 557 πάντα
3434 499 3662 573 συνέχων

433 601 610 661 regat.
643 592 785 648 Hine
808 608 960 649 mors
983 593 1128 650 illius
1143 595 1326 650 omnia
1345 594 1665 661 sanctiﬁcat,
1690 596 1819 651 hinc
1841 604 2004 650 recta:

432 683 635 736 rationi
669 685 1065 740 convenienter
1097 693 1329 740 mortem
1383 686 1598 752 crucis,
1632 687 1736 742 etsi
1770 688 2004 756 ignomi-

431 773 806 829 niosissimam
836 815 850 841 ,
881 775 1005 830 aliis
1052 775 1314 846 praetulit.
1363 774 1513 831 Hanc
1542 777 1722 830 erucis
1762 778 1998 846 spe-ciem

432 865 734 920 celebravit
763 865 952 921 itidem
983 866 1201 920 divinus
1239 866 1405 920 David
1439 881 1456 920 :
1488 865 1600 931 Quo
1634 867 1716 921 ibo
1749 885 1781 920 a
1809 869 2004 937 spiritu

434 965 547 1020 tuo,
589 963 638 1009 et
655 973 756 1026 quo
775 974 804 1010 a
828 957 961 1026 facie
988 965 1077 1008 tua
1103 954 1343 1026 fugiam?
1371 955 1727 1010 Siascendero
1745 958 1798 1011 in
1817 957 2001 1011 coelum

433 1050 525 1111 (en
562 1047 951 1113 altitudinem),
990 1049 1035 1101 si
1064 1047 1377 1100 descendere
1396 1048 1451 1101 in
1487 1048 1728 1118 abyssum
1761 1047 1850 1116 (cn
1877 1063 2003 1118 pro-

433 1133 804 1202 l‘nnditatem),
825 1137 872 1189 si
896 1151 1165 1204 sumpsero
1195 1151 1392 1202 pennas
1419 1151 1561 1190 meas
1578 1137 1830 1202 diluculo,
1854 1136 2000 1206 quod

433 1235 517 1278 est.
543 1225 675 1280 solis
698 1234 850 1279 ortus
880 1226 967 1294 (en
996 1225 1394 1291 latitudinem),
1431 1233 1479 1278 et
1503 1226 1805 1280 habitavere
1833 1229 1888 1280 in
1912 1243 2003 1282 ea;-

433 1311 614 1365 tremis
646 1313 810 1365 maris
840 1313 884 1375 ⁸⁵,
935 1325 1198 1366 occasum
1233 1311 1492 1381 intelligit
1556 1311 1576 1382 (
1602 1327 1671 1366 eu
1698 1312 1999 1383 longitudi-

432 1402 606 1470 nem).

871 1503 900 1515 ,κ

505 1662 558 1716 5.
597 1659 827 1716 Divinos
861 1663 1088 1731 insuper
1119 1661 1318 1717 Paulus
1339 1663 1566 1734 ﬁguram
1589 1663 1730 1717 hanc
1759 1662 2003 1718 insinua~

433 1753 784 1809 vitscribens
822 1753 887 1808 ad
925 1751 1192 1822 Ephesios
1223 1771 1237 1806 :
1273 1753 1339 1809 Ut
1365 1755 1594 1824 possitis,
1630 1754 1831 1824 inquit,
1862 1772 2003 1818 com-

433 1845 754 1910 prehendere
781 1859 900 1896 cum
926 1844 1164 1898 omnibus
1190 1844 1410 1908 sanctis,
1447 1860 1565 1915 quae
1595 1844 1664 1898 sit
1695 1843 1996 1915 longitudo,
2035 1824 2074 1880 Β

435 1935 686 2001 latitudo,
723 1943 773 1987 et
807 1935 1145 2004 profunditas
1179 1945 1227 1989 et
1249 1935 1476 1988 altitudo
1512 1935 1556 1990 ".
1586 1935 1892 1990 Altitudine
1920 1933 2003 1989 ni-

434 2029 638 2078 mirum
670 2025 912 2081 emlestia
951 2025 1208 2097 intelligit
1235 2042 1251 2080 :
1282 2025 1686 2097 profunditate,
1722 2027 2000 2082 subterra-

434 2131 570 2180 nea;
603 2115 893 2170 latitudine
919 2125 1103 2170 autem
1129 2123 1185 2171 et
1212 2115 1576 2186 longitudine,
1608 2127 1850 2171 extrema
1882 2130 2003 2186 quae

434 2207 490 2260 in
524 2207 708 2262 medio
739 2206 1099 2276 interiacent,
1129 2223 1250 2278 qua:
1274 2223 1305 2262 a
1335 2209 1540 2263 virtute
1573 2208 1664 2264 illa
1687 2215 1852 2264 totam
1885 2210 2004 2264 uni-

433 2297 752 2354 versitatem
786 2299 996 2366 gremio
1030 2314 1131 2355 suo
1154 2299 1682 2370 eomprehendente,
1716 2302 2003 2356 contineri.-

435 2400 545 2444 tur.
581 2390 875 2460 Propterea
915 2390 1099 2446 aiebat
1125 2391 1390 2446 Dominus
1417 2409 1432 2446 :
1459 2389 1669 2458 Oportet
1696 2389 1890 2446 Filium
1912 2392 2004 2446 Ito-

433 2483 593 2535 minfs
625 2481 924 2551 oruciﬁgi',
958 2481 1240 2548 videlicet,
1270 2482 1454 2550 passio
1486 2481 1646 2536 aliter
1676 2481 1856 2551 peragi
1892 2496 2002 2535 non

326 2612 333 2618 .
433 2579 636 2642 potest,
671 2572 774 2625 nisi
803 2587 899 2642 per
922 2587 1142 2628 crucem
1173 2611 1188 2638 ,
1227 2571 1331 2626 etsi
1366 2572 1487 2626 aliae
1517 2573 1702 2626 multae
1728 2571 2000 2626 moriendi

433 2663 1099 2732 rationessuppetebant,
1130 2663 1336 2734 quibus
1372 2664 1634 2718 Dominus
1676 2663 1868 2718 salutis
1895 2677 1996 2720 no-

432 2763 563 2809 stras
596 2753 918 2824 mysterium
948 2753 1214 2823 perﬁcere
1245 2762 1300 2809 et
1323 2754 1600 2824 complere
1629 2762 1861 2824 poterat.
1888 2753 2006 2808 Cae-

433 2855 615 2900 terum
646 2861 711 2900 ex
739 2845 998 2901 omnibus
1031 2860 1179 2899 mors
1208 2844 1264 2899 in
1303 2859 1470 2901 cruce
1518 2854 1776 2914 tanquam
1817 2859 2005 2900 neces-

433 2937 620 3002 saria,
655 2946 712 2991 et
760 2952 882 3006 quze
938 2936 1119 2990 omitti
1166 2944 1428 3006 nequeat,
1471 2936 1740 3006 seligitur.
1775 2936 1843 2990 Et
1875 2944 2004 2990 tunc

433 3023 755 3094 ubicunque
824 3040 958 3080 crux
1023 3024 1314 3095 sculpitur,
1357 3025 1433 3080 ibi
1493 3025 1896 3081 benedictionis
1947 3033 2004 3079 et

2106 598 2202 649 καὶ
2251 595 2582 667 ᾰακρατῶν.
2618 595 2763 650 Διότι
2809 594 2839 648 6
2881 592 3108 655 θάνατος
3145 590 3310 644 αὐτοῦ
3343 591 3555 658 ἁγιάζει
3598 593 3663 647 τὰ

2107 686 2418 755 σύμπαντα,
2448 687 2538 742 διὰ
2578 687 2736 741 τοῦτο
2755 685 2847 739 τὸν
2881 683 2968 738 διὰ
2998 681 3232 753 σταυροῦ
3271 683 3502 746 εἰκότως
3536 701 3661 737 κατ-

2109 777 2325 842 εδέξατο
2374 779 2702 848 ἀτιμότατον
2757 776 3010 832 θάνατον.
3044 774 3218 830 Τοῦτο
3259 774 3322 829 τὺ
3365 775 3549 845 σχῆμα
3574 777 3661 830 τοῦ

2105 873 2287 940 τιμίου
2317 869 2551 939 σταυροῦ
2581 870 2673 924 καὶ
2706 871 2734 922 6
2761 868 2902 932 θεῖος
2931 865 3095 921 Δαυτδ
3129 865 3428 938 ἑξύμνησε,
3461 868 3662 934 λέγων·

2105 961 2232 1016 Ποῦ
2261 961 2534 1030 πορευθῶ
2589 961 2710 1016 ἀπὸ
2739 961 2848 1014 τοῦ
2880 958 3220 1027 πνεύματός
3248 974 3390 1023 σου,
3425 957 3522 1012 καί
3553 959 3666 1012 ἀπὸ

2104 1051 2210 1106 τοῦ
2240 1051 2567 1120 προσώπου
2614 1065 2732 1105 σου
2769 1049 2888 1105 ποῦ
2915 1049 3110 1118 φύγω
3153 1048 3296 1102 Ἐὰν
3325 1045 3526 1104 ἀνασῶ
3586 1049 3666 1112 εἰς

2105 1142 2212 1196 τὸν
2242 1141 2521 1210 οὐρανὸν.
2543 1143 2702 1194 τοῦτο
2733 1140 2792 1194 τὸ
2821 1140 2954 1206 ὕψος
2974 1177 2990 1201 ,
3031 1138 3140 1192 ἐὰν
3172 1136 3408 1192 καταϐῶ
3437 1139 3524 1202 εἰς
3567 1136 3670 1190 τὸν

2104 1234 2276 1302 ᾅδην,
2306 1231 2463 1288 τοῦτο
2494 1233 2556 1288 τὸ
2585 1231 2782 1302 βάθοςι
2801 1232 2909 1286 ἐὰν
2945 1231 3300 1298 ἀντιλάϐοιμι
3330 1227 3440 1293 τὰς
3467 1227 3669 1293 πτέρυ-

2105 1324 2216 1395 γάς
2239 1343 2356 1394 μου
2375 1325 2502 1379 κατ’
2532 1325 2766 1393 ὄρθρον,
2797 1325 2825 1377 6
2849 1324 2997 1376 ἐστιν
3029 1323 3061 1392 ἡ
3088 1321 3181 1373 τοῦ
3221 1319 3375 1400 ἡλίου
3424 1316 3663 1382 ἀνατολὴ,
3708 1391 3715 1398 Ι

2136 1416 2260 1470 οῢτο
2287 1415 2348 1469 τὸ
2377 1415 2598 1478 πλάτος,
2623 1416 2722 1468 καί
2748 1412 3194 1478 κατασκηνώσω
3220 1413 3309 1476 είς
3341 1410 3416 1463 τὰ
3446 1411 3669 1474 ἔσχατα

2105 1507 2214 1575 τῆς
2244 1507 2577 1573 θαλάσσης,
2617 1505 2715 1567 τὰς
2765 1503 2974 1572 δυσμὰς
3004 1503 3061 1556 δὲ
3090 1502 3348 1572 ὀνομάζει
3373 1542 3389 1569 ,
3420 1501 3578 1554 τοῦτο
3608 1497 3665 1551 τὸ
3711 1502 3718 1509 ’

2110 1598 2300 1666 μῆκος.

2164 1689 2379 1745 s'.Kal.6
2396 1689 2536 1751 θεῖος
2553 1687 2761 1750 Παῦλος
2775 1688 2836 1742 τὸ
2855 1687 3041 1758 σχῆμα
3055 1683 3525 1755 τοῦτοὺπῃνίξατο
3541 1678 3669 1750 πρδς

2122 1775 2398 1849 Ἐφεσίους
2414 1778 2791 1850 γράφων.”1να
2806 1777 3196 1846 ἐξισχύσητε,
3222 1778 3383 1844 φησδ,
3417 1776 3666 1828 καταλα-

2103 1873 2308 1944 ὅέσθαι
2321 1870 2442 1924 σὺν
2459 1869 2613 1924 πᾶσι
2625 1869 2747 1934 τοῖς
2769 1870 2982 1940 ἁγίοις,
3003 1869 3062 1922 τί
3083 1868 3148 1921 τὸ
3162 1867 3386 1937 μῆκος,
3407 1865 3503 1917 καὶ
3519 1861 3670 1916 πλά-

2102 1981 2228 2030 τος,
2242 1963 2336 2018 καὶ
2348 1959 2666 2026 ,βάθος-,καὶ
2683 1959 2857 2028 ὕψος·
2875 1957 3156 2028 σημαίνων
3173 1958 3260 2010 διὰ
3282 1957 3383 2028 μὲν
3398 1957 3492 2010 τοῦ
3511 1953 3672 2016 ὕψους

2101 2055 2172 2107 τὰ
2199 2050 2515 2117 ἐπουράνια,
2569 2045 2654 2101 διὰ
2684 2047 2742 2102 δὲ
2769 2049 2862 2102 τοῦ
2904 2046 3104 2118 βάθους
3129 2046 3200 2100 τὰ
3231 2045 3555 2114 ὑποχθόνια,
3585 2040 3667 2095 διὰ

2101 2142 2158 2196 δὲ
2186 2139 2278 2196 τοῦ
2309 2139 2545 2203 πλάτους
2574 2137 2669 2194 καὶ
2694 2137 2900 2208 μήκους
2932 2136 3002 2191 τὰ
3023 2135 3112 2190 διὰ
3148 2136 3318 2207 μέσου
3338 2136 3552 2204 πέρατα
3569 2131 3666 2184 ὑπὸ

2102 2234 2201 2302 τῆς
2232 2233 2294 2292 τδ
2322 2231 2432 2284 πᾶν
2455 2227 2854 2300 διακρατούσης
2877 2227 3162 2298 δυνάμεως
3187 2227 3550 2296 κατεχόμενα.
3577 2221 3668 2274 Διὰ

2101 2323 2263 2378 τοῦτο
2312 2323 2497 2390 ἔλεγεν
2523 2322 2557 2374 6
2585 2319 2786 2388 Κύριος
2807 2357 2824 2382 .
2854 2318 2937 2378 ὅτι
2980 2318 3080 2373 Δεῖ
3104 2318 3210 2372 τὸν
3242 2318 3380 2372 T161-
3427 2314 3532 2370 τοῦ
3565 2315 3666 2369 ἀν-

2101 2415 2337 2484 θρώπου
2390 2410 2834 2479 σταυρωθῆναι,
2875 2409 3047 2476 ἤγουν
3095 2407 3196 2462 οὐκ
3230 2406 3412 2470 ἄλλως
3441 2405 3555 2459 ἐστι
3583 2422 3667 2473 γε·

2102 2506 2288 2559 νέσθαι
2313 2505 2376 2558 τὸ
2417 2503 2590 2562 πάθος
2609 2502 2658 2556 εί
2694 2501 2770 2572 μὴ
2796 2501 2886 2556 διὰ
2911 2498 3004 2562 τοῦ
3039 2499 3298 2570 σταυροῦ,
3331 2499 3426 2553 καὶ
3468 2497 3697 2557 πολλῶν,

2101 2595 2270 2649 ὄντων
2310 2594 2486 2649 ἄλλων
2515 2591 2626 2646 τῶν
2674 2591 2813 2662 πρὸς
2855 2591 3084 2646 θάνατον
3127 2590 3430 2661 φερόντων,
3484 2589 3550 2642 δι’
3597 2583 3671 2640 ὧν

2101 2685 2329 2740 δυνατὸν
2362 2680 2430 2755 ἦν
2463 2683 2861 2753 ἀποπληρῶσαι
2889 2683 2982 2741 τὸν
3004 2682 3208 2753 Κύριον
3231 2683 3334 2754 τὴν
3359 2683 3498 2755 ὑπὲρ
3519 2678 3667 2752 ἡμῶν

2102 2777 2196 2830 τοῦ
2221 2775 2456 2831 Θανάτου
2479 2775 2813 2844 οἰκονομίαν,
2846 2776 2911 2830 ἑκ
2947 2775 3169 2838 πάντων
3196 2775 3310 2830 τῶν
3339 2775 3514 2830 ἀλλων
3533 2775 3560 2825 6
3581 2769 3664 2824 διὰ

2103 2865 2340 2936 σταυροῦ
2373 2866 2770 2936 προτετίμηται
2801 2864 3051 2931 θάνατος,
3104 2864 3180 2928 ὡς
3230 2866 3531 2933 ἀναγκαῖος
3575 2861 3666 2916 καὶ

2103 2957 2498 3029 ἀπαραίτητος.
2529 2957 2638 3008 Καὶ
2666 2955 2759 3010 νῦν
2778 2955 2908 3012 ἔνθα
2928 2955 2994 3010 ἂν
3013 2955 3335 3027 ἐγχαραχθῇ
3359 2957 3388 3007 6
3423 2953 3664 3023 σταυρὸς,

2102 3046 2335 3113 εὐλογεῖ,
2369 3044 2608 3114 ἁγιάζει.
2647 3044 2825 3100 πάντα
2854 3045 3037 3098 δίδωσι
3063 3045 3133 3098 τὰ
3172 3048 3444 3115 σωτήρια.
3477 3042 3668 3096 Τοῦτον

432 3116 886 3171 sanctiﬁcationis
936 3116 1116 3171 vicem
1145 3115 1331 3182 subit,
1375 3124 1430 3170 ct
1463 3116 1644 3170 omnia
1671 3115 1740 3170 ad
1768 3118 1998 3172 salutem

2105 3137 2196 3190 οὖν
2221 3136 2436 3207 ἔχοντες
2459 3137 2883 3212 ἀκαταμάχητον
2914 3135 3078 3190 ὅπλον
3101 3136 3175 3206 μὴ
3190 3138 3505 3206 τρέμωμεν,
3540 3132 3666 3202 μηδὲ

431 3206 739 3276 spectantia
798 3205 1203 3262 subministrat.
1239 3205 1351 3262 Hac
1395 3206 1562 3276 igitur
1599 3205 1800 3262 invicta
1830 3221 2005 3261 arma-

434 3307 556 3351 tura
589 3297 806 3364 armati,
861 3313 931 3352 ne
961 3298 1475 3362 contremiscamus,
1524 3314 1704 3368 neque
1749 3298 2006 3353 formide-

434 3402 579 3453 mus,
615 3388 834 3454 fratres,
861 3389 1117 3446 inimicos
1147 3400 1404 3458 nostros;
1433 3390 1671 3446 divinam
1702 3391 1848 3445 enim
1882 3404 2008 3444 cru-

377 3496 379 3498 ·
433 3494 554 3534 cem
608 3479 840 3534 horrent
887 3479 1012 3542 isti,
1058 3489 1117 3534 et
1152 3480 1351 3535 timore
1411 3480 1805 3550 pereelluntur,
1841 3480 2002 3535 auiu-

433 3569 617 3638 giunt,
647 3583 750 3624 nec
775 3569 862 3624 vel
897 3569 1181 3637 paululum
1227 3569 1294 3624 ad
1328 3569 1490 3640 hujus
1529 3570 1871 3640 signaculum
1917 3585 2004 3626 re-

435 3660 652 3730 spicere
679 3658 907 3714 audent.
953 3659 1221 3727 Quocirea
1263 3674 1457 3722 omnes
1499 3672 1716 3718 nostras
1760 3662 2007 3718 actiones

436 3764 604 3805 cruce
625 3750 1000 3820 perﬁciamus.
1032 3749 1183 3807 Hane
1207 3751 1276 3808 ob
1302 3767 1548 3818 causam,
1592 3768 1812 3809 erucem
1853 3753 2007 3808 exal-

437 3850 616 3896 tantes
645 3850 702 3896 et
745 3840 1039 3897 adorantes
1065 3881 1079 3908 ,
1127 3841 1406 3900 Christum
1471 3843 1528 3897 in
1566 3859 1686 3898 eam
1728 3843 2004 3899 sublatum

437 3933 694 3988 laudibus
729 3932 996 3989 allicimus
1029 3943 1086 3990 et
1113 3935 1447 3990 extollimus.
1483 3935 1618 3988 Nam
1650 3935 1747 4004 qui
1782 3950 2003 3991 crucem
2046 3963 2049 3966 -

429 4023 641 4085 laudat.
670 4025 728 4080 is
742 4025 1068 4079 cruciﬁxum
1101 4025 1356 4094 honorat,
1383 4025 1649 4096 gloriﬁeat
1673 4035 1730 4081 et
1760 4026 1952 4082 adorat
1986 4045 2002 4082 :

429 4133 530 4187 per
553 4132 775 4173 crucem
808 4119 954 4181 enim
981 4125 1248 4188 tyrannus
1277 4126 1471 4187 captus
1498 4125 1604 4172 est.
1648 4117 1753 4172 Per
1776 4133 2000 4188 crucem

433 4224 586 4264 mors
633 4209 840 4279 fuga-ta,
890 4209 1250 4280 infernusque
1302 4209 1590 4279 spoliatus.
1632 4210 1736 4265 Par
1767 4226 2004 4282 namque

431 4313 578 4369 erat,
609 4312 672 4357 ut
702 4305 905 4372 quibus
937 4319 1040 4358 nos
1073 4304 1284 4360 daemon
1310 4304 1608 4370 devicerat,
1642 4303 1835 4361 iisdem
1864 4322 2005 4378 quo.-

430 4411 540 4465 que
564 4409 594 4449 a
614 4393 836 4450 Christo
865 4395 1202 4449 vinceretur.

2104 3226 2390 3296 δειλιῶμεν
2421 3226 2549 3289 τοὺς
2576 3225 2827 3296 ἐχθροὺς,
2859 3224 3076 3294 ἀδελφοί
3109 3241 3244 3294 μου·
3276 3227 3540 3296 τρέμουσι
3564 3222 3666 3290 γὰρ

2102 3317 2194 3370 τὸν
2215 3316 2359 3370 θεῖον
2388 3317 2622 3386 σταυρὸν
2646 3310 2814 3382 οὗτοι,
2840 3315 2935 3369 καὶ
2963 3315 3226 3380 δειλιῶσι,
3261 3318 3359 3370 καὶ
3391 3315 3662 3385 φεύγουσι,

2079 3406 2241 3476 ,μηδὲ
2271 3406 2464 3476 μικρὸν
2490 3406 2778 3475 δυνάμενοι
2809 3406 3155 3460 ἀντιϐλέπειν
3182 3407 3324 3476 πρὸς
3347 3409 3446 3476 τὴν
3482 3403 3662 3462 τούτου

2106 3499 2397 3569 σφρᾳγίδα.
2428 3497 2526 3550 Διὰ
2553 3497 2710 3555 τοῦτο
2734 3498 2911 3552 πάντα
2928 3498 2994 3560 τὰ
3020 3498 3157 3568 ἔργα
3185 3499 3345 3568 ήμῶν
3361 3498 3438 3569 τῷ
3461 3491 3675 3566 σταυρῷ

2102 3575 2431 3659 διανύωμεν·
2464 3577 2552 3641 διὰ
2601 3588 2758 3643 τοῦτο
2799 3589 3058 3660 ὑψοῦντες
3099 3589 3262 3644 αὐτὸν
3316 3591 3411 3645 καὶ
3437 3603 3666 3659 προσκυ-

2103 3678 2320 3743 νοῦντες
2347 3678 2436 3732 τὸν
2453 3681 2511 3733 ὲν
2539 3679 2686 3750 αὐτῷ
2704 3677 2988 3749 eameam
3016 3679 3253 3749 Χριστὸν
3294 3678 3666 3749 μεγαλύνομεν

2105 3773 2200 3824 καὶ
2227 3770 2544 3842 δοξάζομεν.
2591 3771 2650 3826 '0
2705 3770 2815 3840 γὰρ
2862 3771 2956 3825 τὸν
2991 3771 3226 3844 σταυρὸν
3283 3768 3544 3833 ἐπαινῶν,
3579 3769 3673 3818 τὸν

2107 3861 2494 3930 σταυρωθέντα
2521 3861 2678 3931 τιμᾷ,
2711 3860 2807 3914 καὶ
2836 3857 3072 3925 δοξάζει,
3115 3861 3210 3920 καὶ
3235 3859 3550 3932 προσκυνεῖ.
3571 3853 3666 3907 Διὰ

2105 3950 2341 4022 σταυροῦ
2401 3951 2512 4020 γὰρ
2566 3954 2595 4005 6
2640 3952 2900 4022 τύραννος
2943 3952 3290 4023 αἰχμάλωτος
3334 3953 3552 4021 γέγονε·
3581 3943 3666 3999 διὰ

2106 4042 2342 4111 σταυροῦ
2374 4044 2403 4096 6
2427 4044 2657 4105 θάνατος
2687 4043 2916 4112 οἴχεται,
2949 4043 3046 4118 καὶ
3072 4044 3100 4096 6
3149 4042 3280 4115 ᾅδης
3323 4041 3658 4104 ἐσκύλευται.

2107 4135 2353 4208 Ἐπρεπε
2384 4135 2494 4206 γὰρ
2521 4135 2589 4188 δι’
2617 4129 2691 4190 ὧν
2739 4137 2993 4208 ἐνίκησεν
3023 4137 3172 4206 ἡμᾶς
3214 4138 3242 4189 6
3288 4135 3550 4196 διάὸολος,
3579 4127 3664 4182 διὰ

2102 4228 2307 4284 τούτων
2351 4227 2518 4284 αὐτοῦ
2546 4227 2928 4298 περιγενέσθαι
2951 4228 3041 4283 τὸν
3067 4229 3319 4296 Χριστόν.

501 4487 555 4544 6.
590 4485 794 4541 Mulier
823 4495 878 4540 et
913 4486 1119 4557 lignum
1156 4496 1211 4541 et
1255 4501 1400 4541 mors
1429 4487 1910 4572 condemnationis
1948 4499 2005 4546 et

2181 4493 2256 4558 ς’.
2291 4493 2433 4560 Γυνὴ
2467 4493 2602 4562 γὰρ,
2640 4493 2732 4542 καὶ
2779 4491 2955 4557 ξύλον,
2989 4490 3084 4543 καὶ
3113 4490 3342 4553 θάνατος
3369 4488 3469 4556 τῆς
3513 4481 3666 4572 ἡμιξινι

432 4581 695 4636 interitus
719 4579 895 4634 nostri
924 4578 1149 4634 fuerunt
1177 4593 1362 4634 causa.
1392 4579 1528 4635 Nam
1549 4581 1663 4634 Eva
1693 4597 1722 4636 a
1749 4592 2006 4653 serpente

431 4675 662 4744 decepta
693 4673 818 4728 fuit.
849 4673 1078 4742 Lignum
1109 4681 1230 4729 erat
1261 4673 1426 4728 arbor
1455 4674 1569 4740 illa,
1597 4675 1754 4746 cujus
1782 4691 2003 4746 pomum

430 4775 488 4820 et
541 4765 648 4819 Eva
697 4772 754 4818 et
797 4765 1041 4820 Adamus
1080 4763 1286 4834 ingenti
1339 4764 1705 4820 amaritudine
1753 4765 2008 4835 degusta-

325 4918 328 4920 γ
432 4867 586 4912 runt.
637 4856 784 4910 Mors
808 4869 940 4910 vero
995 4855 1194 4925 gustati
1246 4853 1430 4910 acerbi
1479 4854 1693 4910 fructus
1722 4869 1902 4924 poena.
1935 4854 2007 4911 At

431 4960 562 5002 cecc
607 4959 800 4998 rursus
845 4945 1019 5013 virgo,
1059 4953 1116 4998 et
1148 4943 1379 5012 lignum,
1439 4955 1494 4997 ct
1548 4958 1726 5007 mors,
1769 4953 1825 4998 et
1885 4960 2007 5013 quae

431 5040 590 5108 prius
644 5035 1048 5089 damnationem
1097 5045 1153 5090 et
1197 5036 1525 5104 supplicium
1576 5037 1895 5098 attulerant,
1940 5052 2005 5092 ea

433 5143 584 5185 nunc
607 5127 917 5182 libertatem
949 5126 1108 5180 nobis
1138 5126 1358 5194 pariunt
1388 5127 1546 5180 :loco
1579 5126 1700 5180 Evn:
1717 5125 2003 5180 benedicta

432 5228 488 5272 et
533 5226 794 5287 perpetua
856 5217 1021 5285 Virgo
1069 5217 1270 5283 Maria,
1296 5217 1415 5272 loco
1456 5215 1583 5284 ligni
1637 5216 1688 5269 in
1730 5219 2001 5286 paradiso,

429 5309 640 5380 lignum
690 5307 889 5370 erucis,
930 5307 1052 5361 loco
1111 5309 1304 5362 mortis
1337 5306 1548 5367 Adami,
1591 5323 1736 5361 mors
1765 5307 2001 5376 CltriSti;

430 5414 558 5455 nam
593 5398 796 5454 iisdem
843 5399 1033 5462 armis,
1067 5398 1269 5468 quibus
1317 5398 1575 5453 diabolus
1594 5401 1874 5455 victoriam
1905 5403 1998 5456 ob-

433 5492 695 5557 tinuerat,
731 5500 1035 5560 prostratus
1066 5500 1150 5546 est
1211 5499 1267 5545 ct
1298 5491 1400 5544 sub
1426 5492 1614 5561 iugum
1647 5493 1865 5548 tttissus.
1901 5493 2002 5546 l’cr

432 5579 682 5635 arbme'n
741 5580 888 5634 illam
937 5578 1309 5634 debellaverat
1359 5580 1531 5636 hostis
1591 5581 1894 5644 Adamum;
1947 5591 2000 5637 at

2106 4584 2406 4653 καταδίκης
2433 4584 2528 4635 καὶ
2559 4582 2765 4651 φθορᾶς
2795 4581 3009 4656 ὑπῆρχε
3035 4581 3100 4633 τὰ
3125 4581 3294 4640 αἴτια.
3324 4581 3392 4633 Ἦ
3415 4578 3518 4646 γὰρ
3554 4570 3660 4625 Εὕα

2105 4655 2363 4744 ἠπατήθη
2407 4673 2512 4728 ὑπὸ
2550 4672 2646 4725 τοῦ
2698 4673 2894 4741 ὄφεως.
2951 4671 3119 4724 Ξύλον
3156 4672 3210 4724 δὲ
3255 4667 3325 4741 ἦν
3359 4670 3418 4724 τὸ
3455 4665 3657 4729 δένδρον

2107 4766 2284 4818 ἐκεῖνο
2310 4766 2444 4835 ὅπερ
2475 4765 2568 4816 καὶ
2597 4766 2629 4834 ὴ
2668 4761 2777 4816 Εὕα
2812 4763 2908 4816 καὶ
2928 4765 2957 4816 6
2991 4761 3161 4831 Ἀδὰμ
3186 4761 3397 4832 πικρῶς
3424 4750 3656 4820 ἀπεγεύο

2108 4873 2289 4916 σαντο.
2322 4855 2562 4916 Θάνατος
2584 4855 2640 4908 δὲ
2664 4857 2724 4906 τὸ
2750 4854 2850 4924 τῆς
2885 4852 3380 4924 πικρᾶςιὲπιτίμιον
3405 4847 3652 4915 γεύσεως-

2119 4947 2258 5001 Ἀλλ’
2315 4945 2425 5001 ἰδοὺ
2468 4945 2632 4997 πάλιν
2662 4944 2930 5014 παρθένος
2966 4935 3066 4998 καὶ
3106 4943 3263 5008 ξύλον
3296 4943 3390 4995 καὶ
3417 4939 3654 4992 θάνατοῦ

2106 5037 2266 5092 ἅτινα
2323 5032 2466 5100 ἦσαν
2511 5037 2633 5088 τότε
2681 5034 2780 5103 τῆς
2821 5034 3204 5105 κατακρίσεως
3235 5031 3410 5103 ἡμῶν,
3455 5019 3654 5085 καὶτῆς

2107 5127 2426 5197 καταδίκης,
2465 5126 2558 5179 καὶ
2580 5124 2682 5194 τῆς
2704 5123 3020 5194 ἐλευθερίας
3046 5125 3204 5195 ἡμῶν
3247 5121 3498 5190 γεγόνασι
3528 5107 3656 5178 πρό·

2109 5217 2418 5282 ξενα⁶ἀντὶ
2465 5217 2566 5286 τῆς
2620 5213 2762 5276 Εὔας
2799 5216 2832 5285 ἠ
2889 5214 3369 5285 ὑπερευλογημένη
3416 5205 3507 5260 καὶ
3553 5202 3658 5252 ἀει-

2110 5297 2380 5378 πάρθενος
2413 5308 2622 5378 Μαρία,
2663 5306 2786 5360 ἀντὶ
2829 5307 2923 5360 τοῦ
2962 5305 3118 5371 ξύλου
3159 5304 3254 5366 τοῦ
3299 5305 3356 5356 ἐν
3388 5296 3462 5369 τῷ
3493 5304 3656 5361 παρα-

2109 5400 2270 5470 δείσῳ
2301 5400 2359 5452 τὸ
2399 5398 2555 5473 ξύλον
2603 5397 2663 5449 τὸ
2701 5395 2794 5449 τοῦ
2849 5395 3112 5468 σταυροῦ,
3148 5395 3268 5448 ἀντὶ
3301 5389 3390 5446 τοῦ
3433 5381 3650 5439 θανάτου

2107 5492 2200 5544 τλῦ
2243 5470 2470 5554 Ἀδὰμ-ὁ
2497 5489 2723 5549 θάνατος
2747 5485 2842 5540 τοῦ
2864 5485 3100 5556 Χριστοῦ
3119 5503 3132 5516 ο
3159 5487 3227 5538 δι’
3253 5480 3325 5539 ὧν
3350 5479 3455 5549 γὰρ
3483 5470 3651 5566 ὲνίιξτί·

2111 5598 2202 5634 σεν
2233 5583 2259 5634 ὁ
2290 5580 2556 5645 διάϐολος,
2589 5577 2676 5632 διὰ
2717 5554 2929 5632 τούτων
2957 5575 3276 5647 κατηργήθη
3309 5570 3400 5626 καὶ
3434 5554 3650 5624 κατα⁶έ’

503 5759 695 5815 ‘Psal.
754 5775 1016 5825 cxxxvlu,
1083 5763 1192 5817 7-9.
1274 5760 1520 5831 ’lﬁpltcs.
1585 5779 1666 5828 Ill,
1736 5763 1818 5817 18.
1895 5761 2005 5814 'l.t

2124 5777 2268 5825 χθων,
2305 5761 2357 5813 7.
