4058 6474
483 382 592 448 725

1538 390 1624 453 IN
1661 391 2256 453 EXALTATIONEM
2296 393 2356 454 S.
2394 393 2689 456 CRUCIS.

3606 399 3717 464 726

482 496 700 568 ϐληται.
734 498 833 554 Διά
882 501 981 554 τοῦ
1038 499 1257 575 δένδρου
1309 500 1521 557 ἐκείνου
1574 502 1986 573 κατηγωνίσατο
2021 503 2049 555 6

2165 519 2250 572 per
2277 518 2499 560 crucem
2552 503 2834 575 superavit
2892 504 3143 563 Christus
3201 506 3433 564 hostem.
3482 507 3718 579 Lignum

483 588 678 661 ἐχθρὸς
715 589 807 646 τὸν
838 590 1032 662 Ἀδὰμ,
1062 591 1151 647 διὰ
1174 593 1272 646 τοῦ
1300 591 1534 663 σταυροῦ
1567 593 1936 647 κατεπάλαισε
1958 593 2051 644 τὸν

485 680 679 752 ἐχθρὸν
705 682 735 734 6
766 682 1020 753 Χριστός.
1063 684 1273 740 Ἐκεῖνο
1305 683 1406 753 μὲν
1454 686 1516 738 τὸ
1546 683 1703 750 ξύλον
1730 684 1823 739 τοῦ
1868 701 2053 755 παρα-

483 773 660 826 δείσου
696 773 930 828 θανάτου
962 775 1221 844 πρόξενον
1249 777 1465 845 γέγονε,
1491 776 1586 831 καὶ
1609 778 1690 841 είς
1717 776 1849 848 ᾇδην
1878 777 2051 847 παρέ-

489 864 673 937 πεμψε
696 881 712 898 ο
752 866 813 920 τὸ
840 866 995 932 ξύλον
1023 868 1080 922 δὲ
1120 870 1217 923 τοῦ
1241 869 1476 940 σταυροῦ
1506 870 1601 925 καὶ
1633 871 1760 936 τοὺς
1785 869 2054 926 ἀπελθόν-

483 974 586 1021 τας
614 958 695 1022 εἰς
723 957 859 1030 ᾅδην
880 959 1270 1016 ἀνεκαλέσατο.
1299 959 1372 1014 T6
1405 959 1560 1026 ξύλον
1595 961 1691 1014 τοῦ
1722 961 2053 1031 παραδείσου

488 1048 836 1120 αίχμάλωτον
863 1052 957 1104 καὶ
987 1054 1193 1122 γυμνὸν
1224 1053 1446 1124 ἐποίησε
1475 1052 1778 1123 τὺνἍδάμ,
1809 1053 1905 1107 καὶ
1923 1069 2056 1123 κρυ-

490 1141 648 1210 ϐῆναι
677 1143 840 1196 αὐτὸν
866 1147 1252 1213 παρεσκεύασε
1280 1164 1295 1179 ο
1326 1147 1389 1200 τὸ
1426 1145 1586 1213 ξύλον
1616 1145 1673 1200 δὲ
1696 1145 1794 1200 τοῦ
1819 1144 2054 1216 σταυροῦ

492 1230 581 1283 τὸν
624 1233 855 1304 νικητὴν
902 1236 1141 1305 Χριστὸν
1196 1236 1283 1306 ἐφ’
1312 1236 1516 1306 ὑψηλοῦ
1549 1238 1719 1291 πᾶσιν
1759 1237 2051 1292 ὲδείκνυεν.

502 1319 750 1392 Ἀπάσης
781 1324 888 1394 γάρ
912 1324 1013 1392 τῆς
1043 1325 1370 1395 οἰκουμένης
1390 1324 1629 1395 ὁρώσης,
1652 1323 1909 1394 καθάπερ
1931 1342 2058 1393 γεν·

492 1412 638 1473 ναϊος
670 1411 931 1482 ἀθλητὴς,
973 1413 1075 1479 τάς
1100 1416 1488 1484 ἀντικειμένας
1518 1414 1777 1486 δυνάμεις
1821 1415 2056 1469 κατέδα-

491 1502 583 1555 λεν
614 1501 645 1554 6
675 1502 911 1572 Χριστὸς
954 1504 1049 1558 ἐπὶ
1086 1505 1179 1559 τοῦ
1228 1505 1384 1572 ξύλου
1419 1505 1746 1576 ἀνυψωθείς.
1783 1506 1843 1561 Ὀ
1871 1506 1928 1560 δὲ
1955 1506 2054 1560 θά-

492 1608 652 1654 νατος
682 1591 776 1647 τοῦ
818 1594 992 1664 Ἀδὰμ
1027 1596 1123 1649 καὶ¹
1171 1597 1297 1660 τοὺς
1333 1596 1474 1666 μετὰ
1509 1597 1686 1650 ταῦτα
1732 1597 2057 1669 ἀνθρώπους

492 1680 839 1744 κατεδίκασε,
890 1683 985 1758 καὶ
1027 1685 1361 1750 ἐθανάτωσε,
1398 1691 1496 1743 καὶ
1528 1686 1884 1755 κατέκρινεν·
1924 1688 1953 1741 6
1997 1688 2056 1741 δὲ

476 1775 720 1853 ’θάνατος
763 1774 858 1829 τοῦ
888 1770 1124 1846 Χριστοῦ
1163 1778 1412 1844 καὶτοὺς
1456 1779 1562 1848 πρὸ
1588 1778 1756 1834 αὑτοῦ
1790 1779 2055 1842 πεσόντας

492 1864 589 1916 καὶ
612 1863 1023 1930 θανατωθέντας
1062 1867 1350 1938 ἀνέστησε,
1379 1869 1473 1923 καὶ
1502 1868 1722 1932 ὲζὼωσε
1741 1908 1758 1934 ,
1792 1870 1887 1926 καὶ
1918 1871 2053 1925 πᾶσι

492 1952 604 2014 τοῖς
633 1951 943 2022 ἀνθρώποις
973 1955 1247 2024 σωτηρίας
1280 1956 1398 2011 ὁδὸν
1430 1956 1742 2027 ἐχαρίσατο.

564 2040 800 2108 Χριστὸς
826 2041 976 2111 ἡμᾶς
1003 2037 1338 2114 ὲξηγόρσῗσεν
1363 2046 1429 2100 ὲκ
1450 2048 1552 2116 τῆς
1583 2045 1827 2117 κατάρας
1855 2046 1950 2100 τοῦ
1975 2047 2059 2101 νό-

491 2140 622 2199 μου,
656 2133 946 2201 γενόμενος
996 2135 1137 2206 ὑπὲρ
1190 2135 1349 2206 ἡμῶν
1400 2138 1638 2210 κατάρα.
1691 2141 2059 2213 Προσέχωμεν

495 2224 729 2290 ἑαυτοῖς,
770 2225 1070 2295 ἀγαπητοὶ,
1109 2227 1186 2297 μὴ
1229 2228 1389 2283 πάλιν
1413 2283 1416 2286 .
1439 2230 1546 2283 ὑπὸ
1592 2232 1838 2302 κατάραν
1885 2234 2060 2302 γενώ-

500 2314 663 2381 μεθα,
690 2313 787 2368 τοῦ
817 2315 963 2369 οείου
995 2318 1163 2386 φόϐου
1224 2322 1321 2376 καὶ
1371 2319 1482 2375 τῶν
1513 2323 1797 2392 σωτηρίων
1834 2325 2060 2379 ἐντολῶν

495 2401 591 2456 τοῦ
621 2404 861 2475 Χριστοῦ
888 2407 1263 2478 ἀμελήσαντες
1292 2411 1576 2466 ,Ἕλουσεν
1603 2415 1748 2481 ἡμᾶς
1774 2416 1800 2468 6
1827 2415 2060 2483 Χριστὸς

499 2496 556 2547 ὲν
579 2495 658 2566 τῷ
686 2495 1022 2567 βαπτίσματι
1057 2499 1154 2553 διὰ
1178 2502 1437 2568 λουτροῦ
1476 2505 1944 2573 παλιγγενεσίας
1968 2508 2062 2559 καὶ

464 2584 471 2588 ’
499 2587 892 2650 ἀνακαινίσεως
921 2589 1236 2661 Πνεύματος
1260 2592 1419 2660 ἁγίου
1440 2608 1455 2625 ο
1490 2594 1566 2666 μὴ
1596 2595 1759 2650 πάλιν
1799 2597 2063 2667 ύποστρό-

496 2674 689 2742 ψωμεν
724 2675 823 2730 ἐπὶ
873 2680 981 2732 τόν
1013 2678 1169 2733 ἴδιον
1206 2680 1437 2750 ἔμετον.
1476 2683 1841 2755 Συμμόρφους
1886 2686 2064 2757 ἑαυτῷ

498 2765 594 2819 καλ⁵
623 2767 942 2838 συσσώμους
971 2770 1225 2842 ἐποίησεν
1251 2774 1529 2844 ὁΧριστός
1554 2791 1567 2807 ο
1596 2774 1875 2844 μὴτοινυν
1899 2758 2067 2832 armi?)-

505 2874 604 2926 μεν
661 2859 728 2911 τά
773 2859 909 2928 μέλη
939 2859 1034 2912 τοῦ
1080 2862 1318 2929 Χριστοῦ
1348 2863 1484 2934 μέλη
1532 2864 1758 2935 πόρνης,
1793 2865 1855 2919 τὸ
1906 2867 2067 2938 σῶμα

501 2950 988 3017 καταμολύνοντες,
1022 2954 1114 3006 καὶ
1150 2957 1249 3024 τὴν
1302 2955 1586 3024 βασιλικὴν
1628 2959 1811 3012 εἰκόνα
1836 2960 2068 3024 καταζο-

502 3039 748 3107 φοῦντες.
785 3041 1045 3112 Ἦγίασεν
1079 3045 1228 3114 ἡμᾶς
1281 3047 1311 3099 6
1356 3047 1610 3118 Χριστὸς,
1662 3051 1759 3104 καὶ
1794 3051 2067 3121 ἐκάθηρεν

2152 593 2285 647 illud
2319 603 2548 649 mortem
2582 596 2892 665 progenuit,
2912 605 2969 650 et
2995 597 3064 652 ad
3086 596 3295 654 inferos
3315 600 3718 669 praecipitavit:

2151 695 2208 739 at
2237 685 2443 755 lignum
2497 689 2677 742 crucis
2727 701 2825 742 eos
2866 687 3054 754 etiam,
3104 689 3199 758 qui
3243 690 3355 760 jam
3408 688 3492 758 ad,
3532 703 3722 743 manes

2152 775 2572 841 descenderant,
2613 777 2912 831 revocavit.
2953 777 3186 848 Liguum
3233 778 3473 848 paradisi
3518 778 3572 834 in
3604 793 3724 833 ser-

2151 868 2382 925 vitutem
2433 867 2685 934 abduxit,
2739 868 3156 939 nuditatemque
3215 869 3427 929 Adamo
3478 870 3720 930 induxit,

2152 968 2210 1016 et
2241 970 2302 1015 ut
2353 974 2477 1015 sese
2524 961 2822 1027 occuleret,
2877 960 3081 1016 effecit.
3153 963 3223 1017 At
3279 962 3486 1033 lignum
3541 961 3729 1015 erucis.

2151 1049 2426 1107 Christum
2466 1050 2520 1104 in
2572 1050 2787 1106 excelso
2826 1051 2992 1105 situm
3039 1053 3296 1107 omnibus
3360 1052 3718 1122 spectandum

2153 1140 2424 1196 exhibuit.
2473 1140 2610 1195 Nam
2662 1148 2779 1195 toto
2840 1150 3108 1196 terrarum
3165 1142 3299 1196 orbe
3360 1143 3722 1211 inspectante,

2157 1240 2414 1301 tanquam
2467 1245 2767 1301 generosus
2830 1232 3053 1301 quidam
3107 1232 3335 1291 athleta.
3385 1231 3726 1287 adversar-ias

2153 1324 2388 1379 virtutes
2427 1322 2703 1389 Christus,
2731 1322 2987 1380 sublimis
3014 1337 3081 1376 ex
3113 1322 3261 1388 ligno
3292 1322 3560 1392 pendens,
3592 1337 3725 1375 con-

2157 1415 2309 1470 trivit
2352 1423 2412 1470 et
2456 1414 2694 1484 disjecit.
2738 1414 2883 1469 Mors
2945 1413 3139 1469 Adami
3199 1423 3446 1484 posteros
3504 1396 3725 1481 quoque

2154 1506 2458 1571 damnavit,
2489 1507 2790 1576 mortisque
2823 1506 3138 1561 necessitati
3174 1505 3435 1575 subjecit;
3471 1512 3526 1558 at
3574 1519 3724 1558 mors

2153 1598 2358 1655 Christi
2433 1598 2598 1654 etiam
2647 1605 2807 1652 antea
2849 1597 3034 1665 lapsos
3073 1605 3129 1652 et
3183 1604 3432 1651 mortuos
3460 1594 3723 1657 restituit,

2156 1689 2374 1760 vitaque
2403 1689 2647 1756 donavit,
2675 1696 2733 1746 et
2748 1689 3005 1747 omnibus
3028 1688 3343 1745 hominibus
3367 1686 3562 1744 salutis
3583 1687 3726 1742 viam

2157 1780 2438 1851 patefecit.

2227 2048 2481 2106 Christus
2527 2063 2627 2106 nos
2660 2049 2892 2107 redemit
2936 2064 2967 2105 a
3016 2047 3310 2104 maledicto
3358 2046 3514 2117 legis,
3565 2045 3735 2100 male-

2160 2142 2366 2200 dictum
2403 2156 2501 2211 pro
2538 2140 2704 2200 nobis
2734 2139 2931 2195 factus.
2983 2137 3369 2202 Attendamus,
3397 2133 3731 2198 charissiml,

2160 2250 2229 2290 ne
2283 2249 2478 2288 rursus
2536 2231 2907 2288 exsecrationi
2967 2229 3349 2300 subjiciamur,
3416 2225 3605 2281 divino
3661 2223 3731 2277 ti-

2161 2338 2312 2379 more
2356 2324 2797 2392 salutaribusque
2843 2321 3048 2377 Christi
3109 2318 3399 2392 praeceptis
3445 2315 3730 2386 neglectis.

2161 2413 2321 2468 Lavit
2344 2428 2445 2469 nos
2470 2412 2725 2472 Christus
2770 2412 2822 2465 in
2860 2410 3191 2479 baptismate
3226 2425 3318 2479 per
3345 2407 3620 2461 lavacrum
3650 2420 3732 2457 re-

2160 2503 2549 2574 generationis'
2592 2511 2651 2557 et
2712 2499 3085 2555 renovationis
3131 2499 3371 2568 Spiritus
3414 2497 3612 2561 sancti,
3660 2510 3733 2550 ne

2163 2604 2506 2652 revertamur
2543 2594 2613 2648 ad
2645 2592 2915 2663 proprium
2961 2591 3214 2644 vomitum
3241 2591 3307 2645 '°.
3351 2588 3610 2660 Ejusdem
3646 2603 3734 2643 se-

2164 2704 2290 2749 cum
2327 2685 2705 2741 similitudinis
2729 2694 2786 2739 et
2831 2682 3083 2752 corporis
3127 2681 3382 2737 Christus
3426 2695 3529 2736 nos
3552 2680 3731 2735 fecit:

2163 2796 2236 2837 ne
2282 2780 2450 2850 igitur
2485 2777 2749 2833 faciamus
2793 2774 3039 2830 membra
3071 2772 3274 2829 Christi
3334 2773 3581 2829 membra
3623 2772 3738 2827 dia-

2165 2872 2316 2937 boli,
2353 2885 2585 2939 corpore
2614 2867 3011 2931 contaminato,
3052 2874 3109 2921 et
3150 2865 3316 2935 regali
3356 2856 3592 2934 imagine
3633 2864 3735 2918 0b-

2166 2968 2405 3016 scurata.
2439 2955 2813 3013 Sanctificavit
2857 2969 2959 3009 nos
2984 2954 3261 3018 Christus,
3309 2961 3366 3007 et
3416 2953 3738 3009 emendavit

2166 3068 2198 3108 a
2229 3051 2471 3122 peccatis
2508 3048 2714 3105 nostris
2741 3063 2841 3119 per
2870 3047 3176 3117 pretiosum
3221 3053 3279 3100 et
3324 3045 3733 3100 immaculatum

503 3134 612 3185 ἀπὸ
643 3134 752 3186 τῶν
791 3131 1076 3205 ἀμαρτιῶν
1106 3135 1266 3206 ἡμῶν
1293 3136 1380 3192 διά
1399 3138 1493 3191 τοῦ
1521 3138 1706 3208 τιμίου
1739 3140 1833 3193 καὶ
1859 3141 2064 3211 ἀκράν-

2166 3144 2487 3213 sanguinem
2532 3155 2717 3204 suum,
2761 3148 2826 3194 ut
2851 3138 2998 3193 omni
3050 3136 3261 3190 macula
3307 3145 3364 3190 et
3393 3150 3525 3205 ruga
3551 3149 3723 3189 carea-

502 3243 597 3277 του
622 3226 850 3295 αἵματος
873 3227 1061 3293 αὐτοῦ,
1087 3227 1228 3282 ὥστε
1270 3228 1345 3298 μὴ
1374 3228 1519 3300 ἔχειν
1543 3230 1732 3284 σπῖλόν
1759 3246 1883 3284 τινα
1910 3230 1943 3301 ἢ
1971 3232 2067 3300 ῥυ·

501 3318 646 3383 τίδα,
685 3319 822 3389 μηδέ
861 3336 915 3372 τι
945 3322 1055 3375 τῶν
1099 3321 1376 3392 ἀμορφίαν
1412 3322 1508 3374 καὶ⁵
1536 3320 1834 3392 είδέχθειαν
1875 3322 2070 3390 ἐμποιε-

503 3409 708 3463 ούντων
731 3426 745 3441 ·
787 3411 862 3482 μὴ
890 3412 1052 3464 πάλιν
1090 3412 1554 3483 σύτομολήσωμεν
1599 3412 1734 3483 πρὸς
1768 3412 1867 3482 τὴν
1891 3412 2070 3480 ἀμαρ-

502 3500 646 3566 τίαν,
704 3495 837 3571 μηδὲ
867 3501 1246 3572 ἀγαπήσωμεν
1281 3503 1382 3574 τὴν
1424 3501 1687 3556 δυσωδίαν
1714 3501 1827 3556 τῶν
1855 3502 2067 3566 παθῶν,

507 3593 601 3645 καὶ
628 3590 729 3662 τὴν
759 3592 1009 3646 ἐντεῦθεν
1028 3591 1369 3662 ἀκαθαρσίαν
1394 3592 1489 3646 τοῦ
1513 3591 1685 3666 ῥύπου
1705 3592 1814 3646 τῶν
1840 3592 2066 3663 ἡδονῶν.

508 3684 785 3754 Ἔπλησεν
838 3687 981 3755 ἡμᾶς
1010 3687 1039 3736 6
1071 3686 1304 3757 Χριστὸς
1333 3684 1510 3754 φωτὸς
1548 3685 1938 3755 λαμπροτάτου
1976 3686 2071 3740 καὶ

507 3776 774 3849 καθαροῦ’
807 3776 884 3848 μὴ
914 3777 1079 3832 πάλιν
1110 3777 1172 3831 τὺ
1197 3775 1428 3847 ζοφερὸν
1461 3778 1563 3845 τῆς
1592 3776 1868 3847 ἁμαρτίας
1919 3776 2074 3829 ἐκλε-

502 3869 726 3938 ,ξώμεθά
780 3869 990 3932 σκότος.
1028 3868 1315 3940 Ἐποίησεν
1339 3870 1489 3938 ἡμᾶς
1531 3870 1560 3922 6
1596 3868 1728 3931 Θεὸς
1772 3869 2070 3940 συσκήνους

505 3966 617 4026 τοῖς
643 3963 819 4032 ἁγίοις
850 3962 1125 4031 ἀγγέλοις,
1156 3964 1251 4018 καὶ
1294 3961 1765 4033 συγκληρονόμους
1799 3961 1906 4014 τῶν
1935 3962 2071 4014 αίω-

506 4054 634 4107 νὶων
666 4051 829 4106 αὐτοῦ
871 4051 1091 4120 ἀγαθῶν
1115 4051 1316 4120 ﬁgimus
1345 4050 1599 4119 γενέσθαι
1614 4052 1782 4119 ἡμᾶς*
1811 4049 1887 4120 μὴ
1911 4049 2073 4104 πάλιν

506 4141 916 4213 αἱρετισὼμεθα
940 4143 1038 4211 τὴν
1074 4144 1320 4213 ἀτιμίαν,
1354 4141 1447 4195 καὶ
1468 4141 1567 4208 τὴν
1591 4138 1819 4210 φθορὰν,
1847 4140 1942 4191 καὶ
1971 4139 2073 4208 τὴν

510 4230 826 4302 καταδίκην,
880 4231 1017 4284 ἀλλὰ
1064 4230 1164 4302 τὴν
1212 4229 1526 4298 ἐλευθερίαν
1574 4222 1609 4300 ᾗ
1651 4229 1885 4299 Χριστὸς
1924 4229 2074 4298 ἡμᾶς

508 4321 744 4388 ἐδόξασα,
766 4321 1239 4389 διαφυλάττωμεν,
1257 4319 1349 4374 καὶ
1379 4319 1531 4391 πάσῃ
1555 4317 1758 4387 σπουδῇ
1786 4318 1881 4371 καὶ
1900 4332 2071 4386 προσ-

508 4414 610 4482 οχῇ
658 4409 1012 4482 χρησώμεθα,
1072 4407 1293 4477 ἀδελφοί
1348 4424 1471 4478 μου,
1512 4407 1601 4460 ῐνα
1635 4401 1717 4469 οἷς
1759 4405 2073 4477 ὲκλήθημεν

2168 3249 2310 3295 mus.
2342 3241 2398 3289 et
2446 3231 2597 3287 omni
2637 3230 2751 3295 illo,
2803 3229 2949 3298 quod
2991 3226 3392 3282 deformitatem
3437 3225 3736 3294 formaeque

2169 3322 2565 3393 turpitudinem
2598 3319 2917 3386 aﬂ‘ert;‘ne
2968 3318 3152 3373 denuo
3198 3316 3268 3371 ad
3326 3316 3529 3386 ﬂagitia
3589 3316 3736 3371 ultro

2169 3415 2513 3478 accedamus,
2555 3424 2733 3480 neque
2779 3408 3071 3480 diligamus
3128 3407 3358 3462 fetorem
3400 3406 3735 3461 immodera-

2173 3515 2349 3560 tarum
2397 3501 2786 3573 cupiditatum,
2830 3500 3058 3571 ejusque
3102 3496 3456 3566 impuritatis,
3508 3512 3630 3564 qua:
3668 3511 3739 3551 ex
3780 3492 3785 3497 ⁴

2170 3594 2508 3664 voluptatum
2537 3604 2696 3648 emno
2751 3589 2987 3645 exsistit.
3047 3587 3300 3657 Replevit
3335 3602 3433 3641 nos
3483 3585 3738 3642 Christus

2170 3686 2293 3742 luce
2325 3680 2765 3751 splendidissima
2797 3689 2854 3734 et
2886 3678 3224 3748 purissima;
3259 3689 3329 3730 ne
3378 3676 3547 3745 igitur
3583 3682 3739 3729 tene-

2172 3777 2391 3832 brosam
2419 3772 2570 3829 illam
2618 3768 2984 3840 improbitatis
3012 3766 3300 3837 caliginem
3342 3764 3738 3821 subeamuan

2171 3867 2485 3936 angelorum
2553 3860 2981 3918 contubernium
3028 3857 3226 3913 ascivit
3288 3871 3391 3910 nos
3456 3856 3739 3918 Dominus,

2172 3956 2527 4024 hieredesque
2580 3960 2910 4008 aeternorum
2969 3950 3255 4004 bonorum.
3297 3946 3617 4011 constituit;
3672 3961 3741 4001 ne

2173 4049 2342 4120 igitur
2378 4045 2613 4115 amplius
2661 4044 2717 4097 in
2753 4040 3132 4112 ignominiam,
3160 4048 3218 4095 et
3256 4036 3563 4099 interitum,
3596 4044 3654 4089 et
3683 4036 3737 4089 in

2173 4135 2580 4192 damnationem
2610 4147 2711 4186 nos
2738 4130 3117 4202 conjiciamus,
3143 4129 3239 4184 sed
3270 4124 3605 4193 libertatem,
3629 4140 3744 4194 qua

2171 4227 2426 4284 Christus
2458 4240 2560 4280 nos
2615 4223 2825 4278 clarere
2854 4221 3049 4285 voluit,
3104 4219 3503 4281 custodiamus,
3562 4216 3743 4272 omni.

2174 4333 2282 4390 que
2309 4314 2591 4386 diligentia
2623 4322 2680 4370 et
2707 4311 3013 4367 attentione
3040 4310 3339 4373 enitamur,
3376 4307 3575 4362 fratres
3608 4306 3741 4373 mei,

2173 4409 2316 4466 utin
2350 4405 2461 4469 bis,
2505 4405 2563 4459 in
2605 4402 2807 4474 quibus
2850 4402 3029 4456 vocati
3081 4407 3138 4454 et
3186 4396 3469 4469 justiflcati
3530 4411 3738 4458 sumus,

511 4505 604 4558 καὶ
630 4501 1052 4572 ὲδικαιὼθημεν,
1084 4499 1378 4571 μείνωμεν.
1401 4498 1524 4552 Κᾶν
1550 4497 1659 4566 γάρ
1691 4495 1764 4566 μὴ
1796 4497 2064 4566 μείνωμεν

2176 4505 2514 4549 maneamus.
2544 4490 2679 4546 Nam
2730 4489 2776 4544 si
2822 4488 2979 4541 firmo
3022 4485 3160 4556 pede
3202 4500 3309 4540 non
3357 4485 3740 4549 consistamus,

510 4596 701 4659 οὕτως,
737 4591 853 4647 ἀλλ’
883 4593 963 4655 εἰς
992 4592 1060 4644 τά
1108 4591 1283 4645 ὀπίσω
1328 4588 1781 4659 ὑποστρέψωμεν,
1814 4586 2074 4642 κολάσεσι

512 4690 606 4743 καὶ
632 4684 921 4755 τιμωρίαις
956 4681 1467 4759 ύποὸληθησόμεθα,
1494 4682 1620 4734 ὅταν
1652 4679 1780 4749 ἔλθῃ
1809 4679 1838 4731 6
1871 4677 2075 4747 Κύριος

510 4781 602 4833 τοῦ
639 4781 821 4850 κρῖναι
852 4778 1036 4832 πᾶσαν
1064 4777 1164 4843 τὴν
1187 4773 1313 4843 γῆν.
1347 4772 1487 4827 Ἀλλ’
1512 4771 1601 4827 ἱνα
1635 4771 1710 4842 μὴ
1729 4770 1888 4823 τοῦτο
1914 4771 2075 4837 γένη-

512 4888 622 4934 ται,
652 4869 829 4931 καλῶς
871 4863 1341 4935 πολιτευσὼμεθα,
1368 4864 1459 4916 καὶ
1482 4862 1557 4924 ὡς
1581 4860 1810 4930 ἀρεστὸν
1844 4859 1921 4929 τῷ
1953 4858 2074 4929 Θεῷ

512 4960 668 5032 ἡμῶν
692 4961 1041 5029 καθαρότητα
1065 4957 1457 5025 ἀσπαζόμενοι,
1487 4953 1700 5024 δάκρυα
1727 4951 2070 5022 προχέοντες,

514 5055 802 5119 κατανυξιν
833 5050 1198 5121 πηγὼζοντες,
1249 5048 1311 5101 τὸ
1339 5047 1499 5116 σῶμα
1539 5044 1953 5106 ὑποτάσσοντες,
1977 5041 2074 5095 καὶ

514 5147 589 5210 ὡς
635 5145 816 5198 δοῦλον
845 5145 1091 5211 ἄγοντες.
1145 5141 1243 5212 τὴν
1284 5138 1463 5210 ψυχὴν
1515 5140 1627 5200 τοῖς
1677 5135 2074 5205 πνευματικοῖς

515 5239 691 5305 λόγοις
733 5236 829 5289 καὶ
856 5237 1039 5303 ἔργοις
1073 5230 1467 5300 ζωογονοῦντες
1522 5231 1618 5284 καὶ
1667 5226 2073 5297 διατρέφοντες,

514 5330 583 5380 τὰ
602 5325 737 5396 ἔργα
765 5324 860 5378 τοῦ
894 5323 1028 5377 Θεοῦ
1058 5321 1393 5395 ἀρραθύμως
1426 5318 1819 5381 ἐπιτελοῦντες,
1848 5315 1941 5369 καὶ
1973 5330 2078 5386 μη-

512 5417 676 5480 δὸοι.ως
698 5414 1181 5478 ἁπονυστάξαντες.

594 5590 752 5658 ζ¹.,Εί
780 5588 838 5643 δὲ
885 5589 978 5641 καὶ
1013 5587 1409 5659 ρᾳθυμήσομεν
1461 5586 1556 5638 καὶ
1584 5582 1957 5652 ἀμελήσομεν,
2000 5578 2082 5632 ὅτι

589 5766 610 5798 ⁸
649 5763 848 5835 Ephes.
918 5780 972 5830 ν,
1037 5762 1126 5818 ἳθ.
1205 5763 1248 5794 ¹⁰
1290 5761 1332 5816 ll
1370 5761 1518 5818 Petr.
1585 5775 1643 5822 ιι,
1691 5759 1776 5814 2‘2.

2176 4583 2272 4641 sed
2298 4592 2605 4638 retrorsum
2643 4587 3016 4649 respectemus
3057 4585 3115 4631 et
3154 4575 3486 4640 resiliamus,
3532 4574 3745 4629 crucia—

2175 4675 2325 4729 tibus
2369 4680 2426 4728 et
2467 4668 2752 4741 suppliciis
2807 4667 3184 4737 subjiciemur,
3245 4665 3467 4735 quando
3528 4664 3745 4719 venerit

2175 4761 2464 4827 Dominus,
2500 4761 2817 4815 universum
2851 4758 3041 4812 orbem
3074 4765 3343 4811 terrarum
3372 4754 3740 4825 judicaturus.

2174 4854 2379 4908 Verum
2405 4864 2475 4906 ne
2513 4851 2620 4906 hoc
2648 4847 2885 4914 eveniat,
2917 4856 3066 4902 recte
3104 4846 3270 4899 vitam
3298 4854 3540 4900 nostram
3582 4844 3741 4900 insti-

2176 4954 2416 5007 tuamus,
2456 4951 2513 4997 et
2537 4949 2596 4995 ut
2626 4939 2736 4994 Deo
2763 4948 2978 5009 gratum
3022 4946 3421 5005 acceptumque
3450 4944 3557 5002 est,
3587 4938 3742 5006 puri-

2176 5042 2343 5089 tatem
2375 5029 2788 5100 amplectamur,
2822 5027 3092 5089 lacrymas
3121 5025 3434 5087 fundamus,
3460 5026 3746 5081 contritio-

2177 5138 2303 5179 nem
2338 5133 2395 5178 et
2429 5118 2803 5190 penitentiam
2842 5117 2998 5188 quasi
3034 5116 3324 5180 stillemus,
3350 5131 3550 5185 corpus
3576 5117 3746 5190 subji-

2179 5215 2386 5271 ciamus
2414 5224 2469 5269 et
2501 5213 2646 5268 servi
2690 5212 2861 5265 instar
2923 5216 3243 5273 tractemus,
3286 5208 3526 5261 animam
3582 5188 3746 5277 spiri-

2180 5302 2424 5360 tualibus
2468 5300 2813 5357 documentis
2858 5309 2915 5352 et
2964 5297 3123 5353 factis
3173 5296 3351 5350 vivam
3402 5305 3461 5351 et
3498 5306 3744 5366 vegetam

2179 5395 2479 5451 efﬁciamus
2507 5404 2562 5448 et
2592 5394 2821 5457 alamus,
2862 5406 3026 5461 opera
3064 5389 3160 5444 Dei
3213 5388 3443 5467 impigre
3479 5402 3748 5457 exaequa-

2184 5502 2327 5553 mur,
2361 5500 2537 5555 neque
2567 5498 2806 5552 unquam
2836 5483 3203 5538 somniculose
3230 5497 3475 5554 agamus.

2256 5578 2308 5631 7.
2330 5576 2485 5644 Quod
2506 5577 2549 5632 si
2571 5575 2895 5648 pigritemur
2918 5585 2972 5630 et
2999 5576 3055 5631 in
3089 5572 3745 5645 soeordiamincidamus,
