4058 6478
353 362 454 430 731

1407 375 1826 437 PI-IILOTI’IEI
1869 379 1978 439 CP.
2025 379 2534 442 PATRIARCHAZ

3490 371 3598 436 732

352 480 561 537 Deinde
614 480 911 552 obsignans
937 485 1000 538 ad
1042 488 1432 542 auctoritatem
1493 489 1920 560 irrefragabilem

2033 494 2242 562 χίστων,
2267 496 2356 547 καὶ
2378 490 2595 554 διδάξας
2622 489 2762 542 οὕτω
2789 490 2914 551 τοὺς
2942 487 3279 556 ἀνθρώπους,
3313 487 3598 559 ἐλάχιστος

351 572 520 626 verba
573 587 692 637 sua,
741 573 876 628 dicit
917 593 931 630 :
975 595 992 628 ι
1027 574 1237 632 Ccelum
1287 588 1342 633 et
1381 591 1523 634 terra
1583 582 1919 644 transibunt,

356 664 518 716 verba
545 672 728 718 autem
763 680 882 720 mea
915 682 1024 721 non
1059 670 1370 724 transibunt
1402 671 1443 723 ⁸.
1490 690 1508 722 ι

430 922 481 976 2.
508 925 959 995 Quandoquidem
990 926 1159 998 igitur
1216 944 1325 983 non
1349 938 1433 984 est
1462 931 1718 998 possibile
1746 932 1928 985 salva-

359 1015 427 1079 ri,
467 1026 557 1068 aut
586 1031 614 1068 a
648 1018 896 1086 gehenna
943 1019 1161 1072 liberari
1227 1036 1350 1072 cum
1397 1023 1491 1089 qui
1545 1023 1794 1076 mandata
1825 1023 1930 1075 Do-

363 1104 495 1156 mini
551 1120 658 1157 non
700 1115 900 1170 servat,
945 1107 1075 1160 totis
1137 1108 1344 1162 viribus
1391 1123 1654 1162 conemur
1710 1126 1927 1163 servare

363 1193 453 1246 illa
491 1205 545 1247 et
579 1210 804 1262 corpore
837 1203 892 1248 et
915 1197 1129 1264 spiritu.
1174 1197 1431 1261 Quasdam
1498 1199 1642 1251 enim
1683 1199 1925 1266 ipsorum

359 1291 481 1338 actu
513 1285 761 1352 corporis
819 1295 1129 1353 servantur,
1203 1287 1449 1356 quasdam
1503 1288 1928 1358 cogitationibus

359 1381 414 1425 et
439 1372 730 1427 aD‘ei-tibus
757 1373 962 1428 cordis.
1000 1375 1128 1429 Alia
1164 1391 1356 1430 rursus
1393 1375 1460 1429 ad
1493 1377 1576 1430 sui
1605 1377 1927 1431 exsecutio-

361 1477 482 1514 nem
512 1463 1056 1534 indigent_concursu
1090 1466 1470 1534 operationum
1505 1466 1701 1520 animae
1725 1468 1928 1535 pariter

359 1568 423 1605 ac
455 1557 722 1621 corporis.
749 1555 993 1624 Exempli
1025 1556 1220 1625 gratia,
1250 1557 1456 1612 vestire
1493 1557 1698 1612 nudum
1729 1568 1784 1612 et
1822 1557 1928 1616 mi-

359 1643 592 1698 nistrare
634 1645 890 1708 infirmo,
931 1647 1201 1715 corporali
1261 1647 1552 1716 perficitur
1620 1647 1927 1717 obsequio;

360 1733 437 1785 uti
467 1743 519 1788 el
547 1735 695 1788 alere
749 1749 1068 1804 pauperem,
1116 1753 1180 1793 ac
1225 1739 1446 1799 similia.
1492 1754 1832 1810 quascunque
1860 1739 1926 1792 ad

357 1829 660 1894 corporalia
695 1827 867 1882 oﬂicia
903 1829 1203 1896 pertinent,
1234 1845 1354 1899 quae
1380 1831 1638 1901 pleraque
1659 1831 1934 1885 saeculari-

278 1927 286 1938 ‘
337 1905 463 1969 .bus
493 1918 545 1971 in
587 1920 696 1972 vita
752 1919 896 1972 civili
937 1920 1108 1974 Deum
1170 1921 1479 1977 colentibus
1513 1929 1686 1990 magis
1726 1935 1926 1975 conve-

365 2009 549 2062 niunt.
586 2011 653 2063 At
691 2025 878 2064 aiuare
914 2010 1108 2074 Deum,
1162 2012 1311 2081 quod
1351 2013 1565 2068 cunctis
1620 2011 1933 2068 hominibus

367 2100 708 2168 praecipitur,
737 2100 961 2154 omnino
989 2109 1112 2172 eget
1156 2102 1374 2157 actione
1406 2103 1625 2164 mentis.
1652 2103 1720 2158 ab
1750 2105 1931 2158 omni-

359 2190 460 2242 bus
488 2190 708 2258 quidem
760 2191 824 2243 ad
867 2192 918 2246 id
983 2193 1288 2247 adhibenda
1319 2232 1333 2255 ,
1394 2194 1575 2248 studio
1624 2203 1802 2253 tamen
1829 2196 1930 2248 im-

363 2279 599 2345 pensiori
627 2297 654 2333 a
691 2281 966 2336 crucilixis
1008 2286 1208 2336 mundo
1237 2285 1543 2338 monachis.

428 2370 481 2422 5.
509 2370 646 2424 Sunt
681 2379 863 2425 autem
897 2373 1041 2427 intra
1067 2373 1311 2442 quaedam
1343 2373 1596 2428 mandata
1646 2375 1748 2429 alia
1781 2390 1932 2428 manv

357 2457 482 2510 data
523 2460 940 2528 comprehensa,
977 2463 1051 2516 ila
1093 2473 1152 2517 ut
1204 2463 1294 2516 illa
1334 2465 1488 2529 quasi
1523 2465 1650 2519 ficta
1688 2466 1770 2519 vel
1804 2481 1930 2534 gra—

361 2547 483 2599 vida
518 2548 647 2610 sint,
692 2549 880 2604 alteris
921 2551 1067 2604 intus
1120 2552 1347 2608 inclusis
1403 2557 1764 2622 pra-gnaiitia.
1799 2553 1930 2606 Nam

357 2639 541 2707 aliqua
577 2655 607 2692 e
655 2640 1060 2708 spiritualibus.
1089 2643 1158 2696 de
1206 2643 1408 2711 quibus
1465 2644 1600 2709 dixi,
1663 2644 1933 2703 mandatis

359 2728 581 2780 multam
628 2730 844 2784 turbam
903 2731 1273 2799 cerpnralium
1335 2735 1664 2794 continent,
1719 2735 1774 2788 in
1823 2745 1933 2786 uno

361 2828 681 2874 truncantes
745 2820 915 2874 multa
981 2821 1229 2876 membra
1281 2823 1391 2878 Deo
1444 2824 1634 2878 iuvisse
1686 2823 1929 2876 malitiae.

359 2907 573 2961 Etenim
599 2923 718 2976 quae
746 2909 1435 2981 spiritualiterimplentur
1494 2912 1676 2966 divina
1711 2913 1933 2966 manda-

359 3007 410 3051 ta
437 3037 452 3060 ,
485 2998 587 3052 hoc
616 3007 720 3062 est,
755 3015 988 3069 quorum
1045 3003 1325 3058 exsecutio
1376 3003 1610 3058 interius
1652 3003 1706 3057 in
1734 3017 1932 3058 arcana

359 3088 559 3143 mentis
587 3090 806 3145 actione
833 3090 936 3145 sita
971 3101 1073 3158 est,
1109 3108 1174 3147 ea
1215 3095 1401 3164 utique
1443 3096 1677 3149 maxime
1702 3095 1928 3149 manda-

366 3179 437 3232 tis
497 3182 767 3249 corporali
818 3183 1173 3239 exsecutione
1237 3185 1619 3240 constantibus
1665 3194 1926 3254 praesunt,

355 3284 531 3340 eaque
581 3272 890 3342 perficiunt.
920 3273 1167 3345 Exempli
1212 3277 1383 3346 gratia
1431 3292 1608 3332 causa:
1662 3277 1930 3333 castitatis

357 3377 485 3419 sunt
554 3365 840 3436 jejunium,
890 3368 1252 3433 continentia,
1311 3368 1530 3439 vigiliae,
1601 3369 1930 3424 exercitatio

2031 584 2362 652 κληθήσεται
2394 586 2452 634 ἐν
2485 585 2550 651 τῇ
2605 582 2850 652 βασιλείᾳ
2900 578 3008 632 τῶν
3069 578 3335 648 οὐρανῶν.
3409 598 3428 631 ι
3471 574 3598 632 Εἶτα

2029 675 2432 742 ἐπισφραγίσας
2459 675 2565 725 τῶν
2591 671 2782 725 ἐαυτοῦ
2819 672 2990 738 λόγων
3021 671 3083 722 τὸ
3121 670 3362 738 βέόαιον,
3392 671 3556 738 φησίν
3577 686 3591 701 ·

2037 787 2056 818 ι
2105 768 2164 819 '0
2197 766 2420 835 οὐρανὸς
2465 766 2558 817 καὶ
2593 768 2623 832 ἡ
2663 764 2735 832 γῆ
2787 762 3228 833 παρελεύσεταιο
3267 761 3317 814 οἱ
3354 759 3410 813 δὲ
3444 760 3586 830 λόγου

2033 875 2135 918 μου
2163 858 2223 908 ού
2255 856 2327 924 μὴ
2354 857 2721 922 παρέλθωσιν.
2759 873 2778 906 ι

2103 945 2170 1013 β’.
2221 947 2373 998 Ἐπεὶ
2405 941 2498 998 οὖν
2535 946 2634 998 ούκ
2665 945 2742 996 ἔνι
2788 944 3046 1012 σωθῆναι,
3077 941 3111 1008 ἥ
3143 941 3238 1010 τῆς
3253 940 3476 1009 γεέννης
3508 941 3584 1004 ῥυι

2032 1035 2226 1102 σθῆναι
2253 1035 2344 1086 τὸν
2377 1034 2452 1103 μὴ
2483 1034 2580 1094 τὰς
2609 1032 2830 1092 ἐντολὰς
2859 1031 2954 1084 τοῦ
3001 1031 3208 1100 Κυρίου
3235 1030 3594 1096 φυλάττοντα,

2030 1127 2182 1196 πάσῃ
2209 1125 2439 1193 δυνάμει
2471 1123 2868 1192 ἀγωνισώμεθα
2894 1122 3128 1192 φυλάξαι
3177 1120 3345 1182 αύτὰς
3371 1124 3461 1170 καὶ
3490 1118 3592 1170 σῶ-

2033 1233 2163 1285 ματι
2197 1217 2290 1267 καὶ
2327 1215 2600 1282 πνεύματι
2632 1230 2646 1244 °
2679 1213 2796 1266 ἐστι
2839 1215 2948 1280 γὰρ
2977 1211 3210 1280 φωάξαι
3237 1209 3388 1271 τινὰς
3417 1207 3597 1262 αὐτῶν

2029 1309 2087 1360 ἐν
2116 1305 2350 1375 σώματι,
2384 1306 2478 1358 καὶ
2511 1304 2656 1357 ἐστιν
2698 1304 2930 1365 ἐννοίαις
2955 1305 3014 1357 ἐν
3040 1303 3239 1372 καρδίᾳ
3279 1301 3592 1368 διατηρεῖνο

2029 1397 2123 1449 καί
2161 1395 2316 1448 ἄλλαι
2348 1393 2514 1446 πάλιν
2557 1394 2829 1446 ἐνδέονται
2881 1395 3018 1462 πρὸς
3066 1392 3344 1444 τελείωσιν
3391 1389 3596 1442 ἐαυτῶν

2029 1485 2122 1537 καὶ
2152 1485 2249 1552 τῆς
2304 1482 2481 1551 ψυχῆς
2527 1483 2621 1535 καὶ
2672 1481 2765 1535 τοῦ
2815 1481 3066 1551 σώματος
3093 1496 3110 1510 ο
3140 1475 3248 1532 οἷον
3283 1479 3343 1531 τὸ
3386 1477 3595 1530 ἐνδύσαι

2030 1573 2257 1642 γυμνὸν,
2300 1575 2394 1626 καὶ
2435 1570 2768 1644 ἀσθενοῦντα
2799 1570 3226 1640 ἐπισκέψασθαι,
3263 1568 3595 1637 σωματικῶς

2031 1665 2361 1718 ἐπιτελεῖται
2386 1681 2398 1695 ·
2427 1663 2500 1728 ὡς
2532 1665 2624 1717 καὶ
2665 1663 2727 1715 τὸ
2754 1662 2954 1733 θρέψαι
2980 1663 3207 1731 πένητα,
3238 1660 3425 1714 καὶτὰ
3463 1658 3596 1711 ἄλλα

2032 1757 2133 1810 ὅσα
2157 1758 2284 1824 περὶ
2305 1755 2412 1809 τῶν
2443 1753 2768 1823 σωματικῶν
2815 1753 3199 1822 δικαιωμάτων
3233 1750 3375 1803 εἰσίν
3398 1765 3412 1779 ·
3444 1750 3598 1802 ἆτινα

1969 1822 2005 1873 Β
2035 1822 2320 1916 κοσμικοϊς
2354 1822 2558 1914 μᾶλλον
2586 1843 2653 1915 τᾲ
2683 1843 2907 1896 πλείονα
2951 1843 3166 1910 ἀνήκει.
3199 1841 3272 1892 Τὸ
3314 1838 3596 1907 ἀγαπῆσαι

2032 1938 2088 1990 δὲ
2141 1936 2233 1989 τὸν
2279 1936 2411 1988 Θεὸν
2459 1936 2550 1987 καὶ
2607 1932 2930 2004 ἀνθρώπους
2963 1932 3170 2002 νοητῶς
3201 1932 3407 1984 δέονται
3435 1926 3500 1982 αὖ
3538 1928 3597 1980 τ’

2032 2026 2267 2097 ἔμπαλιν
2305 2022 2668 2092 φυλάττεσθαι
2697 2025 2754 2076 ἐν
2803 2023 3009 2093 σπουδῇ
3059 2022 3266 2076 πλείονι
3313 2021 3462 2091 παρὰ
3487 2020 3596 2082 τοῖς

2032 2110 2470 2187 ἐσταυρωμένοις
2499 2113 2574 2186 τῷ
2609 2115 2799 2183 κόσμῳ
2839 2115 3113 2184 μοναχοῖς.

2103 2343 2174 2442 γνῖ
2206 2374 2326 2427 Είσὶ
2355 2371 2409 2426 δέ
2444 2373 2596 2432 ἐντὸς
2624 2370 2734 2423 τῶν
2768 2367 2996 2422 ἐντολῶν
3023 2366 3213 2436 ἐτεραι
3257 2363 3469 2417 ἐντολαὶ
3501 2380 3597 2417 πε-

2033 2462 2352 2534 ριεκτικώτε
2364 2479 2454 2530 ραι
2484 2461 2596 2512 τῶν
2624 2457 2952 2528 σωματικῶν
2997 2456 3131 2510 πολὺ
3163 2454 3390 2524 πλῆθος,
3419 2453 3514 2506 καὶ
3541 2455 3597 2505 ἐν

2031 2552 2221 2609 αὐταῖς
2251 2551 2394 2603 αὐτὰ
2419 2548 2796 2619 περιέχουσαι.
2835 2546 2930 2598 καὶ
2956 2543 3044 2613 ὑφ’
3073 2543 3132 2597 ἓν
3163 2543 3595 2612 περικόπτουσαι

2033 2641 2206 2694 πολλὰ
2240 2639 2407 2708 μόρια
2450 2639 2548 2705 τῆς
2573 2635 2865 2705 θεομισοῦς
2887 2634 3088 2697 κακίας
3115 2649 3130 2663 ·
3168 2635 3225 2686 αἱ
3258 2635 3367 2701 γὰρ
3394 2633 3600 2698 νοητῶς

2031 2731 2358 2800 τελούμεναι
2418 2729 2562 2781 θεῖαι
2593 2726 2829 2790 ἐντολαὶ,
2865 2724 3012 2779 τοῦτ’
3061 2726 3210 2778 ἐστιν
3242 2725 3339 2777 ὅσα
3367 2723 3457 2776 διὰ
3504 2720 3598 2772 τοῦ

2033 2823 2148 2887 νοὸς
2189 2821 2391 2890 μᾶλλον
2430 2817 2710 2888 μυστικῶς
2733 2815 3149 2884 ἐπιτελούμενα,
3176 2816 3336 2867 αὑταὶ
3363 2811 3600 2882 μάλιστά

2031 2914 2095 2982 γέ
2134 2915 2241 2965 εἰσι
2274 2911 2381 2964 τῶν
2411 2908 2736 2979 σωματικῶς
2777 2909 3084 2976 γενομένων
3107 2907 3370 2975 ἄρχουσαι
3395 2903 3486 2956 καὶ
3509 2920 3601 2956 τεο

2031 3005 2299 3068 λεστικαὶ,
2322 3004 2398 3066 ὡς
2421 3002 2596 3056 αἰτίαι
2627 3001 2872 3069 ἁγνείας,
2900 3001 3121 3070 νηστεία
3150 3000 3243 3053 καὶ
3285 2998 3598 3069 ἐγκράτεια,

2034 3099 2124 3152 καὶ
2157 3095 2462 3167 ἀγρυπνία,
2512 3093 2609 3146 καὶ
2637 3093 2874 3161 ἄσκησις
2907 3093 2965 3143 ἐν
2997 3090 3322 3144 ταπεινώσει
3348 3101 3365 3118 ⁸
3415 3089 3489 3149 ὡς
3515 3087 3602 3139 αἴ-

2031 3207 2146 3243 τιον
2190 3187 2350 3242 πάλιν
2414 3185 2712 3255 ἀοργησίας
2757 3183 2951 3246 πένθος
3001 3181 3210 3244 οἰκείας
3246 3179 3463 3250 ψυχῆς·
3507 3178 3603 3230 καὶ

2031 3277 2107 3341 ὡς
2138 3276 2312 3336 αἴτιος
2337 3272 2490 3344 ἣλιος
2521 3272 2756 3342 φέγγους
2802 3269 3056 3342 σελήνης,
3083 3268 3227 3322 οὓτω
3259 3265 3366 3337 χρὴ
3402 3265 3601 3318 ἐννοεῖν

2006 3365 2166 3436 ’περὶ
2204 3365 2431 3418 τούτων.

357 3462 610 3531 religiosa
662 3463 716 3516 in
764 3463 1090 3518 humilitate.
1122 3463 1333 3518 Rursus
1356 3479 1516 3518 causa
1551 3461 1988 3518 mansuetudinis
2018 3470 2102 3517 est
2142 3461 2321 3516 luctus
2389 3457 2458 3513 de
2516 3457 2752 3528 propriis
2797 3454 3037 3514 miseriis
3081 3453 3278 3508 anima:
3333 3454 3598 3522 cujusvis.

359 3570 520 3609 sensu
574 3565 629 3608 et
664 3570 896 3610 maerore
947 3560 1218 3610 malorum
1270 3572 1492 3611 suorum
1538 3558 1608 3612 ab
1635 3557 1920 3618 irascendo
1959 3554 2154 3611 alienis
2185 3553 2514 3611 avertendae.
2547 3553 2688 3616 [st-ae,
2733 3552 2978 3621 inquam,
3009 3565 3185 3606 causae
3217 3560 3346 3605 sunt
3384 3552 3597 3615 liaruiu,

359 3647 504 3701 sicut
533 3647 624 3700 lux
647 3647 779 3700 solis
804 3660 966 3699 causa
994 3657 1078 3701 est
1109 3646 1416 3717 splendoris
1437 3649 1602 3704 lunae.

432 3743 485 3796 4.
519 3742 596 3796 Ita
628 3740 974 3796 sentiendum
999 3751 1402 3811 consequenter
1426 3751 1512 3798 est
1537 3743 1607 3798 de
1639 3741 1940 3798 virtutibus

359 3833 554 3887 anima:
587 3847 722 3900 quas
772 3832 916 3887 Deus
965 3833 1230 3902 praecipit,
1287 3848 1517 3904 quisque
1554 3834 1689 3888 tales
1720 3841 1848 3888 sunt
1881 3842 1939 3886 ut

360 3923 504 3977 intra
556 3937 652 3976 eas
694 3922 1108 3992 contineantur,
1137 3933 1194 3979 et
1223 3939 1290 3979 ex
1319 3925 1388 3978 iis
1415 3923 1718 3994 procedant
1746 3922 1937 3977 obser-

360 4011 611 4065 vationes
662 4013 971 4068 exteriores
1021 4029 1209 4069 rerum
1260 4015 1468 4085 pariter
1495 4024 1930 4090 'prseceptarum.

360 4103 578 4158 Priores
596 4105 647 4156 in
672 4104 854 4158 cordis
872 4104 1065 4160 intimo
1083 4107 1206 4162 sinu
1221 4115 1494 4176 conceptae
1520 4107 1672 4163 :alia:
1697 4122 1793 4177 per
1805 4119 1932 4161 cor-

363 4209 466 4263 pus
493 4205 838 4262 exercentur;
872 4196 965 4251 sed
1001 4199 1084 4251 vis
1107 4213 1172 4251 ac
1206 4198 1372 4252 robur
1388 4199 1452 4252 ad
1479 4198 1576 4252 has
1603 4212 1660 4253 et
1679 4198 1940 4253 inchoan-

363 4285 482 4348 das,
501 4295 554 4339 et
582 4286 636 4338 in
662 4285 902 4340 futurum
928 4287 1421 4353 conservandas,et
1453 4302 1622 4357 usque
1654 4289 1720 4343 ad
1757 4289 1937 4358 perfe-

2109 3741 2174 3795 6'.
2212 3740 2321 3792 Kal.
2359 3739 2584 3800 εἰκότως
2611 3735 2774 3790 τοῦτο
2807 3736 2901 3788 καὶ
2949 3735 3242 3790 ἀκόλουθον
3273 3735 3481 3800 γίνεται
3509 3733 3600 3787 ἐπὶ

2034 3833 2282 3902 ψυχικῶν
2304 3831 2534 3899 ἀρετῶν,
2561 3828 2626 3891 ἃς
2653 3829 3008 3899 περιεκτικὰς
3055 3827 3271 3888 ἐντολὰς
3304 3825 3490 3877 καλεῖν
3519 3825 3599 3877 oi-

2033 3927 2202 3995 δαμεν
2222 3939 2236 3955 ο
2266 3923 2362 3976 καὶ
2391 3921 2448 3973 αἱ
2483 3921 2581 3990 μὲν
2613 3921 2751 3991 μέσῃ
2781 3919 2978 3990 καρδίᾳ
3003 3918 3310 3980 τελούνται,
3345 3919 3401 3970 αί
3427 3917 3485 3970 δέ
3512 3916 3600 3970 διὰ

2034 4017 2286 4084 σώματος
2313 4029 2327 4043 ’
2363 4013 2458 4066 καὶ
2486 4011 2673 4073 σθένος
2720 4014 2840 4075 ταῖς
2898 4012 3140 4081 πρώταις
3172 4010 3480 4078 πρόσεστιν,
3525 4008 3602 4071 ὡς

2043 4105 2249 4175 μᾶλλον
2279 4104 2418 4175 πρὸς
2438 4101 2499 4156 τδ
2525 4101 2720 4170 μέλλον
2746 4102 2846 4170 τῆς
2870 4101 3208 4170 τελειότητος
3234 4100 3485 4170 ἐχούσαις
3505 4099 3602 4168 τὴν

2037 4195 2252 4250 νεῦσινο
2282 4194 2420 4265 πρὸς
2442 4193 2551 4262 γὰρ
2573 4191 2634 4244 τὸ
2666 4192 2856 4260 μέλλον
2887 4192 2920 4262 ἡ
2953 4193 3033 4255 εἰς
3064 4192 3198 4245 Θεὸν
3221 4191 3483 4250 ἀνάϐασις
3507 4189 3603 4242 καὶ

2038 4289 2229 4357 ἀγάπη
2249 4287 2560 4358 ἀκορέστως
2610 4285 2981 4356 στορέννυται,
3039 4283 3112 4346 ὡς
3136 4284 3239 4353 ἔφη
3269 4287 3296 4336 ό
3319 4285 3602 4352 προφήτης

363 4373 601 4430 ctionem
623 4375 1018 4445 promovendas
1038 4391 1102 4429 ex
1121 4376 1226 4432 illis
1243 4377 1382 4432 ﬂuit.
1398 4379 1454 4431 lu
1474 4378 1716 4434 futurum
1741 4378 1932 4448 quippe

2039 4380 2233 4433 Δαϐίδο
2264 4397 2283 4430 ι
2311 4377 2773 4448 Χορτασθήσομαι
2792 4376 2867 4446 τῷ
2885 4376 3118 4444 ὀφθῆναι
3140 4377 3238 4444 τὴν
3259 4375 3415 4439 δόξαν
3439 4393 3554 4431 σου.
3579 4395 3597 4426 ι

364 4463 729 4528 imminent,et
749 4464 923 4532 primo
943 4479 1007 4520 ac
1033 4467 1282 4534 praesenti
1307 4467 1449 4523 haud
1469 4477 1741 4525 contentae
1758 4479 1941 4536 gustu,

2053 4471 2248 4526 Ἢνίκα
2277 4469 2571 4542 τρανοῦταί
2607 4487 2697 4540 μοι
2761 4467 2902 4538 αὕτη
2932 4464 3054 4532 ὦδε,
3083 4470 3179 4522 καὶ
3203 4469 3442 4538 ὁπηνίκα
3460 4468 3605 4521 λυθῶ

359 4553 668 4624 augmentis
678 4568 892 4622 semper
910 4555 1264 4613 ulterioribus
1285 4558 1526 4614 inhiant:
1542 4560 1773 4616 elevatio
1791 4577 1932 4616 men-

2048 4564 2300 4636 τρανωθῇ
2329 4580 2417 4632 μοι
2447 4562 2549 4625 ἐτι,
2570 4562 2960 4633 φωτεινότερον
2994 4562 3150 4624 σέλας
3175 4560 3393 4632 ἔχουσα.

364 4647 434 4702 tis
464 4649 516 4702 in
552 4649 718 4704 Deum
735 4649 1061 4716 etcharilas,
1085 4651 1486 4719 insatiabiliter,
1516 4655 1671 4711 utsic
1685 4656 1888 4721 dicam,
1908 4657 2135 4724 satiatae,
2162 4668 2221 4712 ut
2255 4660 2331 4715 ait
2353 4657 2619 4728 propheta
2642 4657 2804 4712 David
2843 4673 2855 4710 :
2881 4675 2900 4710 ι
2929 4656 3178 4712 Satiabor
3205 4673 3326 4720 cum
3345 4670 3606 4726 apparueI

365 4739 438 4793 rit
474 4740 644 4810 gloria
676 4752 766 4798 tua
785 4745 828 4796 ⁵.
889 4762 908 4796 ι
952 4743 1066 4799 Hoc
1105 4753 1188 4799 est
1221 4763 1235 4800 :
1272 4747 1513 4802 satiabor
1545 4747 1724 4804 adhuc
1751 4749 1944 4804 vivens
1999 4751 2439 4806 manifestatione
2491 4750 2663 4819 qualis
2693 4759 2819 4805 tunc
2860 4749 2994 4803 mihi
3047 4759 3227 4815 potest
3269 4749 3387 4803 dari
3423 4747 3607 4817 gloria:

367 4840 474 4885 tuae
507 4850 523 4886 :
571 4835 663 4888 sed
723 4835 898 4889 multo
931 4836 1102 4905 magis
1147 4829 1366 4906 quando
1396 4839 1660 4895 dissolvar
1691 4840 1933 4894 satiabor
1971 4840 2129 4912 longe
2165 4842 2405 4896 uberiori
2441 4841 2610 4910 pleme
2627 4841 2736 4911 jam
2762 4841 2896 4895 lucis
2923 4842 3065 4896 illius
3095 4840 3323 4910 allapsu.

437 4924 775 5006 5..Quoniam
795 4927 980 4996 igitur,
995 4937 1054 4984 ut
1071 4927 1277 4983 dictum
1294 4941 1398 4996 est,
1416 4932 1664 5000 quaedam
1681 4932 1937 4986 mandata

367 5015 732 5084 corporaliter
759 5028 990 5085 possunt
1017 5022 1356 5076 exsecutioni
1389 5023 1663 5090 mandari,
1685 5024 1936 5093 quaedam

370 5120 564 5162 rursus
592 5121 703 5161 non
735 5107 842 5163 nisi
874 5109 925 5162 vi
956 5110 1141 5166 cordis
1174 5127 1377 5168 arcane
1415 5115 1717 5183 operantis,
1750 5123 1806 5169 et
1842 5130 1940 5185 per

373 5195 644 5251 actionem
676 5196 950 5253 internam
987 5201 1202 5265 animai,
1230 5217 1330 5273 age
1363 5203 1671 5266 videamus.
1705 5221 1939 5275 quomo-

371 5287 445 5340 do
494 5302 559 5342 ea
599 5287 784 5343 divina
839 5290 1116 5356 mandata,
1158 5309 1280 5363 qua;
1338 5293 1469 5350 foeta
1503 5305 1560 5350 et
1607 5296 1940 5366 praegnantia

376 5378 592 5443 vocavi,
649 5381 967 5436 contineant
1022 5382 1162 5438 intra
1218 5399 1277 5439 se
1323 5384 1451 5450 alia,
1485 5385 1602 5441 haec
1639 5386 1765 5441 dico
1819 5402 1940 5456 qua:

376 5484 548 5524 unum
601 5471 805 5540 aliquid
841 5481 1112 5542 spectant,
1145 5485 1200 5530 et
1250 5474 1407 5545 plura
1448 5476 1597 5544 licet,
1623 5494 1688 5534 ex
1724 5495 1834 5536 uno
1862 5491 1941 5534 ta-

375 5577 503 5620 men
551 5571 792 5620 manant.
829 5583 847 5616 ι
883 5565 1150 5636 Audistis,
1181 5567 1256 5624 ait
1280 5568 1553 5636 Christus,
1579 5571 1705 5641 quia
1731 5571 1936 5628 dictum

459 5742 478 5773 ⁸
505 5740 688 5796 Matth.
720 5759 866 5810 xxiv,
901 5745 991 5802 35.
1071 5747 1091 5779 '
1119 5747 1260 5803 Psal.
1291 5763 1403 5812 xvi,
1443 5749 1528 5802 15.

2107 4931 2169 4986 ε’.
2201 4932 2411 4988 Ούκοῦν
2433 4933 2642 5002 ἐπειδὴ,
2673 4933 2746 4996 ὡς
2777 4933 3012 5003 εἴρηται,
3044 4933 3100 4986 αί
3127 4931 3225 5001 μὲν
3246 4931 3355 4985 τῶν
3378 4931 3605 4984 ἐντολῶν

2041 5025 2363 5094 σωματικῶς
2395 5023 2652 5078 δύνανται
2683 5022 3068 5086 ἐπιτελεῖσθαι,
3099 5024 3154 5074 αἱ
3180 5022 3236 5074 δὲ
3268 5021 3601 5090 καρδιακῶς,

2040 5116 2206 5185 ἤγουν
2233 5114 2482 5186 ψυχικῶς
2508 5131 2522 5145 ·
2557 5115 2778 5182 ἴδωμεν,
2812 5115 2861 5166 εί
2891 5115 3059 5177 δοκεῖ,
3087 5112 3202 5175 πῶς
3244 5113 3300 5165 αἱ
3328 5129 3602 5180 περιεκτι-

2046 5208 2140 5258 καὶ
2177 5206 2320 5259 θεῖαι
2367 5205 2576 5259 ἐντολαὶ
2615 5204 2714 5264 τὰς
2745 5203 2964 5266 ἐντολὰς
3019 5203 3170 5264 ἐντὸς
3199 5201 3406 5270 ἔχουσι,
3464 5204 3608 5268 φημὶ

2043 5296 2107 5368 δὴ
2160 5298 2256 5361 τὰς
2307 5297 2528 5358 ἐνικάςο
2587 5314 2606 5347 ι
2656 5294 2956 5349 Ἠκούσατε
2986 5296 3067 5348 ὅτι
3120 5293 3317 5364 ἐρῤἐθη
3356 5293 3471 5354 τοῖς
3509 5294 3604 5360 ἀρ-

2045 5389 2222 5458 χαίοις
2242 5403 2257 5419 ·
2288 5387 2364 5440 Ού
2396 5384 2712 5454 φονεύσεις·
2741 5384 2798 5446 ὃς
2822 5384 2865 5435 δ’
2896 5383 2961 5437 ἂν
2991 5382 3224 5452 φονεύσῃ
3250 5380 3432 5449 ἔνοχος
3453 5379 3605 5432 ἐσται

2043 5480 2110 5548 τῇ
2170 5477 2374 5547 κρίσει.
2436 5473 2578 5541 Ἐγὼ
2605 5474 2662 5526 δὲ
2691 5472 2833 5539 λέγω
2864 5474 2988 5542 ὑμῖν
3007 5487 3020 5502 ο
3067 5471 3126 5521 '0
3157 5468 3508 5536 ὀργιζόμενος
3531 5464 3608 5534 τῷ

2044 5567 2258 5638 ἀδελφῷ
2285 5565 2453 5620 αὑτοῦ
2483 5566 2604 5634 εἰκῆ
2655 5564 2834 5634 ἔνοχος
2867 5563 3017 5617 ἐσται
3052 5562 3118 5630 τῇ
3147 5560 3328 5630 κρίσει
3349 5573 3362 5588 ⁸
3396 5558 3452 5622 ὃς
3479 5557 3524 5610 δ’
3541 5555 3608 5610 ἂν
