4058 6496
423 378 528 438 7335

1485 385 1900 474 PHILOTIIEI
1942 387 2056 450 (ΣΡ.
2103 389 2296 448 PATR
2311 390 2376 446 lA
2390 386 2612 448 RCHxE

3563 387 3662 450 ιεδ

423 490 492 546 Et
528 507 543 545 :
575 509 595 543 ‹
631 492 924 556 Dimittite.
983 501 1038 548 et
1085 493 1394 550 dimittetur
1458 501 1616 554 vobis
1671 505 1734 553 ".
1773 521 1791 552 ι
1853 501 1930 556 En
2003 520 2194 559 rursus
2246 515 2482 574 quatuor
2536 502 2790 557 mandata
2848 499 3206 557 includuntur
3257 502 3315 556 in
3371 500 3508 556 illo:
3549 518 3567 552 ι
3611 500 3663 555 Si

424 587 548 656 quis
579 588 694 640 vult
728 598 850 655 post
877 605 963 643 me
996 588 1206 656 venire,
1242 593 1474 663 abneget
1501 598 1857 666 semetipsum
1885 601 1952 652 ".
2003 617 2021 651 ι
2067 601 2136 654 Ει
2189 601 2241 653 in
2276 601 2380 655 hoc
2412 601 2500 653 isti
2531 599 2894 668 :equivalente
2927 618 2940 653 :
2979 615 2998 650 ι
3029 597 3134 664 Qui
3166 597 3382 652 invenit
3432 597 3665 652 animam

424 693 602 744 suam,
633 679 825 747 perdet
856 696 972 734 eam
1004 683 1070 736 ".
1103 702 1122 736 ι

495 779 546 832 7.
584 777 686 842 Qui
718 793 850 847 ergo
887 778 1111 834 decreto
1139 783 1338 834 mentis
1378 781 1644 836 divinitus
1673 785 1850 840 amato
1887 788 1991 840 eir-

2174 785 2237 851 C'.
2278 789 2373 850 Ὃς
2391 787 2578 860 ’τοίνυν
2609 786 2854 856 λογισμῷ
2887 785 3052 852 ἐνθέῳ
3082 782 3404 854 περιτέμνει
3432 784 3522 837 ἀεὶ
3563 785 3670 838 ὥσ-

425 871 756 926 cumscindit
783 888 997 941 semper
1046 875 1282 942 quodam
1316 876 1480 929 veluti
1514 880 1786 946 spirituali
1821 882 1996 950 gladio

425 977 491 1016 ex
523 965 703 1018 anima
762 980 858 1018 sua
895 961 1143 1034 eorporis
1192 969 1396 1036 proprii
1432 969 1803 1025 irrationalem
1851 989 1998 1026 amo-

426 1071 582 1120 rem,
641 1057 730 1110 hic
765 1068 850 1112 est
909 1059 999 1124 qui
1061 1059 1292 1127 abnegat
1341 1075 1398 1114 se
1433 1062 1632 1129 ipsum,
1665 1072 1720 1115 et
1761 1065 1998 1118 animam

426 1158 580 1198 suam
613 1146 730 1198 odit
759 1147 1075 1200 salutariter
1123 1157 1182 1200 ut
1213 1149 1265 1201 in
1309 1150 1476 1202 vitam
1511 1160 1772 1204 aeternam
1813 1164 2001 1207 custo-

426 1235 540 1289 diat
584 1251 702 1290 eam
759 1254 771 1289 :
819 1257 837 1287 ‹
893 1239 1172 1293 Attendite
1230 1255 1300 1294 ne
1343 1241 1744 1312 eleemosynam
1790 1243 2002 1299 faciatis

426 1341 608 1380 coram
667 1328 1000 1390 hominibus,
1026 1337 1084 1382 ut
1123 1330 1418 1384 videamini
1479 1332 1546 1384 ab
1585 1333 1684 1386 eis
1714 1333 1781 1386 “.
1826 1354 1843 1385 ι
1883 1334 1946 1388 Et
1985 1352 1998 1388 :

432 1434 450 1464 ι
488 1415 622 1470 Cum
654 1417 905 1479 orabit‘is,
944 1435 1012 1470 nc
1045 1419 1166 1472 sitis
1223 1421 1407 1474 tristes
1442 1421 1509 1473 ".
1554 1440 1571 1472 ι
1607 1423 1670 1475 Et
1709 1439 1722 1474 :
1757 1441 1772 1472 ι
1810 1422 1865 1477 Si
1916 1423 2003 1476 di-

426 1507 686 1561 miseritis
737 1508 1057 1563 hominibus
1100 1510 1300 1570 delicta
1343 1527 1535 1565 eorum
1577 1513 1644 1579 ³⁸,
1680 1531 1698 1563 ι
1733 1523 1838 1567 etc.
1881 1515 1948 1568 Et
1986 1533 2000 1568 :

436 1619 456 1650 ι
484 1599 662 1653 Νι)ιὶιο
718 1601 1092 1656 thesaurizare
1120 1603 1277 1658 vobis
1328 1603 1619 1660 thesauros
1648 1606 1700 1658 in
1745 1608 1996 1660 ωτι-³⁵⁷.»

425 1691 541 1746 Et:
580 1713 597 1742 ι
651 1692 730 1746 Ne
791 1694 1061 1763 iudicate.
1107 1703 1165 1746 ut
1216 1709 1322 1748 non
1369 1695 1694 1765 judiecmini
1738 1697 1804 1751 ’³.
1835 1716 1854 1748 ι
1887 1697 1999 1753 Et:

432 1802 450 1834 ι
489 1783 648 1847 Date,
682 1792 739 1836 et
769 1784 991 1837 dabitur
1011 1784 1164 1838 vobis
1192 1785 1258 1841 “.
1292 1803 1311 1837 ι
1358 1785 1497 1839 Ecce
1531 1803 1721 1841 rursus
1752 1795 1812 1842 ut
1841 1787 2004 1842 modo

429 1880 511 1926 tot
540 1881 842 1925 memorata
889 1873 1167 1938 mandata,
1203 1888 1372 1926 unum
1394 1873 1542 1928 aliud
1577 1885 1926 1949 consummat
1949 1885 2006 1930 et

429 1960 663 2030 perﬁcit.
711 1961 995 2027 Quodnam
1059 1969 1241 2016 autem
1282 1962 1412 2015 illud
1451 1963 1572 2016 est?
1623 1963 1922 2016 Audiamus
1949 1972 2005 2018 et

432 2052 716 2106 faciamus.
763 2051 912 2121 Opus
972 2053 1120 2107 enim
1174 2054 1227 2106 in
1270 2053 1359 2107 die
1407 2055 1600 2124 juilicii
1657 2063 1937 2122 repetetur
1972 2070 2002 2108 a

2101 895 2208 946 περ
2247 879 2334 930 διὰ
2369 879 2752 945 πνευματικῆς
2786 877 3060 947 μαχαίρας
3091 876 3184 928 τοῦ
3236 876 3372 928 ίδίου
3421 875 3666 943 σώματος

2098 972 2163 1022 ὲκ
2194 971 2290 1037 τῆς
2321 969 2497 1037 ψυχῆς
2532 970 2725 1036 ἄλογον
2769 971 3012 1038 ἀγάπην,
3051 961 3207 1030 οὗτός
3248 969 3404 1020 ἐστιν
3435 968 3465 1020 6
3498 969 3668 1036 simp-

2098 1059 2356 1128 νούμενος
2388 1061 2599 1123 ἑαυτὸν,
2648 1061 2704 1122 ὃς
2740 1062 2833 1113 καὶ
2891 1063 2969 1123 είς
3001 1059 3147 1130 ζωὴν
3189 1058 3413 1111 αἰώνιον
3455 1057 3674 1125 φυλάξει

2100 1154 2270 1219 αὐτὴν
2291 1169 2304 1183 ο
2341 1153 2677 1220 ιΠρεσέχετε
2702 1155 2798 1222 τὴν
2825 1152 3194 1219 ἐλεημοσύνην
3223 1152 3252 1202 ὑ
3263 1151 3384 1219 μῶν
3415 1149 3490 1220 μὴ
3511 1151 3676 1202 ποιεῖν

2101 1241 2412 1310 ἔμπροσθεν
2435 1243 2542 1295 τῶν
2568 1244 2894 1312 ἀνθρώπων,
2919 1243 3056 1311 πρὸς
3085 1242 3144 1295 τὸ
3171 1243 3437 1312 θεαθῆναι
3455 1258 3469 1274 ο
3507 1261 3527 1294 ι
3566 1243 3677 1305 ml,

2108 1352 2125 1382 ι
2162 1334 2330 1384 Ὅταν
2362 1334 2758 1402 προσεύχησθε,
2795 1334 2867 1402 μὴ
2900 1333 3114 1400 γίνεσθε
3143 1332 3532 1403 σκυθρωποίοι
3564 1334 3674 1395 καὶ,

2107 1443 2126 1476 ι
2173 1425 2298 1476 Ὶεῖἀν
2328 1425 2501 1493 ἀφῆτε
2531 1427 2640 1487 τοῖς
2671 1425 2992 1494 ἀνθρώποις
3012 1424 3081 1476 τὰ
3114 1423 3544 1492 παραπτώματα
3584 1425 3676 1474 αὑ-

2101 1515 2242 1569 τῶν·
2292 1534 2310 1566 ι
2354 1517 2468 1580 καὶ,
2505 1533 2522 1566 ι
2562 1516 2653 1585 Μὴ
2685 1515 3045 1585 θησαυρίζετε
3075 1516 3203 1584 ὑμῖν
3238 1515 3564 1584 θησαυροὺς
3589 1518 3672 1566 ἐπί

2101 1609 2199 1677 τῆς
2234 1609 2370 1677 γῆς·
2413 1626 2432 1660 ι
2474 1609 2588 1671 καὶ,
2626 1626 2644 1659 ι
2679 1607 2769 1675 Μὴ
2819 1607 3052 1674 κρίνετε,
3094 1608 3178 1660 ἵνα
3213 1606 3288 1677 μὴ
3339 1606 3604 1678 κριθῆτε·
3652 1627 3667 1654 ι

2102 1701 2217 1765 καὶ,
2255 1717 2272 1750 ι
2314 1697 2518 1763 Δίδοτε,
2567 1700 2661 1751 καὶ
2688 1698 2976 1769 δοθήσεται
3027 1699 3177 1766 ὑμῖν.
3206 1716 3225 1749 ι
3282 1697 3419 1752 Ἰδοὺ
3451 1698 3558 1767 γὰρ
3589 1699 3674 1748 καί

2102 1789 2322 1858 ἐφάπαξ
2349 1792 2447 1852 τὰς
2481 1790 2705 1853 ἐντολὰς
2749 1791 2846 1852 τάς
2876 1791 2977 1861 ήδη
3023 1790 3321 1860 λεχθείσας
3358 1791 3464 1860 μία
3491 1791 3678 1856 ἐντολὴ

2103 1885 2264 1938 πάλιν
2303 1883 2627 1945 celabat“;
2660 1883 2717 1937 δέ
2754 1885 2900 1936 ἐστιν
2947 1882 3124 1953 αὕτη;
3195 1882 3550 1952 Ἀκούσωμεν
3593 1885 3678 1933 aut

2103 1979 2440 2045 ποιήσωμενυ
2464 1976 2678 2045 ποίησιν
2704 1976 2808 2046 γὰρ
2834 1976 2890 2027 ὲν
2914 1975 3095 2045 ἡμέρᾳ
3124 1973 3362 2041 κρίσεως
3386 1973 3680 2042 ἁπαιτηθψ

2103 2067 2311 2138 σόμεθα
2334 2069 2423 2136 ο“ἠ
2452 2067 2507 2120 δὲ
2540 2067 2724 2136 ἡμέρα
2753 2065 2984 2134 δηλώσει
3036 2065 3268 2120 ἑκάστου
3302 2066 3402 2134 τὴν
3443 2067 3680 2132 ποίησιν,

432 2144 615 2198 nobis.
663 2145 792 2198 Nam
837 2145 958 2200 dies
996 2145 1086 2200 illa
1143 2147 1514 2200 manifestabit
1573 2147 2004 2216 uniuscujusque

2121 2178 2130 2211 i
2167 2126 2295 2212 ἔὈτι
2357 2126 2492 2228 πυρὶ
2528 2126 3010 2210 ἀποκαλύπτεται·
3040 2157 3135 2209 καὶ
3183 2126 3422 2210 ἑκάστου
3452 2155 3511 2208 τὸ
3534 2126 3685 2224 ἔργον

433 2251 570 2304 opus
605 2253 618 2289 :
655 2255 673 2287 ι
704 2236 837 2300 Quia
866 2236 919 2290 in
948 2237 1070 2306 igne
1111 2239 1390 2292 revelatur
1426 2256 1438 2291 :
1481 2248 1537 2292 et
1576 2242 2007 2308 uniuscujusque

435 2327 885 2395 opus-quale_sit,
916 2329 1055 2398 ignis
1091 2329 1348 2397 probabit
1383 2330 1451 2382 '°.
1492 2349 1510 2381 ι

507 2434 562 2487 8.
594 2434 881 2499 Quodnam
934 2445 1116 2490 autem
1172 2436 1305 2489 illud
1343 2447 1421 2490 est
1461 2451 1738 2506 magnum,
1772 2439 2008 2505 primum

434 2534 492 2579 et
527 2541 696 2577 unum
728 2525 1070 2590 mandatum,
1102 2526 1252 2592 quod
1300 2526 1512 2594 reliqua
1559 2525 2011 2594 eliieit?.Utique

439 2615 496 2668 in
555 2615 842 2667 Dominum
875 2615 1048 2668 Deum
1096 2625 1344 2670 nostrum
1381 2633 1448 2670 ex
1503 2627 1612 2672 tota
1645 2619 1825 2672 anima
1858 2630 1913 2672 et
1946 2634 2014 2674 ex

442 2714 558 2758 toto
617 2705 800 2766 corde,
835 2721 902 2760 ex
953 2707 1083 2760 totis
1142 2707 1353 2760 viribus
1393 2718 1449 2761 et
1515 2724 1581 2762 ex
1634 2720 1744 2763 tota
1788 2710 2012 2773 virtute,

442 2811 572 2850 vera
625 2796 949 2865 sinceraque
988 2796 1264 2862 charitas,
1308 2798 1599 2867 totalisquc
1658 2815 1720 2853 ac
1745 2801 2019 2868 genuinus

440 2902 596 2942 amor
634 2888 688 2942 in
720 2887 995 2942 Christum
1039 2889 1303 2944 intentus.
1339 2890 1456 2944 Non
1489 2899 1668 2958 potest
1694 2891 1894 2959 quippe
1923 2890 2016 2958 qui

443 2982 613 3034 Deum
645 2989 812 3047 amat,
842 2998 950 3036 non
988 2997 1172 3034 amare
1203 2982 1366 3035 etiam
1387 2982 1637 3035 homines
1665 2991 1723 3034 ut
1753 2983 2017 3050 seipsum.

442 3072 682 3127 Pronum
713 3073 935 3142 quidem
968 3073 1114 3127 factu
1146 3082 1251 3135 est,
1288 3073 1490 3127 otl‘enili
1550 3081 1604 3127 et
1638 3075 1840 3126 irritari
1873 3076 2022 3128 vitiis

444 3164 726 3217 hominum
769 3164 1098 3233 injuriisque
1138 3178 1275 3231 quas
1326 3164 1394 3217 ab
1432 3164 1566 3233 ipsis
1599 3167 1863 3234 patiatur,
1893 3179 2019 3217 eum

2105 2252 2289 2307 ὁποῖόν
2319 2254 2434 2305 ἐστι
2453 2251 2513 2303 τὸ
2539 2249 2649 2319 πῦρ
2679 2249 2985 2318 δοκιμάσει.
3018 2267 3038 2302 ι

2178 2446 2252 2508 η’.
2283 2437 2443 2492 Ἀλλά
2459 2437 2543 2499 τίς
2571 2437 2678 2505 ἀρα
2707 2437 2739 2506 ἡ
2777 2433 2988 2505 μεγάλη
3023 2436 3118 2488 καὶ
3139 2433 3338 2505 πρώτη
3366 2435 3460 2486 καὶ
3487 2431 3578 2502 μία
3608 2434 3685 2484 ὲν-

2110 2531 2262 2598 τυλὴ,
2298 2533 2330 2600 ἡ
2364 2531 2462 2592 τὰς
2498 2530 2690 2592 λοιπὰς
2732 2527 3107 2597 διατηροῦσα;
3145 2527 3212 2580 'H
3254 2531 3338 2589 εἰς
3379 2527 3580 2596 Κύριον
3603 2524 3686 2577 τὸν

2113 2622 2246 2676 Θεὸν
2280 2622 2437 2692 ἡμῶν
2470 2622 2527 2688 ἐξ
2559 2620 2684 2688 ὅλης
2714 2621 2812 2690 τῆς
2837 2619 3036 2688 ψυχῆς,
3065 2619 3161 2671 καὶ
3188 2619 3248 2683 ἐξ
3276 2619 3409 2688 ὅλης
3435 2619 3532 2687 τῆς
3557 2631 3686 2684 καρ-

2115 2714 2252 2776 δίας,
2279 2716 2372 2766 καὶ
2409 2712 2614 2780 ἰσχύος.
2657 2712 2751 2764 καὶ
2788 2711 3070 2776 δυνάμεως
3102 2709 3296 2781 ἀγάπη
3328 2709 3550 2780 γνησία,
3593 2705 3682 2759 καὶ

2116 2806 2236 2868 ὅλος
2264 2807 2400 2875 ἔρως
2430 2807 2651 2873 γνήσιος
2679 2806 2759 2867 είς
2792 2803 3027 2873 Χριστὸν
3082 2803 3406 2872 τεταμένος.
3434 2803 3508 2854 υὺ
3537 2800 3685 2853 δύνα-

2117 2913 2208 2949 ται
2251 2896 2308 2948 δὲ
2341 2898 2369 2948 δ
2407 2897 2497 2948 τὸν
2543 2895 2675 2946 Θεὸν
2703 2894 2934 2961 ἀγαπῶν
2971 2893 3046 2962 μὴ
3077 2893 3172 2946 κα)⁵
3203 2892 3334 2955 τοὺς
3376 2890 3685 2961 ἀνθρώπους

2126 2989 2348 3057 ἀγαπᾷν
2381 2987 2450 3048 ώς,
2481 2987 2705 3039 ἑαυτὸν·
2741 2986 2887 3042 εἰκὸς
2919 2987 3054 3054 πρὸς
3087 2985 3156 3036 τὰ
3201 2984 3355 3052 πάθη
3415 2979 3688 3050 δυσχεραί·

2126 3095 2239 3131 νειν
2265 3078 2356 3129 τὸν
2394 3078 2560 3144 μήπω
2591 3077 2727 3137 τέως
2759 3075 3171 3145 κεκαθαρμένον
3191 3089 3206 3102 ⁸
3241 3075 3275 3142 ἡ
3326 3074 3432 3143 γὰρ
3463 3074 3540 3132 εἰς
3565 3069 3688 3121 Θεὸν

2122 3170 2312 3237 ἀγάπη
2340 3169 2400 3219 τὸ
2441 3167 2518 3229 εἰς
2560 3169 2684 3227 τοὺς
2720 3166 3041 3234 ἀνθρώπους
3074 3168 3230 3234 μῖσος
3276 3165 3560 3223 παντελῶς
3597 3163 3690 3212 οὑκ

442 3257 534 3325 qui
567 3257 808 3309 nondum
842 3272 970 3311 vero
1003 3256 1096 3310 Dei
1120 3271 1304 3310 amore
1334 3266 1601 3325 purgatus
1617 3267 1720 3310 est.
1743 3258 1810 3310 At
1841 3256 2018 3310 chari-

2124 3261 2379 3331 ἀνέχεται
2405 3275 2418 3288 ·
2446 3258 2737 3327 ποιητικὸν
2770 3260 2879 3327 γὰρ
2903 3258 2997 3310 τοῦ
3021 3257 3276 3326 δευτέρου
3301 3257 3363 3308 τὸ
3403 3256 3684 3322 πρότερον·

444 3357 527 3401 tas
558 3348 613 3400 in
646 3348 839 3413 Deum,
874 3363 970 3402 cor
1010 3349 1250 3403 hominis
1273 3364 1570 3418 occupans.
1605 3365 1768 3402 omne
1799 3363 2018 3418 prcrsus

2124 3353 2199 3412 ὼς
2237 3353 2394 3422 ὡρῶν
2441 3351 2653 3421 ἡμέρας
2679 3353 2707 3402 ὁ
2744 3350 2895 3419 ἥλιος
2944 3349 3248 3418 ποιητικός.
3295 3350 3396 3400 Διά
3436 3363 3515 3398 τοι
3543 3341 3691 3395 τοῦτο

443 3441 517 3494 ab
553 3457 618 3493 eo
661 3441 885 3509 expellit
934 3442 990 3494 in
1041 3441 1295 3495 homines
1345 3442 1552 3496 odium.
1587 3440 1666 3495 Ita
1715 3442 1919 3511 quippe
1969 3458 2018 3496 se

2133 3445 2317 3512 ἔλεγεν
2371 3446 2399 3496 ὁ
2433 3443 2675 3510 Κύριος·
2717 3459 2733 3491 ι
2774 3439 2974 3509 Πρώτη
3031 3438 3218 3508 ἐντολὴ
3249 3441 3334 3502 τὸ,
3376 3435 3689 3502 ’Δγαπήσεις

446 3531 652 3584 habent
686 3531 797 3583 duo
835 3533 969 3593 haec,
996 3546 1149 3584 amor
1183 3531 1279 3584 Dei
1327 3541 1379 3584 et
1431 3546 1585 3584 amor
1621 3531 1926 3592 hominum,
1961 3540 2044 3598 ut.

447 3621 599 3691 prius
631 3623 861 3674 alterum
898 3622 1095 3685 faciat,
1129 3637 1195 3674 eo
1251 3622 1414 3675 modo
1450 3637 1560 3690 quo
1591 3621 1671 3676 sol
1703 3621 1867 3675 horas
1912 3621 2022 3676 diei

447 3712 600 3766 facit.
653 3712 952 3782 Propterea
1013 3711 1119 3766 hoc
1171 3711 1307 3766 dixit
1371 3712 1679 3768 Dominus:
1721 3731 1740 3765 ι
1780 3713 2021 3768 Primum

451 3805 772 3859 mandatum
837 3813 922 3859 est
974 3822 988 3858 :
1024 3804 1228 3873 Diiiges
1281 3804 1575 3858 Dominum
1616 3805 1788 3859 Deum
1818 3813 1972 3858 tuum
2007 3822 2022 3859 :

449 3897 751 3952 secundum
807 3906 988 3950 autem
1039 3897 1218 3951 simile
1271 3898 1399 3951 huic
1433 3914 1448 3950 :
1483 3897 1684 3967 Diliges
1718 3897 2026 3967 proximum

454 4000 606 4044 tuum
633 3989 776 4043 sicut
812 3988 1044 4058 teipsum
1075 3988 1138 4053 ³¹;
1175 4007 1193 4040 ι
1238 4003 1402 4042 causa
1435 4003 1536 4042 cur
1570 3987 1674 4040 hoc
1710 3985 2025 4040 addiderit:

451 4081 638 4135 Simile
666 4082 809 4146 huic,
841 4081 956 4137 haec
985 4091 1070 4136 est
1109 4097 1122 4134 :
1154 4081 1283 4149 quia
1319 4080 1559 4134 charitas
1603 4079 1659 4133 in
1692 4079 1866 4133 Deum
1899 4093 2028 4146 per-

453 4174 673 4237 feetrix,
726 4174 998 4228 hortatrix
1050 4181 1106 4228 et
1166 4171 1381 4227 doctrix
1438 4179 1524 4227 est
1567 4171 1851 4226 cliaritatis
1900 4185 2029 4239 erga

457 4267 732 4322 homines.
760 4267 828 4320 Et
867 4267 982 4321 haec
1010 4267 1127 4336 ipsa
1169 4265 1415 4320 vicissim
1450 4266 1508 4319 in
1553 4264 1807 4318 homines
1835 4263 2030 4318 chari-

457 4369 542 4414 tas
574 4359 684 4413 vim
716 4358 979 4412 causandi
1009 4356 1168 4426 quasi
1204 4364 1452 4410 mutuam
1492 4357 1783 4426 quamdam
1813 4365 2033 4411 exercet

457 4450 513 4504 in
548 4449 877 4504 eharitatem
911 4463 1018 4518 qua
1047 4449 1194 4503 Deus
1243 4447 1514 4518 diligitur.
1547 4447 1651 4513 Qui
1681 4448 1827 4502 enim
1861 4449 2029 4502 Deum

459 4549 608 4594 amat
649 4549 710 4594 ut
761 4548 1003 4608 oportet,
1057 4539 1161 4593 hoc
1215 4549 1320 4605 est,
1351 4547 1407 4592 ut
1451 4551 1677 4608 prepter
1705 4555 1831 4594 eum
1866 4540 2032 4592 etiam

460 4629 713 4683 homines
745 4627 956 4696 diligat,
986 4643 1054 4683 ex
1089 4627 1214 4694 ista,
1255 4628 1473 4698 opinor,
1508 4629 1831 4683 extensione
1864 4637 1920 4683 et
1951 4629 2034 4681 in-

460 4727 709 4779 tensione
742 4721 1029 4777 eharitatis
1061 4721 1235 4775 levior
1267 4721 1622 4790 alacriorque
1668 4720 1864 4784 factus,
1891 4720 2034 4774 ultra

454 4818 567 4886 jam
608 4824 901 4871 consuetos
951 4813 1169 4883 prosilit
1224 4813 1510 4877 terminos,
1564 4823 1761 4867 cretera
1810 4828 2031 4881 quoque

459 4908 715 4962 mandata
786 4905 1084 4976 perfectius
1153 4920 1512 4973 exsequens,
1576 4904 1708 4957 illud
1775 4903 2033 4957 videlicet

459 5016 678 5070 semper
725 5000 781 5053 in
834 4997 1094 5053 omnibus
1149 4998 1420 5060 conando,
1473 5006 1531 5052 ut
1586 4997 1722 5050 nihil
1768 5005 1890 5066 agat
1943 5005 2038 5049 aut

459 5092 595 5146 velit
627 5093 734 5147 nisi
769 5107 836 5146 ex
875 5090 1172 5160 purissimo
1216 5088 1495 5144 desiderio
1525 5088 1870 5158 gratificandi
1903 5087 2035 5149 Deo,

460 5200 624 5255 quem
661 5194 858 5239 testem
918 5191 974 5234 et
1009 5182 1276 5254 arbitrum
1330 5191 1659 5250 praesentem
1709 5188 2038 5233 cunctorum

460 5287 686 5326 suorum
721 5281 778 5327 et
809 5285 1038 5340 operum
1061 5279 1118 5324 et
1147 5270 1443 5324 affectuum
1479 5277 1741 5338 perpetuo
1766 5266 2037 5324 intuetur.

465 5363 604 5418 Hinc
635 5363 769 5417 illud
793 5365 1061 5432 scriptum
1098 5369 1273 5441 estsi
1303 5361 1462 5417 Justo
1493 5361 1575 5414 lex
1627 5375 1737 5412 non
1771 5370 1856 5413 est
1891 5359 2039 5428 posi-

469 5456 523 5501 ta
547 5449 612 5502 ".
644 5467 662 5501 ι
701 5449 837 5504 Nam
869 5453 947 5505 sic
978 5451 1170 5520 utique
1220 5465 1280 5504 se
1312 5458 1568 5518 gerentes
1622 5448 1756 5500 nulli
1800 5447 2037 5501 subsunt

2122 3535 2326 3598 Κύριον
2359 3534 2446 3586 τὸν
2476 3535 2608 3586 Θεόν
2642 3548 2732 3584 σου
2757 3547 2771 3562 ο
2805 3525 2924 3582 εἶτα
2962 3529 3188 3597 δευτέρα
3235 3528 3403 3594 ὁμοία
3435 3525 3591 3591 αὐτῇ,
3616 3521 3689 3583 τὸ,

2135 3628 2468 3694 Ἀγαπήσεις
2521 3624 2613 3676 τὸν
2675 3621 2906 3692 πλησίον
2955 3637 3048 3673 σου
3112 3619 3188 3680 ὡς
3244 3619 3478 3671 ἑαυτόνσ
3539 3633 3558 3666 ι
3611 3611 3690 3664 διὰ

2124 3717 2282 3770 τοῦτο
2333 3715 2642 3784 προσέθηκε
2711 3714 2772 3766 τὸ
2836 3711 3011 3780 ὁμοία
3071 3709 3248 3777 αὐτῇ,
3306 3707 3492 3775 ἐπειδὴ
3539 3706 3569 3773 ἡ
3619 3702 3689 3759 εἰς

2126 3808 2258 3860 Θεὸν
2308 3807 2494 3875 ἀγάπη
2550 3802 2868 3873 τελειωτική
2904 3804 3020 3854 ἔστι
3076 3801 3172 3853 καὶ
3201 3797 3576 3870 προτρεπτικὴ
3607 3789 3694 3841 καὶ

2127 3897 2414 3962 διδακτικὴ
2471 3896 2570 3964 τῆς
2615 3895 2694 3956 εἰς
2765 3889 3085 3959 ἀνθρώπους
3119 3887 3380 3957 ἀγάπηςο
3424 3885 3516 3936 καὶ
3563 3877 3689 3941 αὕτη

2129 3989 2291 4041 πάλιν
2319 3987 2415 4056 τῆς
2453 3987 2530 4047 είς
2569 3985 2712 4046 Θεὸν
2751 3983 2898 4037 αἰτία
2949 3983 3159 4049 πέφυκε
3201 3978 3471 4048 γίνεσθαι.
3503 3973 3562 4026 ὐ
3594 3971 3691 4036 γὰρ

2130 4081 2223 4134 τὸν
2258 4079 2389 4131 Θεὸν
2415 4079 2491 4142 ὡς
2524 4077 2629 4149 χρὴ
2683 4076 2934 4144 ἀγαπῶν,
2992 4073 3171 4141 οἶμαι,
3206 4072 3296 4125 διὰ
3345 4072 3444 4140 τῆς
3490 4064 3691 4133 ἀγάπης

2133 4169 2471 4239 κουφισθεὶς,
2502 4171 2598 4223 καὶ
2629 4169 2888 4221 ἐπέκεινα
2917 4166 3025 4218 τῶν
3058 4163 3262 4216 λοιπῶν
3293 4159 3524 4217 ἐντολῶν
3556 4152 3712 4236 βαδιοκ

2132 4264 2294 4327 εἷται,
2324 4261 2399 4323 ώς
2431 4262 2628 4328 ἔφορον
2659 4261 2768 4310 τῶν
2795 4256 2993 4311 ἑαυτοῦ
3045 4255 3222 4325 ἔργων
3272 4270 3334 4306 τε
3387 4251 3481 4305 καὶ
3511 4245 3688 4312 λόγων.

2134 4355 2229 4408 καὶ
2261 4353 2462 4424 μᾶλλον
2483 4353 2591 4405 τῶν
2625 4352 2943 4420 νοημάτων,
2970 4347 3060 4400 τὸν
3105 4345 3408 4415 ἀκοίμητον
3438 4339 3527 4392 τοῦ
3568 4330 3690 4433 Θεοιῖ

2135 4441 2414 4512 ὀφθαλμδν
2447 4442 2584 4512 ἔχων
2612 4441 2698 4492 ἀεί
2721 4455 2736 4469 ⁹
2782 4457 2800 4490 ι
2846 4437 3048 4506 Δικαίῳ
3095 4435 3228 4503 γὰρ,
3267 4434 3422 4504 φησὶ,
3457 4428 3610 4496 νόμος
3636 4428 3689 4471 οὐ

2135 4539 2315 4588 κεῖται
2341 4552 2354 4565 ν
2393 4553 2412 4585 ι
2447 4535 2587 4586 κατὰ
2616 4532 2726 4584 τῶν
2752 4532 3015 4583 τοιούτων
3047 4529 3146 4580 οὑκ
3191 4527 3341 4579 ἔστιν
3378 4525 3406 4576 ὁ
3435 4513 3689 4609 νόμοςξοή

2136 4623 2246 4692 γὰρ
2272 4618 2468 4687 πρᾶξις
2495 4617 2660 4669 αὐτοῦ
2695 4617 2937 4685 ὑπερῆρε
2966 4614 3153 4682 νόμον.
3213 4611 3272 4664 Ὀ
3315 4609 3494 4663 τοίνυν
3527 4600 3691 4654 ποθῶν

2139 4716 2235 4768 καὶ
2266 4713 2439 4782 διψῶν
2472 4711 2604 4763 Θεὸν
2647 4708 2742 4777 τὴν
2774 4705 3136 4774 αὐτοαγάπην
3180 4703 3276 4757 καὶ
3301 4699 3690 4782 αὐτοδικαιοσί·

2138 4822 2260 4872 νην,
2291 4781 2475 4872 ἡλίκος
2509 4802 2574 4855 ἂν
2611 4804 2696 4869 εἴη
2724 4800 2953 4862 δίκαιος,
2987 4791 3098 4859 οἷός
3127 4812 3186 4846 τε
3209 4792 3456 4862 εὐσεϐὴς,
3487 4781 3694 4872 πηλίκος

2140 4869 2237 4946 καὶ
2260 4869 2446 4953 ὁποῖος
2474 4889 2718 4958 θεοειδής
2749 4905 2806 4939 τε
2845 4886 2941 4939 καὶ
2974 4885 3249 4954 ἐνάρετος,
3283 4876 3393 4942 οἷός
3419 4893 3477 4929 τε
3499 4869 3562 4925 αὖ
3581 4869 3696 4920 θεωο
3722 4877 3745 4942 ἦ

2145 4985 2366 5055 ρητικό;
2397 5001 2455 5036 τε
2489 4983 2584 5035 καὶ
2628 4979 2960 5054 πρακτικὸςς
3016 4975 3264 5044 καθάπερ
3292 4970 3455 5042 φησιν
3537 4960 3694 5060 μέγας
3733 4977 3748 5001 ι

2145 5077 2308 5130 Δαὸίδ
2331 5093 2344 5106 ·
2395 5095 2414 5126 ι
2454 5073 2726 5143 Ἐφύλαξα
2756 5073 2853 5132 τὰς
2886 5068 3105 5131 ἐντολάς
3138 5085 3234 5119 σου
3267 5066 3362 5118 καὶ
3393 5061 3460 5112 τὰ
3495 5057 3696 5143 amato:

2151 5165 2296 5237 ματά
2320 5181 2412 5216 σου
2440 5205 2454 5230 ,
2486 5164 2567 5215 ὅτι
2590 5163 2769 5213 πᾶσαι
2798 5161 2851 5212 αἱ
2881 5156 3092 5209 ὲντολαί
3115 5173 3207 5208 σου
3238 5152 3432 5223 μελέτη
3467 5160 3587 5216 μου.
3611 5132 3694 5237 Wfi-

2147 5225 2201 5313 αἱ
2225 5260 2332 5313 ὁδοί
2364 5225 2463 5327 μου
2496 5255 2736 5310 ἐναντίον
2763 5269 2880 5314 σου,
2909 5250 3082 5317 Κύριε
3104 5265 3117 5279 ο
3156 5267 3173 5300 ι
3205 5247 3378 5300 αἴτιον
3405 5241 3529 5309 γὰρ,
3548 5225 3691 5327 -φηεξὶν

2147 5352 2242 5406 τοῦ
2274 5325 2507 5419 φυλάξαι
2539 5348 2636 5408 τὰς
2673 5345 2890 5404 ἐντολάς
2941 5359 3034 5395 σου
3065 5342 3126 5394 τὸ
3175 5335 3316 5390 εἷναί
3373 5349 3436 5403 με
3488 5325 3572 5380 διὰ
3603 5325 3691 5382 της

2163 5445 2383 5512 μνήμης
2414 5440 2510 5493 καὶ
2533 5439 2754 5506 ἀγάπης
2790 5435 3033 5488 ἐναντίον
3069 5449 3188 5496 σου,
3219 5429 3412 5498 Κύριε.

494 5497 523 5501 ἡ
599 5497 656 5502 τ-
869 5497 946 5505 -.-
981 5497 1168 5520 πη---
1221 5497 1279 5504 η
1313 5497 1565 5518 rw---"
1802 5497 2034 5501 πηρ-
2163 5497 2174 5512 .
2258 5497 2290 5512 ..
2343 5497 2381 5512 .-
2583 5497 2594 5506 .
2710 5497 2747 5506 .-
3589 5501 3599 5511 .

465 5537 593 5613 legi,
654 5544 914 5613 quoniam
975 5543 1227 5600 sublimis
1260 5542 1508 5613 quaedam
1539 5541 1786 5609 operatio
1822 5553 2016 5595 eorum
2057 5535 2164 5592 alte
2195 5551 2368 5606 supra
2390 5546 2608 5588 omnem
2638 5529 2820 5586 evolat
2870 5528 3067 5597 legem.
3136 5523 3284 5578 Talis
3314 5531 3440 5588 ergo
3494 5497 3690 5560 desnde-

549 5709 589 5735 "
641 5706 771 5759 line.
821 5721 895 5766 Vi.
953 5703 1040 5757 '57.
1119 5704 1163 5733 “
1197 5701 1386 5757 Matth.
1447 5717 1556 5763 xvn,
1614 5702 1702 5753 ‘21.

473 5776 518 5806 "’
550 5774 684 5831 ibid.
717 5773 803 5830 19.
903 5775 948 5807 ⁸³
980 5772 1170 5830 Matth.
1209 5789 1306 5838 vn,
1341 5773 1390 5826 1.
1471 5775 1513 5803 ’³
1548 5773 1679 5826 Luc.
1721 5789 1788 5835 vi,
1820 5773 1905 5824 58.

1785 5702 1827 5731 ’³
1882 5699 2064 5752 .‘iintih.
2111 5714 2165 5762 κ,
2223 5697 2312 5750 58.
2390 5694 2433 5724 ’³
2474 5691 2773 5762 Maltinvi,
2823 5689 2888 5762 Δ1.

1999 5769 2042 5801 ³ο
2079 5768 2098 5823 ι
2128 5767 2252 5822 Cor.
2286 5779 2365 5830 ιιι,
2407 5764 2491 5817 15.

2965 5688 3008 5718 ’δ
3043 5685 3174 5742 ibid.
3233 5684 3284 5737 5.
3361 5679 3403 5708 η
3431 5663 3554 5726 ibid.
3610 5659 3689 5742 ιέ.

2605 5725 2662 5792 τί.
2910 5725 3184 5826 “urat-5'.
3233 5725 3334 5784 w”
3359 5747 3378 5803 Ι
3405 5725 3538 5802 Tim.
3568 5748 3606 5800 Ι,
3634 5725 3685 5782 9'

3951 5150 3963 5804 l
