4058 6498
475 420 588 484 ’137
1627 428 1720 486 DE
1762 423 2154 486 MANDATlS
2193 425 2258 485 D.
2306 423 2375 483 N.
2412 424 2470 484 J.
2506 424 2565 483 C.
3280 436 3281 439 ‘
3637 422 3742 485 738

474 549 625 601 rans,
678 536 949 596 esuriens.
993 518 1047 593 et
1098 540 1292 593 sitiens
1360 540 1528 594 Deum
1558 540 1731 595 illum
1783 542 1877 609 qui
1927 540 2045 610 ipsa
2086 540 2349 603 charitas,
2377 539 2493 606 ipsa
2517 537 2727 607 justitia
2763 547 2866 603 est,
2895 536 2950 590 in
2983 553 3147 607 quam
3186 539 3296 594 alto
3355 549 3511 610 putas
3569 540 3739 610 gradu

469 629 488 697 j
532 636 649 680 stus
682 631 787 714 erit
816 642 866 684 et
902 631 1061 698 pius?
1110 648 1273 701 quam
1326 633 1660 688 excellenter
1695 635 1806 688 Deo
1836 634 2055 695 similis,
2093 642 2149 689 et
2182 635 2235 687 in
2271 637 2417 688 omni
2453 633 2657 686 virtute
2682 631 2978 716 perfectus,
3041 632 3159 686 sive
3210 648 3332 703 quae
3387 634 3453 688 ad
3494 644 3742 688 contem-

472 715 761 787 ptativam,
802 720 917 773 sive
988 738 1110 790 quae
1160 724 1224 777 ad
1273 725 1508 779 activam
1547 727 1783 793 pertinet
1844 726 2050 778 vitam?
2080 726 2135 779 ld
2179 726 2358 779 innuit
2402 740 2633 795 magnus
2673 721 2843 778 David
2897 721 3124 778 dicens:
3166 743 3185 779 α
3219 725 3442 780 Servavi
3483 726 3741 780 mandata

474 815 565 863 tua
628 819 684 863 et
728 809 1147 879 iustiﬁcationes
1200 827 1339 878 tuas,
1401 816 1663 885 quoniam
1715 816 1899 870 omnia
1955 817 2209 871 mandata
2261 825 2351 871 tua
2429 815 2714 870 meditatio
2754 829 2873 870 mea
2927 825 3076 881 sunt,
3113 826 3168 872 et
3234 831 3427 872 omnes
3465 820 3566 874 viae
3607 836 3742 877 mea:

475 899 531 952 in
560 912 858 969 conspectu
910 915 1027 971 tuo,
1062 906 1288 961 Domine
1312 909 1377 961 ³³.
1422 929 1440 961 ι

545 989 610 1044 θ’.
649 1010 667 1042 ι
710 993 795 1062 Μὴ
825 994 996 1049 δίδοτε
1042 998 1110 1050 τὰ
1153 998 1288 1064 ἅγια
1322 1000 1435 1063 τοῖς
1475 1002 1659 1056 κυσίν.
1693 1017 1713 1052 ι
1761 1000 1822 1052 '0
1869 998 2042 1052 τοίνυν

2225 1000 2278 1055 9.
2334 998 2496 1054 Aliud
2541 998 2648 1053 hoc
2701 997 3021 1053 mandatum
3080 1007 3209 1054 est:
3248 1020 3267 1052 ‹
3307 1001 3489 1056 Nolite
3545 1015 3737 1061 saneta

474 1080 616 1134 κατὰ
648 1084 886 1136 διάνοιαν
914 1084 1143 1155 μυηθεὶς
1183 1087 1272 1141 διὰ
1309 1088 1404 1141 τοῦ
1455 1088 1663 1158 τρόπου
1693 1087 1793 1156 τῆς
1838 1086 2054 1155 νήψεως

472 1174 540 1228 τὰ
570 1176 670 1245 τῆς
703 1176 827 1228 καθ⁴
853 1177 977 1230 ὅλου
1032 1178 1270 1249 θεωρίας
1316 1180 1590 1250 μυστήρια
1641 1177 1842 1231 οὖποτε
1885 1195 2055 1231 κατα-

473 1267 788 1320 πιστεύσειε
848 1267 1109 1337 σαθραῖς⁹
1149 1271 1343 1331 ἀκοαῖς
1402 1267 1633 1340 βροντῆς
1680 1263 1857 1338 ἦχονο
1913 1267 2053 1329 ἀλλὰ

474 1356 692 1422 πάντως
732 1359 1085 1429 οἰκονομήσει
1138 1360 1265 1422 τοὺς
1317 1358 1696 1429 ψυχοτρόφους
1757 1359 1949 1427 λόγους
1994 1361 2052 1412 ὲν

474 1447 656 1517 κρίσει
687 1452 798 1512 τοῖς
828 1450 917 1505 διὰ
949 1450 1010 1503 τὸ
1035 1450 1305 1519 νηπιῶδες
1340 1452 1442 1520 τῆς
1476 1453 1533 1503 ὲν
1585 1432 1809 1520 Χριστῷ
1860 1451 2055 1519 νηπιὸ-

474 1556 637 1605 τητος
666 1540 851 1613 ἀκμὴν
880 1544 1022 1610 γάλα
1074 1543 1450 1610 ποτιζομένοις
1476 1557 1490 1571 ⁶
1524 1542 1621 1594 καὶ
1665 1541 1819 1611 ζητεῖ
1847 1541 1945 1612 μὲν
1978 1541 2050 1595 δι’

478 1630 871 1702 ἑξερευνήσεως
896 1633 1056 1686 θείων
1092 1634 1340 1702 Γραφῶν,
1376 1633 1453 1696 ὡς
1501 1651 1520 1684 ι
1557 1634 1630 1687 Οἱ.
1659 1633 2054 1702 ἐξερευνῶντες

478 1724 548 1774 τὰ
575 1726 851 1795 μαρτύρια
890 1725 1055 1780 αὐτοῦ
1089 1729 1147 1779 ὲν
1184 1725 1280 1796 ὅλῃ
1316 1724 1518 1797 καρδίᾳ
1558 1723 1924 1795 ὲκζητήσουσι
1955 1725 2052 1779 αὖ·

477 1815 590 1877 τὸν,
631 1837 649 1868 ι
694 1820 836 1873 κατὰ
858 1819 949 1873 τὸν
994 1820 1135 1874 θεῖον
1182 1819 1382 1875 Δαϐίδ-·
1437 1819 1627 1891 κρούει
1666 1819 1724 1873 δὲ
1774 1818 1840 1872 δι’
1880 1819 2049 1890 εὐχῆς

477 1907 750 1976 μυστικῆς
779 1926 838 1962 τε
880 1911 973 1965 καὶ
1005 1912 1324 1981 ἀποῤῥήτου
1371 1911 1718 1981 ἐντυγχάνων
1758 1909 1834 1980 τῷ
1860 1910 2052 1979 Παραο

474 2002 655 2072 κλήτῳ
683 2001 823 2071 ἁγίῳ
848 2002 1133 2074 Πνεύματι
1191 2005 1520 2073 στεναγμοῖς
1566 2002 1854 2074 ἀλαλήτοις
1908 1997 2051 2068 εἶξαι

472 2096 536 2162 τῇ
566 2095 805 2164 αἰτήσει,
842 2097 935 2149 καὶ
960 2095 1284 2166 λαμπηδόνα
1315 2094 1397 2148 νοῒ
1431 2096 1741 2167 χορηγῆσαι
1765 2095 1918 2165 ἡλίου
1953 2095 2046 2149 τοῦ

473 2187 662 2254 νοητοῦ
696 2188 886 2256 ὁδηγὸν
908 2188 1144 2260 ἀπλανῆ.

2158 1093 2289 1147 dare
2321 1092 2556 1148 canibus
2585 1091 2648 1143 ³ι.
2688 1110 2706 1144 ι
2745 1092 2787 1147 Α
2830 1093 2991 1161 cuius
3029 1091 3421 1149 observatione
3460 1111 3567 1150 non
3606 1098 3744 1152 deﬁ-

2157 1184 2265 1236 ciet
2315 1181 2585 1251 proiecto,
2618 1182 2715 1251 qui
2768 1181 3002 1250 adeptus
3060 1197 3159 1251 per
3214 1185 3575 1238 attentionem
3621 1187 3742 1241 vitae

2156 1272 2376 1335 sobriae,
2398 1272 2755 1342 studiumque
2793 1271 3153 1336 indefessum,
3177 1274 3596 1345 intelligentiam
3623 1278 3741 1344 ple-

2157 1375 2456 1431 rorumque
2535 1376 2817 1416 sacrorum
2884 1362 3207 1432 dogmatum
3293 1372 3349 1417 et
3418 1366 3735 1419 sublimium

2155 1454 2570 1522 mysteriorum,
2611 1452 2760 1507 haud
2803 1467 2937 1508 sane
2981 1453 3222 1508 conﬁdet
3270 1456 3550 1525 corruptis
3584 1458 3740 1510 auri-

2158 1544 2263 1599 bus
2293 1545 2547 1599 caelestes
2575 1543 2698 1598 illos
2725 1544 2901 1599 divini
2950 1545 3180 1599 tonitrui
3203 1559 3388 1600 sonos.
3422 1545 3528 1600 Sed
3582 1562 3739 1601 suam

2157 1634 2385 1688 onmiuo
2439 1642 2683 1687 sanctam
2738 1634 3044 1689 doctrinam
3074 1643 3201 1705 apte
3237 1634 3599 1705 dispensabit,
3629 1638 3742 1691 dis-

2156 1725 2400 1794 pertiens
2428 1724 2482 1778 in
2516 1726 2957 1781 accommodatas
2980 1727 3191 1781 alendis
3206 1727 3492 1781 animabus
3523 1728 3742 1783 institu-

2156 1818 2356 1881 tiones,
2428 1817 2689 1886 qualibus
2740 1818 2956 1889 parvuli
3018 1819 3075 1873 in
3128 1819 3355 1874 Christo
3412 1819 3553 1875 laete
3604 1821 3741 1889 ipsis

2155 1909 2519 1963 conveniente
2574 1919 2898 1978 pascuntur.
2928 1909 3030 1964 Hic
3088 1909 3232 1964 idem
3271 1910 3413 1964 haud
3450 1911 3620 1980 partis
3650 1911 3738 1964 ni-

2158 2003 2329 2055 mimn
2386 2003 2580 2067 lidens,
2642 2002 2738 2056 sed
2776 2013 3028 2071 satagens
3067 2011 3126 2056 ut
3155 2013 3368 2057 crescat
3402 2003 3454 2057 in
3485 2004 3737 2066 scientia,

2155 2078 2495 2148 scrutatione
2547 2093 2795 2163 diligenti
2851 2093 3073 2162 penitus
3124 2093 3328 2147 nititur
3372 2093 3740 2163 introspicere

2155 2186 2472 2255 Scripturas
2522 2185 2759 2239 divinas.
2803 2185 2956 2240 Sicut
3003 2185 3097 2255 qui
3158 2202 3178 2236 ι
3215 2183 3543 2239 Scrutantur
3581 2186 3738 2239 testi-

476 2277 656 2331 monia
696 2277 831 2344 Dei,
875 2288 932 2335 et
981 2289 1099 2336 toto
1149 2282 1315 2337 corde
1363 2282 1660 2352 exquirunt
1711 2296 1836 2336 eum
1889 2280 1955 2342 ⁸⁸,
2017 2297 2035 2330 ι
2095 2280 2249 2348 juxta
2311 2287 2561 2333 sanctum
2619 2276 2786 2331 David
2839 2292 2853 2332 :
2920 2276 3215 2347 pulsatque
3262 2289 3361 2344 per
3429 2275 3736 2330 orationem

472 2367 726 2422 intimam
780 2379 837 2425 et
888 2387 1143 2428 arcanam
1207 2374 1545 2428 conveniens
1625 2372 1955 2428 Paraclitum
2022 2381 2273 2424 sanctum
2332 2368 2598 2438 Spiritum
2653 2384 2673 2419 ι
2734 2366 3033 2438 gemitibus
3076 2365 3541 2421 inenarrabilibus
3601 2366 3672 2432 ³⁸,
3708 2383 3728 2415 ι

471 2472 594 2515 orat
622 2448 855 2518 concedi
879 2468 1025 2536 quod
1075 2470 1234 2537 petit,
1267 2477 1324 2523 et
1366 2468 1585 2527 infundi
1612 2485 1725 2524 suae
1771 2466 1940 2523 menti
1969 2467 2183 2520 radium
2240 2464 2414 2519 divini
2460 2463 2628 2530 Solis,
2683 2463 2879 2518 ducem
2931 2463 3037 2518 sibi
3102 2462 3202 2517 viae
3261 2463 3512 2518 obscurae
3541 2463 3739 2517 certis-

471 2554 671 2609 simum
728 2557 996 2613 futurum.

540 2644 593 2700 t'.
623 2665 639 2697 ι
658 2649 954 2720 Προσέχετε
979 2652 1087 2704 ἀπὸ
1106 2651 1215 2705 τῶν
1241 2651 1732 2722 ψευδοπροφητῶν.
1771 2650 1905 2703 Ἀπὸ
1928 2649 2036 2704 τῶν

2201 2627 2282 2703 ’10
2318 2648 2404 2704 En
2421 2648 2700 2703 madatum
2723 2648 2991 2703 alterum:
3024 2666 3042 2699 ι
3071 2646 3351 2702 Attendite
3379 2647 3576 2701 afalsis
3603 2615 3736 2718 pro-

469 2739 696 2807 καρπῶν
743 2740 923 2793 αὐτῶν
986 2741 1358 2810 ἐπιγνώσεσθε
1407 2742 1627 2806 αὐτούς.
1683 2758 1703 2793 ι
1756 2741 1928 2796 Πάλιν
1953 2739 2046 2793 οὖν

470 2831 568 2885 καὶ
617 2830 825 2901 ταύτην
857 2832 956 2902 τὴν
985 2832 1206 2904 ἐντολὴν
1238 2833 1445 2904 Κυρίου
1493 2833 1591 2885 καὶ
1649 2830 1920 2900 αἰσθητῶς
1951 2831 2047 2882 καὶ

470 2924 676 2994 νοητῶς
710 2926 816 2996 χρὴ
854 2926 1185 2993 φυλάσσεινο
1237 2927 1513 2996 αἰσθητῶς
1546 2928 1666 2997 μὲν,
1699 2925 1931 2995 φεύγειν
1969 2927 2044 2986 ὼς

468 3015 529 3080 ιε
547 3015 721 3085 ὄφεως
759 3032 816 3069 τε
850 3017 945 3071 καὶ
976 3018 1147 3086 πυρὸς
1195 3018 1448 3097 αἱρετικὰ
1479 3016 1642 3090 θηρία
1670 3017 1765 3071 καὶ
1800 3018 2005 3071 ἄπιστα
2026 3033 2040 3046 ο

469 3108 673 3177 νοητῶς
694 3108 772 3172 δὲ,
788 3110 1081 3179 λογισμοὺς
1111 3110 1338 3179 ψευδοῦς
1366 3109 1622 3178 γνώσεως
1647 3109 1892 3178 φεύγειν,
1914 3110 2044 3172 τοὺς

466 3202 555 3257 διὰ
588 3202 697 3259 τῶν
729 3204 921 3269 δεξιῶν
964 3204 1062 3269 τὰς
1106 3205 1400 3276 ἀριστερὰς
1436 3205 1667 3276 πράξεις
1712 3203 2042 3258 ὑποϐάλλονο

466 3311 588 3362 τας,
620 3295 671 3348 οἳ
703 3296 830 3361 τοὺς
859 3296 1250 3368 ἁλητηριύνους
1285 3297 1407 3350 ἀντὶ
1433 3295 1528 3350 τοῦ
1557 3294 1878 3366 θεολογῆσαι
1928 3293 2046 3347 θεο-

469 3386 711 3458 μχῆσαι
743 3388 1186 3459 παρεσκεύασαν.
1211 3389 1325 3442 Οὐκ
1350 3390 1629 3457 ἀγνοεῖται
1672 3386 1730 3440 δὲ
1773 3384 2043 3456 περὶτῶν

467 3479 674 3550 νοητῶν
712 3479 1177 3551 ψευδοπροφητῶν
1223 3481 1512 3551 θεώρημα,
1561 3480 1656 3533 καὶ
1702 3477 1823 3532 κατ’
1879 3478 2041 3532 ἄλλον

464 3572 667 3640 τρόπον
688 3571 758 3624 τὰ
776 3572 950 3625 τοιάδε
978 3572 1170 3643 ἀθρεῖν
1195 3589 1211 3605 ο
1242 3575 1336 3624 καὶ
1365 3568 1727 3641 Μυρμιδόνων
1758 3568 2040 3631 ἀνάσσειν,

2150 2741 2367 2811 phetis:
2405 2758 2435 2796 a
2472 2741 2743 2796 fructibus
2784 2758 2973 2795 eorum
3020 2742 3367 2811 cognoscetis
3392 2757 3488 2795 eos
3518 2740 3583 2794 ³⁷.
3614 2759 3632 2790 ι
3669 2741 3737 2794 Ει

2148 2831 2255 2888 hoc
2289 2848 2510 2902 quoque
2568 2833 2782 2887 Domini
2812 2833 3150 2887 mandatum
3200 2840 3257 2885 et
3313 2847 3412 2911 per
3457 2845 3652 2905 sensus
3679 2839 3735 2884 et

2148 2941 2248 2995 per
2287 2936 2527 2979 mentetn
2556 2924 2966 2994 adimplendum
3019 2931 3125 2978 est.
3156 2923 3258 2978 Per
3284 2937 3478 2976 sensus
3509 2922 3730 2990 quidem

2148 3018 2427 3088 fugiendo,
2454 3025 2513 3071 ut
2534 3016 2595 3070 ﬁt
2619 3034 2649 3072 a
2689 3026 2967 3087 serpente,
2995 3027 3090 3071 aut
3114 3016 3182 3070 ab
3214 3018 3337 3085 igne
3363 3030 3547 3068 coram
3576 3014 3730 3077 visis,

2147 3095 2436 3164 haeretieas
2457 3117 2515 3164 et
2544 3108 2794 3163 inﬁdeles
2826 3109 3072 3173 bestias;
3111 3123 3211 3177 per
3266 3120 3502 3159 mentem
3544 3117 3727 3158 autem

2147 3202 2375 3257 vitando
2431 3201 2891 3257 ratiocinationes
2937 3200 3210 3269 eaptiosas
3238 3197 3385 3251 falsae
3411 3196 3729 3265 lallacisque

2146 3293 2430 3349 doctrinae.
2453 3292 2655 3360 Quales
2690 3291 3109 3361 operationibus
3136 3289 3377 3344 sinistris
3410 3288 3588 3341 dextri
3619 3287 3726 3341 loci

2144 3382 2411 3439 honorem
2447 3382 2680 3438 subdole
2727 3381 3000 3435 tribuunt.
3033 3381 3244 3447 Quibus
3283 3394 3404 3449 quae
3434 3378 3728 3432 attendunt

2142 3474 2471 3530 errabundas
2504 3484 2560 3529 et
2587 3488 2840 3527 errorum
2872 3473 3150 3542 magistrae
3176 3481 3407 3534 mentes,
3438 3485 3540 3540 pro
3573 3469 3729 3522 theo-

2143 3568 2282 3638 logia
2321 3566 2503 3628 nobis,
2536 3565 2641 3619 hoc
2697 3574 2781 3619 est
2818 3578 2948 3617 vera
2976 3574 3031 3618 et
3064 3562 3155 3632 pia
3199 3563 3267 3617 de
3319 3563 3431 3616 Deo
3471 3560 3726 3616 doctrina

464 3660 539 3723 ὡς
565 3660 740 3728 λόγος,
774 3654 910 3715 ἀλλὰ
960 3662 1036 3734 μὴ
1067 3662 1158 3716 ὑπ’
1189 3663 1369 3715 αὐτῶν
1423 3659 1809 3731 βασιλεύεσθαι
1834 3676 1848 3690 ο
1881 3658 1935 3709 οἵ
1978 3674 2041 3723 γε

2148 3658 2572 3719 theomachiam,
2603 3657 2708 3711 hoc
2751 3663 2840 3710 'est
2894 3655 3217 3710 sceleratam
3243 3663 3300 3708 et
3328 3663 3601 3708 amentem
3631 3652 3722 3706 Dei

464 3749 788 3821 διακριτικοὶ
827 3753 925 3823 τὴν
963 3753 1222 3815 διάνοιαν,
1252 3752 1381 3815 τοὺς
1427 3752 1524 3821 μὲν
1555 3749 1900 3822 ἐκκρινοντες
1932 3748 2042 3801 τῶν

2148 3753 2602 3821 oppugnationem
2626 3746 2954 3802 obtrudunt.
2983 3746 3101 3800 Non
3135 3760 3220 3799 me
3255 3745 3394 3815 fugit
3415 3743 3522 3798 alia
3553 3738 3724 3812 expo-

465 3844 763 3915 λογισμῶν,
788 3848 913 3909 τοὺς
950 3846 1007 3900 δὲ
1050 3845 1548 3915 ἀποδοκιμάζοντες
1574 3860 1589 3874 ο
1622 3844 1768 3906 ὅπως
1804 3841 2042 3908 συλλαμ-

2148 3843 2269 3896 sitio
2324 3840 2484 3910 hujus
2538 3838 2782 3892 mandati
2828 3836 2898 3891 de
2926 3835 3187 3892 cavendis
3230 3834 3383 3888 falsis
3418 3832 3724 3903 prephetis,

462 3936 733 3992 δάνωνται
763 3940 812 3991 οἱ
846 3939 914 3993 δι’
943 3939 1295 4010 ἐνθυμήσεως
1334 3938 1697 4009 πολεμοῦντες
1740 3935 1890 4006 ἡμᾶς
1923 3933 2040 3987 δαί-

2148 3933 2210 3987 ad
2249 3930 2603 4002 allegoricutn
2633 3929 2896 3986 translata
2931 3942 3155 3983 sensum
3177 3966 3192 3991 ,
3245 3939 3306 3980 ut
3333 3940 3429 3995 per
3467 3940 3586 3979 eam
3619 3939 3722 3993 pu-

466 4043 648 4095 μονες,
684 4031 742 4083 ὲν
771 4006 1094 4089 διαϐοὐλίοις
1126 4006 1724 4099 διαλογίζοντεςΐνδον.

2148 4034 2290 4078 letur
2361 4020 2622 4092 imperari
2676 4021 2837 4075 nobis
2897 4019 3203 4074 dominium
3256 4018 3311 4071 in
3359 4014 3722 4085 cogitationes

462 4129 702 4195 nostras,
733 4137 844 4193 quo
871 4131 930 4178 ut
954 4124 1064 4180 dici
1098 4123 1238 4180 solet
1305 4122 1737 4194 Myrmidonibus
1793 4120 2104 4191 pratsimus,
2136 4132 2246 4172 non
2295 4126 2479 4170 autem
2543 4113 2647 4168 hos
2682 4126 2915 4184 regnare
2959 4126 3129 4182 super
3181 4126 3284 4164 nos
3335 4108 3632 4179 patiamur.
3662 4107 3718 4161 ld

460 4225 792 4287 praeceptum
852 4218 1146 4273 observant
1210 4218 1304 4289 qui
1352 4218 1560 4285 pollent
1599 4218 1652 4271 vi
1724 4217 2020 4286 spirituum
2077 4209 2592 4268 discernendorum.
2664 4207 2729 4262 lli
2781 4208 2931 4262 enim
2980 4221 3011 4261 e
3057 4203 3499 4274 cogitationibus
3549 4211 3721 4259 menti

460 4311 690 4374 obortis,
765 4312 1028 4382 quasdam
1079 4319 1140 4364 ut
1188 4310 1390 4379 probas
1441 4310 1678 4379 seligunt
1725 4318 1783 4365 et
1828 4308 2015 4364 fovent
2044 4343 2062 4371 ,
2101 4305 2239 4359 alias
2299 4312 2363 4357 ut
2397 4302 2589 4358 noxias
2621 4310 2949 4356 aversantur
2985 4307 3043 4355 et
3066 4300 3315 4367 abigunt,
3358 4312 3468 4367 quo
3495 4296 3720 4350 lraades

460 4403 952 4473 deprehendantur
980 4401 1362 4457 insidiantium
1410 4403 1570 4456 nobis
1597 4416 1695 4473 per
1754 4401 2100 4457 subintrusas
2138 4396 2516 4468 suggestiones
2559 4395 2893 4456 dat-menum,
2927 4393 3020 4464 qui
3068 4393 3258 4447 contra
3313 4407 3413 4445 nos
3443 4392 3586 4444 intra
3618 4402 3718 4442 nos
3808 4426 3813 4427 κ

460 4493 518 4550 in
547 4495 789 4549 consiliis
820 4495 937 4550 suis
971 4494 1288 4550 mussitant.

552 4589 623 4645 α’.
661 4609 679 4641 ι
715 4589 1001 4643 Εἱσέλθετε
1032 4590 1121 4642 διὰ
1152 4589 1253 4656 τῆς
1282 4590 1476 4659 στενῆς
1516 4586 1692 4656 πύλης
1719 4601 1733 4616 ο
1768 4577 1794 4638 ἰ
1841 4588 1937 4640 καὶ
1965 4586 2036 4640 τὰ

460 4683 609 4752 ἑξῆς.
646 4683 707 4736 Ei
735 4681 844 4753 γὰρ
875 4681 973 4735 «Ὅ
998 4681 1204 4744 δίκαιος
1240 4681 1393 4751 μόλις
1429 4679 1683 4746 σώζεται,
1718 4696 1737 4731 ι
1774 4677 1852 4741 ὡς
1902 4678 2033 4747 ἐσή-

462 4792 600 4844 μανε
622 4756 850 4828 τὺθείον
896 4773 1159 4844 Γράμμα,
1212 4791 1232 4825 ι
1285 4776 1313 4828 ὁ
1344 4773 1546 4842 ἀσεϐὴς
1580 4773 1676 4825 καὶ
1707 4769 2032 4841 ἁμαρτωλὸς

460 4863 564 4916 ποῦ
604 4865 897 4931 (paverat:
938 4882 957 4914 ι
1021 4863 1116 4926 Τίς
1161 4880 1180 4915 ι
1217 4864 1251 4933 ἠ
1287 4864 1446 4932 στενὴ
1474 4862 1621 4931 πύλη
1669 4860 1765 4915 καὶ
1809 4860 2034 4930 τεθλιμ-

462 4959 598 5026 μένη
633 4955 782 5021 ὁδός;
821 4972 841 5007 ι
876 4956 1075 5026 Στενὴν
1118 4955 1237 5008 ὁδὸν
1276 4956 1371 5008 καὶ
1404 4954 1779 5024 τεθλιμμένην
1814 4951 2033 5006 ἀκούων

459 5048 520 5100 τὸ
549 5047 644 5100 τοῦ
688 5044 810 5098 ’1ὼὸ
856 5046 1115 5116 ἐνενόησα
1166 5045 1304 5116 ὅπερ
1358 5040 1478 5098 εἷπε
1517 5045 1656 5116 πρὸς
1716 5044 1809 5096 τὸν
1860 5043 2029 5097 Θεόν⁶

372 5130 389 5141 “
467 5161 485 5193 ι
519 5141 630 5196 Καὶ
654 5143 1119 5213 ὲπεσημηνάμην,
1153 5143 1345 5212 φησὶν,
1389 5142 1443 5195 εἰ
1467 5159 1519 5194 τι
1553 5140 1827 5194 καίᾶκων
1863 5137 2036 5209 παρέ-

461 5233 602 5302 ϐην·
640 5232 805 5286 εἰδότι
854 5234 962 5301 γὰρ
1020 5232 1185 5285 καλὸν
1241 5235 1418 5285 ποιεῖν
1471 5232 1568 5285 καὶ
1628 5229 1705 5301 μὴ
1760 5228 2032 5293 ποιοῦντι,

462 5323 636 5394 κρίμα
668 5323 822 5394 αὐτῷ
845 5325 1048 5377 ἐστιν.»
1097 5322 1382 5394 Ἐχώμεθα
1414 5323 1475 5377 δὲ
1516 5326 1610 5376 καὶ
1638 5322 1746 5375 τῶν
1777 5321 1903 5391 ἑξῆς
1935 5317 2032 5374 τοῦ

462 5414 671 5484 Κυρίου
700 5407 960 5485 ῥημάτων
985 5428 1002 5445 ⁸
1041 5432 1061 5467 ι
1099 5413 1174 5466 Οὐ
1223 5414 1566 5483 πορνεύσεις,
1603 5413 1789 5484 φησιν,
1823 5412 1883 5465 οὐ
1917 5428 2032 5481 μοι·

461 5506 698 5573 χεύσεις.
732 5523 753 5557 ι
782 5505 924 5575 Ὅρα
955 5505 1013 5559 δὲ
1044 5505 1139 5558 καὶ
1167 5506 1268 5572 τὴν
1295 5505 1557 5559 τελοῦσαν
1574 5506 1742 5569 αὐτὰς
1769 5503 1991 5575 ἐντολήν
2010 5518 2027 5537 ο

467 5612 487 5646 ι
530 5595 807 5666 Πνεύματι
834 5604 1188 5667 περιπατεῖτε
1217 5615 1230 5628 °
1258 5599 1354 5653 καὶ
1394 5597 1694 5667 ἐπιθυμίας
1724 5596 1926 5668 σαρκὸς
1965 5596 2026 5649 ού

535 5739 581 5770 ³³
606 5737 748 5794 Psal.
776 5756 965 5806 cxvnt,
1005 5743 1057 5798 5.
1133 5739 1179 5775 π
1208 5743 1400 5798 Matth.
1431 5757 1529 5805 vn,
1571 5741 1624 5794 6.
1703 5740 1748 5772 "
1775 5739 1924 5796 Psal.
1958 5754 2146 5805 cxvm,
2181 5740 2237 5795 2.
2319 5742 2365 5784 ⁸⁸
2393 5740 2552 5799 Rom.
2576 5755 2696 5808 vm,
2719 5740 2810 5796 '26.
2875 5742 2921 5776 ³⁷
2951 5738 3144 5797 Matth.
3201 5753 3300 5802 vn,
3335 5736 3421 5790 15.

466 5804 555 5863 15.
629 5808 721 5863 θυι
754 5809 899 5867 Petr.
938 5804 1009 5877 tv,
1048 5815 1130 5869 18.
1207 5814 1254 5845 ³⁸
1281 5814 1383 5868 Job
1423 5829 1483 5875 ll,
1516 5813 1604 5865 17.

2223 4584 2312 4638 il.
2344 4580 2659 4637 Mandatum
2750 4610 2778 4636 ς
2839 4589 3007 4641 etiam
3055 4577 3260 4634 Christi
3291 4592 3374 4633 est
3405 4594 3418 4631 :
3454 4595 3473 4629 ι
3513 4576 3716 4632 intrate
3750 4584 3753 4587 '

2136 4688 2236 4744 per
2279 4682 2567 4743 angustam
2613 4677 2829 4740 portam
2855 4671 2921 4732 ³⁸,
2960 4688 2979 4721 ι
3013 4679 3115 4725 etc.
3146 4669 3203 4724 Si
3248 4668 3437 4722 enim:
3476 4687 3493 4720 ι
3527 4672 3717 4723 Justus

2137 4778 2228 4832 vix
2284 4776 2605 4840 salvabitur,
2665 4784 2725 4828 ut
2762 4772 3064 4828 declaravit
3110 4773 3298 4827 divina
3353 4772 3634 4843 Scriptura
3666 4775 3711 4806 ³³

2144 4890 2164 4925 ι
2201 4872 2407 4941 impius
2432 4880 2489 4924 et
2523 4878 2781 4940 peccator
2812 4867 2905 4922 ubi
2934 4868 3242 4936 parebunt?
3282 4886 3300 4918 ι
3335 4867 3592 4934 Quantam
3613 4870 3715 4924 ista

2135 4975 2221 5020 est
2254 4983 2273 5016 ι
2320 4974 2549 5034 angusta
2578 4971 2736 5031 porta
2794 4969 2850 5017 et
2896 4973 3045 5015 arcta
3084 4960 3217 5014 via?
3248 4980 3266 5013 ι
3306 4958 3415 5015 Has
3447 4961 3579 5015 mihi
3613 4978 3714 5016 no-

2133 5054 2329 5110 minari
2386 5053 2632 5109 audienti
2687 5053 2840 5107 venit
2892 5051 2946 5106 in
3001 5062 3241 5106 mentem
3296 5051 3432 5106 illud
3488 5052 3610 5107 Jobi
3642 5053 3711 5107 ad

2133 5148 2303 5201 Deum
2334 5147 2546 5201 dictum
2584 5161 2598 5198 :
2636 5164 2655 5197 ι
2715 5142 2964 5215 Signavi,
2992 5145 3088 5203 ait.
3116 5145 3159 5198 si
3195 5144 3327 5214 quid
3383 5160 3492 5198 non
3523 5144 3714 5200 volens

2118 5240 2514 5310 ’transgressus
2567 5254 2688 5294 sum
2747 5238 2815 5291 “.
2868 5257 2888 5289 ι
2937 5236 3138 5306 Utique
3200 5238 3372 5299 enim,
3428 5255 3446 5288 ι
3503 5236 3710 5291 Scienti

2134 5330 2343 5385 bonum
2380 5331 2576 5395 facere,
2604 5338 2661 5385 et
2698 5345 2805 5384 non
2851 5329 3096 5390 facienti,
3123 5330 3392 5399 judicium
3429 5340 3512 5383 est
3536 5329 3649 5405 illi.
3686 5348 3707 5381 ι

2140 5418 2447 5487 Sequamur
2476 5417 2687 5488 reliqua
2718 5419 2935 5473 Domini
2972 5419 3136 5473 verba
3161 5436 3174 5473 :
3212 5440 3229 5471 ι
3258 5417 3378 5473 Non
3406 5418 3713 5472 fornicabc-

2137 5506 2238 5572 ris,
2266 5507 2362 5573 ait,
2398 5521 2506 5563 non
2546 5506 2905 5562 adulterabis.
2958 5528 2976 5559 δ
3012 5508 3271 5577 Prospice
3301 5507 3558 5577 superius
3589 5505 3711 5559 istis

2138 5598 2454 5654 mandatum
2489 5615 2556 5655 ex
2586 5615 2698 5670 quo
2744 5601 2944 5655 horum
2976 5599 3178 5669 pendet
3206 5597 3520 5653 observatio
3549 5612 3562 5648 :
3593 5612 3612 5644 ι
3646 5595 3707 5648 in

3495 5733 3542 5767 ⁸⁸
3568 5732 3704 5789 ibid.
