4058 6482
417 339 524 403 739
929 306 950 322 ’
1485 347 1915 411 PHILOTHEI
1956 353 2065 415 cr.
2110 356 2628 422 mmmam]:
3125 371 3128 375 ‘
3565 371 3664 436 τιο

413 451 614 520 spiritu
650 449 952 516 ambulate,
986 461 1040 507 et
1070 453 1344 513 desideria
1370 460 1555 515 carnis
1609 476 1718 516 non
1753 463 2006 531 perlicie-

2064 476 2080 528 ι
2119 472 2194 540 μὴ
2216 473 2474 542 τελέσητε
2501 492 2513 504 ο
2557 493 2576 527 ι
2608 477 2636 530 ὁ
2657 474 2766 548 γὰρ
2800 475 2925 537 νοῦς
2952 476 3108 546 ἡμῶν
3141 478 3237 532 ἐὰν
3259 479 3449 554 φθάσῃ
3483 485 3666 556 καμεῖν

416 543 490 596 tis
511 542 580 596 υ.
617 561 638 594 ι
681 542 836 598 Mens
867 545 1013 599 enim
1066 558 1255 603 nostra
1306 563 1684 622 przeeccupata
1731 555 2007 608 suasioni-

2111 563 2218 614 ἀπὸ
2248 562 2341 614 τοῦ
2393 564 2765 635 πολεμοῦντος
2800 568 2963 621 αὐτὸν
3015 568 3216 633 Σατάν,
3251 572 3434 624 πᾶσαν
3479 574 3665 631 κακίαν

417 631 523 688 bus
585 636 958 705 oppugnantis
983 652 1103 690 eam
1155 637 1370 695 Satanae
1419 658 1639 698 onmem
1692 645 1996 712 nequitiam

2108 653 2318 706 ὲκτελεῖ
2350 655 2439 707 διὰ
2478 631 2731 724 σώματος
2755 658 3174 726 ἀνεπαισθήτως
3195 631 3209 691 έ
3230 659 3259 710 ό
3290 659 3383 713 οῦν
3413 663 3666 730 πνεύματι

415 726 744 795 exsequitur
781 741 878 796 per
918 742 1122 798 corpus
1154 732 1571 789 insensibiliter.
1600 735 1772 804 Igitur
1809 737 2003 807 spiritu

2107 745 2431 812 περιπατῶν
2463 748 2555 798 καὶ
2584 747 2672 800 ἀεὶ
2707 749 2895 818 νήφων
2921 749 3147 803 δύναται
3176 750 3264 804 διά
3303 751 3397 820 τὴν
3425 754 3517 806 τοῦ
3545 726 3666 809 Θεοῦ

416 819 730 884 ambulans,
777 831 834 874 et
882 836 1101 891 semper
1141 825 1359 880 sobrius
1393 842 1456 882 ac
1486 828 1638 897 vigil,
1673 839 1856 898 potest
1906 848 2007 901 per

1948 848 2007 887 er
2107 833 2272 905 χάριν
2304 838 2486 892 πᾶσαν
2520 838 2743 909 ἐντολὴν
2771 840 3098 912 δεσποτικὴν
3128 819 3550 912 διαπράξασθαι.

416 911 511 964 Dei
552 911 786 980 gratiam
818 925 983 968 omne
1029 914 1244 970 Domini
1283 919 1602 974 mandatum
1643 936 1810 991 opere
1839 938 2006 978 com-

413 1001 590 1072 plere.
2892 1039 2901 1045 -

486 1095 570 1148 £2.
607 1095 749 1161 Quid
783 1109 964 1153 autem
1008 1114 1185 1154 novus
1213 1108 1269 1154 et
1296 1111 1524 1157 sanctus
1549 1103 1853 1174 Decalogus
1890 1107 2004 1162 Do-

2179 1097 2268 1168 ιβ’.
2296 1096 2363 1152 Τί
2395 1096 2452 1151 δὲ
2481 1098 2514 1169 ἡ
2549 1097 2644 1152 νέα
2674 1098 2769 1153 καὶ
2794 1098 2926 1166 άγία
2947 1098 3274 1168 Δεκάλογος,
3303 1100 3337 1170 ἠ
3363 1099 3454 1153 τοῦ
3475 1078 3669 1172 Κυρ¹ίου

413 1183 548 1239 mini
586 1188 759 1241 nostri
809 1173 940 1243 .lesu
997 1189 1241 1244 Christi?
1298 1191 1697 1258 Beatitudines,
1751 1173 2000 1265 inquam,

2103 1191 2270 1264 ήμῶν
2311 1191 2490 1262 Ἰησοῦ
2525 1191 2788 1261 Χριστοῦ,
2820 1192 2998 1260 λέγω;
3039 1190 3162 1244 Τῶν
3200 1193 3468 1261 ὲναρέτων
3508 1208 3667 1262 μακα-

413 1276 481 1330 ab
511 1292 578 1330 eo
617 1278 924 1347 praedicata:
965 1296 1188 1351 magnas
1227 1285 1611 1339 exercentium
1640 1287 1896 1355 virtutes,
1931 1305 2001 1345 an

2108 1283 2292 1355 ρισμοί
2319 1282 2378 1336 οὐ
2409 1283 2545 1353 πρὸς
2571 1282 2663 1335 τὸν
2691 1282 2893 1336 σκοπὸν
2922 1281 2982 1335 δν
3010 1281 3316 1361 ἑξεθιμεθα
3352 1281 3440 1335 διά
3464 1299 3522 1336 τε
3541 1282 3669 1353 Γρα-

413 1384 522 1422 non
557 1370 624 1423 ad
658 1386 884 1439 scopum
933 1381 989 1427 et
1038 1373 1166 1443 ἱρείη
1195 1390 1358 1444 quem
1416 1377 1578 1431 nobis
1610 1381 2003 1447 proposuimus

2103 1374 2220 1439 φῶν
2247 1372 2624 1441 εὐαγγελικῶν
2663 1390 2721 1425 τε
2747 1373 2842 1427 καὶ
2871 1374 3254 1442 προφητικῶν,
3282 1372 3420 1428 ἀλλὰ
3463 1373 3555 1426 καὶ
3585 1372 3666 1426 διὰ

411 1461 722 1528 pertinent?
758 1463 1040 1518 l‘ertinent
1093 1481 1226 1522 sane
1261 1506 1276 1532 ,
1351 1469 1482 1536 quin
1537 1477 1595 1522 et
1633 1469 1866 1524 mirifice
1920 1470 2001 1526 illi

2102 1466 2200 1536 τῆς
2231 1466 2479 1533 φυσικῶς
2510 1465 2910 1535 ἀκολουθούσης
2937 1466 3168 1532 τάξεως,
3202 1465 3278 1535 τῷ
3313 1467 3498 1536 σκοπῴ
3524 1467 3665 1536 ἡμῶν

410 1563 747 1620 congruunt,
807 1555 922 1610 sive
959 1572 1074 1610 rem
1113 1573 1181 1612 ex
1211 1560 1544 1631 evangelicis
1569 1567 1626 1613 et
1660 1561 2000 1629 proliheticis

2105 1556 2439 1628 συνᾴδουσι;
2472 1557 2568 1620 Τίς
2607 1555 2682 1626 μὴ
2708 1560 2894 1626 νήφων
2924 1557 3012 1610 ἀεὶ
3039 1559 3106 1628 τῇ
3133 1557 3330 1628 καρδίᾳ
3370 1559 3576 1626 πτωχὸς
3598 1555 3666 1624 τῷ

403 1642 721 1713 judicemus
779 1647 1112 1717 Scripturis,
1165 1650 1281 1704 sive
1329 1669 1360 1706 e
1430 1651 1668 1706 naturali
1736 1653 1880 1708 serie
1936 1668 2002 1709 ac

2102 1647 2374 1718 πνεύματι
2424 1649 2488 1700 ὲκ
2535 1649 2719 1716 πάσης
2772 1650 2972 1710 κακίας
3033 1648 3296 1715 γενέσθαι
3342 1645 3664 1715 δύναται;ἢ

407 1737 806 1804 consequentia
854 1740 988 1792 recti
1035 1739 1268 1794 ordinis.
1307 1741 1520 1796 Etenim
1555 1743 1680 1813 quis
1709 1760 1818 1798 non
1851 1744 1999 1798 aeri-

2102 1731 2338 1806 πενθῶν,
2373 1740 2406 1809 ἢ
2439 1739 2639 1810 πραῢς,
2673 1738 2705 1810 ἦ
2736 1739 2937 1794 πεινῶν
2965 1741 3062 1792 καὶ
3086 1739 3259 1802 διψῶν
3288 1739 3388 1810 τὴν
3413 1738 3667 1792 δικαιοσύ-

409 1835 495 1880 ter
529 1827 826 1898 invigilans
882 1830 1248 1886 custodiendo
1318 1849 1419 1888 suo
1468 1835 1647 1900 cordi,
1695 1835 2000 1905 proculque

2062 1815 2224 1901 ινην,
2258 1830 2289 1900 ἢ
2340 1831 2612 1900 ἐλεήμων,
2653 1831 2686 1898 ἢ
2741 1831 2802 1883 τὸ
2859 1832 2968 1885 πᾶν
3000 1831 3206 1897 ἀγαθὸν
3261 1829 3572 1900 προξενοῦν,
3605 1830 3664 1896 τῇ

406 1917 479 1971 ab
519 1917 636 1987 ipso
671 1921 921 1975 arcendae
948 1922 1098 1976 omni
1137 1924 1383 1988 malitize,
1437 1941 1646 1996 pauper
1670 1927 1870 1995 spiritu
1903 1943 2002 1998 po-

2102 1923 2306 1996 καρδίᾳ
2337 1924 2434 1976 καὶ
2458 1925 2525 1994 τῇ
2556 1922 2704 1994 ψυχῇ
2741 1922 2985 1994 καθαρὸς
3009 1923 3203 1985 αὑταῖς
3228 1940 3244 1987 ;
3273 1923 3370 1984 Τίς
3396 1924 3470 1993 μὴ
3494 1922 3665 1991 νήφων

408 2017 516 2064 test
554 2025 675 2064 esse
699 2011 722 2064 ‘2
750 2013 874 2080 quis
921 2012 1166 2076 humilis,
1194 2025 1289 2068 aut
1325 2017 1546 2087 lugens,
1574 2028 1676 2075 aut
1704 2019 1876 2084 mitis,
1904 2027 2000 2074 aut

2103 2015 2192 2072 ἀεὶ
2229 2014 2567 2086 εἰρηνοποιδς
2598 2013 2770 2078 ἔνδον,
2815 2014 2912 2067 καὶ
2947 2014 3036 2068 διὰ
3067 2013 3226 2066 τοῦτο
3261 2014 3387 2080 ἔξω,
3432 2013 3465 2082 ἢ
3495 2012 3666 2064 ἕνεκεν

404 2100 662 2156 esuriens
695 2113 750 2156 et
814 2105 1008 2158 sitiens
1039 2106 1334 2176 justitiam,
1379 2119 1474 2162 aut
1525 2111 1872 2173 misericors,
1904 2120 2000 2166 aut

2101 2107 2450 2178 δικαιοσύνης
2485 2107 2870 2176 δεδιωγμένος,
2917 2112 3009 2160 καὶ
3066 2108 3314 2174 νοερῶςς
3352 2107 3419 2160 Ἢ
3461 2105 3540 2166 τίς
3599 2102 3665 2172 μὴ

405 2192 576 2261 (quod
605 2210 768 2248 omne
795 2195 1000 2249 bonmn
1037 2200 1465 2266 procuratcordi
1495 2211 1544 2254 et
1579 2203 1796 2269 animaa)
1835 2219 1998 2258 mun-

2100 2202 2309 2274 χαίρων
2343 2201 2432 2254 ἀεὶ
2476 2203 2545 2271 τῇ
2593 2189 2768 2253 ἑλπίδι
2816 2199 3029 2269 Κυρίου
3063 2200 3270 2268 γήθους
3305 2197 3663 2268 ἐμπίπλαταις

407 2285 513 2339 dus
546 2285 748 2340 corde?
789 2285 924 2353 Quis
956 2304 1065 2342 non
1125 2306 1346 2360 semper
1378 2292 1622 2347 intentus
1650 2292 1755 2348 sibi
1791 2304 1846 2348 et
1875 2310 2000 2363 pcr-

2099 2296 2196 2358 Τίς
2221 2297 2250 2348 ὁ
2273 2293 2636 2356 ἀδιαλείπτως
2665 2293 2800 2362 πρὸς
2834 2292 2969 2344 Θεὸν
2996 2291 3187 2354 νεύων,
3233 2283 3279 2358 ᾧ
3318 2293 3350 2360 ἡ
3386 2291 3517 2359 προς
3545 2289 3666 2339 Θε‹.ν

403 2375 557 2443 vigil,
589 2375 806 2430 interne
843 2393 1069 2447 pacatus
1099 2390 1218 2448 est,
1252 2397 1316 2435 ac
1350 2392 1678 2453 propterea”
1699 2399 1826 2438 cum
1857 2400 1997 2455 opus

2098 2385 2278 2449 νεῦσις
2306 2388 2386 2449 εἰς
2419 2384 2769 2437 ἀδιάλειπτον
2805 2383 3121 2454 προσευχὴν
3160 2383 3441 2448 λογίζεται
3489 2384 3548 2432 ὲκ
3575 2381 3665 2447 χά-

407 2475 517 2528 est,
573 2469 824 2523 exterius
877 2471 1180 2538 paciﬁcus?
1237 2473 1373 2538 Quis
1431 2484 1660 2544 propter
1717 2476 1996 2545 justitiam

2100 2495 2279 2547 ριτος;
2327 2479 2441 2546 Οὐχ
2489 2475 2518 2528 δ
2567 2474 2889 2528 καταλιπὼν
2948 2474 3008 2526 τὸ
3037 2476 3230 2540 σῶμα,
3268 2475 3328 2526 οὺ
3374 2474 3549 2535 πάσας
3575 2471 3665 2532 τὰς

406 2560 852 2627 persecutionem
886 2561 1115 2631 patitur,
1139 2565 1222 2618 vel
1274 2565 1328 2619 in
1369 2567 1574 2632 animo,
1601 2567 1686 2622 vel
1715 2570 1998 2624 sensibili-

2095 2568 2381 2640 διατριϐάς
2409 2569 2466 2618 ὲν
2493 2568 2560 2637 τῇ
2592 2565 2792 2619 ἑαυτοῦ
2829 2565 3030 2636 καρδίᾳ
3080 2565 3170 2618 διὰ
3203 2565 3324 2630 νοὸς
3365 2565 3454 2618 ἀεὶ
3498 2561 3667 2615 ποιού-

409 2648 536 2702 ter?
575 2661 670 2704 aut
726 2651 871 2718 quis,
909 2667 1016 2706 non
1070 2669 1166 2724 spe
1189 2669 1407 2726 semper
1457 2657 1722 2726 gaudens,
1774 2658 1994 2713 Domini

2101 2675 2297 2728 μενος;
2355 2658 2454 2721 Τίς
2495 2657 2754 2728 πρόξενος
2787 2657 3022 2726 φυσικῆς
3073 2655 3182 2710 τῶν
3222 2656 3397 2709 ὄντων
3423 2655 3662 2723 Θεωρίας,

405 2739 606 2806 gaudio
646 2742 932 2810 repletur?
983 2745 1118 2810 Quis
1172 2746 1553 2802 indesinenter
1601 2751 1907 2819 propendet
1938 2753 1995 2805 in

2096 2753 2182 2814 τίς
2209 2751 2320 2804 τῶν
2346 2749 2769 2820 μεγαλουργιῶν
2801 2747 2896 2801 τοῦ
2931 2748 3066 2800 Θεοῦ
3092 2747 3456 2810 εὐαπόδεκτος
3484 2744 3663 2811 ἐκδιη-

403 2833 600 2899 Dcum,
633 2835 760 2904 quis
793 2837 882 2891 cui
913 2837 1030 2892 lucc
1062 2838 1175 2908 ipsa
1217 2843 1272 2892 in
1321 2840 1494 2894 Deum
1533 2843 1852 2911 propensio,
1883 2857 1993 2896 non

2096 2838 2268 2911 γητής
2295 2855 2311 2904 ἓ
2345 2839 2457 2909 Οὐχ
2485 2839 2512 2891 ὁ
2536 2838 2720 2910 νήφων
2743 2877 2759 2904 ,
2787 2839 2884 2908 οὐχ
2909 2839 2935 2890 ὁ
2960 2837 3246 2908 προσέχων
3287 2838 3400 2899 τοῖς
3425 2834 3665 2904 πονηροῖς

404 2923 459 2978 in
504 2925 685 2981 locum
735 2935 792 2983 et
836 2930 1097 2984 meritum
1140 2932 1408 2986 orationis
1462 2948 1742 3002 nunquam
1819 2934 1994 2987 inter-

2093 2933 2398 3004 λογισμοῖς,
2433 2934 2528 2985 καὶ
2579 2931 2855 2996 ἀντίθετα,
2888 2930 3077 3000 ὥσπερ
3107 2931 3136 2982 ό
3179 2928 3324 2992 Ἰὼϐ,
3353 2927 3560 2989 τούτοις
3583 2926 3665 2978 άν-

404 3015 588 3070 missae
636 3032 745 3070 non
804 3018 1109 3089 imputetur
1151 3037 1218 3076 ex
1271 3023 1488 3092 gratia?
1549 3023 1684 3089 Quis
1739 3023 1992 3078 abdicata

2095 3027 2455 3096 θυποφέρων;
2509 3025 2753 3093 Ἀτιμοι,
2816 3023 3027 3089 λέγων,
3086 3024 3180 3075 καὶ
3240 3020 3663 3092 πεφαυλισμένοι

401 3107 569 3160 semel
601 3123 733 3164 cura
766 3112 1017 3182 corporis
1038 3155 1053 3180 ,
1088 3129 1197 3168 non
1228 3114 1476 3185 jucunde
1530 3126 1801 3188 perpetuo
1835 3134 1987 3173 com-

2096 3121 2296 3182 ἐνδεεῖς
2324 3120 2538 3189 φρενῶν
2562 3134 2578 3149 ο
2614 3118 2710 3181 οὒς
2736 3118 2835 3188 οὐχ
2869 3119 3169 3187 ἡγησάμην
3194 3117 3369 3179 κύνας
3392 3115 3498 3167 τῶν
3525 3113 3663 3179 ἐμῶν

400 3207 710 3255 morantem
745 3202 799 3256 in
833 3204 1001 3259 corde
1045 3209 1268 3276 proprio
1300 3216 1544 3263 mentem
1580 3225 1736 3264 suam
1770 3211 1989 3280 experi-

2096 3211 2366 3281 νομάδων,
2399 3211 2521 3280 ἦτοι
2575 3210 2684 3262 τῶν
2707 3208 2896 3273 δεξιῶν
2929 3207 3203 3278 ὲνθυμιῶν
3234 3205 3663 3277 ποιμαινομένων

401 3291 531 3343 tur?
557 3290 690 3357 Quis
718 3305 979 3363 procurat
1022 3298 1125 3352 sibi
1157 3301 1465 3355 naturalem
1500 3301 1754 3357 notitiam
1787 3303 1978 3358 mundi

1866 3303 1978 3358 indi
2093 3301 2197 3354 ὑπὸ
2231 3300 2440 3369 Κυρίου
2470 3298 2560 3351 διὰ
2590 3297 2682 3351 νοῦ
2713 3297 2910 3358 εἰδότος
2943 3295 3272 3364 ποιμενικὴν
3297 3294 3468 3358 τάξιν.

401 3381 572 3438 totius
594 3393 651 3439 et
677 3385 924 3440 omnium
954 3404 1078 3457 quae
1115 3389 1168 3444 in
1193 3406 1261 3446 eo
1292 3402 1424 3446 sunt
1453 3410 1467 3447 :
1498 3393 1624 3464 quis
1691 3394 1853 3449 simul
1923 3407 2050 3448 cum
2090 3392 2198 3448 hoc
2230 3391 2562 3460 magnalium
2601 3389 2694 3443 Dei
2725 3388 2827 3443 sibi
2866 3373 3087 3458 estiipsi
3126 3387 3281 3442 credi
3316 3383 3664 3455 dignissimus

398 3477 949 3534 enarrator?Nom:e
980 3482 1088 3536 sibi
1153 3484 1466 3553 attendens,
1526 3501 1712 3542 nonne
1780 3487 1871 3556 qui
1909 3487 2055 3540 serio
2091 3487 2205 3541 suis
2257 3483 2688 3555 cogitationibus
2736 3481 3032 3553 invigilat,
3098 3491 3154 3534 (οι
3204 3481 3275 3535 iis
3326 3495 3462 3550 quas
3491 3476 3660 3532 movit

399 3570 612 3630 noxias,
639 3569 772 3624 alias
798 3586 862 3624 ex
894 3572 1126 3628 adverso
1169 3578 1476 3634 contrarias
1505 3580 1779 3650 Opponit?
1810 3581 1981 3635 malas
2022 3581 2316 3648 increpans
2374 3578 2599 3647 paribus
2666 3593 2794 3633 cum
2848 3577 2986 3632 Jobo
3017 3576 3182 3630 dictis
3213 3593 3228 3628 :
3265 3577 3366 3639 lte,
3395 3573 3657 3642 inquiens,

399 3680 455 3735 ιη
493 3665 690 3717 malam
727 3681 865 3731 rem,
912 3667 1228 3735 indecores,
1299 3687 1502 3742 pravae,
1574 3682 1867 3741 amentes;
1929 3690 2066 3744 quas
2103 3690 2211 3729 non
2240 3673 2416 3743 pluris
2468 3672 2694 3728 fecerim
2749 3687 2913 3742 quam
2945 3660 3109 3725 canes
3133 3685 3360 3740 gregum
3397 3680 3655 3722 meorum.

397 3756 537 3812 Cum
585 3756 731 3812 idem
785 3772 816 3812 e
859 3760 1142 3814 contrario
1202 3760 1407 3829 foveat,
1435 3771 1616 3831 curet,
1641 3775 1986 3834 promoveat,
2029 3772 2214 3819 mente
2268 3763 2526 3835 gregibus
2591 3761 2780 3817 talium
2840 3759 3130 3831 pascendis
3175 3774 3206 3813 a
3276 3758 3509 3813 Domino
3545 3763 3660 3810 eru-

399 3859 538 3913 dita.

471 3950 557 4005 l5.
605 3949 682 4005 Ex
710 3950 797 4007 bis
819 3951 1038 4008 cunctis
1069 3961 1296 4023 apparet
1325 3952 1733 4010 beatitudinum
1766 3971 1796 4010 a
1825 3954 1986 4011 Chri-

2163 3961 2252 4024 ιγ’.
2290 3953 2356 4007 Ἡ
2397 3952 2506 4023 γὰρ
2540 3951 2648 4005 τῶν
2699 3947 3069 4021 μακαρισμῶν
3107 3948 3284 4018 Ἰησοῦ
3316 3947 3546 4016 Χριστοῦ
3571 3945 3656 3999 τοῦ

392 4050 486 4096 sto
521 4043 652 4098 .lcsu
683 4044 1106 4113 praedicatarum
1143 4060 1251 4099 non
1286 4046 1448 4100 aliam
1501 4047 1607 4102 vim
1639 4063 1702 4102 ac
1742 4058 1984 4118 potesta-

2093 4049 2298 4119 Κυρίου
2326 4045 2483 4117 ἡμῶν
2521 4045 2751 4114 δύναμίς
2781 4060 2838 4097 τε
2868 4045 2964 4096 καὶ
2995 4043 3245 4110 ἐνέργεια
3293 4043 3354 4094 οὑ
3385 4041 3516 4112 πρὸς
3538 4038 3657 4093 ἄλλο

404 4147 514 4192 tem
544 4152 690 4203 esse,
723 4153 832 4192 non
864 4138 972 4192 alio
1004 4153 1098 4193 eas
1130 4147 1400 4207 Spectare,
1425 4155 1537 4195 non
1577 4142 1745 4195 alium
1773 4141 1827 4195 in
1860 4155 1984 4194 sco-

2090 4158 2142 4191 τι
2179 4139 2461 4208 βλέπουσι,
2497 4138 2593 4189 καὶ
2645 4135 2738 4188 τὸν
2766 4135 2928 4188 ἄλλον
2959 4132 3162 4187 σκοπὸν
3215 4133 3453 4204 ἔχουσιν,
3488 4129 3654 4199 ἀλλ’ἢ

392 4248 528 4300 pum
563 4230 812 4296 tendere,
873 4245 1036 4299 quam
1097 4230 1150 4283 in
1206 4230 1391 4285 cordis
1436 4231 1727 4300 puritatem
1782 4242 1836 4286 et
1878 4232 1985 4286 hu-

2091 4231 2230 4301 πρὸς
2254 4229 2352 4298 τὴν
2388 4227 2737 4296 καθαρότητα
2771 4227 2871 4294 τῆς
2908 4226 3162 4296 καρδίας,
3214 4228 3309 4277 καὶ
3341 4227 3439 4292 τὴν
3479 4221 3658 4274 ταπεί-

403 4323 713 4385 militatem,
745 4321 893 4390 quod
915 4322 996 4374 hee
1027 4321 1138 4374 sint
1161 4321 1281 4376 duae
1301 4323 1532 4378 virtutes
1558 4323 1980 4392 perfectivarum

2091 4337 2276 4385 νωσιν,
2308 4320 2385 4383 ὡς
2446 4318 2650 4389 μᾶλλον
2699 4319 2878 4371 οὐσῶν
2908 4317 3016 4369 τῶν
3075 4316 3171 4370 δύο
3211 4316 3420 4368 τούτων
3454 4311 3656 4384 ἀρετῶν

390 4413 894 4482 ,perfectivissimm.
956 4411 1258 4466 Continent
1329 4414 1477 4468 enim
1543 4415 1685 4468 intra
1763 4431 1820 4470 se
1871 4416 1981 4471 vim

2087 4410 2196 4465 τῶν
2227 4409 2591 4462 τελειωτικῶν
2619 4405 3160 4460 τελειωτικωτάτων·
3198 4406 3515 4475 περιέχουσι
3557 4401 3655 4470 γὰρ

405 4506 675 4558 virtutum
727 4501 1113 4557 universarum
1177 4518 1440 4571 omnem,
1517 4505 1980 4574 quemadmodum

2110 4503 2273 4555 πᾶσαν
2312 4500 2515 4571 ἀρετὴν
2544 4497 2716 4564 ἔνδον,
2774 4497 3026 4566 καθάπερ
3052 4497 3118 4566 δὴ
3157 4497 3218 4548 τὸ
3256 4497 3544 4565 στερέωμα
3566 4493 3657 4559 τήν

403 4596 810 4648 ﬁrmamentum
865 4592 1162 4646 :ethercam
1214 4593 1376 4646 simul
1406 4601 1788 4663 terrenamque
1825 4610 1983 4649 crea-

2052 4584 2148 4645 ’τε
2198 4591 2440 4660 αἰθέριον
2493 4589 2589 4644 καί⁵
2629 4589 2872 4656 ἐπίγειον
2907 4589 3106 4642 κτίσιν.
3140 4587 3286 4657 Ὅρα
3349 4583 3446 4640 οὖν·
3496 4583 3654 4653 χωρὶς

392 4696 582 4739 .turam
618 4682 1010 4753 complectitur
1062 4683 1332 4738 ambiens.
1365 4686 1552 4741 Viden”
1581 4704 1710 4756 ergo
1746 4696 1803 4741 ut
1830 4686 1978 4756 quod

2090 4681 2473 4743 ταπεινώσεως
2520 4681 2780 4750 ὲρῤίερθαι
2831 4680 3102 4748 ἀγγέλους
3151 4678 3212 4742 ἐξ
3262 4678 3528 4747 οὐρανοῦο
3567 4671 3654 4726 καὶ

395 4775 710 4830 .lmmilitate
758 4784 1035 4841 carerent,
1086 4776 1316 4846 projecti
1349 4779 1528 4848 angeli
1572 4794 1613 4832 e.
1643 4779 1782 4832 cmlo
1813 4779 1927 4832 sint
1956 4776 1978 4829 ‘2

2085 4775 2256 4845 χωρὶς
2306 4771 2703 4843 νηφαλιότητος
2754 4773 2864 4824 ἰδοὺ
2924 4772 3192 4841 προδότης
3236 4772 3416 4840 ριφεὶς
3461 4770 3524 4821 ἐκ
3553 4765 3654 4818 τῶν

403 4879 461 4920 ιιι
516 4868 660 4936 quod
727 4865 828 4921 sibi
889 4882 999 4920 non
1056 4867 1355 4923 attenderit
1411 4869 1701 4937 invigilans
1755 4869 1979 4939 proprio

2086 4867 2389 4920 ἐπιλέκτων
2416 4881 2427 4895 ·
2464 4863 2602 4935 αὕτη
2633 4867 2738 4935 γὰρ
2763 4865 3000 4927 πίστεως
3027 4864 3124 4916 καὶ
3151 4863 3365 4926 ἐλπίδος
3408 4863 3500 4914 καὶ
3526 4856 3655 4924 ἀγάο

391 4959 694 5030 prot‘ectui,
723 4957 977 5028 proditor
1009 4958 1180 5014 ludas
1210 4961 1282 5013 sit
1306 4975 1502 5014 erasus
1527 4977 1592 5013 ex
1624 4961 1748 5014 albo
1774 4961 1979 5016 electo-

2087 4977 2194 5028 πης
2219 4959 2301 5009 ἐνε
2313 4956 2551 5027 ργητικὴ
2578 4959 2672 5008 καὶ
2699 4954 3044 5024 τελειωτικὴ,
3071 4955 3167 5006 καὶ
3193 4954 3291 5023 τὴν
3329 4947 3653 5021 συντομωτέ-

392 5050 573 5106 Tum?
609 5050 904 5106 l-lumilitas
969 5051 1174 5122 quippe
1228 5052 1333 5106 sibi
1377 5061 1582 5107 attenta
1619 5052 1745 5106 fidei
1777 5057 1833 5106 et
1862 5053 1979 5122 spei

2093 5068 2190 5120 ραν
2223 5050 2342 5102 ὁδὸν
2379 5048 2488 5102 τῶν
2521 5049 2684 5101 θείων
2732 5047 2964 5100 ἐντολῶν
3019 5047 3080 5097 ὲν
3118 5046 3312 5107 αὑταῖς
3365 5044 3456 5112 εχο
3495 5053 3597 5094 sa“
3627 5037 3651 5087 ὁ

387 5156 452 5199 et
479 5144 1032 5200 ebaritatiseﬂ‘ectrix
1062 5126 1461 5214 perfectrixque
1487 5155 1592 5206 est.
1622 5159 1982 5214 accompcn-

2091 5143 2199 5212 γὰρ
2259 5141 2625 5208 καταξιωοεὶς
2657 5139 2733 5202 ὡς
2789 5138 2872 5191 δεῖ
2927 5138 3184 5198 ταπεινδς
3232 5136 3489 5204 γενέσθαι
3531 5129 3648 5188 τοὺς

387 5235 694 5290 diosiorem
756 5235 1155 5290 servandorum
1205 5229 1302 5290 Dei
1363 5235 1746 5290 mandatorum
1807 5236 1860 5287 in
1923 5245 1984 5290 se

2091 5232 2272 5296 θείους
2304 5235 2694 5304 μακαρισμοίις
2741 5234 2798 5284 ἐν
2857 5232 2936 5304 τῷ
2973 5231 3090 5300 ἰδίῳ
3135 5230 3238 5300 βίῳ
3271 5231 3360 5283 διά
3409 5225 3649 5295 πράξεως

391 5326 577 5380 liabet'
606 5325 775 5381 viam.
829 5326 966 5380 Nam
1015 5327 1104 5382 cui
1153 5342 1475 5382 concessum
1533 5337 1637 5390 est,
1675 5342 1797 5381 esse
1848 5341 1980 5381 vere

2087 5327 2503 5397 ὲζωγράφησεν.
2545 5329 2601 5380 Ὀ
2633 5328 2680 5380 δ’
2723 5323 2792 5379 αὖ
2843 5326 3006 5379 πάλιν
3051 5324 3296 5396 καθαρὸς
3347 5326 3410 5392 τῇ
3459 5314 3647 5387 καρδίᾳ

393 5418 686 5482 humilem,
720 5417 766 5472 is
793 5419 848 5472 in
887 5420 995 5473 vita
1028 5435 1125 5473 sua
1153 5419 1369 5473 divinas
1412 5420 1784 5474 beatitudincs
1809 5418 1981 5473 actio-

2088 5417 2241 5472 ἔσται
2274 5420 2493 5480 πάντως
2522 5421 2616 5472 καὶ
2644 5417 2900 5481 ταπεινός
2921 5434 2936 5449 ο
2984 5417 3118 5471 ῖδιον
3144 5417 3253 5487 γὰρ
3278 5416 3379 5484 τῆς
3427 5407 3648 5478 καθαρό-

393 5524 463 5563 ne
498 5510 650 5562 velut
695 5509 870 5578 pictas
918 5520 1314 5581 repraesentat;
1362 5527 1574 5575 rursus,
1602 5512 1695 5580 qui
1735 5511 1974 5565 mundus

2083 5527 2243 5580 τητος
2274 5514 2307 5582 ὴ
2338 5512 2690 5573 ταπείνωσις,
2723 5511 2818 5563 καὶ
2845 5512 2879 5580 ἡ
2906 5511 2987 5573 εἰς
3018 5510 3151 5563 Θεὸν
3185 5507 3302 5579 μετ’
3331 5508 3531 5576 ἔρωτος
3559 5497 3645 5551 καὶ

388 5600 561 5654 corde
622 5600 787 5659 fuerit
861 5603 1007 5660 idem
1055 5607 1174 5661 sine
1203 5605 1374 5660 dubio
1405 5606 1512 5659 crit
1554 5603 1818 5671 humilis;
1847 5619 1976 5673 pro-

2084 5604 2352 5673 θυμηδίας
2369 5603 2559 5671 ἀγάπη
2576 5620 2632 5655 τε
2662 5605 2755 5655 καὶ
2777 5600 3318 5672 ἔφεσις,γνωριστικά
3340 5595 3505 5662 αὐτῆς
3522 5589 3644 5643 κασ-

479 5762 521 5794 "
554 5761 731 5820 Galat.
771 5781 826 5832 ν,
869 5767 954 5821 l6.
