4058 6450
435 375 540 440 741
1552 370 1651 430 DE
1692 365 2036 428 MANDATI

2147 363 2192 425 ).
2238 363 2309 421 N.
2354 361 2412 420 Ι.
2454 359 2519 420 C.
3582 353 3690 418 752

446 492 770 560 εστήκασιν.
828 490 899 542 '0
927 489 982 542 δὲ
1028 487 1269 550 τοιοῦτος
1302 487 1395 540 καὶ
1422 485 1519 548 τὰς
1547 485 1742 546 λοιπὰς
1791 483 1876 536 διὰ
1910 481 2016 534 τῶν

2147 480 2239 532 tria
2277 479 2480 548 quippe
2535 474 2789 545 puritatis
2831 483 2916 530 est
2968 473 3271 539 humilitas,
3300 471 3458 544 cujus
3496 471 3694 527 chara-

438 582 532 634 δύο
565 582 773 634 τούτων
819 580 1030 650 ἀρετῶν
1063 580 1422 650 εὑρεθήσεται
1462 575 1748 642 φυλάττων
1775 593 1789 606 ο
1826 577 1852 626 ό
1909 573 2016 640 γὰρ

2147 581 2300 625 :teres
2351 581 2407 625 et
2458 571 2611 637 signa
2650 569 2794 621 unde
2848 567 3237 638 dignoscantur
3283 575 3412 619 sunt
3457 565 3696 618 eharitas

438 673 692 735 ταπεινὸς
737 673 859 725 οὔτε
910 673 1034 740 είκῆ
1075 671 1378 741 ὀργίζεται,
1410 668 1532 722 οὔτε
1579 669 1799 737 ἑτέραις
1831 665 2021 734 ὕϐρεσι

2148 678 2178 714 n
2217 661 2386 714 Deum
2447 659 2594 713 dulci
2648 658 2848 712 affectu
2895 657 3210 728 conjuncta,
3237 666 3293 710 et
3319 654 3564 723 ejusdem
3599 655 3697 707 ali-

441 763 762 829 περιόάλλει
795 763 890 815 τὸν
943 763 1197 830 ἀδελφόν.
1253 762 1295 812 Τ
1298 763 1326 812 ὸ
1367 761 1419 812 δὲ
1452 757 1865 824 καταλλαγῆναι
1912 754 2020 823 πρὸ

2147 751 2348 821 tuando
2385 749 2599 804 fruendi
2654 751 2855 802 ardens
2906 749 3266 802 desiderium.
3325 745 3476 800 Talis
3532 760 3700 814 porro

442 852 534 906 τοῦ
575 851 748 922 δώρου
799 855 921 906 κατ’
949 853 1172 921 ἐντολῆς
1219 853 1460 920 ποίησιν,
1507 850 1595 902 ὅτε
1632 849 1726 900 καὶ
1760 849 2019 915 γένηται,

446 946 648 1014 μᾶλλον
685 943 816 997 ἴδιον
843 944 938 996 τοῦ
969 943 1255 1006 ταπεινοῦ,
1285 943 1344 1004 ὃς
1373 941 1560 994 δοῦλον
1614 939 1845 1008 ἔσχατον
1890 935 2021 989 πάν-

445 1049 555 1084 των
579 1032 742 1084 αὑτὸν
765 1033 1000 1100 ἡγεῖται,
1033 1031 1128 1083 καὶ
1165 1031 1302 1102 πρὸς
1329 1029 1591 1099 ἀλήθειαν
1622 1029 1744 1095 γῆν,
1778 1026 1873 1078 καὶ
1894 1041 2024 1076 σπο-

447 1121 558 1188 δδν,
592 1125 684 1176 καὶ
715 1123 1010 1192 κάθαρμα·
1039 1123 1098 1186 ὃς
1136 1123 1310 1192 πρᾶός
1333 1122 1392 1173 τέ
1427 1123 1543 1174 ἐστι
1571 1119 1668 1172 καὶ
1695 1117 1908 1171 πενθῶν
1931 1117 2027 1169 καὶ

450 1214 653 1267 πεινῶν
695 1216 794 1283 τὴν
823 1215 1188 1284 δικαιοσύνην,
1243 1213 1396 1277 Θεὸν,
1431 1212 1526 1265 καὶ
1566 1213 1804 1280 ἀρετήν·
1835 1211 1929 1262 καὶ
1962 1208 2027 1278 δὴ

450 1306 545 1358 aut
562 1304 813 1374 ἐλεήμων
831 1319 847 1337 ο
873 1304 927 1356 εῐ
942 1321 1004 1372 γε
1026 1303 1263 1374 χορηγός
1280 1303 1398 1356 ἐστι
1415 1302 1595 1368 πάσης
1615 1298 1876 1368 ἐργασίας
1893 1299 2030 1366 ἁγα-

451 1395 550 1463 θῆς
571 1396 606 1465 ή
637 1397 882 1464 μακαρία
901 1395 1253 1456 ταπείνωσις.
1278 1393 1531 1462 Καθαρὸς
1551 1391 1608 1444 δὲ
1647 1394 1714 1460 τῇ
1730 1408 1798 1442 κα
1809 1389 1928 1459 ρδίᾳ
1945 1389 2030 1450 τίς

457 1484 659 1552 μᾶλλον
693 1483 786 1535 τοῦ
831 1483 1283 1552 χθαμαλόφρονος
1325 1480 1483 1540 ἄλλος
1520 1480 1704 1531 πλεῖον
1736 1478 2032 1550 εὑρεθήσε-

453 1589 546 1625 ται
572 1589 588 1637 ;
631 1573 746 1640 εῐγε
773 1570 842 1624 δι’
875 1568 1338 1641 ’ὑψηλοφροσύνην
1381 1571 1476 1622 καὶ
1506 1566 1686 1620 Σατὰν
1715 1568 2031 1636 ἀκάθαρτος

454 1663 485 1714 6
522 1663 835 1732 ἀσώματος.
867 1663 930 1715 Εἰ
968 1664 1027 1717 δὲ
1076 1663 1172 1716 καὶ
1207 1663 1412 1726 πάντες
1468 1660 1743 1721 ἐθέλοντες
1792 1659 2032 1722 εὐσεεῶς

457 1753 558 1823 ζῇν
616 1753 674 1805 ὲν
710 1752 934 1823 Χριστῷ
974 1751 1151 1823 Ἰησοῦ
1183 1749 1598 1820 διωχθήσονται,
1655 1748 1732 1810 ῶς
1781 1760 1948 1817 φησιν
1995 1747 2030 1813 ἠ

2123 845 2217 914 qui
2277 843 2465 903 fuerit,
2503 841 2639 894 alias
2690 855 2911 910 quoque
2967 840 3204 893 virtutes
3246 854 3312 891 ex
3368 839 3454 890 his
3487 836 3700 889 dttabus

2125 944 2278 1002 aptas
2313 933 2620 1000 reperietur
2651 929 2952 983 custodire.
2980 923 3112 980 Nam
3149 926 3375 980 humilis
3407 925 3548 977 haud
3582 923 3703 976 sine

2126 1039 2290 1079 causa
2327 1023 2602 1084 irascitur,
2649 1035 2828 1090 neque
2885 1019 3170 1073 ulciscitur
3201 1018 3254 1071 in
3289 1017 3511 1070 fratrem
3564 1016 3708 1083 inju-

2129 1117 2243 1170 rias
2278 1115 2347 1168 ab
2376 1129 2442 1168 eo
2477 1122 2755 1180 acceptas,
2787 1110 3012 1180 paribus
3063 1108 3453 1177 rependendis.
3487 1107 3706 1161 Manda-

2129 1215 2246 1260 tum
2294 1205 2459 1259 etiam
2509 1201 2667 1266 illud,
2724 1198 3116 1255 reconciliandi
3157 1197 3261 1252 sibi
3301 1199 3521 1252 fratrem
3579 1207 3706 1250 ante

2129 1295 2335 1350 donutn
2367 1292 2732 1354 offerendum,
2759 1289 2881 1358 quis
2933 1289 3240 1358 promptius
3272 1297 3328 1340 et
3374 1287 3570 1339 melius
3605 1286 3744 1350 hu-,

2131 1388 2246 1442 mili
2312 1387 2534 1441 homine
2584 1383 2856 1455 implebit,
2914 1381 3007 1451 qui
3064 1396 3123 1434 se
3181 1381 3431 1434 ultimum
3460 1380 3704 1433 omnium

2131 1487 2371 1548 reputat,
2423 1493 2554 1530 vere
2604 1491 2901 1545 persuasus
2931 1489 3053 1529 esse
3110 1488 3170 1528 se
3223 1474 3525 1543 pulverem,
3557 1473 3710 1526 cine—

2132 1585 2272 1631 rem,
2303 1565 2929 1638 pnrgamentudeem
2977 1572 3238 1634 prieterea
3299 1561 3460 1624 mitis
3506 1570 3609 1619 est.
3654 1569 3711 1612 et

2131 1661 2346 1730 lugens,
2375 1671 2427 1714 et
2467 1658 2720 1714 esuriens
2761 1657 3058 1727 justitiam,
3094 1655 3262 1709 Deum
3304 1663 3361 1707 et
3410 1653 3708 1714 \irlutem;

2136 1753 2280 1806 idem
2309 1751 2640 1812 misericors,
2664 1750 2848 1818 largus
2892 1747 3150 1817 praebitor
3182 1744 3425 1800 omnium
3456 1731 3588 1813 quae
3610 1742 3710 1818 ha-

458 1842 671 1912 Γραφὴ,
697 1843 780 1905 τίς
812 1842 920 1913 ἄρα
952 1843 1047 1894 τοῦ
1076 1841 1220 1894 κατὰ
1247 1843 1485 1911 Χριστδν
1520 1838 1779 1893 ταπεινοῦ
1809 1837 2031 1891 εὐσεϐέ-

2147 1845 2232 1898 bet
2261 1851 2356 1896 aut
2392 1849 2572 1910 potest
2631 1840 2968 1894 ministrare.
3003 1837 3144 1904 Quid
3205 1838 3351 1891 enim
3399 1834 3710 1888 beneficen-

461 1949 653 2004 στερος
681 1933 714 2003 ἢ
741 1933 1128 2002 δεδιωγμένος,
1154 1933 1229 1995 ὼς
1246 1933 1350 2000 ἔφη
1383 1936 1410 1984 6
1441 1932 1651 2000 Σωτὴρ,
1683 1931 1749 1983 τὰ
1779 1929 2034 1998 ἐξαίρετα

457 2025 556 2078 τοῦ
597 2025 770 2095 Ἰησοῦ
804 2025 918 2095 βίου
941 2026 998 2076 ὲν
1025 2024 1105 2092 τῷ
1137 2024 1352 2093 σώματι
1385 2023 1668 2093 βαστάσει,
1694 2021 1834 2087 εἴγε
1869 2022 1942 2091 μὴ
1967 2019 2016 2074 δι

461 2116 910 2185 ὑψηλοφροσύνην
940 2116 1302 2177 κατάστικτος
1332 2115 1675 2184 ἁμαρτίαιςς

2142 1935 2252 1989 tius
2292 1933 2449 1987 beata
2509 1931 2861 1986 humilitate?
2906 1930 3141 1983 Mundus
3194 1942 3328 1982 vero
3383 1925 3550 1979 corde
3589 1923 3713 1992 quis

2140 2040 2381 2094 unquam
2462 2021 2604 2077 alius
2674 2022 2862 2077 verius
2935 2019 3343 2090 perfectiusque
3405 2019 3712 2086 reperietur

2136 2131 2300 2186 quam
2352 2116 2516 2169 homo
2546 2115 2828 2169 humiliter
2877 2113 2944 2168 de
2992 2129 3049 2168 se
3084 2112 3369 2168 sentiens?
3400 2112 3533 2166 Nam
3567 2109 3713 2164 unde

461 2209 629 2262 Satan
679 2222 880 2276 expers
948 2207 1198 2276 corporis
1256 2207 1574 2262 immundus
1629 2207 1808 2262 factus
1853 2214 1967 2274 est,
2004 2207 2109 2264 nisi
2151 2223 2217 2262 ex
2244 2207 2544 2278 superbia?
2582 2207 2636 2261 Si
2692 2214 2873 2260 autem
2909 2219 3100 2259 omnes
3139 2204 3233 2274 qui
3275 2203 3363 2273 pie
3409 2203 3603 2256 volunt
3628 2200 3711 2251 νίν

462 2314 592 2353 vere
650 2299 705 2352 in
771 2299 994 2354 Christo
1031 2299 1159 2354 Jesu
1209 2300 1649 2368 persecutionem
1705 2301 2008 2370 patientur,
2037 2309 2098 2355 nt
2137 2301 2214 2356 ait
2267 2299 2555 2370 Scriptura

2602 2315 2618 2352 :
2672 2297 2924 2367 quisnam
2976 2312 3109 2352 vero
3159 2298 3212 2350 in
3242 2294 3464 2352 Christo
3491 2292 3711 2354 humili,

461 2401 558 2446 aut
593 2393 816 2462 justior,
861 2399 958 2446 aut
1033 2392 1207 2462 magis
1249 2392 1691 2462 persecutionem
1734 2393 2078 2463 patiens?ut
2117 2391 2366 2448 Salvator
2427 2392 2545 2458 ait;
2599 2399 2788 2460 utpote
2843 2404 2967 2444 cum
3010 2390 3055 2443 is
3097 2405 3216 2458 qua:
3276 2384 3625 2443 sunteximia
3661 2385 3713 2436 in

462 2485 575 2538 vita
608 2484 737 2540 Jesu
795 2485 848 2538 in
879 2498 1112 2554 corpore
1152 2500 1254 2539 suo
1285 2485 1688 2539 circumferat:
1733 2486 1827 2555 qui
1892 2497 2075 2542 autem
2116 2501 2226 2541 non
2287 2493 2372 2540 est
2441 2485 2685 2548 humilis,
2737 2493 2963 2554 prepter
3019 2482 3332 2552 superbiam
3390 2489 3536 2533 totus
3567 2494 3716 2532 cotu-

463 2587 704 2648 punetus
729 2577 1078 2647 stigmatibus
1107 2588 1454 2647 peccatorum
1493 2588 1772 2647 appareat.

539 2675 619 2726 ιδ’.
640 2669 792 2735 Εἶδες
824 2673 1058 2742 δύναμιν
1084 2671 1244 2725 θείων
1257 2672 1590 2740 εὑγγελικῶν
1609 2674 1890 2744 ῥημάτων,
1909 2669 2051 2739 εἶδες

467 2765 644 2837 ἀλκὴν
673 2768 776 2834 ὅση
812 2765 898 2827 τίς
951 2766 1075 2817 ἔστι
1122 2763 1341 2834 νήψεὼς
1388 2781 1450 2818 τε
1503 2765 1594 2818 καὶ
1625 2767 2042 2832 ταπεινώσεως;

466 2857 654 2919 οὕτως
687 2857 796 2923 ἄρα
824 2855 1070 2924 πέφυκεν
1090 2857 1124 2925 ἡ
1159 2855 1461 2926 πανάρετος
1491 2857 1652 2926 στολὴ
1685 2858 1924 2927 Χριστοῦ
1949 2858 2046 2912 τοῦ

469 2946 605 3000 Υἰοῦ
633 2946 792 3012 Θεοῦ,
827 2949 862 3016 ἡ
892 2946 1164 3017 μακαρία,
1197 2947 1361 3015 λέγω,
1386 2949 1734 3012 ταπείνωσις,
1767 2952 1862 3002 καὶ
1877 2953 2046 3018 ἀγγε-

468 3039 596 3108 λικὴ
637 3037 949 3109 καθαρότης
983 3039 1083 3107 τῆς
1127 3038 1368 3102 διανοίας
1423 3039 1756 3107 φυλακτικαὶ
1805 3038 1945 3093 εἰναί
1981 3056 2040 3093 τε

468 3131 565 3184 καὶ
594 3129 839 3197 γίνεσθαι
880 3132 939 3180 ὲν
964 3134 1076 3192 τοῖς
1112 3129 1458 3200 βουλομένοις
1496 3131 1809 3200 φιλοπονεῖν
1853 3133 2044 3185 πασῶν

471 3221 580 3274 τῶν
607 3220 699 3273 τοῦ
731 3219 867 3273 Θεοῦ
913 3219 1143 3272 ἐντολῶν
1169 3235 1185 3254 ο
1224 3221 1493 3291 ἄρχουσαι
1518 3221 1627 3291 γάρ
1673 3222 1812 3273 εἰσιν
1844 3221 2041 3290 ἀρχου-

2225 2676 2312 2730 M.
2341 2674 2539 2731 Vidisti
2575 2675 2684 2729 vim
2729 2672 3040 2728 divinorum
3075 2673 3351 2744 Evangelii
3403 2673 3716 2733 verborum,

2145 2767 2328 2822 vidisti
2375 2774 2639 2836 quantum
2685 2767 2854 2819 robur
2891 2766 2964 2818 sit
3005 2766 3327 2819 attentionis
3352 2772 3407 2818 et
3441 2764 3724 2816 humilita-

2149 2857 2248 2911 tis?
2287 2856 2378 2910 Sic
2426 2857 2589 2926 plane
2648 2863 2846 2908 natura
2880 2855 2965 2917 fit.
3004 2862 3064 2907 ut
3103 2854 3404 2908 virtutibus
3428 2853 3726 2922 splendens

2143 2947 2402 3000 omnibus
2459 2947 2609 3001 etola.
2647 2946 2852 3001 Christi
2907 2944 3031 2998 Filii
3092 2945 3228 3010 Dei,
3269 2944 3376 2996 hoc
3427 2953 3532 3005 est,
3563 2944 3721 2995 beata

2143 3038 2450 3101 humilitas,
2483 3045 2541 3091 et
2590 3037 2836 3107 angelica
2879 3035 3090 3104 puritas
3134 3035 3358 3100 mentis,
3381 3037 3640 3089 custodes
3671 3044 3727 3088 et

2145 3142 2292 3182 nunc
2323 3129 2455 3191 sint,
2485 3137 2542 3182 et
2568 3129 2766 3182 futuras
2797 3143 3016 3198 semper
3044 3126 3178 3192 sint,
3211 3126 3527 3181 volentibus
3558 3128 3610 3178 in
3635 3129 3723 3181 via

2144 3217 2383 3287 Spiritus
2443 3217 2818 3282 contendere,
2869 3218 3116 3271 omnium
3168 3215 3263 3270 Dei
3317 3216 3720 3269 mandaturum.

472 3313 605 3376 σῶν,
645 3311 915 3381 βασιλίδες
940 3311 1171 3365 ἐντολῶν
1203 3312 1237 3381 ἢ
1269 3313 1480 3383 ἀρετῶν
1502 3327 1518 3343 ⁶
1569 3305 1731 3366 αὗται
1784 3313 1894 3380 γὰρ
1941 3328 2043 3380 φυ-

2147 3311 2428 3377 Princtpes
2455 3309 2659 3378 quippe
2688 3309 2795 3363 illae
2825 3308 3138 3379 principum
3161 3317 3309 3371 sunt,
3336 3308 3538 3376 reginae
3574 3323 3726 3360 man-

471 3403 808 3472 λασσόμεναι
842 3403 1206 3472 περιεκτικῶς
1246 3403 1579 3471 φυλάττουσι
1625 3400 1750 3456 καθ’
1793 3399 1854 3454 6v
1894 3402 2046 3472 εἰρή-

438 3499 444 3504 ’
473 3510 648 3563 καμεν
675 3494 876 3562 τρόπον
931 3494 1032 3558 τὰς
1066 3494 1285 3557 λοιπὰς
1310 3495 1535 3556 ἐντολάς
1587 3495 1686 3557 τὰς
1737 3493 1862 3560 ἑξῆς
1893 3491 2048 3562 παρ-ἰ

472 3583 786 3648 Ματθαίου,
816 3584 1017 3653 μᾶλλον
1045 3584 1104 3638 δὲ
1135 3586 1286 3656 παρὰ
1323 3584 1560 3655 Χριστοῦ
1591 3586 1889 3656 λεγομένας
1909 3599 1923 3615 ·
1953 3578 2050 3637 καὶ

474 3677 648 3736 οὕτως
683 3677 1000 3746 εὑρίσκεται
1031 3679 1059 3730 6
1085 3678 1362 3739 ταπεινὸς,
1397 3679 1426 3730 6
1451 3693 1511 3730 τε
1538 3677 1778 3747 καθαρὸς
1819 3679 1887 3747 τῇ
1915 3692 2051 3748 καρ-

474 3769 562 3838 δίᾳ
591 3767 946 3838 ὲνταλμάτων
987 3768 1244 3822 ἁπάντων
1277 3767 1497 3839 ἄριστος
1521 3770 1697 3839 φύλαξ
1728 3768 1818 3822 τοῦ
1853 3763 2049 3822 ἑαυτοῦ

475 3863 750 3915 Δεσπότου
803 3879 861 3913 τε
889 3862 983 3914 καὶ
1014 3861 1150 3914 Θεοῦ
1175 3875 1190 3892 ο
1223 3854 1283 3913 οὗ
1307 3863 1491 3914 ἕνεκεν
1537 3863 1633 3915 καὶ
1678 3861 1932 3914 κοπιάσει
1969 3861 2052 3921 εἰς

475 3954 568 4007 τὸν
609 3953 783 4006 αἰῶνα
809 3951 1020 4014 τοῦτον,
1076 3953 1170 4005 καὶ
1220 3952 1446 4022 ζήσεται
1497 3955 1576 4014 εἰς
1622 3951 1907 4020 μέλλοντα,
1956 3942 2052 4004 καῖ

480 4043 952 4115 μακαρισθήσεται
981 4045 1134 4114 παρά
1183 4044 1389 4113 Κυρίου
1433 4047 1492 4096 ὲν
1526 4047 1593 4116 τῇ
1636 4045 1929 4113 ἀπεράντῳ
1958 4043 2053 4094 καὶ

479 4134 684 4202 αἰωνίῳ
713 4133 825 4203 ζωῇ
861 4134 918 4184 δν
953 4135 1175 4204 Χριστῷ
1217 4135 1396 4203 Ἰησοῦ
1431 4135 1510 4205 τῷ
1539 4136 1726 4206 Κυρίῳ
1763 4136 1942 4205 ἡμῶν.

558 4233 641 4280 ιε’.
674 4227 776 4288 Θὲς
802 4223 1095 4296 τοιγαροῦν
1127 4226 1218 4277 τὸν
1247 4226 1374 4278 νοῦν
1407 4243 1500 4279 σου
1537 4229 1617 4289 εἰς
1645 4227 1711 4299 τά
1743 4227 2013 4294 λεγόμενα
2035 4243 2049 4258 ·

482 4317 876 4370 εἰσελθέτωσαν
907 4317 985 4378 είς
1011 4317 1107 4376 τὰς
1132 4315 1300 4377 ἀκοάς
1325 4331 1420 4367 σου
1449 4316 1516 4368 τὰ
1547 4317 1696 4386 παρὰ
1723 4315 1814 4367 τοῦ
1849 4317 2052 4385 Κυρίου

484 4410 780 4480 εἰρημένα,
814 4409 867 4460 εί
897 4422 957 4475 γε
990 4407 1271 4470 πιστεύεις
1289 4407 1436 4476 αὐτῷ
1459 4423 1474 4439 ο
1505 4407 1606 4478 ἔφη
1665 4411 1772 4477 γὰρ
1828 4407 1909 4459 ὅτι
1962 4407 2054 4459 καὶ

484 4503 618 4570 περὶ
665 4499 842 4571 ἀργοῦ
873 4501 1034 4568 λόγου
1069 4500 1227 4566 λόγον
1273 4499 1629 4568 ἀποδώσομεν
1669 4503 1730 4551 ὲν
1765 4499 1945 4570 ἐκείνῃ
1989 4500 2052 4568 τῇ

484 4593 705 4663 ἡμέραο
748 4592 933 4654 ἱκανὸς
975 4589 1032 4644 δὲ
1059 4586 1214 4654 οὗτος
1249 4591 1278 4643 6
1325 4592 1503 4656 λόγος,
1533 4593 1627 4643 ἐὰν
1657 4592 1799 4662 νήφῃ
1835 4591 1992 4661 ἡμῶν
2022 4591 2054 4659 ή

483 4683 713 4736 διάνοια.
749 4683 844 4744 Ὃς
901 4682 959 4735 δὲ
1013 4684 1082 4735 τὰ
1115 4683 1477 4752 γεγραμμένα
1538 4682 1600 4734 οὐ
1650 4685 1898 4750 συνίησι,
1931 4681 2054 4734 οὔτε

486 4773 596 4840 μὴν
627 4771 736 4823 τῶν
759 4771 1070 4841 λεγομένων
1099 4771 1311 4837 ἀκούει,
1337 4771 1514 4824 ἔοικεν
1536 4773 1564 4825 6
1591 4771 1831 4834 τοιοῦτος
1854 4767 2054 4840 σωλῆνι

483 4862 757 4931 δεχομένῳ
788 4860 931 4938 ῦδωρ
969 4863 1066 4914 καὶ
1098 4863 1172 4932 μὴ
1225 4861 1603 4933 αἰσθανομένῳ
1656 4862 1738 4916 ὅτι
1771 4863 1838 4915 δι’
1887 4858 2052 4915 αὐτοῦ

485 4953 844 5022 παρέρχεται.
882 4952 978 5014 Τίς
1014 4952 1108 5006 οῦν
1135 4954 1244 5020 ἄρα
1276 4953 1351 5023 μὴ
1401 4954 1632 5026 κλαύσῃ,
1675 4955 1759 5016 τίς
1787 4955 1848 5005 οὐ
1875 4952 2051 5022 λυπη-

486 5043 554 5114 θῇ
583 5044 682 5097 καὶ
719 5042 1071 5113 ηταπλαγῇ,
1108 5045 1192 5096 ὅτι
1219 5044 1248 5096 6
1299 5045 1576 5110 Δεσπότης
1598 5046 1698 5114 τῆς
1725 5045 2051 5113 οἰκουμένης

483 5133 551 5187 δι’
584 5133 778 5186 ἑαυτοῦ
808 5150 871 5185 τε
896 5117 992 5187 καὶ
1033 5135 1140 5187 τῶν
1168 5134 1371 5188 δούλων
1401 5136 1566 5188 αὐτοῦ
1597 5135 1709 5188 τῶν
1753 5136 2055 5204 προφητῶν

486 5225 579 5278 καὶ
607 5224 922 5279 ἀποστόλων
951 5224 1070 5294 βοᾷ,
1110 5228 1207 5278 καὶ
1234 5225 1335 5279 οὐκ
1367 5226 1517 5278 ἐστιν
1552 5228 1580 5278 6
1625 5228 1880 5292 ἀκούων;
1920 5227 2055 5279 Τίνα

485 5316 543 5369 δέ
573 5316 689 5369 ἐστι
723 5315 792 5368 τὰ
823 5317 1199 5386 κηρυττόμενα
1233 5315 1327 5370 ὑπ’
1361 5316 1578 5383 αὐτῶν;
1614 5317 1670 5368 ⁸0
1711 5317 1896 5385 γάμος
1916 5318 2056 5370 ’ἐτοι-

491 5423 612 5478 μος,
647 5409 805 5478 φησὶ,
833 5411 929 5461 καὶ
957 5409 1026 5461 τὰ
1055 5409 1358 5477 σιτεὺματά
1386 5426 1488 5477 μου
1517 5411 1790 5477 τεθυμένα
1810 5425 1824 5440 ⁸
1861 5411 1889 5461 6
1925 5427 2058 5477 νυμ-

495 5499 611 5564 ρίος
647 5497 788 5567 μετὰ
812 5497 970 5566 δόξης
1002 5499 1095 5550 καὶ
1125 5499 1602 5568 μεγαλοπρεπείας
1634 5500 1872 5568 κάθηται
1899 5501 1957 5551 έν
1978 5500 2054 5569 τῷ

487 5584 764 5654 νυμφῶνι,
795 5590 890 5639 καὶ
912 5585 1125 5656 δέχεται
1144 5587 1268 5648 τοὺς
1298 5586 1624 5656 ἐρχομένους
1665 5589 1803 5656 μετὰ
1845 5592 2018 5658 χαρᾶς
2043 5608 2057 5620 ·

486 5674 521 5742 ἡ
550 5673 690 5744 θύρα
723 5675 1015 5747 ἀνέῳκται,
1043 5677 1092 5730 οἰ
1123 5677 1392 5748 ὑπηρέται
1421 5678 1803 5742 σπουδάζουσι.
1831 5681 1944 5749 Πρὸ
1968 5681 2062 5734 τοῦ

488 5758 804 5834 κλεισθῆναι
851 5765 952 5836 τὴν
1004 5765 1195 5838 θύραν,
1253 5767 1629 5832 ὲξυποδίσατε,
1673 5770 1746 5839 μή
1784 5787 1910 5823 ποτε
1960 5771 2064 5835 ἔξω

2149 3399 2400 3454 datorum
2442 3413 2508 3454 ac
2555 3401 2842 3453 virtutum.
2896 3399 3031 3470 lpsre
3060 3399 3206 3454 enim
3237 3399 3366 3454 dum
3400 3399 3726 3454 custodiun-

2150 3499 2258 3553 tur,
2296 3490 2763 3560 cou‘tprehensive
2810 3489 3152 3554 custodiunt,
3186 3504 3254 3545 eo
3299 3504 3461 3558 quem
3490 3489 3730 3542 diximus

2148 3581 2333 3645 modo,
2374 3590 2571 3636 eaatera
2627 3579 2904 3643 mandata,
2954 3579 3214 3650 deinceps
3257 3595 3287 3634 a
3321 3579 3576 3634 Matthaeo
3643 3580 3729 3632 vel

2151 3674 2337 3742 p0tius
2364 3688 2394 3726 a
2421 3673 2643 3728 Christo
2673 3673 2939 3742 exposita.
2987 3673 3045 3727 In
3077 3673 3226 3728 hunc
3261 3673 3484 3728 modum
3518 3673 3729 3742 reperi-

2152 3774 2242 3820 tur
2271 3765 2495 3821 humilis
2545 3774 2602 3820 et
2659 3767 2898 3821 mundus
2930 3766 3098 3822 corde
3148 3766 3390 3836 Optimus
3437 3777 3730 3820 exsecutor

2151 3857 2400 3910 omnium
2457 3855 2838 3910 mandatorum
2903 3855 3118 3914 Domini
3167 3871 3230 3910 ac
3286 3856 3380 3910 Dei
3433 3855 3540 3920 sui,
3571 3857 3729 3926 cujus

2153 3962 2317 4000 causa
2374 3947 2587 4002 laborat
2635 3947 2692 4001 in
2743 3947 2847 4001 hoc
2903 3947 3126 4008 saeculo,
3161 3956 3218 4000 et
3246 3945 3391 4000 vivet
3436 3946 3490 3998 in
3522 3946 3726 4007 futuro,

2153 4031 2500 4091 beatiﬁcatus
2551 4051 2579 4089 a
2636 4037 2868 4090 Domino
2898 4038 2950 4090 in
2993 4035 3222 4106 perenni
3260 4045 3316 4089 et
3340 4043 3545 4089 aeterna
3598 4037 3731 4096 vita,

2154 4125 2210 4177 in
2242 4123 2464 4180 Christo
2486 4125 2612 4180 Jcsu
2642 4125 2878 4180 Domino
2915 4134 3127 4181 nostro.

2226 4215 2312 4270 15.
2345 4215 2558 4271 Adhibe
2589 4218 2755 4284 igitur
2775 4225 3014 4271 mentem
3047 4217 3114 4270 ad
3149 4217 3264 4271 hate
3294 4232 3415 4285 quae
3449 4216 3750 4281 dicuntur;-

2155 4301 2532 4376 ingrediantur
2563 4309 2616 4360 in
2647 4323 2808 4362 aures
2851 4317 2970 4362 tuas
3000 4323 3123 4377 quae
3166 4309 3309 4361 dicta
3335 4316 3464 4361 sunt
3491 4323 3523 4361 a
3552 4309 3736 4360 Domio

2155 4412 2249 4459 no,
2281 4397 2324 4450 si
2361 4399 2410 4451 ei
2443 4399 2646 4452 credis.
2668 4401 2746 4452 An
2769 4399 2915 4453 enim
2945 4399 3110 4468 (quod
3146 4399 3262 4469 ipse
3278 4399 3439 4462 dixit)
3467 4399 3533 4452 de
3563 4399 3732 4452 verbo

2156 4489 2336 4542 otioso
2382 4502 2413 4541 a
2466 4489 2628 4542 nobis
2679 4490 2890 4558 prolato
2934 4489 3228 4544 reddemus
3255 4491 3524 4542 rationem
3559 4490 3610 4542 in
3644 4490 3735 4543 die

2155 4577 2374 4650 iudicii,
2400 4591 2457 4634 et
2520 4596 2628 4634 non
2683 4581 2978 4636 reddemus
3024 4581 3096 4636 de
3144 4581 3313 4636 verbo
3348 4598 3378 4636 a
3429 4582 3540 4636 Deo
3576 4585 3737 4638 nobis

2162 4673 2335 4734 dicto,
2372 4688 2402 4726 a
2447 4672 2608 4727 nobis
2659 4673 2910 4742 neglecto
2957 4680 3014 4728 et
3044 4673 3226 4728 otioso
3262 4674 3489 4727 relicto?
3535 4673 3730 4743 Vigitet

2152 4771 2283 4832 ergo
2312 4777 2472 4818 mens
2504 4774 2692 4818 nostra
2729 4764 3073 4819 contendens
3098 4764 3165 4819 ad
3198 4766 3423 4819 verbum
3456 4781 3606 4819 omni
3639 4782 3734 4819 ac-

2152 4857 2406 4925 ceptione
2449 4858 2676 4929 dignum
2735 4858 3098 4928 implendum.
3123 4859 3228 4926 Qui
3271 4861 3477 4930 scripta
3513 4877 3623 4915 non
3653 4862 3726 4914 in

2116 5031 2121 5035 .
2155 4951 2371 5024 telligit,
2404 4966 2505 5004 nec
2541 4965 2606 5005 ea
2651 4966 2774 5020 qua:
2815 4951 3079 5004 dicuntur
3134 4951 3308 5006 audit.
3339 4951 3488 5006 Talis
3536 4953 3739 5007 similis

2157 5054 2244 5101 e‘st
2297 5044 2474 5099 canali
2532 5044 2612 5098 sic
2673 5051 2868 5111 aquam
2918 5043 3237 5113 accipienti,
3269 5052 3332 5098 ut
3379 5060 3498 5098 eam
3551 5060 3738 5114 ρει-σο

2161 5136 2399 5190 transire
2458 5149 2568 5189 non
2615 5134 2842 5187 sentiat.
2885 5133 3019 5199 Quis
3078 5150 3210 5204 ergo
3259 5151 3368 5190 non
3412 5135 3563 5202 fleat,
3628 5153 3736 5190 non

2159 5229 2398 5299 plangat,
2443 5243 2553 5282 non
2614 5228 2990 5296 Obstupescat.
3051 5227 3198 5298 quod
3253 5229 3518 5284 Dominus
3583 5232 3736 5286 orbis

2162 5320 2400 5374 universi
2449 5335 2582 5373 eum
2618 5328 2673 5373 et
2720 5335 2818 5388 per
2853 5334 2972 5373 sese
3001 5330 3058 5374 et
3086 5331 3185 5390 pe!
3223 5336 3412 5376 servos
3445 5338 3576 5377 suos
3608 5339 3738 5392 pro-

2161 5411 2356 5478 phetas
2377 5418 2432 5462 et
2466 5409 2740 5478 apostolos
2767 5411 2987 5475 clamet,
3019 5426 3128 5465 non
3163 5419 3246 5466 est
3281 5421 3461 5466 tamen
3488 5413 3582 5482 qui
3609 5429 3736 5467 eum

2159 5498 2391 5552 audiat?
2421 5499 2559 5563 Quid
2620 5509 2804 5552 autem
2861 5501 2936 5553 illi
2992 5483 3330 5570 praedicant?
3369 5502 3608 5571 Nuptiae,
3651 5504 3736 5557 in-

2166 5590 2385 5658 quiunt.
2415 5598 2613 5658 paratae
2665 5601 2817 5655 sunt,
2851 5592 3020 5646 altilia
3076 5594 3277 5647 occisa.
3311 5592 3555 5662 Sponsus
3607 5609 3734 5648 cum

2163 5681 2334 5750 gloria
2370 5691 2426 5734 et
2453 5681 2854 5750 magnificentia
2884 5683 3040 5738 sedet
3084 5684 3140 5738 in
3168 5683 3430 5748 thalamo,
3456 5694 3509 5737 et
3531 5675 3740 5752 excipit.

2163 5772 2444 5827 venientes
2500 5787 2623 5826 cum
2690 5775 2913 5844 gaudio.
2984 5774 3151 5830 Fores
3245 5782 3454 5842 patent.
3500 5773 3734 5831 Ministri
