4058 6488
377 346 480 411 74⁸)

1430 338 1852 428 ΡΗιιοΤΗΕι
1895 334 2008 394 CP.
2048 331 2567 393 PATRIARClI/E

3526 332 3629 397 ’Νι

372 458 527 513 varie
564 456 948 512 discurrentes
1004 463 1282 525 satagunt;
1337 456 1661 524 Properate,
1708 466 1775 505 nc
1827 445 1962 501 foris

2074 445 2286 514 μείνητε
2307 468 2319 481 ’
2365 450 2460 501 καὶ
2487 449 2587 502 οὐκ
2640 449 2788 504 ἔστιν
2818 450 2847 502 ὀ
2874 447 3144 518 εἰσφέρων
3184 447 3354 517 ὑμᾶς.
3389 447 3499 501 Καὶ
3544 449 3634 503 ἐπὶ

375 547 586 603 exclusi
641 546 932 610 maneatis,
973 555 1029 600 et
1062 561 1171 600 non
1231 548 1304 601 sit
1349 548 1440 615 qui
1478 561 1574 599 vos
1622 543 1957 598 introdueat.

378 639 440 692 ιιι
479 638 566 691 bis
601 652 711 691 non
740 636 943 705 estqui
978 637 1267 706 intelligat,
1301 651 1411 691 non
1465 635 1673 704 estqui
1714 634 1960 689 studium

378 729 663 787 adhibeat.
710 728 817 783 Sed
864 728 1078 783 desidia
1131 738 1188 782 et
1238 728 1550 782 sollicitudo
1579 727 1744 796 hujus
1776 726 1961 779 δευουιὶ

381 821 538 875 velut
599 829 793 873 catena
836 819 1028 890 ligavit
1097 828 1336 873 mentem
1411 829 1684 875 nostram.
1739 817 1964 871 Divinas

382 911 703 981 Scripturas
728 921 878 965 recte
908 909 1131 979 quidem
1163 909 1480 973 scribimus,
1510 919 1660 963 recte
1705 909 1961 978 legimus,

390 1015 543 1057 recte
577 1011 760 1056 autem
800 1005 945 1070 ipsas
973 1002 1169 1056 audire
1202 1002 1482 1064 nolumus,
1504 1000 1632 1070 quia
1673 1016 1782 1054 non
1810 1002 1967 1055 volu-

380 1109 506 1148 mus
528 1109 648 1163 quae
693 1093 798 1147 illae
846 1092 1171 1163 praecipiunt
1212 1094 1458 1161 exsequi.
1484 1093 1620 1158 Quis
1651 1094 1968 1162 peregrina-

390 1184 594 1237 tionem
625 1182 841 1251 longam
872 1182 1103 1250 suscipit
1144 1196 1250 1234 non
1285 1181 1505 1249 proviso
1536 1182 1590 1234 in
1621 1181 1763 1234 viam
1791 1180 1968 1233 victu?

390 1286 494 1324 nos
546 1280 726 1323 tamen
775 1270 963 1323 relicta
1005 1270 1094 1323 hic
1124 1284 1342 1323 annona
1395 1280 1607 1329 nostra,
1639 1280 1845 1325 temere
1878 1286 1970 1324 va-

386 1362 475 1415 cui
509 1361 850 1431 capessimus
882 1364 986 1414 iter
1017 1361 1369 1414 immensum.
1402 1360 1602 1414 Beatus
1627 1360 1717 1428 qui
1751 1360 1969 1415 abunde

381 1452 602 1520 praviso
641 1452 868 1515 viatico,
913 1466 1106 1505 secure
1148 1451 1522 1520 proficiscitur
1555 1451 1620 1505 ad
1655 1453 1970 1507 Dominum.

290 1538 295 1541 ’
382 1540 461 1593 Εη
495 1541 682 1593 decem
712 1541 954 1621 virgines
1010 1544 1118 1593 n'on
1169 1540 1476 1595 dormiunt.
1506 1541 1751 1596 Ensert-i
1784 1543 1972 1611 vigiles

382 1641 655 1701 satagunt,
684 1640 1070 1701 cx~pectantes
1090 1631 1375 1686 dominum
1398 1648 1580 1695 suum,
1601 1634 1753 1702 gnari
1784 1633 1972 1687 venire

380 1733 556 1791 ipsum
589 1733 813 1792 accepto
854 1738 1044 1792 regno,
1078 1738 1202 1777 cum
1243 1722 1446 1777 virtute
1472 1732 1520 1776 et
1545 1723 1712 1794 gloria
1756 1739 1970 1794 magna,

381 1824 776 1868 coronalurum
813 1829 1005 1868 servos
1033 1814 1125 1884 qui
1150 1814 1366 1869 talentis
1392 1814 1459 1868 ab
1493 1814 1610 1884 ipso
1647 1816 1713 1868 iis
1744 1816 1971 1871 creditis

378 1915 602 1965 strenue
627 1906 884 1973 negotiali
904 1906 1130 1973 fuerint,
1152 1907 1568 1961 interfecturum
1588 1919 1769 1961 autem
1791 1907 1978 1964 hostes

383 1997 944 2067 ειιυειιιῖὶτεοέιιετθηι
983 1996 1136 2052 illum
1179 2012 1422 2068 superse
1446 2012 1689 2068 regnare.
1728 1998 1976 2062 Quomo-

384 2096 457 2146 do
489 2108 667 2146 autem
702 2090 1076 2146 venit?Noete
1102 2091 1302 2154 media,
1326 2090 1434 2145 alte
1463 2093 1639 2161 sopita
1675 2090 1823 2144 omni
1866 2089 1974 2144 bu»-

382 2195 788 2245 mana-natura,
818 2191 1043 2252 repente
1065 2181 1133 2237 de
1164 2182 1304 2237 caelo
1337 2182 1397 2237 fit
1430 2197 1599 2237 sonus
1644 2198 1890 2253 magnus,
1920 2186 1978 2238 et

382 2273 651 2329 horrenda
671 2273 929 2332 tonitrua,
950 2280 1007 2326 et
1026 2270 1290 2325 terribilia
1310 2270 1543 2340 fulgura,
1558 2286 1681 2325 cum
1702 2280 1977 2326 terrmmO'

383 2377 463 2433 tu,
483 2365 681 2434 quibus
699 2362 948 2418 concussi
971 2362 1420 2431 expergiscuntur
1436 2361 1529 2430 qui
1548 2361 1977 2425 dormiebant,el

381 2455 705 2510 recordatur
725 2453 958 2522 quisque
980 2466 1204 2505 suorum
1220 2450 1599 2520 operum,sive
1625 2465 1688 2505 ea
1704 2450 1845 2505 bona
1862 2450 1976 2506 sive

382 2545 525 2600 maia
551 2545 789 2609 fuerint;
821 2542 913 2612 qui
949 2556 1081 2595 vero
1119 2540 1256 2595 mala
1304 2550 1558 2612 egerunt,
1598 2542 1838 2597 tundunt
1877 2557 1973 2598 sua

388 2643 637 2704 pectora,
660 2633 713 2686 in
739 2641 912 2687 strato
938 2647 1041 2686 suo
1052 2631 1319 2701 jacentes,
1343 2632 1601 2701 quoniam
1630 2648 1737 2687 non
1757 2645 1838 2687 est
1867 2649 1976 2704 quo

391 2724 625 2794 fugiant,
648 2733 743 2777 aut
765 2722 857 2777 ubi
881 2721 1250 2787 occultentur,
1286 2731 1380 2777 aut
1403 2732 1618 2792 tempus
1648 2725 1975 2797 emendapdi

387 2831 489 2885 per
515 2815 893 2884 paenitentiam
909 2828 972 2868 ea
997 2812 1274 2882 inquibus
1290 2822 1580 2883 peccantes
1601 2814 1973 2884 deliquerunt.

388 2909 607 2963 Etenim
632 2916 776 2963 terra
798 2908 1145 2973 concutitur;
1189 2907 1427 2961 tonitrua
1460 2907 1795 2962 borribiliter
1828 2925 1975 2963 reso-

387 2998 1179 3069 nantiaconsternant,fulgura
1192 2999 1511 3053 terribiliter
1526 3000 1977 3068 exsplemlcscen-

2062 539 2272 602 τούτοις
2301 541 2403 593 οὐκ
2431 540 2583 594 ἔστιν
2616 543 2643 593 ό
2674 543 2895 607 συνίων,
2925 542 3026 594 ούκ
3052 541 3198 594 ἐστιν
3225 543 3255 594 6
3292 539 3530 610 σπουδὴν
3555 558 3633 596 τι·

2064 632 2289 700 θέμενος
2313 647 2329 664 ’
2363 632 2536 703 ἀλλ’ἢ
2574 633 2817 704 ῥᾳθυμία
2857 633 2952 687 καὶ
2996 634 3029 701 ἡ
3063 632 3291 701 φροντὶς
3317 631 3417 685 τοῦ
3447 633 3635 698 αῑῶνος
3721 672 3724 676 .

2062 727 2276 791 τούτου,
2334 726 2524 798 ὥσπερ
2551 729 2765 792 ἀλυσις,
2800 727 3004 782 ἔδεισεν
3032 726 3192 795 ἡμῶν
3240 726 3345 796 τὴν
3381 725 3632 780 διάνοιαν.

2065 819 2177 881 Τὰς
2218 818 2370 882 θείας
2404 820 2626 889 Γραφάς
2664 819 2842 885 ὀρθῶς
2877 819 2977 888 μὲν
3010 819 3320 889 γράφομεν,
3344 816 3443 869 καὶ
3467 815 3639 886 ὀρθῶς

2065 909 2478 982 ἀναγινὼκομεν
2496 926 2507 940 ⁸
2535 911 2712 982 ὀρθῶς
2732 912 2790 964 δὲ
2817 909 3023 964 τούτων
3047 909 3283 962 ἀκοῦσαι
3309 906 3371 960 ού
3397 906 3636 974 θέλομεν,

2066 1003 2153 1055 διὰ
2181 1002 2241 1054 τὸ
2271 1001 2346 1070 μὴ
2376 1001 2664 1070 βούλεσθαι
2694 1001 2843 1070 ἡμᾶς
2882 1000 2951 1052 τά
2981 998 3109 1067 παρ’
3138 996 3324 1050 αὐτῶν
3353 995 3637 1048 ἐπιτελεῖν.

2068 1093 2165 1153 Τίς
2196 1094 2303 1160 ἄρα
2334 1093 2685 1161 ἀπεδήμησεν
2732 1090 3088 1154 ἐπισιτισμοῦ
3117 1090 3290 1159 χωρὶς
3328 1087 3551 1156 μακράν
3591 1085 3643 1138 6-

2066 1186 2196 1249 δόνς
2233 1183 2485 1253 καθάπερ
2514 1186 2677 1254 ἡμεῖς
2708 1182 3052 1253 βουλόμέθα,,
3081 1179 3318 1249 ἀφέντες
3341 1182 3432 1231 τὴν
3473 1181 3646 1230 ἐπισι-

2068 1278 2265 1346 τισμὸν
2299 1278 2453 1346 ήμῶν
2483 1276 2734 1338 ἐνταῦθα,
2775 1274 2911 1346 μηδὲ
2936 1275 3016 1336 είς
3048 1273 3148 1342 τὴν
3174 1270 3495 1340 ἀποδημίαν
3532 1270 3646 1321 ἐπι-

2073 1369 2354 1437 φέρεσθαι.
2387 1368 2675 1439 Μακάριος
2709 1370 2862 1430 ὅστις
2911 1366 3049 1437 μετά
3081 1365 3403 1436 παρρησίας
3447 1363 3644 1432 ἀπεδή·

2076 1476 2216 1529 μησε
2240 1459 2379 1529 πρὸς
2415 1460 2507 1513 τὸν
2537 1460 2764 1530 Κύριον,
2819 1458 3111 1529 βαστάζων
3164 1457 3257 1510 τὸν
3309 1453 3644 1522 ἐπισιτισμὸν

2073 1550 2241 1605 αὑτοῦ
2272 1550 2517 1619 ἀνενδεῆ.
2561 1550 2691 1604 Ἰδοὺ
2738 1550 2803 1619 δὴ
2851 1549 2948 1603 καὶ
3000 1550 3057 1603 al
3092 1547 3226 1602 δέκα
3282 1544 3550 1616 παρθένοι
3584 1542 3640 1595 οὐ

2076 1640 2397 1696 καθεύδουσι
2421 1657 2435 1673 ⁸
2462 1641 2557 1697 καὶ
2588 1640 2639 1692 oi
2673 1639 2850 1693 δοῦλοι
2887 1636 3379 1709 πραγματεύονται
3425 1631 3645 1702 προσδει

2078 1734 2296 1802 χόμενοι
2325 1731 2416 1785 τὸν
2444 1729 2714 1795 δεσπότην
2743 1728 2978 1791 ἑαυτῶν,
3011 1725 3332 1793 ὶπιγνόντες
3369 1723 3452 1776 ὅτι
3490 1718 3643 1773 ἔλαϐε

2079 1823 2179 1890 τὴν
2210 1818 2506 1888 βασιλείαν,
2537 1818 2631 1870 καὶ
2663 1816 2880 1887 ἔρχεται
2904 1814 3043 1885 μετά
3070 1811 3357 1880 δυνάμεως
3381 1810 3476 1863 καὶ
3495 1807 3643 1875 δόξης

2080 1910 2280 1977 πολλῆς
2330 1907 2672 1976 στεφανῶσαι
2720 1906 2823 1974 μὲν
2869 1894 2994 1966 τοὺς
3040 1901 3262 1962 δούλους
3313 1896 3480 1952 αὐτοῦ
3522 1896 3644 1958 τοὺς

2080 2001 2262 2063 καλῶς
2310 1997 2913 2070 πραγματευσαμένους
2970 1994 3050 2063 τῷ
3090 1992 3346 2064 ἀργυρίῳ
3389 1984 3435 2057 ᾧ
3465 1988 3645 2056 ἐκομί-

2080 2109 2242 2145 σαντο
2269 2092 2404 2159 παρ’
2461 2089 2628 2143 αὐτοῦ
2653 2107 2668 2120 ·
2700 2087 2912 2142 ἀνελεῖν
2935 2086 2993 2140 δὲ
3030 2087 3156 2149 τοὺς
3211 2083 3446 2154 ἐχθροὺς
3480 2076 3640 2134 αὑτοῦ

2076 2184 2205 2248 τοὺς
2242 2184 2317 2254 μὴ
2344 2183 2597 2246 θέλοντας
2623 2183 2786 2236 αὐτὸν
2819 2179 3139 2251 βασιλεῦσαι
3174 2179 3263 2232 ἐπ’
3296 2174 3515 2237 αὐτούς.
3558 2173 3643 2227 '0-

2078 2279 2231 2333 ποῖον
2262 2277 2319 2331 δὲ
2347 2277 2581 2347 τρόπον;
2630 2275 2724 2328 Ἐν
2752 2275 2891 2344 μέση
2931 2272 3110 2338 νυκτὶ,
3140 2273 3201 2324 ὲν
3232 2269 3390 2340 ὕπνῳ
3430 2281 3644 2335 κατεχο-

2081 2371 2248 2440 μένης
2280 2368 2382 2437 τῆς
2414 2367 2526 2421 τῶν
2559 2365 2865 2436 ἀνθρώπων
2892 2365 3127 2432 φύσεως,
3160 2360 3444 2431 αἰφνιδίως
3465 2358 3529 2410 ἑκ
3548 2354 3639 2409 τοῦ

2077 2460 2308 2533 ούρανοῦ
2319 2462 2532 2529 γίνεται
2557 2455 2688 2529 ἦχος
2711 2459 2906 2529 μέγας,
2929 2459 3021 2511 καὶ
3044 2456 3268 2527 βρονταὶ
3287 2454 3529 2526 φρικταὶ,
3546 2450 3635 2504 καὶ

2080 2555 2365 2624 ἀστραπαὶ
2404 2551 2757 2622 δειματώδεις
2818 2555 2956 2621 μετὰ
2998 2549 3225 2618 σεισμοῦ
3248 2564 3265 2581 ο
3292 2545 3634 2618 ὲκθροοῦνται

2078 2646 2337 2714 ἐξαίφνης
2391 2646 2440 2697 oi.
2474 2642 2864 2709 καθεύδοντες,
2896 2642 2992 2695 καὶ
3034 2640 3370 2711 μνημονεύει
3417 2638 3636 2696 ἕκαστος

2077 2737 2146 2789 τά
2169 2732 2361 2788 ἑαυτοῦ
2384 2732 2539 2803 ἔργα,
2568 2733 2677 2787 εἴτε
2698 2731 2880 2799 ἀγαθά
2896 2731 3004 2785 εῐτε
3023 2731 3171 2785 κακά
3192 2745 3211 2764 ο
3241 2731 3291 2783 οἱ
3318 2729 3374 2803 δὲ
3403 2728 3471 2781 τά
3496 2723 3635 2781 κακά

2080 2826 2389 2897 πράξαντες
2419 2825 2685 2879 τύπτουσι
2709 2824 2775 2879 τὰ
2817 2823 3016 2894 στέρνα
3041 2823 3245 2890 αὐτῶν,
3274 2822 3517 2893 κείμενοι
3546 2816 3636 2871 ἐπὶ

2077 2922 2176 2990 τῆς
2207 2920 2418 2988 κοίτης,
2453 2918 2536 2973 ὃτι
2562 2920 2663 2971 οὐκ
2688 2918 2804 2971 ἔστι
2839 2915 2943 2969 ποῦ
2974 2916 3188 2985 φυγεῖν,
3221 2904 3574 2985 η’κρυόῆναι,
3604 2907 3638 2978 ἢ

2081 3011 2535 3081 μεταμεληθῆναι
2566 3009 2653 3078 ἔφ’
2689 3004 2770 3072 οἷς
2811 3006 3053 3078 ἔπραξαν
3072 3020 3088 3035 ⁸
3124 3006 3158 3076 ἥ
3181 3023 3239 3058 τε
3260 3005 3372 3074 γὰρ
3396 3003 3468 3073 γῆ
3509 2999 3642 3055 σείε-

389 3094 463 3146 tia
484 3093 600 3147 dire
619 3092 986 3157 conturbant;
1015 3090 1189 3160 caligo
1205 3102 1387 3144 autem
1406 3106 1547 3145 caeca
1565 3092 1801 3160 nudique
1825 3092 1972 3162 ipsos

2075 3121 2184 3169 ται,
2221 3105 2315 3157 καὶ
2349 3106 2403 3155 αἱ
2462 3101 2686 3171 βρονταὶ
2725 3099 2927 3171 βοῶσαι
2960 3098 3243 3167 φοϐοῦσιν,
3276 3100 3330 3150 ai
3366 3092 3639 3167 ἀστραπαὶ

388 3183 683 3237 obumbrat
732 3182 1091 3236 miserrimos.
1137 3180 1229 3235 Sic
1275 3192 1330 3234 et
1372 3182 1424 3235 in
1454 3182 1544 3235 illa
1575 3182 1727 3247 liora,
1753 3185 1971 3251 quando

389 3274 576 3344 fulgur
615 3272 1022 3327 velocissimum
1094 3281 1373 3326 momento
1436 3272 1808 3342 expavefaciet
1867 3283 1977 3328 ter-

390 3380 506 3419 ram
539 3372 704 3419 totam
731 3380 748 3431 ;
778 3364 867 3418 cui
895 3361 1093 3416 terrori
1144 3364 1553 3435 superveniens
1573 3365 1796 3433 clangor
1829 3366 1975 3422 tuba:

384 3454 746 3509 acutissimus
776 3467 806 3506 e
837 3452 999 3518 caelo,
1024 3452 1674 3518 exeitabitdormientes,
1702 3464 1758 3509 et
1778 3470 1977 3524 exper-

390 3545 525 3615 gisci
573 3554 731 3614 coget
791 3543 1006 3613 sopitos
1059 3559 1089 3596 a
1139 3543 1491 3613 sweulonsi
1520 3545 1818 3599 enimeoeli
1848 3561 1974 3600 cum

395 3636 516 3691 suis
547 3634 850 3689 virtutibus
886 3634 1232 3699 titubabunt;
1267 3643 1320 3689 et
1350 3644 1495 3689 terra
1524 3638 1778 3691 universa
1807 3639 1976 3693 maris

394 3734 690 3779 tremorem
744 3723 1076 3783 imitabitur,
1132 3738 1162 3776 a
1219 3723 1355 3777 facie
1407 3723 1593 3793 gloriae
1643 3724 1855 3781 Judicis
1884 3740 1978 3776 ve-

359 3818 618 3870 ‘uicntis.
672 3816 816 3884 Ignis
846 3814 1047 3885 quippe
1096 3813 1357 3868 terribilis
1413 3819 1687 3884 praecedet
1716 3823 1843 3869 ante
1899 3815 1979 3870 fa-

391 3908 532 3962 ciem
563 3908 702 3977 ejus,
737 3920 1064 3976 percurrens
1094 3913 1151 3959 et
1186 3921 1425 3975 purgans
1465 3916 1666 3959 terram
1697 3922 1726 3959 a
1756 3907 1978 3962 sceleri-

399 3998 503 4053 bus
558 4013 679 4067 quae
737 3998 1166 4066 inquinaverunt
1234 3999 1430 4068 ipsam.
1478 3997 1731 4052 lnfernus
1782 4000 1976 4069 pandit

366 4089 370 4094 ’
396 4097 632 4142 aeternas
653 4102 780 4142 suas
808 4096 1012 4155 portas.
1044 4087 1187 4141 Mors
1224 4087 1547 4143 destruitur.
1575 4088 1763 4143 Pulvis
1787 4099 1973 4146 autem

395 4180 653 4250 putridus
685 4181 879 4234 audito
907 4182 1162 4250 clangore
1192 4180 1335 4234 tuba:
1367 4181 1747 4237 vivificabilur.
1776 4183 1971 4240 Mirum

395 4270 623 4324 omnino
677 4271 833 4325 visu!
904 4271 1204 4325 innumerae
1268 4273 1484 4336 animae,
1515 4273 1663 4328 velut
1713 4275 1767 4330 in
1834 4279 1971 4333 mari

399 4362 598 4435 pisces
632 4361 848 4414 infinito
897 4376 1124 4415 numero
1155 4376 1273 4416 sese
1307 4362 1583 4418 vibrantes
1638 4363 1693 4417 in
1731 4365 1965 4433 inferno,

395 4455 450 4507 iu
488 4454 598 4507 ictu
661 4452 804 4506 oculi
871 4463 1232 4523 prorumpent
1289 4454 1435 4521 inde,
1467 4464 1522 4510 et
1569 4471 1692 4512 ossa
1737 4448 2046 4529 quaeque.”

398 4561 494 4600 sua
534 4559 874 4616 quocunque.
922 4546 1211 4615 qumsitum
1255 4546 1433 4609 ibunt,
1475 4561 1538 4600 ea
1574 4546 1806 4602 invicem
1837 4549 1971 4606 ada-

400 4638 650 4706 ptabunt,
675 4649 733 4690 et
764 4636 870 4691 sibi
905 4636 1155 4697 induent,
1181 4651 1243 4691 ac
1267 4647 1618 4707 resurgentes
1654 4639 1972 4695 clamabunt

399 4728 671 4782 universae
694 4726 942 4783 dicentes
976 4744 992 4782 :
1041 4726 1222 4782 Gloria
1255 4728 1306 4783 ei
1359 4730 1452 4798 qui
1488 4733 1838 4801 congregavit
1872 4748 1973 4789 nos

397 4827 455 4873 et
493 4818 778 4873 suscitavit
822 4834 920 4888 per
958 4834 1112 4873 suam
1164 4820 1622 4874 misericordiam.
1658 4820 1813 4876 Tunc
1835 4823 1969 4893 justi

400 4911 659 4979 gaudent,
689 4919 745 4965 et
776 4911 952 4965 sancti
984 4910 1282 4965 exsultant.
1315 4910 1471 4966 Tunc
1500 4911 1729 4981 perfecti
1774 4923 1972 4969 ascetat

401 5000 831 5083 consolationem
860 5003 1108 5072 pristinis
1139 5003 1421 5057 laboribus
1448 5019 1633 5072 parem
1669 5005 1969 5075 accipiunt;

402 5100 688 5162 martyres,
733 5095 988 5162 apostoli,
1044 5095 1326 5165 propheta:
1376 5105 1733 5151 coronantur.
1774 5095 1974 5154 Beatus

400 5183 489 5238 cui
521 5193 709 5237 sancto
739 5185 1018 5254 continget
1059 5184 1252 5239 horam
1282 5185 1465 5241 videre
1504 5186 1675 5253 illam,
1704 5203 1810 5257 qua
1838 5188 1970 5258 justi

403 5275 687 5342 rapientur
745 5290 869 5329 cum
926 5275 1097 5344 gloria
1159 5276 1214 5328 in
1269 5275 1511 5330 nubibus
1568 5276 1622 5329 in
1679 5290 1971 5331 occursum

406 5367 730 5421 immortalis
790 5352 1006 5436 Sponsf,
1038 5382 1230 5422 omnes
1267 5368 1361 5436 qui
1420 5367 1733 5421 dilexerunt
1772 5367 1971 5436 ipsum,

402 5458 852 5531 et.studuerunt
929 5458 1155 5528 exsequi
1219 5472 1414 5512 omnes
1472 5459 1784 5512 voluntates
1833 5457 1969 5526 ejus.

403 5548 624 5613 Quanto
673 5558 856 5602 autent
909 5549 1262 5619 amplificavit
1312 5551 1484 5618 magis
1513 5552 1887 5618 mmsquisque
1919 5553 1973 5603 in

410 5642 513 5695 bac
545 5641 655 5696 vita
716 5658 844 5697 suas
879 5642 1050 5713 ipsius
1110 5642 1244 5707 alas,
1277 5651 1430 5696 tanto
1488 5644 1650 5696 altius
1702 5642 1849 5695 volat
1877 5659 1889 5694 :
1920 5654 1974 5695 et

403 5742 613 5800 quan'o
669 5735 898 5803 quisque
937 5734 1253 5803 diligentius
1300 5734 1578 5787 tumulavit
1613 5735 1830 5787 oculum
1879 5732 1968 5787 sui

2076 3195 2332 3249 πτοοῦσιν
2359 3210 2374 3225 ο
2408 3192 2596 3248 σκοτία
2631 3209 2689 3245 τε
2737 3192 2931 3262 βαθεῖα
2967 3171 3184 3262 κατέχει
3226 3191 3445 3253 αὐτούς.
3490 3187 3638 3243 Οὕτω

2075 3288 2170 3342 καὶ
2200 3289 2258 3342 έν
2291 3290 2355 3357 τῇ
2395 3285 2516 3357 ὥρᾳ
2549 3286 2735 3356 ἐκείνῃ
2780 3283 2856 3346 ὡς
2888 3284 3147 3354 ἀστραπὴ
3186 3283 3422 3352 ὀξυτάτη
3462 3282 3636 3351 αἰφνι-

2072 3375 2450 3446 δίωςθροήσει
2484 3378 2661 3429 πᾶσαν
2685 3375 2781 3446 τὴν
2816 3374 2920 3444 γῆν
2943 3389 2959 3406 ο
2992 3373 3225 3442 σάλπιγξ
3258 3375 3364 3446 γὰρ
3394 3374 3528 3442 μετὰ
3548 3371 3637 3440 φάο

2074 3467 2171 3521 σου
2206 3468 2463 3522 σαλπίσει
2492 3470 2555 3521 ἐκ
2590 3469 2685 3521 τοῦ
2716 3467 2973 3537 ούρανοῦ,
3006 3468 3103 3521 καὶ
3152 3469 3339 3538 ἔγερεῖ
3380 3466 3507 3529 τοὺς
3537 3478 3633 3515 κα-

2076 3559 2385 3624 θεύδοντας,
2418 3560 2710 3629 ὲξυπνήσει
2739 3559 2866 3622 τοὺς
2903 3558 2998 3611 ἀπ’
3050 3559 3244 3619 αἰῶνος
3301 3552 3632 3625 κεκοιμημέ-

2073 3669 2198 3717 νους
2223 3670 2235 3686 ·
2264 3647 2405 3707 οὗτοι
2431 3654 2539 3723 γὰρ
2574 3653 2623 3705 oi
2653 3652 2874 3722 οὐρανοὶ
2917 3651 3055 3719 μετά
3092 3650 3200 3702 τῶν
3229 3651 3512 3720 δυνάμεων
3544 3646 3635 3698 αύ-

2072 3745 2179 3797 τῶν
2208 3743 2653 3814 σαλευθήσονται,
2684 3743 2781 3796 καὶ
2808 3745 2841 3811 ἠ
2873 3743 2942 3811 γῆ
2998 3742 3148 3795 πᾶσα
3180 3741 3371 3810 ῶσπερ
3395 3740 3454 3792 τὸ
3497 3737 3633 3803 ὕδωρ

2072 3836 2172 3902 τῆς
2205 3834 2479 3904 θαλάσσης
2527 3833 2792 3904 τρομάξει
2838 3833 2945 3886 ἀπὸ
2978 3830 3273 3899 προσώπου
3304 3832 3399 3899 τῆς
3445 3824 3628 3881 αὑτοῦ.

2073 3926 2193 3997 Πῦρ
2236 3928 2345 3997 γὰρ
2385 3927 2613 3997 φοϐερὸν
2661 3923 2943 3995 προτρέξει
2981 3923 3086 3993 πρὸ
3125 3921 3419 3992 προσώπου
3452 3918 3630 3979 αὐτοῦ,

2073 4019 2436 4090 παρατρέχων
2505 4017 2599 4069 καὶ
2660 4014 2975 4081 καθαρῐζων
3037 4015 3136 4085 τὴν
3209 4015 3316 4083 γῆν
3368 4013 3474 4065 ἀπὸ
3530 4009 3632 4061 τῶν

2071 4108 2312 4178 ἀνομιῶν
2363 4106 2472 4159 τῶν
2543 4104 2821 4177 μιανασῶν
2882 4106 3088 4173 αὐτήν·
3151 4106 3179 4158 6
3234 4104 3371 4176 ᾅδης
3434 4103 3631 4166 ἀνοίγει

2070 4200 2169 4260 τὰς
2216 4200 2440 4261 αἰωνίοις
2493 4195 2658 4250 αὐτοῦ
2721 4195 2931 4261 πύλας·
2985 4200 3013 4250 6
3072 4197 3301 4259 θάνατος
3365 4195 3632 4262 κατήρτη-

2069 4308 2161 4346 ται
2187 4309 2203 4325 ο
2236 4293 2265 4344 ὀ
2292 4292 2349 4345 δὲ
2386 4279 2513 4361 χοῦς
2552 4293 2581 4345 ὀ
2637 4290 2854 4356 σαπεὶς,
2904 4290 3148 4353 ἀκούσας
3172 4291 3271 4358 τῆς
3319 4287 3629 4360 φωνῆς,τῆς

2076 4379 2401 4447 σάλπιγγος,
2432 4378 2900 4449 ζωοποιηθήσεται
2927 4395 2942 4411 ο
2974 4378 3160 4449 θαῦμα
3193 4380 3303 4450 γὰρ
3339 4379 3465 4433 ἰδεῖν
3502 4376 3625 4442 ἀὶη-

2077 4471 2186 4534 θῶς
2219 4471 2336 4533 πῶς
2365 4471 2421 4523 ὲν
2451 4472 2584 4542 ῥιπῇ
2607 4470 2890 4541 ὀφθαλμοῦ
2927 4473 2984 4525 έν
3015 4472 3092 4541 τῷ
3138 4471 3258 4545 ᾅδῃ,
3290 4472 3474 4539 ὥσπερ
3503 4468 3630 4535 πλῆ-

2075 4562 2167 4626 θος
2196 4561 2394 4633 ἰχθύων
2425 4564 2484 4614 ὲν
2506 4564 2573 4633 τῇ
2602 4562 2847 4634 θαλάσσῃ
2882 4563 3285 4633 στρεφομένων,
3313 4563 3481 4624 οὕτως
3506 4561 3629 4611 ἀνα-

2077 4654 2344 4725 ρίθμητον
2374 4652 2579 4721 πλῆθος
2625 4652 2694 4705 τά
2742 4653 2876 4706 ὀστᾶ
2903 4654 3000 4720 τῆς
3033 4653 3381 4722 ἀνθρωπίνης
3426 4649 3628 4719 φύσεως

2073 4746 2306 4799 ἕκαστον
2350 4743 2530 4797 αὐτῶν
2563 4744 2913 4813 περιέρχεται
2946 4745 3142 4815 ζητοῦν
3167 4747 3266 4807 τὰς
3298 4744 3498 4799 ἑαυτῶν
3528 4742 3623 4806 ἀρ·

2076 4835 2264 4904 μονίας
2285 4850 2300 4865 °
2332 4835 2425 4887 καὶ
2452 4834 2771 4902 ἐγερθέντες
2813 4835 3105 4903 κράξουσιν
3149 4836 3383 4896 ἅπαντες
3427 4832 3514 4886 καὶ
3542 4828 3624 4881 λέ-

2076 4920 2261 4988 ξουσι·
2314 4925 2449 4989 Δόξα
2506 4924 2584 4994 τῷ
2620 4926 2982 4993 συναγαγόντι
3033 4908 3180 4994 ἡμᾶς
3234 4930 3326 4979 καὶ
3358 4924 3622 4992 ἐγείραντι

2073 5012 2162 5066 διὰ
2185 5012 2283 5082 τὴν
2312 5012 2479 5065 αὐτοῦ
2521 5011 2955 5080 φιλανθρωπίαν.
2989 5012 3123 5066 Τότε
3151 5014 3200 5067 οἱ
3229 5013 3424 5068 δίκαιοι
3467 5006 3625 5075 άγάλει

2075 5106 2279 5168 λονται,
2323 5105 2417 5157 καὶ
2460 5106 2509 5155 οἱ
2534 5106 2674 5157 ὅσιοι
2711 5104 3130 5172 εὐφραίνονται·
3168 5106 3218 5157 oi
3239 5106 3432 5159 τέλειοι
3460 5102 3624 5164 ἀσκη-

2075 5197 2164 5250 ταὶ
2191 5194 2641 5265 παρακαλοῦνται
2678 5194 2789 5247 άπὸ
2830 5193 2924 5248 τοῦ
2958 5195 3161 5266 μόχθου
3216 5196 3316 5266 τῆς
3345 5192 3623 5261 ἀσκήσεως

2075 5287 2287 5339 αὐτῶν·
2321 5288 2368 5338 οί
2424 5286 2699 5355 μάρτυρες
2745 5286 3161 5355 στεφανοῦνται,
3209 5287 3508 5345 ἀπόστολοι,
3536 5277 3621 5331 καὶ

2075 5374 2370 5443 προφηταί.
2398 5375 2683 5443 Μακάριος
2705 5371 2799 5426 οὖν
2827 5374 2976 5438 ὅστις
3008 5377 3317 5447 καταξιωθῇ
3352 5373 3447 5443 τὴν
3479 5369 3554 5435 ῶρ
3568 5381 3617 5414 ιν

2076 5461 2311 5532 ἐκείνην,
2342 5461 2458 5523 πῶς
2484 5450 2822 5531 ἁρπάζονται
2852 5466 2991 5533 μετά
3016 5466 3175 5536 δόξης
3208 5470 3263 5519 ὲν
3292 5464 3532 5531 νεφέλαις
3546 5459 3618 5514 ε³ς

2076 5555 2387 5621 ἀπάντησιν
2409 5553 2502 5606 τοῦ
2527 5554 2798 5607 ἀθανάτου
2832 5558 3067 5625 νυμφίου
3099 5559 3300 5620 πάντες
3331 5557 3377 5609 οἱ
3422 5548 3612 5617 ἀγαπή’

2080 5661 2270 5707 σαντες
2303 5644 2489 5711 αὐτὸν,
2520 5646 2614 5698 καὶ
2659 5647 3058 5713 σπουδάσαντες
3109 5649 3410 5703 ἐπιτελέσαι
3455 5640 3615 5691 ’πάντ³

2086 5735 2152 5787 τὰ
2178 5734 2458 5804 θελήματα
2503 5737 2687 5790 αὐτοῦ.
2717 5738 2925 5809 Ὥσπερ
2956 5741 3010 5792 δὲ
3051 5741 3378 5810 ἐμεγάλυνεν
3411 5738 3613 5785 ἕκαστος

3945 5270 3951 5431 ι

3943 5693 3948 5774 ι
