  <div class='ocr_page' id='page_1' title='image "/cluster/home/n/w/nwhite01/storage/ocr_20150623/154:no.2/coo.31924054870591/382.png"; bbox 0 0 4058 6484; ppageno 0'>
   <div class='ocr_carea' id='block_1_1' title="bbox 419 331 528 394">
    <p class='ocr_par' dir='ltr' id='par_1_1' title="bbox 419 331 528 394">
     <span class='ocr_line' id='line_1_1' title="bbox 419 331 528 394; baseline -0.009 0"><span class='ocrx_word' id='word_1_1' title='bbox 419 331 528 394; x_wconf 81' lang='lat'><strong>753</strong></span> 
     </span>
    </p>
   </div>
   <div class='ocr_carea' id='block_1_2' title="bbox 1589 329 2566 395">
    <p class='ocr_par' dir='ltr' id='par_1_2' title="bbox 1589 329 2566 395">
     <span class='ocr_line' id='line_1_2' title="bbox 1589 329 2566 395; baseline 0.003 -3"><span class='ocrx_word' id='word_1_2' title='bbox 1589 330 1795 392; x_wconf 82' lang='lat' dir='ltr'><strong>ORDO</strong></span> <span class='ocrx_word' id='word_1_3' title='bbox 1836 329 2059 392; x_wconf 75' lang='lat' dir='ltr'><strong>SACllI</strong></span> <span class='ocrx_word' id='word_1_4' title='bbox 2099 329 2566 395; x_wconf 83' lang='lat' dir='ltr'><strong>MINISTERII.</strong></span> 
     </span>
    </p>
   </div>
   <div class='ocr_carea' id='block_1_3' title="bbox 3570 317 3678 401">
    <p class='ocr_par' dir='ltr' id='par_1_3' title="bbox 3570 317 3678 401">
     <span class='ocr_line' id='line_1_3' title="bbox 3570 317 3678 401; baseline 0.009 -2"><span class='ocrx_word' id='word_1_5' title='bbox 3570 317 3678 401; x_wconf 60' lang='lat' dir='ltr'><strong>75d</strong></span> 
     </span>
    </p>
   </div>
   <div class='ocr_carea' id='block_1_4' title="bbox 416 446 1994 522">
    <p class='ocr_par' dir='ltr' id='par_1_4' title="bbox 416 446 1994 519">
     <span class='ocr_line' id='line_1_4' title="bbox 416 446 1994 519; baseline -0.002 -16"><span class='ocrx_word' id='word_1_6' title='bbox 416 446 766 516; x_wconf 73' lang='grc' dir='ltr'>ἀναγνῶσται</span> <span class='ocrx_word' id='word_1_7' title='bbox 793 447 1102 517; x_wconf 81' lang='grc' dir='ltr'>τιθέασιτὰ</span> <span class='ocrx_word' id='word_1_8' title='bbox 1146 449 1447 519; x_wconf 62' lang='grc' dir='ltr'>μαωυάλια</span> <span class='ocrx_word' id='word_1_9' title='bbox 1506 449 1582 517; x_wconf 89' lang='lat'><strong>(9)</strong></span> <span class='ocrx_word' id='word_1_10' title='bbox 1618 450 1697 512; x_wconf 84' lang='grc' dir='ltr'><strong>είς</strong></span> <span class='ocrx_word' id='word_1_11' title='bbox 1733 450 1796 503; x_wconf 74' lang='grc' dir='ltr'>τὸ</span> <span class='ocrx_word' id='word_1_12' title='bbox 1828 448 1994 518; x_wconf 82' lang='grc' dir='ltr'>μέσον</span> 
     </span>
    </p>
   </div>
   <div class='ocr_carea' id='block_1_5' title="bbox 2096 446 3676 522">
    <p class='ocr_par' dir='ltr' id='par_1_5' title="bbox 2096 447 3676 522">
     <span class='ocr_line' id='line_1_5' title="bbox 2096 447 3676 522; baseline 0.004 -19"><span class='ocrx_word' id='word_1_13' title='bbox 2096 447 2295 503; x_wconf 86' lang='lat' dir='ltr'><strong>humili</strong></span> <span class='ocrx_word' id='word_1_14' title='bbox 2349 464 2486 505; x_wconf 89' lang='lat' dir='ltr'><strong>voce</strong></span> <span class='ocrx_word' id='word_1_15' title='bbox 2529 458 2796 520; x_wconf 87' lang='lat' dir='ltr'><strong>quantum</strong></span> <span class='ocrx_word' id='word_1_16' title='bbox 2848 449 3022 505; x_wconf 87' lang='lat' dir='ltr'><strong>audiri</strong></span> <span class='ocrx_word' id='word_1_17' title='bbox 3070 449 3243 521; x_wconf 70' lang='lat' dir='ltr'><strong>possit</strong></span> <span class='ocrx_word' id='word_1_18' title='bbox 3287 466 3317 506; x_wconf 89' lang='lat' dir='ltr'><strong>a</strong></span> <span class='ocrx_word' id='word_1_19' title='bbox 3365 454 3676 522; x_wconf 79' lang='lat' dir='ltr'><strong>sacerdote,</strong></span> 
     </span>
    </p>
   </div>
   <div class='ocr_carea' id='block_1_6' title="bbox 415 537 1990 610">
    <p class='ocr_par' dir='ltr' id='par_1_6' title="bbox 415 537 1990 610">
     <span class='ocr_line' id='line_1_6' title="bbox 415 537 1990 610; baseline -0.001 -18"><span class='ocrx_word' id='word_1_20' title='bbox 415 537 513 592; x_wconf 81' lang='grc' dir='ltr'>τοῦ</span> <span class='ocrx_word' id='word_1_21' title='bbox 533 537 663 592; x_wconf 83' lang='grc' dir='ltr'>ναοῦ</span> <span class='ocrx_word' id='word_1_22' title='bbox 692 539 821 606; x_wconf 84' lang='grc' dir='ltr'>παρ’</span> <span class='ocrx_word' id='word_1_23' title='bbox 846 539 1087 610; x_wconf 74' lang='grc' dir='ltr'>ἑκάτερα</span> <span class='ocrx_word' id='word_1_24' title='bbox 1116 538 1186 592; x_wconf 85' lang='grc' dir='ltr'><strong>τὰ</strong></span> <span class='ocrx_word' id='word_1_25' title='bbox 1211 540 1361 610; x_wconf 79' lang='grc' dir='ltr'>μέρη</span> <span class='ocrx_word' id='word_1_26' title='bbox 1381 542 1453 593; x_wconf 72' lang='lat'><em>&#39;6</em></span> <span class='ocrx_word' id='word_1_27' title='bbox 1478 540 1535 593; x_wconf 71' lang='grc' dir='ltr'>δὲ</span> <span class='ocrx_word' id='word_1_28' title='bbox 1570 541 1751 604; x_wconf 79' lang='grc' dir='ltr'>ἱερεὺς</span> <span class='ocrx_word' id='word_1_29' title='bbox 1774 540 1990 592; x_wconf 78' lang='grc' dir='ltr'>ἵσταται</span> 
     </span>
    </p>
   </div>
   <div class='ocr_carea' id='block_1_7' title="bbox 417 631 1995 700">
    <p class='ocr_par' dir='ltr' id='par_1_7' title="bbox 417 631 1995 700">
     <span class='ocr_line' id='line_1_7' title="bbox 417 631 1995 700; baseline -0.001 -17"><span class='ocrx_word' id='word_1_30' title='bbox 417 633 785 700; x_wconf 70' lang='grc' dir='ltr'>καταντικρὺς</span> <span class='ocrx_word' id='word_1_31' title='bbox 817 631 926 682; x_wconf 87' lang='grc' dir='ltr'><strong>τῶν</strong></span> <span class='ocrx_word' id='word_1_32' title='bbox 963 632 1136 699; x_wconf 82' lang='grc' dir='ltr'>ἁγίων</span> <span class='ocrx_word' id='word_1_33' title='bbox 1191 632 1390 699; x_wconf 79' lang='grc' dir='ltr'>θυρῶν.</span> <span class='ocrx_word' id='word_1_34' title='bbox 1431 633 1678 684; x_wconf 80' lang='grc' dir='ltr'>Ἵσταται</span> <span class='ocrx_word' id='word_1_35' title='bbox 1712 632 1769 685; x_wconf 82' lang='grc' dir='ltr'>δὲ</span> <span class='ocrx_word' id='word_1_36' title='bbox 1813 631 1911 684; x_wconf 74' lang='grc' dir='ltr'><strong>καὶ</strong></span> <span class='ocrx_word' id='word_1_37' title='bbox 1964 631 1995 682; x_wconf 91' lang='lat'><strong>6</strong></span> 
     </span>
    </p>
   </div>
   <div class='ocr_carea' id='block_1_8' title="bbox 416 722 2007 799">
    <p class='ocr_par' dir='ltr' id='par_1_8' title="bbox 416 722 2007 799">
     <span class='ocr_line' id='line_1_8' title="bbox 416 722 2007 799; baseline 0 -23"><span class='ocrx_word' id='word_1_38' title='bbox 416 723 664 784; x_wconf 82' lang='grc' dir='ltr'>διάκονος</span> <span class='ocrx_word' id='word_1_39' title='bbox 691 725 757 776; x_wconf 84' lang='grc' dir='ltr'>ἐκ</span> <span class='ocrx_word' id='word_1_40' title='bbox 808 722 998 788; x_wconf 80' lang='grc' dir='ltr'><strong>δεξιῶν</strong></span> <span class='ocrx_word' id='word_1_41' title='bbox 1026 723 1121 777; x_wconf 81' lang='grc' dir='ltr'><strong>τοῦ</strong></span> <span class='ocrx_word' id='word_1_42' title='bbox 1150 724 1343 794; x_wconf 77' lang='grc' dir='ltr'>ἱερέως</span> <span class='ocrx_word' id='word_1_43' title='bbox 1389 723 1593 799; x_wconf 76' lang='grc' dir='ltr'>μικρὸν</span> <span class='ocrx_word' id='word_1_44' title='bbox 1620 726 1684 776; x_wconf 85' lang='grc' dir='ltr'>ὲκ</span> <span class='ocrx_word' id='word_1_45' title='bbox 1731 724 2007 790; x_wconf 61' lang='grc' dir='ltr'>πλαγίουν</span> 
     </span>
    </p>
   </div>
   <div class='ocr_carea' id='block_1_9' title="bbox 417 817 1994 889">
    <p class='ocr_par' dir='ltr' id='par_1_9' title="bbox 417 817 1994 889">
     <span class='ocr_line' id='line_1_9' title="bbox 417 817 1994 889; baseline -0.001 -18"><span class='ocrx_word' id='word_1_46' title='bbox 417 821 516 872; x_wconf 75' lang='grc' dir='ltr'>καὶ</span> <span class='ocrx_word' id='word_1_47' title='bbox 564 818 741 889; x_wconf 78' lang='grc' dir='ltr'>κύψας</span> <span class='ocrx_word' id='word_1_48' title='bbox 778 820 998 888; x_wconf 75' lang='grc' dir='ltr'>μικρὺν,</span> <span class='ocrx_word' id='word_1_49' title='bbox 1030 819 1250 889; x_wconf 83' lang='grc' dir='ltr'>κρατῶν</span> <span class='ocrx_word' id='word_1_50' title='bbox 1280 819 1456 873; x_wconf 75' lang='grc' dir='ltr'>καὶτὸ</span> <span class='ocrx_word' id='word_1_51' title='bbox 1484 820 1722 889; x_wconf 83' lang='grc' dir='ltr'>ὼράριον</span> <span class='ocrx_word' id='word_1_52' title='bbox 1751 817 1866 886; x_wconf 74' lang='grc'><strong>(10)</strong></span> <span class='ocrx_word' id='word_1_53' title='bbox 1893 819 1994 871; x_wconf 83' lang='grc' dir='ltr'><strong>αὐ-</strong></span> 
     </span>
    </p>
   </div>
   <div class='ocr_carea' id='block_1_10' title="bbox 416 910 1996 981">
    <p class='ocr_par' dir='ltr' id='par_1_10' title="bbox 416 910 1996 981">
     <span class='ocr_line' id='line_1_10' title="bbox 416 910 1996 981; baseline -0.003 -16"><span class='ocrx_word' id='word_1_54' title='bbox 416 910 513 966; x_wconf 82' lang='grc' dir='ltr'>τοῦ</span> <span class='ocrx_word' id='word_1_55' title='bbox 546 914 664 971; x_wconf 84' lang='grc' dir='ltr'>τοῖς</span> <span class='ocrx_word' id='word_1_56' title='bbox 714 910 862 979; x_wconf 65' lang='grc' dir='ltr'>τρισὶ</span> <span class='ocrx_word' id='word_1_57' title='bbox 891 910 1177 971; x_wconf 80' lang='grc' dir='ltr'><strong>δακτύλοις</strong></span> <span class='ocrx_word' id='word_1_58' title='bbox 1221 911 1321 979; x_wconf 85' lang='grc' dir='ltr'>τῆς</span> <span class='ocrx_word' id='word_1_59' title='bbox 1370 910 1549 975; x_wconf 74' lang='grc' dir='ltr'>δεξιᾶς</span> <span class='ocrx_word' id='word_1_60' title='bbox 1589 912 1771 981; x_wconf 64' lang='grc' dir='ltr'>χειρὸς</span> <span class='ocrx_word' id='word_1_61' title='bbox 1794 950 1809 973; x_wconf 98' lang='grc'><strong>,</strong></span> <span class='ocrx_word' id='word_1_62' title='bbox 1846 911 1996 973; x_wconf 82' lang='grc' dir='ltr'><strong>λέγει</strong></span> 
     </span>
    </p>
   </div>
   <div class='ocr_carea' id='block_1_11' title="bbox 421 998 1996 1074">
    <p class='ocr_par' dir='ltr' id='par_1_11' title="bbox 421 998 1996 1074">
     <span class='ocr_line' id='line_1_11' title="bbox 421 998 1996 1074; baseline 0.001 -17"><span class='ocrx_word' id='word_1_63' title='bbox 421 1003 722 1074; x_wconf 82' lang='grc' dir='ltr'>μυστικῶς,</span> <span class='ocrx_word' id='word_1_64' title='bbox 752 1004 875 1056; x_wconf 85' lang='grc' dir='ltr'>ὅσον</span> <span class='ocrx_word' id='word_1_65' title='bbox 907 1003 1066 1071; x_wconf 86' lang='grc' dir='ltr'>μόνον</span> <span class='ocrx_word' id='word_1_66' title='bbox 1092 1002 1317 1056; x_wconf 77' lang='grc' dir='ltr'><strong>ἀκούειν</strong></span> <span class='ocrx_word' id='word_1_67' title='bbox 1356 1003 1446 1056; x_wconf 76' lang='grc' dir='ltr'>τὸν</span> <span class='ocrx_word' id='word_1_68' title='bbox 1483 1004 1637 1074; x_wconf 80' lang='grc' dir='ltr'>ίερέα</span> <span class='ocrx_word' id='word_1_69' title='bbox 1670 1017 1684 1035; x_wconf 71' lang='grc'>⁸</span> <span class='ocrx_word' id='word_1_70' title='bbox 1722 1001 1837 1056; x_wconf 78' lang='grc' dir='ltr'><strong>Τοῦ</strong></span> <span class='ocrx_word' id='word_1_71' title='bbox 1876 998 1996 1059; x_wconf 71' lang='lat' dir='ltr'><strong>Ku-</strong></span> 
     </span>
    </p>
   </div>
   <div class='ocr_carea' id='block_1_12' title="bbox 409 1093 1996 1167">
    <p class='ocr_par' dir='ltr' id='par_1_12' title="bbox 409 1093 1996 1167">
     <span class='ocr_line' id='line_1_12' title="bbox 409 1093 1996 1167; baseline 0.001 -19"><span class='ocrx_word' id='word_1_72' title='bbox 409 1096 549 1164; x_wconf 82' lang='grc' dir='ltr'>ρίου</span> <span class='ocrx_word' id='word_1_73' title='bbox 595 1093 919 1162; x_wconf 79' lang='grc' dir='ltr'>δεηθῶμεν.</span> <span class='ocrx_word' id='word_1_74' title='bbox 966 1095 1026 1148; x_wconf 92' lang='lat'><strong>&#39;0</strong></span> <span class='ocrx_word' id='word_1_75' title='bbox 1083 1096 1142 1148; x_wconf 74' lang='grc' dir='ltr'>δὲ</span> <span class='ocrx_word' id='word_1_76' title='bbox 1174 1094 1353 1165; x_wconf 74' lang='grc' dir='ltr'>ἱερεὺς</span> <span class='ocrx_word' id='word_1_77' title='bbox 1387 1093 1539 1160; x_wconf 80' lang='grc' dir='ltr'>λέγει</span> <span class='ocrx_word' id='word_1_78' title='bbox 1580 1095 1859 1164; x_wconf 78' lang='grc' dir='ltr'><strong>μυστικῶς</strong></span> <span class='ocrx_word' id='word_1_79' title='bbox 1896 1098 1996 1167; x_wconf 78' lang='grc' dir='ltr'>τὴν</span> 
     </span>
    </p>
   </div>
   <div class='ocr_carea' id='block_1_13' title="bbox 415 1185 1997 1257">
    <p class='ocr_par' dir='ltr' id='par_1_13' title="bbox 415 1185 1997 1257">
     <span class='ocr_line' id='line_1_13' title="bbox 415 1185 1997 1257; baseline 0 -18"><span class='ocrx_word' id='word_1_80' title='bbox 415 1188 585 1257; x_wconf 80' lang='grc' dir='ltr'>εὐχὴν</span> <span class='ocrx_word' id='word_1_81' title='bbox 642 1185 849 1256; x_wconf 82' lang='grc' dir='ltr'>ταύτην</span> <span class='ocrx_word' id='word_1_82' title='bbox 879 1200 894 1219; x_wconf 83' lang='grc'><strong>·</strong></span> <span class='ocrx_word' id='word_1_83' title='bbox 944 1186 1244 1251; x_wconf 76' lang='grc' dir='ltr'>Ἐσπέρας</span> <span class='ocrx_word' id='word_1_84' title='bbox 1274 1186 1372 1241; x_wconf 76' lang='grc' dir='ltr'>καὶ</span> <span class='ocrx_word' id='word_1_85' title='bbox 1405 1188 1571 1255; x_wconf 60' lang='grc' dir='ltr'>’πρῶϊ</span> <span class='ocrx_word' id='word_1_86' title='bbox 1614 1186 1713 1240; x_wconf 79' lang='grc' dir='ltr'>καὶ</span> <span class='ocrx_word' id='word_1_87' title='bbox 1765 1200 1997 1255; x_wconf 81' lang='grc' dir='ltr'>μεσημ-</span> 
     </span>
    </p>
   </div>
   <div class='ocr_carea' id='block_1_14' title="bbox 414 1276 1995 1346">
    <p class='ocr_par' dir='ltr' id='par_1_14' title="bbox 414 1276 1995 1346">
     <span class='ocr_line' id='line_1_14' title="bbox 414 1276 1995 1346; baseline 0.001 -16"><span class='ocrx_word' id='word_1_88' title='bbox 414 1278 604 1344; x_wconf 80' lang='grc' dir='ltr'>ϐρίας.</span> <span class='ocrx_word' id='word_1_89' title='bbox 641 1277 747 1328; x_wconf 85' lang='lat' dir='ltr'><strong>Kal</strong></span> <span class='ocrx_word' id='word_1_90' title='bbox 780 1276 917 1345; x_wconf 70' lang='lat' dir='ltr'><strong>petit</strong></span> <span class='ocrx_word' id='word_1_91' title='bbox 958 1276 1057 1346; x_wconf 82' lang='grc' dir='ltr'>τὴν</span> <span class='ocrx_word' id='word_1_92' title='bbox 1080 1277 1248 1346; x_wconf 79' lang='grc' dir='ltr'>εὐχὴν</span> <span class='ocrx_word' id='word_1_93' title='bbox 1289 1276 1609 1329; x_wconf 74' lang='grc' dir='ltr'><strong>ἀνίστανται</strong></span> <span class='ocrx_word' id='word_1_94' title='bbox 1641 1291 1657 1307; x_wconf 80' lang='grc'><strong><em>⁸</em></strong></span> <span class='ocrx_word' id='word_1_95' title='bbox 1714 1277 1808 1329; x_wconf 72' lang='grc' dir='ltr'>καὶ</span> <span class='ocrx_word' id='word_1_96' title='bbox 1844 1277 1995 1345; x_wconf 82' lang='grc' dir='ltr'>λέγει</span> 
     </span>
    </p>
   </div>
   <div class='ocr_carea' id='block_1_15' title="bbox 372 1368 1997 1446">
    <p class='ocr_par' dir='ltr' id='par_1_15' title="bbox 372 1368 1997 1446">
     <span class='ocr_line' id='line_1_15' title="bbox 372 1368 1997 1446; baseline 0.001 -24"><span class='ocrx_word' id='word_1_97' title='bbox 372 1374 378 1379; x_wconf 81' lang='grc'><em>’</em></span> <span class='ocrx_word' id='word_1_98' title='bbox 416 1371 446 1422; x_wconf 91' lang='lat'><strong>6</strong></span> <span class='ocrx_word' id='word_1_99' title='bbox 488 1369 735 1431; x_wconf 77' lang='grc' dir='ltr'>διάκονος</span> <span class='ocrx_word' id='word_1_100' title='bbox 763 1368 899 1438; x_wconf 69' lang='grc' dir='ltr'>πρὸς</span> <span class='ocrx_word' id='word_1_101' title='bbox 933 1369 1025 1421; x_wconf 83' lang='grc' dir='ltr'>τὸν</span> <span class='ocrx_word' id='word_1_102' title='bbox 1059 1369 1234 1439; x_wconf 73' lang='grc' dir='ltr'>ἱερέα,</span> <span class='ocrx_word' id='word_1_103' title='bbox 1261 1368 1524 1422; x_wconf 80' lang='grc' dir='ltr'><strong>δεικνύων</strong></span> <span class='ocrx_word' id='word_1_104' title='bbox 1552 1368 1669 1439; x_wconf 73' lang='grc' dir='ltr'>ἅμα</span> <span class='ocrx_word' id='word_1_105' title='bbox 1723 1370 1817 1446; x_wconf 72' lang='grc' dir='ltr'>καὶ</span> <span class='ocrx_word' id='word_1_106' title='bbox 1858 1369 1997 1442; x_wconf 80' lang='grc' dir='ltr'>πρὸς</span> 
     </span>
    </p>
   </div>
   <div class='ocr_carea' id='block_1_16' title="bbox 415 1461 1999 1534">
    <p class='ocr_par' dir='ltr' id='par_1_16' title="bbox 415 1461 1999 1534">
     <span class='ocr_line' id='line_1_16' title="bbox 415 1461 1999 1534; baseline 0.002 -20"><span class='ocrx_word' id='word_1_107' title='bbox 415 1462 683 1525; x_wconf 79' lang='grc' dir='ltr'>ἀνατολὰς</span> <span class='ocrx_word' id='word_1_108' title='bbox 727 1461 869 1530; x_wconf 84' lang='grc' dir='ltr'><strong>μετὰ</strong></span> <span class='ocrx_word' id='word_1_109' title='bbox 901 1461 995 1516; x_wconf 77' lang='grc' dir='ltr'>τοῦ</span> <span class='ocrx_word' id='word_1_110' title='bbox 1020 1461 1288 1533; x_wconf 84' lang='grc' dir='ltr'>ῶραρίου,</span> <span class='ocrx_word' id='word_1_111' title='bbox 1323 1462 1540 1533; x_wconf 75' lang='grc' dir='ltr'>κρατῶν</span> <span class='ocrx_word' id='word_1_112' title='bbox 1576 1463 1709 1517; x_wconf 73' lang='grc' dir='ltr'>αὐτὸ</span> <span class='ocrx_word' id='word_1_113' title='bbox 1741 1466 1852 1525; x_wconf 84' lang='grc' dir='ltr'>τοῖς</span> <span class='ocrx_word' id='word_1_114' title='bbox 1878 1481 1999 1534; x_wconf 83' lang='grc' dir='ltr'>τρι-</span> 
     </span>
    </p>
   </div>
   <div class='ocr_carea' id='block_1_17' title="bbox 419 1554 1996 1624">
    <p class='ocr_par' dir='ltr' id='par_1_17' title="bbox 419 1554 1996 1624">
     <span class='ocr_line' id='line_1_17' title="bbox 419 1554 1996 1624; baseline 0 -16"><span class='ocrx_word' id='word_1_115' title='bbox 419 1556 474 1608; x_wconf 81' lang='lat' dir='ltr'><strong>al</strong></span> <span class='ocrx_word' id='word_1_116' title='bbox 499 1554 783 1617; x_wconf 80' lang='grc' dir='ltr'>δακτύλοις</span> <span class='ocrx_word' id='word_1_117' title='bbox 815 1557 912 1623; x_wconf 84' lang='grc' dir='ltr'>τῆς</span> <span class='ocrx_word' id='word_1_118' title='bbox 958 1554 1137 1617; x_wconf 73' lang='grc' dir='ltr'>δεξιᾶς</span> <span class='ocrx_word' id='word_1_119' title='bbox 1172 1556 1356 1624; x_wconf 76' lang='grc' dir='ltr'>χειρός</span> <span class='ocrx_word' id='word_1_120' title='bbox 1385 1572 1400 1586; x_wconf 74' lang='grc'><em>“</em></span> <span class='ocrx_word' id='word_1_121' title='bbox 1444 1555 1825 1624; x_wconf 69' lang='grc' dir='ltr'><strong>Εὺλόγησον,</strong></span> <span class='ocrx_word' id='word_1_122' title='bbox 1858 1556 1996 1608; x_wconf 77' lang='grc' dir='ltr'>δέσ-</span> 
     </span>
    </p>
   </div>
   <div class='ocr_carea' id='block_1_18' title="bbox 416 1644 1999 1715">
    <p class='ocr_par' dir='ltr' id='par_1_18' title="bbox 416 1644 1999 1715">
     <span class='ocr_line' id='line_1_18' title="bbox 416 1644 1999 1715; baseline 0.001 -17"><span class='ocrx_word' id='word_1_123' title='bbox 416 1659 593 1707; x_wconf 74' lang='grc' dir='ltr'>ποτα,</span> <span class='ocrx_word' id='word_1_124' title='bbox 623 1644 739 1712; x_wconf 78' lang='grc' dir='ltr'><strong>τὴν</strong></span> <span class='ocrx_word' id='word_1_125' title='bbox 777 1645 957 1713; x_wconf 80' lang='grc' dir='ltr'><em>ἁγίαν</em></span> <span class='ocrx_word' id='word_1_126' title='bbox 1003 1644 1254 1698; x_wconf 74' lang='grc' dir='ltr'>εἴσοδον·</span> <span class='ocrx_word' id='word_1_127' title='bbox 1283 1663 1297 1675; x_wconf 92' lang='grc'><strong>·</strong></span> <span class='ocrx_word' id='word_1_128' title='bbox 1326 1647 1421 1698; x_wconf 73' lang='grc' dir='ltr'>καὶ</span> <span class='ocrx_word' id='word_1_129' title='bbox 1471 1647 1500 1697; x_wconf 98' lang='lat'><strong>6</strong></span> <span class='ocrx_word' id='word_1_130' title='bbox 1560 1647 1739 1715; x_wconf 74' lang='grc' dir='ltr'>ἱερεὺς</span> <span class='ocrx_word' id='word_1_131' title='bbox 1779 1647 1999 1711; x_wconf 83' lang='grc' dir='ltr'>εὐλογεί</span> 
     </span>
    </p>
   </div>
   <div class='ocr_carea' id='block_1_19' title="bbox 413 1735 1998 1806">
    <p class='ocr_par' dir='ltr' id='par_1_19' title="bbox 413 1735 1998 1806">
     <span class='ocr_line' id='line_1_19' title="bbox 413 1735 1998 1806; baseline 0.003 -17"><span class='ocrx_word' id='word_1_132' title='bbox 413 1736 554 1789; x_wconf 80' lang='grc' dir='ltr'><strong>κατὰ</strong></span> <span class='ocrx_word' id='word_1_133' title='bbox 581 1736 868 1800; x_wconf 81' lang='grc' dir='ltr'>ἀνατολὰς,</span> <span class='ocrx_word' id='word_1_134' title='bbox 886 1735 1061 1802; x_wconf 78' lang='grc' dir='ltr'>λέγων</span> <span class='ocrx_word' id='word_1_135' title='bbox 1081 1750 1095 1766; x_wconf 91' lang='grc'><strong>·</strong></span> <span class='ocrx_word' id='word_1_136' title='bbox 1121 1738 1517 1805; x_wconf 76' lang='grc' dir='ltr'><strong>Εὐλογημένη</strong></span> <span class='ocrx_word' id='word_1_137' title='bbox 1545 1738 1583 1806; x_wconf 78' lang='grc' dir='ltr'><em>ὴ</em></span> <span class='ocrx_word' id='word_1_138' title='bbox 1607 1738 1853 1806; x_wconf 78' lang='grc' dir='ltr'>εἴσοδος</span> <span class='ocrx_word' id='word_1_139' title='bbox 1876 1739 1998 1793; x_wconf 80' lang='grc' dir='ltr'><strong>τῶν</strong></span> 
     </span>
    </p>
   </div>
   <div class='ocr_carea' id='block_1_20' title="bbox 2096 539 3681 609">
    <p class='ocr_par' dir='ltr' id='par_1_20' title="bbox 2096 539 3681 609">
     <span class='ocr_line' id='line_1_20' title="bbox 2096 539 3681 609; baseline 0.008 -16"><span class='ocrx_word' id='word_1_140' title='bbox 2096 540 2215 593; x_wconf 88' lang='lat' dir='ltr'><strong>ait:</strong></span> <span class='ocrx_word' id='word_1_141' title='bbox 2261 539 2544 594; x_wconf 84' lang='lat' dir='ltr'><strong>Dominum</strong></span> <span class='ocrx_word' id='word_1_142' title='bbox 2593 556 2887 609; x_wconf 79' lang='lat' dir='ltr'><strong>precemur.</strong></span> <span class='ocrx_word' id='word_1_143' title='bbox 2936 541 3204 598; x_wconf 80' lang='lat' dir='ltr'><strong>Sacerdos</strong></span> <span class='ocrx_word' id='word_1_144' title='bbox 3248 554 3430 600; x_wconf 84' lang='lat' dir='ltr'><strong>autem</strong></span> <span class='ocrx_word' id='word_1_145' title='bbox 3462 557 3681 605; x_wconf 85' lang='lat' dir='ltr'><strong>secreto</strong></span> 
     </span>
    </p>
   </div>
   <div class='ocr_carea' id='block_1_21' title="bbox 2096 629 3741 704">
    <p class='ocr_par' dir='ltr' id='par_1_21' title="bbox 2096 629 3741 704">
     <span class='ocr_line' id='line_1_21' title="bbox 2096 629 3741 704; baseline 0.008 -23"><span class='ocrx_word' id='word_1_146' title='bbox 2096 629 2238 683; x_wconf 84' lang='lat' dir='ltr'><strong>hanc</strong></span> <span class='ocrx_word' id='word_1_147' title='bbox 2293 633 2597 686; x_wconf 87' lang='lat' dir='ltr'><strong>orationem</strong></span> <span class='ocrx_word' id='word_1_148' title='bbox 2652 634 2970 702; x_wconf 91' lang='lat' dir='ltr'><strong>percurrit:</strong></span> <span class='ocrx_word' id='word_1_149' title='bbox 3013 633 3257 704; x_wconf 75' lang='lat' dir='ltr'><strong>Vespere,</strong></span> <span class='ocrx_word' id='word_1_150' title='bbox 3303 645 3351 690; x_wconf 86' lang='lat' dir='ltr'><strong>et</strong></span> <span class='ocrx_word' id='word_1_151' title='bbox 3404 649 3580 704; x_wconf 74' lang='lat' dir='ltr'><strong>mane,</strong></span> <span class='ocrx_word' id='word_1_152' title='bbox 3627 650 3679 693; x_wconf 84' lang='lat' dir='ltr'><strong>et</strong></span> <span class='ocrx_word' id='word_1_153' title='bbox 3737 665 3741 669; x_wconf 83' lang='lat'><em>-</em></span> 
     </span>
    </p>
   </div>
   <div class='ocr_carea' id='block_1_22' title="bbox 2095 721 3678 797">
    <p class='ocr_par' dir='ltr' id='par_1_22' title="bbox 2095 721 3678 797">
     <span class='ocr_line' id='line_1_22' title="bbox 2095 721 3678 797; baseline 0.006 -23"><span class='ocrx_word' id='word_1_154' title='bbox 2095 723 2334 775; x_wconf 81' lang='lat' dir='ltr'><strong>meridie.</strong></span> <span class='ocrx_word' id='word_1_155' title='bbox 2378 721 2640 778; x_wconf 74' lang='lat' dir='ltr'><strong>Oratione</strong></span> <span class='ocrx_word' id='word_1_156' title='bbox 2700 724 3024 789; x_wconf 86' lang='lat' dir='ltr'><strong>terminata,</strong></span> <span class='ocrx_word' id='word_1_157' title='bbox 3081 727 3302 797; x_wconf 80' lang='lat' dir='ltr'><strong>erigunt</strong></span> <span class='ocrx_word' id='word_1_158' title='bbox 3354 728 3572 796; x_wconf 91' lang='lat' dir='ltr'><strong>capita,</strong></span> <span class='ocrx_word' id='word_1_159' title='bbox 3621 737 3678 784; x_wconf 85' lang='lat' dir='ltr'><strong>et</strong></span> 
     </span>
    </p>
   </div>
   <div class='ocr_carea' id='block_1_23' title="bbox 2094 805 3674 888">
    <p class='ocr_par' dir='ltr' id='par_1_23' title="bbox 2094 805 3674 888">
     <span class='ocr_line' id='line_1_23' title="bbox 2094 805 3674 888; baseline 0.008 -28"><span class='ocrx_word' id='word_1_160' title='bbox 2094 805 2327 862; x_wconf 85' lang='lat' dir='ltr'><strong>diacono</strong></span> <span class='ocrx_word' id='word_1_161' title='bbox 2354 811 2696 865; x_wconf 78' lang='lat' dir='ltr'><strong>sacerdotem</strong></span> <span class='ocrx_word' id='word_1_162' title='bbox 2722 814 3110 881; x_wconf 91' lang='lat' dir='ltr'><strong>compellente,</strong></span> <span class='ocrx_word' id='word_1_163' title='bbox 3134 815 3440 887; x_wconf 84' lang='lat' dir='ltr'><strong>eodemque</strong></span> <span class='ocrx_word' id='word_1_164' title='bbox 3463 819 3674 888; x_wconf 82' lang='lat' dir='ltr'><strong>plagam</strong></span> 
     </span>
    </p>
   </div>
   <div class='ocr_carea' id='block_1_24' title="bbox 2093 898 3680 980">
    <p class='ocr_par' dir='ltr' id='par_1_24' title="bbox 2093 898 3680 980">
     <span class='ocr_line' id='line_1_24' title="bbox 2093 898 3680 980; baseline 0.008 -28"><span class='ocrx_word' id='word_1_165' title='bbox 2093 898 2420 954; x_wconf 83' lang='lat' dir='ltr'><strong>orientalem</strong></span> <span class='ocrx_word' id='word_1_166' title='bbox 2447 942 2462 966; x_wconf 96' lang='lat'><strong>,</strong></span> <span class='ocrx_word' id='word_1_167' title='bbox 2491 900 2627 956; x_wconf 84' lang='lat' dir='ltr'><strong>stola</strong></span> <span class='ocrx_word' id='word_1_168' title='bbox 2672 904 2848 958; x_wconf 83' lang='lat' dir='ltr'><strong>tribus</strong></span> <span class='ocrx_word' id='word_1_169' title='bbox 2891 904 3076 976; x_wconf 77' lang='lat' dir='ltr'><strong>digitis</strong></span> <span class='ocrx_word' id='word_1_170' title='bbox 3109 907 3312 961; x_wconf 78' lang='lat' dir='ltr'><strong>dextra:</strong></span> <span class='ocrx_word' id='word_1_171' title='bbox 3354 925 3549 964; x_wconf 87' lang='lat' dir='ltr'><strong>manus</strong></span> <span class='ocrx_word' id='word_1_172' title='bbox 3578 926 3680 980; x_wconf 72' lang='lat' dir='ltr'><strong>ap~</strong></span> 
     </span>
    </p>
   </div>
   <div class='ocr_carea' id='block_1_25' title="bbox 2096 991 3679 1066">
    <p class='ocr_par' dir='ltr' id='par_1_25' title="bbox 2096 991 3679 1066">
     <span class='ocr_line' id='line_1_25' title="bbox 2096 991 3679 1066; baseline 0.007 -22"><span class='ocrx_word' id='word_1_173' title='bbox 2096 991 2386 1061; x_wconf 83' lang='lat' dir='ltr'><strong>prehensa,</strong></span> <span class='ocrx_word' id='word_1_174' title='bbox 2424 992 2836 1049; x_wconf 87' lang='lat' dir='ltr'><strong>demoustrante</strong></span> <span class='ocrx_word' id='word_1_175' title='bbox 2858 1006 2911 1050; x_wconf 88' lang='lat' dir='ltr'><strong>et</strong></span> <span class='ocrx_word' id='word_1_176' title='bbox 2945 997 3200 1052; x_wconf 80' lang='lat' dir='ltr'><strong>dicente:</strong></span> <span class='ocrx_word' id='word_1_177' title='bbox 3228 998 3473 1066; x_wconf 79' lang='lat' dir='ltr'><strong>Benedic,</strong></span> <span class='ocrx_word' id='word_1_178' title='bbox 3507 1001 3679 1055; x_wconf 85' lang='lat' dir='ltr'><strong>domi-</strong></span> 
     </span>
    </p>
   </div>
   <div class='ocr_carea' id='block_1_26' title="bbox 2097 1086 3681 1150">
    <p class='ocr_par' dir='ltr' id='par_1_26' title="bbox 2097 1086 3681 1150">
     <span class='ocr_line' id='line_1_26' title="bbox 2097 1086 3681 1150; baseline 0.009 -15"><span class='ocrx_word' id='word_1_179' title='bbox 2097 1098 2180 1150; x_wconf 90' lang='lat' dir='ltr'><strong>ne,</strong></span> <span class='ocrx_word' id='word_1_180' title='bbox 2206 1093 2451 1138; x_wconf 78' lang='lat' dir='ltr'><strong>sanctum</strong></span> <span class='ocrx_word' id='word_1_181' title='bbox 2479 1087 2781 1150; x_wconf 83' lang='lat' dir='ltr'><strong>introitum,</strong></span> <span class='ocrx_word' id='word_1_182' title='bbox 2809 1086 3087 1144; x_wconf 83' lang='lat' dir='ltr'><strong>benedicit</strong></span> <span class='ocrx_word' id='word_1_183' title='bbox 3108 1092 3365 1146; x_wconf 86' lang='lat' dir='ltr'><strong>sacerdos</strong></span> <span class='ocrx_word' id='word_1_184' title='bbox 3395 1095 3461 1148; x_wconf 90' lang='lat' dir='ltr'><strong>ad</strong></span> <span class='ocrx_word' id='word_1_185' title='bbox 3479 1092 3681 1149; x_wconf 87' lang='lat' dir='ltr'><strong>Orien-</strong></span> 
     </span>
    </p>
   </div>
   <div class='ocr_carea' id='block_1_27' title="bbox 2096 1174 3676 1249">
    <p class='ocr_par' dir='ltr' id='par_1_27' title="bbox 2096 1174 3676 1249">
     <span class='ocr_line' id='line_1_27' title="bbox 2096 1174 3676 1249; baseline 0.008 -24"><span class='ocrx_word' id='word_1_186' title='bbox 2096 1180 2228 1235; x_wconf 87' lang='lat' dir='ltr'><strong>tem,</strong></span> <span class='ocrx_word' id='word_1_187' title='bbox 2252 1179 2308 1227; x_wconf 83' lang='lat' dir='ltr'><strong>et</strong></span> <span class='ocrx_word' id='word_1_188' title='bbox 2338 1174 2413 1228; x_wconf 88' lang='lat' dir='ltr'><strong>ait</strong></span> <span class='ocrx_word' id='word_1_189' title='bbox 2440 1192 2453 1228; x_wconf 94' lang='lat'><strong>:</strong></span> <span class='ocrx_word' id='word_1_190' title='bbox 2486 1174 2794 1230; x_wconf 76' lang='lat' dir='ltr'><strong>Benedictus</strong></span> <span class='ocrx_word' id='word_1_191' title='bbox 2828 1177 3076 1232; x_wconf 73' lang='lat' dir='ltr'><strong>introitus</strong></span> <span class='ocrx_word' id='word_1_192' title='bbox 3104 1193 3410 1236; x_wconf 85' lang='lat' dir='ltr'><strong>sanctorum</strong></span> <span class='ocrx_word' id='word_1_193' title='bbox 3442 1191 3676 1249; x_wconf 83' lang='lat' dir='ltr'><strong>tuorum,</strong></span> 
     </span>
    </p>
   </div>
   <div class='ocr_carea' id='block_1_28' title="bbox 2099 1263 3681 1346">
    <p class='ocr_par' dir='ltr' id='par_1_28' title="bbox 2099 1263 3681 1346">
     <span class='ocr_line' id='line_1_28' title="bbox 2099 1263 3681 1346; baseline 0.008 -28"><span class='ocrx_word' id='word_1_194' title='bbox 2099 1263 2338 1318; x_wconf 82' lang='lat' dir='ltr'><strong>Domine.</strong></span> <span class='ocrx_word' id='word_1_195' title='bbox 2364 1266 2519 1321; x_wconf 88' lang='lat' dir='ltr'><strong>Tunc</strong></span> <span class='ocrx_word' id='word_1_196' title='bbox 2552 1267 2817 1325; x_wconf 81' lang='lat' dir='ltr'><strong>diaconus</strong></span> <span class='ocrx_word' id='word_1_197' title='bbox 2846 1269 3099 1334; x_wconf 88' lang='lat' dir='ltr'><strong>discedit,</strong></span> <span class='ocrx_word' id='word_1_198' title='bbox 3132 1284 3183 1328; x_wconf 91' lang='lat' dir='ltr'><strong>et</strong></span> <span class='ocrx_word' id='word_1_199' title='bbox 3212 1287 3454 1329; x_wconf 83' lang='lat' dir='ltr'><strong>sanctam</strong></span> <span class='ocrx_word' id='word_1_200' title='bbox 3490 1276 3681 1346; x_wconf 73' lang='lat' dir='ltr'><strong>imagi-</strong></span> 
     </span>
    </p>
   </div>
   <div class='ocr_carea' id='block_1_29' title="bbox 2097 1360 3674 1438">
    <p class='ocr_par' dir='ltr' id='par_1_29' title="bbox 2097 1360 3674 1438">
     <span class='ocr_line' id='line_1_29' title="bbox 2097 1360 3674 1438; baseline 0.008 -26"><span class='ocrx_word' id='word_1_201' title='bbox 2097 1373 2222 1413; x_wconf 89' lang='lat' dir='ltr'><strong>nem</strong></span> <span class='ocrx_word' id='word_1_202' title='bbox 2244 1360 2545 1430; x_wconf 89' lang='lat' dir='ltr'><strong>superioris</strong></span> <span class='ocrx_word' id='word_1_203' title='bbox 2567 1361 2724 1416; x_wconf 88' lang='lat' dir='ltr'><strong>sedili</strong></span> <span class='ocrx_word' id='word_1_204' title='bbox 2750 1363 3174 1432; x_wconf 86' lang='lat' dir='ltr'><strong>superpositam,</strong></span> <span class='ocrx_word' id='word_1_205' title='bbox 3194 1367 3486 1438; x_wconf 88' lang='lat' dir='ltr'><strong>ipsumque</strong></span> <span class='ocrx_word' id='word_1_206' title='bbox 3509 1368 3674 1424; x_wconf 89' lang='lat' dir='ltr'><strong>etiam</strong></span> 
     </span>
    </p>
   </div>
   <div class='ocr_carea' id='block_1_30' title="bbox 2098 1450 3681 1529">
    <p class='ocr_par' dir='ltr' id='par_1_30' title="bbox 2098 1450 3681 1529">
     <span class='ocr_line' id='line_1_30' title="bbox 2098 1450 3681 1529; baseline 0.004 -25"><span class='ocrx_word' id='word_1_207' title='bbox 2098 1450 2440 1529; x_wconf 86' lang='lat' dir='ltr'><strong>superiorem</strong></span> <span class='ocrx_word' id='word_1_208' title='bbox 2476 1452 2750 1511; x_wconf 82' lang='lat' dir='ltr'><strong>incensat.</strong></span> <span class='ocrx_word' id='word_1_209' title='bbox 2780 1463 2837 1506; x_wconf 90' lang='lat' dir='ltr'><strong>et</strong></span> <span class='ocrx_word' id='word_1_210' title='bbox 2869 1452 3070 1510; x_wconf 87' lang='lat' dir='ltr'><strong>deinde</strong></span> <span class='ocrx_word' id='word_1_211' title='bbox 3105 1455 3159 1509; x_wconf 91' lang='lat' dir='ltr'><strong>in</strong></span> <span class='ocrx_word' id='word_1_212' title='bbox 3197 1456 3366 1525; x_wconf 88' lang='lat' dir='ltr'><strong>priori</strong></span> <span class='ocrx_word' id='word_1_213' title='bbox 3396 1457 3518 1512; x_wconf 92' lang='lat' dir='ltr'><strong>loco</strong></span> <span class='ocrx_word' id='word_1_214' title='bbox 3547 1473 3681 1511; x_wconf 88' lang='lat' dir='ltr'><strong>con-</strong></span> 
     </span>
    </p>
   </div>
   <div class='ocr_carea' id='block_1_31' title="bbox 2097 1544 3677 1617">
    <p class='ocr_par' dir='ltr' id='par_1_31' title="bbox 2097 1544 3677 1617">
     <span class='ocr_line' id='line_1_31' title="bbox 2097 1544 3677 1617; baseline 0.005 -20"><span class='ocrx_word' id='word_1_215' title='bbox 2097 1544 2262 1603; x_wconf 75' lang='lat' dir='ltr'><strong>sistit,</strong></span> <span class='ocrx_word' id='word_1_216' title='bbox 2292 1553 2348 1599; x_wconf 88' lang='lat' dir='ltr'><strong>et</strong></span> <span class='ocrx_word' id='word_1_217' title='bbox 2376 1544 2689 1613; x_wconf 85' lang='lat' dir='ltr'><strong>psalmodiae</strong></span> <span class='ocrx_word' id='word_1_218' title='bbox 2716 1544 2882 1600; x_wconf 84' lang='lat' dir='ltr'><strong>ﬁnem</strong></span> <span class='ocrx_word' id='word_1_219' title='bbox 2916 1547 3284 1617; x_wconf 69' lang='lat' dir='ltr'><strong>prazstolatur.</strong></span> <span class='ocrx_word' id='word_1_220' title='bbox 3319 1550 3438 1615; x_wconf 82' lang='lat' dir='ltr'><strong>Quo</strong></span> <span class='ocrx_word' id='word_1_221' title='bbox 3466 1550 3677 1605; x_wconf 49' lang='lat' dir='ltr'><strong>adven.</strong></span> 
     </span>
    </p>
   </div>
   <div class='ocr_carea' id='block_1_32' title="bbox 2098 1636 3674 1710">
    <p class='ocr_par' dir='ltr' id='par_1_32' title="bbox 2098 1636 3674 1710">
     <span class='ocr_line' id='line_1_32' title="bbox 2098 1636 3674 1710; baseline 0.004 -20"><span class='ocrx_word' id='word_1_222' title='bbox 2098 1645 2268 1700; x_wconf 85' lang='lat' dir='ltr'><strong>tante,</strong></span> <span class='ocrx_word' id='word_1_223' title='bbox 2321 1636 2572 1706; x_wconf 82' lang='lat' dir='ltr'><strong>procedit</strong></span> <span class='ocrx_word' id='word_1_224' title='bbox 2619 1638 2675 1692; x_wconf 92' lang='lat' dir='ltr'><strong>in</strong></span> <span class='ocrx_word' id='word_1_225' title='bbox 2731 1637 2993 1704; x_wconf 89' lang='lat' dir='ltr'><strong>medium,</strong></span> <span class='ocrx_word' id='word_1_226' title='bbox 3041 1651 3097 1695; x_wconf 89' lang='lat' dir='ltr'><strong>et</strong></span> <span class='ocrx_word' id='word_1_227' title='bbox 3129 1655 3294 1696; x_wconf 87' lang='lat' dir='ltr'><strong>cruce</strong></span> <span class='ocrx_word' id='word_1_228' title='bbox 3345 1657 3441 1710; x_wconf 86' lang='lat' dir='ltr'><strong>per</strong></span> <span class='ocrx_word' id='word_1_229' title='bbox 3492 1656 3674 1697; x_wconf 90' lang='lat' dir='ltr'><strong>aerem</strong></span> 
     </span>
    </p>
   </div>
   <div class='ocr_carea' id='block_1_33' title="bbox 2098 1728 3679 1802">
    <p class='ocr_par' dir='ltr' id='par_1_33' title="bbox 2098 1728 3679 1802">
     <span class='ocr_line' id='line_1_33' title="bbox 2098 1728 3679 1802; baseline 0.004 -21"><span class='ocrx_word' id='word_1_230' title='bbox 2098 1728 2380 1783; x_wconf 78' lang='lat' dir='ltr'><strong>tlturibulo</strong></span> <span class='ocrx_word' id='word_1_231' title='bbox 2439 1729 2746 1794; x_wconf 83' lang='lat' dir='ltr'><strong>ell‘ormata,</strong></span> <span class='ocrx_word' id='word_1_232' title='bbox 2797 1731 3116 1787; x_wconf 82' lang='lat' dir='ltr'><strong>exclamat:</strong></span> <span class='ocrx_word' id='word_1_233' title='bbox 3171 1731 3469 1802; x_wconf 79' lang='lat' dir='ltr'><strong>Sapientia,</strong></span> <span class='ocrx_word' id='word_1_234' title='bbox 3504 1736 3679 1788; x_wconf 84' lang='lat' dir='ltr'><strong>recti:</strong></span> 
     </span>
    </p>
   </div>
   <div class='ocr_carea' id='block_1_34' title="bbox 409 1803 1994 1902">
    <p class='ocr_par' dir='ltr' id='par_1_34' title="bbox 409 1803 1994 1902">
     <span class='ocr_line' id='line_1_34' title="bbox 409 1803 1994 1902; baseline 0.004 -20"><span class='ocrx_word' id='word_1_235' title='bbox 409 1829 600 1898; x_wconf 77' lang='grc' dir='ltr'>ἁγίων</span> <span class='ocrx_word' id='word_1_236' title='bbox 626 1844 766 1893; x_wconf 87' lang='grc' dir='ltr'>σου,</span> <span class='ocrx_word' id='word_1_237' title='bbox 801 1829 996 1895; x_wconf 80' lang='grc' dir='ltr'>Κύριε.</span> <span class='ocrx_word' id='word_1_238' title='bbox 1027 1822 1160 1882; x_wconf 61' lang='lat' dir='ltr'><strong>Elea</strong></span> <span class='ocrx_word' id='word_1_239' title='bbox 1190 1831 1218 1882; x_wconf 89' lang='lat'><strong>6</strong></span> <span class='ocrx_word' id='word_1_240' title='bbox 1240 1803 1515 1891; x_wconf 53' lang='grc' dir='ltr'>διάκονος</span> <span class='ocrx_word' id='word_1_241' title='bbox 1538 1803 1863 1902; x_wconf 75' lang='grc' dir='ltr'>ἀπέρχεται,</span> <span class='ocrx_word' id='word_1_242' title='bbox 1900 1836 1994 1889; x_wconf 71' lang='grc' dir='ltr'>καὶ</span> 
     </span>
    </p>
   </div>
   <div class='ocr_carea' id='block_1_35' title="bbox 2096 1803 3680 1902">
    <p class='ocr_par' dir='ltr' id='par_1_35' title="bbox 2100 1820 3680 1895">
     <span class='ocr_line' id='line_1_35' title="bbox 2100 1820 3680 1895; baseline 0.004 -18"><span class='ocrx_word' id='word_1_243' title='bbox 2100 1832 2157 1877; x_wconf 87' lang='lat' dir='ltr'><strong>et</strong></span> <span class='ocrx_word' id='word_1_244' title='bbox 2196 1820 2485 1876; x_wconf 81' lang='lat' dir='ltr'><strong>confestim</strong></span> <span class='ocrx_word' id='word_1_245' title='bbox 2545 1822 2870 1892; x_wconf 62' lang='lat' dir='ltr'><strong>praepositus</strong></span> <span class='ocrx_word' id='word_1_246' title='bbox 2931 1822 3020 1878; x_wconf 77' lang='lat' dir='ltr'><strong>vel</strong></span> <span class='ocrx_word' id='word_1_247' title='bbox 3060 1823 3413 1895; x_wconf 77' lang='lat' dir='ltr'><strong>przescriptus</strong></span> <span class='ocrx_word' id='word_1_248' title='bbox 3459 1825 3526 1880; x_wconf 84' lang='lat' dir='ltr'><strong>ad</strong></span> <span class='ocrx_word' id='word_1_249' title='bbox 3574 1824 3680 1884; x_wconf 82' lang='lat' dir='ltr'><strong>hoc</strong></span> 
     </span>
    </p>
   </div>
   <div class='ocr_carea' id='block_1_36' title="bbox 413 1920 1991 1992">
    <p class='ocr_par' dir='ltr' id='par_1_36' title="bbox 413 1920 1991 1992">
     <span class='ocr_line' id='line_1_36' title="bbox 413 1920 1991 1992; baseline 0.003 -19"><span class='ocrx_word' id='word_1_250' title='bbox 413 1921 585 1992; x_wconf 76' lang='grc' dir='ltr'>θυμιᾷ</span> <span class='ocrx_word' id='word_1_251' title='bbox 635 1922 738 1990; x_wconf 78' lang='grc' dir='ltr'><strong>τὴν</strong></span> <span class='ocrx_word' id='word_1_252' title='bbox 771 1921 936 1988; x_wconf 83' lang='grc' dir='ltr'>ἁγίαν</span> <span class='ocrx_word' id='word_1_253' title='bbox 968 1920 1177 1988; x_wconf 83' lang='grc' dir='ltr'>εἰκόνα,</span> <span class='ocrx_word' id='word_1_254' title='bbox 1210 1922 1312 1991; x_wconf 81' lang='grc' dir='ltr'>τὴν</span> <span class='ocrx_word' id='word_1_255' title='bbox 1358 1923 1440 1984; x_wconf 81' lang='grc' dir='ltr'><strong>είς</strong></span> <span class='ocrx_word' id='word_1_256' title='bbox 1472 1923 1533 1974; x_wconf 76' lang='grc' dir='ltr'><strong>τὸ</strong></span> <span class='ocrx_word' id='word_1_257' title='bbox 1574 1924 1846 1977; x_wconf 70' lang='grc' dir='ltr'>στασῖδιον</span> <span class='ocrx_word' id='word_1_258' title='bbox 1897 1922 1991 1978; x_wconf 80' lang='grc' dir='ltr'>τοῦ</span> 
     </span>
    </p>
   </div>
   <div class='ocr_carea' id='block_1_37' title="bbox 414 2011 1995 2082">
    <p class='ocr_par' dir='ltr' id='par_1_37' title="bbox 414 2011 1995 2082">
     <span class='ocr_line' id='line_1_37' title="bbox 414 2011 1995 2082; baseline 0.003 -17"><span class='ocrx_word' id='word_1_259' title='bbox 414 2011 779 2082; x_wconf 80' lang='grc' dir='ltr'>προεστῶτος,</span> <span class='ocrx_word' id='word_1_260' title='bbox 816 2013 914 2066; x_wconf 74' lang='grc' dir='ltr'>καὶ</span> <span class='ocrx_word' id='word_1_261' title='bbox 961 2013 1129 2067; x_wconf 81' lang='grc' dir='ltr'>αὐτὸν</span> <span class='ocrx_word' id='word_1_262' title='bbox 1182 2013 1272 2067; x_wconf 80' lang='grc' dir='ltr'>τὸν</span> <span class='ocrx_word' id='word_1_263' title='bbox 1299 2014 1646 2081; x_wconf 78' lang='grc' dir='ltr'><strong>προεστῶτα,</strong></span> <span class='ocrx_word' id='word_1_264' title='bbox 1698 2018 1792 2069; x_wconf 79' lang='grc' dir='ltr'>καὶ</span> <span class='ocrx_word' id='word_1_265' title='bbox 1834 2018 1995 2071; x_wconf 83' lang='grc' dir='ltr'>πάλιν</span> 
     </span>
    </p>
   </div>
   <div class='ocr_carea' id='block_1_38' title="bbox 415 2098 1995 2178">
    <p class='ocr_par' dir='ltr' id='par_1_38' title="bbox 415 2098 1995 2178">
     <span class='ocr_line' id='line_1_38' title="bbox 415 2098 1995 2178; baseline 0.003 -20"><span class='ocrx_word' id='word_1_266' title='bbox 415 2104 628 2158; x_wconf 75' lang='grc' dir='ltr'>ἵσταται</span> <span class='ocrx_word' id='word_1_267' title='bbox 663 2107 721 2158; x_wconf 72' lang='grc' dir='ltr'><strong>έν</strong></span> <span class='ocrx_word' id='word_1_268' title='bbox 751 2098 798 2171; x_wconf 82' lang='grc' dir='ltr'><strong>ᾧ</strong></span> <span class='ocrx_word' id='word_1_269' title='bbox 822 2105 976 2176; x_wconf 80' lang='grc' dir='ltr'>τόπῳ</span> <span class='ocrx_word' id='word_1_270' title='bbox 1003 2105 1275 2176; x_wconf 84' lang='grc' dir='ltr'>πρότερον</span> <span class='ocrx_word' id='word_1_271' title='bbox 1301 2105 1511 2170; x_wconf 82' lang='grc' dir='ltr'>ἵστατο,</span> <span class='ocrx_word' id='word_1_272' title='bbox 1554 2109 1861 2177; x_wconf 78' lang='grc' dir='ltr'>περιμένων</span> <span class='ocrx_word' id='word_1_273' title='bbox 1894 2111 1995 2178; x_wconf 82' lang='grc' dir='ltr'>τὴν</span> 
     </span>
    </p>
   </div>
   <div class='ocr_carea' id='block_1_39' title="bbox 410 2194 1998 2269">
    <p class='ocr_par' dir='ltr' id='par_1_39' title="bbox 410 2194 1998 2269">
     <span class='ocr_line' id='line_1_39' title="bbox 410 2194 1998 2269; baseline 0.003 -21"><span class='ocrx_word' id='word_1_274' title='bbox 410 2194 507 2248; x_wconf 77' lang='grc' dir='ltr'>τοῦ</span> <span class='ocrx_word' id='word_1_275' title='bbox 583 2195 768 2264; x_wconf 83' lang='grc' dir='ltr'>στίχου</span> <span class='ocrx_word' id='word_1_276' title='bbox 835 2197 1206 2266; x_wconf 78' lang='grc' dir='ltr'>ἐκπλήρωσιν.</span> <span class='ocrx_word' id='word_1_277' title='bbox 1272 2196 1660 2265; x_wconf 83' lang='grc' dir='ltr'>Πληρωθέντος</span> <span class='ocrx_word' id='word_1_278' title='bbox 1713 2199 1789 2255; x_wconf 76' lang='grc' dir='ltr'>δὲ,</span> <span class='ocrx_word' id='word_1_279' title='bbox 1820 2200 1998 2269; x_wconf 80' lang='grc' dir='ltr'>εἰσέρ-</span> 
     </span>
    </p>
   </div>
   <div class='ocr_carea' id='block_1_40' title="bbox 414 2287 1994 2363">
    <p class='ocr_par' dir='ltr' id='par_1_40' title="bbox 414 2287 1994 2363">
     <span class='ocr_line' id='line_1_40' title="bbox 414 2287 1994 2363; baseline 0.004 -23"><span class='ocrx_word' id='word_1_280' title='bbox 414 2304 570 2356; x_wconf 80' lang='grc' dir='ltr'>χεται</span> <span class='ocrx_word' id='word_1_281' title='bbox 595 2290 623 2340; x_wconf 90' lang='lat'><strong>6</strong></span> <span class='ocrx_word' id='word_1_282' title='bbox 645 2287 892 2350; x_wconf 78' lang='grc' dir='ltr'>διάκονος</span> <span class='ocrx_word' id='word_1_283' title='bbox 920 2288 1003 2352; x_wconf 74' lang='grc' dir='ltr'><strong>είς</strong></span> <span class='ocrx_word' id='word_1_284' title='bbox 1028 2287 1091 2342; x_wconf 74' lang='grc' dir='ltr'>τὸ</span> <span class='ocrx_word' id='word_1_285' title='bbox 1114 2290 1280 2357; x_wconf 81' lang='grc' dir='ltr'>μέσον</span> <span class='ocrx_word' id='word_1_286' title='bbox 1306 2301 1320 2317; x_wconf 82' lang='grc'><strong>⁸</strong></span> <span class='ocrx_word' id='word_1_287' title='bbox 1357 2289 1454 2344; x_wconf 77' lang='grc' dir='ltr'>καὶ</span> <span class='ocrx_word' id='word_1_288' title='bbox 1480 2289 1724 2361; x_wconf 72' lang='grc' dir='ltr'>χαράξας</span> <span class='ocrx_word' id='word_1_289' title='bbox 1760 2294 1994 2363; x_wconf 77' lang='grc' dir='ltr'>σταυρὸν</span> 
     </span>
    </p>
   </div>
   <div class='ocr_carea' id='block_1_41' title="bbox 418 2377 1993 2450">
    <p class='ocr_par' dir='ltr' id='par_1_41' title="bbox 418 2377 1993 2450">
     <span class='ocr_line' id='line_1_41' title="bbox 418 2377 1993 2450; baseline 0.004 -18"><span class='ocrx_word' id='word_1_290' title='bbox 418 2379 559 2450; x_wconf 81' lang='grc' dir='ltr'><strong>μετὰ</strong></span> <span class='ocrx_word' id='word_1_291' title='bbox 591 2377 688 2433; x_wconf 81' lang='grc' dir='ltr'>τοῦ</span> <span class='ocrx_word' id='word_1_292' title='bbox 738 2379 1030 2450; x_wconf 83' lang='grc' dir='ltr'>θυμιατοῦ,</span> <span class='ocrx_word' id='word_1_293' title='bbox 1076 2381 1337 2448; x_wconf 73' lang='grc' dir='ltr'>έκφωνεῖ,</span> <span class='ocrx_word' id='word_1_294' title='bbox 1394 2382 1603 2449; x_wconf 78' lang='grc' dir='ltr'>Σοφία,</span> <span class='ocrx_word' id='word_1_295' title='bbox 1668 2383 1854 2450; x_wconf 71' lang='grc' dir='ltr'>ὀρθοὶ,</span> <span class='ocrx_word' id='word_1_296' title='bbox 1898 2387 1993 2439; x_wconf 77' lang='grc' dir='ltr'><strong>καὶ</strong></span> 
     </span>
    </p>
   </div>
   <div class='ocr_carea' id='block_1_42' title="bbox 412 2469 1997 2551">
    <p class='ocr_par' dir='ltr' id='par_1_42' title="bbox 412 2469 1997 2551">
     <span class='ocr_line' id='line_1_42' title="bbox 412 2469 1997 2551; baseline 0.003 -28"><span class='ocrx_word' id='word_1_297' title='bbox 412 2471 577 2533; x_wconf 78' lang='grc' dir='ltr'>εὐθὺς</span> <span class='ocrx_word' id='word_1_298' title='bbox 613 2473 641 2525; x_wconf 87' lang='lat'><strong>6</strong></span> <span class='ocrx_word' id='word_1_299' title='bbox 693 2470 792 2541; x_wconf 82' lang='grc' dir='ltr'>μὲν</span> <span class='ocrx_word' id='word_1_300' title='bbox 829 2469 1138 2551; x_wconf 63' lang='grc' dir='ltr'>προεστὼς,</span> <span class='ocrx_word' id='word_1_301' title='bbox 1193 2469 1225 2542; x_wconf 80' lang='grc' dir='ltr'>ἢ</span> <span class='ocrx_word' id='word_1_302' title='bbox 1261 2471 1289 2524; x_wconf 91' lang='lat'><strong>6</strong></span> <span class='ocrx_word' id='word_1_303' title='bbox 1318 2471 1540 2541; x_wconf 66' lang='grc' dir='ltr'>ταχθεὶς</span> <span class='ocrx_word' id='word_1_304' title='bbox 1594 2475 1827 2543; x_wconf 75' lang='grc' dir='ltr'>μοναχὺς</span> <span class='ocrx_word' id='word_1_305' title='bbox 1859 2474 1997 2545; x_wconf 73' lang='grc' dir='ltr'>ψάλ-</span> 
     </span>
    </p>
   </div>
   <div class='ocr_carea' id='block_1_43' title="bbox 328 2562 2016 2637">
    <p class='ocr_par' dir='ltr' id='par_1_43' title="bbox 328 2562 2016 2637">
     <span class='ocr_line' id='line_1_43' title="bbox 328 2562 2016 2637; baseline 0.004 -21"><span class='ocrx_word' id='word_1_306' title='bbox 328 2602 333 2605; x_wconf 88' lang='grc'><strong><em>-</em></strong></span> <span class='ocrx_word' id='word_1_307' title='bbox 411 2562 495 2618; x_wconf 83' lang='grc' dir='ltr'><strong>λει</strong></span> <span class='ocrx_word' id='word_1_308' title='bbox 541 2562 626 2629; x_wconf 80' lang='grc' dir='ltr'><strong>τδ,</strong></span> <span class='ocrx_word' id='word_1_309' title='bbox 676 2563 803 2630; x_wconf 78' lang='grc' dir='ltr'>Φῶς</span> <span class='ocrx_word' id='word_1_310' title='bbox 840 2565 1072 2630; x_wconf 70' lang='grc' dir='ltr'><strong>ἱλαρόν.</strong></span> <span class='ocrx_word' id='word_1_311' title='bbox 1129 2564 1193 2617; x_wconf 84' lang='lat' dir='ltr'><strong>Ol</strong></span> <span class='ocrx_word' id='word_1_312' title='bbox 1236 2563 1293 2616; x_wconf 84' lang='grc' dir='ltr'>δὲ</span> <span class='ocrx_word' id='word_1_313' title='bbox 1335 2565 1703 2633; x_wconf 86' lang='grc' dir='ltr'>ἁναγνῶσται,</span> <span class='ocrx_word' id='word_1_314' title='bbox 1745 2564 2016 2637; x_wconf 79' lang='grc' dir='ltr'>αἴροντες.</span> 
     </span>
    </p>
   </div>
   <div class='ocr_carea' id='block_1_44' title="bbox 413 2656 1997 2728">
    <p class='ocr_par' dir='ltr' id='par_1_44' title="bbox 413 2656 1997 2728">
     <span class='ocr_line' id='line_1_44' title="bbox 413 2656 1997 2728; baseline 0.003 -18"><span class='ocrx_word' id='word_1_315' title='bbox 413 2657 577 2712; x_wconf 76' lang='grc' dir='ltr'>πάλιν</span> <span class='ocrx_word' id='word_1_316' title='bbox 602 2659 699 2720; x_wconf 77' lang='grc' dir='ltr'><strong>τὰς</strong></span> <span class='ocrx_word' id='word_1_317' title='bbox 721 2657 1031 2726; x_wconf 79' lang='grc' dir='ltr'><strong>λαμπάδας,</strong></span> <span class='ocrx_word' id='word_1_318' title='bbox 1051 2656 1484 2727; x_wconf 81' lang='grc' dir='ltr'>προπορεύονται</span> <span class='ocrx_word' id='word_1_319' title='bbox 1510 2659 1669 2728; x_wconf 86' lang='grc' dir='ltr'>μέχρι</span> <span class='ocrx_word' id='word_1_320' title='bbox 1694 2658 1803 2711; x_wconf 89' lang='grc' dir='ltr'><strong>τῶν</strong></span> <span class='ocrx_word' id='word_1_321' title='bbox 1824 2661 1997 2728; x_wconf 80' lang='grc' dir='ltr'>ἁγίων</span> 
     </span>
    </p>
   </div>
   <div class='ocr_carea' id='block_1_45' title="bbox 414 2748 1995 2823">
    <p class='ocr_par' dir='ltr' id='par_1_45' title="bbox 414 2748 1995 2823">
     <span class='ocr_line' id='line_1_45' title="bbox 414 2748 1995 2823; baseline -0.001 -19"><span class='ocrx_word' id='word_1_322' title='bbox 414 2749 617 2819; x_wconf 87' lang='grc' dir='ltr'>θυρῶν.</span> <span class='ocrx_word' id='word_1_323' title='bbox 652 2749 711 2803; x_wconf 84' lang='grc' dir='ltr'>Ὀ</span> <span class='ocrx_word' id='word_1_324' title='bbox 736 2750 793 2802; x_wconf 80' lang='grc' dir='ltr'>δὲ</span> <span class='ocrx_word' id='word_1_325' title='bbox 815 2750 1085 2812; x_wconf 74' lang='grc' dir='ltr'>διάκονος,</span> <span class='ocrx_word' id='word_1_326' title='bbox 1118 2748 1378 2802; x_wconf 58' lang='grc' dir='ltr'>εἰσελθὼν</span> <span class='ocrx_word' id='word_1_327' title='bbox 1410 2749 1565 2813; x_wconf 74' lang='grc' dir='ltr'>ἐντὸς</span> <span class='ocrx_word' id='word_1_328' title='bbox 1589 2749 1683 2803; x_wconf 86' lang='grc' dir='ltr'>τοῦ</span> <span class='ocrx_word' id='word_1_329' title='bbox 1713 2752 1874 2817; x_wconf 74' lang='grc' dir='ltr'>ἁγίου</span> <span class='ocrx_word' id='word_1_330' title='bbox 1901 2752 1995 2823; x_wconf 74' lang='grc' dir='ltr'><strong>βήσ</strong></span> 
     </span>
    </p>
   </div>
   <div class='ocr_carea' id='block_1_46' title="bbox 417 2841 1998 2914">
    <p class='ocr_par' dir='ltr' id='par_1_46' title="bbox 417 2841 1998 2914">
     <span class='ocr_line' id='line_1_46' title="bbox 417 2841 1998 2914; baseline 0.001 -17"><span class='ocrx_word' id='word_1_331' title='bbox 417 2860 606 2912; x_wconf 80' lang='grc' dir='ltr'>ματος,</span> <span class='ocrx_word' id='word_1_332' title='bbox 662 2841 836 2913; x_wconf 77' lang='grc' dir='ltr'>θυμιᾷ</span> <span class='ocrx_word' id='word_1_333' title='bbox 879 2842 978 2912; x_wconf 82' lang='grc' dir='ltr'>τὴν</span> <span class='ocrx_word' id='word_1_334' title='bbox 1034 2841 1197 2909; x_wconf 81' lang='grc' dir='ltr'>ἁγίαν</span> <span class='ocrx_word' id='word_1_335' title='bbox 1231 2842 1532 2914; x_wconf 76' lang='grc' dir='ltr'>τράπεζαν.</span> <span class='ocrx_word' id='word_1_336' title='bbox 1598 2842 1658 2896; x_wconf 87' lang='lat'><strong>&#39;0</strong></span> <span class='ocrx_word' id='word_1_337' title='bbox 1717 2842 1776 2896; x_wconf 76' lang='grc' dir='ltr'>δὲ</span> <span class='ocrx_word' id='word_1_338' title='bbox 1814 2845 1998 2914; x_wconf 78' lang='grc' dir='ltr'>ἱερεὺς</span> 
     </span>
    </p>
   </div>
   <div class='ocr_carea' id='block_1_47' title="bbox 415 2920 1996 3002">
    <p class='ocr_par' dir='ltr' id='par_1_47' title="bbox 415 2920 1996 3002">
     <span class='ocr_line' id='line_1_47' title="bbox 415 2920 1996 3002; baseline 0.001 -17"><span class='ocrx_word' id='word_1_339' title='bbox 415 2920 795 3002; x_wconf 79' lang='grc' dir='ltr'>προσκυνήσας</span> <span class='ocrx_word' id='word_1_340' title='bbox 825 2929 1133 3001; x_wconf 72' lang='grc' dir='ltr'>ἔμπροσθεν</span> <span class='ocrx_word' id='word_1_341' title='bbox 1155 2930 1260 2984; x_wconf 83' lang='grc' dir='ltr'><strong>τῶν</strong></span> <span class='ocrx_word' id='word_1_342' title='bbox 1285 2931 1456 2998; x_wconf 87' lang='grc' dir='ltr'>ἁγίων</span> <span class='ocrx_word' id='word_1_343' title='bbox 1476 2929 1679 3002; x_wconf 85' lang='grc' dir='ltr'>θυρῶν,</span> <span class='ocrx_word' id='word_1_344' title='bbox 1698 2931 1794 2986; x_wconf 81' lang='grc' dir='ltr'>καὶ</span> <span class='ocrx_word' id='word_1_345' title='bbox 1815 2933 1996 2990; x_wconf 76' lang='grc' dir='ltr'>ἀσπα-</span> 
     </span>
    </p>
   </div>
   <div class='ocr_carea' id='block_1_48' title="bbox 416 3021 1996 3093">
    <p class='ocr_par' dir='ltr' id='par_1_48' title="bbox 416 3021 1996 3093">
     <span class='ocr_line' id='line_1_48' title="bbox 416 3021 1996 3093; baseline 0.001 -17"><span class='ocrx_word' id='word_1_346' title='bbox 416 3025 648 3091; x_wconf 69' lang='grc' dir='ltr'>σάμενος</span> <span class='ocrx_word' id='word_1_347' title='bbox 699 3024 871 3085; x_wconf 79' lang='grc' dir='ltr'>αὐτὰς</span> <span class='ocrx_word' id='word_1_348' title='bbox 914 3023 1246 3093; x_wconf 70' lang='grc' dir='ltr'>εἰσέρχεται.</span> <span class='ocrx_word' id='word_1_349' title='bbox 1285 3022 1381 3075; x_wconf 76' lang='grc' dir='ltr'>καὶ</span> <span class='ocrx_word' id='word_1_350' title='bbox 1425 3021 1698 3077; x_wconf 83' lang='grc' dir='ltr'>κλείονται</span> <span class='ocrx_word' id='word_1_351' title='bbox 1746 3023 1816 3078; x_wconf 73' lang='grc' dir='ltr'>τὰ</span> <span class='ocrx_word' id='word_1_352' title='bbox 1862 3023 1996 3093; x_wconf 75' lang='grc' dir='ltr'>ἅγια</span> 
     </span>
    </p>
   </div>
   <div class='ocr_carea' id='block_1_49' title="bbox 2098 1916 3678 1988">
    <p class='ocr_par' dir='ltr' id='par_1_49' title="bbox 2098 1916 3678 1988">
     <span class='ocr_line' id='line_1_49' title="bbox 2098 1916 3678 1988; baseline 0.004 -17"><span class='ocrx_word' id='word_1_353' title='bbox 2098 1916 2424 1982; x_wconf 77' lang='lat' dir='ltr'><strong>monachus,</strong></span> <span class='ocrx_word' id='word_1_354' title='bbox 2450 1916 2649 1972; x_wconf 84' lang='lat' dir='ltr'><strong>Lumen</strong></span> <span class='ocrx_word' id='word_1_355' title='bbox 2667 1918 2991 1987; x_wconf 82' lang='lat' dir='ltr'><strong>jucundum,</strong></span> <span class='ocrx_word' id='word_1_356' title='bbox 3022 1918 3227 1988; x_wconf 91' lang='lat' dir='ltr'><strong>psallit.</strong></span> <span class='ocrx_word' id='word_1_357' title='bbox 3258 1918 3518 1976; x_wconf 87' lang='lat' dir='ltr'><strong>Lectores</strong></span> <span class='ocrx_word' id='word_1_358' title='bbox 3543 1936 3678 1977; x_wconf 82' lang='lat' dir='ltr'><strong>vero</strong></span> 
     </span>
    </p>
   </div>
   <div class='ocr_carea' id='block_1_50' title="bbox 2096 2008 3684 2083">
    <p class='ocr_par' dir='ltr' id='par_1_50' title="bbox 2096 2008 3684 2083">
     <span class='ocr_line' id='line_1_50' title="bbox 2096 2008 3684 2083; baseline 0.004 -21"><span class='ocrx_word' id='word_1_359' title='bbox 2096 2008 2331 2063; x_wconf 86' lang='lat' dir='ltr'><strong>sublatis</strong></span> <span class='ocrx_word' id='word_1_360' title='bbox 2364 2008 2566 2062; x_wconf 85' lang='lat' dir='ltr'><strong>iterum</strong></span> <span class='ocrx_word' id='word_1_361' title='bbox 2613 2008 2791 2064; x_wconf 88' lang='lat' dir='ltr'><strong>cereis</strong></span> <span class='ocrx_word' id='word_1_362' title='bbox 2833 2008 2901 2063; x_wconf 87' lang='lat' dir='ltr'><strong>ad</strong></span> <span class='ocrx_word' id='word_1_363' title='bbox 2945 2024 3133 2065; x_wconf 88' lang='lat' dir='ltr'><strong>sacras</strong></span> <span class='ocrx_word' id='word_1_364' title='bbox 3175 2025 3345 2081; x_wconf 88' lang='lat' dir='ltr'><strong>usque</strong></span> <span class='ocrx_word' id='word_1_365' title='bbox 3378 2010 3525 2067; x_wconf 77' lang='lat' dir='ltr'><strong>fores</strong></span> <span class='ocrx_word' id='word_1_366' title='bbox 3554 2027 3684 2083; x_wconf 88' lang='lat' dir='ltr'><strong>pro-</strong></span> 
     </span>
    </p>
   </div>
   <div class='ocr_carea' id='block_1_51' title="bbox 2096 2101 3681 2172">
    <p class='ocr_par' dir='ltr' id='par_1_51' title="bbox 2096 2101 3681 2172">
     <span class='ocr_line' id='line_1_51' title="bbox 2096 2101 3681 2172; baseline 0.004 -18"><span class='ocrx_word' id='word_1_367' title='bbox 2096 2101 2444 2172; x_wconf 81' lang='lat' dir='ltr'><strong>grediuntur,</strong></span> <span class='ocrx_word' id='word_1_368' title='bbox 2494 2109 2552 2156; x_wconf 89' lang='lat' dir='ltr'><strong>et</strong></span> <span class='ocrx_word' id='word_1_369' title='bbox 2598 2101 2862 2157; x_wconf 87' lang='lat' dir='ltr'><strong>diaconus</strong></span> <span class='ocrx_word' id='word_1_370' title='bbox 2913 2114 3131 2157; x_wconf 90' lang='lat' dir='ltr'><strong>sacrum</strong></span> <span class='ocrx_word' id='word_1_371' title='bbox 3192 2103 3436 2159; x_wconf 86' lang='lat' dir='ltr'><strong>tribunal</strong></span> <span class='ocrx_word' id='word_1_372' title='bbox 3506 2104 3681 2161; x_wconf 88' lang='lat' dir='ltr'><strong>intro-</strong></span> 
     </span>
    </p>
   </div>
   <div class='ocr_carea' id='block_1_52' title="bbox 2094 2192 3675 2265">
    <p class='ocr_par' dir='ltr' id='par_1_52' title="bbox 2094 2192 3675 2265">
     <span class='ocr_line' id='line_1_52' title="bbox 2094 2192 3675 2265; baseline 0.004 -20"><span class='ocrx_word' id='word_1_373' title='bbox 2094 2208 2318 2265; x_wconf 77' lang='lat' dir='ltr'><strong>gressus</strong></span> <span class='ocrx_word' id='word_1_374' title='bbox 2339 2203 2583 2250; x_wconf 89' lang='lat' dir='ltr'><strong>sanctam</strong></span> <span class='ocrx_word' id='word_1_375' title='bbox 2610 2209 2856 2249; x_wconf 86' lang='lat' dir='ltr'><strong>mensam</strong></span> <span class='ocrx_word' id='word_1_376' title='bbox 2882 2192 3188 2261; x_wconf 77' lang='lat' dir='ltr'><strong>thurillcat;</strong></span> <span class='ocrx_word' id='word_1_377' title='bbox 3213 2196 3473 2253; x_wconf 84' lang='lat' dir='ltr'><strong>sacerdos</strong></span> <span class='ocrx_word' id='word_1_378' title='bbox 3493 2205 3675 2251; x_wconf 91' lang='lat' dir='ltr'><strong>autem</strong></span> 
     </span>
    </p>
   </div>
   <div class='ocr_carea' id='block_1_53' title="bbox 2090 2286 3676 2359">
    <p class='ocr_par' dir='ltr' id='par_1_53' title="bbox 2090 2286 3676 2359">
     <span class='ocr_line' id='line_1_53' title="bbox 2090 2286 3676 2359; baseline 0.003 -21"><span class='ocrx_word' id='word_1_379' title='bbox 2090 2287 2245 2357; x_wconf 80' lang='lat' dir='ltr'><strong>juxta</strong></span> <span class='ocrx_word' id='word_1_380' title='bbox 2287 2301 2473 2342; x_wconf 88' lang='lat' dir='ltr'><strong>sacras</strong></span> <span class='ocrx_word' id='word_1_381' title='bbox 2528 2286 2678 2341; x_wconf 82' lang='lat' dir='ltr'><strong>fores</strong></span> <span class='ocrx_word' id='word_1_382' title='bbox 2740 2286 3065 2343; x_wconf 88' lang='lat' dir='ltr'><strong>adoratione</strong></span> <span class='ocrx_word' id='word_1_383' title='bbox 3122 2288 3429 2358; x_wconf 60' lang='lat' dir='ltr'><strong>praemissa,</strong></span> <span class='ocrx_word' id='word_1_384' title='bbox 3469 2303 3676 2359; x_wconf 84' lang='lat' dir='ltr'><strong>easque</strong></span> 
     </span>
    </p>
   </div>
   <div class='ocr_carea' id='block_1_54' title="bbox 2097 2376 3676 2457">
    <p class='ocr_par' dir='ltr' id='par_1_54' title="bbox 2097 2376 3676 2457">
     <span class='ocr_line' id='line_1_54' title="bbox 2097 2376 3676 2457; baseline 0.001 -25"><span class='ocrx_word' id='word_1_385' title='bbox 2097 2377 2456 2457; x_wconf 55' lang='lat' dir='ltr'><strong>deosculatus</strong></span> <span class='ocrx_word' id='word_1_386' title='bbox 2479 2376 2809 2448; x_wconf 81' lang='lat' dir='ltr'><strong>ingreditur,</strong></span> <span class='ocrx_word' id='word_1_387' title='bbox 2835 2388 2893 2433; x_wconf 89' lang='lat' dir='ltr'><strong>et</strong></span> <span class='ocrx_word' id='word_1_388' title='bbox 2911 2378 3244 2433; x_wconf 86' lang='lat' dir='ltr'><strong>obserantur</strong></span> <span class='ocrx_word' id='word_1_389' title='bbox 3268 2377 3392 2433; x_wconf 86' lang='lat' dir='ltr'><strong>illae.</strong></span> <span class='ocrx_word' id='word_1_390' title='bbox 3423 2377 3676 2445; x_wconf 77' lang='lat' dir='ltr'><strong>Cantato,</strong></span> 
     </span>
    </p>
   </div>
   <div class='ocr_carea' id='block_1_55' title="bbox 2098 2469 3684 2541">
    <p class='ocr_par' dir='ltr' id='par_1_55' title="bbox 2098 2469 3684 2541">
     <span class='ocr_line' id='line_1_55' title="bbox 2098 2469 3684 2541; baseline 0.002 -17"><span class='ocrx_word' id='word_1_391' title='bbox 2098 2469 2299 2525; x_wconf 81' lang='lat' dir='ltr'><strong>Lumen</strong></span> <span class='ocrx_word' id='word_1_392' title='bbox 2315 2471 2638 2541; x_wconf 84' lang='lat' dir='ltr'><strong>jucundum,</strong></span> <span class='ocrx_word' id='word_1_393' title='bbox 2685 2469 2820 2539; x_wconf 68' lang='lat' dir='ltr'><strong>dicit</strong></span> <span class='ocrx_word' id='word_1_394' title='bbox 2863 2470 3173 2526; x_wconf 83' lang='lat' dir='ltr'><strong>diaconus:</strong></span> <span class='ocrx_word' id='word_1_395' title='bbox 3215 2471 3587 2527; x_wconf 75' lang='lat' dir='ltr'><strong>Attendamus.</strong></span> <span class='ocrx_word' id='word_1_396' title='bbox 3620 2472 3684 2527; x_wconf 85' lang='lat' dir='ltr'><strong>Et</strong></span> 
     </span>
    </p>
   </div>
   <div class='ocr_carea' id='block_1_56' title="bbox 2099 2561 3683 2636">
    <p class='ocr_par' dir='ltr' id='par_1_56' title="bbox 2099 2561 3683 2636">
     <span class='ocr_line' id='line_1_56' title="bbox 2099 2561 3683 2636; baseline 0.001 -21"><span class='ocrx_word' id='word_1_397' title='bbox 2099 2562 2374 2627; x_wconf 80' lang='lat' dir='ltr'><strong>sacerdos,</strong></span> <span class='ocrx_word' id='word_1_398' title='bbox 2403 2562 2519 2617; x_wconf 77' lang='lat' dir='ltr'><strong>Paa:</strong></span> <span class='ocrx_word' id='word_1_399' title='bbox 2540 2561 2803 2618; x_wconf 86' lang='lat' dir='ltr'><strong>omnibus.</strong></span> <span class='ocrx_word' id='word_1_400' title='bbox 2831 2562 2900 2618; x_wconf 83' lang='lat' dir='ltr'><strong>Et</strong></span> <span class='ocrx_word' id='word_1_401' title='bbox 2922 2563 3123 2618; x_wconf 85' lang='lat' dir='ltr'><strong>iterum</strong></span> <span class='ocrx_word' id='word_1_402' title='bbox 3144 2562 3432 2624; x_wconf 82' lang='lat' dir='ltr'><strong>diaconus.</strong></span> <span class='ocrx_word' id='word_1_403' title='bbox 3456 2562 3683 2636; x_wconf 81' lang='lat' dir='ltr'><strong>Sapien-</strong></span> 
     </span>
    </p>
   </div>
   <div class='ocr_carea' id='block_1_57' title="bbox 2098 2654 3684 2727">
    <p class='ocr_par' dir='ltr' id='par_1_57' title="bbox 2098 2654 3684 2727">
     <span class='ocr_line' id='line_1_57' title="bbox 2098 2654 3684 2727; baseline 0.003 -20"><span class='ocrx_word' id='word_1_404' title='bbox 2098 2656 2194 2722; x_wconf 88' lang='lat' dir='ltr'><strong>tia,</strong></span> <span class='ocrx_word' id='word_1_405' title='bbox 2249 2655 2610 2710; x_wconf 82' lang='lat' dir='ltr'><strong>attendamus.</strong></span> <span class='ocrx_word' id='word_1_406' title='bbox 2667 2655 2737 2711; x_wconf 85' lang='lat' dir='ltr'><strong>Et</strong></span> <span class='ocrx_word' id='word_1_407' title='bbox 2801 2654 2911 2711; x_wconf 89' lang='lat' dir='ltr'><strong>diei</strong></span> <span class='ocrx_word' id='word_1_408' title='bbox 2954 2655 3124 2717; x_wconf 88' lang='lat' dir='ltr'><strong>,illius</strong></span> <span class='ocrx_word' id='word_1_409' title='bbox 3170 2655 3513 2727; x_wconf 88' lang='lat' dir='ltr'><strong>propositum</strong></span> <span class='ocrx_word' id='word_1_410' title='bbox 3555 2673 3684 2713; x_wconf 80' lang='lat' dir='ltr'><strong>can-</strong></span> 
     </span>
    </p>
   </div>
   <div class='ocr_carea' id='block_1_58' title="bbox 2100 2747 3684 2817">
    <p class='ocr_par' dir='ltr' id='par_1_58' title="bbox 2100 2747 3684 2817">
     <span class='ocr_line' id='line_1_58' title="bbox 2100 2747 3684 2817; baseline 0.003 -17"><span class='ocrx_word' id='word_1_411' title='bbox 2100 2753 2218 2800; x_wconf 89' lang='lat' dir='ltr'><strong>tant</strong></span> <span class='ocrx_word' id='word_1_412' title='bbox 2270 2763 2287 2801; x_wconf 92' lang='lat'><strong>:</strong></span> <span class='ocrx_word' id='word_1_413' title='bbox 2353 2761 2464 2816; x_wconf 85' lang='lat' dir='ltr'><strong>quo</strong></span> <span class='ocrx_word' id='word_1_414' title='bbox 2542 2747 2856 2817; x_wconf 89' lang='lat' dir='ltr'><strong>completo,</strong></span> <span class='ocrx_word' id='word_1_415' title='bbox 2922 2747 3206 2817; x_wconf 75' lang='lat' dir='ltr'><strong>egreditur</strong></span> <span class='ocrx_word' id='word_1_416' title='bbox 3260 2748 3565 2815; x_wconf 89' lang='lat' dir='ltr'><strong>diaconus,</strong></span> <span class='ocrx_word' id='word_1_417' title='bbox 3626 2758 3684 2803; x_wconf 86' lang='lat' dir='ltr'><strong>et</strong></span> 
     </span>
    </p>
   </div>
   <div class='ocr_carea' id='block_1_59' title="bbox 2063 2837 3686 2920">
    <p class='ocr_par' dir='ltr' id='par_1_59' title="bbox 2063 2837 3686 2920">
     <span class='ocr_line' id='line_1_59' title="bbox 2063 2837 3686 2920; baseline 0.002 -30"><span class='ocrx_word' id='word_1_418' title='bbox 2063 2909 2076 2920; x_wconf 75' lang='lat'><em>_</em></span> <span class='ocrx_word' id='word_1_419' title='bbox 2100 2837 2154 2890; x_wconf 92' lang='lat' dir='ltr'><strong>in</strong></span> <span class='ocrx_word' id='word_1_420' title='bbox 2182 2837 2345 2892; x_wconf 84' lang='lat' dir='ltr'><strong>solito</strong></span> <span class='ocrx_word' id='word_1_421' title='bbox 2369 2837 2491 2893; x_wconf 88' lang='lat' dir='ltr'><strong>loco</strong></span> <span class='ocrx_word' id='word_1_422' title='bbox 2521 2845 2692 2900; x_wconf 85' lang='lat' dir='ltr'><strong>stans,</strong></span> <span class='ocrx_word' id='word_1_423' title='bbox 2719 2838 2823 2894; x_wconf 86' lang='lat' dir='ltr'><strong>ait:</strong></span> <span class='ocrx_word' id='word_1_424' title='bbox 2845 2837 3098 2895; x_wconf 79' lang='lat' dir='ltr'><strong>Dicamus</strong></span> <span class='ocrx_word' id='word_1_425' title='bbox 3123 2858 3302 2895; x_wconf 88' lang='lat' dir='ltr'><strong>onmes</strong></span> <span class='ocrx_word' id='word_1_426' title='bbox 3332 2856 3397 2894; x_wconf 76' lang='lat' dir='ltr'><strong>ea:</strong></span> <span class='ocrx_word' id='word_1_427' title='bbox 3427 2848 3538 2894; x_wconf 82' lang='lat' dir='ltr'><strong>tota</strong></span> <span class='ocrx_word' id='word_1_428' title='bbox 3567 2841 3686 2894; x_wconf 89' lang='lat' dir='ltr'><strong>ani-</strong></span> 
     </span>
    </p>
   </div>
   <div class='ocr_carea' id='block_1_60' title="bbox 2101 2932 3682 2994">
    <p class='ocr_par' dir='ltr' id='par_1_60' title="bbox 2101 2932 3682 2994">
     <span class='ocr_line' id='line_1_60' title="bbox 2101 2932 3682 2994; baseline 0.002 -11"><span class='ocrx_word' id='word_1_429' title='bbox 2101 2946 2209 2991; x_wconf 86' lang='lat' dir='ltr'><strong>ma.</strong></span> <span class='ocrx_word' id='word_1_430' title='bbox 2263 2937 2314 2983; x_wconf 84' lang='lat' dir='ltr'><strong>et</strong></span> <span class='ocrx_word' id='word_1_431' title='bbox 2371 2946 2434 2983; x_wconf 71' lang='lat' dir='ltr'><strong>ea;</strong></span> <span class='ocrx_word' id='word_1_432' title='bbox 2489 2940 2599 2983; x_wconf 88' lang='lat' dir='ltr'><strong>tota</strong></span> <span class='ocrx_word' id='word_1_433' title='bbox 2660 2940 2834 2985; x_wconf 84' lang='lat' dir='ltr'><strong>mente</strong></span> <span class='ocrx_word' id='word_1_434' title='bbox 2886 2941 3066 2987; x_wconf 85' lang='lat' dir='ltr'><strong>nostra</strong></span> <span class='ocrx_word' id='word_1_435' title='bbox 3099 2948 3117 2986; x_wconf 89' lang='lat'><strong><em>:</em></strong></span> <span class='ocrx_word' id='word_1_436' title='bbox 3150 2933 3417 2994; x_wconf 76' lang='lat' dir='ltr'><strong>dicamus,</strong></span> <span class='ocrx_word' id='word_1_437' title='bbox 3448 2943 3557 2987; x_wconf 83' lang='lat' dir='ltr'><strong>etc.</strong></span> <span class='ocrx_word' id='word_1_438' title='bbox 3615 2932 3682 2986; x_wconf 84' lang='lat' dir='ltr'><strong>Et</strong></span> 
     </span>
    </p>
   </div>
   <div class='ocr_carea' id='block_1_61' title="bbox 2100 3010 3677 3090">
    <p class='ocr_par' dir='ltr' id='par_1_61' title="bbox 2100 3010 3677 3090">
     <span class='ocr_line' id='line_1_61' title="bbox 2100 3010 3677 3090; baseline 0.002 -17"><span class='ocrx_word' id='word_1_439' title='bbox 2100 3010 2225 3090; x_wconf 83' lang='lat' dir='ltr'><strong>post</strong></span> <span class='ocrx_word' id='word_1_440' title='bbox 2245 3020 2704 3076; x_wconf 84' lang='lat' dir='ltr'><strong>exclamationem</strong></span> <span class='ocrx_word' id='word_1_441' title='bbox 2730 3022 2863 3076; x_wconf 88' lang='lat' dir='ltr'><strong>dicit</strong></span> <span class='ocrx_word' id='word_1_442' title='bbox 2900 3023 3156 3078; x_wconf 89' lang='lat' dir='ltr'><strong>sacerdos</strong></span> <span class='ocrx_word' id='word_1_443' title='bbox 3199 3041 3212 3078; x_wconf 94' lang='lat'><strong>:</strong></span> <span class='ocrx_word' id='word_1_444' title='bbox 3270 3020 3389 3077; x_wconf 73' lang='lat' dir='ltr'><strong>Pax</strong></span> <span class='ocrx_word' id='word_1_445' title='bbox 3415 3023 3677 3087; x_wconf 83' lang='lat' dir='ltr'><strong>omnibus,</strong></span> 
     </span>
    </p>
   </div>
   <div class='ocr_carea' id='block_1_62' title="bbox 415 3106 1994 3212">
    <p class='ocr_par' dir='ltr' id='par_1_62' title="bbox 415 3110 1994 3183">
     <span class='ocr_line' id='line_1_62' title="bbox 415 3110 1994 3183; baseline -0.001 -14"><span class='ocrx_word' id='word_1_446' title='bbox 415 3114 598 3182; x_wconf 76' lang='grc' dir='ltr'>θύρια.</span> <span class='ocrx_word' id='word_1_447' title='bbox 625 3115 780 3168; x_wconf 74' lang='grc' dir='ltr'>Μετὰ</span> <span class='ocrx_word' id='word_1_448' title='bbox 823 3113 881 3166; x_wconf 80' lang='grc' dir='ltr'>δὲ</span> <span class='ocrx_word' id='word_1_449' title='bbox 923 3114 983 3165; x_wconf 77' lang='grc' dir='ltr'><strong>τὸ</strong></span> <span class='ocrx_word' id='word_1_450' title='bbox 1030 3112 1186 3175; x_wconf 80' lang='grc' dir='ltr'>τέλος</span> <span class='ocrx_word' id='word_1_451' title='bbox 1216 3111 1331 3178; x_wconf 80' lang='grc' dir='ltr'>τοῦ,</span> <span class='ocrx_word' id='word_1_452' title='bbox 1360 3112 1492 3179; x_wconf 79' lang='grc' dir='ltr'>φῶς</span> <span class='ocrx_word' id='word_1_453' title='bbox 1530 3110 1766 3181; x_wconf 66' lang='grc' dir='ltr'>ἱλαρὸν,</span> <span class='ocrx_word' id='word_1_454' title='bbox 1791 3114 1941 3183; x_wconf 80' lang='grc' dir='ltr'>λέγει</span> <span class='ocrx_word' id='word_1_455' title='bbox 1969 3116 1994 3168; x_wconf 88' lang='lat'><strong>6</strong></span> 
     </span>
    </p>
   </div>
   <div class='ocr_carea' id='block_1_63' title="bbox 2096 3106 3683 3212">
    <p class='ocr_par' dir='ltr' id='par_1_63' title="bbox 2105 3106 3683 3183">
     <span class='ocr_line' id='line_1_63' title="bbox 2105 3106 3683 3183; baseline 0.003 -18"><span class='ocrx_word' id='word_1_456' title='bbox 2105 3123 2160 3166; x_wconf 90' lang='lat' dir='ltr'><strong>et</strong></span> <span class='ocrx_word' id='word_1_457' title='bbox 2187 3106 2454 3168; x_wconf 84' lang='lat' dir='ltr'><strong>diaconus</strong></span> <span class='ocrx_word' id='word_1_458' title='bbox 2495 3132 2509 3168; x_wconf 89' lang='lat'><strong>:</strong></span> <span class='ocrx_word' id='word_1_459' title='bbox 2547 3112 2743 3183; x_wconf 83' lang='lat' dir='ltr'><strong>Capita</strong></span> <span class='ocrx_word' id='word_1_460' title='bbox 2768 3122 2950 3170; x_wconf 85' lang='lat' dir='ltr'><strong>nostra</strong></span> <span class='ocrx_word' id='word_1_461' title='bbox 2985 3115 3212 3169; x_wconf 86' lang='lat' dir='ltr'><strong>Domino</strong></span> <span class='ocrx_word' id='word_1_462' title='bbox 3250 3117 3585 3181; x_wconf 82' lang='lat' dir='ltr'><strong>inclinemus,</strong></span> <span class='ocrx_word' id='word_1_463' title='bbox 3623 3127 3683 3172; x_wconf 87' lang='lat' dir='ltr'><strong>et</strong></span> 
     </span>
    </p>
   </div>
   <div class='ocr_carea' id='block_1_64' title="bbox 414 3205 1992 3274">
    <p class='ocr_par' dir='ltr' id='par_1_64' title="bbox 414 3205 1992 3274">
     <span class='ocr_line' id='line_1_64' title="bbox 414 3205 1992 3274; baseline -0.001 -12"><span class='ocrx_word' id='word_1_464' title='bbox 414 3205 682 3267; x_wconf 78' lang='grc' dir='ltr'>διάκονος,</span> <span class='ocrx_word' id='word_1_465' title='bbox 717 3207 1152 3274; x_wconf 76' lang='grc' dir='ltr'>Πρόσσχωμεν,</span> <span class='ocrx_word' id='word_1_466' title='bbox 1172 3206 1265 3257; x_wconf 76' lang='grc' dir='ltr'>καὶ</span> <span class='ocrx_word' id='word_1_467' title='bbox 1293 3206 1321 3259; x_wconf 85' lang='grc' dir='ltr'>ὁ</span> <span class='ocrx_word' id='word_1_468' title='bbox 1347 3206 1549 3274; x_wconf 78' lang='grc' dir='ltr'>ἱερεὺς,</span> <span class='ocrx_word' id='word_1_469' title='bbox 1571 3207 1795 3274; x_wconf 80' lang='grc' dir='ltr'><strong>Εἰρήνη</strong></span> <span class='ocrx_word' id='word_1_470' title='bbox 1818 3205 1992 3271; x_wconf 75' lang='grc' dir='ltr'>πᾶσι,</span> 
     </span>
    </p>
   </div>
   <div class='ocr_carea' id='block_1_65' title="bbox 416 3296 1998 3366">
    <p class='ocr_par' dir='ltr' id='par_1_65' title="bbox 416 3296 1998 3366">
     <span class='ocr_line' id='line_1_65' title="bbox 416 3296 1998 3366; baseline 0.001 -18"><span class='ocrx_word' id='word_1_471' title='bbox 416 3299 509 3352; x_wconf 77' lang='grc' dir='ltr'>καὶ</span> <span class='ocrx_word' id='word_1_472' title='bbox 541 3298 699 3355; x_wconf 77' lang='grc' dir='ltr'>πάλιν</span> <span class='ocrx_word' id='word_1_473' title='bbox 714 3299 744 3349; x_wconf 97' lang='lat'><strong>6</strong></span> <span class='ocrx_word' id='word_1_474' title='bbox 764 3297 1033 3362; x_wconf 85' lang='grc' dir='ltr'>διάκονος,</span> <span class='ocrx_word' id='word_1_475' title='bbox 1059 3296 1272 3365; x_wconf 65' lang='grc' dir='ltr'>Σοφία,</span> <span class='ocrx_word' id='word_1_476' title='bbox 1292 3298 1720 3366; x_wconf 77' lang='grc' dir='ltr'>πρόσσχωμεν.</span> <span class='ocrx_word' id='word_1_477' title='bbox 1740 3298 1847 3350; x_wconf 75' lang='grc' dir='ltr'><strong>Καὶ</strong></span> <span class='ocrx_word' id='word_1_478' title='bbox 1863 3298 1998 3366; x_wconf 69' lang='grc' dir='ltr'>ψάλ-</span> 
     </span>
    </p>
   </div>
   <div class='ocr_carea' id='block_1_66' title="bbox 413 3381 1999 3459">
    <p class='ocr_par' dir='ltr' id='par_1_66' title="bbox 413 3381 1999 3459">
     <span class='ocr_line' id='line_1_66' title="bbox 413 3381 1999 3459; baseline -0.001 -16"><span class='ocrx_word' id='word_1_479' title='bbox 413 3390 566 3444; x_wconf 83' lang='grc' dir='ltr'>λεται</span> <span class='ocrx_word' id='word_1_480' title='bbox 586 3390 646 3442; x_wconf 81' lang='grc' dir='ltr'>τὸ</span> <span class='ocrx_word' id='word_1_481' title='bbox 662 3389 1023 3459; x_wconf 51' lang='grc' dir='ltr'>προκείμενον</span> <span class='ocrx_word' id='word_1_482' title='bbox 1039 3389 1139 3458; x_wconf 84' lang='grc' dir='ltr'>τῆς</span> <span class='ocrx_word' id='word_1_483' title='bbox 1166 3389 1380 3458; x_wconf 76' lang='grc' dir='ltr'>ἡμέρας</span> <span class='ocrx_word' id='word_1_484' title='bbox 1402 3389 1450 3459; x_wconf 78' lang='grc'><strong>(1</strong></span> <span class='ocrx_word' id='word_1_485' title='bbox 1465 3388 1516 3459; x_wconf 78' lang='grc'><strong>1)</strong></span> <span class='ocrx_word' id='word_1_486' title='bbox 1538 3405 1554 3421; x_wconf 87' lang='grc'>·</span> <span class='ocrx_word' id='word_1_487' title='bbox 1584 3381 1646 3442; x_wconf 71' lang='grc' dir='ltr'>οὗ</span> <span class='ocrx_word' id='word_1_488' title='bbox 1681 3388 1788 3459; x_wconf 87' lang='grc' dir='ltr'>πλη</span> <span class='ocrx_word' id='word_1_489' title='bbox 1799 3389 1999 3459; x_wconf 76' lang='grc' dir='ltr'>ρωθέν-</span> 
     </span>
    </p>
   </div>
   <div class='ocr_carea' id='block_1_67' title="bbox 413 3479 1996 3550">
    <p class='ocr_par' dir='ltr' id='par_1_67' title="bbox 413 3479 1996 3550">
     <span class='ocr_line' id='line_1_67' title="bbox 413 3479 1996 3550; baseline -0.001 -16"><span class='ocrx_word' id='word_1_490' title='bbox 413 3499 524 3546; x_wconf 81' lang='grc' dir='ltr'>τος,</span> <span class='ocrx_word' id='word_1_491' title='bbox 557 3486 584 3535; x_wconf 89' lang='lat'><strong>6</strong></span> <span class='ocrx_word' id='word_1_492' title='bbox 613 3483 859 3544; x_wconf 84' lang='grc' dir='ltr'>διάκονος</span> <span class='ocrx_word' id='word_1_493' title='bbox 888 3479 1142 3547; x_wconf 72' lang='grc' dir='ltr'>ἐξελθὼν,</span> <span class='ocrx_word' id='word_1_494' title='bbox 1175 3481 1271 3533; x_wconf 73' lang='grc' dir='ltr'>καὶ</span> <span class='ocrx_word' id='word_1_495' title='bbox 1308 3480 1525 3543; x_wconf 82' lang='grc' dir='ltr'>σταθεὶς</span> <span class='ocrx_word' id='word_1_496' title='bbox 1558 3480 1616 3533; x_wconf 74' lang='grc' dir='ltr'>ὲν</span> <span class='ocrx_word' id='word_1_497' title='bbox 1660 3480 1741 3550; x_wconf 82' lang='grc' dir='ltr'>τῷ</span> <span class='ocrx_word' id='word_1_498' title='bbox 1770 3479 1996 3550; x_wconf 84' lang='grc' dir='ltr'>συνήθει</span> 
     </span>
    </p>
   </div>
   <div class='ocr_carea' id='block_1_68' title="bbox 412 3570 1992 3644">
    <p class='ocr_par' dir='ltr' id='par_1_68' title="bbox 412 3570 1992 3644">
     <span class='ocr_line' id='line_1_68' title="bbox 412 3570 1992 3644; baseline 0.002 -18"><span class='ocrx_word' id='word_1_499' title='bbox 412 3576 582 3644; x_wconf 72' lang='grc' dir='ltr'>τόπῳ,</span> <span class='ocrx_word' id='word_1_500' title='bbox 609 3574 758 3640; x_wconf 80' lang='grc' dir='ltr'>λέγει</span> <span class='ocrx_word' id='word_1_501' title='bbox 782 3590 798 3606; x_wconf 89' lang='grc'><strong>·</strong></span> <span class='ocrx_word' id='word_1_502' title='bbox 818 3573 1096 3641; x_wconf 70' lang='grc' dir='ltr'><strong>Ειπιιψεν</strong></span> <span class='ocrx_word' id='word_1_503' title='bbox 1116 3570 1341 3636; x_wconf 81' lang='grc' dir='ltr'>πάντες</span> <span class='ocrx_word' id='word_1_504' title='bbox 1359 3572 1428 3637; x_wconf 83' lang='grc' dir='ltr'><strong>ἐξ</strong></span> <span class='ocrx_word' id='word_1_505' title='bbox 1456 3572 1611 3642; x_wconf 67' lang='grc' dir='ltr'>ὅλης</span> <span class='ocrx_word' id='word_1_506' title='bbox 1632 3574 1744 3642; x_wconf 80' lang='grc' dir='ltr'>τῆς</span> <span class='ocrx_word' id='word_1_507' title='bbox 1762 3571 1992 3643; x_wconf 64' lang='grc' dir='ltr'>ψυχῆς,</span> 
     </span>
    </p>
   </div>
   <div class='ocr_carea' id='block_1_69' title="bbox 416 3662 1997 3734">
    <p class='ocr_par' dir='ltr' id='par_1_69' title="bbox 416 3662 1997 3734">
     <span class='ocr_line' id='line_1_69' title="bbox 416 3662 1997 3734; baseline 0 -14"><span class='ocrx_word' id='word_1_508' title='bbox 416 3667 515 3720; x_wconf 75' lang='grc' dir='ltr'><strong>καὶ</strong></span> <span class='ocrx_word' id='word_1_509' title='bbox 560 3665 629 3730; x_wconf 74' lang='grc' dir='ltr'><strong>ἐξ</strong></span> <span class='ocrx_word' id='word_1_510' title='bbox 655 3667 802 3731; x_wconf 71' lang='grc' dir='ltr'><strong>ὅλης</strong></span> <span class='ocrx_word' id='word_1_511' title='bbox 827 3664 940 3734; x_wconf 80' lang='grc' dir='ltr'>τῆς</span> <span class='ocrx_word' id='word_1_512' title='bbox 979 3664 1249 3730; x_wconf 83' lang='grc' dir='ltr'>διανοίας</span> <span class='ocrx_word' id='word_1_513' title='bbox 1265 3662 1434 3734; x_wconf 75' lang='grc' dir='ltr'>ἡμῶν</span> <span class='ocrx_word' id='word_1_514' title='bbox 1457 3678 1477 3697; x_wconf 76' lang='grc' dir='ltr'><strong><em>ο</em></strong></span> <span class='ocrx_word' id='word_1_515' title='bbox 1497 3665 1778 3734; x_wconf 72' lang='grc' dir='ltr'>εἴπωμεν,</span> <span class='ocrx_word' id='word_1_516' title='bbox 1799 3673 1893 3720; x_wconf 81' lang='grc' dir='ltr'>καὶ</span> <span class='ocrx_word' id='word_1_517' title='bbox 1926 3666 1997 3720; x_wconf 68' lang='lat' dir='ltr'><strong>ea</strong></span> 
     </span>
    </p>
   </div>
   <div class='ocr_carea' id='block_1_70' title="bbox 414 3755 1996 3827">
    <p class='ocr_par' dir='ltr' id='par_1_70' title="bbox 414 3755 1996 3827">
     <span class='ocr_line' id='line_1_70' title="bbox 414 3755 1996 3827; baseline 0.001 -17"><span class='ocrx_word' id='word_1_518' title='bbox 414 3756 596 3810; x_wconf 75' lang='grc' dir='ltr'>λοιπά.</span> <span class='ocrx_word' id='word_1_519' title='bbox 632 3757 741 3810; x_wconf 83' lang='lat' dir='ltr'><strong>Kal</strong></span> <span class='ocrx_word' id='word_1_520' title='bbox 765 3757 905 3826; x_wconf 86' lang='grc' dir='ltr'><strong>μετὰ</strong></span> <span class='ocrx_word' id='word_1_521' title='bbox 938 3757 1037 3826; x_wconf 84' lang='grc' dir='ltr'>τὴν</span> <span class='ocrx_word' id='word_1_522' title='bbox 1071 3755 1385 3825; x_wconf 80' lang='grc' dir='ltr'>ὲκφώνησιν</span> <span class='ocrx_word' id='word_1_523' title='bbox 1418 3757 1571 3827; x_wconf 85' lang='grc' dir='ltr'>λέγει</span> <span class='ocrx_word' id='word_1_524' title='bbox 1604 3759 1632 3811; x_wconf 87' lang='lat'><strong>6</strong></span> <span class='ocrx_word' id='word_1_525' title='bbox 1667 3758 1870 3827; x_wconf 75' lang='grc' dir='ltr'>ἱερεὺς,</span> <span class='ocrx_word' id='word_1_526' title='bbox 1898 3759 1996 3812; x_wconf 80' lang='lat' dir='ltr'><strong>EI-</strong></span> 
     </span>
    </p>
   </div>
   <div class='ocr_carea' id='block_1_71' title="bbox 405 3844 1996 3916">
    <p class='ocr_par' dir='ltr' id='par_1_71' title="bbox 405 3844 1996 3916">
     <span class='ocr_line' id='line_1_71' title="bbox 405 3844 1996 3916; baseline 0.001 -17"><span class='ocrx_word' id='word_1_527' title='bbox 405 3847 576 3915; x_wconf 73' lang='grc' dir='ltr'>ρήνη</span> <span class='ocrx_word' id='word_1_528' title='bbox 635 3845 785 3899; x_wconf 79' lang='grc' dir='ltr'>πᾶσι</span> <span class='ocrx_word' id='word_1_529' title='bbox 805 3861 818 3875; x_wconf 90' lang='grc'><strong>·</strong></span> <span class='ocrx_word' id='word_1_530' title='bbox 863 3847 891 3898; x_wconf 89' lang='lat'><strong>6</strong></span> <span class='ocrx_word' id='word_1_531' title='bbox 935 3844 1181 3908; x_wconf 82' lang='grc' dir='ltr'>διάκονος</span> <span class='ocrx_word' id='word_1_532' title='bbox 1207 3886 1221 3908; x_wconf 89' lang='grc'><strong>,</strong></span> <span class='ocrx_word' id='word_1_533' title='bbox 1261 3845 1378 3911; x_wconf 85' lang='grc' dir='ltr'><strong>Τὰς</strong></span> <span class='ocrx_word' id='word_1_534' title='bbox 1407 3848 1680 3916; x_wconf 76' lang='grc' dir='ltr'>κεφαλὰς</span> <span class='ocrx_word' id='word_1_535' title='bbox 1710 3847 1882 3915; x_wconf 74' lang='grc' dir='ltr'>ἡμῶν</span> <span class='ocrx_word' id='word_1_536' title='bbox 1915 3847 1996 3913; x_wconf 84' lang='grc' dir='ltr'><strong>τῷ</strong></span> 
     </span>
    </p>
   </div>
   <div class='ocr_carea' id='block_1_72' title="bbox 415 3937 1996 4011">
    <p class='ocr_par' dir='ltr' id='par_1_72' title="bbox 415 3937 1996 4011">
     <span class='ocr_line' id='line_1_72' title="bbox 415 3937 1996 4011; baseline 0.001 -16"><span class='ocrx_word' id='word_1_537' title='bbox 415 3941 608 4007; x_wconf 81' lang='grc' dir='ltr'>Κυρ’ῳ</span> <span class='ocrx_word' id='word_1_538' title='bbox 650 3941 973 4008; x_wconf 76' lang='grc' dir='ltr'>κλίνωμεν.</span> <span class='ocrx_word' id='word_1_539' title='bbox 1016 3937 1125 3992; x_wconf 80' lang='grc' dir='ltr'><strong>Καὶ</strong></span> <span class='ocrx_word' id='word_1_540' title='bbox 1167 3938 1316 4006; x_wconf 88' lang='grc' dir='ltr'>λέγει</span> <span class='ocrx_word' id='word_1_541' title='bbox 1361 3939 1463 4009; x_wconf 78' lang='grc' dir='ltr'>τὴν</span> <span class='ocrx_word' id='word_1_542' title='bbox 1516 3940 1703 4011; x_wconf 82' lang='grc' dir='ltr'>εὐχὴν,</span> <span class='ocrx_word' id='word_1_543' title='bbox 1746 3940 1919 4008; x_wconf 82' lang='grc' dir='ltr'>Κύριε</span> <span class='ocrx_word' id='word_1_544' title='bbox 1960 3944 1996 3997; x_wconf 81' lang='grc' dir='ltr'><em>ό</em></span> 
     </span>
    </p>
   </div>
   <div class='ocr_carea' id='block_1_73' title="bbox 415 4030 1993 4104">
    <p class='ocr_par' dir='ltr' id='par_1_73' title="bbox 415 4030 1993 4104">
     <span class='ocr_line' id='line_1_73' title="bbox 415 4030 1993 4104; baseline -0.001 -16"><span class='ocrx_word' id='word_1_545' title='bbox 415 4037 557 4099; x_wconf 81' lang='grc' dir='ltr'>Θεὸς</span> <span class='ocrx_word' id='word_1_546' title='bbox 580 4031 769 4101; x_wconf 74' lang='grc' dir='ltr'>ἡμῶν,</span> <span class='ocrx_word' id='word_1_547' title='bbox 797 4035 829 4086; x_wconf 84' lang='grc' dir='ltr'><em>ὀ</em></span> <span class='ocrx_word' id='word_1_548' title='bbox 854 4030 1075 4097; x_wconf 80' lang='grc' dir='ltr'>κλίνας</span> <span class='ocrx_word' id='word_1_549' title='bbox 1095 4032 1418 4099; x_wconf 75' lang='grc' dir='ltr'>οὐρανούς.</span> <span class='ocrx_word' id='word_1_550' title='bbox 1456 4033 1564 4086; x_wconf 79' lang='lat' dir='ltr'><strong>Kal</strong></span> <span class='ocrx_word' id='word_1_551' title='bbox 1599 4033 1854 4102; x_wconf 77' lang='grc' dir='ltr'>ἑκφῳνεῖ,</span> <span class='ocrx_word' id='word_1_552' title='bbox 1882 4035 1993 4104; x_wconf 65' lang='lat' dir='ltr'><strong>Em</strong></span> 
     </span>
    </p>
   </div>
   <div class='ocr_carea' id='block_1_74' title="bbox 414 4122 1995 4194">
    <p class='ocr_par' dir='ltr' id='par_1_74' title="bbox 414 4122 1995 4194">
     <span class='ocr_line' id='line_1_74' title="bbox 414 4122 1995 4194; baseline 0.001 -16"><span class='ocrx_word' id='word_1_553' title='bbox 414 4126 478 4178; x_wconf 82' lang='grc' dir='ltr'><strong>τὸ</strong></span> <span class='ocrx_word' id='word_1_554' title='bbox 518 4126 735 4192; x_wconf 79' lang='grc' dir='ltr'>κράτος</span> <span class='ocrx_word' id='word_1_555' title='bbox 763 4122 878 4188; x_wconf 76' lang='grc' dir='ltr'>τῆς</span> <span class='ocrx_word' id='word_1_556' title='bbox 903 4124 1231 4188; x_wconf 78' lang='grc' dir='ltr'>βασιλείας</span> <span class='ocrx_word' id='word_1_557' title='bbox 1258 4137 1378 4180; x_wconf 86' lang='grc' dir='ltr'><strong>σου</strong></span> <span class='ocrx_word' id='word_1_558' title='bbox 1413 4124 1846 4194; x_wconf 57' lang='lat' dir='ltr'><strong>obloq-nativos».</strong></span> <span class='ocrx_word' id='word_1_559' title='bbox 1884 4125 1995 4180; x_wconf 83' lang='lat' dir='ltr'><strong>Kal</strong></span> 
     </span>
    </p>
   </div>
   <div class='ocr_carea' id='block_1_75' title="bbox 417 4216 1989 4289">
    <p class='ocr_par' dir='ltr' id='par_1_75' title="bbox 417 4216 1989 4289">
     <span class='ocr_line' id='line_1_75' title="bbox 417 4216 1989 4289; baseline 0.001 -18"><span class='ocrx_word' id='word_1_560' title='bbox 417 4221 552 4289; x_wconf 80' lang='grc' dir='ltr'>μετὰ</span> <span class='ocrx_word' id='word_1_561' title='bbox 575 4218 669 4288; x_wconf 82' lang='grc' dir='ltr'><strong>τὴν</strong></span> <span class='ocrx_word' id='word_1_562' title='bbox 694 4218 1004 4289; x_wconf 75' lang='grc' dir='ltr'>ὲκφώνησιν</span> <span class='ocrx_word' id='word_1_563' title='bbox 1033 4216 1329 4274; x_wconf 72' lang='grc' dir='ltr'>ψάλλονται</span> <span class='ocrx_word' id='word_1_564' title='bbox 1344 4216 1414 4269; x_wconf 78' lang='grc' dir='ltr'>τὰ</span> <span class='ocrx_word' id='word_1_565' title='bbox 1431 4218 1670 4287; x_wconf 75' lang='grc' dir='ltr'>στιχηρὰ</span> <span class='ocrx_word' id='word_1_566' title='bbox 1690 4220 1790 4287; x_wconf 76' lang='grc' dir='ltr'>τῆς</span> <span class='ocrx_word' id='word_1_567' title='bbox 1813 4218 1989 4287; x_wconf 82' lang='grc' dir='ltr'>λιτῆς.</span> 
     </span>
    </p>
   </div>
   <div class='ocr_carea' id='block_1_76' title="bbox 410 4306 1993 4380">
    <p class='ocr_par' dir='ltr' id='par_1_76' title="bbox 410 4306 1993 4380">
     <span class='ocr_line' id='line_1_76' title="bbox 410 4306 1993 4380; baseline -0.001 -16"><span class='ocrx_word' id='word_1_568' title='bbox 410 4307 512 4364; x_wconf 81' lang='grc' dir='ltr'>Ὧν</span> <span class='ocrx_word' id='word_1_569' title='bbox 539 4310 894 4380; x_wconf 77' lang='grc' dir='ltr'>ψαλλομένων</span> <span class='ocrx_word' id='word_1_570' title='bbox 924 4306 1180 4362; x_wconf 81' lang='grc' dir='ltr'>εἰσελθὼν</span> <span class='ocrx_word' id='word_1_571' title='bbox 1207 4309 1235 4361; x_wconf 85' lang='lat'><strong>6</strong></span> <span class='ocrx_word' id='word_1_572' title='bbox 1262 4307 1529 4372; x_wconf 81' lang='grc' dir='ltr'>διάκονος,</span> <span class='ocrx_word' id='word_1_573' title='bbox 1563 4309 1657 4361; x_wconf 78' lang='grc' dir='ltr'>καὶ</span> <span class='ocrx_word' id='word_1_574' title='bbox 1689 4307 1870 4361; x_wconf 73' lang='grc' dir='ltr'><strong>λαῦὼν</strong></span> <span class='ocrx_word' id='word_1_575' title='bbox 1898 4309 1993 4362; x_wconf 75' lang='grc' dir='ltr'>τὸν</span> 
     </span>
    </p>
   </div>
   <div class='ocr_carea' id='block_1_77' title="bbox 412 4398 1991 4473">
    <p class='ocr_par' dir='ltr' id='par_1_77' title="bbox 412 4398 1991 4473">
     <span class='ocr_line' id='line_1_77' title="bbox 412 4398 1991 4473; baseline -0.001 -17"><span class='ocrx_word' id='word_1_576' title='bbox 412 4402 695 4473; x_wconf 75' lang='grc' dir='ltr'>θυμιατδν,</span> <span class='ocrx_word' id='word_1_577' title='bbox 732 4401 827 4455; x_wconf 74' lang='grc' dir='ltr'>καὶ</span> <span class='ocrx_word' id='word_1_578' title='bbox 870 4399 1123 4468; x_wconf 75' lang='grc' dir='ltr'>θυμίαμα</span> <span class='ocrx_word' id='word_1_579' title='bbox 1183 4398 1382 4469; x_wconf 82' lang='grc' dir='ltr'>βαλὼν,</span> <span class='ocrx_word' id='word_1_580' title='bbox 1433 4401 1529 4454; x_wconf 81' lang='grc' dir='ltr'>καὶ</span> <span class='ocrx_word' id='word_1_581' title='bbox 1561 4401 1789 4469; x_wconf 79' lang='grc' dir='ltr'>αἰτήσας</span> <span class='ocrx_word' id='word_1_582' title='bbox 1840 4400 1991 4455; x_wconf 71' lang='grc' dir='ltr'>εὐλο-</span> 
     </span>
    </p>
   </div>
   <div class='ocr_carea' id='block_1_78' title="bbox 2107 3206 3871 3280">
    <p class='ocr_par' dir='ltr' id='par_1_78' title="bbox 2107 3206 3871 3280">
     <span class='ocr_line' id='line_1_78' title="bbox 2107 3206 3871 3280; baseline 0.002 -19"><span class='ocrx_word' id='word_1_583' title='bbox 2107 3206 2366 3262; x_wconf 89' lang='lat' dir='ltr'><strong>sacerdos</strong></span> <span class='ocrx_word' id='word_1_584' title='bbox 2394 3206 2528 3262; x_wconf 88' lang='lat' dir='ltr'><strong>dicit</strong></span> <span class='ocrx_word' id='word_1_585' title='bbox 2556 3209 2860 3262; x_wconf 88' lang='lat' dir='ltr'><strong>orationem</strong></span> <span class='ocrx_word' id='word_1_586' title='bbox 2893 3226 2906 3262; x_wconf 90' lang='lat'><strong>:</strong></span> <span class='ocrx_word' id='word_1_587' title='bbox 2948 3208 3172 3264; x_wconf 85' lang='lat' dir='ltr'><strong>Domine</strong></span> <span class='ocrx_word' id='word_1_588' title='bbox 3200 3209 3335 3263; x_wconf 77' lang='lat' dir='ltr'><strong>Deus</strong></span> <span class='ocrx_word' id='word_1_589' title='bbox 3366 3219 3560 3272; x_wconf 87' lang='lat' dir='ltr'><strong>noster,</strong></span> <span class='ocrx_word' id='word_1_590' title='bbox 3590 3212 3684 3280; x_wconf 80' lang='lat' dir='ltr'><strong>qui</strong></span> <span class='ocrx_word' id='word_1_591' title='bbox 3786 3222 3797 3231; x_wconf 76' lang='lat'><strong><em>‘</em></strong></span> <span class='ocrx_word' id='word_1_592' title='bbox 3858 3212 3871 3221; x_wconf 81' lang='grc'><strong>⁴</strong></span> 
     </span>
    </p>
   </div>
   <div class='ocr_carea' id='block_1_79' title="bbox 2104 3299 3729 3377">
    <p class='ocr_par' dir='ltr' id='par_1_79' title="bbox 2104 3299 3729 3377">
     <span class='ocr_line' id='line_1_79' title="bbox 2104 3299 3729 3377; baseline -0.001 -22"><span class='ocrx_word' id='word_1_593' title='bbox 2104 3299 2258 3355; x_wconf 69' lang='lat' dir='ltr'><strong>caelos</strong></span> <span class='ocrx_word' id='word_1_594' title='bbox 2301 3299 2574 3355; x_wconf 75' lang='lat' dir='ltr'><strong>inclinasti</strong></span> <span class='ocrx_word' id='word_1_595' title='bbox 2600 3317 2620 3367; x_wconf 88' lang='lat'><strong><em>;</em></strong></span> <span class='ocrx_word' id='word_1_596' title='bbox 2648 3311 2705 3355; x_wconf 90' lang='lat' dir='ltr'><strong>et</strong></span> <span class='ocrx_word' id='word_1_597' title='bbox 2737 3301 3008 3356; x_wconf 84' lang='lat' dir='ltr'><strong>exclamat</strong></span> <span class='ocrx_word' id='word_1_598' title='bbox 3039 3319 3052 3354; x_wconf 93' lang='lat'><strong>:</strong></span> <span class='ocrx_word' id='word_1_599' title='bbox 3094 3301 3380 3355; x_wconf 79' lang='lat' dir='ltr'><strong>Benedicta</strong></span> <span class='ocrx_word' id='word_1_600' title='bbox 3432 3302 3503 3355; x_wconf 87' lang='lat' dir='ltr'><strong>sit</strong></span> <span class='ocrx_word' id='word_1_601' title='bbox 3533 3302 3684 3372; x_wconf 86' lang='lat' dir='ltr'><strong>regni</strong></span> <span class='ocrx_word' id='word_1_602' title='bbox 3724 3371 3729 3377; x_wconf 15' lang='lat' dir='ltr'><strong>t</strong></span> 
     </span>
    </p>
   </div>
   <div class='ocr_carea' id='block_1_80' title="bbox 2104 3390 3684 3464">
    <p class='ocr_par' dir='ltr' id='par_1_80' title="bbox 2104 3390 3684 3464">
     <span class='ocr_line' id='line_1_80' title="bbox 2104 3390 3684 3464; baseline 0.001 -18"><span class='ocrx_word' id='word_1_603' title='bbox 2104 3394 2182 3446; x_wconf 86' lang='lat' dir='ltr'><strong>tui</strong></span> <span class='ocrx_word' id='word_1_604' title='bbox 2214 3401 2465 3464; x_wconf 81' lang='lat' dir='ltr'><strong>potestas.</strong></span> <span class='ocrx_word' id='word_1_605' title='bbox 2526 3392 2592 3447; x_wconf 85' lang='lat' dir='ltr'><strong>Et</strong></span> <span class='ocrx_word' id='word_1_606' title='bbox 2622 3403 2746 3461; x_wconf 91' lang='lat' dir='ltr'><strong>post</strong></span> <span class='ocrx_word' id='word_1_607' title='bbox 2793 3390 3253 3448; x_wconf 80' lang='lat' dir='ltr'><strong>exclamationem</strong></span> <span class='ocrx_word' id='word_1_608' title='bbox 3310 3393 3684 3461; x_wconf 75' lang='lat' dir='ltr'><strong>proccssiouis</strong></span> 
     </span>
    </p>
   </div>
   <div class='ocr_carea' id='block_1_81' title="bbox 2103 3486 3684 3558">
    <p class='ocr_par' dir='ltr' id='par_1_81' title="bbox 2103 3486 3684 3558">
     <span class='ocr_line' id='line_1_81' title="bbox 2103 3486 3684 3558; baseline 0.001 -19"><span class='ocrx_word' id='word_1_609' title='bbox 2103 3499 2296 3540; x_wconf 75' lang='lat' dir='ltr'><strong>versus</strong></span> <span class='ocrx_word' id='word_1_610' title='bbox 2325 3494 2620 3540; x_wconf 86' lang='lat' dir='ltr'><strong>cantantur</strong></span> <span class='ocrx_word' id='word_1_611' title='bbox 2649 3502 2664 3539; x_wconf 93' lang='lat'><strong>:</strong></span> <span class='ocrx_word' id='word_1_612' title='bbox 2702 3486 2879 3556; x_wconf 85' lang='lat' dir='ltr'><strong>iisque</strong></span> <span class='ocrx_word' id='word_1_613' title='bbox 2906 3486 3101 3550; x_wconf 85' lang='lat' dir='ltr'><strong>llnitis,</strong></span> <span class='ocrx_word' id='word_1_614' title='bbox 3155 3486 3438 3558; x_wconf 79' lang='lat' dir='ltr'><strong>ingressus</strong></span> <span class='ocrx_word' id='word_1_615' title='bbox 3494 3487 3684 3542; x_wconf 86' lang='lat' dir='ltr'><strong>diaco-</strong></span> 
     </span>
    </p>
   </div>
   <div class='ocr_carea' id='block_1_82' title="bbox 2102 3575 3679 3648">
    <p class='ocr_par' dir='ltr' id='par_1_82' title="bbox 2102 3575 3679 3648">
     <span class='ocr_line' id='line_1_82' title="bbox 2102 3575 3679 3648; baseline 0.001 -18"><span class='ocrx_word' id='word_1_616' title='bbox 2102 3592 2210 3631; x_wconf 89' lang='lat' dir='ltr'><strong>nus</strong></span> <span class='ocrx_word' id='word_1_617' title='bbox 2234 3615 2249 3639; x_wconf 91' lang='lat'><strong>,</strong></span> <span class='ocrx_word' id='word_1_618' title='bbox 2289 3575 2581 3631; x_wconf 89' lang='lat' dir='ltr'><strong>tburibulo</strong></span> <span class='ocrx_word' id='word_1_619' title='bbox 2644 3588 2892 3647; x_wconf 87' lang='lat' dir='ltr'><strong>accepto,</strong></span> <span class='ocrx_word' id='word_1_620' title='bbox 2930 3577 3094 3633; x_wconf 91' lang='lat' dir='ltr'><strong>thure</strong></span> <span class='ocrx_word' id='word_1_621' title='bbox 3127 3578 3354 3648; x_wconf 89' lang='lat' dir='ltr'><strong>injecto,</strong></span> <span class='ocrx_word' id='word_1_622' title='bbox 3413 3587 3471 3633; x_wconf 87' lang='lat' dir='ltr'><strong>et</strong></span> <span class='ocrx_word' id='word_1_623' title='bbox 3509 3579 3679 3648; x_wconf 87' lang='lat' dir='ltr'><strong>petita</strong></span> 
     </span>
    </p>
   </div>
   <div class='ocr_carea' id='block_1_83' title="bbox 2100 3667 3683 3731">
    <p class='ocr_par' dir='ltr' id='par_1_83' title="bbox 2100 3667 3683 3731">
     <span class='ocr_line' id='line_1_83' title="bbox 2100 3667 3683 3731; baseline 0 -6"><span class='ocrx_word' id='word_1_624' title='bbox 2100 3667 2515 3731; x_wconf 82' lang='lat' dir='ltr'><strong>benedictione,</strong></span> <span class='ocrx_word' id='word_1_625' title='bbox 2547 3669 2756 3723; x_wconf 87' lang='lat' dir='ltr'><strong>sanctis</strong></span> <span class='ocrx_word' id='word_1_626' title='bbox 2790 3667 3005 3723; x_wconf 83' lang='lat' dir='ltr'><strong>foribus</strong></span> <span class='ocrx_word' id='word_1_627' title='bbox 3038 3669 3247 3724; x_wconf 89' lang='lat' dir='ltr'><strong>clausis</strong></span> <span class='ocrx_word' id='word_1_628' title='bbox 3276 3669 3482 3724; x_wconf 81' lang='lat' dir='ltr'><strong>boreali</strong></span> <span class='ocrx_word' id='word_1_629' title='bbox 3509 3669 3683 3725; x_wconf 79' lang='lat' dir='ltr'><strong>latere</strong></span> 
     </span>
    </p>
   </div>
   <div class='ocr_carea' id='block_1_84' title="bbox 2102 3755 3683 3828">
    <p class='ocr_par' dir='ltr' id='par_1_84' title="bbox 2102 3755 3683 3828">
     <span class='ocr_line' id='line_1_84' title="bbox 2102 3755 3683 3828; baseline -0.001 -15"><span class='ocrx_word' id='word_1_630' title='bbox 2102 3757 2267 3813; x_wconf 82' lang='lat' dir='ltr'><strong>simul</strong></span> <span class='ocrx_word' id='word_1_631' title='bbox 2295 3772 2423 3813; x_wconf 90' lang='lat' dir='ltr'><strong>cum</strong></span> <span class='ocrx_word' id='word_1_632' title='bbox 2452 3757 2740 3812; x_wconf 88' lang='lat' dir='ltr'><strong>sacerdote</strong></span> <span class='ocrx_word' id='word_1_633' title='bbox 2779 3755 3097 3828; x_wconf 80' lang='lat' dir='ltr'><strong>egreditur;</strong></span> <span class='ocrx_word' id='word_1_634' title='bbox 3150 3769 3209 3812; x_wconf 91' lang='lat' dir='ltr'><strong>et</strong></span> <span class='ocrx_word' id='word_1_635' title='bbox 3243 3759 3683 3827; x_wconf 68' lang='lat' dir='ltr'><strong>praecedentibus</strong></span> 
     </span>
    </p>
   </div>
   <div class='ocr_carea' id='block_1_85' title="bbox 2100 3848 3684 3919">
    <p class='ocr_par' dir='ltr' id='par_1_85' title="bbox 2100 3848 3684 3919">
     <span class='ocr_line' id='line_1_85' title="bbox 2100 3848 3684 3919; baseline -0.001 -15"><span class='ocrx_word' id='word_1_636' title='bbox 2100 3849 2300 3913; x_wconf 87' lang='lat' dir='ltr'><strong>cereis,</strong></span> <span class='ocrx_word' id='word_1_637' title='bbox 2354 3848 2636 3918; x_wconf 89' lang='lat' dir='ltr'><strong>speciosas</strong></span> <span class='ocrx_word' id='word_1_638' title='bbox 2681 3857 2869 3917; x_wconf 86' lang='lat' dir='ltr'><strong>portas</strong></span> <span class='ocrx_word' id='word_1_639' title='bbox 2933 3848 3487 3918; x_wconf 58' lang='lat' dir='ltr'><strong>praetergrediuntur.</strong></span> <span class='ocrx_word' id='word_1_640' title='bbox 3542 3865 3684 3919; x_wconf 74' lang='lat' dir='ltr'><strong>quos</strong></span> 
     </span>
    </p>
   </div>
   <div class='ocr_carea' id='block_1_86' title="bbox 2102 3925 3793 4011">
    <p class='ocr_par' dir='ltr' id='par_1_86' title="bbox 2102 3925 3793 4011">
     <span class='ocr_line' id='line_1_86' title="bbox 2102 3925 3793 4011; baseline -0.001 -14"><span class='ocrx_word' id='word_1_641' title='bbox 2102 3941 2299 4011; x_wconf 85' lang='lat' dir='ltr'><strong>reliqui</strong></span> <span class='ocrx_word' id='word_1_642' title='bbox 2351 3939 2551 3996; x_wconf 80' lang='lat' dir='ltr'><strong>fratres</strong></span> <span class='ocrx_word' id='word_1_643' title='bbox 2593 3940 2770 3996; x_wconf 86' lang='lat' dir='ltr'><strong>secuti</strong></span> <span class='ocrx_word' id='word_1_644' title='bbox 2829 3947 2979 3994; x_wconf 90' lang='lat' dir='ltr'><strong>stant</strong></span> <span class='ocrx_word' id='word_1_645' title='bbox 3042 3939 3097 3994; x_wconf 92' lang='lat' dir='ltr'><strong>in</strong></span> <span class='ocrx_word' id='word_1_646' title='bbox 3124 3939 3423 3996; x_wconf 73' lang='lat' dir='ltr'><strong>vestibulo.</strong></span> <span class='ocrx_word' id='word_1_647' title='bbox 3459 3939 3680 3996; x_wconf 77' lang='lat' dir='ltr'><strong>Fratres</strong></span> <span class='ocrx_word' id='word_1_648' title='bbox 3780 3925 3793 3934; x_wconf 71' lang='grc'><strong>’</strong></span> 
     </span>
    </p>
   </div>
   <div class='ocr_carea' id='block_1_87' title="bbox 2101 4031 3675 4094">
    <p class='ocr_par' dir='ltr' id='par_1_87' title="bbox 2101 4031 3675 4094">
     <span class='ocr_line' id='line_1_87' title="bbox 2101 4031 3675 4094; baseline -0.004 -5"><span class='ocrx_word' id='word_1_649' title='bbox 2101 4041 2285 4089; x_wconf 89' lang='lat' dir='ltr'><strong>autem</strong></span> <span class='ocrx_word' id='word_1_650' title='bbox 2314 4039 2575 4088; x_wconf 86' lang='lat' dir='ltr'><strong>canentes</strong></span> <span class='ocrx_word' id='word_1_651' title='bbox 2603 4031 2873 4088; x_wconf 87' lang='lat' dir='ltr'><strong>diaconus</strong></span> <span class='ocrx_word' id='word_1_652' title='bbox 2897 4031 3152 4086; x_wconf 84' lang='lat' dir='ltr'><strong>incensat</strong></span> <span class='ocrx_word' id='word_1_653' title='bbox 3169 4031 3240 4086; x_wconf 92' lang='lat' dir='ltr'><strong>de</strong></span> <span class='ocrx_word' id='word_1_654' title='bbox 3258 4046 3435 4094; x_wconf 90' lang='lat' dir='ltr'><strong>more,</strong></span> <span class='ocrx_word' id='word_1_655' title='bbox 3462 4039 3519 4085; x_wconf 89' lang='lat' dir='ltr'><strong>et</strong></span> <span class='ocrx_word' id='word_1_656' title='bbox 3548 4047 3675 4085; x_wconf 81' lang='lat' dir='ltr'><strong>ver-</strong></span> 
     </span>
    </p>
   </div>
   <div class='ocr_carea' id='block_1_88' title="bbox 2100 4122 3672 4190">
    <p class='ocr_par' dir='ltr' id='par_1_88' title="bbox 2100 4122 3672 4190">
     <span class='ocr_line' id='line_1_88' title="bbox 2100 4122 3672 4190; baseline -0.002 -9"><span class='ocrx_word' id='word_1_657' title='bbox 2100 4126 2254 4182; x_wconf 86' lang='lat' dir='ltr'><strong>sibus</strong></span> <span class='ocrx_word' id='word_1_658' title='bbox 2284 4124 2595 4180; x_wconf 87' lang='lat' dir='ltr'><strong>terminatis</strong></span> <span class='ocrx_word' id='word_1_659' title='bbox 2646 4126 2703 4179; x_wconf 89' lang='lat' dir='ltr'><strong>in</strong></span> <span class='ocrx_word' id='word_1_660' title='bbox 2758 4125 2924 4179; x_wconf 82' lang='lat' dir='ltr'><strong>solito</strong></span> <span class='ocrx_word' id='word_1_661' title='bbox 2950 4123 3075 4178; x_wconf 92' lang='lat' dir='ltr'><strong>loco</strong></span> <span class='ocrx_word' id='word_1_662' title='bbox 3109 4133 3299 4187; x_wconf 85' lang='lat' dir='ltr'><strong>stans,</strong></span> <span class='ocrx_word' id='word_1_663' title='bbox 3331 4123 3409 4179; x_wconf 87' lang='lat' dir='ltr'><strong>ait</strong></span> <span class='ocrx_word' id='word_1_664' title='bbox 3436 4141 3451 4180; x_wconf 91' lang='lat'><strong>:</strong></span> <span class='ocrx_word' id='word_1_665' title='bbox 3484 4122 3672 4190; x_wconf 79' lang='lat' dir='ltr'><strong>Salva,</strong></span> 
     </span>
    </p>
   </div>
   <div class='ocr_carea' id='block_1_89' title="bbox 2105 4216 3672 4290">
    <p class='ocr_par' dir='ltr' id='par_1_89' title="bbox 2105 4216 3672 4290">
     <span class='ocr_line' id='line_1_89' title="bbox 2105 4216 3672 4290; baseline 0.001 -19"><span class='ocrx_word' id='word_1_666' title='bbox 2105 4219 2344 4286; x_wconf 87' lang='lat' dir='ltr'><strong>Domine,</strong></span> <span class='ocrx_word' id='word_1_667' title='bbox 2384 4217 2642 4290; x_wconf 83' lang='lat' dir='ltr'><strong>populum</strong></span> <span class='ocrx_word' id='word_1_668' title='bbox 2668 4229 2840 4281; x_wconf 82' lang='lat' dir='ltr'><strong>tuum,</strong></span> <span class='ocrx_word' id='word_1_669' title='bbox 2870 4227 2921 4272; x_wconf 88' lang='lat' dir='ltr'><strong>et</strong></span> <span class='ocrx_word' id='word_1_670' title='bbox 2954 4217 3168 4272; x_wconf 86' lang='lat' dir='ltr'><strong>benedic</strong></span> <span class='ocrx_word' id='word_1_671' title='bbox 3191 4216 3488 4271; x_wconf 65' lang='lat' dir='ltr'><strong>hareditati</strong></span> <span class='ocrx_word' id='word_1_672' title='bbox 3521 4228 3627 4272; x_wconf 78' lang='lat' dir='ltr'><strong>tute</strong></span> <span class='ocrx_word' id='word_1_673' title='bbox 3657 4261 3672 4283; x_wconf 95' lang='lat'><strong>,</strong></span> 
     </span>
    </p>
   </div>
   <div class='ocr_carea' id='block_1_90' title="bbox 2097 4308 3672 4380">
    <p class='ocr_par' dir='ltr' id='par_1_90' title="bbox 2097 4308 3672 4380">
     <span class='ocr_line' id='line_1_90' title="bbox 2097 4308 3672 4380; baseline -0.001 -15"><span class='ocrx_word' id='word_1_674' title='bbox 2097 4311 2164 4365; x_wconf 90' lang='lat' dir='ltr'><strong>ad</strong></span> <span class='ocrx_word' id='word_1_675' title='bbox 2221 4310 2385 4364; x_wconf 83' lang='lat' dir='ltr'><strong>linem</strong></span> <span class='ocrx_word' id='word_1_676' title='bbox 2443 4325 2640 4380; x_wconf 89' lang='lat' dir='ltr'><strong>usque.</strong></span> <span class='ocrx_word' id='word_1_677' title='bbox 2690 4310 2757 4365; x_wconf 89' lang='lat' dir='ltr'><strong>Et</strong></span> <span class='ocrx_word' id='word_1_678' title='bbox 2803 4318 3062 4365; x_wconf 73' lang='lat' dir='ltr'><strong>Cantatur</strong></span> <span class='ocrx_word' id='word_1_679' title='bbox 3091 4327 3105 4363; x_wconf 91' lang='lat'><strong>:</strong></span> <span class='ocrx_word' id='word_1_680' title='bbox 3137 4308 3377 4372; x_wconf 84' lang='lat' dir='ltr'><strong>Domine,</strong></span> <span class='ocrx_word' id='word_1_681' title='bbox 3402 4310 3672 4376; x_wconf 81' lang='lat' dir='ltr'><strong>miserere,</strong></span> 
     </span>
    </p>
   </div>
   <div class='ocr_carea' id='block_1_91' title="bbox 2097 4400 3676 4472">
    <p class='ocr_par' dir='ltr' id='par_1_91' title="bbox 2097 4400 3676 4472">
     <span class='ocr_line' id='line_1_91' title="bbox 2097 4400 3676 4472; baseline 0.002 -19"><span class='ocrx_word' id='word_1_682' title='bbox 2097 4402 2511 4472; x_wconf 78' lang='lat' dir='ltr'><strong>quadragesies.</strong></span> <span class='ocrx_word' id='word_1_683' title='bbox 2550 4401 2618 4456; x_wconf 79' lang='lat' dir='ltr'><strong>Et</strong></span> <span class='ocrx_word' id='word_1_684' title='bbox 2661 4415 2881 4457; x_wconf 85' lang='lat' dir='ltr'><strong>rursum</strong></span> <span class='ocrx_word' id='word_1_685' title='bbox 2909 4403 2987 4456; x_wconf 87' lang='lat' dir='ltr'><strong>ait</strong></span> <span class='ocrx_word' id='word_1_686' title='bbox 3020 4420 3033 4455; x_wconf 93' lang='lat'><strong>:</strong></span> <span class='ocrx_word' id='word_1_687' title='bbox 3063 4400 3247 4456; x_wconf 78' lang='lat' dir='ltr'><strong>Adhuc</strong></span> <span class='ocrx_word' id='word_1_688' title='bbox 3282 4416 3532 4472; x_wconf 85' lang='lat' dir='ltr'><strong>rogamus</strong></span> <span class='ocrx_word' id='word_1_689' title='bbox 3581 4419 3676 4467; x_wconf 88' lang='lat' dir='ltr'><strong>pro</strong></span> 
     </span>
    </p>
   </div>
   <div class='ocr_carea' id='block_1_92' title="bbox 411 4490 1994 4566">
    <p class='ocr_par' dir='ltr' id='par_1_92' title="bbox 411 4490 1993 4564">
     <span class='ocr_line' id='line_1_92' title="bbox 411 4490 1993 4564; baseline -0.003 -16"><span class='ocrx_word' id='word_1_690' title='bbox 411 4495 539 4564; x_wconf 79' lang='grc' dir='ltr'>γίαν</span> <span class='ocrx_word' id='word_1_691' title='bbox 568 4492 836 4564; x_wconf 82' lang='grc' dir='ltr'>συνήθως,</span> <span class='ocrx_word' id='word_1_692' title='bbox 878 4491 1161 4564; x_wconf 70' lang='grc' dir='ltr'>ἐξέρχεται</span> <span class='ocrx_word' id='word_1_693' title='bbox 1216 4490 1334 4560; x_wconf 76' lang='grc' dir='ltr'><strong>ἁμα</strong></span> <span class='ocrx_word' id='word_1_694' title='bbox 1363 4490 1440 4559; x_wconf 84' lang='grc' dir='ltr'>τῷ</span> <span class='ocrx_word' id='word_1_695' title='bbox 1470 4492 1608 4559; x_wconf 80' lang='grc' dir='ltr'>ἱερεῖ</span> <span class='ocrx_word' id='word_1_696' title='bbox 1641 4492 1730 4545; x_wconf 81' lang='grc' dir='ltr'>διὰ</span> <span class='ocrx_word' id='word_1_697' title='bbox 1757 4492 1853 4545; x_wconf 83' lang='grc' dir='ltr'><strong>τοῦ</strong></span> <span class='ocrx_word' id='word_1_698' title='bbox 1900 4492 1993 4564; x_wconf 62' lang='lat' dir='ltr'><strong>Bo.-</strong></span> 
     </span>
    </p>
   </div>
   <div class='ocr_carea' id='block_1_93' title="bbox 2096 4490 3673 4566">
    <p class='ocr_par' dir='ltr' id='par_1_93' title="bbox 2097 4491 3673 4566">
     <span class='ocr_line' id='line_1_93' title="bbox 2097 4491 3673 4566; baseline -0.001 -18"><span class='ocrx_word' id='word_1_699' title='bbox 2097 4494 2347 4566; x_wconf 83' lang='lat' dir='ltr'><strong>piissimis</strong></span> <span class='ocrx_word' id='word_1_700' title='bbox 2378 4503 2426 4548; x_wconf 84' lang='lat' dir='ltr'><strong>et</strong></span> <span class='ocrx_word' id='word_1_701' title='bbox 2445 4513 2478 4547; x_wconf 89' lang='lat' dir='ltr'><strong>a</strong></span> <span class='ocrx_word' id='word_1_702' title='bbox 2499 4492 2605 4547; x_wconf 77' lang='lat' dir='ltr'><strong>Deo</strong></span> <span class='ocrx_word' id='word_1_703' title='bbox 2634 4493 2902 4548; x_wconf 76' lang='lat' dir='ltr'><strong>custoditis</strong></span> <span class='ocrx_word' id='word_1_704' title='bbox 2933 4492 3165 4563; x_wconf 80' lang='lat' dir='ltr'><strong>regibus.</strong></span> <span class='ocrx_word' id='word_1_705' title='bbox 3195 4491 3264 4547; x_wconf 84' lang='lat' dir='ltr'><strong>Et</strong></span> <span class='ocrx_word' id='word_1_706' title='bbox 3278 4501 3534 4546; x_wconf 88' lang='lat' dir='ltr'><strong>cantatur</strong></span> <span class='ocrx_word' id='word_1_707' title='bbox 3559 4502 3673 4548; x_wconf 86' lang='lat' dir='ltr'><strong>ter:</strong></span> 
     </span>
    </p>
   </div>
   <div class='ocr_carea' id='block_1_94' title="bbox 415 4582 1990 4655">
    <p class='ocr_par' dir='ltr' id='par_1_94' title="bbox 415 4582 1990 4655">
     <span class='ocr_line' id='line_1_94' title="bbox 415 4582 1990 4655; baseline 0.001 -18"><span class='ocrx_word' id='word_1_708' title='bbox 415 4585 563 4653; x_wconf 82' lang='grc' dir='ltr'>ρείου</span> <span class='ocrx_word' id='word_1_709' title='bbox 591 4588 813 4655; x_wconf 84' lang='grc' dir='ltr'>μέρους,</span> <span class='ocrx_word' id='word_1_710' title='bbox 830 4583 1233 4654; x_wconf 79' lang='grc' dir='ltr'>κεκλεισμένων</span> <span class='ocrx_word' id='word_1_711' title='bbox 1259 4582 1435 4637; x_wconf 80' lang='grc' dir='ltr'>οὐσῶν</span> <span class='ocrx_word' id='word_1_712' title='bbox 1455 4583 1565 4636; x_wconf 87' lang='grc' dir='ltr'><strong>τῶν</strong></span> <span class='ocrx_word' id='word_1_713' title='bbox 1597 4584 1768 4650; x_wconf 84' lang='grc' dir='ltr'>ἁγίων</span> <span class='ocrx_word' id='word_1_714' title='bbox 1788 4585 1990 4654; x_wconf 84' lang='grc' dir='ltr'>θυρῶν,</span> 
     </span>
    </p>
   </div>
   <div class='ocr_carea' id='block_1_95' title="bbox 413 4673 1992 4745">
    <p class='ocr_par' dir='ltr' id='par_1_95' title="bbox 413 4673 1992 4745">
     <span class='ocr_line' id='line_1_95' title="bbox 413 4673 1992 4745; baseline -0.001 -16"><span class='ocrx_word' id='word_1_715' title='bbox 413 4676 510 4730; x_wconf 77' lang='grc' dir='ltr'>καὶ</span> <span class='ocrx_word' id='word_1_716' title='bbox 540 4674 1033 4745; x_wconf 74' lang='grc' dir='ltr'>προπορευομένων</span> <span class='ocrx_word' id='word_1_717' title='bbox 1066 4674 1176 4728; x_wconf 85' lang='grc' dir='ltr'><strong>τῶν</strong></span> <span class='ocrx_word' id='word_1_718' title='bbox 1204 4673 1527 4743; x_wconf 80' lang='grc' dir='ltr'>λαμπάδων,</span> <span class='ocrx_word' id='word_1_719' title='bbox 1565 4676 1661 4727; x_wconf 74' lang='grc' dir='ltr'>καὶ</span> <span class='ocrx_word' id='word_1_720' title='bbox 1691 4674 1992 4738; x_wconf 82' lang='grc' dir='ltr'>διελθόντες</span> 
     </span>
    </p>
   </div>
   <div class='ocr_carea' id='block_1_96' title="bbox 411 4763 1993 4838">
    <p class='ocr_par' dir='ltr' id='par_1_96' title="bbox 411 4763 1993 4838">
     <span class='ocr_line' id='line_1_96' title="bbox 411 4763 1993 4838; baseline 0 -18"><span class='ocrx_word' id='word_1_721' title='bbox 411 4767 501 4821; x_wconf 82' lang='grc' dir='ltr'>διὰ</span> <span class='ocrx_word' id='word_1_722' title='bbox 537 4766 647 4820; x_wconf 90' lang='grc' dir='ltr'><strong>τῶν</strong></span> <span class='ocrx_word' id='word_1_723' title='bbox 682 4765 900 4838; x_wconf 85' lang='grc' dir='ltr'>ὡραίων</span> <span class='ocrx_word' id='word_1_724' title='bbox 937 4764 1144 4827; x_wconf 86' lang='grc' dir='ltr'>πυλῶν,</span> <span class='ocrx_word' id='word_1_725' title='bbox 1175 4764 1273 4818; x_wconf 80' lang='grc' dir='ltr'>καὶ</span> <span class='ocrx_word' id='word_1_726' title='bbox 1309 4765 1426 4835; x_wconf 83' lang='grc' dir='ltr'>μετ’</span> <span class='ocrx_word' id='word_1_727' title='bbox 1459 4763 1657 4828; x_wconf 78' lang='grc' dir='ltr'>αὐτοὺς</span> <span class='ocrx_word' id='word_1_728' title='bbox 1709 4766 1909 4829; x_wconf 79' lang='grc' dir='ltr'>πάντες</span> <span class='ocrx_word' id='word_1_729' title='bbox 1941 4768 1993 4820; x_wconf 77' lang='lat' dir='ltr'><strong>oi</strong></span> 
     </span>
    </p>
   </div>
   <div class='ocr_carea' id='block_1_97' title="bbox 413 4853 1991 4926">
    <p class='ocr_par' dir='ltr' id='par_1_97' title="bbox 413 4853 1991 4926">
     <span class='ocr_line' id='line_1_97' title="bbox 413 4853 1991 4926; baseline -0.002 -14"><span class='ocrx_word' id='word_1_730' title='bbox 413 4857 656 4925; x_wconf 67' lang='grc' dir='ltr'>ἀδελφοὶ,</span> <span class='ocrx_word' id='word_1_731' title='bbox 689 4854 938 4910; x_wconf 77' lang='grc' dir='ltr'>ἵστανται</span> <span class='ocrx_word' id='word_1_732' title='bbox 965 4855 1025 4907; x_wconf 74' lang='grc' dir='ltr'><strong>έν</strong></span> <span class='ocrx_word' id='word_1_733' title='bbox 1044 4854 1124 4924; x_wconf 83' lang='grc' dir='ltr'>τῷ</span> <span class='ocrx_word' id='word_1_734' title='bbox 1153 4855 1411 4926; x_wconf 80' lang='grc' dir='ltr'>νάρθηκι.</span> <span class='ocrx_word' id='word_1_735' title='bbox 1444 4853 1773 4911; x_wconf 79' lang='grc' dir='ltr'>Ψαλλόντων</span> <span class='ocrx_word' id='word_1_736' title='bbox 1804 4857 1862 4910; x_wconf 69' lang='grc' dir='ltr'>δὲ</span> <span class='ocrx_word' id='word_1_737' title='bbox 1883 4857 1991 4910; x_wconf 84' lang='grc' dir='ltr'><strong>τῶν</strong></span> 
     </span>
    </p>
   </div>
   <div class='ocr_carea' id='block_1_98' title="bbox 413 4946 1993 5018">
    <p class='ocr_par' dir='ltr' id='par_1_98' title="bbox 413 4946 1993 5018">
     <span class='ocr_line' id='line_1_98' title="bbox 413 4946 1993 5018; baseline -0.001 -14"><span class='ocrx_word' id='word_1_738' title='bbox 413 4948 679 5016; x_wconf 77' lang='grc' dir='ltr'>ἀδελφῶν,</span> <span class='ocrx_word' id='word_1_739' title='bbox 703 4948 733 5001; x_wconf 85' lang='lat'><strong>6</strong></span> <span class='ocrx_word' id='word_1_740' title='bbox 754 4947 1002 5011; x_wconf 76' lang='grc' dir='ltr'>διάκονος</span> <span class='ocrx_word' id='word_1_741' title='bbox 1033 4946 1203 5015; x_wconf 75' lang='grc' dir='ltr'>θυμιᾷ</span> <span class='ocrx_word' id='word_1_742' title='bbox 1223 4948 1430 5012; x_wconf 79' lang='grc' dir='ltr'>πάντας</span> <span class='ocrx_word' id='word_1_743' title='bbox 1463 4948 1708 5018; x_wconf 85' lang='grc' dir='ltr'>συνήθως</span> <span class='ocrx_word' id='word_1_744' title='bbox 1731 4964 1748 4981; x_wconf 83' lang='grc'><em>’</em></span> <span class='ocrx_word' id='word_1_745' title='bbox 1769 4949 1909 5017; x_wconf 84' lang='grc' dir='ltr'><strong>μετὰ</strong></span> <span class='ocrx_word' id='word_1_746' title='bbox 1936 4949 1993 5003; x_wconf 69' lang='grc' dir='ltr'>δὲ</span> 
     </span>
    </p>
   </div>
   <div class='ocr_carea' id='block_1_99' title="bbox 2101 4584 3678 4657">
    <p class='ocr_par' dir='ltr' id='par_1_99' title="bbox 2101 4584 3678 4657">
     <span class='ocr_line' id='line_1_99' title="bbox 2101 4584 3678 4657; baseline 0 -16"><span class='ocrx_word' id='word_1_747' title='bbox 2101 4586 2349 4649; x_wconf 84' lang='lat' dir='ltr'><strong>Domine,</strong></span> <span class='ocrx_word' id='word_1_748' title='bbox 2387 4587 2655 4640; x_wconf 85' lang='lat' dir='ltr'><strong>miserere.</strong></span> <span class='ocrx_word' id='word_1_749' title='bbox 2681 4585 2748 4639; x_wconf 82' lang='lat' dir='ltr'><strong>Et</strong></span> <span class='ocrx_word' id='word_1_750' title='bbox 2778 4587 2976 4641; x_wconf 87' lang='lat' dir='ltr'><strong>iterum</strong></span> <span class='ocrx_word' id='word_1_751' title='bbox 3003 4584 3136 4641; x_wconf 84' lang='lat' dir='ltr'><strong>dicit</strong></span> <span class='ocrx_word' id='word_1_752' title='bbox 3168 4604 3183 4640; x_wconf 94' lang='lat'><strong>:</strong></span> <span class='ocrx_word' id='word_1_753' title='bbox 3221 4587 3404 4643; x_wconf 78' lang='lat' dir='ltr'><strong>Adhuc</strong></span> <span class='ocrx_word' id='word_1_754' title='bbox 3428 4596 3678 4657; x_wconf 82' lang='lat' dir='ltr'><strong>rogamus</strong></span> 
     </span>
    </p>
   </div>
   <div class='ocr_carea' id='block_1_100' title="bbox 2098 4675 3677 4749">
    <p class='ocr_par' dir='ltr' id='par_1_100' title="bbox 2098 4675 3677 4749">
     <span class='ocr_line' id='line_1_100' title="bbox 2098 4675 3677 4749; baseline 0.001 -18"><span class='ocrx_word' id='word_1_755' title='bbox 2098 4694 2195 4749; x_wconf 88' lang='lat' dir='ltr'><strong>pro</strong></span> <span class='ocrx_word' id='word_1_756' title='bbox 2218 4676 2528 4733; x_wconf 81' lang='lat' dir='ltr'><strong>remissione</strong></span> <span class='ocrx_word' id='word_1_757' title='bbox 2576 4682 2914 4747; x_wconf 81' lang='lat' dir='ltr'><strong>peccatorum</strong></span> <span class='ocrx_word' id='word_1_758' title='bbox 2967 4678 3106 4733; x_wconf 82' lang='lat' dir='ltr'><strong>serui</strong></span> <span class='ocrx_word' id='word_1_759' title='bbox 3146 4675 3245 4733; x_wconf 87' lang='lat' dir='ltr'><strong>Dei</strong></span> <span class='ocrx_word' id='word_1_760' title='bbox 3278 4678 3346 4733; x_wconf 85' lang='grc' dir='ltr'><strong>Ν.</strong></span> <span class='ocrx_word' id='word_1_761' title='bbox 3379 4682 3677 4734; x_wconf 80' lang='lat' dir='ltr'><strong>consecrati</strong></span> 
     </span>
    </p>
   </div>
   <div class='ocr_carea' id='block_1_101' title="bbox 2099 4769 3673 4837">
    <p class='ocr_par' dir='ltr' id='par_1_101' title="bbox 2099 4769 3673 4837">
     <span class='ocr_line' id='line_1_101' title="bbox 2099 4769 3673 4837; baseline 0.001 -14"><span class='ocrx_word' id='word_1_762' title='bbox 2099 4770 2366 4833; x_wconf 79' lang='lat' dir='ltr'><strong>monachi,</strong></span> <span class='ocrx_word' id='word_1_763' title='bbox 2388 4778 2438 4823; x_wconf 83' lang='lat' dir='ltr'><strong>et</strong></span> <span class='ocrx_word' id='word_1_764' title='bbox 2459 4769 2603 4823; x_wconf 81' lang='lat' dir='ltr'><strong>omni</strong></span> <span class='ocrx_word' id='word_1_765' title='bbox 2625 4779 2808 4823; x_wconf 82' lang='lat' dir='ltr'><strong>nostra</strong></span> <span class='ocrx_word' id='word_1_766' title='bbox 2832 4771 2889 4823; x_wconf 85' lang='lat' dir='ltr'><strong>in</strong></span> <span class='ocrx_word' id='word_1_767' title='bbox 2911 4770 3120 4826; x_wconf 82' lang='lat' dir='ltr'><strong>Christo</strong></span> <span class='ocrx_word' id='word_1_768' title='bbox 3142 4770 3484 4837; x_wconf 83' lang='lat' dir='ltr'><strong>fraternitate</strong></span> <span class='ocrx_word' id='word_1_769' title='bbox 3506 4787 3524 4825; x_wconf 92' lang='lat'><strong>:</strong></span> <span class='ocrx_word' id='word_1_770' title='bbox 3546 4785 3673 4825; x_wconf 84' lang='lat' dir='ltr'><strong>cum</strong></span> 
     </span>
    </p>
   </div>
   <div class='ocr_carea' id='block_1_102' title="bbox 2098 4851 3676 4929">
    <p class='ocr_par' dir='ltr' id='par_1_102' title="bbox 2098 4851 3676 4929">
     <span class='ocr_line' id='line_1_102' title="bbox 2098 4851 3676 4929; baseline 0.001 -13"><span class='ocrx_word' id='word_1_771' title='bbox 2098 4860 2222 4917; x_wconf 87' lang='lat' dir='ltr'><strong>aliis</strong></span> <span class='ocrx_word' id='word_1_772' title='bbox 2251 4851 2634 4929; x_wconf 86' lang='lat' dir='ltr'><strong>petitionibus,</strong></span> <span class='ocrx_word' id='word_1_773' title='bbox 2665 4858 2769 4916; x_wconf 86' lang='lat' dir='ltr'><strong>hac</strong></span> <span class='ocrx_word' id='word_1_774' title='bbox 2797 4860 3072 4916; x_wconf 77' lang='lat' dir='ltr'><strong>maxime:</strong></span> <span class='ocrx_word' id='word_1_775' title='bbox 3105 4863 3171 4918; x_wconf 87' lang='lat' dir='ltr'><strong>Ut</strong></span> <span class='ocrx_word' id='word_1_776' title='bbox 3200 4876 3411 4917; x_wconf 82' lang='lat' dir='ltr'><strong>sacrum</strong></span> <span class='ocrx_word' id='word_1_777' title='bbox 3435 4865 3532 4917; x_wconf 80' lang='lat' dir='ltr'><strong>hoc</strong></span> <span class='ocrx_word' id='word_1_778' title='bbox 3558 4879 3676 4918; x_wconf 84' lang='lat' dir='ltr'><strong>mo-</strong></span> 
     </span>
    </p>
   </div>
   <div class='ocr_carea' id='block_1_103' title="bbox 2099 4950 3681 5022">
    <p class='ocr_par' dir='ltr' id='par_1_103' title="bbox 2099 4950 3681 5022">
     <span class='ocr_line' id='line_1_103' title="bbox 2099 4950 3681 5022; baseline 0.006 -18"><span class='ocrx_word' id='word_1_779' title='bbox 2099 4952 2393 5006; x_wconf 82' lang='lat' dir='ltr'><strong>nasterium</strong></span> <span class='ocrx_word' id='word_1_780' title='bbox 2415 4960 2769 5007; x_wconf 82' lang='lat' dir='ltr'><strong>conservetur.</strong></span> <span class='ocrx_word' id='word_1_781' title='bbox 2808 4950 2921 5007; x_wconf 80' lang='lat' dir='ltr'><strong>Pro</strong></span> <span class='ocrx_word' id='word_1_782' title='bbox 2961 4955 3105 5008; x_wconf 85' lang='lat' dir='ltr'><strong>omni</strong></span> <span class='ocrx_word' id='word_1_783' title='bbox 3141 4952 3384 5022; x_wconf 69' lang='lat' dir='ltr'><strong>ﬁdelium</strong></span> <span class='ocrx_word' id='word_1_784' title='bbox 3415 4953 3681 5014; x_wconf 80' lang='lat' dir='ltr'><strong>Christia-</strong></span> 
     </span>
    </p>
   </div>
   <div class='ocr_carea' id='block_1_104' title="bbox 1721 5074 2385 5151">
    <p class='ocr_par' dir='ltr' id='par_1_104' title="bbox 1721 5074 2385 5151">
     <span class='ocr_line' id='line_1_104' title="bbox 1721 5074 2385 5151; baseline 0.005 -16"><span class='ocrx_word' id='word_1_785' title='bbox 1721 5074 1940 5136; x_wconf 83' lang='lat' dir='ltr'><strong>Jacobi</strong></span> <span class='ocrx_word' id='word_1_786' title='bbox 1974 5076 2163 5151; x_wconf 83' lang='lat' dir='ltr'><strong>Goari</strong></span> <span class='ocrx_word' id='word_1_787' title='bbox 2198 5086 2385 5141; x_wconf 73' lang='lat' dir='ltr'><strong>noue.</strong></span> 
     </span>
    </p>
   </div>
   <div class='ocr_carea' id='block_1_105' title="bbox 487 5194 1980 5270">
    <p class='ocr_par' dir='ltr' id='par_1_105' title="bbox 487 5194 1980 5270">
     <span class='ocr_line' id='line_1_105' title="bbox 487 5194 1980 5270; baseline -0.001 -14"><span class='ocrx_word' id='word_1_788' title='bbox 487 5198 564 5270; x_wconf 88' lang='lat'><strong>(9)</strong></span> <span class='ocrx_word' id='word_1_789' title='bbox 599 5194 942 5270; x_wconf 68' lang='lat' dir='ltr'><strong>Candelabra</strong></span> <span class='ocrx_word' id='word_1_790' title='bbox 998 5214 1234 5270; x_wconf 86' lang='lat' dir='ltr'><strong>quorum</strong></span> <span class='ocrx_word' id='word_1_791' title='bbox 1266 5213 1401 5254; x_wconf 85' lang='lat' dir='ltr'><strong>usus</strong></span> <span class='ocrx_word' id='word_1_792' title='bbox 1461 5209 1547 5270; x_wconf 82' lang='lat' dir='ltr'><strong>est</strong></span> <span class='ocrx_word' id='word_1_793' title='bbox 1588 5198 1673 5270; x_wconf 86' lang='lat' dir='ltr'><strong>in</strong></span> <span class='ocrx_word' id='word_1_794' title='bbox 1725 5199 1980 5270; x_wconf 80' lang='lat' dir='ltr'><strong>ecclesia,</strong></span> 
     </span>
    </p>
   </div>
   <div class='ocr_carea' id='block_1_106' title="bbox 418 5266 1988 5339">
    <p class='ocr_par' dir='ltr' id='par_1_106' title="bbox 418 5266 1988 5339">
     <span class='ocr_line' id='line_1_106' title="bbox 418 5266 1988 5339; baseline 0 -15"><span class='ocrx_word' id='word_1_795' title='bbox 418 5266 738 5339; x_wconf 49' lang='lat' dir='ltr'><strong>ad&#39;manum</strong></span> <span class='ocrx_word' id='word_1_796' title='bbox 761 5308 776 5332; x_wconf 97' lang='lat'><strong>,</strong></span> <span class='ocrx_word' id='word_1_797' title='bbox 805 5277 866 5322; x_wconf 87' lang='lat' dir='ltr'><strong>ut</strong></span> <span class='ocrx_word' id='word_1_798' title='bbox 904 5266 1103 5323; x_wconf 57' lang='lat' dir='ltr'><strong>Graiae</strong></span> <span class='ocrx_word' id='word_1_799' title='bbox 1128 5268 1387 5324; x_wconf 86' lang='lat' dir='ltr'><strong>dictionis</strong></span> <span class='ocrx_word' id='word_1_800' title='bbox 1416 5268 1482 5323; x_wconf 88' lang='lat' dir='ltr'><strong>ad</strong></span> <span class='ocrx_word' id='word_1_801' title='bbox 1517 5269 1848 5339; x_wconf 77' lang='lat' dir='ltr'><strong>primitivum</strong></span> <span class='ocrx_word' id='word_1_802' title='bbox 1881 5266 1988 5324; x_wconf 79' lang='lat' dir='ltr'><strong>La-</strong></span> 
     </span>
    </p>
   </div>
   <div class='ocr_carea' id='block_1_107' title="bbox 419 5337 1587 5407">
    <p class='ocr_par' dir='ltr' id='par_1_107' title="bbox 419 5337 1587 5407">
     <span class='ocr_line' id='line_1_107' title="bbox 419 5337 1587 5407; baseline 0 -14"><span class='ocrx_word' id='word_1_803' title='bbox 419 5340 590 5393; x_wconf 81' lang='lat' dir='ltr'><strong>tinam</strong></span> <span class='ocrx_word' id='word_1_804' title='bbox 618 5337 852 5393; x_wconf 80' lang='lat' dir='ltr'><strong>aﬂinitas</strong></span> <span class='ocrx_word' id='word_1_805' title='bbox 889 5339 1152 5401; x_wconf 91' lang='lat' dir='ltr'><strong>ostendit,</strong></span> <span class='ocrx_word' id='word_1_806' title='bbox 1175 5339 1376 5407; x_wconf 77' lang='lat' dir='ltr'><strong>gestari</strong></span> <span class='ocrx_word' id='word_1_807' title='bbox 1406 5337 1587 5393; x_wconf 82' lang='lat' dir='ltr'><strong>solita.</strong></span> 
     </span>
    </p>
   </div>
   <div class='ocr_carea' id='block_1_108' title="bbox 489 5408 1984 5479">
    <p class='ocr_par' dir='ltr' id='par_1_108' title="bbox 489 5408 1984 5479">
     <span class='ocr_line' id='line_1_108' title="bbox 489 5408 1984 5479; baseline 0 -16"><span class='ocrx_word' id='word_1_808' title='bbox 489 5409 606 5479; x_wconf 87' lang='lat' dir='ltr'><strong>(l0)</strong></span> <span class='ocrx_word' id='word_1_809' title='bbox 642 5409 775 5463; x_wconf 83' lang='lat' dir='ltr'><strong>Bent</strong></span> <span class='ocrx_word' id='word_1_810' title='bbox 808 5408 1068 5479; x_wconf 83' lang='lat' dir='ltr'><strong>mysterio</strong></span> <span class='ocrx_word' id='word_1_811' title='bbox 1105 5409 1316 5479; x_wconf 87' lang='lat' dir='ltr'><strong>plenam</strong></span> <span class='ocrx_word' id='word_1_812' title='bbox 1346 5417 1403 5462; x_wconf 90' lang='lat' dir='ltr'><strong>et</strong></span> <span class='ocrx_word' id='word_1_813' title='bbox 1433 5409 1631 5463; x_wconf 88' lang='lat' dir='ltr'><strong>mentis</strong></span> <span class='ocrx_word' id='word_1_814' title='bbox 1680 5410 1984 5464; x_wconf 85' lang='lat' dir='ltr'><strong>attentione</strong></span> 
     </span>
    </p>
   </div>
   <div class='ocr_carea' id='block_1_109' title="bbox 418 5477 1987 5549">
    <p class='ocr_par' dir='ltr' id='par_1_109' title="bbox 418 5477 1987 5549">
     <span class='ocr_line' id='line_1_109' title="bbox 418 5477 1987 5549; baseline -0.003 -14"><span class='ocrx_word' id='word_1_815' title='bbox 418 5478 656 5549; x_wconf 75' lang='lat' dir='ltr'><strong>dignam,</strong></span> <span class='ocrx_word' id='word_1_816' title='bbox 689 5477 1029 5549; x_wconf 75' lang='lat' dir='ltr'><strong>apprehensa</strong></span> <span class='ocrx_word' id='word_1_817' title='bbox 1087 5477 1263 5549; x_wconf 84' lang='lat' dir='ltr'><strong>tribus</strong></span> <span class='ocrx_word' id='word_1_818' title='bbox 1302 5479 1509 5532; x_wconf 67' lang='lat' dir='ltr'><strong>dextra:</strong></span> <span class='ocrx_word' id='word_1_819' title='bbox 1530 5494 1777 5549; x_wconf 31' lang='lat' dir='ltr'><strong>Lmanus</strong></span> <span class='ocrx_word' id='word_1_820' title='bbox 1802 5479 1987 5549; x_wconf 79' lang='lat' dir='ltr'><strong>digitis</strong></span> 
     </span>
    </p>
   </div>
   <div class='ocr_carea' id='block_1_110' title="bbox 416 5546 1985 5619">
    <p class='ocr_par' dir='ltr' id='par_1_110' title="bbox 416 5546 1985 5619">
     <span class='ocr_line' id='line_1_110' title="bbox 416 5546 1985 5619; baseline -0.001 -17"><span class='ocrx_word' id='word_1_821' title='bbox 416 5546 577 5609; x_wconf 76' lang='lat' dir='ltr'><strong>stola.</strong></span> <span class='ocrx_word' id='word_1_822' title='bbox 608 5548 871 5619; x_wconf 80' lang='lat' dir='ltr'><strong>diaconus</strong></span> <span class='ocrx_word' id='word_1_823' title='bbox 897 5546 1099 5616; x_wconf 83' lang='lat' dir='ltr'><strong>ubique</strong></span> <span class='ocrx_word' id='word_1_824' title='bbox 1128 5547 1490 5619; x_wconf 85' lang='lat' dir='ltr'><strong>demonstrat.</strong></span> <span class='ocrx_word' id='word_1_825' title='bbox 1526 5547 1803 5618; x_wconf 85' lang='lat' dir='ltr'><strong>Ejusmodi</strong></span> <span class='ocrx_word' id='word_1_826' title='bbox 1831 5546 1985 5619; x_wconf 75' lang='lat' dir='ltr'><strong>gestu</strong></span> 
     </span>
    </p>
   </div>
   <div class='ocr_carea' id='block_1_111' title="bbox 419 5616 1995 5688">
    <p class='ocr_par' dir='ltr' id='par_1_111' title="bbox 419 5616 1995 5688">
     <span class='ocr_line' id='line_1_111' title="bbox 419 5616 1995 5688; baseline 0.001 -17"><span class='ocrx_word' id='word_1_827' title='bbox 419 5619 486 5673; x_wconf 88' lang='lat' dir='ltr'><strong>de</strong></span> <span class='ocrx_word' id='word_1_828' title='bbox 518 5619 764 5688; x_wconf 75' lang='lat' dir='ltr'><strong>ingressu</strong></span> <span class='ocrx_word' id='word_1_829' title='bbox 790 5616 845 5670; x_wconf 93' lang='lat' dir='ltr'><strong>in</strong></span> <span class='ocrx_word' id='word_1_830' title='bbox 880 5627 1076 5688; x_wconf 87' lang='lat' dir='ltr'><strong>sancta</strong></span> <span class='ocrx_word' id='word_1_831' title='bbox 1139 5616 1478 5688; x_wconf 85' lang='lat' dir='ltr'><strong>sacerdotem</strong></span> <span class='ocrx_word' id='word_1_832' title='bbox 1541 5616 1875 5688; x_wconf 78' lang='lat' dir='ltr'><strong>commouet,</strong></span> <span class='ocrx_word' id='word_1_833' title='bbox 1933 5631 1995 5672; x_wconf 88' lang='lat' dir='ltr'><strong>ut</strong></span> 
     </span>
    </p>
   </div>
   <div class='ocr_carea' id='block_1_112' title="bbox 421 5686 1988 5756">
    <p class='ocr_par' dir='ltr' id='par_1_112' title="bbox 421 5686 1988 5756">
     <span class='ocr_line' id='line_1_112' title="bbox 421 5686 1988 5756; baseline 0.001 -16"><span class='ocrx_word' id='word_1_834' title='bbox 421 5688 549 5741; x_wconf 79' lang='lat' dir='ltr'><strong>felix</strong></span> <span class='ocrx_word' id='word_1_835' title='bbox 585 5686 641 5741; x_wconf 77' lang='lat' dir='ltr'><strong>et</strong></span> <span class='ocrx_word' id='word_1_836' title='bbox 670 5687 1017 5756; x_wconf 83' lang='lat' dir='ltr'><strong>triumphans</strong></span> <span class='ocrx_word' id='word_1_837' title='bbox 1046 5695 1363 5756; x_wconf 88' lang='lat' dir='ltr'><strong>sanctorum</strong></span> <span class='ocrx_word' id='word_1_838' title='bbox 1420 5687 1473 5741; x_wconf 89' lang='lat' dir='ltr'><strong>iu</strong></span> <span class='ocrx_word' id='word_1_839' title='bbox 1506 5686 1678 5742; x_wconf 60' lang='lat' dir='ltr'><strong>caelos</strong></span> <span class='ocrx_word' id='word_1_840' title='bbox 1709 5688 1988 5752; x_wconf 86' lang='lat' dir='ltr'><strong>introitus,</strong></span> 
     </span>
    </p>
   </div>
   <div class='ocr_carea' id='block_1_113' title="bbox 421 5755 1994 5829">
    <p class='ocr_par' dir='ltr' id='par_1_113' title="bbox 421 5755 1994 5829">
     <span class='ocr_line' id='line_1_113' title="bbox 421 5755 1994 5829; baseline -0.001 -16"><span class='ocrx_word' id='word_1_841' title='bbox 421 5759 490 5813; x_wconf 87' lang='lat' dir='ltr'><strong>ad</strong></span> <span class='ocrx_word' id='word_1_842' title='bbox 513 5767 729 5814; x_wconf 70' lang='lat' dir='ltr'><strong>aeternae</strong></span> <span class='ocrx_word' id='word_1_843' title='bbox 762 5755 888 5812; x_wconf 67' lang='lat' dir='ltr'><strong>vita:</strong></span> <span class='ocrx_word' id='word_1_844' title='bbox 926 5757 1111 5812; x_wconf 92' lang='lat' dir='ltr'><strong>lumen</strong></span> <span class='ocrx_word' id='word_1_845' title='bbox 1174 5755 1228 5812; x_wconf 92' lang='lat' dir='ltr'><strong>in</strong></span> <span class='ocrx_word' id='word_1_846' title='bbox 1259 5757 1474 5812; x_wconf 80' lang='lat' dir='ltr'><strong>misera:</strong></span> <span class='ocrx_word' id='word_1_847' title='bbox 1527 5757 1693 5829; x_wconf 88' lang='lat' dir='ltr'><strong>hujus</strong></span> <span class='ocrx_word' id='word_1_848' title='bbox 1733 5761 1857 5812; x_wconf 69' lang='lat' dir='ltr'><strong>vita:</strong></span> <span class='ocrx_word' id='word_1_849' title='bbox 1903 5773 1994 5812; x_wconf 42' lang='lat' dir='ltr'><strong>ves</strong></span> 
     </span>
    </p>
   </div>
   <div class='ocr_carea' id='block_1_114' title="bbox 2093 5202 3674 5274">
    <p class='ocr_par' dir='ltr' id='par_1_114' title="bbox 2093 5202 3674 5274">
     <span class='ocr_line' id='line_1_114' title="bbox 2093 5202 3674 5274; baseline 0.007 -19"><span class='ocrx_word' id='word_1_850' title='bbox 2093 5202 2465 5274; x_wconf 4' lang='lat' dir='ltr'><strong>spere,ybeate</strong></span> <span class='ocrx_word' id='word_1_851' title='bbox 2521 5204 2973 5274; x_wconf 88' lang='lat' dir='ltr'><strong>conspiciendum</strong></span> <span class='ocrx_word' id='word_1_852' title='bbox 3026 5205 3122 5262; x_wconf 91' lang='lat' dir='ltr'><strong>illo</strong></span> <span class='ocrx_word' id='word_1_853' title='bbox 3141 5208 3525 5271; x_wconf 79' lang='lat' dir='ltr'><strong>adumbretnr.</strong></span> <span class='ocrx_word' id='word_1_854' title='bbox 3556 5212 3674 5274; x_wconf 78' lang='lat' dir='ltr'><strong>Hoc</strong></span> 
     </span>
    </p>
   </div>
   <div class='ocr_carea' id='block_1_115' title="bbox 2093 5272 3674 5354">
    <p class='ocr_par' dir='ltr' id='par_1_115' title="bbox 2093 5272 3674 5354">
     <span class='ocr_line' id='line_1_115' title="bbox 2093 5272 3674 5354; baseline 0.01 -31"><span class='ocrx_word' id='word_1_855' title='bbox 2093 5272 2382 5354; x_wconf 66' lang='lat' dir='ltr'><strong>enitnﬁue</strong></span> <span class='ocrx_word' id='word_1_856' title='bbox 2414 5272 2987 5354; x_wconf 77' lang='lat' dir='ltr'><strong>subjungit__sacerdos</strong></span> <span class='ocrx_word' id='word_1_857' title='bbox 3015 5294 3031 5332; x_wconf 90' lang='lat'><strong>:</strong></span> <span class='ocrx_word' id='word_1_858' title='bbox 3066 5279 3426 5353; x_wconf 80' lang='grc' dir='ltr'>Εὐλογημένη</span> <span class='ocrx_word' id='word_1_859' title='bbox 3465 5284 3499 5354; x_wconf 85' lang='grc' dir='ltr'><strong>ή</strong></span> <span class='ocrx_word' id='word_1_860' title='bbox 3530 5272 3674 5340; x_wconf 44' lang='lat' dir='ltr'><strong>also;</strong></span> 
     </span>
    </p>
   </div>
   <div class='ocr_carea' id='block_1_116' title="bbox 2091 5340 2892 5418">
    <p class='ocr_par' dir='ltr' id='par_1_116' title="bbox 2091 5340 2892 5418">
     <span class='ocr_line' id='line_1_116' title="bbox 2091 5340 2892 5418; baseline 0.01 -24"><span class='ocrx_word' id='word_1_861' title='bbox 2091 5340 2182 5418; x_wconf 69' lang='grc' dir='ltr'><strong>δος</strong></span> <span class='ocrx_word' id='word_1_862' title='bbox 2196 5340 2533 5418; x_wconf 55' lang='grc' dir='ltr'>τῶν-ἁγίων</span> <span class='ocrx_word' id='word_1_863' title='bbox 2541 5340 2666 5418; x_wconf 57' lang='grc' dir='ltr'>μου,</span> <span class='ocrx_word' id='word_1_864' title='bbox 2699 5347 2743 5398; x_wconf 83' lang='grc' dir='ltr'>Κ</span> <span class='ocrx_word' id='word_1_865' title='bbox 2753 5347 2892 5418; x_wconf 86' lang='grc' dir='ltr'>ύριε.</span> 
     </span>
    </p>
   </div>
   <div class='ocr_carea' id='block_1_117' title="bbox 2165 5412 3662 5491">
    <p class='ocr_par' dir='ltr' id='par_1_117' title="bbox 2165 5412 3662 5491">
     <span class='ocr_line' id='line_1_117' title="bbox 2165 5412 3662 5491; baseline 0.009 -26"><span class='ocrx_word' id='word_1_866' title='bbox 2165 5412 2182 5475; x_wconf 92' lang='grc'><strong>(</strong></span> <span class='ocrx_word' id='word_1_867' title='bbox 2191 5412 2275 5480; x_wconf 79' lang='grc' dir='ltr'><strong>Η)</strong></span> <span class='ocrx_word' id='word_1_868' title='bbox 2314 5412 2572 5491; x_wconf 73' lang='lat' dir='ltr'><strong>Versicnli</strong></span> <span class='ocrx_word' id='word_1_869' title='bbox 2594 5415 2698 5467; x_wconf 83' lang='lat' dir='ltr'><strong>duo</strong></span> <span class='ocrx_word' id='word_1_870' title='bbox 2714 5412 2993 5491; x_wconf 27' lang='lat' dir='ltr'><strong>e‘psaltuis</strong></span> <span class='ocrx_word' id='word_1_871' title='bbox 3009 5418 3181 5475; x_wconf 78' lang='lat' dir='ltr'><strong>David</strong></span> <span class='ocrx_word' id='word_1_872' title='bbox 3189 5419 3289 5475; x_wconf 87' lang='lat' dir='ltr'><strong>icis</strong></span> <span class='ocrx_word' id='word_1_873' title='bbox 3305 5423 3550 5491; x_wconf 78' lang='lat' dir='ltr'><strong>excerpti</strong></span> <span class='ocrx_word' id='word_1_874' title='bbox 3579 5424 3635 5478; x_wconf 91' lang='lat' dir='ltr'><strong>di</strong></span> <span class='ocrx_word' id='word_1_875' title='bbox 3650 5452 3662 5462; x_wconf 86' lang='lat'><strong><em>-</em></strong></span> 
     </span>
    </p>
   </div>
   <div class='ocr_carea' id='block_1_118' title="bbox 2067 5484 3669 5557">
    <p class='ocr_par' dir='ltr' id='par_1_118' title="bbox 2067 5484 3669 5557">
     <span class='ocr_line' id='line_1_118' title="bbox 2067 5484 3669 5557; baseline 0.007 -24"><span class='ocrx_word' id='word_1_876' title='bbox 2067 5484 2690 5557; x_wconf 53' lang='grc' dir='ltr'><strong>⁸(ιυξιιιιιχπροκείμενον</strong></span> <span class='ocrx_word' id='word_1_877' title='bbox 2740 5484 2999 5557; x_wconf 76' lang='grc' dir='ltr'>δίστιχον,</span> <span class='ocrx_word' id='word_1_878' title='bbox 3053 5491 3311 5557; x_wconf 66' lang='lat' dir='ltr'><strong>praevium</strong></span> <span class='ocrx_word' id='word_1_879' title='bbox 3356 5484 3669 5555; x_wconf 77' lang='lat' dir='ltr'><strong>distichum;</strong></span> 
     </span>
    </p>
   </div>
   <div class='ocr_carea' id='block_1_119' title="bbox 2095 5551 3672 5630">
    <p class='ocr_par' dir='ltr' id='par_1_119' title="bbox 2095 5551 3672 5630">
     <span class='ocr_line' id='line_1_119' title="bbox 2095 5551 3672 5630; baseline 0.008 -28"><span class='ocrx_word' id='word_1_880' title='bbox 2095 5551 2179 5630; x_wconf 78' lang='lat' dir='ltr'><strong>vel</strong></span> <span class='ocrx_word' id='word_1_881' title='bbox 2211 5553 2496 5630; x_wconf 74' lang='lat' dir='ltr'><strong>scriptum</strong></span> <span class='ocrx_word' id='word_1_882' title='bbox 2534 5551 2822 5630; x_wconf 71' lang='lat' dir='ltr'><strong>confestim</strong></span> <span class='ocrx_word' id='word_1_883' title='bbox 2881 5551 3004 5627; x_wconf 72' lang='lat' dir='ltr'><strong>post</strong></span> <span class='ocrx_word' id='word_1_884' title='bbox 3032 5551 3210 5630; x_wconf 67' lang='lat' dir='ltr'><strong>_ip$os</strong></span> <span class='ocrx_word' id='word_1_885' title='bbox 3265 5561 3529 5630; x_wconf 67' lang='lat' dir='ltr'><strong>legendae,</strong></span> <span class='ocrx_word' id='word_1_886' title='bbox 3586 5551 3672 5615; x_wconf 77' lang='lat' dir='ltr'><strong>vel</strong></span> 
     </span>
    </p>
   </div>
   <div class='ocr_carea' id='block_1_120' title="bbox 2096 5622 3670 5690">
    <p class='ocr_par' dir='ltr' id='par_1_120' title="bbox 2096 5622 3670 5690">
     <span class='ocr_line' id='line_1_120' title="bbox 2096 5622 3670 5690; baseline 0.007 -19"><span class='ocrx_word' id='word_1_887' title='bbox 2096 5622 2173 5672; x_wconf 87' lang='lat' dir='ltr'><strong>rei</strong></span> <span class='ocrx_word' id='word_1_888' title='bbox 2212 5622 2441 5676; x_wconf 77' lang='lat' dir='ltr'><strong>alterius</strong></span> <span class='ocrx_word' id='word_1_889' title='bbox 2471 5623 2722 5690; x_wconf 74' lang='lat' dir='ltr'><strong>specialis</strong></span> <span class='ocrx_word' id='word_1_890' title='bbox 2743 5622 3099 5681; x_wconf 63' lang='lat' dir='ltr'><strong>decantandaé</strong></span> <span class='ocrx_word' id='word_1_891' title='bbox 3126 5622 3412 5682; x_wconf 65' lang='lat' dir='ltr'><strong>materiam</strong></span> <span class='ocrx_word' id='word_1_892' title='bbox 3439 5638 3491 5683; x_wconf 90' lang='lat' dir='ltr'><strong>et</strong></span> <span class='ocrx_word' id='word_1_893' title='bbox 3517 5644 3670 5682; x_wconf 84' lang='lat' dir='ltr'><strong>sum-</strong></span> 
     </span>
    </p>
   </div>
   <div class='ocr_carea' id='block_1_121' title="bbox 2095 5692 3667 5767">
    <p class='ocr_par' dir='ltr' id='par_1_121' title="bbox 2095 5692 3667 5767">
     <span class='ocr_line' id='line_1_121' title="bbox 2095 5692 3667 5767; baseline 0.007 -26"><span class='ocrx_word' id='word_1_894' title='bbox 2095 5704 2237 5767; x_wconf 69' lang='lat' dir='ltr'><strong>mam</strong></span> <span class='ocrx_word' id='word_1_895' title='bbox 2259 5692 2629 5767; x_wconf 59' lang='lat' dir='ltr'><strong>COlllpJeclellS</strong></span> <span class='ocrx_word' id='word_1_896' title='bbox 2651 5710 2664 5746; x_wconf 93' lang='lat'><strong>:</strong></span> <span class='ocrx_word' id='word_1_897' title='bbox 2689 5694 3019 5767; x_wconf 72' lang='lat' dir='ltr'><strong>quipmprii</strong></span> <span class='ocrx_word' id='word_1_898' title='bbox 3044 5706 3173 5751; x_wconf 88' lang='lat' dir='ltr'><strong>sunt</strong></span> <span class='ocrx_word' id='word_1_899' title='bbox 3197 5697 3347 5753; x_wconf 85' lang='lat' dir='ltr'><strong>illius</strong></span> <span class='ocrx_word' id='word_1_900' title='bbox 3365 5699 3494 5765; x_wconf 85' lang='lat' dir='ltr'><strong>diei,</strong></span> <span class='ocrx_word' id='word_1_901' title='bbox 3530 5713 3667 5767; x_wconf 80' lang='grc' dir='ltr'>προ-</span> 
     </span>
    </p>
   </div>
   <div class='ocr_carea' id='block_1_122' title="bbox 2093 5759 3039 5833">
    <p class='ocr_par' dir='ltr' id='par_1_122' title="bbox 2093 5759 3039 5833">
     <span class='ocr_line' id='line_1_122' title="bbox 2093 5759 3039 5833; baseline 0.012 -22"><span class='ocrx_word' id='word_1_902' title='bbox 2093 5759 2345 5828; x_wconf 63' lang='grc' dir='ltr'>κείμενῡν</span> <span class='ocrx_word' id='word_1_903' title='bbox 2376 5759 2473 5831; x_wconf 78' lang='grc' dir='ltr'>τῆς</span> <span class='ocrx_word' id='word_1_904' title='bbox 2502 5759 2723 5833; x_wconf 71' lang='grc' dir='ltr'>ἡμέρας</span> <span class='ocrx_word' id='word_1_905' title='bbox 2754 5759 3039 5821; x_wconf 64' lang='lat' dir='ltr'><strong>dicuntur.</strong></span> 
     </span>
    </p>
   </div>
  </div>
