4036 6500
528 370 637 435 761

1599 375 2025 437 PHILUTHEI
2067 378 2178 441 CP.
2218 381 2732 444 PATRIARCHE
3182 404 3189 413 ‘
3673 395 3770 457 768

545 566 2963 597 ἔπ’-Μ

1240 727 2040 851 ΦΙΛΟΘΕΟΥ
2116 739 3104 860 ΠΑΤΡΙΑΡΧΟΥ

1764 948 1975 1000 ΛΟΓΟΣ
2015 948 2094 999 ΕΓ
2098 951 2300 1003 ΚΩΜῙΛ
2307 949 2537 1003 ΣΤΙΚΟΣ
3164 984 3167 987 ·

528 1102 639 1158 ΕΙΣ
670 1102 848 1156 ΤΟΥΣ
874 1100 1248 1156 ΜΕΓΔΛΟΥΣ
1280 1100 1641 1161 ΙΕΡΑΡΧΑΣ,
1674 1099 1795 1152 ΚΔῙ
1817 1100 2405 1158 ΟἰκοΥΜΕΝῐΚΟΥΣ
2438 1106 2935 1175 ΔΙΔΛΣΚΑΛΟΥΣ,
2964 1110 3334 1168 ΒΑΣΙΛΕἰΟΝ
3365 1113 3504 1169 ἸὈΝ
3532 1114 3781 1181 ΜΕΓΔΝ.

1040 1194 1431 1250 ΓΡΗΓΟΡΙΟΝ
1458 1195 1597 1251 ΤΟΝ
1623 1194 2008 1263 θΕΟΛΟΓΟΝ,
2047 1198 2171 1251 ΚΑΙ
2224 1199 2543 1254 ΙΩΑΝΝΗΝ
2569 1200 2703 1254 ΤΟΝ
2739 1201 3278 1264 ΧΡΥΣΟΣΤΟΜΟΝ.

1244 1503 2026 1618 PHILOTHEI

2206 1509 2386 1619 AT
2409 1507 2820 1622 RIARC
2840 1508 3077 1624 HAE

521 1731 607 1793 IN
652 1727 998 1791 EXIMIOS
1054 1728 1535 1791 PONTIFICES
1591 1727 1689 1789 ET
1735 1729 1971 1791 ORBIS
2023 1729 2465 1794 TERRARUM
2516 1733 2953 1810 DOCTORES,
3003 1736 3377 1800 BASILIUM
3426 1743 3779 1820 MAGNUM,

721 1836 1209 1937 GREGOBIUM
1263 1835 1804 1911 THEOLOGUM,
1843 1837 1946 1900 ET
2000 1836 2368 1899 JOANNEM
2413 1838 3105 1919 CHRYSOSTOMUM,
3149 1843 3597 1913 LAUDATIO.

1786 1984 1883 2051 (Ex
1927 1985 2094 2036 Duczei
2122 1985 2530 2050 Supplementa.)

594 2266 883 2337 Magistros
944 2273 1167 2321 nostros
1242 2263 1498 2334 discipuli
1575 2265 1832 2320 laudibus
1898 2265 2099 2322 effera-

2277 2268 2416 2331 To’:;
2442 2266 2794 2332 διδασκάλους
2814 2269 2975 2340 ήμῶν
2996 2269 3392 2342 ἐπαινέσωμεν·
3403 2275 3536 2339 τοὺς
3559 2278 3788 2351 πατέρας

520 2374 668 2421 mus,
688 2365 945 2427 parentes
963 2355 1124 2410 liberi
1140 2370 1237 2425 pro
1255 2372 1322 2411 eo
1339 2372 1402 2410 ac
1420 2357 1579 2411 decet
1601 2357 1958 2412 honoremus.
1974 2357 2111 2414 Tres

520 2449 883 2521 philosophos
938 2455 995 2502 et
1026 2448 1288 2503 Ecclesiae
1317 2449 1591 2517 sapientes
1634 2459 1801 2519 atque
1833 2460 2105 2523 oratores,

521 2545 786 2602 Ecclesiae
850 2524 968 2610 ﬁlii,
1023 2555 1380 2614 angustaeque
1433 2543 1724 2599 Trinitatis
1786 2545 2112 2600 adoratores

524 2654 628 2709 pro
653 2637 795 2691 virili
831 2636 1303 2692 concelebremus.
1348 2635 1663 2690 Orationem
1698 2636 1833 2691 citra
1886 2645 2111 2691 contro-

523 2729 761 2785 versiam
816 2727 1229 2797 eloquentibus.
1284 2736 1341 2782 et
1398 2728 1646 2782 divinum
1699 2729 1866 2783 simul
1920 2729 2113 2783 buma-

523 2837 769 2891 numque
793 2820 952 2889 λόγον
984 2820 1346 2890 spirantibus,
1376 2835 1568 2875 eorum
1598 2822 1901 2885 auditores,
1929 2831 1984 2875 et
2012 2837 2110 2890 per

521 2931 621 2972 eos
651 2914 973 2971 caelestibus
1020 2911 1215 2966 imbuti
1264 2912 1542 2982 mysteriis
1584 2928 1680 2982 pro
1716 2927 1945 2967 munere
1975 2927 2109 2967 con-

516 3022 852 3062 secremus:
895 3005 1227 3068 orationem,
1270 3020 1381 3058 non
1426 3004 1641 3074 qualem
1695 3004 1800 3074 ipsi
1851 3003 2109 3074 repudia.

521 3103 654 3152 runt
682 3112 744 3151 ac
773 3097 1102 3168 rejecerunt,
1135 3095 1228 3151 sed
1262 3095 1477 3165 qualem
1534 3110 1593 3151 se
1646 3096 1903 3151 dilexisse
1940 3097 2105 3152 iidem

522 3190 802 3246 testificati
839 3198 987 3244 sunt.
1028 3191 1217 3259 Neque
1253 3190 1400 3245 enim
1426 3191 1553 3260 quia
1587 3190 1831 3245 virorum
1871 3192 2104 3245 istorum

520 3284 914 3338 excellentium
952 3283 1287 3352 praestantia,
1318 3291 1374 3338 et
1408 3282 1769 3351 cngitationes
1800 3294 2022 3339 nostras
2050 3293 2107 3340 et

520 3374 745 3431 dicendi
797 3375 1010 3443 copiam
1048 3383 1339 3443 tantopere
1400 3374 1596 3435 vincit,
1646 3383 1707 3429 ut
1763 3390 1830 3428 ne
1865 3375 2104 3429 u'edium

522 3464 746 3534 quidem
781 3466 1178 3533 magnitudinis
1207 3465 1326 3532 ejus
1363 3464 1640 3533 possimus
1674 3465 1971 3535 attingere,
2022 3464 2107 3518 id-

455 3552 462 3558 ”
523 3558 678 3611 circo
711 3556 1189 3626 etiam_silendum
1215 3595 1230 3620 ,
1281 3557 1609 3627 illorumque
1642 3557 1962 3627 praedicatio
2008 3571 2104 3625 pe~

486 3670 491 3675 ι
525 3648 677 3701 nitus
731 3647 1037 3702 recusanda
1070 3657 1196 3701 est:
1231 3647 1364 3716 quin
1416 3654 1537 3702 toto
1577 3657 1803 3717 pectore
1854 3648 2105 3701 anniten-

522 3735 681 3799 dum,
708 3746 769 3789 ut
795 3735 979 3805 pctius
1016 3752 1177 3806 quem
1211 3736 1500 3801 debemus,
1531 3738 1661 3791 hinc
1700 3736 1957 3792 Patribus
2006 3752 2107 3792 no-

522 3829 657 3884 stris
693 3844 935 3883 amorcm
972 3843 1072 3898 pro
1108 3829 1255 3884 virili
1301 3827 1704 3899 persolvamus.
1757 3828 1889 3882 Inde
1934 3828 2107 3898 siqui-

518 3921 649 3979 dem
674 3931 925 3990 apertum
963 3920 1074 3986 ﬁet,
1118 3937 1221 3976 nec
1250 3936 1350 3976 nos
1384 3920 1589 3991 ingenii
1633 3921 1974 3986 excelsitate,
2005 3936 2106 3977 nec

516 4013 850 4083 eloquentia;
879 4013 1091 4067 viribus
1130 4012 1389 4075 conﬁsos,
1414 4026 1606 4065 verum
1632 4011 1737 4066 (ide
1767 4022 2107 4067 tantummo-

521 4106 596 4163 do
651 4115 704 4160 et
736 4105 1000 4159 charitale
1064 4112 1227 4172 atque
1252 4143 1268 4169 ,
1302 4111 1362 4156 ut
1394 4103 1467 4157 ita
1519 4101 1718 4166 dicam,
1766 4102 1885 4172 ipso
1915 4105 2105 4159 debito

518 4198 859 4267 compulsos,
913 4196 997 4252 vel
1049 4197 1226 4264 majus
1274 4194 1550 4263 quoddam
1608 4209 1767 4252 onus.
1809 4210 1972 4265 quam
2006 4212 2105 4266 pro

519 4288 768 4346 imperis
816 4286 1104 4343 sustulisse
1151 4301 1167 4338 :
1217 4283 1440 4354 quando
1512 4292 1568 4339 et
1630 4285 1803 4339 Deum
1880 4286 2103 4354 ipsum,

519 4394 838 4449 quanquam
864 4388 1061 4432 natura
1088 4376 1451 4444 imperatores
1476 4390 1540 4430 ac
1565 4376 1847 4446 principes
1881 4377 2103 4430 univer-

518 4486 611 4529 sos
662 4469 894 4524 inﬁnitis
936 4467 1186 4538 partibus
1238 4467 1619 4532 excedentem,
1673 4477 1735 4521 ut
1788 4483 2099 4536 possumus,

519 4576 871 4625 veneramur,
901 4568 959 4615 et
1022 4576 1147 4629 quae
1197 4569 1521 4630 suppetunt,
1552 4574 1650 4614 seu
1708 4559 1903 4615 obolos
1934 4560 2100 4631 duos,

515 4669 615 4709 seu
643 4653 875 4707 frustum
906 4653 1088 4721 panis,
1125 4666 1221 4706 seu
1277 4652 1507 4706 calicem
1550 4666 1707 4720 aquae
1738 4651 1973 4720 frigidae,
2001 4669 2099 4707 seu

516 4747 678 4814 longe
723 4743 1033 4809 minimum,
1101 4744 1382 4813 quidpiam
1442 4742 1623 4797 eidem
1681 4745 1768 4812 pie
1818 4743 2103 4800 oll‘erimus

517 4854 583 4893 ac
609 4837 869 4890 libamus.
904 4834 1014 4891 Nec
1041 4850 1216 4905 usque
1240 4837 1293 4890 in
1329 4836 1477 4890 hunc
1510 4835 1682 4899 diem,
1708 4847 1804 4890 aut
1852 4836 2099 4890 sordium

2213 2362 2260 2412 οἱ
2294 2361 2478 2424 παῖδες
2506 2362 2648 2414 κατὰ
2677 2360 2841 2432 χρέος
2877 2363 3222 2432 τιμήσωμεν.
3254 2365 3394 2428 Τοὺς
3445 2371 3599 2438 τρεῖς
3648 2370 3788 2439 φιλοο

2214 2452 2411 2521 σόφους
2474 2452 2569 2505 καὶ
2614 2455 2810 2522 σοφοὺς
2856 2454 2956 2523 τῆς
3027 2453 3356 2527 Ἐκκλησίας
3421 2460 3683 2530 ῥήτορας,
3725 2460 3788 2515 τὰ

2211 2547 2376 2598 τέκνα
2402 2545 2502 2616 τῆς
2542 2546 2893 2616 Ἑκκλησίας,
2923 2547 2974 2601 oi
3008 2551 3383 2621 προσκυνηταὶ
3414 2552 3525 2624 τῆς
3557 2555 3787 2626 μεγάλης

2214 2637 2461 2705 Τριάδος,
2496 2638 2635 2690 κατὰ
2663 2635 2894 2707 δύναμιν
2938 2641 3376 2712 εὐφημήσωμεν.
3408 2643 3554 2710 Τοὺς
3613 2648 3791 2715 λόγοις

2211 2730 2324 2791 τοῖς
2350 2728 2519 2792 όνςως
2554 2728 2775 2807 λογίοις,
2809 2732 2903 2783 καὶ
2937 2731 3096 2800 λόγον
3127 2733 3262 2802 ὁμοῦ
3286 2735 3559 2792 πνεύσασι
3614 2740 3706 2792 τόν
3734 2755 3789 2792 τε

2212 2819 2353 2873 θεῖον
2390 2821 2420 2873 ἃ
2432 2838 2506 2889 μα
2536 2820 2748 2875 καὶτὸν
2793 2821 3157 2891 ἀνθρώπινον,
3183 2826 3233 2878 oi
3276 2826 3494 2882 τούτων
3527 2831 3783 2902 ἀκροαταὶ

2211 2915 2307 2965 καὶ
2360 2912 2562 2981 μύσται
2598 2912 2787 2983 Δδῶρον
2844 2916 3246 2987 προσάξωμεν·
3298 2918 3522 2987 λόγους,
3565 2924 3659 2994 οἰχ
3705 2921 3791 2985 οὓς

2211 3004 2463 3076 ἔρριψαν,
2506 3004 2624 3058 ἀλλ’
2686 3005 2897 3077 οὕσπερ
2934 3008 3251 3079 ἠγάπησαν,
3291 3010 3369 3074 ὡς
3427 3014 3590 3068 αὐτοί
3614 3032 3786 3085 φασιν.

2210 3098 2346 3153 Οὐδὲ
2380 3098 2489 3168 γὰρ
2513 3099 2594 3152 ὅτι
2619 3098 2872 3153 τοσοῦτον
2896 3103 2927 3168 ή
2952 3100 3059 3155 τῶν
3091 3094 3346 3171 μεγάλὶυν
3375 3106 3514 3173 ἀξία
3545 3110 3634 3163 τὸν
3664 3108 3792 3177 ἡμέ-

2207 3208 2363 3261 τερον
2387 3188 2700 3260 ὑπερδαίνει
2725 3192 2819 3243 καὶ
2847 3190 2970 3244 νοῦν
3002 3193 3097 3245 καὶ
3117 3192 3297 3259 λόγον,
3311 3194 3387 3258 ὡς
3417 3199 3563 3268 μηδὲ
3587 3200 3792 3270 μετρεῖν

2206 3282 2275 3337 δι’
2303 3281 2605 3351 ὑπερϐολὴν
2634 3281 2832 3346 ἐξεῖναι
2863 3282 2925 3335 τὸ
2958 3284 3143 3351 μέσον,
3176 3286 3269 3339 καὶ
3291 3287 3383 3339 τὸν
3438 3288 3588 3361 ὑπὲρ
3625 3290 3793 3344 αὐτῶν

2206 3373 2339 3441 ἡμῖν
2365 3370 2653 3439 λόγον,καὶ
2681 3367 2779 3439 τὴν
2801 3370 3083 3439 εὐφημίαν
3114 3373 3492 3442 παραιτητέον
3520 3375 3786 3440 καθάπαξ⁹

2205 3464 2327 3516 οὐδὲ
2359 3464 2465 3533 γὰρ
2498 3465 2687 3516 ὅσιον·
2735 3461 2878 3516 ἀλλὰ
2930 3464 3046 3524 τοῖς
3112 3464 3255 3517 κατὰ
3302 3464 3547 3534 δύναμιν
3604 3463 3794 3538 μᾶλλον

2208 3555 2580 3625 ἐγχειρητέον,
2614 3555 2702 3608 ἵνα
2729 3555 2826 3608 καὶ
2875 3554 3079 3625 μᾶλλον
3116 3556 3176 3608 τὸ
3235 3556 3460 3625 φίλτρον
3529 3559 3788 3619 ἐντεῦθεν,

2138 3624 2179 3681 Β
2208 3645 2301 3699 καὶ
2322 3624 2383 3698 τδ
2411 3645 2570 3715 χρέος
2609 3647 2673 3699 ὲκ
2696 3645 2804 3699 τῶν
2841 3624 3091 3711 ἐνόντων,
3123 3648 3235 3710 τοῖς
3257 3648 3543 3720 Πατράσιν
3575 3650 3793 3705 ὲκτίσω-

2211 3752 2332 3805 μεν.
2361 3735 2619 3805 Δείξομεν
2657 3736 2723 3787 ὲκ
2750 3735 2943 3791 τούτου
2994 3738 3090 3791 καὶ
3151 3736 3282 3807 γὰρ,
3304 3737 3379 3801 ὡς
3438 3740 3510 3793 οὐ
3562 3741 3791 3803 διανοίας

2208 3826 2334 3895 ὕψει
2384 3827 2482 3878 καὶ
2529 3825 2693 3893 λόγου
2728 3825 2889 3896 ῥώμῃ
2945 3827 3371 3899 τεθαρρηκότες,
3423 3831 3569 3887 ἀλλὰ
3619 3833 3791 3888 πίστει

2211 3920 2367 3990 μόνῃ,
2400 3916 2495 3970 καὶ
2516 3917 2690 3986 πόθῳ,
2722 3919 2818 3970 καὶ
2840 3916 2919 3987 τῷ
2940 3917 3034 3970 τοῦ
3056 3917 3271 3989 χρέους,
3293 3921 3368 3983 ὡς
3389 3922 3595 3990 εἰπεῖν,
3623 3924 3787 3994 m7-

2206 4009 2432 4075 xa'ant,
2465 4011 2563 4063 καὶ
2620 4012 2734 4071 τοῖς
2757 4009 2859 4079 τὴν
2908 4008 3138 4081 δύναμιν
3198 4013 3791 4083 ὑπερϐαίνουσινηὲπεο

2208 4101 2475 4171 ϐάλομεν⁹
2507 4103 2631 4155 ἐπεὶ
2665 4102 2761 4156 καὶ
2793 4102 2926 4158 Θεὸν
2955 4103 3136 4169 αὐτὸν,
3167 4106 3342 4158 καίτοι
3374 4122 3437 4174 γε
3466 4108 3537 4161 τὸ
3574 4108 3788 4162 πάντων

2209 4193 2436 4263 κράτος,
2498 4193 2596 4247 καὶ⁵
2659 4194 2760 4264 τὴν
2818 4192 2996 4266 ἀρχὴν
3061 4194 3359 4264 ὑπερφυῶς
3423 4198 3575 4251 κατὰ
3634 4197 3789 4266 φύσιν

2206 4285 2534 4356 ἀνηρμένον,
2559 4288 2622 4339 ὲκ
2643 4286 2753 4338 τῶν
2779 4287 3009 4339 ἐνόντων
3054 4286 3329 4356 τιμῶμεν,
3362 4288 3457 4341 καὶ
3504 4284 3583 4345 ὦν
3631 4291 3788 4342 εὐπο-

2209 4377 2412 4447 ροῦμεν
2453 4377 2693 4441 εὐσεὸῶς
2738 4377 3125 4448 ἀπαρχόμεθα.
3159 4379 3264 4433 κᾶν
3299 4380 3476 4434 ὀϐολοὶ
3527 4382 3644 4449 δύο,
3692 4381 3790 4433 κᾶν

2205 4470 2373 4537 ἄρτου
2400 4469 2627 4540 τρύφος,
2662 4469 2765 4524 κᾶν
2796 4472 3057 4540 ποτήριον
3085 4468 3278 4534 ὓδατος
3317 4471 3379 4524 τδ
3410 4475 3790 4544 προσφερόμε-
3816 4467 3824 4479 ’

2205 4580 2294 4615 νον
2353 4557 2444 4632 ἦν,
2481 4562 2584 4617 κᾶν
2615 4562 2676 4615 τὸ
2737 4561 2879 4615 πάνυ
2936 4564 3321 4633 σμικρότατον.
3356 4565 3464 4617 Καὶ
3511 4565 3686 4628 οὐδεὶς
3734 4565 3786 4626 ἐς

2204 4652 2364 4723 δεῦρο
2392 4651 2746 4722 μικρολογίας
2776 4651 2809 4723 ἢ
2834 4651 3110 4722 ῥᾳθυμίας
3147 4653 3311 4716 ἑάλω,
3337 4654 3422 4707 ὅτι
3449 4653 3525 4724 μὴ
3559 4655 3618 4707 τὸ
3650 4654 3784 4722 πρὸς

2205 4745 2383 4812 ἀξίαν,
2417 4744 2555 4798 ἀλλὰ
2588 4744 2650 4798 τὸ
2690 4744 2827 4814 πρὸς
2885 4743 3120 4815 δύναμιν
3171 4744 3343 4814 δήπου
3388 4749 3784 4818 προσήνεγκεν.

2215 4833 2361 4887 Ἀλλ’
2393 4836 2594 4887 ἐκεῖνοι
2620 4834 2824 4904 μᾶλλον
2878 4834 2983 4887 ὑπὸ
3035 4834 3241 4905 μέμψιν
3291 4835 3530 4902 δικαίαν,
3573 4838 3687 4892 ὅσοι
3723 4849 3784 4903 γε

517 4938 612 4987 aut
642 4928 879 4998 torporis
900 4929 1211 4998 postulatus
1236 4939 1320 4983 est
1347 4928 1660 4998 quisquam,
1687 4927 1815 4995 quia
1855 4943 1963 4980 non
1989 4927 2096 4981 ali-

2206 4924 2299 4977 τοῦ
2328 4924 2470 4976 κατά
2496 4924 2729 4992 δύναμιν
2757 4922 2976 4987 ἑκόντες
3012 4924 3265 4995 ἠμέλησα
3278 4944 3320 4979 ν.
3357 4924 3514 4979 Ἐπεὶ
3555 4927 3654 4980 καὶ
3683 4926 3784 4977 τῷν

517 5021 650 5093 quid
693 5034 794 5090 pro
824 5021 1114 5092 dignitate,
1161 5021 1254 5075 sed
1303 5036 1405 5089 pro
1444 5020 1630 5075 recula
1672 5034 1769 5073 sua
1808 5019 2094 5073 obtulerit.

517 5115 598 5170 llli
628 5112 801 5185 magis
832 5113 889 5168 in
927 5112 1421 5183 reprehensionem
1469 5111 1787 5176 incurrunt,
1822 5111 1915 5180 qui
1945 5109 2095 5180 quod

518 5214 796 5275 poterant.
845 5215 1041 5275 sponte
1081 5204 1492 5273 neglexerunt:
1544 5201 1994 5273 quandoquidem
2044 5211 2104 5257 et

486 5298 816 5352 ‘illustrium
851 5298 1083 5353 istorum
1118 5296 1438 5366 praeclarum
1475 5294 1609 5349 illud
1638 5293 1935 5349 consilium
1968 5302 2053 5347 est
2083 5307 2099 5346 :

516 5390 916 5456 In,conspectu
960 5390 1054 5444 Dei
1086 5391 1259 5459 (juxta
1312 5388 1433 5458 ejus
1485 5388 1770 5443 oraculum
1817 5385 2100 5445 videlicet)

516 5498 625 5539 non
671 5497 930 5551 apparere
988 5498 1211 5536 uacuum
1245 5483 1294 5547 ';
1345 5496 1467 5546 uec,
1538 5480 1798 5550 quoniam
1856 5478 1982 5546 quis
2031 5476 2102 5530 ab

516 5571 775 5625 omnibus
825 5570 1181 5640 relinquitur,
1236 5572 1359 5625 ideo
1405 5570 1590 5625 omnia
1640 5568 1973 5637 relinquere,
2006 5565 2102 5620 scd

518 5665 627 5730 hoc
658 5664 879 5733 offerre,
912 5665 982 5720 ad
1019 5665 1124 5720 hoc
1148 5663 1493 5719 ollerendum
1519 5661 1704 5717 animo
1732 5676 1797 5714 ac
1821 5660 2102 5715 voluntate

595 5800 612 5835 ¹
651 5801 822 5869 Exod.
862 5818 1012 5861 xxui.
1056 5801 1143 5857 13.

2212 5016 2465 5086 μεγάλων
2504 5015 2711 5068 τούτων
2762 5017 2942 5068 ἐκεῖνο
3009 5016 3298 5087 θαυμαστὴ
3359 5017 3640 5087 συμϐουλὴ
3694 5017 3785 5069 καὶ

2206 5108 2552 5175 παραίνεσις.
2579 5106 2740 5176 τὸμὴ
2781 5104 2963 5160 κενὸν
2988 5108 3274 5162 ἐναντίον
3300 5108 3553 5176 ὁρᾶσθαι
3609 5105 3778 5169 Θεοῦ,

2210 5202 2349 5252 κατά
2397 5199 2524 5260 τοὺς
2596 5187 2806 5251 ὲέιείνου
2861 5197 3105 5269 δηλονότι
3152 5200 3471 5270 χρησμούς⁹
3524 5200 3665 5271 μηδὲ
3702 5200 3782 5252 ὅτι

2200 5291 2297 5344 τοῦ
2326 5290 2528 5352 παντὸς
2550 5289 2805 5343 λείπεταίι
2830 5307 2936 5354 τις,
2966 5290 3028 5343 τὸ
3051 5292 3159 5344 πᾶν
3213 5290 3484 5346 ἐλλείπειν
3503 5331 3518 5357 ,
3560 5291 3700 5343 ἀλλὰ
3722 5292 3781 5341 τὺ

2205 5380 2303 5447 μὲν
2353 5380 2652 5449 εἰσφέρειν,
2700 5378 2763 5430 τὸ
2805 5377 2863 5430 δὲ
2934 5378 3356 5449 προθυμεῖσθαι,
3412 5377 3558 5449 ὑπὲρ
3592 5377 3659 5452 se
3690 5375 3782 5428 τοῦ

2203 5472 2542 5541 συγγνώμην
2572 5469 2781 5522 δεῖσθαι
2813 5469 3036 5540 δοθῆναι
3093 5473 3160 5541 τῇ
3216 5470 3494 5541 ἀσθενείᾳ,
3557 5466 3789 5521 ἑκαστον

2204 5565 2265 5616 ἐκ
2287 5563 2394 5615 τῶν
2424 5561 2706 5630 παρόντων
2744 5562 3196 5632 καρποφοροῦντα
3231 5562 3351 5633 Θεῷ
3391 5566 3486 5618 καὶ
3561 5559 3673 5613 τῶν
3718 5559 3794 5612 οι⁴

2205 5674 2262 5709 κε
2274 5656 2389 5708 ίων.
