4036 6442
277 484 384 550 769

1346 450 1736 544 nummo
1776 482 2029 546 TRIUM
2071 479 2511 547 DOCTORUM.

3438 482 3549 549 770

272 608 528 672 paratum
576 612 700 655 esse
733 613 749 653 :
784 610 885 669 pro
932 595 1043 651 ltoc
1080 594 1445 652 imbecillitati
1513 602 1734 652 veniam
1789 597 2052 668 rogitare,
2116 608 2173 653 et
2217 611 2671 670 unumquemque
2735 612 2803 653 ex
2847 595 2935 654 ltis
2974 612 3099 669 quae
3122 596 3343 669 propria
3370 599 3549 670 possi-

271 699 389 764 det,
424 697 666 752 fructum
690 695 806 751 Deo
830 693 1112 749 dedicare.

345 755 513 844 ’λλλά
536 788 697 860 δεῦρό
724 807 840 860 μοι,
884 789 995 843 τῶν
1043 788 1310 860 Πατέρων
1357 790 1393 861 ἡ
1452 789 1749 860 θαυμαστὴ
1784 789 1863 861 τῷ

2035 789 2557 862 Adcsdum,igitur,
2614 789 2940 864 admiranda.
2982 805 3114 847 sane
3173 755 3396 847 Patrum
3453 791 3553 846 tri-

274 886 390 942 όντι
421 886 601 957 τριάς,
633 889 681 940 οἱ
707 887 808 958 τῆς
835 885 1084 956 μεγάλης
1106 886 1335 958 Τριάδος
1375 887 1469 940 καὶ
1503 887 1728 957 μύσται,
1767 886 1864 941 καὶ

279 978 444 1051 φίλοι,
476 980 573 1033 xui
641 979 939 1049 ὑπηρέται·
995 977 1135 1048 μετά
1187 978 1313 1042 τοὺς
1375 977 1654 1048 πρώτους,
1696 981 1863 1050 φημὶ,

282 1070 556 1142 μαθητάς,
585 1079 683 1125 xui
733 1069 1036 1140 ὑπηρέτας,
1066 1071 1161 1124 καὶ
1195 1070 1383 1139 φίλους
1439 1069 1534 1124 τοῦ
1571 1070 1743 1138 Λόγου
1768 1084 1783 1101 ⁸
1814 1069 1867 1125 οί

281 1161 648 1232 νυμφαγωγοὶ
673 1161 768 1215 καὶ
794 1160 1043 1232 νυμφίοι,
1079 1162 1177 1216 καὶ
1207 1161 1394 1224 παῖδες
1420 1161 1558 1230 ὁμοῦ
1592 1160 1696 1228 τῆς
1724 1154 1870 1232 ἁλη-’

281 1254 434 1324 θινῆς
473 1253 570 1307 xui
593 1251 816 1323 πρώτης
841 1252 1054 1322 σοφίας,
1090 1252 1160 1324 ἢν
1189 1253 1285 1307 xui
1338 1251 1494 1307 αὐτοὶ
1545 1251 1867 1322 ὲφιλήσατε,

284 1343 428 1399 κατὰ
453 1342 544 1397 τὸν
573 1344 737 1410 σοφὸν
779 1343 1009 1403 ἐκεῖνον,
1039 1343 1136 1396 καὶ
1190 1343 1258 1414 ἠν
1285 1344 1350 1396 ὲκ
1377 1345 1634 1413 νεότητος
1701 1344 1870 1413 ἐκζη-
1911 1403 1925 1415 .

283 1438 546 1508 τήσαντες
569 1477 584 1502 ,
622 1437 763 1506 ὑπὲρ
800 1438 1004 1490 ἐκεῖνον
1029 1435 1234 1506 ταύτην
1265 1436 1444 1500 καλῶς
1478 1438 1573 1491 xui
1603 1438 1873 1507 συνήφθη-

282 1543 343 1582 τε
381 1529 477 1580 xui
505 1526 841 1597 ἡρμόσθητε.
881 1526 1052 1597 Δεῦρο
1080 1527 1371 1600 τοιγαροῦν
1412 1530 1445 1599 ἠ
1479 1530 1577 1601 τῆς
1637 1531 1872 1592 πίστεως

285 1620 378 1672 xui
405 1619 501 1672 τοῦ
531 1621 689 1688 λόγου
744 1618 924 1689 βάσις,
956 1621 986 1673 6
1041 1620 1133 1674 τὸν
1184 1621 1328 1674 θεῖον
1387 1621 1565 1690 λόγον,
1627 1623 1721 1675 xui
1776 1622 1875 1691 τὴν

287 1711 522 1782 πυρίνην
552 1711 736 1782 αῦχῶν
765 1715 1032 1778 γλῶτταν.
1062 1715 1091 1765 6
1118 1714 1211 1767 xui
1234 1712 1432 1784 ψυχὴν,
1474 1717 1568 1768 καὶ
1595 1713 1871 1783 γλῶτταν,
1896 1702 1921 1715 “

286 1804 385 1857 xui
415 1803 586 1858 τᾶλλα
616 1804 796 1857 πάντα
820 1803 1078 1873 χρυσοῦς.
1110 1805 1170 1857 Ei
1220 1806 1313 1859 xui
1349 1805 1424 1876 μὴ
1467 1807 1736 1877 συμφυῖα,
1783 1808 1879 1862 καὶ

288 1897 564 1967 ὁμοτιμία,
596 1897 691 1950 xui
717 1896 932 1960 ἓνωσις,
958 1897 1369 1966 συνεργάσασθέ
1402 1917 1494 1969 μοι
1539 1899 1639 1970 τὴν
1693 1901 1879 1972 κοινὴν

293 1987 445 2057 ὑμῶν
488 1988 789 2058 εὐφημίαν,
825 1989 876 2041 εί
932 1990 1023 2042 xui.
1051 1990 1189 2060 ὑπὲρ
1251 1991 1418 2060 ὑμᾶς,
1454 1991 1592 2063 ὅπερ
1648 1986 1823 2057 εἷπον,
1852 1994 1881 2047 6

294 2079 427 2149 πρὸς
455 2080 589 2142 τοὺς
626 2078 894 2149 μεγάλους
950 2079 1097 2146 ὑμᾶς
1156 2081 1296 2135 κατὰ
1364 2083 1499 2147 πολὺ
1564 2083 1745 2153 λόγος,
1785 2085 1880 2139 xui

294 2168 449 2238 λόγον
499 2169 755 2234 διδόντες,
817 2170 913 2223 xui
970 2168 1207 2233 διανοίας
1267 2171 1586 2241 ἁπτόμενοι.
1618 2175 1710 2226 xui
1780 2173 1880 2244 τὴν

290 2260 542 2329 γλῶτταν
563 2259 810 2332 ἀοράτως
837 2260 1244 2326 ῦποκινοῦντες,
1266 2264 1364 2317 xui
1386 2264 1875 2334 χειραγωγοῦντες,

294 2354 362 2422 τῇ
393 2352 622 2422 δυνάμει
656 2352 748 2405 τοῦ
801 2354 859 2405 ἀν
914 2353 1044 2423 ὑμῖν
1102 2355 1432 2422 πνεύματος.
1471 2356 1618 2409 Ἔδει
1653 2357 1754 2425 μὲν
1785 2352 1879 2411 οὖν

294 2443 439 2498 κατά
466 2461 530 2510 γε
579 2444 672 2497 τὸν
706 2444 974 2516 ὑμέτερον
1030 2445 1212 2518 (ὑπὲρ
1264 2447 1419 2516 ὑμῶν
1465 2448 1642 2501 αὐτῶν
1698 2447 1878 2519 φημι)

298 2535 471 2606 μέγαν
500 2537 598 2590 xui
624 2535 932 2605 σοφώτατον
959 2535 1119 2606 λόγον
1142 2537 1349 2591 ἐκεῖνον
1376 2537 1476 2602 τὰς
1505 2538 1661 2607 ὑμῶν
1690 2542 1883 2612 παρεῖ-

295 2642 385 2682 ναι
416 2630 601 2698 φωνὰς
635 2631 747 2692 τοῖς
781 2623 1024 2684 ἐπαινεῖν
1056 2631 1433 2701 ἐπιχειροῦσιν
1460 2633 1604 2702 ὑμᾶς
1625 2648 1642 2665 ν
1675 2634 1881 2686 ἐκεῖναι

297 2722 390 2774 xui
417 2723 526 2790 γὰρ
557 2721 624 2776 ἂν
656 2723 814 2790 μόναι
843 2722 902 2775 τὸ
955 2723 1092 2792 πρὸς
1141 2721 1298 2787 ἀξίαν
1341 2724 1686 2795 εἰργάσαντο.
1725 2727 1787 2779 Εί
1823 2725 1882 2779 δὲ

302 2810 378 2881 μὴ
400 2810 580 2876 τοῦτο,
613 2813 819 2882 Πέτρον
849 2813 915 2866 ἂν
944 2809 1101 2867 εἷπον
1145 2811 1277 2881 ἐγὼ,
1338 2816 1433 2868 xui
1498 2816 1754 2886 Ἰωάννην
1788 2817 1882 2869 xui

299 2902 533 2970 Παῦλον,
563 2902 661 2972 τὴν
691 2903 885 2972 τριάδα
931 2904 1042 2957 τῶν
1105 2907 1440 2977 κορυφαίων,
1495 2909 1605 2960 τῶν
1647 2907 1882 2978 πρώτων

304 2994 560 3066 μαθητῶν
580 3012 638 3048 τε
661 2995 760 3050 xui
791 2996 1106 3050 ἀποστόλων
1131 2998 1228 3050 τοῦ
1249 2998 1448 3067 Λόγου,
1483 3001 1553 3053 τά
1585 2998 1678 3054 τοῦ
1716 2998 1886 3053 Πνεύ-

305 3102 473 3154 ματος
505 3088 699 3156 πρῶτα
721 3089 817 3140 καὶ
840 3087 1046 3158 δοχεῖα,
1083 3093 1178 3146 xui
1209 3089 1438 3161 ὄργανα,
1469 3089 1658 3144 τοῦτον
1687 3091 1880 3144 ὑπεισ-
1930 3124 1935 3129 -

301 3177 477 3232 ελθεῖν
497 3179 682 3243 ἀξίους
724 3175 866 3232 εῖναι
920 3180 1013 3233 τὸν
1073 3176 1256 3247 ἆθλον,
1289 3183 1381 3235 xui
1412 3185 1526 3246 τοῖς
1577 3183 1882 3254 ὁμοτίμοις,

300 3272 398 3324 xui
434 3272 630 3339 φίλοις,
653 3272 746 3325 xui
776 3273 1161 3341 σπουδασταῖς,
1193 3275 1289 3328 xui
1321 3279 1750 3345 συναγωνισταῖς
1777 3277 1888 3330 τῶν

304 3363 488 3417 αὐτῶν
529 3363 866 3435 κατάλληλον
906 3365 1000 3418 xui
1047 3368 1306 3437 προσφυᾶ
1358 3383 1482 3422 τινα
1541 3367 1732 3434 πλέξαι
1796 3369 1887 3421 τὸν

1966 881 2146 946 nitas,
2205 896 2414 950 magna:
2457 880 2607 935 illius
2641 880 2927 953 Trinitatis
2976 878 3368 952 inysteriorum
3413 872 3551 938 con-

1967 973 2109 1038 scii,
2167 982 2223 1028 et
2277 972 2463 1039 amici,
2527 981 2585 1028 et
2621 971 2858 1027 ministri
2921 990 2935 1027 :
2996 982 3125 1043 post
3180 974 3411 1042 primos,
3466 972 3554 1028 in-

1966 1080 2155 1135 quatn,
2207 1063 2530 1135 discipulos,
2560 1075 2616 1119 et
2653 1063 2957 1128 ministros,
2999 1073 3054 1118 et
3100 1063 3307 1118 amicos
3337 1062 3501 1118 Verbi
3535 1079 3549 1116 :
3624 1084 3627 1087 π

1970 1156 2302 1211 deductores
2330 1171 2568 1226 sponsa,
2600 1165 2656 1211 et
2681 1155 2906 1225 lpsimet
2935 1155 3147 1224 sponsi,
3172 1163 3230 1210 et
3261 1154 3426 1209 simul
3457 1154 3557 1209 lilii

1970 1263 2115 1303 rem
2147 1263 2212 1304 ac
2242 1248 2511 1319 principis
2539 1247 2846 1319 sapientiae,
2878 1262 3041 1318 quam
3079 1256 3135 1301 et
3164 1262 3262 1302 vos
3288 1247 3442 1317 juxta
3467 1263 3559 1302 sa-

1972 1341 2219 1412 pientem
2250 1341 2407 1396 illum
2438 1341 2748 1404 amavistis,
2774 1348 2832 1395 et
2862 1358 2890 1394 a
2935 1339 3226 1410 iuventute
3249 1351 3431 1395 vestra
3459 1354 3558 1395 ex-

1973 1433 2325 1503 quisivistis:
2375 1446 2431 1489 et
2463 1449 2587 1488 cum
2625 1449 2731 1503 qua
2769 1447 2932 1502 supra
2969 1448 3131 1503 quam
3177 1432 3267 1487 ille
3296 1433 3560 1503 praeclare

1976 1527 2258 1596 conjuncti
2289 1535 2347 1582 et
2375 1527 2620 1596 copulati
2654 1526 2810 1581 estis.
2841 1527 3122 1581 Adesdum
3150 1542 3307 1596 ergo,
3346 1525 3474 1580 ﬁdei
3504 1534 3564 1580 et

1976 1619 2245 1674 doctrinae
2288 1634 2458 1675 sacrae
2499 1620 2964 1680 stabilimentum,
3015 1620 3175 1688 cujus
3233 1618 3425 1672 divina
3476 1629 3565 1672 est

1978 1712 2181 1778 oratio,
2212 1718 2270 1767 et
2309 1711 2493 1781 lingua
2530 1710 2713 1781 ignea,
2738 1711 2831 1780 qui
2864 1718 2919 1765 et
2948 1710 3151 1773 anima,
3182 1720 3239 1766 et
3273 1711 3479 1781 lingua,
3508 1721 3566 1766 et

1978 1812 2175 1859 caetera
2229 1803 2414 1858 omnia
2468 1818 2529 1857 es
2577 1817 2801 1859 aureus.
2852 1802 2916 1856 Et
2975 1818 3288 1873 quanquam
3349 1802 3565 1857 nullum

1981 1897 2115 1951 mihi
2142 1896 2425 1951 vinculum
2457 1895 2768 1959 vobiscum,
2803 1911 2907 1950 nec
2951 1895 3128 1949 honos
3171 1911 3292 1965 par,
3326 1910 3427 1950 nec
3459 1895 3567 1949 ulla

1982 1986 2340 2061 conjunctio;
2369 1998 2424 2042 et
2455 2003 2769 2058 quanquam
2796 1986 2867 2042 de
2920 1988 3080 2043 vobis
3105 1997 3212 2041 tam
3243 1987 3568 2042 excellenti-

1985 2084 2086 2138 bus
2112 2081 2250 2137 viris
2283 2080 2541 2135 habenda
2569 2080 2746 2134 oratio
2777 2079 2926 2134 vires
2963 2093 3135 2143 meas,
3172 2086 3233 2131 ut
3262 2077 3400 2143 dixi,
3428 2077 3571 2132 mul-

1987 2186 2100 2229 tum
2134 2182 2383 2242 superat,
2439 2182 2620 2226 tamen
2654 2171 2721 2226 ad
2765 2185 3060 2226 commune
3104 2176 3349 2224 vestrum
3402 2185 3570 2225 enco-

1981 2263 2154 2317 mium
2201 2261 2337 2316 mihi
2392 2260 2790 2331 opitulamini,
2843 2269 2900 2316 et
2951 2259 3233 2330 ingenium
3287 2260 3573 2325 excitate,

1981 2352 2147 2408 verba
2229 2351 2693 2417 subministrate,
2762 2352 3121 2423 linguamque
3182 2351 3569 2421 inaSpectabili

1982 2445 2147 2500 modo
2169 2443 2413 2515 dirigite,
2441 2452 2497 2499 et
2534 2458 2622 2498 me
2665 2443 3047 2511 mauuducite,
3087 2448 3297 2502 virtute
3327 2446 3572 2517 spiritus

1983 2538 2132 2591 illius
2177 2537 2273 2606 qui
2314 2537 2370 2590 in
2406 2536 2567 2591 vobis
2624 2534 2917 2593 habitavit.
2949 2536 3257 2608 Oportebat
3306 2540 3573 2593 nimirum

1983 2630 2052 2684 de
2088 2630 2290 2685 vestris
2318 2629 2582 2684 laudibus
2613 2628 2922 2695 dicturum,
2962 2641 3207 2689 vestram
3233 2648 3456 2703 quoque
3490 2633 3576 2687 in-

1983 2724 2194 2793 signem
2247 2722 2396 2778 illam
2428 2763 2445 2787 ,
2495 2738 2561 2778 ac
2630 2723 2901 2793 sapientia
2952 2724 3221 2780 refertam
3295 2725 3576 2795 eloquen-

1986 2816 2144 2879 tiam,
2206 2824 2534 2885 vestrasque
2580 2831 2748 2871 voces
2800 2815 3045 2883 habere;
3076 2818 3207 2872 sola:
3259 2818 3409 2872 enim
3444 2817 3575 2873 'ilisa

1986 2925 2101 2964 rem
2158 2925 2264 2979 pro
2316 2909 2585 2979 dignitate
2642 2909 3003 2964 conﬁcerent.
3059 2910 3303 2979 Alioqui,
3351 2906 3575 2965 Petrum

1984 3016 2092 3073 ego
2149 3010 2207 3055 et
2241 3001 2558 3065 Joannem,
2608 3008 2666 3053 et
2730 3000 2985 3065 Paulum,
3038 3001 3455 3073 eoryphseorum
3509 3015 3578 3056 ac

1984 3093 2298 3164 primorum
2365 3091 2770 3161 discipulorum
2855 3093 3352 3161 apostolorumque
3417 3091 3580 3147 verbi

1989 3182 2248 3248 triadem,
2284 3181 2531 3251 Spiritus
2560 3183 2740 3236 sancti
2770 3182 3047 3252 praecipua
3082 3183 3363 3238 domicilia
3395 3192 3450 3239 et
3485 3183 3579 3238 in-

1988 3282 2298 3330 strumenta
2324 3274 2660 3328 aﬁirmarem
2690 3290 2793 3345 ego
2824 3275 3023 3345 dignos
3052 3291 3176 3331 esse
3214 3277 3307 3345 qui
3339 3279 3443 3331 hoc
3480 3292 3585 3334 ηε·-

1988 3368 2122 3437 gotii
2177 3366 2551 3435 susciperent,
2583 3375 2641 3421 et
2695 3382 2851 3435 aeque
2897 3366 3206 3431 honoratis,
3262 3368 3478 3432 amicis,
3511 3383 3585 3422 ac'

278 3452 547 3509 .lrrutvov.
595 3449 735 3508 Ἀλλ’
758 3454 882 3508 ἐπεὶ
909 3455 1019 3509 τῶν
1044 3456 1321 3509 ἀδυνάτων
1355 3457 1538 3511 ἐκεῖνα
1588 3459 1682 3512 xui
1727 3458 1887 3530 ὑμεῖς

1990 3455 2256 3512 studiosis
2290 3458 2488 3519 sui,.et
2538 3457 2906 3511 certaminum
2959 3457 3130 3514 sociis
3176 3468 3584 3530 congruentem

306 3545 484 3614 ἐρεῖτε
516 3544 795 3612 καθάπαξ,
849 3547 1172 3617 μετριάσετε
1232 3542 1337 3601 οἶδ’
1377 3548 1460 3602 ὅτι
1489 3549 1585 3602 xui
1639 3551 1708 3603 τά
1756 3549 1887 3618 παρ’

303 3636 465 3706 ἡμῶν
491 3636 680 3707 ἐντελῆ
711 3640 806 3692 xu‘t
863 3640 1075 3709 σμικρὰ
1131 3639 1325 3707 ταῦτα,
1356 3640 1408 3693 οί
1472 3640 1779 3710 συμπαθεῖς
1829 3658 1889 3693 τε

306 3732 403 3782 xui
431 3729 826 3800 φιλάνθρωποι,
853 3733 950 3786 xui
1010 3732 1289 3803 πανταχοῦ
1315 3733 1378 3787 τὸ
1405 3735 1630 3805 μέτριον
1667 3734 1890 3788 ἐπαινέ-

264 3821 282 3836 ⁹
305 3834 501 3882 σαντες
532 3819 721 3885 ὅντως,
744 3822 840 3875 xui
895 3821 1156 3892 Χριστὸν,
1185 3824 1345 3893 εἴπερ
1372 3825 1515 3888 τινὲς
1568 3825 1742 3891 ἄλλοι,
1788 3827 1892 3880 κάν

304 3909 483 3980 τούτῳ
504 3913 834 3982 θαυμαστῶς
868 3915 1263 3985 μιμησάμενοι.
1293 3917 1503 3981 Ἀλλως
1530 3934 1589 3971 τε
1652 3919 1749 3971 καὶ
1809 3919 1893 3972 ὅτι

307 4002 389 4072 μὴ
415 4006 529 4067 τοῖς
555 4004 686 4075 παρ’
720 4006 874 4076 ὑμῶν
902 4005 1081 4060 αὐτῶν
1112 4007 1518 4080 τεθαρρηκότες
1572 4010 1754 4081 ¹ἡμεῖς,
1783 4011 1892 4063 τίσι

310 4095 409 4145 xui
458 4094 565 4164 γάρ
588 4098 683 4150 xui
733 4099 939 4161 ὁποίοις
982 4098 1247 4167 ὲκείνοις;
1285 4101 1421 4154 άλλά
1471 4103 1582 4164 τοῖς
1609 4101 1892 4173 ὑμετέροις

318 4186 533 4256 μᾶλλον,
559 4191 656 4243 xui
708 4189 905 4262 οἷσπερ
967 4192 1125 4246 αὐτοὶ
1178 4192 1312 4246 Θεόν
1363 4209 1421 4246 τε
1476 4193 1573 4247 xui
1630 4191 1895 4263 ἀλλήλους

314 4280 666 4346 προσείπετε,
699 4281 773 4334 τὰ
824 4281 981 4353 ὑμῶν
1012 4283 1142 4353 ὑμῖν
1175 4279 1332 4346 αὖθις
1378 4285 1705 4355 εἰσφέρομεν
1756 4283 1832 4347 ὡς
1859 4284 1897 4354 ἡ

309 4369 561 4441 δύναμις.
588 4372 831 4442 Δηλώσει
861 4372 920 4425 δὲ
944 4373 1039 4427 xui
1100 4374 1133 4428 ό.
1156 4373 1334 4443 λόγος.

382 4637 600 4707 Νόμους
627 4638 728 4708 μὲν
753 4632 849 4690 οὖν
877 4634 1170 4707 ἐγκωμίων
1205 4634 1316 4689 τῶν
1367 4635 1494 4702 ἔξω,
1524 4636 1575 4690 οἳ
1635 4637 1893 4709 πατρίδα,

311 4731 409 4785 xui
468 4732 642 4798 γένος,
667 4732 762 4784 xui
802 4729 1050 4795 πλοῦτον,
1073 4730 1169 4784 xui
1194 4729 1259 4802 δὴ
1287 4730 1383 4784 xui
1409 4729 1661 4798 σώματος
1683 4731 1895 4801 ῥώμην,

1992 3561 2160 3620 atque
2212 3547 2690 3604 accommodatam
2754 3550 3130 3605 laudationem
3191 3560 3577 3608 contexerent.

1996 3642 2197 3696 Verum
2250 3641 2512 3709 quoniam
2572 3640 2629 3695 id
2665 3641 2826 3696 vobis
2878 3657 3104 3714 quoque
3142 3645 3587 3702 assentientibus

1968 3732 2109 3786 'ﬁeri
2144 3747 2371 3802 prorsus
2402 3731 2615 3801 nequit,
2648 3731 2975 3787 tenuitatem
3000 3746 3257 3809 nostram
3293 3736 3588 3793 moderate

1993 3823 2202 3889 feretis,
2265 3833 2351 3878 sat
2386 3825 2525 3890 scio,
2559 3839 2678 3889 vos,
2702 3823 2798 3895 qui
2823 3825 3001 3880 aliena
3027 3826 3246 3881 sentitis
3277 3827 3581 3882 incommo.

1994 3914 2064 3969 da
2092 3932 2106 3969 :
2142 3929 2241 3969 vos
2274 3915 2525 3979 humani,
2556 3924 2613 3970 et
2641 3915 2735 3985 qui
2775 3916 3103 3971 modestiam
3136 3916 3275 3972 locis
3316 3918 3579 3975 omnibus

1997 4022 2191 4063 revera
2222 4008 2682 4074 contmendastis,
2712 4006 3108 4078 Christumque
3146 4009 3199 4063 in
3234 4009 3340 4064 hoc
3389 4010 3588 4076 etiam,

1997 4109 2057 4152 ut
2083 4099 2129 4153 si
2186 4099 2281 4167 qui
2324 4099 2438 4165 alii,
2465 4098 2785 4166 mirandum
2819 4100 2875 4154 in
2913 4100 3140 4155 modum
3190 4100 3387 4157 imitati
3417 4102 3577 4159 estis.

1994 4186 2310 4243 Praesertim
2346 4205 2472 4244 cum
2505 4188 2652 4244 haud
2689 4207 2718 4246 a
2750 4190 2912 4246 nobis
2938 4192 3262 4264 exeogitatis
3295 4203 3352 4248 et
3382 4194 3591 4249 inven-r

1998 4280 2092 4345 tis,
2132 4281 2227 4336 sed
2267 4282 2467 4337 vestris
2498 4282 2687 4352 potius
2720 4282 2789 4338 de
2819 4281 2953 4348 Deo,
2982 4293 3039 4338 et
3070 4284 3215 4340 inter
3242 4300 3336 4340 vos
3365 4300 3596 4341 sermo'

1924 4430 1927 4433 η
2001 4370 2172 4427 nibus
2207 4371 2576 4436 conﬁdentes,
2622 4382 2805 4427 vestra
2842 4371 3004 4427 vobis
3066 4382 3333 4443 quantum
3382 4388 3582 4447 posst:-

1999 4478 2124 4517 mus
2172 4463 2583 4530 retribuamus;
2610 4462 2663 4518 id
2694 4464 2842 4534 quod
2883 4463 3148 4536 deinceps
3187 4467 3366 4525 oratio
3397 4467 3592 4524 declat

1998 4555 2164 4610 rabit.

2045 4646 2246 4717 'Leges
2279 4646 2467 4716 itaque
2494 4655 2551 4701 et
2597 4646 2750 4702 locos
2806 4649 3211 4714 encomiorum,
3266 4667 3297 4707 a
3329 4652 3589 4721 profanis

2002 4738 2222 4795 dicendi
2284 4737 2562 4809 magistris
2625 4740 3000 4810 praescriptos,
3041 4741 3137 4810 qui
3191 4743 3446 4811 patriam,
3486 4760 3582 4814 ge-

313 4822 409 4873 xui
456 4821 816 4887 κά).λος,καὶ
869 4822 939 4874 τὰ
998 4820 1227 4874 τοιαῦτα
1283 4820 1743 4890 περιεργάζεσθαι
1794 4821 1889 4891 πρὶ

2005 4848 2132 4898 nus,
2163 4831 2407 4893 divitias,
2431 4832 2680 4901 corporis
2714 4832 2845 4885 item
2879 4833 3072 4898 robur,
3100 4834 3343 4900 speciem
3381 4812 3585 4892 libera~

312 4915 425 4966 τῶν
452 4913 628 4968 ἄλλων
658 4914 757 4967 xui
807 4912 1286 4982 πολυπραγμονεῖν
1337 4912 1571 4978 ἀξιοῦσι,
1631 4929 1903 4985 παραιτη-

314 5006 437 5059 τέον
499 5006 632 5075 ἡμῖν
688 5003 947 5069 ἐνταῦθα,
1017 5005 1077 5056 οὐ
1137 5005 1300 5075 μόνον
1363 5004 1445 5057 ὃτι
1491 5003 1904 5074 καταφρονηταὶ

316 5097 536 5152 πάντων
562 5094 810 5160 ἐκείνων,
838 5095 935 5148 xui
981 5093 1123 5165 ὑπὲρ
1148 5096 1218 5148 τὰ
1253 5095 1406 5150 κάτω
1434 5095 1529 5148 xui
1573 5094 1667 5148 τὸν
1698 5094 1903 5162 κόσμον

316 5192 366 5245 ei
391 5192 754 5262 ὑπερκόσμιοι
778 5181 924 5242 οῦτοι
941 5202 956 5218 ο
996 5187 1113 5241 ἀλλ’
1142 5188 1225 5240 ὅτι
1247 5187 1381 5258 μηδὲ
1401 5189 1521 5252 ταῖς
1546 5189 1646 5256 μὲν
1668 5190 1904 5258 μορφαῖς

317 5284 414 5337 xui
474 5285 596 5346 ταῖς
649 5282 840 5352 χρόαις
892 5278 1307 5351 δοκιμάζεσθαι,
1355 5282 1500 5334 κατὰ
1552 5280 1664 5334 τῶν
1721 5282 1906 5334 ἵππων

316 5377 444 5440 τοὺς
474 5375 894 5444 εὐγενεστάτους
922 5374 955 5445 ἢ
1008 5373 1388 5441 ἁτιμοτάτους,
1413 5371 1574 5442 ἡμῶν
1595 5372 1651 5424 δὲ
1685 5372 1904 5441 ζωγρα-

319 5467 536 5535 φεῖσθαι
556 5468 671 5529 τοῖς
697 5464 919 5531 ἔξωθεν,
944 5463 1156 5518 δίκαιόν
1178 5480 1235 5516 τε
1301 5465 1399 5517 xui
1460 5464 1735 5533 εὐπρεπὲς
1762 5460 1904 5516 εἶναι

319 5560 541 5629 siuti-toi
570 5559 713 5630 μάλα
737 5558 917 5622 καλῶς
955 5555 1129 5611 εἶπον.
1172 5556 1430 5618 Ἐκείνοις
1459 5556 1515 5608 δὲ
1542 5558 1723 5625 μόνοις
1768 5557 1904 5624 πρὶς

318 5653 418 5722 τὴν
439 5652 717 5722 εὐφημίαν
741 5650 850 5704 τῶν
899 5650 1155 5721 μεγάλων
1204 5648 1315 5702 ἀπὸ
1364 5650 1565 5720 μέρους
1615 5649 1900 5720 γρηστέον,

318 5749 434 5809 τοῖς
460 5746 838 5808 οἰκειοτάτοις,
864 5745 961 5797 xui
1015 5743 1257 5813 γνησίοις
1283 5741 1465 5795 αὐτῶν
1517 5741 1745 5805 τούτων,
1808 5741 1904 5794 xui

321 5833 402 5901 οἷς
422 5838 578 5891 αὐτοὶ
635 5838 760 5899 τοὺς
788 5835 968 5890 αὐτῶν
991 5834 1330 5905 ὁμοτρόπους
1381 5835 1477 5888 xui
1534 5833 1667 5887 Θεοῦ
1690 5832 1898 5902 φίλους,

328 5928 611 6000 μάρτυράς
671 5944 839 6000 φημι,
893 5928 989 5983 xui
1035 5925 1307 5998 Ματέρας,
1363 5926 1459 5981 xui
1521 5925 1898 5992 διδασκάλους,

1999 4925 2132 4987 lem,
2181 4931 2238 4978 et
2293 4922 2495 4978 similia
2530 4923 2752 4978 curiose
2802 4924 2858 4978 in
2891 4925 3089 4994 primis
3146 4925 3479 4997 inquirenda
3529 4940 3586 4985 et

2002 5015 2305 5071 scrutanda
2357 5023 2611 5080 censent,
2661 5015 2717 5069 in
2769 5012 2876 5071 hoc
2914 5029 3242 5088 argumento
3275 5020 3587 5090 praeteribi-

2004 5123 2149 5172 mus,
2185 5123 2292 5162 non
2322 5107 2502 5162 solum
2535 5106 2684 5177 quod
2715 5106 2772 5161 bi
2808 5106 2913 5161 viri
2960 5108 3150 5163 omnia
3192 5110 3284 5164 illa
3323 5111 3590 5182 despexe-

2005 5207 2154 5265 runt,
2183 5213 2416 5268 seseque
2440 5214 2608 5268 supra
2643 5212 2733 5253 res
2764 5198 2986 5254 inﬁmas
3024 5209 3082 5255 et
3114 5215 3281 5269 supra
3314 5185 3591 5258 mundum»

2009 5291 2188 5360 ipsum
2224 5291 2550 5345 extulerunt
2582 5307 2597 5343 :
2638 5289 2734 5345 sed
2771 5290 2918 5360 quod
2953 5291 3195 5361 ipsimet,
3227 5293 3596 5363 quetnadmoc

2008 5383 2139 5437 dum
2169 5396 2344 5451 equos
2376 5379 2837 5451 generosissimos
2883 5392 2978 5436 aut
3008 5382 3435 5454 abjectissituos,
3478 5401 3588 5440 non

2007 5489 2075 5529 ex
2129 5472 2304 5526 l‘ornta
2363 5481 2460 5528 aut
2490 5468 2676 5526 colore
2728 5471 2983 5542 probari;
3032 5473 3106 5528 ita
3156 5490 3260 5529 nec
3307 5474 3597 5530 hominem-

2007 5562 2544 5636 extremisdepingi
2600 5577 2666 5618 ac
2702 5563 2943 5619 describi
2982 5558 3196 5636 justum
3241 5576 3297 5621 ct
3326 5566 3587 5622 decorum

2011 5653 2399 5725 percommode
2464 5642 2825 5724 scripserunt,
2852 5667 2908 5710 et
2960 5656 3027 5711 iis
3064 5657 3333 5713 duntaxat
3391 5658 3459 5713 ad
3495 5670 3590 5713 eo-

2010 5762 2130 5801 rum
2173 5745 2436 5816 praeconii
2482 5756 2692 5816 partem
2734 5747 2973 5817 aliquam
3010 5757 3251 5815 utemur,
3293 5766 3415 5819 quae
3444 5750 3599 5820 ipso-v

2009 5855 2127 5894 rum
2161 5839 2215 5892 in
2253 5837 2446 5909 primis
2486 5838 2708 5908 propria
2743 5849 2797 5893 et
2827 5856 3086 5911 germana
3119 5850 3269 5909 sunt,
3304 5851 3360 5898 et
3388 5842 3598 5913 quibus

2005 5930 2093 5988 sui
2118 5929 2344 5998 similes,
2379 5944 2442 5985 ac
2477 5930 2577 5985 Dei
2615 5930 2850 5998 amicos,
2872 5942 3164 6004 martyres,
3212 5933 3458 6004 inquam,
3490 5934 3588 5989 P..-r
