4036 6464
520 456 633 526 ’1⁸75

1605 440 2034 507 PHILOTHEI
2070 436 2179 504 ΕΡ.
2224 430 2742 501 PATRIARCIUE

3693 444 3784 506 ττι

520 592 652 634 nem
710 571 1108 631 concedamus.
1159 567 1332 623 Iidem
1384 576 1627 632 namque
1705 558 1872 614 simul
1921 554 2155 627 agendi,

2259 551 2321 603 οὗ
2356 551 2517 619 λόγου
2570 550 3098 634 παραχωρήσωμεν.
3150 550 3215 604 Οἱ
3247 551 3401 605 αὐτοὶ
3438 553 3546 625 γὰρ
3583 554 3671 607 καὶ
3707 556 3788 610 τοῦ

520 672 613 728 illa
648 677 705 724 et
761 663 1074 737 explicandi
1106 658 1365 731 exquisiti
1398 662 1766 727 praeceptores
1787 659 1842 706 et
1872 649 2117 705 artiﬁces

520 771 690 827 sunt;
750 775 856 814 nec
908 759 1017 823 erit
1078 768 1358 824 unquam,
1405 750 1665 820 quicum
1723 746 1860 816 ipsis
1893 743 1963 799 de
2017 745 2120 797 hae

521 856 705 928 palma
745 851 1068 908 contendat.
1107 847 1433 915 Cuicunque
1501 841 1670 907 igitur
1717 837 1986 907 contigit,
2020 850 2118 906 per

526 947 801 1001 rationem
828 952 885 997 et
915 936 1465 1009 contemplationem,
1490 941 1716 987 terrena
1741 929 1909 995 mole,
1934 939 1987 981 et
2019 928 2123 983 hac

523 1055 723 1095 carnea
757 1040 930 1100 nube,
983 1036 1100 1090 sive
1146 1039 1465 1103 tegumento
1504 1026 1809 1099 perruptis,
1846 1038 1972 1078 cum
2008 1023 2121 1077 Deo

522 1131 770 1193 versari,
829 1127 1252 1200 puriSsimzeque
1306 1118 1454 1184 luci,
1513 1134 1615 1191 pro
1647 1127 1811 1188 captu
1868 1116 2123 1171 humana:

522 1236 758 1287 naturae,
797 1217 1175 1278 commisceri,
1209 1214 1301 1269 hic
1344 1214 1543 1268 beatus
1573 1222 1695 1275 est;
1726 1218 1783 1265 et
1816 1209 1947 1280 quia
1991 1208 2125 1263 hinc

524 1329 741 1370 sursum
775 1310 1044 1373 ascendit,
1079 1315 1135 1363 et
1189 1307 1315 1378 quia
1380 1304 1512 1360 inde
1560 1301 1967 1358 deiﬁcationem
2029 1314 2127 1353 na-

525 1416 647 1461 ctus
701 1413 828 1468 est,
883 1415 1048 1472 quam
1118 1399 1400 1453 sincerum
1471 1393 1840 1466 philosophiae
1879 1391 2122 1447 studium

524 1497 831 1560 conciliat,
890 1492 1207 1560 mentisque
1263 1503 1434 1558 supra
1500 1497 1783 1542 terrenum
1847 1483 2125 1539 binarium

523 1603 626 1643 eve
640 1589 782 1651 ctio,
812 1594 1044 1657 propter
1069 1599 1191 1638 eam
1215 1623 1231 1649 ,
1265 1596 1431 1651 quam
1470 1579 1526 1634 in
1554 1577 1826 1632 Trinitate
1858 1576 2126 1632 unitatem

526 1678 916 1749 intelligimus.
958 1675 1062 1742 Qui
1131 1684 1318 1727 autem
1374 1672 1446 1726 ob
1514 1670 1710 1724 animae
1740 1684 1864 1724 cum
1898 1680 2131 1738 corpore

526 1771 986 1843 coniunctionem
1041 1768 1223 1824 factus
1261 1766 1531 1829 deterior,
1575 1766 1801 1832 lutoque
1842 1770 2133 1830 tantopere

526 1865 834 1935 implicitus
866 1863 1063 1926 haeret,
1097 1869 1159 1913 ut
1209 1872 1311 1914 nec
1356 1856 1607 1911 veritatis
1638 1856 1826 1908 lumen
1881 1851 2129 1915 intueri,

2222 646 2490 717 πράττειν
2517 643 2680 713 ὁμοῦ,
2724 629 2945 697 καὶτοῦ
2989 643 3172 714 λέγειν
3215 647 3402 699 ἐκεῖνα
3440 646 3793 718 καθηγεμόνες

2220 737 2472 809 ἀκριϐεῖς
2502 737 2599 789 καὶ
2623 737 2885 806 τεχνῖται,
2908 739 3002 789 καὶ
3032 736 3210 801 οὐδεὶς
3233 736 3333 791 οὐκ
3361 739 3427 793 ἀν
3449 755 3577 792 ποτε
3606 738 3795 805 τούτοις

2221 833 2351 899 περὶ
2372 831 2580 883 τούτων
2602 821 3285 902 ἀμφισϐητήσειεν.⁷ῼτινι
3311 830 3409 902 μὶν
3426 827 3520 885 οὖν
3540 830 3797 898 ἐξεγένετο

2220 922 2308 976 διὰ
2324 922 2488 988 λόγου
2516 921 2613 975 καὶ
2630 920 2865 992 θεωρίας
2895 920 3173 992 διασχόντι
3198 922 3295 993 τὴν
3322 920 3477 993 ὕλην,
3492 923 3582 977 καὶ
3599 923 3656 976 τὸ
3679 940 3795 994 σαρ-

2222 1016 2378 1068 κικὸν
2400 1014 2578 1079 τοῦτο,
2613 1013 2724 1067 εἴτε
2746 1014 2908 1083 νέφος
2939 1014 3046 1084 χρὴ
3076 1013 3278 1083 λέγειν,
3295 1016 3405 1069 εἴτε
3427 1017 3799 1088 προκάλυμμα,

2224 1107 2346 1180 Θεῷ
2375 1106 2763 1175 συγγενέσθαι,
2786 1108 2884 1161 καὶ⁵
2910 1107 2989 1176 τῷ
3017 1110 3476 1181 ἀκραιφνεστὼτῳ
3510 1113 3646 1182 φωτὶ
3682 1130 3802 1184 κραο

2227 1199 2411 1268 θῆναι,
2452 1197 2692 1252 καθόσον
2712 1199 2939 1267 ἐφικτὸν
2960 1197 3286 1272 ἀνθρωπίνῃ
3322 1200 3488 1270 φύσει
3510 1239 3528 1265 ,
3559 1195 3802 1272 μακάριος

2225 1286 2383 1354 οὗτος
2411 1290 2514 1361 τῆς
2554 1307 2614 1342 τε
2654 1291 2907 1344 ἐντεῦθεν
2952 1291 3292 1360 ἀναϐάσεως,
3313 1294 3409 1347 καὶ
3465 1295 3562 1365 τῆς
3609 1296 3802 1349 ἐκεῖθεν

2228 1383 2482 1446 θεὼσεως
2524 1383 2597 1453 ἥν
2627 1382 2705 1454 τῷ
2730 1384 2975 1455 γνησίως
3006 1385 3373 1456 φιλοσοφῆσαι
3405 1388 3703 1459 χαρίζεται,
3725 1390 3806 1443 καὶ

2227 1479 2288 1531 τὸ
2313 1477 2456 1546 ὑπὲρ
2473 1475 2574 1547 vim
2606 1476 2801 1549 ὑλικὴν
2834 1477 3092 1545 γενέσθαι
3120 1478 3310 1544 δυάδα,
3329 1479 3420 1533 διὰ
3446 1481 3544 1552 τὴν
3566 1482 3621 1535 ἐν
3641 1481 3805 1552 Τριάδι

2232 1569 2533 1638 νοουμένην
2560 1569 2815 1638 ἑνότητα.
2841 1563 3032 1633 ’σατις
3062 1569 3121 1625 δὲ
3150 1570 3256 1624 ὑπὸ
3296 1571 3397 1642 τῆς
3435 1572 3688 1642 συζυγίας
3711 1572 3807 1641 xei-

2242 1680 2353 1731 ρων
2375 1662 2615 1729 ἐγένετο.
2630 1663 2726 1716 καὶ
2744 1663 3000 1719 τοσοῦτον
3018 1664 3096 1735 τῷ
3120 1666 3279 1736 πηλῷ
3316 1667 3635 1740 συνεσχέθη,
3650 1667 3717 1731 ὡς
3746 1666 3807 1737 μὴ

2234 1749 2539 1820 δυνηθῆναι
2570 1751 2843 1822 tamen
2884 1754 3023 1825 πρὸς
3062 1756 3165 1821 τὰς
3193 1759 3294 1828 τῆς
3333 1757 3595 1830 ἀληθείας
3634 1758 3808 1825 αὐγὰς,

2241 1844 2378 1915 μηδὲ
2404 1844 2547 1916 ὑπὲρ
2574 1845 2642 1899 τὰ
2685 1845 2840 1901 κάτω
2888 1848 3174 1916 γενέσθαι,
3206 1850 3452 1919 γεγονὼς
3486 1851 3710 1918 ἀνωθεν,
3732 1851 3810 1904 καὶ

530 1931 636 2012 ιιεᾶ
667 1971 835 2025 supra
863 1954 979 2009 haec
1008 1952 1198 2007 inﬁma
1228 1967 1287 2006 se
1309 1949 1563 2005 attollere
1586 1946 1788 2007 valeat,
1819 1957 2135 2015 quanquam

2259 1937 2381 2008 πρὸς
2419 1939 2489 1993 τὰ
2544 1939 2659 1994 ἀνω
2717 1939 3078 2010 καλούμενος,
3107 1941 3293 2007 ἅθλιος
3359 1940 3515 2009 οὗτος
3563 1945 3679 2014 ἐμοὶ
3728 1944 3811 2013 τῆς

529 2050 771 2120 desuper
824 2046 1134 2111 oriundus,
1188 2054 1244 2100 et
1290 2043 1356 2098 ad
1420 2056 1662 2111 superna
1728 2047 2000 2099 vocatus,
2044 2037 2137 2091 hic

2259 2030 2598 2099 ιυφλώσεως,
2638 2032 2744 2088 κᾶν
2785 2035 2951 2105 εὐροῇ
2994 2037 3107 2099 τοῖς
3157 2036 3432 2092 ἐνταῦθα·
3471 2038 3567 2091 καὶ
3602 2036 3813 2105 τοσούτῳ

534 2142 675 2197 mihi
712 2141 782 2195 ob
815 2140 1118 2194 ca-citatein
1152 2136 1378 2191 videtur
1418 2134 1611 2197 miser,
1644 2131 1861 2187 tametsi
1915 2129 2155 2192 caducis,

2259 2120 2437 2186 πλέον,
2468 2121 2690 2193 ὅσῳπερ
2708 2122 2776 2177 ἂν
2813 2123 3017 2193 μᾶλλον
3044 2125 3150 2178 ὑπὸ
3174 2126 3279 2194 τῆς
3309 2128 3531 2198 εὐροίας
3556 2127 3813 2198 παίζηται,

530 2232 965 2290 circumduxerit
1008 2248 1022 2283 :
1083 2239 1347 2298 tantoque
1379 2226 1659 2290 miserior,
1707 2234 1919 2292 quanto
1957 2221 2140 2291 magis

2259 2214 2347 2267 Ital.
2381 2212 2644 2283 πείθηταί
2672 2231 2726 2267 τι
2770 2214 2901 2301 ἄλλο
2931 2216 3098 2272 καλὸν
3117 2214 3257 2273 εῖναι
3292 2221 3404 2290 πρὸ
3433 2220 3526 2275 τοῦ
3553 2220 3711 2283 ὅντως
3729 2236 3814 2274 κα·

534 2329 705 2383 rebus
735 2327 802 2381 ad
846 2325 1190 2380 voluntatem
1245 2319 1551 2375 ﬂuentibus
1580 2318 1845 2382 delusus,
1887 2325 1944 2369 et
1990 2311 2141 2368 aliud

2259 2304 2363 2369 toﬁ,
2391 2306 2628 2376 πονηρὸν
2664 2308 2909 2377 πονηρᾶς
2955 2306 3120 2379 δόξης
3156 2311 3378 2380 καρπὸν
3414 2312 3753 2383 δρεπόμενος,
3782 2311 3810 2380 ἧ

534 2422 740 2476 bonum
788 2433 921 2473 vero
967 2417 1116 2472 bono
1161 2413 1518 2485 praestantius
1548 2412 1778 2465 credere
1809 2408 1862 2462 in
1894 2406 2138 2460 animum

2259 2399 2413 2467 ’ζόφον
2445 2400 2874 2472 κατακριθῆναι,
2908 2402 2941 2473 ἢ
2986 2403 3065 2467 ὡς
3087 2402 3201 2475 πῦρ
3236 2405 3396 2471 ἰδεῖν,
3422 2406 3481 2459 ὃν
3502 2405 3575 2469 ὡς
3603 2405 3709 2475 φῶς
3731 2404 3814 2457 οὐκ

536 2511 864 2576 induxerit;
904 2509 1112 2564 malum
1146 2507 1340 2576 utique
1378 2504 1533 2559 mala:
1556 2501 1856 2573 .opinionis
1892 2500 2134 2553 fructum

2259 2490 2528 2561 ιγνὼρισε.
2555 2493 2741 2547 Ταῦτα
2761 2494 2963 2564 ὀλίγοις
2988 2497 3110 2563 μὲν,
3138 2498 3328 2568 φησιν,
3349 2498 3705 2569 ἑφιλοσοφήθη
3734 2498 3814 2549 καὶ

536 2616 799 2671 carpens,
843 2609 904 2655 ut
956 2608 1052 2654 aut
1090 2595 1336 2683 tenebris
1366 2594 1686 2655 damnetur,
1711 2598 1808 2644 aut
1842 2598 1903 2643 ut
1953 2589 2134 2658 ignem

2259 2583 2349 2683 :Giv
2377 2583 2474 2638 νῦν
2495 2585 2593 2639 καὶ
2625 2586 2739 2639 τῶν
2768 2588 2936 2642 πάλαι
2964 2588 3155 2658 (ὀλίγοι
3182 2591 3293 2662 γὰρ
3308 2593 3366 2645 οῑ
3385 2592 3478 2646 τοῦ
3507 2592 3659 2661 Θεοῦ,
3684 2590 3820 2652 καίει

539 2694 746 2758 videat,
776 2707 942 2762 quem
973 2699 1035 2745 ut
1060 2691 1244 2744 lucem
1279 2678 1391 2741 non
1427 2685 1679 2754 agnovit.
1702 2680 1829 2736 Haec
1856 2696 1965 2735 non
1996 2678 2139 2733 mul-

2259 2678 2446 2742 πάντες
2491 2679 2811 2750 πλάσματα)
2850 2682 3193 2753 νομοθέταις,
3249 2690 3601 2758 στρατηγοῖς,
3624 2684 3821 2766 ἱερεῦσι,

427 2858 431 2863 .
540 2788 637 2852 tis,
665 2786 868 2855 inquit,
902 2794 1013 2838 tam
1046 2790 1255 2837 nostra:
1282 2778 1462 2834 :etatis
1497 2791 1661 2847 (tuam
1695 2776 1899 2829 veteris
1932 2786 2143 2827 memo-

2259 2771 2575 2841 προφήταις,
2615 2775 3034 2844 εὐαγγελισταῐς
3056 2816 3073 2843 ,
3108 2779 3461 2847 ἀποστόλοις,
3494 2781 3719 2852 ποιμέσι,
3744 2776 3824 2831 καὶ

542 2881 639 2934 rire
669 2876 997 2933 hominibus
1043 2872 1229 2929 studio
1267 2871 1498 2926 fuerunt
1532 2867 1718 2938 (pauci
1770 2865 1976 2936 quippe
2017 2870 2149 2918 sunt

2259 2863 2620 2933 διδασκάλοις,
2665 2868 2833 2922 παντὶ
2879 2869 3240 2941 πνευματικῷ
3298 2870 3669 2943 πληρώματιο
3702 2867 3821 2924 ἑνδὲ

541 2971 664 3037 Dei,
686 2970 818 3025 licet
844 2982 1040 3023 omnes
1062 2965 1240 3036 ipsius
1266 2962 1525 3034 ﬁgmenta
1554 2960 1686 3028 sint)
1714 2955 2149 3029 legislatnribus,

2253 2957 2366 3019 τοῖς
2402 2958 2538 3010 πᾶσι
2578 2959 2674 3013 καὶ
2734 2962 2852 3025 τοῖς
2897 2959 2994 3014 νῦν
3034 2962 3460 3034 ἐπαινουμένοις
3510 2964 3662 3035 είπερ
3709 2961 3820 3015 τισί.

540 3068 673 3124 belli
719 3065 981 3131 ducibus,
1031 3060 1442 3124 sacerdotibus,
1512 3057 1821 3128 prephetis,
1877 3053 2253 3126 evangelistis,
2294 3056 2578 3124 apostolis,
2634 3058 2984 3127 pastoribus,
3020 3060 3121 3115 toti
3168 3060 3446 3132 spirituali
3483 3059 3675 3129 cretui;
3705 3058 3823 3115 inter

548 3177 745 3220 omnes
774 3175 911 3217 vero
956 3159 1047 3215 his
1069 3162 1264 3223 etiam,
1318 3164 1379 3210 ut
1408 3153 1617 3210 nemini
1649 3153 1824 3223 magis
1845 3192 1862 3218 ,
1890 3151 1959 3207 de
1984 3164 2246 3221 .quorum
2280 3150 2543 3208 laudibus
2567 3169 2719 3209 nunc
2744 3154 3109 3212 disseremus.

614 3315 744 3372 Haec
807 3330 931 3370 mea
999 3323 1107 3383 cst.
1141 3313 1532 3384 theologorum
1593 3310 1845 3374 trinitas,
1905 3306 2155 3363 Basilius.

2349 3308 2570 3364 Τούτων
2598 3312 2632 3382 ἡ
2669 3311 2778 3382 ἐμὴ
2830 3311 2942 3366 τῶν
2976 3312 3245 3379 θεολόγων
3267 3319 3452 3386 τριὰς,
3478 3313 3737 3378 Βασίλειός
3776 3325 3828 3366 τε

543 3409 790 3465 Joannes
853 3418 909 3462 et
953 3405 1273 3477 Gregorius.
1308 3404 1464 3460 Haud
1520 3403 1670 3459 enim
1708 3398 2030 3455 timebimus
2064 3396 2152 3451 vel

546 3516 646 3556 eos
683 3500 778 3569 qui
806 3510 959 3567 ante,
993 3499 1081 3552 vel
1128 3511 1223 3552 eos
1255 3497 1351 3568 qui
1399 3505 1530 3567 post
1583 3494 1686 3549 hos
1739 3500 2152 3546 numerantur:

552 3591 649 3662 qui
678 3591 754 3645 ita
781 3591 931 3645 inter
966 3603 1026 3644 se
1053 3589 1289 3655 haerent,
1323 3597 1433 3642 tam
1470 3595 1600 3641 sunt
1629 3583 1949 3648 unanimes,
1986 3581 2157 3636 clari-

551 3692 777 3752 tateque
808 3691 865 3736 et
910 3681 1137 3736 virtutis
1183 3680 1402 3735 honore
1450 3692 1639 3749 pares.
1672 3675 1807 3742 Quae
1864 3689 1989 3728 cum
2034 3674 2160 3729 aliis

557 3776 799 3831 certavit
827 3817 840 3841 ,
876 3790 1001 3830 cum
1034 3774 1158 3829 aliis
1186 3772 1384 3829 eodem
1410 3783 1647 3826 numero
1673 3767 1863 3822 habita
1883 3776 1989 3829 est,
2019 3766 2159 3821 alios

555 3868 863 3938 superavit,
892 3866 1128 3933 nemini,
1161 3875 1222 3920 ut
1253 3879 1356 3933 ego
1388 3859 1594 3923 sentio,
1622 3859 1830 3929 primas
1863 3856 2158 3912 concessit.

555 3961 624 4015 Et
657 3959 894 4015 aliorum
927 3957 1154 4028 quidem
1204 3967 1519 4010 sermonem
1552 3959 1612 4007 et
1643 3949 1988 4011 doctrinam,
2025 3947 2162 4002 alio-

557 4070 683 4111 rum
713 4057 990 4109 actionem
1020 4049 1264 4121 perfecte
1303 4052 1742 4117 expresserunt:
1774 4043 1997 4097 illorum
2028 4042 2160 4096 item

558 4144 1073 4209 mansuetudinem,
1097 4143 1298 4197 horum
1321 4139 1525 4200 zelum,
1545 4136 1785 4190 aliorum
1811 4133 2160 4199 discrimina,

563 4239 939 4310 quorumdam
996 4236 1192 4307 plura,
1249 4230 1648 4287 nonnullorum
1723 4228 1906 4283 omnia
1964 4224 2163 4281 imitati

516 4403 524 4416 ι
560 4344 716 4389 sunt.
761 4332 832 4385 Et
863 4328 1013 4385 aliud
1044 4327 1116 4383 ab
1163 4326 1273 4380 alio
1304 4323 1515 4379 bonum
1542 4329 1856 4387 sumentes,
1892 4319 2041 4385 sicut
2069 4317 2165 4388 qui

565 4426 773 4480 formas
794 4422 1097 4478 scitissime
1118 4418 1378 4490 pingunt,
1409 4414 1634 4471 dicendi
1651 4413 1883 4485 peritos,
1922 4412 2163 4477 actione,

565 4529 787 4573 rursum
824 4517 883 4569 in
942 4511 1158 4584 agendo
1225 4510 1586 4574 exercitatos,
1618 4506 1936 4576 eloquentia
1976 4512 2034 4560 et
2068 4503 2167 4558 do-

568 4606 753 4661 ctrina
772 4614 898 4677 post
920 4619 981 4660 se
1002 4602 1371 4672 reliquerunt.
1394 4598 1503 4653 Aut
1527 4598 1573 4652 si
1599 4597 1794 4663 mavis,
1814 4595 1883 4650 ab
1908 4595 2169 4664 eloquen-

569 4701 644 4756 tia
674 4699 1004 4761 celebratos,
1030 4693 1370 4765 eloquentia,
1418 4690 1637 4746 actione
1663 4700 1849 4744 autem
1876 4688 1932 4741 in
1960 4685 2174 4758 agendo

573 4791 914 4847 excellentes
955 4785 1267 4857 antegressi
1303 4795 1468 4849 sunt,
1503 4793 1559 4837 et
1589 4784 1645 4836 in
1698 4790 1937 4849 utroque
1966 4778 2181 4832 inedio-

571 4901 718 4947 cres,
779 4879 1009 4937 alterius
1060 4879 1381 4949 praestantia
1436 4880 1821 4946 superarunt:
1881 4875 1937 4925 in
2004 4870 2182 4924 altero

574 4986 758 5030 autent
788 4973 1140 5033 eminentes,
1193 4970 1299 5024 hoc
1350 4968 1474 5039 ipso
1522 4971 1976 5037 prmeurrerunt,
2034 4958 2183 5029 quod

574 5064 849 5119 ambobus
893 5061 1165 5130 singulari
1192 5061 1357 5115 modo
1388 5060 1473 5113 usi
1509 5066 1663 5112 sunt.
1706 5055 1775 5109 Et
1813 5069 1947 5108 sane
1979 5065 2181 5105 novum

576 5156 932 5215 miraculum,
978 5152 1242 5221 omnique
1284 5151 1541 5205 oratione
1580 5148 1841 5217 superius
1868 5158 1967 5199 eos
2001 5140 2180 5195 nomi-

578 5246 795 5303 nandos
824 5246 1087 5301 arbitror.
1108 5244 1255 5313 quod
1284 5242 1510 5297 miriﬁce
1528 5240 1777 5296 omnium
1819 5250 1980 5290 aures
2012 5243 2179 5303 atque

581 5336 759 5392 animi
791 5336 1208 5404 obstupescant.
1252 5334 1487 5403 Propter
1521 5332 1638 5384 haec
1667 5342 1889 5397 nempe,
1924 5326 2088 5379 Petro
2124 5331 2181 5377 ct

583 5427 782 5493 Paulo,
809 5436 865 5482 et
895 5428 1024 5482 ﬁliis
1061 5427 1290 5482 tonitrui
1358 5437 1667 5491 eorumque
1726 5419 1891 5474 sociis
1932 5416 2055 5472 illos
2084 5414 2184 5470 ad-

582 5522 870 5577 numerari
894 5520 1109 5591 :equius
1146 5521 1357 5585 fuerit,
1394 5532 1575 5592 aquam
1634 5513 1777 5568 alios
1818 5523 2186 5581 quoscunque

583 5613 792 5669 Christi
823 5613 1167 5684 discipulos;
1196 5628 1261 5667 ac
1291 5619 1518 5680 propter
1543 5607 1645 5660 hos
1689 5612 1816 5657 ante
1843 5601 1981 5654 alios
2019 5612 2193 5668 quos-

589 5721 838 5777 cunque,
863 5706 1189 5768 Christum,
1223 5713 1351 5774 post
1381 5701 1623 5756 reditum
1662 5698 1728 5752 ab
1761 5693 1955 5748 inferis
1992 5692 2048 5746 in
2083 5703 2196 5745 cre-

588 5797 705 5856 lum
755 5802 1196 5873 proﬁciscentem
1254 5798 1460 5853 dixisse
1517 5788 1947 5848 existimandum
1992 5803 2007 5840 :

591 5910 685 5969 ego
725 5898 985 5954 vobiscum
1036 5910 1155 5951 sum
1209 5891 1451 5949 omnibus
1491 5886 1676 5941 diebus
1704 5924 1720 5951 ,
1754 5895 1919 5951 usque
1948 5884 2016 5934 ad
2064 5893 2189 5932 con-

2204 3474 2206 3477 λ
2266 3402 2363 3456 καὶ
2405 3404 2688 3475 Ἰωάννης,
2719 3404 2816 3458 καὶ
2861 3404 3167 3476 Γρηγόριος
3227 3406 3385 3479 ἅμα*
3449 3411 3567 3463 οὐδὲ
3614 3409 3712 3478 γὰρ
3746 3406 3829 3473 τὴν

2263 3494 2679 3566 προαρίθμησιν
2708 3497 2803 3550 καὶ
2831 3497 2931 3568 τὴν
2968 3499 3357 3571 ὑπαρίθμησιν
3386 3502 3631 3573 δείσομεν
3652 3502 3706 3554 ἐν
3734 3500 3826 3562 τοῖς

2260 3590 2536 3659 συμφυὲσι
2584 3591 2681 3643 καὶ
2724 3590 3044 3661 ὁμοψύχοις,
3106 3595 3199 3647 καὶ
3253 3594 3356 3665 τὴν
3400 3597 3557 3664 δόξαν
3618 3596 3702 3648 καὶ
3747 3594 3827 3659 τὴν

2258 3680 2462 3753 ἀρετὴν
2483 3682 2768 3753 ὁμοτίμοις
2786 3699 2802 3715 ·
2822 3685 2935 3746 τοῖς
2963 3682 3065 3752 μὲν
3084 3685 3387 3760 ἡμιλλήθη,
3413 3694 3525 3753 τοῖς
3560 3687 3613 3740 δὲ
3640 3701 3831 3755 συνηριο

2261 3774 2613 3846 θμήθη,τοὺς
2640 3777 2698 3830 δὲ
2722 3778 2815 3833 καὶ
2842 3778 3173 3851 ὑπερέσχεν’
3206 3781 3515 3853 ἀπελείφθη
3546 3782 3598 3836 δὲ
3624 3780 3829 3839 οὐδενὸς,

2261 3861 2337 3925 ὡς
2358 3863 2471 3931 ὲγὼ
2502 3881 2666 3934 φημι,
2681 3868 2791 3918 τῶν
2823 3865 2923 3936 μὲν
2959 3866 3053 3921 τὸν
3090 3867 3269 3937 λόγον,
3299 3871 3410 3925 τῶν
3453 3870 3510 3926 δὲ
3543 3872 3637 3942 τὴν
3661 3866 3830 3938 πρᾶξιν

2263 3959 2340 4020 εἰς
2385 3956 2555 4027 ἄκρον
2589 3958 3021 4028 κατωρθωκότες
3042 3974 3058 3990 ·
3086 3960 3200 4013 τῶν
3221 3960 3278 4015 δὲ
3338 3963 3401 4015 τὸ
3437 3965 3628 4035 πρᾶο-ι,
3661 3959 3757 4014 τῶν
3784 3957 3830 4032 δι

2266 4050 2357 4101 τόν
2390 4047 2574 4119 ζῆλον,
2611 4051 2724 4103 τῶν
2756 4050 2815 4104 δὲ
2840 4052 2966 4115 τοὺς
2999 4052 3299 4119 κινδύνους,
3324 4056 3437 4110 τῶν
3488 4056 3544 4110 δὲ
3575 4054 3640 4109 τὰ
3667 4051 3828 4114 πλείων

2264 4141 2374 4195 τῶν
2399 4143 2455 4195 δὲ
2485 4143 2723 4199 ἅπαντα.
2754 4144 2865 4198 Kal.
2901 4146 3030 4200 ἄλλο
3060 4147 3159 4201 ἀπ’
3185 4146 3348 4202 ἄλλου
3379 4149 3571 4214 κάλλος
3589 4146 3829 4207 λαϐόντες,

2267 4231 2459 4305 ὥσπερ
2505 4236 2554 4288 oi
2589 4235 2688 4299 τὰς
2744 4238 2963 4307 μορφὰς
3015 4238 3135 4309 μεθ’
3172 4241 3480 4312 ὑπερϐολῆς
3539 4241 3827 4309 γράφοντες,

2270 4327 2366 4381 καὶ
2410 4328 2540 4390 τοὺς
2594 4328 2692 4397 μὲν
2743 4329 2805 4382 ὲν
2856 4329 3003 4397 λόγῳ
3049 4329 3260 4396 δεινοὺς
3299 4337 3368 4403 τῇ
3395 4333 3614 4405 πράξει,
3647 4332 3759 4392 τοὺς
3785 4325 3830 4379 δὲ

2275 4418 2622 4487 πρακτικοὺς
2643 4417 2720 4485 τῷ
2743 4416 2890 4488 λόγῳ
2919 4422 3280 4488 νικήσαντεςθ
3309 4422 3362 4474 εί
3393 4420 3571 4492 βούλει
3618 4422 3693 4483 δὲ,
3717 4419 3834 4484 λόγῳ

2274 4508 2376 4578 μὲν
2420 4509 2546 4571 τοὺς
2572 4508 2899 4578 εὐδοκίμους
2927 4511 2985 4563 ὲν
3009 4511 3176 4582 λόγῳ,
3212 4512 3413 4583 πράξει
3461 4514 3518 4567 δὲ
3558 4512 3680 4575 τοὺς
3714 4520 3835 4577 τερα.

2277 4601 2658 4663 κτικωτάτους
2690 4600 3127 4671 ὑπερϐάλλοντες
3148 4618 3164 4633 ·
3192 4605 3289 4658 καὶ
3320 4605 3450 4671 τοὺς
3489 4604 3588 4676 μὲν
3617 4598 3728 4656 κατ’
3745 4602 3834 4665 ἀμ-

2285 4689 2492 4758 φότερα
2527 4690 2710 4760 μέσως
2754 4691 2979 4761 ἔχοντας
3009 4692 3087 4763 τῷ
3133 4694 3264 4762 περὶ
3298 4695 3355 4748 τὸ
3384 4695 3567 4767 ἕτερον
3597 4687 3835 4763 ὑπερόάλ-

2285 4783 2491 4845 λοντες,
2520 4785 2646 4847 τοὺς
2691 4784 2750 4838 δὲ
2777 4785 2901 4837 καθ’
2935 4785 3124 4857 ἕτερον
3171 4786 3377 4856 ἄκρους
3401 4792 3511 4851 τοῖς
3542 4784 3839 4857 ἀμφοτέροις

2287 4879 2746 4949 παραδραμόντες
2764 4878 2844 4947 τῷ
2879 4881 3000 4950 μεθ’
3033 4880 3346 4952 ὑπερϐολῆς
3376 4881 3699 4951 ἀμφοτέροις
3727 4871 3838 4945 χρή⁴

2287 4970 2510 5022 σασθαι.
2556 4970 2669 5021 Kal.
2700 4968 2893 5039 θαῦμα
2947 4969 3137 5023 καινόν
3185 4987 3259 5034 τι,
3296 4973 3391 5025 καὶ
3438 4971 3577 5041 ὑπὲρ
3627 4967 3768 5034 λόγον
3792 4957 3839 5011 τὸ

2286 5059 2410 5112 κατ’
2465 5059 2662 5122 αὐτούς
2711 5075 2855 5129 φημι
2915 5063 3284 5131 χρηματίσαι,
3350 5062 3534 5116 πᾶσαν
3584 5051 3840 5127 ὑπερφυῶς

2287 5152 2668 5219 καταπλῆττον
2696 5155 2791 5205 καὶ
2821 5152 2997 5224 ἀκοὴν
3011 5154 3146 5223 ὁμοῦ
3179 5155 3272 5207 καὶ
3286 5154 3547 5208 διάνοιαν.
3565 5153 3658 5205 Διά
3697 5143 3842 5200 ταῦτά

2286 5259 2370 5293 τοι
2405 5242 2500 5293 καὶ
2543 5241 2734 5310 Ιιέτρῳ
2768 5242 2863 5293 καὶ
2916 5242 3119 5310 Παύλῳ
3147 5245 3242 5296 καὶ
3270 5247 3384 5306 τοῖς
3415 5244 3548 5304 υίοίς
3585 5240 3677 5309 τῆς
3707 5234 3842 5306 βρονο

2290 5334 2411 5400 τῆς,
2454 5332 2550 5384 καὶ
2578 5334 2644 5402 δὴ
2682 5335 2776 5387 καὶ
2809 5335 2875 5403 τῇ
2925 5336 3055 5406 περὶ
3100 5335 3300 5399 αὐτοὺς
3350 5333 3591 5404 ἑταιρεία
3623 5319 3844 5394 συναριθ-

2295 5421 2515 5489 μεῖσθαι
2560 5419 2762 5474 δίκαιοι
2815 5422 3015 5491 μᾶλλον
3046 5424 3111 5478 ἂν
3140 5421 3251 5478 εῐεν
3303 5425 3442 5494 ὑπὲρ
3499 5409 3843 5475 οὐστιναστοῦν

2296 5514 2491 5577 ἄλλους
2527 5514 2638 5566 τῶν
2665 5514 2906 5586 χριστοῦ
2943 5516 3153 5585 φίλωνδ
3190 5518 3287 5572 και
3314 5518 3403 5571 διὰ.
3423 5517 3638 5576 τούτους
3663 5526 3720 5577 γε
3754 5502 3843 5571 πρὸ

2300 5607 2408 5662 τῶν
2434 5609 2616 5662 ἄλλων
2649 5609 2850 5678 μᾶλλον
2907 5609 3043 5681 πρὸς
3070 5611 3196 5674 τοὺς
3227 5610 3474 5680 μαθητὰς
3522 5608 3608 5660 τὸν
3641 5594 3843 5671 Χριστὸν

2207 4664 2248 4719 D

2304 5703 2503 5768 εἰπεῖν,
2529 5704 2610 5765 si;
2638 5703 2905 5774 οὐρανοὺς
2933 5705 3076 5773 μετὰ
3112 5705 3213 5774 τὴν
3249 5710 3315 5758 ὲκ
3348 5702 3553 5772 νεκρῶν
3581 5697 3840 5752 ἀνάστασιν

2060 5785 2192 5838 ιίέω
2299 5799 2521 5851 ἀνιόντα
2555 5798 2642 5862 τὸ,
2687 5797 2845 5853 ἰδοὺ
2894 5798 3011 5866 ἐγὼ
3054 5799 3182 5867 μεθ’
3210 5797 3374 5868 ὑμῶν
3401 5791 3724 5866 ειμιπάσας
3750 5777 3840 5839 τὰς

2296 5892 2527 5964 ἡμέρας
2567 5891 2679 5960 ἕως
2701 5891 2814 5962 τῆς
2846 5892 3211 5959 συντελείας
3240 5893 3343 5949 τοῦ
3367 5887 3595 5952 αιῶνος,
3616 5880 3704 5950 τὴν
3727 5875 3840 5938 λθειν
