4036 6444
364 308 466 369 771

1424 265 1813 372 LAUDA'ﬁO
1850 310 2099 372 TRlUM
2146 310 2593 375 DOCTORUM.

3520 323 3630 389 778.

362 423 511 490 πρὰν
531 420 801 491 διαδοχὴν,
839 422 928 475 καὶ
974 423 1035 475 τὸ
1067 422 1242 475 κοινὸν
1268 423 1363 494 τῆς
1395 426 1601 477 τούτων
1632 424 1765 494 πρὸς
1803 425 1944 477 ἐκεί-

2052 430 2458 484 summationem
2490 431 2673 485 sa’cnli
2707 433 2746 495 ³,
2784 430 3051 486 illustrem
3092 438 3495 493 succcs~ioncm
3522 484 3536 503 ,
3570 456 3624 496 et

360 532 484 577 νους
522 514 827 583 ἀποστολῆς
882 516 974 569 καὶ
1004 515 1328 588 ὑπηρεσίας,
1360 519 1455 572 καὶ
1487 519 1546 571 τὸ
1572 518 1835 588 ὁμότιμον
1865 519 1948 572 αἱ·

358 606 504 661 νιττό
511 623 689 674 μενον.

432 701 537 753 Καὶ
565 700 638 762 ώς
666 700 842 770 ἀληθῆ
876 700 1063 753 δίκαια
1099 701 1262 769 λέγω,
1299 702 1467 771 μηδὲν
1500 704 1611 762 τοῖς
1645 701 1944 771 Πατράσιν,

354 789 436 852 ὡς
469 789 535 843 ἂν
565 790 775 858 οἰηθείη
805 808 912 854 τις,
963 791 1051 844 διὰ
1087 794 1146 845 τὸ
1176 793 1400 863 φίλτρον
1430 791 1808 862 χαριζόμενος,
1838 791 1947 842 τῶν

362 889 436 953 μὴ
502 882 887 950 προσηκόντων
933 884 1186 948 ἐκείνοις,
1227 885 1385 954 δῆλον
1417 884 1650 939 ἐκεῖθεν.
1688 883 1799 936 Καὶ
1825 867 1946 934 τού-

359 991 486 1035 τους
536 974 769 1043 Χριστὸς
804 974 1053 1044 μαθητὰς
1107 978 1204 1030 καὶ
1236 976 1568 1038 ἀποστόλους
1602 974 1947 1028 ἀναδείκνυσι

358 1062 639 1132 Πνεύματι
691 1063 843 1133 θείῳ,
905 1064 1155 1134 καθάπερ
1208 1066 1518 1127 κάκείνους,
1583 1065 1677 1118 καὶ
1734 1062 1946 1124 τούτοις

357 1158 416 1207 τό
452 1155 789 1221 Εὐαγγέλιον
832 1155 1160 1225 ἐγχειρίσαι,
1185 1156 1280 1210 καὶ
1308 1157 1368 1209 τὸ
1415 1161 1481 1220 κὴ
1495 1173 1698 1225 ρυγμα,
1728 1157 1823 1209 καὶ
1852 1155 1948 1225 τὴν

356 1249 469 1300 τῶν
499 1248 807 1315 ἀνθρώπων
840 1246 1027 1316 κοινὴν
1057 1247 1358 1317 σωτηρίαν.
1411 1249 1519 1300 Καὶ
1547 1241 1692 1300 οῦτοι
1722 1249 1820 1311 τὰς
1850 1263 1951 1300 πυ·-

360 1344 513 1412 ρίνας
574 1341 695 1394 κατ’
723 1342 967 1404 ἐκείνους
1013 1341 1258 1410 δέχονται
1310 1339 1581 1407 γλώσσαςτ
1646 1340 1850 1394 ἀνωθεν
1883 1341 1949 1392 ἐκ

357 1432 451 1486 τοῦ
485 1431 802 1502 Πνεύματος
820 1433 1138 1497 κατιούσας,
1171 1432 1264 1486 καὶ
1289 1433 1379 1485 τὸν
1405 1432 1698 1503 μερισμὸν,
1730 1434 1825 1487 καὶ
1849 1433 1949 1500 τὴν

352 1526 618 1596 διανομὴν
648 1526 757 1578 τῶν
779 1526 988 1579 ἐκείνου
1017 1525 1263 1594 δέχονται
1310 1525 1689 1594 χαρισμάτων,
1713 1524 1809 1577 καὶ
1848 1525 1948 1591 τῆς

359 1618 677 1686 ὑπερφυοῦς
724 1618 1046 1684 ἐνεργείαςο
1081 1616 1177 1669 καὶ
1213 1616 1492 1683 γλώσσαις
1541 1614 1794 1669 λαλοῦσιν
1836 1617 1939 1670 οὐκ

352 1711 729 1779 ἀνθρωπίναις
757 1727 814 1760 τε
845 1710 940 1762 καὶ
963 1707 1283 1779 βαρϐάροις,
1318 1707 1454 1761 ἀλλὰ
1478 1706 1753 1775 γλώσσαις
1776 1709 1945 1776 ἀγγέδ

2052 533 2402 577 communem
2441 523 2635 578 horum
2658 539 2783 579 eum
2814 525 2950 594 ipsis
2980 529 3344 596 apostolatum
3373 531 3625 587 ministe-

2052 612 2307 681 riumque
2342 614 2571 669 honoris
2599 615 2729 670 item
2763 617 3129 686 aequalitatem
3156 619 3554 680 insimumtem.

2121 704 2255 758 Vera
2274 717 2455 760 autem
2488 715 2543 760 et
2571 708 2714 776 justo
2745 724 2831 762 me
2852 709 3054 775 dicere,
3075 726 3176 766 nec
3199 712 3270 765 ob
3294 713 3626 783 singularem

2052 810 2161 866 quo
2193 811 2287 851 cos
2322 798 2492 868 diligo
2528 814 2769 853 amorem
2793 801 3094 871 quidquam
3130 802 3213 867 (ut
3243 804 3408 860 alicui
3452 807 3628 863 videri
3668 837 3678 847 ε

2051 883 2282 954 possim)
2316 899 2429 939 non
2468 887 2829 953 conveniens,
2866 887 2931 940 ad
2976 889 3202 958 gratiam
3236 891 3417 947 dehis
3453 893 3624 950 Putri-

2053 977 2157 1031 bus
2187 975 2457 1031 afﬁrmare
2480 1019 2494 1042 ,
2526 977 2652 1032 inde
2697 979 2995 1034 constabit.
3036 980 3211 1036 Etiam
3242 982 3344 1038 hos
3373 984 3629 1044 Christus

2052 1067 2356 1137 discipulos
2378 1079 2433 1122 et
2468 1070 2750 1138 apostolos
2779 1071 2971 1127 divino
2992 1070 3240 1141 ‘Spiritu,
3273 1078 3631 1143 quemadmo-

2055 1158 2184 1212 dum
2217 1158 2340 1215 illos
2375 1161 2638 1226 instituit,
2683 1174 2738 1216 et
2783 1161 3163 1234 Evangelimn,
3199 1175 3254 1220 et
3289 1169 3632 1236 praedicatio-

2056 1263 2221 1315 nem,
2274 1258 2330 1304 et
2361 1264 2713 1305 communem
2756 1251 3045 1307 hominum
3110 1256 3342 1311 salutem
3404 1259 3631 1327 perinde

2055 1340 2162 1415 illis
2189 1340 2466 1395 commisit
2498 1358 2512 1395 :
2550 1341 2713 1397 etiam
2746 1343 2802 1397 hi
2846 1344 3062 1415 linguas
3097 1347 3281 1417 igneas
3327 1349 3569 1420 desuper
3596 1368 3625 1405 a

2056 1433 2264 1502 Spiritu
2320 1434 2759 1501 descendentes,
2812 1436 3247 1510 divisionemque
3289 1450 3345 1496 et
3373 1443 3634 1501 distribu-

2057 1525 2262 1579 tionem
2302 1525 2598 1595 gratiarum
2621 1564 2637 1590 ,
2668 1537 2725 1582 et
2755 1527 3053 1598 insignium
3093 1533 3476 1600 operationum
3503 1574 3518 1599 ,
3569 1547 3631 1592 ut

2056 1617 2134 1670 illi
2187 1616 2533 1687 suscipiunt;
2570 1634 2672 1673 nec
2703 1619 2961 1673 humanis
2989 1636 3055 1676 ac
3100 1621 3374 1689 barbaris,
3415 1627 3509 1681 sed
3535 1642 3632 1682 an-

2055 1708 2305 1777 gelorum
2346 1706 2573 1778 linguis,
2605 1716 2661 1762 et
2695 1709 2924 1765 vocibus
2959 1713 3177 1767 areanis
3204 1716 3629 1787 caelestibusque

355 1775 637 1862 λων-..καὶ
698 1802 904 1870 φωναῖς
955 1775 1292 1869 ἀπορρήτοις
1323 1801 1436 1853 τισὶ
1496 1800 1591 1851 καὶ
1638 1775 1940 1868 οὐρανίαις,

2052 1775 2376 1866 loquuntur;
2421 1775 2722 1869 divinoque
2764 1799 2973 1869 Spiritu
3009 1802 3226 1871 imbuti,
3256 1820 3287 1859 a
3317 1806 3427 1862 Deo
3457 1775 3632 1878 inspi-

354 1898 449 1950 καὶ
471 1894 890 1966 διερμηνεύουσι
912 1891 981 1945 τὰ
1008 1891 1188 1962 ὑψηλά
1236 1891 1329 1943 καὶ
1357 1891 1648 1962 ἀπόρρητα
1686 1892 1793 1944 τῶν
1823 1893 1944 1945 θεο-

356 1990 635 2042 πνεύστων
651 1985 884 2055 Γραφῶν
917 1983 1192 2051 Πνεύματι
1214 1982 1363 2051 θείῳ,
1388 1983 1480 2034 καὶ
1505 1983 1942 2052 προφητεύουσι,

360 2086 452 2135 καὶ
481 2066 684 2150 δρῶσιν
730 2077 1028 2147 ὑπερφυῶς
1053 2076 1146 2129 τὸν
1175 2076 1409 2144 ἀόρατον
1445 2077 1542 2129 σὺν
1566 2067 1817 2141 ἐκείνοις,
1845 2077 1943 2129 καὶ

355 2173 757 2242 ἀποκαλύψεων
807 2170 1105 2242 ὑπερφυῶν
1157 2169 1434 2235 ἀξιοῦνται
1486 2171 1582 2223 καὶ
1630 2169 1973 2239 μυστηρίων

353 2269 634 2340 ἀρρήτων.
672 2267 783 2319 Καὶ
807 2261 1316 2335 θαυματουργοῦσι,
1350 2262 1444 2315 καὶ
1478 2261 1662 2322 νόσους
1695 2260 1946 2323 ἀνιάτους

355 2360 543 2411 ίῶνται
595 2354 716 2409 κατ’
756 2355 997 2416 ἐκείνους
1043 2351 1335 2420 ἐπικλήσει
1388 2349 1626 2419 Χριστοῦ
1681 2348 1853 2420 μόνῃο
1883 2350 1945 2401 οὐ

368 2452 664 2520 σωμάτων,
699 2447 864 2516 φημὶ,
898 2447 1079 2515 μόνον,
1112 2443 1248 2498 ἀλλὰ
1281 2443 1375 2496 καὶ
1403 2430 1626 2512 ψυχῶν·
1664 2441 1865 2510 μᾶλλον
1887 2440 1944 2492 δὲ

352 2545 448 2597 καὶ
465 2539 832 2613 νεκρωθείσας
855 2538 940 2590 διὰ
958 2535 1058 2605 τῆς
1086 2535 1385 2604 ἁμαρτίας,
1416 2535 1550 2602 πρὸς
1578 2533 1724 2605 ζωὴν
1745 2535 1948 2588 ἐπανά-

353 2652 543 2703 γουσιν
578 2631 757 2696 αὖθις,
782 2633 891 2703 ὃδὴ
924 2634 1018 2685 καὶ
1043 2631 1144 2699 τῆς
1169 2632 1278 2685 τῶν
1304 2631 1571 2701 σωμάτων
1596 2630 1948 2694 ἀναστάσεως

358 2727 542 2796 πολλῴ
591 2727 798 2796 μεῖζον.
835 2725 944 2777 Καὶ
979 2722 1239 2793 δαίμονας
1292 2722 1351 2787 ἐξ
1398 2722 1702 2793 ἀνθρώπων
1736 2721 1944 2793 δραπε-

351 2819 531 2871 τεύειν
574 2817 807 2879 ποιοῦσι,
843 2815 954 2868 θεοὶ
987 2814 1129 2868 κατὰ
1181 2817 1342 2885 χάριν
1372 2815 1476 2867 ὑπὸ
1496 2814 1590 2867 τοῦ
1620 2814 1780 2884 μόνου
1803 2815 1946 2868 κατά

354 2914 516 2978 φύσιν
562 2908 696 2963 Θεοῦ
748 2906 1226 2979 χειροτονηθέντες
1269 2907 1458 2960 παθῶν
1497 2910 1592 2961 καὶ
1630 2908 1942 2975 δαιμόνων·

352 3006 430 3067 ώς
463 3007 558 3055 καὶ
584 3001 716 3071 πρὸς
749 3001 948 3054 Minoia
973 2999 1142 3052 πάλαι
1162 2999 1253 3051 τὸν
1288 3000 1487 3068 μέγαν,
1522 2998 1682 3053 Ἰδοὺ
1715 2997 1947 3054 δέδωκά

2052 1897 2294 1943 ratarum
2331 1890 2739 1961 Scripturarum
2765 1892 3024 1948 sublimia
3070 1904 3126 1950 et
3155 1897 3436 1953 recondita
3467 1899 3634 1955 inter-

2051 1993 2342 2050 pretantur
2380 1992 2438 2038 et
2481 1985 2812 2054 prophetant
2842 2024 2855 2049 ,
2885 1994 2942 2040 et
2978 2001 3102 2040 cum
3155 1990 3438 2058 prophetis
3488 1992 3630 2044 miro

2051 2071 2295 2141 quodam
2343 2073 2508 2129 modo
2538 2090 2647 2129 non
2690 2075 3436 2149 aspectabtlemaspieiunt,
3475 2098 3631 2137 reve-

2050 2163 2468 2234 lationibusque
2513 2174 2568 2220 et
2603 2167 2884 2238 mysteriis
2944 2167 3428 2239 inexplicabilibus
3479 2173 3629 2245 digni

2051 2254 2348 2311 habentur.
2384 2257 2449 2310 Et
2478 2258 2726 2312 miranda
2756 2274 2925 2328 opera
2972 2259 3216 2315 eliiciunt
3240 2301 3255 2327 ,
3305 2271 3369 2317 et.
3407 2264 3632 2321 morbos

2049 2347 2398 2418 desperatos,
2432 2360 2491 2406 ut
2523 2351 2623 2417 illi,
2648 2351 2762 2406 sola
2777 2349 2983 2407 Christi
3012 2352 3395 2422 imploratione
3411 2365 3629 2422 curant;

2050 2456 2155 2497 nec
2201 2457 2497 2512 corporum
2547 2445 2952 2511 tantummodo,
2987 2446 3083 2501 sed
3131 2446 3438 2501 animarum
3493 2464 3633 2517 quo-

2050 2533 2329 2601 que;limo
2359 2548 2488 2589 vero
2525 2550 2623 2606 per
2655 2546 2939 2605 peccatum
2971 2538 3082 2607 jam
3109 2547 3353 2594 mortuas
3384 2540 3437 2594 in
3465 2540 3629 2595 vitam

2055 2626 2380 2693 restituunt,
2406 2629 2553 2698 quod
2587 2628 2769 2697 majus
2791 2637 2888 2717 est
2913 2644 3078 2699 quam
3118 2631 3444 2701 corporibus
3469 2633 3631 2703 spiri-

2053 2731 2167 2776 tum
2194 2722 2448 2777 reddere.
2476 2722 2747 2777 Przeterea
2772 2721 3050 2777 daemones
3079 2739 3110 2778 a
3139 2726 3401 2780 membris
3440 2725 3634 2782 huma‘

2052 2811 2140 2866 nis
2180 2812 2390 2882 fugant,
2428 2813 2757 2868 vitiosarum
2808 2813 3163 2870 all‘ectionum
3212 2817 3629 2888 daemonumquc

2055 2904 2133 2958 dii
2165 2945 2179 2969 ,
2223 2920 2321 2974 per
2368 2905 2597 2976 gratiam
2623 2946 2636 2970 ,
2670 2905 2739 2960 ab
2773 2920 2840 2959 eo
2864 2946 2878 2971 ,
2931 2907 3024 2976 qui
3058 2908 3221 2973 solus
3248 2925 3349 2978 per
3375 2919 3628 2964 naturam

2050 2998 2199 3053 Deus
2229 3007 2335 3060 est,
2367 2998 2565 3061 creati,
2587 3008 2648 3053 ut
2670 2999 2800 3052 olim
2825 3000 2889 3053 ad
2916 3015 3169 3071 magnum
3228 3002 3377 3055 illum
3413 3003 3627 3058 Mosen:

349 3116 426 3152 σε
458 3097 610 3151 Θεὸν
641 3092 876 3162 Φαραὼ,
907 3092 955 3144 ἒ)
969 3107 1062 3159 εγε
1088 3109 1102 3125 ο
1142 3093 1204 3144 τὸ
1243 3094 1380 3146 κατά
1403 3093 1503 3161 τῆς
1530 3091 1807 3160 Αἰγύπτου
1835 3093 1942 3145 πάν

2052 3086 2204 3150 Ecce,
2241 3089 2460 3157 inquit,
2491 3090 2737 3142 constitui
2758 3096 2807 3140 te
2837 3088 3004 3143 Deum
3042 3089 3341 3146 Pharaonis
3364 3092 3406 3155 ’⁸,
3430 3094 3630 3161 quibus

352 3191 467 3255 θος,
489 3192 584 3242 καὶ
614 3189 712 3250 τὰς
744 3186 980 3256 πληγὰς,
1037 3187 1133 3240 καὶ
1178 3184 1275 3255 τὴν
1302 3187 1360 3237 ὲν
1408 3183 1554 3254 βυθῷ
1584 3185 1677 3237 καὶ
1703 3184 1946 3253 θαλάσσῃ

351 3279 731 3351 πανωλεθρίαν
757 3279 866 3331 τῶν
899 3278 1141 3346 ἐκγόνων
1189 3277 1767 3346 αὑτῆςαίνιττόμενος,
1804 3276 1946 3346 ἅπερ

347 3377 378 3429 ὁ
413 3374 715 3445 νομοθέτης
751 3372 843 3426 καὶ
866 3374 1175 3442 στρατηγὸς
1227 3369 1316 3424 διὰ
1344 3369 1442 3440 τῆς
1470 3370 1782 3440 ὑπερφυοῦς
1807 3369 1948 3422 ἑκεί-

347 3484 443 3522 νου
477 3466 762 3535 δυνάμεως
794 3461 1107 3535 εἴργασται.

421 3561 485 3613 Οἱ
522 3559 619 3630 μὲν
647 3558 743 3611 οὖν
777 3557 985 3627 πρῶτοι
1012 3556 1254 3627 μαθηταὶ
1283 3556 1377 3607 καὶ
1412 3554 1686 3626 ὑπηρέται
1714 3553 1809 3626 τοῦ
1841 3554 1946 3608 Λό-

348 3672 449 3724 γου
477 3651 605 3721 παρ’
628 3651 795 3705 αὐτοῦ
842 3651 977 3721 πρὸς
1010 3650 1110 3720 τὴν
1140 3650 1250 3703 τῶν
1282 3648 1454 3702 ἐθνῶν
1485 3649 1946 3717 ἀποστελλόμενοι

348 3748 569 3816 κλῆσιν,
602 3743 809 3814 ταύτην
844 3741 937 3796 ὑπ’
969 3740 1137 3795 αὐτοῦ
1182 3740 1282 3810 τὴν
1325 3743 1709 3812 πνευματικὴν
1736 3742 1942 3809 σκευὴν
1974 3762 1977 3765 λ

348 3830 648 3901 ἐνδύονται,
681 3836 779 3889 καὶ
806 3836 906 3905 τὴν
949 3834 1278 3898 πανοπλίαν,
1308 3834 1449 3902 ὑπὲρ
1472 3835 1578 3887 τῶν
1615 3833 1946 3901 σωζομένων

347 3931 674 4002 ἀνθρώπων,
708 3929 851 3982 κατὰ
876 3930 975 3997 τῆς
1010 3928 1349 3997 κατεχούσης
1386 3928 1711 3998 δαιμονικῆς
1745 3943 1947 3996 τυραν-

349 4027 512 4085 νίδος.
573 4025 683 4075 Καὶ
733 4023 868 4091 γὰρ,
916 4021 1324 4084 Ἀπελθόντες,
1361 4019 1520 4089 φησὶ,
1558 4020 1857 4086 κηρύξατε
1879 4019 1948 4072 τὸ

355 4112 730 4182 anm-enm
767 4111 939 4177 πάσῃ
1006 4110 1080 4179 τῇ
1123 4111 1341 4164 κτίσει.
1382 4110 1445 4162 '0
1474 4111 1815 4175 πιστεύσας
1845 4110 1944 4163 καὶ

350 4201 711 4264 ,ϐαπτισθεὶς
750 4199 1132 4267 σωθήσεται’
1169 4201 1202 4253 ὀ
1262 4199 1331 4250 δὲ
1369 4197 1724 4265 ἀπιστήσας
1770 4216 1949 4252 κατα-

350 4292 715 4359 κριθήσεται.
773 4292 998 4362 Σημεῖα
1024 4292 1093 4344 es
1149 4291 1273 4356 τοῖς
1332 4294 1706 4347 πιστεύσασι
1762 4293 1947 4347 ταῦτα

347 4385 883 4453 παρακολουθήσει
925 4386 1024 4437 Ἐν
1076 4383 1155 4449 τῷ
1190 4384 1439 4453 ὀνόματί
1484 4403 1608 4455 μου
1664 4386 1942 4453 δαιμόνια

346 4478 676 4534 ἐκϐαλοῦσι
696 4496 710 4511 ·
739 4480 1052 4549 γλώσσαις
1085 4478 1438 4545 λαλήσουσι
1472 4478 1708 4546 καιναῖς
1732 4496 1744 4509 ·
1775 4479 1940 4548 ὄφεις

346 4570 567 4636 ἀροῦσι
587 4587 598 4598 ·
625 4569 744 4623 κᾶν
776 4569 1116 4637 θανάσιμόν
1144 4586 1199 4621 τι
1227 4571 1470 4630 πίωσιν,
1495 4571 1567 4623 οὐ
1598 4568 1684 4637 μὴ
1716 4569 1939 4635 αὐτοὺς

343 4659 567 4728 ,βλάψῃ
591 4674 606 4688 ο
641 4659 743 4712 ἐπὶ
799 4658 1155 4728 ἀρῤώστους
1186 4660 1391 4729 χεῷας
1419 4661 1817 4730 ἐπιθήσουσι,
1846 4668 1948 4720 καὶ

346 4751 545 4817 καλῶς
577 4751 854 4821 ἔχουσιν.
891 4754 957 4805 "A
983 4753 1159 4821 δήπου
1181 4755 1274 4806 καὶ
1306 4754 1385 4814 εἰς
1421 4752 1582 4823 ἔργον
1605 4753 1768 4821 ἐξέϐη
1798 4754 1943 4807 κατά

345 4846 447 4906 τὰς
495 4844 751 4913 ἀψευδεῖς
785 4846 879 4898 τοῦ
918 4846 1195 4898 Δεσπότου
1253 4845 1611 4913 ἐπαγγελίας,
1643 4846 1800 4913 ὀλίγα
1843 4847 1944 4916 μὲν

346 4936 649 5005 δεηθέντων
680 4937 844 5003 λόγου
868 4937 976 4990 τῶν
1015 4936 1334 4990 ἀποστόλων
1369 4936 1506 5005 πρὸς
1533 4936 1661 4999 τοὺς
1690 4936 1785 4988 τοῦ
1827 4936 1946 4987 Ἐλ-

347 5029 613 5100 ληνισμοῦ
641 5030 739 5083 καὶ
773 5033 873 5098 τῆς
926 5029 1377 5100 εἰδωλολατρείας
1421 5028 1815 5099 ἀντεχομένους
1837 5044 1850 5058 ’
1882 5028 1944 5080 τὸ

348 5122 405 5172 δὲ
438 5121 714 5181 πλεῖστον.
742 5124 776 5193 ἦ
814 5122 909 5174 καὶ
956 5121 1019 5173 τὸ
1065 5122 1173 5174 πᾶν
1229 5120 1439 5191 σχεδὸν,
1469 5123 1582 5182 τοῖς
1635 5119 1943 5189 ὑπερφυέσι

351 5213 602 5281 σημείοις
635 5216 863 5278 καὶτοῖς
886 5212 1129 5283 θαύμασι
1153 5212 1691 5284 καταπραξαμένων,
1723 5213 1819 5266 καὶ
1844 5213 1941 5283 τὴν

268 5332 271 5333 ν
348 5305 409 5370 ἐξ
439 5306 611 5358 ἐθνῶν
645 5306 851 5375 ταύτην
886 5306 1184 5374 ἐκκλησίαν
1229 5306 1453 5377 νύμφην
1502 5305 1732 5360 ἄσπιλον
1765 5323 1942 5377 παρα-

351 5399 668 5467 στησάντων
694 5398 843 5468 αὐτῷ
873 5398 1016 5451 κατὰ
1040 5396 1273 5451 Παῦλον.

422 5489 544 5542 οὐδ’
584 5488 968 5559 Ἑλληνισμοῦ,
1004 5487 1102 5542 καὶ
1128 5488 1230 5559 τῆς
1251 5489 1361 5544 τῶν
1411 5489 1651 5543 εἰδώλων
1701 5489 1941 5559 κτισμά-

2051 3180 2236 3234 verbis
2265 3179 2725 3251 Egypti'cladem
2744 3189 2800 3234 et
2833 3182 3039 3252 plagas,
3071 3191 3236 3251 atque
3267 3185 3321 3238 in
3354 3184 3632 3254 profundo

2052 3274 2190 3327 mari
2249 3283 2552 3327 extremam
2592 3272 2973 3344 Egyptiorum
3007 3275 3308 3344 perniciem
3339 3278 3632 3335 obscurius

2051 3368 2421 3440 signiﬁcavit,
2470 3384 2619 3438 quas
2651 3368 2931 3439 Icgislator
2977 3380 3033 3425 et
3069 3370 3267 3426 ductor
3322 3372 3630 3431 admirabili

2051 3462 2199 3517 illius
2236 3462 2484 3531 potentia
2510 3463 2741 3516 invexit.

2121 3555 2366 3610 Primum
2403 3555 2570 3625 igitur
2622 3555 2879 3625 discipuli
2915 3567 2971 3611 et
3030 3556 3268 3613 ministri
3314 3558 3518 3626 Verbi,
3563 3565 3632 3617 ah

2050 3634 2117 3702 eo
2141 3648 2207 3702 ad
2242 3649 2490 3718 gentium
2522 3649 2867 3704 vocationem
2891 3647 3068 3711 missi,
3100 3649 3426 3706 hoe-llabitu
3463 3652 3629 3723 spiri-

2053 3741 2207 3807 tuali,
2240 3751 2295 3795 et
2320 3741 2470 3797 omni
2501 3756 2783 3797 armorum
2822 3758 3024 3812 genere
3064 3754 3296 3814 propter
3341 3747 3632 3803 salvandos

2050 3833 2306 3888 homines
2333 3876 2346 3899 ,
2396 3833 2663 3889 adversus
2700 3834 3029 3890 diabolicam
3076 3836 3131 3889 in
3176 3852 3271 3891 eos
3303 3839 3633 3894 dominatio-

2051 3940 2176 3981 nem
2210 3925 2544 3979 induuntur.
2569 3926 2827 3980 Aitcnim
2863 3943 2878 3980 :
2922 3928 3119 3981 Euntes
3144 3930 3427 3997 prtedicate
3451 3929 3631 3985 Evan—

2049 4018 2249 4090 gelium
2286 4018 2432 4071 omni
2459 4025 2740 4075 creatura.
2789 4012 2899 4084 'Qui
2928 4008 3207 4074 crediderit
3236 4030 3287 4074 et
3332 4023 3630 4092 baptizatus

2051 4108 2232 4177 fuerit,
2265 4109 2443 4163 salvus
2472 4113 2608 4174 erit;
2646 4112 2735 4181 qui
2762 4127 2880 4165 vero
2916 4127 3018 4166 non
3054 4114 3355 4181 crediderit,
3389 4117 3631 4170 condem-

2048 4204 2286 4257 nabitur.
2337 4201 2506 4272 Signa
2536 4213 2714 4257 autem
2759 4220 2846 4258 eos
2880 4206 2971 4273 qui
3002 4207 3357 4272 crediderint,
3392 4210 3506 4263 hac
3550 4228 3631 4264 se-

2049 4307 2277 4362 quemur
2307 4309 2324 4346 :
2358 4293 2423 4347 In
2457 4294 2667 4348 nomine
2698 4311 2810 4348 meo
2852 4297 3115 4350 dwmonia
3152 4298 3404 4367 ejicient;
3435 4299 3628 4369 linguis

2051 4387 2339 4458 loquentur
2379 4388 2523 4440 novis
2547 4404 2566 4451 ;
2597 4395 2861 4456 serpentes
2889 4387 3112 4450 tollent;
3143 4398 3191 4442 et
3218 4391 3265 4442 si
3300 4391 3630 4461 mortiferum

2048 4482 2173 4550 quid
2204 4480 2426 4533 biberint
2458 4520 2474 4545 ,
2524 4496 2630 4532 non
2663 4481 2736 4533 eis
2764 4480 3004 4545 nocebit;
3041 4498 3200 4552 super
3240 4498 3407 4553 myras
3437 4501 3629 4538 manus

2050 4574 2345 4641 imponent,
2371 4580 2422 4625 et
2457 4571 2587 4625 bene
2616 4570 2879 4625 habebunt
2901 4574 2941 4626 ⁸.
2972 4573 3103 4639 Qua:
3137 4575 3319 4628 omnia
3367 4575 3628 4629 nimirum

2046 4666 2205 4736 juxta
2238 4665 2456 4718 Domini
2483 4665 2772 4733 promissa,
2796 4680 2825 4718 a
2856 4666 3143 4720 mendacio
3177 4667 3374 4732 aliena,
3400 4680 3630 4723 eventus

2049 4755 2454 4825 comprobavit,
2498 4757 2719 4825 quando
2751 4758 2981 4826 apostoli
3027 4759 3322 4812 adversum
3371 4760 3626 4827 gentiles.

2050 4844 2440 4914 ittolorumque
2468 4844 2713 4899 cultores
2738 4846 2841 4898 sibi
2876 4853 3121 4900 astantes
3152 4861 3405 4901 sermone
3434 4862 3631 4917 parum

2047 4947 2319 5009 eguerunt
2356 4956 2369 4991 :
2400 4922 2822 5007 maximamque
2857 4947 3067 5007 partem
3089 4976 3103 5001 ,
3153 4938 3240 4993 vel
3278 4939 3463 5008 potius
3491 4955 3631 5009 pene

2050 5039 2225 5086 totum
2257 5030 2429 5101 signis
2483 5029 2761 5084 inusitatis
2809 5040 2866 5085 et
2910 5030 3180 5100 prodigiis
3221 5032 3628 5089 coniecerunt:

2049 5133 2105 5179 et
2130 5123 2272 5178 hanc
2299 5138 2367 5177 ex
2396 5122 2639 5177 ethnicis
2670 5133 3057 5194 congregatam
3100 5123 3423 5189 Et'clesiant,
3458 5140 3629 5195 Spon-

2032 5226 2164 5269 sam
2206 5214 2258 5270 ei
2291 5215 2703 5269 immaculatam
2729 5252 2745 5279 ,
2777 5214 3083 5272 secundum
3129 5201 3442 5281 Paulum“,
3469 5218 3633 5272 exhi-
3701 5221 3704 5224 ’

2045 5307 2312 5363 buerunt.
2365 5380 2370 5386 _

2112 5490 2426 5546 Graecorum
2448 5507 2616 5562 porro
2632 5491 3046 5562 superstitione,
3079 5492 3337 5547 falsorum
3394 5490 3628 5544 deorum

352 5596 461 5635 των
494 5580 772 5653 λατρείας,
805 5585 899 5634 καὶ
946 5582 1011 5652 δὴ
1046 5580 1144 5635 xui.
1172 5582 1273 5652 τῆς
1311 5581 1634 5656 δαιμονικῆς
1661 5581 1804 5635 κατὰ
1828 5582 1941 5634 τῶν

2052 5591 2100 5636 et
2127 5594 2515 5639 creaturarum
2570 5583 2929 5649 adoratione,
2966 5592 3023 5638 et
3051 5584 3386 5639 dazn‘loniaca
3434 5582 3491 5657 in
3523 5581 3642 5661 ho-v

423 5763 446 5796 ³
486 5760 680 5816 Matth.
728 5776 921 5827 xxvm,
947 5761 1039 5817 20.
1115 5763 1137 5794 ⁸
1171 5763 1346 5819 Exod.
1397 5781 1493 5822 vn.
1532 5766 1584 5820 1.

634 5853 904 5916 Parnm.
959 5857 1078 5916 tia.
1124 5849 1327 5914 CLIV.

1717 5762 1889 5820 Marc.
1927 5779 2040 5834 XVI,
2070 5762 2258 5822 15-18.
2335 5764 2355 5796 ⁶
2383 5764 2671 5836 Ephes.v,
2694 5762 2785 5822 27.

2800 5914 2817 5945 ,δ
2839 5889 2859 5902 ιι
2886 5889 2927 5911 ιο
3221 5857 3303 5918 25
