4036 6442
490 361 595 425 779

1570 365 1993 428 PIIILOTIIEI
2033 366 2142 427 CP.
2186 367 2704 429 PATRIARCHE

3636 378 3732 448 780

491 486 669 539 mines
705 485 1015 554 tyrannide,
1050 483 1256 541 Christi
1300 485 1506 541 virtute
1543 502 1641 556 per
1667 498 1892 542 sanctos
1935 502 2064 556 apo-

2176 484 2483 555 ἀνθρώπων
2527 486 2848 556 τυραννίδος
2887 488 2982 542 καὶ
3043 489 3186 561 βίας,
3229 490 3452 564 δυνάμει
3510 497 3729 567 Χριστοῦ

484 577 659 630 stolos
693 577 1070 645 pulcherrime
1110 577 1178 632 de
1210 578 1389 632 medio
1420 578 1651 633 sublatis
1678 617 1693 640 ,
1724 579 1888 633 aliam
1921 579 2064 631 viam

485 677 664 722 tentat
689 679 1032 737 persecutor,
1070 685 1179 724 non
1228 671 1340 741 jam
1370 671 1547 740 palam
1590 680 1644 724 et
1673 678 1862 741 aperte
1895 668 2066 736 (haud

482 759 634 812 enim
685 759 997 814 istiusmodi
1031 761 1393 814 certaminum
1417 801 1430 823 ,
1469 770 1526 815 ut
1558 760 1802 830 undique
1835 761 2066 830 expulso

484 863 549 903 ac
585 849 804 904 devicto
827 890 842 915 ,
877 852 1032 906 locus
1061 853 1110 906 ei
1152 852 1218 906 de
1258 852 1475 924 integro
1505 853 1788 918 dabatur},
1823 853 1916 908 sed
1939 853 2067 907 dolo

486 943 859 1012 complurium
889 949 1116 1006 deorum
1153 947 1387 1009 cultum,
1421 957 1476 1002 et
1513 948 1703 1001 ἀθεϊαν
1751 963 1942 1002 rursus
1976 948 2066 1001 in-

487 1035 698 1090 ducens
733 1055 744 1090 :
795 1051 959 1105 quam
1009 1052 1134 1092 cum
1167 1053 1196 1092 a
1228 1039 1504 1108 principio
1544 1038 1821 1109 quondam
1872 1046 2066 1094 contra

485 1129 860 1198 pr0l0plastos
906 1131 962 1183 in
998 1131 1253 1199 paradiso
1298 1131 1683 1186 fraudulenter
1718 1132 2064 1202 peperisset,

487 1222 791 1290 multisque
841 1222 1056 1277 saeculis
1097 1231 1351 1278 naturam
1404 1235 1649 1278 nostram
1682 1239 1744 1278 ea
1773 1223 2067 1296 tyrannide

485 1327 802 1380 oppressam
840 1314 1134 1377 tenuisset,
1176 1315 1242 1369 ad
1270 1330 1329 1370 se
1359 1317 1543 1370 denuo
1574 1317 1824 1370 divinum
1855 1317 2062 1370 cultum

483 1407 859 1474 honoremque
893 1421 1149 1460 revocare
1179 1406 1469 1476 impudens
1488 1408 1782 1475 laboravit,
1815 1424 1916 1464 nec
1941 1424 2066 1463 cru—

479 1510 620 1557 cem,
665 1510 767 1550 nec
816 1494 910 1550 Dei
947 1496 1273 1566 sanguinem
1325 1500 1624 1565 reveritus,
1663 1517 1910 1572 per-quae
1941 1516 2063 1556 rru-

480 1585 602 1660 dele
633 1592 755 1657 ejus
787 1587 1082 1659 imperium
1117 1578 1622 1661 destructum'est;
1653 1595 1748 1649 sed
1797 1575 1924 1666 post
1969 1595 2066 1649 de-

479 1680 843 1752 structionem
898 1682 1079 1738 adhuc
1137 1687 1311 1742 cauda
1365 1687 1636 1757 palpitans
1671 1687 1874 1753 draco,
1911 1695 1966 1742 et
1995 1686 2063 1741 ad

484 1770 749 1826 ultionem
820 1775 1134 1844 luctamque
1185 1793 1412 1843 amens,
1467 1790 1522 1832 et
1577 1779 1778 1848 impius
1823 1780 2061 1845 seipsum

2179 577 2442 632 κάλλιστα
2490 581 2796 648 γεγονότων
2832 583 2895 633 ὲκ
2946 583 3116 650 μέσου
3159 584 3244 638 διά
3277 587 3384 638 τῶν
3421 589 3575 658 ίερῶν
3607 594 3730 646 ἀπο-

2178 672 2402 738 στόλων,
2442 672 2610 743 ἀλλην
2661 673 2882 744 ἔρχεται
2927 677 3127 747 πείρας
3164 677 3282 732 όδδν
3307 681 3333 732 6
3359 680 3618 750 διώκτηςο
3641 687 3734 738 οὐκ

2174 763 2256 815 ἔτι
2295 765 2392 832 μὲν
2430 767 2718 836 παρρησίᾳ
2777 766 2921 831 (οὐδὲ
2961 769 3070 838 γάρ
3121 765 3190 838 ἦν
3238 770 3388 840 αὐτῷ
3430 771 3578 842 χώρα
3635 775 3734 828 τῶν

2172 857 2436 910 τοιούτων
2473 853 2630 920 αὖθις
2685 856 2932 926 ἀγώνων,
2978 861 3320 930 πανταχόθεν
3378 863 3735 937 ὲξεληλαμένῳ

2171 947 2271 1000 καὶ
2318 950 2659 1020 ἡττημένῳ),
2714 951 2852 1020 δόλῳ
2882 952 2938 1004 δὲ
2970 955 3070 1020 τὴν
3121 954 3284 1025 φίλην
3316 955 3622 1025 πολυθεῒαν,
3653 962 3736 1013 καὶ

2172 1039 2364 1094 ἀθεῖαν
2396 1041 2490 1092 καὶ
2544 1041 2708 1094 πάλιν
2764 1042 3025 1110 εἰσάγων,
3057 1045 3232 1115 ἥνπερ
3261 1043 3320 1110 ἐξ
3349 1047 3519 1117 ἀρχῆς
3548 1048 3736 1102 ἀνωθεν

2171 1133 2228 1185 ἐν
2260 1131 2572 1203 παραδείσῳ
2601 1133 2794 1196 δολίως
2818 1134 3086 1206 ὼδινήσας
3117 1138 3258 1191 κατὰ
3287 1138 3393 1190 τῶν
3434 1141 3738 1209 πρωτοπλά-

2171 1239 2340 1289 στων,
2376 1224 2469 1277 καὶ
2505 1225 2682 1297 ταύτῃ
2712 1228 3058 1296 τυραννήσας
3089 1229 3184 1282 ἐπὶ
3228 1231 3439 1300 μακρὸν
3464 1231 3558 1304 τὴν
3591 1233 3736 1302 ἡμῶν

2169 1314 2357 1383 φύσιν,
2386 1318 2466 1378 εἰς
2498 1315 2693 1368 ἑαυτὸν
2734 1316 2896 1370 πάλιν
2935 1318 2994 1371 τὸ
3017 1319 3154 1390 πρὸς
3176 1319 3310 1371 Θεδιν
3341 1320 3504 1382 σέϐας
3536 1325 3621 1374 καὶ
3647 1321 3737 1392 τὴν

2166 1407 2333 1478 τιμὴν
2364 1407 2699 1463 ἐσπούδασεν
2747 1409 2948 1475 ἕλκειν,
2985 1412 3121 1481 μηδὲ
3154 1412 3248 1464 τὸν
3294 1413 3544 1482 σταυρὸν,
3575 1417 3656 1466 καὶ
3685 1415 3736 1466 τὸ

2167 1499 2304 1552 Θεοῦ
2339 1500 2581 1569 φρίττων
2619 1503 2647 1553 6
2702 1501 2931 1572 ἀναιδὴς
2983 1497 3146 1572 αἷμα,
3175 1501 3244 1556 δι’
3294 1497 3370 1557 ὧν
3411 1507 3442 1573 ἡ
3497 1508 3738 1574 τυραννὶς

2167 1592 2334 1646 αὑτοῦ
2371 1592 2676 1663 κατελύθη’
2711 1594 2848 1647 ἀλλά
2909 1597 3003 1648 καὶ
3053 1596 3196 1664 μετά
3227 1597 3326 1664 τὴν
3365 1597 3641 1666 ἀναίρεσιν
3668 1597 3737 1648 ἔτι

2166 1685 2246 1756 τῷ
2279 1686 2488 1772 ούραίφ
2539 1685 2788 1754 σπαίρων
2843 1688 2871 1739 6
2921 1687 3160 1757 δράκων,
3196 1690 3291 1741 καὶ
3359 1691 3495 1758 πρὸς
3549 1689 3740 1757 ἄμυναν

2168 1779 2332 1848 δῆθεν
2371 1780 2466 1832 καὶ
2503 1779 2684 1850 πάλην
2705 1782 2733 1833 6
2768 1780 2928 1843 ἄνους
2959 1781 3055 1834 καὶ
3085 1781 3244 1844 ἀθεος
3283 1781 3478 1834 ἑαυτὸν
3503 1781 3740 1851 αἴσχιστα

479 1865 799 1931 turpissime
854 1869 1224 1922 exsuscitans.
1266 1869 1382 1924 Hoc
1411 1879 1594 1924 autem
1632 1871 1767 1922 nihil
1802 1869 1950 1923 aliud
1979 1877 2064 1923 est

2169 1870 2474 1941 διεγείρων.
2510 1872 2618 1924 Καὶ
2669 1871 2830 1924 τοῦτο
2893 1874 2988 1926 καὶ
3035 1873 3146 1925 τῶν
3187 1874 3467 1927 κακίστων
3494 1874 3740 1944 αἱρέσεων

480 1971 643 2022 quam
708 1956 1248 2026 improbissimarum
1305 1962 1574 2016 haeresum
1611 1971 1799 2016 contra
1855 1961 2061 2016 Chriin

479 2048 784 2104 Ecclesiam
811 2066 950 2106 nova
983 2056 1251 2124 tyrannis,
1279 2063 1334 2109 et
1365 2054 1545 2110 inanis
1569 2055 1694 2109 lidei
1728 2056 2063 2122 persecutio;

479 2147 604 2207 post
653 2140 935 2207 Nerones,
990 2144 1240 2213 inquam,
1275 2143 1562 2216 Trajanos,
1599 2146 1817 2212 Decios,
1854 2145 2065 2200 Diocle-

479 2235 680 2297 tianos,
742 2234 1102 2291 Maximianos
1161 2247 1217 2292 et
1266 2238 1633 2304 Maximinos,
1668 2248 1722 2292 et
1793 2248 2067 2309 quotquot

477 2323 670 2391 primae
707 2325 1008 2394 impietatis
1034 2337 1089 2382 et
1115 2325 1305 2391 ἀθιῖας
1330 2327 1593 2399 prazsides
1619 2343 1682 2384 ac
1709 2328 1879 2383 duces
1899 2329 2067 2382 exsti-

479 2426 670 2469 tcrunt
695 2456 711 2482 ,
747 2416 1066 2484 Sabellios,
1106 2421 1305 2486 Arios,
1358 2419 1762 2491 Apollinarios,
1808 2421 2065 2478 secunda:

475 2509 667 2570 ἀθεῖας
729 2509 1050 2566 defensores
1108 2511 1270 2568 nobis
1329 2513 1620 2578 excitans,
1689 2523 1745 2570 et
1801 2514 2062 2572 Ecclesia}

478 2601 684 2658 Christi
726 2614 1129 2672 persecutores,
1184 2621 1312 2692 non,
1349 2606 1534 2661 minus
1570 2622 1734 2677 quam
1779 2609 1922 2676 illos,
1951 2609 2060 2663 ηἰτί

374 2729 382 2735 -
476 2695 645 2748 etiam
677 2695 995 2751 acerbiores
1030 2713 1044 2750 :
1079 2697 1228 2766 quod
1290 2712 1414 2753 cum
1449 2698 1656 2754 Christi
1707 2716 1907 2756 nomen
1951 2701 2062 2756 l'er'-

477 2794 624 2850 rent,
658 2785 838 2855 inquit
889 2787 1302 2867 (magistrorum
1366 2790 1515 2845 enim
1587 2806 1836 2847 meorum
1892 2791 2063 2848 verba

477 2876 682 2930 iterum
720 2879 1039 2949 usurpabo),
1075 2880 1486 2950 pseudochristi
1540 2895 1595 2938 et
1621 2883 2060 2938 Christianorum

479 2970 774 3039 opprobria
823 2981 1026 3036 erant;
1081 2973 1288 3042 quibus
1325 2985 1382 3029 et
1442 2976 1624 3032 facere
1677 2977 1964 3047 impietas,
2007 2987 2064 3031 et

477 3064 592 3133 pati
642 3063 884 3120 dedecus
939 3065 1255 3132 videbatur;
1306 3067 1453 3137 quod
1506 3083 1616 3123 non
1664 3078 1922 3139 putarent
1962 3084 2064 3124 nos

2171 1964 2314 2016 κατά
2345 1963 2446 2032 τῆς
2494 1963 2831 2033 Ἑκκλησίας
2868 1964 3107 2035 Χριστοῦ
3140 1969 3402 2038 τυραννὶς
3449 1961 3626 2029 αὖθις,
3653 1967 3738 2017 καὶ

2167 2055 2196 2107 6
2232 2056 2390 2118 κενὶς
2416 2055 2514 2120 τῆς
2553 2056 2791 2116 πίστεως
2838 2055 3097 2124 διωγμὸς,
3136 2057 3273 2127 μετά
3303 2057 3560 2128 Νέρωνάς
3591 2073 3739 2125 φημι,

2156 2149 2263 2198 καὶ
2296 2147 2628 2216 Τραϊανοὺς,
2675 2146 2772 2200 καὶ
2821 2146 3066 2212 Δεκίους,
3104 2148 3138 2218 ἢ
3184 2149 3620 2218 Διοκλητιανοὺς,
3658 2147 3741 2197 καὶ

2170 2237 2552 2307 Μαξιμιανούς
2584 2255 2642 2291 τε
2674 2239 2769 2291 καὶ
2818 2238 3190 2309 Μαξιμίνους’
3221 2241 3310 2293 καὶ
3347 2242 3462 2293 ὅσοι
3489 2239 3584 2309 τῆς
3607 2237 3743 2308 πρώ-

2169 2346 2268 2398 της
2296 2329 2552 2392 ἀσεῦείας
2587 2329 2683 2381 καὶ
2738 2328 2927 2392 ἁθεῖας
2958 2330 3284 2399 προστάται,
3323 2327 3640 2389 Σαϐελλίους
3667 2340 3739 2386 τε,

2169 2420 2265 2474 καὶ
2303 2419 2572 2488 Ἀρείους,
2601 2418 2694 2471 καὶ
2747 2417 3138 2484 Μακεδονίους,
3173 2419 3267 2472 καὶ
3309 2415 3741 2485 ’Δπολλιναρίους

2171 2513 2303 2583 ἡμῖν
2354 2511 2662 2582 ἐξεγείρας,
2706 2513 2834 2575 τοὺς
2883 2510 2985 2580 τῆς
3034 2512 3292 2581 δευτέρας
3323 2513 3510 2573 ἀθεῒας
3543 2507 3743 2576 προμά-

2170 2622 2320 2676 χους,
2363 2607 2458 2658 καὶ
2494 2602 2734 2666 διώκτας
2783 2603 2884 2674 τῆς
2925 2603 3162 2674 Χριστοῦ
3207 2603 3562 2673 Ἑκκλησίας,
3605 2600 3743 2653 οὐδὲν

2169 2691 2336 2766 ἧττον
2365 2694 2611 2762 ἐκείνων,
2639 2698 2688 2748 εί
2719 2693 2795 2765 μὴ
2830 2695 2926 2747 καὶ
2978 2695 3180 2762 μᾶλλον
3206 2711 3221 2726 ο
3246 2695 3364 2766 ὅσῳ
3386 2695 3479 2748 τοῦ
3502 2692 3742 2765 Χριστοῦ,

2169 2788 2329 2858 φησὶ,
2362 2787 2621 2856 φέροντες
2651 2787 2821 2856 δνομα
2855 2787 2945 2855 (τά
2976 2789 3085 2855 γὰρ
3107 2785 3217 2838 τῶν
3243 2786 3405 2854 ὲμῶν
3429 2783 3746 2839 διδασκάλων

2168 2881 2264 2933 καὶ
2323 2881 2488 2935 πάλιν
2530 2878 2874 2949 φθέγξομαι)
2925 2879 3306 2949 ψευδόχριστοι
3371 2882 3465 2932 καὶ
3496 2879 3744 2948 Χριστια-

2169 2975 2283 3036 νοῖς
2319 2973 2524 3036 ὄνειδος
2574 2969 2718 3044 ἦσαν
2742 2989 2757 3003 ⁸
2791 2968 2873 3036 οἷς
2907 2974 3000 3027 καὶ
3038 2973 3100 3027 τδ
3152 2974 3333 3026 ποιεῖν
3363 2972 3541 3036 ἄθεον,
3575 2970 3664 3024 καὶ
3688 2967 3742 3019 τ’)

2172 3069 2406 3138 πάσχειν
2459 3065 2668 3132 ἄδοξον,
2719 3067 2799 3138 τῷ
2864 3066 3001 3136 μηδὲ
3045 3065 3358 3118 ἀδικεῖσθαι
3398 3066 3597 3129 δοκεῖν,
3621 3061 3742 3132 μηδὲ

477 3155 619 3208 allici
656 3154 861 3224 injuria
921 3171 1102 3227 neque
1158 3157 1215 3212 in
1270 3175 1372 3215 nos
1427 3161 1777 3232 magniﬁcum
1813 3164 2060 3234 martyrii

2172 3156 2232 3210 τὸ
2261 3155 2682 3226 μεγαλοπρεπὲς
2718 3154 2892 3224 ὄνομα
2935 3156 3221 3224 προσεῖναι
3256 3155 3360 3223 τὴν
3425 3152 3740 3225 μαρτυρίαν,

478 3262 682 3302 nomen
716 3250 1036 3317 convenire,
1093 3253 1188 3308 sed
1219 3269 1320 3308 nos
1350 3255 1515 3309 etiam
1577 3255 1668 3310 hic
1703 3256 1874 3310 furari
1922 3273 2062 3332 quo-

477 3341 778 3397 dammodo
810 3343 1122 3409 veritatem,
1161 3356 1218 3399 et
1248 3346 1357 3414 pati
1399 3355 1458 3400 ut
1511 3345 1855 3402 Christianos
1879 3386 1895 3412 ,
1933 3364 2060 3403 cum

2166 3248 2304 3303 ἀλλά
2337 3246 2618 3302 κάνταῦθα
2656 3245 2986 3300 κλέπτεσθαι
3015 3249 3114 3316 τὴν
3141 3246 3424 3315 ἀλήθειαν,
3455 3249 3743 3314 πάσχοντας

2163 3343 2238 3406 ὡς
2261 3341 2628 3414 Χριστιανοὺς
2657 3340 2729 3403 ὡς
2751 3339 2968 3402 ἀσεδεῖς
2990 3339 3342 3403 κολάζεσθαι.
3365 3339 3476 3392 Καὶ
3497 3338 3582 3390 διὰ
3601 3333 3746 3388 τοῦτο

475 3439 696 3494 i;.tcrim
755 3448 817 3493 ut
861 3437 1013 3507 impii
1056 3453 1250 3508 poenas
1304 3441 1734 3496 exsolveremus.
1765 3442 1942 3512 Atque
1981 3443 2062 3497 id-

2169 3433 2397 3505 ἠγέρθη»
2424 3433 2582 3502 φησὶ,
2608 3432 2775 3502 κέρας
2807 3433 3082 3502 σωτηρίας
3114 3433 3245 3502 ἡμῖν
3276 3432 3641 3503 ἠδικημένοις,
3664 3426 3748 3478 καὶ

475 3534 630 3586 ciri-o
661 3533 960 3586 excitatum
993 3542 1079 3586 est
1115 3532 1298 3598 nobis,
1333 3534 1533 3604 inquit,
1561 3549 1732 3589 cornu
1759 3536 1970 3600 salutis,
2005 3545 2062 3590 et

2169 3527 2308 3589 λίθος
2340 3527 2758 3595 ἀκρογωνιαίος,
2796 3525 3032 3578 συνδέων
3079 3523 3260 3594 ἑαυτῷ
3286 3541 3347 3576 τε
3388 3524 3482 3577 καὶ
3510 3519 3748 3590 ἀλλήλοις

475 3625 620 3694 lapis
651 3624 956 3696 angularia,
989 3623 1095 3679 sibi
1149 3639 1252 3679 nos
1292 3631 1349 3680 et
1376 3634 1594 3680 nosmet
1645 3637 1837 3681 mutuo
1865 3626 2059 3681 eadem

2169 3617 2649 3690 ἡμᾶς.Ἐνε6λήθη
2685 3618 2827 3671 κατά
2850 3617 3091 3687 καιρδνή
3121 3616 3434 3688 θαυμαστὴ,
3461 3615 3622 3686 φημὶ,
3649 3611 3748 3663 τῶν

477 3732 744 3786 compage
782 3717 1144 3788 conjungens.
1171 3717 1423 3772 lmmissa
1454 3729 1538 3773 est
1558 3733 1658 3774 suo
1679 3729 1932 3788 tempore
1964 3719 2059 3773 ad-

473 3809 732 3865 miranda
793 3808 911 3863 haec
977 3809 1362 3880 theologorum
1442 3810 1690 3876 trinitas;
1750 3819 1846 3866 aut
1920 3812 2062 3881 ignis

475 3914 722 3969 purgans
758 3896 919 3954 faeces
977 3913 1042 3952 ac
1093 3899 1308 3964 sordes,
1344 3909 1439 3955 aut
1478 3900 1845 3955 ventilabrum
1897 3903 2064 3978 rusti-

474 4007 626 4057 cum,
651 4007 763 4060 quo
790 3990 986 4046 levltas
1025 4000 1080 4046 et
1109 3992 1350 4061 gravitas
1384 3991 1702 4062 dogmatum
1731 3993 2060 4058 secernitur;

475 4095 572 4140 aut
633 4084 883 4150 ferrum,
935 4084 1241 4153 nequitiam
1298 4083 1566 4140 radicitus
1614 4085 1960 4142 exscindens.
1997 4088 2066 4143 Et

477 4177 721 4233 Verbum
773 4190 908 4231 suos
941 4176 1046 4231 sibi
1085 4176 1372 4247 adjutores
1420 4177 1668 4241 invenit;
1721 4189 1777 4234 et
1822 4179 2064 4251 Spiritus

475 4271 570 4340 qui
604 4284 703 4340 pro
740 4270 860 4340 ipso
905 4269 1118 4340 spirare
1168 4271 1372 4336 velint,
1407 4272 1785 4328 nanciscitur.-
1813 4269 1954 4331 Hine
1979 4293 2064 4333 se-

482 4365 663 4419 cunda
693 4363 914 4419 vocatio
963 4371 1020 4418 et
1062 4363 1406 4432 apostolatus
1431 4403 1446 4428 ,
1499 4374 1556 4419 et
1611 4365 1890 4437 Evangelii
1925 4386 2063 4426 nova

474 4457 821 4529 prmdicatio,
859 4457 1017 4511 chori
1053 4456 1278 4510 Patrum
1317 4455 1734 4527 theologorum,
1792 4461 2016 4532 inquam
2043 4504 2060 4530 ,

2164 3713 2433 3781 θεολόγων
2467 3712 2607 3783 αῦτη
2641 3713 2830 3782 τριάς·
2859 3711 2893 3780 ἢ
2933 3709 3046 3780 πῦρ
3097 3711 3468 3780 καθαρτήριον
3497 3708 3590 3776 τῆς
3623 3701 3750 3774 φαύ-

2165 3805 2267 3876 λης
2325 3805 2458 3876 ῦλης
2494 3807 2588 3858 καὶ
2640 3805 2924 3874 μοχθηρᾶς
2946 3817 2961 3833 ⁸
2993 3802 3025 3872 ἢ
3055 3803 3225 3854 πτύον
3277 3801 3603 3872 γεωργικὸν,
3635 3791 3675 3866 ᾧ
3697 3795 3752 3847 τὸ

2165 3898 2372 3967 κοῦφον
2425 3897 2533 3951 τῶν
2565 3897 2879 3966 δογμάτων,
2923 3896 3016 3949 καὶ
3045 3895 3104 3948 τὸ
3137 3895 3276 3964 βαρὺ
3312 3894 3652 3965 διακρίνεται
3673 3903 3685 3916 ⁸
3715 3891 3746 3957 ἦ

2169 3993 2419 4063 μάχαιρα
2452 3990 2548 4053 τὰς
2579 3990 2678 4060 τῆς
2714 3989 2917 4050 κακίας
2953 3989 3110 4057 ῥίζας
3161 3987 3524 4050 ὲκτέμνουσα.
3584 3985 3686 4036 Καὶ
3726 3981 3752 4031 ὁ

2171 4087 2343 4155 Λόγος
2372 4085 2622 4154 εὑρίσκει
2655 4082 2781 4145 τοὺς
2809 4081 2973 4143 ἰδίους
2999 4080 3350 4150 συμμάχους,
3379 4080 3476 4133 καὶ
3500 4078 3560 4131 τὸ
3586 4071 3749 4128 Πνεῦ-

2168 4198 2244 4250 μα
2278 4176 2703 4250 παραλαμϐάνει
2728 4174 2856 4234 τοὺς
2896 4173 3037 4243 ὑπὲρ
3085 4173 3250 4225 αὑτοῦ
3290 4172 3638 4231 πνεύσοντας.
3663 4167 3752 4218 Διά

2164 4274 2337 4330 ταῦτα
2373 4275 2406 4343 ἡ
2437 4271 2669 4342 δευτέρα
2698 4268 2916 4338 κλῆσις,
2945 4270 3038 4320 καὶ
3063 4265 3360 4334 ἀποστολὴ,
3395 4267 3490 4318 καὶ
3519 4265 3578 4316 τὸ
3603 4263 3754 4325 εύαγ·

2166 4365 2390 4435 γελικδν
2411 4359 2569 4426 αὖθις
2620 4365 2907 4432 κήρυγμα,
2940 4360 3035 4412 τοῦ
3076 4358 3264 4429 χοροῦ,
3299 4361 3468 4429 φημὶ,
3505 4357 3611 4410 τῶν
3641 4355 3752 4407 θεο-

2167 4457 2347 4524 λόγων
2389 4455 2676 4525 Πατέρων,
2709 4453 2853 4505 κατά
2891 4451 2994 4521 τῆς
3031 4450 3292 4520 δευτέρας
3354 4448 3610 4510 ἀσεϐείας
3666 4441 3754 4497 καὶ

478 4559 672 4602 contra
705 4547 1004 4604 secundam
1038 4548 1380 4616 impietatem
1435 4557 1492 4603 et
1528 4549 1739 4617 ἀθεϊαν,
1779 4555 2058 4623 apostolo.

2169 4551 2387 4616 ἀθεῒας,
2423 4550 2536 4603 τῶν
2572 4549 2712 4620 μετά
2761 4550 2886 4610 τοὺς
2926 4545 3259 4610 ἀποστόλους
3294 4544 3633 4606 ἀποστόλων,
3663 4538 3752 4592 καὶ

477 4655 599 4694 rum
635 4640 849 4696 scilicet
877 4649 1000 4708 post
1039 4638 1341 4708 apostolos,
1371 4649 1428 4693 et
1457 4643 1920 4712 evangelistarum
1940 4655 2065 4716 post

476 4724 874 4804 evangelistas,
917 4741 974 4788 et
1025 4732 1409 4801 theologorum
1459 4744 1582 4803 post
1635 4736 1957 4808 theologos;
2010 4747 2067 4793 et

478 4826 701 4890 Petrus,
727 4833 783 4879 et
815 4824 1078 4888 Joannes,
1107 4825 1202 4894 qui
1231 4825 1491 4880 videntur
1537 4835 1591 4881 et
1620 4841 1751 4884 sunt
1797 4830 2068 4886 columnae

479 4917 743 4972 Ecclesiae
779 4915 984 4970 Christi
1021 4924 1118 4970 :et
1152 4929 1278 4984 post
1315 4916 1436 4971 illos
1469 4919 1666 4974 tertius
1693 4920 1802 4976 illis
1839 4923 2068 4993 conglu-

481 5010 713 5074 tinatus,
742 5019 970 5078 etaeque
1014 5007 1374 5063 honorandus
1415 5009 1651 5077 Paulus,
1678 5013 1890 5068 tametsi
1924 5022 2068 5070 tem-

480 5103 616 5173 pore
647 5102 812 5172 paulo
849 5099 1146 5170 posterior;
1182 5101 1299 5157 zelo
1331 5111 1535 5167 tamen,
1587 5105 1806 5171 studio,
1834 5115 1974 5174 arte,
2011 5113 2068 5161 et

481 5191 815 5263 evangelicis
843 5191 1243 5248 certaminibus
1281 5209 1400 5262 par,
1434 5196 1755 5266 eisdemque
1781 5206 1837 5252 et
1862 5197 2069 5254 contm-

479 5287 739 5349 deratus;
769 5284 872 5352 ipsi
898 5284 1137 5339 vertices
1164 5293 1219 5340 et
1250 5288 1512 5355 priesides
1545 5290 1701 5344 chori
1741 5291 1927 5361 hujus,
1953 5293 2068 5346 sic-

483 5386 541 5430 ut
565 5387 693 5430 ante
720 5375 968 5429 memini.

551 5469 752 5522 Verum
796 5467 1079 5520 enimvero
1135 5468 1457 5538 primorum
1533 5471 1928 5542 discipulorum
2012 5484 2065 5530 et

480 5560 856 5629 apostolorum
915 5561 1085 5614 robur
1121 5560 1173 5614 in
1208 5561 1379 5632 signis
1419 5578 1483 5616 ac
1517 5565 1808 5632 portentis.
1843 5565 1896 5618 in
1953 5564 2063 5620 lin-

482 5651 607 5718 guis
635 5691 648 5710 .
702 5650 1134 5726 revelationibus
1159 5694 1174 5719 ,
1223 5653 1500 5709 vaticiniis
1553 5656 1932 5722 consistebat,
1967 5674 2065 5726 per

478 5756 603 5807 qua:
650 5743 965 5796 universum
998 5745 1101 5798 sub
1136 5745 1251 5801 sole
1299 5747 1566 5800 muudum
1605 5748 1971 5813 vivilicaruut,
2008 5759 2064 5804 et

478 5831 546 5884 ad
572 5852 631 5888 ea
659 5836 840 5891 verbis
868 5852 975 5890 non
1039 5838 1225 5892 multis
1261 5853 1400 5906 opus
1451 5837 1787 5905 habuerunt,
1833 5839 1884 5893 id
1925 5841 2066 5908 quod

2170 4640 2578 4708 εύαγγελιστῶν
2605 4639 2748 4708 μετὰ
2766 4639 2893 4703 τοὺς
2919 4636 3343 4706 εὐαγγελιστάς,
3372 4637 3468 4690 καὶ
3497 4633 3752 4701 θεολόγων

2172 4735 2312 4804 μετά
2357 4733 2484 4795 τοὺς
2530 4731 2834 4801 θεολόγους,
2862 4733 2956 4785 καὶ
2993 4733 3222 4802 Πέτρος,
3263 4732 3359 4784 καὶ
3398 4729 3668 4796 Ἰωάννης,
3703 4723 3748 4775 oi

2167 4821 2450 4884 δοκοῦντες
2475 4819 2568 4875 καὶ
2596 4821 2747 4883 ὄντες
2775 4821 2958 4874 στῦλοι
3002 4821 3098 4891 τῆς
3133 4819 3374 4890 Χριστοῦ
3413 4814 3746 4885 Ἐκκλησίας.

2169 4916 2264 4967 καὶ
2287 4917 2468 4982 τρίτος
2492 4913 2608 4983 μετ’
2625 4914 2868 4979 ἐκείνους
2886 4915 2914 4966 6
2940 4911 3193 4984 συμφυὴς
3211 4913 3305 4964 καὶ
3327 4911 3585 5000 ὁμόὶιμος
3613 4902 3750 5000 Παῦ-

2170 5007 2285 5070 λος,
2319 5007 2366 5059 εί
2391 5009 2485 5060 καὶ
2520 5005 2598 5077 τῷ
2643 5007 2822 5077 χρόνῳ
2845 5006 3019 5077 βραχὺ
3059 5005 3178 5074 μετ’
3214 4992 3489 5066 ὲκείνουξ,
3516 4999 3651 5053 ἀλλά
3677 4992 3747 5063 τῷ

2171 5101 2349 5170 ζήλῳ,
2379 5103 2471 5154 καὶ
2501 5104 2568 5172 τῇ
2613 5101 2840 5170 σπουδῇ,
2873 5102 2969 5152 καὶ
3006 5101 3073 5168 τῇ
3107 5097 3296 5168 τέχνῃ,
3327 5097 3421 5149 καὶ
3450 5097 3558 5157 τοῖς
3621 5089 3749 5156 ὑπὲρ

2171 5192 2266 5246 τοῦ
2297 5195 2642 5262 Εὑαγγελίου
2678 5195 2887 5260 ἀγῶσιν
2917 5192 3028 5256 ἴσος
3077 5196 3172 5246 καὶ
3195 5189 3474 5262 ὀμοταγὴς
3507 5184 3744 5242 ἐκείνοις,

2172 5291 2268 5342 καὶ
2295 5288 2577 5358 σύμπνους
2599 5305 2612 5320 ο
2651 5290 2699 5340 οἱ
2743 5291 3033 5359 κορυφαῖοι
3093 5287 3189 5341 καὶ
3219 5283 3626 5356 προκαθήμενοι
3655 5272 3744 5329 τοῦ

2171 5381 2333 5453 χοροῦ
2366 5382 2580 5448 τούτου,
2621 5381 2764 5435 καθά
2794 5381 2856 5450 δὴ
2881 5378 3277 5451 καὶπροῦφην.

2257 5471 2420 5524 Ἀλλὰ
2459 5474 2572 5534 τοῖς
2608 5473 2707 5540 μὲν
2733 5470 2973 5538 πρώτοις
3005 5471 3277 5541 μαθηταῖς
3303 5487 3360 5522 τε
3400 5471 3494 5524 καὶ
3523 5468 3742 5524 ἀποστό-

2173 5563 2286 5626 λοες
2321 5566 2379 5615 ὲν
2410 5563 2660 5634 σημείοις
2691 5581 2757 5616 τε
2791 5565 2886 5616 καὶ
2919 5561 3184 5634 θαύμασι,
3219 5563 3312 5617 καὶ
3333 5565 3620 5631 γλώσσαις,
3653 5559 3737 5614 καὶ

2173 5656 2718 5724 ἀποκαλύῴεσιπκαὶ
2776 5656 3140 5726 προφητείαις
3191 5659 3251 5709 τὸ
3298 5655 3496 5726 κράτος
3550 5651 3634 5727 ἦν,
3673 5649 3736 5702 δι’

2173 5750 2353 5802 αὐτῶν
2386 5750 2708 5821 ζωγρήσασι
2761 5749 2861 5819 τὴν
2925 5749 3015 5816 ὑφ’
3050 5749 3202 5818 ἦλιον
3240 5753 3448 5803 πᾶσαν·
3483 5750 3570 5798 καὶ
3611 5746 3734 5812 βρα-

2174 5844 2272 5913 χέα
2307 5845 2429 5894 τινα
2483 5843 2618 5912 πρὸς
2675 5843 2856 5896 ἐκεῖνα
2889 5842 3128 5914 δεηθεῖσι
3164 5843 3255 5896 τοῦ
3288 5842 3466 5909 λόγου,
3504 5843 3732 5901 καιαπερ
