4036 6450
430 397 529 460 781

1489 413 1875 475 LAUDATlO
1915 412 2168 474 TRIUM
2215 417 2645 489 DOCTORUM.

3582 436 3690 500 782

425 515 597 568 είπὼν
625 512 795 590 ἔφθην
816 538 829 553 ο
850 524 956 588 τοῖς
977 524 1034 576 δέ
1051 542 1112 594 γε
1136 527 1453 597 κορυφαίοις
1483 533 1712 596 τούτοις,
1736 533 1846 594 τοίς
1878 531 2001 602 μετό

2117 552 2280 608 supra
2319 542 2492 612 tetigi.
2529 547 2597 599 At
2621 543 2743 601 istis
2769 547 3132 619 principibus,
3157 552 3531 620 apostolorum
3562 570 3694 610 suc-

426 610 554 668 τοίις
605 610 939 675 ἀποστόλους
997 617 1329 684 ἀποστόλοις,
1362 624 1458 674 καὶ
1513 621 1808 689 θεολόγοις,
1875 623 2012 692 μηδὲ

425 700 633 754 τούτων
664 704 863 768 ἐνδεῶς
922 708 1337 776 μηδοτιωστιοῦν
1385 713 1697 783 ὲσχηκόσιν,
1727 715 1784 766 ὲν
1832 713 2011 779 λόγοις

426 792 525 844 καὶ
557 811 620 844 πε
635 796 685 863 ρὶ
729 795 921 862 λόγους
955 794 1020 869 ἦν
1044 802 1070 852 ό
1108 802 1256 868 ἀγὼν
1285 805 1378 857 καὶ
1413 805 1473 856 τὸ
1517 806 1736 875 κράτος.
1780 806 2006 873 Ἐπειδὴ

423 884 530 952 γὰρ
555 887 616 936 οὺ
640 888 775 953 πρὸς
791 888 982 941 είδωλα
1024 894 1117 945 καὶ
1141 895 1380 965 φανερὰν
1402 897 1716 963 κτισμάτων
1732 895 2007 966 λατρείαν,

422 977 557 1034 ἀλλὰ
586 981 721 1049 πρὸς
745 981 948 1048 ὕφαλον
978 1003 1100 1039 τινα
1123 987 1217 1038 καὶ
1244 993 1632 1058 κεκρυμμένην
1678 989 1866 1041 ἀθεΐαν
1917 987 2012 1041 καὶ

421 1070 670 1123 δουλείαν
697 1069 851 1137 αὖθις
871 1077 1190 1147 κτισμάτων
1206 1080 1234 1131 ὁ
1255 1078 1404 1146 ἁγὼν
1429 1075 1497 1149 ἦν
1517 1082 1625 1141 τοῖς
1644 1082 2006 1150 κυϐερνήταις

420 1162 630 1226 τούτοις
663 1164 756 1217 τοῦ
787 1168 1130 1237 παγκοσμίου
1157 1171 1396 1236 σκάφους
1425 1171 1521 1238 τῆς
1567 1171 1907 1240 Ἐκκλησίας.
1945 1170 2008 1222 Τί

415 1259 528 1329 γὰρ
546 1260 640 1311 καὶ
667 1259 917 1312 ἐϐούλετο
934 1263 1044 1333 τοῖς
1065 1260 1321 1324 διώκταις
1345 1263 1404 1314 τὸ
1430 1262 1560 1314 Θεὸν
1582 1264 1679 1332 μὲν
1693 1263 2001 1332 ὁμωνύμως

421 1351 606 1404 καλεῖν
653 1353 745 1404 τὸν
799 1356 1081 1422 μονογενῆ,
1115 1354 1207 1405 καὶ
1267 1355 1578 1420 όμοούσιον,
1614 1355 1710 1408 καὶ
1740 1356 2004 1424 ὁμότιμον

417 1440 513 1492 τοῦ
545 1440 680 1492 Θεοῦ
719 1441 916 1509 Λόγον,
951 1445 1032 1504 εἰς
1075 1442 1280 1512 κτίσμα
1311 1443 1366 1496 δὲ
1395 1445 1584 1497 τόὖτον
1610 1449 1901 1514 κατάγειν·
1942 1447 2004 1502 τὸ

414 1532 474 1585 δὲ
505 1534 756 1602 συμφυές
809 1550 867 1585 τε
924 1533 1020 1586 καὶ
1054 1533 1355 1605 σύνθρονον
1401 1537 1568 1588 αὐτοῦ
1613 1537 1835 1607 Πνεῦμα
1864 1540 2004 1607 μήτε

415 1625 550 1678 Θεὸν
584 1625 899 1695 ὀνομάζειν,
925 1629 1018 1680 καὶ
1041 1629 1124 1690 εἰς
1157 1628 1336 1680 κτίσιν
1364 1631 1652 1700 κατασπᾷν
1675 1631 1878 1700 ὁμοίως
1907 1631 2004 1684 καὶ

415 1716 578 1768 τοῦτο
600 1731 614 1781 ;
640 1717 670 1784 ἡ
699 1715 935 1784 πονηρὰ,
970 1717 1134 1785 φημὶ,
1162 1717 1429 1786 διαίρεσις
1465 1718 1680 1786 Ἀρείου
1712 1722 1802 1772 καὶ
1825 1720 2002 1778 ὰθεῖα.

417 1807 484 1860 Τί
513 1807 569 1860 δὲ
619 1809 650 1876 ἠ
707 1805 1026 1871 Σαὸἐλλειος
1089 1807 1385 1877 συναλοιφή
1438 1812 1530 1863 καὶ
1575 1809 1836 1879 σύγχυσις
1895 1813 2010 1866 τῶν

415 1900 586 1972 τριῶν
619 1900 700 1962 είς
730 1899 792 1950 τὸ
828 1899 922 1967 ἓν;
949 1899 1028 1960 ὡς
1065 1900 1207 1970 μήτε
1261 1902 1414 1971 τρία,
1447 1902 1586 1973 μήτε
1618 1903 1677 1956 ἓν
1705 1904 1828 1956 κατ⁹
1859 1906 2004 1957 ὲκεί-

418 2007 543 2055 νους
567 1991 628 2044 τὺ
661 1990 1143 2061 προσκυνούμενον
1193 1986 1361 2057 εἶναι,
1393 1994 1425 2064 ἡ
1463 1993 1623 2064 καινὴ
1656 1995 1749 2048 καὶ
1783 1994 2005 2048 ἀλλόκο-

419 2100 509 2146 τος
554 2084 733 2139 ἁθεῒα.
767 2085 843 2136 Οὐ
894 2083 1000 2154 μὴν
1045 2083 1181 2138 ἀλλὰ
1213 2085 1308 2137 καὶ
1339 2086 1401 2138 τὸ
1451 2085 1689 2155 Χριστοῦ
1745 2086 2012 2156 φέροντες-

412 2176 609 2246 δνομα,
648 2177 698 2228 οἱ
732 2175 983 2246 πολέμιοι
1013 2175 1256 2246 Χριστοῦ
1309 2178 1404 2230 καὶ
1450 2177 1550 2248 τῆς
1575 2178 1738 2231 αὐτοῦ
1773 2179 2004 2250 Ἐκκλη-

415 2269 562 2332 σίας,
599 2268 906 2337 ἀμφίὸολόν
966 2286 1085 2332 πως
1135 2270 1502 2338 Χριστιανοῖς,
1557 2270 1590 2339 ἦ
1642 2271 1999 2339 Χριστιανῶν

416 2362 527 2423 τοῖς
578 2360 968 2430 ἁπλουστέροις
1024 2377 1086 2414 τε
1139 2361 1236 2414 καὶ
1264 2360 1515 2430 ἀτέκνοις
1550 2362 1640 2414 τὸν
1669 2363 1857 2429 ἀγῶνα
1907 2365 2006 2417 καὶ

414 2455 514 2523 τὴν
545 2455 646 2523 τῆς
695 2453 953 2523 ἀληθείας
1005 2453 1294 2522 ἀνεύρεσιν
1336 2455 1636 2510 ὲνεποίουν.
1692 2455 1793 2508 Διὰ
1845 2456 2004 2509 τοῦτο

416 2550 529 2608 τοῖς
562 2546 883 2617 κορυφαίοις
919 2546 1030 2599 τῶν
1056 2546 1395 2601 διδασκάλων
1427 2548 1554 2618 περὶ
1593 2548 1684 2600 τὸν
1713 2548 1870 2617 λόγον
1895 2550 2004 2612 πᾶς

410 2639 443 2691 δ
471 2637 623 2706 ἁγὼν
653 2635 741 2709 ἦν,
776 2639 914 2709 ὅπερ
946 2638 1105 2709 ἔφην,
1140 2641 1234 2692 καὶ
1289 2641 1382 2692 τὸν
1440 2640 1604 2693 αὐτὸν
1658 2640 1764 2693 ἔδει
1805 2642 1902 2695 καὶ
1942 2641 2006 2694 τὸ

416 2733 616 2786 οἰκεῖον
653 2731 952 2793 παιδεύειν,
985 2733 1084 2786 καὶ
1136 2732 1368 2796 πείθειν,
1403 2735 1497 2786 καὶ
1547 2734 1684 2803 πρὸς
1718 2734 2002 2799 εὐσεϐείας

417 2826 792 2898 καταρτίζειν,
820 2827 917 2879 καὶ
938 2825 1000 2879 τὸ
1020 2825 1302 2894 ἀλλότριον
1326 2826 1804 2892 ἀποσκευάζεσθαι
1824 2843 1837 2856 ·
1865 2826 2006 2896 μᾶλ-

417 2918 510 2972 λον
541 2919 597 2971 δὲ
624 2921 718 2970 καὶ
754 2919 883 2981 τοὺς
925 2920 1026 2988 τῆς
1078 2918 1402 2982 κακοδοξίας
1442 2919 1743 2988 ἐξελέγχειν
1773 2917 2008 2988 προστά.

415 3029 535 3076 τας,
566 3011 920 3082 βλασφημίας
964 3013 1044 3074 είς
1108 3010 1170 3064 τὸ
1227 3010 1363 3079 ὕψος
1408 3011 1726 3073 λαλοῦντας.
1757 3012 2005 3066 Ἕθεντο

414 3105 522 3173 γὰρ
556 3104 655 3159 καὶ
685 3107 772 3170 είς
805 3103 1070 3172 οὐρανὸν
1094 3103 1158 3157 τὸ
1185 3105 1402 3172 στόμα,
1436 3102 1575 3156 κατὰ
1602 3101 1692 3154 τὸν
1725 3103 1998 3173 μακάριον

2115 634 2428 688 cessoribus
2461 651 2523 690 ac
2557 638 2842 710 theologis,
2868 658 2936 696 ne
2964 642 3054 696 hic
3077 644 3298 712 quidem
3323 645 3430 702 ulla
3471 649 3686 703 ratione

2116 727 2468 792 pauperibus,
2498 727 2552 782 in
2607 745 2864 787 sermone
2886 775 2900 798 ,
2931 742 2987 788 et
3017 736 3162 790 circa
3215 752 3496 794 sermones
3521 750 3688 809 atque

2115 815 2423 872 doctrinam
2453 837 2616 876 omne
2646 835 2927 881 certamen
2971 844 3034 882 ac
3068 829 3237 883 robur
3259 830 3383 884 fuit.
3417 832 3690 897 Quoniam

2113 922 2221 961 non
2259 910 2524 968 adversus
2555 914 2699 986 idola
2728 957 2742 980 ,
2803 918 3264 989 manifestumque
3312 933 3689 977 creaturarum

2112 1001 2344 1064 cultum,
2399 1004 2494 1058 sed
2528 1014 2719 1059 contra
2752 1001 3039 1063 subdolam
3071 1012 3384 1079 quamdam,
3412 1023 3468 1067 et
3499 1014 3688 1068 occul-

2113 1102 2221 1146 tam
2255 1094 2307 1148 in
2339 1097 2508 1150 Deum
2536 1097 2896 1167 impietatem,
2937 1112 2992 1156 ct
3025 1119 3219 1158 novatn
3249 1121 3376 1176 erga
3405 1117 3690 1162 creaturas

2112 1185 2438 1242 servitutem
2478 1188 2764 1265 conﬂictus
2801 1207 2830 1244 a
2873 1193 3338 1262 gubernatoribus
3383 1197 3502 1251 istis
3534 1200 3688 1254 navis

2113 1275 2368 1332 Ecclesia:
2437 1280 2604 1334 totius
2644 1283 2834 1337 mundi
2894 1286 3318 1355 suscipiebatur.
3361 1287 3502 1355 Quid
3539 1292 3685 1345 enim

2108 1369 2212 1422 sibi
2258 1371 2520 1428 volebant
2572 1385 2994 1444 persecutores,
3054 1395 3178 1433 cum
3237 1381 3601 1450 unigenitum,
3632 1393 3689 1439 ct

2107 1462 2606 1532 consubstantiale,
2660 1476 2717 1522 et
2766 1469 2975 1523 honore
3029 1473 3239 1540 mquale
3296 1475 3388 1528 Dei
3443 1475 3683 1530 Verbum

2107 1555 2389 1608 communi
2417 1558 2640 1612 nomine
2672 1559 2840 1614 Deum
2871 1563 3237 1631 appellarent,
3266 1576 3322 1621 et
3353 1566 3494 1621 idem
3535 1568 3683 1620 nihi-

2106 1643 2351 1700 lominus
2384 1647 2450 1701 ad
2480 1661 2786 1705 creaturam
2815 1669 2991 1723 usque
3035 1655 3444 1726 deprimerent;
3474 1675 3685 1714 conna-

2107 1737 2338 1792 turalem
2368 1755 2535 1809 porro
2555 1780 2570 1807 ,
2606 1752 2662 1797 et
2685 1745 2932 1814 ejusdem
2975 1749 3158 1802 throni
3186 1751 3395 1805 socium
3425 1752 3681 1822 spiritum

2106 1842 2208 1881 nec
2237 1829 2331 1884 Dei
2368 1831 2636 1888 vocabulo
2682 1837 3064 1906 nominarent,
3105 1850 3161 1896 et
3190 1843 3256 1896 ad
3305 1854 3684 1898 creaturarum

2109 1920 2356 1976 ordinem
2393 1916 2647 1980 Similiter
2677 1927 3030 1986 detraherent
3055 1933 3082 1985 ?
3111 1948 3409 2002 perversa,
3440 1935 3684 2004 inquam,

2108 2010 2306 2068 divisio
2350 2025 2407 2069 et
2439 2017 2596 2070 ἀθεῒα
2639 2019 2775 2075 Arii.
2811 2022 2956 2088 Quid
2991 2023 3301 2080 Sabelliana
3349 2028 3682 2089 commistio.

2105 2113 2161 2156 et
2196 2104 2364 2157 trium
2392 2106 2447 2160 in
2481 2123 2650 2162 unum
2685 2109 2980 2166 confusio?
3010 2123 3070 2167 ut
3103 2116 3408 2170 secundum
3442 2117 3566 2172 illos
3588 2134 3686 2172 ne-

2105 2210 2212 2264 que
2246 2196 2348 2274 tria
2389 2214 2567 2268 neque
2599 2217 2770 2255 unum
2827 2212 2996 2266 esset,
3032 2204 3178 2274 quod
3228 2205 3491 2259 adoratur
3545 2220 3685 2262 nova

2107 2295 2164 2340 et
2195 2272 2430 2342 absurda
2465 2287 2648 2347 ἀθεῖσ.
2684 2289 2826 2357 Quin
2889 2272 3063 2348 etiam
3103 2293 3310 2352 Christi
3363 2309 3561 2349 nomen
3593 2309 3686 2365 ge-

2105 2387 2330 2439 rentes,
2388 2379 2616 2434 dubium
2671 2383 3028 2447 Christianis,
3084 2384 3201 2439 sive
3241 2384 3685 2440 Christianorum

2118 2469 2551 2538 simplicioribus
2611 2481 2667 2528 et
2720 2475 2951 2529 rudibus
3005 2484 3281 2531 certamen
3332 2488 3389 2532 et
3438 2477 3688 2531 veritatis

2107 2562 2480 2618 i-nvcntionen-
2497 2564 2794 2622 faciebant.
2817 2567 3084 2632 Quocirca
3115 2568 3184 2624 ab
3232 2567 3366 2638 ipsis
3393 2571 3684 2640 magistro-

2107 2669 2228 2708 rum
2257 2649 2564 2726 corypha‘is
2597 2671 2765 2726 opera
2815 2657 2998 2713 omnis
3032 2659 3086 2714 in
3127 2674 3436 2718 sermonem
3480 2671 3539 2715 et
3587 2661 3688 2716 do-

2107 2743 2343 2798 ctrinam
2373 2743 2568 2801 collata
2597 2754 2701 2810 est,
2723 2755 2784 2800 ut
2806 2746 2941 2813 dixi,
2969 2749 3334 2818 eumdcmque
3361 2759 3417 2804 et
3431 2749 3687 2805 domesti-

2105 2849 2201 2891 cos
2250 2836 2473 2890 erudire
2508 2876 2523 2902 ,
2577 2833 2972 2908 suadendoque
3021 2839 3088 2894 ad
3139 2841 3360 2916 pietatis
3422 2856 3685 2896 numeros

2106 2941 2462 2997 componere,
2501 2939 2558 2984 et
2586 2930 2800 2986 alienos
2827 2931 3042 2986 amoliri
3070 2932 3387 3000 oportebat;
3421 2932 3535 2986 imo
3553 2947 3684 2987 vero

2107 3019 2486 3089 improbarum
2565 3021 2889 3090 opinionum
2965 3032 3228 3091 patronos
3297 3021 3626 3092 redarguere
3665 3064 3681 3088 ,

2106 3110 2478 3180 blasphemias
2504 3112 2560 3167 in
2599 3113 2770 3167 altum
2803 3115 3130 3183 loquentes:
3167 3115 3462 3169 Posuerunt
3491 3117 3684 3186 quippe

413 3201 577 3267 φάναι
609 3196 794 3262 Δαὸὶδ,
828 3197 927 3249 καί
961 3198 998 3265 ἡ
1038 3195 1292 3266 γλῶσσα
1338 3194 1538 3251 αὐτῶν
1587 3194 1842 3263 διῆλθεν
1898 3194 1996 3248 ἐπὶ

2106 3203 2161 3255 in
2192 3201 2378 3254 caelum
2405 3218 2462 3255 os
2488 3219 2663 3269 suum,
2694 3211 2755 3258 ut
2780 3203 2975 3260 beatus
3009 3205 3178 3259 David
3214 3206 3292 3260 ait
3320 3208 3363 3270 ',
3405 3213 3453 3258 et
3498 3204 3680 3275 lingua

409 3291 524 3361 τῆς
554 3290 689 3360 τῆς,
725 3291 819 3344 τὸν
861 3290 1094 3361 οὐρανὸν
1139 3290 1428 3345 κλινόντων
1453 3291 1534 3352 είς
1562 3289 1689 3358 γῆν,
1730 3289 1824 3343 καλ⁵
1849 3287 1991 3355 μετὰ

412 3382 508 3451 τῆς
570 3382 802 3443 κλίσεως
836 3379 1224 3452 ἀριθμούντων
1252 3379 1414 3450 φύσιν
1447 3379 1546 3449 τὴν
1581 3379 1988 3450 ὑπερκόσμιον·

413 3479 479 3547 ἢν
509 3475 629 3528 οὐδὲ
661 3475 862 3544 χωρεῖν
898 3476 930 3544 ἡ
963 3474 1140 3536 κτίσις
1168 3472 1416 3539 δύναται,
1455 3473 1560 3526 κᾶν
1597 3472 1717 3542 μεθ’
1753 3473 1910 3543 ἡμῶν
1939 3490 1993 3526 τι

413 3550 640 3636 γένηται
704 3565 848 3637 λόγῳ
876 3565 1310 3636 φιλανθρωπίας,
1347 3565 1414 3618 ἶν’
1443 3565 1593 3635 ἡμᾶς
1616 3563 1820 3634 ἑλκύσῃ
1857 3565 1994 3634 πρὸς

414 3659 614 3728 ἑαυτὴν
648 3660 825 3730 χαμαὶ
854 3660 1163 3728 κειμένους.
1213 3657 1355 3710 Ἀλλ’
1379 3659 1575 3712 ἐκεῖνοι
1609 3658 1707 3727 μὲν
1739 3657 1992 3725 τοιοῦτοι,

413 3755 511 3808 καὶ
547 3752 720 3816 οὕτως
749 3753 986 3824 ἔχοντες,
1022 3751 1174 3805 ἄλλοι
1205 3751 1538 3822 Σεναχερείμ
1565 3767 1730 3815 τινες,
1766 3752 1862 3804 καὶ
1883 3752 1996 3804 Nat-

415 3846 853 3916 ϐούχοδονόσοροι
895 3843 1039 3898 κατὰ
1075 3844 1444 3915 Ἰερουσαλήμ
1491 3862 1550 3898 τε
1581 3846 1676 3898 καὶ
1717 3844 1992 3909 Ἰουδαίας,

413 3934 448 4003 ἢ
483 3935 715 4004 Δαρεῐοι,
748 3934 842 3986 καὶ
899 3931 1120 4004 Ξέρξαι,
1152 3935 1247 3988 καὶ
1295 3935 1330 4004 ἡ
1369 3934 1808 4006 πολυθρύλλητος
1860 3937 1996 4004 Περ-

415 4032 544 4101 σικὴ
580 4031 829 4099 στρατιὰ,
853 4030 948 4084 καὶ
977 4030 1215 4102 ἀριθμοῦ
1246 4031 1535 4100 κρείττων,
1565 4031 1637 4094 ὥς
1670 4048 1824 4102 φασι,
1854 4031 1996 4086 κατὰ

418 4122 518 4190 τῆς
560 4121 830 4183 Ἑλλάδος.

488 4214 701 4267 Μᾶλλον
723 4207 780 4265 δὲ
813 4215 925 4276 τοῖς
975 4213 1323 4276 διδασκάλοις
1401 4213 1616 4278 τούτοις
1673 4214 1770 4268 καὶ
1840 4215 1996 4278 αὖθις

412 4304 500 4358 δεῖ
529 4305 943 4375 παραχωρῆσαι·
961 4303 1055 4358 τοῦ
1084 4303 1268 4373 λόγου,
1298 4308 1364 4360 τὰ
1390 4307 1607 4359 ἑαυτῶν
1639 4307 1781 4378 ὑπὲρ
1813 4309 1994 4361 πᾶσαν

421 4401 516 4453 καὶ
536 4385 805 4466 γλῶτταν,
838 4399 1004 4469 φημὶ,
1040 4401 1133 4452 καὶ
1162 4400 1403 4454 διάνοιαν
1435 4399 1631 4467 ἄριστα
1657 4401 1994 4466 διδάσκουσι,

418 4495 512 4548 καὶ
533 4494 608 4557 ὡς
641 4494 814 4557 οὐδείς
845 4511 930 4546 πω
964 4493 1073 4546 τῶν
1099 4493 1340 4546 πάντων.
1383 4489 1492 4546 Ἦν
1529 4494 1619 4546 ὅτε
1652 4494 1872 4568 ἤκμαζε
1929 4497 1997 4550 τὰ
2029 4517 2044 4568 ί

417 4587 686 4656 ἡμέτερα,
708 4586 864 4656 φησὶ,
897 4587 991 4640 καὶ
1030 4583 1210 4647 καλῶς
1235 4579 1405 4651 εἶχεν,
1465 4583 1626 4654 ἡνίκα
1651 4585 1712 4636 τὸ
1749 4584 1848 4654 μὲν
1903 4603 1996 4638 πε-

419 4681 600 4748 ριττὸν
621 4679 798 4743 τοῦτο,
833 4679 927 4730 καὶ
973 4677 1518 4744 κατεγλωττισμένον
1560 4679 1658 4749 τῆς
1717 4676 1994 4745 θεολογίας

415 4773 511 4826 καὶ
553 4771 798 4841 ἔντεχνον
827 4769 947 4823 οὐδὲ
977 4769 1212 4841 πάροδον
1240 4765 1384 4838 εἶχεν
1435 4770 1517 4831 είς
1563 4771 1664 4831 τὰς
1712 4768 1862 4832 θείας
1893 4770 1996 4822 αὑ-

413 4866 532 4930 λὰς,
556 4867 617 4920 τὸ
650 4867 704 4918 δὲ
736 4863 944 4918 ἁπλοῦν
969 4880 1024 4916 τε
1051 4865 1145 4918 καὶ
1191 4864 1413 4931 εὐγενὲς
1464 4862 1561 4917 τοῦ
1614 4864 1774 4932 λόγου
1836 4865 1996 4918 εὐσε-

416 4959 530 5012 ϐεῖν
561 4957 866 5027 ἐνομίζετο.
910 4948 1113 5026 ’Δφόὗ
1143 4953 1200 5009 δὲ
1255 4955 1462 5021 Σέξτοι,
1513 4955 1612 5010 καὶ
1677 4956 1994 5027 Πύρρωνεῆ

415 5053 570 5121 καὶὴ
623 5051 902 5113 ἁντίθετος
951 5049 1196 5115 γλῶσσα,
1253 5046 1514 5118 ὦσπερτι
1570 5049 1786 5118 νόσημα
1822 5051 1997 5104 δεινὸν

415 5145 509 5198 καὶ
549 5143 816 5212 κακόηθες
867 5142 967 5214 τὰς
1014 5141 1312 5209 ἐκκλησίας
1358 5141 1516 5211 ἡμῶν
1556 5142 1862 5209 εἰσέφθειρε
1900 5145 1998 5196 καὶ

417 5236 450 5305 ἡ
480 5235 717 5306 φλυαρία
747 5233 1028 5294 παίδευσις
1060 5231 1230 5298 ἔδοξε,
1281 5233 1379 5286 καὶ
1414 5233 1440 5286 ὅ
1481 5250 1615 5302 φησι
1642 5234 1772 5303 περὶ
1829 5232 1995 5304 Ἀθη-

416 5331 580 5382 ναίων
611 5327 848 5398 ήηβίὸλος
877 5325 987 5378 τῶν
1023 5325 1304 5395 Πράξεων,
1338 5326 1417 5388 εἰς
1444 5325 1597 5378 οὐδὲν
1624 5325 1754 5380 ἄλλο
1810 5325 1998 5380 εὐκαι-

416 5422 622 5494 ρούμεν
651 5421 683 5490 ἢ
720 5420 902 5488 λέγειν
946 5437 998 5472 τι
1022 5420 1117 5471 καὶ
1151 5418 1376 5471 ἀκούειν
1406 5418 1743 5488 καινότερον⁹
1791 5419 1996 5490 ταύτης

416 5516 512 5585 τῆς
537 5514 742 5582 λύσσης
767 5511 974 5582 ἤρξατο
1003 5511 1106 5580 μὲν
1142 5510 1361 5578 ’Δρειος
1392 5511 1422 5563 ὁ
1467 5511 1566 5580 τῆς
1599 5511 1796 5580 μανίας
1848 5509 1994 5563 ἐπώο

417 5626 610 5679 νυμος,
637 5608 697 5672 ὃς
726 5611 823 5662 καὶ
851 5607 1008 5677 δίκην
1048 5605 1252 5659 ἔδωκεν
1283 5605 1587 5659 ἀκολάστου
1617 5604 1870 5675 γλώσσης
1898 5603 1996 5674 τὴν

417 5707 475 5759 ὲν
507 5701 756 5774 βεϐήλοις
793 5702 975 5765 τόποις
1006 5701 1324 5767 κατάλυσιν,
1358 5700 1526 5772 εὐχῆς
1566 5687 1726 5771 ἔργον
1747 5701 1808 5754 οὐ
1843 5702 1996 5754 νόσου

493 5863 513 5894 ’³
548 5862 749 5917 Psalm.
780 5875 948 5925 ωιτη,
976 5860 1033 5916 9.
1111 5859 1132 5891 ⁸
1164 5859 1283 5914 Act.
1316 5876 1446 5928 ιιι-ιι,
1469 5857 1540 5911 2'2
1570 5873 1685 5931 seq.

2098 3310 2281 3348 eorum
2322 3297 2568 3349 transivit
2601 3296 2655 3349 in
2689 3305 2892 3351 terram
2924 3339 2938 3362 ,
2971 3297 3102 3352 dum
3144 3299 3349 3354 caelum
3390 3300 3445 3356 in
3479 3311 3681 3358 terram

2098 3388 2388 3452 inclinant,
2420 3399 2477 3442 et
2525 3405 2654 3444 cum
2696 3400 2950 3445 creatura
2986 3399 3236 3446 naturam
3277 3397 3683 3464 supermunda-

2097 3497 2224 3535 nam
2253 3491 2567 3546 numerant,
2593 3496 2757 3551 quam
2788 3497 2964 3550 neque
2997 3484 3470 3553 comprehendere
3495 3500 3682 3543 creata

2099 3587 2191 3628 res
2226 3582 2411 3642 potest
2437 3589 2451 3639 ;
2481 3574 2583 3628 etsi
2612 3588 2679 3627 ex
2713 3574 3049 3644 benignitate
3084 3576 3364 3646 quidpiam
3394 3577 3684 3632 nobiscqu

2098 3664 2280 3722 factus
2309 3674 2417 3728 est,
2446 3673 2507 3717 ut
2534 3680 2638 3719 nos
2689 3665 2840 3718 humi
2870 3665 3119 3736 iacentes
3160 3667 3226 3720 ad
3259 3682 3316 3722 se
3356 3669 3697 3726 attralteret.‘

2099 3755 2372 3810 Caeterum
2415 3755 2490 3808 illi
2537 3755 2757 3824 quidem
2789 3756 2924 3811 tales
2963 3765 3090 3810 sunt
3119 3798 3133 3821 ,
3177 3764 3232 3811 et
3262 3757 3335 3810 ita
3367 3773 3426 3813 se
3449 3759 3679 3814 habent.

2101 3848 2209 3902 Alii
2261 3848 2619 3904 Seuacheribi
2652 3857 2707 3902 et
2752 3847 3331 3905 Nabuchodonomres
3365 3859 3556 3904 contra
3589 3851 3682 3906 Je-

2100 3941 2370 4003 rusalem,
2397 3949 2453 3994 et
2480 3940 2724 3993 Judaeam
2754 3941 3137 4008 inveniuntur;
3176 3951 3267 3995 aut
3293 3942 3435 3995 Darii
3468 3954 3523 3996 ct
3551 3942 3658 3997 Χρι-

2101 4047 2222 4096 xes,
2253 4040 2308 4086 et
2344 4032 2434 4086 ille
2471 4031 2612 4085 fama
2645 4031 2968 4088 notissimus
3013 4041 3067 4086 et
3117 4032 3532 4088 innumerabilis
3589 4037 3684 4088 ad-

2101 4136 2299 4176 versus
2333 4119 2599 4176 Graeciam
2631 4119 2922 4174 Persarum
2955 4121 3256 4173 exercitus.

2171 4225 2242 4280 At
2270 4224 2418 4279 enim
2457 4232 2680 4292 praestat
2712 4223 2993 4292 magistris
3022 4219 3175 4277 hisée
3208 4238 3426 4277 rursum
3462 4223 3686 4278 auscul-

2103 4325 2242 4382 tare,
2281 4331 2379 4370 sua
2425 4316 2505 4368 ita
2551 4314 2910 4375 docentibus,
2948 4321 3008 4367 ut
3044 4313 3246 4369 melius
3289 4313 3440 4368 nulla
3470 4314 3679 4386 lingua,

2102 4411 2316 4465 nullum
2371 4408 2654 4480 ingenium
2703 4409 2901 4477 possit.
2948 4408 3100 4468 Erat,
3134 4408 3338 4476 inquit,
3375 4422 3499 4462 cum
3536 4408 3684 4477 vige-

2105 4513 2230 4559 rent
2266 4519 2354 4559 res
2382 4511 2609 4566 nostrae,
2644 4513 2702 4558 ct
2733 4503 2878 4556 bono
2917 4503 3042 4556 loco
3077 4509 3303 4568 essent;
3327 4500 3550 4571 quando
3574 4505 3683 4558 sci—

2101 4598 2234 4652 licet
2267 4597 2373 4651 ista
2407 4609 2840 4666 supervacanea,
2874 4594 3285 4662 verborumque
3317 4593 3457 4648 fucis
3482 4602 3538 4648 et
3563 4603 3682 4647 arte

2099 4689 2371 4744 instructa
2427 4687 2693 4743 tradenda
2767 4686 3058 4756 theologia:
3111 4687 3256 4741 ratio
3324 4685 3392 4740 ad
3464 4685 3681 4740 divinas

2095 4783 2289 4838 caulas
2367 4797 2650 4838 accessum
2717 4781 3042 4850 neutiquam
3078 4779 3395 4850 reperiebat
3431 4795 3445 4833 :
3487 4788 3684 4834 contra

2099 4877 2333 4945 simplex
2369 4887 2426 4930 et
2458 4877 2695 4946 ingenua
2741 4874 2920 4928 oratio
2964 4875 3140 4942 pietas
3206 4871 3538 4926 ducebatur.
3573 4871 3680 4927 Sed

2099 4979 2393 5038 postquam
2439 4967 2593 5023 Sexti
2643 4976 2700 5021 et
2753 4965 3108 5036 Pyrrhones,
3146 4959 3203 5020 et
3254 4964 3681 5019 contradicendi

2099 5062 2348 5118 studiosa
2398 5061 2610 5131 lingua,
2645 5058 2785 5114 haud
2820 5073 2980 5116 secus
3014 5074 3176 5128 quam
3228 5060 3412 5129 gravis
3449 5059 3679 5128 quidam

2100 5155 2347 5216 morbus,
2367 5163 2422 5207 et
2453 5167 2617 5222 prava
2651 5151 2998 5206 consuetudo
3031 5151 3291 5205 ecclesias
3315 5161 3531 5206 nostras
3557 5166 3684 5206 cor-

2101 5249 2291 5318 rupit,
2341 5256 2400 5302 et
2428 5246 2744 5317 {nugacitas
2789 5246 2908 5299 visa
2959 5253 3048 5298 est
3095 5243 3378 5308 eruditio;
3421 5252 3477 5296 et
3527 5241 3675 5313 quod

2099 5341 2361 5395 Actorum
2391 5338 2535 5393 liber
2573 5337 2641 5393 de
2674 5337 3110 5392 Atheniensibus
3139 5334 3312 5389 refert
3341 5334 3384 5399 ⁸,
3423 5334 3490 5388 ad
3539 5333 3676 5388 nihil

2101 5432 2248 5487 aliud
2289 5447 2579 5494 vacamus,
2619 5444 2787 5499 quam
2822 5427 2890 5483 ad
2923 5427 3223 5483 dicendum
3270 5426 3680 5482 audiendumve

2100 5523 2309 5592 aliquid
2357 5522 2518 5587 novi;
2576 5521 2727 5575 hunc
2778 5519 3025 5576 furorem
3065 5517 3230 5573 Arius
3261 5517 3375 5577 ille,
3405 5531 3434 5568 a
3490 5515 3680 5568 furore

2102 5593 2155 5683 (α
2202 5613 2394 5672 Marte)
2432 5625 2635 5666 nomen
2675 5609 2950 5675 sortitus,
3000 5608 3317 5672 inchoavit;
3365 5604 3458 5674 qui
3512 5605 3679 5658 etiam

2101 5704 2406 5774 petulantis
2435 5703 2636 5774 linguae
2660 5703 2993 5773 supplicium
3025 5700 3273 5771 pertulit,
3305 5699 3359 5752 in
3390 5696 3528 5751 locis
3560 5709 3688 5751 sor—
