4036 6434
431 402 536 469 783

1510 394 1944 456 'PHILOTHEI
1982 395 2086 457 CP.
2134 391 2647 469 PATR'IARCHJE

3574 387 3669 452 ’784

427 520 577 575 didis
622 519 803 575 anima
856 518 1170 588 exspirata,
1199 513 1347 586 quod
1396 515 1472 569 illi
1506 515 1722 586 piorum
1758 513 1901 568 votis
1948 519 1999 567 et

2116 512 2432 582 γενόμενος,
2464 520 2557 569 καὶ
2588 492 2890 584 τὴνδἹούδα
2961 512 3116 583 ῥῆξιν
3176 498 3669 582 ὑποστάςὲπῗίσῃ

426 614 703 681 precibus,
748 626 859 666 non
910 610 1090 666 morbi
1127 609 1360 680 alicujus
1416 606 1675 661 violentia
1732 598 2007 674 contigit;

425 688 596 768 atque
631 700 804 755 instar
851 700 1028 760 Judae.
1062 708 1291 769 propter
1339 698 1571 753 similem
1612 694 1775 752 Verbi
1815 697 2002 766 prodi-

425 793 634 846 tionem
672 792 960 862 disruptus
980 800 1083 846 est.
1112 791 1218 844 Alii
1250 791 1302 844 in
1334 790 1587 844 morbum
1616 789 1998 853 succedentes,

425 892 603 939 artem
647 884 943 954 impietatis
987 884 1241 938 fabricati
1308 892 1459 947 sunt,
1509 880 1601 951 qui
1655 881 2000 936 divinitatem

426 978 677 1047 ingenito
764 975 1129 1040 definientes,
1182 974 1429 1045 genitum
1502 985 1558 1028 et
1611 972 2000 1043 procedentem

424 1069 590 1125 simul
622 1069 852 1123 Deitatis
895 1068 1100 1121 finibus
1148 1068 1537 1131 excluserunt,
1574 1066 1816 1120 nominis
1861 1064 2002 1119 dun-

424 1172 575 1218 taxat
623 1162 1012 1217 communione
1061 1159 1391 1214 Trinitatem
1436 1167 1804 1224 venerantes;
1865 1158 1999 1228 quin

421 1274 491 1315 ne
521 1257 665 1313 istud
693 1255 915 1326 quidem
945 1253 994 1309 ei
1029 1252 1429 1321 relinquentes.

489 1350 559 1405 At
593 1364 714 1410 nos,
755 1347 991 1402 scientes
1017 1344 1068 1397 iu
1104 1358 1276 1397 unum
1311 1344 1411 1397 tria
1441 1341 1771 1398 contrahere
1806 1342 2004 1411 impie-

420 1440 548 1494 tatis
592 1453 736 1503 esse,
778 1446 833 1492 et
878 1436 1145 1490 novitatis
1179 1435 1512 1490 introducta:
1546 1449 1574 1488 a
1615 1433 1876 1498 Sabellio,
1905 1433 2002 1503 qui

417 1531 632 1600 primus
675 1527 1114 1584 contractionem
1160 1524 1474 1580 divinitatis
1514 1533 1862 1578 commentus
1895 1530 2001 1585 est,

419 1632 477 1677 et
511 1622 613 1676 tria
661 1620 914 1675 dividere
944 1617 1181 1685 naturis,
1226 1616 1535 1672 divinitatis
1564 1616 1912 1686 peregrinam
1945 1624 2004 1670 et

417 1713 741 1769 inusitatam
773 1712 1075 1766 sectionem
1119 1723 1268 1774 esse,
1297 1717 1353 1763 et
1401 1723 1573 1762 unum
1602 1707 1830 1777 pulchre
1868 1722 2003 1762 con-

415 1818 701 1860 servamus
746 1802 959 1871 (deitati
988 1799 1298 1871 videlicet),
1326 1809 1384 1856 et
1431 1799 1535 1853 tria
1571 1799 1742 1870 (quod
1772 1799 1839 1853 ad
1876 1816 2002 1869 pro-

417 1898 680 1967 prietates
706 1893 929 1964 attinet)
963 1894 1052 1965 pie
1073 1893 1383 1959 docemus;
1421 1907 1526 1948 nec
1546 1907 1647 1963 per
1679 1907 1852 1947 unum
1883 1892 2001 1947 dei-

417 1998 585 2045 tatem
617 1987 1049 2051 eonfunditnus;
1091 2000 1196 2041 nec
1227 2001 1327 2056 per
1360 1985 1463 2040 tria
1495 1984 1877 2049 distrahimus,
1902 1985 2000 2040 sed

417 2080 561 2133 intra
616 2084 792 2132 metas
843 2074 1065 2145 pietatis
1115 2082 1424 2139 manentes,
1472 2073 1895 2131 immoderatam
1946 2074 2000 2128 in

415 2182 711 2239 utramque
752 2177 963 2239 partem
1016 2165 1435 2221 inclinationem
1482 2165 2002 2235 reprehensionem-

414 2278 524 2333 que
568 2260 901 2317 devitamus.
952 2257 1325 2324 Quamobrem
1373 2258 1607 2313 mediam
1664 2274 1728 2314 ac
1793 2258 2000 2329 regiam

413 2356 558 2413 viam
586 2351 932 2421 secantes(in
956 2365 1066 2419 quo
1087 2359 1142 2404 et
1164 2350 1388 2405 virtutis
1410 2349 1529 2405 laus
1556 2350 1659 2405 sita
1683 2359 1786 2412 est,
1809 2358 1866 2403 ut
1887 2366 2002 2405 mo-

414 2446 612 2501 ralium
639 2458 824 2498 rerum
852 2440 1046 2512 peritis
1073 2442 1295 2513 placet),
1315 2442 1593 2496 credimus
1650 2443 1705 2496 in
1759 2443 2001 2506 Patrem,

416 2550 472 2594 et
492 2538 728 2602 ‘Fiiium,
755 2545 813 2591 et
837 2536 1107 2605 Spiritum
1143 2544 1421 2599 sanctum,
1457 2535 2005 2590 consubstantialita-

416 2644 547 2696 tem,
584 2627 1153 2697 unam-eamdemque
1182 2627 1682 2697 gloriam,.quibtrs
1721 2637 1779 2682 et
1817 2627 1996 2696 bapti-

415 2725 518 2779 smi
550 2722 814 2794 perfectio
841 2721 1062 2786 nititur,
1087 2728 1144 2774 et
1174 2718 1499 2774 nominibus
1525 2728 1581 2773 et
1617 2719 1785 2774 rebus
1835 2719 1999 2787 ipsis;

417 2815 561 2873 nosti
591 2816 762 2884 enim,
790 2812 1030 2874 initiale,
1069 2812 1225 2866 illum
1262 2826 1387 2867 esse
1414 2813 1762 2883 negationem
1788 2812 2001 2878 ἀθεῒας,

413 2919 470 2965 et
501 2907 909 2964 confessionem
934 2905 1201 2961 Deitatis:
1226 2916 1394 2976 atque
1421 2906 1494 2962 ita
1524 2921 1999 2971 consummamur,

416 3015 587 3055 unum
627 2998 851 3070 quidem
891 2997 946 3051 in
979 2997 1221 3052 essentia
1264 3007 1688 3068 cognoscentes,
1722 3008 1778 3053 et
1804 2998 2002 3052 adora-

416 3096 565 3149 tione
623 3092 905 3147 communi
984 3099 1148 3162 atque
1194 3090 1429 3146 indivisa
1481 3091 1862 3155 affirmantes;
1896 3086 2033 3145 tria'

2108 606 2368 674 προδοσίᾳ
2398 606 2491 659 τοῦ
2524 603 2707 673 λόγου·
2739 604 3115 675 διαδεξάμενοι
3169 603 3225 656 δὲ
3281 601 3429 657 ἄλλοι
3468 603 3564 668 τὴν
3593 607 3673 655 νόο

2108 714 2219 761 εον,
2252 698 2447 767 τέχνην
2473 698 2728 761 ἀσεϐείας
2749 699 2838 766 ἐδη
2850 697 3210 768 μιούργησαν,
3233 696 3283 749 οἳ
3313 696 3392 763 τῷ
3405 696 3673 766 ἀγεννήτῳ

2105 791 2461 862 τὴνθεότητα
2512 791 2972 862 περιγράψαντες,
3030 792 3090 843 τὸ
3152 791 3435 861 γεννητὸν,
3491 792 3552 843 οὐ
3589 791 3674 860 p6-

2105 901 2195 936 vov
2216 884 2294 947 δὲ,
2336 884 2468 937 ἀλλά
2500 886 2593 939 καὶ
2620 886 2679 938 τὸ
2707 884 3060 950 ὲκπορευτὸν,
3114 883 3379 954 ἐξώρισαν
3431 884 3526 952 τῆς
3554 883 3676 943 Θεό-

2105 994 2288 1046 τητος,
2339 976 2605 1047 ὀνόματος
2631 980 2890 1047 κοινωνίᾳ
2934 979 3094 1048 μόνον
3146 977 3247 1048 τὴν
3279 975 3486 1047 Τριάδα
3524 976 3675 1046 τιμή-

2109 1087 2321 1133 σαντες·
2355 1071 2422 1139 ἢν
2458 1070 2594 1141 μηδὲ
2616 1070 2773 1125 τοῦτο
2798 1071 2933 1141 αὐτῇ
2968 1071 3333 1141 τηρήσαντες.

2193 1329 2546 1399 Ἀλλ’ήμεῑς,
2582 1327 2783 1390 ειδότες
2823 1324 2883 1380 τὸ
2935 1326 3035 1397 μὲν
3071 1327 3151 1389 είς
3195 1323 3429 1395 ἀριθμὸν
3478 1324 3571 1379 ἕνα
3615 1321 3680 1375 τά

2105 1422 2235 1493 τρία
2272 1420 2587 1476 συστέλλειν
2610 1419 2901 1489 ἀθεότητος
2957 1419 3040 1483 ὃν,
3091 1416 3185 1470 καὶ
3235 1417 3338 1487 τῆς
3397 1414 3678 1470 Σαϐελλίου

2107 1514 2489 1585 καινοτομίας,
2525 1512 2584 1576 ὃς
2614 1513 2833 1583 πρῶτος
2868 1511 3137 1580 συστολὴν
3164 1510 3427 1578 θεότητος
3461 1507 3681 1577 ἐπενόη-

2109 1625 2189 1662 σε·
2218 1608 2279 1662 τὸ
2303 1607 2359 1660 δὲ
2390 1607 2460 1661 τά
2495 1607 2625 1678 τρία
2657 1608 2889 1674 διαιρεῖν
2922 1605 3121 1675 φύσεσι
3152 1604 3471 1674 κατατομὴν
3503 1602 3683 1671 θεότη-

2105 1720 2197 1765 τος
2221 1700 2476 1769 ἔκφυλον·
2502 1700 2599 1752 καὶ
2626 1699 2686 1753 τὸ
2720 1699 2779 1751 ἓν
2830 1698 3013 1760 καλῶς
3053 1698 3441 1769 ἐτηρήσαμεν,
3473 1697 3680 1764 θεότητι

2106 1799 2237 1866 γάρ·
2270 1796 2365 1848 καὶ
2385 1794 2454 1847 τά
2480 1793 2619 1868 τρία,
2642 1792 2886 1856 εὐσεϐῶς
2905 1791 3277 1861 ἐκηρύξαμεν,
3307 1792 3534 1858 ἰδιότησι
3557 1790 3680 1858 γάρ’

2104 1887 2231 1942 οὔτε
2261 1888 2338 1956 τῷ
2368 1888 2448 1939 ἑνὶ
2480 1885 2836 1956 συγχέαντες,
2866 1884 2992 1938 οὔτε
3028 1887 3142 1947 τοῖς
3171 1886 3323 1954 τρισὶ
3369 1883 3685 1953 διαστήσαν-

2103 1996 2221 2044 τες,
2248 1977 2363 2031 ἀλλ’
2397 1978 2457 2030 ὲν
2494 1977 2642 2045 ὅροις
2684 1977 2969 2046 μείναντες
3004 1981 3103 2043 τῆς
3142 1975 3455 2040 εὐσεϐείας.
3485 1975 3560 2043 τῷ
3590 1991 3684 2040 φυ-

2105 2074 2226 2141 γεῖν
2256 2070 2354 2140 τὴν
2380 2071 2622 2141 ἄμετρον
2646 2070 2742 2122 ἐπὶ.
2771 2068 2979 2139 θάτερα
3004 2068 3199 2139 κλῆσιν
3245 2085 3308 2121 τε
3357 2070 3453 2122 καὶ
3481 2064 3684 2121 ἀντίθες

2108 2181 2212 2219 σιν.
2266 2162 2366 2215 Διά
2398 2162 2499 2231 τὴν
2534 2160 2707 2231 μέσην
2738 2160 3072 2231 βαδίζοντες,
3102 2163 3253 2231 φησι,
3284 2161 3384 2215 καὶ
3410 2158 3684 2230 βασιλικὴν

2106 2258 2186 2327 (ἐν
2205 2250 2249 2323 ᾧ
2270 2257 2365 2308 καὶ
2391 2252 2452 2304 τὸ
2508 2251 2616 2305 τῶν
2639 2251 2851 2323 ἀρετῶν
2872 2254 3128 2326 ἕστηκεν,
3153 2254 3227 2315 ὡς
3247 2253 3402 2306 δοκεὶ
3425 2251 3539 2314 τοῖς
3564 2251 3685 2319 περὶ

2102 2346 2276 2402 ταῦτα
2314 2341 2554 2406 δεινοίςὶ,
2578 2342 3007 2412 πιστεύομενοείς
3029 2344 3270 2412 Πατέρα.
3307 2344 3404 2397 καὶ
3433 2340 3555 2393 Υίὸν
3600 2340 3689 2396 καὶ

2106 2444 2331 2515 Πνεῦμα
2364 2445 2541 2512 ἆγιον,
2571 2441 2833 2513 ὁμοούσιά
2861 2457 2922 2493 τε
2949 2438 3043 2491 καὶ
3067 2435 3336 2504 ὁμόδοξοι,
3393 2436 3452 2489 ὲν
3480 2428 3561 2496 οἷς
3597 2431 3685 2484 καὶ

2104 2540 2202 2610 τὴν
2234 2539 2514 2593 τελείωσιν
2559 2537 2697 2608 ¹ἔχει,
2758 2535 2815 2588 ἐν
2855 2549 2913 2586 τε
2945 2532 3173 2601 ὀνόμασι
3240 2532 3340 2582 καὶ
3372 2530 3683 2600 πράγμασιν

2106 2632 2167 2684 τὸ
2190 2631 2480 2702 βάπτισμα
2510 2625 2678 2699 (οἶδας
2696 2631 2723 2681 ό
2747 2626 2997 2696 μυηθεὶς)
3023 2626 3255 2693 ἄρνησις
3277 2622 3340 2676 ὃν
3368 2622 3577 2687 ἀθεῖας,
3598 2621 3685 2674 καὶ

2119 2723 2382 2795 ὁμολογία
2414 2722 2688 2792 θεότητος·
2714 2719 2809 2774 καὶ
2825 2718 2971 2771 οὕτω
2991 2714 3467 2787 καταρτιςόμεθα.
3510 2720 3569 2769 τὸ
3592 2712 3685 2785 μὲν

2106 2817 2166 2872 ἓν
2194 2819 2260 2887 τῇ
2279 2815 2437 2887 οὐσίᾳ
2463 2813 2848 2883 γινώσκοντες,
2874 2809 3055 2879 καὶτῷ
3079 2812 3368 2880 ἀμερίστῳ
3398 2810 3499 2879 τῆς
3524 2823 3684 2878 προσο

2106 2908 2490 2982 κυνήσεως,τά
2510 2907 2567 2961 δὲ
2580 2904 2715 2976 ’τρία
2730 2906 2846 2968 ταῖς
2875 2903 3257 2968 ὑποστάσεσιν,
3286 2902 3497 2957 εῐτόῧν
3523 2917 3685 2968 προσ-

2104 3003 2295 3068 ώποις,
2325 3004 2353 3057 ὅ
2382 3019 2490 3055 τισι
2531 3000 2703 3068 φίλον.
2742 2997 2892 3066 Μηδὲ
2922 2996 3031 3067 γὰρ
3072 2996 3121 3049 oi
3153 2998 3283 3063 περὶ
3310 2995 3485 3049 ταῦτα
3535 2995 3684 3061 ζυγο-

2109 3098 2408 3169 μαχοῦντες
2458 3092 2963 3164 ἀσχημονείτωσαν,
3006 3093 3198 3160 ὥσπερ
3228 3091 3287 3143 ὲν
3319 3092 3544 3158 ὀνόμασι
3589 3105 3684 3140 κει·

415 3195 599 3240 autem
628 3184 680 3237 in
714 3183 1127 3254 hypostasibus,
1156 3183 1272 3239 sive
1305 3182 1478 3254 (quod
1506 3181 1730 3252 quidam
1762 3180 1999 3253 malunt)

2112 3188 2439 3260 μένης”ὴμϊν
2470 3187 2567 3257 τῆς
2594 3186 2899 3248 εὐσεϐείας,
2932 3186 3028 3237 οὐκ
3056 3186 3114 3237 ὲν
3146 3183 3491 3254 πράγμασιν.
3534 3180 3682 3233 nam

417 3280 471 3334 in
516 3276 808 3347 personis;
862 3290 934 3330 ne
974 3275 1142 3344 inepti
1192 3274 1323 3336 sint,
1359 3275 1453 3344 qui
1506 3275 1575 3330 de
1630 3274 1717 3330 his
1756 3275 1992 3345 litigant,
2046 3286 2051 3289 '

409 3369 576 3440 quasi
625 3369 680 3423 in
715 3368 903 3423 verbis
951 3368 1139 3437 potius
1188 3383 1351 3437 quam
1409 3368 1464 3421 itt
1525 3368 1690 3423 rebus
1740 3370 1996 3437 pietatem

417 3473 667 3517 nostram
717 3461 1142 3516 constituamus.
1178 3461 1284 3515 Sed
1332 3461 1529 3527 times,
1562 3476 1632 3516 ne
1681 3462 1914 3532 τριθεῖα,
1944 3462 1996 3517 id

416 3565 502 3610 est
543 3555 745 3624 triplex
798 3553 1097 3616 divinitas,
1133 3553 1229 3607 tibi
1280 3554 1674 3623 exprobretur.
1729 3554 1809 3608 Tu
1851 3555 1999 3624 quod

416 3649 591 3704 habes
646 3648 853 3702 bonum
902 3646 1002 3701 tibi
1040 3648 1237 3711 retine,
1270 3647 1322 3700 in
1371 3646 1548 3701 tribus
1596 3636 1810 3702 scilicet
1843 3648 2042 3715 σοῖο-ε

415 3754 576 3795 nem:
610 3737 747 3792 mihi
784 3752 1023 3808 pugnam
1055 3737 1198 3791 sine.
1250 3736 1466 3791 Patiare
1512 3751 1597 3791 me
1643 3736 1824 3791 navim
1852 3752 2003 3791 com-

418 3834 668 3903 piugere,
701 3840 756 3887 tu
780 3831 903 3885 navi
931 3839 1106 3885 utere.
1145 3830 1369 3885 Etiamsi
1402 3830 1541 3884 alius
1577 3830 1671 3895 sit,
1707 3829 1802 3899 qui
1832 3844 2001 3883 naves

418 3927 744 3991 fabricetur,
782 3934 963 3979 tamen
1010 3935 1069 3977 ιιι
1112 3937 1198 3977 me
1241 3930 1391 3977 tuam
1428 3926 1546 3977 sine
1597 3922 1876 3977 fahriCnri.
1919 3921 2002 3976 Tu

418 4020 562 4074 lianc
592 4033 824 4073 securus
856 4016 1042 4071 habita
1076 4034 1090 4082 ;
1122 4025 1175 4069 e1
1217 4016 1346 4070 licet
1387 4016 1508 4084 ejus
1551 4029 1716 4069 causa
1756 4013 1893 4067 nihil
1924 4013 2005 4066 la-

417 4114 658 4179 lioraris,
685 4111 1052 4166 nihilominus
1074 4124 1244 4164 cursu
1275 4123 1539 4178 prOSpero
1569 4107 1871 4176 navigabis.
1896 4109 2004 4161 Aut

414 4204 594 4260 iucoie
622 4205 846 4259 domum
893 4218 1093 4266 meam,
1129 4202 1223 4272 qui
1259 4202 1375 4256 hate
1398 4201 1678 4255 construxi
1713 4209 1771 4253 et
1797 4200 2002 4268 paravi,

415 4299 667 4365 quamvis
696 4296 761 4351 ad
798 4311 862 4350 ea
896 4294 1143 4349 studium
1174 4308 1513 4363 operamque
1545 4292 1751 4346 nullam
1785 4292 2001 4361 impen-

416 4390 587 4445 detis.
635 4389 697 4444 In
744 4389 950 4443 nubem
1002 4387 1401 4455 ingrediamur.
1458 4385 1532 4441 Da
1577 4386 1714 4441 mihi
1782 4386 2002 4441 tabulas

417 4481 602 4536 cordis
648 4481 745 4535 tui.
791 4480 924 4536 Sum
966 4480 1066 4534 tibi
1102 4480 1300 4544 Moses,
1332 4479 1437 4533 etsi
1469 4479 1574 4534 hoc
1613 4479 1762 4533 dictu
1794 4486 1880 4533 est
1910 4493 2007 4533 au-

2105 3280 2355 3342 δὲδοικας
2386 3280 2459 3349 μὴ
2480 3277 2722 3347 τριθεῒαν
2758 3277 3076 3345 ὀνειδισθῇς.
3118 3276 3251 3343 Ἔχε
3287 3277 3352 3328 σῖ)
3375 3277 3434 3327 τὸ
3467 3273 3678 3340 ἀγαθὸν,

2106 3370 2205 3439 τὴν
2228 3373 2285 3424 ὲν
2322 3372 2431 3432 τοῖς
2454 3372 2630 3438 τρισὶν
2652 3369 2867 3421 ἕνωσιν·
2898 3369 3018 3436 ἐμοὶ
3052 3366 3149 3437 τὴν
3182 3366 3367 3436 μάχην
3397 3366 3684 3433 παράπεμ-

2106 3463 2225 3532 ψον.
2259 3463 2461 3515 Ἔασον
2519 3460 2618 3530 ἐμὲ
2667 3460 2947 3528 ναυπηγὸν
2975 3456 3144 3524 εἶναι,
3199 3461 3263 3512 σὺ
3306 3459 3425 3529 χρῶ
3482 3461 3544 3527 τῇ
3576 3456 3677 3521 νηΐ.

2109 3555 2221 3607 Καὶ
2249 3556 2297 3607 εἰ
2335 3553 2616 3622 ναυπηγός
2641 3555 2790 3606 ἔστιν
2818 3552 3025 3622 ἕτερος,
3054 3552 3153 3620 ἐμὲ
3194 3551 3327 3603 λάϐε
3361 3552 3459 3619 τῆς
3487 3547 3682 3607 οἰκείας

2107 3646 2490 3717 ἀρχιτέκτονα.
2526 3646 2598 3699 Σὺ
2628 3644 2833 3715 ταύτην
2861 3646 3006 3698 οἴκει
3045 3645 3185 3715 μετά
3230 3646 3550 3715 ἀσφαλείας·
3595 3642 3682 3694 καὶ

2109 3740 2158 3791 εί
2185 3738 2348 3809 μηδὲν
2372 3722 2719 3807 ἐμόχθησας,’
2740 3738 2838 3807 οὐχ
2858 3732 3022 3809 ἧττον
3052 3738 3400 3805 εὐπλοήσεις.
3435 3737 3506 3790 Ἢ
3550 3736 3680 3789 οίκει

2108 3831 2210 3899 τὴν
2233 3828 2412 3882 οἰκίαν
2447 3828 2583 3898 ἐμοῦ
2614 3829 2707 3880 τοῦ
2729 3829 2901 3883 ταῦτα
2922 3830 3459 3893 κατασκευάσαντος,
3510 3828 3599 3882 καὶ
3639 3824 3683 3877 ει

2112 3920 2280 3992 μηδὲν
2309 3922 2438 3991 περὶ
2469 3901 2639 3974 ταῦτα
2673 3921 3141 3990 πεφιλοπόνηκας.
3207 3921 3357 3974 Είσω
3386 3924 3485 3991 τῆς
3535 3918 3682 3986 νεφέ-

2108 4016 2207 4086 λης
2233 4016 2592 4085 χωρήσωμεν.
2625 4015 2725 4076 Δός
2747 4032 2837 4083 μοι
2862 4015 2961 4076 τὰς
2987 4014 3201 4076 πλάκας
3254 4018 3355 4084 τῆς
3402 4013 3500 4082 σῆς
3552 4026 3683 4080 καρ-

2107 4110 2246 4173 δίας.
2276 4109 2504 4179 Γινομαί
2537 4125 2617 4161 σοι
2649 4110 2912 4179 Μωῦσῆς,
2974 4110 3022 4160 εί
3058 4112 3153 4162 καὶ
3196 4106 3470 4177 τολμηρὸν
3498 4104 3680 4179 εἰπεῖν,

2110 4202 2376 4272 ἐγγράφω
2409 4174 2659 4271 δακτύλῳ
2695 4174 2999 4254 Θεοῦ-νέον
3055 4174 3389 4267 δεκάλογονῖ
3434 4174 3684 4266 ἐγγράφω

2114 4294 2382 4365 σύντομον
2421 4294 2723 4363 σωτηρίαν.
2775 4293 2835 4345 Εἰ
2861 4292 2917 4346 δέ
2964 4309 3018 4345 τι
3051 4291 3240 4362 θηρίον
3288 4288 3565 4360 αἱρετικὸν
3597 4283 3684 4337 καὶ

2110 4387 2419 4454 ἀλόγιστον,
2454 4385 2609 4439 κάτω
2635 4384 2896 4455 μεινάτω·
2932 4384 2966 4455 ἢ
3010 4368 3349 4438 κινδυνεύσεὶ
3383 4372 3685 4434 λιθοϐολού-

2116 4496 2277 4551 μενον
2303 4478 2382 4548 τῷ
2408 4478 2552 4548 λόγῳ
2573 4479 2673 4547 τῆς
2701 4477 2983 4548 ἀληθείας.

418 4573 626 4627 dacius.
704 4571 955 4647 luseribo
1006 4570 1180 4640 digito
1232 4570 1327 4623 Dei
1394 4586 1596 4626 novum
1646 4569 2034 4638 ~decalogum:
2077 4570 2327 4625 inseribo
2374 4569 2708 4640 compendio
2783 4569 2996 4625 salutis.
3050 4567 3208 4634 Quod
3260 4569 3305 4624 si
3348 4582 3473 4639 quat-
3519 4561 3684 4621 bestia

417 4665 671 4721 lueretiea
700 4674 755 4718 et
787 4663 1016 4718 rationis
1039 4678 1238 4731 expers
1270 4671 1377 4726 est,
1408 4663 1554 4717 intra
1613 4669 1875 4717 maneat:
1909 4670 2005 4716 aut
2043 4663 2356 4733 periculum
2386 4663 2519 4727 erit,
2553 4677 2622 4717 ne
2655 4677 2913 4719 sermone
2946 4664 3196 4719 veritatis
3217 4663 3516 4733 lapidetur.

491 4758 614 4813 Non
647 4766 855 4812 temere
888 4756 1080 4824 igitur,
1112 4769 1294 4824 neque
1332 4769 1362 4809 a
1393 4770 1563 4824 scopo
1594 4754 1861 4809 aberrans
1892 4768 1996 4825 ego

2179 4755 2257 4808 Οὐ
2291 4754 2472 4826 μάτην
2502 4754 2762 4826 άρα,οὐδ’
2787 4753 2894 4819 ἔξω
2927 4754 3021 4808 τοῦ
3057 4754 3263 4809 σκοποῦ
3321 4755 3531 4826 βάλλων
3578 4749 3691 4819 ἐγὼ,

418 4853 511 4908 illa
538 4852 605 4906 de
630 4849 771 4914 istis,
793 4849 886 4919 qui
920 4856 1053 4903 sunt
1079 4848 1317 4917 aequales
1345 4846 1633 4914 apostolis,
1663 4853 1717 4900 et
1747 4847 2005 4914 apostoli,

420 4956 477 5003 ct
515 4943 895 5013 theologorum
933 4940 1303 5007 antesignani,
1349 4947 1510 4992 antea
1556 4937 1785 5007 protuli,
1834 4939 2001 4995 etiam

418 5039 524 5094 hos
557 5052 681 5091 cum
731 5034 897 5088 Petro
931 5042 987 5087 et
1016 5030 1209 5093 Paulo,
1244 5036 1301 5083 et
1348 5028 1494 5083 filius
1547 5028 1804 5096 tonitrui,
1837 5029 2002 5099 primi

416 5128 568 5183 iiiius
594 5124 752 5181 clmri
781 5124 1061 5192 capitibus
1090 5121 1146 5174 in
1181 5117 1448 5173 mundum
1476 5133 1505 5174 a
1531 5118 1754 5175 Christo
1776 5121 1999 5187 missos,

416 5220 512 5290 qui
541 5216 841 5275 secundam
890 5214 1100 5275 ἀθεῖαν,
1149 5218 1204 5265 et
1240 5220 1619 5266 creaturarum
1649 5213 1858 5267 cultum
1878 5220 2002 5282 post

415 5312 562 5375 illos,
596 5318 650 5364 et
681 5323 807 5363 eum
836 5306 963 5373 illis,
983 5306 1189 5359 virtute
1220 5302 1411 5368 Verbi,
1431 5318 1686 5374 verasque
1713 5320 1777 5360 ac
1810 5306 2002 5374 prima:

416 5402 702 5472 sapientia:
747 5401 871 5468 igne
903 5397 1136 5467 spiritus
1185 5396 1409 5466 penitus
1436 5405 1757 5462 exurerent,
1789 5408 1846 5453 et
1891 5399 1999 5454 Ec-

416 5494 642 5549 clcsiam
687 5493 841 5562 ejus,
899 5488 1230 5559 defectionis
1294 5489 1606 5545 discrimini
1657 5492 1995 5560 proximam,

416 5593 647 5654 prOpter
692 5582 928 5636 hiemem
953 5619 968 5643 ,
1020 5588 1214 5635 ventos
1246 5583 1590 5638 contrarios.
1628 5590 1685 5637 et
1728 5584 2001 5652 procellas

419 5674 734 5729 daemonum
778 5665 1015 5727 artificio
1053 5674 1360 5728 concitatas
1402 5672 1790 5735 calefacerent,
1835 5676 1999 5730 ardo-

418 5777 649 5831 remque
688 5763 982 5834 pristinum
1016 5763 1503 5821 redaccenderent.
1542 5767 1648 5821 Per
1679 5781 1819 5835 quos
1846 5766 1999 5822 vide-

413 5843 545 5907 licet
573 5854 985 5926 couscquintur,
1016 5863 1075 5910 ut
1106 5863 1293 5913 sancte
1326 5856 1595 5927 vivamus,
1636 5867 1696 5913 ut
1741 5858 1999 5915 sacculo.

2105 4849 2289 4903 ἐκεῖνα
2320 4864 2386 4900 πε
2397 4847 2452 4916 pi
2471 4846 2580 4900 τῶν
2596 4848 2991 4914 ίσαποστόλων,
3011 4850 3105 4903 καὶ
3132 4849 3445 4903 ἀποστόλων
3461 4847 3683 4911 τούτων,

2111 4941 2205 4996 καὶ
2231 4942 2546 5011 κορυφαίων
2571 4941 2839 5000 θεολόγων
2863 4941 3073 5009 φθάσας
3102 4942 3311 5011 ελεγον,
3340 4944 3422 4996 ὅτι
3449 4940 3542 4994 καὶ
3568 4935 3686 4992 τού-

2110 5048 2234 5094 τους
2258 5031 2398 5103 μετά
2443 5030 2679 5101 Πέτρου,
2734 5031 2831 5085 καὶ
2863 5030 3102 5099 Παύλου,
3171 5032 3389 5088 καὶτῶν
3418 5029 3544 5084 υἱῶν
3590 5025 3685 5095 τῆς

2110 5120 2373 5192 βροντῆς,
2400 5121 2509 5175 τῶν
2557 5122 2653 5175 τοῦ
2675 5120 2895 5192 πρώτου
2930 5121 3117 5193 χοροῦ,
3160 5126 3325 5197 φημὶ,
3357 5119 3679 5193 κορυφαίων,

2106 5215 2187 5273 είς
2233 5215 2325 5267 τὸν
2358 5216 2562 5285 κόσμον
2590 5215 2829 5287 Χριστὸς
2881 5215 3261 5282 ἐξαπέστειλε,
3294 5216 3390 5289 τὴν
3438 5216 3680 5280 δευτέραν

2104 5306 2316 5371 ἀθεΐαν,
2351 5308 2448 5359 καὶ
2474 5308 2570 5373 τὴν
2598 5306 2857 5377 λατρείαν
2885 5306 2994 5360 τῶν
3030 5309 3367 5378 κτισμάτων,
3417 5301 3681 5375 μετ’ὲκεί-

2104 5414 2227 5461 νους
2259 5399 2355 5451 καὶ
2381 5399 2479 5451 σὺν
2502 5398 2731 5462 ἐκείνοις
2755 5400 2980 5471 δυνάμει
3009 5400 3167 5470 λόγου
3191 5404 3286 5457 καὶ
3313 5402 3410 5472 τῆς
3436 5393 3681 5469 ἀληθινῆς

2104 5494 2200 5547 καὶ
2224 5491 2446 5561 πρώτης
2472 5491 2663 5559 σοφίας
2691 5492 2767 5561 τῷ
2789 5494 2925 5563 πυρί¹
2947 5492 3041 5547 τοῦ
3067 5494 3374 5565 πνεύματος
3424 5485 3679 5554 καταφλέ-

2103 5581 2311 5649 ξδντας,
2331 5584 2426 5635 καὶ
2439 5581 2535 5651 τὴν
2553 5580 2882 5653 Ἐκκλησίαν
2904 5584 3111 5639 ἐκείνου
3129 5585 3532 5640 κινδυνεύουσαν
3552 5579 3679 5633 ἐκλι-

2100 5678 2222 5729 πεῖν
2243 5677 2342 5744 ῆδη
2365 5676 2443 5746 τῷ
2468 5677 2720 5748 χειμῶνι,
2743 5679 2838 5733 καὶ
2867 5681 2976 5742 ταῖς
2996 5673 3674 5749 δαιμονικπιῖέἀντιπνοίαις

2102 5768 2508 5839 θερμανοῦντας
2546 5771 2641 5823 καὶ
2674 5767 3389 5842 ἁναζωπυρήωνταςβΐῶν
3413 5769 3575 5839 δήπου
3591 5760 3675 5815 καὶ

2101 5861 2163 5914 τὸ
2186 5862 2364 5926 καλῶς
2383 5861 2666 5935 ζῇνήμϊν,
2704 5866 2799 5917 καὶ
2824 5865 3098 5934 ἱερᾶσθαι,
3139 5868 3230 5921 καὶ
3270 5864 3548 5920 διδάσκειν,
3580 5852 3663 5906 καὶ
