4036 6448
323 5810 331 5815 ,
430 5755 473 5785 ¹¹⁵
495 5754 619 5809 Jul).
661 5770 695 5808 11
744 5764 801 5808 et
825 5770 907 5807 XL.

406 369 511 431 785

1467 369 1851 431 LAUDATIO
1890 372 2145 435 TRIUM
2186 377 2624 440 DOCTORUM.

3482 332 3675 436 ’786

404 479 732 552 ἀκροᾶσθαι,
758 481 853 535 καὶ
873 481 971 551 τὴν
999 480 1361 553 εὐαγγελικὴν
1380 484 1473 537 καὶ
1490 485 1850 557 ἁποστολικὴν
1877 487 1996 539 ἑπι-

2107 488 2178 544 ιίο
2215 490 2355 545 bene
2401 489 2693 561 fungamur
2741 501 2795 547 et
2829 491 3147 557 doceamus,
3186 501 3238 547 et
3274 492 3595 556 audiamus,
3626 499 3682 545 et

406 573 700 645 γινώσκειν
725 573 926 642 πίστιν,
960 576 1054 629 καὶ
1071 575 1347 629 πολιτείαν
1381 576 1690 641 ἀπταίστως
1713 579 1809 631 καὶ
1835 577 2001 633 καθα-

409 667 517 739 ρῶς
550 670 615 738 τῇ
640 667 854 721 ἐκείνου
871 670 1007 737 σοφῇ
1034 668 1262 739 προνοίᾳ
1287 669 1554 736 περίεστι.
1574 670 1870 724 Ἠκούσατε
1892 674 1999 742 γὰρ

403 759 514 814 τῶν
534 761 692 813 θείων
713 759 939 813 ἐκείνων
960 761 1175 829 φωνῶν,
1190 759 1253 823 ἃς
1272 760 1339 813 δι’
1357 760 1537 814 αὐτῶν
1553 763 1582 832 ή
1593 765 1683 832 μῖν
1697 765 1758 817 τὸ
1778 763 2010 836 Πνεῦμα

405 851 467 905 τὸ
499 852 655 919 ἆγιον
679 851 998 924 θεοπρεπῶς
1029 853 1440 920 ἀπεφθέγξατο.
1492 856 1854 923 Ἐσρόντησε
1899 859 1997 912 καί

408 943 518 1014 γὰρ
548 943 735 1010 ὄντως
759 943 828 1008 ἐξ
870 943 1131 1012 οὐρανοῦ
1171 947 1204 998 ό
1232 945 1467 1013 Κύριος,
1489 946 1589 999 καί
1628 949 1662 1001 ὁ
1695 948 1997 1017 ’Υψιστος

405 1034 590 1088 ἔδωκε
611 1034 825 1103 φωνὴν
844 1034 1055 1101 αὑτοῦ,
1088 1037 1183 1089 καλ⁸
1201 1036 1288 1090 διὰ
1338 1038 1566 1091 τουτωνὶ
1588 1038 1698 1091 τῶν
1721 1041 1994 1108 μεγάλων·

408 1127 506 1181 καί
542 1125 778 1195 ἐφαναν
797 1128 857 1180 al
910 1126 1217 1195 ἀστραπαί
1268 1127 1459 1182 αὐτοῦ
1521 1128 1596 1196 τῇ
1644 1131 1997 1200 οἰκουμένῃ,

408 1217 508 1272 καί
544 1216 874 1285 ἐσαλεύθη.
924 1219 1023 1272 καὶ
1052 1218 1348 1288 ἔντρομος
1380 1220 1641 1291 ἐγενήθη
1683 1223 1720 1290 ἡ
1754 1219 1849 1293 γῆ,
1897 1225 1996 1280 καί

408 1305 479 1358 τὰ
502 1303 747 1374 θεμέλια
788 1306 908 1358 τῶν
935 1305 1121 1374 ὀρέων
1160 1307 1593 1377 ἐσαλεύθησαν
1618 1309 1736 1365 ἀπὸ
1764 1311 1999 1380 προσώ-

408 1412 530 1451 που
571 1399 820 1465 Κυρίου,
882 1397 1002 1452 ἀπὸ
1056 1400 1383 1468 προσώπου
1434 1401 1540 1455 τοῦ
1586 1403 1733 1456 Θεοῦ
1767 1404 1994 1458 Ἰακώϐ·

408 1493 603 1545 ’Λτινα
639 1490 706 1561 δὴ
731 1492 926 1556 ταῦτα,
951 1494 1045 1544 καὶ
1075 1494 1258 1546 ὅντινα
1289 1494 1379 1547 τὸν
1421 1495 1583 1550 σάλον
1645 1494 1825 1550 αὐτῶν
1863 1499 1999 1552 ὑπο·-

406 1582 684 1652 ληπτέον;
734 1578 907 1652 Οἶμαι
955 1582 1008 1637 δὲ
1038 1584 1162 1646 τοὺς
1195 1584 1302 1637 ἀπὸ
1335 1585 1437 1654 γῆς
1470 1586 1564 1638 καὶ
1627 1586 1835 1649 κοιλίας
1888 1605 1998 1657 φω-

406 1676 654 1742 νοῦντας,
682 1675 856 1731 καὶτὰ
879 1675 972 1730 τοῦ
1027 1677 1340 1746 πνεύματος
1412 1677 1503 1731 λα)
1516 1680 1594 1732 εῖν
1651 1679 1999 1752 ἐπιχειροῦν-

405 1790 503 1836 τας
586 1772 764 1842 χωρὶς
848 1771 1177 1841 πνεύματος.
1258 1770 1377 1839 Οὓς
1434 1774 1565 1831 ,οὐκ
1639 1761 1996 1840 ἀπέστειλα,

407 1865 572 1936 φησὶν
598 1865 626 1916 ὁ
660 1863 817 1927 Θεὸς,
847 1862 944 1917 καί
974 1863 1145 1918 αὐτοὶ
1188 1866 1627 1934 προεφήτευον.
1666 1868 1788 1921 Ἔτι
1817 1869 1873 1925 δὲ
1904 1872 2000 1924 καὶ

407 1959 500 2010 τὸν
535 1958 735 2021 αὐτοὺς
773 1958 1162 2024 ὑποκινοῠντα,
1199 1960 1293 2013 καὶ
1326 1959 1510 2014 λαλεῖν
1542 1960 1610 2015 τὰ
1644 1963 1867 2018 τοιαῦτα
1917 1966 2001 2018 δι-

410 2052 703 2118 δάσκοντα,
754 2052 848 2106 τὸν
900 2053 1218 2124 προστάτην
1277 2054 1374 2109 καὶ
1397 2055 1644 2127 ἀρχηγόν
1699 2075 1844 2127 φημι
1903 2059 2005 2129 τῆς

410 2144 607 2206 κακίας
637 2143 867 2209 ἄνωθεν,
903 2144 962 2198 ὃν
992 2147 1167 2216 δήπου
1213 2148 1307 2200 καὶ
1345 2146 1471 2215 ὅρος
1511 2148 1681 2217 μέγα,
1713 2152 1812 2204 καὶ
1844 2144 2004 2205 Λευδίο

407 2236 544 2288 αθὲν
570 2239 634 2306 τῇ
663 2236 782 2307 θεία
814 2237 1005 2308 Γραφῇ
1034 2240 1221 2291 καλεῖν
1246 2238 1389 2301 ἔθος,
1420 2240 1497 2310 τῷ
1543 2243 1684 2309 φωτὶ
1712 2242 1804 2295 τοῦ
1835 2261 2004 2314 προσ-

407 2328 560 2379 ώπου
621 2327 829 2399 Κυρίου
894 2330 1260 2399 σαλευόμενον
1328 2348 1411 2396 τε,
1467 2334 1563 2386 καὶ
1616 2333 2000 2406 κλονούμενον,

408 2421 502 2472 καὶ
525 2419 856 2489 ἱλιγγιῶντα.
898 2406 1037 2476 Ἀἓτύ
1067 2423 1395 2491 προσώπου
1427 2427 1530 2481 τοῦ
1548 2428 1738 2496 φόϐου
1758 2432 2001 2497 Κυρίου,

410 2512 575 2578 φησὶν
608 2511 635 2562 ὁ
666 2510 1187 2580 μεγαλοφωνότατος
1268 2513 1520 2580 Ἡσαΐας,
1593 2516 1695 2570 καί
1726 2517 1847 2572 ἀπὸ
1894 2520 2004 2587 τῆς

408 2598 595 2665 δόξης
645 2597 756 2666 τῆς
785 2600 999 2669 ἰσχύος
1037 2599 1248 2654 αὐτοῦ.
1289 2602 1399 2654 Ka‘:
1426 2601 1513 2655 ἵνα
1547 2604 1712 2658 πάλιν
1746 2606 1881 2676 πρὸς
1914 2608 2006 2662 τὸν

412 2688 721 2757 σοφώτατον
745 2691 1030 2744 ἐπανέλθω
1095 2692 1280 2758 Δαὸὶὸ,
1340 2696 1427 2761 είς
1477 2694 1687 2750 πᾶσαν
1721 2697 1838 2766 τὴν
1888 2699 2006 2769 γῆν

408 2782 669 2850 ἐξῆλθεν
698 2786 731 2837 ό
747 2784 1009 2853 φθόγγος
1037 2784 1258 2852 αὐτῶν,
1288 2786 1388 2839 καὶ
1419 2789 1508 2853 εἰς
1538 2789 1607 2843 τὰ
1637 2790 1867 2863 πέρατα
1898 2792 2006 2861 τῆς

405 2875 770 2945 οἰκουμένης
807 2877 879 2930 τὰ
924 2878 1170 2947 ῥήματα
1195 2877 1417 2935 αὐτῶν.
1479 2881 1543 2933 Ὃ
1605 2883 1700 2934 καὶ
1733 2883 1945 2947 Παῦλος
1978 2887 2005 2937 ὁ

411 2968 586 3036 μέγας
622 2970 755 3039 περὶ
785 2970 983 3023 ἑαυτοῦ
1050 2972 1144 3024 καὶ
1173 2972 1285 3024 τῶν
1321 2976 1741 3031 συναποστόλων
1793 2979 2005 3033 ἐκεῖθεν

408 3057 687 3129 ὲξείληφε.
715 3062 844 3127 Ka‘t,
870 3064 935 3116 Ol
960 3063 1208 3130 οὐρανοί
1233 3062 1584 3133 διηγοῦνται
1608 3065 1800 3131 δόξαν
1832 3069 2003 3133 Θεοῦ,

2101 582 2474 652 evangelicam
2527 595 2692 652 atque
2722 585 3077 653 apostolicam
3110 585 3273 641 fidem
3300 599 3685 655 agnoscamus.

2105 666 2172 722 Et
2204 684 2316 737 quo
2346 670 2513 724 vitam
2554 672 2674 726 sine
2709 672 3013 728 oflensione
3064 688 3124 727 ac
3157 673 3364 743 pariter
3397 674 3685 742 degamus,

2102 758 2171 811 ab
2207 759 2459 827 ipsorum
2492 760 2730 831 sapienti
2761 762 3110 831 providentia
3148 763 3469 831 accipimus.
3513 761 3689 816 Audi-

2101 852 2202 906 stis
2229 852 2377 906 enim
2413 854 2669 909 caelestes
2709 854 2955 925 ipsorum
2985 870 3173 919 voces,
3210 870 3349 925 quas
3378 855 3544 911 nobis
3592 871 3690 925 per

2101 957 2197 997 eos
2232 941 2473 1012 Spiritus
2523 954 2751 1001 sanctus
2797 947 3044 1002 divinius
3075 955 3159 1002 est
3202 947 3425 1002 locutus
3474 966 3487 1002 :
3540 947 3691 1001 Into-

2104 1036 2216 1089 nuit
2241 1037 2377 1089 enim
2403 1053 2584 1097 revera
2613 1039 2676 1092 de
2694 1038 2820 1092 caelo
2847 1039 3130 1104 Dominus,
3154 1052 3204 1094 et
3227 1040 3530 1096 Altissimus
3550 1043 3694 1095 dedit

2103 1127 2278 1182 rocem
2310 1146 2465 1183 suam
2493 1132 2538 1195 ',
2576 1131 2742 1188 etiam
2773 1149 2871 1201 per
2919 1134 3085 1190 hosce
3126 1150 3353 1206 magnos
3379 1153 3393 1201 ;
3422 1144 3469 1188 et
3501 1134 3695 1188 illuxe-

2102 1227 2228 1273 runt
2259 1224 2649 1277 cornscationes
2678 1225 2794 1293 ejus
2824 1218 2937 1278 orbi
2980 1235 3295 1292 terrarum;
3328 1237 3378 1281 et
3427 1234 3696 1280 commota
3736 1218 3743 1225 ’

2103 1321 2200 1374 est,
2236 1323 2283 1366 et
2324 1315 2640 1368 contremuit
2663 1325 2803 1370 terra
2836 1319 2920 1382 '°;
2955 1327 3003 1371 et
3048 1318 3399 1386 fundamenta
3432 1319 3696 1372 montium

2102 1402 2414 1456 conturbata
2468 1413 2590 1457 sunt
2624 1404 2663 1436 “
2706 1424 2737 1459 a
2770 1405 2909 1475 facie
2956 1406 3195 1473 Domini,
3243 1417 3294 1462 et
3341 1426 3371 1462 a
3404 1408 3544 1477 facie
3599 1408 3697 1461 Dei

2099 1492 2262 1548 Jacob
2294 1495 2358 1548 ¹².
2390 1494 2522 1561 ριιιε
2552 1512 2725 1566 porro
2758 1500 2882 1564 ista,
2926 1510 2983 1554 et
3016 1516 3181 1571 quam
3213 1500 3282 1554 ab
3312 1501 3394 1555 eis
3437 1500 3698 1555 Ecclesia:

2097 1586 2450 1656 jactationem
2507 1598 3005 1661 tempestatemque
3081 1593 3375 1663 importari
3423 1592 3695 1663 iudicabi-

2105 1674 2226 1732 mus
2255 1678 2277 1731 ?
2308 1677 2416 1733 llos
2450 1695 2572 1735 esse
2595 1680 2818 1751 opinor,
2855 1684 2950 1754 qui
2991 1701 3019 1738 a
3061 1693 3232 1750 terra,
3270 1700 3300 1739 e
3332 1684 3566 1740 cerebro
3594 1698 3697 1739 suo

2104 1771 2446 1837 clamant,-et
2475 1790 2595 1842 quae
2631 1775 2858 1844 spiritus
2889 1786 3040 1841 sunt,
3075 1778 3213 1832 citra
3250 1776 3508 1847 Spiritum
3542 1776 3710 1844 loqu'L

2104 1877 2213 1916 non
2248 1863 2631 1921 reformidant.
2666 1865 2806 1931 Quos
2844 1884 2935 1938 ego
2974 1885 3078 1921 non
3110 1869 3255 1931 misi,
3292 1867 3372 1921 ait
3404 1867 3697 1929 Dominus,
3748 1884 3754 1889 δ

2103 1964 2152 2007 et
2181 1957 2283 2025 ipsi
2327 1958 2712 2026 pruplietabant
2738 1959 2803 2012 υ.
2836 1958 3110 2014 Prmterea
3146 1960 3501 2028 instigantem
3549 1958 3695 2022 illos,

2104 2057 2160 2103 et
2209 2048 2500 2115 docentem
2534 2051 2683 2121 loqui
2727 2052 2874 2116 talia,
2913 2052 3111 2108 (lucem
3150 2060 3552 2119 auctoremque
3580 2064 3699 2105 sce-

2104 2141 2280 2197 lerum
2314 2143 2385 2198 ab
2414 2144 2602 2199 initio:
2640 2160 2807 2213 quem
2838 2144 3021 2199 divina
3055 2144 3340 2215 Scriptura
3365 2143 3408 2174 “
3449 2150 3693 2197 montem

2104 2250 2386 2305 magnum,
2407 2244 2463 2291 et
2482 2236 2785 2291 Leviathan
2813 2253 3131 2308 nuncupare
3155 2235 3467 2299 consuevit,
3485 2234 3699 2289 lumine

2103 2328 2266 2384 faciei
2298 2330 2514 2384 Domini
2547 2331 2836 2400 agitatum,
2868 2342 2925 2385 et
2954 2338 3299 2400 quassatum,
3336 2338 3393 2383 et
3420 2328 3697 2400 vertigine

2104 2429 2457 2489 correptum:
2498 2424 2536 2474 Α
2576 2422 2714 2489 facie
2750 2423 3056 2492 formidinis
3093 2421 3332 2489 Domini,
3362 2422 3546 2492 inquit
3580 2437 3699 2478 ma-

2104 2512 2663 2583 gniloquentissitnns
2722 2515 2906 2580 Isaias,
2960 2524 3009 2569 et
3069 2533 3101 2569 a
3147 2516 3325 2587 gloria
3375 2516 3701 2586 fortitudinis

2106 2605 2221 2674 ejus
2253 2606 2317 2660 ”.
2351 2606 2552 2675 Atque,
2585 2616 2646 2659 ut
2681 2606 2749 2660 ad
2788 2607 3263 2677 sapientissimum
3311 2606 3570 2661 Davidem
3608 2622 3701 2661 re-

2108 2708 2293 2754 vertar
2322 2715 2335 2753 :
2369 2699 2432 2754 In
2464 2716 2674 2754 omnem
2710 2710 2912 2755 terram
2959 2702 3117 2755 exiuit
3149 2717 3311 2755 sonus
3335 2707 3539 2765 eorum,
3568 2708 3616 2752 et
3646 2701 3703 2752 in

2106 2791 2239 2856 ﬁnes
2269 2793 2415 2847 orbis
2453 2802 2609 2847 terra:
2659 2793 2816 2846 verba
2866 2809 3050 2848 eorum
3081 2794 3146 2846 ¹⁶.
3186 2793 3340 2849 Unde
3381 2801 3436 2848 et
3471 2791 3703 2861 insignis

2107 2885 2200 2939 ille
2231 2884 2431 2939 Paulus
2469 2884 2538 2939 de
2589 2900 2647 2939 se
2682 2896 2738 2940 et
2772 2885 3107 2955 coapostolis
3137 2884 3272 2939 illud
3305 2884 3703 2952 interpretatus

2107 2987 2194 3032 est
2243 2980 2310 3033 ".
2354 2979 2450 3032 Et:
2485 2978 2617 3033 Caeli
2649 2990 2908 3034 enarrant
2958 2980 3189 3048 gloriam
3248 2978 3365 3044 Dei,
3402 2978 3603 3046 inquit,
3653 2988 3704 3030 et

2109 3086 2268 3140 Opera
2296 3087 2552 3124 manuum
2575 3071 2691 3141 ejus
2724 3074 3013 3125 annuntiat
3041 3071 3470 3140 ﬁrmamentum.
3499 3070 3566 3122 Et
3591 3071 3702 3123 dies

408 3152 568 3222 φησί·
626 3154 874 3221 ποίησιν
911 3153 979 3207 δὲ
1006 3154 1222 3226 χειρῶν
1271 3155 1457 3210 αὐτοῦ
1526 3158 1889 3229 ἀναγγέλλει
1941 3161 2004 3215 τὸ

2110 3164 2214 3216 diei
2247 3171 2452 3218 eructat
2470 3164 2708 3228 uerbum,
2728 3173 2777 3217 et
2803 3179 2905 3217 non:
2930 3165 3070 3218 nocti
3094 3163 3299 3216 indicat
3328 3163 3611 3215 scientiam
3636 3163 3701 3214 “'.

410 3243 739 3316 στερέωμα.
762 3246 871 3302 Kal
897 3247 1090 3317 ἡμέρα
1118 3247 1190 3318 τῇ
1227 3248 1421 3318 ἡμέρᾳ
1456 3250 1763 3321 ἐρεύγεται
1812 3252 2001 3323 ῥῆμα,

411 3340 511 3394 καί
540 3339 658 3405 νὺξ
684 3339 760 3409 τῇ
786 3340 961 3395 νυκτὶ
988 3342 1354 3412 ἀναγγέλλει
1378 3342 1624 3414 γνῶσιν.
1683 3344 1849 3400 Οὐδὲν
1895 3348 2005 3417 γὰρ

415 3431 473 3485 τὸ
501 3432 713 3485 κωλύον
756 3432 854 3486 καὶ
889 3434 1105 3502 ἡμέραν
1160 3433 1260 3504 τὴν
1293 3434 1387 3489 τοῦ
1439 3435 1757 3507 [It/stipato;
1812 3437 2007 3493 ἐπικαο

412 3524 526 3589 λεῖν
555 3525 717 3595 χάριν
750 3525 836 3579 διὰ
858 3525 959 3595 τὴν
988 3525 1083 3579 τοῦ
1120 3527 1299 3596 φωτὸς
1358 3527 1556 3599 αἴγλην
1591 3531 1686 3582 καὶ
1715 3527 1811 3601 τὴν
1872 3530 2009 3600 λαμ-

412 3619 685 3689 πρότητα,
719 3620 816 3673 καὶ
845 3618 1014 3672 νύκτα
1044 3619 1143 3688 τὴν
1169 3619 1342 3691 αὐτὴν
1383 3616 1539 3683 αὖθις
1572 3621 1660 3674 διὰ
1690 3621 1748 3675 τὸ
1782 3620 1915 3691 βαθύ
1948 3640 2006 3676 τε

415 3714 509 3766 καὶ
544 3698 1195 3783 δυσθεώρητον.”Εθετο
1222 3714 1352 3783 γὰρ,
1399 3714 1557 3784 φησὶ,
1599 3715 1824 3783 σκότος
1862 3717 2010 3771 ἁπο-

414 3807 657 3877 κρυφὴν
705 3806 917 3869 αὐτοῦ,
944 3807 1039 3861 τὸν
1070 3808 1215 3862 θεῖον
1266 3808 1434 3863 αὑτοῦ
1458 3809 1639 3878 λόγον,
1683 3811 1780 3864 καὶ
1812 3811 1871 3864 τὸ
1908 3810 2008 3881 βά-

415 3900 507 3962 θος
535 3898 634 3969 τῆς
672 3898 951 3967 γνώσεως,
986 3900 1208 3970 καὶτῆς
1242 3901 1457 3970 σοφίας,
1501 3903 1629 3966 τοὺς
1668 3900 1763 3956 τοῦ
1828 3903 2010 3971 φωτὸς

406 3993 511 4045 καὶ
538 3992 638 4060 τῆς
668 3992 883 4063 ἡμέρας
906 3994 1063 4065 ,υἱοὺς
1094 3992 1318 4058 τούτους
1352 3992 1718 4065 διδασκούσης
1754 3994 1853 4058 οὒς
1912 3998 2010 4049 καὶ

416 4083 586 4137 νύκτα
607 4101 691 4147 τις
720 4084 915 4148 εἰπὼν,
946 4084 1047 4138 οὐκ
1102 4084 1168 4139 ἂν
1200 4085 1433 4157 ἁμάρτῃ
1467 4084 1563 4140 τοῦ
1615 4090 2015 4159 προσήκοντος,

416 4173 597 4247 οἶμαι,
627 4176 717 4231 διὰ
770 4177 862 4231 τὸν
896 4177 1342 4248 ἐπιπροσθοῦντα
1396 4177 1600 4249 δηλαδὴ
1656 4178 1752 4232 τοῦ
1780 4180 2009 4251 σαρκίου

420 4270 601 4340 ζόφον,
636 4272 733 4323 καὶ
757 4272 858 4342 τὴν
889 4271 1082 4340 ἀχλὺν,
1120 4270 1200 4339 τῷ
1264 4271 1407 4341 φωτὶ
1431 4272 1530 4343 τῆς
1580 4268 1739 4341 δόξης
1798 4273 2005 4345 Κυρίου

415 4363 838 4431 διακοπτὸμεναθ
872 4364 1017 4418 κατὰ
1043 4364 1134 4418 τὸν
1164 4364 1330 4417 αὑτὸν
1363 4360 1521 4427 αὖθις
1552 4365 1727 4420 εἰπεῖν
1793 4367 2012 4438 προφήν-

415 4472 535 4527 την,
584 4456 653 4510 ’0
687 4458 834 4521 Θεός
864 4457 1022 4528 ’μου,
1061 4455 1298 4524 ςρωτιεῖς
1337 4456 1403 4511 τὸ
1458 4458 1684 4525 σκότος
1715 4476 1860 4530 μου,
1921 4461 2010 4514 λέ-

2110 3254 2257 3309 Nihil
2290 3255 2437 3310 enim
2490 3256 2751 3326 prohibet
2807 3257 2973 3310 etiam
3032 3256 3176 3311 diem
3225 3269 3427 3310 vocare
3472 3254 3702 3323 spiritus

2105 3348 2371 3417 gratiam,
2426 3357 2655 3419 propter
2694 3348 2922 3403 luminis
2977 3347 3325 3418 splendorem
3376 3355 3434 3400 et
3485 3346 3706 3401 clarita-

2111 3447 2258 3505 tem;
2303 3452 2356 3494 et
2390 3440 2644 3494 eamdem
2682 3454 2878 3494 rursus
2929 3449 3166 3504 noctem,
3210 3450 3441 3508 propter
3472 3436 3702 3508 profun-

2108 3534 2339 3590 ditatem
2402 3550 2600 3604 nempe
2633 3543 2685 3589 et
2731 3533 3111 3589 difﬁcultatem
3158 3547 3323 3603 quam
3357 3532 3523 3588 habet
3571 3546 3705 3585 con-

2111 3627 2394 3697 templatio
2423 3647 2435 3683 :
2471 3627 2662 3682 Posuit
2702 3629 2841 3681 enim
2866 3627 3109 3681 tenebras
3144 3625 3425 3679 latibulum
3455 3642 3611 3679 suum
3637 3626 3703 3689 ",

2110 3721 2365 3775 divinum
2399 3730 2527 3791 puta
2554 3720 2786 3776 verbum
2823 3735 3005 3782 suum,
3040 3730 3096 3773 et
3126 3718 3463 3789 profundum
3513 3719 3705 3787 cogni-

2113 3814 2280 3869 tionis
2310 3829 2375 3868 ac
2418 3815 2728 3883 sapientiae,
2770 3814 2936 3867 hosce
2971 3812 3111 3865 lucis
3153 3826 3216 3865 ac
3250 3810 3360 3865 dici
3414 3811 3555 3863 titius
3605 3810 3706 3862 do-

2112 3898 2332 3961 centis:
2369 3920 2511 3976 quos
2558 3907 2603 3960 si
2643 3906 2769 3975 quis
2823 3906 2990 3960 etiam
3042 3913 3260 3957 noctem
3307 3902 3701 3965 nominaverit,

2113 4010 2236 4050 mea
2272 3996 2572 4059 sententia,
2607 3995 2675 4050 ab
2715 4010 2783 4050 eo
2816 3994 2962 4064 quod
2994 3993 3154 4049 dccet
3195 3993 3337 4048 nihil
3370 3992 3535 4047 faciet
3572 3991 3706 4047 alie-

2114 4104 2271 4153 num,
2307 4096 2534 4157 prepter
2567 4088 2951 4143 incurrentem
2989 4086 3305 4143 caruncula:
3358 4085 3524 4157 hujus
3572 4084 3707 4139 cali.

2110 4180 2294 4249 ginem
2322 4187 2379 4233 et
2409 4180 2686 4243 tenebras,
2719 4195 2847 4248 quzc
2908 4179 3096 4233 lumen
3128 4177 3317 4248 glorias
3346 4177 3443 4232 Dei
3476 4177 3705 4231 interei-

2114 4270 2307 4337 dunt;
2366 4278 2426 4324 ut
2476 4286 2601 4325 cum
2655 4269 2849 4324 eodem
2894 4269 3172 4340 Propheta
3220 4271 3419 4323 iterum
3473 4267 3700 4322 dicant:

2112 4362 2253 4417 Deus
2278 4377 2445 4428 meas,
2472 4361 2803 4416 illuminabis
2830 4361 3075 4416 tenebras
3097 4361 3167 4414 ³⁸.
3201 4359 3287 4425 Ει,
3313 4359 3597 4430 Signatum
3625 4371 3703 4413 est

2112 4470 2275 4520 super
2332 4471 2426 4508 nos
2487 4455 2665 4509 lumen
2702 4454 2878 4510 vultus
2933 4458 3010 4509 tui
3040 4456 3108 4514 “.
3161 4455 3273 4509 Et:
3324 4453 3406 4509 Sit
3452 4453 3705 4519 splendor

417 4565 603 4616 γοντα.
644 4550 777 4616 Καὶ,
816 4550 1184 4618 Ἑσημειώθη
1249 4549 1341 4619 ἐφ’
1366 4551 1525 4619 ἡμᾶς
1589 4552 1656 4605 τὸ
1707 4551 1834 4621 φῶς
1893 4553 2002 4608 τοῦ

2107 4545 2328 4603 Domini
2393 4546 2492 4600 Dei
2531 4563 2691 4616 super
2734 4564 2828 4601 nos
2859 4549 2927 4603 ”.
2963 4547 3110 4603 Idem
3168 4561 3394 4601 rursus:
3430 4545 3549 4600 Non
3581 4554 3706 4599 sunt

417 4641 744 4709 προσώπου
761 4657 900 4699 σου.
941 4644 1072 4709 Καὶ,
1103 4645 1295 4697 Ἔστω
1325 4643 1363 4707 ’ἡ
1391 4645 1743 4714 ,λαμπρότης
1784 4647 2008 4715 Κυρίου

416 4735 526 4790 τοῦ
563 4736 711 4790 Θεοῦ
744 4736 914 4806 ἡμῶν
928 4736 1020 4806 ἐφ’
1041 4736 1217 4805 ἡμᾶς.
1249 4736 1358 4792 Καὶ
1385 4739 1412 4790 ὁ
1442 4739 1607 4802 αὐτὸς
1653 4735 1834 4802 αὖθις
1884 4742 2007 4795 Οὐκ

386 4829 537 4882 ἐισί
562 4827 793 4891 latitat,
820 4825 986 4895 ,οὐδὲ
1016 4828 1213 4897 διάγοι,
1237 4828 1324 4882 ὧν
1360 4829 1500 4898 οὐχὶ
1550 4829 1889 4884 ἀκούων-ται
1946 4831 2007 4883 al

418 4920 607 4990 φωναὶ
638 4916 857 4987 αὐτῶν·
889 4917 1016 4982 τοὺς
1056 4918 1249 4987 λόγους
1300 4919 1557 4982 ἐκείνους,
1587 4920 1807 4983 καὶτὰς
1864 4919 2008 4973 ἄνω-

419 5019 512 5067 θεν
543 5012 856 5083 φερομένας
883 5011 1092 5065 τούτων
1124 5011 1309 5080 φωνὰς
1340 5013 1372 5083 ἢ
1404 5011 1633 5088 βροντὰς
1679 5029 2009 5081 προαναφωι

420 5105 546 5157 νῶν·
578 5106 761 5159 πᾶσαν
787 5090 964 5173 ἀκοήν
992 5119 1051 5157 τε
1074 5104 1172 5157 καὶ
1201 5102 1477 5171 γλῶσσαν,
1538 5103 1634 5157 ἀπ’
1665 5105 1853 5174 ἄκρων
1905 5106 2009 5174 γῆς

421 5196 501 5257 είς
549 5195 713 5266 ἄκρα
743 5193 1132 5258 διαλαὸούσας,
1160 5196 1255 5249 καὶ
1294 5197 1477 5248 πάντα
1518 5195 1903 5265 κατασχούσας
1939 5199 2005 5266 τῇ

424 5287 809 5359 μεγαλοφωνίᾳ
857 5287 928 5341 τὰ
970 5287 1201 5355 πέρατα.
1240 5286 1379 5357 Περὶ
1429 5281 1504 5341 ὧν
1551 5287 1724 5357 δήπου
1771 5288 1868 5341 καὶ
1914 5287 2008 5343 τὸν

424 5378 740 5447 θαυμαστὸν
785 5372 941 5446 οἶμαι
992 5377 1276 5445 προειπεῖν
1335 5378 1586 5443 Ἠσαίαν,
1651 5377 1776 5431 Ἐπ’
1827 5378 2009 5446 ὅρους

424 5470 673 5539 ὑψηλοῦ
721 5469 1001 5539 ἀνάϐηθι,
1029 5470 1062 5522 ό
1103 5468 1637 5538 εὐαγγελιζόμενος
1675 5470 1832 5524 Σιὼν
1881 5470 2005 5542 (τὴν

495 5686 517 5717 ⁸
555 5684 695 5738 Psal.
741 5699 874 5747 xm,
931 5683 1017 5738 14.
1096 5652 1483 5745 '°Psal.t.xxw,
1522 5682 1607 5737 l9.
1687 5683 1727 5714 “
1763 5680 1906 5736 Psal.
1966 5694 1998 5732 ι

495 5754 619 5805 .lub.
661 5770 695 5805 ιι
744 5764 801 5805 et
825 5770 907 5805 XL.
1042 5755 1087 5787 ’⁵
1145 5753 1247 5805 lsa.
1326 5769 1362 5805 ιι
1403 5753 1487 5805 19.
1528 5753 1619 5805 2i.
1768 5752 1812 5782 “
1860 5751 2004 5804 Psal.

2131 5680 2186 5739 8.
2265 5681 2308 5713 “
2343 5679 2487 5735 Psnl.
2548 5695 2700 5744 cxvn,
2751 5677 2805 5733 7.

2107 5766 2219 5805 ιἰιι.
2277 5751 2330 5805 5.
2433 5750 2474 5781 ³⁷
2530 5751 2688 5802 llum.
2762 5765 2805 5805 κε

1042 5755 1087 5787 ’⁵
1145 5753 1247 5807 lsa.
1326 5769 1362 5807 ιι
1403 5753 1487 5818 19,
1528 5753 1619 5806 2i.

432 5827 473 5857 ’⁵
506 5824 649 5878 l‘sal.
713 5840 845 5889 ml,
878 5825 969 5881 1‘2.
1081 5824 1127 5856 ’θ
1162 5822 1296 5878 ibid.
1350 5822 1440 5880 29.

1556 5825 1599 5855 ²¹
1637 5823 1780 5879 ΡτεΙ.
1817 5836 1964 5888 xm,
2019 5820 2072 5874 7.

2115 4638 2340 4709 loquela:
2386 4655 2556 4709 neque
2614 4655 2917 4705 santiones,
2968 4655 3193 4711 quorum
3243 4655 3350 4692 non
3403 4638 3704 4692 audiantur

2111 4746 2262 4786 uoces
2303 4747 2490 4785 eorum
2516 4730 2600 4797 ²³;
2632 4733 2832 4786 borum
2872 4746 3162 4787 sermones
3192 4731 3337 4797 illos,
3373 4740 3430 4786 et
3460 4729 3528 4786 de
3561 4731 3703 4786 creto

2114 4824 2326 4881 delatas
2376 4840 2577 4889 voces,
2628 4823 2745 4879 sive
2806 4825 3050 4877 tonitrua
3107 4825 3530 4894 prsenuntians:
3580 4840 3704 4894 qua:

2112 4914 2359 4968 omnium
2391 4929 2557 4968 aures
2582 4923 2746 4982 atque
2777 4913 2995 4984 linguas
3025 4914 3094 4969 ab
3128 4916 3392 4969 extremis
3427 4925 3700 4969 terrarum

2113 5022 2290 5076 usque
2342 5006 2409 5060 ad
2465 5014 2714 5060 extrema
2772 5008 3357 5075 comprehenderunt,
3397 5023 3702 5078 omnesque

2115 5099 2307 5155 mundi
2364 5100 2499 5154 lines
2554 5098 3026 5169 magniloquentia
3079 5115 3178 5154 sua
3229 5111 3594 5170 occuparunt.
3626 5102 3703 5155 De

2115 5191 2321 5261 quibus
2348 5206 2482 5247 sane
2524 5191 2790 5261 inclytum
2822 5206 3047 5261 quoque
3095 5192 3293 5248 lsaiam
3337 5195 3700 5249 vaticinatum

2112 5300 2278 5339 reor:
2310 5283 2481 5355 Super
2509 5292 2741 5338 montem
2774 5282 3039 5338 excelsum
3068 5286 3288 5339 ascende
3314 5294 3392 5350 tu,
3424 5288 3514 5355 qui
3538 5299 3703 5339 evan-

2108 5376 2308 5444 gelizas
2336 5374 2489 5441 Sion,
2516 5375 2820 5432 Ecclesiam
2853 5375 3085 5440 Christi,
3122 5375 3370 5446 inquam.
3404 5374 3606 5430 Exalta
3643 5375 3699 5426 in

2109 5470 2422 5540 fortitudine
2463 5484 2641 5523 vocem
2686 5478 2857 5534 tuam,
2883 5470 2973 5538 qui
3003 5469 3336 5539 euangelizas
3372 5466 3694 5528 Jerusalem,

2907 5675 3186 5730 I'Jcrem.
3239 5689 3331 5729 xtv
3392 5683 3447 5727 et
3502 5691 3692 5731 xxxrt'.

2433 5750 2474 5781 "
2530 5751 2688 5802 ltotn.
2762 5765 2814 5808 κ.
2870 5745 2956 5801 18.
3061 5747 3105 5779 ⁸⁸
3144 5747 3288 5800 Psal.
3333 5760 3485 5815 xvul.
3530 5747 3581 5815 ί,
3640 5747 3697 5805 2.

2179 5823 2239 5895 ³¹⁵
2291 5821 2434 5876 l’sal.
2480 5833 2697 5887 Lxxxtx,
2748 5818 2834 5873 l7.
2868 5836 2877 5865 ι.
2943 5817 2988 5848 ’³
3019 5816 3162 5871 P531,
3197 5831 3349 5885 ινιην
3382 5814 3465 5888 4,-
