4036 6442
335 322 444 389 739

1374 334 1764 398 LAUDATIO
1804 338 2063 417 TIRI'UM
2109 337 2546 402 DOCTORUM.

3497 340 3611 399 7.ἓο

336 439 454 494 ἀλλ’
485 437 628 510 ὑπὲρ
654 440 863 497 Mmoéu
905 445 1001 516 τὴν
1024 445 1204 518 ψελχὴν
1237 450 1329 502 καὶ
1355 448 1424 503 τὰ
1456 452 1730 522 πρόσωπα
1756 453 1911 521 δοξά-

2040 456 2197 507 mima
2216 462 2271 509 et
2294 454 2444 508 vultu
2470 452 2864 523 gluriiicantur.
2888 451 3045 518 Quod
3075 450 3224 506 enim
3259 450 3350 505 ille
3375 448 3429 504 in
3450 451 3621 506 vultu,

339 527 546 594 ζονται.
583 532 764 604 Ὅπερ
800 536 910 606 γάρ
944 539 1154 602 ἐκεῖνος
1197 541 1291 594 ἐπὶ.
1328 543 1430 612 τῆς
1463 544 1641 615 ὅψεως
1691 545 1913 618 ἔφερεν,

341 622 439 676 ἐπὶ
500 623 600 692 τῆς
631 625 812 703 ψυχῆς
852 622 1001 700 εἶχον
1041 624 1185 686 οὗτοι
1229 635 1817 711 μεγαλοπρεπέστερόν
1858 660 1915 695 τε

340 712 437 768 καὶ
466 713 817 788 ὑψηλότερον.
853 721 914 773 Oi
946 722 1102 776 uinci
1132 725 1226 779 καὶ
1266 726 1426 780 τοῦτο
1478 729 1670 796 φασίν.
1704 732 1778 784 Οὐ
1809 732 1918 804 μὴν

341 804 477 860 ἀλλά
517 809 612 871 καὶ
641 809 877 879 Χριστὸς
907 813 1091 877 αὐτὸς,
1121 816 1256 871 αὐτὸ
1300 819 1458 873 τοῦτο
1500 820 1586 875 διὰ
1619 822 1730 876 τῶν
1769 823 1920 894 πρώ-

342 913 450 950 των
480 898 743 969 μαθητῶν
790 918 849 956 τε
893 906 989 958 xui
1018 906 1339 965 ἀποστόλων
1383 913 1521 981 πρὸς
1552 915 1752 978 αὐτοὺς
1785 915 1921 984 φθά-

346 1006 482 1053 σας,
540 989 751 1062 ἔλεγεν,
788 994 870 1049 ὅτι
920 1000 1150 1054 Πολλοί
1206 1002 1509 1072 προφῆται
1557 1005 1655 1058 καί
1705 1006 1924 1061 δίκαιοι

342 1082 737 1155 ἐπεθύμησαν
765 1087 916 1143 ἰδεῖν
942 1089 978 1144 d
1005 1091 1295 1162 βλέπετε,
1320 1097 1416 1149 καὶ
1441 1099 1552 1152 οὐκ
1580 1096 1746 1153 εἶδον
1769 1114 1783 1132 ⁸
1826 1100 1926 1155 καὶ

341 1173 605 1243 ἀκοῦσαι
637 1175 677 1231 d
707 1179 975 1246 ἀκούετε,
1008 1184 1109 1238 καὶ
1139 1188 1251 1240 οὐκ
1284 1185 1584 1256 ἤκουσαν.

424 1267 523 1320 Ἐκ
550 1267 644 1321 τοῦ
681 1270 780 1340 τῆς
815 1271 1134 1341 θεοφανείας
1178 1277 1339 1349 ὅρους
1373 1279 1627 1344 θεοειδεῖς
1657 1282 1752 1337 καὶ
1796 1283 1924 1337 θεο-

344 1358 526 1429 φόροι,
558 1360 653 1415 καὶ
694 1362 837 1433 ἥλιοι
872 1363 1021 1418 ἄλλοι
1052 1368 1432 1441 κατέρχονταν
1484 1372 1690 1441 μᾶλλον
1724 1374 1782 1428 δὲ
1831 1375 1927 1429 καὶ

343 1449 447 1520 τῆς
472 1452 707 1522 νεφέλης
738 1455 872 1509 εῐσω
908 1458 1038 1522 τοὺς
1086 1463 1658 1533 μυσταγωγουμένους
1694 1465 1790 1536 (ὡς
1822 1467 1927 1520 αὺ-

343 1543 431 1597 τοί
465 1545 624 1613 φασι)
660 1547 811 1616 μετὰ,
837 1548 1051 1620 Πέτρου
1094 1570 1153 1605 τε
1206 1555 1300 1607 καὶ
1333 1555 1445 1609 τῶν
1475 1555 1608 1611 υἱῶν
1631 1561 1730 1628 τῆς
1767 1557 1928 1631 βρον-

342 1635 448 1703 τῆς
506 1637 839 1710 ἀπορρήτως
894 1643 1177 1712 εἰσάγουσί
1246 1662 1306 1699 τε
1356 1648 1450 1701 καὶ
1514 1650 1931 1718 συνεισάγουσιν

346 1729 588 1795 ἑαυτοῖςο
623 1737 719 1787 καὶ
770 1737 859 1807 τῇι
890 1735 1103 1791 ἐκεῖθεν
1136 1739 1300 1812 αἴγλῃ
1353 1742 1446 1795 xui.
1477 1744 1599 1806 ταῖς
1637 1745 1932 1814 μυστικαῖς

2024 543 2268 613 gerebat,
2288 543 2343 598 bi
2373 543 2810 614 magniﬁcentius
2828 546 2887 598 et
2906 541 3202 599 sublimius
3232 542 3284 596 in
3313 540 3619 597 animabus

2028 632 2320 687 habebant.
2370 632 2484 688 Hoc
2521 647 2741 702 quoque
2775 631 2842 686 ab
2866 631 3023 701 ipsis,
3041 630 3357 702 quanquam
3384 631 3454 686 de
3483 631 3609 685 aliis

2018 723 2235 789 dictum
2257 732 2360 778 est.
2375 722 2517 790 Quin
2548 725 2658 779 imo
2674 723 2929 779 Christus
2958 723 3125 783 etiam
3149 723 3266 794 ipse
3300 725 3402 778 hoc
3424 723 3606 794 ipsum

2028 814 2083 870 in
2105 830 2336 887 persona
2362 817 2665 885 primorum
2687 816 3085 886 discipulorum
3115 817 3621 887 apostolorumqne-

2029 924 2255 965 suorum
2278 909 2562 966 confessus
2580 918 2684 966 est.
2703 909 2874 975 Multi,
2896 909 3096 980 inquit,
3110 910 3381 981 propheta:
3396 917 3444 964 et
3466 925 3613 979 reges

2028 1001 2306 1057 voluerunt
2353 1000 2529 1055 videre
2556 1016 2674 1070 qua:
2710 1017 2798 1055 vos
2848 1000 3053 1065 videtis,
3082 1009 3133 1059 et
3186 1017 3291 1054 non
3333 1000 3612 1055 viderunt:

2032 1102 2081 1147 et
2118 1093 2302 1148 audire
2325 1109 2442 1164 qum
2463 1108 2553 1147 vos
2584 1092 2798 1158 auditis,
2829 1099 2877 1147 et
2910 1109 3016 1147 non
3045 1091 3337 1146 audierunt
3357 1091 3425 1146 ".

2106 1274 2150 1330 E
2181 1282 2365 1329 monte
2398 1273 2600 1329 divinas
2628 1271 2990 1344 apparitionis
3023 1272 3136 1327 Deo
3161 1270 3373 1328 similes
3403 1269 3607 1335 cﬂecti,

2033 1375 2092 1423 et
2124 1365 2349 1425 numine
2379 1364 2568 1432 adlati,
2596 1372 2651 1419 et
2688 1364 2834 1419 soles
2866 1365 2997 1420 novi
3057 1362 3402 1420 descendunt
3433 1379 3447 1416 :
3478 1363 3615 1432 quin

2036 1457 2220 1530 potius
2248 1457 2393 1511 intra
2420 1456 2626 1511 nubem
2659 1454 2677 1526 (
2706 1464 2767 1510 ut
2804 1454 2906 1525 ipsi
2946 1455 3252 1525 loquuntur
3283 1452 3303 1523 )
3353 1453 3614 1522 mysteria

2036 1550 2320 1607 docendos
2346 1564 2470 1605 cum
2502 1548 2691 1612 Petro,
2713 1555 2771 1603 ct
2801 1545 2926 1601 ﬁliis
2966 1545 3197 1609 tonitrui
3225 1560 3429 1601 arcano
3453 1543 3617 1597 indu-

2037 1655 2192 1708 cunt,
2232 1650 2289 1698 et
2326 1657 2435 1696 una
2463 1655 2651 1697 secum
2683 1639 3067 1702 introducunt,
3110 1636 3472 1706 claritateque
3499 1635 3619 1697 illa,

2041 1732 2398 1808 mysticisque
2454 1724 2849 1802 splendoribus
2887 1730 3170 1786 altissimae
3198 1727 3509 1791 Trinitatis,
3556 1734 3615 1782 et

344 1815 659 1890 λαμπηδόσι
707 1820 812 1894 τῆς
868 1825 1133 1880 ἀνωτάτω
1183 1827 1415 1895 mare;
1458 1829 1559 1900 τῆς
1610 1830 1800 1903 πηγῆς
1826 1831 1935 1886 τῶν

2040 1828 2210 1896 fontis
2233 1825 2533 1889 luminum,
2566 1839 2665 1880 eos
2700 1822 3019 1889 illuminant
3051 1840 3067 1878 :
3095 1838 3206 1879 non
3237 1823 3461 1894 vulgata
3495 1831 3618 1878 tau-

347 1911 546 1981 φώτων
577 1915 1053 1983 καταφωτίζουσιν
1081 1931 1097 1947 ⁶
1149 1920 1213 1973 οὐ
1269 1919 1337 1973 τά
1394 1920 1605 1991 ἔκφορα
1645 1923 1808 1993 μόνον
1836 1923 1933 1979 τοῦ

353 2004 677 2075 μυστηρίου,
705 2009 803 2062 καὶ
839 2011 961 2074 ταῖς
986 2011 1098 2065 τῶν
1140 2013 1356 2066 πολλῶν
1399 2015 1591 2080 ἀκοαῖς
1622 2017 1723 2070 οὐκ
1753 2017 1935 2090 ἁπόρα

353 2099 492 2167 ῥητα
549 2101 1042 2169 μυσταγιογοῦντες
1107 2105 1314 2173 ἐκεῖνα,
1367 2106 1624 2178 καθάπερ
1690 2110 1936 2175 εἰπόντες

348 2186 612 2259 ἔφθησαν,
648 2189 786 2244 ἀλλά
843 2194 943 2246 καὶ
982 2195 1049 2247 τὰ
1102 2195 1333 2250 ἐκείνων
1382 2197 1642 2270 ὲνδότερα
1692 2202 1788 2253 καί⁹
1827 2219 1934 2271 μυ-

350 2281 680 2353 στικώτερα.
717 2283 905 2354 Ἔχεις
950 2289 1047 2340 καὶ
1097 2287 1230 2359 γὰρ,
1285 2292 1439 2358 φησὶ,
1480 2291 1577 2344 τοῦ
1627 2295 1933 2365 μυστηρίου

346 2371 419 2425 τὰ
449 2369 686 2441 ἔκφορα,
723 2377 820 2429 καὶ
841 2378 962 2441 ταῖς
999 2378 1111 2431 τῶν
1151 2380 1365 2433 πολλῶν
1396 2381 1591 2445 ἀκοαῖς
1631 2383 1731 2436 οὐκ
1756 2384 1933 2455 ἀπόρο

352 2465 512 2533 ῥητα⁸
543 2463 716 2519 τᾶλλα
755 2467 812 2520 δὲ
852 2469 985 2521 εῖσω
1031 2471 1276 2542 μαθήσῃ,
1303 2473 1405 2542 τῆς
1451 2474 1680 2543 Τριάδος
1710 2475 1935 2547 χαριζο-

354 2560 547 2630 μένηςο
574 2560 822 2633 δηλονότι
865 2564 1004 2634 μετὰ
1044 2566 1107 2618 τὸ
1153 2565 1442 2639 βάπτισμα
1472 2570 1568 2622 καὶ
1598 2568 1695 2640 τὴν
1726 2570 1936 2640 κάθαρ-

352 2666 460 2716 σιν,
492 2651 528 2706 ἃ
562 2654 655 2707 καὶ
688 2655 921 2727 κρύψεις
967 2657 1118 2731 παρὰ
1174 2662 1391 2732 σεαυτῷ
1439 2661 1665 2728 σφαγίδι
1702 2661 1939 2733 κρατού-

354 2758 518 2810 μενα.
544 2744 657 2797 Καὶ
684 2746 810 2800 τίνα
837 2747 1032 2813 ταῦτα,
1076 2748 1170 2803 καὶ
1205 2750 1389 2822 ἡλίκα,
1426 2750 1522 2805 καὶ
1547 2752 1672 2806 ὃθεν
1705 2753 1934 2824 ἥκοντα,

350 2834 401 2887 oi
439 2835 594 2889 αὐτοὶ
623 2838 718 2892 καὶ
763 2840 925 2893 πάλιν
958 2841 1345 2896 ἐκδιδάσκουσι
1382 2845 1509 2909 τοὺς
1543 2844 1934 2915 μεμυημένους

347 2925 408 2978 ἐν
436 2925 514 2997 τῷ
552 2930 699 3000 αὑτῷ
727 2932 1023 3002 πνεύματι,
1058 2936 1106 2987 εί
1148 2936 1244 2987 καὶ
1283 2935 1657 3007 ἀμυδρότερον
1709 2936 1812 3002 ἔτι,
1840 2937 1937 2990 καὶ

2036 1931 2174 1987 tum,
2204 1919 2618 1989 multorumque
2643 1917 2875 1976 auribus
2903 1933 3016 1974 non
3038 1918 3245 1989 ignota,
3274 1932 3378 1972 nec
3401 1924 3616 1972 secreta

2037 2013 2128 2070 illa
2162 2013 2445 2085 mysteria,
2494 2019 2556 2067 ut
2585 2011 2746 2067 aiunt
2778 2010 2923 2083 ipsi,
2960 2026 3158 2066 verum
3200 2009 3312 2066 illis
3348 2009 3619 2064 interiora

2036 2121 2278 2178 quoque,
2312 2106 2594 2176 magisque
2630 2105 2860 2176 mystica
2891 2103 3180 2159 docentes.
3231 2101 3416 2157 Habes
3444 2100 3617 2161 enim.

2039 2199 2239 2269 inquit,
2278 2198 2526 2269 mysterii
2552 2197 2792 2260 notiora.
2854 2204 2913 2252 et
2949 2196 3266 2253 multorum
3297 2209 3462 2249 aures
3516 2192 3621 2246 Ini-

2036 2294 2185 2347 nime
2219 2291 2519 2362 fugientia:
2556 2299 2752 2346 ett-tera
2784 2288 2955 2353 intus,
3009 2287 3299 2343 Trinitate'
3349 2285 3618 2357 largiente

2036 2397 2373 2452 cognosces;
2411 2389 2536 2452 post
2569 2380 2904 2450 baptismum
2949 2388 3006 2435 et
3040 2379 3423 2450 purgationem
3465 2378 3621 2433 vide-

2036 2473 2187 2537 licet,
2225 2488 2350 2544 quae.
2373 2471 2518 2542 apud
2548 2483 2600 2526 te
2628 2471 2809 2541 sigillo
2842 2473 3061 2525 munita
3090 2469 3427 2525 abscondes.
3462 2468 3623 2535 Quan—

2038 2580 2165 2634 pam
2192 2573 2377 2619 autem
2406 2564 2531 2631 illa,
2570 2572 2627 2619 et
2674 2564 2859 2634 qualia
2911 2563 3044 2629 sint,
3095 2570 3153 2618 et
3191 2561 3338 2619 unde
3372 2561 3618 2626 veniant,

2040 2658 2208 2713 iidem
2257 2657 2506 2713 initiatos
2558 2670 2756 2713 rursus
2810 2657 3014 2713 docent
3048 2655 3105 2711 in
3164 2654 3360 2712 eodem
3397 2654 3619 2724 spiritu,

2041 2751 2262 2806 tametsi
2288 2750 2475 2806 adhuc
2496 2749 2815 2815 obscurius,
2848 2765 2953 2806 nec
2991 2749 3222 2809 omnino
3252 2749 3389 2806 citra
3423 2762 3625 2818 specu-

2039 2843 2183 2909 lum,
2220 2851 2276 2897 et
2316 2828 2693 2912 integumenta
2727 2852 2955 2912 propter
2990 2842 3305 2897 obstantem
3338 2841 3619 2903 nebulam,

2040 2943 2096 2990 et
2121 2933 2307 2989 carnis
2335 2933 2655 3005 caliginem,
2687 2934 2893 3004 quibus
2928 2935 3177 3003 impliciti
3217 2949 3434 2988 sumus.

348 3025 451 3078 οὐκ
481 3025 587 3091 ἔξω
641 3031 925 3096 παντελῶς
977 3032 1087 3087 τῶν
1136 3033 1628 3106 προκαλυμμάτων
1680 3035 1777 3087 καὶ
1826 3034 1934 3089 τῶν
1973 3032 2255 3103 ἐσόπτρων
2309 3031 2399 3086 διὰ
2455 3030 2557 3101 τὴν
2629 3029 3085 3101 προϐεϐλημένην
3153 3029 3329 3102 ἀρχὴν
3382 3029 3479 3083 καὶ
3531 3030 3623 3084 τδν

357 3119 457 3188 τῆς
492 3122 699 3192 σαρκὸς
731 3122 916 3192 ζόφον,
961 3120 1044 3189 οἷς
1081 3126 1514 3195 συνεζεύγμεθα.

430 3213 637 3269 Τούτου
668 3216 763 3274 τοῦ
797 3215 942 3271 θείου
973 3220 1068 3271 καὶ
1111 3218 1324 3287 ἀγαθοῦ
1370 3218 1707 3290 Πνεύματος,
1743 3211 1788 3272 ὦ
1820 3218 1937 3272 θεο-

2121 3214 2295 3287 llujus
2334 3213 2508 3270 divini
2540 3222 2597 3269 et
2628 3214 2759 3270 boni
2788 3214 3038 3285 Spiritus,
3098 3230 3131 3269 ο
3155 3214 3367 3275 cmlesti
3395 3220 3624 3275 numine

353 3309 509 3380 φόροι
544 3309 894 3378 ιδιδάσκαλοι,
932 3314 1028 3366 xui.
1071 3313 1230 3383 ὑμεῖς
1279 3313 1389 3367 τῶν
1437 3310 1796 3384 χαρισμάτων
1846 3311 1942 3363 καὶ

351 3401 453 3467 τῆς
480 3400 763 3472 ἐνεργείας
786 3402 1146 3475 πλησθέντες,
1178 3404 1275 3459 καὶ
1324 3403 1444 3457 ὅλον
1471 3404 1692 3474 σχόντες
1725 3405 1782 3455 ὲν
1818 3403 1943 3455 ἑαυ-

354 3495 492 3560 τοῖς,
544 3496 635 3549 διὰ
683 3494 896 3549 τούτων
927 3497 1018 3550 τὸν
1059 3497 1170 3558 ἕνα,
1216 3499 1316 3568 τῆς
1374 3497 1646 3568 Τριάδος,
1683 3498 1775 3550 τὸν
1821 3495 1942 3549 ὅλον

356 3588 574 3659 ἑκάστῳ
614 3588 891 3660 διαφόρως
948 3590 1286 3657 ἐνοικοῦντα,
1339 3593 1435 3644 καὶ
1479 3591 1600 3645 ὅλον
1629 3590 1760 3644 ὄντα
1806 3590 1945 3660 μετά

350 3681 511 3746 Θεοῦ,
539 3682 633 3736 καὶ
655 3680 964 3754 πληροῦντα
991 3684 1050 3736 τὸ
1076 3684 1305 3751 πᾶν,καὶ
1328 3684 1469 3754 ὑπὲρ
1495 3683 1555 3738 τὸ
1578 3665 1823 3750 πᾶνίκαὶ
1851 3684 1944 3736 τοῦ

358 3774 563 3838 παντὸς
617 3775 745 3829 ὄντα
803 3774 932 3842 ἔξω,
985 3775 1061 3837 ὡς
1107 3775 1406 3837 αὐτοίκαὶ
1459 3776 1634 3830 ταῦτα
1661 3776 1942 3846 εἰρήκατε·

354 3865 610 3930 ἐδέξασοε
643 3868 751 3936 γὰρ
782 3869 878 3920 καὶ
922 3866 1075 3919 αὐτοὶ
1105 3867 1204 3931 τὰς
1258 3868 1491 3939 πυρίνας
1524 3868 1778 3934 γλώσσας
1809 3870 1948 3939 μετὰ

356 3959 468 4013 τῶν
497 3960 811 4014 ἀποστόλων
839 3962 898 4012 ἐν
929 3959 1163 4030 ὑπερῴῳ
1193 3960 1367 4030 τόπῳ,
1393 3960 1492 4030 τῆς
1521 3959 1753 4032 ὑψηλῆς,
1780 3961 1946 4031 φημὶ,

355 4049 450 4105 τοῦ
518 4052 609 4106 νοῦ
642 4051 893 4121 φυλακῆς
948 4069 1008 4106 τε
1054 4053 1151 4105 καὶ
1189 4050 1422 4122 θεωρίας
1469 4053 1646 4122 ὑμῶν,
1693 4052 1793 4107 οὐκ
1840 4052 1947 4105 ἀπὸ

359 4144 623 4212 τελωνῶν,
665 4144 760 4199 καὶ
790 4146 1163 4216 σκυτοτόμων.
1197 4149 1291 4200 καὶ
1314 4146 1664 4201 ἁλιέων-κατ’
1706 4148 1947 4209 ἐκείνους

365 4233 651 4304 κληθέντες
684 4238 764 4300 είς
810 4238 1145 4301 ἀποστόλους
1189 4240 1285 4291 καὶ
1308 4236 1575 4307 μαθητὰς
1610 4235 1947 4307 (εηὺὸόκησε

359 4327 460 4383 καὶ
486 4327 596 4399 γὰρ
627 4332 659 4384 ό
693 4331 837 4395 Θεὸς
865 4331 931 4383 τὸ
953 4329 1291 4398 τηνικαῦτα,
1305 4328 1403 4383 διὰ
1426 4328 1538 4397 τῆς
1570 4330 1798 4398 μωρίας
1839 4327 1947 4382 τοῦ

357 4423 757 4499 κηρύγματος]
783 4423 981 4477 σῶσαι
1024 4424 1165 4489 τοὺς
1192 4423 1634 4492 πιστεύονταςξ³
1675 4421 1940 4490 Ἐπειδὴ,

365 4516 552 4585 φησὶν,
574 4515 646 4570 ἐν
673 4515 745 4582 τῇ
771 4515 961 4584 σοφίᾳ
1007 4514 1114 4569 τοῦ
1152 4514 1303 4570 Θεοῦ
1341 4517 1453 4571 οὐκ
1478 4515 1631 4584 ἔγνω
1659 4517 1690 4569 ὀ
1712 4515 1946 4581 κόσμος

363 4609 462 4663 διὰ
488 4607 600 4677 τῆς
630 4610 853 4678 σοφίας
880 4611 990 4663 τὸν
1024 4607 1221 4678 θεὸν),
1258 4606 1373 4662 ἀλλ’
1406 4608 1514 4660 ἀπὸ
1545 4608 1813 4677 ῥητόρων,
1852 4604 1946 4656 καὶ

363 4703 698 4775 φιλοσόφων,
755 4703 853 4758 καὶ
907 4678 1272 4761 διαλεκτικῶν
1321 4699 1415 4754 xui
1472 4699 1656 4769 σοφῶν
1692 4699 1790 4752 ἐπὶ
1844 4697 1948 4767 τὴν

361 4796 627 4867 ἀληθινὴν
665 4795 763 4851 καὶ
785 4793 1010 4865 πρώτην
1048 4792 1296 4856 ἐλθόντες
1314 4791 1515 4861 σοφίαν
1545 4793 1641 4845 καὶ
1674 4791 1776 4860 τὴν
1810 4793 1949 4844 ἁπο-

366 4889 588 4959 στολὴγ,
616 4889 706 4943 ἵνα
738 4888 1090 4958 καὶ-διὰττῆς
1123 4888 1277 4944 κάτω
1314 4886 1532 4956 σοφίας,
1562 4885 1766 4941 ὡσανεί
1803 4903 1949 4949 τινος

364 4983 701 5054 σκευοφόρου
757 4981 852 5037 καὶ
892 4981 1273 5052 ,ὑπηρέτιδος,
1330 4979 1591 5051 ὲξελεγθῇ
1647 4978 1708 5032 τὸ
1766 4979 1951 5049 μωρὸν

362 5075 531 5137 ὅντως
559 5075 653 5126 xui
693 5071 918 5135 ἀσθενὲς
946 5071 1056 5127 τῶν
1097 5070 1204 5136 ἔξω
1244 5072 1447 5141 σοφῶν·
1477 5072 1612 5141 πρὸς
1662 5069 1764 5139 τὴν
1810 5071 1949 5139 ἡμε-

356 5166 529 5236 τέραν
573 5164 834 5235 ἐξήλθετε
877 5166 1180 5234 σωτηρίαν,
1217 5165 1408 5235 ὥσπερ
1440 5164 1582 5227 τινὲς
1619 5163 1775 5217 ἄλλοι
1806 5162 1948 5217 κατά

355 5260 528 5330 ,χάριν
557 5260 695 5325 θεοὶ,
712 5261 819 5313 καὶ
847 5259 1087 5313 πλάσται
1110 5258 1220 5312 τῶν
1246 5256 1595 5328 σωζομένων,
1623 5258 1690 5327 τῇ
1720 5254 1950 5323 δυνάμει

352 5352 462 5407 ,τοῦ
495 5353 714 5408 πάντων
732 5350 1081 5423 δημιουργοῦ
1123 5368 1180 5405 τε
1208 5354 1306 5407 καὶ
1336 5351 1603 5415 πλάστου,
1645 5348 1739 5401 καὶ
1782 5346 1952 5418 μόνου

356 5445 514 5499 κατὰ
542 5444 714 5520 ’φύσιν
758 5443 922 5499 Θεοῦ.
1078 5476 1093 5489 κ
1564 5442 1568 5447 ’

442 5539 554 5591 Καὶ
582 5537 929 5610 Μωσῆςδμὲν
968 5539 996 5592 ό
1024 5538 1196 5611 μέγας
1240 5538 1450 5600 ἐκεῖνος
1476 5535 1536 5591 τὸ
1571 5535 1827 5607 βραδύ-τε
1862 5532 1956 5587 καὶ

374 5625 685 5699 ισχνδν-τῆς
714 5626 972 5697 ,γλώττης
1002 5630 1098 5682 καὶ
1126 5630 1225 5699 τῆς
1255 5630 1438 5699 φωνῆς
1474 5626 1669 5682 ἑαυτοῦ
1710 5624 1953 5697 προϐαλ-

442 5762 499 5820 5?
534 5785 670 5841 Luc.
698 5802 752 5853 ι,
779 5787 870 5841 et.
947 5787 990 5818 ιε
1023 5785 1042 5840 ι
1076 5783 1200 5841 Cor.
1248 5785 1411 5849 1,21.

2047 3306 2292 3363 instincti
2321 3307 2597 3370 doctores,
2630 3306 3063 3361 charismatibus
3121 3318 3179 3363 et
3205 3307 3499 3365 efﬁcientia
3530 3328 3628 3366 vos

2045 3412 2268 3468 quoque
2298 3398 2495 3468 repleti
2517 3397 2653 3453 estis
2679 3438 2695 3464 ,
2726 3406 2785 3452 et
2827 3413 2926 3468 per
2976 3399 3093 3455 hac
3143 3407 3317 3455 totum
3358 3400 3502 3457 intra
3531 3418 3628 3458 vos

2044 3492 2283 3557 habetis,
2318 3508 2487 3551 unum
2521 3493 2591 3548 de
2626 3501 2816 3549 sancta
2845 3492 3351 3559 Trinitate,.totum
3401 3496 3456 3550 in
3492 3513 3632 3551 uno-

2045 3601 2267 3656 quoque
2294 3585 2655 3650 habitantem,
2688 3593 2741 3642 et
2777 3594 2952 3641 totum
2987 3602 3113 3644 cum
3138 3587 3261 3651 Deo
3292 3599 3626 3657 manentem,

2045 3690 2100 3733 et
2133 3678 2453 3749 implentem
2485 3677 2591 3732 hoc
2620 3692 2806 3745 omne,
2840 3687 2898 3733 ct
2926 3686 3100 3749 super
3139 3694 3325 3744 omne,
3373 3688 3429 3736 et
3475 3689 3630 3736 extra

2046 3786 2211 3826 omne
2238 3771 2618 3839 exsistentem,
2664 3771 2818 3843 juxta
2857 3771 3167 3827 doctrinam
3206 3780 3464 3827 vestram.
3498 3771 3634 3827 Sus-

2047 3863 2273 3932 cepistis
2306 3863 2566 3919 nimirum
2594 3873 2653 3918 et
2679 3864 2780 3934 ipsi
2808 3863 3021 3935 linguas
3041 3864 3228 3935 igneas
3250 3880 3375 3919 cum
3406 3873 3629 3933 aposto-

2048 3955 2117 4010 lis
2145 3955 2198 4008 in
2221 3954 2533 4012 editissimo
2563 3954 2764 4011 aedium
2800 3955 2956 4022 loco;
3003 3955 3110 4009 hoc
3148 3964 3253 4020 est,
3305 3956 3358 4009 in
3404 3956 3635 4010 excelsae

2050 4046 2250 4101 mentis
2295 4053 2491 4101 vestrae
2541 4046 2791 4100 custodia
2849 4055 2905 4102 et
2947 4046 3410 4117 contemplatione
3453 4063 3466 4101 :
3524 4063 3633 4100 non

2046 4136 2512 4208 quemadmodum
2546 4137 2648 4199 illi,
2688 4153 2720 4192 e
2757 4137 3087 4207 publicanis,
3136 4144 3195 4193 et
3235 4138 3540 4202 sutoribus,
3577 4147 3635 4192 et

2050 4229 2422 4300 piscatoribus
2490 4230 2696 4292 vocati,
2727 4229 2987 4299 unetique
3032 4231 3086 4284 in
3121 4233 3400 4299 apostolos
3460 4241 3516 4284 et
3547 4232 3633 4283 ui-

2032 4320 2294 4390 .scipulos
2325 4322 2553 4392 (placuit
2585 4323 2725 4376 enim
2771 4333 2893 4376 tum:
2916 4323 3021 4376 Deo
3055 4339 3148 4393 per
3171 4322 3460 4391 stultitiam
3489 4341 3631 4391 pra:-

2049 4414 2332 4471 dicationis
2356 4414 2529 4469 salvos
2556 4415 2731 4484 facere
2760 4415 3027 4471 credentes
3058 4430 3076 4478 ,'
3109 4414 3270 4481 Quia,
3319 4415 3525 4484 inquit,
3573 4417 3629 4469 in

2051 4505 2150 4559 Dei
2182 4506 2450 4575 sapientia
2479 4521 2584 4558 non
2631 4506 2875 4574 cognovit
2902 4505 3133 4561 mundus
3183 4521 3279 4576 per
3300 4506 3633 4576 sapientiam
3678 4531 3686 4537 ο

2053 4598 2295 4668 Deum“)
2314 4640 2328 4664 ,
2359 4598 2455 4654 sed
2486 4598 2555 4654 ab
2588 4597 2926 4681 oratoribus,
2945 4590 3313 4667 phildsoyhis,
3334 4597 3639 4652 dialecticis

2050 4702 2107 4748 et
2141 4692 2484 4764 sapientibus
2508 4692 2576 4746 ad
2612 4706 2797 4747 veram
2848 4699 2903 4745 et
2948 4689 3392 4759 antiquissimam
3417 4689 3638 4759 sapien-

2036 4788 2183 4845 .tiam
2208 4794 2374 4856 atque
2402 4784 2771 4855 apostolatum
2803 4784 3037 4839 venistis
3066 4801 3079 4836 :
3131 4793 3194 4837 ut
3216 4782 3386 4839 etiam
3419 4797 3518 4852 per
3547 4782 3640 4836 in-

2051 4881 2310 4937 feriorcm
2337 4879 2691 4949 sapientiam,
2723 4877 2894 4933 veluti
2950 4876 3310 4932 sarcinariam
3341 4875 3638 4945 quamdam

2034 4983 2106 5033 -et
2138 4974 2448 5033 ministram
2486 4972 2654 5027 stulta
2689 4986 2827 5027 sane
2860 4978 2917 5025 et
2946 4970 3229 5027 imbecilla
3273 4980 3633 5024 externorum

2030 5066 2328 5137 sapientia
2395 5065 2849 5135 redargueretur.
2917 5063 3000 5123 Ad
3074 5063 3310 5117 salutem
3389 5071 3636 5115 nostram

2055 5159 2264 5230 egressi
2293 5159 2453 5221 estis.
2481 5173 2583 5214 ceu
2622 5157 2718 5212 alii
2748 5157 3107 5228 quidamper
3132 5156 3391 5226 gratiam,
3440 5162 3496 5209 et
3523 5152 3641 5207 for-

2038 5264 2300 5313 .matores
2358 5251 2767 5315 salvandorum,
2819 5249 2875 5303 in
2927 5249 3133 5302 virtute
3172 5247 3421 5301 omnium
3480 5244 3641 5314 opiﬁ-

2058 5342 2160 5407 cis,
2182 5351 2240 5397 et
2263 5340 2601 5405 formator-is,
2631 5339 2839 5410 quique
2864 5338 3015 5394 solus
3044 5337 3350 5393 secundum
3386 5344 3638 5391 naturam

2058 5436 2206 5498 Deus
2238 5443 2343 5489 est.

2130 5529 2208 5582 Ac
2242 5526 2419 5581 Moses
2440 5522 2933 5595 quidemeximius
2966 5521 3055 5578 ille
3082 5521 3394 5577 tarditatem
3426 5527 3484 5574 et
3500 5532 3634 5589 gra-

2060 5620 2325 5676 cilitatem
2358 5617 2559 5688 lingua:
2592 5631 2657 5672 ac
2715 5614 2869 5671 vocis
2901 5629 3035 5679 suae,
3074 5621 3345 5685 etpostea
3366 5609 3639 5667 Jerctnias
