4036 6454
358 381 464 446 793

1396 386 1785 461 LAUDATIO
1822 350 2077 452 TRlUlll
2117 389 2560 457 sucronem.

3536 406 3645 472 7M

356 497 586 567 κλησίας
633 490 844 562 πάντας
880 500 1123 566 ἐκείνους
1158 501 1377 572 σχεδὸν,
1426 505 1522 558 καὶ
1565 504 1689 574 μηδ’
1722 504 1781 569 ἐξ
1811 506 1930 559 ὀνό-

2062 510 2350 580 lraecipuos
2386 511 2591 567 Christi
2617 511 2919 584 discipulos
2944 516 3431 573 administrandam
3451 519 3634 586 adepti

358 607 532 662 ματος
587 593 739 663 παρὰ
797 595 1023 659 τούτους
1075 595 1440 664 γινώσκεσθαι
1468 613 1483 629 ο
1526 597 1705 651 καίτοι
1755 616 1819 667 γε
1849 600 1944 653 καὶ

363 683 581 737 πολλῶν
607 685 1039 756 ἀναδειχθέντων
1090 689 1149 741 ἐν
1192 687 1271 759 τῷ
1306 691 1479 760 μέσῳ,
1517 689 1613 743 καὶ
1652 690 1797 744 κατά
1824 709 1948 745 καις

361 776 456 844 ρ’,ν
496 776 593 828 καὶ
646 775 919 846 λαμπρῶς
968 779 1469 850 ἀνακηρυχθέντων
1513 780 1607 834 καὶ
1661 780 1805 852 λόγῳ
1849 782 1947 835 καὶ

361 866 628 939 πολιτεία.
701 868 845 921 Ἀλλ’
897 862 1047 923 οὗτοι
1097 871 1194 925 καὶ
1235 871 1358 925 κατ’
1404 872 1571 942 ἄμφω
1606 871 1816 935 πάντας
1867 871 1946 943 τῷ

362 956 609 1024 περιόντι
666 955 770 1026 τῆς
828 959 1025 1027 αἴγλης
1088 957 1268 1024 οὕτως
1334 961 1698 1030 ἀπέκρυψαν,
1756 960 1947 1032 ὥσπερ

362 1048 604 1116 ἀστέρας
641 1049 816 1120 ἥλιος.
849 1050 912 1102 Εί
951 1051 1007 1104 δέ
1045 1069 1189 1110 τινες
1220 1053 1313 1106 καὶ
1347 1054 1486 1122 μετά
1512 1055 1638 1116 τοὺς
1662 1053 1948 1122 γενναίους

361 1138 585 1203 τούτους
623 1140 828 1212 ὑψηλόν
861 1160 915 1194 τι
947 1146 1037 1196 καὶ
1079 1148 1329 1213 γενναῖον
1371 1148 1466 1200 ἐπὶ
1511 1129 1611 1218 τὴν
1635 1147 1811 1217 ἀρχὴν
1849 1149 1947 1217 τῆς

366 1234 633 1303 μεγίστης
678 1235 789 1288 τῶν
833 1236 1174 1303 Ἐκκλησιῶν
1220 1237 1586 1309 παρελθόντες
1646 1239 1948 1309 κατορθοῦν

362 1327 573 1392 ἔδοξαν,
633 1329 665 1399 ἢ
724 1332 820 1384 καὶ
880 1332 1278 1401 κατώρθωσαν,
1312 1333 1478 1396 εὐθὺς
1529 1333 1626 1385 καὶ⁵
1684 1333 1948 1403 ήκλῆσις

365 1418 552 1481 αὐτοῖς
586 1422 839 1486 ἐκεῖθεν,
884 1425 980 1475 καὶ
1027 1423 1088 1475 τὸ
1147 1423 1338 1477 καινὸν
1382 1421 1536 1491 παρὰ
1584 1423 1695 1475 τῶν
1741 1424 1949 1477 πιστῶν

364 1510 688 1580 πρόσρημα,
718 1512 828 1565 τῶν
881 1513 980 1582 μὲν
1011 1513 1324 1583 προσόντων
1351 1512 1634 1582 ὀνομάτων
1662 1513 1772 1566 τῶν
1828 1530 1950 1566 ποι·

371 1603 550 1673 μένων
580 1603 829 1659 ἑκάστων
878 1607 1278 1678 σιωπωμένων.

2052 604 2692 670 sunt,antecelluerunt,
2759 617 2818 662 ut
2872 610 3272 677 propemodum
3338 612 3635 669 maximam

2052 704 2262 764 partem
2294 696 2533 750 universi
2564 697 2633 752 ab
2666 696 2910 754 Ecclesia
2947 700 3296 771 ignorentur,
3332 714 3387 757 et
3421 719 3531 772 prae
3554 705 3638 757 his

2051 800 2155 840 nec
2185 786 2253 841 de
2310 788 2538 842 nomine
2570 790 2790 858 quidem
2842 804 3244 861 cognoscantur
3271 812 3290 849 :
3320 810 3634 865 quanquam

2052 885 2108 931 et
2137 877 2293 932 multi
2326 877 2383 932 in
2417 878 2598 934 medio
2624 935 2628 939 t
2654 882 2846 949 creati,
2869 894 2965 938 eta
2993 884 3241 939 doctrina
3281 885 3643 954 moribusque

2053 984 2163 1023 non
2191 970 2414 1041 vulgare
2450 974 2789 1042 praeconium
2825 976 3107 1030 consecuti
3154 976 3381 1031 fuerint.
3435 977 3640 1031 Verum

2054 1059 2109 1114 hi
2147 1062 2433 1130 utriusque
2460 1063 2769 1132 splendoris
2835 1058 3242 1135 magnitudine,
3313 1083 3431 1122 non
3474 1068 3638 1121 aliter

2054 1167 2216 1221 quam
2249 1152 2528 1208 sideribus
2566 1156 2699 1209 solis
2744 1156 2989 1219 claritas,
3021 1157 3408 1213 obscuritatem
3439 1159 3636 1213 attule-

2054 1252 2200 1298 runt.
2233 1246 2389 1311 Quod
2420 1246 2467 1301 si
2490 1247 2584 1317 qui
2618 1249 2780 1303 etiam
2813 1258 2935 1318 post
2963 1264 3261 1319 generosos
3286 1251 3421 1304 istos
3450 1252 3503 1304 in
3539 1251 3638 1304 Ee-

2054 1334 2344 1391 clesiarum
2376 1340 2626 1395 maximae
2661 1340 3029 1411 principatum
3083 1342 3336 1411 ingressi,
3396 1358 3504 1396 non
3544 1344 3639 1401 lm-

2056 1427 2184 1480 mile
2248 1429 2508 1498 quiddam
2564 1441 2621 1486 et
2654 1432 2976 1501 praeclarum
3034 1449 3157 1488 cum
3187 1434 3345 1488 laude
3379 1445 3472 1488 aut
3504 1450 3641 1503 prae-

2057 1526 2203 1573 stare
2232 1520 2333 1575 visi
2361 1531 2511 1589 sunt,
2572 1533 2667 1577 aut
2721 1525 3129 1594 prmstiterunt,
3175 1541 3294 1579 mox
3342 1526 3448 1579 illis
3510 1525 3638 1580 inde

2055 1609 2390 1678 appellatio,
2457 1622 2514 1668 et
2561 1629 2756 1669 nomen
2818 1632 3018 1670 novum
3082 1633 3111 1671 a
3179 1616 3432 1670 ﬁdelibus
3489 1617 3637 1671 indi-

2057 1707 2172 1752 tum
2204 1708 2309 1765 est,
2339 1702 2540 1763 tacitis.
2571 1719 2693 1774 quae
2720 1714 2970 1774 pastores
3002 1706 3199 1777 singuli
3227 1708 3493 1777 gerebant
3532 1722 3635 1761 no-

2059 1791 2319 1847 minibus.

446 1872 607 1926 Οὕτω
642 1875 735 1929 καὶ
761 1876 871 1928 τῶν
908 1876 1162 1946 μεγάλων
1218 1879 1462 1944 ἐκείνων,
1492 1877 1705 1949 ἀνδρῶν
1755 1896 1815 1930 τε
1855 1879 1950 1932 καὶ

2123 1883 2314 1955 Neque
2352 1900 2482 1940 vero
2513 1903 2735 1959 magnos
2767 1890 2910 1946 istos
2946 1891 3072 1955 viri,
3103 1891 3386 1953 mulieres.
3435 1891 3631 1960 vulgus
3698 1916 3701 1919 λ

371 1967 672 2033 γυναικῶν,
701 1968 796 2020 καὶ
826 1969 1049 2022 πάντων
1079 1968 1221 2038 ὁμοῦ
1251 1969 1476 2030 τούτους
1506 1968 1948 2032 ἀποκαλούντων,

372 2055 469 2107 καὶ
501 2056 591 2108 τὸν
625 2057 913 2124 Θεολόγον,
964 2061 1060 2135 καὶ
1107 2059 1203 2113 τὸν
1244 2059 1612 2129 Χρυσολόγον,
1660 2061 1755 2113 καὶ
1813 2059 1953 2129 μετά

374 2146 570 2216 πολλῆς
600 2166 745 2210 τινος
779 2151 879 2219 τῆς
900 2152 1095 2220 ἡδονῆς
1128 2155 1223 2204 καὶ
1250 2152 1348 2221 τῆς
1377 2151 1651 2217 ἀξιώσεως
1678 2152 1952 2221 ἐπιφημι-

371 2239 573 2301 ζόντων
603 2241 808 2304 αὐτοῖς·
842 2242 1133 2313 δεικνύσης
1181 2243 1283 2313 τῆς
1336 2242 1577 2312 Χριστοῦ
1619 2242 1954 2313 Ἐκκλησίας

370 2333 690 2395 κάντεῦθεν,
725 2335 846 2387 οὐδὲ
879 2336 1052 2405 χωρἰς
1087 2336 1430 2405 Πνεύματος,
1476 2328 1653 2405 οἶμαὶ,
1695 2335 1770 2399 ὡς
1805 2336 1955 2405 πρῶ-

372 2442 457 2478 τοι
514 2427 608 2479 καὶ
659 2428 812 2496 μόνοι
868 2428 1056 2497 σχεδὸν
1104 2428 1299 2480 ἐκεῖνον
1359 2428 1495 2496 μετά
1546 2428 1672 2488 τοὺς
1703 2427 1956 2498 πρώτους

374 2518 702 2583 ἀποστόλους
757 2520 851 2572 καὶ
905 2521 1159 2588 ποιμένες
1223 2521 1332 2572 είσι
1387 2521 1482 2572 καὶ
1520 2508 1829 2573 δίδάσκαλοι
1857 2520 1957 2589 τῆς

371 2609 611 2681 Χριστοῦ
652 2611 1006 2681 Ἐκκλησίας,
1042 2613 1142 2664 οὐκ
1189 2612 1361 2666 ἄλλοι.
1394 2612 1508 2663 Καὶ
1539 2610 1631 2664 διὰ
1659 2610 1824 2664 τοῦτο
1855 2611 1953 2664 καὶ

372 2700 471 2766 τῆς
497 2700 723 2752 ἐκείνων
774 2700 1157 2765 διδασκαλίας,
1196 2701 1291 2753 καὶ
1343 2701 1452 2754 τῶν
1502 2700 1808 2770 δογμάτων,
1864 2702 1959 2754 καὶ

373 2790 473 2859 τῆς
525 2790 829 2859 θεολογίας,
871 2793 1065 2863 ὥσπερ
1125 2793 1289 2847 τινῶν
1350 2786 1516 2863 ἱερῶν
1572 2792 1798 2846 πλακῶν
1862 2793 1959 2846 καὶ

376 2883 537 2935 θείων
588 2884 932 2953 Εὑαγγελίων
985 2887 1322 2956 ἀντεχομένη
1347 2926 1362 2950 ,
1414 2888 1508 2939 καὶ
1544 2886 1640 2939 ίσα
1679 2888 1776 2940 καὶ
1806 2884 1955 2955 ψυχῇ

379 2978 473 3030 καὶ
510 2979 623 3048 ζωῇ
673 2977 848 3033 ταῦτα
904 2978 1153 3047 φιλοῦσα,
1199 2979 1399 3047 μᾶλλον
1433 2978 1480 3032 δ’
1509 2980 1684 3032 εἰπεῖν
1723 2977 1959 3047 ἀληθῶς,

377 3070 473 3122 καὶ
503 3071 646 3140 ὑπὲρ
689 3070 940 3142 κεφαλήν
989 3088 1051 3124 τε
1108 3071 1206 3124 καὶ
1242 3070 1392 3142 ζωὴν
1426 3071 1662 3140 ἄγουσα,
1697 3071 1819 3124 οὐδὲ
1853 3051 1962 3122 τῶν

377 3165 783 3233 προσηγοριῶν,
834 3165 955 3217 οὐδὲ
1019 3164 1129 3217 τῶν
1166 3163 1330 3234 ἱερῶν
1389 3164 1674 3232 ὀνομάτων
1732 3163 1960 3215 ἐκείνων

376 3255 887 3322 ἀφίστασθαίθθελει
915 3270 928 3283 '
967 3256 1107 3309 ἀλλά
1158 3257 1252 3310 καὶ
1301 3255 1397 3319 οὓς
1456 3256 1569 3309 τῶν
1616 3255 1959 3308 διδασκάλων

379 3346 498 3416 μετ’
528 3349 770 3410 ἐκείνους
805 3346 1020 3416 φιλοῦσι
1050 3350 1145 3400 καὶ
1192 3347 1287 3400 τοῦ
1318 3347 1671 3417 χαρακτῆρος
1702 3346 1956 3409 ἐκείνων,

378 3441 468 3491 καὶ
498 3440 596 3509 τῆς
619 3439 971 3502 διδασκαλίας
1022 3439 1143 3509 ἴχνη
1203 3439 1541 3508 καθορῶσιν,
1589 3438 1622 3508 ἢ
1679 3439 1778 3491 καὶ
1827 3440 1962 3509 όρᾷν

373 3532 511 3593 τέως
556 3533 615 3584 ἐν
653 3533 864 3595 τούτοις
908 3532 1149 3598 δοκοῦσι,
1184 3534 1303 3593 ταῖς
1355 3532 1580 3584 ἐκείνων
1622 3530 1958 3582 ἀποκαλοῦσι

382 3625 809 3696 προσηγορίαις,
842 3626 935 3677 τόν
971 3641 1031 3676 τε
1072 3624 1208 3692 πρὸς
1236 3624 1364 3685 τοὺς
1392 3622 1663 3693 μεγάλους
1697 3620 1957 3689 ἀφοσιού-

300 3706 311 3713 ’
383 3736 533 3788 μενοι
556 3719 720 3772 πόθον
749 3712 984 3790 (φιλοῦσι
1030 3718 1125 3771 καὶ
1156 3719 1283 3788 γὰρ.
1305 3718 1491 3788 φησιν,
1514 3718 1564 3769 οί
1593 3715 1799 3785 σφόδρα
1830 3715 1960 3783 περί

378 3828 431 3862 τι
479 3811 760 3881 ἐρωτικῶς
798 3809 1132 3875 διακείμενοι
1193 3810 1366 3879 ἡδέως
1418 3810 1658 3861 συνεῖναι
1697 3807 1815 3863 καὶ,
1846 3809 1959 3870 τοῖς

379 3903 651 3975 ὀνόμασι),
705 3903 803 3957 καὶ
849 3904 1074 3965 τούτους
1136 3904 1202 3968 ἐξ
1253 3903 1480 3956 ἐκείνων
1532 3902 1640 3954 τῶν
1704 3900 1960 3970 μεγάλων

383 3998 673 4067 τιμῶντες,
709 4002 805 4052 καὶ
835 3998 1184 4062 δεικνύντες,
1218 3997 1292 4059 ὡς
1333 3997 1393 4050 ού
1433 3996 1622 4068 πόρρω
1650 3994 1760 4047 τῶν
1785 3991 1956 4047 σκιῶν

385 4112 534 4148 κασι.
576 4095 736 4164 Μέγα
767 4093 874 4164 γάρ
913 4094 1127 4157 τούτοις
1161 4093 1259 4146 καὶ
1284 4091 1468 4145 τοῦτο.

462 4193 526 4246 Ἀ
549 4193 611 4264 δὴ
651 4193 749 4245 καὶ
780 4190 890 4243 τῶν
929 4189 1115 4258 σοφῶν,
1157 4207 1241 4252 τις
1291 4186 1471 4259 μικρῷ
1508 4188 1613 4258 πρδ
1644 4187 1801 4255 ἡμῶν
1838 4185 1967 4239 καθ’

386 4284 570 4337 ἑαυτὸν
622 4283 813 4352 ὥσπερ
857 4281 1286 4351 ὐποθαυμάζων,
1330 4281 1429 4334 καὶ
1480 4280 1541 4334 τὸ
1601 4278 1832 4349 μέγεθος
1859 4277 1965 4345 τῆς

386 4379 734 4448 παντοδαπῆς
779 4376 995 4444 σοφίας,
1031 4377 1122 4429 καὶ
1151 4376 1250 4443 τὴν
1288 4373 1381 4449 τοῦ
1422 4373 1586 4439 λόγου
1629 4370 1834 4439 πηγὴν,
1868 4372 1962 4422 καὶ

381 4475 442 4525 τὸ
478 4471 611 4541 ὕψος
649 4469 786 4541 ὁμοῦ
832 4471 926 4523 καὶ
962 4468 1020 4521 τὸ
1046 4466 1250 4530 πλάτος
1289 4467 1393 4535 τῆς
1436 4464 1546 4518 τῶν
1590 4462 1846 4534 μεγάλων
1879 4463 1960 4516 διο

2055 1991 2218 2031 omne
2257 1977 2369 2033 suis
2399 1980 2716 2035 nominibus
2775 1984 3050 2051 appellat,
3088 1984 3184 2037 sed
3222 1984 3313 2036 uni
3346 1984 3639 2053 Tlteologi,

2056 2066 2211 2120 alteri
2242 2064 2613 2137 Chrysostomi
2641 2071 2989 2138 vocabulum,
3019 2087 3142 2125 cum
3174 2072 3378 2142 ingenti
3398 2072 3635 2141 quadam

2054 2158 2335 2227 voluptate
2357 2168 2412 2214 et
2435 2162 2766 2226 reverentia,
2806 2164 3090 2218 attribuit:
3127 2175 3178 2218 et
3205 2164 3633 2221 ostenditetiam

2058 2250 2187 2306 hinc
2208 2251 2472 2317 Ecclesia,
2497 2269 2679 2325 neque
2702 2255 2753 2308 id
2783 2256 2898 2309 sine
2923 2255 3129 2324 Spiritu
3150 2256 3266 2319 Dei,
3293 2266 3353 2310 ut
3374 2257 3639 2323 arbitror,

2057 2341 2182 2397 illos
2204 2345 2429 2412 primos,
2448 2354 2502 2398 et
2523 2347 2914 2415 propemodum
2934 2348 3079 2402 solos
3099 2347 3399 2402 secundum
3426 2349 3635 2416 primos

2058 2435 2357 2504 apostolos,
2398 2437 2569 2491 totius
2602 2436 2858 2492 Ecclesia:
2892 2454 2986 2507 per
3031 2449 3305 2493 terrarum
3361 2439 3549 2493 urbem
3579 2445 3636 2491 et
3712 2426 3719 2429 ’

2059 2535 2305 2596 pastores
2340 2537 2395 2582 et
2425 2527 2682 2583 doctores
2711 2544 2857 2583 esse.
2930 2529 2995 2583 Et
3030 2529 3131 2583 hac
3159 2529 3351 2583 eadem
3378 2528 3445 2582 de
3471 2532 3637 2583 'causa

2061 2619 2309 2690 ipsorum
2341 2619 2607 2675 doctrinae
2638 2620 3020 2691 dogmatisque
3042 2662 3059 2686 ,
3114 2630 3171 2674 et
3202 2620 3487 2688 tbeuIOgim
3519 2634 3640 2688 per-

2061 2714 2189 2769 inde
2224 2723 2284 2768 ut
2319 2716 2492 2770 sacris
2524 2716 2747 2780 tabulis,
2811 2713 3124 2781 divinisque
3180 2711 3491 2780 Evangeliis
3544 2711 3643 2763 ad-

2061 2806 2295 2873 haerens,
2323 2822 2497 2875 eaque
2530 2817 2586 2859 ut
2610 2804 2845 2860 animam
2880 2814 2936 2860 et
2963 2806 3127 2859 vitam
3157 2818 3310 2857 suam
3338 2788 3639 2861 aestimans,

2062 2913 2165 2952 nec
2195 2897 2675 2967 appellationibus,
2733 2913 2835 2952 nec
2881 2898 3053 2973 sacris
3085 2908 3280 2948 eorum
3324 2891 3643 2945 nominibus

2067 2988 2344 3043 abstinere
2380 2988 2539 3041 vult:
2594 2989 2725 3056 quin
2758 2987 2926 3041 etiam
2981 2999 3119 3054 quos
3171 2981 3464 3050 magistros
3521 2989 3645 3048 post

2065 3081 2184 3135 illos
2216 3088 2423 3143 amant,
2459 3089 2515 3132 ct
2545 3078 2600 3132 in
2632 3078 2832 3149 quibus
2853 3077 3070 3129 illorum
3109 3074 3400 3143 imaginem
3439 3080 3495 3125 et
3517 3086 3642 3124 ern-

2064 3174 2295 3228 ditionis
2329 3172 2557 3242 vestigia
2583 3173 2667 3227 vel
2699 3180 2958 3235 cernunt,
3010 3169 3097 3223 vel
3155 3181 3384 3223 cernere
3447 3166 3643 3219 saltem

2062 3264 2169 3318 sibi
2222 3263 2501 3329 videntur,
2540 3263 2643 3317 bos
2700 3278 2890 3316 eorum
2950 3258 3329 3330 cognomentis
3381 3255 3643 3316 alliciunt,

2064 3338 2309 3408 amorem
2363 3368 2522 3408 suum
2582 3366 2712 3422 erga
2770 3351 3061 3421 magistros
3097 3349 3220 3402 illos
3254 3345 3647 3416 qnoqnomodo

2064 3443 2374 3497 iudicantes
2410 3443 2631 3514 (solent
2675 3441 2846 3503 enim,
2880 3436 3084 3510 inquit,
3130 3438 3225 3508 qui
3266 3436 3655 3492 vehementius

2069 3538 2382 3605 quempiam
2432 3534 2689 3604 diligunt,
2727 3534 2965 3588 libenter
3012 3532 3197 3585 'etiam
3263 3531 3383 3601 ejus
3446 3544 3646 3582 nomen

2069 3628 2377 3697 usurpare),
2417 3637 2473 3681 et
2515 3642 2610 3681 eos
2628 3625 2921 3680 illustrium
2956 3624 3170 3679 illorum
3204 3620 3518 3676 nominibus
3553 3619 3657 3673 lio-

2072 3729 2353 3782 norantes,
2393 3719 2947 3785 demonstrantesque
3005 3730 3115 3768 non
3182 3713 3371 3783 procul
3409 3712 3529 3766 illos
3580 3710 3650 3766 ab

2074 3811 2282 3866 umbris
2309 3819 2362 3864 et
2388 3810 2702 3864 simulacris
2736 3809 2934 3864 solium
2968 3807 3188 3862 illorum
3224 3806 3440 3869 abesse.
3481 3803 3647 3858 Nam

2076 3909 2130 3955 et
2151 3900 2259 3954 hoc
2291 3899 2426 3969 ipsis
2451 3901 2707 3968 magnum
2739 3897 2997 3968 quiddam
3030 3908 3138 3953 est.

1997 3994 2092 4048 καὶ
2132 3992 2241 4047 τῶν
2280 3992 2616 4063 ἰνδαλμάτων
2650 3992 2787 4055 τέως
2827 3990 2935 4044 τῶν
2996 3989 3162 4061 ἡλίων
3229 3988 3454 4044 ἐκείνων
3493 3989 3657 4058 ὲστὴ⁸

2146 4186 2278 4253 Quze
2314 4187 2442 4241 item
2499 4182 2720 4254 sapiens
2747 4182 2971 4252 quidam
3030 4183 3193 4253 paulo
3225 4192 3352 4236 ante
3405 4190 3650 4236 nostram

2074 4279 2393 4333 memoriam
2424 4293 2608 4333 secum
2644 4278 2945 4338 admirans,
2979 4285 3034 4330 et
3064 4275 3432 4345 praestantiam
3470 4276 3654 4343 cujus-

2072 4386 2180 4440 qnc
2208 4371 2427 4440 generis
2462 4369 2770 4440 sapientire,
2800 4378 2855 4424 et
2884 4368 3155 4423 orationis
3196 4365 3429 4433 fontem,
3484 4366 3657 4420 subli—

2070 4471 2383 4532 matemque
2420 4469 2477 4516 et
2527 4452 2946 4531 amplitudinem
3011 4459 3278 4512 doctrinae
3328 4470 3653 4527 magnorum
3746 4503 3764 4520 ,

383 4536 1018 4635 δασκαλίας-ύπερφυῶς
1062 4560 1538 4629 ἐκπληττόμενος,
1589 4559 1685 4610 καὶ
1720 4552 1834 4610 οἷον
1880 4556 1958 4609 εί-

2070 4554 2303 4610 istorum
2354 4552 2590 4609 mirifice
2619 4550 3043 4623 obstupeseens,
3097 4566 3162 4604 ac
3192 4536 3340 4631 velut
3365 4548 3655 4627 imaginem

386 4659 519 4711 κόνα
548 4658 673 4710 τι.νά
702 4657 797 4710 τοῦ
827 4656 948 4710 κατ’
988 4654 1187 4717 αὐτοὺς
1218 4652 1549 4722 πράγματος
1594 4649 1971 4703 ἀναπλάττειν

370 4737 612 4813 ’ἒθέλων,
653 4746 799 4802 οὕτω
833 4764 947 4810 πως
976 4745 1131 4813 ἔλεγε
1184 4743 1321 4812 πρὸς
1350 4742 1480 4803 τοὺς
1510 4740 1634 4792 τότε
1679 4739 1963 4800 συνόνταςο

388 4843 454 4898 Εἴ
490 4861 596 4906 τις,
648 4843 805 4913 φησὶ,
838 4841 916 4911 τῷ
955 4839 1180 4912 μεγάλῳ
1222 4839 1316 4890 καὶ
1354 4833 1544 4906 ὑψηλῷ
1587 4833 1762 4899 τούτῳ
1797 4832 1962 4897 κίονι,

389 4935 466 5005 τῷ
520 4936 615 4990 τὸν
677 4933 962 5005 βασιλικὸν
1021 4931 1318 5000 ἀνδριάντα
1375 4926 1518 4997 ὑπὲρ
1564 4926 1663 4995 τῆς
1720 4923 1966 4992 κεφαλῆς

390 5032 610 5102 φέροντι
642 5029 875 5099 (ἐκεῖνον
923 5025 1127 5095 δηλαδὴ
1169 5022 1259 5076 τὸν
1300 5020 1455 5075 κίονα
1492 5018 1687 5086 λέγων,
1726 5017 1818 5070 τὸν
1860 5015 1969 5085 πρὸ

323 5151 326 5153 λ
391 5123 577 5176 πυλῶν
603 5122 697 5176 τοῦ
726 5118 987 5192 μεγίστου
1022 5120 1128 5169 νεὼ
1157 5116 1258 5186 τῆς
1294 5112 1390 5167 τοῦ
1422 5112 1558 5167 Θεοῦ
1589 5111 1783 5180 σοφίας
1814 5111 1968 5164 ἱστά-

393 5211 597 5280 μενον),
658 5211 838 5271 εἴτις
898 5204 993 5261 οῦν
1044 5204 1261 5274 ἐκείνῳ,
1316 5205 1493 5274 φησὶ,
1549 5202 1792 5255 τοιοῦτον
1844 5200 1969 5254 καθ’

391 5304 650 5357 ὑπόθεσιν
703 5303 893 5372 ἕτερον
948 5299 1189 5369 ἐπέθηκε
1255 5295 1432 5361 κίονα,
1487 5297 1580 5349 καὶ
1644 5294 1739 5347 ἐπὶ
1794 5292 1972 5365 τούτῳ

392 5397 581 5467 τρίτον
630 5385 890 5455 ὡσαύτως
932 5392 1091 5446 ἄλλον
1127 5390 1420 5460 ἁνέστησιν
1442 5429 1457 5454 ,
1493 5387 1645 5450 ἴσους
1685 5387 1882 5454 ἐκείνῳ
1912 5385 1972 5438 τὸ

394 5487 528 5558 litim;
557 5505 616 5539 τε
646 5488 741 5540 καὶ
778 5486 838 5538 τὸ
891 5483 1145 5555 μέγεθος,
1182 5483 1275 5534 ἐπὶ
1303 5485 1403 5549 τῆς
1440 5481 1619 5553 ἄκρας
1656 5477 1755 5531 τοῦ
1785 5478 1971 5548 τρίτου

391 5579 494 5648 τῆς
527 5579 775 5649 κορυφῆς
808 5576 1042 5639 ἐκείνου,
1090 5576 1243 5639 δέον,
1280 5569 1436 5627 εἷπον
1473 5574 1541 5627 ἂν
1584 5571 1784 5639 ἔγωγε,
1831 5567 1972 5621 εἶναι

394 5675 523 5736 τοὺς
554 5674 707 5751 τρείς
753 5670 1144 5740 παγκοτμίους
1175 5666 1533 5728 διδασκάλους
1559 5663 1786 5757 τούτους
1826 5662 1973 5715 ἵστα-

399 5769 546 5829 σθαι,
587 5768 681 5821 καὶ
729 5766 1004 5821 διδάσκειν
1055 5762 1189 5834 ὁμοῦ
1230 5763 1330 5833 τὴν
1383 5762 1471 5830 ὑφ’
1507 5760 1678 5830 ἥλιον,
1726 5746 1817 5810 ἐπὶ
1874 5757 1974 5825 τῆς

396 5860 503 5931 γῆς
539 5859 708 5924 κάτω,
770 5856 897 5925 περὶ
952 5856 1053 5925 τὴν
1108 5852 1198 5905 τοῦ
1262 5850 1502 5922 πρώτου,
1554 5849 1719 5918 φημὶ,
1779 5845 1973 5899 στύλον

2069 4646 2369 4718 quamdam
2404 4661 2595 4700 eorum
2630 4643 2966 4700 excellentiae
3003 4641 3261 4712 ellingere
3302 4642 3509 4708 volens,
3550 4641 3654 4707 sic,

2068 4741 2160 4812 qui
2190 4751 2319 4795 tunc
2359 4739 2592 4795 aderant
2631 4738 2932 4793 familiares
2969 4749 3054 4793 est
3081 4738 3356 4793 allocutus
3388 4756 3403 4791 :
3442 4735 3504 4792 Si
3529 4738 3656 4803 quis

2071 4833 2202 4888 huic
2234 4833 2425 4902 grandi
2454 4840 2510 4887 et
2536 4832 2767 4886 excelsa:
2791 4834 3087 4895 columnze,
3114 4831 3168 4884 in
3203 4831 3360 4901 cujus
3396 4842 3674 4906 supremo:

2073 4925 2426 4995 imperatoris
2448 4932 2628 4979 statua
2649 4932 2734 4978 est
2764 4924 3029 4979 collocata
3077 4912 3248 4993 (illam
3276 4924 3534 4978 videlicet
3560 4940 3656 4978 co.

2070 5016 2574 5082 lunmamdicebat,
2630 5030 2752 5085 qua:
2793 5024 2920 5089 ante
2968 5025 3162 5084 portas
3210 5015 3432 5068 maximi
3468 5014 3653 5084 templi

2072 5103 2168 5159 Dei
2201 5104 2486 5175 sapientiae
2514 5102 2772 5172 visitur);
2813 5103 2859 5158 si
2917 5101 3040 5173 quis
3069 5103 3235 5174 igitur
3269 5102 3398 5157 huic
3425 5103 3654 5156 alteram

2076 5196 2237 5251 talem
2280 5198 2592 5266 imponeret
2626 5197 2781 5261 (licet
2817 5196 2965 5250 enim
2997 5195 3247 5267 ﬁngere),
3277 5205 3333 5249 et
3394 5211 3560 5265 super
3592 5212 3654 5249 ea

2074 5289 2300 5358 insuper
2329 5289 2546 5344 tertiam
2588 5288 2819 5351 locaret,
2846 5289 3217 5343 crassitudine
3245 5286 3655 5354 altitudineque

2075 5382 2336 5449 similem,
2385 5382 2441 5436 in
2468 5382 2679 5438 vertice
2711 5383 2875 5451 hujus
2909 5384 3086 5437 tertiae
3117 5381 3390 5435 columna:
3419 5393 3520 5448 ego
3546 5386 3657 5432 tres

2077 5476 2201 5531 illos
2236 5475 2403 5530 tetius
2432 5473 2587 5529 orbis
2621 5471 2912 5543 magistros
2945 5471 3369 5525 constituerem.
3401 5477 3459 5522 et
3496 5465 3658 5535 quid-

2077 5567 2213 5639 quid
2247 5566 2352 5622 sub
2385 5565 2499 5620 sole
2524 5562 2770 5635 gentium
2806 5571 2911 5623 est,
2941 5562 3069 5614 inde
3098 5560 3260 5614 simul
3296 5572 3390 5612 eos
3415 5556 3610 5611 docere
3638 5571 3653 5607 :

2078 5661 2231 5716 humi
2262 5668 2469 5721 autem,
2528 5656 2596 5711 ad
2647 5654 2800 5710 basin
2833 5655 3022 5725 primae
3059 5653 3330 5706 columnae
3360 5663 3552 5702 omnes
3582 5647 3658 5701 si-

2080 5752 2191 5806 mul
2231 5749 2511 5818 sapientes
2539 5762 2603 5801 ac
2633 5746 2925 5815 magistros
2957 5745 3011 5797 in
3039 5743 3228 5796 urbem
3262 5736 3657 5801 circumfusos,

2080 5860 2209 5901 suas
2249 5824 2490 5913 ipsorum
2527 5838 2849 5909 disciplinas
2876 5842 3086 5891 tradere
3117 5839 3375 5903 Oportere
3416 5830 3659 5884 allirma-
