4036 6492
338 910 363 927 Α,
434 843 735 913 quemlibet
760 852 1009 912 autumo,
1031 845 1124 917 qni
1159 846 1283 902 illos
1316 847 1554 902 noverit.

430 363 540 426 πει
1487 366 1914 429 PHILOTHEI
1956 366 2064 429 cr.
2111 363 2619 457 summoue
2980 426 2999 442 ,
3621 362 3725 430 796

431 496 570 534 rem.
604 479 781 535 Tanta
814 490 919 546 est,
952 480 1152 552 inquit,
1183 481 1384 537 horum
1416 481 1639 539 Patrum
1670 484 1907 551 dignitas
1958 490 2016 535 et

2133 479 2306 545 3dotv,
2349 478 2558 541 πάντας
2585 476 2720 549 ὁμοῦ
2767 476 2962 547 σοφούς
3000 494 3059 533 τε
3090 478 3183 533 καὶ
3216 478 3602 544 διδασκάλους
3633 482 3730 535 κύ·

430 571 752 625 auctoritas.
821 569 887 627 Et
919 571 1035 628 hac
1080 572 1303 642 quidem
1355 574 1465 629 ille.
1525 574 1636 644 Ego
1665 589 1796 628 vero
1837 573 2003 628 etiam

2133 571 2223 640 ιλῳ
2256 571 2385 641 περὶ
2424 570 2622 633 αὐτοὺς
2666 569 2911 641 ἔχοντας,
2955 571 3050 625 καὶ
3081 571 3174 625 τὸν
3212 571 3361 628 ἴδιον
3386 570 3557 640 λόγον
3587 573 3733 627 διδά-

431 660 567 714 buic
596 660 835 716 sermoni
874 661 1085 731 pridem
1111 662 1399 734 sull'ragnr,
1457 661 1797 733 optimeque,
1861 670 1916 717 et
1947 670 2010 717 ut

2133 679 2362 724 ςκοντας.
2392 661 2686 727 Τοσοῦτον,
2723 664 2882 731 φησὶ,
2923 664 2984 717 τδ
3036 665 3157 717 κατ’
3182 664 3406 725 αὐτούς
3443 666 3589 719 ἔστι.
3621 664 3732 718 Καὶ

2109 754 2283 813 ταῦτα
2319 754 2423 825 μὲν
2453 757 2682 815 ἐκεῖνος’
2717 754 2829 822 ἐγὼ
2862 755 2933 808 δὲ.
2954 756 3049 809 καὶ
3089 755 3261 819 αὐτὸς
3298 756 3454 819 τέως
3476 755 3561 824 τῷ
3580 754 3729 825 λόγῳ

2113 848 2456 917 συντίθεμαισ
2487 848 2584 901 καὶ
2614 847 2881 902 κάλλιστα
2938 849 3038 905 καὶ
3069 849 3425 919 πρεπόντως
3456 848 3728 918 ,εἰρῆσθαι

2113 939 2303 992 τοῦτόν
2336 956 2505 1009 φημι,
2546 937 2704 1009 οἶμαι
2735 939 2785 992 δ’
2809 941 2893 994 ὅτι
2939 940 3036 994 καὶ
3074 940 3191 994 τῶν
3229 939 3431 1004 καλῶς
3478 938 3731 1002 ἐκείνους

2111 1031 2337 1085 εἰδότων
2378 1031 2480 1086 ἓκα
2488 1049 2636 1096 στος.

459 1158 468 1166 .
503 1109 583 1187 Ac
615 1111 849 1168 Basilius
879 1128 1012 1169 sane
1040 1122 1098 1170 et
1140 1112 1439 1186 Gregorius
1494 1116 1677 1187 magni
1705 1115 1887 1185 factis,
1921 1118 2017 1174 do-

2190 1124 2302 1178 Ka‘t
2346 1120 2628 1186 Βασίλὲιος
2679 1126 2782 1194 μὲν
2828 1125 2992 1198 ὁμοῦ,
3026 1125 3121 1182 καὶ
3171 1123 3509 1195 Γρηγόριος
3541 1122 3595 1176 οἱ
3627 1139 3726 1191 με’

436 1206 619 1261 ctrina
652 1198 1072 1277 divinarumque
1101 1206 1511 1277 Scripturarum
1532 1211 2013 1279 explicationibus,

2133 1215 2296 1284 γάλοι,
2319 1215 2503 1285 ἔργοις
2523 1217 2618 1270 καὶ
2654 1217 2863 1285 λόγοις,
2899 1219 2993 1272 καὶ
3034 1218 3197 1272 θείων
3227 1217 3486 1287 Γραφῶν
3526 1216 3731 1285 ἔξηγὴι

437 1295 908 1364 disputationibus
968 1288 1312 1366 theologicis,
1365 1306 1420 1352 et
1472 1315 1688 1353 morum
1726 1301 2015 1371 praeceptis

2133 1324 2240 1361 τεσι
2296 1309 2390 1361 καὶ
2430 1307 2753 1377 θεολογίαις,
2808 1312 2904 1365 καὶ
2942 1310 3317 1380 παραινέσεσι
3363 1309 3600 1379 ἠθικοῖς
3633 1307 3729 1378 τὴν

434 1385 637 1441 Christi
669 1385 967 1440 Ecclesiam
1022 1386 1452 1443 cohonestarnnt
1488 1405 1504 1443 :
1534 1405 1637 1446 nec
1687 1391 1823 1446 satis
1874 1407 2018 1462 queo

2133 1398 2360 1467 Χριστοῦ
2382 1401 2906 1469 κατακοσμήσαντες
2946 1401 3307 1470 Ἐκκλησίαν,
3349 1400 3612 1471 ἀκριϐῶς
3640 1399 3730 1451 λέ-

437 1477 643 1543 dicere,
677 1478 731 1533 in
762 1495 871 1549 quo
909 1494 940 1534 a
982 1495 1071 1536 me
1101 1480 1377 1536 dictorum
1428 1483 1481 1537 id
1515 1484 1850 1539 cumulatius
1880 1500 2021 1556 pm.

2133 1511 2239 1562 γειν
2264 1494 2366 1547 οὐκ
2394 1492 2504 1563 ἔχω
2529 1493 2588 1547 ὲν
2602 1492 2708 1548 τίνι
2734 1495 2844 1547 τῶν
2872 1494 3179 1565 εἰρημένων
3212 1493 3444 1549 τούτων
3474 1494 3538 1548 τὸ
3574 1492 3729 1547 πλέον

433 1571 679 1625 stiterint
696 1612 711 1635 ,
748 1581 1041 1641 propterea
1061 1573 1206 1643 quod
1234 1574 1288 1628 in
1316 1575 1574 1630 omnibus
1598 1592 1813 1632 summe
1836 1577 2021 1633 claru-

2135 1585 2404 1654 ἐσχήκασι
2453 1600 2469 1615 ο
2530 1584 2627 1638 καὶ
2673 1583 2832 1638 τοῦτο
2893 1584 2983 1639 διὰ
3031 1584 3095 1638 τὸ
3143 1586 3205 1638 ὲν
3263 1585 3452 1639 πᾶσιν
3504 1584 3729 1656 ἄκρως,

434 1662 600 1728 erint,
655 1678 759 1717 nec
796 1664 1014 1732 possint
1044 1664 1132 1719 illa
1163 1680 1192 1719 a
1220 1679 1501 1736 quoquam
1534 1667 1645 1722 ullo
1669 1667 1834 1722 modo
1876 1670 2022 1725 inter

2133 1667 2280 1743 οἶμαι
2304 1712 2320 1734 ,
2362 1670 2605 1745 ,τούτους
2643 1674 2942 1744 ἐκλάμψαι,
3010 1674 3109 1730 καὶ
3152 1675 3292 1739 τοὺς
3361 1674 3731 1744 βουλομένους

434 1769 494 1810 se
531 1756 843 1835 comparari
875 1776 889 1811 :
923 1773 1240 1828 quanquam
1277 1759 1296 1829 (
1328 1762 1475 1829 quod
1536 1777 1662 1815 cum
1718 1761 2022 1827 maioribus

2133 1764 2357 1834 μετρεῖν
2404 1778 2465 1815 τε
2498 1763 2597 1816 καὶ
2619 1766 3005 1834 παραμετρεῖν
3037 1763 3301 1833 ἀλλήλοις
3333 1765 3535 1817 ἐκεῖνα
3565 1765 3733 1834 μηδα·

439 1832 672 1909 nostris,
731 1857 846 1903 tum
882 1851 1084 1905 COIBViS
1122 1853 1295 1906 etiam
1333 1853 1652 1908 hominibus
1674 1853 1854 1907 visum
1885 1863 1968 1907 est
2000 1853 2019 1921 )

2133 1828 2253 1925 μῶς
2269 1852 2553 1907 δύνασθαι.
2583 1828 2736 1917 Τέως
2769 1828 2834 1922 γε
2876 1828 2986 1924 μὴν
3016 1854 3113 1925 (ὡς
3132 1828 3233 1909 καὶ
3273 1858 3400 1919 τοῖς
3426 1855 3541 1926 πρὸ
3566 1828 3735 1925 -ήμῶν

434 766 538 821 par
590 751 717 817 fuit,
779 752 994 808 dictum
1047 755 1264 820 sentio,
1302 755 1559 825 idemque
1610 756 2008 810 aﬂirmaturum

437 1940 505 1995 ad
528 1941 814 2012 theologia:
837 1955 1075 1998 montem
1108 1953 1165 2000 et
1205 1946 1428 1999 verbum
1461 1961 1635 2016 magis
1652 1954 2022 2012 accesserunt,

439 2031 770 2103 divinasque
800 2050 965 2090 vores
998 2035 1139 2101 illas,
1180 2044 1235 2090 et
1294 2037 1630 2107 singularem
1682 2038 2024 2107 perfectissi-

440 2140 700 2194 mamque
764 2125 832 2181 de
890 2126 1162 2182 Trinitate
1199 2128 1527 2199 theologiam
1570 2144 1599 2182 a
1644 2128 1755 2184 Deo
1825 2130 2023 2196 Verbo,

438 2217 587 2287 quod
645 2218 752 2274 fuit
784 2219 840 2274 in
872 2220 1147 2291 principio
1201 2222 1345 2292 apud
1402 2222 1599 2287 Deum,
1656 2223 2027 2278 secretissima

435 2321 782 2381 susceptum,
822 2327 1016 2369 omnes
1050 2314 1363 2370 docuerunt
1400 2321 1425 2369 ς
1459 2316 1606 2371 sicut
1653 2324 1711 2372 et
1764 2330 1867 2370 nos
1910 2316 2022 2385 jam

353 2457 364 2465 ,
441 2413 723 2474 utcunque
784 2421 851 2460 ex
908 2406 1250 2462 admirandis
1302 2416 1359 2463 et
1417 2408 1747 2479 theologicis
1777 2409 2023 2479 ipsorum

439 2493 626 2572 verbis
670 2493 1191 2551 demonstravimus.
1222 2497 1508 2568 Siquidem
1537 2506 1593 2554 et
1622 2499 1689 2553 ad
1720 2499 1836 2554 haec
1866 2514 2029 2567 gene-

439 2596 599 2638 rosos
623 2582 748 2638 illos
781 2593 999 2654 tempus
1057 2586 1536 2657 ecclesiarumque
1568 2589 1822 2644 .conditio
1849 2598 1906 2645 et
1931 2605 2030 2645 ne-

443 2674 674 2730 cessitas
704 2675 881 2743 magis
909 2676 1143 2730 vocabat
1168 2692 1183 2731 :
1213 2691 1352 2746 quas
1373 2692 1477 2733 nec
1497 2678 1713 2734 modica
1730 2688 2029 2749 tempestas

442 2777 501 2824 et
515 2768 718 2824 bellum
742 2784 910 2842 grave
940 2779 1070 2824 tunc
1092 2770 1458 2839 opprimebat,
1486 2786 1634 2840 cum,
1666 2771 1805 2843 proh
1838 2772 2024 2828 dolorl

442 2861 761 2917 sacerdotes
798 2871 855 2918 et
908 2871 1157 2931 pastores
1204 2862 1256 2916 in
1289 2863 1460 2917 Deum
1491 2864 1662 2935 imple
1693 2875 1940 2935 agerent,
1974 2876 2031 2919 et

444 2952 801 3007 vehementer
827 2952 1155 3017 insanirent,
1182 2962 1242 3007 ut
1267 2963 1493 3009 sanctus
1519 2954 1788 3010 Jeremias
1839 2953 1917 3009 ait
1958 2955 2027 3020 ³⁸,

443 3045 876 3113 imperatoribus
930 3047 1431 3116 patrocinantibus,
1488 3055 1545 3102 et
1600 3048 1793 3101 ἀθεϊαν
1833 3046 2030 3103 acerbe

447 3137 866 3204 ulciscentibus,
890 3137 1198 3209 aulicisque
1216 3139 1579 3195 nihilominus
1596 3155 1719 3195 cum
1733 3140 2028 3207 eunuchis,

2128 1962 2187 1999 τε
2217 1943 2313 1999 καὶ
2349 1946 2461 2010 τοῖς
2491 1946 2589 2001 σὺν
2624 1947 2756 2016 ἡμῖν
2791 1944 2988 2017 ἔδοξε),
3026 1946 3105 2016 τῷ
3135 1946 3239 2016 τῆς
3278 1946 3580 2015 θεολογίας
3620 1946 3732 2013 δρει

2130 2036 2335 2107 μᾶλλον
2384 2038 2479 2092 καὶ
2529 2038 2608 2109 τῷ
2651 2039 2792 2107 λόγῳ
2835 2038 3215 2109 προσέδησαν.
3266 2041 3373 2094 καὶ
3424 2039 3532 2102 τὰς
3586 2039 3730 2101 θείας

2128 2128 2347 2191 ὲκείνας
2383 2129 2592 2197 φωνὰς,
2635 2130 2733 2183 καὶ⁵
2764 2129 2865 2200 τὴν
2894 2129 3153 2200 ὑπερφυᾶ
3179 2129 3284 2187 καὶ
3321 2131 3607 2200 μεγίστην
3636 2130 3732 2196 τῆς

2132 2218 2382 2291 μεγάλης
2428 2220 2665 2289 Τριάδος
2695 2219 3005 2296 θεολογίαν,
3037 2222 3192 2291 παρὰ
3225 2220 3332 2276 τοῦ
3373 2221 3521 2275 Θεοῦ
3556 2221 3730 2288 Λόγου

2128 2309 2223 2364 τοῦ
2279 2313 2338 2363 ὲν
2377 2311 2520 2383 ἀρχῇ
2552 2311 2744 2378 ὄντος,
2788 2314 2886 2366 καὶ
2927 2313 3066 2382 πρὸς
3108 2314 3202 2366 τδν
3253 2314 3401 2367 Θεὸν
3457 2314 3616 2376 δντος
3675 2315 3733 2365 ἐν

2128 2389 2470 2475 ἀπορρήτοις
2521 2404 2832 2474 δεξάμενοι,
2892 2405 3105 2467 πάντας
3160 2404 3472 2472 ἐδίδαξαν·
3525 2405 3602 2467 ὡς
3640 2403 3730 2456 καὶ

2130 2500 2293 2567 ἡμεῖς
2345 2498 2446 2569 ἤδη
2486 2497 2798 2567 φθάσαντες
2839 2496 2948 2551 ἀπὸ
2984 2497 3187 2569 μέρους
3215 2497 3317 2552 διὰ
3364 2497 3480 2550 τῶν
3514 2496 3726 2564 θαυμα-

2131 2590 2274 2643 στῶν
2317 2589 2497 2643 αὐτῶν
2530 2588 2703 2657 λόγων
2749 2589 2845 2641 καὶ
2897 2588 2997 2657 τῆς
3051 2587 3349 2654 θεολογίας
3413 2587 3723 2653 ἐδείξαμεν.

2141 2680 2297 2733 Ἐπεὶ
2357 2681 2455 2734 καὶ
2500 2680 2638 2751 πρὸς
2681 2679 2858 2732 ταῦτα
2919 2679 3046 2740 τοὺς
3104 2677 3409 2743 γενναίους
3455 2679 3485 2731 ὁ
3537 2676 3727 2745 καιρὸς

2130 2773 2336 2835 ἐκεῖνος
2401 2771 2604 2841 μᾶλλον
2684 2770 2908 2837 ἐκάλει,
2952 2770 3047 2822 καὶ
3103 2769 3172 2821 τὰ
3230 2769 3351 2822 τῶν
3415 2764 3726 2836 ἐκκλησιῶν

2130 2870 2457 2938 πράγματα’
2492 2866 2589 2918 καὶ
2641 2866 2820 2933 μέγας
2872 2880 2959 2926 τις
3012 2858 3083 2933 ἦν
3128 2861 3192 2915 τὸ
3238 2860 3565 2933 τηνικαῦτα
3610 2859 3722 2918 ταῖς

2133 2957 2456 3029 ικκλησίαις
2489 2957 2517 3008 ὁ
2547 2955 2777 3026 χειμὼν,
2813 2955 2908 3007 καὶ
2946 2954 2974 3004 ὁ
3019 2951 3284 3022 πόλεμος,
3331 2952 3555 3021 ίερέων,
3586 2944 3721 3016 φεῦί

2131 3053 2230 3106 καὶ
2275 3051 2553 3122 ποιμένων
2628 3050 2709 3113 είς
2759 3047 2895 3101 Θεὸν
2968 3044 3341 3110 ἀσεϐούντων,
3392 3043 3492 3099 καὶ
3543 3037 3722 3097 δεινῶς

2134 3143 2532 3218 ἀφραινόντων,
2566 3135 2601 3214 ἦ
2646 3158 2814 3212 φησιν
2852 3142 2881 3194 ὁ
2927 3138 3069 3202 θεῖος
3115 3136 3428 3207 Ἱερεμίας,
3465 3131 3724 3205 βασιλέων

443 3239 504 3286 et
523 3246 800 3302 gynaceo,
840 3232 1256 3299 contubernali,
1305 3235 1551 3301 inquam,
1593 3250 1693 3290 seu
1725 3235 2030 3289 domestica

2134 3235 2589 3307 συνηγορούντων
2622 3275 2638 3302 ,
2694 3234 2791 3287 καὶ
2836 3231 3052 3301 πικρῶς
3128 3228 3583 3284 ἐπεκδικούντων
3625 3226 3720 3290 τὴν

443 3325 548 3379 ista
575 3324 839 3380 societate
902 3325 1278 3396 improbitatis
1339 3327 1553 3382 auctori
1608 3342 1716 3382 una
1767 3326 2036 3383 militante

444 3425 611 3487 atque
643 3432 803 3487 Opem
838 3418 1074 3474 ferente.
1108 3420 1286 3488 Atque
1307 3419 1621 3490 hujusmodi
1655 3419 2037 3490 gubernatori-

446 3508 553 3563 bus
577 3508 924 3579 duribusqtte
948 3508 1152 3564 Christi
1188 3511 1427 3566 Ecclesia
1454 3511 1756 3582 indigebat.
1816 3510 2034 3566 Idcirco

446 3611 503 3655 et
534 3599 646 3655 huc
671 3600 908 3670 desuper
934 3601 1138 3665 vocati,
1175 3611 1232 3656 nt
1253 3603 1363 3674 jam
1403 3602 1663 3666 diximus,
1702 3602 1909 3673 Deique
1940 3617 2034 3673 ρει-

448 3693 633 3762 noplia
653 3702 709 3748 et
745 3695 1306 3765 munimentiscntcti,
1337 3704 1387 3749 et
1408 3694 1589 3767 gladio
1617 3692 1871 3765 Spiritus,
1893 3694 2036 3764 quod

448 3792 526 3837 est
552 3787 768 3839 verbum
808 3784 971 3846 Dei“.
1004 3786 1057 3840 in
1093 3802 1288 3842 manus
1320 3795 1570 3858 accepto,
1600 3800 1854 3841 errorum
1878 3800 2036 3841 arces

449 3873 685 3929 viriliter
718 3884 1061 3942 everterunt,
1084 3874 1284 3931 fortem
1316 3876 1371 3930 in
1401 3875 1652 3945 nequitia
1689 3874 1898 3929 virtute
1929 3877 2038 3944 spi-

449 3966 592 4021 ritus
621 3966 942 4035 alligarunt,
998 3979 1052 4023 et
1081 3983 1210 4022 vasa
1243 3971 1366 4037 ejus
1396 3966 1770 4039 diripuerunt,
1799 3968 1943 4024 sicut
1979 3973 2033 4024 in

451 4057 749 4128 Evangelio
776 4056 1032 4113 Christus
1060 4057 1211 4124 ait“,
1267 4072 1418 4113 nunc
1472 4056 1694 4126 quidem
1732 4061 1857 4112 cum
1890 4074 2033 4128 prae-

452 4151 611 4206 lectis
635 4160 692 4205 et
722 4149 1173 4219 imperatoribus,
1202 4165 1351 4203 nunc
1368 4164 1492 4203 cum
1512 4149 1869 4205 ecclesiarum
1897 4167 2037 4221 pra:-

452 4245 690 4308 sulibus,
721 4253 777 4299 et
808 4244 957 4314 lupis
994 4245 1180 4314 potius
1211 4251 1267 4299 et
1295 4242 1617 4298 crudelibus
1645 4260 1874 4316 gregum
1902 4245 2037 4301 dila-

451 4337 788 4399 niatoribus,
828 4352 938 4390 non
968 4335 1305 4405 pastoribus,
1336 4349 1483 4390 nunc
1521 4350 1645 4390 cum
1687 4335 2032 4392 Judaismum

452 4436 508 4482 et
536 4427 911 4499 gentilismum
939 4426 1282 4481 sectantibus
1318 4425 1668 4481 decertantes
1695 4467 1711 4492 ,
1758 4435 1814 4480 et
1860 4443 2032 4497 usque

453 4614 698 4671 Ecclesia
736 4613 1101 4670 concionibus
1128 4621 1522 4685 persequentes
1557 4632 1569 4668 :
1604 4613 1707 4668 etsi
1762 4612 2032 4682 pericula,

453 4717 511 4762 et
548 4718 782 4775 mortes,
812 4716 868 4762 et
894 4706 1239 4762 calamitates
1266 4706 1388 4762 illas
1418 4722 1613 4761 omnes
1641 4704 1830 4759 divino
1862 4703 2034 4774 adjuti

453 4800 683 4867 auxilio,
717 4809 944 4871 propter
970 4813 1072 4854 nos
1097 4798 1354 4854 videlicet
1388 4806 1443 4854 et
1492 4801 1726 4854 salutem
1792 4803 2036 4851 nostram

457 4892 789 4947 tolerarunt.

2133 3328 2349 3393 ἀθεῖαν,
2377 3328 2475 3380 καὶ
2527 3325 2636 3380 τῶν
2691 3326 2821 3396 περὶ⁸
2851 3325 2920 3379 τὰ
2971 3323 3220 3395 βασίλεια
3275 3324 3381 3389 οὐχ
3435 3318 3602 3395 ἦττον
3633 3319 3724 3372 σὺν

2134 3420 2416 3491 εὐνούχοις
2460 3420 2601 3491 ἅμα,
2647 3420 2743 3473 καὶ
2774 3420 2839 3489 τῇ
2872 3417 3311 3487 γυναικωνίτιδι,
3363 3421 3432 3488 τῇ
3475 3414 3719 3480 συνοίκῳ,

2134 3512 2303 3582 φημὶ,
2339 3511 2436 3565 καὶ
2476 3511 2712 3583 συζυγίᾳ
2763 3510 2937 3581 ταύτῃ
2993 3510 3073 3579 τῷ
3112 3510 3211 3577 τῆς
3253 3510 3464 3571 κακίας
3495 3499 3721 3578 ἀρχηγῷ

2138 3603 2674 3679 συστρατηγούντων
2730 3619 2791 3655 τε
2852 3602 2951 3655 καὶ
3004 3599 3563 3671 συναγωνιζομένων.
3614 3593 3717 3649 Καὶ

2133 3697 2390 3753 τοιούτων
2420 3698 2527 3750 ἔδει
2564 3696 2675 3749 τῶν
2727 3694 3083 3764 κυϐερνητῶν
3132 3710 3193 3746 τε
3260 3695 3360 3747 καὶ
3398 3685 3718 3761 στρατηγῶν

2134 3794 2200 3862 τῇ
2233 3788 2471 3860 Χριστοῦ
2522 3786 2841 3857 Ἐκκλησία.
2884 3786 2983 3838 Διὰ
3016 3784 3176 3837 τοῦτο
3221 3784 3329 3839 καὶ
3366 3784 3509 3851 πρὸς
3554 3779 3717 3833 ταῦτα

2135 3884 2428 3953 κληθέντες
2472 3880 2701 3946 ἄνωθεν,
2734 3893 2880 3951 ῃπερ
2922 3877 3137 3947 ἔφημεν
3176 3876 3307 3949 ήδη,
3356 3876 3456 3930 καὶ
3484 3874 3585 3943 τὴν
3626 3867 3715 3923 τοῦ

2134 3974 2271 4031 Θεοῦ
2301 3971 2607 4028 πανοπλίαν
2666 3970 2763 4023 καὶ
2808 3968 2909 4039 τὴν
2945 3968 3148 4038 σκευὴν
3193 3966 3555 4036 περιθέμενοι
3578 3998 3595 4025 ,
3630 3957 3718 4012 καὶ

2135 4066 2252 4135 τὴν
2285 4063 2589 4134 μάχαιραν
2623 4062 2679 4113 ὲν
2724 4060 2885 4129 χερσὶ
2926 4056 3175 4120 λαϐόντες
3203 4057 3315 4112 τοῦ
3350 4054 3716 4123 Πνεύματος,

2137 4170 2168 4207 ο
2197 4153 2328 4206 ἐστι
2348 4150 2516 4220 ῥῆμα
2544 4147 2716 4212 θεοῦ,
2757 4149 2825 4200 τὰ
2864 4147 2964 4216 τῆς
3019 4146 3228 4216 πλάνης
3259 4144 3514 4200 καθεῖλον
3551 4139 3719 4207 ἀνδρι·

2137 4247 2249 4310 κῶς
2298 4242 2677 4316 ὀχυρώματα,
2718 4241 2810 4294 τὸν
2854 4239 3074 4309 ἰσχυρὸν
3123 4241 3180 4293 ὲν
3227 4241 3405 4309 κακίᾳ.
3458 4237 3716 4305 δήσαντες

2135 4340 2199 4407 τῇ
2238 4337 2470 4404 δυνάμει
2517 4330 2612 4386 τοῦ
2670 4330 3012 4400 Πνεύματος,
3059 4331 3156 4383 καὶ
3191 4330 3601 4401 διαρπάσαντες
3651 4316 3715 4375 τὰ

2137 4430 2347 4484 ἐκείνου
2384 4424 2575 4495 σκεύη.
2602 4424 2765 4478 καθᾶ
2785 4440 2952 4494 φησιν
2987 4424 3046 4476 ὲν
3073 4422 3441 4491 Εὐαγγελίοις
3463 4412 3711 4488 Χριστὸς,

347 4539 358 4551 ·
452 4519 520 4573 ad
543 4520 757 4583 exsilia,
820 4526 1075 4585 mortem,
1135 4516 1524 4588 lapidationes,
1583 4519 1922 4589 impietatem
1977 4518 2031 4571 in

2139 4519 2233 4577 νῦν
2275 4520 2376 4589 μὲν
2404 4516 2539 4583 πρὸς
2570 4515 2852 4585 ὑπάρχους
2900 4514 2997 4567 καὶ
3026 4513 3318 4584 βασιλέας,
3354 4511 3451 4565 νῦν
3484 4510 3540 4563 δὲ
3577 4503 3706 4574 πρὸς

2141 4612 2266 4673 τοὺς
2290 4627 2399 4663 των
2438 4605 2778 4675 Ἑκκλησιῶν
2807 4605 3106 4675 ἡγεμόνας,
3138 4606 3234 4659 καὶ
3270 4603 3468 4666 λύκους
3499 4597 3709 4670 μᾶλλον.

2144 4702 2242 4756 καὶ
2276 4699 2487 4762 δεινοὺς
2521 4698 2633 4752 τῶν
2671 4684 2941 4767 ποιμνίων
2983 4696 3332 4767 σπαράκτας,
3373 4693 3497 4763 ούχὶ
3531 4682 3733 4751 ποιμέ⁴

2144 4812 2264 4862 νας,
2307 4794 2402 4849 νῦν
2434 4794 2493 4846 δὲ
2531 4792 2668 4862 πρὸς
2709 4791 2834 4852 τοὺς
2871 4790 3242 4855 ίουδαῖζοντας
3275 4807 3335 4843 τε
3375 4789 3469 4842 καὶ
3506 4774 3706 4845 ἑλληνι-

2145 4890 2338 4953 (avra;
2397 4884 2818 4955 ἀγωνιζόμενοι,
2862 4885 2958 4935 καὶ
2994 4884 3189 4953 μέχρις
3233 4881 3460 4953 ὲξοριῶν
3491 4876 3582 4930 καὶ
3615 4872 3705 4923 θα-

455 4986 642 5050 νάτου,
676 4987 754 5051 ὼς
806 4984 904 5038 καὶ
976 4984 1161 5052 λίθους
1206 4987 1334 5045 καθ’
1376 4987 1591 5042 ἑαυτῶν
1637 4987 2077 5052 ἐπισπάσασθαι,
2113 4985 2259 5041 κατὰ
2298 4985 2399 5055 τῆς
2436 4982 2691 5045 ἀσεϐείας
2716 4980 2830 5041 ,ἐπ’
2871 4978 3208 5050 Ἕκκλησίας
3259 4971 3703 5049 δημηγοροῦντες’

458 5085 508 5135 εἰ
541 5083 637 5136 καὶ
675 5080 787 5137 τῶν
813 5080 1079 5137 κινδύνων
1102 5083 1333 5141 καὶτῶν
1360 5082 1612 5137 θανάτων
1651 5085 1870 5139 πάντων
1900 5083 2129 5138 ἐκείνων
2173 5083 2297 5154 θεία
2327 5081 2559 5152 δυνάμει
2624 5076 2693 5132 δι’
2744 5077 2909 5148 ἡμᾶς
2978 5073 3227 5145 δηλονότι
3265 5073 3360 5124 καὶ
3403 5067 3499 5134 τὴν
3537 5072 3698 5159 “3m.

461 5177 587 5249 ρίαν
619 5179 719 5247 τὴν
753 5178 1034 5250 ἡμετέραν
1072 5179 1321 5246 ἑξάντεις
1365 5177 1653 5248 ὤφθησαν.

529 5269 770 5324 Joannes
798 5268 1210 5351 autem,lingna
1234 5286 1457 5329 aureus.
1496 5274 1599 5327 etsi
1623 5273 1731 5329 alio
1759 5274 2038 5331 orationis

459 5378 665 5433 genere
695 5363 846 5419 nullo
879 5363 1199 5429 excelleret,
1230 5379 1299 5419 ex
1321 5365 1436 5420 sola
1469 5365 1718 5436 profecto
1745 5366 2039 5440 theologia,

2228 5269 2483 5335 Ἰωάννης
2512 5267 2556 5321 δ’
2585 5269 2612 5321 ὁ
2642 5266 2740 5337 τὴν
2789 5264 3042 5334 γλῶτταν
3069 5261 3330 5333 χρυσοῦς,
3356 5258 3406 5313 εί
3443 5251 3539 5344 μὲν
3564 5242 3701 5344 obii-iv

2149 5366 2342 5436 ἕτερον
2377 5357 2519 5426 εἶδος
2548 5360 2698 5431 αὐτῷ
2731 5359 2911 5428 λόγων
2960 5357 3193 5427 προσῆν,
3234 5356 3300 5407 ὲκ
3332 5351 3493 5422 μόνης
3516 5341 3699 5436 avidi":

461 5472 628 5526 quam
664 5457 922 5512 eximiam
952 5465 1011 5511 et
1066 5455 1449 5513 admirabilem
1484 5471 1817 5517 consecutus
1849 5471 1954 5528 est,
1990 5474 2036 5519 el

2154 5428 2404 5531 μεγάλης
2434 5454 2532 5509 καὶ
2564 5428 2892 5523 θαυμαστῆς
2923 5448 3229 5518 θεολογίας,
3262 5446 3356 5501 καὶ
3379 5439 3481 5496 τῶν
3492 5428 3700 5531 crtiwa

466 5564 534 5604 ex
564 5548 1018 5604 dimicationibus
1045 5557 1240 5604 contra
1288 5548 1510 5606 Graecos
1539 5566 1604 5607 ac
1657 5551 1897 5616 Iudaeos.
1953 5546 2049 5608 ἑο·

466 5656 704 5714 rumque
741 5649 798 5696 et
826 5640 1091 5696 similium
1124 5657 1385 5712 perversa
1408 5644 1776 5714 opinantium,
1809 5644 2047 5701 Ariano-

2152 5523 2262 5608 τῶν
2286 5523 2426 5620 πρὸς
2451 5546 2719 5618 Ἕλληνάς
2755 5562 2814 5600 τε
2859 5544 2955 5599 καὶ
3003 5541 3313 5604 Ἰουδαίους,
3335 5535 3429 5591 καὶ
3457 5528 3551 5597 τῆς
3577 5523 3697 5574 ἀπ’

2151 5646 2361 5717 τροπῆς
2390 5638 2571 5696 αὐτῶν
2595 5639 2654 5694 τέ
2682 5653 2824 5709 φημι
2855 5633 3082 5703 τούτων,
3103 5633 3197 5690 καὶ
3224 5632 3289 5704 δὴ
3321 5622 3526 5686 καὶτῶν
3550 5620 3695 5684 πρωῒ·

540 5805 584 5838 ³⁸
616 5802 821 5861 Jerem.
850 5807 914 5873 it,
948 5803 1004 5873 8,
1038 5803 1093 5859 9.
1169 5804 1213 5839 ³²
1244 5803 1447 5879 Ephcs.
1481 5822 1557 5876 vn,
1589 5806 1679 5865 l7.
1758 5806 1807 5845 ³⁸
1837 5803 1974 5863 Luc.
2002 5819 2080 5872 xi,
2110 5803 2201 5859 21.
