4036 6446
287 349 397 416 797

1337 351 1721 413 LAUDATIO
1758 348 1884 410 TRi
1902 346 2009 411 UM
2052 347 2495 414 DOCTORUM.

3439 351 3544 421 793

286 467 490 536 ομοίων
546 464 731 528 αὐτοῖς
802 437 1143 533 κακοδόξων,
1197 468 1512 540 ’Ᾱρειανῶν,
1559 467 1724 535 λέγω,
1772 464 1867 520 καὶ

1979 481 2090 519 rum
2119 475 2273 535 puta,
2311 467 2770 531 Sabellianorum,
2797 465 3334 536 Macedonianorum,
3374 471 3555 526 Mani-r

287 558 667 614 Σαϐελλιανῶν
717 557 874 628 όμοῧ,
929 562 1036 616 καὶ,⁸
1072 561 1515 619 Μακεδονιανῶν.
1561 562 1657 613 καὶ
1692 559 1869 612 Μανιο

288 651 485 725 καίων,
503 653 598 706 καὶ
626 652 1107 716 Οὐαλεντινιανῶν,
1137 654 1367 708 καὶτῶν
1387 652 1495 706 άπδ
1517 653 1867 722 Μαρκίωνος,

290 746 384 799 καὶ
419 745 526 815 μὴν
559 744 783 798 καὶτῶν
812 745 910 816 τὴν
944 747 1295 814 εἱμαρμένην
1351 745 1564 807 ἀσεϐῶς
1594 759 1867 812 παρεισα-

289 838 495 908 γόντων
528 841 671 891 κατὲι
701 839 760 890 τὸ
793 839 1122 909 αὐτόματον,
1169 837 1482 907 θαυμαστός
1516 854 1600 899 τις
1629 836 1695 890 ἂν
1723 833 1870 900 εδοξε

298 934 388 987 καὶ
429 931 738 1002 ὑπερφυὴς,
788 932 886 985 καὶ
932 931 1007 1001 τῷ
1054 932 1169 986 ὄντι
1209 936 1632 1002 τρισμέγιστοςο
1677 928 1770 982 νῦν
1810 928 1870 981 δὲ

295 1023 533 1091 ποταμοὶ⁵
566 1023 665 1090 μὲν
691 1020 972 1090 θεολογίας
1006 1023 1070 1076 ὲκ
1103 1021 1196 1075 τοῦ
1220 1022 1459 1091 Χριστοῦ
1484 1023 1747 1089 στόματος
1772 1017 1869 1071 καὶ

291 1112 390 1183 τῆς
416 1112 581 1166 αὐτοῦ
616 1112 868 1181 θεολόγου
903 1113 1153 1183 γλώττης
1198 1115 1531 1180 ἀνέϐλυσαν,
1556 1113 1652 1166 καὶ
1686 1112 1871 1165 πᾶσαν

272 1198 554 1259 ’ἔπότισαν
587 1204 689 1276 τὴν
722 1204 848 1275 γῆν,
901 1205 1034 1276 ὅσην
1071 1206 1100 1259 ὁ
1133 1206 1406 1276 σωτήριος
1443 1202 1737 1274 περιέλαϐε
1781 1200 1871 1254 λόο

288 1310 386 1365 γος
409 1312 425 1327 ·
467 1295 530 1348 τὸ
558 1296 614 1348 δὲ
649 1296 760 1348 τῶν
794 1296 972 1364 λόγων
1026 1297 1195 1351 αὑτοῦ
1230 1297 1464 1365 πότιμον
1514 1295 1611 1348 καὶ
1654 1293 1872 1364 ἥδιστον

290 1386 549 1453 πέλαγος,
582 1391 681 1455 τὴν
706 1384 763 1439 δὲ
791 1385 899 1439 τῶν
931 1384 1150 1457 ὑψηλῶν
1180 1402 1240 1439 τε
1281 1384 1378 1438 καὶ
1420 1382 1719 1453 ὑπερφυῶν
1744 1396 1871 1451 νοη-

218 1504 221 1509 ι
291 1478 482 1550 μάτων
513 1477 820 1548 ἀπέραντον
866 1478 1124 1542 ἄϐυσσον,
1166 1478 1267 1548 τὴν
1301 1476 1357 1530 δὲ
1407 1477 1546 1547 ὑπὲρ
1583 1475 1873 1547 ἄνθρωπον

290 1568 579 1638 εὐπορίαν,
615 1569 676 1622 τὸ
707 1570 763 1622 δὲ
797 1569 929 1639 ὕψος
970 1572 1089 1642 ἃμα
1130 1570 1221 1624 καὶ
1265 1569 1365 1639 τὴν
1412 1571 1734 1639 σαφήνειαν,
1773 1563 1871 1637 τήν

288 1660 345 1714 δὲ
380 1661 697 1732 ἀπόρρητον
749 1660 943 1732 ήδονὴν
987 1661 1207 1734 ἐκείνην
1244 1660 1337 1716 καὶ
1384 1660 1483 1732 τήν
1531 1659 1866 1730 γλυκύτητα,

1971 554 2247 609 cha:orum
2301 571 2364 611 ac
2420 555 2967 622 Valentinianorum,
3022 556 3496 614 Marcionistarum
3530 600 3551 621 ..

1968 646 2469 717 fatumquecontra
2498 648 2794 702 voluntatis
2826 648 3132 704 libertatem
3174 651 3340 719 impie
3387 652 3547 706 indu-

1971 738 2215 811 centium
2250 739 2610 794 subversione
2635 739 2928 809 gloriosum
2956 741 3058 795 sibi
3096 755 3294 795 nomen
3329 756 3549 811 compa-

1972 839 2149 884 rasset
2176 846 2189 883 :
2217 845 2362 884 nunc
2382 845 2477 885 ore
2509 830 2656 884 illius
2684 816 2883 893 aureo,
2911 842 2960 885 et
2996 832 3181 901 lingua
3217 832 3542 901 theologica.

1970 918 2197 974 ﬂumina
2237 920 2540 990 theologica
2568 923 2938 991 erumpentia,
2965 933 3232 991 quantum
3270 934 3543 977 terrarum

1970 1012 2229 1066 salutaris
2252 1011 2456 1067 Christi
2470 1012 3063 1083 disciplinacomplexa
3087 1025 3193 1079 est,
3218 1014 3542 1084 irrigaruut.

1974 1102 2309 1159 Sermonum
2369 1118 2533 1174 porro
2579 1105 2697 1173 ejus
2754 1105 2997 1173 potabile
3045 1106 3546 1176 suavissimumque

1972 1195 2218 1264 pelagus.
2262 1205 2318 1250 et
2369 1195 2687 1251 sublimium
2721 1206 2889 1264 atque
2939 1197 3366 1253 lectissimorum
3417 1214 3547 1254 sen«

1974 1299 2134 1340 suum
2166 1274 2437 1339 inﬁnitam
2477 1287 2762 1356 abyssum,
2792 1295 2850 1341 et
2897 1286 3138 1342 humano
3192 1299 3356 1357 captu
3388 1304 3550 1358 supe-

1973 1377 2175 1431 riorem
2204 1376 2623 1440 abundantiam,
2674 1376 3020 1433 altitudinem
3057 1379 3264 1448 pariter
3317 1388 3374 1434 et
3421 1396 3547 1450 per-

1971 1468 2358 1536 spicuitatem,
2415 1468 2817 1539 iucunditatem
2891 1482 2947 1525 et
2996 1469 3341 1526 dulcedinem
3400 1472 3546 1526 illam

1974 1559 2442 1630 inexplicabilem,
2468 1559 2919 1630 rhetoricamque
2960 1543 3329 1631 persuadendi
3365 1561 3553 1617 cillen-

1974 1653 2138 1718 ciam,
2173 1661 2230 1707 et
2263 1667 2390 1707 cum
2452 1653 2684 1706 veritate
2713 1653 2984 1709 orationis
3032 1668 3235 1708 nervos
3273 1662 3330 1707 et
3373 1653 3548 1723 impe-

287 1751 389 1823 τήν
426 1752 808 1824 δὲρητορικὴν
838 1752 1195 1828 πιθανότητα,
1227 1753 1322 1807 καὶ
1350 1754 1412 1807 τὸ
1444 1751 1581 1824 μετὰ
1611 1751 1708 1820 τῆς
1739 1738 1871 1818 ἀλη-

1979 1752 2082 1811 tus,
2098 1743 2303 1814 quibus
2328 1744 2545 1799 Graecos
2562 1743 2803 1813 alioquin
2825 1745 3136 1814 eloquentia
3164 1745 3411 1801 celebres
3439 1760 3555 1815 pne

292 1844 445 1908 θείας
474 1845 581 1897 τῶν
609 1846 783 1914 λόγων
808 1847 1031 1917 ἰσχυρόν
1060 1863 1121 1899 τε
1156 1848 1254 1900 καὶ
1283 1845 1482 1917 βίαιον,
1508 1844 1708 1908 παῖδας
1734 1845 1872 1897 ἁπο-

1979 1853 2032 1893 se
2060 1851 2259 1906 pueros
2286 1835 2458 1891 fuisse
2485 1835 2748 1902 ostendit,
2773 1836 3087 1908 quibusque
3107 1846 3274 1892 totam
3306 1847 3555 1891 veterem

290 1936 473 2002 δεῖξαν
498 1938 627 2000 τοὺς
653 1937 712 1990 ὲν
738 1940 850 2000 τοῖς
876 1938 1057 2007 λόγοις
1079 1937 1549 2008 εὐδοκιμήσαντας
1573 1934 1869 2005 Ἕλληνας,

295 2026 363 2082 δι’
395 2022 471 2082 ὧν
505 2029 606 2099 τήν
638 2040 696 2081 τε
752 2028 991 2083 παλαιάν
1047 2028 1185 2098 όμοῦ
1229 2033 1326 2083 καὶ
1360 2029 1460 2101 τὴν
1497 2028 1646 2083 Νέαν
1684 2028 1869 2081 πᾶσαν

296 2116 523 2187 Γραφὴν
579 2115 909 2188 ἐξηγήσατο,
958 2118 1055 2172 καὶ
1099 2119 1171 2170 τά
1212 2117 1382 2188 βαθέα
1432 2118 1527 2170 καὶ
1589 2115 1872 2186 δύσληπτα

293 2207 499 2276 ταύτης
527 2207 607 2270 είς
639 2208 756 2277 φῶς
801 2225 859 2261 τε
906 2210 1001 2261 καὶ
1037 2211 1338 2279 σαφήνειαν
1381 2209 1602 2279 ήνεγκε,
1644 2207 1738 2261 καὶ
1773 2206 1872 2268 τὰς

292 2298 516 2362 τελετὰς
555 2298 663 2352 τῶν
697 2300 910 2353 σεπτῶν
938 2301 1255 2371 μυστηρίων
1294 2300 1597 2371 ἀνύμνησε,
1634 2301 1730 2354 καὶ
1762 2301 1876 2353 Πα-

295 2390 463 2459 τέρας
518 2389 720 2460 ἱεροὺς,
765 2390 862 2444 καὶ
894 2392 1196 2462 ,μάρτυρας
1237 2393 1615 2464 ἀνευφήμησε,
1655 2393 1748 2447 καὶ
1780 2393 1873 2445 τὸν

297 2479 488 2549 ήθικδν
547 2483 644 2535 καὶ
679 2483 1139 2551 συμϐουλευτικὸν
1176 2483 1334 2552 λόγον
1358 2485 1548 2555 ὥσπερ
1585 2484 1740 2548 τινὰς
1770 2501 1875 2554 πη-

296 2568 404 2635 γὰς
435 2569 694 2632 ἀεννάους
730 2569 828 2623 καὶ
872 2570 1122 2641 ρεύματα
1172 2564 1435 2641 ποταμῶν
1474 2571 1781 2644 ἀειρρύτων
1809 2575 1875 2626 ἐκ

294 2658 396 2729 τῆς
426 2662 871 2732 κεχαριτωμένης
906 2662 1136 2732 καρδίας
1177 2662 1472 2731 ἀνέδωκεν,
1501 2664 1575 2726 ὡς
1605 2663 1737 2717 ποτὲ
1774 2663 1873 2732 μὲν

296 2751 359 2806 τὸ
388 2752 587 2823 πλῆθος
617 2754 800 2808 αὐτῶν
827 2756 969 2824 ὑπὲρ
1002 2758 1062 2810 τδ
1087 2756 1284 2820 κάλλος
1315 2756 1715 2828 θαυμάζεσθαι,
1742 2756 1874 2810 ποτε

293 2836 355 2891 δὲ
387 2839 445 2892 τὸ
490 2841 684 2906 κάλλος
721 2843 864 2914 ὑπὲρ
903 2846 964 2899 τὸ
1013 2845 1248 2916 πλῆθος·
1308 2847 1509 2916 μᾶλλον
1559 2848 1604 2901 δ’
1648 2849 1736 2901 ἀεὶ
1782 2849 1875 2901 καὶ
1916 2867 1921 2871 ο

296 2932 585 3004 ἀμφότερα
605 2948 621 2965 ·
652 2934 728 2999 ὡς
756 2938 850 2990 καὶ
877 2939 945 2991 τὰ
968 2937 1073 2992 τῶν
1098 2939 1390 3011 Σειρήνων,
1416 2939 1574 3011 εἴπερ
1599 2938 1676 3010 μὴ
1708 2938 1876 3010 μῦθος

295 3017 389 3093 ἦν,
420 3025 588 3096 λῆρον
629 3028 872 3097 ἀτεχνῶς
903 3027 1042 3083 εἶναι
1090 3030 1230 3100 πρὸς
1275 3030 1449 3085 ταῦτα
1486 3032 1582 3085 καὶ
1629 3031 1870 3088 παιδιάν.

1960 1938 2026 1987 et
2086 1928 2294 1985 Novam
2357 1927 2697 1998 Scripturam
2767 1928 3102 1995 explanavit,
3166 1929 3558 1999 piol‘undaque

1972 2021 2144 2085 illius,
2166 2030 2225 2076 et
2254 2022 2659 2090 comprehenso
2688 2019 2931 2075 dillieilia
2968 2021 3020 2073 in
3051 2021 3231 2089 lucem
3267 2032 3550 2090 apertum-

1975 2129 2083 2184 que
2110 2113 2360 2184 protulit,
2388 2112 2785 2168 venerabilium
2837 2113 3229 2184 mysteriorum
3290 2128 3548 2169 caeremo-

1978 2211 2099 2267 nias
2130 2209 2453 2273 celebravit,
2483 2218 2540 2264 et
2564 2216 2786 2265 sanctos
2840 2209 3028 2264 Patres
3059 2224 3123 2263 ac
3148 2217 3416 2278 martyres
3436 2208 3552 2261 col-

1958 2298 2245 2367 'laudavit,
2279 2312 2337 2358 et
2362 2301 2645 2356 orationes
2698 2300 2767 2356 de
2821 2300 3090 2362 moribus,
3137 2309 3194 2354 et
3247 2298 3558 2358 suasorias,

1963 2404 2232 2464 tanquam
2306 2392 2483 2449 fontes
2542 2390 2807 2460 quosdam
2883 2405 3171 2460 perennes,
3224 2399 3280 2444 et
3349 2388 3551 2442 llumta

1975 2486 2263 2542 numinum
2291 2497 2511 2554 semper
2535 2482 2872 2536 manantium
2900 2494 2969 2535 ex
2997 2480 3165 2539 corde
3191 2480 3363 2549 gratia
3391 2479 3552 2548 pleno

1977 2579 2196 2636 emisit:
2223 2590 2460 2646 quorum
2488 2588 2637 2628 nunc
2667 2571 3076 2626 multitudinem
3115 2585 3280 2639 supra
3333 2569 3557 2639 elegan-

1981 2669 2135 2733 tiam,
2164 2681 2316 2721 nunc
2373 2663 2696 2736 elegantiam
2749 2675 2914 2730 supra
2983 2659 3414 2722 multitudinem,
3447 2659 3565 2713 imor

1976 2759 2258 2815 enimvero
2292 2763 2588 2825 utrumque
2636 2768 2855 2823 semper
2910 2752 3204 2808 admittere
3247 2769 3262 2806 :
3300 2761 3358 2806 ut
3392 2751 3563 2806 etiam

1976 2848 2257 2905 fabulosus
2282 2847 2374 2902 ille
2402 2845 2660 2902 Sirenum
2692 2854 2909 2908 cantus,
2978 2858 3139 2916 nugae
3167 2841 3404 2898 etludus
3433 2856 3557 2896 cum

1984 2941 2106 2998 istis
2137 2941 2372 2996 collatus
2396 2937 2689 2994 videatur:
2715 2937 2854 3001 haec,
2883 2936 3132 3006 inquam,
3156 2942 3214 2988 et
3244 2931 3564 2987 istiusmodi

1982 3046 2094 3086 non
2149 3029 2327 3085 solum
2378 3042 2543 3083 nemo
2573 3041 2676 3096 pro
2727 3025 2994 3098 dignitate
3042 3023 3294 3088 laudare,
3327 3020 3424 3077 sed
3456 3035 3567 3075 nec-

295 3114 343 3167 Τ
347 3113 487 3167 αῦτα
521 3115 703 3169 τοίνυν
737 3118 829 3169 καὶ
869 3118 938 3170 τά
994 3118 1224 3174 τοιαῦτα
1267 3120 1327 3173 ού
1383 3121 1548 3189 μόνον
1584 3121 1686 3175 οὐκ
1718 3122 1874 3174 ἐπαι-

1980 3120 2351 3192 particulatim
2382 3118 2576 3173 saltem
2635 3130 2896 3172 enarrare
2924 3123 2979 3169 et
3009 3113 3327 3169 describere
3356 3119 3558 3165 utcun-

296 3206 456 3259 νέσαι
486 3225 573 3271 τις
607 3207 745 3278 πρὸς
785 3208 965 3275 ἀξίαν,
996 3209 1112 3264 ἀλλ’
1150 3211 1270 3266 οὐδὲ
1298 3212 1438 3266 κατά
1475 3216 1639 3285 μέρος
1671 3212 1876 3278 διεξελ-

298 3297 415 3352 θεῖν
442 3294 593 3366 γοῦν,
630 3301 723 3352 καὶ
755 3301 1072 3373 ὑπογράψαι
1101 3302 1179 3373 τῷ
1203 3302 1346 3375 λόγῳ
1370 3304 1686 3377 δυνήσεται,
1721 3307 1772 3358 εἰ
1798 3306 1873 3375 μὴ

300 3393 488 3466 κυάθῳ
524 3395 584 3448 τὸ
614 3393 963 3449 Ἀτλαντικὸν
991 3400 1324 3467 ἁναμετρεϊν
1354 3398 1612 3467 πέλαγος,
1657 3401 1753 3453 καὶ
1780 3416 1876 3452 κο-

299 3486 437 3558 τύλῃ
469 3487 561 3540 τδν
592 3488 769 3557 μέγαν
812 3488 1029 3554 Νεῖλον,
1078 3490 1110 3562 ἢ
1160 3492 1252 3545 τὸν
1286 3492 1581 3563 Εὐφράτην
1614 3492 1881 3563 ἀρύεσθαι

306 3575 569 3646 βούλοιτο.
603 3578 821 3631 Ἐκεῖνα
851 3577 907 3632 δὲ
940 3580 1031 3632 τὸν
1068 3580 1297 3648 κόσμον,
1325 3575 1471 3655 ᾗπερ
1505 3581 1662 3652 ἔφην,
1696 3583 1882 3656 διαλα-

306 3671 486 3737 ϐόντα,
538 3672 597 3725 οὐ
632 3672 698 3726 δι’
739 3671 1008 3741 Ἑλλήνων
1051 3672 1146 3726 καὶ
1196 3671 1483 3743 Ῥωμαίων
1523 3675 1705 3744 μόνον,
1747 3676 1886 3731 ἀλλὰ

303 3766 401 3818 καὶ
431 3764 521 3818 διὰ
559 3762 767 3833 Σύρων,
805 3763 901 3816 καὶ
950 3762 1426 3831 Δίγυπτίων,καὶ
1473 3763 1737 3833 Μαύρων,
1794 3765 1887 3818 καὶ

315 3854 602 3920 ’1σπανῶν,
634 3854 727 3908 καὶ
757 3854 994 3920 Γότθων,
1027 3851 1119 3908 καὶ
1143 3853 1482 3924 Τριϐαλλῶν,
1516 3854 1613 3907 καὶ
1640 3854 1883 3921 Σκυθῶν,

1979 3228 2087 3283 que
2109 3208 2338 3282 poterit,
2374 3209 2480 3264 nisi
2506 3207 2706 3279 cyatho
2738 3207 3076 3262 Atlanticum
3100 3219 3273 3269 mare,
3298 3211 3359 3259 et
3378 3202 3565 3272 eotyla

1981 3312 2197 3359 vastum
2229 3301 2413 3358 Nilum
2471 3301 2679 3365 metiri,
2728 3310 2824 3356 aut
2886 3300 3208 3369 Euphraten
3257 3295 3565 3352 exhaurire

1980 3397 2135 3456 velit.
2166 3395 2263 3451 Illa
2291 3403 2476 3451 autem
2508 3394 2799 3457 mundum,
2852 3400 2916 3447 ut
2952 3391 3226 3455 dicebam,
3251 3388 3558 3458 complexa.

1985 3507 2096 3547 non
2128 3505 2226 3561 per
2252 3488 2470 3545 Graecos
2500 3495 2557 3543 et
2581 3487 2860 3541 Romanos
2899 3484 3187 3547 duntaxat,
3239 3477 3335 3535 sed
3392 3477 3572 3533 etiam

1978 3600 2087 3656 .per
2115 3582 2306 3655 Syros,
2335 3579 2644 3652 Egyptios.
2679 3578 2924 3644 Mauros,
2976 3574 3272 3646 Hispanos,
3325 3571 3569 3633 Gothos,

1989 3674 2284 3735 Triballos.
2311 3671 2568 3744 Scythas,
2601 3671 2963 3740 omniumque
2994 3668 3354 3723 barbarorum
3395 3675 3573 3717 voces-

1988 3774 2044 3821 et
2071 3762 2292 3835 linguas
2337 3761 2767 3826 admirabiliter,
2797 3771 2857 3817 et
2881 3773 3008 3816 cum
3038 3757 3210 3830 gloria
3238 3764 3296 3811 et
3338 3763 3575 3824 stupore

1992 3856 2234 3913 maximo
2267 3870 2390 3912 sese
2417 3854 2787 3910 diﬂ‘nderunt.

302 3949 400 4001 καὶ
430 3950 610 4020 πάσης
650 3948 927 4019 βαρϐάρου
970 3949 1157 4019 φωνῆς
1198 3965 1261 4001 τε
1294 3948 1392 4002 καὶ
1435 3947 1686 4020 γλώττης
1740 3952 1911 4005 ἑαυτὰ
1951 3952 2284 4023 θαυμαστῶς
2327 3952 2495 4006 πᾶσιν
2534 3950 2907 4021 ἀνακηρύττει
2953 3945 3093 4018 μετὰ
3164 3943 3428 4016 μεγίστης
3464 3939 3568 4011 τῆς

307 4038 470 4108 δόξης
499 4056 559 4092 τε
593 4041 689 4095 καὶ
717 4040 813 4093 τοῦ
856 4041 1158 4109 θαύματος.

378 4138 554 4211 έΔλλά
581 4138 754 4191 ταῦτα
789 4141 890 4208 μὲν
928 4140 1086 4195 κοινὰ
1124 4141 1221 4195 καὶ
1249 4141 1363 4205 τοῖς
1394 4141 1543 4212 τρισὶ
1573 4142 1849 4211 δήπουθεν
1871 4155 1888 4171 ⁶

313 4230 372 4284 ού
401 4231 559 4300 μόνον
586 4232 669 4285 ὅτι
706 4233 914 4301 τούτων
944 4233 1145 4303 ὁμοίως
1179 4233 1272 4286 καὶ
1314 4233 1426 4287 τῶν
1454 4232 1714 4287 τοιούτων
1748 4232 1884 4286 ἕκα-

312 4336 435 4386 στος
465 4322 645 4378 αὐτῶν
673 4324 793 4379 ἐστι
822 4326 1059 4397 πλήρης,
1074 4326 1190 4382 ἀλλ’
1206 4328 1288 4381 ὅτι
1321 4327 1457 4397 μηδὲ
1485 4325 1731 4396 φιλοῦσιν
1752 4327 1883 4381 τδιόν

307 4432 387 4479 τι,
426 4418 521 4471 καὶ
551 4418 721 4488 χωρὶς
756 4418 866 4472 τῶν
906 4418 1184 4489 ὁμοτίμων
1232 4420 1534 4486 κεκτῆσθαι
1567 4419 1677 4473 τῶν
1717 4420 1884 4490 τριῶν

2060 4137 2335 4195 Caeterum
2368 4138 2487 4194 hac
2521 4138 2687 4194 trium
2724 4134 3037 4192 communia
3065 4141 3214 4198 sunt,
3262 4147 3374 4187 non
3402 4129 3567 4185 modo

1986 4233 2137 4304 quod
2170 4233 2260 4288 his
2283 4241 2342 4288 et
2364 4233 2566 4287 talibus
2604 4245 2799 4286 eorum
2821 4228 3219 4298 unusquisque
3242 4227 3439 4297 plenus
3455 4233 3564 4291 est,

1982 4327 2085 4385 sed
2142 4326 2289 4396 quod
2325 4340 2428 4380 nec
2481 4324 2762 4394 proprium
2798 4321 3084 4391 quidpiam
3152 4321 3275 4374 sine
3329 4317 3560 4388 paribus

1992 4419 2104 4475 sibi
2133 4418 2349 4474 honore
2376 4416 2665 4487 possidere
2683 4415 2937 4482 cupiunt.
2965 4427 3158 4468 verum
3178 4410 3319 4481 quod
3343 4410 3571 4477 habent,

308 4508 562 4577 ἕκαστος,
581 4512 721 4566 ἀλλὰ
770 4516 1160 4569 κοινοποιείται
1190 4514 1251 4566 τὸ
1285 4515 1392 4586 ίδία
1428 4513 1766 4583 προσὺν,καὶ
1790 4514 1878 4584 οὐχ

1993 4524 2287 4566 commune
2312 4508 2544 4574 faciunt,
2571 4517 2625 4563 et
2654 4522 2778 4561 cum
2810 4504 3002 4559 amicis
3042 4503 3380 4575 honorisque
3403 4501 3577 4556 sociis

309 4599 506 4654 ἑαυτοῦ
540 4599 763 4671 μᾶλλον,
786 4601 934 4656 ἀλλά
975 4604 1071 4655 καὶ
1117 4600 1228 4654 τῶν
1267 4600 1459 4669 φίλων,
1497 4601 1592 4653 καὶ
1625 4600 1888 4670 ὁμότιμον

291 4692 490 4759 ’ἔηϊνο
541 4694 798 4756 ποιεῖται,
845 4691 1206 4753 ἀντιδιδόντες
1245 4691 1496 4763 ἀλλήλοις
1539 4692 1588 4743 oi
1635 4692 1790 4757 σοφοὶ
1819 4690 1888 4744 τὰ

308 4786 511 4850 οἰκεῖα,
538 4785 634 4839 καὶ⁵
671 4784 743 4839 τά
775 4785 905 4854 παρ’
935 4785 1187 4862 ἀλλήλων
1231 4781 1294 4850 ἐξ
1341 4783 1455 4837 ίσου
1498 4781 1891 4852 λαμϐάνοντες,

292 4877 399 4930 ’διὰ
428 4877 528 4949 τὴν
556 4878 871 4949 όμοτιμίαν,
892 4881 1060 4951 φημὶ,
1091 4879 1187 4934 καὶ
1202 4878 1301 4951 τήν
1334 4877 1667 4948 σύμπνοιαν,
1699 4876 1795 4930 καὶ
1827 4875 1891 4929 τὸ

310 4968 558 5041 φίλτρον.

394 5061 547 5115 Ἐπεὶ
578 5063 672 5116 καὶ
697 5059 980 5115 Βασιλείου
1010 5060 1108 5127 μὲν
1137 5060 1231 5117 τοῦ
1258 5061 1512 5130 Μεγάλου
1542 5060 1701 5116 τοῦτό
1724 5078 1890 5130 φασιν

314 5151 445 5206 ἴδιον
480 5148 646 5219 εἶναι,
685 5153 749 5206 τὸ
781 5152 919 5223 μετὰ
961 5152 1062 5221 τῆς
1096 5152 1441 5224 ὑψηλοτάτης
1479 5156 1575 5208 καὶ
1600 5153 1890 5225 -μεγίστης

311 5241 594 5309 θεολογίας
635 5242 731 5296 καὶ
780 5241 879 5305 τὰς
921 5241 1167 5312 κινήσεις
1211 5244 1293 5306 είς
1336 5242 1502 5312 βάθος
1534 5242 1775 5312 καθορᾷν
1829 5257 1889 5294 τε

311 5332 410 5386 καὶ
443 5332 744 5399 ἐξετάζειν,
775 5332 1137 5411 δημιουργίας
1173 5349 1232 5387 τε
1274 5331 1370 5386 καὶ
1409 5332 1666 5403 προνοίας
1695 5333 1889 5402 λόγους

312 5425 668 5494 ἀναμετρεῑν,
719 5425 816 5479 καὶ
865 5426 1006 5497 non,
1058 5426 1155 5479 καὶ
1209 5425 1397 5497 ψυχῶν
1442 5426 1888 5498 ἐπιτηδειότητας

310 5515 586 5585 εὐστόχως
611 5517 934 5586 ’ἐπιτηρεϊν.
979 5518 1076 5571 καὶ
1125 5515 1315 5589 ὥσπερ
1360 5516 1602 5588 ἔμψυχόν
1622 5536 1757 5575 τινα
1793 5519 1887 5572 καὶ

312 5605 492 5670 ζῶντα
517 5607 610 5658 τὸν
647 5607 777 5675 περὶ
804 5607 1038 5661 ἑκάστου
1084 5606 1293 5662 τούτων
1341 5608 1656 5663 ἐκτίθεσθαι
1705 5610 1885 5680 λόγον,

311 5697 483 5761 οἱονεί.
507 5714 631 5751 τινα
668 5698 846 5769 ψυχὴν
889 5701 1002 5762 τοῖς
1041 5700 1273 5771 ἀψύχοις
1328 5699 1508 5771 λόγοις
1554 5702 1883 5772 ἐμπνέοντα,

311 5789 447 5864 ὅπερ
484 5790 647 5855 αὐτὸς
680 5793 806 5864 περί
834 5809 975 5858 τινος
1010 5792 1115 5866 ἔφη
1157 5793 1260 5847 τῶν
1290 5791 1395 5860 ἔξω
1427 5795 1697 5867 ρητόρων.
1726 5804 1737 5823 ί

1991 4602 2424 4665 communicant,
2441 4608 2501 4655 et
2528 4598 2777 4654 vicissim
2803 4597 3081 4666 sapientes
3109 4594 3199 4649 isti
3229 4608 3329 4665 sua
3357 4593 3566 4662 impar—

1994 4693 2159 4759 tiunt,
2192 4703 2250 4749 et
2273 4692 2513 4747 invicem
2535 4706 2601 4745 ex
2625 4704 2786 4758 aequo
2814 4695 3163 4747 mutuantur,
3190 4692 3420 4754 propter
3451 4681 3563 4736 bo-

1995 4788 2149 4843 noris
2172 4784 2568 4855 aequalitatem,
2600 4779 3071 4857 conspirationem
3120 4785 3286 4847 atque
3329 4787 3588 4886 consen-f

1993 4894 2139 4945 sum,
2163 4887 2221 4934 et
2253 4891 2501 4934 amorem
2532 4882 2784 4929 mutuum
2817 4871 3100 4927 videlicet.
3573 4864 3593 4937 ἶ

2064 5052 2249 5109 Basilii
2279 5052 2550 5123 siquidem
2588 5050 2764 5117 Magni
2797 5050 2904 5105 hoc
2925 5048 3205 5119 peculiare
3236 5049 3394 5105 aiunt
3414 5065 3566 5115 esse,

1993 5147 2268 5203 motiones
2291 5144 2459 5199 animi
2483 5159 2550 5199 ex
2571 5143 2861 5210 theologia:
2888 5142 3198 5198 rationibus
3215 5142 3577 5200 subtilissime

1991 5250 2049 5297 et
2096 5237 2475 5295 eruditissime
2531 5235 2848 5306 perspicere
2881 5242 2940 5288 et
2993 5234 3337 5300 examinare,
3395 5235 3571 5291 divini

1991 5330 2196 5404 opiﬁcii
2234 5327 2705 5401 providentiaeque
2761 5324 2958 5392 modos
2990 5323 3328 5395 expendere,
3387 5340 3575 5380 mores

1988 5432 2047 5479 et
2073 5420 2392 5476 habilitates
2422 5420 2731 5473 animarum
2760 5415 3043 5487 ingeniose
3064 5419 3380 5479 observare,
3400 5426 3573 5486 atque

1989 5515 2064 5571 ita
2095 5513 2164 5569 de
2195 5514 2283 5568 his
2313 5511 2550 5583 singulis
2584 5509 2881 5573 disseram,
2917 5517 2979 5562 ut
3018 5500 3352 5564 sermoni'in
3375 5509 3570 5562 animo

1988 5606 2286 5678 inspirasse
2340 5605 2608 5667 animam,
2641 5612 2697 5657 et
2750 5601 2869 5672 ejus
2901 5600 3069 5657 verba
3118 5599 3304 5655 vivere
3344 5598 3571 5653 videan-

1989 5712 2106 5766 tur,
2140 5698 2287 5754 sicut
2316 5697 2433 5768 ipse
2466 5695 2535 5752 de
2561 5694 2805 5766 quodam
2839 5693 3062 5774 rhetore
3095 5706 3206 5747 non
3241 5690 3576 5745 Christiano

1991 5800 2245 5852 testatur.
