4036 6444
249 363 350 429 891

1283 356 1675 421 LAUDATIO
1720 357 1759 412 Τ
1773 355 1816 413 ii
1830 355 1971 416 iUM
2029 352 2468 420 DOCTORUM.

3418 359 3529 419 802

245 478 414 544 ἄγαν,
472 474 568 529 καὶ
613 474 754 545 μετὰ
810 474 906 545 τῆς
940 473 1241 545 σαφηνείας
1293 473 1534 541 ἐκείνης,
1593 470 1689 523 καὶ
1740 469 1838 538 τῆς

1956 478 2234 536 :uterque,
2267 478 2417 523 tanta
2445 472 2820 539 persuasionis
2856 472 2929 537 vi,
2965 472 3104 529 adeo
3136 472 3427 543 perspicue
3457 488 3542 534 et.

244 569 562 639 ἀπορῤἡτύ
585 566 946 634 γλυκύτητος,
972 568 1066 621 καὶ
1099 564 1196 618 τοῦ
1244 563 1543 631 Θαύματος,
1581 563 1656 622 ὡς
1704 562 1837 612 κὰν-

245 659 441 712 τεῦθεν
473 660 676 727 μᾶλλον
726 659 826 728 τὴν
861 659 1099 729 Χριστοῦ
1166 657 1500 725 Ἐκκλησίαν
1542 654 1609 706 τὰ
1662 651 1839 704 σεπτὰ

249 752 531 822 μυστήρια
556 750 635 821 μὴ
685 750 847 819 μόνον
899 753 1031 821 ὁρᾷν
1074 749 1296 819 ὑψηλῶς
1344 748 1511 817 ἔχειν,
1563 747 1702 799 ἀλλὰ
1744 746 1840 799 καὶ

249 844 481 914 πάσχειν
516 843 872 914 ὑψηλότερον,
908 845 1001 897 καὶ
1051 844 1370 914 μανθάνειν,
1417 843 1510 893 καὶ
1543 840 1679 911 πρδς
1740 838 1840 911 τὴν

250 938 458 991 ἐκεῖθεν
480 937 797 1006 οἰκονομίαν
827 954 887 989 τε
927 938 1019 990 καὶ
1040 936 1139 1005 τὴν
1185 937 1462 1007 σωτηρίαν
1514 934 1839 1000 ἀνάγεσθαι,

250 1032 347 1083 καὶ
375 1030 474 1099 τὴν
507 1029 804 1100 καλλίστην
835 1045 892 1083 τε
919 1029 1013 1082 καὶ¹
1038 1027 1384 1099 ὑψηλοτάτην
1424 1027 1712 1080 ἀλλοίωσιν
1741 1027 1839 1079 ἀλ·

248 1123 548 1177 λοιοῦσολι.
587 1125 651 1175 "0
677 1123 740 1190 δὴ
794 1125 897 1175 κᾶν
934 1126 1042 1186 τοῖς
1093 1123 1339 1181 ἐπαίνοις
1380 1122 1488 1172 τῶν
1519 1121 1700 1188 σοφῶν
1734 1138 1839 1173 πα-

251 1214 400 1286 τρῶν
431 1232 487 1266 τε
519 1217 611 1267 καὶ
667 1214 963 1285 μαρτύρων
1004 1211 1404 1284 παραπλησίως
1433 1211 1582 1279 αὐτῷ
1611 1212 1837 1281 συνέϐη,

249 1305 339 1359 διὰ
370 1305 479 1358 τῶν
509 1305 838 1375 θαυμαστῶν
863 1306 1036 1374 λόγων
1063 1305 1287 1358 ἐκείνων
1307 1304 1464 1357 οὐδὲν
1487 1299 1652 1376 ἦττον
1689 1304 1720 1373 ἢ
1751 1304 1841 1357 διὰ

252 1398 364 1451 τῶν
387 1399 549 1470 ἱερῶν
580 1399 853 1469 πράξεων,
881 1402 976 1451 καὶ
1017 1399 1115 1464 τῆς
1146 1396 1515 1466 ἀποστολικῆς
1540 1397 1841 1459 πολιτείας,

254 1490 349 1542 καὶ
381 1489 490 1542 τῶν
513 1489 762 1556 ἀγώνων,
802 1489 905 1542 ὑπὸ
938 1490 1036 1557 τῆς
1076 1486 1405 1557 Ἐκκλησίας
1432 1486 1843 1558 ἁνακηρυχθέν-

251 1593 363 1631 των
397 1595 454 1629 τε
488 1582 582 1630 καὶ
616 1579 1093 1647 στεφανωθέντων.

328 1667 628 1738 Ποιητικῆς
655 1686 717 1737 γε
757 1669 865 1740 μὴν
899 1669 1086 1735 ἕνεκα,
1129 1669 1221 1723 καὶ
1254 1669 1422 1731 ἐπῶν,
1458 1668 1554 1721 καὶ
1582 1668 1844 1721 παντοδα-

256 1762 377 1811 πῶν
430 1760 663 1829 μέτρων,
698 1760 734 1813 ἂ
772 1763 899 1832 περὶ
929 1762 1142 1816 πολλῶν
1187 1780 1245 1816 τε
1291 1763 1389 1814 καὶ
1425 1761 1652 1814 πλεῖστα
1703 1764 1842 1833 προς

255 1850 443 1920 κοινὴν
475 1852 819 1920 Χριστιανῶν
853 1854 1102 1907 παιδείαν
1130 1855 1405 1924 διαφόρως
1456 1853 1696 1920 ἐξέθετο,
1744 1855 1840 1909 καὶ

256 1943 430 2009 λόγων
457 1945 757 2015 ποιητικῶν
784 1947 1038 2017 ἄσκησιν,
1073 1949 1168 2002 καὶ
1201 1950 1416 2015 σοφίαν,
1448 1952 1531 2012 τίς
1560 1948 1709 2019 αὐτῷ
1736 1948 1846 2002 τῶν

262 2036 393 2105 παρ’
434 2037 657 2106 Ἕλλησι
691 2040 933 2108 ποιητῶν
966 2040 1403 2110 ἀμφισϐητήσει,
1450 2043 1544 2094 καὶ
1579 2042 1639 2095 ού
1663 2057 1842 2112 παρα-

261 2127 500 2198 χωρήσει
536 2128 628 2181 τοῦ
674 2131 962 2199 μεγέθους,
1000 2131 1095 2185 καὶ
1137 2131 1237 2200 τῆς
1267 2133 1489 2203 τέχνης,
1524 2135 1620 2186 καὶ
1652 2134 1751 2203 τῆς
1785 2134 1845 2186 ἐν

258 2219 469 2283 τούτοις
504 2220 820 2292 δυνάμεωςς
856 2225 992 2294 Περὶ
1019 2219 1093 2278 ὧν
1118 2225 1295 2295 δήπου
1324 2226 1420 2277 καί
1460 2243 1545 2289 τις
1578 2225 1688 2278 τῶν
1720 2211 1843 2280 καθ’

259 2311 409 2381 ἡμᾶς
445 2314 626 2383 σοςῶν
682 2317 738 2368 ὲν
770 2319 885 2380 τοῖς
914 2317 1054 2389 ὑπὲρ
1108 2317 1274 2372 αὐτοῦ
1333 2319 1710 2388 λόγοιςαύτὺν
1752 2322 1847 2375 ἐκ.

263 2405 629 2473 πληττόμενος
666 2407 872 2477 ἔλεγεν,
907 2408 982 2482 ὡς
1009 2409 1263 2464 τοσοῦτον
1290 2412 1439 2482 αύτῷ
1486 2416 1590 2466 κάν
1630 2412 1843 2475 τούτοις

263 2498 354 2548 καὶ
383 2496 685 2564 δυνάμεως,
743 2500 835 2551 καὶ
882 2500 1075 2570 σοφίας
1101 2540 1116 2566 ,
1168 2488 1491 2574 καΐτὲχνης
1526 2505 1666 2573 ὑπὲρ
1692 2504 1843 2569 τοὺς

260 2587 526 2653 παλαιοὺς
574 2592 889 2658 πρόσεστιν,
923 2592 996 2655 ὡς
1043 2596 1093 2646 εἰ
1124 2594 1199 2664 μὴ
1230 2595 1460 2648 καὶτῶν
1483 2596 1660 2651 ἄλλων
1694 2597 1845 2669 αὐτῷ

259 2678 438 2745 λόγων
461 2682 685 2751 μηδενός
710 2699 775 2751 γε
798 2737 809 2749 ,
830 2686 1095 2755 προσῆκε,
1143 2687 1278 2756 μηδὲ
1317 2687 1493 2757 μέγας
1521 2691 1580 2741 ὲν
1613 2689 1847 2754 ἐκείνοις

262 2771 409 2825 οὕτω
435 2775 525 2825 καὶ
553 2774 866 2845 θαυμαστὸς
886 2773 977 2847 ἦν,
1008 2778 1114 2831 ἀπὸ
1142 2779 1250 2831 τῶν
1274 2782 1491 2849 μέτρων
1520 2782 1726 2836 τούτων
1753 2785 1847 2837 καὶ

260 2864 366 2932 τῆς
419 2865 707 2935 ποιητικῆς
757 2867 927 2936 μόνης
965 2868 1051 2922 ’ἂν
1082 2869 1143 2923 τὸ
1172 2870 1296 2924 κατ’
1326 2871 1489 2924 αὐτὸν
1527 2873 1845 2943 βεϐοῆσθαι,

264 2960 362 3011 καὶ
398 2961 547 3029 παρὰ
583 2961 716 3013 πᾶσι
746 2964 931 3030 σοφοῖς
974 2962 1233 3033 μέγιστός
1269 2983 1351 3028 τις
1394 2960 1561 3040 εῖναιξ
1598 2967 1692 3020 καὶ
1717 2967 1849 3020 θαυ-

266 3051 471 3120 μαστὸς
500 3048 629 3106 εἷεν.
1388 3044 1392 3048 Δ

1941 570 2207 629 quantum
2250 561 2361 615 dici
2412 577 2518 615 non
2566 573 2767 633 potest,
2815 565 3066 626 tilth'ilel'.
3106 574 3164 620 et
3204 566 3366 620 modo
3424 576 3533 621 tam

1942 650 2201 716 miriﬁco,
2238 662 2296 705 ut
2329 662 2383 707 et
2420 653 2550 708 hinc
2593 655 2778 723 potius
2818 654 3066 709 Ecclesia
3116 653 3322 710 Christi
3373 671 3540 710 vene-

1942 744 2116 798 randa
2162 745 2423 814 mysteria
2476 763 2589 800 non
2645 749 2822 801 solum
2879 748 3194 803 sublimiter
3239 748 3427 802 videre
3473 764 3538 803 ac

1944 834 2172 898 intueri,
2198 836 2292 889 sed
2323 836 2496 891 multo
2529 838 2694 892 etiam
2728 838 3023 893 sublimius
3048 840 3182 907 pati,
3211 854 3273 893 ac
3307 839 3536 913 sentire,

1941 934 1997 980 et
2027 927 2335 996 percipere,
2373 937 2428 981 et
2469 928 2537 982 ad
2583 928 2730 982 illam
2776 930 3140 984 (ecouomiam
3193 929 3538 999 salutemque

1944 1018 2127 1082 evehi,
2164 1018 2646 1088 pulcherrimaque
2680 1030 2736 1074 et
2767 1022 3031 1074 altissima
3080 1023 3389 1076 mutatione
3437 1022 3540 1074 itu-

1945 1112 2146 1166 mutari
2182 1122 2370 1180 queat.
2407 1112 2588 1177 Quare
2639 1113 2830 1166 iisdem
2864 1129 3004 1182 pene
3034 1114 3308 1179 laudibus,
3335 1114 3538 1183 quibus

1947 1202 2140 1257 Patres
2181 1203 2487 1258 doctissimi
2546 1217 2601 1260 et
2635 1215 2926 1276 martyres,
2977 1207 3381 1264 condecoratus
3411 1215 3534 1260 est:

1944 1294 2275 1364 quiscilteet
2317 1308 2543 1365 propter
2588 1298 2789 1351 eximia
2834 1298 3102 1352 librorum
3154 1308 3535 1362 monumenta.

1944 1407 2066 1461 quae
2097 1392 2462 1461 reliquerunt,
2502 1409 2610 1447 non
2658 1395 2840 1449 minus
2873 1410 3037 1465 quam
3088 1404 3312 1464 propter
3349 1398 3563 1449 Sacras'

1944 1485 2212 1548 actiones,
2241 1495 2297 1539 et
2342 1488 2700 1555 postolicam
2732 1488 2857 1540 vita:
2893 1488 3163 1542 rationem
3208 1487 3538 1541 certamina-

1945 1592 2053 1645 que
2077 1576 2147 1629 ab
2175 1577 2420 1632 Ecclesia
2452 1579 2724 1634 decantati
2757 1589 2813 1633 et
2849 1580 3101 1635 honorati
3132 1591 3281 1635 sunt.

2018 1671 2076 1725 In
2111 1671 2261 1741 poesi
2304 1680 2486 1726 autem
2538 1681 2594 1725 et
2635 1672 2907 1738 versibus,
2942 1674 3205 1742 varioque
3232 1682 3537 1729 metrorum

1947 1778 2169 1835 genere,
2202 1778 2325 1834 qua:
2367 1765 2434 1819 de
2463 1764 2844 1835 rompluribus
2881 1765 3241 1836 argumentis,
3273 1774 3330 1819 et
3363 1766 3541 1835 ptera-

1949 1860 2057 1928 que
2102 1859 2166 1913 ad
2214 1872 2565 1913 communem
2626 1857 3066 1913 Christianorum
3129 1858 3538 1913 institutionem

1947 1948 2166 2003 diverse
2194 1948 2527 2017 composuit,
2559 1948 2612 2001 in
2638 1948 2869 2017 poeticae
2900 1948 3125 2003 demum
3157 1947 3429 2013 orationis
3482 1954 3541 2001 et

1947 2042 2256 2112 disciplinae
2291 2041 2707 2103 exercitatione,
2742 2042 2867 2110 quis
2900 2041 3216 2096 Grreeorum
3247 2050 3539 2111 poetarum

1944 2131 1996 2186 ei
2028 2148 2088 2187 se
2129 2133 2477 2201 apposuerit,
2505 2146 2611 2186 nec
2657 2131 2735 2186 illi
2765 2132 2818 2185 in
2859 2131 2945 2187 bis
2971 2134 3108 2187 artis
3142 2132 3538 2203 perfectionem

1946 2222 2373 2291 facultatemque
2424 2222 2795 2277 concesserit?
2833 2222 2908 2277 De
2951 2223 3155 2291 quibus
3211 2223 3379 2295 etiam
3426 2238 3540 2276 nou

1945 2326 2111 2366 nemo
2141 2321 2460 2366 nostrorum
2493 2313 2806 2382 sapientum
2841 2312 2894 2365 in
2924 2312 3045 2383 ejus
3078 2312 3394 2367 laudatione
3428 2326 3538 2365 non

1946 2403 2089 2457 citra
2126 2412 2410 2473 stuporem
2436 2404 2596 2469 dixit,
2630 2412 2839 2458 tantum
2887 2404 2939 2457 iu
2988 2404 3109 2459 istis
3161 2412 3218 2458 et
3257 2400 3559 2471 facultate,

1945 2502 2001 2549 et
2024 2495 2302 2560 doctrina,
2323 2505 2379 2551 et
2406 2496 2643 2550 artitieio
2670 2496 2931 2561 valuisse,
2957 2505 3019 2551 ιιι
3040 2496 3208 2551 etiam
3236 2497 3541 2571 sialiarum

1946 2587 2261 2642 litterarum
2291 2588 2450 2643 rudis
2480 2584 2698 2653 fuisset,
2733 2604 2837 2643 nec
2872 2588 2938 2643 ad
2975 2597 3192 2642 tantum
3225 2591 3277 2642 in
3323 2590 3432 2643 illis
3462 2589 3545 2643 fa-

1949 2681 2174 2750 stigium
2203 2681 2692 2751 prxstautiamque
2725 2680 3091 2751 pervenisset,
3117 2695 3179 2734 ex
3205 2680 3546 2735 carminibus

1950 2771 2093 2837 istis,
2137 2781 2193 2826 et
2239 2774 2453 2842 poetica
2499 2773 2612 2827 sola
2662 2774 2946 2842 pnedicari
3015 2773 3242 2842 ubique.
3299 2782 3349 2827 et
3399 2772 3541 2841 apud

1949 2880 2141 2920 omnes
2169 2864 2419 2920 eruditos
2462 2881 2559 2933 pro
2592 2880 2792 2935 magno
2818 2877 2871 2919 et
2901 2865 3165 2935 singulari
3199 2865 3317 2918 viro
3355 2864 3543 2919 haberi

1949 2958 2214 3028 potuisse.
2250 2960 2429 3028 Atque
2459 2960 2575 3013 haec
2603 2958 2891 3012 hactenus.

350 3144 503 3198 Ἐπεὶ
532 3146 591 3200 δὲ
644 3147 877 3202 τοιοῦτοι
918 3149 1019 3219 μὲν
1077 3150 1126 3202 oi
1185 3150 1412 3221 μεγάλοι
1446 3152 1543 3205 σὺν
1594 3152 1845 3221 ἀλλήλοις

2023 3139 2294 3205 Quoniam
2324 3137 2494 3208 igitur
2524 3137 2581 3191 bi
2620 3144 2733 3191 tres
2767 3135 2947 3206 magni
2980 3143 3113 3189 sunt
3139 3135 3326 3200 simul,
3361 3137 3544 3206 magni

224 3294 235 3305 ί
265 3236 557 3307 ἀρώμενοι.
595 3238 823 3293 τοιοῦτοι
846 3240 901 3293 δὲ
934 3241 1030 3295 καὶ
1060 3242 1182 3295 καθ’
1204 3243 1452 3309 ἕκαστον,
1482 3245 1575 3296 καὶ
1609 3244 1749 3298 οὕτω
1781 3245 1850 3299 τὰ

265 3329 442 3379 οἰκεῖα
472 3327 566 3379 καὶ
587 3328 834 3399 ἀλλήλων
867 3329 1080 3397 φιλοῦσι
1117 3336 1411 3397 ποιεῖσθαι,
1440 3335 1848 3405 κοινοποιούμε-

268 3435 374 3481 νοι,
409 3420 500 3473 καὶ
549 3420 805 3491 ἀλλήλοις
852 3422 1230 3492 ἀντιδιδόντες,
1288 3426 1541 3497 καθάπερ
1596 3429 1697 3499 ἥδη
1754 3429 1852 3481 καὶ

270 3513 488 3578 φθάσας.
516 3512 671 3584 ἔφην,
698 3516 793 3567 καὶ
818 3515 1076 3587 τοσαύτη,
1112 3519 1205 3570 καὶ
1253 3516 1425 3582 οὕτως
1466 3520 1647 3572 αὐτῶν
1678 3521 1851 3591 ὑπερ-

276 3603 416 3672 φυὴς
446 3604 480 3673 ἦ
534 3620 594 3656 τε
646 3605 771 3669 δόξα
808 3606 901 3657 καὶ
934 3607 993 3659 τὸ
1032 3608 1322 3679 μεγαλεῖον
1354 3611 1557 3679 ὁμοίως
1586 3611 1644 3663 ἐν
1672 3629 1729 3665 τε
1756 3613 1847 3666 λό-

272 3712 408 3762 γοις,
437 3697 528 3749 καὶ
555 3696 864 3767 πράγμασι,
901 3701 995 3753 καὶ
1027 3704 1059 3771 ἠ
1091 3701 1181 3755 διὰ
1208 3702 1425 3756 πάντων
1458 3705 1691 3775 ἀκριϐὴς
1713 3706 1849 3759 Evn)-

272 3787 355 3849 σίς
386 3803 445 3839 τε
477 3788 570 3841 καὶ
602 3790 910 3858 συμφωνία,
957 3791 1032 3854 ώς
1066 3793 1122 3859 ἐξ
1162 3793 1372 3864 ὀνύχων
1403 3799 1536 3864 φασὶ
1558 3796 1726 3862 δεῖξαι
1758 3799 1850 3850 τὸν

266 3879 482 3946 λέοντα,
539 3881 764 3936 κάκεῖνα
818 3886 928 3948 τοῖς
977 3885 1291 3956 εἰρημένοις
1343 3889 1654 3952 ἀκολούθως
1687 3908 1854 3961 προσ-

267 3972 441 4043 θήσω.

344 4056 510 4117 Ὅταν
558 4070 669 4131 τοῖς
706 4068 848 4123 κατὰ
892 4070 1160 4126 Ἰουδαίων
1195 4091 1252 4127 τε
1280 4073 1372 4127 καὶ
1415 4074 1687 4146 Ἑλλήων
1730 4094 1856 4149 στη-

276 4152 596 4224 λιτευτικοῖς
641 4161 735 4214 καὶ
759 4164 1166 4233 ἁντιρῤητικοῖς
1196 4165 1377 4218 αὐτῶν
1411 4167 1590 4230 λόγοις
1622 4166 1849 4237 ἐντύχω,

277 4251 374 4304 καὶ
412 4252 521 4311 τῶν
554 4257 668 4325 μετ’
690 4256 888 4322 αὐτούς
915 4275 973 4311 τε
1006 4258 1098 4311 καὶ
1137 4259 1234 4312 σὺν
1264 4260 1445 4321 αὐτοῖς
1476 4263 1533 4313 ἐν
1564 4261 1848 4329 πλάσματι

276 4346 707 4419 Χριστιανισμοῦ
763 4350 861 4418 τῆς
913 4351 1079 4420 γενῆς
1154 4352 1343 4415 easta;
1399 4352 1661 4414 ὡσαύτως
1716 4369 1848 4423 προ-

274 4438 538 4504 στάντων,
595 4439 687 4491 τδν
737 4440 831 4491 ἐπὶ
867 4440 990 4492 Νῶε
1030 4442 1414 4511 κατακλυσμὸν
1448 4445 1557 4513 ὀρῖ)
1589 4442 1697 4495 τῶν
1729 4444 1853 4496 ὑδά-

270 4545 402 4587 των,
429 4531 522 4581 καὶ
553 4528 652 4599 τὴν
682 4530 789 4583 τῶν
820 4532 1037 4602 ἀνέμων
1088 4530 1469 4602 πανολεΟρίαν,
1504 4527 1584 4594 οἷς
1615 4532 1852 4586 κατασύ-
1879 4505 1934 4565 D

274 4632 460 4690 ρονται
491 4623 646 4690 τείχη
680 4624 892 4692 πονηρὰ
938 4623 1031 4675 καὶ
1063 4621 1395 4692 ὀχυρώματα
1443 4624 1550 4676 τῶν
1596 4623 1692 4692 τῆς
1725 4626 1855 4676 ἀσε-

271 4712 429 4767 ϐείας
459 4714 782 4782 προστατῶν
833 4715 926 4767 καὶ
961 4714 1262 4785 τυράννων,
1309 4716 1409 4768 οὐκ
1439 4715 1688 4768 εὐάλωτα
1745 4718 1857 4779 τοῖς

273 4804 561 4876 καθαιρεῖν
589 4805 957 4876 βουλομένοις,
989 4807 1079 4861 διὰ
1118 4809 1217 4879 τὴν
1256 4808 1389 4875 ἕξιν,
1440 4805 1614 4880 οἶμαι,
1648 4809 1859 4862 καὶτὸν

273 4897 466 4965 τῦφον,
501 4898 599 4951 καὶ
647 4899 749 4969 τὴν
792 4899 1035 4972 διπλόην.
1082 4900 1256 4956 Ὅταν
1303 4903 1429 4964 τοὺς
1474 4904 1604 4972 περὶ
1640 4901 1772 4954 Υἱοῦ
1800 4919 1859 4956 τε

280 4991 374 5043 καὶ
425 4992 765 5061 Πνεύμὰτος,
802 4994 896 5045 καὶ
929 4992 1033 5061 τῆς
1079 4995 1210 5065 μιᾶς
1239 4996 1298 5047 ἐν
1338 4995 1530 5066 Τριάδι
1564 4994 1855 5065 Θεὸτητος,

279 5083 506 5136 καὶτοῦ
555 5084 763 5154 ταύτης
810 5084 1199 5152 ἀκαταλήπτου
1245 5086 1453 5150 Λόγους
1476 5086 1857 5153 ἀναγινώσκω,

281 5175 540 5245 γινώσκω
562 5179 696 5231 Θεὸν
723 5178 926 5248 μᾶλλον
946 5177 1005 5231 δν
1035 5178 1165 5247 ἔχω,
1212 5181 1306 5234 καὶ
1330 5180 1428 5247 τὴν
1460 5180 1722 5251 ἀληθινὴν
1760 5196 1861 5249 μο-

280 5268 512 5338 ναρχίαν
547 5266 707 5334 ὁμοῦ,
731 5268 825 5321 καὶ
850 5267 911 5321 τὸ
939 5268 1037 5335 τῆς
1059 5268 1289 5338 Τριάδος
1331 5270 1629 5338 μυστήριον
1661 5271 1863 5322 ἐκπαι-

278 5360 507 5430 δεύομαι
536 5361 668 5431 παρ’
712 5360 958 5424 ἐκείνων,
995 5360 1090 5412 καὶ
1122 5361 1221 5424 τὰς
1278 5361 1605 5431 ὑπερϐολὰς,
1638 5362 1730 5416 καὶ
1761 5363 1862 5427 τὰς

281 5454 528 5520 ὑφέσεις,
560 5455 655 5506 καὶ¹
696 5453 798 5524 τὴν
853 5452 1221 5523 συναλοιφὴν,
1280 5454 1372 5508 καί⁵
1406 5455 1505 5526 τὴν
1553 5456 1857 5527 διαίρεσιν·

278 5546 391 5601 τῶν
448 5547 506 5601 δὲ
549 5546 855 5616 προσώπων
884 5545 1042 5614 ὁμοῦ,
1078 5548 1172 5599 καὶ
1211 5547 1313 5617 τῆς
1340 5548 1576 5616 φύσεως,
1602 5549 1703 5609 τὰς
1731 5567 1862 5621 χρο-

275 5641 438 5705 νικάς
464 5657 521 5692 τε
572 5640 853 5710 γεννήσεις
881 5638 1016 5709 ὁμοῦ
1053 5640 1148 5693 καὶ
1197 5640 1296 5703 τὰς
1331 5642 1708 5713 ὲκπορεύσεις,
1767 5644 1864 5700 καὶ

276 5734 379 5806 τὴν
408 5732 729 5802 σωματικὴν
779 5734 952 5805 τομήν
999 5748 1060 5785 τε
1094 5735 1189 5785 καὶ
1229 5731 1439 5801 ρεῠσιν,
1497 5734 1592 5787 καὶ¹
1624 5735 1683 5786 τὸ
1721 5735 1862 5789 κατὰ

277 5826 375 5902 τὴν
406 5826 571 5897 φύσιν
600 5824 818 5881 ἔλαττόν
851 5843 911 5880 τε
955 5828 1049 5882 καὶ
1094 5825 1300 5897 μεῖζον,
1355 5828 1448 5884 καὶ
1485 5830 1577 5884 τὸν
1618 5828 1862 5903 καταλη-

1955 3245 2177 3300 quoque
2208 3244 2459 3284 seorsum
2508 3228 2864 3291 considerati,
2901 3229 3149 3297 adeoque
3195 3229 3408 3297 privata
3446 3246 3544 3284 sua

1955 3323 2099 3378 inter
2129 3338 2189 3377 se
2240 3322 2481 3376 libenter
2526 3312 2840 3375 cownitmia
2892 3324 3164 3387 fecerunt,
3196 3322 3546 3390 vicissimque
3616 3376 3619 3377 ν

1954 3417 2458 3481 communicarunt,
2504 3414 2648 3469 sicut
2698 3430 2728 3468 a
2768 3430 2855 3468 me
2906 3416 3068 3484 paulo
3094 3430 3260 3485 supra
3307 3430 3549 3470 comme-

1955 3508 2227 3564 moratum
2283 3518 2417 3574 est,
2464 3516 2686 3578 tamque
2720 3499 2941 3578 'ingens
2988 3518 3073 3563 est
3122 3519 3178 3564 et
3228 3508 3549 3563 admiranda

1954 3616 2148 3656 eorum
2212 3600 2391 3671 gloria
2423 3608 2479 3654 et
2508 3597 2933 3670 magniﬁcentia,
2975 3608 3032 3654 et
3064 3615 3219 3670 arque
3259 3601 3310 3653 in
3340 3600 3549 3655 doctri-

1955 3678 2047 3759 ria,
2083 3706 2137 3750 et
2182 3696 2516 3762 actionibus,
2546 3704 2601 3748 et
2645 3709 2746 3763 per
2768 3695 2951 3747 omnia
2997 3694 3158 3763 plena
3206 3693 3563 3764 conjunctio,‘

1956 3803 2261 3846 consensus
2291 3799 2458 3857 atque
2492 3789 2854 3857 conspiratio,
2899 3797 2958 3840 ut
2988 3786 3134 3856 quod
3167 3788 3220 3839 in
3251 3785 3548 3855 proverbio

1956 3894 2059 3951 est,
2092 3901 2157 3941 ea
2191 3886 2466 3955 unguibus
2491 3884 2708 3939 leonem
2741 3898 3061 3954 cognoscas,
3084 3883 3249 3938 etiam
3274 3881 3362 3935 illa
3384 3879 3549 3936 dictis

1957 3979 2355 4035 convenienter
2384 3977 2663 4049 adjiciam.

2025 4072 2163 4128 Cum
2212 4072 2481 4127 adversus
2509 4069 2730 4126 Judwos
2769 4076 2825 4124 et
2882 4077 3073 4139 gentes
3114 4069 3358 4139 ipsorum
3394 4066 3551 4122 inve-

1958 4172 2132 4222 ctivas
2159 4178 2213 4221 et
2235 4166 2631 4221 confutatorias
2655 4165 2930 4220 orationes
2964 4163 3106 4233 lego,
3134 4172 3188 4216 et
3225 4176 3415 4215 eorum
3454 4160 3550 4231 qui

1958 4270 2082 4331 post
2124 4260 2301 4329 ipsos,
2335 4259 2645 4328 eodemque
2689 4259 2892 4314 saeculo
2939 4274 3063 4313 cum
3103 4258 3237 4327 ipsis
3266 4257 3547 4320 vixerunt,

1958 4352 2308 4409 Christianos
2339 4352 2767 4423 selingeutium,
2796 4361 2853 4407 et
2879 4351 3098 4406 interim
3122 4351 3414 4420 impietatis
3437 4348 3554 4403 ina-

1967 4446 2194 4499 nitatem
2245 4445 2496 4499 similiter
2534 4444 2831 4507 tuentium,
2883 4443 3162 4499 Noetieam
3217 4443 3552 4507 eluvionem,

1961 4539 2467 4608 sceleratorumque
2489 4547 2788 4593 extremam
2811 4535 3113 4605 perniciem
3137 4535 3320 4589 videre
3340 4533 3551 4597 videor.

1963 4631 2121 4701 cujus
2172 4631 2379 4700 impetu
2436 4642 2906 4702 propugnatorum
2938 4629 3238 4699 impietatis
3270 4642 3331 4681 ac
3363 4635 3552 4698 tyran-

1962 4740 2162 4779 norum
2211 4726 2356 4780 muri
2404 4726 2640 4792 scelesti,
2685 4743 2751 4780 ac
2795 4735 3149 4779 monumenta
3194 4724 3554 4796 dejiciuntur,

1962 4835 2086 4889 quae
2131 4835 2241 4873 non
2277 4835 2304 4873 a
2349 4819 2564 4889 quovis,
2613 4834 2929 4890 quanquam
2977 4818 3218 4881 volente,
3270 4817 3431 4887 dejici
3492 4832 3557 4872 ac

1964 4911 2264 4966 disturbari
2317 4919 2567 4981 possunt,
2614 4921 2838 4981 propter
2895 4927 3088 4964 eorum
3155 4908 3426 4970 habitum,
3483 4908 3560 4961 in-

1966 5019 2153 5074 quam,
2187 5010 2243 5057 et
2286 5004 2613 5057 versutiam.
2664 5003 2895 5069 Quando
2938 5002 3005 5056 de
3047 5001 3210 5064 Filio,
3237 5010 3292 5055 et
3323 5000 3555 5070 Spiritu,

1967 5111 2184 5166 unaque
2223 5097 2277 5150 in
2325 5094 2595 5150 Trinitate
2640 5095 2951 5160 divinitate,
2989 5103 3045 5149 et
3077 5094 3354 5171 quomodo
3403 5107 3559 5147 cont-

1964 5183 2237 5254 prehendi
2277 5200 2383 5238 non
2418 5185 2617 5267 possit,
2657 5185 2862 5255 scripta
2891 5185 3033 5255 lego,
3063 5185 3431 5267 Deum‘quem
3461 5183 3556 5237 ba-

1964 5276 2068 5331 beo
2092 5276 2388 5332 dilucidius
2412 5258 2696 5349 magisque
2724 5277 2994 5348 intelligo,
3011 5258 3313 5346 veramque
3341 5291 3561 5332 monar~

1963 5369 2147 5424 cltiam
2222 5371 2389 5425 simul
2452 5381 2509 5426 et
2558 5371 2842 5427 Trinitatis
2904 5374 3226 5444 mysterium
3304 5387 3371 5426 ex
3424 5369 3560 5440 ipsis

1964 5462 2250 5532 perdisco;
2290 5473 2346 5517 et
2372 5464 2721 5527 eminentias,
2760 5472 2817 5519 et
2853 5464 3270 5527 submissiones,
3309 5474 3364 5517 et
3429 5476 3561 5516 eon-

1959 5555 2327 5626 junctionem,
2377 5556 2820 5627 divisionemque
2862 5572 3253 5626 persornarutu
3304 5554 3557 5633 simulet

1966 5662 2206 5715 naturae,
2253 5652 2483 5720 tempori
2545 5652 2675 5707 item
2739 5652 3008 5706 obnoxias
3059 5649 3442 5720 generationes
3503 5632 3577 5704 et.

1969 5744 2375 5814 processiones,
2403 5744 2744 5814 corporalem
2774 5745 3189 5799 dissolutionem
3244 5749 3301 5796 et
3328 5741 3557 5807 llttximt,

1967 5834 2274 5889 secundum
2308 5844 2560 5892 naturam
2594 5836 2778 5891 minus
2806 5849 2862 5893 et
2891 5836 3095 5908 majus;
3126 5843 3183 5888 et
3204 5833 3375 5887 Deum
3405 5847 3557 5887 com-
