4036 6468
461 352 566 413 803

1529 346 1955 409 PHILOTIIE!
1997 346 2105 406 (ΣΡ.
2156 345 2668 408 ΡΑΤΚΙΑΒΟΗΕ

3622 355 3739 421 804

462 462 822 530 prehensum,
855 471 912 515 et
948 459 1183 515 deorum
1235 458 1672 523 multitudinem,
1717 458 2057 529 inrequalita-

2161 456 2297 510 πτδν
2326 456 2480 520 Θεὸν,
2510 457 2605 510 καὶ
2635 456 2735 529 τὴν
2775 456 3065 514 πολυθεῖαν
3102 460 3373 518 Ἰουδαίων
3402 480 3464 518 τε
3497 465 3593 519 καὶ
3621 466 3745 520 Ἐλ-

456 566 682 623 temque
724 553 1039 611 Iudaeorum
1088 563 1144 608 et
1198 553 1487 623 gentilium
1565 564 1783 620 respuo,
1836 549 2056 604 theolo-

458 646 674 716 gia-que
737 654 795 699 et
840 644 1236 713 speculationis
1281 652 1447 697 certa
1500 642 1746 696 rationes
1791 638 2054 704 edoceor,

461 744 739 803 quatenus
759 734 982 790 edoceri
1005 751 1089 789 me
1107 735 1189 789 fas
1206 742 1318 798 est;
1344 743 1401 788 et
1428 733 1597 786 Deum
1621 746 1792 786 unum
1808 730 2056 801 legitime

460 842 528 882 ac
554 843 692 897 pure
733 828 785 881 in
835 827 1106 881 'l‘riuitate
1146 826 1340 890 adoro,
1372 825 1466 895 qui
1501 839 1602 877 nec
1630 824 1819 892 coepit,
1852 823 2055 891 inquit,

463 934 567 972 nec
596 918 892 987 aliquando
924 918 1160 980 desinet,
1194 933 1296 971 ceu
1332 919 1560 986 pelagus
1593 918 1848 972 essentia:
1871 915 2058 970 inlini.

465 1020 581 1065 tum
608 1023 665 1064 et
702 1010 1057 1070 immensum,
1092 1024 1312 1064 omnem
1354 1008 1748 1080 cogitationem
1791 1008 2057 1078 temporis

464 1118 532 1158 ac
557 1111 768 1156 naturae
796 1116 1141 1171 exsuperans
1166 1111 1351 1156 mente
1383 1101 1499 1155 sola
1547 1100 1961 1163 adumbratum,
1999 1109 2058 1155 et

463 1194 569 1249 hoc
597 1195 775 1263 ipsum
799 1210 1067 1263 perquam
1098 1193 1318 1248 exiliter
1342 1210 1407 1249 ac
1438 1193 1813 1258 mediocriter,
1848 1207 1959 1248 non
1987 1208 2054 1247 ex

462 1286 534 1339 iis
557 1302 679 1354 qure
715 1286 836 1356 ejus
878 1296 1073 1339 natura
1102 1285 1480 1350 continentur,
1511 1296 1569 1339 et
1614 1284 1925 1339 secundum
1974 1285 2059 1354 ip-

397 1414 401 1418 -
463 1396 619 1444 sum,
662 1381 757 1435 sed
807 1396 934 1449 qua:
978 1381 1128 1434 circa
1170 1382 1357 1450 ipsum
1402 1388 1575 1435 sunt:
1608 1395 1715 1436 nec
1766 1395 1934 1448 super
1969 1379 2057 1435 bis

462 1471 668 1527 deitate
711 1473 906 1537 eﬂ'usa,
945 1488 1016 1527 ne
1064 1472 1295 1526 deorum
1345 1480 1625 1527 catervam
1674 1472 2052 1528 inducamus:

463 1577 568 1616 nec
593 1563 686 1617 his
713 1564 919 1619 deitate
948 1564 1396 1632 circumscripta,
1427 1579 1495 1618 ne
1540 1564 1883 1635 paupertatis
1913 1564 2056 1617 divi-

463 1655 695 1709 nitatem
741 1657 1212 1725 condemnemus,
1264 1667 1361 1712 aut
1403 1667 1631 1728 propter
1666 1656 2055 1731 .monarcltiam

462 1761 590 1801 cum
617 1747 842 1814 Judais,
879 1757 976 1803 aut
1017 1759 1244 1819 propter
1272 1749 1681 1805 multitudinem
1713 1764 1839 1805 cum
1876 1747 2054 1819 genti«

2159 549 2335 621 λήνων
2363 551 2715 623 ἀπορῤίπτω,
2753 550 3033 622 θεολογίας
3068 572 3131 609 τε
3162 557 3260 610 καὶ
3301 556 3536 627 θεωρίας
3560 561 3747 614 ἀπλαο

2159 641 2285 705 νοῦς
2316 642 2702 712 ἑκδιδάσκομαι
2734 643 2951 712 λόγους,
2978 646 3209 702 καθόσον
3235 644 3348 703 οἶόν
3367 667 3447 718 τι,
3476 654 3573 705 καὶ
3608 652 3747 707 Θεὸν

2159 733 2254 787 ἕνα
2296 734 2538 805 γνησίως
2584 752 2644 789 τι
2676 737 2770 790 καὶ
2803 736 3059 808 καθαρῶς
3106 741 3396 809 προσκυνῶ
3424 745 3483 796 ὲν
3521 745 3747 814 Τριάδι,

2157 823 2283 879 οὔτε
2310 824 2645 895 ἀρξάμενον,
2671 825 2857 897 φησὶν,
2883 827 3007 882 οὔτε
3042 831 3408 902 παυσόμενον,
3431 827 3542 887 οἷόν
3570 851 3623 887 τι
3646 834 3750 889 πό-

2159 917 2323 984 λαγος
2348 916 2537 981 οὐσίας
2581 919 2838 990 ἄπειρονι
2869 921 2965 975 καὶ
2993 921 3270 992 ἀόριστον,
3302 926 3484 979 πᾶσαν
3507 925 3750 996 ὑπερεκ-

2159 1009 2361 1063 πίπτον
2398 1009 2607 1064 ἔννοιαν
2675 1013 2771 1064 καὶ
2804 1013 2998 1083 χρόνου
3041 1014 3134 1067 καὶ
3164 1014 3406 1083 φύσεως,
3445 1015 3522 1082 νῷ
3578 1018 3744 1087 μόνον

2161 1100 2708 1174 ηιαγραφούμενον·
2743 1106 2838 1158 καὶ
2889 1103 3048 1159 τοῦτο
3072 1104 3194 1160 λίαν
3233 1108 3494 1177 ἀμυδρῶς
3522 1109 3619 1163 καὶ
3650 1126 3754 1179 με·-

2159 1194 2348 1265 τρίως,
2382 1195 2484 1248 οὐκ
2517 1196 2583 1248 ὲκ
2633 1194 2742 1249 τῶν
2796 1196 2921 1251 κατ’
2950 1198 3136 1264 αὐτὸν,
3192 1200 3309 1254 ἀλλ’
3358 1203 3423 1255 ὲκ
3468 1202 3579 1256 τῶν
3610 1203 3745 1273 περὶ

2159 1288 2359 1341 αὐτόν·
2391 1287 2518 1341 οὔτε
2568 1288 2713 1356 ὑπὲρ
2737 1289 2909 1343 ταῦτα
2939 1291 3038 1357 τῆς
3081 1293 3354 1364 θεότητος,
3411 1298 3564 1363 φησί,
3619 1314 3747 1367 χεο-

2162 1379 2352 1448 μένης,
2384 1378 2472 1433 ἴνα
2503 1378 2580 1447 μὴ
2612 1380 2787 1451 δῆμον
2820 1381 2959 1436 θεῶν
2991 1385 3401 1456 εἰσαγάγωμεν,
3434 1386 3556 1441 οὔτε
3587 1390 3745 1453 ἐντὸς

2158 1470 2361 1524 τούτων
2388 1472 2735 1543 ὁριζομένης,
2788 1474 2879 1528 ἵνα
2939 1477 3015 1546 μὴ
3049 1477 3241 1531 πενίαν
3291 1478 3546 1549 θεότητος
3577 1498 3752 1535 κατα-

2159 1561 2462 1632 κριθῶμεν,
2515 1563 2548 1633 ἢ
2586 1562 2675 1616 διὰ
2708 1565 2807 1635 τὴν
2851 1566 3151 1636 μοναρχίαν
3205 1567 3750 1640 ίουδαῖζοντες,ῆδιά

2159 1653 2258 1725 τὴν
2286 1653 2553 1721 ἀφθονίαν
2584 1655 2983 1725 ἑλληνίζοντες.
3011 1660 3182 1714 Ὅταν
3222 1660 3294 1714 τὰ
3318 1663 3444 1732 περὶ
3471 1662 3621 1726 θείας
3648 1664 3749 1733 δη-

2163 1745 2453 1816 μιουργίας
2478 1763 2538 1801 τι
2568 1749 2661 1801 καὶ
2691 1750 2951 1819 προνοίας
2974 1751 3156 1805 αὐτῶν
3181 1751 3442 1819 ἐξετάζω,
3484 1755 3752 1825 μανθάνω

462 1840 613 1895 libus
637 1832 959 1896 sentientes.
982 1840 1211 1908 Quando
1235 1858 1359 1912 quas
1380 1842 1449 1896 de
1472 1841 1659 1896 divina
1684 1842 2056 1897 fabricatione

2161 1837 2391 1898 κτίσεως
2419 1840 2515 1893 καὶ
2540 1840 2686 1902 θείας
2706 1840 2993 1912 δυνάμεως
3037 1842 3251 1912 λόγους,
3285 1847 3379 1897 καὶ
3409 1845 3743 1917 τὴᾉγνῶσιν

461 1949 529 1988 ac
557 1935 903 2004 providentia
929 1937 1274 2004 scripserunt
1301 1936 1562 1991 evolvens
1591 1935 1848 2000 discutio,
1889 1943 2028 1990 natu

463 2042 542 2079 ra:
567 2035 625 2081 et
668 2012 870 2081 divinat
905 2028 1168 2097 potentia:
1196 2029 1442 2083 rationes
1487 2027 1890 2088 animadverto.
1928 2041 2058 2098 pro-

465 2117 874 2188 ductarumque
932 2118 1117 2174 rerum
1178 2120 1555 2191 cognitionem
1624 2119 1931 2189 adipiscor,
2000 2127 2059 2175 et

461 2209 627 2264 video
658 2210 711 2264 id
755 2210 902 2280 quod
935 2212 1162 2282 proprie
1199 2222 1305 2277 est,
1345 2221 1504 2285 extra
1542 2210 1731 2266 omnia
1788 2219 1846 2266 et
1889 2225 2057 2281 super

462 2301 649 2355 omnia
692 2317 847 2368 esse;
890 2312 949 2357 et
997 2318 1109 2372 quo
1152 2314 1335 2371 pacto,
1371 2317 1494 2373 qua:
1535 2301 1858 2372 neutiquam
1904 2307 2056 2364 Sunt,

465 2391 688 2451 condat.
722 2401 780 2446 et
808 2401 870 2447 ut
900 2392 1013 2447 sint
1042 2391 1267 2458 eﬂiciat,
1303 2402 1642 2462 naturasque
1671 2403 1723 2448 et
1767 2392 2059 2447 facultates

464 2492 743 2550 procreet,
788 2491 847 2536 et
884 2482 1233 2548 etlicientias,
1273 2491 1331 2537 et
1368 2484 1764 2553 proprietates,
1806 2493 1865 2538 et
1907 2497 2053 2539 com.

471 2576 793 2639 munitales,
827 2587 882 2630 et
908 2575 1249 2645 discrimina,
1290 2588 1345 2633 et
1375 2579 1631 2646 uniones,
1653 2590 1712 2635 et
1741 2578 1983 2644 habitus,
2001 2588 2060 2633 et

472 2665 831 2732 privationes,
860 2675 916 2721 ct
950 2668 1238 2732 motiones,
1270 2676 1326 2724 et
1370 2658 1723 2735 mutationes,
1764 2678 1820 2726 et
1856 2670 2061 2725 altera-

468 2754 653 2809 tiones
697 2755 995 2826 unicuique
1048 2767 1421 2829 congruenter
1443 2759 1559 2824 det,
1592 2761 1733 2815 sicut
1775 2760 1892 2831 ipse
1924 2759 2060 2816 dare

468 2846 645 2909 novit,
673 2856 730 2901 et
751 2848 995 2904 rationes
1018 2851 1273 2920 pr0prias
1303 2852 1549 2922 impertit
1575 2853 1828 2923 singulis,
1856 2853 2062 2923 quibus

468 2957 561 2995 res
607 2954 826 2998 nostras
894 2947 1033 2999 miro
1084 2947 1249 3001 modo
1286 2958 1342 3003 et
1390 2963 1555 3018 supra
1601 2964 1767 3019 quam
1816 2949 1923 3004 diei
1967 2957 2063 3005 aut

470 3034 698 3104 cogitari
749 3048 941 3105 queat,
988 3039 1309 3094 moderatur
1350 3056 1366 3095 :
1415 3055 1648 3110 quaeque
1690 3051 1957 3111 apparent
2004 3042 2060 3097 in

466 3125 802 3194 quibusdam
833 3127 1234 3198 inaequalitates
1262 3139 1320 3183 et
1341 3129 1701 3198 imparitates,
1738 3132 1860 3201 plus
1893 3148 2059 3202 quam

466 3219 723 3282 :eualia,
760 3228 817 3274 et
860 3220 1026 3274 nimis
1093 3220 1161 3275 ad
1207 3223 1471 3277 amussim
1504 3222 1713 3277 directa
1762 3224 2058 3295 perspicio.

469 3308 702 3375 Quando
749 3310 819 3365 de
876 3311 1099 3365 sublimi
1155 3313 1470 3368 sacerdotio
1528 3314 1806 3383 exquisite
1859 3315 1930 3370 ab
1972 3309 2063 3371 eis

464 3402 784 3469 conscripta
808 3402 996 3465 audio.
1018 3403 1119 3458 Dei
1144 3419 1307 3459 voces
1333 3405 1399 3460 de
1424 3407 1565 3462 eicio
1590 3408 1842 3478 delapsas
1868 3408 2062 3463 audire

471 3507 561 3545 me
592 3493 860 3558 arbitror,
892 3502 947 3549 et
985 3510 1016 3549 a
1052 3504 1198 3551 terra
1240 3499 1590 3569 terrenisque
1638 3500 1863 3565 recedo;
1894 3515 2062 3570 ange-

468 3584 768 3655 lorumque
821 3585 1027 3656 linguis
1078 3595 1197 3641 tum
1245 3590 1485 3658 primum
1546 3589 1734 3645 divina
1804 3594 2062 3663 mysteria

470 3677 649 3742 disco,
697 3679 890 3748 quales
931 3680 1178 3750 ipsorum
1215 3691 1368 3749 sunt,
1419 3682 1574 3738 humi
1628 3682 2063 3751 ambulantibus;

473 3771 817 3840 materiaque
837 3773 1224 3828 constantibus
1247 3774 1367 3829 sine
1400 3789 1635 3845 corpore
1663 3779 2060 3848 propemodum

468 3861 791 3932 loquentes;
842 3863 1265 3936 celestiumque
1332 3867 1717 3938 mysteriorum
1774 3859 2061 3926 revelatio-

469 3971 621 4021 nem,
649 3965 704 4010 et
734 3956 938 4010 bonum
963 3957 1213 4012 ordinem
1244 3958 1564 4014 hominibus
1588 3962 1967 4029 praescriptum
1998 3978 2063 4018 ac

470 4046 804 4116 patefactum
854 4061 1070 4102 cerno:
1111 4056 1168 4103 et
1218 4050 1534 4119 prophetas,
1575 4054 1941 4122 evangelistas
2005 4064 2062 4109 et

466 4139 769 4209 apostolos,
801 4148 858 4194 et
880 4139 1123 4195 Priscam
1144 4155 1211 4195 ac
1234 4139 1440 4196 Novam
1472 4140 1811 4213 Scripturam
1844 4146 2064 4201 univer-

471 4246 586 4285 sam
639 4231 803 4286 simul
857 4230 1174 4294 docentem,
1228 4247 1340 4302 quo
1388 4242 1570 4303 pacto,
1621 4243 1678 4290 et
1728 4236 1953 4306 quando
1991 4236 2060 4292 ad

469 4324 814 4378 inaccessum
839 4322 1123 4388 accedere,
1150 4323 1371 4393 quando
1396 4339 1454 4380 se
1483 4326 1813 4390 subducere,
1839 4330 2061 4397 quando

465 4415 537 4470 ad
562 4423 941 4470 accersentem
978 4415 1132 4470 adire
1177 4428 1466 4487 oporteat:
1500 4419 1660 4485 illud,
1703 4420 1903 4492 inquit,
1932 4436 2060 4491 pro-

468 4520 593 4581 pter
625 4511 1002 4566 intirmitatem
1037 4511 1351 4581 propriam,
1399 4512 1501 4567 hoc
1535 4523 1763 4583 pr0pter
1812 4513 2059 4568 vocantis
2094 4543 2134 4596 ο

468 4602 797 4670 potentiam.
829 4601 895 4656 Et
918 4604 1194 4672 quomodo
1218 4605 1526 4674 speciosum
1564 4604 1824 4660 Ecclesia:
1853 4603 2060 4660 Christi

465 4708 676 4763 corpus
720 4694 872 4748 varie
944 4694 1238 4766 regendum
1294 4706 1348 4751 et
1400 4695 1747 4751 tractandum
1795 4698 1889 4761 sit,
1944 4711 2070 4766 spc-

467 4789 632 4841 ctatis
681 4787 1052 4856 temporibus,
1114 4804 1324 4855 rerum,
1380 4789 1733 4843 voluntatum
1800 4802 2067 4857 persona-

468 4894 711 4949 rumque
741 4879 1181 4948 discriminibus,
1213 4882 1464 4938 moribus
1494 4891 1551 4936 et
1583 4881 1893 4946 sententiis,
1930 4879 2068 4935 edu-

465 4971 710 5036 catione,
746 4973 1166 5036 exercitatione,
1210 4963 1559 5028 institutione
1601 4970 1971 5027 communiter
2001 4979 2058 5024 et

432 5063 775 5141 Vsigillatitn,
815 5079 1107 5119 commune
1143 5064 1389 5119 omnium
1436 5074 1603 5133 caput
1643 5061 1927 5119 Christum
1970 5062 2057 5117 in-

468 5159 711 5222 tuendo,
780 5158 1023 5229 indeque
1089 5173 1320 5228 operum
1386 5168 1700 5213 nostrorum
1782 5156 2055 5212 calculuut

468 5251 862 5321 exsliectando.
892 5251 957 5305 Et
982 5248 1448 5320 quemadmodum
1473 5265 1598 5305 cum
1625 5250 1737 5304 Deo
1759 5250 2057 5321 exploran-

464 5344 525 5398 di
575 5360 640 5399 ac
670 5343 941 5413 probandi
975 5343 1108 5413 sint,
1150 5341 1245 5412 qui
1289 5342 1358 5396 ab
1383 5358 1449 5398 eo
1494 5342 1563 5397 ad
1611 5343 1729 5398 haec
1762 5353 2055 5409 vocantur,

469 5449 575 5489 nec
596 5434 857 5503 tempori,
895 5448 997 5489 nec
1029 5433 1315 5504 potentiae,
1341 5450 1442 5492 nec
1467 5432 1721 5492 amicitiae
1748 5437 2063 5506 gratiﬁcan-

466 5527 571 5592 do;
620 5539 689 5579 ne
744 5540 852 5578 non
904 5526 1043 5581 bene
1095 5527 1466 5599 negligantur,
1516 5528 1612 5599 qui
1673 5538 1903 5600 propter
1949 5530 2061 5601 jam

467 5615 612 5672 dicta
640 5616 787 5685 digni
807 5626 935 5671 sunt
959 5634 972 5681 ;
995 5629 1207 5685 contra,
1228 5618 1366 5675 male
1383 5619 1822 5691 deligantur,qui
1846 5634 2069 5692 propter

2158 1927 2401 1997 εὑρίσκω
2427 1929 2538 1983 τῶν
2589 1930 2778 1996 ὄντων,
2812 1935 2908 1989 καὶ
2937 1933 3261 2005 διδάσκομαι
3294 1938 3356 1989 τι
3403 1938 3612 2007 κυρίως
3660 1937 3749 2025 ὗε,

2157 2020 2267 2085 ἔξω
2291 2023 2404 2075 τῶν
2435 2022 2605 2078 όντων
2625 2022 2686 2076 ὃν
2710 2024 2950 2089 πάντων,
2981 2026 3056 2089 ὡς
3086 2026 3228 2097 ὑπὲρ
3265 2026 3461 2094 πάντα,
3496 2035 3590 2081 καὶ
3625 2020 3748 2093 πῶξ

2158 2118 2227 2169 τά
2251 2113 2518 2185 μηδαμῶς
2545 2114 2673 2168 ὄντα
2705 2116 2968 2186 παράγει,
3014 2118 3110 2171 καὶ
3142 2117 3275 2172 ὅντα
3314 2122 3478 2183 ποιεί,
3513 2122 3605 2173 καὶ
3633 2120 3744 2189 φῦ-

2161 2222 2299 2271 σεις,
2334 2208 2430 2262 καὶ
2463 2205 2725 2277 δυνάμεις
2754 2207 2955 2275 κτίζει,
2994 2209 3090 2263 καὶ
3135 2210 3440 2280 ἐνεργείας,
3473 2215 3567 2267 καὶ
3613 2212 3751 2266 ιδιόο

2159 2314 2351 2369 τητας,
2402 2298 2499 2351 καὶ
2528 2299 2866 2369 κοινότητας,
2917 2305 3013 2354 καὶ
3037 2301 3324 2372 διαφορὰς,
3373 2307 3466 2357 καὶ
3495 2302 3751 2368 ὲνώσεις,

2160 2390 2254 2443 καὶ
2273 2389 2418 2457 ἕξεις
2454 2407 2537 2454 τε,
2571 2390 2667 2445 καὶ
2693 2374 3019 2463 στερήσεις”,
3053 2394 3148 2446 καὶ
3195 2394 3461 2463 κινήσεις,
3501 2395 3593 2449 καὶ
3620 2411 3752 2464 τροο

2162 2481 2289 2546 πάς,
2323 2483 2417 2537 καὶ
2445 2481 2761 2545 ἀλλοιώσεις
2789 2483 3008 2556 ἑκάστῳ
3054 2484 3242 2539 δίδωσι
3277 2486 3752 2557 καταλλήλως,ὡς

2161 2573 2368 2637 ἐκεῖνος
2396 2573 2563 2640 ἐξοιδε
2614 2574 2809 2645 μόνος⁸
2858 2576 2954 2629 καὶ
3007 2575 3201 2643 λόγους
3225 2577 3471 2649 ἐντίθησι
3512 2578 3638 2641 τοὺς
3665 2578 3748 2630 οὶ-

2162 2667 2342 2746 κείους
2376 2668 2653 2732 ἑκάστοις,
2677 2661 2759 2732 οἷς
2805 2667 2876 2721 τὰ
2904 2669 3151 2739 ἡμέτερα
3188 2669 3393 2733 καινῶς
3432 2667 3621 2733 ἰθύνει,
3651 2669 3748 2723 καὶ

2163 2759 2304 2831 ὑπὲρ
2329 2759 2522 2828 λόγον’
2569 2759 2790 2823 καὶτὰς
2838 2759 2896 2814 ἓν
2948 2777 3060 2814 τισι
3113 2760 3378 2824 δοκούσας
3432 2759 3748 2832 ἀνωμαλίας

2161 2852 2256 2906 καὶ
2279 2852 2604 2922 ἀνισότητας
2634 2852 2775 2922 ὑπὲρ
2813 2850 2913 2923 τὴν
2945 2853 3168 2921 ἰσότητα
3202 2855 3468 2917 κατανοῶ,
3500 2855 3593 2906 καί⁵
3638 2850 3742 2923 τὴν

2163 2945 2428 3016 στάθμην.
2463 2946 2631 2998 Ὅταν
2658 2944 2728 3000 τὰ.
2754 2947 2881 3015 περὶ
2909 2944 3008 3014 τῆς
3035 2944 3245 3015 ὑψηλῆς
3270 2944 3571 3015 ἱερωσύνης
3603 2944 3747 3016 ὑψη-

2162 3037 2267 3101 λῶς
2291 3037 2421 3107 παρ’
2446 3036 2670 3090 ἐκείνων
2715 3035 2918 3101 ἀκούω,
2942 3034 3080 3089 Θεοῦ
3111 3038 3314 3106 φωναῖς
3338 3036 3624 3105 οὐρανόθεν
3645 3052 3745 3106 φι-

2164 3130 2425 3202 ρομέναις
2447 3129 2799 3199 ἐντυγχάνειν
2834 3127 3065 3197 νομίζω,
3091 3128 3188 3181 καὶ
3213 3130 3317 3198 γῆς
3345 3128 3743 3197 ἀπανίσταμαι.

2167 3223 2261 3274 καὶ
2288 3221 2399 3274 τῶν
2427 3221 2741 3293 περιγείων,
2772 3222 2868 3274 καὶ
2901 3220 3173 3289 γλώσσαις
3204 3222 3453 3289 ἀγγέλων
3478 3219 3610 3274 Θεοῦ
3641 3238 3749 3291 μυ-

2167 3314 2366 3385 στήρια
2396 3314 2517 3367 τότε
2562 3314 2796 3385 πρώτως
2849 3312 3128 3384 μανθάνω,
3192 3312 3395 3375 αἵτινές
3437 3314 3566 3366 ποτέ
3609 3313 3749 3365 εἰσιν

2164 3408 2349 3470 αὐταὶ,
2379 3406 2471 3459 καὶ
2507 3404 2626 3465 πῶς
2652 3408 2766 3469 τοῖς
2812 3403 2963 3458 κάτω
2991 3403 3085 3457 καὶ
3116 3403 3319 3466 ὑλικοίς
3357 3401 3534 3464 ἀΰλως
3561 3401 3751 3456 λαλοῦ-

2167 3517 2279 3564 σαι,
2313 3498 2587 3569 οὐρανίων
2614 3514 2674 3549 τε
2711 3496 3029 3567 μυστηρίων
3067 3496 3412 3565 ἀποκάλυψιν
3447 3480 3555 3549 καί
3586 3494 3747 3549 sum.

2166 3591 2286 3658 ξίαν
2320 3591 2503 3662 βλέπω
2537 3589 3071 3658 ἀποκαλυπτομένην
3104 3585 3416 3659 ἀνθρώποις
3436 3600 3455 3619 ³
3487 3587 3579 3641 καὶ
3608 3602 3747 3657 προ·

2165 3687 2363 3756 φήτας,
2396 3684 2493 3736 καὶ
2524 3680 2926 3750 εὐαγγελιστάς
2949 3719 2966 3745 ,
2998 3681 3094 3734 καὶ
3122 3679 3479 3745 ἀποστόλους,
3520 3679 3615 3733 καὶ
3642 3681 3752 3733 πὸ-

2166 3795 2267 3832 σαν
2327 3774 2464 3846 ἐμοῦ
2513 3774 2615 3846 τὴν
2652 3775 2896 3829 Παλαιὰν
2945 3773 3042 3827 καὶ
3078 3773 3176 3843 τὴν
3214 3772 3361 3826 Νέαν
3405 3772 3750 3826 ἐκδιδάσκου-

2167 3885 2287 3934 σαν,
2309 3869 2424 3932 πῶς
2439 3869 2519 3921 δεῖ
2544 3867 2639 3921 καὶ
2663 3867 2793 3921 πότε
2819 3864 3205 3936 προσεγγίζειν
3222 3865 3302 3935 τῷ
3316 3864 3617 3935 ἀπροσίτῳ,
3648 3866 3747 3920 καὶ

2164 3959 2369 4027 πηνίκα
2396 3958 2496 4028 μὲν
2527 3959 2852 4028 ὑποχωρεῖν,
2891 3956 3097 4027 πηνίκα
3121 3956 3179 4009 δι
3216 3957 3500 4026 προσιέναι
3523 3954 3750 4009 καλοῦν-

2163 4065 2248 4102 τιο
2285 4050 2344 4102 τὸ
2377 4048 2500 4119 μὲν,
2537 4050 2695 4118 φησὶ,
2726 4047 2816 4102 διὰ
2843 4048 2944 4119 τὴν
2979 4047 3190 4102 οἰκείαν
3235 4047 3547 4112 ἀσθένειαν,
3584 4047 3644 4099 τὸ
3687 4046 3749 4101 δὲ

2162 4141 2249 4194 διὰ
2282 4140 2380 4211 τὴν
2414 4139 2510 4193 τοῦ
2559 4138 2855 4203 καλοῦντος
2887 4138 3141 4209 δύναμιν.
3193 4139 3302 4193 Καὶ
3343 4138 3461 4202 πῶς
3488 4140 3550 4192 τὸ
3582 4139 3748 4192 καλὸν

2165 4231 2325 4300 σῶμα
2346 4227 2607 4299 Χριστοῦ,
2635 4226 2703 4299 τὴ
2719 4251 2735 4278 ι
2772 4228 3121 4296 Ἐκκλησίαν,
3141 4229 3398 4293 ποικίλως
3423 4230 3751 4299 οἰκονομεῖν,

2163 4325 2258 4377 καὶ
2287 4322 2714 4394 μεταχειρίζειν,
2777 4323 3005 4395 καιροὺς
3036 4321 3454 4392 ἐπιτηροῦντας,
3491 4322 3583 4374 καὶ
3636 4320 3755 4374 δια-

2163 4415 2335 4484 φορὰς
2357 4413 2724 4483 πραγμάτων,
2745 4414 2837 4466 καὶ
2861 4413 3257 4484 προαιρέσεων,
3286 4413 3382 4465 καὶ
3414 4412 3753 4484 προσώπων,

2163 4508 2257 4559 καὶ
2294 4505 2462 4576 ἠθῶν,
2500 4506 2593 4560 καὶ
2619 4505 2877 4576 γνωμῶν,
2908 4506 3002 4558 καὶ
3042 4505 3291 4573 ἀγωγῆς,
3321 4507 3415 4560 καὶ
3436 4507 3751 4576 ἀσκήσεως,

2163 4599 2257 4651 καὶ
2286 4598 2555 4661 παιδείας,
2585 4598 2694 4651 τῶν
2738 4615 2798 4650 τε
2830 4600 2980 4669 κοινῇ
3019 4615 3187 4668 φημι,
3220 4600 3313 4651 καὶ
3344 4598 3466 4651 καθ’
3494 4599 3749 4664 ἕκαστον,

2164 4691 2244 4752 εἰς
2268 4688 2365 4760 τὴν
2407 4690 2597 4757 κοινὴν
2624 4689 2869 4761 κεφαλὴν
2900 4692 3118 4744 πάντων
3147 4691 3382 4761 Χριστὸν
3404 4691 3753 4762 ἀφορῶντας,

2165 4785 2423 4839 κάκεῖθεν
2455 4785 2566 4838 τῶν
2597 4785 2728 4856 παρ’
2760 4785 2918 4857 ήμῶν
2952 4787 3339 4857 πραττομένων
3367 4786 3756 4858 ἐκδεχομένους

2163 4880 2262 4941 τὰς
2322 4877 2575 4947 ψήφουςο
2610 4877 2728 4943 πῶς
2775 4895 2835 4930 τε
2888 4877 3032 4947 μετὰ
3080 4876 3217 4932 Θεοῦ
3265 4878 3580 4949 δοκιμάζειν
3625 4879 3757 4944 τοὺς

2166 4969 2319 5040 παρά
2346 4970 2482 5023 Θεοῦ
2515 4969 2891 5041 καλουμένους
2925 4971 3062 5041 πρὸς
3110 4971 3304 5036 ταῦτα,
3358 4975 3494 5041 μήτε
3539 4974 3757 5042 καιροῖς

2165 5066 2261 5119 καὶ
2288 5062 2632 5126 δυναστείαις
2677 5064 2775 5116 καὶ
2806 5062 3013 5132 φιλίαις
3052 5064 3444 5135 χαριζομένους
3465 5081 3480 5097 ·
3516 5064 3591 5129 ὡς
3619 5082 3757 5118 κατ-

2163 5156 2447 5228 ολιγωρείν
2511 5156 2611 5227 μὲν
2659 5157 2720 5208 οὐ
2750 5155 2929 5220 καλῶς
2957 5157 3064 5210 τῶν
3097 5158 3264 5221 ἀξίων
3296 5156 3385 5211 διά
3411 5159 3479 5212 τά
3508 5158 3756 5228 προρρη-

2163 5247 2323 5301 θέντα
2344 5264 2357 5278 ⁸
2409 5250 2686 5318 ἐγκρίνειν
2713 5248 2771 5301 δὲ
2802 5250 2990 5313 κακῶς
3022 5250 3114 5303 διὰ
3169 5251 3448 5322 ῥαθυμίαν
3495 5252 3621 5314 τοῦς
3659 5254 3754 5304 ἀν-

2157 5342 2366 5407 αξξουε,
2397 5342 2470 5404 ὡς
2495 5343 2562 5396 ἂν
2584 5341 2933 5411 ἑκατέρωθεν
2985 5342 3345 5414 ὲκπίπτωμεν
3373 5344 3625 5414 αἴσχιστα
3653 5341 3747 5398 τοῦ

2162 5434 2331 5490 καλοῦ
2396 5437 2491 5489 καὶ
2545 5434 2646 5505 τῆς
2677 5435 2989 5504 ἀκριϐείας,
3019 5435 3142 5487 τότε
3174 5436 3336 5490 καλὸν
3368 5437 3744 5504 ἀτιμάζοντες.

2159 5530 2223 5583 τό
2257 5546 2315 5581 τε
2351 5528 2519 5581 κακὸν
2563 5526 2918 5596 ἐκλεγόμενοι
2943 5567 2960 5593 ,
3016 5527 3114 5581 καὶ
3148 5526 3307 5591 δίκας
3359 5527 3743 5599 ἀμφοτέρωθεν

2165 5620 2420 5690 ὄφλοντες
2444 5618 2520 5690 τῷ
2552 5617 2870 5681 ἀδεκάστως
2902 5617 3041 5671 αὐτά
3072 5617 3193 5669 τότε
3223 5616 3481 5687 κρίνοντι.

470 5707 745 5775 ignaviam
781 5707 988 5780 indigni
1024 5721 1190 5778 sunt;
1222 5722 1284 5768 ut
1320 5713 1393 5767 ita
1422 5713 1682 5785 utrinque
1711 5713 1782 5769 ab
1815 5728 1882 5769 eo
1911 5713 2058 5783 quod
2099 5698 2307 5769 bonum
2347 5720 2404 5769 et
2466 5698 2786 5781 perfectum
2837 5717 2942 5773 est,
3007 5708 3329 5779 turpissime
3378 5704 3745 5765 deﬂectamus,

464 5802 729 5854 nimirum
799 5798 999 5859 bomtm
1053 5805 1229 5877 ipsum
1282 5817 1674 5877 aspernantes,
1732 5818 1789 5863 et
1848 5808 2051 5861 malum
2108 5808 2466 5870 ascisccntes,
2530 5816 2587 5863 et
2671 5807 2991 5878 incorrupto
3045 5803 3220 5876 iudici
3278 5819 3467 5875 ρωπίας
3518 5801 3641 5856 hinc
3690 5814 3746 5872 ει

465 5891 593 5951 inde
628 5895 695 5950 dc
705 5894 920 5952 bentes.
