4036 6448
286 355 392 422 8L5

1297 346 1304 352 '
1344 361 1734 422 LAUD.\TIO
1776 361 2034 425 TRIUM
2083 361 2524 423 oocroauu.

3451 362 3559 429 i06

359 465 665 534 Παρθενίας
725 482 787 534 γε
843 465 948 536 μὴν
1001 465 1100 537 τῆς
1147 466 1489 537 ὑψηλοτάτης
1541 469 1722 530 ἕνεκα,
1781 472 1875 522 καὶ

2033 452 2164 521 ’.Ιθιιι
2204 469 2351 536 quod
2385 469 2450 522 ad
2490 467 2855 537 virginitatem
2893 469 3273 532 celsissimam,
3305 481 3359 527 et
3395 489 3556 544 regn-

283 558 545 621 κανόνων,
598 560 692 612 καὶ
719 557 903 611 τύπων
938 559 1226 628 μοναδικοῦ
1265 563 1356 614 καὶ
1387 561 1679 628 ἀγγελεκοῦ
1731 561 1869 631 βίου,

289 651 384 702 καὶ
417 647 510 700 τοῦ
560 644 678 700 κατ’
731 650 893 702 αὑτὸν
929 651 1246 719 ἐσχηκότος,
1303 651 1356 703 τί
1386 652 1493 721 χρὴ
1530 655 1622 706 καὶ
1649 652 1870 719 λέγεινς

283 745 419 794 ὅπου
466 759 528 809 γε
565 743 638 812 μὴ
678 743 837 812 μόνον
877 743 1117 814 ἀσκηταὶ
1150 745 1355 797 τούτων
1390 746 1680 813 γεγόνασιν
1718 752 1876 816 ἀκρι-

285 829 560 894 ϐέστατοι,
598 830 716 898 μετ’
756 830 1042 884 Ἀντωνίου
1075 850 1134 886 τε
1165 835 1261 885 καὶ
1300 834 1502 903 Ἀμὼν,
1529 837 1624 888 καὶ
1658 835 1872 888 Παύλου

287 923 394 973 τῶν
439 921 532 974 τοῦ
569 922 732 992 χοροῦ
784 925 1140 994 κορυφαίων,
1193 926 1335 996 ὑπὲρ
1377 926 1733 979 οὑστινασοῦν
1783 928 1875 981 ἄλο

289 1015 434 1076 λους,
465 1013 602 1067 ἀλλὰ
643 1018 736 1069 καὶ
767 1017 1074 1084 νομοθέται,
1109 1019 1207 1071 καὶ
1229 1019 1415 1088 ὁδηγοὶ
1438 1022 1533 1074 καὶ
1566 1019 1874 1072 διδάσκαλοι

287 1102 688 1172 χρηματίζουσι
743 1105 948 1159 τούτων
995 1109 1110 1170 τοῖς
1152 1107 1369 1170 άλλοιςο
1419 1109 1494 1172 ὡς
1553 1108 1660 1160 τῶν
1696 1109 1876 1162 αὐτῶν

287 1189 424 1246 εἶναι
453 1193 638 1264 σχεδὸν
674 1195 852 1264 μόνων
899 1199 995 1252 καὶ
1029 1197 1091 1250 τὸ
1139 1197 1404 1267 ’πράττειν
1453 1197 1621 1262 ἀξίως
1644 1237 1659 1262 ,
1692 1200 1786 1252 καὶ
1814 1197 1876 1249 τὸ

287 1286 487 1354 λέγειν,
518 1287 612 1340 καὶ⁹
643 1288 876 1358 γράφειν
907 1289 1002 1342 καὶ
1031 1288 1394 1360 καθηγεῖσθαι
1422 1294 1537 1354 τοῖς
1579 1290 1761 1354 ἄλλοις
1807 1289 1876 1342 τά

288 1395 352 1446 γε
399 1377 645 1434 τοιαῦτα.
686 1380 780 1440 Τίς
831 1379 975 1434 οὕτω
1021 1383 1116 1434 καὶ
1174 1382 1322 1451 πάθη
1370 1381 1553 1452 ψυχῆς
1595 1381 1731 1452 ὁμοῦ
1779 1381 1876 1434 καὶ

289 1472 492 1541 σαρκὸς
514 1471 762 1542 ἐξήτασε,
799 1475 892 1528 καὶ
936 1474 1036 1544 τὴν
1067 1475 1203 1544 πρὸς
1229 1476 1287 1528 τὸ
1323 1475 1458 1546 θῆλυ
1517 1475 1611 1528 τοῦ
1648 1474 1877 1545 ἄρρενος

292 1565 530 1634 φυσικὴν
561 1567 740 1635 ὁρμήν
787 1582 844 1618 τε
876 1568 970 1621 καὶ
1002 1568 1208 1636 σχέσιν,
1248 1569 1340 1621 καὶ
1392 1567 1762 1636 συμπάθειαν,
1800 1565 1876 1628 ὡς

291 1659 492 1721 εἰπεῖν,
525 1658 620 1710 καὶ
655 1657 775 1709 τίνα
815 1658 912 1727 μὲν
944 1658 1012 1711 τά
1037 1658 1135 1727 τῆς
1165 1659 1402 1726 φύσεως,
1436 1659 1560 1712 τίνα
1595 1658 1651 1710 δὲ
1681 1661 1748 1709 τὰ
1775 1657 1876 1725 τῆς

291 1749 685 1818 προαιρέσεως,
726 1751 821 1803 καθ⁵
866 1750 965 1820 τῆς
1014 1750 1322 1821 συνηθείας,
1361 1752 1456 1805 καὶ
1510 1750 1574 1821 δὴ
1637 1751 1734 1804 καὶ
1777 1749 1874 1819 τῆς

292 1842 560 1912 κακίστης
622 1847 712 1894 καὶ
770 1843 1148 1913 πονηροτάτης
1207 1844 1372 1910 ἕξεως
1427 1841 1872 1906 δυσαπάλλακτα,

293 1934 386 1986 καὶ
418 1932 696 2000 βιαιότατα
733 1933 899 2005 πάθη,
928 1936 1023 1987 καὶ
1054 1934 1198 1998 τίνες
1234 1933 1334 2004 μὲν
1356 1936 1412 1986 αἱ
1447 1933 1638 2004 ἀρχαὶ,
1675 1934 1768 1986 καὶ
1797 1933 1880 1987 αἰ-

295 2024 430 2087 τίαι,
476 2025 618 2088 τίνες
664 2025 788 2079 δἀί
851 2025 1159 2098 αὑξητικαὶὲ
1203 2027 1298 2080 καὶ
1346 2025 1639 2096 θρεπτικαί
1673 2024 1878 2078 τούτων

299 2114 441 2179 ῦλαι,
475 2119 596 2169 τίνα
651 2115 698 2170 δ’
755 2117 913 2181 αὖθις
943 2119 1011 2172 τά
1061 2121 1126 2189 τῇ
1168 2120 1310 2190 ῥοπῇ
1347 2121 1443 2173 καὶ
1486 2120 1552 2190 τῇ
1587 2117 1880 2187 συμμαχίᾳ

294 2208 390 2262 τοῦ
421 2211 726 2280 κρείττονος
778 2211 1148 2282 καθαιροῦντα
1181 2211 1352 2265 ταῦτα
1373 2211 1467 2265 καὶ
1511 2210 1872 2280 ἀφανίζοντα,

290 2304 385 2357 καὶ
412 2304 510 2375 τὴν
539 2307 597 2358 ἐν
628 2305 896 2374 παρθενίᾳ
924 2305 1100 2376 άληθῆ
1133 2305 1399 2378 ἀφθορίαν
1440 2303 1880 2366 κατασκευάζον-

291 2410 398 2457 τας
451 2394 576 2464 ἥτις
620 2412 683 2463 γε
729 2398 764 2466 ἡ
800 2395 901 2466 τῆς
969 2387 1151 2466 ψῒθχῆς
1199 2395 1410 2465 ἀληθὴς
1460 2393 1724 2465 παρθενία
1785 2391 1879 2444 καὶ

297 2489 618 2560 καθαρότης,
643 2491 676 2558 ή
711 2492 892 2544 πᾶσαν
931 2492 1052 2559 μεθ’
1080 2492 1280 2561 ἑαυτῆς
1318 2489 1521 2559 ἔχουσα
1555 2486 1757 2558 δηλαδὴ
1779 2487 1879 2557 τὴν

282 2584 436 2636 ’κατά
459 2583 656 2653 πρᾶξιν
679 2583 797 2653 ἅμα
842 2584 935 2636 καὶ
966 2583 1203 2654 θεωρίαν
1232 2581 1453 2653 ἀρετὴν,
1487 2581 1581 2633 καὶ
1609 2580 1744 2649 πρὸς
1778 2581 1878 2650 τὴν

287 2677 658 2745 εὐαγγελικὴν
686 2677 1002 2746 τελειότητα
1052 2676 1298 2744 φέρουσα
1341 2673 1432 2726 τὸν
1476 2673 1791 2737 σπουδαῖον,
1839 2673 1874 2744 ἡ

291 2769 584 2838 ἀγγελικὴ,
609 2771 774 2839 φημὶ,
821 2771 916 2823 καὶ
955 2769 1217 2840 μοναδικὴ
1243 2766 1512 2835 πολιτεία,
1542 2767 1638 2820 καὶ
1667 2766 1880 2836 παρθε-

289 2863 405 2926 νία,
447 2862 540 2915 καὶ
570 2861 826 2930 θεουργὸς
861 2861 1036 2926 τάξις.

379 2950 520 3005 Ἀλλ’
538 2943 684 3004 οὗτοι
712 2967 776 3019 γε
823 2953 961 3021 πρὸς
1001 2953 1113 3014 τοῖς
1143 2953 1457 3023 εἰρημένοις
1503 2953 1624 3007 οὐδὲ
1669 2954 1738 3009 τὰ
1770 2955 1880 3008 τῶν

292 3045 541 3113 νομίμων
564 3043 780 3114 γάμων,
811 3043 930 3096 οὐδὲ
955 3044 1025 3095 τὰ
1047 3045 1146 3112 τῆς
1179 3045 1406 3115 χηρείας
1435 3045 1673 3100 ἐνταῦθα
1703 3047 1881 3118 παρῆ-

294 3152 431 3188 καν·
464 3135 599 3188 ἀλλά
639 3135 867 3188 κάκεῖνα
910 3135 1153 3206 συνῆψαν
1202 3139 1316 3199 τοῖς
1357 3137 1690 3208 εἰρημένοις,
1721 3139 1780 3191 τὸ
1821 3141 1878 3190 ἐν

1976 560 2056 615 las
2104 577 2168 615 ac
2217 562 2642 630 descriptionem
2691 565 3008 618 monasticae
3065 566 3436 636 angelicwque
3504 577 3562 622 et

1975 671 2161 709 secum
2215 657 2514 711 habitantis
2560 659 2686 711 vitae
2737 659 2967 725 attinet,
3016 660 3145 728 quid
3194 676 3294 731 ego
3346 661 3562 715 dicam?

1976 749 2195 816 quando
2222 765 2329 802 non
2365 749 2541 802 solum
2577 751 2628 802 in
2656 750 2741 804 bis
2766 752 3187 820 diligentissime
3217 769 3274 807 se
3304 769 3565 808 exercue-

1977 853 2105 894 runt
2135 857 2258 895 eum
2295 844 2554 906 Antonio,
2592 844 2887 910 Ammone,
2915 830 3103 911 l‘aulo,
3140 847 3306 917 hujus
3342 844 3563 904 familia:

1979 932 2244 1000 primanis
2291 950 2457 1002 supra
2503 947 2696 991 omnes
2742 937 2880 991 alios
2904 978 2919 1000 ,
2957 939 3053 993 sed
3091 940 3254 994 etiam
3283 941 3564 1014 legislatu-

1979 1042 2087 1088 rcs,
2129 1039 2184 1081 et
2231 1029 2422 1090 duces.
2456 1038 2512 1083 et
2553 1031 2796 1100 magistri
2829 1031 3025 1086 borum
3071 1035 3466 1103 appellantur:
3504 1043 3566 1089 ut

1977 1121 2376 1188 prepcmodum
2433 1123 2754 1175 corumdem
2808 1123 3073 1178 duntaxat
3124 1128 3195 1180 sit
3242 1136 3298 1181 et
3345 1129 3564 1197 egregia

1977 1207 2183 1273 facere,
2225 1219 2278 1264 et
2323 1211 2529 1273 dicere,
2562 1220 2618 1265 et
2663 1213 2928 1277 scribere,
2969 1224 3024 1269 et
3056 1216 3177 1286 aliis
3207 1218 3331 1272 talia
3368 1220 3567 1288 praeci-

1977 1316 2130 1370 pere.
2165 1303 2301 1357 Nam
2334 1305 2458 1372 quis
2488 1303 2813 1361 aﬂectiones
2843 1307 3039 1363 anima:
3071 1318 3127 1363 et
3171 1312 3356 1366 carnis
3395 1327 3566 1367 accu-

1980 1395 2150 1449 ratius
2183 1397 2536 1461 examinavit,
2569 1400 2846 1469 marisque
2878 1400 2932 1454 in
2967 1400 3221 1456 feminam
3257 1405 3565 1474 appetitum

1979 1490 2310 1554 naturalem,
2329 1500 2386 1544 et
2410 1506 2532 1544 cum
2555 1505 2617 1545 ea
2643 1493 3088 1548 convenientiam
3122 1511 3567 1568 consensumque

1980 1589 2042 1636 ut
2077 1581 2148 1635 ita
2199 1582 2399 1649 dicam,
2447 1596 2506 1639 et
2548 1586 2772 1654 quinam
2814 1570 3026 1642 naturae
3076 1591 3260 1644 motus
3306 1589 3434 1654 sint,
3469 1591 3566 1660 qui

1980 1675 2300 1740 arbitratus,
2336 1677 2428 1746 qui
2480 1681 2923 1746 consuetudinis,
2957 1681 3047 1750 qui
3091 1682 3311 1751 pessimi
3345 1697 3569 1750 perver-

1980 1767 2294 1838 sissimique
2337 1770 2578 1836 babitus,
2616 1782 2672 1826 et
2701 1789 2730 1826 a
2771 1775 2974 1842 quibus
3020 1787 3244 1844 propter
3273 1776 3568 1830 Vehemen-
3637 1843 3640 1845 Α

1910 1842 1954 1901 Β
1981 1861 2112 1914 tiam
2145 1877 2288 1932 aegre
2323 1863 2542 1918 liberari
2572 1867 2788 1934 possis?
2819 1876 2876 1922 et
2922 1868 3068 1922 unde
3089 1868 3180 1924 his
3222 1869 3486 1939 principia
3511 1880 3569 1924 et

1980 1967 2179 2021 causae,
2209 1955 2353 2010 unde
2379 1955 2718 2012 incrementa
2750 1970 2805 2014 et
2831 1960 3092 2016 alimenta
3123 1978 3138 2015 :
3172 1979 3414 2026 rursum,
3442 1978 3568 2033 qua:

1980 2045 2169 2101 favore
2220 2057 2274 2102 et
2331 2050 2538 2104 auxilio
2593 2051 2690 2106 Dei
2745 2052 2862 2108 bare
2921 2053 3230 2119 destruant,
3289 2055 3564 2121 aboleant,

1981 2151 2278 2210 veramque
2303 2143 2636 2212 virginitatis
2659 2145 3129 2214 incorruptionem
3153 2146 3425 2202 efﬁciant?
3445 2163 3570 2218 qua:

1981 2231 2195 2287 scilicet
2229 2242 2313 2287 est
2365 2235 2562 2290 anima:
2611 2252 2738 2292 vera
2774 2238 3066 2308 virginitas
3097 2253 3151 2294 et
3183 2241 3416 2309 puritas,
3449 2257 3569 2296 om-

1979 2337 2104 2377 nem
2138 2333 2194 2378 et
2233 2327 2530 2394 practicam
2567 2336 2622 2382 et
2669 2330 3150 2399 contemplativam
3195 2333 3456 2387 virtutem
3489 2335 3572 2387 in-

1979 2415 2232 2480 cfudens,
2257 2427 2312 2472 et
2342 2419 2652 2474 studiosum
2679 2421 2746 2474 ad
2769 2423 3146 2492 evangelieam
3173 2423 3569 2492 perfectionem

1977 2507 2286 2573 deducens,
2323 2512 2654 2582 angelicum,
2690 2513 2938 2583 inquam,
2979 2523 3036 2570 et
3081 2517 3450 2571 monasticnm
3497 2522 3571 2571 vl-

1979 2599 2144 2653 vendi
2207 2601 2546 2667 institutum,
2601 2612 2657 2656 et
2713 2604 3002 2676 virginitas
3053 2615 3114 2662 et
3177 2607 3315 2663 ordo
3366 2609 3574 2664 divinis

1980 2676 2361 2748 functionibus
2395 2703 2717 2765 occupatus.

2053 2959 2230 3014 Porro
2285 2959 2342 3013 bi
2391 2959 2583 3014 Patres
2635 2966 2835 3029 prater
2862 2960 2974 3031 jam
3009 2971 3356 3032 enumerata,
3395 2964 3574 3035 legitio

1981 3065 2099 3106 mas
2149 3065 2367 3119 quoque
2415 3050 2634 3119 nuptias
2681 3050 3120 3120 viduitatemque
3195 3053 3570 3119 celebrarunt,

1981 3151 2184 3196 etcum
2215 3140 2323 3194 illis
2345 3140 2778 3210 coniunxerunt,
2801 3141 3044 3211 quidque
3070 3141 3124 3194 in
3155 3151 3388 3212 utroque
3416 3146 3571 3210 utile,

288 3229 580 3298 ἑκατέροις
617 3226 893 3296 ὠφέλιμόν
931 3243 986 3278 τε
1017 3228 1108 3279 καὶ
1138 3226 1421 3298 βλαϐερὸν,
1471 3229 1566 3281 καὶ
1599 3229 1662 3298 δὴ
1697 3229 1792 3280 καὶ
1818 3228 1879 3281 τὸ

1985 3230 2117 3300 quid
2159 3230 2384 3284 noxium
2417 3239 2590 3294 esset,
2634 3229 3124 3300 difﬁcultatemque
3149 3242 3205 3285 et
3249 3233 3574 3288 facilitatem

297 3321 441 3392 βαρὺ
481 3321 576 3372 καὶ
609 3319 670 3371 τὸ
705 3318 904 3387 κοῦφον
931 3323 993 3374 ἐκ
1016 3320 1123 3372 τῶν
1162 3319 1322 3374 θείων
1358 3321 1612 3391 Γραφὼν,
1652 3322 1748 3374 καὶ
1780 3321 1879 3392 τῆς

295 3411 494 3479 πείρας
523 3410 692 3479 αὐτῆς
721 3409 1102 3476 ύποδείξαντες
1126 3411 1234 3463 τῶν
1256 3404 1628 3480 πραγμάτων
1641 3412 1774 3462 πᾶσι
1806 3409 1882 3479 τῷ

291 3504 458 3573 λόγῳ,
498 3505 582 3557 ἵνα
607 3506 692 3558 διὰ
720 3505 938 3557 πάντων
990 3505 1194 3572 ἄρτιος
1219 3499 1258 3576 ᾖ
1296 3508 1328 3558 d
1358 3504 1464 3558 τοῦ
1493 3503 1642 3558 Θεοῦ
1661 3504 1884 3573 ἀνθρωσ

290 3612 428 3661 πως,
471 3596 528 3646 ἐν
564 3596 753 3665 μηδενὶ
784 3593 892 3646 τῶν
930 3593 1146 3648 πάντων
1177 3595 1520 3664 λειπόμενος.

369 3690 462 3752 ἰ’ίς
494 3689 620 3750 τοὺς
651 3688 778 3758 περὶ
810 3689 1124 3757 μετανοίας,
1143 3689 1240 3742 καὶ
1269 3687 1640 3754 κατανύξεως,
1669 3688 1885 3758 καὶτῆς

293 3782 591 3851 καλλίστης
628 3779 1060 3850 φιλανθρωπίας,
1114 3778 1256 3832 κατά
1286 3779 1411 3842 τοὺς
1436 3780 1720 3847 γενναίους
1741 3779 1886 3849 φημὶ

291 3877 542 3938 τούτους,
569 3875 628 3926 ού
659 3875 755 3926 καὶ
786 3875 1014 3944 ἐξήτασε
1040 3873 1135 3926 καὶ
1164 3873 1370 3937 ἐδίδαξε
1397 3873 1626 3943 λόγους;
1659 3873 1732 3933 ὡ,
1761 3874 1888 3936 τοὺς

301 3970 403 4040 μὲν
430 3970 507 4032 είς
553 3966 867 4034 ἀπόγνωσιν
896 3964 975 4034 τῷ
1025 3964 1184 4034 βάρει
1222 3965 1331 4016 τῶν
1363 3964 1786 4036 ἁμαρτημάτων
1811 3964 1886 4027 ὡς

301 4067 384 4124 εἰς
411 4061 656 4130 κρημνὸν
680 4057 921 4129 εὐχερῶς
950 4057 1459 4127 καταφερομένους,
1505 4057 1718 4127 ταχέως
1745 4058 1889 4109 ἐκεῖ·

304 4155 398 4207 θεν
422 4155 684 4216 ἀνέλκειν,
733 4154 794 4204 τὸ
850 4151 1084 4219 πέλαγος
1132 4155 1230 4218 τῆς
1274 4149 1421 4212 θείας
1473 4149 1888 4219 φιλανθρωπίας

304 4245 718 4317 ἐξηγουμένους,
745 4246 840 4298 καὶ
866 4242 1054 4314 ὥσπερ
1102 4246 1262 4313 χεῖρα
1288 4243 1534 4303 διδόντας
1563 4242 1655 4293 τὸν
1683 4240 1845 4308 λόγον
1869 4257 1884 4272 ο

301 4343 429 4403 τοὺς
459 4341 514 4394 δὲ
545 4339 835 4408 σκληροὺς,
857 4337 954 4390 καὶ
983 4337 1226 4406 θρασεῖς,
1261 4336 1356 4388 καὶ
1378 4332 1787 4396 άκατανύκτους
1810 4332 1889 4403 τῷ

302 4436 455 4504 φόϐῳ
485 4436 583 4506 τῆς
615 4433 918 4498 ἐξετάσεως
968 4433 1079 4485 τῶν
1115 4429 1487 4501 βεϐιωμένων,
1542 4427 1640 4480 καὶ
1682 4425 1760 4496 τῷ
1789 4426 1890 4493 τῆς

302 4526 536 4598 κρίσεως
605 4525 703 4578 καὶ⁸
750 4524 850 4594 τῆς
896 4523 1172 4585 κολάσεως
1219 4519 1436 4590 φοϐερῷ
1481 4519 1577 4572 καὶ
1603 4518 1888 4585 ἀδεκάστῖρ

301 4619 442 4690 πρὸς
471 4617 636 4687 φόϐον
667 4615 825 4682 Θεοῦ,
889 4617 984 4669 καὶ
1020 4614 1314 4675 κατάνυξιν
1363 4613 1537 4680 ἄγειν.
1569 4607 1886 4680 Φιλανθρὼ-

299 4729 438 4776 πους
466 4729 528 4779 γε
561 4710 687 4782 μὴν,
713 4712 810 4764 καὶ
839 4708 1233 4779 φιλοπτὼχους,
1261 4707 1355 4760 καὶ
1385 4705 1720 4776 συμπαθεῖς,
1746 4702 1891 4755 οὕτω

304 4804 550 4878 σφιδρῶς
576 4804 670 4858 καὶ
699 4805 951 4872 λέγοντες
1001 4804 1096 4855 καὶ
1148 4802 1478 4873 πράττοντες
1507 4799 1635 4861 τοὺς
1683 4795 1893 4868 ἀνθρὼ-

300 4918 440 4962 στους
491 4897 739 4964 ἐδίδαξαν
773 4894 934 4960 εἶναι,
965 4896 1060 4948 καὶ
1090 4894 1234 4948 οὕτω
1286 4893 1382 4946 τοῦ
1419 4892 1620 4954 παντὸς
1649 4889 1749 4961 τὴν
1778 4892 1894 4943 θεο-

305 4993 545 5063 μίμητον
593 4994 690 5044 καὶ
723 4989 985 5061 θεουργὸν
1011 4987 1215 5058 ἀρετὴν
1257 4986 1462 5056 ταύτην
1486 4983 1776 5053 τιμᾶσθαι,
1815 4982 1891 5043 ὡς

303 5087 478 5158 μόνην
505 5084 710 5154 ταύτην
739 5083 908 5149 δεῖξαι
941 5082 1162 5152 σχεδὸν,
1216 5082 1310 5135 καὶ
1343 5079 1514 5150 ῥύπον
1559 5075 1893 5146 ἁμαρτημά-

299 5199 412 5234 των
441 5180 580 5248 ὑπὲρ
603 5177 898 5240 τάςκάλλας
936 5175 1244 5244 δυναμένην
1292 5172 1598 5241 καθαίρειν,
1639 5169 1734 5222 καὶ
1769 5183 1891 5219 πει-

302 5273 535 5345 ρασμῶν
563 5270 812 5341 ψυχικῶν
844 5266 980 5338 ὁμοῦ
1021 5269 1116 5320 καὶ
1136 5266 1464 5335 σωματικῶν
1505 5261 1891 5328 ἀπαλλάττειν,

298 5367 400 5420 καὶ
430 5364 662 5417 θανάτου
699 5358 1044 5414 παντοδαποῦ
1081 5356 1308 5429 ῥύεσθαι
1327 5373 1341 5386 '
1374 5359 1469 5410 καὶ
1496 5359 1700 5426 πρᾶξιν
1729 5354 1889 5427 ὁμοῦ,

301 5459 402 5511 καὶ
455 5457 690 5526 θεωρίαν
740 5455 968 5522 κοσμεῖν
1000 5451 1080 5522 τῷ
1123 5450 1254 5521 παρ’
1290 5451 1490 5518 ἑαυτῆς
1534 5451 1761 5504 κάλλει·
1794 5450 1889 5502 καὶ

300 5549 636 5612 τελευταῖον,
675 5545 1076 5616 εύλογημένους
1118 5541 1212 5596 τοῦ
1241 5543 1475 5610 Πατρῦς,
1511 5541 1609 5594 καὶ
1633 5539 1892 5610 κληρονό-

309 5659 444 5716 μους
495 5641 592 5710 si};
641 5637 1056 5710 ήτοιμασμένης
1107 5634 1380 5706 βασιλείας
1410 5635 1518 5688 ἀπὸ
1570 5633 1881 5703 καταϐολῆς

381 5833 426 5863 η
481 5827 520 5881 ll
555 5825 676 5880 Tim
733 5841 817 5894 tu,
864 5829 951 5882 l7.

1983 3335 2050 3375 ex
2081 3319 2286 3373 sanctis
2334 3317 2664 3388 Scripturis,
2718 3330 2775 3374 et
2827 3319 2942 3388 ipsa
3000 3336 3183 3374 rerum
3234 3323 3576 3392 experientia

1984 3411 2246 3480 omnibus
2285 3410 2490 3465 diserte
2533 3411 2934 3477 ostenderunt;
2968 3423 3028 3467 ut
3077 3415 3130 3466 in
3167 3413 3428 3469 onmibus
3455 3432 3578 3483 per-

1985 3507 2151 3574 fectus
2178 3501 2374 3557 sit-Dei
2402 3504 2556 3557 homo
2583 3505 2650 3570 “,
2677 3515 2734 3558 et
2757 3504 2814 3558 in
2840 3505 2995 3559 nullo
3018 3506 3180 3576 plane
3208 3507 3450 3562 deﬁciat.

2047 3686 2191 3754 Quis
2219 3702 2330 3742 non
2373 3702 2498 3742 cum
2552 3686 2621 3742 de
2663 3687 3012 3757 ptenitentia,
3044 3698 3099 3744 et
3129 3692 3576 3762 rompunctione,

1987 3790 2043 3834 et
2071 3779 2493 3849 praeclarissima
2522 3779 2866 3834 humanitate
2899 3789 3106 3849 ageret,
3142 3783 3408 3837 nobilium
3446 3785 3581 3839 isto-

1989 3888 2113 3926 rum
2159 3873 2494 3941 scriptorum
2539 3884 2863 3942 argumenta
2896 3875 3209 3943 perpendit,
3243 3887 3297 3931 et
3327 3878 3578 3932 docendo

1990 3973 2214 4019 secutus
2269 3963 2388 4019 est?
2431 3963 2524 4036 qui
2583 3976 2642 4019 ut
2693 3964 2766 4018 ob
2820 3966 3038 4036 pondus
3093 3976 3448 4035 peccatorum
3507 3969 3577 4024 ad

1991 4056 2433 4125 desperationem
2479 4057 2794 4126 praecipites
2827 4058 3084 4112 celeriter
3117 4058 3245 4111 inde
3285 4060 3580 4114 retrahan-

1994 4157 2103 4211 tur,
2137 4147 2364 4219 pelagus
2400 4149 2600 4203 dii-inae
2632 4149 2990 4220 benignitatis
3020 4151 3318 4221 explicant,
3359 4161 3415 4206 et
3447 4167 3578 4207 ora-

1993 4239 2201 4294 tionem
2253 4248 2312 4294 ut
2360 4254 2580 4293 manum
2619 4242 2935 4311 porrigunt;
2979 4242 3148 4297 duros
3174 4251 3355 4297 autem
3387 4252 3442 4298 et
3482 4258 3581 4298 au-

1992 4331 2189 4394 daces,
2246 4340 2304 4385 et
2370 4347 2398 4385 a
2457 4335 2881 4402 compunctione
2934 4334 3330 4398 abhorrentes,
3381 4335 3580 4390 timore

1993 4423 2265 4477 examinis
2297 4437 2481 4477 rerum
2519 4423 2575 4476 in
2625 4423 2728 4478 liae
2778 4425 2887 4478 vita
2925 4433 3385 4494 perpetratarum,
3435 4425 3584 4496 judi-

1995 4515 2174 4586 ciique
2235 4531 2299 4569 ae
2359 4528 2646 4583 pmnarum
2711 4523 2944 4580 terrore,
3006 4525 3063 4568 et
3135 4515 3582 4585 implacabilitate

1987 4608 2190 4680 judicis
2237 4607 2304 4662 ad
2355 4609 2609 4662 timorem
2656 4605 2775 4673 Dei,
2811 4615 2868 4662 et
2897 4607 3144 4661 dolorem
3197 4607 3366 4661 animi
3403 4608 3582 4662 addu—

1988 4711 2144 4758 cunt.
2196 4700 2478 4755 l‘lumanos
2531 4715 2683 4764 vero,
2730 4707 2788 4754 et
2846 4715 3148 4769 pauperum
3233 4716 3299 4755 an
3324 4710 3481 4755 antes
3525 4711 3584 4756 et

1989 4795 2391 4865 compulit-rites
2421 4807 2564 4858 esse,
2593 4794 2730 4846 adeo
2767 4793 3122 4847 vehementer
3150 4793 3312 4847 dictis
3337 4805 3390 4848 et
3420 4794 3582 4848 factis

1993 4888 2327 4948 docuerunt,
2357 4898 2411 4942 et
2452 4887 2592 4942 adeo
2623 4886 2844 4940 maximi
2890 4887 3029 4940 lianc
3070 4886 3165 4940 Dei
3206 4887 3582 4955 imitatricem,

1995 4983 2351 5051 divin-umque
2381 4981 2559 5036 fecere
2591 4981 2874 5041 virtutem,
2905 4988 2964 5032 ut
3002 4979 3402 5049 propemodum
3443 4982 3584 5036 hanc

1995 5075 2167 5128 solam
2233 5071 2588 5141 probaverint
2631 5083 2774 5131 esse,
2817 5083 2940 5136 quae
2987 5077 3340 5137 peccatorum
3389 5069 3584 5122 sordes

1997 5181 2163 5236 supra
2195 5167 2329 5219 alias
2375 5179 2633 5234 purgare,
2679 5173 2732 5216 et
2779 5177 2808 5214 a
2847 5169 3023 5216 tentat
3059 5161 3262 5214 onibus
3299 5162 3477 5214 animi
3527 5171 3584 5213 ct

1995 5261 2248 5328 corporis
2275 5259 2437 5314 simul
2468 5258 2734 5319 liberare,-
2752 5265 2805 5309 et
2837 5255 2906 5308 ab
2932 5254 3226 5308 omnifaria
3254 5266 3430 5308 morte
3464 5268 3588 5308 ser-

1993 5367 2146 5414 vare,
2181 5367 2388 5421 suaque
2422 5349 2838 5420 pulchritudine
2872 5348 3063 5417 praxin
3103 5362 3209 5400 una
3248 5358 3304 5400 et
3337 5357 3588 5401 contem-

1993 5445 2295 5516 plationem
2344 5430 2545 5497 ornare
2598 5449 2788 5511 queat.
2831 5450 2888 5494 et
2937 5450 3219 5508 postremo
3264 5438 3584 5492 benedictus

1992 5538 2188 5608 patris,
2240 5546 2295 5592 et
2351 5537 2595 5590 lmredes
2658 5534 2807 5604 regni
2853 5547 2884 5585 a
2935 5530 3332 5585 constitutione
3389 5528 3580 5584 mundi

1991 5631 2306 5703 praeparati,
2326 5631 2444 5701 ejus
2467 5629 2710 5684 cultores
2731 5642 2760 5681 a
2780 5624 3002 5681 Christo
3028 5622 3414 5693 pronuntiatus
3435 5635 3585 5684 esse,
