4036 6452
510 316 619 378 δθἸ

1586 312 2006 374 PHILOTIIEI
2054 267 2160 378 Ci‘.
2210 316 2722 377 PATRIARCILE

3638 327 3747 389 .80l

513 428 610 483 Dei
658 427 823 494 ﬁlios,
855 437 912 482 et
962 426 1104 481 Deos
1153 423 1465 480 nominatos
1499 423 1802 478 secundum
1843 422 2072 494 gratiam

2206 424 2410 494 κόσμου
2459 428 2585 490 τοὺς
2621 428 2792 497 αὐτῆς
2837 426 3103 498 χορευτὰς
3152 428 3255 481 ὑπό
3287 428 3525 500 Χριστοῦ
3560 448 3748 502 προσει-

510 530 569 574 et
603 518 965 574 imitationem
1012 532 1109 586 per
1154 516 1303 571 illam
1335 514 1449 569 veri
1482 529 1544 568 ac
1588 513 1761 567 solius
1791 515 2094 567 secundum

513 620 771 665 naturam
806 610 920 665 Dei.
949 609 1284 664 Humilitais
1314 616 1496 661 autem
1545 614 1600 661 et
1631 605 1935 671 eharitatis,
1970 622 2096 660 vere

2202 516 2421 584 ρῇσθσιι,
2454 518 2603 580 υἱοὺς
2643 517 2778 571 Θεοῦ
2830 520 2924 571 καὶ
2953 519 3122 582 Θεοὺς
3166 519 3589 589 χρηματίζοντχς
3616 525 3742 575 κατὰ

2199 609 2381 677 χάριν,
2411 611 2474 677 τῇ
2524 609 2617 661 τοῦ
2647 609 2900 678 ἀληθινοῦ
2934 612 3026 663 καὶ
3079 612 3241 681 μόνου
3277 613 3418 664 κατά
3443 613 3597 680 φύσιν
3625 615 3745 668 Θεοῦ

514 705 839 759 sublimium
899 715 965 759 et'
989 704 1265 773 perfectos
1296 701 1671 767 elIieientinm,
1713 701 1893 756 omnis
1939 701 2079 759 deni-

2196 698 2261 750 δι’
2291 699 2461 768 αὐτῆς
2496 702 2811 769 ἐκμιμήσει.
2859 701 3375 772 Ταπεινοφροσύνης
3405 703 3460 754 δὲ
3519 706 3605 756 καὶ
3629 705 3747 770 ἀγά-

513 812 621 864 que
670 797 890 850 virtutis
940 806 1064 865 post
1096 795 1376 850 Christum
1428 801 1483 848 et
1536 794 1742 862 primos
1787 793 2089 862 aposwlos,

512 888 755 952 athletae,
789 887 1031 940 artiﬁces
1070 896 1125 940 et
1166 885 1557 955 praedicatores
1614 884 1834 948 summi,
1866 884 2092 953 quinam

514 990 709 1049 praeter
732 976 922 1035 beatos
955 980 1089 1035 istos
1118 979 1318 1047 reperti
1350 978 1517 1033 sunt?
1550 977 1652 1043 Qui
1683 987 1790 1032 tam
1824 992 2094 1046 pauperes

511 1073 731 1140 spiritu,
764 1082 820 1126 et
852 1072 1018 1127 corde
1057 1072 1321 1134 contrito,
1355 1087 1418 1125 ac
1447 1085 1575 1126 vere
1617 1071 1779 1125 mites
1833 1070 2093 1125 humiles-

511 1182 617 1234 que
646 1166 890 1228 fuerunt,
918 1174 977 1218 ut
1013 1164 1187 1233 ipsius
1219 1165 1427 1219 Christi
1459 1164 1792 1233 exemplaria
1842 1166 2089 1234 quanlatn

507 1270 560 1313 et
606 1260 901 1314 simulacra
954 1259 1260 1313 secundum
1310 1259 1425 1313 ha'c
1473 1257 1663 1311 eadem
1720 1256 2089 1325 appellentur,

507 1352 683 1420 (juxta
717 1350 943 1404 verbum
971 1350 1120 1404 illius
1143 1366 1157 1403 :
1180 1349 1393 1415 Discite,
1432 1348 1632 1418 inquit,
1651 1364 1683 1400 a
1711 1363 1813 1414 me,
1840 1348 1966 1416 quia
1997 1348 2092 1398 mi-

506 1444 572 1496 tis
612 1458 730 1513 sum
762 1452 812 1495 et
848 1441 1064 1496 humilis
1096 1441 1252 1495 corde
1270 1443 1348 1508 ¹³;
1378 1443 1396 1511 )
1427 1449 1484 1495 et
1514 1438 1833 1493 hominibus
1880 1438 2010 1492 item
2036 1447 2092 1491 et

503 1536 760 1591 ductores
788 1545 847 1590 et
895 1544 1174 1600 auctores,
1221 1543 1278 1589 et
1321 1533 1564 1603 magistri
1607 1532 1980 1601 admirabiles,
2013 1529 2093 1583 di-

503 1628 738 1697 vinaque
770 1637 1059 1699 prototypa
1090 1627 1207 1682 hazc
1255 1625 1508 1681 faciendo
1561 1622 1907 1689 disserendo,
1954 1622 2091 1677 seri-

504 1718 687 1775 bendo
718 1718 849 1775 iacti
887 1719 1036 1774 sint?

2197 807 2304 860 πης
2336 791 2444 845 τῶν
2475 792 2645 855 ὅντως
2684 792 2905 863 ὑψηλῶν
2937 793 3030 846 καὶ
3064 786 3407 847 τελειοποιῶν
3435 797 3628 865 ἀρετῆς
3662 798 3749 852 πά-

2198 901 2298 953 σης
2324 886 2468 948 τίνες
2501 886 2639 954 μετά
2669 886 2922 955 Χριστὸν,
2955 887 3050 938 καὶ
3070 887 3195 947 τοὺς
3226 886 3469 953 πρώτους
3501 887 3746 957 μαθητὰς,

2197 978 2290 1029 καὶ
2330 976 2603 1046 ἀθληταὶ,
2637 977 2729 1030 καὶ
2765 978 3028 1048 τεχνῖται,
3078 980 3173 1031 καὶ
3234 980 3463 1048 ῥήτορες
3509 978 3748 1049 ὤφθησαν

2195 1067 2354 1136 ἄκροι
2388 1068 2527 1139 πλὴν
2558 1071 2765 1121 τούτων
2799 1070 2906 1121 τῶν
2934 1072 3222 1140 μακαρίων
3250 1086 3266 1136 ;
3304 1071 3459 1133 Τίνες
3500 1070 3638 1123 οὕτω
3663 1072 3748 1124 καὶ

2198 1158 2405 1228 πτωχοὶ
2453 1161 2530 1229 τῷ
2557 1160 2852 1229 πνεύματι,
2901 1162 2996 1214 καὶ
3038 1163 3137 1231 τὴν
3166 1162 3393 1230 καρδίαν
3449 1179 3747 1233 συντετριμ-

2197 1255 2370 1320 μένοι,
2401 1253 2495 1306 καὶ
2525 1255 2711 1322 πρᾶοι,
2741 1254 2835 1307 καὶ
2864 1254 3114 1308 ταπεινοὶ
3133 1256 3421 1323 γεγόνασιν
3446 1255 3641 1320 ὅντως,
3681 1255 3749 1316 ὡς

2193 1343 2349 1396 αὐτοὶ
2404 1345 2504 1412 μὲν
2532 1345 2743 1408 εἰκόνες
2790 1344 2935 1407 τινὲς
2990 1347 3084 1398 καὶ
3129 1346 3403 1414 ἐκμαγεῖα
3431 1347 3748 1415 χρηματίσαι

2193 1438 2289 1488 καὶ
2314 1436 2432 1489 κατ’
2456 1436 2596 1489 αὐτὰ
2621 1435 2797 1489 ταῦτα
2823 1437 3087 1508 Χριστοῦ,
3114 1438 3254 1490 κατὰ
3274 1439 3367 1490 τὸν
3391 1438 3575 1500 αὐτοῦ,
3600 1439 3746 1507 φημὶ,

2192 1526 2346 1593 λόγον
2378 1527 2630 1595 (Mamaea
2650 1528 2745 1579 καὶ
2776 1526 2902 1597 γὰρ,
2932 1528 3117 1595 φησιν,
3150 1527 3437 1597 ἀπ’ἐμοῦ,
3469 1528 3555 1581 ὅτι
3580 1527 3749 1595 πρᾶός

2190 1620 2328 1687 ειμι,
2365 1617 2461 1671 καί
2514 1617 2799 1683 ταπεινὸς
2838 1615 2913 1685 τῇ
2948 1616 3208 1686 καρδίᾳ),
3244 1619 3359 1679 τοῖς
3384 1616 3427 1669 δ’
3460 1616 3748 1687 ἀνθρώποις

2191 1714 2239 1764 οἱ
2269 1709 2424 1764 αὐτοὶ
2450 1710 2616 1764 πάλιν
2664 1712 2758 1763 καὶ
2782 1708 2997 1779 ὁδηγοὶ,¹
3019 1710 3112 1761 καὶ
3152 1710 3409 1779 ἀρχηγοὶ,
3437 1709 3527 1762 καὶ
3557 1708 3749 1777 θαυμα-

505 1815 621 1867 στοὶ
646 1814 980 1881 διδάσκαλοι,
1014 1813 1109 1869 καὶ
1138 1814 1261 1867 θεῖα
1298 1812 1551 1880 γενέσθαι
1581 1813 1961 1882 πρωτότυπα,’
1989 1811 2085 1876 καὶ
2127 1810 2482 1879 πράττοντες,
2514 1806 2611 1863 καὶ
2629 1806 2899 1874 λέγοντες,
2958 1805 3055 1859 καὶ
3117 1804 3582 1877 λογογραφοῦντες
3607 1804 3669 1857 τά
3695 1818 3747 1870 γε

502 1909 731 1964 τοιαῦτα
753 1926 770 1976 ;

578 2006 734 2072 Quod
768 2008 812 2061 si
837 2005 1002 2061 etiam
1032 2004 1321 2060 eharitatis
1350 2004 1405 2058 in
1437 2003 1749 2074 proximum
1780 2003 1872 2057 ille
1894 2017 2079 2058 secun-

2267 1999 2329 2052 Εί
2353 1996 2409 2051 δὲ
2435 1997 2527 2052 καὶ
2561 1994 2662 2066 τῆς
2706 1994 2855 2058 θείας
2889 1993 3112 2064 ἀγάπης
3137 1993 3441 2063 ἀκρότατος
3466 1993 3586 2063 ὄρος
3624 1993 3749 2045 ὲκεῐη

505 2101 637 2154 dum
670 2101 855 2154 divina
895 2100 1118 2154 oracula
1167 2113 1460 2169 supremus
1515 2098 1765 2151 omnium
1817 2096 2087 2152 terminus

503 2203 753 2262 est,eum
785 2208 895 2248 non
922 2192 1083 2248 modo
1116 2193 1345 2263 diligere
1374 2199 1433 2246 ut
1461 2192 1703 2261 seipsum
1725 2231 1740 2256 ,
1774 2191 1867 2245 sed
1899 2206 2089 2246 neces-

502 2287 662 2342 sitate
684 2287 1018 2355 postulante,
1042 2284 1279 2338 animam
1303 2297 1523 2354 quoque
1546 2284 1667 2352 ejus
1682 2297 1869 2347 causa,
1890 2283 2086 2335 vitam-

501 2394 607 2449 que
628 2378 1329 2450 contemnere:(.ilajorem
1382 2380 1522 2430 enim
1573 2377 1886 2430 charitatem
1934 2391 2085 2428 nemo

502 2466 680 2527 habet,
716 2465 925 2535 inquit,
956 2482 1115 2535 quam
1157 2476 1212 2518 ut
1262 2468 1505 2520 animam
1555 2482 1710 2519 suam
1752 2475 1915 2535 ponat
1964 2467 2082 2534 quis

503 2573 598 2625 pro
613 2557 796 2609 amicis
820 2558 931 2610 suis
949 2557 1016 2622 ἐς
1043 2543 1209 2626 ῳιοά’
1224 2558 1447 2626 quidem
1481 2558 1736 2613 Christus
1760 2574 1886 2614 eum
1915 2560 2085 2615 dixis—

504 2655 608 2712 set,
641 2661 766 2719 mox
790 2661 957 2715 opere
983 2646 1101 2715 ipso
1132 2647 1403 2716 implevit,
1436 2662 1560 2702 eum
1593 2660 1767 2703 semet
1799 2665 1901 2719 pro
1924 2650 2083 2705 nobis

505 2737 559 2790 in
594 2746 826 2791 mortem
860 2737 1123 2803 tradidit;
1160 2738 1363 2793 Paulus
1400 2747 1583 2793 autem
1624 2739 1929 2810 discipulus
1959 2750 2083 2810 post

503 2829 658 2882 illum
693 2829 844 2883 solus
885 2837 969 2883 est
1003 2844 1173 2882 ausus
1209 2846 1308 2898 pro
1358 2829 1672 2884 Judteorum
1729 2831 1906 2885 salute
1955 2831 2081 2885 talia

501 2916 603 2971 sibi
638 2916 969 2987 imptocari:
1012 2917 1294 2989 Optabam,
1333 2920 1537 2989 inquit,
1569 2922 1855 2976 anathema
1892 2938 2002 2976 esse
2044 2941 2081 2977 a

501 3008 709 3061 Christo
734 3025 830 3076 pro
866 3010 1124 3079 fratribus
1156 3013 1306 3074 meis,
1338 3013 1426 3081 qui
1464 3024 1586 3066 sunt
1617 3016 1830 3084 cognati
1869 3016 1968 3069 mei
2004 3031 2083 3069 se-

498 3100 725 3154 cundum
761 3117 998 3166 carnem,
1033 3104 1123 3171 qui
1156 3112 1279 3156 sunt
1305 3103 1565 3159 Israelita:
1580 3106 1621 3175 ;)
1662 3122 1844 3162 annon
1883 3107 2079 3161 simili-

502 3201 585 3246 ter
620 3192 711 3245 isti
747 3192 813 3245 ad
842 3208 1158 3263 supremam
1196 3193 1397 3248 lineam
1429 3205 1823 3265 processerunt
1854 3197 2079 3252 manda-

499 3292 682 3336 torum
722 3293 986 3338 extremae
1019 3284 1542 3356 perfectissimreque
1591 3287 1897 3352 charitatis,
1932 3288 2076 3344 idem

2191 2092 2280 2155 νός
2305 2094 2420 2143 ἐστι
2451 2090 2593 2144 κατὰ
2619 2090 2745 2152 τοὺς
2778 2087 2955 2150 θείους
2989 2086 3231 2157 δηλονότι
3264 2086 3568 2155 χρησμοὺς,
3600 2082 3656 2135 τὸ
3683 2082 3748 2152 μὴ

2193 2185 2355 2253 μόνον
2390 2183 2465 2246 ὼς
2495 2182 2690 2235 ἑαυτὸν
2718 2180 2941 2251 ἀγαπᾷν
2980 2178 3072 2231 τὸν
3103 2177 3359 2248 πλησίον,
3387 2178 3524 2231 ἀλλὰ
3549 2176 3638 2229 καὶ
3664 2176 3747 2228 αὐ-

2188 2278 2289 2346 τὴν
2322 2276 2423 2346 τὴν
2453 2274 2633 2344 ψυχὴν
2665 2273 2806 2342 ὑπὲρ
2855 2270 3021 2324 αὑτοῦ
3052 2271 3442 2340 παραιτεῖσθαι
3474 2270 3530 2322 ὲν
3567 2268 3639 2335 τῷ
3661 2268 3748 2336 τῆς

2188 2368 2376 2438 χρείας
2413 2366 2669 2421 καλοῦντι
2702 2363 2978 2437 (Μείζονα
3006 2361 3118 2432 γὰρ
3151 2363 3376 2429 ταύτης
3407 2360 3639 2431 ἀγάπην
3658 2362 3749 2413 οὐ·

2188 2458 2315 2525 δείς
2359 2458 2509 2528 ἔχει,
2566 2458 2757 2528 φησιν,
2806 2456 2908 2509 ἵνα
2958 2454 3034 2522 θῇ
3067 2473 3154 2519 τις
3192 2452 3308 2520 τὴν
3341 2452 3552 2523 ψυχὴν
3582 2446 3748 2504 αὑτοῦ

2187 2552 2340 2619 ὑπὲρ
2364 2550 2481 2604 τῶν
2503 2550 2703 2619 φίλων
2734 2548 2925 2603 αὑτοῦ
2956 2548 3114 2617 ’ὅπερ
3137 2546 3164 2598 ὁ
3192 2547 3293 2617 μὲν
3339 2548 3570 2618 Χριστὸς
3598 2541 3747 2597 εἰπὼν

2187 2644 2283 2695 καὶ
2327 2642 2511 2712 ἔργοις
2535 2641 2737 2695 αὐτίκα
2784 2639 3173 2710 πεπλήρωκεν,
3211 2639 3356 2710 ὑπὲρ
3407 2638 3561 2708 ἡμῶν
3604 2635 3747 2697 αὐτὸς

2188 2734 2381 2786 ἑαυτὸν
2416 2733 2498 2796 είς
2528 2732 2761 2786 θάνατον
2799 2731 3069 2794 δεδωκώς·
3111 2730 3326 2793 Παῦλος
3360 2730 3408 2783 δ’
3444 2734 3471 2783 ὁ
3522 2728 3747 2799 μαθητὴς

2189 2827 2309 2897 μετ’
2341 2822 2549 2878 ἐκεῖνον
2573 2825 2845 2895 ἐτόλμησε
2875 2828 3038 2895 μόνος
3066 2824 3204 2893 ὑπὲρ
3232 2825 3332 2894 τῆς
3356 2825 3462 2878 τῶν
3501 2821 3746 2876 Ἰουδαίων

2189 2919 2465 2989 σωτηρίας
2489 2918 2683 2972 ἑαυτοῦ
2712 2919 2779 2970 τὰ
2807 2917 3032 2970 τοιαῦτα
3058 2919 3451 2983 κατεύξασθαι*
3487 2917 3745 2984 Εὼχόμην

2186 3011 2282 3064 καὶ
2313 2992 2442 3080 γάχρ,
2480 3013 2665 3081 φησιν,
2697 3011 2965 3080 ἀνάθεμα
2996 3007 3148 3065 εἶναι
3175 3012 3290 3065 ἀπὸ
3328 3010 3581 3079 Χριστοῦ
3613 3010 3745 3075 ὑπὲρ

2183 3101 2302 3155 τῶν
2334 3101 2616 3171 ἀδελφῶν
2637 3119 2759 3171 μου
2793 3099 2911 3156 τῶν
2958 3101 3271 3171 συγγενῶν
3299 3121 3423 3172 μου
3456 3103 3570 3156 τῶν
3612 3096 3744 3153 κατὰ

2183 3196 2405 3262 σάρκα,
2440 3194 2660 3260 οἵτινές
2691 3197 2850 3248 εἰσιν
2902 3194 3291 3266 Ἰσραηλῖται)
3322 3213 3333 3226 ’
3368 3192 3457 3266 ἆρ’
3502 3195 3613 3259 οὐχὶ
3659 3192 3740 3244 καὶ

2183 3286 2328 3342 οὗτοι
2364 3288 2497 3356 πρὸς
2524 3288 2612 3340 τὸν
2646 3289 2949 3357 ἀκρότατον
2995 3287 3203 3359 ἤλασαν
3231 3288 3357 3357 ὅρον
3390 3286 3484 3357 τῆς
3533 3286 3633 3338 τῶν
3666 3285 3739 3335 ἐν·

497 3391 621 3428 ιιιιι)
676 3376 840 3429 beato
896 3376 1070 3429 Paulo
1124 3392 1235 3431 non
1304 3376 1624 3432 dubitantes
1663 3378 1892 3433 dicere?
1939 3381 2079 3446 Quid

2184 3382 2356 3434 τολῶν
2397 3382 2701 3453 κορυφαίας
2734 3382 2980 3451 ἀγάπης,
3017 3384 3201 3433 ὲκείνα
3234 3384 3377 3449 μετά
3411 3379 3617 3434 Παύλου
3657 3374 3737 3429 τοῦ

496 3467 645 3519 enitn
684 3468 751 3519 de
786 3466 1103 3535 semetipsis
1148 3466 1251 3521 hac
1303 3467 1359 3522 in
1407 3483 1468 3522 re
1521 3469 1818 3524 scribunt?
1864 3457 2077 3538 Audeo,

498 3556 680 3627 inquit
723 3556 1167 3627 Chrysostomus,
1215 3559 1395 3628 majus
1442 3559 1704 3630 quiddam
1765 3561 1834 3615 de
1894 3561 2077 3628 nobis,

497 3666 661 3719 quam
696 3651 1007 3719 Apostolus,
1045 3652 1339 3707 afﬁrmare.
1371 3652 1526 3708 Adeo
1572 3669 1671 3709 vos
1719 3656 2077 3724 complector,

494 3744 743 3814 adeoque
771 3760 1029 3801 revereor
1048 3746 1192 3801 hanc
1214 3746 1500 3801 decentem
1522 3747 1740 3823 stolam,
1758 3758 1816 3802 et
1833 3750 2076 3805 colorem

494 3838 873 3904 continentiae,
907 3849 961 3894 et
987 3854 1178 3895 saeros
1209 3840 1378 3894 hosce
1433 3849 1762 3908 conventus,
1802 3854 1859 3897 et
1900 3859 2074 3914 augu-

494 3944 633 3986 stam
665 3932 1145 4003 virginitatem,et
1172 3934 1465 4002 puritatem
1494 3944 1548 3989 et
1574 3945 1900 3992 nocturnam
1930 3938 2076 4007 psal-

493 4024 751 4088 modiam,
787 4034 844 4079 et
888 4041 1133 4082 amorem
1186 4028 1242 4081 in
1281 4043 1572 4098 pauperes,
1603 4038 1660 4083 et
1708 4029 1978 4099 hospites,
2013 4038 2074 4084 ut

474 4117 654 4197 ⁸ιειὶιιιιι
690 4118 981 4173 anathema
1005 4134 1035 4172 a
1062 4118 1283 4173 Christo
1307 4134 1451 4185 esse,
1479 4129 1534 4174 et
1562 4120 1674 4190 pati
1713 4121 1887 4177 instar
1918 4121 2074 4175 dam-

492 4212 605 4266 nati
642 4212 829 4278 velim,
866 4220 1083 4267 tantum
1115 4220 1177 4268 ut
1208 4214 1426 4269 staretis
1463 4215 1753 4272 nobiseum
1823 4226 1879 4273 et
1913 4233 2069 4274 com-

490 4305 732 4359 muniter
764 4304 1094 4361 Trinitatem
1126 4305 1551 4366 celebraremus.

556 4578 664 4636 Sed
696 4579 812 4635 haec
849 4578 1072 4649 quidem
1111 4590 1335 4650 propter
1389 4583 1531 4648 illos,
1565 4585 1663 4655 qui
1705 4586 1774 4641 ab
1819 4585 2064 4644 Ecclesia

2186 3474 2459 3542 μακαρίου
2526 3473 2925 3544 τετολμηκότες
2996 3473 3300 3539 ὡσαύτως;
3352 3474 3417 3525 Τί
3473 3473 3576 3541 γὰρ
3626 3470 3739 3537 περὶ
3791 3488 3803 3499 ·

2182 3566 2391 3618 ἑαυτῶν
2419 3566 2574 3618 αὐτοὶ
2606 3568 2735 3636 περὶ
2770 3565 2977 3618 τούτων
3009 3567 3145 3635 φασὶ
3182 3566 3487 3634 γράφοντες
3515 3580 3528 3629 ;
3565 3558 3737 3627 Τολμῶ

2180 3673 2232 3710 τι
2265 3658 2363 3710 καὶ
2411 3658 2598 3727 μεῖζον
2646 3656 2789 3726 ὑπὲρ
2827 3655 3023 3726 ἡμῶν,
3068 3658 3241 3725 φησὶ,
3274 3655 3371 3707 τοῦ
3434 3650 3736 3707 Ἀποςτόλου

2146 3749 2524 3817 ςφθέγξασθαι
2550 3766 2563 3779 ’
2596 3749 2853 3803 τοσοῦτον
2887 3748 3042 3819 ὑμῶν
3074 3751 3427 3821 περιέχομαι,
3457 3749 3547 3801 κα)⁹
3569 3743 3737 3798 τοσοῦ-

2177 3858 2270 3894 τον
2301 3842 2455 3911 ὑμῶν
2480 3840 2735 3913 αἰδοῦμαι
2764 3844 2864 3913 τὴν
2888 3841 3159 3911 εὔκοσμον
3183 3844 3395 3914 ταύτην
3424 3842 3628 3909 στολὴν,
3656 3835 3738 3889 καὶ
3832 3882 3837 3885 ,

2176 3937 2237 3990 τδ
2267 3937 2466 4008 Χρῶμα
2487 3936 2584 4006 τῆς
2612 3936 2943 4007 ἐγκρατείας
2973 3938 3068 3989 καὶ
3097 3935 3166 3989 τά
3200 3936 3324 4007 ἱερά
3359 3935 3530 3988 ταῦτα
3559 3932 3739 3997 συστή-

2179 4048 2349 4101 ματα,
2378 4034 2474 4085 καὶ
2495 4033 2594 4102 τὴν
2625 4031 2833 4101 σεμνὴν
2862 4027 3163 4099 παρθενίαν
3198 4036 3293 4082 καὶ
3347 4029 3628 4100 κάθαρσιν,
3654 4023 3736 4077 καὶ

2173 4125 2273 4197 τὴν
2310 4127 2583 4196 πάννυχον
2613 4124 2967 4195 ψαλμῳδίαν,
3004 4125 3097 4177 καὶ
3144 4124 3203 4176 τὸ
3238 4126 3575 4194 φιλόπτωχον
3598 4161 3612 4177 .
3651 4117 3732 4172 καὶ

2174 4218 2521 4289 φιλάδελφον,
2558 4220 2653 4272 καὶ
2697 4218 2994 4288 φιλόξενον,
3022 4217 3166 4270 ὥστε
3200 4220 3296 4271 καὶ
3329 4217 3576 4287 ἀνάθεμα
3606 4212 3731 4268 εἶναι

2170 4318 2281 4371 ἀπὸ
2315 4312 2582 4384 Χριστοῦ,
2612 4314 2708 4366 καὶ
2740 4312 2935 4366 παθεῖν
2965 4330 3015 4365 τι
3039 4312 3113 4376 ὡς
3138 4313 3466 4384 κατάκριτος
3498 4312 3728 4380 δέχομαι,

2173 4409 2334 4478 μόνον
2368 4410 2418 4461 εί
2444 4407 2667 4476 σταίητε
2697 4405 2817 4476 μεθ’
2844 4405 3025 4477 ἡμῶν,
3060 4408 3152 4460 καὶ
3184 4406 3371 4477 κοινὴν
3417 4406 3514 4477 τὴν
3544 4402 3732 4475 Τριάδα

2167 4502 2519 4569 δοξάσαιμεν.
3339 4489 3342 4493 ’

2253 4591 2418 4643 Ἀλλά
2448 4590 2621 4643 ταῦτα
2652 4590 2754 4660 μὲν
2787 4589 2927 4657 ὑπὲρ
2958 4590 3182 4643 ἐκείνων
3211 4590 3322 4644 τῶν
3348 4590 3453 4656 ἔξω
3489 4590 3583 4660 τῆς
3618 4587 3731 4640 Ἐκ-

485 4671 692 4726 Christi
718 4672 967 4724 extranei
1004 4682 1134 4725 sunt
1165 4672 1451 4739 videlicet,
1484 4675 1623 4730 adeo
1673 4677 1948 4733 mirabilia
2009 4689 2067 4735 et

2181 4685 2407 4756 κλησίας
2435 4685 2684 4755 δηλονότι
2724 4679 2989 4757 Χριστοῦ,
3037 4685 3185 4739 οὕτω
3234 4685 3527 4757 θαυμαστά
3557 4699 3611 4736 τε
3646 4679 3731 4734 καὶ

489 4762 583 4817 Dei
620 4762 929 4817 imitatione
960 4763 1179 4829 referta,
1209 4768 1354 4821 sicut
1379 4766 1515 4820 dixi.
1549 4765 1845 4823 Videamus
1864 4770 2069 4825 nihilo-

490 4856 675 4911 minus
718 4872 841 4925 qua:
885 4867 1113 4927 propter
1143 4860 1413 4926 internos,
1443 4870 1501 4916 et
1532 4860 1827 4932 legitimos,
1864 4864 2066 4921 divini»

488 4958 766 5021 talemque
797 4951 1039 5020 Spiritus
1067 4954 1395 5020 conﬁtentes
1418 4961 1473 5009 et
1499 4955 1794 5012 adorantes
1839 4958 2066 5017 dixerit.

430 5046 439 5052 ‘
491 5040 718 5105 Vellem,
747 5043 947 5112 inquit,
981 5044 1027 5097 si
1070 5059 1313 5113 possem,
1348 5054 1474 5100 ante
1506 5048 1695 5104 oculos
1728 5049 1883 5106 vobis
1927 5067 2060 5107 con-

484 5132 737 5197 stituere,
771 5149 935 5201 quam
967 5115 1115 5203 'erga
1170 5149 1268 5187 vos
1311 5151 1445 5204 gero
1502 5136 1852 5193 ebaritutetn.
1907 5141 2057 5196 Nihil

484 5225 689 5294 quippe
734 5226 868 5279 mihi
896 5226 1051 5280 vobis
1082 5233 1167 5280 est
1210 5227 1527 5290 amabilius,
1557 5244 1627 5284 ne
1675 5230 1791 5299 ipsa
1834 5234 2059 5301 quidem

484 5314 577 5371 lux
605 5319 729 5372 ista.
768 5316 965 5371 Millies
995 5318 1143 5370 enim
1173 5327 1415 5383 cptarem
1447 5319 1562 5389 ipse
1610 5322 1796 5378 orbari
1828 5324 2061 5382 lumini-

487 5411 609 5476 bus,
639 5413 684 5465 si
715 5411 790 5463 ita
815 5409 1030 5462 animas
1056 5417 1263 5463 vestras
1289 5423 1610 5467 convertere
1637 5412 1888 5484 possem:
1918 5419 2059 5474 adeo

484 5504 619 5557 mihi
673 5503 821 5555 salus
865 5510 1046 5555 vestra
1103 5500 1267 5569 hujus
1312 5502 1454 5558 lucis
1498 5518 1721 5577 aspectu
1761 5509 2062 5580 jucundior

480 5605 588 5652 est.
619 5595 758 5649 Nam
810 5595 942 5673 quid
982 5595 1179 5665 juvant
1216 5599 1353 5653 radii
1382 5599 1537 5667 solis,
1584 5604 1808 5673 quando
1862 5607 2060 5662 oborta

556 5755 600 5787 ³³
631 5751 824 5807 Matth.
855 5767 931 5819 xt,
961 5752 1053 5810 29.
1127 5755 1174 5789 "
1201 5756 1362 5814 Joan.
1406 5775 1494 5826 xv,
1528 5760 1613 5814 t3.

2173 4780 2504 4850 θεομίμητα,
2530 4778 2784 4849 καθάπερ
2805 4779 2977 4850 ἔφθην
2998 4777 3190 4834 εἰπών.
3249 4781 3478 4848 Ἱδωμεν
3502 4779 3544 4830 δ’
3565 4771 3730 4829 ὡσαύ-

2173 4889 2281 4935 τως
2312 4872 2407 4925 καὶ
2428 4873 2496 4925 τὰ
2521 4872 2664 4942 ὑπὲρ
2696 4872 2805 4925 τῶν
2841 4872 2989 4926 ἔνδον
3039 4875 3134 4926 καὶ
3168 4872 3406 4942 γνησίων
3428 4869 3615 4939 αὐτῆς,
3644 4862 3728 4919 καὶ

2176 4965 2345 5032 ὑγιῶς
2378 4964 2476 5035 τὴν
2505 4965 2735 5035 θεότητα
2761 4962 2858 5018 τοῦ
2898 4964 3216 5033 Πνεῦματος
3251 4960 3722 5034 ἀνομολογούντων.

2167 5048 2262 5108 καὶ
2331 5056 2803 5126 προσκυνούντων.
2849 5057 3200 5126 Ἐὁουλόμην,
3227 5060 3274 5110 εἰ
3301 5053 3411 5111 οἷόν
3438 5073 3518 5124 τε,
3552 5051 3720 5123 φησὶν,

2130 5158 2137 5163 ’
2166 5148 2286 5218 ὕψει
2312 5150 2449 5219 αὐτῇ
2489 5150 2586 5220 τὴν
2616 5149 2841 5219 ἀγάπην
2875 5150 2942 5221 ἢν
2976 5153 3104 5219 περὶ
3155 5152 3298 5219 ὑμᾶς
3330 5150 3458 5221 ἔχω,
3488 5143 3718 5208 ἐπιδείξα-

2170 5246 2320 5296 σθαι.
2374 5240 2541 5296 Οὐδὲν
2589 5242 2700 5311 γὰρ
2755 5243 2883 5312 ἐμοὶ
2938 5243 3323 5314 ποθεινότερον
3367 5242 3556 5313 ὑμῶν,
3610 5232 3719 5289 οὐδὲ

2162 5332 2321 5386 τοῦτο
2351 5332 2408 5386 τὸ
2432 5333 2569 5402 φῶς.
2602 5333 2883 5403 Μυριάκις
2906 5335 3015 5405 γὰρ
3040 5334 3310 5406 εὐξαίμην
3343 5334 3407 5387 ἂν
3451 5331 3602 5392 αὐτὸς
3628 5341 3720 5389 πηι-

2166 5423 2449 5494 ρωθῆναι,
2469 5422 2524 5476 εἴ
2547 5440 2609 5491 γε
2658 5423 2784 5493 ἐνῆν
2817 5424 2907 5476 διὰ
2936 5426 3127 5478 τούτου
3160 5428 3257 5488 τάς
3302 5423 3563 5494 ὑμετέρας
3606 5418 3715 5469 επι-

2167 5516 2403 5585 στρέψαι
2451 5515 2667 5586 ψυχάςο
2708 5515 2883 5579 οὕτως
2928 5518 3094 5572 αὐτοῦ
3142 5517 3237 5571 τοῦ
3277 5517 3453 5586 φωτὸς
3497 5506 3714 5582 γλυκίων

2166 5609 2297 5680 ἐμοὶ
2328 5610 2361 5679 ἡ
2399 5608 2643 5680 σωτηρία
2680 5609 2714 5679 ή
2750 5609 3014 5681 ὑμετέρα.
3051 5612 3116 5665 Τί
3151 5618 3259 5683 γὰρ
3286 5610 3473 5680 ὄφελός
3504 5619 3592 5676 μοι
3619 5598 3712 5653 τῶν
