4036 6440
521 347 636 415 tm

1585 345 2016 408 PHILOTHEI
2055 345 2167 409 (ΖΡ.
2209 343 2731 405 ΡΑΤΒῙΑΒΕἩΕ

3667 343 3760 410 812

530 476 684 519 mea:
712 461 778 521 ".
813 459 878 515 ad
927 455 1168 515 nobilem
1219 455 1372 510 illum
1407 455 1781 525 coryplmum,
1815 457 2036 510 tertium
2085 472 2116 510 a

2230 456 2318 509 καὶ
2349 455 2428 522 τὸ,
2462 456 2529 509 El
2551 453 2748 524 φιλεῖς
2777 469 2874 522 με,
2905 454 3108 524 Πέτρε,
3137 453 3412 523 ποίμαινε
3440 452 3506 507 τὰ
3525 457 3760 522 πρόϐατά

518 552 759 608 ’Christo
782 551 1077 620 prolatum,
1105 547 1170 602 ad
1189 561 1248 601 se
1270 545 1628 598 nihilominus
1654 546 1811 613 plane
1843 547 2110 614 prolatum

2230 562 2359 608 uov,
2410 546 2549 614 πρὸς
2601 545 2695 598 τὸν
2730 545 2906 613 μέγαν
2943 547 3153 598 τουτονὶ
3208 548 3503 617 κορυφαῖον
3551 549 3762 618 τρισσῶς

531 647 667 710 rati,
698 645 862 699 etiam
893 643 973 697 sic
1003 656 1128 696 eum
1170 653 1388 701 amare,
1423 647 1482 691 ut
1518 638 1631 706 ipse
1673 639 1840 691 amari
1875 639 2111 704 volebat,

525 738 726 794 verbis
773 745 830 792 et
875 735 1136 804 operibus
1163 748 1287 787 cum
1328 731 1491 785 Petro
1536 730 1842 788 studentes.
1875 732 2112 786 animam

533 845 785 902 quoque,
815 841 876 884 ut
907 829 1021 888 ille,
1055 843 1154 896 pro
1199 840 1361 894 grege
1394 823 1687 886 dederunt,
1715 832 1768 877 et
1803 825 2114 878 mercedem

533 937 710 978 sacra:
735 921 1034 974 {unctionis
1066 919 1117 970 in
1146 915 1440 984 Evangelio
1481 915 2114 984 prmdicando,divinum

533 1024 594 1069 et
615 1009 997 1067 inmstimabile
1028 1008 1309 1077 praemium
1333 1022 1362 1058 a
1384 1003 1610 1060 Christo
1634 1006 2117 1072 tetulerunt.Quid

537 1103 688 1157 enirn
719 1104 977 1169 deinceps
1017 1098 1172 1152 beato
1195 1097 1465 1166 discipulo
1487 1097 1561 1152 ait
1585 1098 1608 1150 ?
1635 1098 1800 1150 Amen
1820 1115 1976 1152 amen
2004 1099 2118 1152 dico

541 1194 634 1249 tibi
653 1209 670 1246 :
689 1195 899 1264 quando
916 1208 1034 1244 eras
1051 1191 1256 1261 jtmior,
1273 1189 1513 1260 cingebus
1537 1200 1605 1255 te;
1629 1197 1678 1241 et
1699 1189 2008 1243 ambulabas
2032 1191 2120 1245 ubi

539 1286 746 1340 uolebas
763 1300 780 1336 :
795 1283 1004 1353 quando
1032 1291 1208 1333 autem
1227 1282 1486 1347 senueris,
1504 1280 1747 1333 extendes
1766 1297 1955 1334 manus
1977 1289 2116 1346 tuas,

534 1389 590 1430 et
621 1377 758 1430 alius
791 1383 837 1428 te
868 1375 1058 1443 cinget,
1079 1380 1126 1425 et
1151 1371 1326 1436 ducet,
1358 1388 1460 1440 quo
1494 1380 1548 1424 tu
1589 1388 1691 1423 non
1741 1373 1837 1426 vis.
1875 1370 1989 1425 Hoc
2024 1388 2122 1426 au-

541 1481 647 1522 tem
676 1467 832 1530 dixit,
852 1463 1050 1533 inquit,
1084 1462 1386 1532 signiﬁcans
1415 1478 1518 1532 qua
1553 1471 1716 1514 morte
1756 1470 1886 1516 esset
1919 1461 2122 1531 clariﬁ-

530 1570 754 1615 eaturus
800 1558 963 1611 Deum
988 1557 1058 1621 ⁸⁷,
1093 1555 1319 1624 perinde
1355 1568 1419 1608 ac
1474 1554 1518 1608 si
1558 1553 1786 1620 diceret,
1826 1554 2120 1623 Postquam

535 1663 743 1705 munus
797 1647 1076 1718 pastorale
1123 1659 1326 1707 meum,
1359 1652 1415 1698 et
1452 1659 1671 1713 gregem
1717 1659 1898 1698 meum
1931 1659 2122 1698 susce-

541 1741 694 1811 pisti,
724 1749 785 1792 ut
826 1753 928 1806 ego
954 1736 1102 1799 volo,
1139 1744 1194 1790 et
1225 1735 1297 1787 ita
1333 1748 1419 1787 me
1449 1733 1679 1802 diligere
1722 1733 2012 1788 confessus
2037 1748 2118 1799 es,

2219 636 2509 705 εἰρημένον
2534 637 2682 706 παρὰ
2716 636 2979 706 Χριστοῦ,
3014 638 3108 690 καὶ
3136 637 3270 707 πρὸς
3295 638 3489 700 αὐτοὺς
3527 639 3762 703 ὡσαύτως

2208 726 2473 797 εἰρῆσθαι
2502 728 2823 797 νομίσαντες
2849 729 3136 798 ἄντικρυς,
3160 731 3255 782 καὶ
3279 727 3424 782 οὓτω
3447 731 3616 799 φιλεῖν
3642 733 3765 783 ἐκεῖ-

2219 836 2328 882 νον,
2359 818 2435 882 ὡς
2469 821 2672 882 ἐκεῖνος
2693 819 2967 883 ἐϐούλετο,
2998 821 3092 874 καί⁵
3122 823 3302 886 λόγοις
3326 821 3417 874 καὶ⁸
3445 823 3617 891 ἔργοις
3648 823 3767 890 μετὰ

2223 908 2436 976 Πέτρου
2471 910 2898 975 σπουδάσαντες,
2928 915 3022 963 καὶ
3053 913 3151 980 τὴν
3202 910 3378 982 ψυχὴν
3432 912 3546 964 κατ’
3587 913 3769 966 ἐκεῖνον

2223 1001 2366 1070 ὑπὲρ
2385 1001 2480 1053 τοῦ
2501 1002 2758 1070 ποιμνίου
2788 1001 3076 1064 δεδώκασι,
3105 1005 3202 1055 καὶ
3236 1003 3432 1073 μισθὸν
3458 1005 3554 1072 τῆς
3583 1003 3770 1073 ἱερουρ-

2224 1091 2350 1162 γίας
2385 1092 2477 1145 τοῦ
2511 1091 2874 1161 Εὑαγγελίου,
2902 1098 2999 1147 καὶ
3035 1095 3339 1164 θεοπρεπὲς
3375 1098 3470 1150 καὶ
3501 1098 3772 1166 ὑπέρτιμον

2226 1180 2388 1234 τοῦτο
2437 1183 2606 1250 γέρας
2661 1187 2814 1252 παρὰ
2866 1178 3105 1252 Χριστοῦ
3166 1185 3511 1254 ἐκομίσαντο.
3567 1186 3628 1240 Τί
3681 1187 3772 1256 γάρ

2224 1291 2390 1344 φησιν
2423 1274 2584 1336 αὐτὸς
2617 1277 2736 1344 μετ’
2775 1277 2959 1328 ἐκεῖνα
2989 1277 3126 1348 πρὸς
3182 1278 3273 1329 τὸν
3315 1278 3581 1348 μακάριον
3627 1279 3775 1346 μαθη-

2220 1369 2342 1437 "etv;
2385 1366 2576 1435 Ἀμὴν
2594 1367 2922 1436 ἀμὴνλέγω
2946 1384 3063 1432 σοι,
3090 1367 3188 1422 ὅτε
3210 1364 3284 1438 ἦς
3307 1369 3609 1436 νεώτερος,
3634 1368 3776 1426 ἐζών-
3864 1436 3866 1438 τ

2221 1474 2366 1523 νυες
2396 1459 2658 1511 σεαυτὸν
2680 1457 2778 1512 καὶ
2807 1460 3180 1526 περιεπάτεις
3209 1459 3365 1513 ὅπου
3390 1458 3624 1528 ἤθελεςο
3649 1461 3775 1513 ὅταν

2223 1548 2290 1602 δὲ
2313 1549 2606 1618 γηράσῃς,
2631 1549 2897 1616 ἐκτενεῖς
2928 1548 3031 1617 τὰς
3057 1549 3255 1619 χεῖράς
3279 1567 3398 1604 σου
3415 1551 3512 1604 καί
3532 1551 3706 1615 ἄλλος
3717 1567 3777 1605 σε

2225 1642 2400 1706 ζώσει
2431 1643 2532 1695 καί
2570 1643 2727 1696 οἴσει
2753 1642 2908 1696 ὅπου
2939 1644 3011 1696 οὐ
3047 1643 3260 1708 θέλεις.
3296 1644 3480 1698 Ίοῦτο
3501 1643 3567 1698 δέ
3588 1659 3775 1712 φησιν,

2225 1731 2370 1797 εἷπε,
2403 1735 2722 1802 σημαίνων
2762 1734 2913 1800 ποίῳ
2949 1734 3184 1798 θανάτῳ
3215 1734 3465 1799 δοξάσει
3493 1745 3599 1790 τόν
3633 1735 3776 1788 Θεόν”

539 1831 648 1886 hoc
675 1830 957 1900 praemium
982 1826 1360 1897 dignissimum
1387 1839 1417 1878 a
1452 1838 1539 1877 me
1571 1823 1900 1892 reportabis,
1936 1831 1994 1876 ut
2022 1840 2121 1894 per

2230 1797 2512 1894 μονονουγλ
2529 1823 2686 1875 τοῦτο
2705 1797 2898 1890 λέγων,
2921 1825 3001 1876 ὅτι
3034 1822 3253 1896 Ἐπειδὴ
3273 1797 3549 1896 ἡμετέραν
3576 1842 3779 1890 ποιμαν-

535 1932 779 1976 mortem
825 1931 885 1974 et
937 1932 1157 1973 erucem
1189 1931 1276 1970 me
1322 1913 1596 1984 sequaris,
1633 1915 1816 1984 itaque
1846 1914 2120 1985 gloriﬁces

536 2013 738 2078 Deum,
767 2021 822 2067 ct
847 2011 1166 2082 gloriﬁceris
1198 2023 1228 2063 a
1266 2009 1395 2062 Deo.

2230 1917 2408 1987 τικὴν,
2441 1916 2536 1969 καὶ
2560 1914 2621 1967 τὸ
2665 1915 2797 1984 ὲμδν
2827 1901 3062 1980 ἀνεδέξω
3101 1915 3360 1985 ποίμνιον
3389 1955 3406 1984 ,
3437 1917 3510 1982 ὡς
3548 1916 3651 1985 ἐγὼ
3678 1913 3780 1984 sos.

2230 2007 2420 2077 λομαι,
2453 2006 2549 2058 καὶ
2581 2004 2728 2060 οὔτω
2769 2023 2836 2076 με
2869 2008 3045 2076 φιλεῖν
3079 2007 3444 2078 ὡμολόγησας
3471 2048 3486 2072 ,
3517 2011 3668 2062 τοῦτο
3711 2024 3781 2076 μι-

541 2108 671 2162 σθὸν
720 2106 1017 2171 ἀξιώτατον
1051 2105 1239 2173 κομιεῖ
1308 2101 1440 2172 παρ’
1486 2099 1643 2171 ἐμοῦ,
1706 2099 1769 2153 τὸ
1816 2099 1905 2154 διὰ
1935 2098 2173 2172 σταυροῦ
2209 2102 2306 2156 καὶ⁵
2361 2101 2597 2156 Θανάτου
2649 2101 3014 2172 ἀκολουθῆσαί
3073 2118 3187 2170 μοι,
3251 2102 3351 2155 καὶ
3401 2101 3543 2156 οῦτω
3585 2099 3779 2166 δοξάσαι

530 2199 704 2264 θεὸν,
735 2198 830 2252 καὶ
867 2195 1198 2266 δοξασθῆναι
1231 2195 1552 2266 θεοπρεπῶς
1593 2193 1724 2264 παρ’
1754 2194 1942 2249 αὑτοῦ.

607 2289 747 2345 llaec
765 2302 822 2344 et
843 2304 965 2354 vos,
987 2304 1019 2343 ο
1046 2288 1322 2359 generosi,
1352 2285 1696 2351 aetnulantes,
1725 2303 1780 2342 et
1806 2289 2121 2358 loquentes,

533 2383 918 2454 operibusque
953 2388 1142 2450 aperte
1191 2388 1250 2434 et
1302 2377 1596 2448 insigniter
1655 2380 2121 2445 demonstrantes,

461 2487 474 2498 κ
539 2483 602 2526 et
627 2471 785 2526 Petro
829 2471 922 2524 illo
961 2467 1287 2522 admirando
1314 2469 1478 2522 etiam
1512 2468 1614 2521 hac
1660 2467 1713 2521 in
1745 2477 1900 2537 parte
1948 2468 2123 2524 nihilo

543 2564 864 2625 inferiores,
893 2559 1170 2615 similibus
1201 2560 1330 2613 item
1363 2559 1601 2628 praemiis
1663 2567 1713 2612 et
1759 2559 2125 2628 appellatione

551 2652 860 2715 honestati,
916 2659 972 2705 et
1004 2665 1128 2703 cum
1183 2650 1277 2704 illo
1330 2665 1360 2703 a
1393 2649 1612 2704 Christo
1664 2649 1794 2706 facti
1842 2651 1976 2706 estis
2036 2651 2130 2704 tua:

549 2743 761 2803 mundi,
789 2741 874 2795 sal
915 2751 1092 2804 εει-ναξ,
1128 2741 1315 2794 civitas
1349 2757 1512 2811 supra
1555 2751 1802 2804 montem,
1833 2752 1880 2796 et
1912 2741 2128 2796 lucerna

545 2849 714 2901 supra
739 2831 1123 2886 candelabrum
1173 2832 1343 2901 posita
1371 2829 1418 2862 ⁸⁸
1442 2871 1458 2894 ,
1490 2847 1612 2901 qua:
1640 2833 1692 2886 in
1733 2833 1901 2888 totius
1936 2831 2128 2887 mundi

539 2925 717 2978 domo
751 2926 958 2978 luceat.
994 2922 1187 2992 Neque
1221 2923 1323 2976 ista
1363 2931 1596 2988 tantum,
1632 2923 1727 2978 sed
1753 2925 1918 2978 etiam
1947 2923 2130 2978 claves

544 3016 704 3086 regni
765 3016 1030 3070 castorum
1103 3016 1227 3069 ideo
1278 3015 1434 3070 vobis
1496 3015 1718 3070 creditae
1789 3025 1940 3072 sunt.
2009 3014 2124 3070 Nec

2299 2289 2484 2343 Ταζτα
2517 2291 2608 2343 καὶ
2645 2289 2828 2360 ὑμεῖς,
2867 2283 2912 2344 ὧ
2950 2291 3212 2358 γενναῖοι,
3246 2290 3588 2360 ζηλώσαντες
3614 2292 3699 2345 καὶ
3723 2291 3784 2338 εἰ·

2229 2381 2445 2445 πάντες,
2476 2382 2574 2434 καὶ
2607 2381 2876 2450 λαμπρῶς
2915 2381 3004 2435 διὰ
3033 2381 3141 2433 τῶν
3175 2381 3358 2450 ἔργων
3390 2381 3781 2449 ἐπιδειξάμενοι.

2230 2473 2327 2525 καὶ
2375 2471 2472 2522 τοῦ
2509 2471 2830 2541 θαυμαστοῦ
2866 2471 3075 2540 Πέτρου
3138 2471 3310 2541 μηδὲν
3366 2469 3778 2538 ἀπολειφθέντες,

2230 2561 2326 2615 καὶ
2355 2561 2498 2614 κατὰ
2527 2561 2685 2614 τοῦτο
2713 2565 2807 2615 καὶ
2833 2560 2941 2614 τῶν
2969 2559 3171 2630 ὁμοίων
3200 2561 3382 2630 γερῶν
3405 2560 3678 2624 ὡσαύτως,
3707 2557 3779 2608 καὶ

2228 2651 2328 2721 τῆς
2384 2652 2742 2722 ἀναρρήσεως
2783 2651 3076 2722 ἡξιώθητε,
3110 2650 3205 2704 καὶ
3258 2649 3391 2720 φῶς
3422 2651 3527 2706 τοῦ
3577 2650 3778 2718 κόσμου

2227 2741 2328 2796 καί
2359 2739 2514 2807 ἅλας
2545 2740 2656 2810 τῆς
2689 2741 2824 2811 γῆς,
2864 2742 2964 2794 καί
3033 2742 3213 2807 πόλις
3251 2741 3457 2795 ἐπάνω
3482 2741 3651 2810 δέους
3687 2755 3779 2792 κει·

2224 2832 2406 2902 μένη,
2457 2833 2558 2886 καὶ
2609 2834 2841 2901 λύχνος
2869 2833 2967 2886 ἐπὶ
3005 2833 3265 2902 λυχνίον
3318 2835 3666 2903 τεθειμένος,
3703 2828 3779 2883 καὶ

2231 2924 2462 2994 λάμπων
2506 2928 2562 2978 ὲν
2611 2930 2678 2997 τῇ
2725 2927 3060 2998 παγκοσμίῳ
3091 2928 3240 2996 οἰκίᾳ
3279 2928 3460 2997 ταύτῃ
3488 2928 3630 2997 παρὰ
3668 2925 3779 2991 Χρι-

2238 3019 2388 3084 στοῦ,
2423 3008 2519 3071 σὺν
2577 3019 2770 3088 ἐκείνῳ
2829 3019 3116 3087 γεγόνατε.
3160 3020 3267 3072 Καὶ
3317 3021 3379 3073 ού
3412 3020 3580 3074 ταῦτα
3624 3020 3779 3087 μόνον,

542 3115 819 3178 quantum
852 3115 938 3160 est
976 3105 1134 3174 spatii
1173 3105 1241 3158 ab
1284 3104 1587 3159 Jerusalem
1623 3121 1796 3174 usque
1854 3107 1909 3161 in
1957 3104 2127 3176 Illyri-

2231 3109 2369 3163 ἀλλὰ
2411 3110 2506 3162 καὶ
2532 3109 2677 3171 κλεῖς
2717 3109 2967 3178 οὐρανῶν
3000 3112 3096 3162 σὺν
3139 3113 3338 3183 ἐκείνῳ
3381 3111 3448 3165 δι’
3486 3114 3663 3164 ἐκεῖνα
3701 3125 3778 3160 πι-

546 3215 703 3262 cum,
738 3198 833 3254 sed
863 3197 1053 3252 orbem
1093 3197 1356 3265 majorem
1404 3197 1706 3268 Evangelia
1751 3197 2026 3261 obivistis,
2070 3204 2128 3252 et

541 3289 648 3344 ﬁlii
685 3289 916 3344 tonitrui
945 3304 1052 3342 non
1081 3288 1302 3358 quidem
1339 3289 1760 3358 nuncupamini,
1807 3289 1902 3345 sed
1935 3303 2126 3344 revera

539 3381 723 3444 estis,
761 3390 819 3435 et
875 3395 1038 3448 super
1095 3389 1292 3449 peetus
1339 3379 1470 3434 Jesu
1538 3380 1945 3442 recumbentes,
1999 3378 2128 3433 inde

555 3473 828 3527 sermonis
893 3469 1270 3524 eilicacitatetn
1325 3470 1868 3541 profunditatemque
1926 3469 2132 3525 intelli-

549 3565 865 3636 gentiarum
908 3561 1147 3617 trahitis.

622 3747 826 3803 l’cenas
873 3754 1055 3801 autem
1107 3743 1529 3815 protomartyris
1577 3741 1846 3812 Stephani
1891 3741 2132 3797 illustres

543 3838 649 3894 isti
677 3837 913 3909 experiri
945 3835 1196 3906 permissi
1228 3849 1336 3888 non
1373 3841 1525 3895 sunt,
1557 3833 1916 3903 lapidautium
1947 3841 2002 3886 et
2043 3846 2134 3887 oc-

557 3933 832 3989 cultorum
872 3930 1093 3984 illorum
1132 3935 1496 3983 mactatorum
1540 3926 1808 3995 quosdam
1841 3926 1952 3980 Deo
1974 3925 2134 3980 coeli-

545 4035 652 4080 .tus
680 4022 976 4080 cohibente
1004 4059 1022 4085 ,
1062 4019 1134 4073 ob
1169 4017 1404 4072 salutem
1429 4031 1644 4081 eorum,
1681 4014 1884 4085 quibus
1909 4015 2010 4085 ipsi
2050 4030 2136 4070 sa-

550 4117 729 4172 lutem
757 4120 1113 4185 pepererunt,
1150 4119 1210 4164 ut
1235 4121 1288 4165 et
1310 4097 1442 4162 ante
1470 4107 1748 4172 diximus;
1775 4107 1896 4161 aliis
1920 4107 2137 4177 pudore.

559 4215 619 4263 et
649 4205 962 4262 reverentia
993 4217 1121 4272 erga
1158 4199 1280 4254 illos
1306 4199 1502 4269 captis,
1530 4198 1986 4254 succetisentihus
2018 4199 2138 4254 ani-

559 4298 689 4361 mis.
740 4295 1064 4367 lapidesque
1115 4290 1372 4346 manibus
1417 4289 1789 4360 portantibus.
1837 4291 2016 4357 Quare
2078 4300 2137 4345 et

549 4404 662 4460 ego
717 4402 928 4457 supra,
989 4383 1215 4445 ordine,
1275 4381 1522 4445 honore,
1582 4382 1980 4436 certaminibus
2035 4396 2135 4452 per

557 4479 746 4534 omnia
785 4476 1159 4546 apostolorum
1208 4471 1413 4528 Christi
1452 4473 1796 4545 principibus
1845 4488 2007 4543 pares
2036 4487 2134 4528 eos

555 4584 681 4625 esse
710 4565 1049 4627 conﬁrmavi,
1100 4571 1156 4618 et
1187 4578 1313 4618 cum
1363 4563 1509 4619 Mose
1549 4563 1812 4642 collocavi
1837 4601 1852 4627 ,
1881 4561 2015 4632 quin
2045 4578 2138 4618 su-

561 4675 659 4731 pra
717 4659 928 4721 Mosen,
979 4666 1036 4711 et
1068 4653 1284 4738 Veteris
1329 4653 1668 4709 Testamenti
1710 4653 2028 4722 prophetas,
2082 4664 2138 4710 et

561 4748 904 4820 lcgislatores
938 4745 1236 4816 perfectos,
1283 4753 1341 4798 et
1377 4743 1474 4797 Dei
1507 4749 1847 4812 spectatores
1877 4757 1890 4792 :
1948 4749 2137 4810 utpote

555 4842 658 4912 qui
687 4840 926 4894 divinam
957 4837 1104 4892 iliam
1145 4837 1318 4906 legem
1362 4847 1624 4902 sacraque
1689 4832 1952 4886 vaticinia
1993 4834 2136 4888 scri-
2182 4841 2192 4852 '

562 4934 674 5004 ptis
703 4933 820 4986 suis
845 4929 1194 4991 illustrarint,
1223 4938 1279 4982 et
1310 4926 1531 4981 illorum
1566 4924 1861 4977 transitum
1895 4939 1924 4977 a
1951 4924 2135 4988 littera

551 5022 634 5079 ad
668 5021 922 5093 spiritum
949 5033 1142 5074 omnes
1173 5018 1436 5070 mortales
1468 5012 1786 5068 docuerint.

562 5211 575 5232 "
616 5210 789 5281 Quod
821 5210 867 5265 si
906 5208 1084 5262 Moses
1115 5220 1216 5276 pro
1261 5202 1470 5258 lsraele
1507 5203 1619 5257 Deo
1674 5201 1815 5257 irato
1847 5201 1986 5256 dixit
2020 5219 2034 5257 :
2078 5202 2136 5257 Si

551 5303 778 5357 dimittis
808 5300 915 5355 illis
965 5306 1258 5368 peccatum.
1287 5293 1534 5359 dimitte;
1563 5295 1647 5347 sin
1675 5301 1870 5357 autem,
1903 5293 2015 5347 dele
2055 5309 2137 5346 me

555 5395 624 5446 de
652 5392 806 5457 libro,
837 5405 989 5461 quem
1022 5387 1278 5454 scripsisti
1309 5387 1378 5449 ",
1416 5385 1485 5439 ob
1512 5388 1794 5441 ardentem
1831 5388 2012 5457 gregis
2049 5387 2135 5440 Siti

549 5497 800 5537 amorem
844 5495 969 5534 cum
1009 5495 1076 5531 eo
1094 5478 1271 5547 perire
1322 5494 1428 5531 non
1471 5494 1757 5547 recusans,
1796 5495 1927 5534 sane
1965 5481 2133 5534 etiam

559 5573 683 5642 hic,
718 5574 788 5630 si
820 5571 1158 5641 inquisieris,
1209 5571 1351 5639 apud
1381 5581 1634 5640 pastores
1687 5583 1743 5628 et
1796 5573 2134 5642 legislatores

2231 3197 2511 3253 στεύεσθε.
2547 3200 2658 3253 Καὶ
2693 3197 2794 3268 οὐχ
2829 3199 2952 3253 ὅσον
2979 3199 3087 3252 ἀπὸ
3127 3198 3492 3272 Ἰερουσαλὴμ
3527 3201 3679 3270 μέχρι
3703 3192 3779 3247 τοῦ

2243 3289 2575 3362 Ἰλλυρικοῦ,
2619 3291 2848 3361 μείζονα
2873 3292 2930 3344 δὲ
2962 3291 3161 3345 κύκλον
3198 3292 3276 3361 τῷ
3315 3293 3624 3362 Εὑαγγελίῳ
3649 3305 3782 3357 περιο
3802 3336 3821 3366 ,

2229 3377 2538 3451 λαμσάνετε
2561 3398 2578 3412 ο
2626 3382 2722 3435 καὶ
2754 3383 2860 3434 uici
2905 3381 3134 3453 βροντῆς
3169 3383 3270 3434 οὐκ
3325 3381 3648 3454 ὁνομάζεσθε
3682 3379 3781 3448 μὲν,

2230 3471 2451 3542 γίνεσθε
2475 3472 2554 3536 δὲ,
2586 3473 2682 3525 καὶ⁵
2715 3473 2809 3526 ἐπὶ
2843 3473 3132 3541 τὸστῆθος
3166 3473 3346 3542 Ἰησοῦ
3387 3476 3640 3540 κείμενοι,
3664 3470 3784 3521 ἐκεῖ·

2232 3563 2325 3618 θεν
2363 3563 2554 3617 ἕλκετε
2585 3562 2680 3616 τοῦ
2709 3563 2869 3633 λόγου
2903 3564 3002 3633 τὴν
3025 3563 3256 3633 δύναμιν
3287 3568 3380 3618 καὶ
3424 3566 3484 3618 τὸ
3511 3563 3664 3636 βάθος
3690 3556 3780 3610 τιίν

2231 3655 2542 3726 νοημάτων.

2306 3748 2388 3803 Τά
2438 3748 2496 3801 δὲ
2527 3746 2624 3802 τοῦ
2673 3751 3141 3821 πρωτομάρτυρος
3181 3750 3458 3819 Στεφάνου
3513 3746 3695 3803 παθεῖν
3741 3739 3782 3793 οἱ

2234 3837 2476 3904 γενναῖοι
2508 3837 2846 3890 κεκώλυνται
2867 3853 2884 3873 ο
2913 3839 3037 3901 τοὺς
3067 3838 3166 3908 μὲν
3193 3839 3544 3906 λιθαζόντων,
3574 3838 3663 3890 καὶ
3688 3831 3781 3886 τῶν

2235 3925 2500 3995 κρυπτῶν
2525 3925 2754 3977 ἐκείνων
2797 3927 3050 3994 σφαγέων
3084 3927 3295 3981 ἄνωθεν
3327 3929 3638 3998 ἐπισχόντος
3667 3919 3783 3976 Θεοῦ

2234 4016 2324 4070 διά
2351 4015 2450 4087 τὴν
2488 4017 2596 4070 τῶν
2636 4005 2960 4088 σωζομένων
2987 4019 3080 4072 ὑπ’
3114 4018 3296 4071 αὐτῶν
3331 4018 3619 4091 σωτηρίαν,
3662 4012 3783 4068 καθὰ

2237 4111 2303 4184 δὴ
2335 4113 2430 4166 καὶ
2452 4112 2762 4182 φθάσαντες
2791 4111 3004 4183 ἔφημεν
3026 4129 3041 4144 ο
3070 4115 3198 4176 τοὺς
3236 4113 3297 4167 δὲ
3331 4117 3397 4185 τῇ
3436 4113 3570 4186 πρὸς
3612 4109 3782 4168 αὐτοὺς

2237 4203 2564 4273 ἐπισχόντας
2595 4203 2758 4268 αἰδοῖ,
2788 4203 3164 4271 σφαδάζοντας
3188 4205 3300 4268 τοῖς
3334 4204 3546 4275 θυμοῖς,
3571 4202 3656 4254 καὶ
3678 4197 3783 4257 τοὺς

2236 4295 2420 4358 λίθους
2459 4295 2726 4366 φέροντας
2760 4297 2817 4345 ἐν
2851 4294 3044 4363 χερσί·
3073 4295 3143 4348 δι’
3188 4294 3225 4349 ἃ
3253 4295 3426 4364 δήπου
3458 4295 3551 4348 καὶ
3596 4292 3782 4362 φθάσας

2239 4385 2374 4454 ἐγὼ,
2415 4387 2509 4439 καὶ
2540 4387 2856 4454 ὁμοταγεῖς,
2890 4377 2981 4439 καῖ
3005 4385 3325 4455 ὁμοτίμους,
3368 4387 3464 4439 καὶ
3487 4381 3784 4454 ἐφαμίλλους

2237 4476 2297 4529 ὲν
2343 4475 2552 4530 ἅπασιν
2587 4472 2740 4528 εἷπον
2793 4478 2906 4540 τοῖς
2955 4474 3282 4546 κορυφαίοις
3334 4475 3443 4528 τῶν
3499 4467 3782 4527 ἀποστόλων

2238 4566 2498 4636 Χριστοῦ,
2535 4566 2629 4620 καὶ
2667 4566 2808 4636 μετὰ
2845 4567 3110 4629 Μωσέως,
3151 4566 3354 4634 μᾶλλον
3411 4565 3468 4619 δὲ
3525 4565 3614 4618 καί
3663 4560 3782 4626 ὑπὲρ

2241 4658 2468 4722 Μωσέα,
2522 4660 2616 4712 καὶ
2653 4661 2780 4720 τοὺς
2817 4657 2918 4726 τῆς
2980 4656 3226 4721 Παλαιᾶς
3274 4657 3482 4720 πάντας
3523 4652 3781 4725 προφήτας

2240 4750 2334 4802 καὶ
2369 4748 2665 4818 νομοθέτας
2691 4748 2941 4820 άκριδεῖς
3005 4751 3102 4801 καὶ⁸
3153 4749 3411 4813 θεόπτας,
3447 4747 3541 4802 άτε
3583 4743 3673 4798 καὶ
3707 4739 3781 4791 τὸν

2240 4841 2386 4895 θεῖον
2415 4844 2624 4894 ἐκεῖνον
2648 4841 2835 4911 νόμον,
2877 4843 2974 4892 καὶ
3003 4839 3102 4900 τὰς
3151 4839 3302 4909 ἱερὰς
3333 4834 3662 4910 προφητείας
3685 4830 3779 4888 τοῖς

2239 4933 2452 4988 ἑαυτῶν
2500 4936 2681 5002 λόγοις
2721 4934 2858 5002 πρὸς
2897 4933 3012 5003 φῶς
3045 4930 3374 4999 ἀγαγόντας,
3411 4930 3504 4984 καὶ
3555 4928 3645 4998 τὴν
3689 4920 3779 4976 ἀπὸ

2238 5029 2332 5084 τοῦ
2373 5032 2697 5100 γράμματος
2734 5032 2872 5099 πρὶς
2911 5028 2972 5082 τὸ
3015 5026 3234 5098 πνεῦμα
3269 5025 3556 5099 μετάθεσιν
3582 5020 3778 5076 ἐκείνων

2239 5123 2447 5185 πάντας
2477 5121 2820 5185 διδάξαντας.

2312 5211 2373 5264 Et
2405 5210 2461 5263 δὲ
2501 5211 2597 5263 καὶ
2621 5210 2827 5278 Μωσῆς
2856 5208 2996 5282 ὑπὲρ
3022 5208 3118 5262 τοῦ
3152 5207 3369 5280 Ἰσραὴλ
3406 5205 3541 5276 πρὸς
3567 5201 3651 5256 τὸν
3665 5194 3776 5250 Θεὸν

2237 5304 2596 5374 ὀργιζόμενον
2644 5302 2834 5369 ἔλεγεν
2855 5317 2870 5331 ·
2905 5302 3006 5355 Ἂν
3033 5301 3150 5372 μὲν
3176 5298 3338 5369 ἀφῇς
3379 5295 3576 5359 αὐτοῖς
3603 5291 3702 5356 τὴν
3724 5286 3776 5339 ἀ·

2231 5399 2513 5464 μαρτίιιν,
2535 5395 2706 5464 ἄφες·
2742 5398 2793 5449 εί
2821 5393 2890 5447 δὲ
2920 5394 3031 5464 μὴ,
3063 5395 3216 5473 κάμὲ
3246 5391 3567 5458 ὲξὰλειψον
3595 5385 3657 5437 ἐκ
3685 5377 3776 5444 τῆς

2231 5488 2478 5553 βίϐλου,
2516 5483 2590 5556 ἧς
2619 5487 2914 5556 ἔγραψας,
2954 5482 3351 5541 συναπολέσθαι
3375 5485 3459 5537 διὰ
3495 5478 3553 5532 τὸ
3581 5475 3772 5546 φίλτρον

2238 5584 2351 5642 τοῖς
2389 5579 2836 5649 ποιμαινομίνοις
2892 5577 3171 5648 ἑλόμενος,
3230 5575 3365 5632 ἀλλὰ
3413 5567 3673 5627 κάνταῦθα
3721 5558 3770 5612 τὸ

617 5742 672 5773 ³⁴
695 5742 862 5797 Joan.
885 5750 995 5797 ut,
1025 5733 1112 5800 )7.
1189 5734 1233 5765 ’⁷
1265 5736 1399 5792 ibid.
1430 5736 1517 5802 18,
1553 5735 1634 5790 l9.
1712 5736 1757 5768 ’⁸
1788 5735 1978 5792 Matth.
2009 5754 2062 5802 v.
2099 5739 2324 5808 passim.
2401 5737 2445 5770 ”
2481 5735 2651 5791 Exod.
2685 5751 2860 5810 xxstt,
2897 5734 2983 5790 in.
