4036 6438
408 348 522 409 ’81⁵7

1481 345 1872 408 LAUDATIO
1911 344 2160 404 TRIUM
2203 348 2643 408 DOCTORUM.

3567 338 3686 402 818·

424 465 519 530 μὲν
577 459 669 511 καὶ
723 459 883 528 μξχρι
917 458 1225 521 συντελείας
1264 460 1320 509 ὲν
1353 460 1518 528 σαρκὶ
1563 457 1639 526 τῷ
1673 459 1860 526 κόσμῳ
1897 457 1992 508 καὶ

2116 459 2276 510 seculi
2324 459 2376 510 in
2431 475 2614 521 carne,
2661 460 2714 513 in
2754 458 2975 520 mundo,
3029 467 3191 523 atque
3232 455 3374 509 inter
3423 454 3679 509 homines

420 552 548 627 τοῖς.
585 547 890 619 ἀνθρώποις
948 550 1208 619 συνῆσαν.
1248 549 1324 619 τῷ
1379 549 1540 602 παντὶ
1590 549 1725 616 τῷδε
1763 548 1858 601 καὶ¹
1895 547 1994 613 τῆς

422 637 602 689 αὐτῶν
641 637 786 705 ζωῆς
842 640 920 694 εἰς
955 638 1132 689 κοινὸν
1180 637 1370 706 ὄφελος
1429 638 1523 689 καὶ
1581 639 1766 704 θαῦμα
1812 636 1995 690 καινὸν

424 727 717 795 ὑπερφυῶς
752 728 1256 797 συνεκτεινομὲνης,
1287 727 1478 797 ῶσπερ
1511 728 1736 796 οὐρανός
1786 745 1842 778 τε
1903 728 1997 779 καὶ

421 819 594 886 ἥλιος,
635 817 730 869 καὶ
761 818 787 869 ό
825 818 1013 896 λοιπὸς
1068 819 1179 870 τῶν
1209 819 1456 888 ἀστέρων
1511 821 1718 880 ἐκεῖνος
1752 821 1929 888 καρὶς,
1961 818 1994 887 ἢ

424 908 531 958 τῶν
566 907 816 974 μεγάλων
849 908 1055 961 τούτων
1090 909 1368 978 στοιχείων
1400 913 1431 978 ἠ
1469 909 1794 975 τετρακτὺς,
1827 909 1893 960 δι’
1923 901 1998 959 ὧν

424 1001 454 1068 ἡ
491 999 780 1066 αἰσθητικὴ
833 1001 923 1051 καὶ
977 1001 1226 1069 ὁρωμένη
1263 1002 1442 1063 κτίσις
1481 1000 1619 1068 αῦτη
1657 1003 1720 1069 τῇ
1770 1000 1998 1068 δυνάμει

427 1091 517 1141 τοῦ
538 1091 822 1151 κτίσαντος
851 1092 1150 1158 συνέχεται,
1190 1094 1280 1143 καὶ
1313 1092 1449 1158 πρὸς
1483 1091 1542 1144 τὸ
1565 1092 1850 1144 ἀδιάλυτον
1877 1107 2003 1142 συν-

427 1184 676 1246 τηρεῖται
704 1197 716 1210 ο
755 1181 786 1248 ἢ
815 1182 958 1249 ψυχή
987 1199 1071 1243 τις
1099 1183 1255 1250 κοινὴ
1295 1183 1390 1234 καὶ
1419 1182 1625 1250 ζωτικὴ
1673 1180 1767 1234 τοῦ
1797 1181 2001 1243 παντὸς

427 1269 654 1333 δύναμις
681 1286 692 1298 ·
727 1268 878 1319 τοῦτο
902 1267 998 1320 καὶ
1040 1269 1174 1337 πρὸς
1204 1270 1357 1336 ὑμῶν
1389 1267 1456 1321 ἂν
1485 1264 1576 1337 ἦν,
1610 1269 1768 1335 είπερ
1807 1285 1859 1320 τι
1893 1269 2002 1322 τῶν

430 1359 669 1419 πάντων,
727 1359 821 1410 καὶ
852 1358 948 1413 τοῦ
997 1361 1195 1422 παντὸς
1237 1361 1378 1428 ὑπὲρ
1416 1360 1607 1414 ,πάντα
1660 1360 1999 1428 τιμώμενον,

430 1453 523 1502 καί
559 1468 618 1514 γε
650 1451 747 1517 τῆς
777 1451 1019 1520 μεγάλης
1050 1453 1306 1520 προνοίας
1337 1452 1430 1504 καὶ
1458 1452 1557 1519 τῆς
1589 1451 2003 1519 παντοδυνάμου

429 1541 561 1592 δυνὰ
587 1559 714 1604 ι.εως
760 1541 913 1605 ἄξιον
940 1558 952 1572 ·
985 1543 1100 1596 ἀλλ’
1135 1545 1256 1596 ἐπεὶ
1286 1546 1381 1596 καὶ
1423 1544 1648 1606 τούτους
1680 1544 2006 1614 ἀνθρώπους

432 1633 590 1692 δντας
629 1633 729 1684 οὐκ
756 1627 824 1702 ἦν
858 1634 931 1701 μὴ
969 1635 1082 1695 τοῖς
1107 1634 1293 1702 νόμοις
1318 1633 1604 1686 δουλεῦσαι
1638 1634 1736 1702 τῆς
1767 1633 2002 1701 φύσεως,

435 1725 568 1791 μηδὲ
600 1724 688 1776 τὸν
720 1723 848 1793 χοῦν
894 1705 1190 1779 ἀποδοῦναί
1228 1728 1291 1796 τῇ
1327 1729 1418 1795 γῇ,
1453 1728 1666 1793 γίνεται
1711 1726 1811 1795 μὲν
1863 1725 2005 1777 κατά

433 1816 596 1882 φύσιν
632 1816 724 1867 καὶ
761 1815 941 1874 τοῦτο.
980 1817 1065 1869 ἵνα
1102 1817 1174 1888 μὴ
1214 1818 1308 1869 καὶ
1349 1816 1574 1881 δόξωσιν
1604 1817 1762 1869 οὐσία
1791 1833 1874 1878 τις
1905 1815 2004 1868 ἄϋ-

433 1907 522 1968 λος
555 1901 715 1967 εἶναι,
749 1911 843 1960 καὶ
871 1907 995 1980 ξένη
1030 1910 1089 1961 τὸ
1122 1910 1242 1962 καθ’
1272 1911 1420 1977 ἡμᾶς
1449 1909 1884 1980 ὑποκριναμένη,
1913 1907 2007 1959 καὶ

434 2004 502 2052 τΞι
535 2001 713 2062 καινὰ,
749 2004 843 2053 καὶ
876 2004 1014 2072 ὑπὲρ
1043 2002 1329 2070 ἄνθρωπον
1368 2004 1550 2055 ἐκεῖνα
1573 2002 1839 2056 τελέσασα
1863 2018 1878 2032 ·
1909 2000 2007 2054 καὶ

439 2093 748 2145 ἀποδίδοται
787 2093 886 2158 μὲν
931 2094 1073 2145 κατὰ
1113 2095 1303 2162 καιρὸν
1338 2095 1364 2145 ὁ
1394 2093 1523 2163 χοῦς
1554 2093 1632 2161 τῷ
1655 2091 1761 2162 χοῖ,
1795 2091 1880 2144 ἵνα
1916 2093 2008 2144 καί¹

440 2184 546 2234 τῶν
575 2184 801 2253 μακρῶν
830 2184 936 2234 τέω
953 2205 962 2234 .·
990 2181 1238 2250 ἀγώνων,
1271 2185 1364 2234 καὶ
1389 2185 1586 2242 πόνων.
1622 2183 1717 2234 καὶ
1745 2181 2006 2250 ἱδρώτων,

440 2276 533 2326 καὶ
565 2274 672 2326 τῶν
697 2275 1054 2326 παντοδαπῶν
1083 2276 1398 2345 άναπνεύσῃ
1431 2273 1692 2326 κινδύνων
1714 2287 1730 2304 ·
1759 2272 2008 2324 ἀποδίδο-

437 2381 524 2416 ται
548 2365 604 2415 δὲ
635 2367 728 2416 καὶ
760 2368 824 2431 τῇ
883 2365 1050 2417 εἰκόνι
1099 2367 1160 2418 τὸ
1191 2365 1309 2418 κατ’
1359 2366 1543 2418 εἰκόνα
1597 2363 1920 2431 τρανότερόν
1949 2379 2008 2414 τε

438 2458 532 2508 καὶ
579 2455 908 2528 τελεώτερον
933 2475 948 2489 ·
979 2460 1041 2510 τὸ
1097 2459 1154 2510 δὲ
1207 2459 1328 2510 κατ’
1377 2457 1572 2517 αὐτοὺς
1605 2455 1794 2523 θαῦμα
1830 2453 2010 2522 πολλῷ

442 2550 662 2617 μᾶλλον,
697 2551 790 2602 καὶ
827 2549 947 2602 καθ’
977 2550 1283 2620 ὑπερϐολὴν
1323 2549 1418 2602 νῦν
1460 2547 1793 2617 ὑψηλότερόν
1823 2564 1882 2598 τε
1919 2547 2012 2599 καὶ

439 2642 922 2711 ὑπερφυέστερονο
975 2643 1056 2694 ὅτι
1106 2641 1197 2692 καὶ
1259 2640 1652 2710 μεταστάντες,
1704 2638 1863 2706 ἡμῶν
1911 2637 2013 2690 οὐκ

439 2734 790 2800 ἀπέστησαν·
832 2733 926 2784 καὶ
971 2735 1037 2802 τῇ
1078 2731 1243 2801 σαρκὶ
1284 2730 1670 2800 χωρισθέντες,
1715 2727 1796 2795 τῷ
1847 2726 2015 2778 πνεύ-

444 2838 573 2889 ματι
620 2823 822 2890 μᾶλλον
857 2821 1232 2891 συνήφθησαν,
1275 2821 1370 2872 καὶ
1403 2819 1642 2873 σύνεισιν
1690 2819 2015 2888 ἀχωρίστους

439 2915 506 2980 τῇ
553 2911 789 2980 Χριστοῦ
823 2911 1145 2983 Ἐκκλησία,
1187 2913 1285 2980 τῆς
1326 2911 1571 2980 μεγάλης
1626 2910 1842 2979 ἐκείνης
1876 2927 2016 2981 προ.

444 3000 691 3061 στασίας,
722 3000 816 3052 καὶ
849 3001 945 3064 τῆς
977 3000 1341 3068 ποιμαντικῆς
1365 2999 1753 3069 κραταιὸτερον
1795 2999 2016 3067 ἀντεχόο

2099 551 2447 614 mansissent,
2480 560 2532 603 et
2556 565 2697 603 novo
2731 560 2982 617 portento
3017 549 3125 601 vita
3163 547 3380 598 illormn
3429 544 3495 597 ad
3525 559 3677 597 com-

2037 693 2041 696 ι
2101 654 2320 692 munem
2353 639 2589 692 frurtum
2633 655 2756 692 cum
2789 637 3143 691 universitate
3186 637 3286 688 hac
3328 649 3492 703 supra
3522 642 3679 687 natu—

2035 1776 2080 1834 Β

2100 744 2173 782 rte
2228 744 2447 782 cursum
2495 728 2821 792 (iuravisset,
2869 726 3330 798 quemadmodum
3377 726 3575 779 malum
3624 735 3677 776 et

2101 819 2203 882 sol,
2230 827 2283 871 et
2314 819 2558 886 reliquus
2585 820 2672 872 ille
2709 819 2948 872 siderum
2977 819 3200 874 clturus.
3237 827 3331 870 aut
3359 830 3678 884 magnorum

2101 907 2632 975 horutn.»corporunt
2669 909 3072 975 quaternarius,
3126 925 3225 976 per
3255 923 3376 975 quae
3425 915 3678 960 creatura

2103 998 2220 1052 haec
2268 1001 2370 1051 sub
2431 1014 2654 1053 sensum
2715 1009 2772 1052 et
2838 1008 3117 1066 aspectum
3171 999 3374 1052 cadens
3435 998 3679 1067 potentia

2105 1089 2408 1143 conditoris
2433 1090 2692 1152 cohaeret,
2719 1098 2774 1143 et
2799 1090 2933 1144 citra
2969 1089 3298 1143 solutionem
3332 1088 3683 1142 custoditur:

2104 1188 2198 1231 aut
2249 1181 2429 1233 anima
2473 1181 2716 1248 qutedant
2766 1181 3094 1242 communis,
3126 1188 3180 1232 et
3216 1180 3394 1232 vitalis
3439 1179 3683 1232 universi

2104 1271 2318 1333 virtus;
2358 1271 2460 1324 hoc
2490 1279 2545 1323 et
2588 1271 2742 1323 nobis
2793 1269 3144 1328 conduceret,
3175 1269 3218 1321 si
3263 1268 3392 1337 quid
3436 1269 3581 1321 aliud
3619 1285 3684 1320 ex

2105 1361 2386 1420 omnibus,
2441 1361 2634 1428 quavis
2693 1359 3054 1412 a‘stimationc
3117 1359 3313 1426 majus,
3366 1371 3420 1412 et
3478 1375 3685 1425 magna;

2108 1451 2466 1520 providentiae
2521 1465 2585 1502 ac
2613 1450 2800 1504 virtuti
2835 1451 3196 1514 omnipotenti
3225 1460 3682 1503 consentaneum.

2108 1541 2212 1596 Sed
2246 1541 2503 1608 quoniam
2540 1552 2596 1593 et
2647 1540 2698 1593 hi
2735 1539 2983 1596 homines
3020 1540 3129 1591 nati
3180 1549 3358 1595 erant.
3403 1555 3504 1590 nec
3537 1549 3689 1607 pute-
3765 1555 3774 1562 δ

2108 1639 2228 1684 rant
2261 1639 2468 1682 natura:
2524 1631 2694 1698 legem
2735 1630 2995 1697 effugere,
3049 1645 3149 1683 nec
3202 1630 3476 1697 pulvt-rctn
3528 1639 3688 1683 tet-rte

2108 1736 2216 1774 non
2255 1720 2510 1780 reddere.
2559 1721 2805 1773 debitum
2865 1722 3208 1788 persnlvunt,
3262 1736 3330 1774 ne
3379 1721 3685 1774 substantia

2109 1811 2417 1880 quaedama
2472 1812 2714 1866 materia:
2772 1813 3126 1866 concretione
3161 1811 3354 1876 libera,
3408 1828 3472 1866 ac
3530 1829 3691 1882 pcre-

2107 1905 2290 1972 grina.
2347 1904 2508 1958 nobis
2568 1913 2780 1957 tantum
2849 1905 3146 1958 assimilata
3197 1906 3508 1970 v’deantur,
3565 1921 3690 1974 qua:

2111 2010 2248 2049 nova
2281 1995 2370 2048 illa
2417 2003 2472 2046 et
2505 1995 2743 2049 hominis
2799 2004 3018 2064 captmn
3078 1997 3396 2049 excedentia
3447 2007 3689 2064 praestet,

2110 2087 2466 2154 redditurque
2497 2102 2597 2139 suo
2623 2095 2867 2154 tempore
2891 2087 3068 2154 pulvis
3095 2087 3304 2154 pulveri
3333 2128 3346 2151 ,
3381 2097 3436 2139 ut
3469 2088 3689 2140 tandem

2108 2189 2137 2227 a
2199 2174 2473 2227 diuturnis
2538 2174 2826 2243 agonibus,
2888 2175 3192 2239 laboribus,
3260 2175 3578 2236 sudoribus,
3635 2185 3693 2230 et

2109 2277 2272 2315 omne
2330 2278 2502 2332 genus
2558 2265 2815 2331 periculis
2857 2264 3108 2327 respiret,
3160 2273 3214 2318 et
3274 2264 3493 2333 imagini
3548 2266 3691 2333 quod

2110 2352 2214 2406 fuit
2240 2354 2543 2406 secundum
2597 2354 2888 2423 imaginem
2926 2355 3117 2422 purius
3161 2354 3566 2424 perfectiusque
3604 2373 3694 2410 rc-

2111 2446 2380 2499 stituitur.
2431 2447 2699 2500 Caeterum
2774 2447 3169 2500 admirabilitas
3237 2447 3479 2511 ip~orum
3549 2463 3696 2502 nunc

2113 2537 2270 2605 longe
2320 2539 2491 2608 major
2537 2547 2592 2591 et
2643 2539 2872 2593 nimium
2937 2539 3094 2592 miris
3176 2537 3354 2591 modis
3407 2538 3696 2591 sublimior

2112 2636 2274 2696 atque
2317 2613 2673 2684 excellentior
2705 2630 2809 2684 est.
2862 2629 2996 2684 Nam
3032 2629 3283 2697 quamvis
3335 2629 3465 2682 hinc
3521 2629 3695 2682 demi-

2113 2719 2411 2788 graveriut,
2439 2737 2546 2774 non
2587 2731 2767 2775 tamen
2818 2737 2847 2775 a
2885 2721 3045 2775 nobis
3075 2721 3471 2784 discesserunt,
3499 2735 3698 2789 corpo.

2117 2809 2378 2878 ribusque
2424 2812 2680 2879 separati,
2723 2811 2923 2880 spiritu
2970 2813 3179 2865 arctius
3229 2809 3516 2863 nobiscum
3562 2825 3699 2865 eon-

2112 2903 2466 2972 junguntur,
2547 2903 2925 2973 Ecclesiaaqne
2994 2903 3199 2958 Christi
3259 2902 3699 2969 inseparabiliter

2117 2992 2342 3058 adsunt,
2378 3009 2627 3063 magnam
2671 2995 2816 3048 illam
2862 3003 2918 3049 et
2956 2994 3288 3063 pastoralem
3347 2991 3693 3061 provinciam

446 3109 619 3160 μενοι,
663 3094 758 3144 καὶ
793 3092 1270 3162 προπολεμοῦντες
1317 3093 1414 3160 τῆς
1468 3093 1722 3160 ποίμνης,
1761 3091 1857 3143 καὶ
1889 3091 2015 3152 τοὺς

2120 3087 2357 3142 validius
2405 3088 2858 3155 complectenles,
2897 3096 2954 3141 et
3008 3102 3108 3157 pro
3156 3101 3321 3157 grege
3351 3085 3696 3149 dimicantes,

443 3186 644 3248 λύκους
677 3185 1030 3254 ἀναιροῦντες
1055 3185 1299 3247 τελείως,
1337 3183 1428 3245 οὓς
1462 3185 1528 3253 τῇ
1562 3181 1890 3251 καλαύροπι,
1924 3181 2018 3233 καὶ

443 3279 508 3346 τῇ
549 3277 641 3330 τοῦ
667 3276 828 3344 λόγου
857 3277 1116 3346 σφενδόνῃ
1170 3277 1440 3345 παρόντες
1475 3275 1790 3343 ἀπήλαυνον
1823 3274 2020 3342 πρότε-

446 3385 560 3439 ρον,
587 3369 700 3437 ὅσῳ
722 3368 820 3421 καὶ
853 3368 1072 3436 φθόνου,
1107 3368 1202 3420 καὶ
1229 3365 1552 3434 βασκανίας,
1591 3367 1686 3419 καὶ
1711 3365 2015 3434 λιθασμῶν,

445 3463 542 3513 καὶ
579 3459 860 3528 διωγμῶν,
892 3460 986 3512 καὶ
1019 3458 1340 3526 ὑπερορίας,
1396 3457 1492 3510 καὶ
1537 3455 1786 3511 θανάτων
1816 3472 2018 3509 παντο-

442 3553 632 3604 δαπῶν
663 3550 758 3604 νῦν
787 3549 1048 3620 ἀνώτεροι
1105 3548 1532 3618 χρηματίζουσι,
1569 3551 1667 3600 καὶ
1711 3547 1904 3617 δρῶσι,
1945 3547 2030 3615 μὴτ

447 3645 776 3711 πάσχοντες,
801 3643 894 3695 καὶ
919 3642 986 3692 τὰ
1015 3641 1154 3711 ὑπὲρ
1179 3639 1342 3708 φύσιν
1375 3639 1578 3708 μᾶλλον
1609 3640 1704 3692 νῦν
1737 3639 2023 3706 γεγονότες

449 3734 736 3797 ἐξανύουσι
763 3731 1028 3788 κάλλιστα
1066 3731 1151 3783 διά
1193 3730 1288 3800 τῆς
1322 3731 1504 3786 αὐτῶν
1544 3729 1889 3800 ὑψηλοτάτης
1941 3729 2022 3781 δι-

446 3822 745 3884 δασκαλίας
781 3820 1005 3874 καὶτῶν
1036 3820 1233 3874 κοινῶν
1267 3821 1668 3888 παραινέσεων.
1705 3820 1814 3872 Καὶ
1848 3821 1877 3888 ἡ
1925 3819 2023 3886 μὲν

450 3913 663 3981 γλῶττα
687 3913 834 3981 σιγᾷ,
859 3911 952 3963 καὶ
968 3913 1034 3964 τά
1049 3911 1227 3980 χρυσᾶ
1248 3907 1388 3962 κατά
1411 3908 1576 3978 φύσιν
1596 3907 1810 3978 μέμυκε
1833 3908 1984 3978 χείλη
2004 3921 2021 3940 ο

451 4008 521 4058 τὰ
550 4005 594 4056 δ’
617 4003 740 4072 ιερὰ
770 4001 996 4065 πυκτία,
1026 4003 1117 4054 καὶ
1148 4002 1197 4054 οἱ
1229 4000 1574 4053 θεόπνευστοι
1603 4000 1775 4067 λόγοι,
1805 4001 2026 4052 καὶτῶν

452 4100 580 4165 περὶ
613 4095 751 4148 Θεοῦ
776 4094 1066 4163 δογμάτων
1100 4093 1148 4144 oi
1181 4092 1384 4156 ζῶντες
1415 4091 1508 4143 καὶ⁵
1552 4089 1788 4160 ἔμψυχοι
1823 4090 2028 4159 θησαυ-

458 4190 558 4256 ροὶ,
585 4187 678 4240 καὶ
703 4188 762 4238 τὸ
787 4185 1078 4252 γινώσκειν
1111 4183 1410 4252 όρθοδόξως
1445 4180 1612 4235 αὑτοῦ
1650 4181 1748 4250 τὴν
1771 4182 2027 4252 θεότητα,

456 4278 598 4348 ἅπερ
624 4280 757 4346 ἡμῖν
785 4277 863 4339 ὡς
911 4273 1112 4342 κλῆρός
1140 4291 1224 4336 τις
1262 4272 1534 4343 πατρικὸς
1582 4273 1678 4325 καὶ
1725 4273 2028 4340 ὑπέρτιμος

454 4372 546 4424 ὑπ’
569 4371 747 4423 αὐτῶν
778 4367 1127 4436 κατελείφθη,
1161 4365 1234 4426 ὡς
1263 4365 1329 4416 ὲκ
1361 4363 1721 4435 μυρίων,βοᾷ
1767 4363 2029 4432 γλωσσῶν

2119 3189 2176 3233 et
2203 3179 2362 3248 lupos
2390 3179 2630 3248 perfecte
2678 3177 2992 3234 occidentes
3026 3179 3186 3248 (quos
3226 3177 3402 3247 prius,
3445 3175 3573 3229 dum
3610 3174 3700 3228 hic

2119 3270 2389 3336 viverent,
2413 3270 2675 3341 pastorali
2743 3270 2939 3324 baculo
2971 3278 3026 3324 et
3056 3268 3226 3324 funda
3270 3266 3542 3322 sermonis
3583 3264 3701 3319 abi-

2118 3361 2601 3433 gebant),quando
2644 3369 2700 3417 et
2730 3361 2957 3421 invidia.
2993 3371 3050 3417 et
3081 3360 3440 3430 malignitate,
3469 3369 3526 3414 et
3561 3358 3702 3435 lapig

2120 3451 2453 3516 dationibus,
2482 3459 2539 3508 et
2565 3451 3062 3521 persecutionibus,
3101 3460 3157 3506 et
3185 3451 3399 3512 exsilio,
3429 3458 3483 3504 et
3507 3449 3702 3502 morti-

2124 3543 2226 3598 bus
2273 3544 2578 3613 omnigenis
2613 3543 2776 3598 modo
2809 3545 3129 3612 superiores
3181 3543 3462 3606 dicuntur,
3523 3548 3580 3594 et
3613 3540 3696 3595 fa-

2123 3639 2298 3701 ciunt,
2343 3651 2448 3690 nec
2477 3635 2791 3704 patiuntur,
2822 3644 2876 3689 et
2905 3631 3028 3702 Quaz
3061 3649 3222 3703 supra
3259 3641 3510 3686 naturam
3544 3639 3698 3696 sunt,

2125 3742 2215 3782 res
2244 3726 2714 3796 praeclarissimas,
2758 3725 2862 3795 ipsi
2903 3735 3154 3780 naturam
3204 3722 3550 3792 transgressi,
3593 3738 3693 3790 per

2125 3819 2572 3874 sublimissimam
2625 3817 2932 3872 doctrinam
2982 3831 3136 3870 suam
3185 3823 3241 3870 et
3293 3813 3696 3869 admonitiones

2127 3924 2450 3966 communes
2480 3925 2628 3964 nunc
2652 3912 2826 3979 magis
2851 3910 3118 3964 eiliciunt.
3150 3908 3228 3962 Ac
3259 3906 3443 3976 lingua
3476 3906 3697 3975 quidem

2128 4001 2272 4064 silet,
2318 4009 2372 4054 et
2406 4015 2572 4054 aurea
2630 3999 2773 4065 labia
2837 4010 3031 4054 natura
3091 3997 3288 4053 clausit
3342 4015 3354 4049 :
3417 3997 3555 4051 sacri
3598 4012 3700 4050 au—

2128 4103 2235 4148 tem
2279 4092 2681 4157 commentarii,
2714 4101 2768 4146 et
2797 4091 3072 4145 orationes
3120 4105 3151 4143 e
3205 4089 3392 4143 divino
3437 4088 3698 4142 instinctu

2128 4184 2405 4254 profectae,
2456 4183 2881 4254 dogmatumque
2935 4182 3001 4234 de
3036 4181 3146 4236 Deo
3195 4182 3299 4234 vivi
3365 4190 3420 4234 et
3475 4179 3702 4233 animati

2131 4273 2398 4337 thesauri,
2432 4283 2489 4327 et
2533 4273 2836 4327 orthodoxa
2892 4271 3200 4326 divinitatis
3253 4271 3378 4340 ejus
3436 4269 3698 4337 cognitio,

2131 4379 2252 4432 quae
2287 4372 2345 4418 ut
2394 4363 2852 4432 pretiosissimum
2905 4359 3294 4430 patrimonium
3353 4359 3512 4413 nobis
3573 4359 3704 4413 reli-

451 4482 508 4516 τε
547 4466 642 4518 καὶ
697 4465 982 4529 στομάτων
1032 4457 1496 4519 ἀκαταπαύστως.
1536 4458 1647 4510 Καὶ
1677 4455 1810 4520 ζῶσι
1844 4457 1941 4526 μὲν
1970 4457 2015 4509 ὲκ

2133 4464 2392 4524 querunt,
2432 4455 2917 4510 innumerabil'um
2959 4454 3161 4523 linguis
3185 4461 3241 4507 et.
3269 4468 3364 4506 ore
3404 4456 3702 4506 decantan-

453 4556 674 4624 Χριστῷ
707 4553 803 4622 τὴν
843 4551 1119 4622 μακαρίαν
1141 4550 1356 4616 ἐκείνην
1384 4547 1528 4617 ζωὴν
1552 4550 1649 4601 καὶ
1681 4547 1987 4617 ἀνώλεθρην
2007 4562 2024 4578 ο

454 4647 588 4710 ζῶσι
623 4646 678 4696 δὲ
716 4646 808 4696 καὶ
840 4643 968 4711 παρ’
1022 4642 1151 4710 ἡμῖν
1192 4637 1440 4692 ἐντεῦθεν
1491 4638 1804 4704 λαλοῦντες,
1858 4638 2052 4690 καθά--

455 4757 560 4808 περ
605 4737 780 4801 εἷπον,
831 4737 927 4789 καὶ
969 4736 1060 4787 τὸν
1103 4733 1306 4801 κόσμον
1353 4733 1494 4802 μετά
1547 4731 1784 4802 Χριστοῦ
1825 4731 2031 4796 σώζον-

453 4850 567 4894 τες.

524 4925 695 4995 Δεῦρο
741 4923 825 4991 δὴ,
868 4920 1224 4987 περιστάντες
1279 4933 1346 4985 με
1382 4917 1488 4980 πᾶς
1532 4917 1560 4968 ὁ
1609 4916 1742 4986 περὶ
1787 4913 2031 4978 ἐκείνους

456 5016 608 5084 φίλος
645 5015 826 5083 χόρος,
881 5008 1293 5079 συνεργάσασθέ
1332 5025 1423 5076 μοι
1480 5006 1578 5075 τὴν
1633 5006 1944 5074 εὐφημίανο
1979 5007 2028 5057 οἱ

457 5107 718 5177 ποιμένες
752 5104 881 5165 τοὺς
933 5102 1198 5168 ποιμένας
1235 5097 1590 5158 ἐπαινοῦντες
1625 5097 1720 5148 καὶ
1770 5095 2026 5148 διδασκά-

457 5201 582 5260 λους
608 5215 621 5226 ·
654 5198 704 5250 οἱ
728 5196 855 5264 περὶ
881 5194 941 5246 τὸ
969 5192 1142 5261 βῆμα,
1173 5192 1268 5244 καὶ
1289 5190 1388 5259 τὴν
1422 5189 1572 5258 ἱεράν
1600 5185 1910 5256 τράπεζαν,
1938 5187 2032 5238 καὶ

455 5293 555 5359 τὴν
586 5286 951 5356 λειτουργίαν,
983 5284 1106 5344 τοὺς
1143 5284 1242 5352 τῆς
1273 5281 1483 5344 τάξεως
1531 5279 1756 5346 ταύτης,
1794 5277 1888 5330 καὶ
1919 5275 2032 5329 τῶν

461 5383 619 5454 ιερῶν
644 5381 819 5450 εὐχῶν
855 5373 1133 5446 ἁρχηγούς
1181 5390 1240 5424 τε
1283 5373 1377 5424 καὶ¹
1424 5369 1720 5438 νομοθέτας
1749 5383 1763 5396 ·
1796 5367 1846 5418 οἱ
1880 5366 2030 5435 φιλό-

461 5489 634 5543 σοφοι,
664 5473 758 5526 καὶ
787 5469 962 5536 σοφοὶ,
995 5467 1090 5519 καὶ
1136 5463 1489 5526 διαλεκτικοὶ,
1535 5460 1630 5512 καὶ
1674 5457 2026 5528 λογογράφοι,

461 5569 556 5619 καὶ
590 5568 836 5634 ῥήτορες,
867 5560 964 5627 τήν
991 5574 1051 5610 τε
1103 5555 1327 5626 πρώτην
1358 5554 1454 5606 καὶ
1493 5551 1776 5617 ἀνωτάτην
1813 5549 2027 5615 σοφίαν,

461 5655 558 5707 καὶ
610 5654 675 5722 δὴ
727 5649 824 5703 καὶ
857 5647 954 5718 τὴν
994 5643 1366 5712 ἀνθρωπίνην,
1400 5642 1493 5692 καὶ
1536 5639 1686 5692 κάτω
1735 5636 2029 5698 ἀσκοῦντες

462 5749 585 5808 τοὺς
626 5743 828 5798 τούτων
869 5737 1138 5808 ἀσκητάς,
1187 5737 1284 5790 κοιλ⁸
1326 5735 1600 5806 τεχνίτας,
1636 5733 1731 5784 καὶ
1791 5732 2027 5800 καθηγε-

2135 4553 2246 4598 tur.
2288 4545 2490 4600 Vivunt
2541 4543 2760 4613 quidem
2803 4544 2880 4598 illi
2938 4543 2992 4596 in
3050 4541 3268 4597 Christo
3330 4541 3496 4594 vitam
3555 4541 3702 4594 illam

2134 4636 2369 4698 beatam,
2409 4635 2478 4689 ab
2508 4633 2658 4689 omni
2695 4635 2922 4689 interitu
2959 4642 3222 4688 seutotam
3259 4617 3290 4684 ε’
3316 4632 3509 4686 vivunt
3552 4631 3707 4684 'nibi-

2133 4723 2374 4778 lominus
2395 4723 2534 4793 apud
2567 4739 2667 4777 nos
2696 4738 2912 4791 quoque
2940 4722 3030 4775 hic
3057 4721 3363 4787 loquentes,
3399 4728 3458 4774 ut
3483 4719 3617 4780 dixi,
3647 4725 3704 4773 et

2134 4814 2397 4867 mundum
2437 4829 2560 4869 cum
2595 4812 2814 4867 Christo
2846 4812 3051 4866 salvum
3086 4818 3431 4880 praestantes.

2201 4905 2466 4973 Agedum,
2517 4913 2666 4957 totus
2721 4903 2939 4956 illorum
2990 4915 3176 4954 amans
3213 4900 3418 4954 chorus
3467 4915 3552 4954 me
3595 4902 3704 4955 cir-

2132 4996 2440 5058 cumsistat,
2477 4994 2678 5063 detque
2731 5007 2942 5046 mecum
2985 4991 3202 5046 illorum
3260 4992 3518 5048 laudibus
3570 5007 3706 5060 Ope-

2135 5077 2275 5137 ram,
2297 5085 2399 5151 Qui
2440 5095 2689 5154 pastores
2716 5083 2869 5143 estis,
2905 5092 3152 5151 pastores
3172 5093 3227 5136 et
3254 5083 3541 5154 magistros
3565 5084 3710 5138 cele-

2134 5179 2394 5242 brantes;
2448 5177 2542 5246 qui
2590 5177 2645 5230 in
2691 5176 2936 5230 sacrario
2994 5175 3313 5238 versamini,
3345 5184 3400 5228 ct
3447 5173 3500 5227 in
3552 5189 3707 5228 saera

2133 5286 2319 5324 mensa
2388 5269 2723 5337 operamini;
2783 5269 2948 5339 hujus
3027 5266 3236 5322 ordinis
3312 5281 3708 5335 sacrarumque

2135 5360 2504 5430 precationum
2563 5360 2838 5430 principes
2870 5375 2933 5414 ac
2961 5369 3323 5428 praeceptores
3355 5377 3365 5411 :
3393 5357 3701 5426 philosophi

2132 5461 2189 5506 et
2217 5451 2515 5520 sapientes,
2550 5447 2822 5502 dialectici
2883 5457 2941 5501 et
2989 5448 3307 5515 scriptores,
3339 5457 3396 5500 et
3434 5455 3701 5506 oratores,

2132 5543 2337 5613 quique
2384 5541 2614 5609 primam
2677 5548 2735 5592 et
2779 5538 3122 5601 altissimam,
3165 5538 3369 5606 quique
3409 5537 3703 5588 humanam

2131 5645 2187 5690 et
2220 5632 2534 5688 inferiorem
2586 5629 2910 5699 sapientiam
2959 5628 3172 5690 colitis;
3206 5627 3401 5679 horum
3436 5626 3702 5678 exercita-

2135 5737 2280 5783 tores
2314 5737 2370 5782 et
2403 5723 2664 5789 artiﬁces,
2702 5731 2757 5776 et
2791 5721 2980 5785 duces,
3023 5730 3076 5773 ct
3105 5718 3354 5773 excelsos
3391 5718 3699 5788 magistros,
