4036 6464
387 352 493 422 821

1001 364 1434 430 REFUTATIO
1484 365 2318 432 ANATHEMATISMORUM
2343 366 2928 434 HARMENOPULI.

388 550 3634 582 *m—m

1507 701 1643 756 ΤΟΥ
1673 698 2062 759 ΔΓΙΩΤᾹΤΟΥ
2092 700 2534 756 ΠΛΤΡΙΔΡΧΟΥ

1223 873 1854 1006 ΚΥΡΙΟΥ
1930 845 2814 1021 ΦΙΑΟΘἘΟΥ

594 1103 1000 1159 αΔΝΑΤΡΟΠΗ
1030 1104 1166 1158 ΤΩΝ
1197 1067 1862 1162 ΑΝΔΓΕΓΡΔΜΜΙέΝΩΝ
1889 1108 2022 1162 IIAP

2101 1107 2188 1181 Τῼ
2232 1110 2755 1179 ΑΡΜΕΝΟΠΟΥΔῼ
2786 1108 3408 1167 ΑΝΑΘΕΜΑΤῙΣΜΩΝ.

1485 1413 1981 1478 SANCTISSIMI
2034 1413 2560 1476 PA'I'RIARCHZE

1318 1601 1830 1716 DOMINI
1941 1579 2718 1715 PHILOTHEI

565 1829 1026 1894 UTATIO
1068 1828 1580 1892 SCRIPTOBUM
1613 1825 1823 1888 APUD
1861 1822 2538 1890 HABMENOPULUM
2577 1819 3513 1927 ΑΝΛἸἨΕΜΑΤΙΞΜΟΒΟΜ..

522 1994 617 2058 (Ex
647 1996 771 2044 lure
787 1993 1213 2044 Greece-Romano.
1255 1989 1518 2052 Prolognm
1542 1985 1687 2052 primi
1709 1985 1978 2036 ediderunt
2002 1983 2159 2036 Rallis
2182 1991 2235 2036 et
2260 1985 2389 2036 Potli
2425 1989 2474 2037 in
2506 1985 2848 2052 Syntagmate,
2873 1995 2990 2038 tom.
3027 1989 3087 2038 V.
3135 1991 3344 2041 Athenis
3371 1991 3530 2056 l85i.)

486 2301 610 2354 Ἐπὶ
638 2300 736 2370 τῆς
776 2297 1052 2369 βασιλείας
1092 2293 1506 2352 Κωνσταντίνου
1549 2291 1644 2346 τοῦ
1681 2287 2022 2362 Πορφυροεὶ

2146 2291 2260 2349 Sub
2293 2309 2464 2364 regno
2497 2295 2843 2352 Constantini
2899 2296 3376 2368 Porphyrogeniti,
3427 2313 3662 2353 consen-

405 2393 666 2462 γεννήτου
715 2390 882 2459 τόμος
911 2389 1252 2457 ὲξεφωνήθη,
1284 2383 1714 2455 συμπράξαντος
1759 2384 1856 2436 καὶ
1881 2382 1976 2434 τοῦ

405 2487 530 2538 τότε
557 2481 898 2552 πατριάρχου
940 2478 1180 2544 Ἀλεξίου
1242 2477 1338 2531 καὶ
1381 2475 1484 2546 τῆς
1512 2474 1760 2535 συνόδου,
1784 2472 1980 2527 ἀναθε-

409 2573 652 2645 ματίζων
675 2573 803 2634 τοὺς
831 2568 1248 2639 ἐπιχειροῦντας
1269 2565 1608 2621 ἀποστασίαν
1637 2564 1670 2635 ἢ
1693 2562 1980 2634 τυραννίδα

408 2667 547 2719 κατά
574 2663 841 2735 βασιλέων
873 2661 1116 2727 ποιῆσαι,
1153 2659 1230 2721 ὡς
1269 2656 1522 2711 ἐντεῦθεν
1551 2655 1678 2717 τοὺς
1707 2653 1982 2722 ὑπηκόους

406 2757 516 2809 τῶν
550 2756 770 2809 οίκείων
799 2753 1076 2808 δεσποτῶν
1121 2743 1650 2822 παρασκευάζοντας
1690 2745 1982 2800 ἐπανίστα-

408 2845 536 2899 σθαι
555 2863 571 2878 ·
603 2845 716 2915 ἔχει
749 2844 803 2898 δὲ
839 2842 1008 2906 οὕτως
1031 2860 1045 2873 ο
1094 2861 1113 2893 ι
1145 2843 1271 2906 Τοῖς
1301 2839 1585 2910 μέλλουσιν
1616 2835 1926 2897 ἐπιϐουλαῖς
1951 2834 1982 2900 ἢ

413 2939 666 3008 μούλτοις
694 2936 802 2992 ἀπό
835 2952 898 3004 γε
940 2934 1036 2988 τοῦ
1068 2934 1161 2989 νῦν
1192 2935 1514 3004 ἐπιχειρεῖν,
1546 2930 1816 2998 ἀνάθεμα.
1857 2928 1983 2990 Τοῖς

412 3030 856 3098 συμπράττουσιν
883 3027 1090 3091 αὐτοῖς,
1139 3026 1237 3078 καὶ
1285 3026 1399 3087 τοῖς
1434 3018 1894 3090 συγκοινωνοῦσιν
1927 3020 1986 3071 ὲν

409 3126 476 3192 τῇ
507 3118 835 3189 ἀποστασία,
890 3116 1181 3185 ἀνάθεμα..
1212 3115 1338 3178 Τοῖς
1388 3112 1839 3182 συμϐουλεύουσι,
1891 3108 1988 3163 καὶ

410 3216 521 3275 τοῖς
547 3211 910 3280 παρορμῶσιν
938 3209 1017 3270 είς
1048 3207 1115 3260 τά
1139 3206 1384 3271 τοιαῦτα,
1419 3204 1688 3273 ἀνάθεμα,
1715 3203 1842 3264 Τοῖς
1866 3218 1990 3253 συν-

409 3298 838 3372 εκστρατεύουσι
901 3297 1134 3360 τούτοις,
1177 3295 1446 3365 ἀνάθεμα.
1507 3295 1632 3356 Τοῖς
1673 3291 1989 3363 δεχομένοις

411 3395 610 3454 αὐτοὺς
653 3391 736 3454 είς
771 3389 1064 3460 μετάνοιαν
1103 3387 1177 3458 μὴ
1231 3384 1703 3456 μεταμελομένους
1733 3383 1842 3437 ἀπὸ
1889 3383 1990 3452 τῆς

413 3483 747 3544 ἀποστασίας
776 3483 871 3536 καὶ
900 3478 1413 3550 καταλιμπάνοντας
1443 3475 1630 3546 αὐτὴν,
1657 3475 1927 3544 ἀνάθεμα.
1967 3491 1986 3521 ι

486 3575 715 3644 Ὀμοιος
748 3565 842 3628 ἔτι).
885 3573 984 3643 τῆς
1023 3571 1305 3642 βασιλείας
1340 3569 1598 3639 Μανουὴλ
1643 3567 1738 3621 τοῦ
1773 3569 1990 3638 Κομνη-

2081 2387 2342 2442 tientibus
2388 2389 2578 2442 Alexio
2625 2388 2938 2460 patriarcha
2987 2399 3042 2444 et
3074 2390 3500 2458 sacra.synodo,
3536 2390 3661 2444 edi-

2076 2485 2228 2530 ctum
2278 2475 2860 2549 fuitfpromulgatum,
2895 2479 3365 2534 anathematizans
3415 2494 3513 2534 eos
3567 2480 3662 2548 qui

2077 2567 2404 2622 seditionem
2446 2580 2670 2626 movere
2720 2581 2812 2640 aut
2856 2585 3124 2639 usurpare
3164 2586 3392 2640 regnum
3433 2579 3487 2622 et
3517 2570 3665 2626 cives

2083 2659 2363 2730 subjectos
2408 2676 2439 2716 a
2497 2661 2737 2718 dominis
2790 2663 2906 2718 suis
2955 2664 3196 2718 alienare
3262 2661 3381 2718 ausi
3435 2662 3660 2717 fuerint.

2081 2751 2158 2805 ita
2215 2761 2399 2806 autem
2450 2751 2620 2807 habet
2654 2771 2669 2810 :
2701 2773 2718 2805 ι
2755 2752 3062 2808 Anathema
3119 2753 3204 2808 ab
3239 2753 3410 2808 hocce
3465 2752 3668 2809 abhinc

2084 2841 2195 2908 die,
2232 2842 2286 2896 in
2320 2857 2415 2898 cos
2448 2845 2541 2912 qui
2596 2843 2824 2900 insidias
2873 2859 2938 2899 ac
2975 2844 3272 2898 tumultum
3305 2844 3473 2898 cient.
3525 2845 3672 2898 Ana-

2085 2933 2266 2988 thema
2294 2943 2483 2988 contra
2511 2949 2606 2990 eos
2635 2936 2728 3004 qui
2759 2938 2976 2989 causam
3014 2950 3139 2989 cum
3167 2935 3288 2989 istis
3314 2950 3666 2989 communem

2084 3023 2314 3080 faciunt.
2368 3025 2675 3081 An‘athema
2725 3037 2920 3082 contra
2967 3043 3063 3083 eos
3099 3027 3193 3095 qui
3248 3026 3498 3081 consiliis
3524 3042 3588 3082 ac
3617 3027 3669 3080 vi

2087 3115 2154 3171 ad
2192 3116 2533 3171 seditionem
2603 3118 2862 3172 excitant.
2920 3118 3226 3172 Anathema
3288 3117 3341 3170 in
3425 3132 3519 3171 eos
3574 3118 3668 3187 qui

2088 3208 2324 3278 sumptis
2353 3209 2523 3264 armis
2555 3209 2664 3265 illis
2685 3210 3084 3265 obsecundant.
3142 3209 3444 3263 Anathema
3483 3207 3536 3261 in
3579 3222 3672 3262 eos

2089 3299 2182 3368 qui
2232 3300 2475 3370 hospitio
2526 3300 2812 3372 excipiunt
2863 3309 3138 3373 apostatas
3195 3309 3550 3354 contumaces
3609 3313 3673 3353 ac

2092 3389 2523 3460 imptenitentes.
2568 3412 2586 3445 ι

2166 3564 2358 3624 Simile
2393 3567 2636 3623 edictum
2670 3569 2725 3624 in
2751 3569 2932 3624 lucem
2963 3569 3097 3624 exiit
3129 3577 3395 3639 regnante
3425 3567 3674 3623 Manneie

415 3667 530 3729 νοῦ,
575 3665 635 3728 δς
683 3665 824 3736 μετά
867 3663 974 3718 τῶν
1003 3665 1062 3716 ὲν
1096 3663 1239 3715 τέλει
1275 3660 1371 3716 καὶ
1400 3659 1496 3712 τοῦ
1540 3658 1842 3728 τηνικαῦτα
1878 3675 1988 3712 πα-

2100 3658 2397 3724 Comneno,
2449 3659 2926 3715 consentientibus
2975 3634 3550 3728 ibidem'patriarcha
3611 3674 3674 3714 ac

416 3757 680 3828 τριάρχου
720 3757 816 3810 καὶ
854 3755 957 3822 τῆς
990 3753 1082 3806 ὑπ’
1126 3753 1289 3806 αὑτὸν
1336 3750 1557 3804 συνόδου
1598 3749 1840 3818 ἐγένετο,
1862 3752 1991 3804 ἀναν

418 3850 730 3918 θεματίζων
755 3849 882 3910 τοὺς
911 3845 1210 3916 ἐπιϐουλὴν
1253 3846 1286 3916 ἢ
1320 3844 1690 3898 ἐπανάστασιν
1721 3843 1863 3894 κατὰ
1897 3839 1992 3893 τοῦ

421 3942 539 3994 υἱοῦ
573 3939 738 3994 αὑτοῦ
789 3938 1027 4004 Ἀλεξίου
1079 3937 1441 4008 βουληθέντας
1492 3936 1864 4006 ἐπιχειρῆσαι,
1901 3933 1996 3986 καὶ

423 4037 546 4096 τοὺς
574 4032 758 4096 αὐτοῖς
790 4033 1237 4101 συναιρομένους.

497 4124 729 4193 Ἕτερον
776 4106 1234 4192 παραπλήσιονὸ
1279 4118 1535 4186 βασιλεὺς
1565 4116 1786 4188 Μιχαὴλ
1817 4117 1846 4168 ὁ
1889 4117 1999 4168 Πα-

429 4215 701 4280 λαιολόγος
729 4212 1047 4283 προϐαίνειν
1077 4209 1492 4280 παρεσκεύασεν
1532 4211 1623 4262 ἐπὶ
1653 4208 1730 4277 τῷ
1768 4207 1868 4276 υίῷ
1899 4207 1997 4259 αὺ-

427 4307 519 4360 τοῦ
567 4307 916 4376 Ἀνδρονίκῳ,
949 4303 1027 4373 τῷ
1053 4302 1266 4356 εὐσεϐεῖ
1301 4301 1540 4371 βασιλεῖ·
1573 4299 1704 4353 ἔνθα
1731 4299 1793 4365 δὴ
1817 4299 1997 4367 παρῆ-

429 4417 551 4461 σαν,
583 4399 659 4462 ὡς
693 4399 862 4460 εἰκὸς,
895 4397 944 4449 οἱ
976 4396 1032 4446 ὲν
1062 4394 1204 4446 τέλει
1238 4395 1330 4445 καὶ
1358 4395 1386 4446 ὁ
1413 4390 1998 4461 πατριάρχηςἹωσὴφ,

427 4492 576 4554 ὅστις
606 4490 748 4562 ὑπὲρ
789 4492 891 4559 τῆς
928 4486 1164 4556 ἀληθοῦς
1211 4483 1495 4546 εὐσεϐείας
1529 4484 1622 4536 τὸν
1671 4483 1773 4550 τῆς
1811 4481 2004 4550 ὁμολο-

429 4573 559 4654 γίας
578 4583 876 4653 ἀνεδήσατο
897 4581 1176 4648 στέφανον,
1208 4579 1289 4630 ἔτι
1310 4577 1366 4630 δὲ
1391 4577 1484 4630 καὶ
1512 4578 1543 4646 ἡ
1569 4575 1662 4629 ὑπ’
1692 4575 1856 4628 αὑτὸν
1881 4574 2002 4645 ἱερά

431 4679 669 4742 σύνοδος,
699 4675 748 4729 οἳ
778 4674 872 4728 καὶ
897 4671 1204 4739 ἀναθέματι
1235 4667 1505 4722 ὑπέϐαλον
1540 4668 1637 4721 καὶ
1667 4668 1827 4737 ἀραῖς
1874 4684 2002 4737 φρι-

432 4767 801 4828 κωδεστάταις
829 4765 956 4825 τοὺς
993 4761 1290 4828 ἐπιϐουλὴν
1317 4760 1350 4830 ἢ
1384 4759 1759 4812 ἐπανάστασιν
1784 4758 2007 4826 μέλλον-

432 4879 530 4924 τας
588 4859 964 4928 σκαιωρήσειν
1011 4856 1090 4915 είς
1120 4853 1180 4907 τὶ
1213 4853 1416 4918 ἐξῶσαι
1462 4852 1561 4922 τῆς
1595 4850 1872 4920 βασιλείας
1916 4851 2008 4903 τὸν

2091 3751 2322 3822 synodo,
2347 3767 2445 3808 eos
2477 3753 2570 3822 qui
2624 3752 2853 3806 insidias
2903 3767 2968 3808 ac
2993 3751 3286 3805 tumultum
3321 3762 3512 3806 contra
3545 3750 3675 3804 Ale-

2094 3843 2242 3896 xium
2292 3843 2413 3914 ejus
2466 3843 2634 3896 lilium
2692 3843 2925 3906 cierent,
2951 3852 3008 3898 et
3047 3842 3319 3914 ejusmodi
3356 3841 3675 3897 tcntaminis

2095 3944 2384 3992 consortes
2412 3935 2900 4006 anathematizans.

2169 4121 2399 4176 Accedit
2430 4137 2624 4176 recens
2648 4122 2914 4188 edictum,
2938 4122 3082 4192 quod
3113 4123 3413 4193 imperator
3446 4122 3677 4178 Michael

2099 4210 2435 4279 Palaeologus
2492 4211 2588 4265 lilii
2651 4212 2737 4266 sui
2799 4213 3120 4278 Andronici,
3186 4215 3261 4283 pii
3330 4214 3680 4282 imperatoris

2100 4317 2266 4357 causa
2298 4303 2687 4372 promulgavit.
2710 4303 3088 4359 interfuerunt
3111 4315 3320 4369 autem,
3342 4317 3401 4362 ut
3426 4307 3677 4369 decebat,

2102 4393 2291 4450 clerici
2325 4404 2379 4448 et
2411 4392 2686 4462 Josephus
2719 4396 3054 4462 patriarcha,
3095 4395 3188 4465 qui
3220 4396 3450 4451 sincerae
3489 4397 3680 4466 pietati

2104 4484 2472 4539 confessionis
2503 4499 2764 4539 coronam
2806 4485 3078 4556 adjnnxit,
3129 4495 3188 4541 ut
3238 4495 3294 4542 et
3328 4502 3480 4542 sacra
3515 4501 3682 4557 syno-

2105 4575 2210 4630 dus
2243 4575 2294 4630 ei
2328 4574 2609 4644 subjecta;
2645 4574 2738 4644 qui
2769 4590 2963 4629 omnes
2989 4577 3325 4632 anathemati
3374 4592 3440 4632 ac
3468 4578 3682 4632 dirissi-

2105 4665 2211 4720 mis
2241 4663 2715 4720 exsecrationibus
2740 4664 3075 4720 devoverant
3103 4667 3438 4737 quicunque.
3457 4668 3685 4722 insidias

2107 4774 2172 4814 ac
2213 4758 2540 4813 seditionem
2581 4755 2819 4811 conﬂare
2861 4758 2929 4811 ad
2974 4759 3356 4828 expellendum
3401 4759 3470 4814 de
3514 4776 3686 4832 regno

2108 4849 2328 4920 pietatis
2358 4848 2691 4914 columnam,
2739 4849 3127 4919 imperatorem
3179 4850 3364 4905 divum
3412 4851 3687 4908 Androni-

433 4952 533 5020 τῆς
562 4949 849 5012 εὐσεϐείας
883 4945 1094 5012 στῦλον,
1129 4944 1221 4998 τὸν
1269 4943 1498 5014 βασιλέα
1551 4943 1696 4996 θεῖον
1736 4941 2009 5012 Ἀνδρόνι-

2111 4956 2234 4996 cum
2271 4955 2436 4995 ausus
2473 4938 2660 4994 fuerit.

435 5061 554 5099 κον.

523 5133 582 5186 '0
611 5133 739 5202 περὶ
759 5129 828 5183 τὰ
859 5129 1083 5182 τοιαῦτα
1109 5127 1296 5196 σοφὸς,
1321 5125 1555 5179 σεϐαστὲ
1581 5122 1900 5194 νομοφύλαξ
1919 5123 2011 5177 καὶ

441 5226 700 5282 καθολικὲ
730 5224 893 5294 κριτά
935 5219 1361 5289 Ἀρμενόπουλε,
1395 5217 1602 5279 πῶς,ού
1652 5217 1873 5268 κάκεῖνο
1900 5215 2013 5276 τοῖς

443 5316 850 5387 γεγραμμένοις
879 5311 1246 5382 προσέθηκας,
1271 5309 1358 5362 ὅτι
1382 5309 1472 5362 διὰ
1502 5307 1629 5370 τοὺς
1659 5303 1894 5375 χρυσοῦς
1917 5304 2016 5358 καὶ

441 5407 629 5476 ἁγίους
661 5405 859 5474 νόμους
890 5402 986 5456 τοῦ
1021 5401 1262 5471 μεγάλου
1297 5399 1396 5468 τῆς
1444 5397 1774 5466 Ἐκκλησίας
1801 5395 2016 5464 φωστῆ-

447 5515 535 5569 ρος
571 5499 842 5560 Ἰωάννου,
875 5493 970 5548 τοῦ
999 5494 1100 5565 τὴν
1128 5493 1377 5560 γλῶτταν
1404 5489 1631 5562 χρυσοῦ,
1659 5489 1792 5558 περὶ
1821 5487 1912 5540 τοῦ
1942 5486 2017 5557 μὴ

442 5589 554 5643 δεῖν
588 5587 946 5658 Χριστιανοὺς
977 5583 1494 5653 ἀναθεματίζεσθαι,
1536 5581 1639 5643 ἕως
1671 5580 1738 5634 ἂν
1770 5577 2018 5647 δηλονότι

445 5683 543 5747 τῆς
565 5678 734 5748 ὀρθῆς
760 5677 992 5746 ἔχωνται
1025 5676 1156 5745 περὶ
1182 5673 1320 5728 Θεοῦ
1362 5672 1542 5742 δόξης,
1575 5673 1940 5742 ἠπράκτησαν
1967 5670 2016 5723 oi

447 5769 630 5840 τόμοι,
669 5769 720 5822 oi
755 5767 882 5832 τοὺς
919 5764 1363 5830 ἀποστατοῦντας
1418 5767 1512 5819 καὶ
1553 5761 2018 5832 ἐπανισταμένους

2177 5119 2316 5180 Cum
2355 5117 2566 5188 peritus
2613 5119 2690 5173 sis
2739 5119 3053 5190 huiusmodi
3117 5135 3323 5184 rerum,
3362 5122 3692 5179 venerabilis

2111 5210 2474 5281 nomopbylax
2521 5220 2578 5263 et
2602 5211 2769 5281 judex
2815 5212 3085 5280 generalis
3136 5211 3561 5281 Harmenopule,
3595 5228 3694 5268 cur

2111 5315 2222 5354 non
2258 5301 2362 5354 hoc
2387 5315 2610 5370 quoque
2639 5301 2860 5371 scriptis
2907 5302 3182 5371 adjecisti,
3234 5303 3384 5373 quod
3437 5303 3696 5358 videlicet

2115 5400 2339 5459 propter
2409 5406 2606 5446 aureas
2672 5403 2730 5445 et
2783 5401 3002 5447 sanctas
3071 5397 3217 5464 leges
3280 5395 3429 5450 illius
3509 5393 3692 5464 magni

2113 5482 2343 5538 luminis
2374 5481 2631 5538 Ecclesia:
2675 5483 2924 5550 Joannis,
2979 5486 3047 5540 ab
3097 5502 3262 5542 aurea
3320 5487 3507 5558 lingua
3557 5486 3693 5541 dicti

2122 5574 2521 5646 Chrysostomi,
2558 5575 2765 5644 quibus
2811 5576 3176 5646 prohibentur
3202 5579 3534 5635 anathemati
3565 5577 3698 5632 sub-

2118 5667 2215 5738 jici
2245 5666 2567 5730 Christiani,
2599 5683 2760 5736 quam
2809 5670 2904 5723 diu
2954 5679 3114 5724 recta:
3145 5670 3214 5725 dc
3243 5669 3358 5725 Deo
3409 5670 3697 5724 sententia:

2122 5757 2425 5824 adhaerent,
2483 5772 2608 5814 esse
2661 5758 2927 5815 desierint
2986 5759 3043 5814 in
3100 5775 3200 5816 usu
3259 5760 3337 5815 illi
3399 5761 3531 5816 tomi
3601 5759 3696 5830 qui
