4036 6482
401 319 509 391 8523

760 317 1187 387 rumorum
1226 317 1335 388 ορ.
1381 317 1823 394 REFUTATIO
1857 313 2692 391 ANATHEMATISMORUM
2733 324 3321 396 HABMENOPULI.

3563 321 3686 391 826

398 439 774 497 defectionum
805 447 1086 504 auctores,
1123 448 1180 495 et
1209 439 1647 511 imperatoribus
1680 439 1980 510 perduelles

2099 444 2214 506 τοῖς
2244 442 2562 512 βασιλεῦσιν
2587 441 3084 514 ἀναθεματίςοντες
3111 463 3128 512 ;
3157 444 3328 498 Τοῦτο
3361 443 3471 514 γάρ
3515 460 3685 513 φησιν

399 535 737 589 anathemati
797 533 1116 590 devovent?
1168 533 1284 590 Hoc
1322 535 1472 589 enim
1525 533 1690 588 tradit
1739 531 1980 588 eruditus

2100 535 2129 587 6
2163 535 2326 603 σοφὸς
2353 535 2670 606 νομοφύλαξ
2705 538 2796 590 καὶ
2843 539 2953 590 τῶν
2983 536 3187 605 ὁμοίων
3223 554 3304 590 σοι
3337 534 3682 606 σπουδαστὴς

400 614 493 680 ille
560 625 952 698 nomophylax,
1001 638 1058 682 et
1105 625 1480 682 consimilium
1535 626 1647 680 tuis
1684 622 1994 679 studiorum

397 718 672 788 particeps
733 717 1006 783 Balsama,
1069 727 1178 772 tam
1242 717 1296 772 in
1349 716 1566 789 legibus
1606 731 1771 788 quam
1821 731 1991 773 cano-

397 799 566 862 hlbus
629 810 924 864 maximam
989 809 1226 880 adeptus
1289 809 1580 866 scientiam
1665 819 1830 880 atque
1889 808 1989 864 do-

398 891 661 963 ctrinam,
699 899 791 968 qui
821 909 878 954 et
914 915 1121 969 magna:
1155 899 1304 954 illius
1340 899 1648 955 Antiochiae
1676 900 1990 970 patriarcha

395 987 617 1043 tandem
673 991 991 1062 designatus
1042 992 1146 1047 fuit
1183 1009 1199 1047 :
1237 990 1290 1046 id
1338 991 1485 1062 quod
1535 1006 1604 1046 ne
1657 998 1712 1044 te
1762 990 1987 1060 quidem

395 1071 650 1150 ignorare
723 1083 996 1148 dixerim,
1059 1084 1236 1138 virum
1292 1083 1518 1138 doctum
1563 1092 1620 1138 et
1672 1079 1990 1153 hujusmodi

396 1180 580 1228 rerum
613 1176 666 1229 in
713 1176 908 1245 primis
971 1176 1301 1231 studiosum.
1349 1177 1457 1230 Aut
1508 1175 1674 1246 igitur
1705 1184 1761 1230 et
1798 1175 1888 1229 illa
1939 1189 1996 1228 a-

394 1268 687 1323 Icribenda
717 1279 872 1324 erant
920 1269 1163 1339 iis,.quis
1187 1269 1338 1324 hisce
1372 1268 1472 1323 abs
1521 1276 1574 1322 te
1610 1267 1760 1322 dicta
1810 1275 1942 1321 sunt
1975 1281 1991 1320 :

394 1364 490 1413 aut
524 1357 641 1413 haec
669 1359 1058 1428 pulcherrimis
1084 1369 1142 1422 et
1175 1360 1450 1415 accuratis
1479 1360 1590 1414 illis
1623 1359 1846 1429 scriptis
1874 1359 1990 1414 tuis

392 1455 738 1518 tteqbaquam
792 1447 1103 1504 inferenda.
1154 1450 1358 1505 Verum
1408 1464 1510 1520 ego
1540 1450 1652 1521 jam
1709 1449 1988 1519 complere

391 1537 537 1602 Volo,
587 1540 733 1607 quod
792 1540 954 1594 amici
989 1539 1199 1609 scripto
1253 1539 1456 1594 deest:
1499 1554 1698 1610 meque
1757 1538 2004 1594 minime'

390 1636 712 1693 Onerosum,
746 1645 850 1683 nec
887 1629 1226 1700 siuperﬂuum
1254 1628 1373 1684 fore
1403 1628 1666 1694 arbitror,
1700 1628 1830 1682 dum
1881 1643 1986 1683 nc—

389 1719 632 1774 tessaria
680 1732 737 1775 et
786 1737 967 1790 aequa,
1027 1724 1107 1777 sic
1163 1723 1277 1792 ipsa
1326 1730 1588 1791 poscente
1636 1720 1989 1786 necessitate,

387 1812 654 1882 suscipio.

465 1903 766 1959 Praedictus
791 1901 960 1974 igitur
990 1901 1373 1962 Antiochenus
1404 1906 1740 1976 patriarcha,
1768 1906 1990 1976 sapiens

392 1988 485 2048 ille
515 1991 787 2059 Balsama,
823 1997 954 2050 dum
987 2013 1174 2053 sacros
1201 1999 1427 2069 exponit
1471 2013 1733 2060 canones,
1786 1999 1901 2052 haec
1932 1997 1986 2052 in

395 2087 715 2155 prin-ratione
746 2091 1091 2159 expositione
1123 2105 1398 2146 canonum
1434 2090 1628 2163 synodi
1655 2086 1989 2160 Gangreusis

393 2171 533 2231 dicit
565 2197 582 2234 :

466 2263 715 2329 Praesens
765 2274 868 2329 ista
902 2271 1148 2343 synodus
1203 2286 1307 2342 pro
1357 2271 1652 2328 occasione
1706 2270 1984 2325 illalorum

390 2360 461 2417 tib
493 2360 784 2432 Eustathio
818 2363 1111 2429 malorum,
1167 2372 1381 2416 ratione
1427 2361 1662 2431 quadam
1708 2360 1984 2414 contraria

391 2460 543 2511 recte
575 2456 798 2511 statutis
832 2455 901 2510 ab
937 2455 1175 2510 Ecclesia
1211 2453 1506 2518 catholica,
1544 2469 1668 2508 cum
1693 2451 1985 2506 Eustathio

390 2549 698 2626 Senticntes
729 2549 1078 2602 anathemate
1110 2545 1389 2601 feriendos
1440 2545 1708 2600 decernit.

953 2719 1016 2779 Et
1051 2717 1213 2796 paulo
1252 2733 1368 2796 post
1402 2740 1422 2778 ε

458 2811 530 2875 At
563 2829 731 2874 aurea
766 2818 1028 2889 praeditus
1054 2819 1149 2874 ille
1183 2818 1392 2888 lingua,
1415 2815 1677 2886 orbisque
1710 2821 1982 2874 terrarum

389 2901 603 2979 tloctor,
657 2910 786 2964 dum
837 2909 1189 2964 anathemate
1237 2908 1451 2978 percuti
1502 2919 1653 2963 vetat
1700 2909 1980 2962 hominem

392 3003 633 3067 Iidelem,
658 3002 842 3056 verbis
873 3001 1095 3056 disertis
1144 3001 1261 3054 hzec
1294 3003 1368 3054 ait
1398 3017 1412 3053 :
1451 3019 1470 3051 ι
1508 2999 1650 3067 Quid
1693 2999 1860 3070 igitur
1897 3007 1983 3054 est

392 3083 551 3160 illud,
600 3093 747 3163 quod
800 3094 940 3148 dicis
990 3092 1322 3148 anathema?
1373 3091 1647 3146 Nimirum
1698 3102 1755 3146 ut
1813 3092 1981 3147 devo-

394 3195 592 3242 teatur
629 3187 733 3242 iste
767 3187 1008 3252 diabolo,
1059 3201 1164 3240 nec
1191 3185 1388 3240 salutis
1427 3184 1662 3254 amplius
1707 3184 1781 3239 sit
1809 3185 1982 3254 parti-

391 3293 542 3351 ceps.
582 3280 675 3334 liat
719 3282 933 3336 alienus
960 3295 988 3334 a
1017 3281 1238 3336 Christo
1297 3280 1555 3348 denique.
1594 3277 1660 3334 Et
1701 3280 1980 3349 quisnam,

390 3387 599 3443 qua-so,
631 3384 687 3427 tu
719 3375 819 3428 es?
846 3374 1151 3442 Majestatis
1168 3375 1284 3428 haec
1308 3372 1521 3427 scilicet
1545 3388 1864 3443 magnaeque
1886 3387 1984 3442 po-

389 3467 606 3522 testatis
660 3477 809 3522 sunt.
882 3465 1097 3535 Quippe
1162 3475 1296 3519 tunc
1353 3465 1665 3520 considebit
1718 3480 1811 3519 rex
1844 3503 1859 3528 ,
1925 3472 1982 3518 et

389 3566 596 3611 statuet
649 3571 782 3612 oves
843 3573 875 3612 a
933 3557 1164 3622 dextris,
1231 3557 1416 3617 haedos
1474 3573 1502 3612 a
1558 3556 1818 3612 sinistris.
1868 3555 1982 3610 Cur

389 3648 599 3704 tantam
633 3650 750 3718 ipse
781 3649 877 3703 tibi
924 3649 1244 3718 dignitatem
1299 3651 1571 3721 usurpas?
1605 3668 1624 3701 ι
1688 3649 1754 3704 Et
1789 3649 1981 3718 paucis

390 3742 721 3809 interiectis,
748 3741 893 3796 idem
922 3743 1014 3796 ille
1041 3741 1470 3813 Chrysostomus
1488 3744 1672 3810 inquit
1699 3758 1714 3796 :
1739 3760 1756 3793 ι
1791 3743 1977 3796 Enima

389 3846 522 3888 iero
579 3835 793 3891 duobus
852 3835 1116 3891 duntaxat
1174 3836 1226 3889 in
1289 3837 1427 3889 locis
1487 3833 1782 3900 Apostolus
1835 3833 1980 3886 hanc

389 3935 580 3982 Vocem
629 3927 940 3982 necessario
994 3927 1214 3980 videtur
1247 3925 1618 3995 expressisse,
1663 3938 1763 3978 nec
1792 3933 1974 3978 tamen

388 4021 553 4075 modo
587 4020 824 4090 quodam
851 4019 1136 4074 detinitivo
1159 4033 1280 4072 eam
1312 4015 1639 4086 produxisse
1669 4055 1685 4080 ,
1739 4015 1894 4101 dum.
1924 4031 1976 4068 in

383 4110 614 4180 epistola
657 4109 724 4164 ad
751 4109 1072 4164 Corinthios
1115 4111 1195 4163 ait
1234 4127 1246 4161 :
1285 4109 1340 4162 Si
1369 4110 1494 4177 quis
1535 4122 1646 4161 non
1689 4117 1834 4162 amat
1877 4106 1979 4161 Do-

387 4205 603 4258 minum
646 4213 897 4257 nostrum
935 4201 1126 4257 Jesum
1165 4199 1449 4252 Christum
1472 4237 1488 4260 ,
1525 4197 1821 4252 anathema
1855 4198 1970 4254 sit:

384 4303 463 4363 ει,
497 4297 552 4352 Si
575 4297 700 4366 quis
716 4294 1071 4364 Evangelium
1106 4293 1261 4346 vobis
1283 4289 1465 4344 tradat
1487 4299 1686 4359 praeter
1728 4289 1971 4357 id.quod

273 4431 276 4434 .
385 4385 702 4456 accepistis,
740 4385 1033 4440 anathema
1082 4384 1174 4438 sit.
1210 4381 1348 4448 Quid
1387 4381 1559 4452 ergo?
1591 4397 1713 4452 quae
1751 4381 1968 4436 illorum

2100 623 2427 693 Βαλσαμὼν,
2469 626 2497 678 6
2533 627 2592 678 ἐν
2631 627 2820 696 νόμοις
2863 641 2923 680 τε
2963 630 3058 681 καὶ
3091 627 3284 680 κανόσι
3317 627 3550 696 μάλιστα
3586 645 3685 680 πο-

2095 713 2502 782 λυμαθέστατος
2528 717 2624 770 καὶ⁵
2656 719 2994 786 σοφώτατος,
3019 721 3046 771 6
3070 719 3165 770 καὶ
3197 716 3684 787 πατριάρχηςἈνι

2095 803 2332 876 τιοχείας
2354 807 2456 876 τῆς
2484 808 2730 876 μεγάλης
2755 807 3092 877 ἀναδειχθεὶς
3111 806 3239 860 ὕστε
3251 823 3363 878 ρον,
3395 805 3528 874 ὅπερ
3555 806 3682 860 οὐδὲ

2096 897 2157 950 σὲ
2206 897 2585 953 διαλανθάνειν
2625 899 2842 970 εἴποιμι
2882 899 2948 954 ἂν
2978 901 3158 969 ἔγωγέ
3216 917 3371 964 ποτε,
3424 899 3586 967 σοφόν
3621 915 3684 951 τε

2094 986 2227 1042 ὄντα
2260 989 2353 1054 καὶ
2381 990 2674 1044 σπουδαῖον
2714 990 2783 1044 τὰ
2825 989 3074 1052 τοιαῦτα,
3108 991 3269 1058 είπερ
3301 989 3455 1043 τινά’
3482 988 3514 1058 ἢ
3547 985 3683 1055 γοῦν

2095 1081 2328 1135 κάκεῖνα
2363 1082 2723 1165 προσγράψαι
2767 1099 2827 1135 σε
2871 1085 2986 1145 τοῖς
3025 1083 3241 1153 ῥηθεῖσι
3273 1080 3504 1144 ἐκείνοις
3552 1079 3683 1148 περὶ

2093 1171 2202 1223 τῶν
2231 1171 2416 1240 τόμων
2448 1173 2640 1242 ἐχρῆν,
2671 1173 2704 1243 ἢ
2739 1174 2876 1244 μηδέ
2904 1173 3079 1226 ταῦτα
3101 1175 3211 1236 τοῖς
3241 1173 3548 1235 καλλίστοις
3585 1188 3684 1224 σου

2093 1265 2187 1316 καὶ
2238 1265 2553 1328 σπουδαίοις
2592 1266 2816 1330 ἐντάξαι
2869 1265 3336 1335 συγγράμμασιν.
3385 1264 3526 1320 Ἀλλ’
3569 1263 3683 1332 ἐγὼ

2088 1354 2152 1406 ,τὸ
2186 1354 2430 1408 ἐλλεῖπον
2475 1355 2555 1426 τῷ
2594 1355 2692 1409 τοῦ
2746 1355 2903 1425 φίλου
2946 1355 3346 1426 συγγράμματι
3400 1371 3683 1426 προσανα-

2093 1441 2288 1513 πληρῶ
2323 1444 2456 1516 ἢδη·
2487 1447 2582 1498 καὶ
2604 1441 2782 1516 οἶμαι,
2839 1447 2918 1510 ὡς
2951 1445 3014 1498 ού
3045 1445 3331 1516 φορτικὸς,
3382 1445 3502 1500 ἀλλ’
3556 1445 3682 1498 οὐδὲ

2093 1537 2354 1605 περιττός
2385 1555 2468 1601 τις
2500 1539 2657 1606 δόξω,
2695 1540 3006 1608 τάναγκαῖα
3033 1539 3132 1593 καὶ
3166 1537 3354 1593 δίκαια
3392 1537 3534 1591 κατὰ
3575 1539 3682 1592 πᾶ-

2095 1645 2192 1680 σαν
2222 1627 2472 1698 ἀνάγκην
2501 1630 2699 1684 ποιῶν.

2176 1901 2238 1955 Ὀ
2275 1902 2455 1956 τοίνυν
2482 1903 2823 1975 προρρηθεὶς
2860 1903 3217 1975 πατριάρχης
3256 1902 3608 1974 Ἀντιοχείας,
3649 1904 3679 1956 6

2095 1993 2257 2061 σοφὸς
2292 1991 2620 2064 Βαλσαμὼν,
2649 1997 2776 2059 τοὺς
2808 1996 2990 2067 ἱεροὺς
3017 1995 3389 2066 ἐξηγούμενος
3421 1995 3677 2058 κανόνας,

2091 2086 2218 2140 τάδε
2257 2089 2425 2156 φησὶν
2454 2088 2510 2138 ἐν
2542 2087 2620 2156 τῷ
2652 2091 2928 2158 προοιμίῳ
2960 2088 3058 2159 τῆς
3091 2089 3413 2158 ἐξηγήσεως
3443 2087 3552 2141 τῶν
3580 2105 3678 2140 και

2089 2179 2257 2232 νόνων
2288 2178 2390 2246 τῆς
2414 2181 2469 2231 ἐν
2495 2180 2534 2231 Γ
2537 2179 2721 2249 άγγρᾳ
2748 2180 2990 2233 συνόδουο

2176 2271 2238 2324 Ἢ
2270 2254 2371 2339 μὲν
2410 2271 2665 2342 παροῦσα
2697 2270 2945 2336 σύνοδος,
2973 2274 3251 2344 προφάσει
3301 2271 3414 2334 τῶν
3445 2271 3679 2341 γενομέ-

2090 2382 2199 2417 νων
2233 2365 2384 2435 παρά
2435 2365 2531 2417 τοῦ
2567 2364 2869 2418 samem
2919 2365 3128 2429 κακῶν,
3182 2365 3525 2429 ὑπεναντίως
3557 2366 3675 2429 τοῖς

2086 2456 2538 2526 δογματισθεῖσιν
2569 2457 2750 2525 ὀρθῶς
2783 2460 2938 2529 παρά
2972 2459 3072 2529 τῆς
3100 2457 3402 2528 καθολικῆς
3441 2457 3677 2528 ἰῐκκλινι⁴

2089 2549 2233 2612 σίας,
2272 2547 2773 2618 άναθεματίξεσθαι
2804 2549 2931 2612 τοὺς
2963 2548 3281 2620 ὁμόφρονας
3331 2546 3528 2617 ἐκείνῳ
3553 2547 3666 2601 διοδ

2091 2641 2322 2711 ρίζιται.

2635 2736 2744 2790 Kal
2777 2734 2926 2806 μετά
2958 2751 3094 2790 τινα
3117 2749 3134 2767 ο

2167 2828 2227 2883 ’0
2261 2826 2319 2882 δέ
2355 2825 2594 2898 χρυσοῦς
2630 2828 2730 2899 τὴν
2770 2827 3019 2898 γλῶτταν
3072 2829 3166 2883 καὶ
3215 2829 3316 2900 τῆς
3347 2829 3670 2900 οἰκουμένης

2084 2921 2433 2986 διδάσκαλος,
2481 2921 2996 2990 παρακελευόμενος
3052 2921 3126 2991 μὴ
3178 2922 3671 2988 ἀναθεματίξεσθαι

2085 3014 2374 3087 ἄνθρωπον
2409 3014 2618 3077 πιστὸν,
2649 3015 2785 3086 φησὶ
2815 3013 2989 3068 ταῦτα
3019 3015 3198 3085 ῥητῶς
3223 3029 3238 3046 ·
3273 3034 3292 3068 ι
3331 3016 3396 3068 Τί
3424 3013 3516 3070 οὖν
3550 3018 3669 3069 ἐστι

2089 3107 2270 3173 τοῦτο,
2303 3107 2331 3160 6
2383 3107 2588 3175 λέγεις,
2621 3107 2680 3160 τὸ
2705 3106 2981 3177 ἀνάθεμα,
3021 3102 3142 3160 ἀλλ’
3194 3109 3277 3161 ὅτι
3329 3107 3668 3162 ἀνατιθέσθω

2055 3238 2064 3241 ς
2087 3192 2242 3258 οὗτος
2268 3197 2344 3266 τῷ
2360 3196 2616 3268 διαὸόλῳ,
2633 3198 2729 3250 καὶ
2749 3198 2950 3268 μηκέτι
2975 3199 3248 3269 σωτηρίας
3269 3198 3454 3269 χώραν
3471 3197 3664 3266 ἐχέτω,

2083 3289 2327 3360 γενέσθω
2373 3289 2655 3361 ἀλλότριος
2711 3289 2808 3343 τοῦ
2844 3291 3122 3362 Χριστοῦς
3175 3293 3281 3345 Καὶ
3331 3292 3413 3356 τίς
3460 3287 3511 3344 εί
3560 3289 3664 3357 σός

2081 3385 2268 3437 Ταῦτα
2305 3387 2406 3454 τῆς
2461 3383 2712 3448 ἐξουσίας
2770 3385 2866 3439 καὶ
2915 3384 3016 3454 τῆς
3070 3385 3315 3456 μεγάλης
3360 3385 3663 3455 δυνάμεως.

2042 3476 2216 3531 ·Ἱ“ότε
2263 3475 2372 3547 γὰρ
2411 3477 2626 3530 καθίσει
2683 3478 2712 3531 6
2768 3477 3045 3548 βασιλεὺς,
3099 3481 3194 3532 καὶ
3229 3479 3419 3548 στήσει
3453 3480 3519 3532 τά
3564 3478 3666 3544 μὲν

2080 3567 2330 3639 πρόϐατα
2359 3571 2423 3622 ἐκ
2448 3568 2660 3633 δεξιῶν,
2690 3569 2757 3622 τὰ
2795 3570 2851 3623 δὲ
2885 3569 3072 3637 ἐρίφια
3135 3569 3196 3636 ἐξ
3255 3569 3570 3638 εὐωνύμων.
3598 3569 3665 3622 Ἰί

2078 3661 2172 3714 οὖν
2199 3661 2298 3731 τῆς
2329 3661 2602 3732 τοσαύτης
2641 3661 2913 3716 ἐπελάὄου
2937 3661 3133 3728 ἀξίας;
3162 3681 3180 3713 ι
3218 3662 3328 3714 Καὶ
3361 3660 3478 3732 μετ’
3505 3660 3664 3726 ὀλίγα

2079 3752 2245 3822 φησὶν
2276 3754 2304 3804 ό
2336 3751 2499 3814 αὐτὸς
2541 3753 2932 3823 Χρυσόστομος
2956 3770 2970 3784 ο
3023 3773 3040 3806 ι
3097 3753 3402 3823 Τοιγαροῦν
3425 3757 3452 3807 6
3497 3752 3660 3805 Ἀπό-

2079 3841 2267 3902 στολος
2297 3843 2355 3892 ἐν
2385 3839 2505 3891 δυσὶ
2538 3841 2723 3910 μόνοις
2757 3844 2948 3906 τόποις
2981 3842 3040 3908 ἐξ
3071 3844 3316 3911 ἀνάγκης
3349 3845 3447 3915 τὴν
3477 3843 3664 3912 φωνὴν

2077 3932 2284 4001 ταύτην
2313 3932 2563 3998 φαίνεται
2595 3931 2766 3986 εἰπών
2787 3945 2802 3962 ⁸
2830 3933 2930 4004 οὐχ
2955 3933 3216 4004 ὁριστικῷ
3241 3935 3296 3988 δὲ
3324 3936 3510 4006 τρόπῳ
3532 3934 3664 3986 ταύ-

2076 4039 2180 4091 την
2213 4024 2556 4093 προήγαγεν,
2587 4025 2644 4075 ἐν
2673 4022 2773 4093 μὲν
2805 4026 2872 4094 τῇ
2912 4025 3048 4092 πρὸς
3101 4025 3424 4094 Κορινθίους
3452 4027 3619 4077 εἰπὼν
3641 4039 3656 4054 ·

2077 4115 2146 4168 El
2177 4131 2261 4177 τις
2287 4115 2350 4168 οὐ
2389 4117 2538 4182 φιλεῖ
2565 4115 2656 4168 τὸν
2707 4115 2914 4185 Κύριον
2960 4115 3121 4186 ἡμῶν
3163 4115 3374 4185 Ἰησοῦν
3403 4117 3656 4186 Χριστὸν,

2076 4207 2190 4276 ήτω
2223 4205 2472 4274 ἀνάθεμα
2495 4218 2511 4234 ⁹
2547 4209 2665 4272 καὶ,
2700 4205 2768 4259 Εί
2789 4223 2872 4269 τις
2911 4207 3057 4276 ὑμᾶς
3083 4207 3498 4275 εὐαγγελίζεται
3529 4208 3659 4277 παρ’

2079 4297 2108 4351 6
2142 4299 2505 4368 παρελάὸετε,
2534 4301 2784 4370 ἀνάθεμα
2813 4299 2976 4355 ἔστω.
3011 4300 3076 4352 Τί
3106 4296 3198 4354 οὖν
3225 4315 3239 4364 ;
3271 4300 3306 4355 ἃ
3335 4301 3521 4370 μηδεὶς
3548 4301 3658 4351 τῶν

2075 4389 2378 4460 εἰληφότων
2401 4390 2649 4455 ἐξουσίαν
2677 4391 3001 4460 πεποίηκεν,
3035 4393 3082 4444 εί
3110 4392 3184 4464 μὴ
3205 4394 3361 4463 μόνος
3391 4392 3446 4456 ὃς
3475 4392 3657 4459 ἐλαίῗε,

384 4484 550 4531 tieino
577 4477 727 4540 fecit,
757 4477 849 4544 qui
875 4482 1199 4544 pmestatem
1239 4481 1366 4526 sunt
1413 4472 1621 4541 adepti,
1665 4471 1768 4526 nisi
1823 4472 1966 4526 duu-

2081 4483 2137 4534 σὺ
2166 4482 2372 4553 τολμᾷς
2395 4483 2568 4536 ταῦτα
2597 4486 2771 4536 ποιεῖν
2799 4483 3060 4546 ἐναντίως
3088 4485 3166 4553 τῷ
3187 4485 3490 4555 δεσποτικῷ
3509 4500 3648 4555 παρ-

388 4570 536 4623 taxat
594 4569 660 4632 is,
698 4569 790 4638 qui
851 4583 974 4622 eam
1028 4566 1260 4634 accepit,
1301 4564 1392 4618 illa
1451 4575 1506 4619 tu
1564 4563 1734 4618 audes
1792 4563 1972 4618 facere

386 4671 580 4717 contra
609 4661 925 4715 mandatum
957 4659 1198 4720 Domini,
1227 4667 1281 4712 et
1326 4657 1500 4728 ipsius
1529 4657 1673 4726 regis
1697 4655 1971 4725 judicium

385 4755 694 4824 anticipas‘l
746 4752 1020 4809 Nimirum
1076 4752 1182 4808 hoc
1209 4729 1538 4808 ’anathema
1599 4749 1881 4803 hominem
1943 4761 1972 4800 a

386 4855 610 4909 Christo
645 4849 938 4908 abscindit.
991 4849 1199 4904 Doceto
1262 4847 1318 4900 in
1377 4843 1824 4904 mansuetudine,
1859 4860 1876 4892 ›
1918 4850 1974 4895 ct

383 4959 508 5014 quae
541 4953 868 5012 sequuntur.

455 5040 634 5106 Atque
654 5037 768 5091 haec
784 5035 1006 5106 quidem
1031 5030 1198 5088 verba
1221 5040 1348 5088 sunt
1373 5023 1550 5086 Patris
1571 5023 1970 5099 ChrysoStomi.

392 5129 627 5199 Bubjicit
655 5139 838 5182 autem
872 5125 1121 5180 Balsama
1153 5139 1167 5175 :
1197 5123 1517 5192 Propterea,
1551 5134 1654 5173 ceu
1686 5117 1838 5173 credi
1873 5132 1972 5186 par

384 5232 491 5289 est,
531 5222 693 5277 desiit
721 5235 843 5275 esse
877 5220 931 5272 iu
964 5233 1067 5271 usu
1111 5225 1295 5270 tomus
1338 5214 1429 5266 ille
1465 5210 1764 5282 synodalis,
1796 5209 1972 5265 factus

383 5315 488 5368 sub
517 5313 751 5383 imperio
778 5306 988 5363 domini
1033 5304 1376 5360 Constantini
1406 5303 1461 5356 in
1511 5303 1789 5371 Porphyra
1831 5302 1968 5363 nati,

383 5422 509 5460 cum
549 5414 698 5460 esset
723 5399 1035 5472 patriarcha
1060 5397 1321 5451 dominus
1353 5395 1594 5456 Alexius,
1620 5395 1686 5446 de
1704 5393 1968 5448 feriendis

385 5499 734 5553 anathemate
758 5491 1129 5547 defectionum
1161 5503 1224 5542 ac
1282 5487 1613 5541 tumultuum
1646 5486 1968 5540 auctoribus

383 5602 441 5644 et
463 5589 728 5642 adversus
757 5585 1122 5650 imperatores
1148 5593 1298 5632 arma
1351 5577 1747 5632 suscitautibus
1794 5589 1856 5628 ac
1887 5583 1970 5644 ινδ

383 5680 670 5732 tannidem
725 5670 1106 5728 molientibus.
1161 5673 1239 5724 Au
1291 5685 1418 5723 vero
1471 5667 1682 5737 potiora
1732 5666 1968 5719 debeant

382 5783 532 5837 esse,
565 5781 686 5836 qua:
723 5767 790 5822 ab
831 5766 937 5820 huc
990 5777 1184 5833 magno
1218 5764 1376 5817 Patre
1407 5749 1744 5826 άδτιυιευυο
1773 5768 1966 5811 uestro

2077 4576 2390 4645 αγγέλματι
2414 4616 2428 4639 ,
2481 4578 2575 4630 καὶ
2607 4577 3020 4648 προλαμόάνεις
3047 4579 3147 4648 τὴν
3177 4579 3360 4647 κρίσιν
3390 4579 3481 4632 τοῦ
3508 4581 3654 4646 βασι·

2073 4665 2208 4726 λέως
2233 4683 2249 4734 ;
2303 4670 2345 4720 Τ
2349 4668 2378 4719 6
2404 4667 2656 4735 ἀνάθεμα
2701 4668 2860 4722 τοῦτο
2888 4668 2985 4721 τοῦ
3040 4669 3283 4741 Χριστοῦ
3335 4671 3658 4733 ἀποκόπτει,

2078 4761 2298 4825 Δίδαξον
2330 4761 2389 4812 ἐν
2419 4761 2708 4831 πραότητι,
2747 4779 2765 4813 ι
2805 4763 2899 4814 καὶ
2928 4763 2996 4815 τά
3030 4761 3180 4832 ἑξῆς.

2147 5017 2256 5076 Καὶ
2292 5023 2466 5077 ταῦτα
2497 5021 2598 5091 μὲν
2629 5023 2698 5076 τά
2756 5016 2850 5077 τοῦ
2880 5015 3272 5094 Χρυσοστόμου
3324 5024 3552 5095 Πατρός.
3590 5022 3656 5078 Ὃ

2071 5114 2128 5169 δὲ
2159 5116 2465 5185 Βαλσαμὼν
2495 5116 2749 5186 ἐπιφέρει
2769 5129 2783 5143 ⁸
2813 5116 2915 5169 Διά
2942 5115 3122 5181 τοῦτο,
3153 5115 3227 5180 ὡς
3257 5116 3450 5184 ἔοικεν,
3474 5121 3655 5188 ἀπρα-

2073 5210 2194 5259 κτεῖ
2242 5207 2339 5260 καὶ
2381 5209 2410 5260 6
2456 5208 2696 5275 γεγονὼς
2730 5208 3008 5273 συνοδικὺς
3051 5211 3216 5278 τόμος
3248 5211 3343 5263 ἐπὶ
3373 5213 3468 5278 τῆς
3496 5210 3651 5279 βασιο

2073 5299 2223 5365 λείας
2272 5301 2368 5354 τοῦ
2430 5303 2953 5372 Πορφυρογεννήτου
3008 5303 3179 5372 κυροῦ
3215 5305 3649 5369 Κωνσταντίνου,

2072 5393 2168 5443 καὶ
2199 5391 2295 5444 τοῦ
2331 5391 2671 5461 πατριάρχου
2707 5391 2874 5457 κυροῦ
2909 5389 3173 5456 Ἀλεξίου,
3207 5391 3369 5461 χάριν
3399 5391 3492 5442 τοῦ
3522 5391 3654 5441 ἀναί⁵

2072 5481 2465 5551 θεματίζεσθαι
2487 5484 2616 5543 τοὺς
2641 5482 2986 5545 ἀποστάτας,
3021 5481 3116 5532 καὶ
3149 5481 3526 5551 μούλταρίους,
3555 5481 3652 5532 καὶ

2073 5573 2216 5628 κατὰ
2247 5573 2356 5656 τδῖον
2385 5571 2649 5642 βασιλέων
2675 5573 2819 5624 ὅπλα
2871 5572 3208 5642 ἐγείροντας,
3241 5574 3335 5625 καὶ
3363 5568 3651 5640 τυραννίδα

2074 5663 2437 5734 μελετῶντας.
2469 5663 2532 5716 Εἰ
2558 5662 2615 5715 δέ
2647 5662 2714 5716 τὰ
2745 5663 2896 5731 ποιρά
2923 5663 3017 5717 τοῦ
3051 5663 3288 5731 μεγάλου
3323 5662 3529 5730 [ἰατρὸς
3555 5661 3648 5712 καὶ

2071 5755 2393 5812 διδασκάλου
2431 5756 2587 5825 ἡμων
2624 5756 2716 5806 τοῦ
2749 5756 3142 5825 Χρυσοστόμου
3173 5755 3453 5824 γραφέντα
3483 5752 3649 5818 ὕπερ,
