4036 6456
281 332 391 404 825

1225 338 1674 412 DEMETRIUS
1715 343 2113 414 CYDONIUS.
2153 376 2217 387 -·
2247 347 2582 412 ΝΟἸῚΤΙΑ.

3452 350 3559 421 826

283 453 466 520 τερεῖν
517 451 796 520 ὀφείλουσι
845 453 940 506 καὶ
996 453 1107 507 τῶν
1161 455 1547 525 διορισθέντων
1589 459 1738 528 παρὰ
1768 459 1911 528 τῆςι

1989 462 2374 534 Shrysostomo
2406 464 2609 533 scripta
2633 468 2784 528 sunt,
2831 470 2938 518 tam
2988 463 3226 521 decretis
3253 465 3560 523 Chalcedo-

285 543 342 596 ἐν
374 542 676 611 Χαλκηδόνι
706 544 950 607 συνόδου,
1004 545 1096 598 καὶ
1123 545 1227 614 τῆς
1261 547 1317 598 ὲν
1379 547 1628 618 Γάγγρᾳ,
1678 549 1866 619 ἐροῦσι

284 637 510 695 πάντως
557 635 605 685 οἱ
655 634 721 688 τὰ
776 635 1002 688 τοιαῦτα
1052 635 1350 690 διευῦετεῐν
1407 639 1659 702 ἐξουσίαν
1715 640 1868 708 ἔχον.

283 737 397 789 τες.

358 821 469 874 Καὶ
499 819 667 873 ταῦτα
693 821 793 887 μὲν
821 823 848 874 6
873 822 1220 893 πατριάρχης
1253 823 1579 893 Βαλσαμών.
1613 824 1868 877 Δείκνυσι

291 909 420 980 γοῦν
452 911 516 964 ἐκ
547 911 656 964 τῶν
689 912 1020 982 είρημένων,
1053 916 1486 984 προηγουμένως
1515 917 1613 985 μὲν
1641 915 1700 980 ἐξ
1731 915 1873 968 ὲκεί-

291 1021 408 1076 νου,
438 1005 640 1073 μᾶλλον
691 1005 748 1058 δὲ
783 1007 876 1058 καὶ
908 1005 1013 1074 πρὸ
1062 1007 1170 1058 τῶν
1200 1008 1396 1060 ἑαυτοῦ
1439 1010 1657 1079 ἡμερῶν
1691 1009 1873 1079 ἄπρα-

291 1109 422 1146 κτον
461 1094 552 1146 τὸν
597 1094 980 1166 πρρρρηθέντα
1029 1096 1122 1149 ἐπὶ
1185 1095 1278 1148 τοῦ
1330 1097 1870 1166 Πορφυρογεννήτου,

291 1185 387 1238 καὶ
433 1186 529 1238 τοῦ
579 1189 924 1258 πατριάρχου
968 1188 1139 1258 κυροῦ
1174 1188 1417 1253 Ἀλεξίου
1452 1189 1654 1258 τόμον·
1693 1190 1875 1259 ἡττρά-

294 1293 464 1340 κτησε
501 1275 632 1347 γὰρ,
659 1278 847 1347 φησίν.
876 1278 1126 1331 Ἔκείνου
1165 1278 1242 1344 δὲ,
1271 1279 1526 1349 καθάπερ
1555 1279 1699 1342 τινὸς
1746 1279 1880 1349 ἐρεί-

297 1384 524 1436 σματος,
577 1367 610 1437 ἢ
672 1368 949 1436 θεμελίου,
984 1369 1450 1433 ὑποσπασθέντος,
1507 1372 1601 1424 καὶ
1653 1373 1702 1424 oi
1763 1370 1879 1440 μετ’

294 1463 502 1513 ἐκεῖνον
525 1461 808 1528 γεγονότες
846 1461 961 1526 δύο,
994 1463 1021 1514 ὃ
1043 1479 1103 1514 τε
1139 1465 1230 1515 ὲπὶ
1258 1462 1349 1516 τοῦ
1371 1461 1681 1531 Κομνηνοῦ,
1708 1479 1780 1530 φη
1792 1461 1874 1530 μὶ,

297 1551 464 1622 κυροῦ
490 1551 774 1616 Μανουὴλ,
806 1553 902 1605 καὶ
940 1555 966 1606 6
1002 1556 1097 1606 ἰπὶ
1123 1555 1216 1607 τοῦ
1243 1554 1637 1623 Παλαιολόγου,
1666 1571 1876 1622 συγκα-

295 1645 659 1698 ταπίπτουσιν
715 1645 775 1710 ἐξ
819 1647 1087 1716 ἀνάγκης.
1124 1648 1356 1700 Ἔπειτα
1418 1649 1516 1702 σὺν
1571 1647 1745 1718 τούτῳ
1773 1648 1880 1700 δεί-

298 1753 512 1801 κνυσιν,
535 1737 620 1790 ὅτι
647 1737 771 1789 οὐδὲ
790 1737 840 1789 οἱ
865 1739 1307 1808 ἀναθεματισμοὶ
1344 1739 1452 1792 τῶν
1483 1739 1715 1792 συνόδων
1738 1739 1879 1792 ὲκείο

299 1846 404 1880 νων
459 1829 645 1896 ἔχουσι
675 1828 736 1880 τὸ
788 1829 1052 1897 ἀσφαλὲς,
1089 1831 1139 1882 εί
1205 1831 1300 1882 καὶ
1353 1829 1447 1883 ἐπὶ
1483 1829 1745 1897 μεγάλοις
1785 1831 1879 1884 καὶ

299 1918 622 1986 ἀναγκαίοις
650 1919 795 1973 τισὶν
823 1920 1075 1988 ἐγένοντο
1101 1921 1448 1990 πράγμασιν,
1482 1921 1643 1992 εἴπερ
1667 1918 1744 1990 τῷ
1769 1938 1882 1976 κοι·

305 2010 378 2079 νῷ
403 2003 579 2080 Harp!
607 2012 652 2064 Χ
662 2012 1001 2082 ρυσοστόμῳ,
1029 2013 1124 2066 καὶ
1172 2016 1284 2077 τοῖς
1330 2013 1508 2077 ἄλλοις
1537 2016 1715 2084 ἁγίοις
1745 2016 1886 2069 διδααι

308 2103 523 2167 σκάλοις
555 2105 837 2158 πείθεσθαι
867 2107 1053 2172 δεῖ,τὰ
1084 2108 1222 2162 αὐτὰ
1245 2109 1339 2161 καὶ
1385 2109 1671 2178 φρονοῦσιν
1694 2111 1884 2180 ἐκείνῳ

307 2196 396 2245 καὶ
420 2195 753 2262 διδάσκουσι,
787 2199 882 2252 καὶ
918 2202 987 2269 τῇ
1028 2200 1120 2252 τοῦ
1154 2200 1396 2271 Χρῖστοῦ
1431 2202 1666 2272 μεγίστῃ
1697 2202 1886 2270 φιλαν-

307 2286 522 2358 θρωπίᾳ
549 2290 750 2358 μᾶλλον
783 2292 1197 2362 συνηγοροῦσιν.
1244 2293 1404 2346 Ἀλλά
1450 2294 1580 2364 περὶ
1615 2295 1714 2361 μὲν
1775 2294 1884 2348 τῶν

307 2384 582 2458 τοιούτων,
615 2386 664 2436 οἱ
703 2385 803 2454 μὲν
855 2387 1050 2451 ταῦτα,
1077 2388 1124 2439 οἱ
1146 2387 1190 2438 δ’
1223 2386 1411 2440 ἀλλοῖα
1462 2387 1624 2454 τυχὸν
1671 2386 1881 2456 ἐροῦσι,

311 2476 428 2538 ταῖς
475 2476 718 2541 συνόδοις
751 2477 988 2540 ἐκείναις
1023 2478 1434 2548 συνιστάμενοι.
1477 2475 1620 2543 Ἐγὼ
1648 2477 1692 2530 δ’
1745 2478 1887 2530 ὲκεί-

311 2585 414 2620 νων
454 2570 737 2640 ἀφέμενος
764 2570 905 2641 (οὐδὲ
965 2571 1074 2638 γὰρ
1124 2571 1328 2642 ἐρίζειν
1369 2572 1462 2625 ἐπὶ
1491 2569 1587 2625 τοῦ
1618 2573 1888 2641 παρόντος

312 2657 619 2730 βούλομαι),
655 2662 830 2715 ἐκεῖνό
856 2681 1021 2733 φημι,
1040 2664 1120 2716 ὅτι
1141 2664 1276 2726 τέως
1306 2662 1575 2732 λαμπρῶς
1603 2666 1696 2717 καὶ
1718 2666 1890 2733 ἀναμ-

311 2750 546 2820 φιϐἇλως
605 2753 905 2825 ἀπεδείχθη
959 2756 1024 2809 ἐκ
1084 2756 1432 2826 περιουσίας,
1482 2755 1564 2808 ὅτι
1609 2757 1637 2808 ό
1671 2756 1890 2825 πρῶτος

314 2845 521 2908 ἐκεῖνος
561 2845 746 2915 τόμος,
781 2846 858 2909 ὡς
893 2846 969 2917 μὴ
999 2849 1242 2919 συνᾴδων
1283 2848 1360 2917 τῷ
1391 2848 1581 2917 σκοπῷ
1624 2848 1723 2916 τῆς
1762 2847 1889 2899 Ἐλ-

318 2937 569 3003 κλησίας,
599 2938 692 2992 καὶ
726 2939 960 3008 μάλιστα
990 2940 1066 3008 τῷ
1095 2939 1257 3010 κοινῷ
1286 2939 1610 3009 διδασκάλῳ,
1643 2939 1719 3008 τῷ
1747 2937 1788 2990 Χ
1799 2957 1893 3007 ρυ-

318 3031 590 3100 σοστόμῳ,
617 3031 778 3102 φημὶ,
803 3032 969 3102 ἀργὸς
993 3031 1085 3084 καὶ
1107 3032 1388 3103 ἄπρακτος
1415 3031 1716 3101 μεμένηκε,
1747 3031 1890 3090 κατὰ

1972 555 2149 620 nensi,
2195 572 2356 626 quam
2409 556 2708 626 Gangrensi
2764 556 3002 612 concilio
3042 597 3058 616 .
3091 557 3390 612 dicendum
3449 560 3558 616 illis

1971 647 2198 702 omnino
2255 648 2652 716 relinquimus,
2704 650 2800 720 qui
2860 651 2984 704 talia
3014 650 3181 720 :recte
3229 650 3558 720 disponendi

1973 749 2302 809 potestatem
2329 742 2554 796 habent.

2047 826 2113 885 Et
2131 832 2246 887 haec
2267 833 2486 902 quidem
2507 833 2832 902 patriarchae
2851 833 3194 890 Balsamonis
3214 834 3381 888 verba
3406 845 3560 892 sunt.

1973 922 2226 979 Ostendit
2254 933 2435 979 autem
2472 939 2571 996 per
2601 941 2686 980 ea.
2717 941 2838 995 qua:
2870 926 3025 1000 dicit,
3066 927 3304 995 primum
3338 927 3562 995 quidem

1975 1015 2044 1068 ab
2071 1015 2163 1068 illo
2186 1025 2456 1085 tempore,
2477 1014 2560 1069 vel
2586 1018 2767 1085 potius
2799 1018 2962 1069 etiam
3003 1025 3128 1069 ante
3161 1033 3312 1071 suam
3347 1028 3562 1072 aetatem

1977 1119 2096 1160 esse
2128 1106 2182 1158 in
2213 1121 2315 1160 usu
2345 1105 2575 1160 desiisse
2627 1107 2942 1172 praedictum
2988 1108 3142 1160 illum
3186 1118 3417 1170 tomum,
3462 1111 3565 1166 sub

1978 1197 2498 1270 Porphyrogenueta
2521 1207 2575 1253 et
2599 1197 2784 1252 Alexio
2809 1198 3118 1266 patriarcha
3153 1199 3385 1255 factum.
3423 1199 3566 1254 Dicit

1979 1291 2125 1344 enim
2169 1307 2182 1342 :
2219 1289 2543 1359 Desiittfcsse
2569 1289 2628 1351 jn
2663 1304 2789 1342 usu.
2828 1289 2906 1342 Eo
2949 1304 3080 1344 vero
3118 1303 3218 1344 ceu
3266 1289 3442 1345 fulcro
3479 1291 3565 1344 vel

1981 1381 2342 1436 fundamento
2379 1379 2618 1449 quodam
2658 1381 2912 1454 subrulp,
2941 1378 3109 1432 etiam
3151 1378 3244 1431 alii
3286 1377 3396 1432 duo
3435 1377 3564 1432 tomi

1980 1482 2172 1544 postea
2207 1472 2360 1538 facti,
2400 1483 2517 1526 tum
2553 1471 2761 1524 domini
2806 1469 3075 1525 Manuclis
3123 1468 3414 1532 Comneui,
3451 1478 3564 1523 tum

1981 1561 2269 1632 Palmologi
2303 1571 2572 1630 tempore,
2627 1559 2940 1614 necessario
2971 1573 3096 1612 cum
3142 1559 3222 1613 eis
3280 1568 3564 1612 corruunt.

1983 1651 2190 1707 Deinde
2222 1660 2417 1720 praeter
2451 1651 2554 1705 hoc
2613 1649 2777 1702 etiam
2826 1647 2961 1702 illud
2998 1648 3206 1713 innuit;
3241 1647 3384 1717 quod
3418 1649 3569 1703 vide-

1985 1747 2112 1800 licet
2136 1761 2205 1799 ne
2242 1745 2458 1799 illarum
2481 1744 2702 1814 quidem
2749 1742 3084 1814 synodorum
3128 1740 3568 1796 anathematismi

1985 1838 2220 1900 valeant,
2258 1837 2388 1892 licet
2431 1836 2642 1907 magnis
2678 1844 2734 1890 et
2782 1835 3106 1891 necessariis
3152 1833 3476 1904 quibusdam
3516 1832 3568 1886 in

1984 1931 2221 2000 negotiis
2254 1929 2580 2000 promulgati
2630 1927 2761 1992 sint,
2805 1927 3079 1997 siquidem
3112 1929 3392 1982 communi
3425 1927 3572 1982 Patri

1983 2022 2371 2094 Chrysostomo
2425 2032 2481 2078 et
2507 2023 2629 2078 aliis
2664 2021 2872 2078 sanctis
2905 2019 3230 2076 doctoribus
3262 2021 3587 2090 obsequen--

1985 2113 2114 2169 dum
2149 2115 2240 2178 sit,
2271 2113 2366 2184 qui
2415 2114 2608 2169 eadem
2645 2129 2772 2169 cum
2826 2114 2918 2170 illo
2967 2113 3214 2168 sentiunt
3257 2125 3322 2165 ac
3351 2111 3571 2174 docent,

1985 2205 2345 2274 maximaeque
2373 2202 2578 2259 Christi
2601 2205 2907 2259 clementia:
2931 2202 3112 2272 potius
3135 2201 3570 2270 patrocinantur.

1987 2296 2094 2352 Sed
2124 2295 2271 2349 enim
2305 2295 2374 2350 de
2409 2294 2494 2350 his
2522 2295 2745 2365 quidam
2801 2295 2938 2360 ha-c,
2972 2294 3062 2348 alii
3099 2293 3332 2348 fortasse
3357 2291 3592 2346 diversa.

1987 2387 2252 2458 prolaturi
2289 2398 2436 2451 sunt,
2470 2389 3038 2446 conciliisillissemet
3060 2381 3444 2457 adjungcntés.
3465 2385 3576 2455 Ego

1988 2497 2119 2534 vero
2153 2496 2215 2536 ea
2248 2482 2410 2537 missa
2443 2481 2650 2536 faciens
2671 2481 2802 2551 (non
2835 2481 2982 2536 enim
3007 2482 3062 2535 in
3087 2478 3378 2550 praesentia
3416 2478 3578 2532 alten-

1989 2573 2100 2630 cari
2137 2574 2307 2642 volo).
2349 2575 2542 2628 saltem
2599 2573 2705 2627 hoc
2749 2573 2860 2636 aio,
2891 2572 3040 2634 clare
3095 2587 3161 2627 ac
3191 2571 3362 2626 dubio
3389 2555 3580 2640 procul

1991 2666 2260 2720 hactenus
2287 2679 2410 2719 esse
2454 2664 2912 2729 demonstratum,
2937 2673 2994 2719 et
3039 2663 3267 2733 c0piose
3327 2660 3602 2731 quidem,

1989 2757 2137 2827 quod
2173 2758 2388 2826 primus
2419 2757 2512 2820 ille
2545 2766 2746 2820 tomus,
2783 2765 3043 2824 tanquam
3077 2771 3190 2810 non
3223 2752 3582 2809 consentiens

1993 2864 2117 2902 cum
2153 2848 2414 2904 Ecclesia:
2444 2863 2632 2918 scopo,
2658 2849 3003 2918 maximeque
3032 2862 3157 2902 cum
3186 2846 3278 2901 illo
3298 2834 3605 2900 communi.

1991 2941 2216 2995 doctore
2231 2937 2644 3010 Chrysostomo,
2675 2940 2989 3008 inquam,et
3011 2934 3311 2992 cessaverit
3336 2934 3456 2987 etin
3477 2947 3580 2986 usu

1992 3045 2113 3084 esse
2145 3028 2388 3091 desierit,
2419 3027 2722 3083 secundum
2739 3027 3044 3097 sapientem
3089 3026 3243 3078 illum
3293 3022 3574 3076 Balsamo-

313 3123 408 3176 τὸν
467 3125 626 3192 σοφὸν
661 3125 992 3194 Βαλσαμώεν
1039 3125 1178 3198 ὅπερ
1228 3125 1325 3178 καὶ
1361 3127 1496 3195 ἡμῖν
1522 3126 1549 3176 6
1593 3123 1790 3184 σκοπὺ,
1823 3117 1890 3193 ἦν

1997 3136 2123 3175 nem
2159 3137 2173 3172 :
2208 3117 2352 3188 quod
2384 3117 2544 3172 nobis
2565 3118 2728 3171 etiam
2755 3115 3100 3186 propositum
3125 3121 3245 3168 erat
3265 3110 3579 3166 ostendere.

313 3212 492 3278 δείξαι
511 3229 524 3247 '
563 3214 771 3268 ἐκείνου
800 3215 844 3268 δ’
870 3216 1304 3286 ἁπρακτοῦντυς,
1335 3218 1426 3270 καὶ
1454 3217 1504 3269 οἱ
1542 3213 1659 3284 μετ’
1689 3217 1896 3266 ἐκεῖνον

319 3301 384 3367 ἐξ
407 3303 652 3374 ἀνάγκης
684 3305 947 3371 ὡσαύτως
981 3307 1044 3360 τὸ
1075 3309 1437 3376 ἀνενέργητον
1482 3305 1579 3358 καὶ
1617 3306 1898 3376 ἄπρακτον

318 3393 530 3462 ἔχουσι,
558 3396 701 3449 καθὰ
731 3395 796 3468 δὴ
823 3399 916 3450 καὶ
943 3397 1252 3465 φθάσαντες
1284 3399 1536 3465 εἴπομεν.

2000 3211 2154 3267 Illius
2177 3222 2358 3264 autem
2385 3225 2483 3264 usu
2511 3217 2846 3278 exspirante,
2867 3207 3052 3266 caeteri
3083 3218 3303 3274 quoque
3321 3202 3608 3272 deinceps
3639 3253 3642 3255 Α

2003 3303 2131 3356 facti
2165 3301 2481 3356 necessario
2517 3301 2687 3356 robur
2721 3315 2879 3354 suum
2916 3297 3193 3354 consimili
3234 3295 3394 3349 modo
3423 3295 3583 3350 entit-

2006 3403 2123 3449 tcnt
2153 3406 2208 3449 et
2235 3393 2618 3463 exspirabunt,
2657 3393 2734 3448 uti
2774 3393 2882 3464 jam
2915 3401 3076 3448 antea
3111 3391 3373 3445 diximus.

3179 3591 3577 3610 '_.——.———-—————~

409 3791 3519 4285 οΕΜΕΤΒῘῦξῖῨΒΟΝΙ[18

1719 4421 2219 4511 ΝΟἹῚΊῚΑ

1165 4609 1384 4685 (Flauia.
1422 4611 1712 4663 Bibliotheca
1744 4613 1912 4663 erca
1935 4613 2016 4664 ed.
2054 4613 2251 4675 Harles,
2285 4620 2401 4666 tom.
2432 4613 2510 4676 XI,
2545 4627 2593 4678 p.
2627 4614 2761 4676 398.)

415 4891 723 4952 Demetrius
775 4893 805 4948 6
840 4887 1069 4963 Κυδώνη
1101 4935 1115 4958 ,
1175 4906 1232 4948 ut
1266 4893 1319 4947 in
1350 4894 1633 4966 codicibus
1683 4909 1813 4949 mss.
1848 4893 2148 4958 Caasareis,
2185 4894 2328 4964 regis
2367 4894 2824 4950 Christianissimi
2860 4901 2916 4948 et
2945 4893 3284 4950 Coisliniano
3338 4904 3394 4950 et
3449 4895 3605 4966 apud”

339 4989 783 5044 Cantacuzeuum
812 4986 898 5053 IV,
932 4988 1018 5052 16,
1055 4990 1368 5058 Δημήτριος
1399 4990 1427 5041 6
1457 4987 1714 5056 Κυδὼνη,
1749 4997 1806 5041 et
1835 4984 1903 5042 IV

1991 4987 2046 5052 9,
2077 4988 2350 5057 παρόντος
2375 4987 2470 5042 τοῦ
2503 4987 2755 5056 Κυδώνη,
2786 4986 3007 5042 videtur
3041 4989 3113 5042 ita
3142 4989 3468 5058 cognomine
3498 5005 3595 5059 po.

344 5082 455 5136 tius
481 5082 810 5152 appellatus,
843 5097 1008 5151 quam
1041 5081 1322 5152 Cydonius
1363 5098 1393 5137 a
1422 5081 1666 5153 Cydonia
1698 5079 1896 5142 Cretae.
1927 5081 1982 5136 in
2010 5097 2116 5150 qua
2147 5091 2522 5138 commoratus
2549 5081 2642 5146 sit,
2673 5093 2733 5137 ut
2771 5083 2948 5136 visum
2983 5081 3276 5135 Lambecio
3306 5082 3403 5136 lib.
3449 5100 3500 5144 ν,
3535 5099 3592 5152 p.

346 5178 448 5232 185
487 5177 564 5250 [ρ.
592 5178 693 5231 587
726 5193 845 5246 sqq.
866 5177 1002 5242 Koll,
1033 5179 1124 5234 ubi
1155 5179 1364 5234 multus
1400 5179 1444 5232 is
1501 5186 1588 5233 est
1617 5177 1686 5232 de
1722 5177 1827 5230 hoc
1860 5176 2181 5249 Demetrio].
2217 5177 2298 5232 Oh
2352 5177 2586 5232 similem
2636 5191 2854 5231 causam
2886 5177 2955 5230 ab
3000 5177 3121 5231 aliis
3147 5175 3330 5230 dictus
3362 5176 3600 5230 Thcssan

342 5271 639 5326 loniceusis
671 5269 746 5340 (a)
770 5271 851 5324 vel
880 5269 1212 5340 Byzantinus
1246 5287 1260 5323 :
1291 5280 1548 5340 corrupte
1572 5268 1834 5324 Verderio
1861 5268 2066 5340 Sydon,
2094 5281 2148 5325 et
2172 5270 2262 5326 Jo.
2285 5271 2490 5326 Jacobo
2517 5269 2694 5324 Frisio
2714 5280 2879 5340 atque
2901 5269 3196 5324 Possevino
3231 5268 3478 5322 Sidonius
3497 5268 3594 5338 (ὁ).

418 5411 494 5479 (a)
535 5413 594 5464 Ὀ
624 5412 734 5465 ἀπὸ
773 5410 1193 5480 Θεσσαλονίκης.
1229 5410 1280 5465 in
1320 5411 1508 5466 codice
1537 5426 1668 5467 mss.
1698 5410 1906 5476 cpisto-

341 5479 444 5535 lar.
485 5481 735 5536 Caesareo
771 5481 912 5548 apud
947 5479 1320 5550 Lanihecium.
1362 5483 1456 5534 lib.
1497 5497 1550 5543 v,
1582 5497 1634 5548 p.
1663 5481 1784 5534 184.
1819 5480 1903 5550 [Ρ.

343 5550 451 5623 ἒξὸὅ
477 5567 596 5620 sqq.
639 5551 728 5604 ed.
773 5551 974 5623 Eollar.
1013 5549 1028 5623 1
1072 5549 1161 5623 Sic
1183 5559 1239 5604 ct
1270 5549 1657 5623 Volaterranus
1689 5551 1796 5623 lib;
1819 5549 1906 5612 κν,

341 5617 717 5691 contrucidat.
771 5617 1044 5676 Urbauof.
1083 5637 1096 5673 :
1130 5621 1428 5673 Demetrius
1458 5619 1723 5691 Cydouiw.
1756 5619 1910 5691 Thes-

341 5688 717 5751 salonicensis,
739 5694 816 5744 vir
839 5692 1018 5743 doctus
1041 5705 1187 5756 a'que
1217 5707 1278 5743 ac
1299 5688 1532 5752 sanctus]
1556 5688 1734 5743 Omen
1761 5689 1908 5742 Lati--

343 5770 520 5829 Itaque
541 5761 788 5829 [actmdia
823 5761 1093 5828 pra'dims.
1131 5760 1233 5815 Sed
1288 5761 1484 5814 Allatio
1512 5801 1524 5823 ,
1573 5776 1626 5830 ρ.
1662 5759 1785 5825 856,
1838 5758 1911 5812 Dc

2005 5427 2256 5466 consensu
2287 5412 2563 5480 utriusque
2597 5409 2866 5480 Ecclesire.
2893 5417 2976 5480 est
3005 5407 3362 5478 Byzantinus.

2081 5483 2154 5548 (ὁ)
2191 5481 2286 5552 [De
2318 5482 2421 5552 lih._
2441 5475 2697 5536 Demetrii
2726 5478 2973 5552 (])'tl.ul)e
3006 5475 3331 5552 processio"?
3354 5475 3604 5552 §pitjttfs

2006 5546 2200 5613 sancti,
2239 5551 2353 5605 vide
2402 5546 2784 5606 Lmnbcrium.
2831 5549 2926 5603 lii).
2959 5563 3008 5617 ﬁt,
3056 5565 3105 5617 p.
3154 5550 3274 5601 143.
3307 5546 3324 5616 [
3354 5547 3410 5598 P.
3441 5546 3584 5617 2M.

2011 5621 2147 5675 Koll.
2177 5622 2236 5674 it.
2267 5639 2319 5689 p.
2355 5622 2463 5674 272
2500 5622 2568 5675 de
2613 5619 2899 5688 Augustini
2947 5616 3270 5681 Enchiridio,
3305 5616 3448 5685 quod
3490 5617 3602 5669 Dc--

2012 5705 2174 5747 ntetr.
2209 5691 2303 5746 (ur.
2333 5692 2516 5747 vertit.
2552 5690 2748 5761 IlanLJ
