4036 6448
467 369 574 440 827
1665 356 2122 444 Demaratus
2165 364 2596 478 creemus“
2735 437 2748 448 ..
3642 383 3759 452 323

468 486 736 547 Joannem
764 490 1215 552 Cantacuzenum
1245 535 1260 560 ,
1296 494 1410 562 cui,
1465 495 1758 566 imper-ium
1791 497 2026 566 gerenti,
2059 495 2262 552 charus
2297 515 2360 552 ac
2385 499 2674 558 familiaris
2701 496 2906 566 fuerat,
2943 513 3075 554 ann.
3108 497 3268 564 1555,
3301 512 3408 552 una
3437 511 3564 552 cum
3589 498 3761 553 Nico-

471 580 561 636 lao
611 583 866 641 Cabasila
898 589 1200 645 comitatus
1235 600 1344 656 est,
1381 605 1506 644 cum
1566 587 1659 644 illc
1697 605 1997 659 purpuram
2034 591 2340 645 monastico
2379 590 2571 646 habitu
2615 601 2976 660 permutaret.
3013 593 3208 648 Postea
3247 587 3608 645 Mediolanum
3653 603 3752 643 os—

472 678 572 744 nit,
623 679 990 735 velaterrano
1023 691 1185 749 teste,
1231 683 1319 736 ubi
1357 684 1548 736 litteris
1581 683 1785 738 Latinis
1818 684 2020 753 pariter
2063 691 2111 735 et
2143 681 2414 753 theologia:
2447 700 2666 754 operam
2698 685 2863 738 dedit.
2900 681 3173 740 Postremo
3202 696 3465 740 revertens
3507 682 3561 735 in
3591 681 3759 735 Creta

471 770 726 834 substitit,
759 773 864 837 ubi,
897 778 1128 845 erogatis
1161 776 1213 828 in
1250 792 1504 846 pauperes
1533 773 1699 838 bonis,
1736 778 1790 829 in
1821 776 2053 846 quodam
2081 778 2152 831 ibi
2186 778 2420 831 ctenobio
2483 785 2785 847 persancte,
2827 779 2963 833 citra
3001 787 3177 834 tamen
3200 779 3576 850 professionem
3597 776 3754 834 v’a‘it.

475 860 762 931 Superfttit
793 866 976 921 adhuc
1039 883 1170 922 ann.
1209 868 1366 930 1584,
1397 883 1521 922 cum
1551 866 1763 923 Manuel
1809 869 2151 941 Palmologus
2204 870 2444 924 habenas
2473 870 2769 938 capessivit
2819 869 3060 940 imperii,
3085 880 3141 926 et
3179 869 3244 924 ad
3277 869 3429 924 illum
3460 869 3762 937 imperato-

477 970 596 1013 rem
644 959 859 1016 litteras
897 962 1072 1017 dedit.
1113 962 1490 1030 Nieephonem
1522 1004 1537 1029 ,
1580 963 2101 1028 hieromonachum,
2134 963 2392 1017 eumdem
2443 978 2564 1018 esse
2599 978 2725 1017 eum
2772 963 2878 1016 hoc
2925 962 3230 1025 Demetrio,
3295 961 3507 1016 notavit
3537 959 3756 1015 Caveus

477 1064 632 1125 parte
663 1053 907 1109 secunda
954 1055 1154 1112 Ilistor.
1187 1055 1468 1110 litterariae
1506 1058 1828 1126 scriptorum
1861 1056 2046 1110 eccles.
2101 1056 2166 1110 ad
2196 1072 2326 1110 ann.
2363 1056 2521 1110 1557.
2574 1056 2786 1124 (Fam)
2830 1057 2888 1111 In
2937 1056 3100 1111 Cavei
3165 1054 3304 1110 Hist.
3339 1054 3444 1108 litt.
3489 1052 3586 1108 SS.
3622 1052 3757 1108 εισι.

479 1160 614 1203 tum.
643 1148 709 1213 ll,
737 1165 789 1215 p.
825 1149 915 1208 56.
948 1149 1000 1204 in
1029 1151 1368 1221 Appendice,
1401 1151 1493 1206 ed.
1528 1151 1694 1206 Basil.
1733 1151 1800 1206 ad
1839 1165 1968 1204 ann.
2013 1150 2173 1215 1557,
2211 1150 2380 1206 Henr.
2410 1151 2678 1206 Wbarton
2728 1151 2923 1222 paucis
2976 1151 3260 1205 recensuit
3315 1148 3480 1202 vitam
3513 1159 3569 1203 et
3606 1163 3763 1218 quae-

479 1243 602 1293 dam
638 1243 842 1312 scripta
891 1243 1044 1297 Dem.
1083 1243 1319 1314 C._\,'d0n.;
1361 1254 1419 1299 et
1471 1245 1607 1300 ibid.
1653 1260 1706 1314 p.
1744 1244 1833 1309 59,
1875 1241 2088 1298 Robert
2113 1243 2313 1298 Gerius
2346 1242 2640 1299 Whartoni
2694 1237 3068 1298 narrationem
3102 1241 3299 1312 partim
3327 1240 3587 1303 correxit,
3624 1256 3746 1310 par-

480 1330 578 1383 tim
631 1333 925 1400 supplevit.
969 1334 1137 1404 Atqui
1185 1334 1384 1390 Gerius
1416 1335 1661 1404 scripsit,
1699 1335 2034 1391 Demetrium
2079 1335 2291 1405 Cydon.
2345 1335 2512 1390 etiam
2545 1335 2654 1391 dici
2705 1335 3018 1406 Niphonem
3052 1333 3572 1410 Hieromonachum.
3608 1333 3760 1387 Prae-

481 1427 632 1475 terea
671 1422 739 1478 de
777 1433 993 1487 nostro.
1022 1426 1272 1495 diligenti
1309 1426 1624 1482 Graecorum
1669 1437 1942 1492 veterum,
1981 1429 2034 1482 in
2072 1427 2264 1497 primis
2299 1426 2546 1482 Platonis
2588 1427 2866 1482 imitatore
2903 1436 3134 1496 egerunt
3175 1426 3254 1480 Du
3283 1426 3381 1481 Pin
3419 1426 3470 1480 in
3510 1426 3639 1481 Hist.
3676 1440 3760 1479 ec-

479 1514 601 1567 cles.
635 1516 743 1569 vol.
777 1515 888 1582 XII,
919 1534 974 1588 p.
1005 1518 1096 1573 91.
1126 1519 1333 1575 Casim.
1371 1519 1581 1576 Oudin.
1620 1523 1675 1576 in
1705 1519 2020 1602 Comment.
2054 1522 2124 1578 de
2154 1522 2252 1578 SS.
2279 1523 2479 1578 eccles.
2513 1522 2579 1576 ad
2614 1538 2744 1576 ann.
2774 1521 2934 1585 1550,
2960 1531 3094 1576 tom.
3119 1520 3210 1587 Ill,
3247 1519 3353 1575 col.
3375 1518 3760 1576 996-1005.—

477 1604 563 1665 Jo.
595 1609 833 1676 Fabric,
869 1613 923 1666 in
958 1613 1095 1668 Hist.
1122 1615 1246 1669 bibl.
1285 1614 1503 1670 Fabric.
1525 1627 1665 1686 part.
1693 1634 1757 1681 tt,
1795 1631 1850 1687 p.
1881 1617 2008 1679 227,
2045 1616 2265 1682 Saxius,
2303 1617 2359 1672 in
2395 1617 2583 1672 Onam.
2622 1617 2813 1682 litter.,
2839 1629 2980 1688 part.
3023 1634 3086 1682 tt,
3115 1632 3172 1688 p.
3197 1615 3397 1682 375,et
3425 1617 3478 1669 in
3515 1613 3757 1669 Analect.

491 1715 552 1769 Ρ.
585 1702 709 1756 570.
738 1702 884 1758 Citat
906 1715 1166 1775 prmterea
1187 1707 1358 1763 Laur.
1387 1709 1607 1765 Mehum
1635 1713 1686 1764 in
1711 1712 1829 1766 Vita
1856 1709 2136 1766 Ambrosii
2170 1711 2635 1772 Catualdulensis.
2664 1727 2719 1782 p.
2746 1727 2954 1778 occur,
2987 1727 3106 1782 seq.
3143 1709 3289 1766 Add.
3320 1721 3444 1779 qua:
3485 1707 3680 1777 scripsi
3704 1706 3764 1762 iu

480 1791 694 1848 Introd.
721 1795 774 1848 in
819 1795 960 1852 Hist.
996 1795 1055 1852 L.
1079 1798 1141 1856 G.
1176 1798 1243 1868 ll,
1275 1812 1417 1871 part.
1443 1818 1482 1868 ι,
1508 1817 1561 1872 p.
1595 1802 1700 1858 556
1728 1817 1848 1872 seq.
1883 1801 2106 1872 (ΒΑΜ.)

561 1921 637 1977 Ex
667 1925 788 1995 ejus
818 1927 1041 1997 scriptis
1069 1938 1292 1984 exstant
1329 1947 1342 1982 :
1381 1927 1434 1999 1)
1465 1929 1721 2000 Epistolis
1747 1971 1762 1997 ,
1793 1945 1860 1986 ex
1897 1929 2106 2001 quibus
2131 1945 2240 1986 una
2290 1931 2357 1986 ad
2393 1931 2767 2002 Nicephorum
2801 1931 3123 2001 Gregoram,
3156 1939 3212 1986 et
3259 1931 3431 1985 altera
3465 1929 3532 1984 ad
3582 1927 3770 1983 Philo-

484 2013 698 2081 theum,
730 2021 1098 2088 patriarcham
1125 2023 1242 2093 (qui
1275 2024 1344 2077 ab
1373 2038 1504 2078 ann.
1544 2024 1699 2083 1562,
1741 2025 1808 2079 ad
1867 2026 2004 2080 1576
2039 2023 2162 2094 fuit)
2213 2026 2571 2082 CPolitanum
2635 2027 2784 2082 edita
2831 2041 2914 2082 est
2946 2027 3130 2083 Graece
3177 2036 3233 2082 et
3259 2026 3452 2080 Latine
3485 2042 3515 2079 a
3555 2025 3771 2081 Joanne

482 2107 716 2166 Boivino
741 2123 869 2168 ante
897 2123 1104 2170 tomum
1140 2119 1380 2188 primum
1417 2118 1665 2172 Historia:
1702 2119 1985 2188 Nicepltori
2009 2118 2278 2189 (ἕτεροι-ιε.
2315 2119 2488 2174 Paris.
2529 2119 2666 2175 1702
2712 2119 2806 2174 fol.
2839 2121 2987 2175 Duas
3019 2121 3084 2174 ad
3137 2119 3490 2175 Philotheum
3534 2131 3665 2171 mss.
3711 2115 3770 2171 in

489 2205 682 2260 codice
715 2207 867 2276 regio
903 2207 1062 2271 1554,
1093 2220 1364 2264 memorat
1402 2210 1676 2275 Labbeus.
1711 2227 1766 2282 p.
1793 2213 1884 2278 99,
1915 2212 2048 2265 bibl.
2093 2227 2251 2266 novze
2304 2228 2436 2266 mss.
2510 2211 2662 2266 Alias
2697 2211 2767 2267 50
2798 2221 2982 2267 servat
3027 2211 3283 2266 biblioth.
3337 2210 3670 2268 Coisliniana
3709 2225 3773 2280 p.

481 2297 590 2352 428
625 2313 768 2367 seq.,
800 2299 990 2355 decem
1024 2300 1092 2354 ad
1118 2299 1424 2356 Manueletn
1457 2303 1872 2372 imperatorem,
1899 2310 2011 2356 tres
2042 2301 2107 2356 ad
2142 2301 2471 2365 Cabasilam,
2501 2313 2610 2357 tres
2648 2305 2716 2356 ad
2757 2301 3049 2372 Georgium
3091 2302 3501 2373 philosophum.
3529 2301 3665 2356 duas
3698 2303 3773 2360 ad

481 2388 827 2454 Calofe'rum,
858 2392 1217 2464 singulasque
1247 2396 1314 2449 ad
1349 2396 1661 2466 despotam,
1686 2396 2160 2466 protosebastum,
2191 2411 2447 2466 magnum
2479 2396 2867 2460 domesticum,
2908 2395 3247 2458 OEneotem,
3283 2405 3338 2449 et
3368 2394 3770 2464 scribasimpe-

485 2485 711 2560 ratoris,
737 2495 1005 2554 praeterea
1035 2488 1278 2557 singulas
1308 2489 1373 2542 ad
1416 2489 1680 2543 lsidorum
1732 2489 1957 2544 Glabam
2019 2491 2192 2559 episc.
2243 2491 2818 2557 Thessalonicensem,
2863 2490 3118 2545 Alexium
3159 2489 3601 2554 Casandrenum,
3635 2489 3771 2543 Pro—

485 2578 720 2632 chorum
748 2577 994 2644 fratrem,
1031 2580 1360 2637 Phacrasam
1391 2571 1648 2651 magnum
1689 2583 2090 2652 primicerium,
2133 2584 2348 2640 Astram
2401 2595 2456 2640 et
2486 2589 2746 2648 Asanam,
2771 2600 2936 2640 unam
2970 2584 3208 2655 denique
3243 2583 3361 2638 sine
3387 2582 3768 2652 inscriptione-

485 2671 586 2729 Est
610 2674 776 2728 etiam
804 2674 858 2728 in
897 2675 1029 2733 bibl.
1065 2677 1211 2748 regis
1241 2676 1449 2744 Galliae,
1475 2688 1610 2734 teste
1641 2679 1884 2744 Labbeo,
1909 2694 1964 2748 p.
1993 2679 2098 2734 296
2131 2681 2270 2735 Bibl.
2297 2697 2449 2736 novae
2497 2698 2654 2747 mss.,
2681 2683 2914 2752 epistola
2947 2697 3045 2752 pro
3078 2681 3408 2737 Caucadeno
3439 2679 3730 2734 Theodoro
3750 2715 3772 2746 ,

491 2765 558 2817 ad
584 2767 906 2835 quemdam,
940 2769 1033 2841 qui
1069 2771 1370 2841 plurimum
1401 2782 1620 2841 poterat
1658 2768 1802 2840 apud
1841 2769 2252 2840 imperatorem.
2288 2774 2438 2828 Alias
2463 2775 2724 2830 tredecim
2763 2790 2868 2830 ms.
2909 2781 3090 2829 servat
3115 2815 3118 2818 .
3146 2771 3477 2827 bibliotheca
3517 2771 3770 2824 Caesarea

495 2858 574 2934 [in
605 2863 728 2918 cod.
755 2865 884 2931 261,
947 2883 1005 2922 n.
1030 2867 1103 2940 4]
1144 2869 1340 2940 dignas
1392 2851 1780 2940 supplemento
1813 2868 2059 2935 corporis
2107 2869 2356 2924 Historia:
2414 2870 2543 2941 Byz.
2581 2869 2749 2925 inseri
2793 2869 2977 2939 judice
3021 2868 3312 2922 Lambecio
3350 2865 3414 2932 V,
3447 2882 3498 2936 p.
3529 2865 3630 2920 184
3661 2859 3682 2934 [
3709 2875 3769 2929 ρ.

491 2957 623 3028 585,
650 2969 765 3014 not.
793 2961 848 3025 5,
885 2961 973 3016 ed.
1008 2961 1212 3017 Kollar.
1264 2963 1421 3034 cujus
1456 2979 1573 3018 nor.
1608 2962 1806 3038 conf.],
1850 2983 1915 3022 ex
1945 2964 2150 3037 quibus
2181 2978 2378 3017 norem
2416 2971 2548 3017 sunt
2605 2963 2744 3017 datae
2773 2968 2838 3016 ad
2871 2961 3175 3016 Manuelem
3222 2959 3582 3030 Palasologum
3629 2961 3768 3030 imp.

494 3060 513 3123 (
541 3059 636 3125 qui
669 3053 776 3113 fuit
804 3058 872 3114 ab
890 3073 1022 3112 ann.
1051 3057 1191 3114 1584
1243 3061 1311 3115 ad
1344 3061 1502 3132 1419)
1532 3071 1742 3118 εωιεδικίε
1769 3063 2000 3133 singula:
2025 3063 2088 3116 ad

2177 3062 2338 3131 hium_
2359 3060 2658 3123 medicum,
2696 3059 2763 3114 ad
2791 3073 3048 3130 magnum
3075 3059 3572 3130 chartophytacem,
3600 3055 3771 3112 Joan-

490 3165 618 3206 nem
657 3150 1084 3208 ‘l‘archaniotam
1113 3161 1168 3209 et
1217 3152 1502 3221 despotam
1550 3155 1931 3214 Theodorum.
1970 3155 2080 3210 Illae
2129 3168 2326 3208 novem
2357 3152 2423 3208 ad
2456 3152 2764 3206 Manuelem
2801 3152 2934 3223 imp.
2973 3153 3249 3208 habentur
3293 3155 3456 3208 etiam
3493 3152 3545 3206 in
3579 3152 3774 3211 codice

489 3241 828 3302 Barocciano
850 3247 940 3304 90.
969 3247 1112 3321 [Una
1130 3264 1220 3319 ep.
1247 3249 1312 3304 ad
1341 3249 1530 3304 Cabal.
1555 3259 1641 3305 est
1662 3265 1883 3322 quoque
1905 3248 1960 3302 in
1986 3245 2112 3301 cod.
2152 3244 2293 3301 Caes.
2319 3245 2448 3307 267,
2475 3245 2564 3298 52.
2593 3245 2663 3312 Υ.
2691 3245 2881 3302 Lamb.
2911 3247 2976 3312 V,
3013 3261 3069 3317 p.
3093 3247 3189 3304 441
3207 3251 3245 3322 .]
3265 3250 3485 3316 Nescio,
3515 3259 3776 3307 nosterne

488 3339 644 3412 Cydo
669 3343 787 3402 sive
823 3343 1081 3417 Cydones
1112 3346 1476 3416 intelligatur,
1512 3347 1604 3402 ubi
1636 3348 1783 3402 inter
1815 3362 1946 3402 mss.
1978 3347 2149 3403 lsaaci
2189 3345 2363 3402 Vossil
2389 3345 2686 3401 memorari
2715 3345 2902 3402 videas
2927 3346 3270 3420 Gabrilopuli
3317 3351 3384 3406 ad
3417 3349 3690 3420 Cydonem
3712 3355 3775 3405 et

491 3439 738 3510 Cydonis
771 3441 836 3496 ad
869 3441 1293 3512 GabriIOpulum
1326 3443 1643 3511 epistolam,
1674 3459 1799 3496 cum
1826 3444 2136 3500 canonibus
2168 3443 2234 3498 ad
2264 3443 2563 3514 captandas
2610 3443 2835 3497 umbras
2866 3443 3107 3513 aequales
3143 3455 3199 3500 et
3223 3445 3522 3516 inaequales
3550 3461 3568 3499 :
3600 3446 3654 3499 in
3683 3459 3776 3498 ca-

493 3532 680 3602 talogo
710 3533 848 3589 bibl.
879 3533 1186 3598 Leidensis,
1215 3550 1272 3605 p.
1301 3534 1431 3599 597,
1464 3551 1524 3589 n.
1562 3535 1655 3590 45.
1683 3535 1950 3605 (Ρλωιιο.)
1986 3535 2045 3590 In
2095 3535 2394 3606 Nicephori
2427 3535 2685 3606 Gregora:
2717 3534 2950 3591 historia
2989 3537 3216 3610 Byzant.
3242 3546 3503 3609 excerpta
3529 3554 3592 3594 ex
3637 3536 3775 3593 scri-

493 3623 608 3693 ptis
638 3624 900 3680 Demetrii
935 3625 1168 3696 Cytlonii
1194 3636 1250 3681 et
1290 3632 1348 3682 in
1382 3627 1600 3698 elogiis,
1644 3628 1714 3683 ab
1748 3629 2316 3700 editore'praemissis,
2353 3629 2508 3684 Dem.
2541 3629 2677 3701 Cyd.
2709 3630 2968 3700 EpiStolaa
3005 3632 3077 3687 ad
3111 3631 3468 3687 Philotheum.
3496 3633 3558 3687 V.
3583 3647 3768 3701 supra,

493 3717 610 3771 Vol.
634 3717 744 3782 VII,
775 3733 828 3788 p.
871 3718 996 3798 655.
1033 3751 1102 3762 —
1133 3720 1282 3775 Bine
1307 3735 1437 3790 epp.
1487 3736 1634 3776 nunc
1663 3720 1904 3790 primum
1941 3722 2124 3788 editae,
2147 3723 2320 3777 altera
2351 3722 2460 3777 Nili
2488 3721 2779 3789 Cabasilae,
2810 3724 2981 3778 altera
3014 3723 3275 3780 Demetrii
3299 3726 3555 3798 Cydonii.
3585 3741 3765 3796 progr.

495 3823 724 3868 auctore
758 3813 892 3868 Chr.
918 3812 1070 3868 Frid.
1117 3813 1380 3875 Matlhzei.
1419 3813 1643 3870 Dresdte
1673 3814 1832 3878 1789,
1865 3815 1920 3868 4.
1953 3843 2024 3854 —-
2056 3814 2190 3869 Item
2221 3814 2306 3868 vir
2329 3815 2482 3871 doct.
2516 3830 2580 3870 ex
2615 3814 2741 3870 cod.
2775 3815 2947 3886 Mosq.
2983 3824 3196 3887 typogr.
3225 3817 3420 3888 synod.
3449 3833 3565 3883 xm,
3597 3816 3767 3872 edidit

497 3915 624 3963 Octo
652 3906 917 3976 epistolas
944 3907 1102 3962 Dem.
1138 3905 1361 3978 Cydone
1395 3908 1462 3961 ad
1497 3907 1735 3962 Manuel.
1765 3906 2150 3977 Palmolognm,
2180 3906 2376 3977 imper.
2410 3907 2464 3961 in
2489 3907 2623 3964 libr.
2651 3908 2957 3978 inscripto:
2984 3906 3256 3978 Isocratis,
3293 3909 3542 3965 Demetrii
3561 3909 3770 3982 Cydon

498 4011 550 4055 et
585 3998 852 4055 llic/melis
881 4000 1060 4072 Glyco?
1080 4002 1284 4072 aliquot
1307 4001 1562 4070 epistolaz.
1600 4031 1666 4040 —
1702 4001 1781 4054 Ex
1815 3999 1978 4054 codd.
2035 3999 2232 4061 edidit,
2278 4009 2334 4055 et
2371 4001 2770 4056 animadverss.
2803 4000 3004 4070 adjecit
3025 3999 3086 4056 C.
3139 4002 3196 4058 F.
3245 4002 3479 4058 Matthtei
3512 4004 3768 4073 Mosqua},

505 4092 666 4155 1776,
703 4095 904 4159 ιηθί.λ8.
941 4094 999 4148 In
1031 4093 1430 4149 animadverss.
1479 4110 1533 4163 p.
1574 4093 1699 4155 172,
1746 4091 1848 4161 ipsi
1885 4094 2099 4147 videntt‘

2207 4093 2466 4149 Demetrii
2489 4092 2628 4164 εδδ.
2660 4094 2908 4163 epistolae
2940 4096 3046 4150 illae
3080 4095 3267 4149 multis
3297 4097 3595 4150 multorum
3635 4113 3772 4167 prse-

501 4169 767 4250 ferendas.
826 4209 844 4242 ι
877 4205 1002 4246 cum
1047 4200 1270 4259 propter
1322 4189 1648 4260 elegantiam
1697 4197 1754 4243 et
1801 4168 2418 4258 puritatemsermonis
2463 4190 2659 4255 Graeci,
2717 4200 2830 4246 tum
2896 4192 3023 4262 quia
3089 4194 3321 4247 multum
3374 4205 3459 4249 est
3503 4194 3557 4248 in
3589 4195 3670 4249 eis
3713 4193 3772 4248 τὸ

505 4284 646 4355 μετὰ
700 4283 801 4347 τῆς
865 4285 1090 4354 χάριτος
1148 4283 1244 4336 καὶ
1293 4283 1388 4336 τοῦ
1446 4282 1640 4352 ἠθικοῦ
1706 4282 1944 4353 ἀνθηρόν
1991 4300 2050 4336 τε

2176 4285 2205 4336 ιὶ
2252 4283 2469 4352 ἀφελές.
2528 4301 2545 4334 ι
2611 4284 2758 4337 Ιιιθιιι
2823 4282 2887 4338 ν.
2942 4284 3004 4340 C.
3058 4286 3396 4340 mentionem
3451 4285 3582 4342 facit
3628 4288 3770 4345 illius

502 4379 629 4435 cod.
657 4388 714 4433 et
739 4379 904 4435 codd.
939 4379 1064 4438 525,
1093 4395 1148 4432 n.
1195 4378 1278 4440 14,
1308 4387 1472 4448 atque
1498 4377 1621 4442 524,
1653 4378 1706 4432 in
1731 4380 1942 4448 quibus
1965 4385 2144 4433 exstat
2174 4393 2282 4432 una
2307 4377 2566 4432 Demetrii
2593 4377 2828 4446 epistola
2858 4377 2913 4432 in
2943 4377 3111 4433 Notit.
3141 4377 3306 4436 codd.
3329 4377 3424 4440 Gr,
3458 4379 3770 4449 Mosquens.

503 4483 560 4538 p.
593 4465 720 4532 510,
761 4483 816 4522 n.
848 4468 901 4531 7,
932 4474 989 4520 et
1023 4483 1074 4534 p.
1110 4465 1341 4524 212.-
1369 4465 1420 4519 In
1456 4466 1578 4520 cod.
1617 4466 1847 4522 Coislin.
1879 4464 2007 4529 515,
2036 4475 2166 4518 sunt
2194 4464 2264 4518 56
2308 4464 2574 4534 epistolae,
2605 4479 2633 4518 a
2667 4462 2922 4519 Fabricio
2957 4469 3154 4534 partim
3195 4475 3530 4524 memoratae.
3561 4475 3617 4521 et
3666 4467 3771 4523 alia

504 4557 767 4615 Demetrii
816 4557 1052 4628 Cydonii
1086 4555 1226 4627 Opp.
1258 4557 1324 4612 V.
1358 4557 1682 4622 Montfauc.,
1731 4557 1868 4612 Bibl.
1917 4556 2084 4612 Coisl.
2117 4572 2174 4626 p.
2209 4556 2315 4610 428
2345 4571 2451 4625 sq.;
2493 4564 2548 4610 et
2582 4572 2638 4626 p.
2683 4555 2811 4620 455,
2858 4567 3100 4627 qttatuor
3127 4558 3374 4628 epistolae
3421 4559 3678 4629 anonymi
3708 4561 3774 4616 ad

503 4647 717 4719 Cydon.
746 4647 800 4702 in
824 4647 947 4702 cod.
982 4645 1182 4699 541.-
1205 4646 1381 4701 Paris.
1421 4645 1475 4699 in
1508 4645 1644 4700 bibl.
1672 4646 1826 4714 publ.
1859 4647 1983 4701 eod.
2014 4645 2097 4699 121

2207 4660 2262 4697 n.
2294 4643 2383 4708 50,
2415 4643 2505 4708 56,
2533 4643 2599 4698 57
2630 4653 2687 4698 et
2718 4645 2807 4709 59,
2837 4646 3003 4700 varite
3031 4661 3160 4715 epp.
3191 4672 3258 4686 —
3285 4645 3345 4700 ln
3377 4645 3500 4701 cod.
3540 4647 3771 4711 1510,η.

505 4737 542 4794 4
575 4746 634 4792 et
663 4735 717 4800 5,
753 4737 874 4792 duae
902 4735 968 4790 ad
1004 4734 1353 4790 Philotheum
1387 4751 1515 4805 epp.
1551 4765 1616 4776 -
1649 4734 1707 4788 In
1739 4733 1867 4788 cod.
1895 4733 2154 4799 ‘267I,n.
2192 4734 2280 4797 11,
2305 4732 2538 4802 epistola
2570 4732 2636 4786 ad
2668 4732 3090 4796 Theodoritum,
3141 4739 3493 4795 monactmm,
3517 4742 3572 4789 et
3597 4750 3651 4788 n.
3684 4734 3770 4801 12,

508 4826 616 4880 alia
643 4825 711 4878 ad
745 4823 1063 4894 quemdam,
1098 4841 1207 4878 non
1239 4823 1604 4877 nominatum.
1632 4851 1702 4861 —
1731 4820 1976 4876 Venetiis
2013 4823 2064 4873 in
2099 4820 2231 4875 bibl.
2261 4820 2430 4874 Marc.
2459 4821 2580 4875 cod.
2614 4819 2718 4874 509
2741 4821 2973 4891 epistola
2999 4821 3064 4873 ad
3082 4820 3382 4890 Josephum
3417 4819 3770 4887 Bryennium:

508 4911 624 4970 inc.
664 4913 785 4965 Τῶν
817 4914 914 4982 μὲν
949 4913 1078 4966 σῶν.
1117 4913 1382 4982 Sequitur
1420 4910 1754 4980 epigramma
1803 4909 1855 4962 in
1887 4912 2102 4979 sepuler

2176 4925 2202 4962 η
2257 4908 2514 4964 Dentetrii
2549 4906 2780 4978 Cydonii
2820 4927 2834 4964 :
2872 4910 2982 4964 inc.
3033 4909 3276 4978 Κόσμος,
3305 4908 3363 4973 ὃς
3421 4905 3487 4980 ἦν
3537 4911 3770 4978 φύσεως.

509 5018 566 5072 p.
595 5001 720 5057 Cat.
748 5000 910 5056 codd.
953 4999 1051 5056 Gr.
1087 5000 1256 5054 Marc.
1293 5016 1346 5068 p.
1384 4998 1513 5052 275.
1539 5027 1609 5037 —-
1648 4995 1876 5050 Taurini
1915 4998 1966 5050 in
2001 4997 2136 5052 bibl.
2190 5013 2303 5067 reg.
2347 4997 2472 5050 cod.
2506 4996 2665 5062 1794,
2697 4997 2943 5066 epistola:
2977 4996 3366 5065 septemdecim
3402 5014 3414 5050 :
3454 5007 3563 5051 tres
3587 4999 3652 5053 ad
3683 4999 3774 5054 lo-

505 5091 701 5160 asaph,
731 5099 842 5144 tres
871 5088 939 5143 ad
969 5086 1204 5141 Manuel.
1239 5088 1458 5155 imper.,
1485 5102 1591 5139 una
1637 5086 1702 5138 ad
1731 5084 2061 5149 Cabasilam,
2092 5100 2198 5140 una
2231 5084 2297 5138 ad
2332 5099 2587 5153 magnum
2628 5084 3134 5155 chartophylacem,
3173 5102 3280 5141 una
3346 5087 3410 5140 ad
3463 5087 3640 5141 Nilum
3681 5103 3773 5157 pa-

513 5181 807 5236 triarcham
829 5220 844 5245 ,
881 5193 989 5232 una
1024 5176 1090 5231 ad
1123 5176 1398 5230 medicum
1425 5217 1440 5240 ,
1476 5191 1582 5228 una
1608 5179 1676 5227 ait
1709 5174 2070 5242 Purophilum
2097 5216 2112 5237 ,
2145 5187 2264 5234 sex,
2292 5173 2609 5227 nominibus
2635 5188 2744 5226 non
2783 5172 3012 5228 additis.
3049 5173 3110 5229 V.
3142 5172 3265 5231 Cat.
3298 5175 3456 5230 codd.
3481 5174 3574 5230 Gr.
3609 5175 3768 5228 Taur.

512 5285 567 5337 p.
591 5267 700 5322 266
729 5283 901 5337 sq.—
931 5265 1133 5330 Romm,
1170 5264 1224 5318 in
1249 5263 1384 5318 bibl.
1416 5261 1587 5315 Vatie.
1627 5259 1776 5314 Dem.
1807 5258 2008 5330 Cydon.
2058 5261 2129 5314 ad
2155 5259 2517 5329 Mcephorum
2539 5261 2852 5331 Gregoram.
2881 5261 2945 5317 V.
2987 5261 3285 5318 Montfauc.
3312 5262 3451 5317 Bibl.
3493 5263 3614 5317 bibl.
3647 5279 3770 5317 mss.

517 5372 574 5427 p.
606 5357 729 5411 146.
761 5357 825 5411 Α.
887 5353 1182 5409 Florentiae
1207 5392 1222 5415 ,
1257 5353 1310 5405 in
1358 5350 1493 5404 bibl.
1541 5348 1801 5402 Laurent.
1834 5348 1958 5402 cod.
1998 5347 2086 5413 12,
2123 5364 2182 5402 n.
2213 5349 2305 5410 24,
2334 5349 2472 5418 plut.
2508 5349 2596 5414 57,
2624 5358 2862 5418 quatuor
2895 5349 3140 5422 ejusdem
3185 5367 3310 5421 epp.
3345 5351 3421 5404 uti
3468 5351 3774 5420 suspicatur

517 5444 752 5499 Bandin.
787 5444 842 5498 in
871 5441 992 5495 Cat.
1015 5441 1180 5494 codd.
1215 5436 1314 5495 Gr.
1347 5437 1609 5491 Laurent.
1647 5435 1723 5501 ll,
1765 5453 1816 5507 p.
1847 5437 1971 5491 550.
1997 5464 2066 5476 --
2100 5436 2177 5492 Ib.
2218 5436 2272 5490 in
2301 5435 2424 5490 cod.
2449 5436 2541 5494 24.
2568 5452 2624 5490 n.
2667 5436 2722 5499 9,
2751 5437 2892 5507 plut.
2919 5438 3006 5500 59,
3037 5437 3280 5507 epistolae
3313 5436 3474 5498 X-Xll,
3511 5454 3643 5507 quas
3689 5454 3770 5493 re-

516 5542 708 5589 censet
735 5528 966 5585 Bandin.
1001 5527 1039 5582 Ι.
1075 5543 1124 5582 c.
1155 5544 1206 5596 p.
1231 5525 1339 5582 542
1361 5541 1446 5594 sq.
1479 5554 1547 5565 --
1571 5525 1652 5579 Ib.
1687 5525 1739 5578 in
1767 5524 1891 5580 eod.
1939 5523 2021 5587 15,
2055 5540 2110 5578 n.
2139 5521 2210 5578 25
2242 5530 2298 5576 et
2324 5521 2416 5585 27,
2447 5524 2569 5577 dure
2610 5525 2697 5591 ep.
2727 5523 2848 5577 Nic.
2879 5522 3147 5579 Cabasil-«e
3179 5523 3244 5578 ad
3275 5522 3574 5593 Cydonem,
3623 5537 3675 5580 et
3717 5543 3770 5580 n.

519 5631 592 5684 at;
619 5628 785 5696 hujus
811 5621 1045 5693 epistola
1083 5623 1151 5677 ad
1199 5621 1534 5677 Cabasilam.
1573 5623 1633 5677 V.
1671 5621 1907 5677 Bandin.
1948 5623 1985 5675 l.
2018 5637 2072 5675 c.
2107 5635 2161 5689 p.
2196 5617 2318 5681 107,
2353 5627 2426 5680 et,
2469 5617 2572 5670 hoc
2611 5615 2931 5681 adnotante,
2965 5617 3170 5672 easdem
3213 5618 3266 5671 in
3297 5618 3425 5673 cod.
3468 5620 3771 5678 Vindohnn.

522 5717 632 5772 sua
686 5732 741 5768 n.
772 5711 833 5765 51
869 5721 924 5766 et
942 5709 1012 5764 52
1031 5727 1143 5767 sec.
1166 5710 1402 5766 Nesselii
1425 5709 1542 5764 Cat.
1577 5709 1714 5764 bibl.
1753 5709 1894 5764 Caes.
1925 5708 2157 5762 Vindoh.
2194 5715 2337 5776 part.
2370 5720 2412 5761 t.
2439 5720 2492 5773 ιι.
2531 5703 2636 5758 568
2662 5713 2714 5757 ct
2749 5705 2874 5759 569.
2905 5705 3123 5773 (IIABL.)

600 5806 656 5858 2.
685 5799 958 5868 «νοηοάὲα,
996 5803 1110 5856 sive
1136 5797 1497 5872 comploratio
1525 5797 1614 5850 ἐπὶ
1665 5799 1779 5860 τοῖς
1814 5797 1869 5848 ἐν
1900 5794 2194 5850 θεσπαλονί

2186 5793 2276 5864 Exn
2313 5792 2539 5845 πισοῦσι
2565 5830 2578 5857 ,
2611 5791 2679 5847 de
2710 5791 2950 5848 civibus.
2996 5793 3090 5862 qui
3127 5791 3380 5859 dissidio,
3424 5794 3690 5853 seditione
3718 5813 3777 5852 1c
