4036 6460
236 434 251 442 -
318 376 424 443 83¹1

1535 369 1945 433 ADVERSUS
1980 368 2371 433 PALAMAM.

3492 371 3599 433 sas

302 481 618 567 ιμπροσθεν
655 492 749 542 τοῦ
785 487 1049 543 δεσπότου
1086 484 1182 541 τοῦ
1220 467 1379 542 «una
1414 482 1510 539 τοῦ
1548 490 1588 538 ε’
1615 482 1899 554 Οὖρϐανοῦ

2010 483 2255 538 nonnulli
2297 480 2471 537 (ἓνεεεί
2509 480 2843 539 retulerunt.
2880 490 3372 540 commemoratum
3418 485 3601 558 impc-

305 589 405 647 καὶ
450 585 560 638 τῶν
606 578 770 636 αὐτοῦ
817 578 1181 650 καρδιναλίων
1230 576 1385 644 παρά
1433 593 1597 631 τινων
1643 574 1896 650 Γραικῶν

302 677 600 751 ἀνηνέχθη,
627 675 701 737 ὡς
727 675 755 728 ὁ
780 673 1071 745 εἰρημένος
1099 670 1357 743 βασιλεὺς
1385 672 1412 724 ὁ
1440 649 1898 741 Καντακουζηνδξ

305 774 406 829 καὶ⁸
452 772 499 845 η
534 770 643 822 τῶν
693 766 947 838 Γραικῶν
982 763 1281 831 Ἐκκλησία
1331 762 1533 826 πολλὰς
1580 762 1900 830 δογματίζει

269 855 272 858 ’
305 864 568 932 θεότητας
600 857 1006 927 ὑπερκειμένας
1033 856 1129 909 καὶ
1159 852 1590 932 ὑποϐεϐηκυίας,
1620 852 1709 906 διὰ
1740 851 1801 906 τὸ
1829 851 1901 906 τὰ

308 953 583 1028 προσόντα
629 949 706 1021 τῷ
753 947 875 1018 Θεῷ
918 946 1200 1017 διαφέρειν
1243 945 1428 1014 λέγειν
1471 941 1899 1016 πραγματικῶς,

308 1022 405 1100 καὶ
437 1044 645 1097 τούτων
681 1040 914 1094 ἕκαστον
948 1037 1183 1108 θεότητα
1215 1037 1397 1105 λέγειν
1430 1022 1921 1109 διακεκριμμένην

307 1137 396 1192 ἐπ’
425 1136 656 1206 ἄπειρον
691 1133 792 1202 τῆς
829 1130 979 1195 θείας
1012 1129 1204 1194 οὐσίας
1238 1128 1537 1192 διεστώσας
1567 1144 1580 1159 ⁶
1624 1128 1902 1200 ἐπιθυμή-

310 1216 412 1298 σας
441 1228 541 1296 τὴν
570 1222 836 1294 ἀλήθειαν
862 1220 1067 1289 γνῶναι
1094 1219 1302 1289 ταύτης
1329 1219 1430 1289 τῆς
1458 1218 1811 1281 διδασκαλίας
1843 1219 1903 1271 ἐν

308 1315 885 1375 Κωνσταντινουπόλει
913 1312 1232 1384 διατρίϐων,
1262 1315 1353 1366 ὅτε
1384 1311 1521 1382 πρὸς
1551 1311 1642 1366 τὸν
1675 1309 1903 1383 βασιλέα

309 1410 402 1467 τὸν
437 1408 803 1476 Παλαιολόγον
838 1407 992 1478 παρὰ
1025 1404 1120 1460 τοῦ
1163 1405 1455 1476 εἰρημένου
1496 1404 1671 1477 ἄκρου
1713 1404 1899 1472 ἀρχιε-

313 1505 452 1575 ρὲως
480 1502 815 1571 ἀπεστάλην,
843 1500 1200 1581 ἐζητήσαμεν
1226 1495 1385 1551 τοῦτο
1414 1493 1629 1566 μαθεῖν,
1657 1494 1758 1547 οὐκ
1786 1493 1929 1547 ἔδυ--

311 1598 558 1667 νήθημεν
588 1596 644 1649 δὲ
674 1594 819 1669 λόγῳ
848 1595 882 1664 ἦ
916 1593 1206 1663 πράγματι
1238 1589 1456 1661 βέϐαιόν
1486 1605 1539 1641 τι
1571 1587 1903 1642 καταλαϐεῖν

311 1686 445 1756 περὶ
469 1685 569 1756 τῆς
596 1685 755 1753 δόξης
781 1683 985 1753 ταύτης
1010 1683 1107 1736 καὶ
1133 1679 1339 1749 ἀνόμου
1365 1677 1719 1742 διδασκαλίας
1737 1694 1750 1707 °
1780 1676 1904 1733 ὅθεν

310 1780 407 1831 καὶ
450 1775 809 1849 ἠναγκάσθην
854 1776 1038 1844 λόγοις
1090 1772 1347 1843 σκληροῖς
1388 1771 1762 1836 ἐπιτίθεσθαι,
1808 1770 1902 1823 καὶ

309 1832 504 1940 ῶσπερ
536 1832 779 1939 ἐλέγχοις
810 1832 940 1921 τισί
957 1832 1379 1937 προκαλεῖσθαι.
1412 1863 1580 1927 Τέλος
1612 1865 1641 1918 ό
1673 1832 1903 1933 εἰρημέ-
1934 1832 1980 1893 Β

312 1977 402 2025 νος
431 1959 686 2032 βασιλεὺς
711 1961 739 2013 ό
769 1957 1227 2030 Καντακουζηνδς
1251 1953 1417 2030 ἦλθεν
1439 1957 1518 2018 εἰς
1542 1953 1762 2026 ὁμιλίαν
1783 1957 1909 2025 ἐμοὶ

319 2051 446 2122 περὶ¹
470 2051 565 2122 τῆς
593 2051 964 2122 προκειμένης
992 2049 1169 2117 δόξης.
1200 2050 1264 2103 Εἰ
1293 2047 1391 2104 καὶ
1414 2046 1598 2102 τοίνυν
1624 2048 1682 2100 ὲν
1707 2047 1907 2119 ἀρχαῖς

314 2143 491 2199 ἐδόκει
521 2160 614 2213 μοι
644 2144 721 2214 μὴ
751 2142 929 2213 ὀρθῶς
956 2143 1175 2212 φρονεῖν
1202 2137 1605 2212 πραγματικὴν
1629 2138 1907 2208 διὰκρσιν

314 2235 654 2308 ὑφορωμένῳ
683 2233 864 2301 λέγειν
893 2233 1058 2288 αὐτὸν
1087 2235 1153 2288 ὲκ
1182 2232 1291 2287 τῶν
1320 2231 1496 2301 λόγων
1524 2229 1689 2286 αὑτοῦ
1712 2246 1727 2260 °
1757 2231 1908 2302 ὅμως

316 2330 458 2399 μετά
507 2343 659 2392 τινας
711 2327 928 2399 ἡμέρας
968 2325 1070 2395 τῆς
1119 2324 1339 2394 ὁμιλίας
1386 2323 1904 2397 παρατεινομένης,

315 2415 438 2473 εἷπε
468 2417 544 2489 μὴ
569 2420 789 2491 φρονεῖν
815 2417 1209 2489 πραγματικὴν
1236 2415 1514 2486 διάκρισιν
1537 2416 1647 2470 τῶν
1674 2415 1908 2486 προσόν-

317 2527 423 2564 των
466 2510 545 2580 τῷ
588 2508 730 2581 Θεῷ,
775 2507 914 2563 ἀλλὰ
961 2511 1121 2578 μόνον
1165 2506 1309 2578 λόγῳ
1354 2508 1450 2562 καὶ
1491 2505 1729 2579 ἐπινοίᾳ.
1771 2504 1906 2559 Τότε

314 2601 505 2673 ὥσπερ
530 2601 720 2675 ἡσθεὶς
748 2599 859 2668 ἐγὼ
885 2595 1044 2654 εἷπον
1068 2599 1230 2654 αὑτὸν
1258 2598 1438 2664 καλῶς
1470 2599 1675 2666 λέγειν,
1703 2597 1801 2652 καὶ
1830 2597 1907 2668 τῷ

319 2694 579 2766 μακαρίῳ
608 2695 923 2764 συμφωνεῖν
953 2690 1288 2762 Ἀμϐροεὶῳ.
1317 2691 1473 2744 Μετὰ
1498 2690 1672 2746 ταῦτα
1700 2691 1799 2754 τὰς
1827 2691 1907 2743 εί-

318 2790 559 2868 ρημένας
605 2788 665 2842 ὲν
694 2789 1021 2859 γράμμασιν
1054 2788 1252 2857 ἔθηκεν
1285 2788 1527 2858 ὁμιλίας,
1562 2788 1619 2842 ἐν
1653 2781 1733 2850 οἷς
1762 2804 1908 2859 παρ.

315 2883 521 2951 ενεῖραι
559 2880 711 2934 δοκεῖ
766 2897 888 2934 τινα
928 2872 1260 2952 ἀμφιϐολίαν
1315 2880 1632 2949 γεννῶντα,
1676 2882 1909 2953 πότερον

314 2974 477 3044 λόγου
514 2974 676 3043 μόνον
705 2973 740 3045 ἢ
775 2976 871 3027 καὶ
904 2974 1249 3044 πραγμάτων
1281 2969 1422 3027 εἶναι
1455 2973 1722 3044 διαφοράν
1756 2972 1909 3045 ἰσχῦ-

321 3066 555 3138 ρίζεται.
585 3067 653 3119 Ἀ
684 3066 751 3138 δὴ
788 3066 1096 3137 γράμματα
1127 3065 1206 3136 τῷ
1241 3066 1521 3138 εἰρημένῳ
1557 3066 1797 3139 δεσπότῃ
1829 3066 1908 3137 τῷ

2004 583 2241 630 ratorem
2296 573 2783 636 Cantacuzenum,
2830 582 2886 629 et
2931 573 3235 635 Ecclesiam
3278 575 3600 636 Graecorum

2001 670 2201 725 multas
2226 684 2329 726 suo
2351 669 2606 737 dogmate
2635 658 2952 725 divinitates
2982 669 3247 728 inducere
3290 674 3601 742 superemi-

2003 770 2202 819 nentes
2243 776 2308 817 ac
2350 761 2627 826 remissas,
2678 776 2748 817 eo
2813 762 2963 833 quod
3007 752 3278 831 asseraut,
3314 781 3437 837 quae
3489 767 3601 822 Deo

2003 852 2216 918 insunt,
2249 851 2474 908 realiter
2503 855 2650 908 inter
2675 867 2734 908 se
2767 852 3016 919 diﬂ‘erre,
3047 863 3103 909 et
3132 870 3300 909 unum
3337 856 3600 927 quodque

2003 947 2202 1001 horum
2238 946 2496 1001 deitatem
2545 944 2860 1001 distinctam
2910 947 2963 1001 in
3026 946 3302 1003 inllnitum
3349 948 3599 1006 a'divina

2003 1037 2312 1101 substantia
2336 1037 2563 1094 distare.
2586 1037 2721 1094 Cum
2745 1052 2907 1094 nosse
2931 1038 3313 1111 verum'hujus
3334 1042 3604 1096 doctrinae

2003 1146 2289 1202 cuperem,
2316 1129 2796 1200 Constantinopoli
2825 1131 3054 1202 degens,
3078 1132 3301 1200 quando
3328 1133 3395 1187 ad
3428 1132 3606 1203 impe-

2006 1233 2246 1282 ratorem
2274 1208 2652 1291 'Palzeologum
2685 1238 2714 1278 a
2749 1233 3185 1280 commemorato
3214 1239 3433 1279 summo
3462 1241 3606 1295 pon.

2008 1318 2154 1374 tiiice
2184 1317 2385 1371 missus
2412 1317 2513 1384 fui,
2537 1317 2892 1386 quaesivimus
2912 1316 3059 1372 istud
3093 1318 3258 1381 scire,
3279 1304 3389 1374 non
3415 1330 3602 1377 autem

2005 1410 2294 1481 potuimus
2324 1408 2496 1464 verbo
2552 1408 2639 1463 vel
2674 1424 2732 1464 re
2771 1408 2978 1479 aliquid
3011 1412 3148 1463 certi
3182 1409 3252 1464 de
3282 1410 3385 1465 hac
3415 1412 3604 1480 epini-

2007 1516 2115 1559 one
2155 1510 2210 1556 et
2244 1500 2411 1571 impia
2442 1501 2691 1556 doctrina
2723 1499 3220 1570 comprehendere.
3252 1501 3603 1571 Quapropter

2006 1602 2063 1649 et
2115 1601 2343 1651 coactus
2395 1606 2516 1646 sum
2563 1591 2749 1646 verbis
2800 1590 3015 1659 asperis
3063 1603 3161 1645 eos
3222 1590 3506 1653 insectari,
3548 1599 3605 1646 ct

2006 1683 2181 1740 veluti
2228 1681 2561 1754 quibusdam
2610 1681 2951 1752 argumentis
2990 1696 3317 1751 provocare.
3357 1682 3603 1738 Tandem

2009 1775 2310 1847 imperator
2347 1773 2465 1844 ipse
2497 1772 2917 1829 Cantaenzenus
2943 1772 3013 1829 de
3048 1771 3154 1827 bac
3191 1768 3460 1843 Opinione
3490 1790 3608 1830 me—

2008 1884 2134 1925 cum
2167 1867 2338 1923 verba
2377 1865 2529 1923 fecit.
2566 1865 2833 1933 Quamvis
2871 1873 3056 1922 autem
3090 1881 3120 1921 a
3153 1867 3425 1936 principio
3457 1868 3610 1923 vide-

2008 1971 2164 2018 retur
2194 1960 2329 2015 mihi
2377 1973 2490 2017 non
2542 1969 2694 2015 recte
2740 1959 2972 2024 sentire,
3008 1961 3103 2030 qui
3153 1976 3222 2018 ex
3249 1962 3371 2031 ejus
3418 1962 3607 2018 verbis

2007 2068 2134 2110 eum
2157 2052 2570 2111 distinctionem
2591 2052 2794 2109 rcalem
2815 2067 3020 2123 ponere
3041 2053 3393 2124 suspicabar;
3419 2064 3607 2110 tamen

2008 2154 2131 2215 post
2174 2142 2388 2216 aliquot
2421 2144 2562 2209 dies,
2597 2158 2855 2200 sermone
2886 2153 3188 2213 protracto,
3219 2134 3363 2200 dixit
3393 2160 3451 2201 se
3491 2161 3605 2201 non

2007 2236 2216 2292 sentire
2264 2235 2468 2291 realem
2514 2235 2927 2291 distinctionem
2984 2234 3131 2290 inter
3176 2249 3263 2302 ea,
3319 2251 3443 2306 quae
3494 2235 3609 2290 Deo

2009 2325 2222 2391 insunt,
2258 2326 2356 2383 sed
2400 2334 2614 2381 tantum
2688 2325 2901 2380 ratione
2956 2333 3015 2381 et
3061 2331 3331 2395 conceptu
3383 2326 3607 2381 mentis.

2010 2417 2166 2474 Tunc
2196 2402 2367 2473 veluti
2398 2417 2620 2490 gavisus
2648 2415 2784 2482 dixi,
2818 2415 2959 2481 bene
2986 2431 3114 2472 eum
3150 2417 3338 2472 dicere
3372 2427 3427 2472 et
3482 2425 3608 2473 eum

2009 2513 2072 2569 B.
2121 2511 2414 2568 Ambrosio
2470 2509 2794 2565 convenire.
2850 2511 3046 2566 Postea
3114 2509 3261 2565 dicta
3333 2510 3611 2579 colloquia

2011 2605 2234 2674 scriptis
2272 2602 2588 2669 mandavit,
2629 2602 2836 2672 quibus
2874 2602 3142 2657 nonnulla
3188 2602 3450 2665 inseruit,
3486 2617 3613 2672 quae

2011 2694 2414 2751 dubitationem
2459 2695 2702 2763 pariunt,
2739 2702 2921 2750 utrum
2964 2696 3198 2750 rationis
3259 2703 3496 2759 tantum,
3541 2708 3615 2750 an

2012 2789 2178 2845 etiam
2235 2789 2436 2844 rcalem
2488 2789 2902 2845 distinctionem
2935 2803 3062 2843 esse
3106 2786 3435 2843 contendat.
3481 2787 3615 2854 Quae

2011 2880 2262 2952 profecto
2304 2882 2509 2952 scripta
2553 2895 2770 2936 summo
2805 2879 3054 2950 pontiﬁci
3101 2879 3417 2945 ostendam,
3449 2889 3509 2933 ut
3547 2894 3614 2936 ra

2010 2975 2099 3032 vel
2153 2975 2452 3047 improbet,
2503 2974 2588 3030 vel
2644 2974 2959 3031 confirmet.
3014 2972 3224 3028 Deinde
3276 2972 3501 3043 scripsit
3544 2973 3615 3028 de

2013 3067 2244 3133 lumine,
2280 3067 2429 3138 quod
2460 3066 2721 3138 apparuit
2759 3066 2814 3121 in
2852 3073 3040 3122 monte
3076 3066 3321 3128 Thalror,
3357 3080 3616 3122 asserens

316 3159 475 3231 ἄκρῳ
505 3161 756 3232 ἀρχιερεῖ
787 3159 1055 3227 ὑποδείξω
1075 3199 1091 3226 ,
1124 3159 1266 3213 ὥστε
1295 3159 1468 3214 ταῦτα
1503 3159 1538 3231 ἢ
1568 3159 1908 3230 ἀποδοκιμά-

2017 3161 2150 3216 illud
2170 3175 2292 3216 esse
2321 3159 2656 3226 increatum,
2678 3166 2736 3215 et
2761 3174 2870 3214 non
2893 3172 3017 3214 esse
3044 3158 3139 3214 Dei
3167 3157 3488 3224 essentiam,
3513 3157 3615 3214 scd

269 3295 274 3300 .
320 3266 436 3317 σαι,
467 3253 501 3321 ἢ
534 3251 862 3321 βεϐαιῶσαι.
892 3251 1049 3306 Μετά
1076 3251 1252 3306 ταῦτα
1281 3252 1532 3323 γέγραφε
1563 3254 1694 3323 περὶ
1721 3253 1817 3306 τοῦ
1848 3254 1907 3307 ἐν

317 3345 401 3418 τῷ
427 3344 694 3416 Θαϐωρίῳ
721 3334 982 3415 φανέντος
1010 3344 1209 3416 φωτὸς,
1241 3344 1416 3414 λέγων
1447 3348 1627 3400 ἐκεῖνο
1651 3345 1909 3400 ἄκτιστον

321 3433 485 3503 εἶναι,
525 3439 622 3492 καὶ
661 3438 762 3491 οὐκ
798 3436 992 3492 οὐσίαν
1026 3435 1186 3500 Θεοῦ,
1225 3435 1365 3491 ἀλλά
1401 3454 1525 3491 τινα
1550 3436 1721 3505 θείαν
1759 3439 1910 3509 ὲνέρο

320 3547 500 3602 γειαν.
526 3530 667 3587 Ὀπε
677 3548 708 3601 ρ
732 3531 868 3602 ἡμῖν
889 3529 1040 3584 δοκεῖ
1068 3527 1193 3600 μηδ’
1216 3530 1386 3600 ἀκοῆς
1411 3530 1584 3596 ἄξιον.
1612 3529 1780 3584 Οὐδὲν
1801 3529 1911 3600 γὰρ

323 3622 581 3677 ἄκτιστον
618 3621 760 3691 πλὴν
793 3621 893 3690 τῆς
926 3619 1081 3684 θείας
1113 3620 1305 3685 οὐσίας
1329 3636 1345 3652 ·
1383 3622 1477 3674 καὶ
1512 3623 1620 3674 πᾶν
1652 3620 1910 3674 ἄκτιστον

323 3714 495 3771 ἀΐδιον
526 3709 670 3768 εῖναι
690 3751 706 3777 ,
743 3712 914 3784 μηδὲν
945 3712 1004 3767 δὲ
1037 3713 1210 3767 ἀΐδιον
1242 3714 1440 3785 ὁρατόν
1466 3729 1482 3745 ο
1519 3714 1590 3767 τά
1623 3713 1734 3784 γάρ
1768 3712 1910 3784 ὀρώ-

324 3827 467 3883 μενα
511 3809 847 3882 πρόσκαιρα.
878 3808 1044 3862 Ὅθεν
1079 3810 1128 3862 εί
1171 3808 1359 3877 ἔλεγεν
1396 3810 1576 3862 ἐκεῖνο
1611 3808 1674 3862 τὸ
1714 3804 1911 3877 όρλθὲν

323 3902 444 3970 φῶς
484 3901 757 3973 σύμϐολον
796 3900 1056 3969 γενέσθαι
1096 3900 1193 3954 τοῦ
1236 3901 1474 3972 ἀοράτου
1517 3899 1613 3955 καὶ
1647 3900 1911 3954 ἀκτίστου
1953 3952 1962 3961 .

325 3994 529 4064 φωτὸς,
556 3991 735 4066 ὀρθῶς
764 3993 833 4049 ἂν
860 3993 1107 4064 ὲφρόνει;
1131 3994 1328 4061 Λέγειν
1352 3992 1409 4046 δὲ
1438 3991 1499 4046 τὸ
1524 3993 1636 4054 τοῖς
1670 4008 1913 4062 σωματι-

326 4086 445 4148 κοῖς
480 4085 784 4157 ὀφθαλμοῖς
821 4085 1019 4157 όραθὲν
1062 4085 1180 4154 φῶς
1218 4085 1478 4140 άκτιστον
1519 4078 1660 4138 εἶναι
1700 4082 1911 4137 παντάο

333 4192 499 4247 ⁶πασιν
545 4176 654 4245 ἔξω
696 4176 807 4234 τῶν
854 4194 916 4232 τε
959 4176 1064 4247 τῆς
1112 4176 1353 4241 πίστεως
1400 4176 1568 4246 ὅρων,
1615 4176 1710 4230 καὶ
1760 4173 1917 4245 παρά

333 4268 510 4324 πάντα
543 4269 704 4341 λόγον
728 4285 745 4301 ο
782 4269 958 4324 ταῦτα
994 4269 1177 4326 τοίνυν
1220 4268 1523 4341 βουλόμεθα
1563 4266 1644 4340 τῷ
1683 4266 1917 4338 παρόντι

2016 3251 2312 3325 quamdam
2363 3251 2604 3307 divinam
2655 3252 3037 3321 operationem
3065 3248 3256 3320 ,quod
3292 3263 3362 3304 ne
3417 3248 3613 3305 auditu

2017 3346 2242 3418 quidem
2291 3342 2583 3400 ferendum
2644 3351 2746 3398 est.
2790 3341 2940 3398 Nihil
2985 3341 3134 3397 enim
3173 3349 3262 3397 est
3305 3340 3615 3396 inereatum

2020 3447 2220 3511 praeter
2267 3437 2512 3493 divinam
2564 3435 2890 3500 essentiam,
2941 3441 3023 3490 et"
3066 3448 3231 3490 omne
3282 3433 3613 3503 increatum,

2019 3530 2421 3602 sempiternum
2456 3539 2561 3584 est.
2591 3526 2813 3582 Nullum
2850 3542 3015 3597 porro
3048 3526 3446 3597 sempiternum
3482 3526 3616 3582 visi-

2019 3624 2131 3681 bile
2177 3631 2264 3679 est
2299 3637 2464 3692 :qua:
2511 3620 2660 3677 enim
2706 3628 3010 3676 cernuntur
3056 3631 3411 3692 temporanea
3459 3627 3612 3679 sunt.

2017 3714 2203 3781 Quare
2232 3713 2277 3768 si
2327 3712 2562 3777 diceret,
2607 3710 2747 3767 illud
2797 3712 3017 3767 visibile
3052 3712 3240 3767 lumen
3301 3708 3627 3784 symm

2019 3806 2191 3863 fuisse
2222 3804 2521 3861 invisibilis
2577 3813 2636 3861 et
2678 3803 2909 3860 increati
2958 3804 3205 3868 luminis,
3238 3804 3430 3874 utique
3466 3813 3614 3859 recte

2019 3907 2258 3970 saperet.
2305 3896 2501 3953 Dicere
2542 3907 2728 3953 autem
2775 3895 2984 3964 lum'en,
3034 3895 3182 3966 quod
3230 3894 3614 3965 corporalium

2018 3990 2194 4046 oculis
2241 3992 2420 4046 visum
2463 3999 2570 4055 est,
2609 4002 2733 4046 esse
2783 3988 3126 4053 increatum,
3184 3986 3412 4042 omnino
3457 3996 3614 4044 extra

2019 4083 2288 4137 terminos
2330 4080 2457 4137 ﬁdei
2490 4089 2598 4160 est,
2617 4090 2675 4136 et
2704 4090 2901 4136 contra
2933 4094 3154 4135 omnem
3174 4079 3469 4136 rationem.
3487 4078 3616 4137 liae

2018 4173 2189 4245 igitur
2219 4172 2475 4227 volumus
2507 4171 2767 4242 praesenti
2804 4172 3019 4242 scripto
3052 4185 3174 4228 esse
3208 4172 3522 4241 marriesta,
3553 4178 3616 4233 ut

2021 4267 2102 4322 rei
2132 4265 2339 4321 veritas
2370 4265 2423 4319 in
2451 4273 2734 4335 posterum
2770 4272 3153 4320 conservetur.

328 4365 624 4437 γράμματι
657 4359 799 4421 εῖναι
832 4364 1003 4438 δῆλα,
1039 4364 1108 4419 ἵν’
1133 4365 1168 4434 ή
1198 4362 1292 4442 τοῦ
1325 4361 1654 4434 πράγματος
1688 4360 1919 4433 ἀλήθεια
1955 4360 2239 4418 είσέπειτα
2267 4359 2524 4435 τηρῆται.

1558 4525 1826 4559 ..ρ-υ-δ-

1829 4520 3609 4563 -Μ--σᾙ-ῃ-υ-ῇ

716 4637 725 4645 ’
868 4693 1879 4831 ΔΗΜΗΤΡΙΟΥ
1964 4693 2318 4828 ΤΟΥ
2393 4688 3108 4827 ΚΥΔΩΝΗ

1398 4918 1699 5004 ΚΑΤΑ
1769 4919 2001 5007 ΤΟΥ
2075 4918 2581 5010 ΠΑΛΑΜΑ.

1024 5090 1980 5352 DEMETRII
2097 5195 2950 5358 CYDONIS

948 5463 1567 5580 ADVERSUS
1658 5464 2375 5560 GBEGORIUM
2462 5421 3067 5562 PALAMAM.

415 5721 534 5776 ἰνα
565 5718 641 5785 ὡς
676 5720 734 5775 ἐν
765 5719 1051 5793 κεφαλαίῳ
1080 5719 1150 5775 τά
1177 5721 1273 5776 τοῦ
1310 5724 1550 5794 Παλαμᾶ
1583 5724 1790 5781 ἀνωθεν
1819 5727 1910 5800 ἀρ-

2102 5730 2173 5788 Ut
2202 5731 2520 5788 summatim
2550 5746 2640 5788 res
2669 5698 2905 5787 Palamze
2929 5739 3072 5786 notae
3105 5726 3260 5794 ﬁant,
3289 5722 3361 5779 ab
3390 5722 3637 5801 antiqua

341 5810 567 5890 ξάμενοι
586 5853 602 5884 ,
634 5813 899 5887 δείξωμὺ
932 5812 1251 5887 συντόμως,
1280 5815 1363 5872 ὅτι
1392 5817 1491 5891 τὴν
1523 5818 1627 5892 μὲν
1658 5818 1793 5894 ὓλην
1822 5820 1910 5893 τῆς

2031 5822 2245 5896 origine
2295 5831 2516 5897 sumpto
2562 5823 2724 5882 initio
2760 5821 3003 5880 breviter
3034 5815 3415 5885 ostendemus,
3448 5823 3638 5895 ψειεν,
3714 5821 3725 5829 '
