4036 6480
399 401 503 465 8ῗῖ9

410 603 616 675 gitasse
644 642 660 667 ,
699 598 794 654 sed
845 598 1037 652 multis
1085 597 1288 665 abhinc
1350 595 1507 651 annis
1554 598 1696 665 apud
1739 608 1856 658 eos,
1893 593 1988 665 qui

402 693 755 765 appellamur
785 688 1138 760 Hesychasta:
1168 687 1267 759 (l),
1304 687 1455 742 velut
1483 687 1537 740 in
1568 687 1828 756 mysterio
1850 685 1990 740 clam

402 786 474 841 de
520 784 625 839 hac
681 782 873 838 banesi
922 780 1397 836 insusurrabatur.
1426 778 1498 835 Ut
1544 777 1896 832 manifestum
1924 789 1993 831 ex

405 877 518 944 bis,
542 892 666 947 quae
690 874 911 946 quidam
939 872 1165 929 Simeon
1196 870 1371 927 edidit
1400 869 1690 941 praefectus
1719 878 1997 924 monaste-

407 967 477 1021 rii
510 965 805 1022 Xerocerci
830 965 907 1037 (2)
938 962 1258 1028 nuncupati,
1290 961 1377 1017 cui
1411 961 1578 1039 etiam
1610 961 1829 1016 titulum
1864 959 1993 1014 novi

409 1059 648 1130 theologi
678 1059 864 1114 talium
912 1071 1096 1111 rerum
1138 1064 1348 1126 mysta,
1383 1061 1441 1108 et
1469 1067 1752 1108 sacrorum
1784 1051 1995 1122 princi-

407 1166 507 1222 pes
549 1150 976 1220 inscripserunt.
1017 1148 1069 1203 ls
1116 1162 1241 1202 cum
1295 1145 1349 1201 in
1396 1144 1519 1201 aliis
1566 1146 1681 1201 suis
1733 1144 1997 1214 operibus

409 1243 643 1315 plurima
664 1240 894 1312 profana
924 1251 982 1295 et
1021 1239 1342 1309 blaSphema
1366 1238 1700 1307 composuit,
1728 1244 1843 1290 tum
1865 1249 1998 1291 vero

417 1334 685 1405 peculiari
718 1333 932 1388 ratione
977 1331 1033 1386 in
1063 1332 1207 1387 libro
1240 1331 1309 1387 de
1339 1332 1637 1386 sobrietate
1666 1338 1724 1386 et
1752 1329 2001 1384 conside-

410 1427 624 1481 ratione
672 1427 744 1479 ita
797 1425 1022 1480 disserit
1057 1441 1072 1479 :
1106 1425 1338 1480 Attende
1386 1432 1448 1479 nt
1483 1422 1672 1489 facias,
1715 1422 1861 1493 quod
1899 1421 1997 1477 tibi

410 1516 558 1578 dico,
602 1514 804 1568 clausis
854 1515 1070 1570 foribus
1112 1514 1308 1569 sedeas
1346 1514 1402 1567 in
1440 1527 1548 1566 uno
1582 1513 1769 1582 aliquo
1799 1511 1999 1581 angulo

410 1621 689 1672 sorsum,
745 1617 1101 1676 mentemque
1159 1616 1306 1661 tuam
1366 1604 1656 1659 abstrahas
1712 1604 1780 1660 ab
1848 1603 1999 1659 omni

410 1700 676 1762 vanitate,
704 1714 763 1753 re
789 1698 966 1769 fragili
994 1706 1050 1752 et
1081 1697 1307 1752 caduca.
1334 1696 1543 1753 Deinde
1568 1706 1815 1752 mentum
1847 1706 2000 1752 tuum

410 1792 622 1862 pectori
667 1789 917 1845 innixum
958 1788 1249 1854 inhaereat,
1298 1802 1634 1857 moveasque
1679 1789 1998 1842 seusibilem

1675 390 2057 453 DEMETRII
2104 392 2420 457 CYDONII

398 530 538 568 riam
576 510 738 581 huius
774 507 1052 563 haereseos
1091 522 1203 562 non
1242 506 1520 562 l’alamam
1556 504 1794 575 primum
1826 519 1991 559 exco-

2105 505 2364 577 ιὶρέσεως
2393 506 2494 560 οὐκ
2522 508 2785 577 ἐπενόησε
2820 505 3033 575 πρῶτος
3065 504 3332 574 Παλαμᾶς
3352 542 3368 564 .
3399 504 3534 559 ἀλλὰ
3566 506 3675 574 πρδ
3780 486 3796 493 ’

3563 391 3674 454 840

2094 598 2307 652 πολλῶν
2351 600 2559 669 χρόνων
2601 600 2754 667 παρά
2795 602 2909 663 τοῖς
2948 598 3266 669 λεγομένοις
3307 597 3676 668 Ἠσυχαστατς

2092 690 2166 752 ὡς
2192 691 2252 743 ὲν
2279 690 2569 761 μυστηρίῳ
2596 691 2663 743 τὰ
2688 691 2787 760 τῆς
2815 691 3083 761 αἱρεσέως
3107 690 3314 762 ταύτης
3343 688 3676 760 ὑπεψιθυρί-

2094 775 2238 841 ζετο.
2278 777 2387 831 Καὶ
2420 777 2580 848 δῆλον
2614 778 2674 844 ἐξ
2706 772 2781 831 ὧν
2815 779 3030 848 Σιμεὼν
3063 796 3171 846 τις,
3195 781 3292 848 τῆς
3322 778 3677 852 Ξηροκὲρκου

2094 867 2493 942 ἐπιλεγομένης
2523 870 2860 940 ἡγούμενος,
2892 871 2952 925 δν
2983 874 3080 926 καὶ
3113 872 3368 939 θεολόγον
3398 872 3517 925 νέον
3547 873 3678 927 ἐπέ-

2095 958 2311 1027 γραψαν
2337 959 2529 1031 ait:th
2557 957 2814 1012 τοιούτων
2848 959 3050 1027 μύσται
3082 959 3177 1014 καὶ
3209 964 3584 1030 μυσταγωγοὶ,
3618 964 3680 1014 ὲν

2097 1048 2279 1112 ἄλλοις
2323 1051 2422 1120 μὲν
2460 1049 2629 1107 αὑτοῦ
2673 1051 3077 1122 συγγράμμασι
3120 1051 3295 1105 πολλὰ
3336 1050 3540 1121 βέϐηλα
3580 1055 3683 1105 καὶ

2099 1140 2395 1212 βλάσφημα
2427 1142 2809 1213 συνεγράψατο
2833 1159 2848 1176 ·
2887 1143 2993 1215 ἰδίᾳ
3019 1143 3076 1197 δὲ
3105 1144 3165 1196 ὲν
3193 1143 3273 1215 τῷ
3303 1144 3432 1215 περὶ
3461 1144 3684 1214 νήψεως

2099 1233 2195 1286 καὶ
2223 1234 2500 1304 προσοχῆς
2555 1235 2780 1290 τοιαῦτα
2804 1236 3054 1301 διέξεισι.
3084 1235 3331 1297 Καθίσας
3360 1239 3417 1290 ὲν
3445 1237 3545 1307 μιᾷ
3570 1254 3687 1304 γωσ

2099 1326 2189 1396 vta
2216 1329 2357 1379 κατὰ
2388 1328 2577 1396 μόνας,
2604 1328 3126 1399 πρόσεεαιποιῆσαι
3153 1327 3182 1381 ὃ
3209 1328 3351 1397 λέγω
3381 1345 3482 1383 σοι.
3518 1330 3685 1381 Κλεϊ-

2102 1438 2193 1475 σον
2222 1421 2321 1493 τὴν
2352 1421 2544 1491 θύραν,
2574 1425 2666 1477 καὶ
2696 1424 2902 1494 ἑπαρον
2932 1424 3022 1477 τὸν
3051 1423 3178 1478 νοῦν
3213 1440 3311 1477 σου
3342 1424 3449 1477 ἀπὸ
3479 1425 3685 1487 παντὸς

2105 1513 2335 1584 ματαίου
2358 1554 2373 1578 ,
2409 1513 2581 1585 ἤγουν
2611 1497 2979 1586 προσκαίρουξ
3016 1510 3153 1569 Εἶτα
3186 1516 3406 1587 ἐρείσας
3438 1515 3514 1586 τῷ
3552 1519 3684 1585 στήο

2103 1605 2186 1659 θει
2218 1605 2311 1659 σδν
2343 1603 2601 1675 πώγωνα,
2631 1607 2796 1662 κινῶν
2843 1608 2936 1661 τὸν
2989 1607 3251 1678 αἰσθητὸν
3278 1608 3556 1677 ὀφθαλμὸν
3587 1610 3686 1661 σὺν

2102 1695 2209 1767 ὅλῳ
2238 1695 2320 1749 νοῒ
2348 1697 2408 1749 ὲν
2443 1697 2594 1769 μέσῳ
2624 1698 2723 1769 τῆς
2753 1698 2983 1762 κοιλίας,
3015 1699 3185 1769 ἤγουν
3213 1699 3356 1753 κατὰ
3385 1699 3476 1752 τὸν
3505 1699 3690 1769 ὀμφα-

2104 1787 2230 1855 λὸν,
2265 1789 2430 1857 ἄγξον
2467 1789 2560 1845 καὶ
2590 1791 2690 1861 τὴν
2723 1791 2823 1862 τῆς
2861 1793 3009 1861 ῥινὸς
3040 1792 3137 1845 τοῦ
3172 1792 3483 1862 πνεύματος
3515 1792 3685 1862 ὁλκὴν

412 1883 635 1940 oculum
663 1874 789 1936 eum
828 1889 941 1937 tota
970 1888 1154 1935 mente
1186 1888 1276 1934 tua
1308 1881 1362 1933 in
1396 1879 1579 1934 medio
1611 1879 1817 1933 ventris
1844 1878 1998 1948 juxta

2105 1880 2195 1934 τοῦ
2229 1880 2305 1953 μὴ
2332 1881 2505 1945 ἀδεῶς
2534 1885 2707 1938 πνεῖν.
2747 1883 3074 1953 Ἐρεύνησον
3102 1882 3253 1937 ἔνδον
3284 1885 3342 1936 ὲν
3371 1886 3483 1947 τοῖς
3517 1885 3688 1951 ἐγκά-

376 2004 379 2007 ν
414 1974 773 2045 ιιιιώἰιὶοιιηι,
805 1972 938 2043 quin
970 1973 1138 2029 etiam
1168 1974 1487 2041 constringe
1519 1972 1723 2035 fauces,
1755 1982 1812 2027 et
1842 1982 2009 2026 aurae

413 2064 657 2121 stionem
704 2063 932 2134 spiritus
976 2062 1218 2128 narium,
1262 2070 1323 2116 ut
1354 2077 1465 2117 non
1508 2063 1670 2117 facile
1714 2063 1913 2133 spires,
1948 2071 2005 2117 et

415 2156 636 2225 inquire
689 2156 840 2211 intus
891 2156 945 2210 in
1003 2154 1337 2221 visceribus,
1404 2164 1464 2209 ut
1519 2150 1766 2224 reperias
1820 2153 2003 2208 locum

413 2246 620 2312 sordis,
649 2247 744 2302 ubi
776 2246 944 2302 animi
977 2245 1267 2301 facultates
1315 2245 1518 2300 morari
1550 2245 1747 2300 solent.
1778 2244 1845 2301 Et
1887 2245 2003 2313 pri-

415 2354 567 2395 mum
601 2341 823 2411 quidem
868 2335 1125 2394 invenies
1177 2338 1431 2393 tenebras
1477 2346 1535 2392 et
1569 2336 1999 2395 crassitudinem

417 2433 646 2489 minime
691 2433 1013 2495 cedentem;
1065 2430 1159 2488 ubi
1208 2444 1343 2484 vero
1386 2429 1722 2500 perstiteris,
1770 2443 1835 2484 ac
1881 2429 2000 2484 dies

417 2534 720 2593 noctesque
751 2525 804 2577 in
833 2524 938 2577 hoe
965 2535 1134 2592 opere
1159 2519 1594 2589 consumpseris,
1618 2534 1651 2574 ο
1682 2534 1794 2573 rem
1826 2519 2003 2573 admi-

415 2616 677 2671 rauilaml
709 2614 980 2684 percipies
1012 2610 1282 2676 laetitiam,
1302 2625 1425 2679 qua:
1454 2609 1606 2664 nullo
1637 2620 1842 2679 puncto
1865 2619 1999 2665 tem-

414 2708 569 2778 poris
598 2705 938 2762 intermittit.
980 2702 1399 2771 Quamprimum
1443 2701 1592 2757 enim
1626 2714 1782 2755 mens
1816 2703 1998 2755 locum

2099 1989 2213 2035 τοις
2265 1974 2449 2044 εὑρεῖν
2496 1975 2588 2027 τὸν
2633 1974 2799 2030 τόπον
2849 1978 2945 2044 τῆς
2992 1975 3240 2045 καρδίας,
3284 1975 3412 2030 ἔνθα
3457 1975 3689 2045 ἐμφιλο-

2102 2066 2301 2135 χωρείν
2339 2065 2616 2132 πεφύκασι
2662 2068 2833 2120 πᾶσαι
2879 2068 2937 2121 αἱ
2977 2067 3211 2138 ψυχικαὶ
3254 2067 3533 2134 δυνάμεις.
3575 2068 3693 2123 Καὶ

2104 2155 2321 2226 πρῶτον
2357 2156 2457 2227 μὲν
2493 2158 2681 2224 σκότος
2720 2158 2977 2229 εὑρήσεις
3016 2160 3110 2210 καὶ
3150 2158 3323 2229 πάχος
3360 2157 3639 2212 ἀνένδοτον
3669 2175 3688 2191 ο

2107 2249 2462 2317 ἐπιμένοντος
2505 2249 2562 2303 δέ
2611 2267 2729 2314 σου,
2772 2251 2866 2304 καὶ
2909 2250 3099 2305 τούτου
3138 2250 3232 2305 τοῦ
3278 2252 3440 2322 ἔργου
3484 2258 3691 2315 νυκτὸς

2107 2345 2201 2397 καὶ
2229 2342 2441 2411 ἡμέρας
2477 2343 2826 2413 ποιουμένου,
2854 2343 3137 2415 εὑρήσεις,
3168 2343 3215 2396 ὣ
3244 2343 3336 2397 τοῦ
3370 2346 3684 2414 θαύματοςὲ

2105 2432 2344 2503 ἄληκτον
2372 2434 2736 2505 εὐφροσύνην.
2763 2434 2918 2505 Ἅμα
2953 2436 3062 2507 γὰρ
3094 2437 3229 2510 εὕρῃ
3263 2440 3290 2491 ό
3323 2436 3446 2501 νοῦς
3475 2437 3568 2492 τὸν
3598 2441 3688 2491 τό·

2108 2537 2207 2573 πον
2238 2522 2337 2591 τῆς
2372 2523 2623 2592 καρδίας,
2659 2523 2847 2594 βλέπει
2882 2525 3161 2594 παρευθὺς
3193 2524 3230 2581 ἃ
3264 2526 3523 2582 οὐδέποτε
3557 2528 3690 2596 ἠπί-

2108 2629 2292 2667 στατο.
2340 2614 2538 2669 Βλέπει
2582 2617 2692 2688 γὰρ
2737 2617 2827 2671 τὸν
2869 2616 3073 2686 μεταξὺ
3111 2616 3211 2687 τῆς
3252 2617 3479 2688 καρδίας
3522 2620 3685 2690 ἀέρα,

2106 2706 2201 2756 καὶ
2232 2705 2423 2758 ἑαυτὸν
2453 2710 2714 2777 φωτεινὶν
2742 2709 2865 2763 ὅλον
2913 2710 3010 2762 καὶ
3037 2709 3364 2779 διακρίσεως
3410 2711 3685 2781 ἔμπλεων.

414 2800 602 2857 cordis
656 2798 943 2868 repererit,
1003 2794 1187 2849 statim
1250 2791 1472 2862 aspicit,
1530 2807 1654 2862 quae
1713 2808 1997 2863 nunquam
2037 2794 2266 2851 sciebat.
2337 2798 2621 2869 Siquidem
2657 2801 2775 2857 viso
2838 2817 2984 2870 aere,
3013 2802 3107 2875 qui
3138 2804 3283 2858 inter
3306 2805 3537 2875 Spatium
3566 2823 3725 2861 cor--

416 2894 504 2951 dis
534 2902 730 2958 exstat,
766 2892 1002 2961 seipsam
1030 2897 1197 2945 totam
1229 2888 1463 2943 lucidam
1492 2895 1549 2941 et
1578 2887 1999 2943 discernendam
2039 2891 2267 2961 praebet.
2428 2892 2436 2901 ”

488 2989 611 3059 Ipse
632 3001 852 3056 quoque
878 2985 1130 3040 Palamas
1151 2984 1205 3036 in
1241 2981 1480 3037 secunda
1508 2981 1760 3036 oratione
1783 2995 2000 3046 earum,

420 3096 560 3153 quas
595 3078 849 3135 inscribit
887 3077 1122 3147 priores,
1159 3076 1275 3130 haec
1324 3074 1421 3137 ait,
1458 3074 1745 3144 quoniam,
1794 3082 1854 3128 ut
1882 3072 2007 3155 qui.

423 3173 548 3229 dam
581 3179 835 3237 testatur,
886 3168 981 3239 qui
1026 3169 1171 3224 circa
1208 3168 1325 3222 hate
1382 3167 1528 3221 inter
1587 3165 1745 3221 valde
1798 3165 2007 3233 peritos

423 3275 803 3328 enumeratur,
840 3265 884 3318 si
915 3265 1117 3335 figuras
1143 3263 1393 3318 internas
1419 3259 1666 3313 externis
1704 3257 2009 3313 assimilare

419 3365 547 3428 post
585 3354 1079 3425 transgressionem
1115 3351 1301 3415 datur,
1340 3349 1620 3419 quomodo
1647 3350 1693 3404 is
1726 3349 1823 3419 qui
1853 3364 2008 3402 men-

423 3460 533 3506 tem
565 3454 787 3502 strenue
813 3444 932 3498 volt
953 3442 1234 3513 colligere,
1278 3456 1308 3494 a
1338 3449 1485 3493 metu
1526 3450 1675 3496 recto
1714 3439 1780 3494 ad
1822 3439 2006 3494 cireu-

420 3541 593 3595 larem
623 3536 929 3598 declinans,
970 3534 1162 3587 oculos
1190 3531 1260 3586 ab
1287 3530 1544 3587 omnibus
1583 3533 1801 3586 caeteris
1843 3545 2008 3586 aver-

421 3644 515 3687 sos
543 3644 652 3683 non
685 3635 909 3698 pectore
950 3634 1050 3679 aut
1093 3624 1278 3694 potius
1307 3624 1566 3678 umbilico
1607 3622 1745 3677 fixos
1780 3620 2008 3677 teneat?

421 3722 637 3791 Quippe
682 3732 905 3774 movere
961 3733 1021 3772 sc
1069 3729 1221 3772 metu
1264 3724 1491 3769 externo
1520 3713 1803 3775 circulari,
1830 3728 2009 3782 quau-

425 3821 542 3866 tum
580 3809 696 3864 fieri
724 3817 924 3879 potest,
958 3808 1131 3865 instar
1163 3815 1345 3861 motus
1378 3814 1460 3860 est
1487 3803 1707 3869 mentis,
1743 3818 1855 3873 quo
1887 3813 2006 3857 stu-

421 3901 579 3961 diose
630 3914 786 3955 mens
835 3914 893 3953 se
942 3901 1113 3969 ipsam
1162 3905 1404 3959 exercet,
1449 3894 2035 3963 etsuscipiendaen.

419 3991 598 4048 terius
640 4006 739 4060 per
783 3988 975 4043 oculos
1019 3989 1274 4042 virtutem
1328 3982 1532 4039 mentis
1578 3983 1758 4038 mittet
1798 3980 1859 4035 in
1909 3995 2008 4036 cor

418 4097 523 4160 per
556 4082 700 4137 lianc
726 4079 955 4151 figuram
987 4077 1240 4151 corporis

486 4388 887 4462 Huiuscemodi
944 4387 1111 4456 igitur
1161 4399 1456 4456 perennem
1510 4384 1777 4469 lmtitiam,
1829 4393 1884 4440 et
1924 4384 2010 4439 lu-

415 4484 598 4549 lmina,
630 4492 910 4552 totamque
938 4474 1006 4534 de
1034 4479 1120 4533 bis
1155 4478 1327 4533 rebus
1359 4490 1577 4532 scenam
1626 4493 1723 4547 per
1753 4476 2007 4530 traditio-

2178 2988 2287 3041 Καὶ
2316 2988 2471 3047 αὐτὸ,
2506 2989 2552 3044 δ’
2574 2993 2601 3043 ὁ
2630 2990 2895 3061 Παλαμᾶς
2932 2992 2989 3043 ὲν
3018 2989 3064 3060 β’
3083 2990 3246 3062 λόγῳ,
3274 2990 3366 3057 οὓς
3394 2992 3685 3064 ἐπιγράφει

2112 3080 2447 3151 προτέρους,
2493 3081 2620 3137 τάδε
2659 3083 2845 3151 φησιν.
2913 3082 3066 3137 Ἐπεὶ
3135 3084 3387 3157 καθάπερ
3442 3103 3523 3147 τις
3574 3087 3687 3140 τῶν

2031 3208 2079 3272 c
2114 3171 2366 3272 μεγάλων
2426 3173 2551 3244 περὶ
2611 3175 2787 3228 ταῦτα
2844 3175 3033 3243 λέγει’
3091 3176 3217 3241 Τοῖς
3272 3175 3379 3242 ἔξω
3442 3179 3685 3248 σχήμασι

2111 3262 2491 3332 ἐξομοιοῦσθαι
2552 3265 2690 3336 μετὰ
2748 3265 2848 3336 τὴν
2904 3265 3243 3337 παράϐασιν,
3303 3269 3420 3332 πῶς
3461 3273 3559 3323 οὑκ
3616 3269 3687 3324 ἂν

2111 3353 2453 3408 συντελέσειέ
2494 3372 2552 3408 τι
2607 3356 2751 3425 μέγα
2778 3357 2855 3428 τῷ
2904 3356 3191 3413 σπεύδοντι
3248 3362 3568 3431 συστρέφειν
3593 3363 3685 3414 τὸν

2108 3444 2235 3498 νοῦν
2265 3447 2346 3509 είς
2377 3445 2569 3501 ἑαυτὸν
2590 3490 2605 3512 ,
2636 3448 2712 3509 ὡς
2745 3449 2821 3518 μὴ
2853 3448 2953 3517 τὴν
2985 3448 3108 3502 κατ’
3133 3449 3349 3503 εὐθεῖαν
3370 3490 3387 3517 ,
3420 3449 3557 3504 ἀλλὰ
3583 3452 3684 3520 τὴν

2111 3534 2378 3607 κυκλικὴν
2413 3534 2508 3589 καὶ
2544 3537 2761 3607 ἀπλανῆ
2798 3538 3067 3593 κινεῖσθαι
3101 3540 3353 3612 κίνησιν,
3387 3541 3448 3595 τὸ
3486 3542 3560 3613 μὴ
3591 3542 3684 3596 τὸν

2108 3627 2392 3700 ὀφθαλμὸν
2413 3623 2515 3685 ὧδε
2545 3633 2771 3684 κάκεῖσε
2797 3632 3104 3703 περιάγειν,
3128 3632 3247 3685 ἀλλ’
3266 3627 3379 3687 οἷον
3402 3634 3685 3704 ἑρείσματῐ

2107 3736 2216 3774 τινι
2257 3721 2444 3776 τοῦτον
2491 3707 2867 3792 προσερείδειν
2911 3721 2989 3795 τῷ
3034 3724 3486 3796 οἰκείῳ-στήθει,
3529 3725 3562 3796 ἢ
3604 3726 3684 3795 τῷ

2108 3813 2371 3884 ὀμφαλῷ;
2422 3815 2566 3884 Πρὸς
2608 3818 2717 3887 γὰρ
2763 3815 2841 3885 τῷ
2886 3816 2967 3879 εἱς
3010 3810 3213 3869 κύκλον
3258 3815 3448 3887 ὥσπερ
3488 3816 3685 3884 ἔξωθεν

2111 3905 2310 3974 ἐφόσον
2342 3907 2564 3975 ἐφικτὸν
2598 3907 2933 3963 συνελίττειν
2967 3908 3158 3964 ἑαυτὸν
3193 3910 3586 3983 παραπλησίως
3613 3912 3682 3981 τῇ

2114 3997 2529 4072 σπουδαζόμενῃ
2559 4001 2617 4053 ὲν
2651 4000 2833 4070 ἑαυτῷ
2856 3999 2951 4053 τοῦ
2977 3998 3070 4054 νοῦ
3099 4003 3337 4074 κινήσει,
3370 4004 3466 4057 καὶ
3494 4004 3589 4071 τὴν
3617 4003 3683 4057 δι’

2110 4090 2287 4159 ὅψεως
2318 4091 2424 4157 ἔξω
2453 4091 2753 4160 δεχομένου
2787 4092 3020 4163 δύναμιν
3048 4091 3144 4147 τοῦ
3174 4094 3301 4160 νοῦ,
3332 4094 3431 4164 τῆς
3460 4094 3684 4164 καρδίας

2112 4180 2245 4237 εἵσω
2286 4181 2500 4252 πέμψει
2543 4183 2634 4237 διὰ
2675 4184 2770 4237 τοῦ
2817 4186 3062 4239 τοιούτου
3118 4186 3398 4257 σχήματος
3443 4184 3536 4238 τοῦ
3583 4185 3684 4238 ad»

2114 4291 2306 4341 ματος.

2182 4336 2296 4430 Τὰς
2329 4336 2462 4433 γοῦῖ
2495 4366 2751 4431 τοιαύτας
2776 4364 3056 4437 ἀλήκτους
3088 4367 3427 4438 εὐφροσύνας
3448 4407 3461 4433 ,
3494 4370 3591 4422 καὶ
3625 4369 3687 4423 τὰ

2112 4456 2390 4535 φῶταΑκαὶ
2418 4459 2602 4511 πᾶσαν
2628 4458 2728 4529 τὴν
2758 4460 2887 4529 περὶ
2917 4459 3085 4512 ταῦτα
3114 4459 3320 4531 σκηνὴν
3346 4461 3413 4513 εκ
3440 4460 3688 4535 διαδοχῆς

417 4518 598 4549 νημαι,
632 4518 910 4552 me...un
938 4518 1006 4534 αν
1035 4518 1120 4533 ...ο
1158 4518 1323 4533 .ν.,...,
1359 4518 1577 4532 νειμ...
1628 4518 1713 4547 γυ.
1754 4518 1975 4530 ..........,

417 4590 553 4639 nem
585 4584 888 4647 acceptam,
925 4572 1094 4627 veluti
1144 4570 1437 4641 quamdam
1495 4570 1784 4624 informem
1839 4578 2004 4623 mate-

2117 4518 2451 4622 παραλαόὼν
2484 4518 2749 4621 ιιαλαμίίς
2779 4518 2943 4604 οἱονεί
2978 4568 3099 4607 τινα
3130 4518 3532 4633 ὕληνόνείδεον
3563 4518 3692 4623 μὀρί

420 4667 567 4731 riam
592 4665 850 4729 ,Palamas
885 4661 1225 4726 informavit,
1267 4671 1433 4731 atque
1460 4661 1767 4726 deificavit;
1815 4669 1868 4713 et
1902 4659 2014 4728 pri-

422 4775 577 4815 mum
596 4757 831 4828 quidem
867 4757 919 4809 in
973 4754 1205 4825 epistola
1253 4755 1321 4810 ad
1373 4753 1584 4809 Monam
1640 4750 1760 4807 haec
1800 4751 1879 4819 ait
1909 4769 1923 4805 :
1951 4751 2010 4806 Si

426 4851 554 4922 quis
610 4863 718 4903 non
762 4855 1010 4915 acceptat
1064 4846 1319 4922 salutaris
1369 4843 1498 4899 Jesu
1551 4842 1831 4914 jubilum,.
1860 4841 2008 4911 quod

428 4920 595 4995 etiam
628 4938 1052 4999 exsultationem
1096 4920 1282 4991 Patres
1334 4933 1536 5004 passim
1582 4932 1879 5003 appellant,
1933 4931 2012 4985 ni-

429 5032 630 5092 mirum
685 5031 985 5098 spirantem
1045 5027 1179 5091 vim,
1222 5035 1281 5080 et
1324 5023 1508 5079 cordis
1544 5024 1655 5077 vivi
1686 5022 2006 5086 motionem,

430 5105 534 5177 iste
564 5120 708 5187 talis,
739 5128 892 5188 puto,
923 5117 1172 5172 nondum
1194 5116 1365 5170 sentit
1384 5112 1709 5168 suavitatem
1753 5111 1922 5166 illius.
1944 5112 2013 5166 Et

432 5227 625 5267 rursus
650 5229 662 5265 :
687 5212 913 5266 Divinos
939 5224 1068 5264 vero
1106 5207 1274 5261 Isaias
1303 5220 1467 5275 quem
1507 5204 1757 5275 spiritum
1784 5219 1882 5259 nos
1916 5218 2009 5259 ac-

431 5303 647 5372 cepisse
676 5311 732 5355 et
761 5299 1043 5371 peperisse
1091 5294 1335 5350 fatetur?
1373 5293 1567 5349 Nonne
1602 5293 1816 5350 Domini
1860 5289 2013 5358 Iesu,

432 5392 525 5459 qui
557 5399 820 5460 operatur
849 5388 973 5455 igne
1014 5387 1069 5438 in
1109 5384 1308 5438 animis
1366 5381 1631 5446 fidelium,
1680 5388 1738 5435 et
1782 5383 2014 5436 salutem

434 5482 687 5552 perﬁcit?
733 5480 922 5546 Qualis
980 5485 1162 5532 autem
1232 5475 1375 5545 ignis
1432 5473 1711 5529 daemones
1759 5472 2018 5545 ﬂagellat,

2120 4646 2308 4714 φὼσας
2340 4642 2679 4714 ὲθεοποίησε.
2710 4644 2821 4697 Καὶ
2851 4643 3066 4714 πρῶτον
3097 4645 3195 4715 μὲν
3221 4646 3279 4699 ὲν
3305 4648 3372 4714 τῇ
3406 4646 3541 4717 πρὸς
3570 4647 3691 4715 Μη-
3739 4680 3745 4684 -

2118 4737 2218 4791 νᾶν
2251 4734 2510 4806 ἐπιστολῇ
2542 4735 2722 4790 ταῦτά
2765 4750 2935 4806 φησιν
2963 4751 2980 4768 ·
3020 4737 3085 4790 Et
3113 4752 3200 4803 τις
3231 4737 3294 4790 οὐ
3330 4738 3688 4807 παραδέχεται

2117 4826 2216 4898 τὴν
2250 4826 2571 4895 ἀγαλλίασιν
2601 4826 2698 4880 τοῦ
2737 4828 3012 4897 σωτηρίου
3044 4826 3139 4880 τοῦ
3175 4826 3345 4899 Ἰησοῦ
3368 4865 3387 4893 ,
3421 4830 3558 4897 ὅπερ
3598 4830 3714 4883 καὶ(

2118 4919 2401 4991 σκίρτημα
2429 4917 2703 4987 πολλαχοῦ
2732 4920 2781 4971 ol
2817 4919 3060 4989 Πατὲρες
3092 4920 3390 4986 ἐκάλεσαν,
3427 4922 3689 4983 πνέουσαν

2117 5010 2367 5082 δύναμιν,
2398 5015 2495 5064 καὶ
2533 5010 2760 5081 καρδίας
2792 5009 2974 5078 ζώσης
3008 5009 3238 5081 κίνημα,
3267 5013 3296 5064 ό
3324 5011 3586 5075 τοιοῦτος,
3614 5009 3692 5064 οἷ-

2123 5090 2243 5174 μαι,
2273 5102 2459 5175 ἀκμὴν
2483 5105 2583 5158 οὐκ
2613 5101 2858 5175 ῂσθάνθη
2887 5102 3077 5170 αὐτῆς.
3107 5103 3220 5157 Καὶ
3246 5102 3426 5167 πάλιν,
3465 5103 3690 5165 Ἦσατες

2115 5196 2173 5249 δὲ
2222 5197 2250 5248 ὁ
2300 5194 2443 5258 θεῖος
2492 5197 2646 5247 ποῖον
2686 5192 2906 5262 πνεῦμα
2955 5192 3142 5248 λαϐεῖν
3183 5194 3330 5264 ἡμᾶς
3380 5196 3475 5247 καὶ
3513 5197 3690 5247 τεκεῖν

2112 5288 2350 5357 φάσκει;
2383 5286 2520 5356 Οὐχὶ
2550 5285 2646 5339 τοῦ
2682 5284 2886 5354 Κυρίου
2917 5283 3093 5355 Ἰησοῦ
3124 5282 3219 5339 τοῦ
3254 5284 3603 5355 ἐνεργοῦντος
3633 5288 3689 5337 ἑν

2116 5383 2252 5451 πυρὶ
2281 5382 2394 5443 τοῖς
2439 5379 2650 5439 πιστοῖς
2688 5378 2785 5431 καὶ
2821 5375 3094 5448 σωτηρίαν
3128 5375 3500 5447 πληροῦντος;
3535 5376 3688 5428 Ποῖον

2117 5472 2172 5527 δὲ
2208 5470 2321 5543 πῦρ
2357 5468 2614 5544 μαστίοζει
2646 5472 2773 5532 τοὺς
2805 5469 3098 5541 δαίμονας,
3133 5470 3231 5522 καὶ
3265 5468 3563 5537 φυγαδεύει
3594 5469 3690 5521 αὺ-

429 5590 637 5645 eosque
710 5574 882 5642 fugat,
949 5579 1011 5623 ut
1065 5568 1199 5622 dicit
1255 5566 1476 5622 divinus
1536 5567 1698 5622 Pater
1743 5566 2004 5621 Joannesf

2120 5566 2269 5630 τοὺς,
2302 5562 2376 5626 ὣς
2411 5579 2578 5632 φησιν
2617 5560 2869 5634 Ἰωάννης
2899 5563 2928 5616 ό
2963 5560 3104 5624 θεῖος
3138 5561 3367 5631 Πατήρ;
3399 5560 3473 5612 Οὐ
3505 5559 3566 5613 τὸ
3595 5558 3687 5613 τοῦ

431 5667 626 5723 Nonne
673 5663 893 5720 Domini
943 5661 1093 5728 Jesu,
1149 5660 1243 5730 qui
1290 5660 1344 5715 in
1397 5662 1517 5731 ejus
1564 5659 1824 5715 memoria
1873 5659 2004 5713 intu:

2122 5655 2330 5724 Κυρίου
2362 5651 2539 5722 Ἰησοῦ
2566 5652 2625 5705 τὸ
2654 5652 2714 5703 ὲν
2739 5654 2803 5722 τῇ
2837 5652 3030 5724 μνήμῃ
3059 5648 3226 5705 αὑτοῦ
3255 5651 3487 5719 ἐξάπτον
3513 5649 3686 5715 Evam;

511 5807 591 5899 (l)
634 5822 747 5883 Hoc
766 5826 870 5888 est,
894 5820 989 5902 qui
1008 5819 1291 5885 silentium
1319 5829 1371 5875 et
1395 5818 1638 5890 quietem
1660 5817 2009 5889 proﬁtentur.
2191 5810 2268 5883 (‘2,
2312 5809 2424 5865 Hoc
2450 5816 2559 5878 est,
2586 5808 2748 5865 siccat
2767 5810 2977 5871 caudae.
