4036 6468
310 315 414 380 841

1536 302 1938 370 ADVERSUS
1980 299 2375 382 PALAMAM.

3473 293 3581 360 8'32

323 434 499 505 Ὃσμὴ
541 433 596 487 δὲ
628 431 886 502 Ὑψίστου
928 429 1056 482 ποία
1099 425 1260 496 ἑτέρα
1303 422 1351 476 εἰ
1393 421 1467 492 μὴ
1507 422 1540 494 ἡ
1579 419 1758 490 θέρμη
1789 417 1886 472 τοῦ

2026 416 2342 472 :xardescit?
2373 413 2577 470 halitus
2626 423 2810 470 autem
2849 410 3078 466 naribus
3109 418 3393 476 attractus,
3426 415 3581 482 quis-

311 527 654 595 πνεύματος,
699 524 823 593 ἣτις
875 521 1004 575 ποτὲ
1047 519 1141 572 καὶ
1194 520 1255 570 ὲκ
1288 516 1385 584 τῆς
1440 513 1585 584 ῥινὸς
1615 513 1890 584 -ἀρῤήτως

296 619 635 686 ἑξέρχεται;
1853 657 1866 670 .

401 709 491 764 Ἐν
520 710 577 762 δὲ
607 710 718 770 τοῖς
753 706 964 775 λόγοις,
995 703 1090 766 οὓς
1129 701 1427 773 ἐπιγράφει
1466 699 1765 770 προτέρους
1799 702 1894 754 καὶ

316 804 625 871 δευτέρους,
653 799 779 854 τάδε
811 797 977 866 φησίν
1002 811 1017 827 ο
1055 815 1075 846 ι
1109 797 1175 847 ’Ὀ
1209 795 1392 865 μέντοι
1425 793 1542 861 φῶς
1574 797 1632 847 ὲν
1660 794 1896 846 ὑποστά-

317 912 402 947 σει
433 893 568 960 φασὶ
593 889 979 959 πνευματικῶς
1006 889 1161 958 ὁρᾷν,
1188 887 1250 939 ὃν
1280 887 1379 955 μὲν
1406 886 1500 938 καὶ
1532 885 1608 955 μὴ
1639 883 1900 954 συμϐολε.

320 983 433 1042 κὸν,
468 982 554 1033 ἀεὶ
581 979 636 1032 δὲ
665 977 746 1041 ὃν,
779 977 943 1030 ἄῦλόν
969 993 1027 1029 τε
1061 977 1154 1028 καὶ
1182 974 1258 1044 νῷ
1288 972 1586 1043 θεωρητὺν,
1618 971 1778 1025 τοῦτο
1807 972 1898 1026 διὰ

320 1076 417 1143 τῆς
441 1072 638 1142 πείρας
666 1069 839 1125 ἴσασι.
871 1089 887 1121 ι
916 1067 1026 1122 Καὶ
1051 1067 1211 1121 πάλιν
1238 1065 1330 1133 ἀφ’
1351 1065 1538 1133 ἐτέρου
1563 1065 1672 1118 τῶν
1694 1065 1898 1130 αὐτῶν,

317 1160 380 1221 οὗ
425 1167 457 1236 ἡ
493 1163 658 1234 ἀρχὴ,
713 1159 1213 1230 ’Υποψιθυρίσαω
1247 1157 1369 1210 τάδε
1418 1156 1550 1225 φασί
1580 1172 1592 1185 ο
1617 1176 1636 1206 ι
1662 1158 1902 1226 Τοιγαρ-

319 1258 414 1312 οῦν
459 1256 519 1310 τὸ
548 1257 662 1326 φῶς
694 1257 871 1308 ἐκεῖνο
898 1253 1167 1324 σύμϐολόν
1214 1255 1272 1306 τέ
1301 1255 1416 1306 ἐστι
1445 1255 1542 1307 καὶ
1571 1259 1686 1322 φῶς
1711 1253 1903 1324 ἀληθι-

323 1352 434 1417 νὸν,
467 1349 563 1402 καὶ
590 1348 692 1401 οὐκ
724 1347 980 1417 ἀληθινὸν
1013 1345 1224 1410 ἁπλῶς,
1259 1345 1377 1399 ἀλλ’
1398 1345 1530 1399 αὐτὸ
1561 1345 1621 1399 τὸ
1651 1344 1905 1416 ἀληθινὸν

322 1439 540 1509 ὑπῆρχε
573 1437 710 1506 φῶς.
745 1454 764 1488 ι
797 1436 908 1489 Καὶ
938 1432 1100 1490 πάλιν
1127 1436 1185 1489 ὲν
1208 1434 1286 1504 τῷ
1312 1434 1461 1505 αὐτῷ
1482 1450 1496 1465 ο
1531 1453 1550 1485 ‹
1583 1435 1646 1488 Εἰ
1673 1436 1784 1506 γὰρ
1811 1439 1907 1490 καὶ

324 1532 440 1601 φῶς
485 1528 600 1600 ἔχει
639 1531 739 1600 τὴν
781 1526 1126 1599 ἐπωνυμίαν,
1170 1527 1306 1581 ἀλλὰ
1349 1528 1446 1582 καὶ
1490 1528 1605 1596 φῶς
1651 1528 1908 1598 ἀληθινὸν

322 1623 598 1685 καλεῖται,
625 1621 830 1692 μᾶλλον
850 1621 909 1675 δὲ
937 1619 1072 1674 αὐτὸ
1094 1620 1154 1674 τὸ
1181 1620 1435 1691 ἀληθινὸν
1460 1621 1596 1690 φῶς,
1623 1621 1651 1674 ὃ
1677 1621 1754 1685 ὡς
1781 1621 1909 1692 ίμά-

320 1733 438 1770 τιον
467 1715 496 1767 ὁ
525 1713 660 1782 Θεὸς
692 1713 1082 1769 ἀναϐάλλεται(
1115 1731 1134 1766 ι
1173 1713 1376 1767 Τοῦτον
1406 1714 1497 1767 τὸν
1528 1714 1729 1785 τρόπον
1761 1713 1909 1786 ἔχειν

323 1807 386 1862 τὸ
413 1806 528 1877 φῶς
553 1806 713 1860 τοῦτο
740 1803 1189 1869 κατασκευάσας,
1212 1803 1304 1858 διὰ
1328 1803 1542 1858 πολλῶν
1568 1805 1915 1859 ἀποδεικνύει

326 1899 426 1955 καὶ
457 1900 654 1969 ὁρατὸν
687 1894 828 1952 εἶναι
851 1939 867 1963 ,
901 1896 1222 1968 προστιθεὶς
1255 1895 1354 1951 καὶ
1387 1896 1726 1966 ἁνακράσεις
1758 1897 1914 1962 τινὰς

331 1991 427 2046 καὶ
469 1989 646 2061 μίξεις
687 1989 783 2044 τοῦ
824 1989 1071 2045 τοιούτου
1113 1987 1292 2058 φωτὸς
1338 1987 1478 2058 μετὰ
1512 1988 1619 2042 τῶν
1661 1987 1916 2059 ὁρώντων

331 2081 738 2148 ἀποτελεῖσθαι,
767 2084 862 2137 καί
893 2082 1068 2152 φησίν
1097 2080 1156 2135 ἔν
1179 2097 1288 2134 τινι
1317 2079 1425 2135 τῶν
1451 2081 1759 2152 εἰρημένων
1786 2083 1916 2154 περὶ

330 2173 428 2230 τοῦ
463 2173 640 2245 φωτὸς
673 2173 850 2242 λόγων
876 2189 889 2202 ·
929 2191 949 2226 ε
983 2173 1082 2228 Ἔν
1112 2173 1260 2226 ἔστιν
1286 2173 1414 2226 ὅταν
1449 2173 1589 2242 μετά
1620 2172 1712 2225 τοῦ
1745 2175 1917 2244 ὁρῶν·

329 2281 422 2328 τος
448 2263 689 2333 γίνηται,
717 2263 906 2332 ἕτερον
931 2261 1121 2316 ἄλλοτε
1147 2262 1363 2334 ὁρᾶται.
1395 2261 1535 2316 Ποτὲ
1565 2261 1665 2332 μὲν
1691 2262 1784 2314 τοῦ
1817 2261 1918 2316 σώ-

335 2373 505 2426 ματος
549 2355 846 2424 ὲπανιστᾷ,
887 2354 982 2407 καὶ
1025 2353 1105 2417 είς
1151 2353 1286 2422 ὕψος
1329 2353 1593 2423 ἀναφέρει
1640 2354 1914 2424 ἄρρητον,

333 2444 513 2500 ἄλλοτ’
537 2442 695 2508 αὖθις
727 2445 820 2498 καὶ
846 2443 907 2498 τὸ
938 2443 1096 2513 σῶμα
1129 2443 1626 2514 μεθαρμοσάμενον
1645 2484 1662 2509 ,
1695 2444 1790 2496 καὶ
1819 2445 1918 2513 τῆς

333 2539 543 2602 οἰκείας
574 2535 962 2608 μεταδεδωκὼς
989 2535 1396 2606 λαμπρότητος,
1425 2536 1519 2587 καὶ
1547 2535 1795 2604 εἰρήνης,
1825 2535 1920 2588 καὶ

335 2631 559 2698 ἀγάπης
580 2667 596 2692 ,
624 2626 892 2690 θεοειδοῦς
922 2643 982 2680 τε
1012 2626 1205 2697 ἡδονῆς
1236 2627 1332 2680 καὶ
1363 2625 1633 2690 ἀπαθείας
1664 2625 1918 2696 ἔμπλεων

335 2721 596 2788 ποιῆσαν,
634 2718 935 2788 ὀφθαλμοῖς
982 2719 1340 2788 σωματικοῖς,
1381 2715 1428 2770 ῶ
1463 2718 1558 2770 τοῦ
1602 2717 1914 2788 θαύματοςί

335 2815 546 2881 γίνεται
575 2811 800 2880 ληπτόν.
838 2829 857 2862 ι
897 2810 1004 2864 Καὶ
1034 2811 1091 2862 ὲν
1121 2811 1294 2880 ἑτέρῳ
1319 2849 1333 2874 ,
1362 2802 1424 2862 οὗ
1457 2811 1490 2881 ἠ
1519 2811 1664 2880 ἀρχὴ
1687 2851 1701 2874 ,
1729 2813 1920 2866 E016-

335 2921 451 2970 γως
477 2902 594 2972 μὲν
622 2897 737 2958 οὖν
766 2904 799 2956 ὀ
824 2901 1030 2970 λόγος,
1061 2901 1187 2956 τάδε
1220 2900 1416 2972 φησίν⁸
1452 2920 1472 2954 ι
1503 2903 1601 2956 Ἓν
1627 2905 1686 2954 ἐν
1717 2903 1920 2973 θεωρίᾳ

338 2997 558 3066 πνεῦμα
595 2997 655 3049 τὸ
701 2995 818 3065 φῶς
866 2995 1002 3065 μετὰ
1039 2993 1150 3048 τῶν
1187 2993 1276 3048 διὰ
1317 2995 1563 3066 καθαρᾶς
1609 2998 1920 3066 προσευχῆς

267 3075 277 3086 ’
337 3083 773 3154 ἐντυγχανόντων
806 3084 1013 3152 γίνεται
1045 3083 1318 3154 ὁρώμενον
1355 3085 1448 3136 καὶ⁸
1487 3082 1563 3154 μὴ
1596 3083 1916 3154 διαιρούμε-

338 3191 428 3229 νον
454 3175 633 3230 αὐτῶν
655 3189 666 3204 ’
692 3193 710 3227 ι
741 3175 837 3227 καὶ
865 3174 1026 3228 πάλιν
1051 3177 1107 3227 ὲν
1135 3173 1210 3244 τῷ
1237 3173 1387 3243 αὑτῷ
1405 3191 1418 3206 ·
1455 3193 1473 3225 ι
1504 3176 1714 3229 Ἰσασιν
1738 3178 1785 3229 οἱ
1818 3194 1919 3248 με·

341 3267 631 3336 μυημένοι,
663 3267 760 3320 καὶ
788 3266 1036 3333 λέγουσιν
1064 3266 1126 3319 οὐ
1159 3266 1424 3336 συζυγίαν
1452 3267 1655 3336 ὀλίγοις
1683 3269 1793 3322 τισὶ
1828 3269 1921 3339 μὲ-

343 3376 458 3430 ρεσι
507 3358 604 3412 καὶ
651 3359 911 3429 δυνάμεσι
954 3358 1054 3429 τὴν
1096 3358 1462 3431 ἀλληλουχίαν
1507 3363 1920 3434 παρεχομένην,

339 3452 459 3504 ἀλλ’
478 3446 593 3506 οἷον
619 3453 922 3522 ἀνάκρασιν
952 3448 1089 3507 εἶναι
1119 3452 1257 3522 πρὸς
1282 3452 1462 3524 ψυχὴν
1491 3453 1584 3507 τοῦ
1614 3454 1792 3520 φωτὸς
1823 3455 1921 3524 τῆς

339 3545 563 3616 χάριτος
595 3547 694 3618 τὴν
727 3547 1000 3617 ἐνοίκησιν
1023 3587 1038 3608 ,
1073 3545 1394 3618 θαυμαστὴν
1426 3541 1538 3602 οἷον
1570 3546 1814 3618 ἄρρητον
1837 3565 1850 3578 ·
1887 3550 1920 3618 ἡ

339 3639 398 3692 δὲ
430 3638 521 3692 τοῦ
563 3638 832 3709 γαμηλίου
858 3639 1308 3709 συναλλάγματός
1341 3655 1396 3693 τι
1425 3637 1576 3693 δοκεῖ
1606 3640 1714 3694 τῶν
1748 3640 1924 3694 ἄλλων

341 3733 524 3786 πλέον.
570 3731 711 3784 Ἀλλ’
742 3731 851 3786 οὐδ’
881 3733 1058 3786 ἐκεῖνο
1108 3732 1385 3803 σύμφυσις
1407 3771 1424 3798 ,
1477 3731 1588 3786 οὐδ’
1621 3732 1925 3804 ἀνάκρασίς

343 3827 512 3889 ἐστιν,
541 3822 658 3878 ἀλλ’
677 3822 866 3894 ὁμιλίᾳ
895 3823 1023 3888 τινὶ,
1055 3823 1149 3876 καὶ
1170 3815 1291 3876 οἷον
1323 3822 1741 3894 προσκολλήσει,
1771 3821 1829 3874 ἓν
1858 3823 1928 3876 τὰ

343 3919 516 3972 πλείω
543 3916 804 3985 γίνονται.
841 3934 860 3967 ι
896 3914 1186 3969 Ἔσονται
1219 3914 1329 3986 γὰρ
1349 3957 1363 3982 ,
1392 3915 1587 3985 φησὶν,
1619 3917 1674 3968 οί
1701 3913 1812 3970 δύο
1841 3917 1931 3981 εις

339 4011 539 4081 σάρκα
549 4009 720 4078 μίαν,
735 4026 753 4060 ι
777 4009 872 4062 καὶ
893 4010 1074 4077 σάρκα
1097 4010 1286 4080 μόνην,
1305 4008 1550 4078 ἅλλόὑχὶ
1573 4009 1667 4062 καὶ
1688 4008 1927 4078 πνεῦμα.

357 4102 423 4156 Ἦ
454 4103 509 4156 δὲ
541 4101 634 4155 τοῦ
671 4100 809 4155 Θεοῦ
843 4101 976 4172 πρὸς
1010 4103 1137 4164 τοὺς
1168 4100 1508 4170 ἠξιωμένους
1540 4099 1759 4164 ἓνωσις,
1791 4099 1930 4169 γνώ-

350 4209 486 4259 σεως
520 4197 697 4251 πάντα
727 4195 928 4266 τρόπον
959 4193 1380 4264 ὑπερϐάλλουσα
1407 4192 1484 4263 τῷ
1519 4193 1788 4264 παντελὴς
1823 4194 1924 4246 ὑπ·

345 4287 537 4360 άρχειν
565 4291 660 4343 καλ⁸
683 4288 780 4341 τοῦ
808 4286 1117 4358 χωροῦντος
1146 4287 1396 4355 κρεῖττον
1424 4285 1460 4355 ἢ
1488 4286 1666 4354 λόγος,
1697 4285 1764 4339 δι’
1788 4285 1928 4339 ὅλων

342 4381 456 4436 τῶν
484 4381 742 4452 καθαρῶν
771 4379 1098 4449 πνευμάτων
1130 4377 1466 4446 Πνεύρατος.

344 4475 606 4548 gnitionis
635 4484 882 4547 superat,
928 4489 997 4530 eo
1023 4473 1170 4545 quod
1222 4472 1465 4541 perfecta
1499 4471 1723 4528 exsistat

346 4578 693 4642 penetrante,
725 4583 888 4639 quam
922 4576 984 4622 ut
1005 4566 1116 4621 dici
1147 4566 1340 4635 possit.
1381 4584 1400 4617 ι

2001 525 2128 563 nam
2162 509 2305 564 alius
2353 517 2439 564 est
2473 507 2696 568 excelsi,
2741 519 2906 576 quam
2967 505 3152 558 fervor
3195 505 3446 574 spiritus,
3490 507 3584 575 qui

2001 603 2339 672 quandoque
2361 602 2523 657 etiam
2547 614 2579 654 e
2602 599 2830 654 naribus
2863 612 3066 652 arcano
3092 597 3256 651 modo
3289 598 3449 652 exit?

2075 694 2131 750 In
2162 694 2510 750 orationibus
2540 708 2691 754 vero,
2722 707 2862 762 quas
2905 691 3119 761 priores
3173 699 3230 743 et
3258 690 3592 759 posteriores

2007 788 2278 852 inscribit,
2313 789 2430 842 haec
2459 786 2536 840 ait
2577 803 2592 840 :
2629 804 2648 835 ‹
2689 784 2862 839 Porro
2893 784 3080 836 lumen
3111 781 3258 852 quod
3282 781 3593 836 subsistens

2004 879 2326 952 spiritaliter
2367 892 2427 933 se
2468 877 2657 932 videre
2683 877 2858 940 aiunt,
2883 871 3100 930 exsistit
3131 872 3454 944 quidem,et
3485 888 3592 925 non

2009 976 2354 1045 imaginarie,
2392 986 2612 1042 semper
2667 983 2798 1022 vero
2842 967 3085 1029 exsistit,
3120 966 3480 1022 immateriale
3532 982 3598 1020 ac

2009 1065 2355 1137 intelligibile
2388 1065 2494 1120 hoc
2525 1065 2710 1119 lumen
2750 1079 2849 1134 per
2871 1050 3268 1133 experientiam
3304 1070 3532 1115 norunt.
3570 1080 3591 1112 ο

2011 1162 2080 1215 Ει
2109 1175 2300 1215 rursus
2331 1159 2384 1213 in
2412 1159 2520 1213 alia
2549 1157 2871 1214 earumdem
2923 1155 3262 1216 orationum,
3307 1155 3466 1226 cujus
3495 1154 3602 1208 ini-

2013 1253 2171 1315 tium,
2205 1249 2337 1304 Cum
2361 1250 2864 1312 submurmurasset,
2921 1247 3038 1301 haec
3069 1247 3164 1309 ait,
3225 1265 3241 1297 ι
3294 1246 3467 1316 Igitur
3517 1247 3604 1300 lu-

2015 1356 2140 1395 men
2167 1339 2301 1394 illud
2341 1349 2398 1396 et
2443 1339 2752 1411 symbolum
2796 1347 2903 1405 est,
2946 1350 3003 1393 et
3044 1338 3230 1393 lumen
3283 1353 3498 1400 verum,
3546 1349 3604 1393 et

2015 1448 2126 1488 non
2153 1431 2479 1502 simpliciter
2509 1447 2726 1497 verum,
2757 1431 2854 1486 sed
2886 1430 3068 1502 ipsum
3109 1447 3158 1486 Vl
3179 1445 3299 1485 rum
3351 1439 3471 1484 erat
3513 1431 3604 1484 lu-

2017 1539 2166 1580 men.
2222 1542 2242 1576 »
2288 1523 2507 1579 Rursus
2569 1523 2624 1577 in
2661 1527 2852 1578 eadem
2897 1523 3144 1578 oratione
3181 1538 3196 1576 :
3237 1540 3256 1573 ε
3295 1520 3407 1577 Etsi
3457 1521 3604 1576 enim

2017 1617 2203 1673 lumen
2247 1615 2577 1688 appellatur,
2629 1614 2728 1671 sed
2769 1623 2824 1670 et
2855 1629 3048 1670 verum
3095 1615 3279 1669 lumen
3323 1629 3608 1684 nuncupa-

2021 1719 2133 1776 tur,
2192 1711 2304 1766 imo
2352 1723 2483 1765 vero
2538 1709 2719 1779 ipsum
2773 1715 2859 1763 est
2913 1723 3104 1774 verum
3137 1708 3344 1774 lumen,
3373 1708 3520 1777 quod
3550 1716 3612 1762 ut

2019 1803 2413 1859 vestimentum
2459 1800 2640 1856 induit
2691 1800 2856 1856 Deus.
2904 1818 2922 1853 ι
2956 1800 3115 1855 Hunc
3155 1800 3209 1854 in
3243 1802 3464 1855 modum
3508 1799 3610 1855 ha-
3643 1809 3650 1814 '

2021 1897 2153 1953 bere
2199 1911 2260 1953 se
2318 1897 2500 1952 lumen
2561 1910 2688 1951 cum
2745 1893 3093 1959 astruxisset,
3159 1893 3350 1950 multis
3393 1894 3607 1964 probat,

2019 1991 2185 2046 etiam
2221 1989 2440 2045 visibile
2463 2003 2608 2053 esse,
2654 1987 2865 2044 addens
2911 1988 3139 2057 insuper
3183 1987 3614 2058 temperationes

2018 2081 2284 2151 quasdam
2339 2080 2481 2136 eﬂici
2530 2095 2592 2135 ac
2622 2081 3012 2151 permis-tiones
3039 2079 3202 2149 hujus
3234 2078 3462 2134 luminis
3486 2095 3614 2135 cum

2024 2173 2152 2237 illis,
2198 2173 2294 2242 qui
2341 2173 2478 2228 illud
2523 2172 2734 2238 vident,
2789 2186 2854 2227 ac
2893 2172 3130 2242 loquens
3161 2171 3233 2226 de
3271 2171 3376 2226 hoc
3407 2171 3614 2228 lumine

2023 2267 2075 2319 in
2112 2281 2221 2320 una
2245 2280 2316 2320 ex
2340 2266 2620 2335 praedictis
2657 2266 3022 2334 orationibus,
3071 2265 3149 2320 ait
3184 2283 3198 2319 :
3238 2283 3257 2318 ι
3298 2266 3479 2322 Untrm
3507 2276 3611 2320 est.

2020 2357 2244 2426 quando
2270 2372 2395 2414 cum
2443 2357 2665 2412 vidente
2695 2357 2776 2421 ﬁt,
2815 2355 2966 2410 aliud
2999 2354 3332 2425 quandoque
3374 2354 3614 2419 \idetnr,

2021 2449 2320 2519 aliquando
2347 2448 2403 2503 in
2444 2462 2648 2518 corpus
2695 2447 2963 2514 impetum
3006 2445 3160 2513 facit,
3208 2454 3265 2500 et
3291 2444 3422 2522 illud
3453 2445 3509 2498 in
3540 2446 3618 2502 al.-

2021 2541 2318 2596 titudinem
2347 2540 2684 2596 inell‘abilem
2716 2539 2939 2595 attollit.
2980 2537 3193 2593 Rursus
3232 2532 3368 2593 alias
3397 2539 3615 2606 corpori

2021 2647 2081 2687 se
2107 2633 2372 2702 adaptans
2407 2640 2465 2688 et
2500 2630 2942 2698 accommodans,
2981 2645 3046 2686 ac
3071 2628 3300 2700 proprio
3321 2629 3617 2698 splendore

2022 2725 2454 2791 communicato,
2510 2724 2601 2779 ubi
2632 2724 2804 2794 pacis,
2841 2723 3130 2777 charitatis
3185 2723 3622 2791 divina-que'vo-

2025 2817 2251 2887 luptatis
2293 2825 2350 2872 et
2414 2815 2876 2886 impassibilitatis
2908 2814 3130 2884 plenum
3186 2815 3454 2880 echccrit,
3486 2831 3620 2869 ocu-

2025 2909 2092 2964 lis
2118 2905 2422 2974 corporeis,
2454 2923 2487 2962 o
2508 2923 2624 2963 rem
2653 2907 2882 2964 miraml
2910 2908 3236 2978 percipitur.
3271 2927 3288 2960 ι
3320 2909 3387 2963 Ει
3411 2910 3463 2963 in
3489 2925 3617 2963 ora-

2026 3001 2198 3066 tione,
2263 2982 2423 3071 cujus
2496 2999 2740 3064 initium,
2803 2997 2998 3053 Merito
3052 3001 3216 3070 igitur
3253 3001 3444 3064 oratio,
3502 3001 3618 3054 lucc

2025 3093 2154 3148 ait:
2205 3111 2224 3144 ‹
2263 3092 2472 3146 Lumen
2509 3107 2654 3146 unus
2697 3089 2758 3144 ﬁt
2811 3090 3050 3160 Spiritus
3101 3092 3156 3144 in
3243 3092 3621 3161 speculatione

2025 3200 2153 3238 cum
2181 3184 2312 3250 illis,
2343 3186 2438 3254 qui
2478 3199 2578 3253 per
2613 3184 2881 3237 sinceram
2916 3184 3294 3253 precationem
3324 3184 3455 3237 illud
3482 3201 3618 3238 nan-

2025 3278 2335 3342 ciscuntur,
2383 3290 2506 3330 cum
2560 3274 2836 3336 videatur.
2873 3283 2930 3330 et
2978 3274 3047 3330 ab
3088 3274 3224 3344 ipsis
3263 3290 3374 3328 non
3406 3275 3620 3330 divitla-
3692 3295 3696 3299 ’

2027 3380 2140 3425 tur.
2191 3390 2210 3423 ι
2248 3371 2464 3424 Rursus
2496 3367 2551 3422 in
2597 3369 2790 3423 eadem
2827 3386 2839 3423 :
2881 3386 2898 3419 ‹
2935 3367 3134 3423 Sciunt
3182 3367 3407 3432 initiati,
3444 3379 3498 3423 et
3535 3384 3622 3423 as-

2023 3470 2218 3515 serunt
2258 3473 2580 3530 compagem
2639 3466 2887 3512 mutuam
2924 3499 2938 3522 ,
2981 3475 3089 3513 non
3135 3467 3346 3514 tantum
3390 3461 3622 3530 conjun-

2027 3554 2268 3607 ctionem
2312 3553 2502 3621 paucis
2550 3552 2883 3622 quihusdam
2958 3552 3210 3622 partibus
3258 3567 3313 3608 et
3360 3554 3623 3622 potentiis

2025 3643 2295 3714 praebere,
2333 3643 2432 3698 sed
2479 3643 2938 3698 inhabitationem
2971 3643 3200 3700 luminis
3244 3646 3452 3715 gratiae,
3499 3647 3620 3701 vel-

2028 3737 2108 3790 uti
2142 3734 2562 3806 permistionem
2597 3749 2723 3790 esse
2790 3749 2916 3789 cum
2947 3736 3129 3790 anima
3165 3737 3358 3790 miram
3393 3746 3450 3792 et
3490 3738 3627 3804 inef—

2029 3827 2484 3886 fabilemPorro
2506 3826 2830 3898 conjunctio
2863 3827 3130 3898 nuptialis
3158 3830 3479 3884 commercii
3503 3831 3627 3885 aliis

2032 3922 2254 3991 quidem
2290 3923 2463 3992 major
2494 3921 2736 3986 videtur,
2779 3923 2875 3984 sed
2911 3938 3094 3993 neque
3131 3926 3246 3993 ipsa
3279 3933 3364 3979 est
3395 3939 3626 3980 concrc-

2040 4012 2117 4066 tio
2155 4020 2211 4067 et
2270 4013 2558 4083 permistio
2581 4053 2594 4078 ,
2635 4014 2727 4068 sed
2761 4029 3058 4084 congressu
3092 4015 3354 4084 quodam,
3387 4030 3451 4070 ac
3481 4016 3629 4070 velut

2037 4105 2470 4176 agglutinatione
2508 4105 2745 4176 plurima
2799 4122 2974 4160 unum
3022 4106 3160 4162 ﬁunt
3204 4124 3218 4162 :
3253 4107 3426 4161 Erunt
3465 4111 3626 4172 enim,

2038 4197 2238 4266 inquit,
2264 4196 2367 4250 duo
2404 4198 2458 4251 in
2496 4213 2710 4253 carnem
2737 4215 2922 4262 unam,
2946 4208 3003 4254 et
3029 4213 3251 4255 carnem
3280 4201 3500 4270 quidem
3543 4216 3634 4256 so-

2035 4288 2166 4354 lam,
2201 4303 2307 4342 non
2335 4299 2612 4359 autemet
2660 4291 2941 4360 spiritum.
2987 4291 3083 4344 Dei
3135 4305 3268 4345 vero
3313 4292 3632 4363 eonjunctio

2036 4393 2163 4433 cum
2189 4379 2277 4444 iis,
2313 4379 2409 4449 qui
2442 4378 2592 4450 digni
2627 4379 2756 4434 facti
2803 4387 2954 4445 sunt,
3007 4394 3228 4434 omnem
3280 4380 3502 4434 modum
3538 4395 3634 4434 co-

1775 4491 1790 4529 :
1840 4473 2105 4530 nimirum
2164 4473 2400 4546 Spiritu,
2439 4484 2671 4531 cunctos
2738 4477 2972 4546 Spiritus
3032 4491 3206 4545 puros
3281 4477 3633 4545 praestantius

431 4663 777 4746 'Eﬂ'to‘tOls‘tctC
796 4660 1152 4732 ἐλεγχόμενος
1171 4659 1276 4713 ὑπὸ
1291 4661 1382 4712 τοῦ
1407 4660 1482 4712 Βα
1493 4660 1628 4730 ρλαὰ
1636 4679 1675 4731 μ
1702 4662 1910 4717 ἐκείνου

2115 4664 2190 4719 De
2225 4665 2312 4720 his
2347 4679 2477 4737 ergo
2520 4664 2889 4749 reprehensus
2939 4665 3008 4720 ab
3065 4667 3160 4721 illo
3217 4664 3486 4733 Barlaam,
3538 4669 3632 4738 qui

345 4757 442 4812 τοῦ
468 4762 561 4812 καὶ
590 4756 690 4828 τὴν
743 4756 920 4826 ἀρχὴν
976 4754 1140 4808 αὑτὸν
1190 4757 1567 4823 φωράσαντος,
1599 4754 1788 4824 σαφῶς
1838 4755 1937 4827 τὴν

346 4845 536 4902 οὐσίαν
550 4846 642 4900 τοῦ
674 4844 809 4897 Θεοῦ
835 4843 1037 4913 ὁρατὴν
1061 4843 1156 4896 καὶ
1182 4842 1454 4913 πνευστὴν
1481 4844 1936 4913 κατασκευάζων,

348 4939 633 5008 ὲκφεύγων
661 4938 824 5008 δῆθεν
852 4937 912 4988 τὸ
941 4936 1160 5002 ἄτοπον,
1193 4935 1398 5007 χείρονι
1429 4935 1588 5006 κακῷ
1611 4938 1938 5008 θεραπεύειν

348 5031 447 5101 τὴν
477 5031 688 5101 αἵρεσιν
732 5028 1076 5097 ἐπεχείρησε,
1111 5029 1206 5079 καὶ
1237 5029 1412 5098 τολμᾷ
1469 5029 1566 5097 τὴν
1615 5029 1937 5098 ὑπερούσιον

350 5122 585 5192 ὕπαρξιν
615 5119 710 5172 τοῦ
743 5119 878 5172 Θεοῦ
915 5120 1279 5189 πραγματικῇ
1323 5118 1592 5188 διακρίσει
1639 5121 1718 5183 είς
1743 5121 1932 5174 οὐσίαν

349 5217 444 5270 καὶ
469 5217 770 5285 ἐνέργειαν,
813 5213 1014 5281 μᾶλλον
1057 5210 1114 5262 δὲ
1167 5210 1446 5281 ἐνεργείας
1499 5211 1788 5267 διελέσθαι.
1823 5213 1932 5267 Καί

350 5323 514 5377 φησιν
540 5308 597 5358 ἐν
616 5318 722 5356 τινι
741 5303 850 5355 τῶν
876 5301 1182 5372 εἰρημένων
1205 5301 1400 5367 λόγων,
1433 5300 1516 5352 ὅτι
1539 5300 1697 5355 τοῦτο
1741 5302 1802 5354 τὺ
1819 5303 1936 5372 φῶς

318 5399 505 5469 ὀὐσίᾳ
546 5396 644 5466 μὲν
671 5394 807 5447 Θεοῦ
829 5394 928 5446 οὐκ
959 5393 1094 5445 ἐστι·
1132 5391 1227 5444 καὶ
1255 5392 1361 5462 γὰρ
1410 5393 1690 5460 ἀνέπαφος
1724 5394 1931 5467 ικείνη.

353 5489 581 5556 ἄγγελος
613 5488 712 5539 οὐκ
740 5485 856 5538 ἐστι
885 5501 900 5515 ο
925 5483 1280 5544 δεσποτικοὺς
1321 5483 1428 5552 γὰρ
1462 5484 1618 5553 φέρει
1649 5487 1930 5556 χαρακτῆ-

353 5599 476 5652 ρας.
532 5583 641 5634 Καὶ
687 5579 868 5643 πάλιν,
902 5576 977 5630 Τὸ
1010 5575 1125 5645 φῶς
1160 5574 1316 5626 τοῦτο
1347 5573 1550 5644 θεωρία
1605 5571 1675 5645 ἦν
1727 5577 1788 5630 οὐ
1829 5577 1930 5648 τῆς

353 5669 501 5735 θείας
523 5673 757 5741 φύσεως,
779 5669 912 5721 ἀλλὰ
936 5666 1034 5736 τῆς
1063 5665 1218 5734 δόξης
1242 5665 1339 5735 τῆς
1394 5664 1607 5731 φύσεως
1651 5667 1838 5734 αὐτοῦ,
1863 5670 1928 5739 ἣν

352 5766 448 5819 καὶ
485 5764 649 5816 ἔδωκε
677 5763 788 5824 τοῖς
821 5759 1090 5831 μαθηταῖς
1135 5760 1164 5809 ὁ
1217 5755 1440 5824 Κύριος,
1475 5759 1570 5812 καὶ
1623 5759 1692 5812 δι’
1746 5761 1926 5818 αὐτῶν

602 5829 876 5916 Panos.
918 5829 1036 5914 Gn’.
1078 5847 1285 5910 CLIV.

2040 4757 2206 4812 etiam
2235 4759 2304 4812 ab
2355 4758 2514 4812 initio
2536 4773 2662 4813 eum
2711 4757 2939 4822 detexit,
2988 4774 3110 4813 cum
3163 4759 3452 4814 manifeste
3499 4761 3635 4815 sub—

2041 4850 2300 4904 stantiam
2333 4851 2431 4905 Dei
2462 4850 2736 4906 visibilem
2773 4858 2828 4905 et
2865 4851 3181 4920 spirabilem
3243 4851 3632 4919 constitueret,

2039 4939 2292 4997 devitans
2319 4941 2580 4996 nimirum
2639 4941 2965 5006 absurdum,
2998 4940 3174 5012 pejori
3210 4943 3352 5016 malo
3381 4943 3635 4999 haeresim

2040 5046 2236 5088 curare
2269 5047 2562 5102 aggressus
2590 5043 2699 5095 est,
2725 5043 2889 5102 atque
2921 5034 3091 5088 audet
3125 5035 3637 5106 supersubstantia-

2039 5124 2146 5178 lem
2181 5115 2560 5180 exsiSIentiam
2603 5125 2700 5180 Dei
2754 5124 2887 5180 reali
2933 5126 3294 5184 distinctione
3348 5129 3404 5183 in
3448 5144 3632 5184 essen-

2038 5216 2171 5270 tiam
2208 5225 2286 5284 ~et
2317 5217 2876 5288 operationem,‘quin
2910 5221 3093 5290 potius
3114 5220 3464 5290 operationes
3497 5228 3638 5280 mul-

2038 5314 2122 5362 tas
2168 5307 2435 5365 dividere.
2474 5313 2674 5380 Atque.
2711 5311 2788 5364 ait
2835 5311 2888 5364 in
2939 5311 3174 5381 quadam
3245 5315 3634 5386 praedictarum
3674 5317 3676 5319 ’

2043 5397 2386 5466 orationum,
2419 5400 2523 5455 hoc
2552 5401 2743 5456 lumen
2789 5399 3154 5458 substantiam
3197 5402 3292 5460 Dei
3329 5422 3440 5462 non
3489 5424 3632 5473 esse,

2039 5491 2248 5544 etenim
2312 5490 2617 5571 intactilem
2661 5491 2814 5546 illam
2863 5507 3006 5558 esse,
3055 5496 3309 5566 angelum
3340 5513 3452 5552 non
3488 5514 3632 5566 esse,

2039 5581 2190 5651 quod
2251 5581 2456 5636 heriles
2523 5583 2869 5662 characteres
2939 5596 3112 5655 gerat.
3180 5608 3198 5640 ι
3258 5590 3324 5644 Ει
3377 5607 3634 5650 rursus:

2042 5690 2062 5724 ι
2105 5663 2318 5726 Lumen
2354 5672 2460 5727 hoc
2497 5673 2759 5728 intuitum
2811 5691 2956 5740 esse,
2999 5694 3107 5732 non
3164 5678 3363 5734 divinae
3402 5692 3632 5749 natum,

2033 5765 2129 5822 sed
2163 5764 2350 5832 gloria:
2381 5775 2593 5820 naturae
2634 5765 2777 5836 ejus,
2823 5783 2986 5837 quem
3025 5769 3194 5824 etiam
3251 5771 3399 5829 dedit
3445 5759 3630 5830 Domi:

3235 5865 3313 5925 27

2356 5945 2363 5950 η
2417 5933 2429 5956 ζ
2451 5916 2729 5958 .L‘d3.~..,‘.ck.
