4036 6498
418 444 533 509 843

1640 370 1643 375 ”
1702 410 2082 478 usus'run
2124 405 2440 471 cvnom
3341 415 3369 427 -

3585 378 3697 447 841.

416 564 539 611 ‘nus
566 544 876 619 discipulis,
920 555 984 597 ac
1013 552 1111 612 per
1143 536 1292 609 ipsos
1322 531 1475 589 dedit
1508 527 1765 585 omnibus
1798 525 1851 580 in
1879 537 2008 579 eum

2137 522 2252 574 ιᾶσι
2280 521 2394 581 τοῖς
2418 512 2766 569 πιστεύουσιν
2787 505 2956 574 αὐτῷ.
3000 502 3113 557 Kal
3148 499 3266 573 μετ’
3300 497 3458 565 όλίγα
3478 512 3492 526 ·
3527 495 3691 547 Ὥστε

2179 616 2189 619 -
2260 616 2285 619 -
2322 613 2333 619 -
2383 611 2404 619 Α
2548 607 2560 619 ι
2702 603 2715 619 ο
2863 588 3667 619 τηερε--.ιε-...--.τ-Δ.λ...-λρ

427 616 801 703 credentibus.
852 655 871 690 ι
918 634 984 690 Et
1028 640 1149 704 post
1184 642 1395 701 pauca:
1430 644 1447 677 ι
1476 623 1666 693 Itaque
1703 618 1870 675 etiam
1899 616 2003 669 hu-

427 751 604 795 mana;
660 742 868 788 natura:
932 725 1166 798 gloriam
1222 719 1373 776 dedit
1442 713 1683 775 deitatis,
1755 716 2005 765 naturam

423 845 556 889 vero
580 826 805 883 minime
832 841 846 879 :
875 818 1021 875 aliud
1052 831 1181 887 ergo
1207 818 1403 868 natura
1436 808 1554 873 Dei,
1586 816 1643 862 et
1686 803 1859 875 gloria
1889 801 2010 871 ejus

426 921 684 995 (naturae)
710 915 881 973 aliud.
909 911 1015 969 Sed
1048 906 1300 980 quamvis
1329 920 1359 959 a
1391 902 1577 959 divina
1631 908 1829 953 natura
1860 892 2009 950 aliud

408 1019 522 1081 sit,
558 1029 667 1068 non
698 1021 875 1079 tamen
907 1006 1051 1060 inter
1073 1000 1220 1057 entia
1253 991 1725 1053 connumeranda.
1769 1008 1787 1040 ι
1833 986 1899 1041 Et
1942 985 2010 1040 ad

430 1105 902 1165 conﬁrmationem
931 1108 1155 1151 suorum
1188 1100 1507 1145 sermonum
1568 1084 1741 1138 utitur
1779 1078 2008 1144 lumine,

429 1198 576 1269 quod
610 1195 709 1249 fuit
738 1192 790 1245 in
826 1182 1302 1254 transﬁguratione
1333 1175 1573 1233 Domini.

504 1288 682 1357 Atque
708 1284 775 1338 de
798 1282 904 1335 hoc
929 1277 1121 1333 eodem
1151 1271 1361 1328 lumine
1395 1266 1597 1323 similia
1629 1270 1817 1318 narrat
1842 1260 1895 1314 in
1932 1258 2015 1313 di-

429 1379 608 1436 versis
643 1374 758 1432 suis
786 1368 1149 1427 orationibus.
1202 1364 1325 1418 llaec
1373 1368 1557 1415 autem
1603 1365 1796 1427 postea
1838 1364 2011 1409 secta-

433 1484 578 1528 tores
601 1469 721 1537 ejus
762 1473 908 1519 tomo
959 1460 1107 1517 edito
1151 1454 1350 1517 secuti,
1377 1452 1445 1509 de
1488 1447 1844 1505 distinctione
1880 1443 2015 1499 sub-

429 1562 644 1620 stantia).
668 1556 763 1614 Dei
808 1563 865 1611 et
895 1550 1214 1623 operatione
1247 1547 1364 1601 hac
1402 1544 1582 1613 aiunt.

506 1652 621 1708 lloc
664 1648 897 1705 recitato
944 1638 1459 1699 honorandissimus
1497 1628 1914 1700 cbartopbylax,
1955 1639 2019 1680 ac

430 1756 722 1823 supremus
770 1735 1265 1812 philosophorum,
1326 1738 1386 1783 ut
1428 1725 1601 1782 moris
1634 1733 1717 1780 est
1758 1718 2019 1777 ecclesia-

352 1868 363 1877 η
432 1813 780 1906 ειὶοἰίοωρίι
822 1833 1163 1899 interrogare
1193 1833 1667 1891 unumquemque,
1718 1829 1884 1887 quam
1923 1813 2018 1867 ba-

2109 616 2204 669 xal
2222 616 2288 683 τῇ
2312 607 2630 682 ἀνθρωπίνῃ
2649 603 2806 673 φύσει
2825 600 2922 670 τὴν
2934 597 3092 663 δόξαν
3111 595 3279 649 ἔδωκε
3294 591 3395 662 τῆς
3415 588 3690 658 θεότητος,

2109 706 2209 776 τὴν
2238 677 2497 774 φῦσιν-δέ
2519 699 2603 752 οὐ.
2646 694 2811 750 Ἄλλο
2834 691 2943 761 ἄρα
2979 686 3141 758 φύσις
3167 682 3331 747 Θεοῦ,
3362 681 3456 735 καὶ
3500 679 3535 749 ἡ
3566 677 3695 741 δόξα

2109 771 2313 869 ταύτης
2350 797 2560 868 ἕτερον.
2604 790 2747 846 Ἀλλ’
2776 789 2825 842 εί
2851 784 3060 857 καὶτῆς
3096 780 3248 843 θείας
3271 776 3484 847 φύσεως
3507 771 3695 841 ἕτερόν

2109 892 2247 957 ἐστι,
2268 862 2395 950 ’τοῖς
2429 862 2581 939 οὖσιν
2632 882 2733 936 οὐκ
2769 879 2834 934 ἂν
2890 876 2978 944 είη
3029 872 3415 944 ἐναρίθμητος.
3469 864 3576 920 Kal
3604 862 3689 924 είς

2112 951 2459 1053 παραστασιν
2481 976 2591 1030 τῶν
2617 971 2872 1029 τοιούτων
2902 965 3067 1021 αὐτοῦ
3090 964 3289 1031 λόγων,
3338 953 3416 1028 τῷ
3467 954 3561 1009 ἐπὶ
3586 951 3693 1022 τῆς

2114 1050 2209 1129 τοῦ
2240 1071 2447 1142 Κυρίου
2481 1062 2962 1140 μεταμορφώσεως
2989 1057 3189 1130 χρῆται
3219 1050 3378 1123 φωτί.

2190 1252 2301 1307 Kal
2327 1250 2457 1320 περὶ
2488 1245 2582 1300 τοῦ
2612 1241 2780 1298 αὐτοῦ
2806 1240 2985 1311 φωτὸς
3024 1236 3094 1291 τὰ
3141 1236 3306 1306 ὃμοια
3342 1230 3591 1297 διέξεισιν
3642 1226 3700 1276 ἐν

2115 1318 2589 1415 διαφόροις-λόγοις
2614 1330 2991 1389 αὐτοῦ.Ταῦτα
3004 1330 3050 1382 δ’
3071 1326 3296 1396 ὕστερον
3313 1323 3362 1376 οἱ
3381 1318 3634 1390 αίρεσιῶτ
3646 1335 3704 1369 αι

2118 1408 2295 1490 αὐτοῦ.
2329 1431 2419 1486 διὰ
2459 1430 2650 1499 τόμον.
2690 1424 2828 1495 Ηερὶ
2874 1422 2974 1493 μὲν
3011 1417 3338 1487 διακρίσεως
3374 1412 3563 1474 οὐσίας
3602 1408 3701 1462 τοῦ

2117 1529 2253 1585 Θεοῦ
2271 1528 2364 1584 καὶ
2383 1521 2664 1595 ἐνεργείας
2696 1520 2825 1576 τάδε
2854 1516 3043 1588 φασίν.

2205 1616 2669 1690 Ἀναγνωσθέντος
2738 1611 2931 1677 τοῦδε,
2997 1608 3206 1680 ἧρξατο
3276 1605 3308 1659 δ
3373 1600 3702 1673 τιμιώτατος

2121 1711 2469 1789 χαρτοφύλαξ
2525 1709 2622 1764 καὶ
2677 1706 2887 1766 ὕπατος
2935 1704 3043 1758 τῶν
3100 1698 3408 1769 φιλοσόφων
3459 1694 3601 1748 κατὰ
3643 1693 3708 1745 rb

2122 1782 2581 1877 ἐκκλησιαστικὸν
2639 1797 2759 1862 ἔθος
2817 1794 3026 1864 ἐρωτᾷν
3085 1789 3338 1850 ἕκαστον,
3391 1784 3537 1845 ὅπως
3589 1782 3707 1851 εχει

434 1872 582 1906 num,
613 1872 780 1906 νων..
822 1872 1161 1899 ....ν..ν,,...-
1196 1872 1569 1891 ---ηἺ---ητ
1737 1872 1755 1887 ,

434 1936 559 1988 beat
590 1926 916 1985 sententiam
949 1923 1017 1978 de
1060 1920 1146 1975 bis
1188 1913 1516 1988 dogmaticis
1545 1907 1841 1980 capitibus,
1893 1917 2016 1974 quae

2137 1872 2352 1968 γνώμης
2382 1890 2642 1964 περὶτῶν
2671 1887 2813 1944 κατὰ
2836 1886 2999 1957 μέρος
3024 1878 3364 1950 λαληθέντων
3405 1875 3498 1928 καὶ
3522 1872 3710 1937 ἐξετα-

434 2040 536 2095 per
559 2020 773 2092 singula
798 2014 1044 2073 membra
1084 2011 1233 2068 dicta
1259 2014 1390 2065 sunt
1415 2014 1580 2074 atque
1634 1999 1881 2055 discussa
1915 2011 1932 2053 :
1965 2004 2022 2049 et

434 2128 637 2171 omnes
671 2125 782 2166 uno
814 2123 933 2171 ore,
977 2114 1231 2174 tanquam
1262 2112 1374 2155 uno
1414 2095 1613 2167 spiritu
1642 2089 1879 2154 incitati,
1910 2087 2021 2142 Deo

438 2399 589 2454 sunt,
620 2387 903 2455 theologos
937 2378 1135 2441 secuti,
1170 2377 1585 2441 increatamque
1616 2367 1859 2422 divinam
1895 2375 2025 2431 opo-

440 2479 739 2543 rationem,
778 2465 1246 2544 quemadmodum
1273 2475 1405 2518 sane
1431 2467 1488 2514 et
1513 2456 1876 2513 substantiam
1906 2464 2020 2503 am-

440 2570 645 2645 pietati
688 2576 840 2623 sunt.
876 2564 945 2618 Et
982 2574 1180 2617 rursus
1215 2558 1269 2613 in
1324 2553 1515 2610 eodem
1570 2561 1719 2605 tomo
1769 2564 1783 2600 :
1832 2544 1948 2599 Nos
1994 2556 2024 2595 a

443 2664 619 2721 sacris
675 2655 984 2728 Scripturis
1043 2650 1225 2709 edocti
1286 2661 1498 2710 sumus,
1562 2649 1619 2697 et
1667 2636 2024 2695 substantiam

443 2754 652 2810 habere
679 2750 875 2810 Deum,
915 2753 971 2799 et
1006 2742 1307 2813 potentiam
1373 2744 1537 2804 atque
1571 2728 1944 2795 operationem
1997 2738 2029 2776 a

444 2846 629 2903 divina
689 2836 993 2900 substantia
1020 2832 1404 2893 diﬁ‘erentem;
1449 2826 1560 2880 imo
1600 2835 1729 2877 vero
1756 2814 2030 2888 potentias

446 2947 503 2994 et
527 2931 903 3007 operationes.
958 2924 1033 2980 De
1082 2921 1292 2978 lumine
1348 2931 1481 2972 vero
1536 2904 2030 2981 transﬁgurationis

449 3036 638 3100 postea
691 3020 980 3094 qua'situm
1028 3024 1139 3071 cst.
1176 3012 1459 3075 Dixerunt,
1501 3016 1779 3061 ostensum
1820 3012 1943 3055 esse
1998 3010 2029 3050 ιι

446 3118 654 3179 sanctis
717 3116 1025 3169 increatum
1090 3120 1211 3171 esse
1262 3104 1448 3157 lumen
1539 3089 2031 3164 transﬁgurationls

448 3210 690 3274 Domini,
724 3214 781 3262 et
819 3202 955 3260 illud
1003 3214 1113 3255 non
1164 3210 1285 3251 esse
1339 3188 1704 3247 substantiam
1743 3184 1863 3254 ejus
1913 3199 1927 3234 :
1977 3184 2033 3232 et

2130 1965 2367 2048 σθέντων
2422 1980 2769 2056 δογματικῶν
2829 1973 3162 2046 κεφαλαίων.
3215 1971 3324 2024 Kal
3373 1966 3571 2024 πάντες
3624 1965 3712 2016 ἑνὶ

2132 2084 2363 2153 στόματι
2392 2080 2467 2142 ὡς
2497 2053 2571 2141 te
2603 2074 2721 2136 ἐνὸς
2764 2067 3077 2139 κινούμενοι
3113 2062 3419 2132 πνεύματος
3449 2058 3584 2128 μετὰ
3609 2053 3712 2109 τοῦ

2129 2151 2413 2249 ἡνωμένου
2438 2169 2538 2226 καὶ
2577 2167 2857 2237 θεοπρεπῆ
2881 2162 3147 2230 διάκρισιν
3175 2156 3277 2227 τῆς
3321 2154 3471 2215 θείας
3520 2151 3713 2213 οὐσίας

2134 2240 2229 2323 καὶ
2252 2240 2544 2337 ἐνεργείας
2579 2257 2830 2329 φανερῶς
2868 2253 3227 2324 ὡμολόγησαν
3282 2248 3397 2309 τοῖς
3438 2240 3716 2308 θεολόγοις

2134 2334 2394 2428 ἑπόμενοι
2456 2351 2715 2408 ἄκτιστόν
2775 2364 2836 2402 τε
2864 2345 2962 2417 τὴν
3020 2343 3172 2397 θείαν
3202 2339 3505 2410 ἐνέργειαν,
3567 2334 3716 2387 καθὰ

2132 2425 2270 2521 δῆτα
2292 2448 2386 2501 καὶ
2419 2447 2518 2517 τὴν
2560 2441 2750 2497 οὐσίαν
2814 2436 3102 2507 ἔστερξαν.
3160 2431 3271 2488 Kal
3329 2429 3491 2484 πάλιν
3532 2428 3587 2479 ἐν
3633 2425 3715 2492 τῷ

2134 2517 2281 2613 αὐτῷ
2302 2557 2315 2571 ·
2356 2541 2545 2610 Ἡμεῖς
2569 2536 2627 2591 δὲ
2648 2532 2798 2604 παρὰ
2822 2530 2931 2584 τῶν
2956 2528 3126 2598 ἁγίων
3171 2520 3525 2592 ἐδιδάχθημεν
3572 2517 3716 2587 Γρα-

2136 2609 2266 2706 φῶνν
2305 2634 2399 2687 καὶ
2431 2609 2644 2685 οὐσίαν
2695 2626 2840 2698 ἔχειν
2890 2624 2984 2678 τὸν
3033 2622 3189 2685 Θεὸν,
3228 2618 3319 2671 καὶ
3346 2614 3570 2682 δύναμιν
3618 2609 3713 2662 καὶ

2136 2704 2417 2800 ἐνέργειαν
2446 2727 2546 2795 τῆς
2595 2721 2744 2785 θείας
2778 2717 2969 2781 οὐσίας
3000 2713 3365 2783 διαφέρουσαν
3388 2720 3400 2737 ⁸
3432 2705 3632 2778 μᾶλλον
3654 2704 3714 2756 δὲ

2137 2797 2242 2877 καί
2263 2818 2521 2890 δυνάμεις
2543 2815 2639 2869 καὶ
2661 2811 2969 2883 ἐνεργείας.
3024 2806 3160 2876 Περὶ
3184 2805 3239 2857 δὲ
3276 2801 3373 2858 τοῦ
3418 2799 3588 2869 φωτὸς
3610 2797 3711 2863 τῆς

2141 2909 2623 2985 μεταμορφώσεως
2658 2907 2795 2977 μετὰ
2815 2901 2973 2955 τοῦτο
2999 2893 3258 2969 ἐζητήθη.
3281 2895 3418 2948 Φασὶ
3436 2892 3713 2960 δειχθῆναι

2139 2982 2297 3077 παρὰί
2318 3003 2428 3059 τῶν
2457 3000 2628 3070 ἁγίων
2646 2999 2730 3051 ὅτι
2747 2992 3002 3051 ᾶκτιστόν
3027 2993 3142 3044 ἐστι
3186 2989 3245 3043 τὸ
3267 2989 3366 3057 τῆς
3389 2984 3480 3039 τοῦ
3510 2982 3713 3052 Κυρίου

2144 3093 2623 3171 μεταμορφώσεως
2650 3089 2792 3159 φῶς,
2823 3089 2918 3141 καὶ
2940 3084 3021 3139 ὅτι
3051 3084 3151 3137 οὐκ
3180 3084 3297 3135 ἐστι
3320 3080 3477 3133 τοῦτο
3508 3076 3713 3148 ἡούσία

2138 3167 2233 3244 τοῦ
2263 3167 2397 3243 Θεοῦ
2419 3203 2433 3218 ·
2468 3185 2561 3239 καὶ
2599 3181 2803 3242 πάντες
2826 3177 3012 3248 σχεδὸν
3049 3170 3225 3240 εἶπον,
3260 3172 3341 3227 ὅτι
3398 3167 3713 3238 ἀπεδείχθη,

448 3318 641 3363 omnes
668 3300 840 3357 ierme
872 3295 1155 3355 dixerunt,
1197 3288 1633 3342 demonstratum
1672 3289 1816 3333 esse.
1871 3273 1935 3326 Et
1979 3270 2032 3324 in

2140 3283 2235 3338 καὶ
2264 3283 2324 3336 ἐν
2356 3283 2469 3343 τοῖς
2499 3273 2964 3345 ὰναθεματισμοῖς
2988 3265 3070 3333 οἷς
3112 3265 3356 3332 ἐξέθεντο
3414 3263 3551 3317 κατὰ
3602 3262 3715 3313 τῶν

449 3385 945 3452 anathematismis,
994 3395 1132 3452 quos
1170 3374 1463 3432 ediderunt
1511 3378 1710 3425 contra
1773 3378 1887 3425 eos,
1941 3360 2032 3430 qui

2140 3377 2219 3443 μη
2249 3368 2590 3440 πειθομένων
2612 3366 2732 3427 ταῖς
2773 3359 3143 3433 βλασφημίαις
3174 3356 3379 3422 αὐτῶν,
3404 3355 3460 3406 ἐν
3503 3346 3585 3414 οἷς
3618 3350 3715 3403 καὶ

451 3504 561 3547 non
610 3482 988 3539 adducuntur,
1039 3479 1101 3527 ut
1132 3467 1359 3524 credant
1404 3476 1597 3519 eorum
1645 3454 2032 3526 blaSphemias,

2137 3442 2363 3523 ἑαυτοὺς
2413 3455 2885 3527 ἀνακηρύττουσι,
2932 3450 3059 3505 τάδε
3112 3448 3274 3519 φασίν
3312 3445 3432 3498 Τῶν
3455 3442 3715 3510 λεγόντων

453 3581 547 3636 ubi
588 3576 802 3645 seipsos
859 3563 1135 3641 praeconio
1190 3560 1490 3620 celebrant,
1552 3553 1669 3607 haec
1711 3548 1909 3602 aiunt:
1944 3545 2032 3609 lis,

2139 3553 2391 3625 προῖέναι
2422 3550 2522 3621 μέν
2547 3547 2647 3618 τὴν
2666 3545 2816 3601 θείαν
2832 3545 3107 3614 ἐνέργειαν
3122 3540 3189 3593 ἐκ
3208 3539 3304 3609 τῆς
3329 3537 3478 3600 θείας
3503 3534 3710 3595 οὐσίας,

456 3625 547 3636 “”⁴”
588 3625 796 3645 "'I'"‘
860 3625 877 3641 ι

454 3670 549 3742 qui
585 3668 781 3723 dicunt
806 3660 1048 3716 divinam
1075 3651 1451 3725 operationem
1482 3639 1778 3716 provenire
1816 3634 2032 3707 quidem

2139 3643 2393 3716 προϊέναι
2437 3640 2495 3694 δὲ
2526 3637 2868 3708 ἀδιαιρέτως,
2918 3633 3011 3687 διὰ
3064 3632 3163 3701 μὲν
3191 3628 3285 3683 τοῦ
3349 3627 3590 3699 προϊέναι
3614 3625 3715 3692 τὴν

457 3719 549 3742 1"-
592 3719 670 3723 --τ
1113 3719 1131 3725 -

455 3778 523 3817 ex
556 3759 741 3814 divina
773 3750 1103 3813 substantia,
1135 3740 1428 3816 provenire
1462 3749 1593 3791 vero
1640 3725 2032 3799 inseparabili-

2138 3737 2452 3808 ἀπόρρητον
2482 3733 2755 3804 διάκρισιν
2784 3726 3200 3800 παριστώντων,
3221 3723 3309 3778 διὰ
3332 3723 3389 3777 δὲ
3412 3720 3505 3774 τοῦ
3542 3719 3714 3773 ἀδιαι-

436 3830 564 3918 Διον,
598 3863 726 3905 eum
755 3861 853 3917 per
904 3841 1037 3898 illud
1084 3831 1421 3909 (provenire)
1457 3822 1794 3880 ineffabilem
1842 3816 2039 3872 distin-

458 3947 700 4001 ctionem
727 3909 1062 4011 signiﬁcent,
1102 3944 1200 4001 per
1228 3926 1376 3981 illam
1420 3932 1550 3973 vero
1578 3913 1905 3986 particulam
1936 3909 2041 3980 (in-

459 4027 865 4108 separabiliter)
927 4020 1310 4082 admirandam
1366 4007 1810 4081 conjunctionem
1861 4012 2043 4057 osten-

460 4128 612 4191 dant,
644 4133 849 4180 mterna
881 4120 953 4174 sit
991 4112 1279 4172 memoria.

529 4190 607 4273 Et
639 4216 707 4271 de
744 4212 952 4267 lumine
987 4208 1076 4272 iis,
1107 4205 1279 4268 aiunt,
1311 4203 1402 4273 qui
1450 4197 1783 4256 conﬁtentur
1832 4190 2041 4249 lumen,

2143 3830 2315 3900 ρέτως
2371 3824 2630 3895 ὑπερφυᾶ
2691 3819 3017 3876 δεικνύντων
3070 3817 3167 3887 τὴν
3201 3814 3414 3879 ἐνωσιν,
3456 3810 3647 3865 αίωνίλ
3678 3810 3713 3877 ἡ

2144 3919 2251 3991 μνή
2262 3936 2359 3991 μηο

2213 4187 2326 4245 Kal
2357 4188 2485 4260 περὶ⁸
2533 4184 2629 4239 τοῦ
2683 4182 2896 4253 φωτὸς,
2928 4180 3036 4234 τῶν
3089 4174 3514 4248 ὁμολογούντων,
3565 4170 3717 4242 φασὶ,

461 4305 607 4380 quod
634 4300 979 4375 resplenduit
1012 4261 1368 4353 itieﬁ‘abiliter
1410 4291 1467 4345 in
1499 4296 1685 4343 monte
1744 4278 2032 4349 transﬁgu-

2143 4281 2205 4336 τὸ
2225 4277 2512 4348 ἐκλάμψαν
2541 4264 2871 4345 ἀπορρήτως
2893 4271 3009 4341 φῶς
3036 4268 3130 4321 ἐπὶ
3151 4266 3246 4321 τοῦ
3268 4264 3428 4337 ὅρους
3476 4263 3591 4331 τῆς·
3626 4261 3749 4315 τοῦΧ

2146 4375 2186 4380 --
2278 4369 2290 4380 ι
2700 4363 2712 4380 Ι
2927 4379 2946 4380 η
2969 4362 2993 4373 -ο
3023 4379 3031 4380 ,
3081 4362 3149 4380 ι-
3193 4359 3367 4380 ι..μ----
3419 4351 3551 4380 -ἵ¹.....
3624 4353 3719 4380 υ-ὶ

462 4351 607 4380 ηπ..
636 4351 976 4375 .--,----____
1015 4351 1026 4353 ν

462 4399 694 4457 rationis
746 4392 987 4456 Domini,
1022 4391 1209 4446 lumen
1251 4400 1372 4442 esse
1417 4376 1819 4439 inaccessibile,
1852 4373 2032 4427 lumen

2146 4369 2352 4442 Κυρίου
2389 4363 2891 4439 μεταμορφώσεως,
2918 4362 3033 4430 φῶς
3072 4359 3367 4430 ἀπρόσιτον
3417 4351 3576 4420 εἶναι,
3624 4353 3724 4406 καὶ

462 4496 814 4552 immensum,
837 4493 895 4540 ct
928 4481 1258 4537 cﬂusionem
1291 4470 1833 4539 in‘eircumseriptam
1869 4459 2032 4518 divini

2148 4463 2264 4534 φῶς
2292 4458 2542 4524 ἄπλετον,
2574 4460 2668 4511 καὶ
2709 4456 2867 4527 χύσιν
2896 4452 3277 4524 ἁπεριόριστον
3302 4450 3452 4513 θείας
3504 4446 3725 4517 αίγλης,

465 4581 796 4657 splendoris,
848 4584 907 4633 et
967 4572 1138 4645 gloria
1198 4568 1552 4661 ineffabilem,
1624 4538 1699 4618 ac,
1740 4553 2032 4616 divinitati:

2151 4554 2246 4608 καὶ
2274 4552 2429 4616 δόξαν
2455 4548 2784 4619 ἀπόρρητον,
2817 4545 2915 4600 καὶ
2940 4544 3199 4614 θεότητος
3240 4539 3397 4607 δόξαν
3429 4538 3725 4610 ὑπερτελῆ,

2154 4647 2218 4661 uo
2257 4646 2281 4657 —
2330 4642 2450 4661 9",,
2477 4659 2483 4661 .
2510 4642 2595 4661 --.Α
2636 4638 2913 4661 n-.-_\-!.._-
2946 4636 3078 4661 n-_:
3132 4635 3221 4661 ...Α
3257 4632 3448 4661 ...ιῖὶρρ
3475 4632 3724 4661 λῖυιὶιηὲυ

466 4632 774 4735 claritatem
828 4671 955 4742 plus
994 4680 1159 4738 quam
1204 4641 1527 4734 perfectam,
1558 4656 1681 4712 ﬁliis
1712 4651 1965 4725 gloriam,
1993 4656 2032 4701 e1

2154 4646 2286 4699 Υίοῦ
2318 4642 2484 4708 ,δόξαν
2508 4642 2604 4695 καὶ
2635 4638 2914 4711 βασιλείαν
2946 4636 3101 4702 Θεοῦ,
3132 4635 3227 4688 καὶ
3257 4632 3448 4695 καλλος
3475 4632 3724 4701 ἁληθινὶν

469 4717 774 4735 νου-...ων
831 4717 952 4742 τη-
1000 4717 1066 4738 γ
1206 4717 1266 4734 Γ
1343 4717 1380 4718 η
1512 4717 1526 4728 ,
1712 4717 1741 4725 _

469 4771 566 4828 Dei
603 4780 857 4839 regnum,
915 4757 1504 4832 pulchritudinemque
1558 4761 1764 4811 veram,
1800 4753 1963 4812 atque
1990 4740 2032 4794 ir

2152 4734 2247 4790 καὶ
2289 4733 2553 4804 ἐράσμιον
2578 4730 2710 4799 περὶ
2755 4727 2855 4798 τὴν
2886 4726 3037 4781 θείαν
3062 4724 3157 4777 καὶ
3211 4721 3486 4793 μακαρίαν
3543 4717 3723 4787 φύσιν.

2224 4830 2235 4839 ι
2451 4824 2461 4839 ι
2545 4822 2631 4839 ουρ
2730 4820 2789 4839 n,
2834 4820 2859 4831 ~
2928 4819 3015 4839 ---Α
3079 4816 3329 4839 n-1_..---
3389 4811 3596 4839 η..-,.λ-
3635 4812 3721 4839 νηὶ

470 4862 559 4917 sui
590 4872 832 4914 amorem
866 4852 1223 4914 allicientem,
1248 4848 1393 4901 circa
1442 4841 1684 4898 divinam
1718 4846 1774 4893 et
1832 4837 2047 4891 beatam

466 4954 621 5008 illam
681 4939 977 5009 naturam,
1035 4951 1092 4996 et
1152 4936 1461 4993 naturalem
1516 4933 1747 5004 gloriam
1804 4926 1939 4990 Dei,
1985 4938 2049 4979 ac

472 5040 695 5098 deitatis
734 5035 932 5101 Patris,
987 5042 1041 5088 et
1070 5029 1309 5100 Spiritus
1343 5025 1399 5078 in
1428 5014 1724 5093 Unigenito
1753 5031 2051 5073 coruscan-

475 5142 607 5199 tem,
628 5140 685 5186 et
724 5135 1013 5199 propterea
1045 5119 1383 5182 existimant,
1407 5115 1713 5169 increatum
1737 5105 2051 5179 bujusmodi

474 5228 683 5290 lumen,
702 5228 822 5277 'non
865 5227 1047 5273 tamen
1090 5218 1499 5270 asseruntﬁsse
1546 5201 2053 5274 supersubstantia-

468 5315 585 5375 lem
639 5315 739 5371 Dei
796 5304 1184 5370 substantiam,
1240 5311 1505 5371 tanquam
1559 5298 1656 5351 illa
1708 5295 1930 5367 penitus
1980 5295 2054 5350 sit

478 5407 779 5467 invisibilis
816 5411 897 5458 σει
936 5393 1437 5469 imparticipabilis,
1488 5389 1683 5447 dicunt
1714 5403 1844 5444 vero
1869 5387 2055 5458 potius

479 5504 586 5559 hoc
622 5499 807 5555 lumen
833 5508 953 5551 esse
976 5488 1204 5562 gloriam
1236 5478 1780 5557 supe’rsubstantialis
1803 5481 2057 5559 substan-

480 5593 594 5658 ιίω,
624 5587 695 5644 ab
725 5594 789 5641 ea
811 5558 1253 5655 proﬁciscentem
1300 5572 1766 5645 inseparabiliter,
1795 5558 1959 5642 atque
1996 5586 2055 5628 se

483 5679 865 5741 ostendentem
920 5682 1103 5730 mente
1154 5669 1399 5744 purgatis
1439 5682 1539 5736 pro
1564 5681 1661 5723 sua
1694 5665 2056 5736 benignitate,

486 5788 609 5831 eum
648 5784 753 5842 qua
788 5768 959 5840 gloria
998 5765 1263 5822 Dominus
1297 5770 1485 5817 noster
1525 5768 1579 5815 et
1610 5759 1756 5814 Deus
1788 5766 2059 5813 venturus

490 5876 574 5921 est
604 5860 850 5919 secundo
882 5874 983 5917 suo
1013 5867 1178 5930 atque
1217 5848 1502 5910 tremendo
1528 5848 1791 5917 adventu,
1811 5845 2060 5917 judicare

495 5960 645 6016 vivos
675 5965 729 6013 et
752 5962 1020 6025 mortuos,
1053 5961 1258 6009 aeterna
1288 5951 1361 6009 sit
1385 5940 1669 6001 memoria.

2154 4830 2247 4882 καὶ
2274 4824 2510 4894 φυσικὴν
2541 4822 2699 4886 δόξαν
2729 4820 2886 4884 Θεοῦ,
2928 4819 3023 4872 καὶ
3079 4816 3329 4885 θεότητος
3389 4811 3596 4881 Πατρός
3635 4812 3729 4860 xal
3775 4812 3782 4819 '

2155 4908 2473 4990 Πνεύματος
2509 4919 2565 4969 ἐν
2617 4914 2733 4984 Υίῷ
2786 4909 3065 4982 μονογενεῖ
3092 4904 3605 4975 ἀπσστράπτουσαν,
3634 4900 3728 4951 καὶ

2154 5013 2240 5068 διὰ
2269 5009 2441 5065 ταῦτα
2469 5008 2724 5062 ἄκτιστον
2747 5003 3075 5068 δοξαζόντων
3120 5000 3181 5053 τὸ
3211 4996 3450 5050 τοιοῦτον
3481 4992 3614 5061 φῶς,
3654 4990 3726 5058 μὴ

2160 5106 2348 5177 μέντοι
2379 5117 2442 5171 γε
2474 5098 2608 5153 αὐτὸ
2637 5092 2778 5151 εἶναι
2826 5092 3092 5163 λεγόντων
3139 5090 3239 5161 τὴν
3276 5083 3598 5156 ὐπερούσιον
3635 5079 3726 5133 τοῦ

2156 5195 2292 5251 Θεοῦ
2317 5193 2527 5259 οὐσίαν,
2556 5190 2632 5252 ὡς
2690 5188 2905 5256 ἐκείνης
2966 5182 3197 5253 ἀοράτου
3249 5178 3579 5238 παντάπασι,
3637 5174 3727 5224 καὶ

2160 5285 2475 5359 ἁμεθέκτου
2536 5280 2831 5353 μενούσης,
2880 5275 3037 5341 δόξαν
3086 5273 3145 5327 δέ
3200 5271 3401 5341 μᾶλλον
3465 5267 3727 5334 λεγόντων

2157 5379 2316 5435 τοῦτο
2351 5374 2589 5449 φυσικὴν
2628 5376 2725 5443 τῆς
2778 5366 3103 5440 ὐπερουσίου
3151 5363 3363 5427 οὐσίας,
3394 5360 3453 5426 ἐξ
3518 5358 3726 5427 ἐκείνης

2158 5471 2463 5546 προϊοῦσαν
2520 5467 2865 5538 ἁδιαιρέτως,
2917 5463 3014 5516 καὶ
3047 5455 3475 5527 ἐπιφαινομένην
3496 5453 3581 5507 διὰ
3609 5451 3726 5520 φιλ-

2159 5543 2475 5636 ανθρωπίαν
2505 5559 2642 5615 Θεοῦ
2664 5561 2772 5621 τοῖς
2796 5553 3231 5625 κεκαθαρμένοις
3255 5551 3346 5604 τὸν
3406 5547 3549 5612 νοῦν,
3614 5543 3729 5614 μεθ’

2160 5654 2226 5731 ἧς
2255 5655 2414 5727 δόξης
2440 5657 2468 5709 ό
2495 5652 2700 5723 Κύριος
2722 5650 2880 5722 ἡμῶν
2917 5648 3012 5703 καὶ
3071 5644 3203 5709 Θεὸς
3256 5642 3378 5714 ἥξει
3439 5639 3579 5694 κατὰ
3635 5637 3729 5706 τὴν

2162 5747 2425 5817 δευτέραν
2478 5742 2645 5801 αὐτοῦ
2707 5741 2803 5795 καὶ
2868 5738 3102 5810 φρικτὴν
3155 5731 3460 5805 παρουσίαν
3538 5727 3729 5802 κρίκων

2166 5839 2378 5906 ζῶντας
2404 5837 2500 5894 καὶ
2532 5836 2784 5908 νεκροὺς,
2812 5829 3004 5889 αίωνία
3037 5830 3073 5899 ή
3106 5826 3314 5899 μνῄμη.
