4036 6454
418 366 569 443 847,

1700 358 2077 419 DEMETRII
2125 361 2441 421 CYDONII

3589 362 3699 429 848

410 493 565 537 ιοιιιο
596 478 965 535 communiter
995 490 1188 531 omnes
1213 474 1385 540 aiunt,
1419 492 1436 525 ι
1468 472 1641 529 Unam
1671 473 1836 544 igitur
1866 473 1989 528 liam

2119 495 2137 526 ι
2172 475 2267 528 Ἐν
2293 475 2392 546 μὲν
2428 475 2492 547 δὴ
2526 474 2682 529 τοῦτο
2721 476 2813 530 καὶ
2845 476 3059 545 πρῶτον
3082 475 3283 547 κυρίως
3312 476 3377 531 ἀν
3420 493 3501 537 τις
3560 478 3700 549 φαίη

410 586 469 628 ct
506 575 839 643 praecipuam
879 569 1100 641 proprie
1129 568 1337 622 dixerit
1371 566 1571 636 aliquis
1593 565 1737 620 inter
1758 564 1999 620 divinam

415 664 779 720 substantiam
827 670 883 717 et
935 661 1180 716 divinam
1234 658 1617 730 operationem
1686 656 2001 712 distinctioc-

416 760 502 815 Lis
551 756 811 828 speciem,
842 753 1107 809 nimirum
1157 752 1460 809 secundum
1511 766 1731 807 causam
1775 760 1831 806 et
1875 765 2001 806 cau-

412 863 647 907 ειιιιιιη.»
1585 901 1589 904 .

481 944 718 1011 Quintus
746 940 943 996 modus
978 958 990 995 :
1026 937 1193 993 Aiunt
1221 936 1582 993 substantiam
1624 936 1847 1008 quidem
1876 951 2002 1007 pro-

416 1039 535 1109 prie
600 1052 708 1090 non
766 1032 873 1089 dici
918 1031 1210 1095 Deitatem,
1273 1028 1369 1084 sed
1408 1028 1574 1083 etiam
1620 1029 1667 1084 si
1723 1028 2001 1084 diceretur

345 1160 359 1175 ι
415 1112 621 1193 υιιὶιίιέ,
674 1122 1095 1196 supereminens
1141 1122 1370 1188 dicitur,
1433 1127 1852 1192 operatiO'vero
1880 1136 2001 1191 pro-

418 1222 535 1293 prie
567 1230 653 1275 est
682 1219 889 1281 Deitas,
914 1226 970 1271 et
995 1214 1207 1269 inﬁnite
1248 1214 1515 1269 inﬁnities
1561 1213 1791 1269 remissa
1817 1213 2001 1269 Deitas

412 1314 489 1385 (id
518 1323 604 1368 est
630 1310 903 1379 inferior).
924 1307 1083 1365 Unde
1109 1321 1233 1362 cum
1263 1307 1449 1361 multa:
1486 1306 1597 1360 sint
1640 1314 1805 1376 atque
1837 1307 2001 1361 innu-

407 1423 570 1463 merae
598 1403 950 1474 operationes
981 1400 1081 1455 Dei
1110 1400 1391 1464 increatae,
1415 1386 1600 1454 multae
1629 1414 1849 1469 quoque
1884 1400 2001 1455 dei-

408 1511 545 1555 tates
568 1504 696 1552 sunt
748 1503 913 1564 atque
954 1476 1281 1547 innumerae.
1311 1491 1377 1544 Et
1416 1491 1663 1545 Palamas
1691 1490 1909 1561 quidem
1943 1491 1999 1544 in

402 1590 629 1663 epistola
659 1587 727 1643 ad
762 1584 1104 1654 Acindynum
1135 1623 1150 1648 ,
1178 1600 1199 1635 ι
1231 1582 1329 1638 Est
1360 1582 1551 1653 igitur,
1592 1583 1794 1652 inquit,
1826 1582 2001 1638 deitas

403 1683 635 1739 remissa
687 1679 896 1735 donum
947 1676 1218 1733 exsistens
1254 1672 1478 1730 deitatis
1508 1674 1996 1744 supercminentis,

402 1790 506 1829 nec
532 1781 745 1827 tantum
772 1769 969 1833 deitas,
996 1766 1091 1823 sed
1112 1767 1349 1820 increata
1376 1763 1578 1829 deitas,
1610 1775 1662 1819 et
1691 1765 1831 1819 ultra
1857 1766 1999 1820 hanc

2108 569 2206 638 τῆς
2229 585 2285 621 τε
2315 568 2465 632 θείας
2487 568 2672 631 οὑσίας
2713 570 2806 621 καὶ
2849 568 2999 630 θείας
3047 569 3327 639 ἐνεργείας
3372 568 3698 642 διακρίσεως

2113 656 2279 727 εἶδος,
2312 662 2370 715 τὸ
2396 659 2517 715 κατ’
2552 662 2725 715 αἴτιον
2742 661 2943 734 δηλαδὴ
2974 662 3066 714 καὶ
3090 661 3355 717 αἰτιατόν.
3384 680 3402 713 9

2178 928 2437 999 Πέμπτος
2474 928 2700 999 τρόπος,
2741 929 2824 982 ὃτι
2877 930 3012 1000 φασὶ
3060 930 3161 1001 τὴν
3210 928 3313 999 μὲν
3370 929 3560 983 οὐσίαν
3618 932 3699 1001 μὴ

2109 1020 2317 1089 κυρίως
2366 1019 2625 1088 λέγεσθαι
2662 1022 2918 1090 θεότητα,
2953 1020 3071 1074 ἀλλ’
3119 1023 3166 1075 εί
3202 1021 3300 1075 καὶ
3333 1020 3544 1089 λέγοιτο
3573 1022 3696 1075 θεό-

2105 1131 2226 1183 της,
2271 1114 2645 1183 ὑπερκειμένη
2686 1113 2905 1183 λέγεται
2935 1116 3017 1184 ’ἡ
3066 1114 3122 1168 δὲ
3184 1115 3441 1186 ἐνέργεια
3486 1116 3699 1186 κυρίως

2103 1204 2165 1257 τέ
2208 1204 2327 1257 ὲστι
2380 1202 2593 1274 θεότης,
2642 1206 2737 1260 καὶ
2790 1204 3060 1275 ὑφειμένη
3111 1205 3357 1277 ἀπείρως
3395 1208 3695 1280 ἀπειράκις

2106 1297 2276 1362 ἐστὶν,
2311 1295 2436 1350 ὅθεν
2464 1298 2556 1349 καὶ
2596 1297 2721 1351 ἐπεὶ
2768 1296 2966 1350 πολλαὶ
2997 1298 3091 1351 καὶ
3132 1300 3501 1371 ἀναρίθμητοι
3536 1300 3693 1371 ἐνέρ-

2104 1388 2253 1456 γειαί
2291 1388 2399 1441 είσι
2429 1389 2523 1441 τοῦ
2558 1387 2695 1442 Θεοῦ
2742 1388 3014 1457 ἀκτιστοι,
3064 1390 3159 1443 καὶ
3208 1390 3401 1445 πδλλαὶ
3433 1392 3693 1462 θεότητές

2106 1483 2213 1535 είσι
2248 1480 2341 1535 καὶ
2390 1479 2779 1551 ἀναρίθμητοι.
2813 1480 2922 1533 Kal
2973 1482 3002 1532 ό
3064 1479 3163 1550 μὶν
3196 1480 3462 1552 Παλαμᾶς
3510 1485 3569 1536 ὲν
3618 1485 3688 1554 τῇ

2105 1571 2248 1641 πρὸς
2280 1571 2373 1642 τὸν
2412 1570 2723 1625 Ἀκίνδυνον
2757 1570 3041 1642 ἐπιστολῇ,
3088 1589 3107 1623 ο
3148 1572 3337 1625 Ἔστιν
3366 1573 3495 1645 ἄρα,
3530 1574 3688 1643 φησὶ,

2105 1663 2299 1735 θεότης
2330 1663 2599 1733 ὑφειμένη
2628 1704 2643 1728 ,
2689 1662 2862 1732 δῶρον
2905 1658 3043 1717 οὖσα
3086 1663 3189 1728 τῆς
3237 1664 3685 1735 ὑπερκειμένης,

2105 1757 2200 1809 καὶ
2233 1757 2293 1808 οὑ
2329 1755 2522 1827 θεότης
2555 1756 2738 1825 μόνον,
2768 1754 2904 1808 ἀλλὰ
2937 1756 3032 1809 καὶ
3061 1756 3319 1821 ἄκτιστος
3345 1756 3557 1828 θεότης,
3590 1759 3688 1811 καὶ

403 1867 667 1922 deitatem
723 1872 809 1919 est
857 1862 1025 1917 Deus.
1064 1878 1083 1913 9
1119 1859 1179 1914 In
1235 1873 1494 1915 sermone
1530 1874 1659 1913 vero
1690 1858 1756 1913 ad
1792 1860 1989 1914 Nomo-

2100 1851 2239 1921 ὑπὲρ
2270 1848 2475 1919 ταύτην
2510 1848 2609 1917 τὴν
2636 1848 2869 1919 θεότητά
2901 1849 3049 1903 ἐστιν
3078 1849 3106 1902 ὁ
3145 1849 3297 1914 Θεός.
3339 1868 3358 1902 ι
3411 1849 3498 1901 Ἐν
3526 1848 3584 1903 δὲ
3606 1850 3686 1919 τῷ

402 1959 696 2030 phylacam
732 1954 1047 2009 Simeonem
1081 1993 1095 2015 ,
1128 1969 1147 2002 ι
1187 1950 1245 2006 Si
1292 1951 1465 2015 enim,
1503 1950 1703 2020 inquit,
1732 1951 1986 2015 remissa,

396 2050 487 2104 vel
534 2047 786 2111 inferior,
816 2053 911 2099 aut
941 2044 1146 2108 minor,
1178 2044 1264 2097 vel
1306 2043 1587 2114 quidpiam
1639 2042 1817 2096 simile
1850 2041 1990 2095 divi-

400 2162 471 2201 na
502 2141 751 2216 operatio
809 2158 919 2197 non
976 2141 1217 2205 dicatur,
1256 2152 1364 2192 non
1406 2152 1535 2192 vere
1586 2146 1810 2192 sanctus
1857 2135 1990 2190 Dio-

396 2237 613 2310 nysius,
648 2243 704 2291 et
754 2242 1025 2305 quotquot
1061 2240 1191 2287 sunt
1231 2229 1309 2284 illi
1347 2229 1586 2299 a'quales
1648 2235 1706 2282 et
1759 2226 1987 2289 similes,

402 2325 904 2398 supereminentem
980 2336 1101 2378 esse
1181 2318 1548 2377 substantiam
1604 2317 1701 2372 Dei
1769 2315 1986 2371 docent.

396 2419 546 2475 Fieri
583 2417 730 2473 enim
764 2431 872 2471 non
902 2419 1199 2482 potest,,ut
1229 2411 1363 2483 quid
1395 2409 1846 2481 superemineat,
1879 2420 1989 2461 non

392 2511 731 2575 exsislente,
761 2505 907 2578 quod
955 2506 1095 2560 infra
1148 2505 1242 2560 sit.
1284 2523 1301 2556 9
1335 2502 1402 2557 Et
1436 2502 1492 2557 in
1524 2500 1798 2564 oratione,
1834 2498 1993 2569 cujus

399 2601 621 2656 initium
654 2615 669 2653 :
700 2600 743 2653 A
796 2598 991 2668 spiritu
1043 2596 1291 2651 excitatis
1322 2593 1574 2648 Patribus
1596 2608 1614 2646 :
1646 2610 1664 2644 ι
1715 2590 1987 2657 Quoniam

397 2690 570 2757 enim,
624 2687 829 2765 inquit,
876 2696 933 2742 et
984 2686 1084 2741 Dei
1150 2695 1350 2740 natura
1426 2683 1601 2739 deitas
1657 2681 1985 2752 appellatur,

398 2786 573 2856 magis
629 2794 811 2839 autem
880 2783 1102 2852 proprie
1140 2780 1412 2851 operatio.
1456 2795 1475 2829 9
1522 2776 1589 2831 Et
1630 2775 1685 2830 in
1742 2776 1985 2845 Dialogo,

399 2877 563 2947 cujus
619 2873 907 2946 inscriptio
965 2870 1289 2927 Barlamites
1324 2878 1373 2924 et
1424 2868 1781 2932 Orthodoxus,
1813 2886 1831 2919 ι
1868 2865 1987 2922 Una

398 2978 504 3036 est,
542 2967 741 3038 inquit,
772 2966 941 3021 trium
1002 2966 1368 3036 bypostaseon
1419 2961 1616 3025 deitas,
1652 2975 1749 3015 seu
1790 2972 1986 3013 natura

394 3072 453 3116 et
477 3058 783 3115 substantia
820 3055 1387 3127 supersubstantialis,
1430 3054 1684 3123 simplex,
1729 3050 1985 3106 invisibi-

394 3158 490 3222 lis,
516 3152 1209 3223 inintelligibilis,prorsus
1246 3146 1794 3241 imparticipabilis._i
1833 3144 1985 3199 Reli-
2017 3182 2060 3241 ο

394 3263 518 3318 qum
538 3260 690 3311 vero,
709 3260 829 3315 qum
853 3259 881 3297 a
913 3242 1122 3297 sanctis
1148 3240 1411 3295 dicuntur
1437 3237 1830 3308 deitates,|sive
1856 3250 1985 3296 una,

397 3343 512 3395 sive
545 3341 685 3404 dum,
718 3337 832 3391 sive
858 3334 1046 3404 plures
1083 3339 1232 3387 sunt.
1270 3331 1405 3385 Nam
1441 3328 1597 3394 illud,
1631 3329 1833 3398 ubique
1866 3340 1989 3380 esse

398 3432 507 3487 ἀπὸ
537 3430 629 3483 τοῦ
667 3429 800 3491 θεῖν,
830 3442 858 3480 a
886 3424 1185 3488 currendo,
1214 3431 1269 3478 et
1312 3423 1468 3492 quasi
1524 3421 1729 3491 ubique
1779 3419 1988 3489 pertin-

397 3521 612 3593 gendo;
670 3520 801 3573 item
861 3515 1056 3570 nullibi
1105 3528 1225 3569 esse
1270 3512 1658 3575 decurrendo,
1718 3521 1775 3565 et
1832 3510 1985 3579 quasi

405 3611 614 3679 ubique
664 3606 928 3679 fugiendo
990 3605 1169 3660 deitas
1227 3606 1667 3674 cognominatur.
1718 3599 1989 3672 Splendor

398 3706 531 3757 item
584 3700 681 3755 Dei
701 3714 728 3765 ·,
763 3714 925 3769 quem
969 3707 1025 3753 et
1072 3697 1304 3767 apostoli
1363 3697 1417 3750 in
1460 3703 1643 3749 monte
1691 3707 1990 3762 conspexe-

398 3802 551 3860 runt,
583 3792 756 3847 deitas
784 3791 986 3846 dicitur
1024 3789 1131 3843 ἀπὸ
1158 3788 1251 3842 τοῦ
1284 3788 1490 3851 αῐθειν,
1516 3787 1585 3840 ab
1624 3802 1690 3840 eo
1730 3784 1876 3855 quod
1906 3794 1988 3839 est

398 3887 617 3951 ardere,
649 3872 756 3939 hoc
816 3891 902 3938 est
951 3882 1296 3948 comburere,
1349 3890 1513 3946 atque
1566 3891 1785 3930 onmem
1833 3876 1989 3930 mali-

399 3979 531 4034 tiam
562 3990 908 4032 consumere.
940 3977 1073 4032 ltem
1107 3977 1251 4030 scire
1274 3972 1457 4027 omnia
1489 3972 1596 4024 ἀπὸ
1625 3970 1718 4022 τοῦ
1739 3970 1985 4035 θεᾶσθαι,

398 4072 467 4127 ab
506 4070 775 4140 aspicere,
827 4067 971 4138 quod
1022 4067 1164 4121 Deus
1218 4072 1415 4120 cuncta
1474 4062 1805 4131 conspiciat,
1836 4070 1989 4116 ante-

398 4176 564 4235 quam
607 4160 762 4225 ﬁant,
804 4170 860 4215 et
907 4158 1199 4229 providere
1253 4154 1363 4209 ἀπὸ
1415 4153 1509 4207 τοῦ
1546 4156 1770 4224 ὲφορᾷν,
1807 4156 1875 4211 ab
1920 4168 1988 4209 eo

400 4252 550 4323 quod
597 4251 875 4321 inspiciat,
911 4250 977 4303 ad
1034 4249 1151 4302 ιιωο
1185 4258 1239 4300 et
1288 4245 1548 4301 deiﬁcare
1605 4246 1803 4318 (deitas
1844 4246 1984 4301 dici-

401 4346 537 4412 tur).
570 4362 590 4395 9
641 4343 707 4397 Et
762 4350 885 4412 post
937 4338 1206 4393 nonnulla
1250 4355 1264 4392 :
1313 4357 1330 4390 ι
1382 4338 1620 4393 Videsne
1673 4338 1983 4403 evidenter,

398 4435 548 4508 quod
587 4450 697 4490 non
731 4446 943 4489 tantum
988 4446 1110 4501 quae
1162 4446 1392 4500 prorsus
1451 4440 1535 4485 est
1584 4430 1899 4497 invisibilis,
1932 4440 1988 4485 et

2102 1943 2236 2013 πρὸς
2289 1941 2380 1997 τὸν
2434 1943 2788 2011 νομοφύλακα
2846 1941 3142 2015 Συμεώνην
3173 1958 3188 1973 ⁸
3260 1962 3278 1995 ι
3330 1944 3390 1995 Ei
3447 1942 3521 2014 μὴ
3574 1944 3687 2012 γὰρ

2097 2035 2387 2105 ὑφειμένη,
2422 2037 2609 2103 φησιν,
2642 2035 2674 2102 ἢ
2710 2034 3113 2106 ὑπερεχομένη,
3152 2037 3183 2107 ἢ
3218 2035 3618 2106 ὑποϐεϐηκυῖα,
3646 2036 3685 2105 ἦ

2095 2143 2147 2178 τι
2180 2125 2423 2179 τοιοῦτον
2456 2128 2487 2196 ἡ
2539 2128 2656 2179 θεία
2698 2124 2951 2197 ἐνέργεια
2986 2126 3229 2197 λεχθείη,
3276 2127 3377 2180 οὐκ
3405 2125 3620 2198 ἀληθῶς
3653 2128 3686 2179 ὁ

2097 2219 2250 2287 ἀγιος
2294 2218 2595 2283 Διονύσιος,
2629 2222 2721 2273 καὶ
2754 2220 2870 2272 ὅσοι
2906 2218 3025 2271 κατ’
3076 2218 3239 2272 αὑτὸν
3272 2219 3685 2289 ὑπερκειμένην

2095 2304 2235 2361 εἶναι
2267 2307 2580 2363 διδάσκουσι
2612 2311 2709 2379 τὴν
2739 2310 2928 2362 οὐσίαν
2960 2308 3054 2362 τοῦ
3086 2310 3247 2365 Θεοῦ.
3279 2310 3352 2363 Οὑ
3386 2311 3495 2381 γὰρ
3532 2308 3686 2362 ἔστιν

2096 2401 2460 2473 ὑπερκεῖσθαι
2497 2402 2571 2473 μὴ
2605 2402 2759 2467 ὄντος
2798 2401 2895 2456 τοῦ
2948 2401 3379 2474 ὑποδεδηκότος.
3421 2422 3440 2455 9
3483 2404 3592 2458 Kal
3622 2404 3684 2456 ἐν

2098 2496 2176 2566 τῷ
2213 2495 2358 2564 λόγῳ
2399 2491 2460 2550 οὗ
2491 2497 2522 2565 ἡ
2554 2496 2717 2566 ἀρχὴ,
2770 2494 2901 2560 Τοῖς
2952 2494 3529 2563 πνευματοκινήτοις
3559 2492 3681 2549 τῶν

2093 2586 2396 2652 Πατέρων,
2441 2603 2457 2636 ι
2505 2584 2725 2656 Ἐπειδὴ
2772 2586 2923 2656 γὰρ,
2966 2586 3119 2655 φησὶ,
3170 2586 3287 2639 καὶ.
3319 2585 3353 2655 ή
3404 2583 3497 2638 τοῦ
3541 2584 3679 2638 Θεοῦ

2094 2678 2254 2749 φύσις
2276 2680 2465 2747 θεότης
2487 2678 2835 2746 ὀνομάζεταιο
2863 2681 3198 2749 κυριώτερον
3221 2678 3279 2731 δὲ
3300 2679 3331 2748 ἡ
3354 2678 3622 2748 ἐνέργεια.
3654 2696 3673 2729 9

2093 2770 2204 2823 Kal
2242 2770 2299 2821 ἐν
2338 2768 2415 2834 τῷ
2469 2768 2724 2837 διαλόγῳ,
2780 2763 2839 2823 οὗ
2871 2771 2902 2839 ὴ
2958 2768 3262 2853 ἐπιγραφὴ,
3298 2770 3678 2838 Βαρλαμίτης

2092 2860 2191 2915 καὶ
2219 2859 2560 2928 ὀρθόδοξος,
2598 2879 2615 2911 ι
2653 2861 2767 2914 Μία
2817 2862 2934 2913 ἐστὶ
2966 2861 3075 2913 τῶν
3104 2863 3293 2932 τριῶν,
3330 2861 3513 2934 φησὶν,
3546 2861 3679 2913 67:0-

2094 2952 2340 3006 στάσεων
2372 2951 2586 3023 θεότης,
2626 2954 2745 3023 ἦτοι
2783 2952 2946 3021 φύσις
2991 2953 3087 3008 καὶ
3117 2954 3277 3006 οὐσία
3328 2953 3676 3024 ὑπερούσιος,

2092 3043 2259 3115 ἁπλῆ,
2284 3044 2539 3114 ἀόρατος,
2576 3044 2960 3115 ἀπερινόητος,
2981 3044 3287 3114 ἀμέθεκτος
3306 3047 3674 3103 παντάπασιν.

2093 3138 2159 3190 Al
2197 3136 2251 3190 δὲ
2284 3136 2446 3192 ἀλλαι
2479 3136 2631 3204 παρὰ
2666 3136 2777 3191 τῶν
2831 3136 3007 3205 ἁγίων
3054 3135 3349 3208 λεγόμεναι
3400 3139 3674 3209 θεότητες,

2095 3231 2205 3283 εἴτε
2241 3229 2360 3300 μία,
2398 3229 2507 3283 είτε
2539 3229 2651 3295 δύο,
2683 3230 2792 3283 εἴτε
2825 3228 3065 3294 πλείους.
3101 3231 3213 3285 Kal
3245 3231 3353 3304 γὰρ
3383 3231 3444 3285 τὸ
3473 3247 3679 3287 παντα-

2091 3322 2189 3394 χοῦ
2226 3321 2389 3393 εἷναι,
2437 3324 2546 3378 ἀπὸ
2577 3322 2672 3377 τοῦ
2713 3325 2827 3378 θεῖν
2865 3324 2959 3378 καὶ
2987 3324 3153 3378 οἱονεὶ
3187 3325 3411 3394 φθάνειν
3470 3343 3677 3380 πανταο

2092 3419 2239 3486 χόσε,
2267 3417 2502 3487 θεότητα
2531 3416 2645 3488 ἔχει
2674 3415 2772 3488 τὴν
2816 3418 3158 3483 ἐπωνυμίαν·
3193 3418 3286 3473 καὶ
3315 3418 3378 3474 τὸ
3423 3419 3675 3490 μηδαμοῦ

2094 3505 2235 3562 εἶναι
2283 3509 2610 3575 ἀποθέοντα,
2662 3509 2853 3580 ὥσπερ
2892 3509 3260 3581 διαφεύγοντα
3307 3511 3671 3581 πανταχόθεν.

2095 3603 2169 3661 Ἦ
2194 3618 2251 3655 τε
2288 3602 2381 3656 τοῦ
2408 3602 2543 3655 Θεοῦ
2568 3603 2915 3674 λαμπρότης,
2954 3603 3022 3675 ἢν
3056 3605 3151 3658 καὶ
3185 3604 3234 3657 οἱ
3263 3603 3552 3657 ἀπόστολοι
3581 3604 3674 3657 ἐπὶ

2090 3693 2188 3747 τοῦ
2235 3694 2397 3765 ὅρους
2426 3690 2585 3760 εἶδον,
2632 3694 2825 3767 θεότης
2869 3694 3116 3763 λέγεται,
3162 3696 3271 3750 ἀπὸ
3307 3696 3402 3750 τοῦ
3451 3696 3621 3749 αῐθειν
3656 3737 3671 3763 ,

2093 3786 2341 3840 τουτέστι
2390 3787 2567 3841 καίειν
2619 3804 2676 3840 τε
2727 3786 2823 3840 καὶ
2874 3787 3192 3841 ἀναλίσκειν
3230 3790 3415 3842 πᾶσαν
3467 3788 3673 3859 μοχθη-

2096 3878 2221 3949 ρίαν
2250 3894 2263 3909 ο
2326 3880 2388 3931 τό
2438 3896 2496 3931 τε
2546 3879 2840 3947 γινώσκειν
2880 3879 3099 3935 ἅπαντα
3150 3882 3297 3952 παρὰ
3351 3882 3411 3934 τὸ
3444 3882 3670 3936 θεᾶσθαι

2093 3971 2269 4025 πάντα
2300 3970 2392 4023 τὸν
2416 3970 2550 4023 Θεὸν
2585 3972 2715 4041 πρὶν
2740 3971 2997 4039 γενέσθαι
3028 3972 3189 4037 αὑτὰ,
3216 3974 3307 4026 καὶ
3332 3975 3392 4026 τὸ
3425 3974 3673 4045 προνοεῖν

2046 4060 2051 4063 ’
2092 4064 2199 4118 ἀπὸ
2248 4062 2340 4116 τοῦ
2374 4064 2596 4134 ἐφορᾷν,
2632 4062 2887 4134 καὶπρὸς
2919 4063 3128 4127 τούτοις
3159 4063 3219 4117 τὸ
3245 4066 3531 4120 θεοποιεῖν.
3564 4064 3671 4117 Kal

2095 4155 2234 4227 μετά
2259 4173 2404 4209 τιναο
2446 4173 2465 4206 ι
2509 4154 2677 4225 ὐρᾷς
2722 4154 2932 4225 σαφῶς,
2971 4156 3137 4209 ὅτιού
3185 4158 3348 4226 μόνον
3394 4158 3426 4228 ἠ
3465 4156 3669 4210 παντά-

2092 4267 2258 4305 πασιν
2288 4250 2521 4321 ἀόρατος
2552 4249 2644 4302 καὶ
2691 4249 3053 4319 ἀπερινόητος
3086 4249 3181 4304 καὶ
3216 4250 3519 4320 ἀμέθεκτος
3550 4248 3666 4301 θεό-

2091 4360 2229 4413 της,
2280 4342 2417 4397 ἀλλὰ
2472 4342 2566 4395 καὶ
2617 4344 2648 4412 ἡ
2705 4343 2817 4404 τοῖς
2867 4340 3049 4408 ἁγίοις
3104 4342 3287 4411 μόνοις
3342 4342 3668 4414 ἀπορῥήτως

2092 4434 2264 4505 ὁρατὴ
2285 4434 2381 4488 καὶ
2400 4434 2565 4505 νοητὴ
2591 4436 2683 4486 καὶ
2708 4432 2952 4504 μεθεκτὴ
2977 4433 3168 4502 θεότης
3184 4433 3276 4486 τοῦ
3312 4434 3444 4487 Θεοῦ
3471 4437 3606 4488 ἐστι.
3641 4451 3661 4484 9

400 4527 844 4599 inintelligibilis,
870 4535 927 4580 et
954 4522 1425 4595 imparticipabilis
1448 4523 1643 4589 deitas,
1668 4525 1763 4577 sed
1788 4525 1977 4584 etiam,

2094 4528 2200 4582 Kal
2233 4529 2290 4580 ἐν
2327 4528 2499 4597 ἑτέρῳ
2522 4540 2537 4556 ο
2583 4543 2602 4577 ι
2650 4525 2791 4578 Ἀλλ’
2824 4525 2934 4593 ἐγὼ
2982 4527 3079 4583 τὰς
3111 4527 3238 4589 ὅλας
3284 4526 3496 4596 ἀγαθάς
3528 4544 3669 4596 φημι

398 4639 522 4696 qua
560 4620 918 4677 ineil'abiliter
965 4617 1170 4673 sanctis
1214 4626 1300 4672 est
1323 4617 1697 4685 aspectabilis,
1723 4625 1780 4671 et
1814 4615 1979 4670 intel-

398 4715 648 4788 ligibilis,
678 4722 733 4769 et
770 4711 1171 4783 participabilis
1225 4712 1402 4766 deitas
1474 4710 1567 4764 Dei
1606 4710 1728 4764 est?
1770 4727 1786 4759 ι
1829 4710 1896 4765 Et
1928 4710 1982 4764 in

399 4808 506 4864 alia
563 4808 817 4862 oratione
850 4822 865 4858 :
900 4822 918 4854 ‹
975 4803 1081 4859 Sed
1128 4818 1230 4874 ego
1280 4815 1472 4856 omnes
1502 4802 1701 4866 bonos,
1732 4801 1981 4869 inquam,

403 4901 566 4956 unius
596 4898 692 4955 Dei
732 4911 1031 4969 processus
1075 4910 1198 4952 esse
1250 4892 1629 4950 substantialia
1661 4892 1776 4946 haec
1804 4901 1860 4945 et
1887 4907 1981 4946 na-

398 4992 598 5049 turalia
629 4989 746 5057 Dei,
784 5005 906 5060 qua:
947 4988 1209 5043 dicuntur
1240 4982 1470 5038 remissa
1500 4993 1755 5053 respectu
1783 4983 1983 5038 divina:

401 5084 744 5151 substantiaa,
777 5098 897 5152 quae
923 5090 979 5137 et
1012 5080 1081 5134 ab
1113 5080 1253 5148 ipsa,
1286 5087 1341 5129 et
1372 5076 1516 5131 inter
1549 5091 1608 5131 se
1635 5076 1982 5146 distinguun-

407 5186 493 5230 tur
517 5174 825 5242 (nimirum)
847 5170 1196 5242 sapientiam,
1225 5168 1547 5238 potentiam,
1575 5168 1977 5236 operationem,

402 5267 593 5332 vitam,
619 5275 676 5321 et
702 5264 1028 5326 bonitatem,
1058 5275 1123 5315 ac
1150 5260 1589 5324 sanctitatem,et
1611 5262 1793 5315 omnia
1824 5272 1983 5333 quot-

400 5367 535 5430 quot
562 5370 618 5413 et
652 5365 758 5421 est,
812 5364 869 5411 et
898 5353 1101 5408 dicitur
1150 5367 1356 5407 numen
1405 5350 1672 5406 divinum.
1710 5373 1729 5406 9
1769 5355 1979 5413 Rursus

404 5449 456 5504 in
484 5449 678 5504 eadem
712 5444 1002 5500 oratione:
1041 5460 1060 5495 ι
1109 5442 1214 5499 Sed
1250 5443 1295 5498 si
1342 5458 1451 5498 non
1482 5451 1627 5501 esset
1663 5445 1765 5501 alia
1802 5448 1978 5506 deitas

404 5550 603 5609 praeter
638 5537 883 5591 divinam
932 5542 1208 5602 naturam,
1248 5535 1513 5607 ingenita,
1546 5537 1652 5607 ipsi
1682 5549 1976 5608 coaeterna,

406 5640 666 5700 tanquam
725 5625 897 5695 ipsius
956 5628 1221 5705 Operatio.
1281 5647 1300 5682 9
1358 5628 1427 5683 Et
1479 5637 1602 5699 post
1664 5632 1978 5688 nonnulla:

410 5741 430 5773 ι
461 5721 567 5777 Sed
603 5727 659 5773 ct
687 5718 820 5772 illud
855 5718 1115 5775 inﬁnities
1158 5720 1370 5776 inﬁnite
1412 5721 1465 5775 in
1503 5722 1760 5777 omnibus
1786 5722 1981 5794 hujus-

404 5811 552 5867 modi
588 5811 785 5866 divinae
811 5812 1183 5870 attribuerunt
1226 5813 1561 5871 eminentiae.
1600 5833 1617 5867 9
1648 5814 1716 5870 Et
1752 5814 1807 5871 in
1837 5814 1982 5887 Apo-

2088 4620 2181 4676 τοῦ
2209 4620 2327 4683 ἑνὸς
2355 4619 2492 4673 Θεοῦ
2524 4619 2788 4689 προόδους
2824 4614 2965 4672 εἶναι
2995 4617 3060 4671 τά
3091 4618 3327 4689 οὑσιὼδη
3361 4618 3534 4673 ταῦτα
3574 4618 3669 4671 καὶ

2087 4711 2295 4779 φυσικά
2324 4709 2417 4763 τοῦ
2458 4708 2594 4765 Θεοῦ
2622 4710 2690 4763 τὰ
2718 4710 2989 4779 ὑφειμένα
3020 4710 3118 4781 τῆς
3147 4711 3298 4775 θείας
3335 4712 3545 4775 οὐσίας,
3574 4712 3665 4764 καὶ

2086 4801 2255 4872 ἕτερα
2284 4801 2494 4870 ταύτης
2526 4818 2586 4853 τε
2616 4801 2713 4854 καὶ
2745 4800 3014 4869 ἀλλήλων,
3057 4802 3158 4870 τὴν
3190 4802 3405 4870 σοφίαν,
3436 4802 3537 4873 τὴν
3581 4800 3667 4855 δύ-

2088 4914 2274 4967 ναμιν,
2309 4897 2411 4966 τὴν
2452 4896 2766 4963 ἐνέργειαν,
2805 4897 2902 4967 τὴν
2949 4896 3118 4965 ζωὴν,
3169 4898 3264 4949 καὶ
3313 4897 3663 4967 ἀγαθότητα,

2086 4990 2181 5043 καὶ
2210 4989 2495 5058 ἀγιότητα,
2519 4989 2612 5041 καὶ
2630 4988 2788 5042 πάνθ’
2813 4990 2915 5042 ὅσα
2939 4989 3034 5045 καὶ
3052 4989 3173 5041 ἐστι
3200 4987 3262 5041 τὸ
3283 4990 3435 5041 Θείον
3467 4989 3559 5041 καὶ
3586 4987 3669 5041 λέ-

2085 5096 2265 5149 γεται.
2300 5098 2318 5131 9
2361 5078 2472 5132 Kal
2503 5079 2667 5133 πάλιν
2700 5081 2757 5132 έν
2779 5078 2856 5149 τῷ
2879 5078 3063 5149 αὐτῷ’
3108 5098 3127 5131 ι
3172 5078 3310 5132 Ἀλλ’
3337 5081 3385 5133 εἰ
3411 5081 3485 5149 μὴ
3530 5080 3663 5147 ἀλλη

2085 5172 2274 5239 θεότης
2301 5171 2387 5240 εἴη
2435 5171 2586 5242 παρὰ
2616 5172 2713 5241 τὴν
2768 5170 2919 5225 θείαν
2967 5170 3130 5240 φύσιν
3184 5171 3479 5241 ἀγέννητος
3511 5212 3527 5237 ,
3573 5172 3665 5224 καὶ

2083 5264 2220 5334 αὐτῇ
2250 5262 2519 5326 συναῖδιος
2547 5261 2620 5326 ὡς
2653 5262 2906 5333 ἐνέργεια
2938 5262 3131 5331 αὐτῆς.
3172 5281 3190 5314 9
3229 5264 3338 5315 Kal
3367 5264 3505 5332 μετὰ
3524 5278 3661 5317 τινα’

2090 5375 2110 5409 ι
2150 5354 2313 5409 Ἀλλά
2333 5353 2506 5408 καὶτὸ
2545 5354 2843 5424 ἀπειράκις
2890 5355 3135 5424 ἀπείρως
3167 5354 3387 5408 ἐπὶτῶν
3414 5353 3668 5409 τοιούτων

2084 5448 2329 5503 πάντων·
2378 5449 2444 5518 τῇ
2476 5446 2596 5518 θείᾳ
2647 5447 2995 5517 προσέθηκαν
3043 5447 3326 5518 ὑπεροχῇ.
3365 5468 3385 5501 9
3451 5449 3561 5502 Kal
3610 5450 3669 5501 ἒν

2083 5542 2150 5611 τῇ
2200 5538 2343 5593 οὕτω
2376 5538 2687 5609 καλουμένῃ
2725 5536 3136 5610 διεξοδικωτέρᾳ
3164 5540 3428 5610 ἀπολογίᾳ
3458 5557 3472 5571 ο
3511 5557 3530 5590 ι
3561 5540 3669 5593 Kal

2086 5632 2197 5703 γὰρ
2230 5630 2657 5703 κατηξιώθημεν
2691 5632 2892 5686 εἰδέναι
2925 5632 3023 5703 τὴν
3049 5638 3150 5702 μὲν
3173 5632 3363 5686 οὑσίαν
3392 5632 3521 5702 μίαν
3571 5632 3665 5684 καὶ

2087 5722 2269 5794 ἁπλῆν
2315 5725 2409 5778 καὶ
2452 5724 2761 5794 ἀδιαίρετον
2813 5724 2939 5779 καθ’
2974 5724 3194 5795 ἑαυτὴν,
3243 5724 3465 5788 ὲκείνας
3507 5724 3563 5778 δὲ
3602 5724 3663 5776 οὑ

2086 5813 2288 5879 πολλὰς
2329 5814 2513 5885 μόνον,
2547 5814 2683 5870 ἀλλά
2718 5818 2809 5871 καὶ
2858 5815 3093 5889 ἀριθμὸν
3142 5814 3597 5887 ὑπερδαινούσας.
3637 5834 3656 5868 9
