  <div class='ocr_page' id='page_1' title='image "/cluster/home/n/w/nwhite01/storage/ocr_20150623/154:no.2/coo.31924054870591/430.png"; bbox 0 0 4036 6460; ppageno 0'>
   <div class='ocr_carea' id='block_1_1' title="bbox 359 434 469 500">
    <p class='ocr_par' dir='ltr' id='par_1_1' title="bbox 359 434 469 500">
     <span class='ocr_line' id='line_1_1' title="bbox 359 434 469 500; baseline 0.009 -2"><span class='ocrx_word' id='word_1_1' title='bbox 359 434 469 500; x_wconf 63' lang='grc'><strong>819</strong></span> 
     </span>
    </p>
   </div>
   <div class='ocr_carea' id='block_1_2' title="bbox 1593 427 2420 494">
    <p class='ocr_par' dir='ltr' id='par_1_2' title="bbox 1593 427 2420 494">
     <span class='ocr_line' id='line_1_2' title="bbox 1593 427 2420 494; baseline -0.004 -4"><span class='ocrx_word' id='word_1_2' title='bbox 1593 429 1991 494; x_wconf 82' lang='lat' dir='ltr'><strong>ADVERSUS</strong></span> <span class='ocrx_word' id='word_1_3' title='bbox 2029 427 2420 490; x_wconf 71' lang='lat' dir='ltr'><strong>PALAMAM.</strong></span> 
     </span>
    </p>
   </div>
   <div class='ocr_carea' id='block_1_3' title="bbox 3511 403 3632 469">
    <p class='ocr_par' dir='ltr' id='par_1_3' title="bbox 3511 403 3632 469">
     <span class='ocr_line' id='line_1_3' title="bbox 3511 403 3632 469; baseline -0.025 0"><span class='ocrx_word' id='word_1_4' title='bbox 3511 403 3632 469; x_wconf 73' lang='grc' dir='ltr'>δδσ</span> 
     </span>
    </p>
   </div>
   <div class='ocr_carea' id='block_1_4' title="bbox 359 516 1977 614">
    <p class='ocr_par' dir='ltr' id='par_1_4' title="bbox 359 538 1977 614">
     <span class='ocr_line' id='line_1_4' title="bbox 359 538 1977 614; baseline -0.003 -13"><span class='ocrx_word' id='word_1_5' title='bbox 359 546 472 601; x_wconf 73' lang='grc' dir='ltr'><strong>Καὶ</strong></span> <span class='ocrx_word' id='word_1_6' title='bbox 501 547 559 598; x_wconf 84' lang='grc' dir='ltr'><strong>ἐν</strong></span> <span class='ocrx_word' id='word_1_7' title='bbox 581 544 659 614; x_wconf 84' lang='grc' dir='ltr'>τῷ</span> <span class='ocrx_word' id='word_1_8' title='bbox 687 543 850 614; x_wconf 87' lang='grc' dir='ltr'>λόγῳ,</span> <span class='ocrx_word' id='word_1_9' title='bbox 885 538 949 599; x_wconf 75' lang='grc' dir='ltr'><strong>οὗ</strong></span> <span class='ocrx_word' id='word_1_10' title='bbox 984 545 1017 614; x_wconf 77' lang='grc' dir='ltr'><strong>ἡ</strong></span> <span class='ocrx_word' id='word_1_11' title='bbox 1049 543 1212 614; x_wconf 77' lang='grc' dir='ltr'>ἀρχὴ,</span> <span class='ocrx_word' id='word_1_12' title='bbox 1245 541 1667 598; x_wconf 77' lang='grc' dir='ltr'>Φιλονεικοῦσι</span> <span class='ocrx_word' id='word_1_13' title='bbox 1687 539 1804 612; x_wconf 80' lang='grc' dir='ltr'><strong>μὲν</strong></span> <span class='ocrx_word' id='word_1_14' title='bbox 1833 540 1938 596; x_wconf 72' lang='grc' dir='ltr'><strong>ἀλ·-</strong></span> <span class='ocrx_word' id='word_1_15' title='bbox 1966 575 1977 602; x_wconf 55' lang='grc' dir='ltr'><strong><em>λ</em></strong></span> 
     </span>
    </p>
   </div>
   <div class='ocr_carea' id='block_1_5' title="bbox 2078 516 3620 614">
    <p class='ocr_par' dir='ltr' id='par_1_5' title="bbox 2078 516 3620 614">
     <span class='ocr_line' id='line_1_5' title="bbox 2078 516 3620 614; baseline -0.016 -20"><span class='ocrx_word' id='word_1_16' title='bbox 2078 540 2204 610; x_wconf 71' lang='lat' dir='ltr'><strong>igia,</strong></span> <span class='ocrx_word' id='word_1_17' title='bbox 2227 553 2392 609; x_wconf 87' lang='lat' dir='ltr'><strong>quam</strong></span> <span class='ocrx_word' id='word_1_18' title='bbox 2457 542 2654 591; x_wconf 83' lang='lat' dir='ltr'><strong>vocant</strong></span> <span class='ocrx_word' id='word_1_19' title='bbox 2707 529 3104 604; x_wconf 81' lang='lat' dir='ltr'><strong>prolixiorem:</strong></span> <span class='ocrx_word' id='word_1_20' title='bbox 3141 543 3159 577; x_wconf 80' lang='grc' dir='ltr'><strong>ι</strong></span> <span class='ocrx_word' id='word_1_21' title='bbox 3197 520 3416 579; x_wconf 90' lang='lat' dir='ltr'><strong>Etenim</strong></span> <span class='ocrx_word' id='word_1_22' title='bbox 3469 516 3620 614; x_wconf 78' lang='lat' dir='ltr'><strong>digni</strong></span> 
     </span>
    </p>
   </div>
   <div class='ocr_carea' id='block_1_6' title="bbox 358 633 1937 706">
    <p class='ocr_par' dir='ltr' id='par_1_6' title="bbox 358 633 1937 706">
     <span class='ocr_line' id='line_1_6' title="bbox 358 633 1937 706; baseline -0.004 -13"><span class='ocrx_word' id='word_1_23' title='bbox 358 639 594 704; x_wconf 72' lang='grc' dir='ltr'>λὴλους</span> <span class='ocrx_word' id='word_1_24' title='bbox 634 635 1102 706; x_wconf 74' lang='grc' dir='ltr'>ὑπερϐαλέσθαι,</span> <span class='ocrx_word' id='word_1_25' title='bbox 1161 653 1180 686; x_wconf 84' lang='grc' dir='ltr'><strong>ι</strong></span> <span class='ocrx_word' id='word_1_26' title='bbox 1210 635 1282 688; x_wconf 75' lang='grc' dir='ltr'><strong>Σὺ</strong></span> <span class='ocrx_word' id='word_1_27' title='bbox 1330 633 1497 688; x_wconf 89' lang='grc' dir='ltr'>πόθεν</span> <span class='ocrx_word' id='word_1_28' title='bbox 1545 635 1715 704; x_wconf 80' lang='grc' dir='ltr'>ἡμᾶς,</span> <span class='ocrx_word' id='word_1_29' title='bbox 1750 633 1937 704; x_wconf 79' lang='grc' dir='ltr'>φησὶν,</span> 
     </span>
    </p>
   </div>
   <div class='ocr_carea' id='block_1_7' title="bbox 359 724 1942 802">
    <p class='ocr_par' dir='ltr' id='par_1_7' title="bbox 359 724 1942 802">
     <span class='ocr_line' id='line_1_7' title="bbox 359 724 1942 802; baseline -0.003 -18"><span class='ocrx_word' id='word_1_30' title='bbox 359 729 688 802; x_wconf 65' lang='grc' dir='ltr'>ἐφώρασας,</span> <span class='ocrx_word' id='word_1_31' title='bbox 738 729 834 782; x_wconf 76' lang='grc' dir='ltr'>καὶ</span> <span class='ocrx_word' id='word_1_32' title='bbox 879 728 968 782; x_wconf 74' lang='grc' dir='ltr'><strong>διὰ</strong></span> <span class='ocrx_word' id='word_1_33' title='bbox 1015 727 1178 781; x_wconf 80' lang='grc' dir='ltr'>τίνων</span> <span class='ocrx_word' id='word_1_34' title='bbox 1223 725 1466 790; x_wconf 77' lang='grc' dir='ltr'>διθεττας</span> <span class='ocrx_word' id='word_1_35' title='bbox 1521 724 1942 790; x_wconf 82' lang='grc' dir='ltr'><strong>ἀποδεικνύεις,</strong></span> 
     </span>
    </p>
   </div>
   <div class='ocr_carea' id='block_1_8' title="bbox 361 818 1948 891">
    <p class='ocr_par' dir='ltr' id='par_1_8' title="bbox 361 818 1948 891">
     <span class='ocr_line' id='line_1_8' title="bbox 361 818 1948 891; baseline -0.004 -13"><span class='ocrx_word' id='word_1_36' title='bbox 361 825 444 878; x_wconf 81' lang='grc' dir='ltr'><strong>δτι</strong></span> <span class='ocrx_word' id='word_1_37' title='bbox 477 821 573 876; x_wconf 88' lang='grc' dir='ltr'><strong>τοῦ</strong></span> <span class='ocrx_word' id='word_1_38' title='bbox 608 821 780 876; x_wconf 81' lang='grc' dir='ltr'>αὐτοῦ</span> <span class='ocrx_word' id='word_1_39' title='bbox 810 819 948 874; x_wconf 85' lang='grc' dir='ltr'>Θεοῦ</span> <span class='ocrx_word' id='word_1_40' title='bbox 983 820 1082 874; x_wconf 73' lang='grc' dir='ltr'>καὶ</span> <span class='ocrx_word' id='word_1_41' title='bbox 1108 819 1336 891; x_wconf 82' lang='grc' dir='ltr'>ὁρατὴν,</span> <span class='ocrx_word' id='word_1_42' title='bbox 1377 819 1579 888; x_wconf 85' lang='grc' dir='ltr'>μᾶλλον</span> <span class='ocrx_word' id='word_1_43' title='bbox 1612 818 1670 872; x_wconf 83' lang='grc' dir='ltr'>δὲ</span> <span class='ocrx_word' id='word_1_44' title='bbox 1699 819 1798 872; x_wconf 74' lang='grc' dir='ltr'>καὶ</span> <span class='ocrx_word' id='word_1_45' title='bbox 1823 835 1948 886; x_wconf 82' lang='grc' dir='ltr'>νοη-</span> 
     </span>
    </p>
   </div>
   <div class='ocr_carea' id='block_1_9' title="bbox 362 907 1948 987">
    <p class='ocr_par' dir='ltr' id='par_1_9' title="bbox 362 907 1948 987">
     <span class='ocr_line' id='line_1_9' title="bbox 362 907 1948 987; baseline -0.004 -18"><span class='ocrx_word' id='word_1_46' title='bbox 362 915 462 987; x_wconf 78' lang='grc' dir='ltr'>τὴν</span> <span class='ocrx_word' id='word_1_47' title='bbox 507 913 742 983; x_wconf 82' lang='grc' dir='ltr'>λέγομεν</span> <span class='ocrx_word' id='word_1_48' title='bbox 787 911 1039 982; x_wconf 88' lang='grc' dir='ltr'>θεότητα,</span> <span class='ocrx_word' id='word_1_49' title='bbox 1073 911 1332 981; x_wconf 83' lang='grc' dir='ltr'>καθάπερ</span> <span class='ocrx_word' id='word_1_50' title='bbox 1376 912 1423 963; x_wconf 80' lang='grc' dir='ltr'>οἱ</span> <span class='ocrx_word' id='word_1_51' title='bbox 1471 907 1758 979; x_wconf 87' lang='grc' dir='ltr'>θεόληπτοι</span> <span class='ocrx_word' id='word_1_52' title='bbox 1802 908 1948 963; x_wconf 80' lang='grc' dir='ltr'>διδά-</span> 
     </span>
    </p>
   </div>
   <div class='ocr_carea' id='block_1_10' title="bbox 366 994 1951 1073">
    <p class='ocr_par' dir='ltr' id='par_1_10' title="bbox 366 994 1951 1073">
     <span class='ocr_line' id='line_1_10' title="bbox 366 994 1951 1073; baseline -0.003 -15"><span class='ocrx_word' id='word_1_53' title='bbox 366 1021 557 1058; x_wconf 86' lang='grc' dir='ltr'>σκουσι</span> <span class='ocrx_word' id='word_1_54' title='bbox 575 1003 815 1070; x_wconf 85' lang='grc' dir='ltr'><strong>θεολόγοι</strong></span> <span class='ocrx_word' id='word_1_55' title='bbox 837 1020 852 1068; x_wconf 90' lang='lat'><strong>;</strong></span> <span class='ocrx_word' id='word_1_56' title='bbox 882 1003 990 1056; x_wconf 77' lang='grc' dir='ltr'><strong>Καὶ</strong></span> <span class='ocrx_word' id='word_1_57' title='bbox 1010 1005 1068 1057; x_wconf 83' lang='grc' dir='ltr'><strong>ἐν</strong></span> <span class='ocrx_word' id='word_1_58' title='bbox 1091 1002 1287 1073; x_wconf 78' lang='grc' dir='ltr'>ἑτέρῳ,</span> <span class='ocrx_word' id='word_1_59' title='bbox 1311 994 1371 1056; x_wconf 80' lang='grc' dir='ltr'><strong>οῦ</strong></span> <span class='ocrx_word' id='word_1_60' title='bbox 1390 1003 1424 1073; x_wconf 82' lang='grc' dir='ltr'><strong>ἡ</strong></span> <span class='ocrx_word' id='word_1_61' title='bbox 1447 1001 1612 1071; x_wconf 78' lang='grc' dir='ltr'>ἀρχὴ,</span> <span class='ocrx_word' id='word_1_62' title='bbox 1643 998 1832 1068; x_wconf 80' lang='grc' dir='ltr'>Τριῶν</span> <span class='ocrx_word' id='word_1_63' title='bbox 1849 999 1951 1053; x_wconf 77' lang='grc' dir='ltr'><strong>ὄν·</strong></span> 
     </span>
    </p>
   </div>
   <div class='ocr_carea' id='block_1_11' title="bbox 364 1088 1952 1162">
    <p class='ocr_par' dir='ltr' id='par_1_11' title="bbox 364 1088 1952 1162">
     <span class='ocr_line' id='line_1_11' title="bbox 364 1088 1952 1162; baseline -0.007 -12"><span class='ocrx_word' id='word_1_64' title='bbox 364 1113 482 1150; x_wconf 82' lang='grc' dir='ltr'>των</span> <span class='ocrx_word' id='word_1_65' title='bbox 509 1094 580 1147; x_wconf 80' lang='grc' dir='ltr'>ἐν</span> <span class='ocrx_word' id='word_1_66' title='bbox 617 1093 950 1162; x_wconf 74' lang='grc' dir='ltr'>κεφαλαίῳ,</span> <span class='ocrx_word' id='word_1_67' title='bbox 978 1111 997 1145; x_wconf 82' lang='grc' dir='ltr'><strong>ι</strong></span> <span class='ocrx_word' id='word_1_68' title='bbox 1053 1092 1195 1144; x_wconf 84' lang='grc' dir='ltr'>Ἀλλ’</span> <span class='ocrx_word' id='word_1_69' title='bbox 1217 1091 1542 1160; x_wconf 77' lang='grc' dir='ltr'>ἐπειδήπερ,</span> <span class='ocrx_word' id='word_1_70' title='bbox 1567 1089 1755 1159; x_wconf 81' lang='grc' dir='ltr'>φησὶν,</span> <span class='ocrx_word' id='word_1_71' title='bbox 1793 1088 1952 1158; x_wconf 78' lang='grc' dir='ltr'>ἡμεῖς</span> 
     </span>
    </p>
   </div>
   <div class='ocr_carea' id='block_1_12' title="bbox 365 1180 1955 1260">
    <p class='ocr_par' dir='ltr' id='par_1_12' title="bbox 365 1180 1955 1260">
     <span class='ocr_line' id='line_1_12' title="bbox 365 1180 1955 1260; baseline -0.008 -15"><span class='ocrx_word' id='word_1_72' title='bbox 365 1190 506 1245; x_wconf 71' lang='grc' dir='ltr'>κατὰ</span> <span class='ocrx_word' id='word_1_73' title='bbox 527 1190 625 1260; x_wconf 74' lang='grc' dir='ltr'>τὴν</span> <span class='ocrx_word' id='word_1_74' title='bbox 655 1185 928 1258; x_wconf 62' lang='grc' dir='ltr'>πατρικὴν</span> <span class='ocrx_word' id='word_1_75' title='bbox 960 1187 1240 1256; x_wconf 79' lang='grc' dir='ltr'><strong>ὑφήγησιν</strong></span> <span class='ocrx_word' id='word_1_76' title='bbox 1291 1184 1388 1237; x_wconf 76' lang='grc' dir='ltr'>καὶ</span> <span class='ocrx_word' id='word_1_77' title='bbox 1409 1183 1510 1254; x_wconf 76' lang='grc' dir='ltr'>τὴν</span> <span class='ocrx_word' id='word_1_78' title='bbox 1565 1180 1813 1237; x_wconf 83' lang='grc' dir='ltr'>θεοποιδν</span> <span class='ocrx_word' id='word_1_79' title='bbox 1856 1180 1955 1235; x_wconf 68' lang='grc' dir='ltr'><strong>καί.)⁸</strong></span> 
     </span>
    </p>
   </div>
   <div class='ocr_carea' id='block_1_13' title="bbox 367 1273 1956 1353">
    <p class='ocr_par' dir='ltr' id='par_1_13' title="bbox 367 1273 1956 1353">
     <span class='ocr_line' id='line_1_13' title="bbox 367 1273 1956 1353; baseline -0.006 -17"><span class='ocrx_word' id='word_1_80' title='bbox 367 1284 463 1353; x_wconf 82' lang='grc' dir='ltr'>τὴν</span> <span class='ocrx_word' id='word_1_81' title='bbox 482 1281 824 1350; x_wconf 73' lang='grc' dir='ltr'>καθαρτικὴν</span> <span class='ocrx_word' id='word_1_82' title='bbox 847 1279 943 1334; x_wconf 76' lang='grc' dir='ltr'>καὶ</span> <span class='ocrx_word' id='word_1_83' title='bbox 964 1281 1061 1350; x_wconf 81' lang='grc' dir='ltr'>τὴν</span> <span class='ocrx_word' id='word_1_84' title='bbox 1082 1277 1341 1352; x_wconf 76' lang='grc' dir='ltr'>θεατικὴν</span> <span class='ocrx_word' id='word_1_85' title='bbox 1363 1275 1594 1346; x_wconf 86' lang='grc' dir='ltr'>δύναμίν</span> <span class='ocrx_word' id='word_1_86' title='bbox 1610 1293 1670 1330; x_wconf 88' lang='grc' dir='ltr'><strong>τε</strong></span> <span class='ocrx_word' id='word_1_87' title='bbox 1686 1275 1780 1329; x_wconf 79' lang='grc' dir='ltr'>καὶ</span> <span class='ocrx_word' id='word_1_88' title='bbox 1802 1273 1956 1343; x_wconf 80' lang='grc' dir='ltr'>ἐνέρ-</span> 
     </span>
    </p>
   </div>
   <div class='ocr_carea' id='block_1_14' title="bbox 368 1363 1960 1444">
    <p class='ocr_par' dir='ltr' id='par_1_14' title="bbox 368 1363 1960 1444">
     <span class='ocr_line' id='line_1_14' title="bbox 368 1363 1960 1444; baseline -0.006 -16"><span class='ocrx_word' id='word_1_89' title='bbox 368 1393 550 1444; x_wconf 85' lang='grc' dir='ltr'>γειαν,</span> <span class='ocrx_word' id='word_1_90' title='bbox 599 1375 738 1444; x_wconf 74' lang='grc' dir='ltr'>πρὸς</span> <span class='ocrx_word' id='word_1_91' title='bbox 782 1373 841 1427; x_wconf 78' lang='grc' dir='ltr'>δὲ</span> <span class='ocrx_word' id='word_1_92' title='bbox 888 1373 1115 1434; x_wconf 83' lang='grc' dir='ltr'><strong>ταύταις</strong></span> <span class='ocrx_word' id='word_1_93' title='bbox 1137 1369 1232 1423; x_wconf 61' lang='grc' dir='ltr'><strong>καὶ⁵</strong></span> <span class='ocrx_word' id='word_1_94' title='bbox 1253 1369 1453 1433; x_wconf 80' lang='grc' dir='ltr'>πολλὰς</span> <span class='ocrx_word' id='word_1_95' title='bbox 1475 1369 1674 1438; x_wconf 79' lang='grc' dir='ltr'>ἐτέρας</span> <span class='ocrx_word' id='word_1_96' title='bbox 1692 1363 1960 1438; x_wconf 81' lang='grc' dir='ltr'>ἀνυμνοῦ-</span> 
     </span>
    </p>
   </div>
   <div class='ocr_carea' id='block_1_15' title="bbox 372 1455 1963 1536">
    <p class='ocr_par' dir='ltr' id='par_1_15' title="bbox 372 1455 1963 1536">
     <span class='ocr_line' id='line_1_15' title="bbox 372 1455 1963 1536; baseline -0.004 -17"><span class='ocrx_word' id='word_1_97' title='bbox 372 1483 472 1535; x_wconf 83' lang='grc' dir='ltr'><strong>μεν</strong></span> <span class='ocrx_word' id='word_1_98' title='bbox 519 1467 586 1536; x_wconf 79' lang='grc' dir='ltr'><strong>τῇ</strong></span> <span class='ocrx_word' id='word_1_99' title='bbox 612 1464 711 1534; x_wconf 83' lang='grc' dir='ltr'>τῆς</span> <span class='ocrx_word' id='word_1_100' title='bbox 745 1463 997 1534; x_wconf 84' lang='grc' dir='ltr'>θεότητος</span> <span class='ocrx_word' id='word_1_101' title='bbox 1026 1461 1332 1532; x_wconf 76' lang='grc' dir='ltr'>ἐπωνυμίᾳ,</span> <span class='ocrx_word' id='word_1_102' title='bbox 1355 1459 1450 1513; x_wconf 74' lang='grc' dir='ltr'>καὶ</span> <span class='ocrx_word' id='word_1_103' title='bbox 1468 1459 1578 1512; x_wconf 77' lang='grc' dir='ltr'><strong>ἀπὸ</strong></span> <span class='ocrx_word' id='word_1_104' title='bbox 1595 1457 1804 1513; x_wconf 83' lang='grc' dir='ltr'>τούτων</span> <span class='ocrx_word' id='word_1_105' title='bbox 1823 1455 1963 1530; x_wconf 83' lang='grc' dir='ltr'>χρώ·</span> 
     </span>
    </p>
   </div>
   <div class='ocr_carea' id='block_1_16' title="bbox 375 1551 1963 1628">
    <p class='ocr_par' dir='ltr' id='par_1_16' title="bbox 375 1551 1963 1628">
     <span class='ocr_line' id='line_1_16' title="bbox 375 1551 1963 1628; baseline -0.004 -18"><span class='ocrx_word' id='word_1_106' title='bbox 375 1557 514 1628; x_wconf 84' lang='grc' dir='ltr'>μεθα</span> <span class='ocrx_word' id='word_1_107' title='bbox 545 1557 640 1609; x_wconf 75' lang='grc' dir='ltr'>καὶ</span> <span class='ocrx_word' id='word_1_108' title='bbox 671 1555 762 1609; x_wconf 81' lang='grc' dir='ltr'>ἐπὶ</span> <span class='ocrx_word' id='word_1_109' title='bbox 785 1555 884 1623; x_wconf 83' lang='grc' dir='ltr'>τῆς</span> <span class='ocrx_word' id='word_1_110' title='bbox 914 1553 1270 1623; x_wconf 70' lang='grc' dir='ltr'>πηγαζούσης</span> <span class='ocrx_word' id='word_1_111' title='bbox 1291 1551 1464 1616; x_wconf 83' lang='grc' dir='ltr'>αὐτὰς</span> <span class='ocrx_word' id='word_1_112' title='bbox 1477 1551 1669 1616; x_wconf 78' lang='grc' dir='ltr'>οὐσίας</span> <span class='ocrx_word' id='word_1_113' title='bbox 1685 1551 1763 1622; x_wconf 82' lang='grc' dir='ltr'><strong>τῷ</strong></span> <span class='ocrx_word' id='word_1_114' title='bbox 1793 1567 1963 1620; x_wconf 63' lang='grc' dir='ltr'>προσά</span> 
     </span>
    </p>
   </div>
   <div class='ocr_carea' id='block_1_17' title="bbox 375 1639 1965 1720">
    <p class='ocr_par' dir='ltr' id='par_1_17' title="bbox 375 1639 1965 1720">
     <span class='ocr_line' id='line_1_17' title="bbox 375 1639 1965 1720; baseline -0.014 -16"><span class='ocrx_word' id='word_1_115' title='bbox 375 1651 602 1720; x_wconf 79' lang='grc' dir='ltr'>ρήματι,</span> <span class='ocrx_word' id='word_1_116' title='bbox 629 1647 747 1711; x_wconf 84' lang='grc' dir='ltr'><strong>πῶς</strong></span> <span class='ocrx_word' id='word_1_117' title='bbox 791 1646 855 1699; x_wconf 82' lang='grc' dir='ltr'>σὺ</span> <span class='ocrx_word' id='word_1_118' title='bbox 877 1645 970 1698; x_wconf 84' lang='grc' dir='ltr'><strong>δύο</strong></span> <span class='ocrx_word' id='word_1_119' title='bbox 988 1643 1082 1698; x_wconf 77' lang='grc' dir='ltr'>καὶ</span> <span class='ocrx_word' id='word_1_120' title='bbox 1105 1642 1180 1713; x_wconf 79' lang='grc' dir='ltr'>μὴ</span> <span class='ocrx_word' id='word_1_121' title='bbox 1205 1644 1423 1705; x_wconf 83' lang='grc' dir='ltr'>πλείους</span> <span class='ocrx_word' id='word_1_122' title='bbox 1440 1643 1589 1714; x_wconf 80' lang='grc' dir='ltr'>ημᾶς</span> <span class='ocrx_word' id='word_1_123' title='bbox 1617 1640 1868 1712; x_wconf 74' lang='grc' dir='ltr'><strong>ἰσχυρίζῃ</strong></span> <span class='ocrx_word' id='word_1_124' title='bbox 1883 1639 1965 1694; x_wconf 73' lang='grc' dir='ltr'><strong>λέ.</strong></span> 
     </span>
    </p>
   </div>
   <div class='ocr_carea' id='block_1_18' title="bbox 372 1725 1970 1808">
    <p class='ocr_par' dir='ltr' id='par_1_18' title="bbox 372 1725 1970 1808">
     <span class='ocr_line' id='line_1_18' title="bbox 372 1725 1970 1808; baseline -0.004 -17"><span class='ocrx_word' id='word_1_125' title='bbox 372 1756 491 1808; x_wconf 79' lang='grc' dir='ltr'>γειν</span> <span class='ocrx_word' id='word_1_126' title='bbox 521 1736 783 1806; x_wconf 88' lang='grc' dir='ltr'>θεότητας</span> <span class='ocrx_word' id='word_1_127' title='bbox 809 1751 825 1801; x_wconf 92' lang='lat'><strong>;</strong></span> <span class='ocrx_word' id='word_1_128' title='bbox 867 1755 886 1788; x_wconf 75' lang='grc' dir='ltr'><strong>ι</strong></span> <span class='ocrx_word' id='word_1_129' title='bbox 927 1735 1038 1788; x_wconf 72' lang='grc' dir='ltr'><strong>Καὶ</strong></span> <span class='ocrx_word' id='word_1_130' title='bbox 1059 1736 1115 1786; x_wconf 86' lang='grc' dir='ltr'><strong>ἐν</strong></span> <span class='ocrx_word' id='word_1_131' title='bbox 1140 1733 1218 1804; x_wconf 81' lang='grc' dir='ltr'><strong>τῷ</strong></span> <span class='ocrx_word' id='word_1_132' title='bbox 1233 1725 1462 1802; x_wconf 71' lang='grc' dir='ltr'>λόγῳ,ᾧ</span> <span class='ocrx_word' id='word_1_133' title='bbox 1484 1729 1740 1802; x_wconf 78' lang='grc' dir='ltr'><strong>ὀνομάζει</strong></span> <span class='ocrx_word' id='word_1_134' title='bbox 1770 1730 1970 1799; x_wconf 74' lang='grc' dir='ltr'><strong>Ἐλέγ-</strong></span> 
     </span>
    </p>
   </div>
   <div class='ocr_carea' id='block_1_19' title="bbox 375 1825 1958 1902">
    <p class='ocr_par' dir='ltr' id='par_1_19' title="bbox 375 1825 1958 1902">
     <span class='ocr_line' id='line_1_19' title="bbox 375 1825 1958 1902; baseline -0.006 -16"><span class='ocrx_word' id='word_1_135' title='bbox 375 1849 526 1902; x_wconf 82' lang='grc' dir='ltr'>χους</span> <span class='ocrx_word' id='word_1_136' title='bbox 557 1831 659 1886; x_wconf 78' lang='grc' dir='ltr'><strong>καὶ</strong></span> <span class='ocrx_word' id='word_1_137' title='bbox 689 1831 906 1896; x_wconf 78' lang='grc' dir='ltr'>ἄτοπα,</span> <span class='ocrx_word' id='word_1_138' title='bbox 935 1848 970 1902; x_wconf 40' lang='grc' dir='ltr'>,ι</span> <span class='ocrx_word' id='word_1_139' title='bbox 1006 1831 1195 1883; x_wconf 82' lang='grc' dir='ltr'>Ἔστιν</span> <span class='ocrx_word' id='word_1_140' title='bbox 1217 1829 1327 1899; x_wconf 80' lang='grc' dir='ltr'><strong>ἄρα</strong></span> <span class='ocrx_word' id='word_1_141' title='bbox 1359 1828 1574 1896; x_wconf 88' lang='grc' dir='ltr'>θεότης,</span> <span class='ocrx_word' id='word_1_142' title='bbox 1601 1827 1791 1896; x_wconf 70' lang='grc' dir='ltr'>φησιν,</span> <span class='ocrx_word' id='word_1_143' title='bbox 1820 1825 1958 1895; x_wconf 76' lang='grc' dir='ltr'>ἄλλη</span> 
     </span>
    </p>
   </div>
   <div class='ocr_carea' id='block_1_20' title="bbox 381 1895 2034 1995">
    <p class='ocr_par' dir='ltr' id='par_1_20' title="bbox 381 1895 2034 1995">
     <span class='ocr_line' id='line_1_20' title="bbox 381 1895 2034 1995; baseline -0.006 -16"><span class='ocrx_word' id='word_1_144' title='bbox 381 1895 540 1995; x_wconf 59' lang='grc' dir='ltr'>παρα</span> <span class='ocrx_word' id='word_1_145' title='bbox 583 1924 686 1992; x_wconf 75' lang='grc' dir='ltr'>τὴν</span> <span class='ocrx_word' id='word_1_146' title='bbox 728 1895 946 1977; x_wconf 42' lang='grc' dir='ltr'>οὐσίαν.</span> <span class='ocrx_word' id='word_1_147' title='bbox 974 1921 1070 1976; x_wconf 87' lang='grc' dir='ltr'><strong>τοῦ</strong></span> <span class='ocrx_word' id='word_1_148' title='bbox 1127 1895 1272 1975; x_wconf 82' lang='grc' dir='ltr'>Θεοῦ</span> <span class='ocrx_word' id='word_1_149' title='bbox 1313 1919 1637 1991; x_wconf 79' lang='grc' dir='ltr'><strong>ὑπάρχουσα</strong></span> <span class='ocrx_word' id='word_1_150' title='bbox 1667 1895 1958 1979; x_wconf 15' lang='grc' dir='ltr'>Ϋσυναῖδιος</span> <span class='ocrx_word' id='word_1_151' title='bbox 1989 1895 2034 1952; x_wconf 71' lang='grc' dir='ltr'>Β</span> 
     </span>
    </p>
   </div>
   <div class='ocr_carea' id='block_1_21' title="bbox 385 2005 1966 2085">
    <p class='ocr_par' dir='ltr' id='par_1_21' title="bbox 385 2005 1966 2085">
     <span class='ocr_line' id='line_1_21' title="bbox 385 2005 1966 2085; baseline -0.006 -18"><span class='ocrx_word' id='word_1_152' title='bbox 385 2014 677 2085; x_wconf 75' lang='grc' dir='ltr'><strong>αὖτῇ.’ᾼεὶ</strong></span> <span class='ocrx_word' id='word_1_153' title='bbox 705 2011 764 2065; x_wconf 80' lang='grc' dir='ltr'><strong>δέ</strong></span> <span class='ocrx_word' id='word_1_154' title='bbox 797 2011 860 2066; x_wconf 84' lang='grc' dir='ltr'>τὸ</span> <span class='ocrx_word' id='word_1_155' title='bbox 891 2010 1153 2082; x_wconf 77' lang='grc' dir='ltr'>ἐνεργοῦν</span> <span class='ocrx_word' id='word_1_156' title='bbox 1177 2009 1288 2063; x_wconf 85' lang='grc' dir='ltr'><strong>τῶν</strong></span> <span class='ocrx_word' id='word_1_157' title='bbox 1321 2005 1735 2078; x_wconf 67' lang='grc' dir='ltr'><strong>ἐνεργουμένων</strong></span> <span class='ocrx_word' id='word_1_158' title='bbox 1765 2005 1966 2075; x_wconf 82' lang='grc' dir='ltr'>ὑπερέ-</span> 
     </span>
    </p>
   </div>
   <div class='ocr_carea' id='block_1_22' title="bbox 386 2097 2003 2180">
    <p class='ocr_par' dir='ltr' id='par_1_22' title="bbox 386 2097 2003 2180">
     <span class='ocr_line' id='line_1_22' title="bbox 386 2097 2003 2180; baseline -0.006 -19"><span class='ocrx_word' id='word_1_159' title='bbox 386 2124 493 2178; x_wconf 83' lang='grc' dir='ltr'>χει,</span> <span class='ocrx_word' id='word_1_160' title='bbox 518 2106 612 2159; x_wconf 77' lang='grc' dir='ltr'>καὶ</span> <span class='ocrx_word' id='word_1_161' title='bbox 640 2102 750 2156; x_wconf 83' lang='grc' dir='ltr'><strong>τῶν</strong></span> <span class='ocrx_word' id='word_1_162' title='bbox 778 2102 1112 2171; x_wconf 56' lang='grc' dir='ltr'>ἁνουσίωνεή</span> <span class='ocrx_word' id='word_1_163' title='bbox 1141 2101 1319 2166; x_wconf 82' lang='grc' dir='ltr'>οὐσία,</span> <span class='ocrx_word' id='word_1_164' title='bbox 1348 2105 1447 2156; x_wconf 79' lang='grc' dir='ltr'><strong>καὶ</strong></span> <span class='ocrx_word' id='word_1_165' title='bbox 1478 2102 1590 2154; x_wconf 86' lang='grc' dir='ltr'>τῶν</span> <span class='ocrx_word' id='word_1_166' title='bbox 1626 2097 1965 2169; x_wconf 82' lang='grc' dir='ltr'>όνομαζομέ-</span> <span class='ocrx_word' id='word_1_167' title='bbox 1987 2153 2003 2180; x_wconf 5' lang='grc' dir='ltr'>,ἓ</span> 
     </span>
    </p>
   </div>
   <div class='ocr_carea' id='block_1_23' title="bbox 385 2190 1964 2266">
    <p class='ocr_par' dir='ltr' id='par_1_23' title="bbox 385 2190 1964 2266">
     <span class='ocr_line' id='line_1_23' title="bbox 385 2190 1964 2266; baseline -0.006 -14"><span class='ocrx_word' id='word_1_168' title='bbox 385 2216 491 2252; x_wconf 88' lang='grc' dir='ltr'><strong>νων</strong></span> <span class='ocrx_word' id='word_1_169' title='bbox 513 2196 572 2250; x_wconf 81' lang='grc' dir='ltr'>τὸ</span> <span class='ocrx_word' id='word_1_170' title='bbox 609 2193 992 2266; x_wconf 87' lang='grc' dir='ltr'>ὑπερώνυμον.</span> <span class='ocrx_word' id='word_1_171' title='bbox 1026 2212 1046 2247; x_wconf 74' lang='grc' dir='ltr'><strong>ι</strong></span> <span class='ocrx_word' id='word_1_172' title='bbox 1081 2195 1194 2249; x_wconf 77' lang='grc' dir='ltr'><strong>Καὶ</strong></span> <span class='ocrx_word' id='word_1_173' title='bbox 1239 2196 1268 2248; x_wconf 86' lang='grc' dir='ltr'><strong>ό</strong></span> <span class='ocrx_word' id='word_1_174' title='bbox 1305 2197 1386 2259; x_wconf 72' lang='grc' dir='ltr'><strong>είς</strong></span> <span class='ocrx_word' id='word_1_175' title='bbox 1416 2194 1763 2264; x_wconf 81' lang='grc' dir='ltr'>πατριάρχην</span> <span class='ocrx_word' id='word_1_176' title='bbox 1809 2190 1964 2262; x_wconf 84' lang='grc' dir='ltr'>πρῶ·</span> 
     </span>
    </p>
   </div>
   <div class='ocr_carea' id='block_1_24' title="bbox 382 2281 1966 2358">
    <p class='ocr_par' dir='ltr' id='par_1_24' title="bbox 382 2281 1966 2358">
     <span class='ocr_line' id='line_1_24' title="bbox 382 2281 1966 2358; baseline -0.006 -16"><span class='ocrx_word' id='word_1_177' title='bbox 382 2304 473 2342; x_wconf 87' lang='grc' dir='ltr'><strong>τον</strong></span> <span class='ocrx_word' id='word_1_178' title='bbox 503 2285 852 2358; x_wconf 74' lang='grc' dir='ltr'><strong>χρηματίσας</strong></span> <span class='ocrx_word' id='word_1_179' title='bbox 894 2283 1166 2354; x_wconf 84' lang='grc' dir='ltr'><strong>Ἰσίδωρος</strong></span> <span class='ocrx_word' id='word_1_180' title='bbox 1221 2282 1281 2336; x_wconf 81' lang='grc' dir='ltr'><strong>ἐν</strong></span> <span class='ocrx_word' id='word_1_181' title='bbox 1310 2299 1417 2337; x_wconf 84' lang='grc' dir='ltr'>τινι</span> <span class='ocrx_word' id='word_1_182' title='bbox 1457 2281 1664 2354; x_wconf 78' lang='grc' dir='ltr'>ᾄσματι</span> <span class='ocrx_word' id='word_1_183' title='bbox 1692 2297 1705 2311; x_wconf 79' lang='grc' dir='ltr'><strong>ο</strong></span> <span class='ocrx_word' id='word_1_184' title='bbox 1734 2301 1752 2332; x_wconf 84' lang='grc' dir='ltr'><strong>ι</strong></span> <span class='ocrx_word' id='word_1_185' title='bbox 1781 2282 1966 2350; x_wconf 74' lang='grc' dir='ltr'>Φαμὲν</span> 
     </span>
    </p>
   </div>
   <div class='ocr_carea' id='block_1_25' title="bbox 385 2367 1965 2446">
    <p class='ocr_par' dir='ltr' id='par_1_25' title="bbox 385 2367 1965 2446">
     <span class='ocr_line' id='line_1_25' title="bbox 385 2367 1965 2446; baseline -0.003 -15"><span class='ocrx_word' id='word_1_186' title='bbox 385 2396 481 2432; x_wconf 89' lang='grc' dir='ltr'><strong>σου</strong></span> <span class='ocrx_word' id='word_1_187' title='bbox 517 2367 748 2446; x_wconf 70' lang='grc' dir='ltr'>θεότητα</span> <span class='ocrx_word' id='word_1_188' title='bbox 777 2375 988 2446; x_wconf 83' lang='grc' dir='ltr'>κυρίως</span> <span class='ocrx_word' id='word_1_189' title='bbox 1013 2375 1113 2446; x_wconf 78' lang='grc' dir='ltr'>τὴν</span> <span class='ocrx_word' id='word_1_190' title='bbox 1137 2375 1450 2444; x_wconf 79' lang='grc' dir='ltr'>ἐνέργειαν,</span> <span class='ocrx_word' id='word_1_191' title='bbox 1486 2373 1636 2442; x_wconf 86' lang='grc' dir='ltr'><strong>πόοῳ</strong></span> <span class='ocrx_word' id='word_1_192' title='bbox 1664 2372 1720 2426; x_wconf 83' lang='grc' dir='ltr'>δὲ</span> <span class='ocrx_word' id='word_1_193' title='bbox 1762 2372 1965 2426; x_wconf 84' lang='grc' dir='ltr'>πολλά-</span> 
     </span>
    </p>
   </div>
   <div class='ocr_carea' id='block_1_26' title="bbox 387 2461 1968 2538">
    <p class='ocr_par' dir='ltr' id='par_1_26' title="bbox 387 2461 1968 2538">
     <span class='ocr_line' id='line_1_26' title="bbox 387 2461 1968 2538; baseline -0.006 -16"><span class='ocrx_word' id='word_1_194' title='bbox 387 2485 475 2532; x_wconf 84' lang='grc' dir='ltr'><strong>κις</strong></span> <span class='ocrx_word' id='word_1_195' title='bbox 502 2467 600 2521; x_wconf 73' lang='grc' dir='ltr'>καὶ</span> <span class='ocrx_word' id='word_1_196' title='bbox 626 2466 728 2538; x_wconf 79' lang='grc' dir='ltr'>τὴν</span> <span class='ocrx_word' id='word_1_197' title='bbox 751 2465 936 2536; x_wconf 86' lang='grc' dir='ltr'>φύσιν.</span> <span class='ocrx_word' id='word_1_198' title='bbox 968 2484 986 2517; x_wconf 72' lang='grc' dir='ltr'><strong>ι</strong></span> <span class='ocrx_word' id='word_1_199' title='bbox 1020 2462 1213 2518; x_wconf 90' lang='grc' dir='ltr'>Ταῦτα</span> <span class='ocrx_word' id='word_1_200' title='bbox 1242 2463 1300 2516; x_wconf 78' lang='grc' dir='ltr'>δὲ</span> <span class='ocrx_word' id='word_1_201' title='bbox 1345 2463 1522 2518; x_wconf 80' lang='grc' dir='ltr'>πάντα</span> <span class='ocrx_word' id='word_1_202' title='bbox 1561 2461 1968 2531; x_wconf 64' lang='grc' dir='ltr'>συμπεραίνονη</span> 
     </span>
    </p>
   </div>
   <div class='ocr_carea' id='block_1_27' title="bbox 387 2552 1971 2628">
    <p class='ocr_par' dir='ltr' id='par_1_27' title="bbox 387 2552 1971 2628">
     <span class='ocr_line' id='line_1_27' title="bbox 387 2552 1971 2628; baseline -0.004 -16"><span class='ocrx_word' id='word_1_203' title='bbox 387 2575 476 2622; x_wconf 90' lang='grc' dir='ltr'><strong>τες</strong></span> <span class='ocrx_word' id='word_1_204' title='bbox 508 2559 566 2612; x_wconf 80' lang='grc' dir='ltr'><strong>ἐν</strong></span> <span class='ocrx_word' id='word_1_205' title='bbox 590 2557 742 2628; x_wconf 85' lang='grc' dir='ltr'>τόμῳ</span> <span class='ocrx_word' id='word_1_206' title='bbox 773 2556 929 2626; x_wconf 82' lang='grc' dir='ltr'>φασί.</span> <span class='ocrx_word' id='word_1_207' title='bbox 960 2555 1113 2610; x_wconf 78' lang='grc' dir='ltr'>Μετὰ</span> <span class='ocrx_word' id='word_1_208' title='bbox 1139 2554 1297 2609; x_wconf 86' lang='grc' dir='ltr'>τοῦτο</span> <span class='ocrx_word' id='word_1_209' title='bbox 1331 2552 1595 2624; x_wconf 80' lang='grc' dir='ltr'>ἐζητήθη,</span> <span class='ocrx_word' id='word_1_210' title='bbox 1619 2553 1672 2605; x_wconf 77' lang='lat' dir='ltr'><strong>si!</strong></span> <span class='ocrx_word' id='word_1_211' title='bbox 1689 2569 1754 2620; x_wconf 86' lang='grc' dir='ltr'><strong>γε</strong></span> <span class='ocrx_word' id='word_1_212' title='bbox 1785 2554 1817 2622; x_wconf 77' lang='grc' dir='ltr'>ἡ</span> <span class='ocrx_word' id='word_1_213' title='bbox 1848 2553 1971 2606; x_wconf 87' lang='grc' dir='ltr'>θεία</span> 
     </span>
    </p>
   </div>
   <div class='ocr_carea' id='block_1_28' title="bbox 388 2645 1970 2719">
    <p class='ocr_par' dir='ltr' id='par_1_28' title="bbox 388 2645 1970 2719">
     <span class='ocr_line' id='line_1_28' title="bbox 388 2645 1970 2719; baseline -0.008 -11"><span class='ocrx_word' id='word_1_214' title='bbox 388 2651 646 2712; x_wconf 79' lang='grc' dir='ltr'>ᾶκτιστος</span> <span class='ocrx_word' id='word_1_215' title='bbox 676 2651 928 2719; x_wconf 81' lang='grc' dir='ltr'>ἐνέργεια</span> <span class='ocrx_word' id='word_1_216' title='bbox 949 2648 1140 2717; x_wconf 82' lang='grc' dir='ltr'>θεότης</span> <span class='ocrx_word' id='word_1_217' title='bbox 1172 2645 1324 2717; x_wconf 79' lang='grc' dir='ltr'>παρὰ</span> <span class='ocrx_word' id='word_1_218' title='bbox 1353 2645 1461 2698; x_wconf 81' lang='grc' dir='ltr'>τῶν</span> <span class='ocrx_word' id='word_1_219' title='bbox 1494 2645 1666 2714; x_wconf 82' lang='grc' dir='ltr'>ἁγίων</span> <span class='ocrx_word' id='word_1_220' title='bbox 1697 2661 1970 2715; x_wconf 72' lang='grc' dir='ltr'>προσαγοσ</span> 
     </span>
    </p>
   </div>
   <div class='ocr_carea' id='block_1_29' title="bbox 391 2736 1971 2814">
    <p class='ocr_par' dir='ltr' id='par_1_29' title="bbox 391 2736 1971 2814">
     <span class='ocr_line' id='line_1_29' title="bbox 391 2736 1971 2814; baseline -0.004 -18"><span class='ocrx_word' id='word_1_221' title='bbox 391 2741 634 2814; x_wconf 74' lang='grc' dir='ltr'>ρεύεται,</span> <span class='ocrx_word' id='word_1_222' title='bbox 667 2741 761 2794; x_wconf 68' lang='lat' dir='ltr'><strong>xa‘t</strong></span> <span class='ocrx_word' id='word_1_223' title='bbox 787 2740 1030 2810; x_wconf 83' lang='grc' dir='ltr'>ἀνεφάνη</span> <span class='ocrx_word' id='word_1_224' title='bbox 1065 2741 1159 2793; x_wconf 80' lang='grc' dir='ltr'>καὶ</span> <span class='ocrx_word' id='word_1_225' title='bbox 1189 2737 1352 2791; x_wconf 86' lang='grc' dir='ltr'>τοῦτο</span> <span class='ocrx_word' id='word_1_226' title='bbox 1381 2737 1532 2807; x_wconf 82' lang='grc' dir='ltr'>παρὰ</span> <span class='ocrx_word' id='word_1_227' title='bbox 1560 2737 1670 2791; x_wconf 83' lang='grc' dir='ltr'><strong>τῶν</strong></span> <span class='ocrx_word' id='word_1_228' title='bbox 1699 2736 1971 2804; x_wconf 86' lang='grc' dir='ltr'>θεολόγων</span> 
     </span>
    </p>
   </div>
   <div class='ocr_carea' id='block_1_30' title="bbox 392 2825 1965 2902">
    <p class='ocr_par' dir='ltr' id='par_1_30' title="bbox 392 2825 1965 2902">
     <span class='ocr_line' id='line_1_30' title="bbox 392 2825 1965 2902; baseline -0.004 -17"><span class='ocrx_word' id='word_1_229' title='bbox 392 2831 822 2902; x_wconf 76' lang='grc' dir='ltr'>κηρυττόμενον·</span> <span class='ocrx_word' id='word_1_230' title='bbox 861 2830 957 2883; x_wconf 80' lang='grc' dir='ltr'>καὶ</span> <span class='ocrx_word' id='word_1_231' title='bbox 998 2828 1133 2896; x_wconf 81' lang='grc' dir='ltr'>πρὸς</span> <span class='ocrx_word' id='word_1_232' title='bbox 1165 2827 1339 2898; x_wconf 81' lang='grc' dir='ltr'>τούτῳ</span> <span class='ocrx_word' id='word_1_233' title='bbox 1387 2825 1547 2888; x_wconf 73' lang='grc' dir='ltr'>αὖθις</span> <span class='ocrx_word' id='word_1_234' title='bbox 1575 2828 1633 2879; x_wconf 83' lang='grc' dir='ltr'><strong>ἐν</strong></span> <span class='ocrx_word' id='word_1_235' title='bbox 1677 2825 1754 2895; x_wconf 84' lang='grc' dir='ltr'><strong>τῷ</strong></span> <span class='ocrx_word' id='word_1_236' title='bbox 1788 2827 1965 2897; x_wconf 82' lang='grc' dir='ltr'>τόμῳ,</span> 
     </span>
    </p>
   </div>
   <div class='ocr_carea' id='block_1_31' title="bbox 399 2914 1970 2992">
    <p class='ocr_par' dir='ltr' id='par_1_31' title="bbox 399 2914 1970 2992">
     <span class='ocr_line' id='line_1_31' title="bbox 399 2914 1970 2992; baseline -0.004 -18"><span class='ocrx_word' id='word_1_237' title='bbox 399 2941 420 2974; x_wconf 77' lang='grc' dir='ltr'><strong>ι</strong></span> <span class='ocrx_word' id='word_1_238' title='bbox 471 2919 872 2992; x_wconf 78' lang='grc' dir='ltr'>Ἐζητησαμεν,</span> <span class='ocrx_word' id='word_1_239' title='bbox 900 2919 1088 2987; x_wconf 63' lang='grc' dir='ltr'>φασιν,</span> <span class='ocrx_word' id='word_1_240' title='bbox 1121 2917 1509 2988; x_wconf 85' lang='grc' dir='ltr'>ἀποδειχθῆναι</span> <span class='ocrx_word' id='word_1_241' title='bbox 1536 2915 1687 2986; x_wconf 81' lang='grc' dir='ltr'>παρὰ</span> <span class='ocrx_word' id='word_1_242' title='bbox 1713 2915 1824 2970; x_wconf 83' lang='grc' dir='ltr'>τῶν</span> <span class='ocrx_word' id='word_1_243' title='bbox 1851 2914 1970 2969; x_wconf 85' lang='grc' dir='ltr'>θεο-</span> 
     </span>
    </p>
   </div>
   <div class='ocr_carea' id='block_1_32' title="bbox 394 3008 1974 3083">
    <p class='ocr_par' dir='ltr' id='par_1_32' title="bbox 394 3008 1974 3083">
     <span class='ocr_line' id='line_1_32' title="bbox 394 3008 1974 3083; baseline -0.002 -18"><span class='ocrx_word' id='word_1_244' title='bbox 394 3015 597 3083; x_wconf 74' lang='grc' dir='ltr'>λόγων,</span> <span class='ocrx_word' id='word_1_245' title='bbox 625 3015 676 3066; x_wconf 81' lang='grc' dir='ltr'><strong>εί</strong></span> <span class='ocrx_word' id='word_1_246' title='bbox 706 3012 1033 3082; x_wconf 80' lang='grc' dir='ltr'>ὑπέρκειται</span> <span class='ocrx_word' id='word_1_247' title='bbox 1073 3011 1280 3081; x_wconf 81' lang='grc' dir='ltr'>ταύτης</span> <span class='ocrx_word' id='word_1_248' title='bbox 1327 3009 1452 3064; x_wconf 86' lang='grc' dir='ltr'>κατ’</span> <span class='ocrx_word' id='word_1_249' title='bbox 1500 3009 1689 3063; x_wconf 76' lang='grc' dir='ltr'>οὐσίαν</span> <span class='ocrx_word' id='word_1_250' title='bbox 1733 3010 1760 3062; x_wconf 86' lang='grc' dir='ltr'><strong>ό</strong></span> <span class='ocrx_word' id='word_1_251' title='bbox 1799 3008 1974 3073; x_wconf 80' lang='grc' dir='ltr'>Θεόςο</span> 
     </span>
    </p>
   </div>
   <div class='ocr_carea' id='block_1_33' title="bbox 396 3104 1979 3178">
    <p class='ocr_par' dir='ltr' id='par_1_33' title="bbox 396 3104 1979 3178">
     <span class='ocr_line' id='line_1_33' title="bbox 396 3104 1979 3178; baseline -0.005 -14"><span class='ocrx_word' id='word_1_252' title='bbox 396 3111 493 3164; x_wconf 64' lang='grc' dir='ltr'><strong>κα)⁵</strong></span> <span class='ocrx_word' id='word_1_253' title='bbox 519 3109 766 3178; x_wconf 75' lang='grc' dir='ltr'>ἀνεφάνη</span> <span class='ocrx_word' id='word_1_254' title='bbox 810 3109 907 3162; x_wconf 76' lang='grc' dir='ltr'>καὶ</span> <span class='ocrx_word' id='word_1_255' title='bbox 948 3106 1110 3160; x_wconf 84' lang='grc' dir='ltr'>τοῦτο</span> <span class='ocrx_word' id='word_1_256' title='bbox 1147 3106 1301 3178; x_wconf 67' lang='grc' dir='ltr'>παρὰ</span> <span class='ocrx_word' id='word_1_257' title='bbox 1359 3104 1580 3160; x_wconf 81' lang='grc' dir='ltr'>πάντων</span> <span class='ocrx_word' id='word_1_258' title='bbox 1630 3105 1979 3175; x_wconf 85' lang='grc' dir='ltr'>κηρυττόμε-</span> 
     </span>
    </p>
   </div>
   <div class='ocr_carea' id='block_1_34' title="bbox 395 3217 574 3255">
    <p class='ocr_par' dir='ltr' id='par_1_34' title="bbox 395 3217 574 3255">
     <span class='ocr_line' id='line_1_34' title="bbox 395 3217 574 3255; baseline 0.011 -3"><span class='ocrx_word' id='word_1_259' title='bbox 395 3217 509 3255; x_wconf 85' lang='grc' dir='ltr'>νον.</span> <span class='ocrx_word' id='word_1_260' title='bbox 555 3221 574 3254; x_wconf 75' lang='grc' dir='ltr'><strong>ι</strong></span> 
     </span>
    </p>
   </div>
   <div class='ocr_carea' id='block_1_35' title="bbox 2045 609 3621 696">
    <p class='ocr_par' dir='ltr' id='par_1_35' title="bbox 2045 609 3621 696">
     <span class='ocr_line' id='line_1_35' title="bbox 2045 609 3621 696; baseline -0.016 -10"><span class='ocrx_word' id='word_1_261' title='bbox 2045 609 2175 686; x_wconf 81' lang='lat' dir='ltr'><strong>facti</strong></span> <span class='ocrx_word' id='word_1_262' title='bbox 2230 643 2457 694; x_wconf 89' lang='lat' dir='ltr'><strong>sumus,</strong></span> <span class='ocrx_word' id='word_1_263' title='bbox 2508 626 2602 696; x_wconf 88' lang='lat' dir='ltr'><strong>qui</strong></span> <span class='ocrx_word' id='word_1_264' title='bbox 2669 625 2909 681; x_wconf 83' lang='lat' dir='ltr'><strong>sciamus</strong></span> <span class='ocrx_word' id='word_1_265' title='bbox 2982 617 3345 677; x_wconf 73' lang='lat' dir='ltr'><strong>substantiam</strong></span> <span class='ocrx_word' id='word_1_266' title='bbox 3398 609 3621 682; x_wconf 85' lang='lat' dir='ltr'><strong>quidem</strong></span> 
     </span>
    </p>
   </div>
   <div class='ocr_carea' id='block_1_36' title="bbox 2046 705 3623 787">
    <p class='ocr_par' dir='ltr' id='par_1_36' title="bbox 2046 705 3623 787">
     <span class='ocr_line' id='line_1_36' title="bbox 2046 705 3623 787; baseline -0.015 -12"><span class='ocrx_word' id='word_1_267' title='bbox 2046 735 2234 786; x_wconf 89' lang='lat' dir='ltr'><strong>unam,</strong></span> <span class='ocrx_word' id='word_1_268' title='bbox 2262 734 2325 774; x_wconf 92' lang='lat' dir='ltr'><strong>ac</strong></span> <span class='ocrx_word' id='word_1_269' title='bbox 2380 717 2711 787; x_wconf 81' lang='lat' dir='ltr'><strong>simplicem,</strong></span> <span class='ocrx_word' id='word_1_270' title='bbox 2742 723 2906 784; x_wconf 88' lang='lat' dir='ltr'><strong>atque</strong></span> <span class='ocrx_word' id='word_1_271' title='bbox 2959 705 3356 767; x_wconf 80' lang='lat' dir='ltr'><strong>indivisibilem</strong></span> <span class='ocrx_word' id='word_1_272' title='bbox 3408 715 3508 770; x_wconf 89' lang='lat' dir='ltr'><strong>per</strong></span> <span class='ocrx_word' id='word_1_273' title='bbox 3543 711 3623 763; x_wconf 85' lang='lat' dir='ltr'><strong>se,</strong></span> 
     </span>
    </p>
   </div>
   <div class='ocr_carea' id='block_1_37' title="bbox 2048 800 3625 876">
    <p class='ocr_par' dir='ltr' id='par_1_37' title="bbox 2048 800 3625 876">
     <span class='ocr_line' id='line_1_37' title="bbox 2048 800 3625 876; baseline -0.015 -10"><span class='ocrx_word' id='word_1_274' title='bbox 2048 812 2170 868; x_wconf 84' lang='lat' dir='ltr'><strong>illas</strong></span> <span class='ocrx_word' id='word_1_275' title='bbox 2206 827 2341 867; x_wconf 84' lang='lat' dir='ltr'><strong>vero</strong></span> <span class='ocrx_word' id='word_1_276' title='bbox 2399 825 2512 864; x_wconf 92' lang='lat' dir='ltr'><strong>non</strong></span> <span class='ocrx_word' id='word_1_277' title='bbox 2559 817 2775 865; x_wconf 85' lang='lat' dir='ltr'><strong>tantum</strong></span> <span class='ocrx_word' id='word_1_278' title='bbox 2823 806 3032 876; x_wconf 82' lang='lat' dir='ltr'><strong>plures,</strong></span> <span class='ocrx_word' id='word_1_279' title='bbox 3095 800 3192 857; x_wconf 85' lang='lat' dir='ltr'><strong>sed</strong></span> <span class='ocrx_word' id='word_1_280' title='bbox 3242 805 3297 854; x_wconf 90' lang='lat' dir='ltr'><strong>et</strong></span> <span class='ocrx_word' id='word_1_281' title='bbox 3332 803 3625 850; x_wconf 79' lang='lat' dir='ltr'><strong>numerum</strong></span> 
     </span>
    </p>
   </div>
   <div class='ocr_carea' id='block_1_38' title="bbox 2049 879 3625 964">
    <p class='ocr_par' dir='ltr' id='par_1_38' title="bbox 2049 879 3625 964">
     <span class='ocr_line' id='line_1_38' title="bbox 2049 879 3625 964; baseline -0.016 -5"><span class='ocrx_word' id='word_1_282' title='bbox 2049 901 2396 959; x_wconf 85' lang='lat' dir='ltr'><strong>excedentes.</strong></span> <span class='ocrx_word' id='word_1_283' title='bbox 2438 919 2457 954; x_wconf 76' lang='grc' dir='ltr'><strong>ι</strong></span> <span class='ocrx_word' id='word_1_284' title='bbox 2493 900 2560 955; x_wconf 89' lang='grc' dir='ltr'>Ει</span> <span class='ocrx_word' id='word_1_285' title='bbox 2603 899 2660 954; x_wconf 93' lang='lat' dir='ltr'><strong>in</strong></span> <span class='ocrx_word' id='word_1_286' title='bbox 2701 898 2974 963; x_wconf 81' lang='lat' dir='ltr'><strong>oratione,</strong></span> <span class='ocrx_word' id='word_1_287' title='bbox 3003 895 3160 964; x_wconf 80' lang='lat' dir='ltr'><strong>cujus</strong></span> <span class='ocrx_word' id='word_1_288' title='bbox 3193 887 3412 946; x_wconf 88' lang='lat' dir='ltr'><strong>initium</strong></span> <span class='ocrx_word' id='word_1_289' title='bbox 3445 879 3625 940; x_wconf 82' lang='lat' dir='ltr'><strong>:Con-</strong></span> 
     </span>
    </p>
   </div>
   <div class='ocr_carea' id='block_1_39' title="bbox 2053 971 3626 1067">
    <p class='ocr_par' dir='ltr' id='par_1_39' title="bbox 2053 971 3626 1067">
     <span class='ocr_line' id='line_1_39' title="bbox 2053 971 3626 1067; baseline -0.012 -14"><span class='ocrx_word' id='word_1_290' title='bbox 2053 998 2270 1054; x_wconf 80' lang='lat' dir='ltr'><strong>tendunt</strong></span> <span class='ocrx_word' id='word_1_291' title='bbox 2300 995 2510 1067; x_wconf 80' lang='lat' dir='ltr'><strong>quidem</strong></span> <span class='ocrx_word' id='word_1_292' title='bbox 2551 1008 2608 1048; x_wconf 74' lang='lat' dir='ltr'><strong>se</strong></span> <span class='ocrx_word' id='word_1_293' title='bbox 2648 991 2872 1045; x_wconf 79' lang='lat' dir='ltr'><strong>invicem</strong></span> <span class='ocrx_word' id='word_1_294' title='bbox 2904 1000 3159 1057; x_wconf 80' lang='lat' dir='ltr'><strong>superare</strong></span> <span class='ocrx_word' id='word_1_295' title='bbox 3191 1020 3208 1048; x_wconf 94' lang='lat'><strong>,</strong></span> <span class='ocrx_word' id='word_1_296' title='bbox 3247 999 3267 1032; x_wconf 84' lang='grc' dir='ltr'><strong>ι</strong></span> <span class='ocrx_word' id='word_1_297' title='bbox 3294 979 3400 1044; x_wconf 89' lang='grc' dir='ltr'>Τυ,</span> <span class='ocrx_word' id='word_1_298' title='bbox 3426 971 3626 1067; x_wconf 65' lang='lat' dir='ltr'><strong>inquit.</strong></span> 
     </span>
    </p>
   </div>
   <div class='ocr_carea' id='block_1_40' title="bbox 2054 1062 3631 1156">
    <p class='ocr_par' dir='ltr' id='par_1_40' title="bbox 2054 1062 3631 1156">
     <span class='ocr_line' id='line_1_40' title="bbox 2054 1062 3631 1156; baseline -0.02 -8"><span class='ocrx_word' id='word_1_299' title='bbox 2054 1090 2200 1148; x_wconf 90' lang='lat' dir='ltr'><strong>unde</strong></span> <span class='ocrx_word' id='word_1_300' title='bbox 2234 1062 2338 1145; x_wconf 74' lang='lat' dir='ltr'><strong>nos</strong></span> <span class='ocrx_word' id='word_1_301' title='bbox 2391 1081 2844 1156; x_wconf 86' lang='lat' dir='ltr'><strong>deprehendisti,</strong></span> <span class='ocrx_word' id='word_1_302' title='bbox 2896 1087 2952 1136; x_wconf 93' lang='lat' dir='ltr'><strong>et</strong></span> <span class='ocrx_word' id='word_1_303' title='bbox 3001 1076 3334 1147; x_wconf 84' lang='lat' dir='ltr'><strong>quibusnam</strong></span> <span class='ocrx_word' id='word_1_304' title='bbox 3383 1062 3631 1156; x_wconf 86' lang='lat' dir='ltr'><strong>ostendis</strong></span> 
     </span>
    </p>
   </div>
   <div class='ocr_carea' id='block_1_41' title="bbox 2055 1155 3683 1243">
    <p class='ocr_par' dir='ltr' id='par_1_41' title="bbox 2055 1155 3683 1243">
     <span class='ocr_line' id='line_1_41' title="bbox 2055 1155 3683 1243; baseline -0.017 -4"><span class='ocrx_word' id='word_1_305' title='bbox 2055 1197 2176 1240; x_wconf 90' lang='lat' dir='ltr'><strong>esse</strong></span> <span class='ocrx_word' id='word_1_306' title='bbox 2205 1155 2488 1243; x_wconf 81' lang='lat' dir='ltr'><strong>dith‘eitas,</strong></span> <span class='ocrx_word' id='word_1_307' title='bbox 2508 1177 2648 1234; x_wconf 73' lang='lat' dir='ltr'><strong>duos</strong></span> <span class='ocrx_word' id='word_1_308' title='bbox 2674 1173 2808 1229; x_wconf 88' lang='lat' dir='ltr'><strong>deos</strong></span> <span class='ocrx_word' id='word_1_309' title='bbox 2841 1165 3178 1233; x_wconf 81' lang='lat' dir='ltr'><strong>sentientes?</strong></span> <span class='ocrx_word' id='word_1_310' title='bbox 3205 1160 3354 1235; x_wconf 89' lang='lat' dir='ltr'><strong>quod</strong></span> <span class='ocrx_word' id='word_1_311' title='bbox 3385 1155 3630 1228; x_wconf 88' lang='lat' dir='ltr'><strong>ejusdem</strong></span> <span class='ocrx_word' id='word_1_312' title='bbox 3677 1215 3683 1232; x_wconf 25' lang='grc' dir='ltr'><strong><em>ἔ</em></strong></span> 
     </span>
    </p>
   </div>
   <div class='ocr_carea' id='block_1_42' title="bbox 2056 1243 3636 1340">
    <p class='ocr_par' dir='ltr' id='par_1_42' title="bbox 2056 1243 3636 1340">
     <span class='ocr_line' id='line_1_42' title="bbox 2056 1243 3636 1340; baseline -0.022 -10"><span class='ocrx_word' id='word_1_313' title='bbox 2056 1273 2182 1340; x_wconf 89' lang='lat' dir='ltr'><strong>Dei,</strong></span> <span class='ocrx_word' id='word_1_314' title='bbox 2209 1285 2264 1328; x_wconf 90' lang='lat' dir='ltr'><strong>et</strong></span> <span class='ocrx_word' id='word_1_315' title='bbox 2304 1268 2604 1328; x_wconf 75' lang='lat' dir='ltr'><strong>visibilem.</strong></span> <span class='ocrx_word' id='word_1_316' title='bbox 2631 1265 2763 1336; x_wconf 92' lang='lat' dir='ltr'><strong>quin</strong></span> <span class='ocrx_word' id='word_1_317' title='bbox 2795 1263 2982 1334; x_wconf 89' lang='lat' dir='ltr'><strong>potius</strong></span> <span class='ocrx_word' id='word_1_318' title='bbox 3025 1266 3082 1314; x_wconf 90' lang='lat' dir='ltr'><strong>et</strong></span> <span class='ocrx_word' id='word_1_319' title='bbox 3115 1249 3522 1340; x_wconf 79' lang='lat' dir='ltr'><strong>intelligibilem</strong></span> <span class='ocrx_word' id='word_1_320' title='bbox 3550 1243 3636 1299; x_wconf 89' lang='lat' dir='ltr'><strong>di-</strong></span> 
     </span>
    </p>
   </div>
   <div class='ocr_carea' id='block_1_43' title="bbox 2059 1337 3638 1429">
    <p class='ocr_par' dir='ltr' id='par_1_43' title="bbox 2059 1337 3638 1429">
     <span class='ocr_line' id='line_1_43' title="bbox 2059 1337 3638 1429; baseline -0.022 -5"><span class='ocrx_word' id='word_1_321' title='bbox 2059 1337 2240 1424; x_wconf 84' lang='lat' dir='ltr'><strong>cimus</strong></span> <span class='ocrx_word' id='word_1_322' title='bbox 2278 1363 2572 1426; x_wconf 60' lang='lat' dir='ltr'><strong>deitatem;</strong></span> <span class='ocrx_word' id='word_1_323' title='bbox 2597 1352 3060 1429; x_wconf 86' lang='lat' dir='ltr'><strong>quemadmodum</strong></span> <span class='ocrx_word' id='word_1_324' title='bbox 3083 1347 3287 1404; x_wconf 89' lang='lat' dir='ltr'><strong>docent</strong></span> <span class='ocrx_word' id='word_1_325' title='bbox 3309 1339 3450 1400; x_wconf 77' lang='lat' dir='ltr'><strong>sacri</strong></span> <span class='ocrx_word' id='word_1_326' title='bbox 3477 1337 3638 1392; x_wconf 85' lang='lat' dir='ltr'><strong>theo-</strong></span> 
     </span>
    </p>
   </div>
   <div class='ocr_carea' id='block_1_44' title="bbox 2059 1433 3655 1530">
    <p class='ocr_par' dir='ltr' id='par_1_44' title="bbox 2059 1433 3655 1530">
     <span class='ocr_line' id='line_1_44' title="bbox 2059 1433 3655 1530; baseline -0.022 -14"><span class='ocrx_word' id='word_1_327' title='bbox 2059 1459 2190 1530; x_wconf 84' lang='lat' dir='ltr'><strong>logi.</strong></span> <span class='ocrx_word' id='word_1_328' title='bbox 2228 1476 2246 1510; x_wconf 77' lang='grc' dir='ltr'><strong>ι</strong></span> <span class='ocrx_word' id='word_1_329' title='bbox 2273 1457 2347 1512; x_wconf 82' lang='lat' dir='ltr'><strong>&#39;Et</strong></span> <span class='ocrx_word' id='word_1_330' title='bbox 2379 1455 2435 1510; x_wconf 91' lang='lat' dir='ltr'><strong>in</strong></span> <span class='ocrx_word' id='word_1_331' title='bbox 2465 1453 2570 1510; x_wconf 90' lang='lat' dir='ltr'><strong>alia</strong></span> <span class='ocrx_word' id='word_1_332' title='bbox 2597 1450 2868 1513; x_wconf 91' lang='lat' dir='ltr'><strong>oratione,</strong></span> <span class='ocrx_word' id='word_1_333' title='bbox 2901 1445 3058 1517; x_wconf 84' lang='lat' dir='ltr'><strong>cujus</strong></span> <span class='ocrx_word' id='word_1_334' title='bbox 3087 1439 3341 1496; x_wconf 86' lang='lat' dir='ltr'><strong>initium:</strong></span> <span class='ocrx_word' id='word_1_335' title='bbox 3365 1433 3492 1530; x_wconf 70' lang='lat' dir='ltr'><strong>Tria</strong></span> <span class='ocrx_word' id='word_1_336' title='bbox 3517 1444 3655 1530; x_wconf 66' lang='lat' dir='ltr'><strong>cam.-</strong></span> 
     </span>
    </p>
   </div>
   <div class='ocr_carea' id='block_1_45' title="bbox 2061 1525 3637 1613">
    <p class='ocr_par' dir='ltr' id='par_1_45' title="bbox 2061 1525 3637 1613">
     <span class='ocr_line' id='line_1_45' title="bbox 2061 1525 3637 1613; baseline -0.02 -6"><span class='ocrx_word' id='word_1_337' title='bbox 2061 1525 2164 1607; x_wconf 63' lang='lat' dir='ltr'><strong>sint</strong></span> <span class='ocrx_word' id='word_1_338' title='bbox 2198 1551 2254 1605; x_wconf 84' lang='lat' dir='ltr'><strong>in</strong></span> <span class='ocrx_word' id='word_1_339' title='bbox 2281 1564 2491 1604; x_wconf 83' lang='lat' dir='ltr'><strong>summa</strong></span> <span class='ocrx_word' id='word_1_340' title='bbox 2519 1586 2534 1613; x_wconf 93' lang='lat'><strong>,</strong></span> <span class='ocrx_word' id='word_1_341' title='bbox 2572 1563 2592 1598; x_wconf 81' lang='grc' dir='ltr'><strong>ι</strong></span> <span class='ocrx_word' id='word_1_342' title='bbox 2629 1542 2736 1600; x_wconf 89' lang='lat' dir='ltr'><strong>Sed</strong></span> <span class='ocrx_word' id='word_1_343' title='bbox 2788 1533 3242 1611; x_wconf 84' lang='lat' dir='ltr'><strong>quandoquidem</strong></span> <span class='ocrx_word' id='word_1_344' title='bbox 3272 1542 3396 1590; x_wconf 76' lang='lat' dir='ltr'><strong>nos,</strong></span> <span class='ocrx_word' id='word_1_345' title='bbox 3433 1525 3637 1592; x_wconf 71' lang='lat' dir='ltr'><strong>inquit;</strong></span> 
     </span>
    </p>
   </div>
   <div class='ocr_carea' id='block_1_46' title="bbox 2064 1615 3640 1711">
    <p class='ocr_par' dir='ltr' id='par_1_46' title="bbox 2064 1615 3640 1711">
     <span class='ocr_line' id='line_1_46' title="bbox 2064 1615 3640 1711; baseline -0.022 -10"><span class='ocrx_word' id='word_1_346' title='bbox 2064 1642 2362 1701; x_wconf 88' lang='lat' dir='ltr'><strong>secundam</strong></span> <span class='ocrx_word' id='word_1_347' title='bbox 2392 1649 2676 1711; x_wconf 85' lang='lat' dir='ltr'><strong>paternam</strong></span> <span class='ocrx_word' id='word_1_348' title='bbox 2713 1631 3134 1704; x_wconf 74' lang='lat' dir='ltr'><strong>expositionem,</strong></span> <span class='ocrx_word' id='word_1_349' title='bbox 3175 1623 3344 1680; x_wconf 89' lang='lat' dir='ltr'><strong>etiam</strong></span> <span class='ocrx_word' id='word_1_350' title='bbox 3374 1615 3640 1674; x_wconf 76' lang='lat' dir='ltr'><strong>deiﬁcan-</strong></span> 
     </span>
    </p>
   </div>
   <div class='ocr_carea' id='block_1_47' title="bbox 2067 1711 3650 1804">
    <p class='ocr_par' dir='ltr' id='par_1_47' title="bbox 2067 1711 3650 1804">
     <span class='ocr_line' id='line_1_47' title="bbox 2067 1711 3650 1804; baseline -0.02 -11"><span class='ocrx_word' id='word_1_351' title='bbox 2067 1747 2199 1802; x_wconf 89' lang='lat' dir='ltr'><strong>tem,</strong></span> <span class='ocrx_word' id='word_1_352' title='bbox 2231 1743 2286 1790; x_wconf 88' lang='lat' dir='ltr'><strong>et</strong></span> <span class='ocrx_word' id='word_1_353' title='bbox 2321 1731 2686 1804; x_wconf 78' lang='lat' dir='ltr'><strong>purgativam,</strong></span> <span class='ocrx_word' id='word_1_354' title='bbox 2734 1737 2794 1804; x_wconf 82' lang='lat' dir='ltr'><strong>et</strong></span> <span class='ocrx_word' id='word_1_355' title='bbox 2841 1713 3176 1794; x_wconf 58' lang='lat' dir='ltr'><strong>aspectiiam</strong></span> <span class='ocrx_word' id='word_1_356' title='bbox 3225 1711 3558 1804; x_wconf 62' lang='lat' dir='ltr'><strong>potentiam_</strong></span> <span class='ocrx_word' id='word_1_357' title='bbox 3586 1715 3650 1762; x_wconf 78' lang='lat' dir='ltr'><strong>er</strong></span> 
     </span>
    </p>
   </div>
   <div class='ocr_carea' id='block_1_48' title="bbox 2067 1799 3647 1898">
    <p class='ocr_par' dir='ltr' id='par_1_48' title="bbox 2067 1799 3647 1898">
     <span class='ocr_line' id='line_1_48' title="bbox 2067 1799 3647 1898; baseline -0.018 -14"><span class='ocrx_word' id='word_1_358' title='bbox 2067 1799 2461 1898; x_wconf 55' lang='lat' dir='ltr'><strong>operationem,</strong></span> <span class='ocrx_word' id='word_1_359' title='bbox 2487 1821 2690 1878; x_wconf 87' lang='lat' dir='ltr'><strong>multas</strong></span> <span class='ocrx_word' id='word_1_360' title='bbox 2717 1799 2855 1874; x_wconf 83' lang='lat' dir='ltr'><strong>alias</strong></span> <span class='ocrx_word' id='word_1_361' title='bbox 2882 1823 3148 1887; x_wconf 70' lang='lat' dir='ltr'><strong>praeterea</strong></span> <span class='ocrx_word' id='word_1_362' title='bbox 3167 1807 3509 1898; x_wconf 84' lang='lat' dir='ltr'><strong>celebramus</strong></span> <span class='ocrx_word' id='word_1_363' title='bbox 3539 1799 3647 1898; x_wconf 73' lang='lat' dir='ltr'><strong>hac</strong></span> 
     </span>
    </p>
   </div>
   <div class='ocr_carea' id='block_1_49' title="bbox 2062 1893 3646 1988">
    <p class='ocr_par' dir='ltr' id='par_1_49' title="bbox 2062 1893 3646 1988">
     <span class='ocr_line' id='line_1_49' title="bbox 2062 1893 3646 1988; baseline -0.019 -14"><span class='ocrx_word' id='word_1_364' title='bbox 2062 1893 2427 1988; x_wconf 81' lang='lat' dir='ltr'><strong>appellatione</strong></span> <span class='ocrx_word' id='word_1_365' title='bbox 2484 1911 2707 1970; x_wconf 83' lang='lat' dir='ltr'><strong>deitatis</strong></span> <span class='ocrx_word' id='word_1_366' title='bbox 2736 1927 2752 1964; x_wconf 87' lang='lat'><strong>:</strong></span> <span class='ocrx_word' id='word_1_367' title='bbox 2785 1917 2842 1964; x_wconf 89' lang='lat' dir='ltr'><strong>et</strong></span> <span class='ocrx_word' id='word_1_368' title='bbox 2871 1923 2939 1964; x_wconf 82' lang='lat' dir='ltr'><strong>ex</strong></span> <span class='ocrx_word' id='word_1_369' title='bbox 2969 1905 3057 1961; x_wconf 86' lang='lat' dir='ltr'><strong>his</strong></span> <span class='ocrx_word' id='word_1_370' title='bbox 3113 1902 3324 1958; x_wconf 88' lang='lat' dir='ltr'><strong>utimur</strong></span> <span class='ocrx_word' id='word_1_371' title='bbox 3347 1896 3515 1988; x_wconf 77' lang='lat' dir='ltr'><strong>etiam</strong></span> <span class='ocrx_word' id='word_1_372' title='bbox 3542 1893 3646 1945; x_wconf 86' lang='lat' dir='ltr'><strong>hac</strong></span> 
     </span>
    </p>
   </div>
   <div class='ocr_carea' id='block_1_50' title="bbox 2063 1986 3648 2081">
    <p class='ocr_par' dir='ltr' id='par_1_50' title="bbox 2063 1986 3648 2081">
     <span class='ocr_line' id='line_1_50' title="bbox 2063 1986 3648 2081; baseline -0.018 -15"><span class='ocrx_word' id='word_1_373' title='bbox 2063 1986 2434 2081; x_wconf 79' lang='lat' dir='ltr'><strong>appellatione</strong></span> <span class='ocrx_word' id='word_1_374' title='bbox 2492 2005 2552 2061; x_wconf 92' lang='lat' dir='ltr'><strong>in</strong></span> <span class='ocrx_word' id='word_1_375' title='bbox 2611 2001 2943 2065; x_wconf 86' lang='lat' dir='ltr'><strong>substantia,</strong></span> <span class='ocrx_word' id='word_1_376' title='bbox 2973 2013 3004 2053; x_wconf 91' lang='lat' dir='ltr'><strong>a</strong></span> <span class='ocrx_word' id='word_1_377' title='bbox 3061 2009 3170 2067; x_wconf 89' lang='lat' dir='ltr'><strong>qua</strong></span> <span class='ocrx_word' id='word_1_378' title='bbox 3197 1989 3370 2049; x_wconf 79' lang='lat' dir='ltr'><strong>veluti</strong></span> <span class='ocrx_word' id='word_1_379' title='bbox 3394 1986 3546 2043; x_wconf 81' lang='lat' dir='ltr'><strong>fonte</strong></span> <span class='ocrx_word' id='word_1_380' title='bbox 3569 1996 3648 2038; x_wconf 63' lang='lat' dir='ltr'><strong>ea:</strong></span> 
     </span>
    </p>
   </div>
   <div class='ocr_carea' id='block_1_51' title="bbox 2065 2081 3652 2168">
    <p class='ocr_par' dir='ltr' id='par_1_51' title="bbox 2065 2081 3652 2168">
     <span class='ocr_line' id='line_1_51' title="bbox 2065 2081 3652 2168; baseline -0.02 -10"><span class='ocrx_word' id='word_1_381' title='bbox 2065 2100 2394 2164; x_wconf 74' lang='lat' dir='ltr'><strong>scatur-iant,</strong></span> <span class='ocrx_word' id='word_1_382' title='bbox 2423 2094 2702 2168; x_wconf 90' lang='lat' dir='ltr'><strong>quomodo</strong></span> <span class='ocrx_word' id='word_1_383' title='bbox 2757 2101 2816 2148; x_wconf 90' lang='lat' dir='ltr'><strong>tu</strong></span> <span class='ocrx_word' id='word_1_384' title='bbox 2852 2090 3018 2151; x_wconf 85' lang='lat' dir='ltr'><strong>duas,</strong></span> <span class='ocrx_word' id='word_1_385' title='bbox 3052 2097 3110 2144; x_wconf 89' lang='lat' dir='ltr'><strong>et</strong></span> <span class='ocrx_word' id='word_1_386' title='bbox 3153 2099 3266 2141; x_wconf 88' lang='lat' dir='ltr'><strong>non</strong></span> <span class='ocrx_word' id='word_1_387' title='bbox 3291 2081 3477 2152; x_wconf 82' lang='lat' dir='ltr'><strong>plures</strong></span> <span class='ocrx_word' id='word_1_388' title='bbox 3512 2089 3652 2129; x_wconf 82' lang='lat' dir='ltr'><strong>con-</strong></span> 
     </span>
    </p>
   </div>
   <div class='ocr_carea' id='block_1_52' title="bbox 2069 2169 3648 2249">
    <p class='ocr_par' dir='ltr' id='par_1_52' title="bbox 2069 2169 3648 2249">
     <span class='ocr_line' id='line_1_52' title="bbox 2069 2169 3648 2249; baseline -0.019 0"><span class='ocrx_word' id='word_1_389' title='bbox 2069 2193 2245 2249; x_wconf 86' lang='lat' dir='ltr'><strong>tendis</strong></span> <span class='ocrx_word' id='word_1_390' title='bbox 2295 2206 2399 2246; x_wconf 89' lang='lat' dir='ltr'><strong>nos</strong></span> <span class='ocrx_word' id='word_1_391' title='bbox 2457 2201 2704 2244; x_wconf 88' lang='lat' dir='ltr'><strong>asserere</strong></span> <span class='ocrx_word' id='word_1_392' title='bbox 2746 2181 3024 2240; x_wconf 83' lang='lat' dir='ltr'><strong>deitates?</strong></span> <span class='ocrx_word' id='word_1_393' title='bbox 3094 2197 3112 2230; x_wconf 72' lang='grc' dir='ltr'><strong>ι</strong></span> <span class='ocrx_word' id='word_1_394' title='bbox 3149 2177 3217 2233; x_wconf 87' lang='grc' dir='ltr'>Ει</span> <span class='ocrx_word' id='word_1_395' title='bbox 3260 2176 3317 2229; x_wconf 90' lang='lat' dir='ltr'><strong>in</strong></span> <span class='ocrx_word' id='word_1_396' title='bbox 3375 2169 3648 2232; x_wconf 87' lang='lat' dir='ltr'><strong>oratione,</strong></span> 
     </span>
    </p>
   </div>
   <div class='ocr_carea' id='block_1_53' title="bbox 2067 2259 3654 2356">
    <p class='ocr_par' dir='ltr' id='par_1_53' title="bbox 2067 2259 3654 2356">
     <span class='ocr_line' id='line_1_53' title="bbox 2067 2259 3654 2356; baseline -0.018 -15"><span class='ocrx_word' id='word_1_397' title='bbox 2067 2301 2228 2356; x_wconf 90' lang='lat' dir='ltr'><strong>quam</strong></span> <span class='ocrx_word' id='word_1_398' title='bbox 2288 2285 2556 2348; x_wconf 90' lang='lat' dir='ltr'><strong>nominat,</strong></span> <span class='ocrx_word' id='word_1_399' title='bbox 2614 2278 2980 2350; x_wconf 73' lang='lat' dir='ltr'><strong>Refutationes</strong></span> <span class='ocrx_word' id='word_1_400' title='bbox 3040 2280 3090 2326; x_wconf 77' lang='lat' dir='ltr'><strong>et</strong></span> <span class='ocrx_word' id='word_1_401' title='bbox 3151 2266 3380 2324; x_wconf 81' lang='lat' dir='ltr'><strong>absurda</strong></span> <span class='ocrx_word' id='word_1_402' title='bbox 3429 2259 3654 2356; x_wconf 67' lang='lat' dir='ltr'><strong>,1_Est</strong></span> 
     </span>
    </p>
   </div>
   <div class='ocr_carea' id='block_1_54' title="bbox 2068 2351 3650 2446">
    <p class='ocr_par' dir='ltr' id='par_1_54' title="bbox 2068 2351 3650 2446">
     <span class='ocr_line' id='line_1_54' title="bbox 2068 2351 3650 2446; baseline -0.018 -13"><span class='ocrx_word' id='word_1_403' title='bbox 2068 2351 2206 2446; x_wconf 77' lang='lat' dir='ltr'><strong>ergo</strong></span> <span class='ocrx_word' id='word_1_404' title='bbox 2259 2377 2458 2441; x_wconf 83' lang='lat' dir='ltr'><strong>deitas,</strong></span> <span class='ocrx_word' id='word_1_405' title='bbox 2507 2371 2713 2443; x_wconf 89' lang='lat' dir='ltr'><strong>inquit,</strong></span> <span class='ocrx_word' id='word_1_406' title='bbox 2761 2369 2868 2425; x_wconf 88' lang='lat' dir='ltr'><strong>alia</strong></span> <span class='ocrx_word' id='word_1_407' title='bbox 2915 2374 3113 2438; x_wconf 82' lang='lat' dir='ltr'><strong>praeter</strong></span> <span class='ocrx_word' id='word_1_408' title='bbox 3137 2356 3500 2418; x_wconf 88' lang='lat' dir='ltr'><strong>substantiam</strong></span> <span class='ocrx_word' id='word_1_409' title='bbox 3529 2351 3650 2415; x_wconf 86' lang='lat' dir='ltr'><strong>Dei,</strong></span> 
     </span>
    </p>
   </div>
   <div class='ocr_carea' id='block_1_55' title="bbox 2070 2455 3656 2540">
    <p class='ocr_par' dir='ltr' id='par_1_55' title="bbox 2070 2455 3656 2540">
     <span class='ocr_line' id='line_1_55' title="bbox 2070 2455 3656 2540; baseline -0.018 -15"><span class='ocrx_word' id='word_1_410' title='bbox 2070 2470 2173 2540; x_wconf 89' lang='lat' dir='ltr'><strong>ipsi</strong></span> <span class='ocrx_word' id='word_1_411' title='bbox 2231 2468 2503 2523; x_wconf 84' lang='lat' dir='ltr'><strong>exsistens</strong></span> <span class='ocrx_word' id='word_1_412' title='bbox 2550 2469 2856 2520; x_wconf 73' lang='lat' dir='ltr'><strong>eoreterna.</strong></span> <span class='ocrx_word' id='word_1_413' title='bbox 2909 2459 3139 2527; x_wconf 82' lang='lat' dir='ltr'><strong>Semper</strong></span> <span class='ocrx_word' id='word_1_414' title='bbox 3183 2460 3367 2508; x_wconf 88' lang='lat' dir='ltr'><strong>autem</strong></span> <span class='ocrx_word' id='word_1_415' title='bbox 3419 2455 3656 2540; x_wconf 87' lang='lat' dir='ltr'><strong>operans</strong></span> 
     </span>
    </p>
   </div>
   <div class='ocr_carea' id='block_1_56' title="bbox 2071 2539 3657 2629">
    <p class='ocr_par' dir='ltr' id='par_1_56' title="bbox 2071 2539 3657 2629">
     <span class='ocr_line' id='line_1_56' title="bbox 2071 2539 3657 2629; baseline -0.016 -15"><span class='ocrx_word' id='word_1_416' title='bbox 2071 2539 2311 2629; x_wconf 84' lang='lat' dir='ltr'><strong>operatis</strong></span> <span class='ocrx_word' id='word_1_417' title='bbox 2347 2555 2605 2627; x_wconf 83' lang='lat' dir='ltr'><strong>superior</strong></span> <span class='ocrx_word' id='word_1_418' title='bbox 2665 2561 2776 2615; x_wconf 90' lang='lat' dir='ltr'><strong>est,</strong></span> <span class='ocrx_word' id='word_1_419' title='bbox 2806 2558 2863 2607; x_wconf 85' lang='lat' dir='ltr'><strong>et</strong></span> <span class='ocrx_word' id='word_1_420' title='bbox 2892 2545 3224 2608; x_wconf 89' lang='lat' dir='ltr'><strong>substantia,</strong></span> <span class='ocrx_word' id='word_1_421' title='bbox 3254 2556 3365 2596; x_wconf 89' lang='lat' dir='ltr'><strong>non</strong></span> <span class='ocrx_word' id='word_1_422' title='bbox 3397 2539 3657 2594; x_wconf 55' lang='lat' dir='ltr'><strong>substan¢</strong></span> 
     </span>
    </p>
   </div>
   <div class='ocr_carea' id='block_1_57' title="bbox 2073 2631 3659 2720">
    <p class='ocr_par' dir='ltr' id='par_1_57' title="bbox 2073 2631 3659 2720">
     <span class='ocr_line' id='line_1_57' title="bbox 2073 2631 3659 2720; baseline -0.015 -14"><span class='ocrx_word' id='word_1_423' title='bbox 2073 2650 2186 2713; x_wconf 91' lang='lat' dir='ltr'><strong>tiis,</strong></span> <span class='ocrx_word' id='word_1_424' title='bbox 2221 2659 2276 2705; x_wconf 89' lang='lat' dir='ltr'><strong>et</strong></span> <span class='ocrx_word' id='word_1_425' title='bbox 2305 2649 2454 2720; x_wconf 90' lang='lat' dir='ltr'><strong>quod</strong></span> <span class='ocrx_word' id='word_1_426' title='bbox 2492 2660 2716 2704; x_wconf 88' lang='lat' dir='ltr'><strong>omnem</strong></span> <span class='ocrx_word' id='word_1_427' title='bbox 2743 2641 3169 2715; x_wconf 88' lang='lat' dir='ltr'><strong>appellationem</strong></span> <span class='ocrx_word' id='word_1_428' title='bbox 3200 2633 3416 2695; x_wconf 76' lang='lat' dir='ltr'><strong>excedit</strong></span> <span class='ocrx_word' id='word_1_429' title='bbox 3441 2631 3511 2686; x_wconf 87' lang='lat' dir='ltr'><strong>iis</strong></span> <span class='ocrx_word' id='word_1_430' title='bbox 3534 2641 3659 2698; x_wconf 73' lang='lat' dir='ltr'><strong>quae</strong></span> 
     </span>
    </p>
   </div>
   <div class='ocr_carea' id='block_1_58' title="bbox 2073 2720 3656 2797">
    <p class='ocr_par' dir='ltr' id='par_1_58' title="bbox 2073 2720 3656 2797">
     <span class='ocr_line' id='line_1_58' title="bbox 2073 2720 3656 2797; baseline -0.017 1"><span class='ocrx_word' id='word_1_431' title='bbox 2073 2757 2274 2797; x_wconf 90' lang='lat' dir='ltr'><strong>nomen</strong></span> <span class='ocrx_word' id='word_1_432' title='bbox 2312 2741 2538 2796; x_wconf 88' lang='lat' dir='ltr'><strong>habent.</strong></span> <span class='ocrx_word' id='word_1_433' title='bbox 2580 2757 2599 2791; x_wconf 79' lang='grc' dir='ltr'><strong>ι</strong></span> <span class='ocrx_word' id='word_1_434' title='bbox 2663 2739 2799 2794; x_wconf 88' lang='lat' dir='ltr'><strong>Item</strong></span> <span class='ocrx_word' id='word_1_435' title='bbox 2862 2733 3108 2790; x_wconf 82' lang='lat' dir='ltr'><strong>Isidorus</strong></span> <span class='ocrx_word' id='word_1_436' title='bbox 3162 2728 3279 2793; x_wconf 92' lang='lat' dir='ltr'><strong>ille,</strong></span> <span class='ocrx_word' id='word_1_437' title='bbox 3327 2724 3423 2796; x_wconf 88' lang='lat' dir='ltr'><strong>qui</strong></span> <span class='ocrx_word' id='word_1_438' title='bbox 3475 2720 3656 2792; x_wconf 86' lang='lat' dir='ltr'><strong>primo</strong></span> 
     </span>
    </p>
   </div>
   <div class='ocr_carea' id='block_1_59' title="bbox 2075 2814 3658 2904">
    <p class='ocr_par' dir='ltr' id='par_1_59' title="bbox 2075 2814 3658 2904">
     <span class='ocr_line' id='line_1_59' title="bbox 2075 2814 3658 2904; baseline -0.017 -13"><span class='ocrx_word' id='word_1_439' title='bbox 2075 2836 2287 2892; x_wconf 80' lang='lat' dir='ltr'><strong>exstitit</strong></span> <span class='ocrx_word' id='word_1_440' title='bbox 2309 2833 2645 2904; x_wconf 84' lang='lat' dir='ltr'><strong>palriarcha,</strong></span> <span class='ocrx_word' id='word_1_441' title='bbox 2687 2833 2738 2884; x_wconf 88' lang='lat' dir='ltr'><strong>in</strong></span> <span class='ocrx_word' id='word_1_442' title='bbox 2770 2829 3008 2898; x_wconf 90' lang='lat' dir='ltr'><strong>quodam</strong></span> <span class='ocrx_word' id='word_1_443' title='bbox 3038 2823 3268 2881; x_wconf 84' lang='lat' dir='ltr'><strong>Cantica</strong></span> <span class='ocrx_word' id='word_1_444' title='bbox 3296 2858 3310 2884; x_wconf 96' lang='lat'><strong>,</strong></span> <span class='ocrx_word' id='word_1_445' title='bbox 3341 2835 3359 2873; x_wconf 81' lang='grc' dir='ltr'><strong>ι</strong></span> <span class='ocrx_word' id='word_1_446' title='bbox 3394 2814 3658 2876; x_wconf 86' lang='lat' dir='ltr'><strong>Dicimus,</strong></span> 
     </span>
    </p>
   </div>
   <div class='ocr_carea' id='block_1_60' title="bbox 2077 2905 3664 2996">
    <p class='ocr_par' dir='ltr' id='par_1_60' title="bbox 2077 2905 3664 2996">
     <span class='ocr_line' id='line_1_60' title="bbox 2077 2905 3664 2996; baseline -0.015 -15"><span class='ocrx_word' id='word_1_447' title='bbox 2077 2925 2278 2996; x_wconf 85' lang='lat' dir='ltr'><strong>inquit,</strong></span> <span class='ocrx_word' id='word_1_448' title='bbox 2313 2934 2461 2979; x_wconf 91' lang='lat' dir='ltr'><strong>tuam</strong></span> <span class='ocrx_word' id='word_1_449' title='bbox 2498 2921 2880 2992; x_wconf 85' lang='lat' dir='ltr'><strong>operationem</strong></span> <span class='ocrx_word' id='word_1_450' title='bbox 2953 2917 3174 2989; x_wconf 88' lang='lat' dir='ltr'><strong>proprie</strong></span> <span class='ocrx_word' id='word_1_451' title='bbox 3213 2912 3492 2973; x_wconf 87' lang='lat' dir='ltr'><strong>deitatem,</strong></span> <span class='ocrx_word' id='word_1_452' title='bbox 3525 2905 3664 2960; x_wconf 63' lang='lat' dir='ltr'><strong>alre-</strong></span> 
     </span>
    </p>
   </div>
   <div class='ocr_carea' id='block_1_61' title="bbox 2078 2997 3660 3083">
    <p class='ocr_par' dir='ltr' id='par_1_61' title="bbox 2078 2997 3660 3083">
     <span class='ocr_line' id='line_1_61' title="bbox 2078 2997 3660 3083; baseline -0.014 -12"><span class='ocrx_word' id='word_1_453' title='bbox 2078 3028 2169 3072; x_wconf 90' lang='lat' dir='ltr'><strong>ctu</strong></span> <span class='ocrx_word' id='word_1_454' title='bbox 2203 3023 2387 3070; x_wconf 89' lang='lat' dir='ltr'><strong>autem</strong></span> <span class='ocrx_word' id='word_1_455' title='bbox 2433 3029 2578 3083; x_wconf 75' lang='lat' dir='ltr'><strong>saepe</strong></span> <span class='ocrx_word' id='word_1_456' title='bbox 2622 3021 2681 3067; x_wconf 90' lang='lat' dir='ltr'><strong>et</strong></span> <span class='ocrx_word' id='word_1_457' title='bbox 2712 3019 2989 3065; x_wconf 86' lang='lat' dir='ltr'><strong>naturam.</strong></span> <span class='ocrx_word' id='word_1_458' title='bbox 3032 3027 3051 3060; x_wconf 79' lang='lat' dir='ltr'>l</span> <span class='ocrx_word' id='word_1_459' title='bbox 3096 3009 3225 3062; x_wconf 71' lang='lat' dir='ltr'><strong>Haec</strong></span> <span class='ocrx_word' id='word_1_460' title='bbox 3261 3011 3443 3059; x_wconf 78' lang='lat' dir='ltr'><strong>antem</strong></span> <span class='ocrx_word' id='word_1_461' title='bbox 3475 2997 3660 3053; x_wconf 89' lang='lat' dir='ltr'><strong>omnia</strong></span> 
     </span>
    </p>
   </div>
   <div class='ocr_carea' id='block_1_62' title="bbox 2079 3092 3663 3169">
    <p class='ocr_par' dir='ltr' id='par_1_62' title="bbox 2079 3092 3663 3169">
     <span class='ocr_line' id='line_1_62' title="bbox 2079 3092 3663 3169; baseline -0.015 -5"><span class='ocrx_word' id='word_1_462' title='bbox 2079 3110 2135 3164; x_wconf 92' lang='lat' dir='ltr'><strong>in</strong></span> <span class='ocrx_word' id='word_1_463' title='bbox 2164 3118 2312 3163; x_wconf 86' lang='lat' dir='ltr'><strong>torno</strong></span> <span class='ocrx_word' id='word_1_464' title='bbox 2363 3105 2781 3169; x_wconf 86' lang='lat' dir='ltr'><strong>concludentes,</strong></span> <span class='ocrx_word' id='word_1_465' title='bbox 2829 3101 3002 3156; x_wconf 84' lang='lat' dir='ltr'><strong>aiunt.</strong></span> <span class='ocrx_word' id='word_1_466' title='bbox 3033 3099 3229 3155; x_wconf 89' lang='lat' dir='ltr'><strong>Postea</strong></span> <span class='ocrx_word' id='word_1_467' title='bbox 3254 3092 3546 3167; x_wconf 84' lang='lat' dir='ltr'><strong>quaesitum</strong></span> <span class='ocrx_word' id='word_1_468' title='bbox 3575 3097 3663 3144; x_wconf 89' lang='lat' dir='ltr'><strong>est</strong></span> 
     </span>
    </p>
   </div>
   <div class='ocr_carea' id='block_1_63' title="bbox 2079 3189 3656 3268">
    <p class='ocr_par' dir='ltr' id='par_1_63' title="bbox 2079 3189 3656 3268">
     <span class='ocr_line' id='line_1_63' title="bbox 2079 3189 3656 3268; baseline -0.014 -12"><span class='ocrx_word' id='word_1_469' title='bbox 2079 3215 2149 3256; x_wconf 85' lang='lat' dir='ltr'><strong>an</strong></span> <span class='ocrx_word' id='word_1_470' title='bbox 2189 3198 2377 3254; x_wconf 86' lang='lat' dir='ltr'><strong>divina</strong></span> <span class='ocrx_word' id='word_1_471' title='bbox 2407 3198 2652 3254; x_wconf 83' lang='lat' dir='ltr'><strong>increata</strong></span> <span class='ocrx_word' id='word_1_472' title='bbox 2687 3193 2934 3268; x_wconf 87' lang='lat' dir='ltr'><strong>operatio</strong></span> <span class='ocrx_word' id='word_1_473' title='bbox 2980 3207 3010 3247; x_wconf 87' lang='lat' dir='ltr'><strong>a</strong></span> <span class='ocrx_word' id='word_1_474' title='bbox 3041 3190 3249 3248; x_wconf 79' lang='lat' dir='ltr'><strong>sanctis</strong></span> <span class='ocrx_word' id='word_1_475' title='bbox 3294 3189 3656 3253; x_wconf 81' lang='lat' dir='ltr'><strong>nuncupatur</strong></span> 
     </span>
    </p>
   </div>
   <div class='ocr_carea' id='block_1_64' title="bbox 397 3275 3664 3360">
    <p class='ocr_par' dir='ltr' id='par_1_64' title="bbox 397 3275 3664 3360">
     <span class='ocr_line' id='line_1_64' title="bbox 397 3275 3664 3360; baseline -0.006 -12"><span class='ocrx_word' id='word_1_476' title='bbox 397 3293 600 3359; x_wconf 90' lang='lat' dir='ltr'><strong>dcitas,</strong></span> <span class='ocrx_word' id='word_1_477' title='bbox 630 3303 686 3350; x_wconf 81' lang='lat' dir='ltr'><strong>et</strong></span> <span class='ocrx_word' id='word_1_478' title='bbox 713 3291 963 3350; x_wconf 90' lang='lat' dir='ltr'><strong>constitit</strong></span> <span class='ocrx_word' id='word_1_479' title='bbox 1022 3289 1184 3346; x_wconf 85' lang='lat' dir='ltr'><strong>etiam</strong></span> <span class='ocrx_word' id='word_1_480' title='bbox 1220 3290 1325 3346; x_wconf 89' lang='lat' dir='ltr'><strong>hoc</strong></span> <span class='ocrx_word' id='word_1_481' title='bbox 1362 3304 1393 3345; x_wconf 90' lang='lat' dir='ltr'><strong>a</strong></span> <span class='ocrx_word' id='word_1_482' title='bbox 1443 3287 1712 3360; x_wconf 79' lang='lat' dir='ltr'><strong>theologis</strong></span> <span class='ocrx_word' id='word_1_483' title='bbox 1777 3289 2154 3357; x_wconf 62' lang='lat' dir='ltr'><strong>praedicatum.</strong></span> <span class='ocrx_word' id='word_1_484' title='bbox 2187 3309 2206 3342; x_wconf 79' lang='grc' dir='ltr'><strong>ι</strong></span> <span class='ocrx_word' id='word_1_485' title='bbox 2254 3290 2334 3345; x_wconf 86' lang='lat' dir='ltr'><strong>Ad</strong></span> <span class='ocrx_word' id='word_1_486' title='bbox 2365 3290 2470 3345; x_wconf 61' lang='lat' dir='ltr'><strong>hoc</strong></span> <span class='ocrx_word' id='word_1_487' title='bbox 2509 3303 2703 3344; x_wconf 88' lang='lat' dir='ltr'><strong>rursus</strong></span> <span class='ocrx_word' id='word_1_488' title='bbox 2768 3288 2823 3342; x_wconf 90' lang='lat' dir='ltr'><strong>in</strong></span> <span class='ocrx_word' id='word_1_489' title='bbox 2879 3294 3028 3342; x_wconf 86' lang='lat' dir='ltr'><strong>temo</strong></span> <span class='ocrx_word' id='word_1_490' title='bbox 3069 3281 3450 3352; x_wconf 62' lang='lat' dir='ltr'><strong>quaesivimus,</strong></span> <span class='ocrx_word' id='word_1_491' title='bbox 3483 3275 3664 3335; x_wconf 85' lang='lat' dir='ltr'><strong>aiunt.</strong></span> 
     </span>
    </p>
   </div>
   <div class='ocr_carea' id='block_1_65' title="bbox 399 3367 3668 3455">
    <p class='ocr_par' dir='ltr' id='par_1_65' title="bbox 399 3367 3668 3455">
     <span class='ocr_line' id='line_1_65' title="bbox 399 3367 3668 3455; baseline -0.004 -19"><span class='ocrx_word' id='word_1_492' title='bbox 399 3385 617 3439; x_wconf 88' lang='lat' dir='ltr'><strong>ostendi</strong></span> <span class='ocrx_word' id='word_1_493' title='bbox 649 3401 678 3440; x_wconf 90' lang='lat' dir='ltr'><strong>a</strong></span> <span class='ocrx_word' id='word_1_494' title='bbox 713 3384 985 3455; x_wconf 82' lang='lat' dir='ltr'><strong>theologis</strong></span> <span class='ocrx_word' id='word_1_495' title='bbox 1013 3399 1084 3438; x_wconf 87' lang='lat' dir='ltr'><strong>an</strong></span> <span class='ocrx_word' id='word_1_496' title='bbox 1113 3382 1368 3453; x_wconf 89' lang='lat' dir='ltr'><strong>superior</strong></span> <span class='ocrx_word' id='word_1_497' title='bbox 1395 3382 1467 3437; x_wconf 89' lang='lat' dir='ltr'><strong>sit</strong></span> <span class='ocrx_word' id='word_1_498' title='bbox 1535 3381 1667 3436; x_wconf 83' lang='lat' dir='ltr'><strong>huic</strong></span> <span class='ocrx_word' id='word_1_499' title='bbox 1712 3381 2016 3438; x_wconf 85' lang='lat' dir='ltr'><strong>secundum</strong></span> <span class='ocrx_word' id='word_1_500' title='bbox 2080 3382 2443 3439; x_wconf 83' lang='lat' dir='ltr'><strong>substantiam</strong></span> <span class='ocrx_word' id='word_1_501' title='bbox 2501 3381 2684 3438; x_wconf 80' lang='lat' dir='ltr'><strong>Deus?</strong></span> <span class='ocrx_word' id='word_1_502' title='bbox 2733 3389 2789 3436; x_wconf 93' lang='lat' dir='ltr'><strong>et</strong></span> <span class='ocrx_word' id='word_1_503' title='bbox 2847 3380 3025 3453; x_wconf 90' lang='lat' dir='ltr'><strong>patuit</strong></span> <span class='ocrx_word' id='word_1_504' title='bbox 3079 3374 3246 3432; x_wconf 84' lang='lat' dir='ltr'><strong>etiam</strong></span> <span class='ocrx_word' id='word_1_505' title='bbox 3297 3371 3368 3429; x_wconf 82' lang='lat' dir='ltr'><strong>ab</strong></span> <span class='ocrx_word' id='word_1_506' title='bbox 3408 3367 3668 3427; x_wconf 62' lang='lat' dir='ltr'><strong>omnibus</strong></span> 
     </span>
    </p>
   </div>
   <div class='ocr_carea' id='block_1_66' title="bbox 401 3477 812 3549">
    <p class='ocr_par' dir='ltr' id='par_1_66' title="bbox 401 3477 812 3549">
     <span class='ocr_line' id='line_1_66' title="bbox 401 3477 812 3549; baseline -0.017 -14"><span class='ocrx_word' id='word_1_507' title='bbox 401 3477 778 3549; x_wconf 69' lang='lat' dir='ltr'><strong>praedicatum.</strong></span> <span class='ocrx_word' id='word_1_508' title='bbox 793 3495 812 3528; x_wconf 75' lang='grc' dir='ltr'><strong>ι</strong></span> 
     </span>
    </p>
   </div>
   <div class='ocr_carea' id='block_1_67' title="bbox 475 3561 1977 3638">
    <p class='ocr_par' dir='ltr' id='par_1_67' title="bbox 475 3565 1977 3638">
     <span class='ocr_line' id='line_1_67' title="bbox 475 3565 1977 3638; baseline -0.003 -13"><span class='ocrx_word' id='word_1_509' title='bbox 475 3569 676 3630; x_wconf 84' lang='grc' dir='ltr'>Ἕκτος</span> <span class='ocrx_word' id='word_1_510' title='bbox 705 3566 929 3635; x_wconf 79' lang='grc' dir='ltr'>τρόπος,</span> <span class='ocrx_word' id='word_1_511' title='bbox 961 3566 1042 3620; x_wconf 85' lang='grc' dir='ltr'>ὅτι</span> <span class='ocrx_word' id='word_1_512' title='bbox 1075 3565 1210 3636; x_wconf 77' lang='grc' dir='ltr'>φασὶ</span> <span class='ocrx_word' id='word_1_513' title='bbox 1255 3566 1357 3632; x_wconf 81' lang='grc' dir='ltr'>τὴν</span> <span class='ocrx_word' id='word_1_514' title='bbox 1390 3566 1489 3634; x_wconf 78' lang='grc' dir='ltr'>μὲν</span> <span class='ocrx_word' id='word_1_515' title='bbox 1515 3566 1708 3620; x_wconf 84' lang='grc' dir='ltr'>οὐσίαν</span> <span class='ocrx_word' id='word_1_516' title='bbox 1748 3567 1977 3638; x_wconf 83' lang='grc' dir='ltr'>ἀόρατον</span> 
     </span>
    </p>
   </div>
   <div class='ocr_carea' id='block_1_68' title="bbox 2078 3561 3662 3638">
    <p class='ocr_par' dir='ltr' id='par_1_68' title="bbox 2157 3561 3662 3638">
     <span class='ocr_line' id='line_1_68' title="bbox 2157 3561 3662 3638; baseline -0.009 -12"><span class='ocrx_word' id='word_1_517' title='bbox 2157 3569 2358 3627; x_wconf 76' lang='lat' dir='ltr'><strong>Sextus</strong></span> <span class='ocrx_word' id='word_1_518' title='bbox 2391 3570 2588 3627; x_wconf 85' lang='lat' dir='ltr'><strong>modus</strong></span> <span class='ocrx_word' id='word_1_519' title='bbox 2619 3589 2630 3626; x_wconf 92' lang='lat'><strong>:</strong></span> <span class='ocrx_word' id='word_1_520' title='bbox 2663 3570 3038 3626; x_wconf 78' lang='lat' dir='ltr'><strong>Subslantiam</strong></span> <span class='ocrx_word' id='word_1_521' title='bbox 3073 3567 3295 3638; x_wconf 82' lang='lat' dir='ltr'><strong>quidem</strong></span> <span class='ocrx_word' id='word_1_522' title='bbox 3338 3565 3495 3619; x_wconf 88' lang='lat' dir='ltr'><strong>aiunt</strong></span> <span class='ocrx_word' id='word_1_523' title='bbox 3519 3561 3662 3614; x_wconf 81' lang='lat' dir='ltr'><strong>invi-</strong></span> 
     </span>
    </p>
   </div>
   <div class='ocr_carea' id='block_1_69' title="bbox 401 3653 1980 3730">
    <p class='ocr_par' dir='ltr' id='par_1_69' title="bbox 401 3653 1980 3730">
     <span class='ocr_line' id='line_1_69' title="bbox 401 3653 1980 3730; baseline -0.001 -13"><span class='ocrx_word' id='word_1_524' title='bbox 401 3662 497 3717; x_wconf 83' lang='grc' dir='ltr'>καὶ</span> <span class='ocrx_word' id='word_1_525' title='bbox 539 3659 902 3729; x_wconf 83' lang='grc' dir='ltr'>ἀπερινόητον</span> <span class='ocrx_word' id='word_1_526' title='bbox 952 3653 1117 3725; x_wconf 79' lang='grc' dir='ltr'>εἶναι,</span> <span class='ocrx_word' id='word_1_527' title='bbox 1169 3658 1270 3728; x_wconf 84' lang='grc' dir='ltr'>τὴν</span> <span class='ocrx_word' id='word_1_528' title='bbox 1315 3659 1372 3710; x_wconf 80' lang='grc' dir='ltr'><strong>δέ</strong></span> <span class='ocrx_word' id='word_1_529' title='bbox 1423 3659 1712 3729; x_wconf 80' lang='grc' dir='ltr'>ἐνέργειαν</span> <span class='ocrx_word' id='word_1_530' title='bbox 1746 3661 1980 3730; x_wconf 85' lang='grc' dir='ltr'>ὁρατήν.</span> 
     </span>
    </p>
   </div>
   <div class='ocr_carea' id='block_1_70' title="bbox 401 3750 1984 3824">
    <p class='ocr_par' dir='ltr' id='par_1_70' title="bbox 401 3750 1984 3824">
     <span class='ocr_line' id='line_1_70' title="bbox 401 3750 1984 3824; baseline -0.004 -14"><span class='ocrx_word' id='word_1_531' title='bbox 401 3755 520 3822; x_wconf 63' lang='grc' dir='ltr'><strong>Καί</strong></span> <span class='ocrx_word' id='word_1_532' title='bbox 567 3769 699 3824; x_wconf 83' lang='grc' dir='ltr'>φησι</span> <span class='ocrx_word' id='word_1_533' title='bbox 756 3750 1064 3804; x_wconf 78' lang='grc' dir='ltr'>διαϐάλλων</span> <span class='ocrx_word' id='word_1_534' title='bbox 1114 3751 1210 3804; x_wconf 82' lang='grc' dir='ltr'>τὸν</span> <span class='ocrx_word' id='word_1_535' title='bbox 1264 3751 1437 3821; x_wconf 81' lang='grc' dir='ltr'>μέγαν</span> <span class='ocrx_word' id='word_1_536' title='bbox 1488 3751 1775 3806; x_wconf 67' lang='grc' dir='ltr'>Βασίλειον</span> <span class='ocrx_word' id='word_1_537' title='bbox 1815 3754 1873 3805; x_wconf 86' lang='grc' dir='ltr'><strong>ἐν</strong></span> <span class='ocrx_word' id='word_1_538' title='bbox 1903 3751 1984 3822; x_wconf 83' lang='grc' dir='ltr'><strong>τῷ</strong></span> 
     </span>
    </p>
   </div>
   <div class='ocr_carea' id='block_1_71' title="bbox 401 3843 1985 3915">
    <p class='ocr_par' dir='ltr' id='par_1_71' title="bbox 401 3843 1985 3915">
     <span class='ocr_line' id='line_1_71' title="bbox 401 3843 1985 3915; baseline -0.004 -12"><span class='ocrx_word' id='word_1_539' title='bbox 401 3847 634 3915; x_wconf 74' lang='grc' dir='ltr'>διαλόγῳ</span> <span class='ocrx_word' id='word_1_540' title='bbox 653 3843 752 3903; x_wconf 70' lang='grc' dir='ltr'><strong>τοῦ</strong></span> <span class='ocrx_word' id='word_1_541' title='bbox 776 3845 1194 3914; x_wconf 75' lang='grc' dir='ltr'>Βαρλααμίτου</span> <span class='ocrx_word' id='word_1_542' title='bbox 1214 3843 1312 3897; x_wconf 71' lang='grc' dir='ltr'><strong>καὶ</strong></span> <span class='ocrx_word' id='word_1_543' title='bbox 1345 3843 1724 3913; x_wconf 82' lang='grc' dir='ltr'>Ὀρθοδόξου’</span> <span class='ocrx_word' id='word_1_544' title='bbox 1758 3863 1777 3896; x_wconf 77' lang='grc' dir='ltr'><strong>ι</strong></span> <span class='ocrx_word' id='word_1_545' title='bbox 1818 3844 1985 3915; x_wconf 80' lang='grc' dir='ltr'>Ὁρᾷς</span> 
     </span>
    </p>
   </div>
   <div class='ocr_carea' id='block_1_72' title="bbox 402 3933 1984 4010">
    <p class='ocr_par' dir='ltr' id='par_1_72' title="bbox 402 3933 1984 4010">
     <span class='ocr_line' id='line_1_72' title="bbox 402 3933 1984 4010; baseline -0.001 -15"><span class='ocrx_word' id='word_1_546' title='bbox 402 3942 486 3995; x_wconf 82' lang='grc' dir='ltr'>ὅτι</span> <span class='ocrx_word' id='word_1_547' title='bbox 530 3942 626 3995; x_wconf 81' lang='grc' dir='ltr'>καὶ</span> <span class='ocrx_word' id='word_1_548' title='bbox 659 3933 816 4000; x_wconf 72' lang='grc' dir='ltr'>οὗτος</span> <span class='ocrx_word' id='word_1_549' title='bbox 844 3937 906 3991; x_wconf 83' lang='grc' dir='ltr'>οὐ</span> <span class='ocrx_word' id='word_1_550' title='bbox 944 3938 1106 4008; x_wconf 89' lang='grc' dir='ltr'>μόνον</span> <span class='ocrx_word' id='word_1_551' title='bbox 1137 3938 1374 4010; x_wconf 83' lang='grc' dir='ltr'>ἀόρατον</span> <span class='ocrx_word' id='word_1_552' title='bbox 1422 3933 1534 3992; x_wconf 79' lang='grc' dir='ltr'>οἵδε</span> <span class='ocrx_word' id='word_1_553' title='bbox 1582 3940 1676 3993; x_wconf 86' lang='grc' dir='ltr'><strong>τοῦ</strong></span> <span class='ocrx_word' id='word_1_554' title='bbox 1713 3940 1849 3993; x_wconf 88' lang='grc' dir='ltr'>Θεοῦ</span> <span class='ocrx_word' id='word_1_555' title='bbox 1883 3940 1984 4010; x_wconf 82' lang='grc' dir='ltr'>τὴν</span> 
     </span>
    </p>
   </div>
   <div class='ocr_carea' id='block_1_73' title="bbox 405 4030 1986 4102">
    <p class='ocr_par' dir='ltr' id='par_1_73' title="bbox 405 4030 1986 4102">
     <span class='ocr_line' id='line_1_73' title="bbox 405 4030 1986 4102; baseline -0.003 -16"><span class='ocrx_word' id='word_1_556' title='bbox 405 4033 662 4102; x_wconf 87' lang='grc' dir='ltr'>θεότητα,</span> <span class='ocrx_word' id='word_1_557' title='bbox 695 4030 828 4085; x_wconf 71' lang='grc' dir='ltr'>ἀλλὰ</span> <span class='ocrx_word' id='word_1_558' title='bbox 858 4030 954 4086; x_wconf 78' lang='grc' dir='ltr'>καὶ</span> <span class='ocrx_word' id='word_1_559' title='bbox 988 4031 1228 4099; x_wconf 76' lang='grc' dir='ltr'>ὁρατήν⁶</span> <span class='ocrx_word' id='word_1_560' title='bbox 1277 4030 1577 4102; x_wconf 75' lang='grc' dir='ltr'>ἐπειδήπερ</span> <span class='ocrx_word' id='word_1_561' title='bbox 1629 4031 1726 4084; x_wconf 74' lang='grc' dir='ltr'>καὶ</span> <span class='ocrx_word' id='word_1_562' title='bbox 1773 4032 1834 4083; x_wconf 87' lang='grc' dir='ltr'>τὸ</span> <span class='ocrx_word' id='word_1_563' title='bbox 1863 4031 1986 4084; x_wconf 86' lang='grc' dir='ltr'>κατ’</span> 
     </span>
    </p>
   </div>
   <div class='ocr_carea' id='block_1_74' title="bbox 409 4112 1990 4195">
    <p class='ocr_par' dir='ltr' id='par_1_74' title="bbox 409 4112 1990 4195">
     <span class='ocr_line' id='line_1_74' title="bbox 409 4112 1990 4195; baseline -0.002 -16"><span class='ocrx_word' id='word_1_564' title='bbox 409 4123 579 4195; x_wconf 79' lang='grc' dir='ltr'>αὐτὴν</span> <span class='ocrx_word' id='word_1_565' title='bbox 613 4123 753 4192; x_wconf 85' lang='grc' dir='ltr'>φῶς.</span> <span class='ocrx_word' id='word_1_566' title='bbox 789 4141 808 4176; x_wconf 75' lang='grc' dir='ltr'><strong>ι</strong></span> <span class='ocrx_word' id='word_1_567' title='bbox 857 4112 968 4177; x_wconf 72' lang='grc' dir='ltr'><strong>Καὶ</strong></span> <span class='ocrx_word' id='word_1_568' title='bbox 999 4123 1059 4175; x_wconf 91' lang='grc' dir='ltr'><strong>ἐν</strong></span> <span class='ocrx_word' id='word_1_569' title='bbox 1088 4120 1167 4191; x_wconf 84' lang='grc' dir='ltr'>τῷ</span> <span class='ocrx_word' id='word_1_570' title='bbox 1195 4121 1341 4190; x_wconf 83' lang='grc' dir='ltr'>λόγῳ</span> <span class='ocrx_word' id='word_1_571' title='bbox 1373 4115 1494 4191; x_wconf 81' lang='grc' dir='ltr'>οῦ’ή</span> <span class='ocrx_word' id='word_1_572' title='bbox 1529 4122 1693 4193; x_wconf 79' lang='grc' dir='ltr'>ἁρχὴ,</span> <span class='ocrx_word' id='word_1_573' title='bbox 1741 4122 1990 4191; x_wconf 71' lang='grc' dir='ltr'>’Υποψι-</span> 
     </span>
    </p>
   </div>
   <div class='ocr_carea' id='block_1_75' title="bbox 413 4213 1991 4286">
    <p class='ocr_par' dir='ltr' id='par_1_75' title="bbox 413 4213 1991 4286">
     <span class='ocr_line' id='line_1_75' title="bbox 413 4213 1991 4286; baseline -0.003 -14"><span class='ocrx_word' id='word_1_574' title='bbox 413 4219 684 4286; x_wconf 75' lang='grc' dir='ltr'>θυρίσας,</span> <span class='ocrx_word' id='word_1_575' title='bbox 713 4234 730 4268; x_wconf 83' lang='grc' dir='ltr'><strong>ι</strong></span> <span class='ocrx_word' id='word_1_576' title='bbox 761 4215 872 4269; x_wconf 76' lang='grc' dir='ltr'><strong>Καὶ</strong></span> <span class='ocrx_word' id='word_1_577' title='bbox 915 4215 1022 4284; x_wconf 86' lang='grc' dir='ltr'><strong>γὰρ</strong></span> <span class='ocrx_word' id='word_1_578' title='bbox 1061 4213 1442 4284; x_wconf 85' lang='grc' dir='ltr'>ἀνθρωπίνοις,</span> <span class='ocrx_word' id='word_1_579' title='bbox 1463 4213 1652 4282; x_wconf 76' lang='grc' dir='ltr'>φησὶν,</span> <span class='ocrx_word' id='word_1_580' title='bbox 1685 4213 1991 4282; x_wconf 80' lang='grc' dir='ltr'>ὀφθαλμοῖς</span> 
     </span>
    </p>
   </div>
   <div class='ocr_carea' id='block_1_76' title="bbox 410 4299 1993 4375">
    <p class='ocr_par' dir='ltr' id='par_1_76' title="bbox 410 4299 1993 4375">
     <span class='ocr_line' id='line_1_76' title="bbox 410 4299 1993 4375; baseline 0 -19"><span class='ocrx_word' id='word_1_581' title='bbox 410 4303 590 4375; x_wconf 76' lang='grc' dir='ltr'>ὤφθη,</span> <span class='ocrx_word' id='word_1_582' title='bbox 636 4303 732 4357; x_wconf 78' lang='grc' dir='ltr'>καὶ</span> <span class='ocrx_word' id='word_1_583' title='bbox 780 4303 992 4372; x_wconf 73' lang='grc' dir='ltr'>διανοίᾳ</span> <span class='ocrx_word' id='word_1_584' title='bbox 1041 4300 1353 4371; x_wconf 71' lang='grc' dir='ltr'>ἐνήστραψε</span> <span class='ocrx_word' id='word_1_585' title='bbox 1381 4315 1395 4329; x_wconf 90' lang='grc'><strong>·</strong></span> <span class='ocrx_word' id='word_1_586' title='bbox 1427 4299 1509 4354; x_wconf 82' lang='grc' dir='ltr'>διὸ</span> <span class='ocrx_word' id='word_1_587' title='bbox 1551 4302 1648 4356; x_wconf 75' lang='grc' dir='ltr'>καὶ</span> <span class='ocrx_word' id='word_1_588' title='bbox 1689 4302 1862 4372; x_wconf 81' lang='grc' dir='ltr'>ὁοατὴ</span> <span class='ocrx_word' id='word_1_589' title='bbox 1898 4304 1993 4356; x_wconf 80' lang='grc' dir='ltr'>καὶ</span> 
     </span>
    </p>
   </div>
   <div class='ocr_carea' id='block_1_77' title="bbox 409 4388 1134 4467">
    <p class='ocr_par' dir='ltr' id='par_1_77' title="bbox 409 4388 1134 4467">
     <span class='ocr_line' id='line_1_77' title="bbox 409 4388 1134 4467; baseline -0.006 -18"><span class='ocrx_word' id='word_1_590' title='bbox 409 4388 580 4467; x_wconf 79' lang='grc' dir='ltr'>νοητὴ</span> <span class='ocrx_word' id='word_1_591' title='bbox 603 4394 868 4466; x_wconf 82' lang='grc' dir='ltr'>κέκληται</span> <span class='ocrx_word' id='word_1_592' title='bbox 890 4393 1134 4463; x_wconf 75' lang='grc' dir='ltr'>θεότης.»</span> 
     </span>
    </p>
   </div>
   <div class='ocr_carea' id='block_1_78' title="bbox 498 4567 1995 4642">
    <p class='ocr_par' dir='ltr' id='par_1_78' title="bbox 498 4567 1995 4642">
     <span class='ocr_line' id='line_1_78' title="bbox 498 4567 1995 4642; baseline 0 -16"><span class='ocrx_word' id='word_1_593' title='bbox 498 4567 557 4625; x_wconf 82' lang='grc' dir='ltr'><strong>Ὀ</strong></span> <span class='ocrx_word' id='word_1_594' title='bbox 586 4571 818 4640; x_wconf 73' lang='grc' dir='ltr'>ἕϐδομος</span> <span class='ocrx_word' id='word_1_595' title='bbox 849 4571 1077 4641; x_wconf 83' lang='grc' dir='ltr'>τρόπος,</span> <span class='ocrx_word' id='word_1_596' title='bbox 1126 4569 1187 4623; x_wconf 78' lang='grc' dir='ltr'>τὸ</span> <span class='ocrx_word' id='word_1_597' title='bbox 1214 4568 1316 4638; x_wconf 72' lang='grc' dir='ltr'>τὴν</span> <span class='ocrx_word' id='word_1_598' title='bbox 1346 4568 1448 4640; x_wconf 83' lang='grc' dir='ltr'>μὲν</span> <span class='ocrx_word' id='word_1_599' title='bbox 1490 4569 1684 4625; x_wconf 76' lang='grc' dir='ltr'>οὐσίαν</span> <span class='ocrx_word' id='word_1_600' title='bbox 1734 4573 1995 4642; x_wconf 68' lang='grc' dir='ltr'>ἀκίνητον</span> 
     </span>
    </p>
   </div>
   <div class='ocr_carea' id='block_1_79' title="bbox 413 4661 1999 4738">
    <p class='ocr_par' dir='ltr' id='par_1_79' title="bbox 413 4661 1999 4738">
     <span class='ocr_line' id='line_1_79' title="bbox 413 4661 1999 4738; baseline 0.001 -19"><span class='ocrx_word' id='word_1_601' title='bbox 413 4661 560 4720; x_wconf 78' lang='grc' dir='ltr'>εἶναι</span> <span class='ocrx_word' id='word_1_602' title='bbox 609 4663 918 4727; x_wconf 81' lang='grc' dir='ltr'>παντελῶς,</span> <span class='ocrx_word' id='word_1_603' title='bbox 951 4663 1051 4732; x_wconf 80' lang='grc' dir='ltr'>τὴν</span> <span class='ocrx_word' id='word_1_604' title='bbox 1083 4662 1130 4716; x_wconf 86' lang='grc' dir='ltr'>δ’</span> <span class='ocrx_word' id='word_1_605' title='bbox 1177 4663 1467 4733; x_wconf 83' lang='grc' dir='ltr'>ἐνέργειαν</span> <span class='ocrx_word' id='word_1_606' title='bbox 1501 4668 1856 4738; x_wconf 84' lang='grc' dir='ltr'>κινουμένην,</span> <span class='ocrx_word' id='word_1_607' title='bbox 1907 4671 1999 4720; x_wconf 69' lang='lat' dir='ltr'><strong>ml</strong></span> 
     </span>
    </p>
   </div>
   <div class='ocr_carea' id='block_1_80' title="bbox 417 4750 1998 4828">
    <p class='ocr_par' dir='ltr' id='par_1_80' title="bbox 417 4750 1998 4828">
     <span class='ocr_line' id='line_1_80' title="bbox 417 4750 1998 4828; baseline -0.008 -17"><span class='ocrx_word' id='word_1_608' title='bbox 417 4758 651 4828; x_wconf 83' lang='grc' dir='ltr'>κίνησιν.</span> <span class='ocrx_word' id='word_1_609' title='bbox 688 4754 797 4808; x_wconf 80' lang='grc' dir='ltr'>Καί</span> <span class='ocrx_word' id='word_1_610' title='bbox 828 4771 1001 4824; x_wconf 86' lang='grc' dir='ltr'>φησιν</span> <span class='ocrx_word' id='word_1_611' title='bbox 1036 4757 1063 4807; x_wconf 87' lang='grc' dir='ltr'><strong>ό</strong></span> <span class='ocrx_word' id='word_1_612' title='bbox 1093 4752 1367 4824; x_wconf 81' lang='grc' dir='ltr'>Πὰλαμᾶς</span> <span class='ocrx_word' id='word_1_613' title='bbox 1396 4755 1455 4809; x_wconf 80' lang='grc' dir='ltr'><strong>ἐν</strong></span> <span class='ocrx_word' id='word_1_614' title='bbox 1482 4755 1647 4827; x_wconf 86' lang='grc' dir='ltr'>λόγῳ,</span> <span class='ocrx_word' id='word_1_615' title='bbox 1679 4750 1723 4824; x_wconf 84' lang='grc' dir='ltr'>ᾧ</span> <span class='ocrx_word' id='word_1_616' title='bbox 1758 4759 1998 4828; x_wconf 83' lang='grc' dir='ltr'>ἐπιγρά-</span> 
     </span>
    </p>
   </div>
   <div class='ocr_carea' id='block_1_81' title="bbox 417 4845 2000 4918">
    <p class='ocr_par' dir='ltr' id='par_1_81' title="bbox 417 4845 2000 4918">
     <span class='ocr_line' id='line_1_81' title="bbox 417 4845 2000 4918; baseline 0.001 -15"><span class='ocrx_word' id='word_1_617' title='bbox 417 4866 529 4918; x_wconf 86' lang='grc' dir='ltr'>φει,</span> <span class='ocrx_word' id='word_1_618' title='bbox 579 4849 907 4918; x_wconf 77' lang='grc' dir='ltr'>Ἐλέγχους</span> <span class='ocrx_word' id='word_1_619' title='bbox 941 4846 1042 4901; x_wconf 75' lang='grc' dir='ltr'>καὶ</span> <span class='ocrx_word' id='word_1_620' title='bbox 1088 4845 1302 4901; x_wconf 70' lang='grc' dir='ltr'>ἅτοπω</span> <span class='ocrx_word' id='word_1_621' title='bbox 1347 4865 1366 4899; x_wconf 80' lang='grc' dir='ltr'><strong>ι</strong></span> <span class='ocrx_word' id='word_1_622' title='bbox 1395 4849 1520 4902; x_wconf 64' lang='grc' dir='ltr'><strong>Καὶ⁴</strong></span> <span class='ocrx_word' id='word_1_623' title='bbox 1555 4849 1634 4913; x_wconf 76' lang='grc' dir='ltr'><strong>ὡς</strong></span> <span class='ocrx_word' id='word_1_624' title='bbox 1657 4850 1760 4918; x_wconf 79' lang='grc' dir='ltr'>τῆς</span> <span class='ocrx_word' id='word_1_625' title='bbox 1808 4853 2000 4914; x_wconf 80' lang='grc' dir='ltr'>οὺσῒας</span> 
     </span>
    </p>
   </div>
   <div class='ocr_carea' id='block_1_82' title="bbox 2083 3658 3694 3735">
    <p class='ocr_par' dir='ltr' id='par_1_82' title="bbox 2083 3658 3694 3735">
     <span class='ocr_line' id='line_1_82' title="bbox 2083 3658 3694 3735; baseline -0.007 -16"><span class='ocrx_word' id='word_1_626' title='bbox 2083 3663 2301 3720; x_wconf 87' lang='lat' dir='ltr'><strong>sibilem</strong></span> <span class='ocrx_word' id='word_1_627' title='bbox 2350 3673 2407 3720; x_wconf 89' lang='lat' dir='ltr'><strong>et</strong></span> <span class='ocrx_word' id='word_1_628' title='bbox 2449 3662 3093 3735; x_wconf 87' lang='lat' dir='ltr'><strong>incomprehensibilem,</strong></span> <span class='ocrx_word' id='word_1_629' title='bbox 3125 3658 3502 3731; x_wconf 87' lang='lat' dir='ltr'><strong>operationem</strong></span> <span class='ocrx_word' id='word_1_630' title='bbox 3534 3668 3694 3710; x_wconf 81' lang='lat' dir='ltr'><strong>vero</strong></span> 
     </span>
    </p>
   </div>
   <div class='ocr_carea' id='block_1_83' title="bbox 2083 3751 3670 3824">
    <p class='ocr_par' dir='ltr' id='par_1_83' title="bbox 2083 3751 3670 3824">
     <span class='ocr_line' id='line_1_83' title="bbox 2083 3751 3670 3824; baseline -0.007 -13"><span class='ocrx_word' id='word_1_631' title='bbox 2083 3756 2394 3824; x_wconf 80' lang='lat' dir='ltr'><strong>visibilem;</strong></span> <span class='ocrx_word' id='word_1_632' title='bbox 2445 3766 2501 3814; x_wconf 85' lang='lat' dir='ltr'><strong>et</strong></span> <span class='ocrx_word' id='word_1_633' title='bbox 2557 3757 2652 3813; x_wconf 90' lang='lat' dir='ltr'><strong>ait-</strong></span> <span class='ocrx_word' id='word_1_634' title='bbox 2684 3755 2932 3811; x_wconf 86' lang='lat' dir='ltr'><strong>Palamas</strong></span> <span class='ocrx_word' id='word_1_635' title='bbox 2974 3751 3364 3809; x_wconf 88' lang='lat' dir='ltr'><strong>calumniando</strong></span> <span class='ocrx_word' id='word_1_636' title='bbox 3414 3760 3670 3818; x_wconf 77' lang='lat' dir='ltr'><strong>magnum</strong></span> 
     </span>
    </p>
   </div>
   <div class='ocr_carea' id='block_1_84' title="bbox 2085 3838 3668 3916">
    <p class='ocr_par' dir='ltr' id='par_1_84' title="bbox 2085 3838 3668 3916">
     <span class='ocr_line' id='line_1_84' title="bbox 2085 3838 3668 3916; baseline -0.006 -16"><span class='ocrx_word' id='word_1_637' title='bbox 2085 3846 2350 3902; x_wconf 85' lang='lat' dir='ltr'><strong>Basilium</strong></span> <span class='ocrx_word' id='word_1_638' title='bbox 2403 3847 2458 3902; x_wconf 94' lang='lat' dir='ltr'><strong>in</strong></span> <span class='ocrx_word' id='word_1_639' title='bbox 2493 3846 2709 3916; x_wconf 75' lang='lat' dir='ltr'><strong>dialogo</strong></span> <span class='ocrx_word' id='word_1_640' title='bbox 2760 3845 3075 3900; x_wconf 78' lang='lat' dir='ltr'><strong>Barlamita:</strong></span> <span class='ocrx_word' id='word_1_641' title='bbox 3121 3853 3282 3913; x_wconf 83' lang='lat' dir='ltr'><strong>atque</strong></span> <span class='ocrx_word' id='word_1_642' title='bbox 3332 3838 3668 3896; x_wconf 64' lang='lat' dir='ltr'><strong>Orthodozi:</strong></span> 
     </span>
    </p>
   </div>
   <div class='ocr_carea' id='block_1_85' title="bbox 2093 3928 3684 4007">
    <p class='ocr_par' dir='ltr' id='par_1_85' title="bbox 2093 3928 3684 4007">
     <span class='ocr_line' id='line_1_85' title="bbox 2093 3928 3684 4007; baseline -0.008 -17"><span class='ocrx_word' id='word_1_643' title='bbox 2093 3955 2113 3990; x_wconf 77' lang='grc' dir='ltr'><strong>ι</strong></span> <span class='ocrx_word' id='word_1_644' title='bbox 2154 3938 2393 3995; x_wconf 80' lang='lat' dir='ltr'><strong>Videsne</strong></span> <span class='ocrx_word' id='word_1_645' title='bbox 2435 3937 2583 4007; x_wconf 85' lang='lat' dir='ltr'><strong>quod</strong></span> <span class='ocrx_word' id='word_1_646' title='bbox 2633 3937 2681 3992; x_wconf 88' lang='lat' dir='ltr'><strong>is</strong></span> <span class='ocrx_word' id='word_1_647' title='bbox 2720 3939 2940 4006; x_wconf 82' lang='lat' dir='ltr'><strong>quoque</strong></span> <span class='ocrx_word' id='word_1_648' title='bbox 2991 3949 3100 3988; x_wconf 94' lang='lat' dir='ltr'><strong>non</strong></span> <span class='ocrx_word' id='word_1_649' title='bbox 3148 3941 3363 3987; x_wconf 86' lang='lat' dir='ltr'><strong>tantum</strong></span> <span class='ocrx_word' id='word_1_650' title='bbox 3401 3928 3684 3983; x_wconf 86' lang='lat' dir='ltr'><strong>Deitatem.</strong></span> 
     </span>
    </p>
   </div>
   <div class='ocr_carea' id='block_1_86' title="bbox 2088 4019 3672 4096">
    <p class='ocr_par' dir='ltr' id='par_1_86' title="bbox 2088 4019 3672 4096">
     <span class='ocr_line' id='line_1_86' title="bbox 2088 4019 3672 4096; baseline -0.006 -12"><span class='ocrx_word' id='word_1_651' title='bbox 2088 4031 2242 4085; x_wconf 86' lang='lat' dir='ltr'><strong>novit</strong></span> <span class='ocrx_word' id='word_1_652' title='bbox 2293 4029 2646 4096; x_wconf 84' lang='lat' dir='ltr'><strong>invisibilem,</strong></span> <span class='ocrx_word' id='word_1_653' title='bbox 2678 4028 2774 4084; x_wconf 89' lang='lat' dir='ltr'><strong>sed</strong></span> <span class='ocrx_word' id='word_1_654' title='bbox 2820 4029 2984 4082; x_wconf 88' lang='lat' dir='ltr'><strong>etiam</strong></span> <span class='ocrx_word' id='word_1_655' title='bbox 3042 4024 3368 4081; x_wconf 28' lang='lat' dir='ltr'><strong>visibilem?!</strong></span> <span class='ocrx_word' id='word_1_656' title='bbox 3409 4019 3672 4089; x_wconf 85' lang='lat' dir='ltr'><strong>Quando-</strong></span> 
     </span>
    </p>
   </div>
   <div class='ocr_carea' id='block_1_87' title="bbox 2092 4113 3673 4192">
    <p class='ocr_par' dir='ltr' id='par_1_87' title="bbox 2092 4113 3673 4192">
     <span class='ocr_line' id='line_1_87' title="bbox 2092 4113 3673 4192; baseline -0.007 -15"><span class='ocrx_word' id='word_1_657' title='bbox 2092 4122 2316 4192; x_wconf 90' lang='lat' dir='ltr'><strong>quidem</strong></span> <span class='ocrx_word' id='word_1_658' title='bbox 2349 4121 2567 4177; x_wconf 88' lang='lat' dir='ltr'><strong>visibile</strong></span> <span class='ocrx_word' id='word_1_659' title='bbox 2599 4130 2686 4175; x_wconf 88' lang='lat' dir='ltr'><strong>est</strong></span> <span class='ocrx_word' id='word_1_660' title='bbox 2725 4119 2846 4190; x_wconf 87' lang='lat' dir='ltr'><strong>ejus</strong></span> <span class='ocrx_word' id='word_1_661' title='bbox 2889 4119 3103 4176; x_wconf 88' lang='lat' dir='ltr'><strong>lumen.</strong></span> <span class='ocrx_word' id='word_1_662' title='bbox 3129 4135 3152 4169; x_wconf 72' lang='grc' dir='ltr'><strong>ι</strong></span> <span class='ocrx_word' id='word_1_663' title='bbox 3181 4115 3250 4171; x_wconf 86' lang='grc' dir='ltr'>Ει</span> <span class='ocrx_word' id='word_1_664' title='bbox 3293 4117 3350 4170; x_wconf 92' lang='lat' dir='ltr'><strong>in</strong></span> <span class='ocrx_word' id='word_1_665' title='bbox 3399 4113 3673 4176; x_wconf 67' lang='lat' dir='ltr'><strong>oratione,</strong></span> 
     </span>
    </p>
   </div>
   <div class='ocr_carea' id='block_1_88' title="bbox 2093 4206 3676 4284">
    <p class='ocr_par' dir='ltr' id='par_1_88' title="bbox 2093 4206 3676 4284">
     <span class='ocr_line' id='line_1_88' title="bbox 2093 4206 3676 4284; baseline -0.008 -15"><span class='ocrx_word' id='word_1_666' title='bbox 2093 4214 2251 4284; x_wconf 82' lang='lat' dir='ltr'><strong>cujus</strong></span> <span class='ocrx_word' id='word_1_667' title='bbox 2297 4213 2536 4278; x_wconf 87' lang='lat' dir='ltr'><strong>initium,</strong></span> <span class='ocrx_word' id='word_1_668' title='bbox 2586 4211 2717 4266; x_wconf 87' lang='lat' dir='ltr'><strong>Cum</strong></span> <span class='ocrx_word' id='word_1_669' title='bbox 2760 4213 3148 4266; x_wconf 75' lang='lat' dir='ltr'><strong>insusurrasset</strong></span> <span class='ocrx_word' id='word_1_670' title='bbox 3177 4225 3195 4262; x_wconf 92' lang='lat'><strong><em>:</em></strong></span> <span class='ocrx_word' id='word_1_671' title='bbox 3239 4227 3258 4260; x_wconf 81' lang='grc' dir='ltr'><strong>ι</strong></span> <span class='ocrx_word' id='word_1_672' title='bbox 3293 4207 3508 4262; x_wconf 84' lang='lat' dir='ltr'><strong>Etenim</strong></span> <span class='ocrx_word' id='word_1_673' title='bbox 3568 4206 3676 4258; x_wconf 84' lang='lat' dir='ltr'><strong>htt-</strong></span> 
     </span>
    </p>
   </div>
   <div class='ocr_carea' id='block_1_89' title="bbox 2093 4297 3678 4373">
    <p class='ocr_par' dir='ltr' id='par_1_89' title="bbox 2093 4297 3678 4373">
     <span class='ocr_line' id='line_1_89' title="bbox 2093 4297 3678 4373; baseline -0.004 -15"><span class='ocrx_word' id='word_1_674' title='bbox 2093 4305 2270 4360; x_wconf 89' lang='lat' dir='ltr'><strong>manis</strong></span> <span class='ocrx_word' id='word_1_675' title='bbox 2322 4305 2500 4360; x_wconf 90' lang='lat' dir='ltr'><strong>oculis</strong></span> <span class='ocrx_word' id='word_1_676' title='bbox 2550 4305 2668 4359; x_wconf 75' lang='lat' dir='ltr'><strong>visa</strong></span> <span class='ocrx_word' id='word_1_677' title='bbox 2725 4312 2832 4368; x_wconf 90' lang='lat' dir='ltr'><strong>est,</strong></span> <span class='ocrx_word' id='word_1_678' title='bbox 2892 4313 3058 4373; x_wconf 88' lang='lat' dir='ltr'><strong>atque</strong></span> <span class='ocrx_word' id='word_1_679' title='bbox 3107 4302 3327 4357; x_wconf 85' lang='lat' dir='ltr'><strong>inter-no</strong></span> <span class='ocrx_word' id='word_1_680' title='bbox 3381 4297 3678 4368; x_wconf 84' lang='lat' dir='ltr'><strong>splendore</strong></span> 
     </span>
    </p>
   </div>
   <div class='ocr_carea' id='block_1_90' title="bbox 2097 4390 3676 4467">
    <p class='ocr_par' dir='ltr' id='par_1_90' title="bbox 2097 4390 3676 4467">
     <span class='ocr_line' id='line_1_90' title="bbox 2097 4390 3676 4467; baseline -0.005 -15"><span class='ocrx_word' id='word_1_681' title='bbox 2097 4407 2332 4452; x_wconf 79' lang='lat' dir='ltr'><strong>mentem</strong></span> <span class='ocrx_word' id='word_1_682' title='bbox 2362 4396 2680 4467; x_wconf 81' lang='lat' dir='ltr'><strong>fulguravit.</strong></span> <span class='ocrx_word' id='word_1_683' title='bbox 2711 4397 2980 4462; x_wconf 85' lang='lat' dir='ltr'><strong>Quocirca</strong></span> <span class='ocrx_word' id='word_1_684' title='bbox 3024 4403 3081 4450; x_wconf 87' lang='lat' dir='ltr'><strong>et</strong></span> <span class='ocrx_word' id='word_1_685' title='bbox 3109 4393 3344 4450; x_wconf 76' lang='lat' dir='ltr'><strong>visibilis</strong></span> <span class='ocrx_word' id='word_1_686' title='bbox 3388 4401 3444 4448; x_wconf 84' lang='lat' dir='ltr'><strong>et</strong></span> <span class='ocrx_word' id='word_1_687' title='bbox 3471 4390 3676 4446; x_wconf 85' lang='lat' dir='ltr'><strong>intelli-</strong></span> 
     </span>
    </p>
   </div>
   <div class='ocr_carea' id='block_1_91' title="bbox 2095 4487 2916 4559">
    <p class='ocr_par' dir='ltr' id='par_1_91' title="bbox 2095 4487 2916 4559">
     <span class='ocr_line' id='line_1_91' title="bbox 2095 4487 2916 4559; baseline 0.001 -18"><span class='ocrx_word' id='word_1_688' title='bbox 2095 4488 2276 4559; x_wconf 79' lang='lat' dir='ltr'><strong>gibiiis</strong></span> <span class='ocrx_word' id='word_1_689' title='bbox 2304 4487 2576 4558; x_wconf 89' lang='lat' dir='ltr'><strong>appellata</strong></span> <span class='ocrx_word' id='word_1_690' title='bbox 2606 4497 2689 4542; x_wconf 88' lang='lat' dir='ltr'><strong>est</strong></span> <span class='ocrx_word' id='word_1_691' title='bbox 2713 4487 2916 4542; x_wconf 88' lang='lat' dir='ltr'><strong>Deitas.</strong></span> 
     </span>
    </p>
   </div>
   <div class='ocr_carea' id='block_1_92' title="bbox 2170 4578 3675 4650">
    <p class='ocr_par' dir='ltr' id='par_1_92' title="bbox 2170 4578 3675 4650">
     <span class='ocr_line' id='line_1_92' title="bbox 2170 4578 3675 4650; baseline -0.005 -14"><span class='ocrx_word' id='word_1_692' title='bbox 2170 4581 2447 4650; x_wconf 89' lang='lat' dir='ltr'><strong>Septimus</strong></span> <span class='ocrx_word' id='word_1_693' title='bbox 2475 4580 2670 4636; x_wconf 91' lang='lat' dir='ltr'><strong>modus</strong></span> <span class='ocrx_word' id='word_1_694' title='bbox 2698 4599 2711 4635; x_wconf 91' lang='lat'><strong>:</strong></span> <span class='ocrx_word' id='word_1_695' title='bbox 2747 4579 3109 4634; x_wconf 88' lang='lat' dir='ltr'><strong>substantiam</strong></span> <span class='ocrx_word' id='word_1_696' title='bbox 3147 4578 3372 4648; x_wconf 90' lang='lat' dir='ltr'><strong>quidem</strong></span> <span class='ocrx_word' id='word_1_697' title='bbox 3400 4590 3520 4632; x_wconf 87' lang='lat' dir='ltr'><strong>esse</strong></span> <span class='ocrx_word' id='word_1_698' title='bbox 3554 4590 3675 4630; x_wconf 88' lang='lat' dir='ltr'><strong>om-</strong></span> 
     </span>
    </p>
   </div>
   <div class='ocr_carea' id='block_1_93' title="bbox 2099 4665 3675 4737">
    <p class='ocr_par' dir='ltr' id='par_1_93' title="bbox 2099 4665 3675 4737">
     <span class='ocr_line' id='line_1_93' title="bbox 2099 4665 3675 4737; baseline -0.001 -16"><span class='ocrx_word' id='word_1_699' title='bbox 2099 4671 2231 4722; x_wconf 89' lang='lat' dir='ltr'><strong>nino</strong></span> <span class='ocrx_word' id='word_1_700' title='bbox 2275 4668 2636 4732; x_wconf 89' lang='lat' dir='ltr'><strong>immobilem,</strong></span> <span class='ocrx_word' id='word_1_701' title='bbox 2664 4668 3045 4737; x_wconf 89' lang='lat' dir='ltr'><strong>operationem</strong></span> <span class='ocrx_word' id='word_1_702' title='bbox 3085 4683 3219 4723; x_wconf 77' lang='lat' dir='ltr'><strong>vero</strong></span> <span class='ocrx_word' id='word_1_703' title='bbox 3241 4681 3364 4722; x_wconf 90' lang='lat' dir='ltr'><strong>esse</strong></span> <span class='ocrx_word' id='word_1_704' title='bbox 3393 4665 3675 4732; x_wconf 89' lang='lat' dir='ltr'><strong>mobilem,</strong></span> 
     </span>
    </p>
   </div>
   <div class='ocr_carea' id='block_1_94' title="bbox 2099 4759 3679 4831">
    <p class='ocr_par' dir='ltr' id='par_1_94' title="bbox 2099 4759 3679 4831">
     <span class='ocr_line' id='line_1_94' title="bbox 2099 4759 3679 4831; baseline 0.001 -18"><span class='ocrx_word' id='word_1_705' title='bbox 2099 4770 2156 4814; x_wconf 91' lang='lat' dir='ltr'><strong>et</strong></span> <span class='ocrx_word' id='word_1_706' title='bbox 2192 4767 2423 4813; x_wconf 87' lang='lat' dir='ltr'><strong>motum.</strong></span> <span class='ocrx_word' id='word_1_707' title='bbox 2457 4759 2527 4814; x_wconf 88' lang='lat' dir='ltr'><strong>Et</strong></span> <span class='ocrx_word' id='word_1_708' title='bbox 2555 4759 2806 4815; x_wconf 87' lang='lat' dir='ltr'><strong>Palamas</strong></span> <span class='ocrx_word' id='word_1_709' title='bbox 2855 4760 2910 4814; x_wconf 93' lang='lat' dir='ltr'><strong>in</strong></span> <span class='ocrx_word' id='word_1_710' title='bbox 2944 4759 3181 4831; x_wconf 82' lang='lat' dir='ltr'><strong>dialogo,</strong></span> <span class='ocrx_word' id='word_1_711' title='bbox 3227 4761 3679 4830; x_wconf 15' lang='lat' dir='ltr'><strong>quemlinscriliit</strong></span> 
     </span>
    </p>
   </div>
   <div class='ocr_carea' id='block_1_95' title="bbox 2102 4853 3679 4939">
    <p class='ocr_par' dir='ltr' id='par_1_95' title="bbox 2102 4853 3679 4939">
     <span class='ocr_line' id='line_1_95' title="bbox 2102 4853 3679 4939; baseline 0.001 -31"><span class='ocrx_word' id='word_1_712' title='bbox 2102 4853 2463 4924; x_wconf 79' lang='lat' dir='ltr'><strong>Refutationes</strong></span> <span class='ocrx_word' id='word_1_713' title='bbox 2513 4863 2561 4906; x_wconf 77' lang='lat' dir='ltr'><strong>et</strong></span> <span class='ocrx_word' id='word_1_714' title='bbox 2589 4853 2865 4939; x_wconf 61' lang='lat' dir='ltr'><strong>&#39;absurdq,</strong></span> <span class='ocrx_word' id='word_1_715' title='bbox 2910 4854 3125 4918; x_wconf 87' lang='lat' dir='ltr'><strong>asserit,</strong></span> <span class='ocrx_word' id='word_1_716' title='bbox 3147 4854 3292 4924; x_wconf 81' lang='lat' dir='ltr'><strong>quod</strong></span> <span class='ocrx_word' id='word_1_717' title='bbox 3333 4874 3350 4906; x_wconf 82' lang='grc' dir='ltr'><strong>ι</strong></span> <span class='ocrx_word' id='word_1_718' title='bbox 3381 4854 3519 4910; x_wconf 91' lang='lat' dir='ltr'><strong>Cum</strong></span> <span class='ocrx_word' id='word_1_719' title='bbox 3543 4857 3679 4910; x_wconf 84' lang='lat' dir='ltr'><strong>sub-</strong></span> 
     </span>
    </p>
   </div>
   <div class='ocr_carea' id='block_1_96' title="bbox 356 4930 1977 5014">
    <p class='ocr_par' dir='ltr' id='par_1_96' title="bbox 356 4939 1977 5014">
     <span class='ocr_line' id='line_1_96' title="bbox 356 4939 1977 5014; baseline 0.001 -19"><span class='ocrx_word' id='word_1_720' title='bbox 356 4945 362 4950; x_wconf 84' lang='grc'><em>’</em></span> <span class='ocrx_word' id='word_1_721' title='bbox 417 4941 514 4995; x_wconf 88' lang='grc' dir='ltr'><strong>τοῦ</strong></span> <span class='ocrx_word' id='word_1_722' title='bbox 565 4941 705 4995; x_wconf 86' lang='grc' dir='ltr'>Θεοῦ</span> <span class='ocrx_word' id='word_1_723' title='bbox 736 4941 998 5011; x_wconf 80' lang='grc' dir='ltr'>ἀκινήτου</span> <span class='ocrx_word' id='word_1_724' title='bbox 1035 4939 1306 5011; x_wconf 85' lang='grc' dir='ltr'>μενούσης</span> <span class='ocrx_word' id='word_1_725' title='bbox 1348 4941 1381 5012; x_wconf 79' lang='grc' dir='ltr'>ἡ</span> <span class='ocrx_word' id='word_1_726' title='bbox 1431 4942 1623 5012; x_wconf 88' lang='grc' dir='ltr'>θεότης</span> <span class='ocrx_word' id='word_1_727' title='bbox 1655 4943 1794 5014; x_wconf 80' lang='grc' dir='ltr'>αὕτη</span> <span class='ocrx_word' id='word_1_728' title='bbox 1827 4947 1977 4998; x_wconf 78' lang='grc' dir='ltr'>κινεῖ·</span> 
     </span>
    </p>
   </div>
   <div class='ocr_carea' id='block_1_97' title="bbox 2078 4930 3678 5014">
    <p class='ocr_par' dir='ltr' id='par_1_97' title="bbox 2105 4930 3678 5014">
     <span class='ocr_line' id='line_1_97' title="bbox 2105 4930 3678 5014; baseline -0.001 -13"><span class='ocrx_word' id='word_1_729' title='bbox 2105 4945 2304 5001; x_wconf 89' lang='lat' dir='ltr'><strong>stantia</strong></span> <span class='ocrx_word' id='word_1_730' title='bbox 2337 4946 2430 5000; x_wconf 87' lang='lat' dir='ltr'><strong>Dei</strong></span> <span class='ocrx_word' id='word_1_731' title='bbox 2481 4945 2703 5000; x_wconf 88' lang='lat' dir='ltr'><strong>immota</strong></span> <span class='ocrx_word' id='word_1_732' title='bbox 2755 4930 2999 5014; x_wconf 82' lang='lat' dir='ltr'><strong>maneat,</strong></span> <span class='ocrx_word' id='word_1_733' title='bbox 3033 4946 3212 5008; x_wconf 84' lang='lat' dir='ltr'><strong>deitas</strong></span> <span class='ocrx_word' id='word_1_734' title='bbox 3255 4947 3373 5002; x_wconf 84' lang='lat' dir='ltr'><strong>haec</strong></span> <span class='ocrx_word' id='word_1_735' title='bbox 3404 4957 3678 5006; x_wconf 87' lang='lat' dir='ltr'><strong>movetur.</strong></span> 
     </span>
    </p>
   </div>
   <div class='ocr_carea' id='block_1_98' title="bbox 420 5029 2002 5103">
    <p class='ocr_par' dir='ltr' id='par_1_98' title="bbox 420 5029 2002 5103">
     <span class='ocr_line' id='line_1_98' title="bbox 420 5029 2002 5103; baseline 0.002 -18"><span class='ocrx_word' id='word_1_736' title='bbox 420 5031 547 5085; x_wconf 83' lang='grc' dir='ltr'>σθαι</span> <span class='ocrx_word' id='word_1_737' title='bbox 576 5032 670 5084; x_wconf 58' lang='grc' dir='ltr'><strong>καὶ⁸</strong></span> <span class='ocrx_word' id='word_1_738' title='bbox 690 5029 1067 5100; x_wconf 78' lang='grc' dir='ltr'>μεταδίδοσθαι</span> <span class='ocrx_word' id='word_1_739' title='bbox 1096 5030 1336 5100; x_wconf 79' lang='grc' dir='ltr'>πέφυκε.</span> <span class='ocrx_word' id='word_1_740' title='bbox 1364 5049 1384 5083; x_wconf 75' lang='grc' dir='ltr'><strong>ι</strong></span> <span class='ocrx_word' id='word_1_741' title='bbox 1411 5032 1579 5103; x_wconf 83' lang='grc' dir='ltr'>Κοινῇ</span> <span class='ocrx_word' id='word_1_742' title='bbox 1597 5032 1656 5086; x_wconf 82' lang='grc' dir='ltr'>δὲ</span> <span class='ocrx_word' id='word_1_743' title='bbox 1669 5034 2002 5103; x_wconf 85' lang='grc' dir='ltr'>ἀποφαίνον-</span> 
     </span>
    </p>
   </div>
   <div class='ocr_carea' id='block_1_99' title="bbox 370 5123 1997 5199">
    <p class='ocr_par' dir='ltr' id='par_1_99' title="bbox 370 5123 1997 5199">
     <span class='ocr_line' id='line_1_99' title="bbox 370 5123 1997 5199; baseline 0.004 -23"><span class='ocrx_word' id='word_1_744' title='bbox 370 5177 375 5181; x_wconf 78' lang='grc'><strong>,</strong></span> <span class='ocrx_word' id='word_1_745' title='bbox 419 5141 512 5177; x_wconf 88' lang='grc' dir='ltr'><strong>ται</strong></span> <span class='ocrx_word' id='word_1_746' title='bbox 557 5127 616 5178; x_wconf 81' lang='grc' dir='ltr'><strong>ἐν</strong></span> <span class='ocrx_word' id='word_1_747' title='bbox 671 5123 751 5192; x_wconf 80' lang='grc' dir='ltr'>τῷ</span> <span class='ocrx_word' id='word_1_748' title='bbox 779 5123 932 5192; x_wconf 87' lang='grc' dir='ltr'>τόμῳ</span> <span class='ocrx_word' id='word_1_749' title='bbox 975 5123 1076 5190; x_wconf 76' lang='grc' dir='ltr'>τὴν</span> <span class='ocrx_word' id='word_1_750' title='bbox 1105 5123 1341 5193; x_wconf 82' lang='grc' dir='ltr'>οὐσιὼδη</span> <span class='ocrx_word' id='word_1_751' title='bbox 1374 5130 1470 5177; x_wconf 75' lang='grc' dir='ltr'>καὶ</span> <span class='ocrx_word' id='word_1_752' title='bbox 1503 5127 1740 5198; x_wconf 80' lang='grc' dir='ltr'>φυσικὴν</span> <span class='ocrx_word' id='word_1_753' title='bbox 1771 5127 1997 5199; x_wconf 86' lang='grc' dir='ltr'>ταύτην,</span> 
     </span>
    </p>
   </div>
   <div class='ocr_carea' id='block_1_100' title="bbox 420 5209 1998 5290">
    <p class='ocr_par' dir='ltr' id='par_1_100' title="bbox 420 5209 1998 5290">
     <span class='ocr_line' id='line_1_100' title="bbox 420 5209 1998 5290; baseline 0.003 -20"><span class='ocrx_word' id='word_1_754' title='bbox 420 5216 514 5270; x_wconf 81' lang='grc' dir='ltr'><strong>τοῦ</strong></span> <span class='ocrx_word' id='word_1_755' title='bbox 545 5216 682 5270; x_wconf 77' lang='grc' dir='ltr'>Θεοῦ</span> <span class='ocrx_word' id='word_1_756' title='bbox 711 5215 928 5286; x_wconf 88' lang='grc' dir='ltr'>κίνησιν</span> <span class='ocrx_word' id='word_1_757' title='bbox 976 5209 1146 5269; x_wconf 81' lang='grc' dir='ltr'>οὖσαν</span> <span class='ocrx_word' id='word_1_758' title='bbox 1177 5216 1380 5280; x_wconf 73' lang='grc' dir='ltr'>εἰδότες</span> <span class='ocrx_word' id='word_1_759' title='bbox 1403 5256 1418 5283; x_wconf 96' lang='grc'><strong>,</strong></span> <span class='ocrx_word' id='word_1_760' title='bbox 1444 5218 1520 5283; x_wconf 85' lang='grc' dir='ltr'><strong>ὡς</strong></span> <span class='ocrx_word' id='word_1_761' title='bbox 1550 5219 1614 5272; x_wconf 91' lang='grc' dir='ltr'><strong>ἐκ</strong></span> <span class='ocrx_word' id='word_1_762' title='bbox 1643 5220 1830 5290; x_wconf 79' lang='grc' dir='ltr'>πηγῆς</span> <span class='ocrx_word' id='word_1_763' title='bbox 1873 5221 1998 5274; x_wconf 66' lang='lat' dir='ltr'><strong>dev-</strong></span> 
     </span>
    </p>
   </div>
   <div class='ocr_carea' id='block_1_101' title="bbox 424 5307 2001 5385">
    <p class='ocr_par' dir='ltr' id='par_1_101' title="bbox 424 5307 2001 5385">
     <span class='ocr_line' id='line_1_101' title="bbox 424 5307 2001 5385; baseline 0.004 -23"><span class='ocrx_word' id='word_1_764' title='bbox 424 5311 557 5364; x_wconf 87' lang='grc' dir='ltr'>νάου</span> <span class='ocrx_word' id='word_1_765' title='bbox 585 5309 684 5380; x_wconf 84' lang='grc' dir='ltr'>τῆς</span> <span class='ocrx_word' id='word_1_766' title='bbox 715 5308 870 5372; x_wconf 84' lang='grc' dir='ltr'>θείας</span> <span class='ocrx_word' id='word_1_767' title='bbox 918 5307 1109 5372; x_wconf 82' lang='grc' dir='ltr'>οὐσίας</span> <span class='ocrx_word' id='word_1_768' title='bbox 1165 5309 1535 5382; x_wconf 82' lang='grc' dir='ltr'>προέρχεσθαί</span> <span class='ocrx_word' id='word_1_769' title='bbox 1580 5327 1641 5365; x_wconf 89' lang='grc' dir='ltr'><strong>τε</strong></span> <span class='ocrx_word' id='word_1_770' title='bbox 1692 5313 1787 5365; x_wconf 77' lang='grc' dir='ltr'>καὶ</span> <span class='ocrx_word' id='word_1_771' title='bbox 1816 5313 2001 5385; x_wconf 83' lang='grc' dir='ltr'>πηγά-</span> 
     </span>
    </p>
   </div>
   <div class='ocr_carea' id='block_1_102' title="bbox 427 5403 567 5467">
    <p class='ocr_par' dir='ltr' id='par_1_102' title="bbox 427 5403 567 5467">
     <span class='ocr_line' id='line_1_102' title="bbox 427 5403 567 5467; baseline 0.014 -11"><span class='ocrx_word' id='word_1_772' title='bbox 427 5403 567 5467; x_wconf 81' lang='grc' dir='ltr'>ζειν.</span> 
     </span>
    </p>
   </div>
   <div class='ocr_carea' id='block_1_103' title="bbox 510 5494 2003 5568">
    <p class='ocr_par' dir='ltr' id='par_1_103' title="bbox 510 5494 2003 5568">
     <span class='ocr_line' id='line_1_103' title="bbox 510 5494 2003 5568; baseline 0.002 -19"><span class='ocrx_word' id='word_1_773' title='bbox 510 5495 568 5549; x_wconf 81' lang='grc'><strong>’0</strong></span> <span class='ocrx_word' id='word_1_774' title='bbox 594 5495 776 5564; x_wconf 76' lang='grc' dir='ltr'>ὄγδοος</span> <span class='ocrx_word' id='word_1_775' title='bbox 807 5495 1031 5565; x_wconf 81' lang='grc' dir='ltr'>τρόπος,</span> <span class='ocrx_word' id='word_1_776' title='bbox 1057 5494 1120 5549; x_wconf 81' lang='grc' dir='ltr'>τὸ</span> <span class='ocrx_word' id='word_1_777' title='bbox 1139 5495 1238 5566; x_wconf 83' lang='grc' dir='ltr'>τὴν</span> <span class='ocrx_word' id='word_1_778' title='bbox 1271 5496 1371 5566; x_wconf 83' lang='grc' dir='ltr'>μὲν</span> <span class='ocrx_word' id='word_1_779' title='bbox 1395 5496 1587 5549; x_wconf 79' lang='grc' dir='ltr'>οὐσίαν</span> <span class='ocrx_word' id='word_1_780' title='bbox 1613 5496 2003 5568; x_wconf 77' lang='grc' dir='ltr'>ἀκατάληπτον</span> 
     </span>
    </p>
   </div>
   <div class='ocr_carea' id='block_1_104' title="bbox 427 5581 2002 5658">
    <p class='ocr_par' dir='ltr' id='par_1_104' title="bbox 427 5581 2002 5658">
     <span class='ocr_line' id='line_1_104' title="bbox 427 5581 2002 5658; baseline 0.001 -20"><span class='ocrx_word' id='word_1_781' title='bbox 427 5581 588 5648; x_wconf 80' lang='grc' dir='ltr'>εἶναι,</span> <span class='ocrx_word' id='word_1_782' title='bbox 622 5585 721 5656; x_wconf 76' lang='grc' dir='ltr'><strong>τὴν</strong></span> <span class='ocrx_word' id='word_1_783' title='bbox 747 5585 802 5639; x_wconf 73' lang='grc' dir='ltr'>δὲ</span> <span class='ocrx_word' id='word_1_784' title='bbox 842 5585 1126 5656; x_wconf 84' lang='grc' dir='ltr'>ἐνέργειαν</span> <span class='ocrx_word' id='word_1_785' title='bbox 1172 5584 1454 5657; x_wconf 87' lang='grc' dir='ltr'>γνώριμον</span> <span class='ocrx_word' id='word_1_786' title='bbox 1494 5585 1591 5639; x_wconf 75' lang='grc' dir='ltr'>καὶ</span> <span class='ocrx_word' id='word_1_787' title='bbox 1617 5587 2002 5658; x_wconf 79' lang='grc' dir='ltr'>καταληπτὴν.</span> 
     </span>
    </p>
   </div>
   <div class='ocr_carea' id='block_1_105' title="bbox 429 5662 2010 5750">
    <p class='ocr_par' dir='ltr' id='par_1_105' title="bbox 429 5662 2010 5750">
     <span class='ocr_line' id='line_1_105' title="bbox 429 5662 2010 5750; baseline 0.001 -17"><span class='ocrx_word' id='word_1_788' title='bbox 429 5679 538 5734; x_wconf 85' lang='grc' dir='ltr'>Καί</span> <span class='ocrx_word' id='word_1_789' title='bbox 570 5689 737 5748; x_wconf 83' lang='grc' dir='ltr'>φησιν</span> <span class='ocrx_word' id='word_1_790' title='bbox 766 5679 824 5732; x_wconf 85' lang='grc' dir='ltr'><strong>ἐν</strong></span> <span class='ocrx_word' id='word_1_791' title='bbox 854 5677 932 5749; x_wconf 82' lang='grc' dir='ltr'>τῷ</span> <span class='ocrx_word' id='word_1_792' title='bbox 965 5679 1186 5749; x_wconf 79' lang='grc' dir='ltr'>ῥηθέντι</span> <span class='ocrx_word' id='word_1_793' title='bbox 1206 5662 1371 5749; x_wconf 74' lang='grc' dir='ltr'>λόγῳ,</span> <span class='ocrx_word' id='word_1_794' title='bbox 1407 5671 1524 5748; x_wconf 83' lang='grc' dir='ltr'>οῦή</span> <span class='ocrx_word' id='word_1_795' title='bbox 1556 5679 1721 5750; x_wconf 83' lang='grc' dir='ltr'>ἀρχὴ,</span> <span class='ocrx_word' id='word_1_796' title='bbox 1758 5679 2010 5748; x_wconf 77' lang='grc' dir='ltr'>Ὑποψι·</span> 
     </span>
    </p>
   </div>
   <div class='ocr_carea' id='block_1_106' title="bbox 429 5771 2006 5844">
    <p class='ocr_par' dir='ltr' id='par_1_106' title="bbox 429 5771 2006 5844">
     <span class='ocr_line' id='line_1_106' title="bbox 429 5771 2006 5844; baseline -0.001 -16"><span class='ocrx_word' id='word_1_797' title='bbox 429 5772 682 5840; x_wconf 67' lang='lat' dir='ltr'><strong>duplam;</strong></span> <span class='ocrx_word' id='word_1_798' title='bbox 705 5771 966 5839; x_wconf 78' lang='grc' dir='ltr'>τοίνυν,ι</span> <span class='ocrx_word' id='word_1_799' title='bbox 990 5772 1279 5842; x_wconf 83' lang='grc' dir='ltr'>Διενήνοχε</span> <span class='ocrx_word' id='word_1_800' title='bbox 1310 5771 1410 5842; x_wconf 77' lang='grc' dir='ltr'>τῆς</span> <span class='ocrx_word' id='word_1_801' title='bbox 1441 5772 1592 5834; x_wconf 80' lang='grc' dir='ltr'>θείας</span> <span class='ocrx_word' id='word_1_802' title='bbox 1618 5771 1802 5836; x_wconf 83' lang='grc' dir='ltr'>οὐσίας</span> <span class='ocrx_word' id='word_1_803' title='bbox 1827 5774 1860 5844; x_wconf 80' lang='grc' dir='ltr'><strong>ἡ</strong></span> <span class='ocrx_word' id='word_1_804' title='bbox 1887 5772 2006 5826; x_wconf 77' lang='grc' dir='ltr'>θεία</span> 
     </span>
    </p>
   </div>
   <div class='ocr_carea' id='block_1_107' title="bbox 432 5863 2006 5945">
    <p class='ocr_par' dir='ltr' id='par_1_107' title="bbox 432 5863 2006 5945">
     <span class='ocr_line' id='line_1_107' title="bbox 432 5863 2006 5945; baseline 0.001 -27"><span class='ocrx_word' id='word_1_805' title='bbox 432 5863 679 5945; x_wconf 59' lang='grc' dir='ltr'>ἐνέργεια</span> <span class='ocrx_word' id='word_1_806' title='bbox 712 5863 855 5919; x_wconf 77' lang='grc' dir='ltr'>κατὰ</span> <span class='ocrx_word' id='word_1_807' title='bbox 884 5865 1116 5930; x_wconf 81' lang='grc' dir='ltr'>πολλοὺς</span> <span class='ocrx_word' id='word_1_808' title='bbox 1144 5865 1400 5936; x_wconf 86' lang='grc' dir='ltr'>τρόπους,</span> <span class='ocrx_word' id='word_1_809' title='bbox 1429 5865 1682 5937; x_wconf 81' lang='grc' dir='ltr'>καθάπερ</span> <span class='ocrx_word' id='word_1_810' title='bbox 1708 5866 1764 5921; x_wconf 82' lang='grc' dir='ltr'><strong>ἐν</strong></span> <span class='ocrx_word' id='word_1_811' title='bbox 1792 5866 2006 5932; x_wconf 82' lang='grc' dir='ltr'>πολλοῖς</span> 
     </span>
    </p>
   </div>
   <div class='ocr_carea' id='block_1_108' title="bbox 2106 5036 3681 5106">
    <p class='ocr_par' dir='ltr' id='par_1_108' title="bbox 2106 5036 3681 5106">
     <span class='ocr_line' id='line_1_108' title="bbox 2106 5036 3681 5106; baseline 0.001 -16"><span class='ocrx_word' id='word_1_812' title='bbox 2106 5045 2164 5091; x_wconf 89' lang='lat' dir='ltr'><strong>et</strong></span> <span class='ocrx_word' id='word_1_813' title='bbox 2191 5036 2583 5091; x_wconf 87' lang='lat' dir='ltr'><strong>communicari</strong></span> <span class='ocrx_word' id='word_1_814' title='bbox 2634 5045 2758 5106; x_wconf 89' lang='lat' dir='ltr'><strong>apta</strong></span> <span class='ocrx_word' id='word_1_815' title='bbox 2803 5045 2906 5091; x_wconf 86' lang='lat' dir='ltr'><strong>est.</strong></span> <span class='ocrx_word' id='word_1_816' title='bbox 2952 5055 2971 5089; x_wconf 74' lang='grc' dir='ltr'><strong>ι</strong></span> <span class='ocrx_word' id='word_1_817' title='bbox 3023 5037 3403 5092; x_wconf 87' lang='lat' dir='ltr'><strong>Communiter</strong></span> <span class='ocrx_word' id='word_1_818' title='bbox 3450 5053 3582 5092; x_wconf 81' lang='lat' dir='ltr'><strong>vero</strong></span> <span class='ocrx_word' id='word_1_819' title='bbox 3627 5039 3681 5092; x_wconf 90' lang='lat' dir='ltr'><strong>in</strong></span> 
     </span>
    </p>
   </div>
   <div class='ocr_carea' id='block_1_109' title="bbox 2109 5128 3681 5194">
    <p class='ocr_par' dir='ltr' id='par_1_109' title="bbox 2109 5128 3681 5194">
     <span class='ocr_line' id='line_1_109' title="bbox 2109 5128 3681 5194; baseline 0.001 -12"><span class='ocrx_word' id='word_1_820' title='bbox 2109 5137 2256 5184; x_wconf 91' lang='lat' dir='ltr'><strong>tomo</strong></span> <span class='ocrx_word' id='word_1_821' title='bbox 2288 5128 2578 5194; x_wconf 84' lang='lat' dir='ltr'><strong>aﬂirmant,</strong></span> <span class='ocrx_word' id='word_1_822' title='bbox 2596 5129 3012 5185; x_wconf 84' lang='lat' dir='ltr'><strong>substantialem</strong></span> <span class='ocrx_word' id='word_1_823' title='bbox 3030 5147 3092 5187; x_wconf 88' lang='lat' dir='ltr'><strong>ac</strong></span> <span class='ocrx_word' id='word_1_824' title='bbox 3104 5131 3406 5186; x_wconf 84' lang='lat' dir='ltr'><strong>naturalem</strong></span> <span class='ocrx_word' id='word_1_825' title='bbox 3425 5131 3571 5186; x_wconf 88' lang='lat' dir='ltr'><strong>hunc</strong></span> <span class='ocrx_word' id='word_1_826' title='bbox 3587 5131 3681 5186; x_wconf 90' lang='lat' dir='ltr'><strong>Dei</strong></span> 
     </span>
    </p>
   </div>
   <div class='ocr_carea' id='block_1_110' title="bbox 2108 5223 3684 5294">
    <p class='ocr_par' dir='ltr' id='par_1_110' title="bbox 2108 5223 3684 5294">
     <span class='ocr_line' id='line_1_110' title="bbox 2108 5223 3684 5294; baseline 0.001 -19"><span class='ocrx_word' id='word_1_827' title='bbox 2108 5230 2318 5276; x_wconf 90' lang='lat' dir='ltr'><strong>motum</strong></span> <span class='ocrx_word' id='word_1_828' title='bbox 2360 5223 2646 5287; x_wconf 81' lang='lat' dir='ltr'><strong>exsistere,</strong></span> <span class='ocrx_word' id='word_1_829' title='bbox 2683 5224 2922 5278; x_wconf 88' lang='lat' dir='ltr'><strong>scientes</strong></span> <span class='ocrx_word' id='word_1_830' title='bbox 2952 5223 3097 5293; x_wconf 87' lang='lat' dir='ltr'><strong>quod</strong></span> <span class='ocrx_word' id='word_1_831' title='bbox 3133 5234 3391 5294; x_wconf 87' lang='lat' dir='ltr'><strong>tanquam</strong></span> <span class='ocrx_word' id='word_1_832' title='bbox 3437 5240 3504 5279; x_wconf 74' lang='lat' dir='ltr'><strong>ex</strong></span> <span class='ocrx_word' id='word_1_833' title='bbox 3534 5225 3684 5279; x_wconf 76' lang='lat' dir='ltr'><strong>fonte</strong></span> 
     </span>
    </p>
   </div>
   <div class='ocr_carea' id='block_1_111' title="bbox 2108 5311 3685 5384">
    <p class='ocr_par' dir='ltr' id='par_1_111' title="bbox 2108 5311 3685 5384">
     <span class='ocr_line' id='line_1_111' title="bbox 2108 5311 3685 5384; baseline 0.001 -19"><span class='ocrx_word' id='word_1_834' title='bbox 2108 5311 2362 5380; x_wconf 87' lang='lat' dir='ltr'><strong>perenni,</strong></span> <span class='ocrx_word' id='word_1_835' title='bbox 2414 5327 2446 5366; x_wconf 88' lang='lat' dir='ltr'><strong>e</strong></span> <span class='ocrx_word' id='word_1_836' title='bbox 2478 5311 2663 5366; x_wconf 89' lang='lat' dir='ltr'><strong>divina</strong></span> <span class='ocrx_word' id='word_1_837' title='bbox 2716 5311 2932 5368; x_wconf 86' lang='lat' dir='ltr'><strong>scilicet</strong></span> <span class='ocrx_word' id='word_1_838' title='bbox 2961 5313 3266 5369; x_wconf 87' lang='lat' dir='ltr'><strong>substantia</strong></span> <span class='ocrx_word' id='word_1_839' title='bbox 3315 5313 3685 5384; x_wconf 82' lang='lat' dir='ltr'><strong>proﬁciscitur</strong></span> 
     </span>
    </p>
   </div>
   <div class='ocr_carea' id='block_1_112' title="bbox 2103 5411 2388 5461">
    <p class='ocr_par' dir='ltr' id='par_1_112' title="bbox 2103 5411 2388 5461">
     <span class='ocr_line' id='line_1_112' title="bbox 2103 5411 2388 5461; baseline 0.014 -4"><span class='ocrx_word' id='word_1_840' title='bbox 2103 5411 2160 5457; x_wconf 72' lang='lat' dir='ltr'><strong>Cl.</strong></span> <span class='ocrx_word' id='word_1_841' title='bbox 2183 5411 2388 5461; x_wconf 89' lang='lat' dir='ltr'><strong>manat.</strong></span> 
     </span>
    </p>
   </div>
   <div class='ocr_carea' id='block_1_113' title="bbox 2177 5495 3684 5568">
    <p class='ocr_par' dir='ltr' id='par_1_113' title="bbox 2177 5495 3684 5568">
     <span class='ocr_line' id='line_1_113' title="bbox 2177 5495 3684 5568; baseline 0.003 -18"><span class='ocrx_word' id='word_1_842' title='bbox 2177 5495 2416 5552; x_wconf 83' lang='lat' dir='ltr'><strong>Octavus</strong></span> <span class='ocrx_word' id='word_1_843' title='bbox 2467 5497 2684 5561; x_wconf 88' lang='lat' dir='ltr'><strong>modus,</strong></span> <span class='ocrx_word' id='word_1_844' title='bbox 2725 5497 2873 5567; x_wconf 90' lang='lat' dir='ltr'><strong>quod</strong></span> <span class='ocrx_word' id='word_1_845' title='bbox 2909 5497 3212 5554; x_wconf 86' lang='lat' dir='ltr'><strong>substantia</strong></span> <span class='ocrx_word' id='word_1_846' title='bbox 3257 5500 3328 5552; x_wconf 87' lang='lat' dir='ltr'><strong>sit</strong></span> <span class='ocrx_word' id='word_1_847' title='bbox 3372 5498 3684 5568; x_wconf 86' lang='lat' dir='ltr'><strong>incompre-</strong></span> 
     </span>
    </p>
   </div>
   <div class='ocr_carea' id='block_1_114' title="bbox 2107 5587 3682 5658">
    <p class='ocr_par' dir='ltr' id='par_1_114' title="bbox 2107 5587 3682 5658">
     <span class='ocr_line' id='line_1_114' title="bbox 2107 5587 3682 5658; baseline -0.001 -17"><span class='ocrx_word' id='word_1_848' title='bbox 2107 5587 2417 5654; x_wconf 86' lang='lat' dir='ltr'><strong>hensibilis,</strong></span> <span class='ocrx_word' id='word_1_849' title='bbox 2441 5587 2691 5657; x_wconf 87' lang='lat' dir='ltr'><strong>operatio</strong></span> <span class='ocrx_word' id='word_1_850' title='bbox 2711 5603 2837 5643; x_wconf 71' lang='lat' dir='ltr'><strong>vero</strong></span> <span class='ocrx_word' id='word_1_851' title='bbox 2868 5597 3020 5654; x_wconf 86' lang='lat' dir='ltr'><strong>nota,</strong></span> <span class='ocrx_word' id='word_1_852' title='bbox 3052 5596 3108 5643; x_wconf 87' lang='lat' dir='ltr'><strong>et</strong></span> <span class='ocrx_word' id='word_1_853' title='bbox 3129 5587 3646 5658; x_wconf 85' lang='lat' dir='ltr'><strong>comprehensibilis</strong></span> <span class='ocrx_word' id='word_1_854' title='bbox 3672 5608 3682 5640; x_wconf 89' lang='lat'><strong>:</strong></span> 
     </span>
    </p>
   </div>
   <div class='ocr_carea' id='block_1_115' title="bbox 2107 5679 3688 5751">
    <p class='ocr_par' dir='ltr' id='par_1_115' title="bbox 2107 5679 3688 5751">
     <span class='ocr_line' id='line_1_115' title="bbox 2107 5679 3688 5751; baseline -0.002 -14"><span class='ocrx_word' id='word_1_855' title='bbox 2107 5692 2164 5737; x_wconf 88' lang='lat' dir='ltr'><strong>et</strong></span> <span class='ocrx_word' id='word_1_856' title='bbox 2211 5684 2266 5737; x_wconf 90' lang='lat' dir='ltr'><strong>in</strong></span> <span class='ocrx_word' id='word_1_857' title='bbox 2315 5680 2576 5751; x_wconf 62' lang='lat' dir='ltr'><strong>praedicta</strong></span> <span class='ocrx_word' id='word_1_858' title='bbox 2619 5681 2889 5742; x_wconf 89' lang='lat' dir='ltr'><strong>oratione,</strong></span> <span class='ocrx_word' id='word_1_859' title='bbox 2923 5681 3081 5750; x_wconf 84' lang='lat' dir='ltr'><strong>cujus</strong></span> <span class='ocrx_word' id='word_1_860' title='bbox 3112 5681 3326 5734; x_wconf 90' lang='lat' dir='ltr'><strong>initium</strong></span> <span class='ocrx_word' id='word_1_861' title='bbox 3367 5697 3380 5733; x_wconf 90' lang='lat'><strong>:</strong></span> <span class='ocrx_word' id='word_1_862' title='bbox 3421 5679 3552 5735; x_wconf 85' lang='lat' dir='ltr'><strong>Cum</strong></span> <span class='ocrx_word' id='word_1_863' title='bbox 3581 5681 3688 5750; x_wconf 82' lang='lat' dir='ltr'><strong>igi-</strong></span> 
     </span>
    </p>
   </div>
   <div class='ocr_carea' id='block_1_116' title="bbox 2110 5772 3686 5829">
    <p class='ocr_par' dir='ltr' id='par_1_116' title="bbox 2110 5772 3686 5829">
     <span class='ocr_line' id='line_1_116' title="bbox 2110 5772 3686 5829; baseline 0.001 -1"><span class='ocrx_word' id='word_1_864' title='bbox 2110 5783 2199 5828; x_wconf 80' lang='lat' dir='ltr'><strong>tur</strong></span> <span class='ocrx_word' id='word_1_865' title='bbox 2236 5775 2619 5829; x_wconf 77' lang='lat' dir='ltr'><strong>insusurrasset</strong></span> <span class='ocrx_word' id='word_1_866' title='bbox 2672 5790 2745 5826; x_wconf 72' lang='grc' dir='ltr'>τι</span> <span class='ocrx_word' id='word_1_867' title='bbox 2797 5772 2991 5828; x_wconf 70' lang='lat' dir='ltr'><strong>Diﬂert</strong></span> <span class='ocrx_word' id='word_1_868' title='bbox 3043 5789 3071 5826; x_wconf 88' lang='lat' dir='ltr'><strong>a</strong></span> <span class='ocrx_word' id='word_1_869' title='bbox 3133 5772 3317 5827; x_wconf 83' lang='lat' dir='ltr'><strong>divina</strong></span> <span class='ocrx_word' id='word_1_870' title='bbox 3371 5773 3686 5829; x_wconf 81' lang='lat' dir='ltr'><strong>substantia</strong></span> 
     </span>
    </p>
   </div>
   <div class='ocr_carea' id='block_1_117' title="bbox 2109 5864 3688 5936">
    <p class='ocr_par' dir='ltr' id='par_1_117' title="bbox 2109 5864 3688 5936">
     <span class='ocr_line' id='line_1_117' title="bbox 2109 5864 3688 5936; baseline -0.004 -14"><span class='ocrx_word' id='word_1_871' title='bbox 2109 5866 2297 5923; x_wconf 83' lang='lat' dir='ltr'><strong>divina</strong></span> <span class='ocrx_word' id='word_1_872' title='bbox 2349 5865 2597 5936; x_wconf 83' lang='lat' dir='ltr'><strong>Operatio</strong></span> <span class='ocrx_word' id='word_1_873' title='bbox 2632 5865 2820 5921; x_wconf 86' lang='lat' dir='ltr'><strong>multis</strong></span> <span class='ocrx_word' id='word_1_874' title='bbox 2875 5865 3050 5921; x_wconf 85' lang='lat' dir='ltr'><strong>modis</strong></span> <span class='ocrx_word' id='word_1_875' title='bbox 3075 5875 3182 5932; x_wconf 80' lang='lat' dir='ltr'><strong>;,ut</strong></span> <span class='ocrx_word' id='word_1_876' title='bbox 3241 5864 3443 5920; x_wconf 82' lang='lat' dir='ltr'><strong>multis.</strong></span> <span class='ocrx_word' id='word_1_877' title='bbox 3481 5877 3530 5921; x_wconf 83' lang='lat' dir='ltr'><strong>ct</strong></span> <span class='ocrx_word' id='word_1_878' title='bbox 3592 5881 3688 5936; x_wconf 82' lang='lat' dir='ltr'><strong>per</strong></span> 
     </span>
    </p>
   </div>
  </div>
