4036 6480
352 364 462 430 853

1575 362 1981 426 ADVERSUS
2021 362 2408 424 PALAMAM.

3527 354 3632 422 85$

356 481 488 554 μίαν
539 476 677 536 εἴναι
725 478 903 535 ταῦτα
938 479 1116 534 πάντα
1155 478 1387 552 θεότητα
1430 479 1681 534 συνιέντα
1729 481 1810 542 είς
1857 478 1936 544 ἓν,

2059 489 2212 535 .alcm
2265 479 2320 534 in
2375 493 2543 534 unum
2595 478 3001 544 convenientia,
3060 473 3260 548 quippe
3296 471 3578 528 increata?
3610 489 3630 523 ι

354 573 431 636 ὡς
463 572 726 640 iactata;
760 592 778 626 ι
1675 622 1679 630 .

433 668 546 722 Kal
581 669 640 720 έν
680 668 877 740 ἑτέρῳ,
909 661 970 722 οῦ
1005 669 1036 740 ἡ
1093 667 1238 740 ἀρχὴ
1266 711 1280 734 ,
1335 666 1759 749 Φιλονειριοῦσι
1808 663 1942 731 μὲν,

2121 662 2188 716 Et
2217 661 2272 715 in
2309 662 2417 717 alia
2465 661 2738 726 oratione,
2793 662 2951 731 cujus
3033 655 3275 718 initium,
3311 653 3638 710 Contendant
3673 661 3676 664 ‘

368 780 390 813 σ
430 761 510 814 Οὐ
541 760 738 814 πολλαὶ
763 761 820 814 δὲ
872 761 1036 833 μόνον
1066 762 1121 817 αι
1159 756 1303 814 θεῖαι
1351 743 1648 831 ἐνέργειαι,
1681 756 1818 813 ἀλλὰ
1850 755 1945 809 και

2059 753 2258 824 quidem
2296 768 2313 806 :
2357 771 2374 804 ι
2411 752 2532 808 Νοη
2568 753 2745 808 solum
2792 760 2975 807 autem
3031 746 3217 804 multae
3264 753 3392 801 sunt
3441 743 3641 798 divinae

363 853 613 920 ἀλλήλων
644 852 1025 924 διαφέρουσαι,
1063 853 1158 908 καὶ
1180 854 1280 923 τῆς
1317 856 1449 925 μιᾶς
1481 851 1669 916 οὐσίας
1693 848 1753 916 ἐξ
1776 850 1948 920 ἀνάγ-

364 961 466 1012 κης
486 942 885 1014 διενηνόχασιν.
917 961 936 995 ι

436 1034 510 1106 ιη’
537 1035 762 1107 τρόπος,
791 1036 852 1090 τὸ
873 1035 974 1108 τὴν
1007 1035 1106 1106 μὲν
1131 1036 1322 1091 οὐσίαν
1349 1036 1491 1108 ὑπὲρ
1527 1035 1589 1090 τδ
1618 1034 1742 1090 καθ’
1775 1035 1947 1108 ὕπερ-

363 1131 497 1199 οχὴν
545 1128 618 1182 ὃν
644 1127 926 1197 λέγεσθαι,
960 1129 1059 1200 τὴν
1089 1129 1138 1182 δ’
1167 1129 1452 1200 ἐνέργειαν
1501 1127 1624 1182 καθ’
1671 1127 1948 1201 ὑπεροχὴν

380 1223 442 1288 ti;
472 1219 552 1274 όν.
585 1221 700 1275 Καί
735 1238 903 1292 φησιν
933 1223 959 1275 ό
992 1222 1264 1292 Παλαμᾶς
1302 1221 1361 1274 έν
1390 1239 1493 1276 τινι
1522 1221 1632 1275 τῶν
1666 1222 1949 1293 προτέρων

370 1315 548 1381 λόγων
574 1329 588 1344 ο
630 1333 650 1366 ι
693 1315 806 1368 Kal
845 1314 987 1385 ὑπὲρ
1016 1315 1078 1369 τὸ
1130 1315 1256 1369 καθ’
1301 1313 1583 1386 ὑπεροχὴν
1624 1313 1700 1387 μὴ
1743 1314 1826 1377 ὃν,
1860 1313 1949 1368 διὰ

369 1405 569 1476 νοερᾶς
598 1406 906 1477 αίσθήσεως
945 1407 1336 1477 πνευματικῶς
1383 1407 1684 1479 ὁρώμενον,
1719 1407 1746 1460 ὃ
1785 1407 1944 1461 οὐσία

363 1496 457 1548 τοῦ
498 1496 635 1551 Θεοῦ
662 1498 869 1569 ἥκιστά
898 1499 1038 1552 ἐστι.
1083 1518 1101 1550 ι

440 1666 506 1720 ιθ¹
537 1668 741 1740 τρόπος
769 1671 888 1724 ἐστὶ
935 1671 1000 1725 τὸ
1041 1670 1141 1743 τὴν
1191 1671 1382 1726 οὐσίαν
1419 1672 1650 1744 ἄσχετον
1682 1668 1825 1726 εἶναι
1856 1675 1950 1727 καὶ

365 1761 674 1830 ἀμίμητον,
734 1760 833 1830 τὴν
870 1760 930 1815 δὲ
981 1761 1268 1833 ἐνέργειαν
1323 1763 1510 1834 σχέσιν
1545 1782 1604 1818 τε
1659 1764 1800 1821 εῖναι
1855 1766 1951 1820 καὶ

2049 843 2416 912 Operationes,
2445 843 2542 898 sed
2575 851 2630 898 et
2673 842 2818 897 inter
2844 857 2902 897 se
2934 840 3274 901 ditl‘erentes,
3319 843 3373 891 et
3419 834 3486 889 ab
3530 849 3639 889 una

2050 933 2356 989 substantia
2385 934 2701 990 necessario
2725 929 3009 988 diﬂerunt.
3053 950 3072 984 ι

2123 1023 2379 1078 Decimus
2404 1033 2632 1078 octavus
2658 1022 2875 1088 modus,
2905 1021 3051 1093 quod
3079 1020 3385 1076 substantia
3417 1015 3640 1088 quidem

2053 1115 2270 1170 dicatur
2304 1131 2411 1170 non
2449 1131 2549 1172 ens
2589 1131 2754 1186 supra
2783 1130 3005 1171 omnem
3041 1114 3421 1170 eminentiam.
3445 1123 3643 1178 opera-

2055 1209 2130 1262 tio
2163 1223 2290 1261 vero
2331 1222 2438 1263 non
2473 1222 2572 1262 ens
2606 1223 2706 1278 per
2741 1205 3120 1263 eminentiam.
3167 1191 3342 1259 Et‘ait
3390 1201 3644 1257 Palamas

2053 1301 2108 1354 in
2141 1300 2376 1369 quadam
2410 1300 2660 1354 oratione
2689 1314 2750 1353 ex
2790 1297 3072 1368 prioribus
3099 1294 3476 1350 orationibus:
3516 1310 3535 1344 ι
3577 1287 3643 1346 Ει

2054 1408 2218 1462 supra
2246 1390 2300 1445 id
2327 1390 2472 1461 quod
2509 1399 2591 1445 est
2639 1405 2750 1444 non
2793 1404 2893 1443 ens
2924 1403 3022 1458 per
3062 1386 3440 1449 eminentiam,
3496 1382 3642 1453 quod

2055 1501 2150 1554 per
2195 1498 2419 1540 sensum
2479 1480 2912 1536 intellectualem
2990 1475 3364 1548 spiritualiter.
3406 1474 3643 1536 videtur,

2053 1577 2203 1648 quod
2239 1575 2548 1631 substantia
2581 1574 2676 1628 Dei
2714 1572 2942 1627 minime
2975 1578 3084 1633 est.
3116 1589 3134 1623 ι

2120 1668 2381 1726 Decimus
2406 1680 2586 1722 nonus
2624 1665 2845 1728 modus,
2871 1663 3018 1734 quod
3067 1660 3375 1717 substantia
3406 1657 3630 1730 quidem

2022 1769 2239 1830 careat
2292 1757 2640 1822 habitudine,
2706 1764 2764 1810 et
2815 1753 3166 1810 inimitabilis
3222 1752 3328 1816 sit,
3389 1748 3639 1820 operatio

369 1852 630 1921 μίμησιν,
653 1851 748 1906 καὶ
771 1850 1020 1922 μίμημαο
1044 1856 1140 1908 καὶ
1167 1833 1565 1924 ἀποφαίνονται
1595 1858 1651 1908 ἐν
1674 1857 1750 1926 τῷ
1771 1858 1944 1928 τόμῳ,

2059 1864 2184 1904 vero
2213 1846 2485 1903 habitudo
2516 1847 2609 1908 sit,
2633 1853 2690 1901 et
2721 1843 2978 1907 imitatio,
3009 1851 3175 1912 atque
3211 1839 3643 1899 imitamentum,

368 1941 515 1993 ὥστε
543 1940 668 1995 οὐδὲ
698 1942 732 2011 ὴ
767 1941 1014 2005 θεοποιὺς
1039 1943 1220 2014 δωρεὰ
1258 1943 1353 1998 τοῦ
1398 1945 1718 2016 Πνεύματος
1743 1947 1882 2017 αὐτὴ
1919 1949 1949 2018 ἡ

371 2029 564 2094 θέωσίς
586 2031 704 2085 ἑστι
727 2033 947 2100 κτιστὴ,
975 2033 1112 2090 διότι
1146 2037 1332 2105 σχέσις
1365 2037 1488 2090 ἐστὶ
1517 2037 1657 2107 πρὸς
1686 2039 1755 2092 τὰ
1791 2038 1949 2092 Beati-

373 2139 532 2192 μενα.
575 2140 594 2176 ι
628 2123 742 2177 Kal
786 2123 972 2191 πάλιν,
1025 2144 1045 2177 ι
1087 2126 1250 2180 Ὠστε
1294 2128 1357 2181 τὸ
1407 2127 1636 2199 μίμημα
1690 2130 1950 2199 λέγεσθαι

369 2214 472 2268 οὐκ
523 2215 811 2286 ἐμποδίζει
850 2217 990 2290 πρὸς
1043 2219 1108 2271 τδ
1163 2219 1426 2276 ἄκτιστον
1477 2217 1621 2278 εῖναι
1659 2225 1759 2295 τὴν
1812 2225 1947 2280 θέων

369 2322 475 2362 σιν.
507 2324 528 2358 θ

429 2397 487 2475 ,κ’
517 2399 722 2468 τρόπος
763 2401 882 2452 ἐστὶ
914 2441 930 2465 ,
951 2401 1013 2455 τὸ
1035 2401 1134 2474 τὴν
1181 2403 1372 2458 οὐσίαν
1404 2404 1678 2461 ἀθάνατον
1712 2401 1853 2460 εἶναι
1883 2407 1953 2462 δι’

371 2487 594 2556 ἑαυτὴν,
617 2489 718 2558 τὴν
754 2489 800 2543 δ’
823 2489 1107 2560 ἐνέργειαν
1139 2491 1229 2546 διὰ
1262 2493 1362 2563 μὲν
1391 2494 1490 2566 τὴν
1519 2495 1711 2550 οὐσίαν
1741 2496 1949 2551 ἀθάνα-

368 2595 483 2644 τον,
531 2578 602 2632 δι’
639 2579 811 2651 αὐτὴν
842 2580 900 2634 δὲ
943 2582 1232 2654 νέκρωσιν.
1267 2584 1377 2640 Καί
1411 2603 1547 2656 φησι
1589 2587 1863 2656 Παλαμᾶς
1891 2590 1952 2643 ἐν

367 2671 448 2741 τῷ
512 2671 643 2742 περὶ
698 2673 852 2737 θείας
915 2674 1010 2728 καὶ
1071 2677 1324 2730 θεοποιοῦ
1382 2677 1690 2749 μεθέξεως·
1753 2698 1774 2734 ι
1815 2682 1952 2745 Εί,δ’

366 2764 572 2820 indvat
619 2763 810 2818 τοῦτον
855 2765 950 2820 τὸν
983 2767 1186 2839 τρόπον
1215 2770 1310 2822 καὶ
1355 2769 1524 2834 ζῶσιν
1557 2770 1828 2838 ἀθάνατα,
1857 2775 1953 2827 καὶ

368 2854 685 2926 τεθνήκασι,
718 2857 815 2911 καὶ
843 2858 1032 2912 πολλοὶ
1063 2859 1172 2913 τῶν
1221 2860 1458 2915 ἐνταῦθα
1492 2862 1712 2928 ζώντων
1742 2864 1949 2934 νεκροὶ,

369 2943 626 3016 καθάπερ
660 2948 688 2999 ό
709 2945 857 3018 ζωῆς
887 2947 982 3003 καὶ
1015 2949 1249 3004 θανάτου
1272 2951 1510 3020 Χριστὸς
1527 2951 1952 3020 έδειξεν.Ἔστιν

367 3035 480 3105 ἄρα
522 3039 618 3091 καὶ
667 3038 865 3111 θεότης
912 3039 1208 3114 νέκρωσις,
1265 3043 1540 3098 ἀθανάτου
1592 3047 1735 3101 κατὰ
1786 3045 1951 3116 φύσιν

372 3127 664 3200 μενούσης.
700 3150 719 3184 ι

443 3220 557 3274 Καὶ
581 3221 732 3276 ἄλλοι
757 3221 816 3276 δὲ
845 3224 1036 3292 τρόποι
1060 3224 1304 3280 πλεῖστοι
1336 3229 1395 3281 έν
1423 3229 1536 3293 τοῖς
1566 3229 1746 3284 αὐτῶν
1772 3231 1954 3300 ἐγκεί-

374 3328 530 3382 μενοι
557 3314 825 3384 δόγμασιν
867 3317 1136 3387 εἰάθησαν
1189 3318 1322 3390 παρ’
1353 3321 1532 3390 ήμιίν,
1564 3323 1695 3386 τοὺς
1734 3322 1953 3378 καθολι-

372 3407 648 3475 κωτέρους
675 3406 1077 3478 ὲκλεξαμένων.
1121 3409 1278 3464 Ἐπεὶ
1315 3411 1365 3465 δ’
1394 3412 1662 3478 ὡσαύτως
1692 3413 1954 3487 εὕρηνται

372 3499 505 3567 παρ’
529 3499 714 3561 αὐτοῖς
747 3500 843 3554 καὶ
862 3499 1027 3571 ἔτερα
1057 3501 1180 3555 λίαν
1210 3503 1384 3574 ἀσεόῆ
1413 3505 1684 3576 δόγματα,
1717 3509 1793 3580 μὴ
1822 3509 1957 3562 ὑπος

382 3592 656 3643 πίπτοντα
682 3593 797 3654 τοίς
845 3591 954 3645 τῶν
985 3592 1317 3665 διακρίσεων
1363 3597 1610 3667 τρόποις,
1654 3599 1956 3668 ἀναγκαῖον

373 3682 468 3735 καὶ
489 3681 598 3735 ἀπὸ
615 3681 821 3738 τούτων
845 3683 1076 3753 ὲκοῆνσιί
1106 3702 1229 3739 τινα
1253 3686 1523 3744 ἐνταυθοῖ.
1552 3689 1664 3754 Τὰς
1693 3689 1955 3761 θεότητας

371 3770 486 3835 οῦν,
516 3774 583 3838 ἃς
616 3776 680 3828 ἐκ
719 3775 843 3829 νέου
868 3777 1292 3848 συνεστήσαντο,
1325 3779 1471 3834 ἐστιν
1501 3781 1635 3834 ὃπου
1669 3782 1762 3835 καὶ
1796 3782 1955 3846 θεούς

374 3883 528 3936 φασι.
561 3867 727 3937 Λέγει
758 3868 942 3922 τοίνυν
975 3871 1243 3940 Παλαμᾶς
1271 3871 1326 3924 έν
1349 3890 1456 3925 τινι
1477 3873 1588 3926 τῶν
1619 3877 1748 3945 περὶ
1777 3876 1956 3944 φωτὸς

370 3956 549 4025 λόγων
574 3959 762 4013 αὐτοῦ·
795 3977 813 4012 ι
853 3960 1041 4014 Διττὸν
1065 3955 1208 4014 εἶναι
1237 3961 1298 4016 τὸ
1322 3963 1480 4016 Θεῖον
1510 3963 1835 4034 βουλόμενος
1851 3965 1959 4018 δεῖ·

375 4048 487 4114 ξαι,
527 4050 715 4120 φησιν,
742 4051 803 4104 οὐ
843 4041 1004 4122 μόνον
1050 4051 1183 4117 Θεός
1221 4055 1370 4108 ἐστιν
1416 4029 1558 4124 ὑπέρ
1587 4029 1830 4110 τὰτόνῗα
1855 4055 1954 4122 ὢν,

375 4141 574 4210 δηλαδὴ
600 4143 633 4214 ἡ
660 4142 936 4214 ἐνέργεια,
980 4143 1110 4213 περὶ
1152 4139 1220 4216 ἦς
1249 4145 1397 4216 αὐτῷ
1422 4143 1492 4216 ἦν
1532 4147 1561 4199 ὁ
1592 4146 1774 4215 λόγος,
1811 4147 1953 4203 ἀλλὰ

377 4235 467 4285 καὶ
487 4234 754 4304 ὁπέρθεος
776 4251 792 4266 ο
824 4237 921 4290 καὶ
947 4236 1007 4288 οὐ
1041 4235 1202 4305 μόνον
1231 4237 1372 4308 ὑπὲρ
1401 4239 1584 4290 πᾶσαν
1607 4238 1758 4292 θέσιν
1781 4237 1953 4306 ἐστὶν,

373 4322 510 4375 ἀλλὰ
561 4325 656 4378 καὶ
701 4323 842 4394 ὑπὲρ
888 4325 1074 4378 πᾶσαν
1111 4323 1426 4395 ἀφαίρεσιν,
1491 4327 1525 4397 ἡ
1574 4325 1820 4398 ὑπεροχὴ
1857 4327 1953 4380 τοῦ

374 4417 593 4468 πάντων
639 4415 938 4470 ὲπέκεινιν
987 4417 1082 4470 καὶ
1128 4417 1310 4469 πᾶσαν
1367 4416 1645 4489 ὑπεροχὴν
1694 4419 1951 4474 ὁπωσοῦν

2051 1952 2107 1996 et
2135 1942 2191 1996 in
2223 1947 2372 1995 tomo
2400 1935 2728 1993 sententiam
2754 1936 2940 1990 ferunt
2970 1950 2984 1988 :
3025 1951 3044 1985 ι
3078 1933 3268 2003 Itaque
3316 1947 3496 2002 neque
3525 1929 3646 1986 dei-

2051 2029 2262 2084 licatrix
2293 2027 2511 2099 largitio
2541 2025 2782 2101 Spiritus
2829 2026 2947 2095 ipsa
2993 2025 3270 2080 deiticatio
3297 2034 3382 2080 est
3419 2032 3644 2088 creata,‘

2051 2117 2309 2190 quoniam
2359 2115 2630 2172 habitudo
2681 2123 2767 2171 est
2819 2114 2888 2169 ad
2939 2128 3174 2185 ea,quae
3207 2114 3559 2170 deiﬁcantur.
3609 2133 3626 2165 ι

2051 2209 2118 2266 Ει
2161 2224 2399 2266 rursus:
2439 2227 2458 2261 ι
2493 2207 2676 2274 Quare
2731 2207 2880 2277 quod
2929 2205 3161 2261 dicatur
3208 2207 3641 2271 imitamentum,

2050 2317 2158 2358 non
2190 2301 2392 2367 obstat,
2416 2300 2549 2371 quin
2575 2298 2854 2356 deiﬁcntio
2899 2299 2971 2355 sit
3003 2299 3265 2355 increata.
3309 2316 3328 2350 ι

2123 2393 2434 2449 Vicesimus
2488 2389 2708 2456 modus,
2753 2391 2904 2462 quod
2947 2391 3256 2446 substantia
3314 2391 3537 2461 quidem
3572 2391 3645 2446 sit

2054 2486 2382 2542 inmortalis
2416 2500 2514 2554 per
2539 2498 2620 2551 se,
2655 2494 2902 2556 operatio
2948 2500 3082 2540 vero
3123 2491 3348 2553 propter
3373 2483 3632 2546 substan-

2053 2577 2182 2633 tiam
2213 2577 2438 2647 quidem
2475 2577 2821 2641 immortalis,
2859 2591 2960 2646 per
2990 2590 3052 2630 se
3081 2589 3215 2629 vero
3251 2574 3637 2640 mortiﬁcatio;

2051 2676 2108 2724 et
2137 2669 2215 2722 ait
2247 2666 2500 2722 Palatnas
2528 2667 2584 2722 in
2613 2667 2757 2723 libro
2800 2665 2879 2722 De
2923 2666 3108 2722 divina
3159 2666 3440 2734 deiﬁcante
3479 2667 3650 2734 parti-

2052 2760 2308 2828 cipatione
2338 2773 2356 2812 :
2391 2776 2410 2810 ι
2446 2757 2603 2824 Quod
2629 2759 2674 2814 si
2703 2758 2779 2814 illi
2831 2758 2980 2813 hunc
3010 2758 3066 2813 in
3103 2757 3328 2812 modum
3362 2765 3420 2813 et
3445 2759 3639 2816 vivunt

2053 2851 2438 2906 immortaliter
2458 2859 2514 2906 et
2543 2849 2745 2905 mortui
2774 2859 2923 2912 sunt,
2949 2858 3006 2904 et
3040 2850 3263 2919 plurimi
3304 2865 3373 2905 ex
3427 2849 3515 2903 bis
3541 2851 3636 2917 qui

2051 2941 2266 3005 vivunt,
2321 2940 2525 2995 mortui
2569 2948 2720 3005 sunt,
2746 2945 2806 2993 ut
2859 2938 2988 2993 vita
3028 2938 3344 3008 mortisque
3395 2937 3643 2993 ostendit

2051 3031 2340 3088 Dominus.
2375 3033 2473 3088 Est
2494 3047 2628 3104 ergo
2668 3032 2833 3088 etiam
2885 3031 3062 3088 deitas
3098 3031 3466 3098 mortilicatio,
3518 3046 3645 3087 cum

1972 3163 2021 3229 C
2054 3127 2385 3182 immortalis
2409 3125 2718 3182 secundum
2748 3133 3002 3180 naturam
3034 3131 3375 3194 permaneat.
3412 3141 3432 3176 ι

2127 3220 2298 3274 Porro
2328 3220 2423 3274 alii
2455 3232 2681 3289 quoque
2728 3217 2954 3288 plurimi
2991 3217 3140 3272 modi
3181 3217 3237 3271 in
3268 3217 3386 3272 suis
3421 3216 3651 3287 dogma-

2056 3311 2204 3367 tibus
2230 3310 2425 3367 inserti
2465 3325 2492 3364 a
2521 3310 2684 3366 nobis
2724 3308 3252 3380 praetermissi-sunt,
3279 3307 3373 3378 qui
3421 3308 3648 3363 univer—

2059 3405 2290 3462 saliores
2343 3404 2634 3476 elegimus.
2699 3404 2972 3472 Quoniam
3023 3418 3152 3458 vero
3195 3402 3451 3458 similiter
3502 3402 3649 3473 apud

2057 3501 2204 3570 ipsos
2251 3497 2604 3568 reperiuntur
2661 3504 2718 3552 et
2767 3496 2876 3552 alia
2930 3496 3086 3553 valde
3139 3495 3310 3566 impia
3365 3495 3646 3566 dogmata,

2057 3606 2179 3661 qua!
2210 3605 2318 3645 non
2351 3590 2554 3646 cadunt
2605 3590 2660 3645 in
2720 3589 3097 3646 distinctionis
3142 3589 3359 3655 modos,
3397 3605 3536 3660 opus
3563 3599 3649 3646 est

2057 3700 2125 3741 ex
2150 3685 2284 3754 ipsis
2340 3684 2444 3739 hoc
2498 3684 2620 3739 loco
2662 3683 2876 3753 aliquot
2925 3697 3224 3753 exponere.
3269 3683 3646 3754 Deitatesigi-

2060 3788 2167 3842 tur,
2205 3792 2342 3845 quas
2371 3776 2441 3830 de
2472 3791 2617 3830 novo
2647 3775 3018 3842 constituunt,
3048 3775 3249 3830 alicubi
3288 3775 3456 3830 etiam
3510 3775 3647 3830 deos

2057 3867 2353 3936 appellant.
2391 3866 2533 3921 Dicit
2562 3881 2693 3936 ergo
2719 3864 2995 3929 Paiamas,
3023 3865 3078 3918 in
3107 3869 3344 3935 quadam
3378 3880 3478 3920 sua
3508 3879 3633 3919 ora-

2060 3963 2228 4023 tione,
2271 3973 2462 4014 earum
2492 3972 2616 4028 qua:
2649 3966 2780 4013 sunt
2809 3958 2878 4014 de
2910 3957 3143 4021 lumine,
3176 3956 3368 4012 volens
3394 3955 3643 4011 divinum

2057 4067 2266 4106 numen
2292 4050 2529 4121 probare
2578 4050 2784 4121 duplex
2831 4064 2952 4106 esse
2986 4066 3001 4104 :
3041 4068 3058 4102 ι
3095 4048 3214 4104 Non
3266 4048 3443 4105 solum
3500 4048 3646 4104 Deus

2057 4151 2140 4197 est
2168 4155 2332 4210 supra
2363 4139 2514 4195 entia
2543 4139 2838 4203 exsistens,
2873 4137 3090 4194 scilicet
3117 4137 3389 4208 operatio,
3426 4137 3495 4192 de
3534 4151 3644 4207 qua

2058 4231 2160 4301 ipsi
2200 4239 2320 4286 erat
2364 4245 2568 4295 sermo,
2598 4230 2698 4286 sed
2741 4242 2799 4284 et
2825 4228 3148 4300 superdeus,
3200 4243 3383 4299 neque
3429 4236 3643 4284 tantum

2056 4335 2223 4390 supra
2254 4333 2480 4375 omnem
2516 4320 2850 4391 positionem
2872 4329 2980 4386 est,
3013 4320 3110 4375 sed
3137 4331 3194 4376 et
3229 4335 3395 4390 supra
3420 4333 3640 4374 omnem

2057 4411 2507 4476 abstractionem,
2536 4411 2842 4468 eminentia
2873 4411 2952 4466 rei
3002 4410 3322 4467 excedentis
3357 4410 3564 4475 omnia,
3589 4420 3646 4466 et

372 4505 676 4576 γενομένην
711 4505 1115 4578 ὑπερϐέϐηκεν,
1148 4525 1168 4559 ι
1210 4506 1321 4560 Καὶ
1357 4506 1516 4562 πάλιν
1565 4510 1624 4560 ὲν
1667 4508 1744 4578 τῷ
1774 4510 1949 4580 αὐτῷ·

2059 4517 2273 4557 omnem
2326 4503 2687 4560 eminentiam
2737 4503 3242 4574 quomodocunque
3288 4503 3488 4558 l‘actam
3549 4517 3646 4558 ex-

376 4612 396 4646 ι
433 4595 542 4649 Καὶ
572 4595 682 4650 οὐδ’
707 4597 886 4649 έκεῖνο
933 4596 1084 4667 παρὰ
1125 4596 1224 4665 τῆς
1271 4596 1552 4666 θεολογίας
1583 4600 1839 4670 ἤκουσεν,
1875 4601 1952 4665 ὡς

369 4685 494 4739 ἀντὶ
526 4685 748 4740 πάντων
777 4686 890 4741 τόθ’
930 4688 1066 4757 ήμίν
1097 4687 1130 4757 ἡ
1156 4687 1275 4741 θεία
1305 4690 1598 4760 γενήσεται
1637 4689 1838 4760 φύσις*
1883 4691 1952 4744 ἵν’

278 4816 290 4822 -
374 4776 628 4832 ἐντεῦθεν
656 4777 790 4846 γοῦν
819 4779 954 4832 Θεὸν
986 4776 1128 4834 εἶναι
1153 4782 1396 4834 sou-clx?)
1440 4781 1558 4851 φῶς
1590 4781 1882 4856 πιστεύσῃ.
1923 4801 1944 4834 ι

373 4870 482 4922 Kal.
525 4872 584 4923 ὲν
638 4869 718 4940 τῷ
765 4868 841 4940 β’,
891 4871 970 4941 τῷ
1003 4871 1146 4924 κατὰ
1195 4872 1306 4925 τῶν
1364 4872 1639 4944 δευτέρων
1678 4875 1771 4928 τοῦ
1808 4876 1953 4947 Βαρ-

374 4959 546 5032 λαὰμ,
580 4962 641 5016 ὃν
680 4963 979 5032 επιγράφει
1020 4964 1366 5033 Κατάλογος
1399 4963 1518 5019 τῶν
1550 4966 1953 5022 ἐκϐαινόντων

371 5055 648 5110 ἀτόπων*
682 5073 702 5108 ι
742 5056 817 5109 Οὐ
872 5058 982 5126 μὴν
1028 5058 1146 5110 ἀλλ’
1194 5059 1494 5131 ἐπειδήπερ
1541 5060 1648 5114 eiul
1693 5062 1763 5115 τὰ
1795 5062 1956 5130 μετέ-

369 5163 539 5217 χοντα
584 5146 681 5203 τοῦ
727 5147 890 5213 Θεοῦ,
941 5150 976 5220 ή
1023 5149 1081 5202 δὲ
1119 5150 1446 5221 ὑπερούσιος
1495 5152 1656 5206 οὐσία
1684 5152 1779 5206 τοῦ
1812 5153 1949 5207 Θεοῦ

369 5238 725 5294 παντάπασιν
777 5241 1114 5309 ἁμέθεκτος·
1162 5243 1310 5300 ἐστιν
1339 5245 1448 5316 ἄρα
1497 5264 1549 5300 τι
1604 5247 1807 5316 μεταξὺ
1851 5247 1952 5318 τῆς

367 5331 681 5400 ἀμεθέκτου
701 5332 892 5397 οὐσίας
928 5334 1027 5387 καὶ
1054 5333 1166 5387 τῶν
1206 5337 1544 5408 μετεχόντων
1575 5339 1645 5394 δι’
1671 5332 1732 5394 οὗ
1772 5339 1948 5394 ταῦτα

369 5419 464 5478 τοῦ
497 5421 635 5476 Θεοῦ
666 5423 974 5493 μετέχουσι.
1012 5444 1029 5476 ι
1072 5425 1183 5482 Καὶ
1212 5429 1329 5497 μετ’
1360 5428 1542 5496 όλίγὰο
1586 5448 1605 5482 ι
1635 5430 1726 5483 Δεῖ
1752 5430 1817 5500 δὴ
1848 5431 1951 5501 ζη-

369 5512 486 5564 τεῖν
539 5513 690 5582 ἡμᾶς
747 5513 882 5568 Θεὸν
925 5513 1116 5587 ἕτερον
1160 5519 1260 5570 οὐκ
1293 5519 1424 5572 ὄντα
1473 5519 1636 5591 μόνον
1661 5521 1946 5593 αὐτοτελῆ,

370 5603 795 5676 αὐτενέργητον,
852 5607 1018 5660 αὑτὸν
1051 5608 1246 5663 ἑαυτὸν
1295 5609 1364 5664 δι’
1409 5612 1604 5665 ἑαυτοῦ
1651 5612 1949 5684 θεώμενον,

369 5694 510 5752 ἀλλὰ
561 5697 654 5750 καὶ
697 5699 924 5765 ἀγαθόν.
984 5718 1003 5751 ι
1064 5701 1176 5755 Kal
1216 5703 1402 5768 πάλιν,
1463 5723 1479 5756 ι
1521 5706 1629 5758 Kal.
1657 5706 1845 5769 ἁπλῶς
1881 5707 1949 5759 δι’

373 5789 522 5861 ἡμᾶς
549 5787 735 5860 ζητεῖν
760 5791 895 5848 Θεὸν
937 5792 1082 5847 οὕτω
1117 5810 1234 5856 πως
1285 5796 1568 5868 μεθεκτὸν,
1598 5790 1657 5850 οὗ
1692 5797 1945 5870 μετέχον*

2058 4596 2224 4666 cepit.
2270 4614 2289 4647 ι
2330 4595 2398 4653 Ει
2463 4611 2656 4652 rursus
2704 4595 2762 4650 in
2809 4596 3002 4652 eadem
3051 4597 3351 4655 oratione:
3395 4615 3413 4648 ι
3451 4595 3643 4668 Neque

2052 4689 2187 4745 illuc
2215 4705 2282 4745 ex
2314 4689 2586 4758 theologia
2615 4688 2851 4755 audivit,
2909 4689 3058 4760 quod
3094 4704 3195 4761 pro
3223 4690 3480 4745 omnibus
3513 4698 3643 4745 tunc

2054 4783 2214 4837 nobis
2235 4781 2421 4837 divina
2447 4783 2778 4844 lietnatura,
2810 4792 2871 4836 ut
2897 4782 3029 4837 hinc
3058 4784 3252 4839 saltem
3304 4784 3405 4836 hoc
3451 4783 3640 4840 lumen

2055 4873 2227 4929 Deum
2265 4889 2389 4930 esse
2441 4874 2654 4929 credat.
2684 4893 2704 4926 ι
2755 4875 2824 4929 Ει
2873 4874 2929 4928 in
2963 4875 3206 4930 secunda
3258 4875 3511 4930 oratione
3549 4879 3645 4929 ad-

2052 4982 2248 5022 versus
2284 4983 2349 5023 ea
2402 4982 2524 5033 quae
2575 4967 2820 5023 secundo
2875 4967 3100 5038 scripsit
3158 4967 3430 5034 Barlaam,
3475 4984 3641 5038 quam

2053 5060 2333 5130 inscripsit
2359 5075 2374 5114 :
2404 5059 2695 5131 Catalogus
2716 5077 2898 5116 eorum
2918 5077 3035 5132 qua:
3060 5071 3354 5133 sequuntur
3371 5060 3602 5117 absurda
3623 5076 3643 5114 :

2061 5173 2079 5204 ι
2117 5153 2320 5210 Verum
2382 5151 2530 5208 enim
2587 5167 2722 5208 vero
2763 5153 2983 5221 quando
3027 5153 3252 5224 quidem
3310 5163 3462 5221 sunt,
3518 5171 3642 5226 qua:

2053 5245 2225 5300 Deum
2286 5244 2638 5316 participant,
2687 5245 2996 5300 substantia
3051 5261 3183 5300 vero
3229 5246 3349 5310 Dei,
3390 5263 3515 5316 quae
3555 5259 3642 5302 est

2053 5350 2216 5405 supra
2246 5351 2464 5391 omnem
2491 5337 2880 5402 substantiam,
2903 5337 3127 5406 penitus
3163 5338 3642 5410 imparticipabilis

2051 5437 2156 5491 est,
2188 5427 2352 5482 datur
2371 5443 2504 5498 ergo
2551 5427 2697 5482 inter
2729 5427 3193 5499 imparticipatam
3245 5432 3635 5497 substantiam,

2051 5531 2109 5576 et
2141 5535 2207 5575 ea
2236 5533 2359 5588 quae
2393 5518 2742 5589 participant,
2779 5519 3040 5588 quiddam
3072 5523 3316 5579 medium
3357 5538 3456 5592 per
3487 5525 3634 5594 quod

2052 5627 2117 5668 ea
2153 5612 2325 5668 Deum
2356 5611 2708 5682 participant.
2747 5625 2768 5662 ι
2801 5609 2872 5666 Ει
2907 5615 3070 5683 paulo
3108 5625 3233 5685 post
3263 5633 3278 5671 :
3316 5636 3334 5668 ι
3369 5617 3521 5685 Opus
3550 5622 3640 5670 cst

2053 5705 2218 5774 igitur
2266 5718 2367 5758 nos
2425 5701 2594 5757 alium
2660 5701 2829 5757 Deum
2889 5717 3178 5774 quaerere,
3249 5721 3360 5760 non
3415 5714 3630 5760 tantum

2054 5799 2408 5856 exsistentem
2440 5810 2538 5867 per
2586 5808 2646 5852 se
2687 5793 3017 5865 perfectura,
3054 5813 3150 5868 per
3171 5813 3229 5854 se
3261 5799 3629 5870 operativum,

3287 5985 3319 5992 ..ρ
