4036 6472
419 387 534 455 8.5

1708 404 2091 466 DEMETRH
2126 405 2445 470 CYDONII

3595 417 3709 483 856

422 503 518 570 qui
555 500 799 572 scipsum
837 521 935 574 per
964 519 1022 562 se
1047 511 1384 576 speculetur,
1411 513 1505 568 sed
1527 518 1694 571 etiam
1722 518 1951 574 bonum.
1985 539 2007 572 ι

2121 539 2208 584 τες
2239 525 2487 588 ἔκαστοι,
2511 526 2729 590 οἰκείως
2763 527 2962 582 ἑαυτοῦ
2994 527 3135 584 κατά
3167 527 3268 599 τὴν
3297 528 3397 600 τῆς
3423 510 3709 600 μεθέξεως

425 590 492 644 Et
555 607 750 648 rursus
799 609 819 654 ξ
876 615 894 647 ι
946 597 1285 667 Simpliciter
1339 613 1558 671 oportet
1610 622 1713 662 nos
1765 592 2018 680 qua-rere

423 680 635 748 Deum,
693 683 771 738 ita
824 685 1234 754 quodammodo
1287 692 1724 763 participabilem
1755 739 1770 761 ,
1855 698 2019 769 cujus

423 774 724 846 participes
779 777 982 852 singuli
1042 779 1200 847 facti,
1251 781 1427 852 ipsius
1464 787 1769 844 familiares
1816 791 2016 856 simus,

422 866 697 935 vivamus,
749 880 805 925 et
855 872 1159 932 secundum
1214 875 1522 946 analogiam
1576 879 2018 950 participationis

424 957 599 1016 div-ini
627 959 946 1018 evadamus.
978 963 1074 1018 Est
1115 979 1247 1035 ergo
1282 966 1428 1022 inter
1457 970 1666 1038 genita,
1699 980 1756 1025 et
1805 971 2018 1041 impar—

426 1050 766 1120 tieipabilem
791 1051 939 1108 illam
971 1058 1682 1128 supersubstantializatem,
1705 1076 1818 1116 non
1843 1078 2016 1117 unum

424 1149 666 1207 tantum,
701 1144 797 1198 sed
823 1154 882 1199 et
917 1146 1176 1214 plurima,
1213 1158 1378 1218 atque
1409 1157 1489 1204 tot
1533 1161 1668 1220 quot
1710 1167 1844 1207 sane
1884 1163 2018 1210 sunt

425 1246 491 1288 ea
519 1248 642 1305 quae
669 1236 1019 1307 participant.
1081 1239 1209 1294 llzec
1253 1256 1364 1296 non
1411 1257 1511 1312 per
1542 1257 1627 1308 se,
1682 1244 1774 1298 illa
1803 1243 2021 1301 scilicet

427 1325 652 1392 media;
690 1328 924 1384 virtutes
975 1331 1126 1384 enim
1183 1343 1311 1386 sunt
1362 1335 2019 1402 supersubstantialitatis

421 1422 590 1484 illius,
645 1436 767 1492 qua:
829 1421 991 1481 unice
1044 1438 1107 1479 ac
1160 1423 1518 1495 singulariter
1597 1425 1898 1493 prmhabet,
1953 1434 2014 1481 et

421 1512 670 1569 continet
701 1521 870 1572 totam
903 1499 1386 1584 participabilium
1415 1516 1852 1572 multitudinem.
1883 1536 1903 1569 ι
1943 1517 2012 1579 Et

419 1605 476 1665 in
505 1607 777 1672 oratione,
805 1607 964 1677 cuius
987 1607 1206 1662 initium
1239 1627 1253 1664 :
1289 1607 1433 1662 Heus
1482 1619 1559 1674 tu,
1587 1626 1690 1664 non
1712 1619 1786 1666 eu
1814 1611 1958 1666 nobis
1992 1628 2013 1664 :

425 1714 445 1750 ι
486 1697 549 1751 Et
585 1696 731 1752 hunc
761 1697 930 1767 igitur
953 1696 1204 1753 divinum
1260 1697 1640 1768 splendorem,
1669 1708 1725 1754 et
1753 1699 2009 1769 gratiam,

417 1795 475 1842 ct
536 1790 960 1857 operationem,
1027 1798 1194 1860 atque
1260 1789 1616 1847 donationem
1675 1791 2010 1848 sanctissimi

419 1880 683 1950 Spiritus,
717 1881 984 1951 Spiritum
1013 1889 1266 1937 sanctum
1315 1897 1484 1939 sacra:
1513 1881 1816 1954 Scriptura:
1864 1901 2010 1939 nun-
2045 1860 2089 1916 Β

419 1981 648 2042 cupant,
696 1982 860 2043 atque
891 1973 1056 2028 etiam
1082 1973 1367 2041 deitatem,
1410 1982 1468 2029 et
1521 1975 1719 2040 Deum,
1751 1986 1808 2031 et
1855 1975 2012 2032 deiti-

419 2081 550 2127 cum
582 2066 811 2123 donum.
861 2084 878 2117 ι
908 2065 976 2120 Ει
1005 2081 1199 2121 rursus
1230 2083 1246 2119 :
1291 2084 1313 2118 ι
1333 2065 1488 2133 Quod
1529 2076 1694 2121 auten
1724 2068 2010 2134 deitatem,

421 2166 480 2213 et
509 2155 679 2212 Deum
703 2196 720 2222 ,
748 2166 803 2212 et
847 2157 1220 2222 deilicantem,
1261 2167 1318 2212 et
1372 2159 1546 2229 ipsam
1597 2160 1921 2227 bonitatem,
1956 2168 2015 2216 et

419 2252 629 2308 bonum
691 2251 1010 2318 facientem,
1062 2264 1118 2309 et
1169 2253 1510 2308 conditorem
1566 2252 1809 2308 universi
1843 2268 2016 2310 sacra:

421 2344 726 2414 Scriptura:
783 2344 1072 2405 nominent
1143 2345 1289 2400 hanc
1343 2345 1586 2401 divinam
1639 2345 1904 2417 gratiam,
1957 2355 2017 2404 et

418 2435 822 2504 operationem,
859 2444 914 2490 et
935 2435 1316 2502 domtionem,
1351 2451 1474 2506 qua:
1512 2452 1542 2490 a
1583 2438 2017 2506 supersuhstan:

421 2527 536 2581 tiaii
557 2525 829 2582 Trinitate
857 2528 1139 2597 provenit,
1164 2526 1322 2582 testis
1338 2536 1424 2582 est
1455 2526 1749 2599 Dionysius
1771 2529 2017 2598 Areopa-

421 2621 556 2689 gita.
587 2639 608 2672 ›
642 2620 709 2674 Et
740 2619 986 2677 Isidorus
1043 2619 1156 2686 ille,
1187 2619 1281 2689 qui
1334 2618 1438 2674 fuit
1474 2619 1786 2688 patriarcha
1817 2619 1874 2674 in
1913 2634 2017 2675 suo

422 2713 664 2784 quodam
693 2711 963 2769 Cantico:
1003 2729 1022 2764 t
1063 2712 1200 2767 Esse
1241 2727 1369 2767 vero
1399 2713 1504 2766 hoc
1537 2711 1763 2780 quidem
1799 2721 1875 2776 te,
1902 2728 2014 2766 non

422 2818 610 2863 autem
657 2807 791 2877 quid
846 2808 927 2862 sis
996 2807 1308 2878 exprimere
1390 2807 1772 2878 intelligimus.
1841 2803 2014 2862 Deum

421 2911 610 2962 autem
637 2901 1014 2970 operationem
1046 2915 1168 2956 esse
1227 2900 1622 2971 dogmatizant,
1671 2914 1781 2954 non
1839 2900 2016 2969 hypo-

421 2996 613 3058 stasitn
637 2995 812 3051 sancti
847 2994 1086 3065 Spiritus
1115 2994 1307 3049 adesse
1335 3005 1391 3050 et
1418 2994 1764 3049 sanctiﬁcare
1794 3004 2014 3051 creatu-

421 3102 560 3151 ratn,
592 3086 686 3140 sed
715 3087 1012 3156 quamdam
1046 3089 1278 3157 gratiam
1317 3086 1640 3150 incrcatam,
1671 3101 1850 3156 neque
1882 3086 2015 3141 sub-

2120 612 2420 682 ᾰναλογεαν
2473 615 2630 680 ὄντες
2676 620 2774 672 καὶ
2824 617 3033 683 ζῶντες
3073 620 3171 674 καὶ
3218 619 3393 677 ἔνθεοι
3437 621 3704 693 ἐσόμεθα.

2121 705 2314 758 Ἔστιν
2359 699 2561 777 ἄρα’τι
2593 708 2798 779 μεταξὺ
2827 710 2940 766 τῶν
2965 711 3247 782 γεννητῶν
3275 711 3368 766 καὶ
3405 712 3503 782 τῆς
3529 712 3707 783 ἀμεθ-

2116 797 2279 851 ἐκτου
2315 800 2778 873 ῦπερουσιότητος
2823 804 3066 875 ἐκείνης,
3109 806 3209 875 οὐχ
3251 805 3312 859 ἓν
3350 806 3532 877 μόνον,
3561 805 3706 860 ἀλλὰ

2115 890 2212 940 καὶ
2240 891 2436 956 πολλὰ,
2468 893 2565 945 καὶ
2586 892 2844 960 τοσαῦτα,
2869 894 3045 948 ὁπόσα
3067 896 3138 966 δὴ
3165 896 3257 950 καὶ
3280 894 3350 950 τὰ
3378 896 3698 967 μετέχοντα.

2119 979 2304 1035 Ταῦτα
2332 983 2395 1034 οὐ
2426 982 2552 1034 καθ’
2590 985 2762 1039 ἐαυτὰ
2788 985 2856 1038 τὰ
2891 985 3038 1056 μέσα
3067 987 3271 1057 δηλαδὴ
3300 989 3508 1055 ἐκεῖνα,
3531 987 3698 1042 δυνά-

2119 1090 2241 1142 μεις
2273 1076 2386 1144 γάρ
2416 1076 2525 1130 είσι
2553 1075 2652 1147 τῆς
2681 1077 3142 1150 ὕπερουσιὸτητος
3172 1079 3414 1151 ἐκείνης,
3448 1079 3699 1149 μοναχῶς

2121 1164 2218 1218 καὶ
2250 1167 2464 1230 ἐνιαίως
2489 1169 2908 1241 προειληφυῖαι,
2936 1172 3030 1226 καὶ
3063 1172 3441 1242 συνειληφυῖαι
3463 1173 3563 1244 τὴν
3585 1172 3698 1225 τῶν

2116 1260 2400 1323 μεθεκτῶν
2433 1261 2656 1316 ἃπασαν
2693 1263 2924 1332 πληθύν.
2966 1284 2988 1318 ι
3037 1266 3145 1320 Καὶ
3179 1267 3236 1321 ἐν
3275 1267 3354 1337 τῷ
3382 1269 3526 1339 λόγῳ
3554 1262 3615 1322 οῦ
3659 1268 3695 1336 ἠ

2113 1349 2280 1420 ἀρχὴ,
2329 1353 2452 1405 Οὐκ
2484 1352 2678 1419 ἔστιν,
2705 1348 2753 1408 ὦ
2797 1349 3000 1421 οὗτος,
3048 1355 3234 1425 ἡμῖν’
3272 1374 3292 1408 ι
3334 1359 3448 1412 Καὶ
3492 1357 3697 1428 ταύτην

2113 1443 2299 1496 τοίνυν
2337 1444 2436 1514 τὴν
2475 1445 2628 1498 θείαν
2666 1447 2889 1518 αίγλην,
2919 1449 3016 1502 καὶ
3062 1449 3246 1520 χάριν,
3278 1450 3371 1502 καὶ
3415 1449 3698 1519 ἐνέργειαν

2116 1549 2175 1586 τε
2230 1536 2322 1586 καὶ
2369 1535 2581 1605 δωρεὰν
2617 1536 2712 1589 τοῦ
2763 1539 3035 1608 παναγίου
3091 1539 3433 1610 Πνεύματος,
3470 1539 3694 1610 Πνεῦμα

2112 1626 2270 1696 ἆγιον
2323 1629 2383 1680 αἱ
2423 1627 2568 1682 θεῖαι
2622 1628 2845 1699 Γραφαὶ
2881 1631 3389 1702 κατανομάζουσινο
3439 1630 3580 1686 ἀλλὰ
3630 1632 3697 1702 δὴ

2113 1720 2210 1772 καὶ
2241 1719 2494 1791 θεότητα,
2536 1722 2631 1776 καὶ
2669 1723 2825 1790 Θεὸν,
2849 1723 2947 1776 καὶ
2992 1723 3246 1778 θεοποιὸν
3274 1724 3469 1794 δῶρον.
3527 1742 3546 1776 ι
3585 1725 3696 1778 Καὶ

2114 1810 2298 1876 πάλιν,
2351 1829 2371 1862 ι
2421 1812 2547 1865 Ὅτι
2594 1812 2654 1866 δὲ
2696 1812 2952 1882 θεότητα,
3009 1813 3102 1866 καλ
3135 1812 3292 1876 Θεὸν,
3323 1814 3416 1865 καὶ
3451 1811 3700 1866 θεοποιδν

2115 1903 2208 1957 καὶ
2233 1905 2692 1974 αὑτοαγαθότητα
2729 1905 2826 1959 καὶ
2855 1904 3210 1974 ἀγαθοποιὸν,
3236 1905 3332 1958 καὶ
3361 1904 3701 1975 δημιουργὸν

2113 1997 2209 2050 τοῦ
2239 1997 2443 2061 παντὸς
2483 2015 2654 2066 φασιν
2687 1998 2745 2050 αι
2784 1997 2928 2051 θεῖαι
2952 1998 3171 2068 Γραφαὶ
3195 1996 3294 2067 τὴν
3316 1997 3467 2051 θείαν
3489 1997 3702 2065 ταύτην

2114 2089 2297 2159 χάριν,
2329 2089 2618 2158 ἐνέργειαν
2646 2105 2704 2142 τε
2750 2089 2846 2142 καὶ
2883 2088 3096 2159 δωρεὰν
3133 2089 3235 2159 τὴν
3279 2089 3344 2142 ἐκ
3389 2088 3491 2158 τῆς
3520 2088 3699 2157 ὕπερ-

2113 2181 2300 2234 ουσίου
2337 2181 2570 2252 Τριάδος
2604 2181 3061 2252 προερχομένην,
3105 2183 3318 2252 μάρτυς
3355 2183 3386 2234 ὁ
3435 2182 3706 2251 ’Δρεοπα-

2115 2271 2275 2342 γίτης
2331 2272 2634 2336 Διονύσιος.
2696 2292 2717 2326 ι
2777 2275 2890 2327 Καὶ
2919 2275 2949 2326 δ
2984 2272 3334 2344 χρηματίσας
3375 2271 3434 2326 δὲ
3471 2272 3552 2334 είς
3585 2287 3701 2324 πα-

2114 2365 2388 2436 τριάρχην
2431 2361 2704 2436 Ἰσίδωρος
2759 2364 2818 2419 ἐν
2870 2381 2979 2418 τινι
3035 2363 3146 2418 τῶν
3194 2353 3652 2434 ᾲσμάτωνῖαὖτοῦ
3682 2378 3700 2395 ο

2122 2476 2140 2508 ι
2171 2452 2327 2510 Εἶναι
2353 2456 2412 2514 δὲ
2443 2455 2505 2509 τὸ
2534 2455 2632 2526 μέν
2662 2455 2754 2523 σὲ,
2785 2455 2847 2508 οὐ
2869 2456 2922 2509 τί
2943 2455 3001 2509 δὲ
3039 2450 3181 2509 εἶναι
3203 2453 3404 2525 δηλοῦν
3440 2451 3698 2522 νοοῦμεν.

2115 2548 2248 2602 Θεὸν
2285 2548 2330 2601 δ’
2366 2547 2655 2617 ἐνέργειαν
2691 2547 3120 2616 δογματίζουσιν
3146 2547 3211 2601 οὐ
3256 2548 3354 2617 τὴν
3394 2545 3703 2600 ὑπόστασιν

2114 2640 2212 2696 τοῦ
2270 2643 2434 2709 ἁγίου
2492 2640 2816 2710 Πνεύματος
2853 2641 3136 2712 παρεῖναι·
3173 2640 3271 2693 καὶ
3321 2638 3568 2708 ἀγιάζειν
3596 2637 3702 2709 τὴν

2116 2736 2322 2800 κτίσιν,
2360 2733 2500 2788 ἀλλά
2533 2751 2658 2788 τινα
2695 2734 2856 2806 χάριν
2884 2734 3148 2788 ἁκτιστον
3172 2733 3271 2787 καὶ
3297 2733 3698 2795 ἀνυπόστατον,

2117 2827 2211 2878 καὶ
2250 2826 2332 2877 ὅτι
2373 2824 2470 2878 καὶ
2521 2823 2660 2880 ἄλλα
2718 2826 3009 2894 πνεύματα
3054 2823 3201 2890 ἅγιά
3250 2824 3390 2876 είσιν
3442 2821 3696 2881 ἄκτιστα,

2113 2917 2252 2972 ἄλλα
2291 2915 2444 2988 παρὰ
2482 2915 2540 2968 τὸ
2570 2915 2629 2968 ἐν
2660 2915 2758 2985 τῆς
2799 2913 3238 2984 τρισυποστάτου
3271 2912 3524 2980 θεότητος
3540 2909 3703 2978 ἅγιον

2117 3008 2359 3079 Πνεῦμα.
2395 3027 2416 3058 ›
2463 3007 2574 3059 Καί
2635 3023 2804 3076 φησιν
2838 3008 2867 3059 ὁ
2922 2996 3191 3075 Παλαμᾶς
3236 3005 3298 3058 ἐν
3333 3004 3412 3074 τῷ
3460 3003 3699 3073 πέμπτῳ

2113 3101 2260 3171 λόγῳ
2291 3099 2369 3169 τῷ
2404 3098 2540 3169 πρὸς
2582 3098 2892 3153 Ἀκίνὸυνον
2915 3115 2927 3130 ο
2965 3117 2985 3149 σ
3023 3098 3206 3152 Ἱκανὰ
3243 3097 3344 3167 μὲν
3371 3092 3466 3151 οῦν
3491 3096 3558 3149 τὰ
3582 3111 3697 3148 τοι-

417 3180 745 3244 sit-stentem;
775 3189 830 3232 et
863 3180 1010 3249 quod
1047 3180 1213 3234 etiam
1243 3179 1336 3233 alii
1402 3177 1631 3248 spiritus
1684 3181 1860 3234 sancti
1902 3180 2012 3234 sint

2117 3189 2259 3242 αῦτα
2289 3191 2482 3243 πεῖσαι
2519 3190 2658 3257 μήτε
2703 3188 2932 3259 κτιστὴν
2966 3187 3236 3258 ὑπάρχειν
3281 3180 3383 3256 τὴν
3411 3184 3695 3255 διδομένην

419 3271 677 3334 increati.
718 3272 811 3326 alii
843 3270 1044 3342 praeter
1088 3271 1360 3341 Spiritum
1409 3280 1686 3337 sanctum,
1728 3288 1896 3326 untnn
1945 3289 2010 3329 ex

421 3363 598 3423 tribus
630 3363 882 3433 personis
943 3362 1194 3418 Deitatis.
1239 3381 1257 3413 ι
1305 3364 1482 3433 Atque
1525 3363 1602 3416 ait
1658 3363 1906 3418 Palatnas
1958 3365 2012 3417 in

420 3459 616 3528 quinta
638 3460 887 3513 oratione
912 3458 978 3511 ad
1026 3457 1372 3528 Acindyttltm
1404 3477 1417 3513 :
1459 3468 1479 3510 d
1507 3458 1651 3513 Satis
1687 3459 1852 3526 igitur
1900 3459 2015 3513 haec

421 3559 552 3608 sunt
583 3549 650 3604 ad
693 3548 1137 3619 persuadendum
1162 3593 1174 3611 .
1229 3565 1409 3619 neque
1441 3559 1681 3603 creatam
1728 3564 1847 3602 esse
1886 3566 2011 3619 gra-

424 3643 580 3707 tiam,
617 3651 672 3697 et
701 3640 1075 3711 Operationem
1129 3641 1389 3711 Spiritus,
1417 3657 1538 3710 qua:
1579 3640 1742 3694 datur
1772 3651 1826 3693 et
1871 3641 2013 3694 acci-
2048 3682 2061 3698 .

423 3734 575 3807 pitur
608 3735 676 3794 ab
707 3737 778 3790 iis
800 3750 940 3804 quos
970 3737 1149 3805 gratia
1174 3749 1276 3789 sua
1301 3735 1559 3800 dignatur
1613 3732 1778 3798 Deus,
1832 3747 2013 3802 neque

422 3828 789 3884 substantiam
826 3843 948 3884 esse
971 3829 1214 3899 Spiritus
1242 3827 1441 3891 sancti,
1470 3825 1676 3896 quippe
1732 3825 1848 3894 ipsa
1889 3825 2012 3895 Spi-

420 3923 562 3980 ritus
596 3931 822 3976 sanctus
871 3929 976 3974 est.
1024 3920 1242 3974 Etenim
1293 3918 1501 3980 nemini
1543 3917 1690 3972 Deus
1733 3917 1825 3972 dat
1880 3917 2014 3971 sub-

421 4013 684 4072 stantiam
739 4027 920 4074 suam,
978 4027 1162 4082 neque
1212 4026 1336 4066 cum
1400 4009 1861 4080 itnperceptibilis
1915 4009 2009 4071 sit,

422 4109 540 4168 ﬁeri
579 4118 780 4179 potest,
823 4119 882 4164 ut
914 4124 946 4162 a
991 4121 1268 4178 quoquam
1307 4105 1665 4176 percipiatur.
1703 4123 1720 4156 ι
1763 4104 1832 4159 Ει
1874 4103 2014 4159 Coc—

421 4202 584 4257 cinus
617 4202 729 4265 ille,
771 4203 867 4272 qui
897 4200 1003 4255 fuit
1051 4198 1385 4270 patriarcha,
1423 4198 1478 4253 in
1523 4198 1797 4265 oratione,
1850 4199 2011 4270 cujus

423 4296 759 4367 inscriptio:
811 4293 975 4349 Nulla
1025 4294 1328 4348 divinarum
1383 4294 1751 4364 operationum
1802 4304 2008 4358 creata,

421 4389 502 4446 sic
543 4390 657 4444 ait:
705 4408 723 4440 ι
765 4388 900 4454 Quis
957 4385 1178 4440 invidus
1230 4400 1294 4440 ac
1345 4385 1618 4456 malignus
1667 4385 1881 4440 daemon
1951 4386 2008 4438 in

421 4483 727 4539 Ecelcsiam
751 4479 844 4536 Dei
866 4477 1130 4534 audacter
1149 4478 1354 4542 intulit,
1379 4477 1527 4548 quod
1549 4479 1662 4547 ipsa
1697 4477 2005 4533 substantia

2117 3282 2216 3336 atati
2249 3280 2676 3351 λαμϐανομένην
2727 3283 2839 3344 τοῖς
2882 3280 3350 3351 κεχαριτωμένοις
3388 3278 3482 3332 τοῦ
3525 3277 3694 3332 Πνεῦ-

2121 3392 2289 3444 ματος
2321 3373 2483 3444 χάριν
2517 3390 2580 3426 τε
2634 3374 2731 3427 καὶ
2783 3373 3089 3444 ἐνέργειαν.
3136 3374 3279 3427 Αὐτὸ
3318 3374 3423 3442 γάρ
3467 3373 3583 3426 ἐστι
3631 3372 3692 3424 τὺ

2119 3467 2436 3537 Πνεῦμαοτὸ
2475 3466 2656 3536 ἅγιον,
2710 3468 2848 3536 μήτε
2878 3465 2978 3538 τὴν
3007 3466 3194 3520 οὐσίαν
3219 3463 3363 3520 εἶναι
3396 3465 3490 3518 τοῦ
3522 3461 3692 3517 Πνεῦ-

2121 3574 2315 3627 ματος.
2349 3558 2545 3612 Οὐδενὶ
2578 3559 2692 3630 γὰρ
2727 3562 2756 3612 ὁ
2796 3557 2929 3622 Θεὸς
2961 3558 3060 3628 τὴν
3101 3557 3292 3611 οὐσίαν
3318 3559 3554 3619 δίδωσιν,
3581 3554 3692 3608 οὐδ’

2117 3651 2198 3704 ἔνι
2242 3653 2316 3723 μὴ
2351 3651 2564 3723 ληπτὴν
2617 3652 2789 3722 αὐτὴν
2845 3651 3102 3720 γενέσθαι
3147 3651 3384 3722 ληπτὴν.
3443 3667 3463 3700 ι
3527 3646 3693 3700 Καὶὸ

2117 3743 2464 3816 χρηματίσας
2495 3746 2575 3808 εἰς
2604 3744 2954 3815 πατριάρχην
2986 3743 3253 3806 Κόκκινος
3282 3742 3340 3795 ἐν
3369 3741 3534 3811 λόγῳ,
3564 3733 3625 3793 οῦ
3656 3741 3689 3805 ἡ

2118 3836 2425 3907 ἐπιγραφὴ,
2467 3836 2728 3904 Οὐδεμία
2761 3835 2880 3888 τῶν
2908 3835 3084 3890 θείων
3112 3832 3428 3904 ἐνεργειῶν
3455 3830 3688 3898 amori),

2115 3926 2260 3981 οὕτω
2287 3927 2455 3996 φησί·
2491 3947 2509 3979 ι
2552 3927 2710 3990 Ποῖος
2744 3928 3014 3997 βάσκανος
3040 3927 3251 3995 δαίμων
3285 3929 3352 3996 τῇ
3396 3922 3692 3994 Ἐκκλησία

2116 4017 2212 4071 τοῦ
2237 4017 2376 4071 Θεοῦ
2410 4019 2700 4089 τολμηρῶς
2729 4020 3036 4090 ἐπήγαγεν,
3068 4019 3150 4072 ὅτι
3176 4018 3315 4088 αὐτὴ
3345 4019 3378 4088 ἡ
3403 4017 3558 4072 οὐσία
3593 4013 3689 4068 τοῦ

2115 4102 2252 4158 Θεοῦ
2287 4104 2622 4170 κατοικοῦσα
2645 4107 2703 4157 ἐν
2730 4108 2841 4169 τοῖς
2869 4106 3198 4179 ἀνθρώποις,
3230 4109 3358 4171 τοὺς
3396 4105 3689 4175 καθαιρουο

2119 4197 2315 4266 μένους
2371 4197 2653 4268 καθαίρει,
2707 4200 2962 4263 καὶτοὺς
3017 4199 3423 4270 φωτιζομένους
3469 4195 3689 4267 φωτίζει

2114 4293 2209 4344 καὶ
2259 4291 2592 4360 λαμπρύνει,
2635 4294 2731 4346 καὶ
2766 4293 2895 4354 τοὺς
2935 4295 3074 4346 κατά
3111 4309 3234 4346 τινα
3278 4291 3438 4346 σάλον
3476 4290 3688 4360 ἀνίερον

2114 4382 2206 4436 τοῦ
2247 4381 2415 4434 καλοῦ
2453 4385 2920 4453 παρατραπὲντας
2964 4384 3228 4466 ἐπανάγει
3278 4385 3372 4437 atati.
3412 4387 3526 4446 τοῖς
3576 4382 3690 4435 κτί-

2115 4491 2317 4544 σμασιν
2349 4474 2632 4528 ἐνοικοῦσα
2671 4475 2844 4528 ταῦτα
2891 4476 3222 4548 ἐργάξεται;
3267 4495 3285 4527 ι
3321 4476 3430 4530 Καὶ
3469 4471 3626 4538 αὖθις
3660 4477 3690 4528 ὁ

422 4576 519 4630 Dei
563 4573 820 4631 habitans
877 4573 935 4625 in
999 4569 1340 4632 hominibus.
1391 4584 1488 4626 eos
1548 4569 1641 4638 qui
1698 4577 2008 4638 purgantur

2115 4566 2377 4636 Παλαμᾶς
2414 4567 2472 4619 ἐν
2495 4585 2602 4622 τινι
2634 4567 2902 4639 διαλόγῳ·
2943 4588 2961 4620 ι
2985 4568 3127 4623 Ἀλλ’
3158 4571 3206 4621 εί
3234 4569 3310 4640 μὴ
3337 4568 3470 4638 ἄλλη
3497 4567 3688 4638 θεότης

421 4676 639 4738 purgat,
673 4677 728 4722 et
758 4665 852 4735 qui
903 4661 1307 4729 illuminantur,
1355 4661 1652 4723 illuminat,
1679 4671 1845 4729 atque
1881 4658 2010 4713 illu-

421 4768 596 4825 stt-at;
623 4747 694 4812 et
719 4771 816 4811 cos
835 4756 928 4825 qui
958 4770 988 4808 a
1025 4763 1176 4811 recto
1215 4754 1434 4808 tramite
1461 4751 1697 4820 quadam
1747 4749 2010 4818 nequitiae

425 4851 667 4923 procella
693 4849 906 4918 abrepti
944 4856 1094 4913 sunt,
1135 4847 1368 4910 reducit,
1404 4855 1456 4899 ct
1493 4843 1768 4898 creaturis
1796 4841 2012 4897 inhabi-

422 4954 545 5004 tans
573 4944 689 4997 haec
720 4941 1045 5012 operatur?»
1082 4939 1161 4993 Ac
1193 4953 1384 4992 rursus
1421 4935 1669 4990 Palamas
1690 4935 1744 4989 in
1768 4933 2007 5005 quodam

420 5037 638 5106 dialogo
675 5054 688 5090 :
728 5053 746 5088 ι
786 5035 988 5090 Verum
1021 5033 1068 5088 si
1098 5047 1207 5086 non
1259 5040 1407 5085 esset
1445 5030 1618 5084 altera
1662 5029 1837 5084 deitas
1862 5043 2006 5098 prte-

423 5139 508 5185 tcr
547 5129 789 5187 divinam
814 5136 1092 5188 naturam,
1146 5123 1412 5192 ingenita,
1465 5121 1682 5191 ipsique
1709 5128 2004 5186 coaeterna,

423 5233 682 5291 tanquam
717 5221 840 5291 ejus
867 5215 1136 5286 operatio,
1175 5223 1232 5268 et
1257 5215 1497 5283 Spiritus
1538 5222 1763 5269 sanctus
1791 5215 1934 5270 alius
1974 5229 2004 5270 a

422 5316 604 5370 divina
667 5321 861 5370 natura
931 5307 1140 5377 Spiritu
1197 5315 1387 5362 sancto
1447 5305 1677 5361 inferior
1744 5314 2002 5376 tanquam

421 5409 543 5478 ejus
566 5407 843 5476 Operatio,
881 5402 1407 5474 quatttodmimpleta
1435 5412 1520 5457 est
1559 5402 1768 5471 Spiritu
1815 5413 2013 5477 sancto.

421 5496 743 5556 Elisabeth?
790 5495 860 5549 Et
899 5509 1140 5563 quonam
1176 5493 1315 5548 isto?
1348 5492 1466 5548 Non
1497 5493 1645 5548 enim
1672 5494 2007 5564 impletaest

421 5589 730 5650 substantia
790 5587 1054 5656 Spiritus;
1120 5585 1248 5643 lla-c
1312 5587 1464 5642 enim
1530 5587 1832 5642 immobilis
1892 5595 2003 5652 est,

423 5693 587 5749 atque
648 5678 1015 5744 intransitiva‘,
1077 5690 1132 5734 et
1190 5679 1414 5745 intacta,
1473 5689 1640 5750 atque
1708 5680 2000 5743 immensa,

424 5766 916 5838 iuzilterabilisquc.
949 5789 966 5823 ›
1017 5771 1083 5826 Ει
1138 5771 1192 5828 in
1241 5772 1476 5842 epistola
1531 5771 1598 5827 ad
1649 5770 2008 5842 Cyzicensetn.

425 5864 764 5937 t‘piscupullt.
797 5877 953 5934 cuius
997 5865 1211 5923 initium
1254 5885 1265 5921 :
1304 5865 1448 5923 Scire
1485 5877 1530 5922 te
1557 5867 1669 5922 volo
1702 5882 1717 5920 :
1754 5886 1768 5918 ς
1802 5865 2004 5934 Quem-

2069 4669 2077 4677 '
2111 4660 2199 4729 εἴη
2239 4660 2392 4728 παρᾶ
2429 4659 2527 4730 τὴν
2567 4659 2720 4713 θείαν
2753 4663 2918 4730 φύσιν
2946 4663 3229 4732 ἀγένητος,
3270 4661 3363 4714 καὶ
3395 4663 3532 4732 αὐτῇ
3566 4678 3693 4714 συνο

2110 4751 2302 4814 αῒδιος,
2343 4750 2416 4812 ὡς
2445 4752 2696 4819 ἐνέργεια
2721 4752 2914 4821 αὐτῆς,
2943 4755 3041 4806 καὶ
3071 4753 3296 4822 Πνεῦμα
3323 4752 3476 4819 ἆγιον
3502 4747 3686 4821 ἕτερον

2111 4844 2263 4913 παρὰ
2290 4844 2390 4912 τὴν
2423 4843 2572 4896 Θείαν
2598 4844 2763 4911 φύσιν
2794 4845 2889 4898 τοῦ
2937 4846 3097 4914 ἁγίου
3154 4844 3472 4915 Πνεῦματος
3515 4843 3687 4898 κατώ-

2108 4949 2269 5003 τερον
2309 4934 2383 4994 ὡς
2419 4933 2585 4987 αὑτοῦ
2618 4935 2890 5004 ἐνέργεια,
2928 4935 3043 4999 πῶς
3081 4937 3329 5008 ἐπλήσθη
3368 4935 3682 5005 Πνεῦματος

2111 5025 2266 5094 ἁγίου
2298 5028 2331 5097 ὴ
2369 5023 2650 5080 Ἐλισὰὅετ
2673 5045 2687 5094 ;
2713 5029 2807 5080 καὶ
2836 5029 2980 5092 τίνος
3011 5031 3237 5094 τούτου;
3276 5029 3337 5083 οὐ
3366 5030 3476 5100 γὰρ
3500 5029 3565 5098 δὴ
3589 5029 3685 5097 τῆς

2109 5121 2298 5184 οὐσίας
2321 5121 2567 5191 ἐπλήσθη
2596 5121 2692 5174 τοῦ
2719 5121 3054 5192 Πνεῦματος.
3092 5122 3373 5192 ’Δκίνητος
3403 5123 3510 5191 γὰρ
3545 5120 3683 5191 αῦτη

2110 5215 2206 5270 καὶ
2234 5214 2584 5285 ἀμετάὄατος
2609 5215 2704 5268 καὶ
2729 5214 2941 5284 ἀναφὴς
2970 5217 3064 5270 καὶ
3092 5214 3374 5284 ἁχὼρητος
3402 5216 3497 5269 καὶ
3526 5214 3686 5267 ἀναλ-

2107 5306 2352 5370 λοίωτος.
2381 5327 2400 5360 ι
2437 5309 2544 5362 Καὶ
2563 5309 2621 5362 ἐν
2643 5309 2707 5378 τῇ
2727 5307 2862 5377 πρὸς
2876 5309 2968 5362 τὸν
2991 5307 3227 5372 Κυζίκου
3251 5307 3529 5376 ἐπιστολῇ,
3559 5301 3625 5379 ἦς
3648 5307 3683 5378 ἡ

2107 5402 2273 5474 ἀρχὴ,
2316 5401 2554 5458 Εὶδέναι
2611 5418 2688 5456 σε
2735 5401 3037 5470 βούλομαι
3078 5417 3090 5430 ·
3128 5419 3147 5452 t
3189 5401 3458 5473 Καθάπερ
3489 5400 3582 5454 οῦν
3616 5402 3686 5454 τὰ

2110 5495 2282 5549 πολλὰ
2312 5495 2600 5564 πνεύματα
2621 5495 2682 5547 τὸ
2713 5493 3001 5564 μοναδικὸν
3040 5494 3133 5546 καὶ
3164 5492 3373 5546 ἁπλοῦν
3403 5494 3496 5547 καὶ
3523 5490 3684 5546 ἀσύν-

2110 5584 2265 5641 θετον
2287 5585 2380 5639 τοῦ
2416 5586 2731 5656 Πνεύματος
2759 5586 2861 5638 οὐκ
2891 5587 3128 5655 ἀναιρεῖ·
3162 5587 3254 5637 καὶ
3281 5584 3388 5654 γὰρ
3416 5581 3683 5654 ὲνέργειαί

2106 5679 2244 5732 εἰσιν
2273 5678 2469 5733 αὐτοῦ·
2503 5679 2596 5732 τὸν
2629 5679 2793 5733 αὐτὸν
2830 5682 3052 5748 τρόπον,
3084 5678 3192 5732 κᾶν
3211 5677 3412 5740 πολλὰς
3439 5677 3568 5745 εἴπῃ
3599 5693 3682 5737 τις

2106 5773 2392 5842 θεότητας.
2443 5773 2543 5836 τὰς
2571 5772 2859 5841 ἐνεργείας
2903 5773 3074 5839 λέγων
3111 5772 3210 5840 τῆς
3245 5772 3374 5840 μιᾶς
3405 5771 3678 5838 θεότητος,

2092 5864 2165 5920 ’τὸ
2196 5865 2480 5938 μυναδικὶν
2523 5867 2612 5921 καὶ
2658 5864 2862 5920 ἁπλοῦν
2907 5866 3071 5934 αὐτῆς
3111 5864 3208 5917 οὐκ
3244 5863 3472 5933 ἀναιρεῖ.
3513 5879 3530 5914 ι
3572 5861 3679 5917 Καὶ
