4036 6454
411 400 520 462 857

1630 405 2031 477 ADVERSUS
2072 401 2458 464 PALAMAM.

3560 394 3676 458 858

411 511 468 561 ἂν
497 513 562 580 τῇ
592 517 726 580 πρὸς
753 513 843 568 τὸν
877 515 1187 570 Ἀκίνδυνον
1226 514 1670 584 ἐπιστολῇ,ιΚαὶ
1700 515 1798 574 τὰς
1829 515 1980 582 ἐνερ-

2102 515 2380 571 Idmodum
2411 514 2566 568 multi
2593 513 2823 584 spiritus
2863 510 3320 582 singularitatem,
3375 525 3440 567 ac
3463 512 3681 584 simpli-

409 599 564 664 ’ςείας
607 602 703 656 τοῦ
753 605 1071 677 Πνεύματος
1124 606 1412 677 πνεύματα
1466 607 1622 674 φίλον
1663 605 1744 676 τῷ
1784 606 1985 677 Ἡσαΐᾳ

411 691 630 744 καλεῖν·
662 694 864 766 δηλαδὴ
906 697 973 751 τὰ
1012 698 1163 770 δῶρα
1198 699 1294 751 τοῦ
1335 698 1675 768 Πνεῦματος.
1704 698 1767 750 Δί
1807 695 1863 748 δὲ
1889 697 1985 750 τοῦ

408 781 545 836 θεοῦ
578 785 850 856 ἐνέργειαι
880 790 1128 844 ἂκτιστοί
1165 793 1323 845 εἰσιν.
1370 808 1391 844 ι

409 878 574 934 unius
606 880 852 948 Deitatis,
878 887 1143 941 unitatem
1202 903 1266 942 ac
1293 887 1701 956 simplicitatem
1766 858 1887 957 ejus
1950 901 2060 942 non
2101 888 2261 943 tollit.
2294 905 2311 938 ι
2364 888 2432 942 Ει
2489 889 2539 942 in
2576 887 2808 957 cpistola
2851 887 2918 942 ad
2973 858 3320 957 deindynum

2094 606 2338 671 citatcm,
2359 605 2986 675 incompositionemque
3048 603 3288 674 Spiritus
3315 619 3424 659 non
3455 605 3672 669 tollunt,

2094 700 2297 770 quippe
2324 708 2454 756 sunt
2481 699 2832 763 operationes
2879 698 3086 767 ipsius;
3123 697 3195 752 ita
3240 699 3406 752 etiam
3464 697 3509 752 si
3551 699 3678 767 quis

2094 792 2303 846 dixerit
2371 793 2574 846 multas
2638 792 2896 856 deitates,
2958 792 3313 861 Operationes
3381 791 3677 861 designans

3373 905 3387 942 :
3447 906 3465 939 ι
3499 888 3676 943 Etiam

406 970 760 1039 operationes
815 977 1057 1047 Spiritus
1097 981 1272 1034 sancti
1334 980 1514 1049 placct
1567 979 1720 1035 Isaiae
1765 980 1992 1050 spiritus
2031 981 2331 1052 appellare,
2381 980 2595 1036 scilicet
2641 981 2786 1036 dona
2825 980 3068 1051 Spiritus
3121 974 3322 1037 san‘cti.
3386 981 3480 1036 Dei
3542 997 3678 1038 vero

407 1066 760 1134 operationes
794 1068 1052 1127 increatze
1089 1082 1242 1127 sunt.
1284 1091 1304 1123 ι

484 1160 604 1212 Ἔτι
633 1161 854 1227 λέγουσι
887 1163 961 1231 μὴ
1006 1163 1256 1231 γίνεσθαι
1307 1166 1564 1220 σύνθεσιν
1609 1169 1676 1222 εκ
1708 1186 1767 1221 τε
1809 1167 1999 1232 οὐσίας

405 1253 544 1307 Θεοῦ
569 1255 667 1306 καὶ
694 1247 774 1308 ὧν
792 1255 1085 1324 φρονοῦσιν
1107 1257 1264 1310 αὑτοὶ
1287 1261 1690 1330 πραγματικῶς
1717 1263 2000 1332 συνυπὰρο

408 1365 526 1416 χειν
555 1346 716 1416 αὐτῇ.
755 1347 868 1401 Καί
925 1365 1094 1418 φησιν
1145 1353 1174 1404 ό
1236 1351 1499 1420 Παλαμᾶς
1541 1355 1602 1407 ὲν
1625 1355 1797 1425 ,λόγῳ
1848 1347 1910 1408 οὗ
1963 1356 1997 1425 ἡ

407 1439 590 1509 ἀρχὴ,
663 1439 796 1504 Τοῖς
863 1445 1442 1512 πνευματοκινήτοις
1504 1445 1628 1500 τῶν
1693 1447 1993 1516 Πατέρων,

415 1550 436 1581 ο
478 1532 599 1584 Ὅτι
633 1531 696 1585 τδ
718 1531 974 1588 ἁκτιστον
1005 1539 1427 1608 προσκείμενον,
1458 1541 1584 1610 μίαν
1609 1541 1995 1597 ἀποδείκνυσιν

408 1624 504 1674 καὶ
555 1622 680 1692 ῐσην
737 1624 834 1678 καὶ
874 1625 1056 1696 ἁπλῆν
1104 1630 1205 1698 τὴν
1267 1631 1325 1684 ὲν
1369 1634 1435 1701 τῇ
1495 1631 1769 1703 διακρίσει
1816 1635 1992 1708 ταύτῃ

406 1713 700 1782 ὁρωμένην
727 1713 981 1786 θεότητα.
1017 1710 1265 1792 Καὶ’γὰρ
1305 1722 1415 1774 πᾶν
1441 1721 1700 1777 ἄκτιστον
1733 1726 1826 1778 καὶ
1855 1727 1988 1798 όμό-

406 1807 569 1873 τιμάν
596 1807 714 1859 ἐστι
737 1808 832 1862 καὶ
865 1810 1168 1880 ἡνωμένον,
1191 1813 1286 1864 καὶ
1310 1811 1560 1877 σύνθεσις
1591 1815 1650 1867 ὲν
1685 1818 1797 1880 τοῖς
1833 1817 1992 1870 ἀκτί-

407 1916 556 1962 στοις
603 1901 1004 1970 συναγομένοις
1045 1906 1124 1966 είς
1153 1903 1212 1957 ἐν
1250 1907 1313 1959 οὐ
1366 1905 1570 1976 μήποτ’
1613 1907 1678 1961 ἂν
1710 1910 1940 1976 γένοιτο.
1967 1927 1987 1960 ›

2174 1168 2445 1223 Prteterea
2494 1167 2722 1233 dicunt,
2770 1182 2879 1221 non
2932 1166 3054 1222 ﬁeri
3096 1165 3556 1237 compositionem
3609 1182 3676 1224 ex

2103 1261 2432 1326 substantia,
2475 1269 2532 1316 et
2583 1260 2652 1316 iis
2709 1275 2832 1330 quae
2869 1256 2946 1314 illi
2998 1259 3245 1315 sentiunt
3301 1260 3525 1314 realiter
3560 1259 3676 1314 dis-

2101 1351 2274 1406 tincta
2321 1367 2444 1407 esse
2485 1367 2610 1407 cum
2661 1351 2989 1407 substantia.
3035 1351 3214 1421 Atque
3274 1353 3473 1406 asserit
3524 1353 3680 1409 Pala-

2100 1460 2239 1511 mas,
2285 1445 2339 1500 in
2376 1446 2653 1511 o’ratione,
2698 1447 2860 1516 cujus
2891 1446 3110 1500 initium
3148 1464 3166 1506 ι
3207 1447 3245 1500 Α
3296 1446 3501 1510 Spiritu
3535 1452 3678 1504 exci-

2100 1543 2225 1595 tatis
2257 1539 2531 1602 Patribus.
2569 1558 2587 1591 ι
2621 1540 2777 1606 Quod
2811 1555 2918 1594 vox
2982 1540 3317 1604 increatum,
3353 1540 3481 1595 dum
3523 1542 3678 1611 adja-

2099 1641 2207 1694 cct,
2268 1647 2434 1686 unam
2476 1633 2742 1695 ostendit,
2800 1643 2857 1686 et
2907 1632 3196 1700 a'qualem,
3248 1647 3312 1686 ac
3371 1632 3680 1702 simplicem

2097 1721 2386 1786 Deitatem,
2431 1737 2553 1792 qua:
2607 1723 2662 1776 in
2709 1721 2815 1776 bac
2869 1721 3225 1776 distinctione
3263 1721 3503 1777 videtur.
3552 1722 3677 1777 Ete-

2097 1815 2211 1870 nim
2245 1830 2408 1870 omne
2449 1814 2754 1869 increatum
2782 1814 3030 1884 ejusdem
3074 1815 3304 1870 honoris
3341 1823 3428 1871 est
3462 1823 3519 1870 et
3543 1830 3680 1869 con-

2092 1907 2422 1976 iunctionis,
2466 1921 2648 1976 neque
2687 1907 2741 1960 in
2803 1905 3065 1960 increatis
3097 1905 3152 1960 in
3208 1922 3380 1960 unum
3431 1907 3683 1962 collectis

412 1992 520 2043 Καὶ
558 1993 619 2044 ὲν
648 1991 824 2062 ἑτέρῳ
854 1987 913 2046 οὗ
945 1996 978 2062 ὴ
1005 1995 1172 2065 ἀρχὴ,
1211 1973 1700 2066 ’Υποψίθυρίσας
1722 1973 1990 2055 ⁷τοίνυν

2102 1973 2192 2054 iiet
2220 2013 2459 2067 unquam
2492 1973 2845 2067 compositio.
2883 2015 2901 2049 ι
2934 1995 3002 2053 Et
3027 1996 3081 2050 in
3115 1995 3222 2051 alia
3249 1997 3547 2073 oratione‘_,
3584 2015 3678 2052 cu-

435 2100 451 2129 ι
479 2081 585 2133 Καὶ
609 2081 730 2134 οὐδὲ
761 2081 922 2136 τοῦτο
945 2085 1177 2138 συνιδεῖν
1223 2087 1444 2155 ἴσχυσεν
1481 2091 1510 2143 ὁ
1555 2092 1614 2144 ὲν
1647 2090 1859 2154 τούτοις
1895 2092 1994 2156 τὰς

415 2172 695 2238 συνθέσεις
724 2175 980 2245 ἀφρόνως
1012 2177 1450 2251 φανταζόμενος,
1490 2181 1570 2245 ὡς
1617 2183 1650 2252 ἡ
1697 2184 1808 2237 τῶν
1838 2184 1996 2238 dmi-

413 2279 556 2316 στων
599 2264 694 2317 καὶ
738 2265 908 2329 ὅντως
941 2267 1130 2322 ἁπλῶν
1161 2271 1478 2336 συνέλευσις
1507 2273 1589 2338 είς
1631 2271 1692 2326 ἐν
1741 2273 1995 2328 σύνθεσιν

411 2354 670 2424 οὐδεμίαν
702 2359 942 2427 ἐμποιεῖ.
989 2378 1009 2411 ›
1041 2360 1152 2414 Καὶ
1177 2363 1204 2415 ό
1237 2364 1584 2432 χρηματίσας
1609 2367 1690 2428 είς
1721 2368 1993 2437 πατριάρ-

417 2462 521 2515 χην
560 2448 829 2511 Κόκκινος
853 2451 911 2502 ἐν
936 2447 980 2503 θ’
1007 2450 1120 2504 τῶν
1161 2451 1224 2504 ιδ’
1264 2454 1580 2521 κεφαλαίων
1604 2455 1771 2508 αὑτοῦ
1804 2474 1994 2527 φησιν,

421 2557 441 2586 ο
487 2538 679 2608 Ἡμεῖς
708 2540 971 2608 μαθόντες
997 2543 1104 2596 ἀπὸ
1143 2544 1253 2596 τῶν
1290 2545 1486 2610 ἁγίων,
1519 2547 1602 2598 ὅτι
1637 2546 1755 2600 οὐδὲ
1787 2548 1879 2601 τὸν
1900 2549 1996 2603 ἁν-

417 2629 637 2697 θρωπον
660 2633 878 2686 ποιοῦσί
913 2651 1046 2688 ποτε
1076 2634 1333 2690 σύνθετον
1359 2638 1426 2690 τὰ
1461 2641 1673 2706 φυσικὰ
1705 2639 1996 2708 ἰδιώματα,

417 2723 536 2776 ἀλλ’
567 2724 688 2778 οὐδὲ
745 2727 796 2778 oi
840 2728 1079 2796 τεχνικοί
1115 2729 1265 2797 λόγοι
1309 2733 1405 2784 καὶ
1440 2733 1781 2802 ἐπιστῆμαι·
1823 2736 2000 2798 οὐδεὶς

418 2815 530 2886 γὰρ
579 2817 646 2870 ἂν
695 2817 839 2870 εἴποι
880 2819 1011 2872 ποτὲ
1057 2820 1150 2872 τὸν
1195 2821 1490 2891 ἄνθρωπον
1530 2823 1810 2890 σύνθετον,
1863 2827 2000 2879 διότι

419 2909 532 2977 ἔχει
559 2908 724 2977 φύσιν
756 2912 849 2963 καὶ
880 2911 1163 2983 ἐνέργειαν
1214 2914 1474 2984 φυσικὴν,
1511 2916 1545 2986 ἢ
1581 2915 1716 2969 διότι
1747 2917 1863 2986 ἔχει
1895 2918 2001 2981 φύ-

422 3017 508 3054 σιν
541 3001 636 3054 καὶ
661 3001 856 3074 τέχνην
889 3004 1362 3076 γραμματικὴν,ῆ
1399 3009 1738 3078 τεκτονικὴν,
1765 3009 1798 3077 ἢ
1825 3026 2000 3077 γεωρ-

424 3095 590 3165 γικὴν
613 3095 795 3165 τυχόν.
843 3096 904 3150 Et
943 3097 1000 3149 δὲ
1048 3099 1142 3152 ἐπὶ
1190 3098 1300 3151 τῶν
1340 3100 1650 3170 ἀνθρώπων
1682 3102 1876 3168 οὕτως,
1907 3103 1999 3154 ἐπὶ

420 3185 518 3239 τοῦ
555 3185 692 3239 Θεοῦ
722 3184 774 3240 τί
801 3189 907 3258 χρὴ
948 3188 1150 3257 λέγειν,
1184 3191 1278 3243 τοῦ
1315 3192 1495 3246 πάντα
1527 3195 1822 3263 ὑπερφυῶς
1848 3194 2000 3265 ἕχον-

2092 2092 2184 2160 jus
2228 2091 2491 2145 initium:
2543 2089 2678 2144 Cum
2726 2089 3112 2143 insusurrasset
3165 2090 3366 2160 igitur:
3414 2109 3432 2141 ι
3489 2089 3681 2158 Neque

2098 2183 2202 2238 hoc
2239 2181 2553 2252 perspicere
2600 2181 2795 2246 valuit,
2828 2182 2924 2250 qui
2977 2180 3034 2234 in
3072 2179 3192 2236 istis
3249 2179 3685 2250 compositiones

2099 2279 2268 2333 stulte
2298 2275 2653 2344 imaginatur,
2683 2274 2832 2343 quod
2865 2275 2919 2328 in
2955 2289 3126 2327 unum
3161 2287 3468 2327 concursus
3494 2288 3682 2327 rerum

2101 2370 2495 2432 increatarum,
2543 2361 2612 2420 cf
2659 2380 2850 2420 revera
2901 2362 3260 2432 simplicium,
3317 2362 3680 2432 compositio-

2097 2474 2224 2512 nem
2287 2457 2492 2510 nullam
2560 2455 2708 2508 facit.
2764 2474 2782 2505 ι
2831 2454 2899 2508 Ει
2951 2451 3223 2515 Coccinus
3261 2451 3372 2514 ille,
3416 2452 3511 2522 qui
3575 2450 3682 2504 fuit

2099 2548 2438 2619 patriarcha,
2470 2547 2524 2599 in
2555 2561 2705 2599 nono
2744 2545 2926 2614 capite
2966 2559 3033 2597 ex
3063 2543 3131 2598 iis
3156 2541 3454 2597 duodecim
3483 2541 3681 2611 capiti-

2100 2641 2227 2700 bus,
2260 2655 2383 2709 quae
2416 2637 2635 2702 edidit,
2690 2655 2708 2689 ι
2763 2636 2898 2698 Nos,
2929 2635 3028 2702 ait,
3086 2649 3215 2688 cum
3264 2632 3626 2690 didicerimus
3652 2649 3684 2689 a

2102 2731 2326 2792 sanctis,
2353 2730 2498 2801 quod
2536 2744 2718 2799 neque
2755 2729 3037 2782 hominem
3079 2727 3292 2782 faciunt
3320 2726 3690 2797 proprietates

2103 2825 2386 2878 naturales
2433 2839 2678 2892 unquam
2724 2820 3118 2890 compositum,
3145 2820 3240 2874 sed
3291 2835 3474 2889 neque
3514 2818 3690 2873 artiti-

2102 2913 2238 2969 ciosi
2313 2928 2597 2968 sermones
2633 2922 2689 2965 et
2717 2911 3047 2981 disciplinae.
3085 2909 3260 2965 Nemo
3304 2910 3454 2964 enim
3483 2908 3688 2969 dixerit

2105 3017 2352 3072 unquam
2402 3001 2686 3055 hominem
2741 2999 3138 3069 compositum,
3191 2997 3453 3068 quoniam
3520 2996 3687 3050 habet

2107 3098 2356 3148 naturam
2388 3099 2442 3146 et
2476 3091 2856 3160 operationem
2926 3089 3257 3154 naturalem,
3291 3088 3380 3143 vel
3410 3086 3559 3158 quod
3590 3087 3689 3141 ha-

2109 3189 2240 3244 beat
2271 3195 2552 3250 naturam,
2602 3193 2660 3239 ct
2705 3191 2878 3239 artem
2914 3183 3352 3253 grammaticam,
3376 3180 3463 3236 vel
3515 3179 3687 3234 fabri-

420 3292 546 3345 τοςς
589 3279 749 3333 Ἀλλὰ
782 3281 1032 3344 σύνθεσις
1059 3281 1270 3350 γίνεται
1305 3283 1401 3337 καὶ
1441 3285 1664 3352 λέγεται
1696 3285 1840 3350 τότε,
1870 3287 1999 3340 ὅταν

2103 3280 2233 3337 lem.
2266 3278 2351 3332 vel
2382 3277 2563 3332 forsan
2591 3284 2767 3330 artem
2804 3274 3175 3346 agriculturae.
3207 3271 3364 3339 Quod
3398 3272 3444 3327 si
3498 3272 3554 3326 in
3586 3270 3688 3325 ho-

420 3371 516 3424 δὺο
545 3374 848 3442 πράγματα
898 3373 1090 3441 ἔχοντα
1132 3372 1190 3426 ἓν
1229 3373 1460 3429 ἕκαστον
1502 3377 1636 3430 ίδίαν
1680 3377 1998 3445 ὑπόστασιν,

423 3463 520 3517 καὶ
547 3465 846 3532 δυνάμενον
873 3465 1107 3518 ἕκαστον
1129 3461 1271 3519 εἶναι
1305 3465 1629 3537 θεωρεῖσθαι
1660 3470 1784 3522 καθ’
1815 3471 1998 3534 ἑαυτξ,

420 3550 546 3621 δίχα
598 3550 692 3604 τοῦ
732 3552 960 3622 ἑτέρου·
995 3553 1126 3606 ὅταν
1172 3553 1241 3605 τὰ
1277 3553 1503 3608 τοιαῦτα
1541 3546 1870 3609 συντεθῶσιν
1909 3560 2003 3609 καὶ

421 3638 701 3692 ἐνωθῶσιν
743 3639 1000 3708 ἀλλήλοις
1033 3641 1112 3702 εἰς
1144 3639 1271 3708 μίαν
1301 3639 1626 3706 ὑπόστασιν,
1671 3637 1782 3696 οἷον
1811 3645 2004 3716 ῶσπερ

422 3735 483 3785 ἐν
519 3731 597 3802 τῷ
636 3730 912 3802 ἀνθρώπῳ
944 3730 1093 3802 ψυχὴ
1151 3735 1247 3787 καλ⁸
1292 3734 1474 3804 σῶμα,
1524 3735 1558 3803 ἢ
1621 3737 1680 3787 ὲν
1735 3740 1802 3806 τῇ
1855 3739 2003 3809 οἰκία

421 3825 563 3879 λίθοι
592 3825 689 3879 καὶ
729 3823 864 3890 ξύλα
903 3827 998 3878 καὶ
1025 3825 1265 3894 σίδηρος.
1299 3826 1485 3879 Ταῦτα
1528 3828 1637 3898 γὰρ
1678 3827 1803 3881 καθ’
1833 3829 2002 3884 ἑαυτὰ

419 3919 629 3971 ἕκαστα
675 3917 978 3981 ὑπόστασις
1011 3919 1160 3980 ὂντα,
1207 3918 1334 3971 ὅταν
1392 3919 1693 3972 συντεοῶσι
1745 3922 1839 3974 καὶ
1873 3923 2005 3975 ἑνωο

424 4011 589 4065 Θῶσιν
622 4009 873 4078 ἀλλήλοις
923 4011 1003 4072 είς
1053 4011 1184 4078 μίαν
1237 4009 1558 4073 ὑπόστασιν,
1608 4013 1730 4064 τότε
1783 4013 2005 4080 λέγεται

426 4101 700 4164 σύνθεσις,
736 4099 857 4170 ἢτοι
881 4099 1078 4162 ἒνωσις
1108 4101 1489 4154 ἐνυποστάτων
1510 4101 1604 4154 δύο
1635 4104 2001 4172 πραγμάτων,

423 4193 580 4264 ἢκαὶ
609 4192 895 4246 πλειόνων.
934 4209 953 4243 ι
985 4191 1096 4243 Καὶ
1146 4194 1204 4243 ὲν
1249 4191 1329 4261 τῷ
1379 4191 1532 4262 τόμῳ
1590 4195 1744 4264 κοινῇ
1801 4195 2004 4259 πάντες

423 4285 794 4354 ἀπεφήναντο,
837 4301 856 4336 ι
890 4281 1048 4336 Μετὰ
1093 4281 1251 4335 τοῦτο
1303 4283 1653 4354 ἐζητήσαμεν
1706 4289 1857 4356 παρὰ
1893 4287 2004 4339 τῶν

423 4377 598 4441 ἁγίων
642 4378 693 4428 εί
749 4375 1018 4445 μηδεμίαν
1054 4375 1169 4444 ἔχοι
1209 4391 1292 4435 τις
1343 4373 1410 4427 ἂν
1459 4376 1700 4428 ἐπινοεῖν
1752 4375 2005 4430 σύνθεσιν

425 4474 516 4525 ἐπὶ
544 4471 680 4524 Θεοῦ
710 4470 798 4524 διὰ
848 4471 948 4540 τὴν
997 4468 1097 4538 τῆς
1139 4467 1292 4529 Θείας
1337 4467 1527 4530 οὐσίας
1577 4469 1673 4520 καὶ
1725 4468 2006 4538 ἐνεργείας

421 4565 710 4634 διαφοράν.
757 4561 1081 4631 Ἀπεδείχθη
1111 4556 1207 4614 οὖν
1245 4561 1394 4631 παρᾶ
1427 4561 1533 4614 τῶν
1565 4560 1736 4629 ἁγίων
1785 4561 2005 4616 πάντων

2105 3371 2350 3426 minibus
2389 3369 2463 3425 ita
2503 3383 2564 3426 se
2596 3383 2686 3423 res
2728 3367 2918 3432 habet,
2961 3365 3094 3436 quid
3140 3365 3194 3421 in
3224 3366 3340 3420 Deo
3385 3362 3685 3418 dicendum

2105 3477 2211 3531 est,
2251 3465 2344 3537 qui
2375 3463 2560 3520 omnia
2605 3460 3104 3532 supernaturaliter
3136 3458 3341 3514 habet?
3385 3457 3493 3514 Sed
3532 3472 3687 3512 com-

2056 3575 2061 3581 '
2104 3560 2308 3630 positio
2340 3550 2471 3611 t'unc
2502 3559 2562 3611 iit
2608 3565 2664 3610 et
2702 3553 2928 3618 dicitur,
2958 3549 3182 3622 quando
3220 3549 3344 3606 duae
3371 3564 3463 3604 res
3492 3549 3685 3618 singu-

2105 3652 2172 3707 lae
2215 3649 2424 3704 habent
2457 3645 2740 3718 propriam
2797 3643 3240 3706 subsistentiam,
3274 3656 3508 3712 quarum
3551 3654 3688 3694 una-

2107 3755 2336 3813 quaeque
2362 3739 2541 3810 possit
2587 3753 2708 3793 esse
2745 3752 2845 3808 per
2873 3751 2953 3802 se,
2979 3744 3036 3790 et
3073 3733 3420 3790 considerari
3456 3732 3576 3789 sine
3603 3731 3686 3787 al-

2108 3843 2244 3898 tera,
2319 3829 2541 3902 quando
2595 3827 2863 3898 ejusmodi
2921 3825 3225 3896 composita
3281 3833 3339 3879 et
3394 3823 3690 3893 conjuncta

2107 3923 2316 3980 iuerint
2365 3920 2434 3976 ad
2481 3921 2716 3975 invicem
2763 3919 2819 3973 in
2854 3933 3020 3973 unam
3065 3915 3502 3981 subsistentiam,
3532 3913 3689 3968 verbi

2107 4013 2306 4084 gratia,
2344 4020 2400 4066 ut
2429 4011 2485 4066 in
2519 4011 2742 4066 homine
2771 4010 2954 4066 anima
2994 4018 3050 4067 et
3083 4023 3308 4080 corpus,
3345 4008 3428 4063 vel
3464 4008 3519 4062 in
3551 4021 3690 4061 con-

2107 4104 2374 4162 Struenda
2432 4102 2598 4157 ἀοιυο
2655 4101 2870 4172 lapides
2902 4142 2915 4166 ,
2959 4100 3104 4171 ligna
3158 4107 3216 4153 et
3272 4097 3518 4163 ferrum;
3574 4098 3694 4159 haee

2107 4197 2256 4253 enim
2296 4194 2511 4265 singula
2547 4209 2648 4264 per
2677 4208 2736 4249 se
2765 4192 3182 4249 subsistentiam
3221 4190 3448 4256 habent,
3478 4199 3536 4244 et
3563 4204 3692 4246 cum

2106 4289 2404 4359 conjuncta
2465 4295 2521 4340 et
2550 4284 2860 4355 composita
2901 4284 3048 4338 inter
3109 4297 3168 4338 se
3203 4283 3258 4336 in
3302 4296 3470 4336 unam
3504 4281 3691 4336 subsi-

2107 4378 2366 4434 stentiam
2420 4377 2648 4443 fuerint,
2677 4383 2810 4429 tunc
2827 4373 3032 4429 dicitur
3059 4372 3410 4444 compositio,
3439 4371 3525 4426 vel
3557 4385 3694 4426 ccn~

2103 4470 2319 4542 junctio
2339 4470 2574 4524 duarum
2601 4482 2808 4529 rerum,
2829 4465 2914 4520 vel
2937 4463 3184 4535 plurium
3209 4461 3686 4518 subsistentium.»

2111 4563 2179 4618 Et
2255 4562 2314 4617 in
2370 4570 2522 4616 tomo
2577 4558 2948 4613 communiter
3031 4569 3225 4611 omnes
3272 4553 3690 4609 decreverunt:

425 4658 850 4726 κηρυττόμενον,
901 4654 977 4715 ὼς
1028 4655 1130 4707 οὑκ
1183 4654 1300 4706 ἔστι
1361 4651 1614 4705 σύνθεσίν
1675 4669 1798 4706 τινα
1850 4653 1999 4724 παρὰ

2114 4671 2133 4706 ι
2178 4652 2309 4708 Post
2359 4651 2476 4706 haec
2520 4648 2873 4721 qutesivimus
2928 4662 2959 4702 a
3005 4645 3238 4710 sanctis,
3301 4653 3488 4698 utrum
3519 4641 3694 4713 possit

423 4749 582 4804 τοῦτο
611 4746 854 4816 νομίζειν
887 4746 977 4799 ἐπὶ
1008 4745 1102 4799 τοῦ
1136 4745 1297 4798 Θεοῦ.
1373 4764 1389 4797 ι
1429 4745 1538 4797 Καὶ
1579 4745 1636 4796 ἐν
1675 4747 1786 4807 τοῖς
1809 4745 2006 4798 ἀναθε-

427 4841 720 4910 ματισμοῐς
749 4839 795 4891 δ’
815 4837 1121 4908 ἐκφωνοῦσι
1143 4855 1157 4868 ·
1187 4855 1206 4888 ι
1235 4838 1358 4900 Τοῖς
1383 4835 1637 4906 φρονοῦσι
1669 4839 1761 4889 καὶ
1788 4836 2009 4904 λέγουσι

428 4933 682 4988 σύνθεσίν
715 4949 839 4985 τινα
869 4931 1004 4993 ὅλως
1033 4929 1120 4983 διὰ
1148 4929 1318 4982 ταῦτα
1352 4929 1603 4996 γίνεσθαι
1625 4930 1719 4982 ἐπὶ
1744 4929 1902 4994 Θεοῦ,
1932 4930 2008 4999 μὴ

429 5024 772 5093 πειθομένοις
822 5023 878 5074 δὲ
916 5025 981 5092 τῇ
1015 5021 1124 5073 τῶν
1152 5021 1329 5089 ἁγίων
1358 5020 1698 5093 διδασκαλίᾳ,
1739 5009 2008 5090 μῆδεμίαν

428 5119 682 5172 σύνθεσιν
718 5116 824 5168 ἀπὸ
857 5114 966 5167 τῶν
998 5111 1244 5184 φυσικῶν
1275 5116 1425 5184 sunt“)
1457 5113 1620 5182 φύσει
1655 5113 1901 5180 γίνεσθαι
1925 5113 2008 5166 6t-

428 5209 763 5273 δασκόντων,
819 5207 894 5270 ὡς
953 5208 1074 5260 κατ’
1130 5205 1284 5259 οὐδὲν
1334 5207 1553 5269 πάντως
1610 5207 1710 5277 τὴν
1740 5207 2006 5276 διαφορὰν

428 5300 638 5371 ταύτην
667 5298 1073 5370 λυμαινομένην
1099 5300 1165 5367 τῇ
1207 5299 1326 5368 θείᾳ
1359 5300 1643 5366 ἁπλότητι,
1676 5298 1942 5368 ἀνάθεμα.
1981 5319 2000 5352 ι

2116 4745 2390 4816 quispiam
2421 4742 2585 4796 ullam
2628 4739 3086 4810 compositionem
3128 4738 3183 4791 in
3214 4736 3325 4791 Deo
3348 4734 3696 4790 animadver-

2110 4848 2229 4894 tere
2279 4844 2508 4907 prOpter
2529 4832 2936 4894 diﬁcrentiam,
2985 4845 3108 4902 qua:
3149 4838 3234 4885 est
3277 4829 3421 4883 inter
3451 4827 3696 4882 divinam

2107 4929 2470 4989 substantiam
2531 4936 2587 4984 et
2653 4920 3053 4996 Operationem.
3114 4928 3410 4978 Ostensum
3457 4930 3541 4976 est
3591 4919 3698 4990 igi-

2109 5035 2218 5082 tur.
2253 5040 2284 5079 a
2347 5021 2587 5097 sanctis.
2616 5020 2872 5076 omnibus
2921 5017 3279 5088 prmdicatum
3314 5015 3506 5080 fuisse,
3550 5011 3699 5082 quod
3783 5055 3792 5066 ι

2108 5118 2317 5174 nullam
2368 5112 2830 5185 compositionem
2875 5118 3105 5180 propter
3139 5108 3190 5162 id
3249 5107 3303 5162 in
3341 5107 3454 5162 Deo
3506 5103 3702 5159 existi-

2110 5225 2262 5264 mare
2313 5209 2461 5264 licet.
2499 5225 2517 5258 ι
2549 5205 2618 5260 Ει
2651 5204 2702 5258 in
2741 5199 3218 5257 anathematistnis
3283 5197 3645 5267 pronuntiant
3679 5213 3694 5250 :

2121 5315 2140 5350 ι
2183 5299 2256 5353 lis
2301 5296 2394 5368 qui
2431 5295 2701 5359 sentiunt,
2747 5309 2810 5347 ac
2844 5293 3059 5358 dicunt,
3095 5289 3555 5360 compositionem
3603 5287 3702 5341 ali-

434 5413 601 5468 quam
630 5395 859 5451 omnino
885 5402 1113 5464 propter
1146 5394 1264 5448 hazc
1294 5395 1348 5448 in
1379 5395 1487 5448 Dco
1530 5393 1671 5453 fieri.
1702 5409 1881 5463 neque
1944 5393 2213 5465 doctrinae
2253 5399 2570 5449 sanctorum
2642 5390 3031 5459 acquiescunt,
3070 5387 3164 5457 qui
3227 5386 3424 5440 docent
3489 5383 3697 5439 nullam

428 5489 884 5559 compositionem
940 5487 1058 5541 lieri
1114 5502 1178 5541 ex
1235 5486 1581 5543 naturalibus
1656 5488 1710 5541 in
1776 5496 1993 5554 natura,

434 5583 800 5653 simplicitati,
842 5583 1160 5636 anathema.
1201 5601 1217 5634 ι

504 5679 628 5732 Ἔτι
672 5677 1094 5747 δογματίζουσιν
1125 5677 1206 5728 ὅτι
1245 5677 1388 5729 κατά
1417 5694 1540 5730 τινα
1568 5679 1770 5747 τρόπον
1801 5677 1861 5730 οὐ
1889 5677 2003 5730 διαε

430 5771 713 5838 κρίνονται
741 5769 987 5837 ἀλλήλων
1013 5771 1082 5821 τὰ
1110 5769 1236 5836 τρία
1279 5769 1377 5837 τῆς,
1426 5768 1679 5838 θεότητος
1715 5769 2005 5839 πρόσωπα,

433 5855 469 5937 ᾖ
491 5861 776 5934 πρόσωπα,
798 5860 932 5916 ἀλλὰ
954 5863 1045 5915 καὶ
1073 5859 1206 5932 πρὸς
1227 5861 1321 5924 τὰς
1341 5862 1596 5932 δυνάμεις
1619 5861 1709 5916 καὶ
1731 5862 2007 5932 ἐνεργείας

2076 5500 2201 5540 cum
2273 5483 2584 5539 ditIerentia
2635 5483 2752 5537 haec
2801 5481 2940 5536 nihil
2987 5488 3184 5535 noceat
3222 5477 3453 5541 omnino
3499 5474 3701 5530 divina:

2194 5675 2470 5728 Prmterea
2503 5672 2896 5743 dogmatizant,
2936 5671 3081 5742 quod
3117 5684 3226 5722 non
3271 5665 3694 5734 distinguuntur

2122 5767 2360 5838 quodam
2413 5765 2575 5819 modo
2634 5764 2777 5818 inter
2834 5781 2891 5818 se
2951 5773 3062 5818 tres
3114 5759 3344 5816 Deitatis
3399 5770 3699 5828 personat,

2120 5871 2392 5934 quatenus
2448 5873 2696 5929 personae
2748 5869 2898 5914 sunt.
2945 5859 3051 5914 Sed
3103 5867 3156 5915 ct
3202 5859 3265 5910 ad
3322 5851 3592 5924 potentias
3640 5857 3698 5904 et
