4036 6496
396 391 507 455 859
1670 392 2055 456 DEMETRII
2096 394 2412 457 CYDONII
3582 387 3689 455 860

401 499 758 571 operationes
798 502 1117 560 alternatim
1164 515 1224 560 se
1249 502 1459 560 habent
1510 515 1783 572 personas.
1812 506 1989 574 AtQue

2113 487 2326 573 εναλλὰξ
2340 508 2523 581 ἔχουσι
2546 524 2614 563 τα
2643 522 2932 579 προσωπα.
2954 504 3065 559 Καί
3088 519 3255 575 φησιν
3288 506 3322 559 ὁ
3357 502 3643 574 Παλαμᾶς
3656 503 3714 559 ἰν

398 592 598 649 asserit
669 593 918 651 Palamas
990 594 1045 649 in
1095 597 1383 659 oratione,
1437 610 1600 664 quam
1653 593 1876 665 scripsit
1922 592 1994 648 ad

2113 601 2245 673 itde
2267 602 2346 671 τῷ
2370 600 2507 674 πρὸς
2538 599 2748 655 Παῦλον
2768 599 2858 654 τὸν
2900 598 3092 664 Ἄσαν,
3119 614 3139 648 ι
3179 594 3389 651 Ἠνικα
3413 596 3713 666 διαιρεῖται

403 682 641 740 Paulum
691 686 884 741 Asan:
924 706 942 737 ι
984 685 1217 753 Quando
1267 685 1518 742 divinum
1557 701 1762 743 numen
1795 676 1996 741 dividi-

405 788 497 831 tur
529 778 835 833 secundum
888 778 1239 850 hypostases,
1282 778 1783 835 indivisibilitatem
1823 777 1995 835 habet

402 871 705 927 secundum
740 871 1124 941 operationes;
1151 871 1371 942 quando
1391 886 1523 927 vero
1546 869 1851 926 secundum
1882 885 1983 940 po-

405 966 608 1019 tentias
649 973 705 1018 et
750 963 1099 1034 operationes
1146 962 1435 1022 dividitur.
1505 961 1842 1019 indivisibile
1882 976 1999 1016 ma-

410 1065 507 1110 net
540 1054 846 1110 secundum
886 1056 1227 1125 liypostascs.
1266 1073 1285 1106 ι
1341 1053 1411 1109 Ει
1467 1054 1524 1108 in
1550 1052 1657 1108 alia
1697 1052 1951 1109 oratione
1976 1092 1992 1119 ,

409 1148 569 1216 cujus
635 1147 892 1202 initium:
934 1146 1123 1200 Merito
1164 1147 1330 1216 igitur
1373 1146 1547 1201 oratio
1593 1160 1612 1200 :
1651 1163 1670 1197 ι
1725 1144 1997 1212 Quoniam

407 1240 556 1294 enim
587 1238 890 1293 secundum
923 1238 1256 1309 hypostases
1306 1248 1362 1293 et
1393 1238 1752 1308 operationes
1782 1237 2001 1294 Numen

410 1330 658 1385 divinum
685 1330 1065 1401 distinguitur,
1092 1330 1398 1386 diversitas
1427 1328 1736 1385 secundum
1767 1328 1999 1385 alteram

411 1421 830 1477 distinctionem
863 1422 1134 1488 cernitur,
1159 1436 1283 1476 cum
1320 1421 1633 1477 alternatim
1665 1422 1733 1477 ad
1764 1421 2003 1481 invicem

412 1523 473 1563 se
521 1507 784 1563 habeant.
832 1508 969 1563 Nam
1004 1507 1319 1564 divinarum
1365 1508 1734 1580 hypostaseon
1778 1509 2004 1581 propria

414 1599 643 1653 nomina
678 1606 813 1653 sunt
852 1600 1176 1653 communia
1222 1598 1688 1670 operationibus,
1718 1614 1842 1670 qua
1871 1615 2005 1656 vero

410 1699 545 1745 sunt
574 1691 896 1746 communia
930 1691 1346 1763 hypostasibus,
1375 1690 1692 1748 divinarum
1726 1693 2006 1765 operatio-

408 1797 543 1837 num
574 1782 715 1836 [lunt
748 1784 997 1853 propria.
1036 1802 1055 1835 ι
1195 1780 1201 1785 ’

487 1874 758 1930 Praeterea
796 1874 1195 1945 dogmatizant,
1228 1892 1339 1934 nun
1383 1878 1640 1935 sullicere
1668 1881 1765 1936 uni
1796 1879 2001 1941 Deitati

412 1968 583 2022 trium
610 1983 971 2038 personarum
1005 1972 1332 2038 potentiam;
1363 1982 1420 2028 et
1455 1972 1835 2042 operationem
1878 1985 2002 2029 esse

412 2075 517 2131 per
569 2077 628 2116 se
659 2061 1040 2129 exsistentem,
1084 2074 1140 2119 et
1189 2079 1289 2134 per
1333 2080 1396 2120 se
1452 2065 1867 2128 subsistentem,
1904 2063 2000 2120 sed

417 2165 561 2252 Opus
593 2152 761 2208 etiam
795 2153 873 2208 illi
907 2170 1030 2211 esse
1073 2155 1234 2211 aliam
1277 2172 1499 2228 quoque
1539 2171 1650 2212 non
1698 2155 2005 2213 subsisten-

415 2246 551 2310 te'm,
583 2253 640 2300 et
684 2247 881 2301 asserit
926 2246 1177 2303 Palamas
1210 2249 1264 2303 in
1323 2264 1434 2303 uno
1481 2265 1549 2303 ex
1588 2248 1703 2304 suis
1730 2247 2002 2318 dialogis:

420 2355 441 2389 ι
482 2336 642 2392 Pater
673 2339 899 2408 quidem
953 2339 1123 2395 habet
1150 2339 1375 2404 Filium.
1420 2341 1775 2413 sapientiam,
1815 2349 1872 2396 et
1911 2355 2006 2411 po-

412 2429 667 2495 tentiam,
692 2440 862 2500 atque
886 2431 1053 2485 vitam
1077 2439 1137 2487 et
1166 2432 1553 2503 operationem
1583 2433 2002 2489 substantialem

410 2529 470 2576 et
495 2521 803 2577 naturalem
827 2540 843 2588 ;
874 2521 1050 2577 Filius
1077 2534 1263 2578 autem
1291 2524 1401 2578 erit
1431 2525 1548 2579 sine
1579 2527 1855 2595 polentia,
1881 2527 2003 2581 sine

413 2612 526 2667 vita
587 2620 644 2667 et
681 2613 801 2667 sine
831 2614 1192 2682 operatione;
1216 2614 1305 2670 vel
1339 2615 1506 2671 etiam
1545 2624 1659 2671 tota
1688 2617 2004 2708 substantia

414 2713 623 2761 salicta:
667 2702 984 2760 Trinitatis.
1054 2724 1073 2758 ι
1134 2705 1201 2761 Ει
1248 2706 1305 2760 in
1370 2716 1521 2762 tomo
1581 2702 1839 2780 synodice
1887 2709 2006 2766 haec

412 2797 707 2857 enuntiarit
736 2814 753 2853 :
787 2817 808 2850 ι
844 2799 921 2853 Ex
953 2798 1040 2856 bis
1072 2798 1243 2870 igitur
1273 2810 1462 2856 sancta
1488 2800 1750 2873 synodus,
1772 2800 2007 2857 Eviden-

419 2901 526 2958 ter,
561 2890 763 2961 inquit,
809 2899 1095 2947 ostensum
1126 2901 1232 2959 est,
1281 2893 1430 2962 quod
1492 2893 1587 2965 qui
1620 2892 1777 2959 dicit,
1824 2893 2004 2950 solum

415 2983 617 3041 Filium
647 2992 706 3038 et
758 2983 1031 3054 Spiritum
1063 2993 1317 3039 sanetum
1345 2985 1703 3055 operationes
1727 2983 2005 3042 increatas

413 3090 538 3132 esse
578 3075 696 3143 Dei,
747 3087 1008 3148 tanquam
1053 3077 1148 3147 qui
1205 3092 1316 3132 non
1372 3087 1597 3134 censeat
1650 3068 2002 3135 communem

2096 692 2161 748 τὸ
2193 694 2351 749 Θεῖον
2404 693 2549 747 κατὰ
2596 691 2696 756 τὰς
2728 690 3078 755 ὑποστάσεις,
3121 690 3182 747 τὸ
3233 689 3573 758 ἀδιαίρετον
3604 688 3714 755 ἔχει

2097 782 2239 837 κατὰ
2259 781 2359 845 τὰς
2379 781 2658 851 ἐνεργείας
2678 797 2695 815 ο
2721 782 2889 853 ἡνίκα
2910 781 2968 835 δὶ
3016 780 3160 835 κατὰ
3184 782 3286 844 τὰς
3315 778 3599 848 δυνάμεις
3620 777 3715 832 καὶ

2098 873 2383 946 ἐνεργείας
2427 874 2745 945 διαιρεῖται,
2803 873 2958 942 μένει
3016 874 3160 926 κατὰ
3213 872 3321 935 τὰς
3374 869 3717 932 ὑποστάσεις

2098 966 2429 1038 ἀδιαίρετον.
2468 986 2487 1020 ι
2535 966 2644 1021 Καὶ
2681 968 2739 1019 ἐν
2768 965 2963 1036 ἑτέρῳ,
3007 956 3068 1019 οὗ
3108 965 3142 1033 ἡ
3189 964 3371 1034 ἀρχὴ,
3430 962 3718 1031 Εὑλότως

2094 1059 2213 1129 μὲν
2238 1054 2353 1114 οὖν
2383 1061 2417 1113 ὁ
2437 1059 2620 1127 λόγος
2638 1074 2652 1090 ’
2690 1078 2709 1111 ι
2755 1057 2906 1117 Ἐπεὶ
2934 1057 3043 1128 γὰρ
3074 1056 3215 1117 κατὰ
3239 1056 3351 1120 τὰς
3381 1056 3720 1121 ὑποστάσεις

2101 1151 2198 1205 καὶ
2240 1151 2341 1215 τὰς
2385 1153 2669 1224 ἐνεργείας
2716 1151 3057 1222 διακρίνεται
3102 1150 3162 1203 τὸ
3211 1149 3407 1212 Θεῖον,
3457 1147 3721 1217 ἑτερότης

2108 1243 2231 1298 καθ’
2259 1243 2454 1316 ἑτέραν
2486 1242 2767 1314 διάκρισιν
2802 1244 2999 1315 δρᾶται
3027 1240 3256 1308 ἐναλλὰξ
3292 1241 3449 1311 πρὸς
3479 1239 3720 1309 ἀλλήλας

2103 1337 2363 1407 ἐχουσῶν.
2405 1336 2488 1391 Τὰ
2528 1334 2629 1406 μὲν
2671 1337 2779 1407 γὰρ
2824 1335 2931 1391 ίδια
2963 1335 3072 1390 τῶν
3130 1334 3304 1389 θείων
3351 1332 3720 1387 ὑποστάσεων

2104 1427 2347 1498 ὀνόματα
2385 1428 2544 1484 κοινά
2595 1430 2715 1483 ἐστι
2749 1429 2871 1494 ταῖς
2923 1427 3253 1499 ἐνεργείαις,
3311 1426 3391 1481 τὰ
3453 1425 3517 1479 δέ
3568 1427 3721 1479 κοινὰ

2105 1521 2226 1584 ταῖς
2276 1520 2665 1590 ὑποστάσεσιν,
2693 1520 2802 1577 ἴδια
2848 1520 2961 1577 τῶν
3016 1519 3177 1577 θείων
3231 1517 3561 1593 ἐνεργειῶν
3602 1517 3721 1572 ὀνό-

2112 1630 2279 1686 ματα.
2321 1632 2340 1666 ι

2185 1883 2310 1939 Ἔτι
2348 1881 2743 1953 δογματίζουσι
2770 1882 2845 1955 μὴ
2878 1880 3134 1952 ἐξαρκεῖν
3171 1884 3239 1954 τῇ
3276 1881 3719 1952 τρισυποστάτῳ

2112 1974 2334 2048 θεότητι
2390 1974 2782 2045 αὐθύπαρκτον
2834 1974 2926 2028 καὶ
2979 1973 3416 2029 αὑθυπόστατον
3487 1971 3720 2041 δύναμιν

2112 2066 2207 2121 καὶ
2231 2065 2514 2138 ἐνέργειαν
2566 2064 2742 2131 εἶναι,
2790 2063 2928 2122 ἀλλὰ
2976 2063 3338 2136 προσδεῖσθαι
3388 2063 3494 2119 καὶ
3533 2062 3720 2132 ἐτέρας

2110 2158 2508 2217 ἁνυποστάτον.
2572 2157 2685 2212 Καί
2745 2174 2911 2229 φησιν
2964 2158 2995 2211 δ
3038 2157 3311 2228 Παλαμᾶς
3364 2156 3430 2211 ἐν
3469 2173 3586 2212 τινι
3612 2155 3719 2209 τῶν

2111 2249 2376 2316 διαλόγων
2407 2248 2611 2304 αὐτοῦ·
2652 2268 2672 2302 ι
2718 2251 2778 2305 '0
2823 2249 2924 2318 μὲν
2974 2240 3166 2323 Πατὴρ
3221 2247 3349 2321 ἔχει
3391 2248 3600 2319 σοφίαν
3629 2245 3720 2301 καὶ

2110 2340 2343 2408 δύναμιν
2376 2342 2471 2395 καὶ
2504 2340 2651 2413 ζωὴν
2697 2339 2794 2395 καὶ
2835 2340 3119 2409 ἐνέργειαν
3164 2340 3258 2395 τὸν
3298 2339 3441 2395 Υίδν
3483 2337 3717 2407 οὐσιὼδη

2112 2437 2208 2490 καὶ
2248 2434 2522 2506 φυσικήνο
2554 2434 2583 2485 ό
2612 2433 2670 2486 δὲ
2708 2433 2839 2496 Υἱὸς
2873 2431 3135 2495 ἀδύνατος
3171 2430 3336 2486 ἔσται
3380 2434 3487 2489 καὶ
3520 2430 3715 2495 άξωος,

2112 2532 2207 2585 καὶ
2257 2530 2647 2600 ἁνενέργητος,
2704 2527 2736 2597 ἢ
2795 2528 2891 2582 καὶ
2927 2526 3026 2597 ὅλη
3084 2528 3120 2597 ὴ
3186 2526 3358 2582 οὐσία
3411 2528 3517 2597 τῆς
3555 2526 3715 2594 ἁγίας

2113 2621 2369 2693 Τριάδος.
2392 2638 2413 2673 ι
2445 2621 2555 2673 Καὶ
2576 2620 2634 2673 ἐν
2667 2618 2746 2690 τῷ
2776 2619 2930 2690 τόμῳ
2954 2617 3249 2684 συνοδικῶς
3269 2604 3682 2687 ἀποφαίνονται
3699 2633 3715 2651 ο

2118 2731 2139 2765 ι
2191 2711 2287 2767 Ἐκ
2321 2711 2386 2781 δὴ
2437 2711 2642 2765 τούτων
2695 2712 2729 2783 ἡ
2761 2710 2880 2765 θεία
2916 2710 3156 2779 σύνοδος,
3197 2710 3410 2780 Σαφῶς
3441 2709 3715 2766 ἀποδέδει-

2111 2823 2262 2872 κται,
2299 2806 2485 2876 φησὶν,
2537 2804 2615 2868 ὡς
2677 2806 2706 2861 ὁ
2755 2803 2931 2871 λέγων
2978 2804 3141 2875 μόνον
3184 2803 3281 2859 τὸν
3331 2805 3494 2871 Υίδν,
3532 2800 3714 2859 καὶτὸ

2113 2895 2342 2966 Πνεῦμα
2364 2894 2426 2948 τὸ
2452 2892 2609 2963 ἅγιον
2628 2895 2920 2958 ἀκτίστους
2944 2894 3227 2967 ἐνεργείας
3255 2892 3407 2949 εἶναι
3432 2893 3531 2949 τοῦ
3553 2891 3708 2954 Θεοῦ,

2113 2987 2189 3051 ὡς
2220 2986 2294 3057 μὴ
2323 2985 2510 3056 κοινὴν
2542 2985 2827 3056 ἐνέργειαν
2857 2985 3100 3051 δοξάζων
3127 2988 3381 3058 φυσικὴν
3409 2986 3528 3041 τῶν
3553 2982 3711 3055 τριῶν

2113 3079 2492 3144 ὑποστάσεων,
2526 3077 2626 3148 τὴν
2662 3076 2951 3149 Μαρκέλον
3001 3079 3096 3134 καὶ
3134 3078 3417 3135 Φωτεινοῦ
3480 3079 3580 3133 καὶ
3606 3076 3712 3130 Σω-

297 3163 305 3169 ’
417 3169 800 3239 operationem
848 3172 1163 3226 naturalem
1213 3171 1381 3224 trium
1434 3169 1826 3242 hypostaseon,
1866 3169 2007 3224 Mar-

2113 3172 2338 3246 φρονίου
2384 3173 2600 3244 αἰρεσιν
2641 3171 2811 3227 πάλαι
2838 3171 3170 3243 τεθνηκυῖαν
3202 3175 3304 3228 καὶ
3353 3170 3714 3242 καταργηθῆ⁴

418 3260 568 3328 celli,
616 3270 672 3317 et
713 3262 959 3326 Photini,
990 3275 1156 3334 atque
1201 3261 1499 3333 Seplironii
1565 3260 1821 3315 bmresim
1875 3260 2007 3319 olim

2117 3284 2217 3321 σαν
2245 3267 2324 3330 είς
2349 3266 2448 3337 τὴν
2500 3265 2831 3338 Ἐκκλησίαν
2874 3266 3054 3340 τολμᾷ
3087 3266 3463 3339 παρεισάγειν
3491 3262 3649 3321 Θεοῦ.
3683 3277 3702 3313 ι

417 3354 760 3411 demortuam
808 3363 865 3410 et
906 3354 1170 3410 abolitam
1225 3356 1279 3408 in
1333 3352 1636 3408 Ecclesiam
1677 3351 1773 3409 Dei
1844 3349 2012 3408 audet

418 3448 704 3504 inducere.
755 3467 774 3502 ι
823 3448 888 3502 Et
941 3449 1105 3518 paulo
1154 3456 1313 3518 post:
1361 3466 1379 3499 ι
1414 3447 1587 3502 Nobis
1635 3462 1768 3503 vero
1844 3447 2012 3500 modo

324 3538 327 3545 ’
424 3552 644 3597 nonest
676 3557 859 3596 sermo
899 3541 964 3595 de
1007 3541 1133 3605 hac,
1178 3540 1275 3595 sed
1326 3540 1396 3595 de
1437 3540 1744 3604 communi,
1783 3553 1905 3609 qua:
1929 3549 2013 3593 est

426 3633 595 3693 unius
630 3633 798 3687 trium
831 3647 1203 3703 personarum
1235 3632 1495 3695 Deitatis,
1537 3647 1661 3700 quae
1696 3628 2012 3702 bypostasis

427 3741 536 3779 non
593 3733 723 3789 est.
760 3725 856 3779 sed
905 3734 1129 3786 natura,
1183 3736 1238 3780 et
1276 3716 1798 3795 ,supern'aiuraliter
1852 3720 2014 3793 adest

422 3816 719 3886 unicuique
751 3814 1064 3870 divinarum
1096 3815 1485 3888 hypzstaseou.
1517 3833 1536 3867 ι

498 3909 775 3964 Praeterea
824 3907 1201 3979 dogmatizant
1240 3921 1340 3962 eos
1382 3906 1476 3976 qui
1517 3903 1663 3975 apud
1695 3904 1847 3975 ipsos
1880 3918 2012 3974 pur-

421 4009 638 4071 gantur,
677 4007 735 4054 et
775 3998 1045 4071 ejusmodi
1089 3998 1473 4069 Operationum
1530 3996 1748 4063 effecta,
1797 3996 2015 4051 increa-

424 4105 528 4156 tos.
575 4103 631 4149 et
683 4092 925 4147 increata
973 4090 1236 4147 evadere.
1291 4091 1472 4159 Atque
1512 4091 1589 4144 ait
1639 4089 1893 4145 Palamas
1956 4090 2011 4145 in

424 4185 659 4255 cpistola
687 4185 755 4238 ad
799 4184 1188 4256 Acindynum:
1223 4198 1242 4233 ι
1279 4181 1517 4237 Videsne
1571 4180 1715 4237 clare
1749 4179 1895 4251 quod
1930 4180 2016 4235 in-

422 4289 614 4335 .creata
670 4277 743 4332 sit
790 4276 1000 4347 gratia?
1058 4273 1180 4331 Non
1233 4282 1446 4329 tantum
1502 4284 1685 4329 autem
1739 4273 2013 4347 ejusmodi

421 4371 603 4440 gratia
638 4381 719 4424 est
754 4369 1019 4433 increata,
1056 4367 1152 4423 sed
1188 4377 1245 4422 et
1278 4365 1531 4436 enectum
1565 4365 1880 4440 liujusmodi
1915 4366 2012 4422 Dei

418 4461 766 4547 operationis
801 4461 1112 4519 increatum
1141 4471 1247 4515 est.
1273 4458 1574 4530 Propterea
1618 4460 1788 4531 igitur
1821 4469 1877 4515 et
1901 4472 2016 4513 ma-

2112 3358 2225 3415 Καὶ
2253 3359 2373 3432 μετ’
2404 3357 2595 3427 ὀλίγα·
2638 3376 2658 3410 ι
2712 3356 2876 3427 Ἦμῖν
2907 3357 2965 3415 δὲ
3004 3356 3210 3428 ἀρτίως
3236 3358 3266 3411 δ
3287 3358 3461 3428 λόγος
3489 3355 3553 3410 οὐ
3586 3352 3708 3423 περὶ

2112 3451 2337 3523 ταύτης,
2377 3449 2514 3506 ἀλλὰ
2564 3450 2827 3522 περὶτῆς
2880 3450 3070 3521 κοινῆς
3115 3450 3216 3522 τῆς
3262 3446 3705 3521 τρισυποστάτου

2113 3538 2404 3609 Θεότητος,
2437 3538 2559 3610 ἥτις
2587 3538 2688 3609 οὐχ
2718 3537 3018 3604 ὑπόστασις
3039 3539 3209 3607 ἐστιν,
3242 3538 3391 3594 ἀλλὰ
3418 3537 3583 3607 φύσει
3620 3533 3706 3587 καὶ

2116 3629 2412 3701 ὑπερφυῶς
2451 3630 2745 3701 πρόσεστιν
2784 3631 2990 3704 ἑκάστῃ
3038 3632 3149 3687 τῶν
3200 3612 3525 3704 θεαρχὶκῶν
3577 3630 3703 3682 ὐπο-

2117 3723 2388 3778 στάσεων.
2437 3741 2457 3777 ι

2192 3906 2314 3961 Ἔτι
2351 3904 2742 3975 δογματίζουσι
2783 3907 2912 3970 τοὺς
2951 3904 3084 3975 παρ’
3119 3906 3305 3966 αὐτοϊς
3358 3898 3703 3971 κεκαθαρμέ-

2114 4015 2241 4064 νους
2281 3996 2377 4053 καὶ
2406 3996 2476 4052 τὰ
2504 3996 2613 4051 τῶν
2651 3996 2913 4052 τοιούτων
2952 3996 3250 4067 ἐνεργειῶν
3280 3993 3699 4060 ἀποτελέσματα

2114 4089 2405 4155 ἁκτίστους
2455 4090 2551 4144 καὶ
2600 4090 2837 4144 ἄκτιστα
2889 4087 3294 4144 ἀποτελεῖσθαι.
3338 4089 3452 4142 Καί
3488 4077 3698 4155 φησινό

2116 4182 2386 4252 Παλαμᾶς
2446 4184 2506 4236 ἐν
2553 4184 2621 4254 τῇ
2688 4180 2827 4253 πρὸς
2888 4181 2980 4235 τὸν
3041 4180 3354 4247 Ἀκίνδυνον
3412 4171 3694 4240 ἐπιστολῇ⁶

2121 4293 2142 4329 ι
2192 4275 2359 4346 Ὁρᾷς
2408 4272 2621 4344 σαφῶς,
2681 4274 2767 4327 ὄτι
2817 4272 3076 4336 άκτιστος
3112 4272 3145 4342 ἠ
3186 4271 3372 4342 χάρις.
3428 4267 3505 4322 οὐ
3534 4263 3696 4334 μόνον

2115 4363 2239 4434 δέή
2278 4362 2508 4431 τοιαύτη
2557 4361 2720 4434 χάρις
2771 4360 3031 4426 ἄκτιστός
3094 4362 3266 4424 ἐστιν,
3310 4359 3451 4416 ἀλλὰ
3501 4354 3592 4409 καὶ
3640 4348 3695 4402 τὸ

2117 4455 2470 4526 ἀποτέλεσμα
2514 4457 2615 4525 τῆς
2640 4452 2735 4507 τοῦ
2769 4454 2905 4508 Θεοῦ
2945 4452 3201 4524 τοιαύτης
3244 4448 3528 4525 ἐνεργείας
3554 4446 3697 4501 ἄκτι-

420 4567 567 4623 gnus
593 4541 800 4607 Paulus
830 4565 958 4606 cum
987 4566 1096 4605 non
1125 4549 1364 4621 amplius
1410 4549 1621 4607 viveret
1652 4550 2007 4621 temporalem

2120 4548 2246 4603 στόν
2268 4550 2406 4604 ἐστι.
2443 4546 2609 4602 Ταῦτ’
2651 4547 2759 4618 ἄρα
2792 4547 2888 4601 καὶ
2919 4548 2947 4600 ό
2987 4547 3164 4617 μέγας
3191 4544 3407 4608 Παῦλος
3447 4541 3545 4611 τὴν
3567 4550 3690 4608 χρο-

424 4643 572 4707 hane
610 4644 800 4706 vitam,
831 4643 924 4699 sed
959 4658 1081 4698 eam
1111 4658 1233 4713 quae
1267 4652 1387 4699 erat
1424 4642 1790 4699 inhabitantis
1821 4640 2013 4709 Verbi,

426 4734 673 4789 divinam
707 4745 765 4790 et
820 4744 1106 4801 aeternam,
1138 4734 1258 4791 sine
1314 4734 1589 4805 principio
1616 4733 1794 4789 factus
1821 4742 1929 4798 est,
1958 4741 2016 4789 et

432 4827 551 4881 sine
579 4826 688 4882 line
721 4843 820 4898 per
851 4828 1104 4898 gratiam.
1156 4846 1175 4879 ›
1219 4828 1285 4882 Et
1312 4827 1475 4897 paulo
1504 4835 1669 4896 post:
1721 4845 1737 4877 ι
1784 4824 2016 4893 Creatus

426 4918 599 4989 igitur
645 4929 764 4973 erat
816 4920 1020 4981 Paulus
1063 4920 1307 4989 quamdiu
1356 4912 1597 4973 vivebat’
1629 4916 1820 4980 vitam,
1857 4917 2016 4988 jussu

436 5007 637 5071 Dei'ex
665 5028 773 5067 non
800 5013 1024 5070 entibus
1058 5014 1285 5078 factam,
1315 5012 1539 5083 quando
1570 5025 1705 5067 vero
1745 5025 1855 5064 non
1902 5024 2019 5064 am-

429 5104 578 5179 plius
604 5105 748 5159 hanc
776 5105 1017 5172 vivebat,
1052 5105 1150 5161 sed
1175 5121 1295 5160 eam
1321 5119 1445 5175 qua:
1476 5102 1880 5159 inhabitatione
1915 5100 2015 5158 Dei

428 5198 688 5264 accessit,
734 5198 1016 5255 increatus
1053 5214 1154 5270 per
1182 5199 1415 5268 gratiam
1474 5196 1677 5257 evasit.
1720 5204 1778 5250 et
1812 5196 2015 5262 omnis,

430 5292 528 5360 qui
568 5291 807 5349 Verbum
838 5289 932 5346 Dei
969 5290 1157 5346 eilicax
1186 5298 1243 5344 et
1276 5290 1459 5344 vivum
1493 5288 1725 5359 adeptus
1753 5297 1859 5344 est.
1900 5307 1919 5342 ι
1948 5289 2019 5345 Et

324 5378 371 5388 ’”
431 5372 628 5438 rursus
655 5383 708 5437 in
738 5382 932 5438 eadem
950 5364 1184 5457 epistola
1219 5400 1235 5437 ι
1274 5401 1292 5433 ι
1340 5380 1633 5447 Quomodo
1660 5381 1828 5453 igitur
1861 5381 2017 5454 quis-

432 5473 580 5549 piam
623 5475 982 5540 concesserit,
1008 5473 1262 5545 quamvis
1293 5473 1606 5528 divinarum
1653 5490 2015 5546 personarum

435 5566 645 5624 bullam
692 5568 963 5621 rationem
999 5564 1283 5629 habuerit,
1316 5581 1488 5620 unum
1520 5581 1644 5621 esse
1685 5567 2013 5632 increatum,

436 5657 543 5716 nisi
568 5644 1080 5727 natura'adjecerit,
1108 5674 1231 5714 cum
1262 5660 1486 5731 quidam
1519 5659 1631 5714 sint
1654 5675 1752 5729 per
1783 5660 2014 5731 gratiam

437 5746 665 5804 increatl
695 5758 863 5818 atque
906 5749 1006 5819 dii,
1030 5762 1085 5809 et
1117 5753 1538 5824 reapondentem
1565 5753 1671 5809 sibi
1700 5753 2013 5809 necessario

441 5837 703 5900 deitatem
741 5841 1022 5900 habeant?
1059 5865 1079 5901 ι
1129 5847 1193 5903 Et
1230 5862 1477 5903 rursus:
1529 5865 1548 5901 ‹
1600 5845 1706 5903 Sed
1746 5844 1894 5902 enim
1931 5843 2016 5900 in-

2117 4639 2274 4709 νικὴν
2303 4637 2500 4709 μηκέτι
2537 4638 2646 4702 ζῶν
2675 4628 2851 4708 ζωὴν,
2882 4637 3022 4692 ἀλλὰ
3053 4638 3153 4708 τὴν
3191 4635 3283 4691 τοῦ
3317 4634 3687 4701 ἐνοικήσαντος

2116 4732 2294 4803 Λόγου
2331 4731 2483 4785 Οείαν
2513 4732 2610 4785 καὶ
2648 4730 2838 4796 ἀΐδιον,
2869 4732 3105 4801 ἄναρχος
3135 4730 3330 4800 γέγονε
3358 4725 3454 4781 καὶ
3482 4714 3687 4776 arem-

2115 4841 2280 4894 τητος
2314 4823 2521 4895 χάριτι.
2566 4842 2584 4875 ι
2620 4824 2730 4878 Καὶ
2763 4822 2881 4892 μετ’
2906 4822 3085 4886 ὀλίγα,
3122 4840 3143 4874 ι
3172 4820 3407 4885 Κτιστὸς
3439 4814 3531 4869 οὖν

2118 4893 2330 4981 Παῦλος
2366 4893 2561 4988 μέχρις
2610 4917 2677 4969 ἂν
2727 4914 2821 4986 ἔζη
2880 4916 2982 4986 τὴν
3036 4912 3420 4985 προστάγματι
3455 4902 3586 4961 Θεοῦ
3630 4893 3683 4958 ἐξ

2118 5009 2219 5061 οὐκ
2258 5009 2428 5062 ὄντων
2463 5009 2747 5077 γεγονυῖαν
2783 5006 2950 5078 ζωήν.
2996 5006 3126 5059 Ὅτε
3167 5004 3224 5058 δέ
3260 5001 3460 5075 μηκέτι
3490 4994 3681 5055 ταύτην

2118 5098 2239 5168 ἔζη.
2273 5099 2410 5153 ἀλλὰ
2451 5099 2549 5169 τὴν
2597 5101 2865 5171 ἐνοικήσει
2911 5096 3004 5151 τοῦ
3038 5096 3174 5150 Θεοῦ
3226 5086 3672 5171 προσγενομένηνρ

2117 5191 2373 5254 ἄκτιστος
2402 5192 2596 5261 γέγονε
2632 5193 2715 5262 .τῇ
2754 5192 2940 5261 χάριτι
2962 5204 2978 5220 '
3035 5190 3133 5243 καὶ
3174 5189 3283 5253 πᾶς
3318 5190 3345 5241 ὁ
3384 5184 3558 5249 ζῶντα
3591 5170 3676 5227 καὶ

2118 5280 2445 5352 ἐνεργοῦντα
2471 5281 2636 5351 μόνον
2660 5280 2753 5334 τὸν
2790 5279 2885 5333 τοῦ
2918 5280 3056 5334 Θεοῦ
3078 5279 3255 5348 Λόγον
3300 5274 3669 5352 κτησάμενοςῗ³

2118 5350 2231 5429 Καί.
2261 5373 2422 5427 πάλιν
2452 5350 2510 5427 ἐν
2545 5376 2611 5442 τῇ
2648 5372 2783 5443 αὐτῇ
2805 5390 2823 5410 ι
2852 5389 2870 5423 ι
2915 5371 3044 5436 Πῶς
3069 5366 3163 5425 οὖν
3198 5370 3264 5425 ἄν
3291 5386 3372 5432 τις
3403 5350 3669 5431 συγχωρή-

2121 5480 2258 5530 σειε,
2290 5464 2394 5518 κᾶν
2424 5463 2533 5517 τῶν
2575 5463 2738 5518 θείων
2791 5462 3088 5535 ἐνεργειῶν
3137 5463 3341 5534 μηδένα
3396 5453 3670 5520 ποιήσηται

2117 5557 2300 5625 λόγον,
2330 5555 2389 5609 ἓν
2426 5556 2489 5609 τὸ
2510 5543 2770 5610 ἄκτιστον
2808 5556 3098 5626 ὑπάρχειν,
3134 5554 3212 5624 μὴ
3248 5557 3314 5626 τῇ
3338 5549 3488 5621 φύσει
3519 5547 3668 5637 ξτίιξσ⁴

2118 5652 2390 5723 κείμενον,
2437 5652 2585 5704 ἐστιν
2609 5644 2685 5704 ὧν
2710 5649 2895 5721 χάριτι
2917 5650 3190 5703 ἁκτίστων
3213 5647 3378 5702 ὄντων
3413 5640 3502 5694 καὶ
3523 5632 3664 5723 Qui)".

2120 5717 2226 5802 καὶ⁷
2247 5732 2588 5816 κατάλληλδν
2627 5717 2842 5809 ézvsolc
2888 5743 2950 5810 ἒξ
2996 5742 3243 5813 ἀνάγκης
3282 5738 3500 5830 θεότηῗα

2118 5858 2257 5910 τωνς
2306 5858 2325 5893 ι
2372 5840 2482 5895 Kal
2513 5838 2694 5907 πάλιν,
2735 5856 2755 5891 ι
2795 5836 2961 5893 Ἀλλὰ
3001 5836 3108 5906 γὰρ
3138 5836 3379 5891 ἄκτιστοι
3406 5824 3499 5900 μὲν
3528 5820 3659 5872 οὗτοι
