4036 6496
434 423 544 486 803
1717 403 2099 472 DEMETRII
2133 405 2445 472 croomr
3443 452 3453 464 .
3617 412 3716 477 se;

443 547 572 592 astte
603 535 800 590 smeula
821 575 835 600 ,
869 533 1180 589 contineret
1235 546 1398 588 aures
1423 572 1439 598 ,
1479 531 1800 586 existimans
1831 543 1890 582 se
1925 542 2024 580 au-

2135 521 2200 578 ἂν
2228 527 2298 582 τὰ
2325 523 2441 584 ὦτα
2470 528 2644 584 δοκῶν
2676 529 3144 603 ἀπηγορευμένων
3185 531 3425 585 ἀκούειν
3459 532 3526 602 τῇ
3564 533 3715 586 εὐσε-

439 629 559 681 dire
591 625 779 695 pietati
838 640 998 678 voces
1044 623 1365 678 interdictas
1396 663 1411 688 ,
1471 633 1527 678 et
1560 624 1680 693 ejus
1712 623 1863 677 vocis
1890 640 2021 678 con-

443 719 666 784 trarias,
693 733 816 788 quae
851 717 995 788 apud
1015 719 1137 787 pios
1176 717 1502 772 inconfcsso
1541 726 1645 782 est,
1694 736 1712 769 ι
1755 717 2021 775 Dominus

446 811 616 873 Deus,
657 810 921 866 Dominus
965 827 1111 866 unus
1140 818 1245 874 est,
1292 828 1311 860 ι
1349 809 1420 864 ita
1466 809 1632 864 etiam
1678 825 1824 865 nunc
1879 811 2020 865 forte

445 901 591 955 idem
618 903 892 967 eveniret,
931 902 975 956 si
1027 903 1151 970 quis
1178 917 1288 956 non
1333 910 1493 958 caute
1541 901 1730 957 audiat
1762 903 2021 975 mysteria

449 992 712 1063 Spiritus,
749 1009 875 1064 quae
899 995 1032 1049 solis
1062 1003 1192 1050 sunt
1213 1006 1341 1049 nota
1363 994 1432 1050 iis
1453 995 1546 1065 qui
1571 994 1776 1050 virtute
1805 995 2020 1064 purgati

446 1095 596 1140 sunt.
651 1104 669 1136 ι
704 1084 770 1139 Ει
811 1101 1001 1141 rursus
1024 1127 1039 1152 ,
1075 1086 1540 1156 quemadmodum
1603 1085 2022 1156 praedictionum

445 1179 664 1234 illarum
697 1182 878 1236 exitus
905 1183 1203 1236 declaravit
1236 1197 1358 1252 qua:
1385 1192 1516 1237 tunc
1546 1191 1707 1236 erant
1738 1183 2021 1254 mysteria,

445 1273 758 1328 consentire
799 1290 924 1328 cum
969 1275 1038 1330 iis
1069 1291 1191 1345 qua:
1215 1283 1408 1344 postea
1443 1276 1716 1344 patefacta
1768 1289 1919 1343 sunt,
1967 1287 2025 1332 et

443 1382 593 1420 nunc
635 1367 918 1422 credimus
962 1368 1018 1422 in
1071 1368 1328 1435 Patrem,
1379 1369 1579 1424 Filium
1641 1381 1698 1426 et
1756 1371 2022 1441 Spiritum

445 1465 692 1509 sanctum
725 1461 750 1520 ,'
808 1457 1076 1512 Deitatem
1130 1460 1298 1514 trium
1367 1475 1768 1530 personarum,
1825 1472 2024 1518 natura

448 1561 631 1610 unam,
675 1547 754 1601 sic
799 1548 966 1603 etiam
1011 1549 1065 1602 in
1112 1549 1296 1605 l‘uturo
1321 1553 1523 1607 smculo
1561 1554 1782 1622 quando
1815 1555 2028 1609 revela-

445 1639 595 1691 bitur
623 1639 739 1694 suis
767 1641 1112 1710 temporibus
1138 1644 1445 1699 secundum
1475 1645 1810 1701 ineil‘abilem
1849 1647 2023 1702 mani-

2125 623 2249 695 δείᾳ
2282 624 2497 692 φωνῶν,
2533 625 2624 679 καὶ
2649 624 2751 692 τῆς
2790 624 3294 695 ἁνωμολογημένης
3323 625 3446 686 τοῖς
3470 624 3713 679 εὐσεϐέσι

2125 717 2312 785 φωνῆς
2343 717 2624 779 ἐναντίων,
2650 717 2894 786 δηλονότι
2922 716 3024 787 τῆς
3059 716 3355 787 λεγούσης,
3403 735 3423 768 ι
3459 715 3714 786 Κύριοςὸ

2125 811 2279 876 Θεὸς,
2321 809 2529 880 Κύριος
2560 806 2638 873 εἷς
2670 794 2821 863 ἔστιν
2849 825 2863 840 ο
2901 829 2920 861 ι
2973 808 3118 862 οὕτω
3167 809 3258 861 καὶ
3313 807 3416 862 νῦν
3453 809 3598 877 τάχα
3654 808 3715 861 ἂν

2125 904 2292 958 πάθοι
2332 921 2448 970 τις,
2512 903 2587 974 μὴ
2626 903 2747 972 μετ’
2780 901 3066 966 εὐλαϐείας
3114 900 3341 956 ἀκούων
3389 901 3503 955 τῶν
3537 901 3717 970 μόνοις

2125 997 2487 1066 ἐγνωσμένων
2516 998 2633 1058 τοῖς
2675 995 2744 1049 δι’
2791 995 2994 1066 ἀρετὴν
3025 993 3489 1065 κεκαθαρμένοις
3521 1011 3715 1063 μυστηο

2129 1090 2262 1161 ρίων
2321 1087 2417 1142 τοῦ
2476 1088 2797 1158 Πνεύματος
2831 1104 2844 1119 ⁸
2905 1087 3024 1141 ἀλλ’
3068 1086 3261 1157 ῶσπερ
3315 1085 3483 1151 αὖθις
3533 1087 3568 1157 ή
3612 1086 3715 1139 τῶν

2126 1183 2494 1256 προρρήσεων
2529 1181 2756 1236 ἐκείνων
2797 1181 3023 1244 ἔκϐασις
3073 1179 3350 1250 σύμφωνα
3392 1179 3510 1241 τοῖς
3555 1194 3714 1246 φανε-

2130 1282 2242 1350 ροῖς
2291 1277 2536 1344 ἀνέδειξε
2571 1279 2641 1331 τὰ
2695 1275 2821 1330 τότε
2879 1275 3182 1345 μυστήρια,
3234 1275 3338 1328 καὶ
3388 1273 3718 1342 πιστεύομεν

2125 1372 2221 1427 νῦν
2250 1375 2331 1436 είς
2363 1373 2588 1442 Πατέρα
2620 1371 2716 1426 καὶ
2755 1372 2886 1426 Υίὺν
2915 1371 3010 1424 καὶ
3034 1369 3192 1438 ἅγιον
3221 1367 3463 1436 Πνεῦμα
3493 1367 3716 1436 ϐεότητα

2124 1469 2586 1539 τρισυπόστατον,
2611 1467 2771 1538 φρσει
2805 1466 2965 1536 μίαν·
2995 1465 3138 1520 οὕτω
3163 1464 3266 1518 καὶ
3296 1463 3401 1518 τοῦ
3431 1463 3717 1534 μέλλοντος
3736 1448 3761 1468 ”

2127 1564 2323 1626 αἰῶνος
2356 1564 2414 1618 ὲν
2448 1563 2666 1633 καιροῖς
2715 1559 2870 1623 ίδίοις
2913 1556 3408 1626 ἀπσκαλυφθὲντος
3448 1556 3597 1610 κατὰ.
3625 1553 3715 1625 τὴν

2126 1656 2338 1726 ἄφατον
2377 1653 2649 1722 ἐκφανσιν
2675 1651 2771 1705 τοῦ
2813 1653 2872 1705 ὲν
2898 1651 3048 1720 τρισὶ
3075 1649 3321 1712 τελείαις
3353 1647 3716 1701 ὕποστάσεσιν

443 1728 798 1785 testationem
852 1731 972 1796 Dei,
1006 1735 1100 1804 qui
1131 1745 1218 1791 est
1267 1751 1410 1792 unus
1448 1737 1504 1792 in
1558 1739 1734 1794 tribus
1764 1739 2024 1808 perfectis

2135 1749 2246 1813 ἑνὸς
2271 1747 2433 1815 Θεοῦ,
2463 1747 2734 1817 σύμφωνα
2784 1747 2954 1797 πᾶσιν
2999 1742 3428 1811 ἀναφανήσεται
3465 1741 3585 1804 τοῖς
3617 1758 3714 1808 φα-

446 1825 856 1895 hypostasibus,
887 1828 1150 1884 omnibus
1180 1829 1456 1886 constabit
1489 1831 1766 1902 mysteria,
1799 1848 1924 1887 cum
1960 1832 2024 1887 iis

2135 1845 2307 1914 νεροῖς
2351 1840 2421 1895 τὰ
2453 1840 2750 1910 μυστήρια.
2791 1837 2883 1890 Δεῖ
2934 1837 3118 1907 μέντοι
3164 1834 3402 1888 κακεῖνο
3472 1833 3716 1894 σκοπεῖν,

443 1931 568 1986 quae
600 1929 730 1973 sunt
757 1920 1154 1987 manifestata,
1206 1932 1573 1978 consentanea
1612 1941 1754 1980 esse.
1794 1925 2024 1997 Oportet

2139 1935 2213 1998 ὡς
2243 1935 2291 1987 εί
2321 1934 2415 1986 καὶ
2442 1933 2554 1994 τοῖς
2594 1930 2796 2000 πέρασι
2841 1927 2939 1997 τῆς
2977 1926 3083 1995 γῆς
3114 1923 3357 1996 ὕστερον
3394 1923 3635 1994 ἐξεφάνη
3662 1923 3716 1973 τὸ

444 2016 629 2089 autem
667 2017 722 2063 et
764 2009 900 2064 illud
931 2012 1324 2079 considerare,
1369 2002 1514 2084 quod
1547 2017 1800 2086 quamvis
1831 2029 2020 2089 postea

445 2087 501 2152 in
533 2098 738 2155 ﬁnibus
767 2101 920 2157 orbis
951 2111 1108 2158 terrae
1139 2105 1407 2173 constitit,
1444 2116 1554 2162 tres
1593 2107 1646 2162 in
1675 2087 1887 2164 Deitate
1926 2111 2025 2182 hy-

444 2199 714 2262 postases,
749 2182 1098 2266 nequaquam
1131 2198 1398 2255 rationem
1446 2201 1777 2257 monarcbize
1810 2201 2023 2258 labefa-

443 2294 616 2352 ctare,
644 2287 740 2341 sed
766 2287 873 2344 illis
896 2290 1118 2358 quidem
1151 2293 1438 2362 prophetis
1459 2293 1625 2350 etiam
1657 2304 1784 2350 ante
1809 2297 2020 2352 exitum

444 2393 637 2434 verum
668 2391 859 2435 notum
903 2380 1095 2451 fuisse,
1122 2384 1430 2457 iisdemque
1458 2403 1783 2458 persuasum
1810 2430 1825 2454 ,
1865 2405 2020 2445 com-

446 2471 690 2523 muniter
742 2482 924 2526 tamen
981 2488 1092 2528 non
1125 2485 1470 2544 acceptatum
1505 2478 1695 2534 fuisse.
1730 2475 1805 2534 lta
1855 2481 2022 2535 etiam

446 2577 597 2615 nunc
623 2577 733 2616 non
765 2563 1082 2633 ignoramus
1117 2577 1232 2621 tum
1260 2583 1450 2623 eorum
1479 2584 1597 2639 quae
1621 2571 1797 2640 palam
1827 2572 2025 2642 praedi-

447 2653 918 2717 cantur,rationes
950 2655 1336 2724 confessionis,
1360 2669 1472 2712 tum
1498 2661 1664 2714 etiam
1686 2677 1876 2716 eorum
1901 2681 2025 2735 quae

446 2758 592 2797 nunc
624 2745 845 2816 mystice
881 2746 936 2801 in
971 2747 1180 2817 Spiritu
1221 2749 1401 2820 dignis
1427 2765 1940 2821 praemonstrantur.

522 2834 648 2891 ll:ec
687 2852 756 2892 ex
801 2839 992 2893 multis
1043 2848 1209 2909 atque
1244 2842 1547 2901 innumeris
1579 2847 1811 2903 Palamae
1837 2850 2024 2920 prola-

448 2927 534 2983 nis
567 2929 916 2999 dogmatibus
947 2931 1149 2987 seleeta
1181 2933 1272 2989 hic
1299 2939 1675 3006 exposuimus,
1713 2941 2022 2999 multitudi-

447 3033 578 3072 nem
639 3021 923 3076 molestam
959 3039 1080 3078 esse
1121 3026 1412 3095 arbitrati,
1456 3043 1862 3107 proptereaque
1903 3055 2024 3094 eam

450 3112 687 3168 aversati
726 3129 942 3170 sumus.
1001 3115 1139 3172 PUto
1179 3130 1362 3176 autem
1399 3125 1532 3180 satis
1574 3142 1696 3183 esse
1725 3131 1795 3184 ad
1841 3134 2027 3202 expri-

2135 2025 2566 2099 τρισυπόστατον
2589 2023 2686 2092 τῆς
2707 2020 2973 2090 Θεότητος
2995 2019 3072 2089 τῷ
3107 2017 3255 2089 λόγῳ
3287 2018 3393 2087 τῆς
3429 2016 3717 2086 μοναρχίας

2140 2119 2408 2192 μηδαμῶς
2436 2117 2860 2188 λυμαινόμενον,
2907 2111 3048 2168 ἀλλὰ
3093 2113 3209 2175 τοῖς
3256 2111 3364 2182 μὲν
3413 2110 3716 2180 προφήταις

2138 2209 2370 2273 ἐκείνοις
2426 2209 2522 2261 καὶ
2562 2208 2669 2276 πρὸ
2724 2205 2826 2273 τῆς
2879 2203 3164 2266 ἐκϐάσεως
3211 2201 3328 2256 τῶν
3380 2199 3718 2270 πραγμάτων

2141 2300 2384 2370 ἁκριὸῶς
2414 2297 2763 2366 ἐγινώσκετο,
2803 2297 2918 2358 τοῖς
2959 2293 2988 2346 δ
3051 2292 3238 2356 αὐτοῖς
3267 2291 3583 2362 τηνικαῦτα
3607 2305 3717 2342 πει-

2141 2393 2392 2462 θομένοις
2426 2389 2810 2460 ἀπαράδεκτον
2847 2382 2949 2458 ἦν·
2976 2385 3070 2438 τὸν
3100 2386 3214 2438 ἴσον
3249 2383 3368 2454 ἄρα
3408 2386 3613 2452 τρόπον
3634 2379 3716 2432 οὐ-

2141 2485 2197 2539 δὲ
2242 2484 2340 2537 νῦν
2382 2483 2511 2545 τοὺς
2549 2481 2745 2549 λόγους
2787 2477 2887 2548 τῆς
2926 2475 3225 2547 ὁμολογίας
3269 2472 3586 2543 ἀγνοοῦμεν
3618 2469 3716 2522 τῶν

2140 2595 2201 2631 τε
2243 2574 2529 2647 παρρησίᾳ
2566 2570 3012 2644 κηρυττομένων,
3041 2568 3136 2623 καὶ
3170 2567 3286 2621 τῶν
3318 2566 3420 2620 νῦν
3449 2562 3716 2636 μυστικῶς

2141 2674 2202 2726 ὲν
2242 2669 2661 2739 Πνεύματιτοῖς
2700 2665 2874 2732 ἀξίοις
2915 2661 3409 2736 προφαινομένων.

2211 2851 2399 2906 Ταῦτα
2470 2852 2534 2904 ὲκ
2590 2835 2805 2903 πολλῶν
2858 2845 2953 2899 καὶ
3002 2841 3404 2914 ἀναριθμήτων
3463 2837 3572 2892 τῶν
3628 2833 3711 2887 τοῦ

2144 2947 2383 3016 [ιαλαμᾶ
2410 2942 2656 3014 βεὸήλων
2680 2939 2970 3009 δογμάτων
2995 2933 3295 3002 ἑκλεγέντα
3329 2929 3572 2985 ἐνταῦθα
3591 2927 3711 2996 ἡμῖν

2144 3038 2499 3110 ἐξετέθησαν,
2540 3034 2600 3088 τὸ
2631 3031 2838 3102 πλῆθος
2867 3027 3128 3100 φορτικὸν
3155 3022 3301 3078 εἶναι
3329 3020 3708 3094 ήγησαμένοις.

2145 3131 2313 3203 Οἶμαι
2352 3131 2396 3184 δ’
2419 3127 2580 3183 ἱκανὰ
2615 3123 2884 3192 εἶναιτὴν
2913 3119 3092 3174 αὐτῶν
3121 3115 3488 3186 παραστῆσαι
3522 3113 3709 3203 πίστιν,

451 3204 709 3259 mendam
747 3220 940 3260 eorum
985 3207 1147 3264 ﬁdem
1177 3251 1191 3276 ,
1222 3228 1342 3281 qua:
1374 3217 1599 3270 omnino
1638 3230 1791 3275 extra
1829 3197 2024 3292 limites

2137 3197 2242 3289 ἔξω
2287 3219 2568 3283 παντελῶς
2617 3216 2728 3270 τῶν
2778 3215 2920 3284 ὅρων
2955 3210 3120 3265 οὖσαν
3139 3209 3240 3278 τῆς
3277 3209 3339 3261 ὲν
3373 3207 3441 3276 τῇ
3471 3201 3600 3272 ἁγίᾳ
3629 3197 3710 3251 καὶ

450 3307 537 3353 est
584 3300 704 3370 ejus
749 3298 912 3365 ﬁdei,
948 3317 1072 3372 quae
1119 3303 1174 3359 in
1211 3306 1453 3364 Ecclesia
1519 3321 1730 3382 sancta,
1768 3314 2024 3372 catholica

2139 3314 2408 3385 καθολικῇ
2442 3313 2536 3368 καὶ
2584 3309 2918 3378 ἁποστολικῇ
2971 3301 3281 3376 Ἐκκλησία
3314 3293 3711 3372 κηρυττομὲνης

451 3401 505 3446 et
536 3395 839 3461 apostolica
864 3396 1221 3465 praedicatur.

2142 3411 2398 3471 πίστεως.

480 3567 3679 3608 W

1590 3730 1939 3864 ΤΟΥ
2041 3726 2617 3903 ΑΥΤΟΥ

2010 3948 2169 3999 ΠΕΡΙ

804 4081 1024 4167 ΤΗΣ
1099 4083 1912 4174 ΕΚΠΟΡΕΥΣΕΩΣ
1987 4087 2218 4175 ΤΟΥ
2287 4079 2630 4173 ΑΓΙΟΥ
2701 4074 3400 4170 ΠΝΕΥΜΑΤΟΣ

499 4232 718 4304 ’ΠΡΟΣ
774 4253 961 4307 ΤΟΥΣ
1005 4251 1418 4321 ΔΕΓΟΝΤΑΣ,
1480 4256 1604 4310 ΟΤΙ
1656 4259 1700 4310 0
1751 4257 1910 4312 ΥΙΟΣ
1953 4259 2093 4312 ΤΟΥ
2143 4258 2346 4313 ΘΕ*οΥ
2389 4257 2542 4311 ΟΥΚ
2579 4251 2814 4312 ΕΣΤΙΝ
2855 4252 2954 4304 ΕΚ
3008 4249 3149 4303 ΤΗΣ
3199 4243 3475 4301 ΟΥΣΙΑΣ
3521 4235 3652 4294 ΤΟΥ

1947 4358 2043 4410 HA
2055 4357 2261 4410 ΤΡΟΣ.

992 4869 1141 4957 DE
1239 4864 2068 4960 PROCESSIONE
2153 4861 2727 5030 SPIBITUS
2816 4859 3230 4974 SANCTI

627 5051 739 5110 AD
773 5050 950 5126 E05,
985 5053 1138 5128 QUI
1185 5050 1518 5124 DICUNT,
1559 5050 1874 5112 FILIUM
1909 5049 2061 5112 DEI
2091 5027 2271 5113 ΝΟΝ
2309 5047 2517 5110 ESSE
2557 5045 2673 5107 EX
2708 5037 3226 5106 SUBSTANTIA
3270 5027 3578 5098 PATRIS.

986 5307 1213 5365 CAPUT
1246 5309 1539 5365 PRIMUM.

475 5421 626 5488 Quod
669 5439 732 5477 ea:
771 5440 828 5477 eo
865 5422 1008 5492 quod
1047 5410 1240 5492 negant
1279 5424 1474 5477 Filium
1504 5424 1594 5477 Dei
1641 5440 1706 5478 ea:
1749 5425 2048 5480 substantia

687 5511 798 5548 esse
828 5495 1010 5547 Patris
1053 5494 1220 5548 multa
1252 5505 1543 5565 aequantur
1580 5496 1833 5551 absurda.

547 5675 703 5744 Quod
764 5675 820 5728 in
871 5685 1058 5730 saneta
1100 5675 1370 5732 Trinitate
1427 5677 1777 5748 antiquorum
1829 5679 2048 5749 quidem

484 5767 871 5823 haereticorum
901 5776 1049 5822 esset
1084 5784 1114 5824 a
1142 5767 1450 5824 substantia
1475 5768 1652 5825 Patris
1687 5754 1942 5826 scindere
1966 5769 2052 5824 Fi-

2086 5319 2130 5373 ι)
2687 5299 3092 5354 ΚΕΦΑΛΑΙΟΝ
3133 5301 3216 5354 A'.

2163 5422 2292 5475 Ὀτι
2346 5419 2470 5486 τοῖς
2521 5417 2590 5470 ἐκ
2624 5413 2993 5486 τῇς-οὐσίας
3011 5413 3118 5469 τοῦ
3164 5410 3390 5486 Πατρρς
3438 5390 3696 5486 εἷναι

2241 5471 2511 5578 ignitae
2548 5471 3128 5551 Θεοῦ’ἀρνουμ’ένοις
3166 5471 3380 5539 acilii
3412 5472 3478 5529 τὰ
3521 5471 3690 5523 ἄτοπα

2243 5578 2471 5616 επεται.

2233 5678 2354 5730 ..Οτι
2411 5676 2509 5743 μὲν
2556 5673 2647 5726 ἐπὶ
2686 5675 2790 5743 τῆς
2845 5673 3006 5741 ἁγίας
3059 5669 3292 5740 Τριάδος
3332 5661 3433 5716 τῶν
3474 5640 3688 5744 παλαιῶν

2161 5767 2454 5838 αἱρετικῶν
2486 5761 2554 5836 ἦν
2592 5764 2683 5818 τὸν
2731 5742 2857 5818 Υίὸν
2893 5764 3113 5833 τέμνειν
3138 5763 3234 5830 τῆς
3263 5755 3352 5813 τοῦ
3383 5742 3572 5815 Πατρδς
3589 5742 3688 5838 ’φ’

482 5859 638 5928 lium,
678 5867 731 5914 et
756 5872 883 5914 eum
912 5872 976 5914 ex
1002 5860 1310 5918 substantia
1335 5861 1511 5919 Patris
1541 5878 1660 5919 esse
1705 5878 1767 5918 ac
1793 5879 2022 5936 generur

2160 5864 2300 5930 σεας,
2327 5861 2420 5916 κλῖ
2459 5862 2515 5916 ἐδ
2554 5863 2616 5914 ἐκ
2652 5860 2755 5930 τῆς
2786 5859 2973 5925 οὐσίας
3017 5859 3112 5914 τοῦ
3159 5855 3362 5928 Πατρὸς
3393 5841 3538 5906 αὐτὸν
3563 5824 3681 5884 εἶναι

3901 5831 3912 6256 l
