4036 6474
333 411 340 417 ,
400 337 506 401 865

1324 340 1422 402 DE
1458 334 1978 399 PROCESSIONE
2023 336 2389 404 SPIRITUS
2430 344 2720 408 SANCTI.

3541 321 3650 416 866

397 456 490 510 καὶ
521 456 811 524 γεννᾶσθαι
862 457 1139 522 παντελῶς
1197 447 1558 530 ἀπαρνεῖσθαι
1583 497 1597 520 ,
1631 454 1813 522 δῆλον,
1858 454 1960 522 τῆς

2071 457 2301 514 omnino
2354 461 2612 527 inﬁciari,
2646 463 3000 519 manifestum
3035 472 3119 521 est
3165 485 3180 521 :
3228 481 3353 523 cum
3406 469 3654 525 Ecclesia

413 547 743 618 Ἐκκλησίας
790 550 1087 624 διαρρήδην
1139 552 1358 621 Ἀρειον
1409 550 1501 602 καὶ
1547 549 1671 610 τοὺς
1733 545 1958 599 τοιαῦτα

397 637 777 707 τολμήσαντας
809 641 1288 714 παραπεμπούσης
1307 639 1472 706 ἀξίως
1516 637 1592 706 τῷ
1626 637 1961 706 ἀναθέματι.

415 727 573 781 Ἐπεὶ
601 727 657 781 δὲ
682 729 853 783 ταῦτα
885 731 977 784 καί
1005 748 1152 794 τινες
1197 731 1442 800 ἀνοήτως
1469 729 1830 798 παρεισάγειν
1856 729 1973 779 τολ-

401 822 600 888 μῶσιν,
633 818 683 873 οἳ
714 822 805 874 τὸν
848 823 947 892 μέν
979 823 1106 877 Υίὸν
1134 825 1198 876 ἐκ
1227 823 1320 876 τοῦ
1353 821 1587 891 Πατρὸς,
1625 819 1658 890 ἢ
1696 820 1792 888 τῆς
1828 821 1962 873 ὐπο-

398 911 682 977 στάσεως,
720 912 751 983 ἢ
799 913 900 980 τῆς
953 913 1225 984 πατρικῆς
1282 912 1546 981 ἰδιότητος
1590 905 1732 962 εἶναι
1781 911 1972 980 ὁμολο-

395 1004 605 1073 γοῦσιν,
649 1007 712 1059 ἐκ
744 1004 800 1058 δέ
831 1005 930 1075 τῆς
958 1005 1148 1069 οὐσίας
1185 1004 1280 1058 τοῦ
1325 1003 1538 1074 Πατρδς
1583 1000 1745 1054 αὐτὸν
1779 1005 1974 1068 γεννᾶ-

395 1096 522 1149 σθαι
544 1097 604 1150 οὐ
631 1096 1028 1166 παραδέχονται
1051 1111 1068 1130 ·
1100 1095 1207 1149 ἔδει
1235 1094 1357 1166 μηδ’
1389 1095 1704 1164 ἡστινοσοῦν
1733 1095 1972 1165 ἀποκρί-

395 1205 535 1251 σεως
558 1188 744 1254 ἀξιοῦν
777 1191 903 1253 τοὺς
930 1190 991 1242 οὐ
1019 1188 1273 1242 τοσοῦτον
1323 1186 1552 1257 ἀμαθῶς
1583 1205 1641 1239 τε
1677 1189 1770 1241 καὶ
1813 1188 1974 1240 ἀπαι-

394 1281 599 1344 δεύτως
620 1322 634 1339 .
675 1281 799 1334 ὅσον
834 1281 1111 1344 δυσσεϐῶς
1141 1279 1283 1334 οὐτω
1309 1278 1719 1347 θεολογοῦντας,
1750 1279 1842 1332 καὶ
1866 1296 1972 1347 φα-

393 1374 571 1446 νερῶς
598 1374 697 1437 τὰς
724 1374 901 1444 ἀρχὰς
944 1373 1047 1442 τῆς
1095 1374 1332 1435 πίστεως
1365 1372 1795 1443 ἀνατρέποντας.
1825 1371 1973 1441 Πλὴν

393 1465 580 1535 ἐπειδὴ
619 1467 728 1519 πᾶν
785 1464 989 1535 ὕψωμα
1025 1464 1168 1517 κατά
1215 1465 1315 1532 τῆς
1368 1463 1462 1519 τοῦ
1525 1462 1662 1516 Θεοῦ
1721 1460 1973 1530 γνώσεως

391 1555 777 1625 ἐπαιρόμενον,
813 1554 938 1609 ὅσον
971 1555 1002 1624 ἡ
1052 1552 1281 1623 δύναμις
1315 1554 1644 1623 ἐπιτρέπει,
1682 1551 1971 1620 καθαιρεῖν

393 1648 488 1700 καὶ
513 1644 822 1716 ἐξελέγχειν
858 1646 1154 1713 ἀναγκαῖον
1205 1645 1535 1714 πειρᾶσθαι,
1564 1647 1658 1696 καὶ
1716 1643 1858 1697 κατά
1881 1641 1973 1695 τὸν

393 1738 692 1806 κορυφαῖον
713 1736 824 1790 τῶν
853 1737 1165 1791 ἀποστόλων
1190 1737 1396 1807 Πέτρον
1438 1735 1690 1804 ἑτοίμους
1721 1733 1970 1803 γίνεσθαι

391 1827 498 1898 χρὴ
522 1828 684 1881 παντὶ
711 1827 790 1898 τῷ
817 1827 1068 1898 ζητοῦντι
1092 1827 1292 1882 διδόναι
1308 1827 1468 1895 λόγον
1490 1828 1618 1897 περὶ
1646 1827 1744 1897 τῆς
1761 1828 1820 1879 ἐν
1837 1827 1971 1908 ἡμῖν

391 1919 644 1984 πίστεως,
677 1920 918 1972 δεικτέον
943 1918 1008 1974 ἂν
1051 1918 1135 1990 εἴη
1161 1920 1333 1974 πολλὰ
1360 1919 1470 1973 τῶν
1515 1919 1971 1990 ὁμολογουμένων

393 2013 460 2082 τῇ
499 2010 757 2083 καθολικῇ
789 2011 970 2066 πίστει
1023 2012 1151 2075 τούς
1201 2011 1372 2066 ταῦτα
1423 2010 1680 2079 λέγοντας
1725 2000 1972 2081 ἀναιρεῖν

393 2104 819 2172 ἀναγκάζεσθαι,
845 2105 1058 2168 πολλοῖς
1083 2122 1145 2158 τε
1171 2107 1288 2169 τοῖς
1316 2107 1541 2169 ἀτόποις
1561 2104 1970 2175 ἐνέχεσθαι,καὶ

389 2195 527 2257 δλως
542 2196 768 2250 ἐκείνων
787 2196 952 2267 μηδὲν
967 2195 1076 2252 τῶν
1091 2197 1340 2251 παλαιῶν
1357 2197 1412 2251 αἱ
1419 2213 1510 2266 ρετ
1518 2197 1652 2250 ικῶν
1668 2197 1968 2268 διαφέρειν.

463 2286 685 2357 Πρῶτον
735 2287 916 2341 τοίνυν
975 2287 1282 2358 ἐρωτητέον
1331 2287 1529 2351 αὐτοὺς
1558 2325 1574 2352 ,
1621 2286 1806 2342 τίποτε
1869 2287 1968 2359 τὴν

390 2378 686 2431 ὑπόστασιν
716 2371 858 2432 εἶναι
889 2378 1203 2449 νομίζουσιν
1229 2417 1245 2444 ,
1281 2378 1314 2448 ἢ
1349 2378 1449 2448 τὴν
1499 2377 1777 2448 πατρικὴν
1837 2377 1968 2432 ίδιό-

387 2485 548 2537 τητα,
576 2468 675 2538 τὴν
706 2469 1020 2539 πατρότητα
1060 2468 1304 2539 δηλονότι
1326 2484 1341 2500 ο
1386 2468 1477 2522 ἵνα
1515 2468 1650 2540 πρός
1677 2484 1733 2520 τι
1771 2467 1967 2538 ὁμολοο

388 2559 658 2629 γούμενον
715 2560 841 2624 τοὺς
903 2560 1101 2628 λόγους
1168 2559 1437 2629 ποιῶμεν,
1492 2561 1588 2612 καὶ
1629 2559 1818 2629 ἐπειδὴ
1869 2558 1966 2629 τὴν

387 2649 577 2703 οὐσίαν
608 2651 747 2721 πρὸς
793 2650 892 2718 τὴν
941 2653 1240 2705 ὑπόστασιν
1286 2651 1708 2720 ἀντιδιαιροῦσι,
1743 2651 1840 2705 καὶ
1872 2649 1966 2703 θά-

387 2759 546 2811 τερον
570 2742 670 2812 οὐχ
697 2737 809 2796 οἷον
832 2741 893 2796 τὸ
922 2741 1111 2814 ἐτερόν
1145 2759 1302 2812 φασι,
1340 2744 1505 2796 παντὶ
1530 2742 1713 2813 δῆλον,
1750 2745 1834 2798 ὅτι
1867 2743 1965 2814 τὴν

389 2832 684 2888 ὑπόστασιν
710 2834 1138 2905 ὁμολογήσουσιν
1177 2829 1320 2886 εἶναι
1365 2835 1468 2888 οὐκ
1502 2836 1716 2890 οὐσίαν.
1752 2835 1826 2889 Τὸ
1854 2837 1966 2908 γὰρ

389 2922 768 2994 ἀντικείμενον
805 2927 871 2996 τῇ
906 2925 1065 2998 οὐσίᾳ
1087 2925 1188 2980 οὐκ
1209 2924 1359 2980 ἐστιν
1389 2926 1573 2988 οὐσία,
1613 2927 1711 2980 καὶ
1740 2928 1773 2998 ὴ
1803 2929 1964 2983 οὐσία

389 3014 526 3084 πρὸς
548 3017 610 3070 τὸ
644 3014 718 3086 μὴ
769 3013 829 3068 ὃν
883 3015 1042 3069 οὐσία
1093 3016 1424 3070 ἀντίκειται.
1481 3017 1644 3070 Ἀλλὰ
1688 3017 1750 3070 τὸ
1782 3019 1858 3088 μὴ
1903 3017 1964 3072 ὃν

390 3109 548 3162 οὐσία
590 3109 690 3162 οὐκ
726 3108 874 3163 ἐστιν
904 3108 1081 3162 οὐσία·
1118 3107 1146 3161 δ
1169 3108 1227 3162 δέ
1255 3109 1356 3162 οὐκ
1388 3108 1539 3162 ἔστιν
1581 3109 1762 3176 οὐσία,
1799 3109 1961 3164 ἀνού-
1985 3133 2034 3196 c

393 3217 508 3255 σιον
532 3216 547 3232 ³
578 3200 641 3254 τὸ
678 3199 734 3254 δέ
782 3200 1033 3255 ἀνούσιον
1082 3201 1453 3255 ἀνυπόστατον
1488 3217 1502 3231 ·
1545 3200 1687 3254 ὥστε
1721 3204 1820 3270 τὴν
1865 3201 1960 3255 τοῦ

391 3297 602 3364 [ἰατρὸς
625 3276 924 3351 ὑπόστασιν
953 3297 1332 3351 ἀνυπόστατον
1356 3293 1618 3351 τίθενται.
1651 3295 1724 3349 Τὸ
1762 3295 1808 3349 δ’
1831 3295 1962 3348 αὐτὸ

391 3385 488 3439 καὶ
523 3385 584 3451 ἐξ
623 3379 699 3441 ὧν
751 3386 910 3440 αὐτοὶ
958 3386 1086 3456 περὶ
1111 3385 1304 3450 οὐσίας
1349 3387 1446 3440 καὶ
1473 3386 1756 3456 ἐνεργείας
1785 3384 1965 3439 διαλέ-

389 3493 576 3544 γονται
604 3476 970 3545 παριστῶσιν.
1021 3476 1172 3530 Ἐκεῖ
1218 3477 1326 3548 γὰρ
1359 3476 1451 3531 τὸν
1491 3462 1625 3529 Θεὸν
1654 3476 1736 3539 είς
1768 3475 1959 3530 οὐσίαν

390 3565 486 3620 καὶ
512 3566 794 3635 ἐνέργειαν
839 3565 1129 3632 διελόντες,
1170 3567 1267 3620 καὶ
1313 3565 1445 3622 ἄλλο
1476 3567 1575 3637 μὲν
1621 3567 1723 3638 τὴν
1761 3565 1958 3623 οὐσίαν

392 3659 634 3728 θέμενοι,
661 3657 852 3729 ἕτερον
883 3657 940 3712 δέ
971 3657 1070 3730 τὴν
1105 3659 1407 3730 ἐνέργειαν,
1444 3660 1540 3716 καὶ
1569 3658 1778 3730 ταύτην
1812 3661 1961 3714 ἀντι-

390 3751 660 3814 διελόντες
695 3750 832 3820 πρὸς
890 3749 990 3822 τὴν
1027 3750 1245 3816 οὐσίαν,
1299 3751 1397 3806 καὶ
1442 3749 1694 3806 ἀνούσιον
1741 3752 1836 3805 καὶ
1862 3753 1958 3806 ἀν-

390 3842 690 3897 υπόστατον
721 3843 1066 3914 ὁρισάμενοι,
1107 3843 1341 3914 φανερὸν
1387 3843 1467 3898 ὅτι
1519 3842 1802 3898 κάνταῦθα
1860 3842 1960 3916 τὴν

391 3931 689 3988 ὑπόστασιν
716 3933 904 4003 ἕτερον
935 3933 1040 4004 τῆς
1083 3934 1277 3997 οὐσίας
1313 3933 1567 4002 λέγοντες
1601 3937 1660 3988 ἐν
1704 3936 1770 4006 τῇ
1804 3926 1960 4001 τάξει

389 4026 487 4094 τῆς
539 4026 824 4096 ἐνεργείας
900 4024 1114 4097 ταύτην
1182 4025 1468 4097 θήσουσιν.
1541 4025 1806 4096 Ἐπείπερ
1860 4025 1959 4096 οὐχ

390 4115 608 4183 ἐξουσιν
656 4117 786 4172 ἀλλο
838 4117 1046 4186 τρίτον,
1073 4117 1100 4171 ὃ
1154 4116 1285 4189 μήτ’
1315 4117 1494 4185 οὐσία,
1533 4117 1660 4188 μήτ’
1701 4115 1960 4187 ἐνέργειά

391 4211 535 4263 ἐστιν
566 4210 664 4265 ἐπὶ
689 4209 782 4264 τοῦ
826 4209 983 4264 Θεοῦ.
1019 4211 1132 4265 Πᾶν
1162 4210 1293 4281 γὰρ,
1334 4209 1522 4280 φασὶν,
1549 4209 1645 4263 ἐπὶ
1688 4208 1849 4275 Θεοῦ,
1880 4208 1957 4274 ὡς

389 4299 543 4352 αὐτοὶ
580 4299 796 4366 διεῖλον,
856 4299 890 4368 ἢ
950 4299 1145 4366 οὐσία,
1193 4298 1228 4370 ἢ
1264 4297 1518 4369 ἐνέργειά
1567 4298 1705 4352 ἐστι’
1740 4298 1802 4352 τὸ
1847 4299 1957 4369 γὰρ

389 4391 736 4463 συμϐεϐηκὸς
791 4391 905 4445 οὐδ’
954 4392 1109 4446 αὐτοὶ
1174 4391 1593 4462 παραδέχονται,
1652 4389 1790 4445 ἀλλά
1855 4390 1956 4460 τὴν

389 4485 672 4555 ἐνέργειαν
715 4483 1087 4538 ἀνυπόστατον
1151 4481 1436 4554 ἡγοῦνται,
1493 4481 1634 4537 ὥστε
1706 4482 1801 4537 καὶ
1851 4483 1952 4556 τὴν

390 4576 732 4640 ὑπόστασιν,
788 4574 855 4646 ἢν
905 4575 1092 4646 ἕτερον
1117 4573 1246 4645 ,τῆς
1293 4574 1485 4637 οὐσίας
1543 4575 1950 4646 ίσχυρίξονται,

384 4669 637 4723 ἀνούσιον
707 4669 802 4722 καὶ
855 4668 1231 4722 ἀνυπόστατον
1309 4667 1598 4737 ὁμολογεῖν
1655 4667 1799 4723 κατά
1852 4668 1954 4732 τὰς

386 4761 564 4816 αὐτῶν
599 4760 1000 4830 ἀναγκάζονται
1045 4760 1246 4822 θέσεις.
1281 4759 1344 4812 Ei
1377 4759 1434 4812 δὲ
1483 4760 1581 4814 καὶ
1611 4759 1798 4831 τρίτον
1824 4758 1952 4830 βού-

386 4851 569 4906 λονται
623 4852 723 4919 τὴν
757 4850 1060 4903 ὑπόστασιν
1113 4847 1345 4911 τιθέναι,
1404 4844 1621 4918 πρῶτον
1667 4845 1769 4915 μέν
1798 4845 1954 4916 παρά

386 4947 480 5008 τὰς
512 4943 692 4998 αὐτῶν
740 4942 858 4995 ἐστι
913 4940 1113 5006 θέσεις,
1153 4939 1276 4992 καθ’
1326 4937 1390 5002 ἃς
1447 4937 1633 5002 ἁπλῶς
1685 4937 1779 4992 τὸν
1819 4936 1954 4992 Θεὸν

386 5037 465 5100 είς
485 5035 676 5089 οὐσίαν
705 5031 970 5103 διαιροῦσι
1003 5034 1098 5085 καὶ
1128 5032 1430 5102 ἐνέργειαν
1462 5029 1678 5096 ἔπειτα,
1713 5029 1742 5082 δ
1765 5045 1819 5084 τι
1852 5022 1952 5100 μὲν

387 5129 466 5181 δεῖ
507 5128 637 5199 περὶ
693 5127 798 5197 τῆς
824 5117 1178 5188 ὑποστάσεως
1215 5125 1437 5194 φρονεῖν
1479 5121 1599 5192 μετ’
1634 5121 1813 5190 ὀλίγον
1851 5123 1954 5192 ρη-

387 5218 632 5288 θήσεται·
663 5217 799 5287 πρὸς
836 5216 895 5269 δὲ
943 5213 1006 5268 τὸ
1059 5214 1260 5284 παρὸν,
1311 5214 1395 5267 δτι
1440 5209 1502 5270 οὗ
1557 5228 1728 5280 φασιν
1778 5211 1952 5281 αὐτὴν

387 5307 576 5360 οὐσίαν
626 5300 788 5367 εἶναι,
823 5303 984 5358 τοῦτο
1044 5303 1205 5369 μόνον
1236 5303 1419 5373 ἀρκεῖ.
1453 5302 1574 5356 Ὅτι
1599 5300 1657 5354 δὲ
1701 5300 1791 5354 τὸν
1819 5301 1952 5354 Θεὸν

386 5403 466 5463 εἰς
517 5400 706 5453 οὐσίαν
749 5397 1016 5460 διελόντες
1059 5395 1154 5450 καὶ
1200 5397 1523 5467 ἐνέργειαν,
1573 5392 1822 5448 ἀνούσιον
1851 5392 1952 5465 τὴν

385 5493 672 5564 ἐνέργειαν
731 5493 826 5544 καὶ
879 5488 1259 5543 ἀνυπόστατον
1315 5484 1654 5551 πιστεύουσι,
1689 5484 1851 5554 δῆλον
1885 5484 1951 5536 ἐκ

384 5583 493 5635 τῶν
531 5577 1016 5650 περιειλημμένων
1047 5576 1124 5648 τῷ
1149 5577 1282 5645 περὶ
1310 5575 1495 5638 οὐσίας
1549 5574 1646 5628 καὶ⁹
1672 5573 1952 5643 ἐνεργείας

385 5674 558 5744 “PAF:
591 5671 652 5727 δν
697 5674 776 5736 εἰς
822 5669 1110 5742 ὁμολογίαν
1155 5669 1252 5739 τῆς
1291 5665 1501 5723 ἐαυτῶν
1554 5664 1789 5726 πίστεως
1829 5662 1951 5716 ἀνέο

384 5764 623 5838 γραψαν.
651 5763 810 5821 Οῦτω
836 5762 944 5835 γὰρ
972 5763 1089 5817 ἐκεῖ
1116 5761 1251 5831 πρὸς
1273 5759 1351 5832 τῷ
1379 5760 1522 5814 τέλει
1552 5758 1748 5811 κεῖται.
1785 5756 1949 5826 Ἡμῖν

2075 545 2253 613 palam
2305 549 2520 617 Arium,
2558 561 2614 606 et
2643 568 2739 608 eos
2767 554 2860 622 qui
2895 554 3167 624 ejusmodi
3221 572 3309 612 res
3355 561 3473 614 ausi
3517 560 3650 625 sint,

2075 637 2270 693 merito
2330 643 2675 699 anathemate
2742 647 3099 714 percusserit.
3169 649 3437 714 Quoniam
3517 667 3656 708 vero

2075 729 2192 783 haec
2212 729 2376 784 etiam
2403 747 2551 787 nunc
2591 736 2843 790 nonnulli
2877 746 3085 792 temere
3117 738 3384 796 inducere
3421 743 3650 808 audent,

2075 821 2166 890 qui
2210 822 2409 877 Filium
2463 840 2530 878 ex
2573 826 2735 881 Patre
2764 828 2985 897 quidem
3013 871 3027 892 ,
3063 840 3116 886 et
3147 848 3214 886 ex
3251 833 3532 903 hypostasi
3559 877 3572 896 .
3597 845 3654 891 et

2074 923 2302 982 paterna
2356 917 2695 986 proprietate
2747 937 2871 977 esse
2925 924 3190 990 fatentur,
3222 941 3332 980 non
3371 937 3555 982 autem
3585 944 3654 983 ex

2075 1006 2383 1061 substantia
2419 1007 2598 1062 Patris
2641 1026 2763 1064 eum
2791 1015 3040 1080 generari
3077 1017 3396 1081 admittunt,
3431 1031 3653 1088 oporte-

2075 1092 2169 1147 bat
2197 1109 2294 1148 eos
2323 1098 2850 1169 nee,qualicunque
2886 1105 3248 1172 reSponsione
3295 1107 3489 1176 dignos
3520 1125 3655 1165 cen-

2074 1199 2217 1250 sere,
2245 1186 2337 1254 qui
2358 1202 2466 1240 non
2492 1196 2598 1241 tam
2630 1191 2798 1244 stulte
2855 1202 3023 1262 atque
3052 1195 3332 1264 imperite,
3361 1214 3524 1268 quam
3555 1202 3656 1255 im-

2074 1275 2164 1346 pie
2192 1276 2274 1332 sic
2312 1275 2380 1332 de
2424 1279 2537 1334 Deo
2567 1280 2849 1335 disserunt
2881 1323 2894 1346 ,
2931 1299 2998 1338 ac
3050 1287 3340 1344 manil‘eSIe
3383 1293 3653 1362 principia

2078 1369 2202 1425 ﬁdei
2239 1370 2490 1428 funditus
2521 1384 2798 1430 evertunt.
2835 1375 2971 1442 Quia
3002 1385 3182 1434 tamen
3209 1397 3393 1448 omne,
3417 1388 3564 1454 quod
3593 1405 3653 1444 se

2074 1461 2290 1517 extollit
2321 1475 2512 1520 contra
2559 1467 2657 1520 Dei
2715 1469 3089 1536 cognitionem
3121 1487 3220 1540 pro
3251 1474 3397 1528 virili
3428 1477 3652 1534 destru-

2074 1567 2166 1608 ere
2213 1569 2277 1610 ae
2328 1555 2659 1627 redarguere
2732 1561 3047 1616 necessario
3093 1563 3379 1621 nitendum
3425 1579 3546 1633 est,
3596 1583 3652 1627 et

2069 1645 2222 1714 juxta
2255 1645 2559 1716 principem
2619 1651 2992 1718 apostolorum
3024 1654 3248 1710 Petrum
3282 1667 3651 1726 paratos-esse

2076 1743 2293 1802 oportet
2331 1739 2397 1791 ad
2429 1739 2765 1796 reddendam
2799 1743 3069 1800 rationem
3107 1749 3254 1802 omni
3284 1753 3554 1819 quaerenti
3582 1754 3651 1810 de

2073 1837 2136 1878 ea
2168 1839 2290 1894 quae
2335 1826 2390 1881 in
2432 1828 2597 1883 nobis
2640 1838 2726 1885 est
2809 1831 2948 1896 (ide;
2997 1833 3487 1892 demonstrandum
3518 1847 3605 1894 est
3631 1879 3648 1904 ,

2074 1925 2169 1968 eos
2197 1913 2293 1983 qui
2342 1915 2455 1970 haec
2487 1917 2664 1980 aiunt,
2702 1919 2873 1974 multa
2914 1920 3121 1977 invitos
3150 1925 3270 1994 cogi
3313 1925 3600 1982 destruere
3629 1967 3646 1992 ,

2073 2022 2196 2078 quae
2227 2007 2333 2062 [ide
2367 2009 2634 2064 catholica
2674 2012 3112 2080 exploratissima
3145 2025 3296 2082 sunt,
3347 2019 3648 2089 multisque

2072 2097 2330 2153 absurdis
2364 2100 2577 2169 premi;
2629 2109 2796 2172 atque
2828 2103 2896 2158 ab
2946 2103 3056 2160 illis
3089 2105 3337 2176 antiquis
3373 2108 3648 2167 haereticis

2072 2189 2212 2245 nihil
2249 2189 2408 2260 plane
2435 2191 2676 2250 diﬂ‘erre.

2141 2283 2386 2340 Primum
2419 2285 2586 2356 igitur
2609 2288 2966 2356 quaerendum
2990 2289 3059 2345 ab
3090 2290 3219 2358 illis,
3252 2293 3512 2363 quidnam
3548 2295 3647 2366 hy-

2069 2378 2332 2445 postasim
2368 2393 2489 2433 esse
2513 2379 2852 2446 existiment,
2878 2381 2992 2437 sive
3026 2382 3204 2438 Patris
3227 2385 3642 2455 proprietatem,

2067 2466 2459 2536 paternitatem
2507 2466 2808 2534 videlicet;
2859 2481 2918 2524 ut
2961 2472 3142 2541 posito
3192 2475 3378 2543 aliquo
3425 2477 3478 2531 in
3533 2493 3645 2547 quo

2067 2557 2452 2625 convenimus,
2483 2561 2653 2614 verba
2675 2560 2958 2617 faciamus.
3005 2563 3073 2617 Et
3097 2565 3356 2634 quoniam
3389 2567 3648 2622 substan-

2068 2648 2198 2703 tiam
2260 2663 2312 2706 et
2346 2651 2678 2722 bypostasim
2719 2670 2786 2708 ex
2821 2654 3054 2710 adverso
3081 2669 3390 2726 apponunt,
3430 2669 3487 2714 et
3513 2663 3648 2717 alte-

2067 2754 2190 2793 rum
2232 2740 2389 2796 aiunt
2421 2757 2584 2807 esse,
2622 2757 2731 2797 non
2762 2745 2925 2813 quale
2969 2753 3054 2801 est
3095 2747 3329 2802 alterum
3357 2787 3374 2814 ,
3414 2751 3645 2808 cuilibet

2067 2831 2421 2888 manifestum
2457 2842 2577 2900 est,
2615 2836 2761 2904 quod
2812 2826 3151 2907 hypostasim
3207 2855 3314 2894 non
3355 2856 3477 2896 esse
3520 2845 3647 2899 sub-

2065 2925 2321 2979 stantiam
2349 2925 2497 2980 haud
2527 2925 2695 2980 dubie
2724 2927 3051 2982 concedent.
3097 2928 3251 2994 Quod
3283 2933 3429 2985 enim
3473 2948 3644 3004 oppo.

2065 3013 2218 3066 nitur
2249 3013 2593 3080 substantim,
2630 3030 2741 3068 non
2769 3021 2853 3069 est
2887 3016 3220 3082 substantia,
3250 3027 3307 3073 et
3332 3020 3643 3079 substantia

2067 3105 2170 3171 illi,
2195 3105 2343 3175 quod
2376 3119 2485 3159 non
2525 3115 2609 3160 est
2639 3106 2972 3172 substantia,
2998 3110 3331 3177 opponitur;
3367 3113 3463 3166 sed
3491 3115 3640 3180 quod

2065 3211 2172 3250 non
2207 3204 2293 3251 est
2336 3195 2644 3251 substantia
2673 3235 2689 3260 ,
2756 3194 3065 3251 substantia
3121 3196 3312 3267 utique
3363 3213 3474 3254 non
3510 3210 3638 3266 cst;

2063 3285 2214 3357 quod
2238 3297 2422 3342 autem
2461 3301 2571 3341 non
2603 3293 2687 3341 est
2719 3285 3029 3342 substantia
3057 3326 3071 3352 ,
3123 3302 3233 3342 non
3275 3289 3638 3346 substantiale

2061 3389 2148 3435 est
2179 3397 2194 3448 ;
2234 3379 2381 3449 quod
2412 3387 2593 3434 autem
2627 3394 2737 3434 non
2785 3378 3143 3434 substantiale
3170 3388 3284 3444 est,
3317 3395 3426 3435 non
3462 3382 3642 3437 subsi-

2063 3468 2201 3534 stit;
2238 3467 2426 3536 itaque
2480 3465 2662 3522 Patris
2701 3465 3040 3537 hypostasim
3086 3483 3198 3522 non
3247 3469 3636 3525 subsistentem

2062 3567 2296 3632 ponunt.
2331 3557 2444 3613 Hoc
2479 3557 2625 3612 idem
2653 3559 2953 3615 ostendunt
2992 3574 3052 3614 se
3083 3559 3290 3616 sentire
3317 3575 3384 3616 ex
3415 3563 3483 3616 iis
3517 3578 3640 3632 quae

2062 3653 2166 3724 ipsi
2223 3652 2292 3706 de
2335 3650 2644 3706 substantia
2707 3660 2766 3706 et
2831 3651 3156 3719 operatione
3209 3651 3511 3724 disputant.
3556 3655 3640 3710 lbi

2059 3747 2210 3804 enim
2232 3745 2402 3800 Deum
2428 3744 2484 3800 in
2517 3742 2879 3800 subStantiam
2904 3751 2960 3798 et
2981 3745 3356 3814 operationem
3381 3745 3642 3801 dividen-

2060 3846 2167 3902 tes,
2187 3845 2353 3907 atque
2377 3834 2526 3890 aliud
2555 3834 2780 3905 quidem
2809 3844 3080 3906 ponentes
3099 3850 3220 3890 esse
3247 3837 3634 3902 substantiam,

2061 3928 2212 3984 aliud
2247 3941 2382 3982 vero
2425 3926 2806 3996 operationem
2833 3965 2850 3986 .
2906 3924 3038 3980 dum
3087 3924 3232 3981 hanc
3263 3941 3294 3981 a
3332 3927 3639 3984 substantia

2061 4018 2443 4088 distinguunt,
2476 4023 2530 4071 et
2565 4031 2687 4070 eam
2733 4031 2915 4088 neque
2968 4015 3385 4072 substantialem
3406 4059 3421 4084 ,
3455 4033 3637 4090 neque

2060 4107 2453 4164 subsistentem
2487 4113 2762 4174 statuunt;
2783 4106 3131 4162 manifestum
3161 4115 3265 4173 est,
3298 4107 3447 4178 quod
3469 4110 3633 4164 etiam

2059 4197 2168 4255 hoc
2200 4198 2320 4254 loco
2357 4197 2696 4270 hypostasim
2743 4213 2775 4252 a
2816 4197 3123 4252 substantia
3184 4197 3585 4269 distinguentes
3618 4238 3636 4265 ,

2058 4289 2308 4362 ejusdem
2348 4287 2560 4344 ordinis
2592 4289 2930 4359 hypostasim
2991 4298 3046 4344 et
3094 4289 3469 4359 operationem
3501 4306 3638 4345 con-

2057 4382 2309 4440 stituent.
2343 4381 2462 4438 Non
2497 4382 2645 4437 enim
2680 4381 2962 4436 habebunt
2992 4380 3141 4436 aliud
3190 4380 3412 4435 tertium
3439 4423 3453 4445 ,
3487 4383 3637 4451 quod

1985 4471 2030 4527 D
2059 4475 2116 4530 in
2141 4475 2252 4530 Deo
2277 4487 2462 4545 neque
2493 4472 2830 4538 substantia,
2870 4487 3049 4543 neque
3074 4471 3321 4542 operatio
3346 4472 3437 4527 sit.
3461 4472 3638 4530 Omne

2059 4570 2234 4634 enim,
2285 4570 2464 4634 aiunt,
2517 4567 2574 4622 in
2604 4567 2738 4631 Deo,
2772 4574 2827 4620 ut
2877 4565 2980 4636 ipsi
3016 4565 3344 4632 diviserunt,
3378 4573 3474 4620 aut
3507 4567 3640 4623 sub-

2059 4658 2280 4725 Stantia,
2309 4667 2404 4714 aut
2433 4657 2678 4727 operatio
2711 4664 2830 4720 est;
2859 4655 3116 4711 accidens
3146 4656 3292 4711 enim
3322 4671 3501 4727 neque
3533 4657 3633 4728 ipsi

2059 4749 2381 4814 admittunt,
2413 4747 2510 4803 sed
2538 4745 2914 4818 operationem
2945 4762 3054 4800 non
3093 4747 3484 4801 subsistentem
3513 4761 3638 4803 esse

2059 4841 2380 4898 existimant
2401 4823 2550 4895 adeo
2594 4846 2654 4894 ut
2683 4837 3022 4910 bypostasim
3046 4875 3062 4902 ,
3093 4852 3256 4908 quam
3273 4837 3424 4892 aliud
3453 4853 3483 4893 a
3507 4837 3640 4893 sub—

2060 4935 2265 4992 stantia
2295 4947 2416 4989 esse
2445 4930 2812 4996 contendunt,
2838 4929 3140 4984 secundum
3173 4944 3303 4984 suas
3335 4929 3638 5000 positiones

2059 5041 2168 5082 non
2201 5025 2613 5082 substantialem
2646 5038 2787 5088 esse,
2817 5037 2998 5093 neque
3040 5021 3433 5077 subsistentem
3477 5023 3637 5078 fateri

2060 5127 2349 5188 cogantur.
2396 5116 2550 5182 Quod
2602 5116 2647 5171 si
2701 5116 2923 5170 tertium
2977 5114 3240 5184 quiddam
3298 5115 3636 5186 lzypostasim

2059 5225 2182 5266 esse
2237 5209 2420 5264 facere
2451 5207 2681 5271 volunt,
2713 5205 2952 5276 primum
3011 5203 3232 5274 quidem
3289 5207 3392 5259 hoc
3435 5215 3636 5274 prteter

2061 5317 2252 5358 eorum
2286 5299 2590 5372 positiones
2615 5308 2722 5360 est,
2747 5297 2902 5368 juxta
2935 5311 3074 5366 quas
3113 5295 3436 5366 simpliciter
3461 5297 3635 5352 Deum

2061 5393 2117 5448 in
2165 5391 2528 5448 substantiam
2563 5398 2619 5443 et
2662 5389 3038 5458 operationem
3100 5386 3373 5443 dividunt.
3423 5388 3633 5443 Deinde

2060 5482 2193 5553 quid
2225 5480 2570 5538 sentiendum
2599 5479 2668 5534 sit
2703 5477 2772 5533 de
2820 5477 3103 5548 hypostasi
3147 5477 3310 5548 paulo
3341 5489 3463 5548 post
3485 5477 3635 5534 dice-

2062 5582 2174 5628 tur.
2217 5569 2280 5626 In
2326 5569 2620 5640 przesentia
2678 5583 2810 5622 vero
2840 5567 2975 5622 satis
3017 5576 3121 5632 est,
3165 5567 3311 5636 quod
3343 5581 3463 5620 eam
3503 5567 3635 5624 sub-

2060 5662 2314 5720 stantiam
2346 5677 2469 5717 esse
2502 5668 2723 5732 negant.
2745 5659 2902 5727 Quod
2934 5667 3119 5714 autem
3159 5658 3328 5713 Deum
3378 5655 3632 5713 dividen-

2061 5765 2142 5812 tes
2164 5755 2219 5810 in
2250 5753 2614 5811 substantiam
2635 5762 2691 5810 et
2716 5750 3115 5824 operationem,
3142 5748 3477 5804 arbitramur
3501 5762 3635 5820 Ope-
