4036 6428
521 293 631 360 867
1810 292 1966 354 DEM
1980 293 2195 356 ETRII
2243 295 2486 356 (ΣΠ)οΝ
2501 296 2550 354 li
3643 297 3732 362 868

525 411 801 464 rationem
826 419 938 462 non
963 419 1085 463 esse
1113 404 1534 463 substantialem
1556 447 1572 474 ,
1595 421 1776 477 neque
1803 407 2108 463 subsisten-

2215 409 2265 464 δὲ
2301 410 2504 478 ἀρτίως
2553 407 2584 460 ό
2637 393 2791 475 λέγος
2827 407 2886 459 οὑ
2921 407 3048 476 περὶ
3100 405 3302 477 ταύτης
3349 406 3444 476 τῆς
3490 406 3733 479 iapygis;

524 512 657 565 tem,
690 499 902 556 clarum
925 507 1101 556 estex
1134 500 1202 556 iis
1249 517 1374 572 quas
1413 503 1660 557 continet
1700 515 1891 556 eorum
1923 509 2106 556 tomus

519 593 592 650 de
618 592 928 649 substantia
957 599 1015 648 et
1044 594 1390 664 operatione,
1431 608 1596 664 quem
1624 592 1693 649 ad
1726 592 2104 664 proﬁtendum

521 699 680 742 suam
733 683 898 738 [idem
946 683 1445 754 conscripserunt:
1501 685 1581 739 sic
1639 683 1796 739 enim
1828 683 1904 738 ibi
1953 683 2104 739 circa

522 776 687 830 tinent
721 774 911 828 habet.
945 773 1116 830 Nobis
1147 789 1282 829 vero
1325 774 1490 830 modo
1523 789 1709 830 sermo
1749 783 1854 841 est,
1889 790 1999 830 non
2034 777 2102 833 de

523 867 628 922 hac
679 866 1001 936 operatione
1036 880 1100 920 ac
1130 866 1402 935 potentia,
1439 865 1656 922 scilicet
1684 866 1894 938 Filiizet
1923 868 2099 938 Spiri-

524 966 636 1023 tus,
665 957 762 1013 sed
798 957 866 1012 de
897 957 1008 1020 illa,
1063 971 1185 1027 qua
1210 958 1522 1012 communis
1557 968 1641 1012 est
1674 958 1854 1015 tribus
1897 959 2101 1015 divinis

518 1050 776 1119 personis
800 1063 922 1118 quae
943 1063 1052 1103 non
1072 1056 1156 1104 est
1177 1049 1510 1120 hypostasis.
1530 1049 1798 1106 Praeterea
1824 1051 1880 1105 in
1902 1051 2098 1107 eodem

525 1151 674 1195 torno
707 1141 852 1194 circa
885 1139 1217 1208 principium
1245 1139 1399 1192 aiunt
1417 1139 1562 1209 quod
1590 1140 1895 1197 increatum
1911 1142 1984 1197 sit
2016 1142 2101 1197 lu-

520 1246 647 1286 men
678 1229 1178 1300 transligurationis
1212 1229 1451 1296 Domini,
1485 1239 1539 1284 et
1560 1233 1705 1300 quod
1751 1232 1856 1288 hoc
1893 1248 2000 1288 non
2033 1233 2104 1288 sit

519 1323 825 1377 substantia
852 1321 970 1376 Dei.
1011 1321 1275 1376 Privatim
1305 1337 1440 1376 vero
1473 1322 1550 1377 ait
1576 1323 1741 1378 etiam
1769 1324 2020 1380 Palamas
2047 1326 2102 1380 in

521 1431 622 1471 suo
672 1415 1002 1485 Theophanis
1055 1425 1104 1469 et
1166 1413 1426 1470 Theotimi
1464 1414 1732 1484 dialogo:
1772 1434 1791 1468 ι
1843 1417 2106 1484 Quamvis

519 1507 667 1563 enim
731 1520 912 1576 neque
951 1505 1302 1577 ~hypostasis,
1330 1521 1511 1576 neque
1545 1507 1854 1562 substantia
1889 1508 1958 1563 sit
1991 1509 2105 1564 haec
2127 1506 2140 1520 '

521 1600 699 1655 deitas
751 1599 958 1670 (lumen
1004 1597 1550 1672 transfigurationis),
1609 1599 1976 1656 nihilominus
2021 1602 2107 1655 in-

2207 501 2640 570 καὶδυνάμεως,
2681 500 2852 569 ἤγουν
2893 498 2986 552 τοῦ
3041 497 3166 551 Υίοῦ
3200 499 3293 552 καὶ
3321 497 3411 551 τοῦ
3438 499 3732 569 Πνιύματος,

2203 593 2342 648 ἀλλὰ
2376 593 2503 663 περὶ
2529 592 2632 662 τῆς
2662 591 2846 662 κοινῆς
2871 592 2971 661 τῆς
3008 590 3437 662 τρισυττοστάτου
3482 589 3734 662 Θεότητος,

2199 685 2326 755 ἥτις
2351 686 2450 755 οὑχ
2480 682 2778 747 ὑπόστασις
2823 683 2994 737 ἐστιν.
3044 682 3170 736 Ἔτι
3215 683 3275 736 ὲν
3327 681 3469 752 αὑτῷ
3513 681 3636 752 πρὸς
3680 686 3735 752 τῇ

2201 779 2371 848 ἀρχῇ,
2403 777 2488 830 ὅτι
2534 792 2594 829 τε
2647 775 2909 830 ᾶκτιστόν
2951 776 3069 828 ἔστι
3095 775 3158 828 τὸ
3184 774 3299 844 φῶς
3323 773 3418 844 τῆς
3446 773 3535 827 τοῦ
3563 774 3738 842 Κυρίου

2209 866 2714 938 μεταμορφώσεως,
2750 868 2845 921 καὶ
2891 866 2978 921 ὅτι
3024 867 3127 922 οὐκ
3177 868 3296 920 εστι
3346 863 3501 920 τοῦτο
3537 867 3571 937 ἡ
3608 867 3741 920 οὑσία

2206 959 2301 1014 τοῦ
2326 959 2488 1015 Θεοῦ.
2529 959 2659 1027 Ἰδίᾳ
2691 959 2750 1012 δέ
2782 976 2918 1030 φησι
2944 959 3042 1012 καὶ
3076 961 3105 1012 ό
3146 959 3411 1028 Παλαμᾶς
3440 959 3494 1012 ὲν
3529 957 3602 1028 τῷ
3625 958 3744 1011 πιατὰ

2209 1050 2528 1121 Θεοφάνην
2556 1051 2658 1105 καὶ
2692 1053 2980 1120 Θεότιμον
3029 1049 3268 1121 διαλόγῳ
3303 1050 3488 1117 αὑτοῦ,
3515 1067 3535 1102 ι
3569 1050 3623 1104 Et
3654 1051 3744 1119 γὰρ

2215 1146 2344 1216 μήθ’
2375 1143 2698 1208 ὑπόστασις,
2740 1142 2864 1214 μήτ’
2890 1143 3051 1196 οὑσία
3095 1144 3130 1214 ἡ
3181 1142 3370 1216 θεότης
3421 1141 3556 1214 αὕτη
3601 1143 3747 1209 πέφνε

2210 1255 2328 1301 κεν,
2368 1234 2488 1291 ἀλλ’
2517 1236 2670 1290 οὐδὲν
2731 1230 2894 1306 ἧττον
2931 1235 3190 1298 ᾶκτιστός
3226 1235 3344 1290 ἐστι
3382 1234 3474 1288 καὶ
3513 1234 3746 1298 συναῖδιος

2211 1331 2276 1399 τῇ
2311 1329 2472 1396 οὐσίᾳ.
2502 1327 2599 1382 τοῦ
2627 1327 2824 1384 Θεοῦ.)
2865 1327 3027 1380 Ἀλλὰ
3065 1327 3162 1381 καὶ
3189 1327 3218 1380 ό
3242 1325 3624 1394 Θεσσαλονίκης
3657 1326 3750 1378 Κα-

2212 1420 2442 1483 δάσιλας
2495 1419 2688 1482 Neue;
2725 1420 2787 1473 ἐν
2833 1417 3000 1488 λόγῳ,
3038 1413 3102 1473 οὗ
3146 1421 3180 1490 ἡ
3225 1419 3393 1492 ἀρχὴ,
3417 1419 3620 1473 Κανών
3642 1418 3748 1472 ἐστι

2214 1511 2584 1582 θεολογικὸς,
2618 1512 2810 1582 φησὶν,
2843 1528 2864 1563 ι
2909 1511 2980 1565 Ἦ
3014 1510 3116 1582 μὲν
3160 1511 3318 1564 οὑσία
3359 1511 3621 1581 ὑφέστηκε
3652 1507 3751 1561 καθ’

2217 1603 2452 1672 ὲαυτήνο
2513 1604 2547 1672 ἡ
2609 1603 2666 1656 δὲ
2702 1603 2960 1673 ἐνέργεια
3015 1601 3116 1672 οὑχ
3170 1601 3449 1674 ὑφέστηκε
3506 1600 3750 1655 καθ’ὲανο

519 1695 705 1742 creata
755 1696 846 1743 est
888 1695 1056 1756 atque
1113 1695 1382 1743 coaeterna
1423 1687 1745 1744 substantia
1776 1689 1895 1744 Dei.
1934 1709 1952 1743 ι
2008 1690 2113 1747 Sed
2144 1689 2193 1750 B
2221 1696 2342 1766 τήν.
2383 1713 2403 1747 ι

518 1787 576 1836 et
598 1779 716 1850 ipse
742 1779 1256 1836 Thessalonicensis
1274 1777 1558 1837 Cabasilas
1600 1781 1759 1838 Nilus
1795 1783 1850 1837 in
1875 1787 2142 1855 oratione,
2186 1789 2347 1860 cujus
2407 1787 2626 1842 initium
2663 1807 2679 1844 :
2713 1785 2903 1843 Canon
2969 1792 3045 1841 est
3069 1785 3414 1858 theologicae,
3443 1785 3537 1854 ait,
3586 1803 3604 1838 ι
3638 1783 3754 1841 Sub-

520 1871 724 1927 stantia
757 1869 982 1941 quidem
1013 1885 1114 1940 per
1144 1885 1204 1926 se
1233 1871 1521 1936 subsistit,
1556 1874 1807 1942 operatio
1834 1889 1966 1930 vero
2009 1891 2106 1946 per
2142 1893 2202 1934 se
2225 1896 2334 1935 non
2357 1879 2631 1934 subsistit.
2672 1896 2692 1930 ι

590 1964 728 2019 Cum
761 1964 929 2035 igitur
967 1963 1308 2034 hypostasim
1351 1974 1408 2020 et
1465 1965 1875 2035 operationem,
1907 1982 1976 2022 ex
2019 1970 2108 2025 his

2215 1985 2230 2026 ι
2280 1971 2387 2026 Τοῦ
2431 1973 2535 2041 μὲν
2567 1966 2661 2026 οὖν
2691 1972 2790 2042 οὐχ
2817 1969 3187 2040 ὑφεστηκέναι
3225 1973 3329 2042 τὴν
3359 1970 3646 2026 ὑπόστασιν
3675 1969 3751 2022 καί
3783 1981 3788 1984 ’

519 2072 645 2127 quae
673 2056 890 2121 dicunt,
922 2071 1033 2112 non
1071 2056 1378 2112 subsistere
1424 2067 1708 2114 ostensum
1758 2061 1850 2126 sit,
1877 2077 2110 2132 praeser-

519 2147 619 2202 tim
669 2162 699 2201 a
731 2148 865 2203 viris
895 2163 1033 2218 quos
1085 2149 1188 2218 ipsi
1219 2148 1291 2203 ob
1322 2149 1585 2218 pietatem
1612 2157 1698 2220 (ut
1751 2153 1800 2208 id
1831 2153 1996 2211 etiam
2051 2155 2108 2210 in

521 2253 673 2296 tomo
719 2241 897 2311 aiunt)
933 2250 1182 2296 veterum
1225 2242 1398 2297 choro
1424 2255 1744 2299 sanctorum
1805 2255 1974 2317 atque
2011 2248 2111 2305 do-

518 2342 739 2388 ctorum
799 2333 1110 2399 ascribunt,
1154 2344 1212 2390 et
1247 2351 1344 2390 eos
1387 2352 1546 2407 aeque
1582 2353 1733 2393 nunc
1780 2351 1945 2410 atque
1987 2341 2112 2398 illos

519 2425 719 2480 colunt
763 2442 778 2479 :
829 2426 1283 2496 quandoquidem
1351 2427 1689 2499 hypostasim
1758 2431 1916 2486 aliam
1997 2449 2112 2488 rem

519 2527 722 2587 prater
775 2517 1142 2572 substantiam
1175 2519 1381 2573 aiunt:
1437 2522 1545 2574 erit
1606 2522 1912 2578 secundum
1966 2525 2116 2595 ipsos

519 2606 838 2678 liypostasis
873 2621 984 2662 non
1005 2608 1414 2675 substantialis,
1437 2611 1750 2667 substantia
1777 2625 1965 2668 autem
1993 2630 2102 2670 non

521 2699 988 2766 subsistentialis;
1044 2709 1100 2755 et
1154 2700 1420 2770 quoniam
1486 2703 1726 2773 theologi
1777 2705 1847 2760 de
1913 2706 2102 2762 divina

521 2793 879 2863 generatione
909 2791 1030 2847 Filii
1082 2793 1390 2863 loquuntur
1421 2794 1822 2862 indiﬂerentcr,
1861 2806 1917 2852 et
1956 2813 2105 2855 nunc

523 2883 752 2954 quidem
783 2899 910 2938 eum
943 2900 1015 2965 ex.
1045 2885 1356 2940 subswntia
1399 2887 1576 2942 Patris
1608 2888 1860 2957 generari
1889 2889 2104 2944 theolo-

521 2976 641 3046 gice
674 2975 978 3041 disserunt,
1037 2990 1190 3031 nunc
1226 2991 1361 3032 vero
1393 2993 1460 3032 ex
1503 2979 1806 3049 ltypostasi,
1839 2979 2112 3049 siquidem

522 3066 672 3121 aliud
721 3078 807 3121 est
866 3067 1222 3133 substantia,
1274 3076 1330 3122 et
1387 3068 1537 3123 aliud
1595 3069 1908 3140 [typostasis
1952 3072 2109 3143 juxta

523 3160 772 3225 modum,
806 3175 972 3230 quem
1025 3161 1130 3231 ipsi
1165 3161 1470 3216 adversarii
1518 3162 1859 3234 intelligunt,
1901 3163 2110 3218 alteru-

522 3261 667 3306 trum
696 3253 823 3317 erit,
854 3261 950 3307 aut
999 3253 1142 3308 duos
1180 3253 1322 3308 ﬁlios
1355 3267 1420 3307 ex
1446 3253 1606 3309 Patre
1653 3256 1901 3323 generari
1935 3255 2112 3309 faten-

521 3347 652 3398 dum
689 3344 826 3414 ipsis
860 3345 990 3408 crit,
1018 3353 1115 3399 aut
1184 3358 1296 3399 non
1334 3359 1498 3400 unam
1531 3361 1652 3403 esse
1708 3361 1773 3403 ac
1804 3347 2110 3419 simplicem

523 3436 648 3493 Filii
676 3437 1116 3508 generationem.

594 3529 868 3585 Pmterea
892 3569 907 3597 ,
941 3531 1202 3600 quoniam
1235 3533 1600 3612 proprietates
1637 3535 1979 3590 constituere
2011 3533 2113 3605 hy-

475 3619 477 3621 ’
524 3632 782 3696 postascs
834 3623 1124 3692 dicuntur,
1174 3634 1235 3680 ut
1281 3630 1587 3696 paternitas
1629 3628 1969 3700 hypostasim
2009 3629 2112 3682 Pa-

525 3718 648 3784 tris,
705 3717 1014 3789 Itypostasis
1064 3733 1196 3774 vero
1255 3721 1435 3777 Patris
1485 3730 1570 3776 est
1629 3735 1868 3792 persona
1909 3720 2111 3783 Patris,

521 3811 733 3882 quippe
781 3807 1106 3882 ’ltypostasis
1159 3822 1216 3868 et
1293 3829 1531 3885 persona
1592 3814 1741 3868 idem
1826 3823 1912 3869 est
1967 3815 2114 3885 apud

526 3905 819 3976 theologOs
843 3945 858 3972 ,
891 3905 1203 3961 concedent
1235 3923 1301 3960 ex
1329 3924 1438 3962 non
1468 3907 1803 3962 subsistente
1829 3922 1950 3962 esse
1985 3908 2117 3962 sub-

527 4001 776 4068 siStens,
824 4002 999 4072 ipsam
1053 4002 1316 4057 videlicet
1375 4016 1667 4070 personam
1707 4001 1908 4057 Patris.
1958 4002 2115 4068 Quod

522 4094 678 4149 enim
731 4109 967 4166 persona
998 4094 1180 4149 Patris
1217 4094 1500 4160 subsistat,
1544 4092 1680 4148 ﬁdes
1717 4093 1944 4149 fatetur.
1977 4094 2116 4162 Quia

523 4188 679 4242 enim
713 4188 1083 4258 proprietates
1112 4200 1499 4257 personarum,
1545 4201 1780 4256 quarum
1823 4195 1954 4244 sunt
1983 4203 2116 4258 pro-

523 4279 829 4352 prietates,
862 4277 1220 4350 hypostatica:
1254 4285 1418 4342 sunt,
1459 4291 1727 4347 personas
1765 4280 2115 4334 conStituen-

2206 2063 2308 2136 τὴν
2334 2065 2614 2135 ἐνέργειαν
2669 2065 2731 2131 ἐξ
2779 2058 2854 2116 ὧν
2889 2063 3140 2131 λέγουσιν
3177 2062 3648 2133 ἀποδεδειγμένου,
3678 2064 3755 2114 καὶ

2211 2157 2342 2226 παρ’
2380 2155 2610 2226 ἀνδρῶν,
2642 2153 2738 2218 οὓς
2785 2153 2942 2206 αὐτοὶ
2989 2153 3080 2208 διὰ
3124 2153 3226 2222 τὴν
3258 2153 3562 2219 εὐσέϐειαν,
3585 2151 3653 2215 ὡς
3683 2150 3759 2202 καὶ

2207 2246 2367 2300 τοῦτο
2426 2248 2486 2299 ἐν
2533 2245 2616 2315 τῷ
2644 2247 2800 2318 τόμῳ
2855 2247 3028 2316 φασὶ,
3066 2245 3146 2316 τῷ
3185 2245 3336 2318 χορῷ
3385 2244 3495 2298 τῶν
3544 2242 3760 2298 παλαιῶν

2208 2339 2382 2406 ἁγίων
2407 2340 2504 2393 καὶ
2525 2340 2864 2396 διδασκάλων
2891 2339 3275 2410 ἐγγράψαντες
3305 2339 3502 2409 ἐπίσης
3520 2339 3609 2390 νῦν
3638 2335 3760 2388 ἐκεί·

2209 2449 2322 2495 νοις
2354 2434 2616 2503 τιμῶσιν,
2643 2433 2837 2504 ἐπειδὴ
2867 2433 2966 2504 τὴν
3002 2433 3304 2486 ὑπόστασιν
3341 2431 3469 2488 ἄλλο
3501 2430 3647 2499 παρὰ
3675 2426 3758 2496 τὴν

2210 2525 2402 2579 οὐσίαν
2433 2527 2671 2597 πρᾶγμά
2705 2543 2910 2596 φασιν,
2953 2524 3113 2580 ἔσται
3168 2527 3291 2580 κατ’
3316 2525 3513 2588 αὑτοὺς
3546 2521 3759 2578 ductim;

2221 2617 2323 2688 μὲν
2374 2618 2703 2682 ὑπόστασις,
2751 2617 2914 2672 οὐσία
2971 2617 3030 2671 δὲ
3085 2618 3483 2679 ἀνυπόστατος.
3535 2613 3638 2669 Καὶ
3659 2611 3761 2665 tati

2209 2708 2679 2779 ἀπροσδιορίστως
2717 2709 2768 2760 oi
2813 2708 3058 2776 θεολόγοι
3105 2709 3235 2778 περὶ
3275 2707 3376 2778 τῆς
3407 2706 3556 2766 θείας
3591 2702 3760 2772 γεννήο

2213 2817 2356 2863 σεως
2407 2800 2784 2870 διαλεγόμενοι
2833 2800 2929 2854 τοῦ
2981 2800 3154 2864 Υίοῦ,
3203 2799 3338 2854 ποτὲ
3387 2793 3760 2868 μὲνάὒτὸνὲα

2217 2895 2319 2963 τῆς
2348 2892 2541 2955 οὐσίας
2570 2893 2665 2945 τοῦ
2710 2892 2926 2964 ῐίατρδς
2969 2891 3273 2961 γεννᾶσθαι
3303 2891 3630 2958 θεολογοῦσι,
3657 2887 3762 2938 noti

2217 2984 2276 3038 δὲ
2305 2985 2372 3036 ὲκ
2413 2983 2512 3051 τῆς
2544 2984 2921 3046 ὑποστάσεως,
2957 2981 3121 3052 εἴπερ
3156 2980 3287 3036 ἄλλο
3320 2982 3504 3042 οὐσία,
3533 2980 3623 3033 καὶ
3649 2975 3757 3030 ἄλλο

2220 3074 2520 3138 ὑπόστασις
2573 3073 2698 3127 καθ’
2725 3073 2790 3126 ὃν
2831 3073 3035 3142 τρόπον
3086 3074 3136 3125 oi
3187 3073 3536 3143 ἐνιστάμενοι
3573 3067 3760 3127 νοοῦσι,

2214 3163 2364 3218 δυοῖν
2405 3165 2547 3218 ἔστω
2593 3166 2845 3234 θάτερον,
2894 3163 2926 3234 ἢ
2983 3164 3076 3216 δύο
3110 3163 3264 3228 υἱοὺς
3323 3166 3391 3218 ἐκ
3436 3162 3530 3218 τοῦ
3580 3157 3762 3227 Πατρδς

2213 3259 2511 3325 γεννᾶσθαι
2551 3257 2982 3328 ὁμολογήσουσι,
3031 3257 3121 3309 τδν
3171 3257 3269 3326 μὲν
3307 3254 3393 3311 ἐκ
3438 3251 3759 3324 τῆςοὺσίαςι

2216 3350 2310 3402 τὸν
2331 3351 2390 3402 δὲ
2425 3353 2492 3403 ἐκ
2539 3351 2636 3418 τῆς
2689 3349 3046 3411 ὑποστάσεως
3071 3366 3085 3380 ο
3117 3348 3151 3420 ἢ
3207 3350 3283 3420 μὴ
3320 3349 3451 3420 μίαν
3489 3349 3582 3402 καὶ
3611 3345 3763 3406 ἁπλῆν

2211 3437 2354 3496 εἶναι
2384 3442 2477 3512 τοῦ
2515 3442 2646 3494 Υἱοῦ
2680 3443 2780 3512 τὴν
2822 3443 3090 3513 γέννησιν.

2287 3529 2440 3599 Ἐτι,¹
2478 3536 2602 3587 ἐπεὶ
2648 3534 2706 3586 αἱ
2749 3534 3015 3605 ἰδιότητες
3054 3533 3152 3597 τὰς
3199 3534 3532 3598 ὑποστάσεις
3562 3527 3764 3600 ὑφιστᾷν

2213 3627 2610 3697 ὁμολογοῦντας
2669 3621 2784 3680 οἷον
2832 3629 2865 3698 ἡ
2931 3629 3207 3700 πατρότης
3268 3630 3374 3697 τὴν
3432 3627 3526 3681 τοῦ
3581 3623 3766 3693 Πατρδς

2216 3721 2534 3785 ὑπόστασιν,
2559 3721 2590 3790 ἡ
2613 3719 2669 3772 δὲ
2698 3717 2791 3772 τοὺ
2813 3721 3028 3790 Πατρὸς
3055 3721 3358 3785 ὑπόστασις
3381 3721 3443 3773 τὺ
3463 3718 3555 3773 τοῦ
3585 3713 3767 3784 Πατρές

2217 3816 2334 3866 ἐστι
2365 3811 2682 3882 πρόσωπον,
2713 3813 3015 3875 ὑπόστασις
3045 3813 3158 3884 γὰρ
3187 3816 3282 3867 καὶ
3317 3817 3609 3885 πρόσω-πον
3639 3805 3769 3876 παρὰ

2215 3907 2328 3967 τοῖς
2378 3904 2650 3972 θεολόγοις
2701 3906 2909 3958 ταυτόο
2957 3905 3392 3976 ὁμολογήσουσιν
3446 3907 3510 3959 ὲκ
3572 3902 3660 3956 τοῦ
3707 3898 3768 3968 μὴ

2215 3996 2530 4065 ὑιρεστῶτος
2574 3997 2636 4050 τὸ
2685 3995 2955 4065 ὑφεστὼς,
3010 3998 3144 4051 αὑτὸ
3175 3998 3376 4068 δηλαδὴ
3408 3999 3467 4051 τὸ
3501 3997 3766 4062 πρόσωπον

2215 4089 2310 4143 τοῦ
2365 4091 2600 4163 Πατρός.
2644 4091 2718 4144 Τὸ
2763 4091 2874 4162 γὰρ
2897 4093 2964 4144 τὸ
3017 4092 3112 4144 τοῦ
3165 4093 3380 4163 Πατρδς
3427 4088 3768 4160 ὑφεστηκέναι

2218 4185 2525 4255 πρόσωπον·
2567 4185 2720 4256 παρὰ
2769 4185 2870 4255 τῆς
2925 4185 3160 4247 πίστεως
3209 4184 3578 4254 ὡμολόγηται.
3638 4175 3770 4232 Ἐπεὶ

2217 4278 2327 4347 γὰρ
2386 4278 2440 4330 αί
2489 4277 2752 4347 ἰδιότητες
2807 4276 2918 4330 τῶν
2966 4275 3294 4348 προσώπων,
3342 4271 3419 4331 ὧν
3470 4277 3605 4328 εἰσιν
3661 4268 3769 4323 ἰδιό-

533 4382 636 4437 tes,
675 4385 900 4426 necesse
937 4378 1044 4435 est,
1078 4369 1297 4424 Patrem
1331 4383 1440 4422 non
1469 4384 1660 4424 carere
1688 4385 1876 4431 causa,
1910 4370 2005 4424 sed
2043 4369 2111 4424 ab

2230 4385 2416 4440 τητες,
2470 4368 2834 4422 ὑποστατικαί
2866 4372 2972 4423 εἰσι
3003 4369 3176 4423 ταῦτα
3222 4369 3548 4438 ὑφιστῶσαι,
3580 4366 3768 4430 ἀνάγκη

529 4466 718 4534 aliquo
752 4478 876 4518 esse
921 4472 978 4518 et
1008 4477 1076 4516 ex
1128 4477 1238 4515 non
1287 4462 1647 4527 subsistente,
1679 4471 1738 4517 ut
1769 4464 1976 4518 dictum
2005 4476 2110 4525 est,

523 4557 738 4626 aliquid
790 4570 917 4612 esse
949 4554 1280 4619 subsistens,
1322 4564 1378 4608 et
1421 4571 1486 4609 ex
1524 4572 1633 4609 non
1671 4553 1951 4626 hypostasi
1994 4568 2115 4609 esse

526 4651 878 4720 hyposmsim
906 4688 922 4714 ,
956 4648 1123 4718 idque
1167 4647 1252 4702 vel
1296 4649 1601 4703 secundum
1659 4648 2072 4718 generationem
2097 4685 2113 4712 ,

527 4741 620 4796 vel
663 4740 1116 4810 processionem,
1169 4738 1253 4791 vel
1313 4739 1359 4791 si
1414 4739 1574 4792 aliter
1630 4738 1835 4806 lingere
1900 4736 2116 4804 volunt,

533 4844 706 4902 atque
735 4831 810 4884 ita
844 4829 966 4884 duae
1009 4833 1224 4901 Species
1247 4830 1554 4884 Trinitatis
1604 4829 1972 4898 apparebunt,
2007 4845 2116 4883 una

525 4929 758 5000 quidem
789 4941 855 4981 ex
882 4925 1229 4995 paternitatc,
1255 4933 1672 4993 etquaecunque
1693 4940 1758 4976 ex
1783 4924 2119 4993 paternitate

528 5019 893 5093 proveniunt,
944 5019 1060 5088 ipsa
1090 5017 1306 5078 tiliatio,
1355 5025 1413 5069 et
1459 5018 1756 5085 spiritatio,
1785 5019 1830 5069 si
1866 5031 2007 5085 opus
2035 5025 2122 5072 est

530 5115 612 5170 ita
647 5114 954 5168 nominare.
989 5111 1171 5165 Altera
1217 5109 1431 5179 species
1466 5109 1650 5174 Pater,
1691 5108 1863 5162 Filius
1916 5117 1973 5162 et
2002 5107 2122 5179 Spi-

533 5208 678 5262 ritus
712 5213 958 5269 sanctus,
989 5205 1106 5257 sive
1135 5212 1246 5255 tres
1278 5214 1550 5270 personae.

1303 5297 1340 5320 δ

601 5386 881 5443 -Ρτωιοτοιι
931 5384 1248 5440 fatebuntur
1278 5398 1385 5436 non
1420 5396 1541 5434 csse
1583 5395 1872 5450 personam
1904 5397 1970 5436 ex
2000 5397 2128 5451 per-

531 5497 697 5547 sona,
723 5481 817 5534 sed
848 5478 1172 5532 relationem
1201 5494 1265 5532 ex
1293 5475 1564 5533 relatione
1601 5493 1612 5528 :
1650 5477 1777 5545 quia
1819 5475 1963 5529 enim
1998 5491 2124 5545 per.

508 5589 674 5630 ,sona
703 5580 794 5626 est
825 5569 1132 5625 substantia
1164 5584 1286 5624 eum
1325 5567 1560 5638 quadam
1606 5568 1942 5638 proprit-tate
1979 5570 2124 5637 (per-

535 5679 674 5720 sona
707 5662 858 5716 enim
904 5660 1050 5715 dicta
1087 5669 1171 5715 est
1204 5660 1543 5716 Damasceno
1587 5659 1638 5714 id
1673 5660 1819 5729 quod
1857 5672 1940 5713 est
1973 5675 2124 5712 com-

540 5772 710 5814 mune
742 5771 869 5811 cum
917 5755 1180 5829 proprio),
1237 5755 1545 5810 substantia
1593 5768 1723 5807 tero
1756 5767 1862 5806 una
1891 5767 2015 5806 cum
2053 5753 2123 5807 sit

2221 4457 2296 4528 μὴ
2367 4456 2611 4510 ἀναίτιον
2667 4452 2807 4510 εἶναι
2875 4457 2975 4511 τὸν
3034 4458 3250 4528 Πατέρα
3283 4497 3296 4520 ,
3333 4457 3449 4510 ἀλλ’
3503 4456 3563 4506 ἐκ
3610 4463 3770 4510 τινος.

2218 4549 2313 4602 καὶ
2343 4551 2408 4600 ὲκ
2430 4548 2524 4600 τοῦ
2559 4549 2634 4617 μὴ
2658 4547 2994 4616 ὑφεστῶτος,
3021 4550 3096 4609 ὠς
3125 4547 3342 4618 εἴρηται
3362 4588 3377 4608 ,
3416 4546 3476 4598 τὸ
3513 4540 3771 4611 ὑφεστὼς.

2218 4644 2315 4698 καὶ
2346 4643 2409 4694 ἐκ
2438 4641 2538 4710 τῆς
2575 4641 2650 4711 μὴ
2673 4641 3024 4702 ὑποστάσεως
3047 4639 3147 4708 τὴν
3171 4639 3490 4699 ὑπόστασιν,
3523 4637 3611 4688 καὶ
3635 4630 3771 4684 τοῦτο

2219 4730 2252 4800 ἢ
2289 4733 2432 4785 κατὰ
2451 4734 2735 4801 γέννησιν,
2771 4732 2801 4800 ἢ
2829 4731 2950 4783 κατ’
2979 4731 3329 4800 ἑκπόρευσιν·
3369 4728 3402 4800 ἢ
3445 4730 3600 4796 εἴπερ
3621 4721 3772 4777 ἄλλως

2223 4822 2498 4893 βούλοιντο
2550 4824 2830 4888 πλάττειν,
2869 4825 2962 4876 καὶ
2985 4821 3131 4876 οὕτω
3181 4821 3276 4874 δύο
3319 4819 3436 4890 εἴδη
3492 4819 3588 4887 τῆς
3622 4811 3769 4882 Τριά⁶

2221 4917 2310 4980 δος
2358 4919 2790 4987 ἀναφανήσεται,
2831 4917 2890 4969 τὸ
2925 4917 3023 4987 μὲν
3074 4915 3138 4967 ἐκ
3192 4916 3290 4985 τῆς
3322 4911 3657 4984 πατρότητος
3691 4897 3769 4954 καὶ

2223 5011 2328 5063 ὅσα
2357 5011 2420 5062 ὲκ
2459 5009 2558 5080 τῆς
2581 5008 3202 5078 πατρότητοςπρόεισιν,
3231 5007 3366 5077 αὑτὴ
3409 5007 3442 5076 ἡ
3486 5005 3661 5067 υιότης
3696 4991 3772 5080 καὶ

2224 5103 2260 5172 ἡ
2300 5100 2688 5170 πνευματότης
2717 5142 2734 5166 ,
2765 5101 2813 5151 εί
2851 5099 2934 5152 δεῖ
2973 5098 3152 5161 οὓτως
3198 5097 3523 5168 ὀνομάζειν·
3579 5090 3636 5144 τὸ
3673 5079 3772 5137 δὲδ

2224 5192 2443 5263 Πατὴρ,
2477 5192 2575 5244 καὶ
2620 5193 2649 5244 ό
2685 5191 2812 5254 Υἱὸς
2869 5192 3059 5244 καὶτὸ
3103 5191 3326 5260 Πνεῦμα
3376 5191 3439 5241 τὸ
3493 5187 3658 5252 ἅγιον,
3690 5173 3770 5226 εἷς’

2226 5283 2322 5340 οὗν
2355 5292 2422 5340 τὰ
2461 5286 2589 5357 τρία
2629 5286 2922 5356 πρόσωπα.

2239 5400 2260 5430 ,τ
2306 5381 2428 5433 Ἔτι
2481 5379 2538 5432 δὲ
2588 5378 2988 5447 ὁμολογήσουσι
3052 5375 3126 5445 μὴ
3175 5370 3316 5428 εῖναι
3379 5370 3660 5442 πριξσωπον
3719 5361 3770 5406 ἐκ

2233 5472 2556 5545 προσώπου,
2595 5470 2715 5526 ἀλλ’
2742 5471 3029 5540 ἀναφιρὰν
3058 5469 3121 5533 ἐξ
3164 5467 3463 5536 ἀναφορᾶς.
3505 5459 3648 5514 Ἐπεὶ
3679 5464 3770 5517 ‘1”?

2231 5567 2524 5639 πρόσωπόν
2604 5566 2755 5617 ἐστιν
2813 5565 2846 5634 ὴ
2911 5563 3070 5616 οὐσία
3139 5562 3278 5632 μετὰ
3332 5576 3473 5619 τινος
3535 5552 3767 5642 ἰδιότητος

2233 5661 2546 5729 (πρόσωπον
2585 5655 2692 5724 γὰρ
2748 5655 2965 5726 εἴρηται
3013 5654 3090 5725 τῷ
3137 5647 3482 5730 Δαμασκηνῷ
3529 5644 3587 5698 τὸ
3615 5645 3770 5730 κοινον

2235 5721 2374 5822 μετὰ
2420 5750 2513 5803 τοῦ
2568 5721 2924 5818 ἰδιάζοντος),
2964 5721 3082 5816 ἡδέ
3129 5721 3283 5796 οὐσία
3345 5727 3442 5811 μία
3487 5734 3616 5790 οὖσα
3641 5721 3770 5788 καλή

3919 2210 3921 2284 4
