4036 6456
364 348 472 414 869

1285 340 1384 402 DE
1427 332 1948 400 PROCESSIONE
1985 326 2349 390 SPlRITUS
2389 324 2680 385 SANCTI.

3514 318 3627 383 870

369 467 507 537 αὐτὴ
545 463 623 534 τῷ
658 459 877 534 ἀριθμῷ
907 497 922 524 ,
960 457 1086 513 οὔτε
1124 456 1421 527 ἀγέννητός
1461 455 1634 519 ἐστιν,
1669 449 1793 505 οὐτε
1821 465 1955 537 ,γεν-

2080 455 2116 498 ξι
2148 441 2342 498 eadem
2373 453 2627 503 numero,
2654 451 2833 506 neque
2868 433 3113 505 ingenita
3144 439 3248 496 est,
3277 445 3456 500 neque
3487 433 3638 498 geni-

369 536 528 631 vq-rlj,
559 553 672 608 οὐτ’
705 549 1143 621 ἐκπορευομένη,
1171 547 1348 612 ἄλλως
1374 547 1484 617 γὰρ
1517 545 1670 615 τρεῖς
1710 540 1778 596 ἂν
1810 536 1955 611 ἦσαν

370 650 554 705 οὐσίαι
610 645 1063 717 διακεκριμέναι,
1105 641 1504 712 ἀπολελυμέναι
1561 635 1825 704 ἀλλήλων,
1857 635 1956 686 καὶ

374 741 758 812 ἀντικείμεναι
806 737 1089 805 ἀλλήλαις*
1122 735 1372 789 λείπεται
1407 729 1575 802 μηδὲν
1604 727 1732 783 ἄλλο
1763 722 1955 795 προϊέ-

375 853 466 891 ναι
506 833 567 899 ἐξ
603 833 791 896 ἄλλον,
829 833 879 886 εί
927 831 1002 901 μὴ
1036 829 1276 898 ἰδιότητα
1306 825 1366 892 ἐξ
1409 821 1693 894 ἰδιότητος,
1731 817 1830 870 εἴτ’
1862 814 1958 869 οὖν

376 929 474 1000 τὴν
519 927 749 996 υῑότητα
783 925 846 978 ἑκ
873 923 974 994 τῆς
1007 921 1378 992 πατρότητος.

453 1019 578 1072 Ἔτι
607 1035 668 1072 τε
701 1017 828 1072 ἐπεὶ
871 1019 897 1070 ό
936 1013 1038 1086 μὲν
1077 1013 1209 1076 Υἱὸς
1251 1010 1432 1064 καὶτὸ
1463 1007 1692 1076 Πνεῦμα
1721 1005 1780 1059 τὸ
1803 1001 1960 1071 ἅγιον

378 1113 568 1170 έκτοῦ
601 1110 814 1182 Πατρδς
861 1109 1232 1178 ὁμολογεῖται,
1263 1106 1292 1158 ό
1339 1103 1396 1156 δὲ
1436 1101 1626 1170 Πατὴρ
1671 1098 1813 1152 κατὰ
1856 1096 1957 1182 τᾲς

379 1204 565 1267 θέσεις
598 1170 870 1254 αὐτὶὐν-ὲκ
892 1170 991 1267 τῆς
1027 1170 1309 1265 πατρικῆς
1358 1191 1648 1260 ἰδιότητος,
1682 1185 1807 1254 ἥτις
1847 1170 1960 1235 οῡ¹τ⁹

379 1295 544 1351 οὐσία
595 1292 709 1347 οὐθ’
746 1287 1050 1352 ὐπόστασίς
1115 1287 1261 1350 ἐστι,
1312 1282 1409 1336 καὶ
1465 1281 1627 1334 τοῦτο
1677 1276 1819 1329 κατὰ
1860 1274 1962 1336 τὰς

382 1387 568 1450 θέσεις
604 1381 807 1447 αὐτῶν,
845 1380 1024 1434 πάντα
1076 1377 1134 1430 δὲ
1197 1377 1262 1428 ὲκ
1319 1371 1418 1426 τοῦ
1472 1369 1691 1438 [ἰατρὸς
1724 1368 1813 1421 διὰ
1865 1363 1961 1418 τοῦ

382 1477 517 1532 Υίοῦ
544 1477 600 1530 ὲν
628 1473 912 1544 Πνεῦματι
935 1470 1076 1540 ἁγίῳ
1098 1467 1242 1523 κατὰ
1266 1467 1391 1528 τοὺς
1409 1465 1695 1531 θεολόγους
1716 1461 1961 1527 γέγονεν·

372 1555 904 1636 ’ἀναγκασθήσονται
957 1560 1020 1616 τὸ
1065 1556 1141 1632 μῆ
1170 1555 1420 1626 ὑφεστὼς
1453 1553 1560 1606 τῶν
1594 1552 1756 1606 θείων
1790 1564 1964 1620 προσ-

383 1658 554 1713 ώπων
592 1656 687 1711 καὶ
725 1654 909 1724 πάσης
946 1650 1049 1722 τῆς
1091 1649 1326 1710 κτίσεως
1351 1643 1522 1698 αἴτιον
1556 1642 1788 1696 τιθέναι.

2059 545 2134 598 ta,
2163 547 2344 602 neque
2375 529 2678 601 procedens
2715 543 2730 582 :
2760 526 2922 582 aliter
2959 523 3106 579 enim
3146 530 3260 578 tres
3289 530 3472 576 essent
3511 521 3640 576 sub-

2059 625 2281 682 stantia:
2316 623 2596 687 discretze,
2630 619 2898 674 absolutae
2928 616 3075 671 inter
3110 627 3190 677 se,
3223 621 3390 681 atque
3417 611 3641 681 Opposi-

2061 728 2128 774 ta:
2155 718 2221 772 ad
2250 716 2484 771 invicem
2511 731 2525 768 :
2553 713 2827 782 reliquum
2870 716 2975 773 est,
3010 717 3072 762 ut
3101 706 3238 760 nihil
3270 703 3417 759 aliud
3445 717 3643 774 prove-

2059 811 2178 864 niat
2217 824 2285 864 ex
2323 809 2452 870 alio,
2502 805 2612 860 nisi
2658 801 2970 875 proprietas
3020 815 3087 856 ex
3119 798 3482 870 proprietate,
3525 794 3643 850 sive

2061 901 2256 956 ﬁliatio
2285 915 2349 955 ex
2387 897 2742 969 paternitate.

2132 993 2426 1056 Praeterea,
2455 989 2714 1060 quoniam
2742 987 2916 1041 Filius
2947 993 3004 1041 et
3025 973 3266 1055 Spiritus
3322 987 3546 1036 sanctus
3571 993 3641 1034 ex

2067 1088 2225 1140 Patre
2280 1097 2402 1139 esse
2455 1081 2736 1137 communi
2793 1092 3067 1133 consensu
3117 1073 3427 1145 recipitur,
3482 1072 3645 1126 Pater

2065 1185 2275 1238 autem,
2331 1175 2640 1229 secundum
2693 1185 2888 1226 eorum
2940 1167 3270 1239 positiones,
3300 1179 3368 1220 ex
3417 1170 3646 1233 paterna

2067 1280 2152 1324 est
2185 1269 2547 1339 proprietate,
2579 1281 2702 1335 quae
2734 1277 2913 1332 neque
2959 1259 3288 1322 substantia,
3326 1271 3508 1325 neque
3547 1254 3648 1325 hy-

2067 1359 2304 1430 postasis
2335 1365 2442 1422 est,
2477 1357 2642 1425 idque
2683 1352 2986 1408 secundum
3038 1349 3282 1420 ipsorum
3319 1345 3645 1416 positiones,

2068 1448 2252 1504 Omnia
2295 1458 2478 1503 autem
2526 1449 2666 1501 iacta
2698 1455 2827 1498 sunt
2864 1443 3022 1514 juxta
3061 1439 3345 1508 theologos
3377 1451 3443 1490 ex
3489 1436 3650 1489 Patre

2066 1557 2168 1612 per
2220 1541 2421 1595 Filium
2484 1538 2540 1591 in
2581 1535 2796 1606 Spiritu
2864 1540 3077 1598 sancto,
3109 1539 3375 1600 cogentur
3431 1525 3651 1596 aliquod

2071 1633 2214 1705 quod
2251 1645 2361 1686 non
2405 1627 2680 1691 subsistit,
2709 1635 2766 1681 et
2811 1623 3125 1680 divinarum
3172 1633 3556 1691 personarum,
3595 1627 3654 1673 et

2073 1725 2240 1780 totius
2262 1731 2528 1778 creatura:
2545 1734 2753 1792 ponere
2778 1732 3020 1774 causam.

460 1816 587 1870 Ἔτι
644 1829 708 1868 τε
771 1805 1284 1878 ἀναγκασθήσονται
1332 1800 1618 1873 ὁμολογεῖν
1674 1797 1768 1852 επὶ
1822 1793 1959 1850 Θεοῦ

2139 1818 2408 1873 Praeterea
2438 1791 2706 1885 cogentur
2735 1811 2894 1866 fateri
2957 1807 3413 1881 compositionem
3446 1819 3567 1862 esse
3596 1804 3653 1859 in

397 1908 674 1973 σύνθεσιν,
709 1904 761 1957 εί
814 1901 1020 1971 καὶμὴ
1065 1899 1174 1970 τῆς
1219 1894 1408 1957 οὐσίας
1453 1893 1546 1947 καὶ
1575 1894 1676 1963 τῆς
1724 1889 1967 1944 ὑποστά-

397 2011 560 2060 σεως,
587 1993 688 2064 τῆς
721 2007 781 2047 τε
821 1990 1166 2060 πατρότητος
1197 1986 1296 2042 καὶ
1325 1985 1593 2054 υίότητος,
1619 1983 1656 2038 ἃ
1684 1981 1791 2036 τῶν
1830 1982 1968 2050 πρός

395 2085 448 2140 τί
489 2087 658 2142 ἐστιν.
705 2085 774 2137 Ἃ
812 2082 878 2154 δὴ
916 2082 1055 2153 πρός
1095 2096 1174 2146 τι,
1222 2078 1420 2147 ἐφόσον
1461 2078 1582 2132 ἐστὶ
1629 2074 1866 2147 πρᾶγμά
1890 2091 1965 2141 τι,

397 2178 648 2234 σύνθεσιν
680 2177 902 2247 ποιήσει
1009 2174 1076 2228 ἂν
1108 2172 1501 2241 προσγένηται.
1539 2169 1659 2222 Ἔτι
1688 2185 1747 2222 τε
1782 2168 1968 2238 δεήσει

401 2269 752 2341 συμσεσηκὺς
796 2266 958 2322 τοῦτο
1011 2266 1270 2335 φάσκειν
1307 2263 1418 2316 πᾶν
1447 2260 1556 2329 γὰρ
1587 2260 1776 2330 χρῆμα
1805 2261 1862 2312 ὲν
1889 2258 1967 2328 τῷ

393 2363 725 2433 ὶνυπάρχειν
762 2360 824 2414 τὸ
879 2354 1017 2414 εῖναι
1051 2357 1200 2428 ἔχον,
1254 2350 1605 2424 συμόεὸηκός
1639 2352 1807 2404 ἑστιν.
1845 2348 1966 2400 Ἔτι

393 2473 452 2511 τε
486 2456 672 2527 δεήσει
730 2469 786 2508 τι
840 2453 1075 2525 πρᾶγμα
1111 2446 1266 2520 παρὰ
1316 2446 1418 2517 τὴν
1463 2442 1560 2498 τοῦ
1611 2441 1748 2494 Θεοῦ
1778 2439 1966 2493 οὐσίαν

395 2545 537 2602 εἶναι
566 2546 810 2601 αἰώνιον.
852 2545 921 2599 Ἀ
967 2541 1035 2615 δὴ
1081 2541 1260 2598 πάντα
1303 2535 1561 2606 αίρετικὰ
1616 2533 1710 2587 καὶ⁴
1766 2533 1966 2588 ἄτοπα·

394 2643 590 2697 ἕπεται
625 2639 812 2712 μέντοι
848 2638 962 2702 τοῖς
994 2636 1093 2709 τὴν
1123 2636 1446 2706 πατρότητα
1475 2628 1572 2685 καὶ¹
1598 2625 1698 2698 τὴν
1727 2626 1970 2680 ὑπόστα-

400 2752 484 2790 σιν
523 2733 713 2804 ἒτερον
752 2733 852 2804 τῆς
885 2728 1074 2792 οὐσίας
1112 2725 1447 2798 τιθεμένοις.

399 2827 713 2886 ternitatem
750 2832 834 2886 οι,
870 2819 1212 2896 bypostasim
1250 2819 1398 2876 aliud
1442 2831 1564 2875 esse
1601 2831 1636 2873 a
1681 2816 1984 2875 substantia
2015 2826 2252 2889 ponunt.

989 2917 1244 2973 ΚΕΦΑΛ.
1292 2914 1371 2972 Β’.

2072 1911 2180 1964 Deo
2211 1949 2225 1974 ,
2270 1907 2375 1962 etsi
2427 1921 2537 1961 non
2603 1904 2922 1960 substantias
2951 1939 2968 1966 ,
3018 1910 3074 1956 at
3113 1897 3435 1955 substantiae
3491 1907 3656 1967 atque

2070 2000 2456 2072 hypostaseos,
2487 1995 2837 2067 paternitatis
2895 1994 3028 2050 item
3082 2006 3148 2046 ac
3187 1988 3488 2052 tiliationis,
3527 2003 3651 2058 quia

2069 2090 2170 2144 ad-
2202 2087 2411 2158 aliquid
2471 2086 2698 2140 relativa
2752 2093 2904 2139 sunt.
2939 2082 3072 2149 Quae
3127 2096 3261 2136 sane
3307 2080 3374 2134 ad
3418 2078 3570 2147 aliqu
3594 2079 3651 2138 d.

2068 2189 2344 2252 quatenus
2373 2191 2500 2234 sunt
2543 2178 2726 2247 aliqua
2771 2190 2895 2242 res,
2927 2173 3389 2244 compositionem
3439 2170 3654 2226 facient

2067 2284 2192 2325 cum
2223 2283 2292 2323 eo
2338 2267 2406 2322 ad
2450 2263 2600 2337 quod
2644 2263 3012 2319 accesserint.
3041 2260 3317 2316 Praterea
3367 2272 3509 2327 opus
3546 2256 3658 2312 erit

2067 2361 2323 2415 accidens
2367 2358 2517 2414 istud
2557 2373 2853 2415 asserere:
2892 2355 3097 2424 quippe
3135 2351 3315 2408 omnis
3355 2364 3466 2416 res,
3499 2349 3663 2420 cujus

2072 2467 2196 2509 esse
2225 2460 2312 2507 est
2344 2451 2398 2506 in
2425 2465 2569 2516 esse,
2601 2449 2862 2506 accidens
2913 2455 3018 2501 est.
3067 2445 3337 2499 Praeterea
3361 2454 3498 2511 opus
3528 2441 3659 2504 erit,

2076 2552 2138 2600 ut
2171 2543 2356 2613 aliqua
2389 2557 2480 2597 res
2507 2553 2708 2613 praeter
2743 2540 2840 2595 Dei
2884 2536 3250 2594 substantiam
3315 2533 3389 2589 sit
3429 2543 3656 2588 eterna.

2077 2635 2210 2699 Quae
2256 2643 2406 2690 certe
2430 2633 2618 2689 omnia
2653 2631 2914 2688 haeretica
2942 2636 3071 2684 sunt
3101 2635 3158 2682 et
3185 2624 3442 2688 absurda,
3469 2638 3663 2679 neces-

2080 2727 2234 2784 sario
2262 2735 2447 2783 tamen
2472 2732 2782 2796 sequuntur
2803 2739 2870 2781 ex
2893 2735 3088 2778 eorum
3119 2717 3415 2784 sententia,
3441 2715 3536 2786 qui
3559 2731 3660 2786 pa-

2697 2911 2923 2969 CAPUT
2962 2910 3028 2966 ll.

403 3016 562 3075 Κατὰ
593 3015 731 3070 τίνα
775 3011 893 3083 τὴν·
921 3010 1184 3083 ἔννοιανῄ
1209 3008 1366 3065 ἄλλο
1410 3008 1634 3083 οὐσίαις
1678 3007 1976 3083 trabalia

2080 3004 2192 3072 Quo
2224 3019 2378 3062 sensu
2407 3006 2585 3060 dicant
2616 3003 2843 3083 theologi
2885 3004 3172 3083 aliud_essa
3199 3005 3577 3074 substantiam,
3607 3013 3657 3061 et

542 3079 893 3143 ὑπόστασιν
917 3086 974 3138 οι
1008 3081 1280 3150 θεολόγοι
1309 3081 1501 3150 φασιν
1529 3079 1626 3133 ἐπὶ
1660 3079 1830 3135 Θεοῦ.

401 3202 407 3208 ·
484 3183 731 3252 Ἀνάγκη
757 3177 944 3233 τοίνυν
969 3175 1061 3231 διὰ
1087 3173 1264 3230 ταῦτα
1289 3175 1392 3238 τὰς
1417 3171 1593 3244 ἀρχὰς
1618 3173 1716 3242 τῆς
1742 3171 1977 3236 πίστεως

403 3273 806 3345 φυλάττοντας,
837 3269 875 3340 ἦ
909 3284 1045 3340 φησι
1092 3265 1188 3322 τὸν
1222 3265 1393 3320 αὐτὸν
1422 3264 1558 3319 Θεὸν
1584 3264 1682 3318 ἕνα
1707 3261 1850 3319 εἶναι
1883 3264 1980 3318 καὶ

400 3369 557 3440 τρία,
589 3365 788 3420 οὐσίαν
814 3361 1248 3435 τὴνύπόστασιν
1288 3359 1385 3412 καὶ
1419 3359 1518 3428 τὴν
1547 3356 1797 3438 ’ἰδιότητα
1834 3355 1979 3409 τιθέ-

405 3435 495 3517 ναι
533 3460 646 3524 τοῖς
695 3456 970 3526 θεολόγοις
1003 3451 1318 3524 ἑπομένως.
1368 3453 1445 3506 Οὐ
1489 3435 1586 3504 καὶ
1630 3449 1755 3502 καθ’
1786 3446 1982 3517 ἑτέραν
2014 3443 2017 3446 ’

403 3549 570 3616 αὖθις
599 3551 813 3605 ἔννοιαν
839 3548 971 3604 ἄλλο
1000 3546 1160 3602 οὐσία
1188 3545 1286 3601 καὶ
1334 3543 1465 3599 ἄλλο
1510 3543 1812 3603 ὑπόστασις
1848 3535 1980 3607 παρ’

403 3645 589 3700 αὐτῶν
609 3642 718 3697 τῶν
739 3639 1094 3698 ’διδασκάλων
1124 3639 1372 3711 ιιῐρηται⁹
1415 3635 1513 3691 καὶ
1544 3635 1694 3696 ὅπως
1719 3631 1982 3700 ἑκάτερον

401 3736 702 3810 ἀληθεύειν
728 3734 958 3790 δυνατὸν
994 3735 1056 3788 έν
1093 3733 1206 3797 τοῖς
1233 3729 1522 3800 ἑπομένοις
1561 3725 1887 3800 ῥηθήσεται.
1920 3720 1988 3776 Et

408 3849 461 3900 τι
487 3831 587 3903 μὲν
606 3829 702 3884 οὐν
736 3828 836 3882 καὶ
851 3825 1162 3899 βαθύτερον
1201 3821 1440 3878 ὶνταῢθα
1467 3819 1698 3891 θεωρεῖν
1735 3814 1829 3889 ἦν,
1857 3817 1988 3888 περὶ

411 3925 608 3979 τούτου
660 3921 724 3976 τό
767 3934 834 3991 γε
883 3917 983 3974 νῦν
1029 3913 1172 3971 εἶναι
1227 3913 1632 3985 παραιτητέον,
1677 3910 1775 3965 τοῦ
1821 3909 1984 3976 λόγου

413 4016 554 4087 πρὸς
583 4013 784 4085 ἀνδρας
816 4010 1014 4076 ὄντος,
1068 4006 1120 4061 οἳ
1179 4004 1256 4077 μὴ
1299 4005 1592 4074 δυνάμενοι
1641 4001 1714 4056 τὰ
1763 4002 1829 4055 ὲκ
1876 3999 1988 4054 τῶν

412 4105 697 4176 λογισμῶν
754 4101 1051 4167 συνιέναι,
1113 4096 1303 4166 ὥσπερ
1359 4096 1412 4149 οι
1464 4093 1752 4148 κακόσιτοι
1805 4092 1988 4146 πᾶσαν

415 4198 645 4272 τροφὴν,
671 4193 815 4250 οὕτω
845 4195 942 4248 καὶ
962 4183 1112 4245 οὗτοι
1147 4188 1329 4243 πάντα
1351 4185 1787 4258 ἀποστρέφονται
1803 4182 1984 4250 λόγον’

415 4297 481 4349 ιιι
536 4294 595 4347 δὲ
646 4290 758 4345 τῶν
823 4282 1158 4340 διδασκάλων
1193 4277 1609 4349 οὲπιχειρητέον
1666 4274 1745 4346 τῷ
1794 4273 1982 4344 λόγῳ,

2599 3076 2750 3130 aliud
2780 3075 3128 3146 hypostrm'm.

2147 3167 2387 3224 Necesse
2411 3177 2495 3224 est
2525 3167 2695 3238 igitur
2752 3176 3046 3237 propterea
3084 3167 3353 3239 principia
3389 3167 3517 3224 ﬁdei
3543 3183 3662 3224 ser-

2079 3269 2280 3317 vantcs
2317 3260 2462 3330 (quae
2498 3259 2662 3316 docet
2693 3259 2954 3315 eumdem
3001 3260 3176 3316 Deum
3223 3277 3391 3316 unum
3447 3277 3569 3318 esse
3609 3271 3668 3317 et

2080 3356 2233 3420 trial,
2255 3353 2616 3409 substantiam
2651 3368 2860 3423 ponere
2893 3368 3018 3409 esse
3065 3354 3405 3424 hypostasim
3433 3365 3490 3411 et
3531 3370 3665 3426 pro-

2082 3449 2403 3520 prietatem,
2433 3447 2589 3518 juxta
2619 3447 2929 3502 doctrinam
2974 3447 3380 3519 theologorum.
3403 3446 3670 3516 Quamvis

2081 3539 2384 3594 secundum
2415 3539 2577 3594 aliam
2606 3539 3026 3610 intelligentiam
3065 3555 3260 3596 rursus
3289 3541 3497 3596 dictum
3529 3541 3598 3595 sit
3633 3555 3662 3594 a

2083 3631 2399 3687 doctoribus
2452 3631 2602 3686 aliud
2635 3645 2757 3687 esse
2795 3633 3158 3688 substantiam
3180 3671 3196 3697 ,
3220 3643 3278 3690 et
3311 3633 3461 3689 aliud
3493 3633 3669 3704 hypo-

2081 3724 2298 3791 stasim,
2327 3738 2506 3792 quave
2533 3723 2746 3778 ratione
2773 3731 3072 3794 utrumque
3099 3723 3217 3779 ﬁeri
3249 3733 3448 3794 potest,
3477 3733 3541 3778 ut
3575 3740 3669 3779 ve-

2059 3829 2213 3869 .rum
2242 3814 2336 3881 sit,
2364 3814 2420 3868 in
2451 3815 2928 3884 consequentibus
2959 3815 3197 3870 dicetur.
3233 3815 3289 3872 Si
3321 3816 3456 3886 quid
3495 3815 3666 3886 igitur

2083 3915 2141 3965 et
2177 3907 2344 3962 altius
2369 3907 2461 3964 hic
2503 3915 2624 3963 erat
2667 3907 3150 3973 considerandum,
3183 3903 3252 3964 de
3287 3907 3475 3965 hocin
3523 3923 3668 3979 pra;-

2085 4001 2269 4056 sentia
2294 3998 2596 4067 disserere,
2615 3999 3158 4069 praetermittendum
3185 4007 3291 4067 est,
3321 4014 3446 4055 cum
3479 4014 3673 4055 sermo

2052 4090 2161 4146 sit
2209 4090 2278 4146 ad
2329 4090 2609 4158 homines,
2649 4091 2744 4160 qui
2808 4090 3036 4146 minime
3093 4090 3380 4161 percipere
3423 4090 3664 4154 valeant,

2089 4195 2214 4250 qua:
2257 4187 2389 4236 sunt
2437 4180 2960 4249 ratiocinationum,
3009 4179 3476 4251 quemadmodum
3527 4182 3678 4236 male

2090 4273 2288 4328 nutriti
2343 4271 2633 4328 fastidiunt
2685 4287 2908 4328 omnem
2962 4273 3182 4340 cibum;
3226 4273 3310 4328 sic
3358 4274 3522 4327 etiam
3575 4273 3674 4327 isti:

418 4383 694 4457 σαφηνείᾳ
721 4376 1027 4452 χρωμένοις
1059 4375 1184 4428 ὅσον
1211 4365 1325 4425 οἷόν
1348 4387 1430 4424 τε.
1465 4369 1576 4423 Καὶ
1603 4366 1821 4438 πρῶτον
1847 4363 1978 4420 κατὰ

2093 4378 2312 4420 omnem
2350 4373 2682 4421 aversantur
2715 4365 3009 4420 rationem.
3057 4365 3106 4418 Δ
3131 4363 3453 4421 doctoribus
3481 4373 3678 4418 autem.

415 4479 538 4535 τίνα
570 4479 672 4548 τὴν
723 4473 935 4528 ἔννοιαν
984 4468 1114 4523 ἄλλο
1145 4465 1343 4520 οὐσίαν
1377 4462 1477 4516 καὶ
1521 4460 1652 4516 ἄλλο
1690 4458 1990 4512 ὑπόστασιν

416 4572 465 4625 oi
498 4568 745 4638 θεολόγοι
785 4563 940 4634 φασίο
971 4559 1251 4630 δεύτερον,
1300 4556 1450 4618 ὅπως
1504 4552 1686 4620 οὐσία,
1712 4552 1808 4606 καὶ
1853 4549 1990 4604 ὑπό·-

419 4681 632 4729 στασις,
672 4662 768 4716 καὶ
800 4658 1004 4728 ἰδιότης
1033 4655 1126 4714 ἐπὶ
1163 4651 1301 4706 Θεοῦ
1351 4648 1552 4703 ταύτόν
1582 4647 1720 4702 ἐστι.
1764 4642 1990 4714 Ῥητέον

389 4738 394 4741 Ι
423 4755 888 4832 προόαλλομένοις
924 4753 953 4804 ὅ
987 4764 1155 4820 φησιν
1186 4747 1216 4800 ό
1245 4745 1417 4817 μέγας
1462 4739 1742 4802 Βασίλειος
1771 4737 1830 4790 ὲν
1871 4737 1994 4790 ἐπι-

424 4829 587 4921 στολῇ
631 4850 701 4920 τῇ
747 4845 878 4914 περὶ
909 4840 1176 4911 διαφορᾶς
1218 4835 1407 4898 οὐσίας
1459 4833 1557 4888 καὶ
1611 4829 1990 4921 ὐποστάσεωςο

421 4942 499 5007 ὥς
528 4915 590 4994 εὖ
624 4915 785 5007 λόγον
831 4934 948 5004 ἔχει
997 4931 1060 4984 τὸ
1091 4927 1273 4983 κοινὸν
1311 4923 1448 4995 πρὸς
1499 4922 1564 4974 τὸ
1616 4920 1771 4984 ἴδιον,
1800 4915 1994 4971 τοῦτον

411 5035 539 5106 -ῐχει
574 5033 612 5104 ἡ
653 5028 816 5083 οὐσία
856 5023 996 5097 πρὸς
1033 5021 1132 5092 τὴν
1166 5017 1495 5072 ὑπόστασιν.
1526 5011 1638 5082 Τὴν
1663 5009 1722 5062 δὲ
1752 5007 1992 5062 ὑπόστα-

425 5099 512 5181 σνιίν
545 5099 986 5192 δἏαμαδκηνδς
1035 5110 1360 5184 ὁριζόμενος
1405 5106 1531 5175 ἔφη,
1575 5122 1594 5156 ι
1659 5099 1995 5192 Ὑπόστασίς

421 5220 540 5270 ἐστι
581 5215 644 5269 τὸ
679 5191 859 5268 κοινὸν
897 5207 1034 5280 μετὰ
1073 5201 1171 5259 τοῦ
1231 5199 1548 5265 ίδιάζοντος.
1589 5214 1610 5249 ι
1649 5195 1715 5248 Τί
1747 5195 1804 5248 δὲ
1852 5191 1989 5246 αὐτὸ

421 5309 484 5360 τὸ
518 5304 700 5360 κοινὸν
757 5301 944 5363 αὐτοῖς
999 5294 1275 5369 βούλεται,
1309 5287 1571 5362 ἐμφανῶς
1601 5281 1759 5348 αὖθις
1785 5285 1814 5338 ό
1853 5283 1996 5346 θεῖος

423 5397 702 5460 Βασίλειος
739 5395 800 5448 έν
832 5393 898 5464 τῇ
950 5390 1089 5460 πρὸς
1121 5386 1214 5440 τδν
1260 5381 1490 5451 ἀδελφὸν
1527 5377 1832 5451 Γρηγόριον
1861 5379 1988 5429 επι-

425 5489 590 5560 στολῇ
617 5485 1011 5558 anputatae:st
1051 5476 1265 5536 εἰπών·
1308 5494 1327 5528 ι
1377 5473 1448 5527 Ἥ
1480 5471 1582 5542 μὲν
1617 5467 1867 5539 κοινότης
1914 5467 1995 5532 είς

423 5582 526 5652 τὴν
558 5579 746 5634 οὐσίαν
782 5577 1046 5646 ἀνάγεται
1073 5589 1088 5605 ο
1138 5573 1172 5642 ἡ
1218 5571 1274 5623 δὲ
1324 5566 1624 5628 ὑπόστασις
1679 5563 1742 5617 τὺ
1792 5560 1997 5625 ἰδιάζον

425 5651 660 5728 ἑκάστου
695 5670 926 5743 σημεῖόν
966 5669 1107 5721 ἐστι.
1154 5660 1384 5735 »Δῆλον
1429 5656 1523 5712 οὖν
1571 5657 1635 5710 ικ
1666 5653 1892 5719 τούτων,
1920 5651 1998 5716 ὡς

429 5765 492 5822 τδ
524 5765 652 5839 μιν.
672 5764 852 5821 κοινὸν
889 5760 968 5834 τῷ
997 5756 1182 5822 ἁπλῶς
1232 5752 1508 5822 ἀναλογεῖ,
1566 5749 1626 5804 τὸ
1664 5748 1721 5804 δι
1760 5747 1893 5803 ἴδιον
1914 5743 1992 5816 τῷ

2089 4472 2403 4514 sermonem
2455 4456 2785 4528 aggrediar,
2845 4457 3095 4514 claritate
3150 4466 3350 4523 utens,
3404 4466 3664 4528 quantum

2085 4549 2212 4606 ﬁeri
2239 4556 2440 4620 potest.
2467 4549 2537 4603 Et
2567 4549 2830 4619 primum,
2848 4550 3004 4618 juxta
3040 4564 3205 4620 quam
3249 4546 3672 4618 intelligentiam

2085 4641 2244 4698 aliud
2271 4656 2396 4697 esse
2441 4641 2830 4706 substantiam,
2859 4642 3011 4696 aliud
3053 4640 3387 4714 bypostasim
3430 4640 3684 4709 theologi.

2084 4734 2269 4791 aiunt.
2309 4731 2626 4788 Secundum
2657 4769 2672 4797 ,
2699 4747 2944 4802 quonam
2975 4732 3139 4788 modo
3169 4733 3484 4787 substantia
3509 4771 3524 4798 ,
3565 4730 3670 4798 hy.

2092 4824 2330 4894 postasis
2389 4832 2446 4879 et
2474 4823 2786 4892 proprietas
2829 4821 2885 4876 in
2913 4823 3027 4879 Deo
3058 4823 3202 4878 idem
3239 4823 3330 4878 sit.
3361 4821 3681 4876 Dicendum

2094 4917 2266 4987 igitur
2323 4916 2482 4971 nobis
2525 4923 2611 4970 est
2672 4915 2804 4969 illud
2859 4915 3340 4986 proponentibus,
3395 4914 3540 4984 quod
3598 4918 3690 4970 alte

2095 5021 2327 5078 magnus
2353 5005 2594 5060 Basilius
2641 5005 2696 5059 in
2724 5005 2958 5076 epistola
2985 5006 3075 5061 ubi
3107 5006 3220 5077 agit
3249 5008 3318 5061 de
3355 5005 3684 5062 differentia:

2096 5099 2418 5158 substantiae
2449 5107 2507 5154 et
2557 5099 2960 5170 hypostaseos:
2998 5098 3144 5166 quod
3184 5113 3349 5168 quam
3397 5100 3682 5154 rationem

2097 5192 2265 5247 habet
2294 5205 2590 5246 commune
2618 5190 2684 5244 ad
2720 5191 3028 5261 proprium,
3056 5191 3200 5245 hanc
3227 5190 3392 5245 habet
3421 5191 3694 5254 substan-

2099 5284 2173 5340 tia
2211 5283 2281 5340 ad
2311 5281 2672 5356 hypostasim.
2707 5281 3053 5353 Hypostasim
3094 5292 3275 5337 autem
3303 5283 3697 5337 Damascenus:

2097 5373 2386 5440 deﬁniens,
2443 5373 2564 5429 ait:
2625 5391 2643 5424 ι
2708 5373 3032 5444 Hypostasis
3078 5383 3164 5428 est
3207 5387 3505 5428 cotnmune
3551 5387 3691 5426 cum

2097 5467 2348 5539 proprio.
2387 5486 2406 5520 ι
2451 5465 2594 5534 Quid
2642 5475 2827 5521 autem
2866 5467 3012 5536 apud
3061 5467 3208 5536 ipsos
3237 5466 3342 5521 hoc
3379 5479 3690 5521 commune

2099 5559 2205 5616 sibi
2244 5558 2417 5626 velit,
2450 5572 2643 5614 rursus
2676 5558 2824 5613 clare
2867 5558 3028 5614 divus
3056 5557 3296 5613 Basilius
3335 5555 3584 5620 tradidit,
3618 5555 3690 5610 im

2097 5651 2330 5723 epistola
2388 5649 2458 5706 ad
2497 5649 2821 5721 Gregorium
2873 5651 3142 5716 fratrem,
3193 5666 3212 5701 ‹
3273 5647 3684 5715 Communitas,

2101 5743 2382 5816 inquiens,
2404 5740 2472 5799 ad
2509 5741 2878 5800 substantiam
2907 5741 3163 5810 refertur,
3197 5739 3506 5812 hypostasis
3539 5751 3686 5796 vero
