4036 6438
486 262 587 326 871

1769 263 2152 324 ΒΕΜΕΊἬΙΙ
2193 263 2511 325 CYDONII

3618 268 3712 337 879.

485 393 574 438 est
615 381 840 454 prepria
893 383 1158 451 cujusque
1208 393 1334 436 nota
1399 380 1713 453 singularis.
1783 401 1803 432 ι
1869 381 1945 436 Ex
1984 383 2072 437 his

2178 385 2316 448 πῶς·
2352 386 2546 454 ὥσπερ
2581 385 2608 437 ό
2639 385 2815 451 δεξιός
2859 384 3148 457 ἄνθρωπος
3185 386 3278 440 τοῦ
3318 388 3496 452 ἁπλῶς
3524 391 3710 463 ἀνθρὼ-

489 477 659 548 igitur
686 474 1035 529 manifesutm
1067 487 1172 538 est,
1208 473 1351 543 quod
1396 489 1690 528 commune
1722 473 1944 543 quidem
1993 475 2067 537 ei,

485 568 635 638 quod
665 575 749 622 est.
779 567 1126 637 simpliciter,
1184 566 1504 636 respondet,
1535 566 1819 636 proprium
1844 581 1974 619 vero
1993 566 2066 628 ci,

485 664 634 734 quod
658 672 744 716 est
770 677 881 732 quo
936 661 1134 715 modo:
1168 661 1263 716 sed
1302 669 1357 714 et
1413 662 1610 715 Petrus
1662 670 1717 715 et
1760 662 1926 714 llOllIO
1958 671 2067 724 est,

490 767 546 811 et
574 755 723 810 ﬁlius
751 755 911 821 Jona,
937 764 994 809 et
1061 770 1173 808 non
1204 756 1438 809 alterum
1483 769 1614 808 sane
1646 753 1940 823 signiﬁcat,
1974 751 2068 821 qui

488 848 749 904 eutudem
805 849 1026 902 Petrum
1077 848 1353 901 hominem
1411 847 1565 911 dicit,
1628 845 1861 900 alterum
1918 861 2069 910 vero,

489 957 615 998 cum
657 941 914 995 eumdem
973 949 1027 992 et
1064 939 1235 992 ﬁlium
1289 938 1426 993 Jona
1470 938 1625 993 dicit.
1664 937 2069 991 Tantummodo

489 1035 798 1091 secundum
831 1033 966 1088 illud
1004 1033 1149 1102 quod
1179 1042 1263 1087 est
1290 1031 1638 1101 simpliciter,
1667 1040 1724 1085 ct
1760 1033 1892 1086 illud
1919 1031 2066 1101 quod

487 1135 572 1180 est
607 1125 907 1194 quomodo,
968 1123 1336 1177 diﬁ‘erentiam
1378 1121 1640 1184 ostendit,
1695 1121 1958 1175 nimirum
1995 1121 2070 1175 ibi

486 1219 711 1287 quidem
744 1217 888 1284 quod
922 1215 1144 1270 Petrum
1193 1214 1472 1268 hominem
1499 1223 1678 1278 vocet,
1709 1213 1962 1268 absoluto
2015 1223 2071 1268 et

489 1307 771 1362 communi
810 1306 1033 1360 nomine
1063 1303 1412 1372 suppositum
1459 1303 1755 1373 signiﬁcat,
1793 1303 1885 1358 hic
1935 1315 2068 1358 vero

489 1399 718 1466 proprio
752 1411 818 1450 ac
864 1395 1095 1448 relativo
1131 1379 1611 1464 determinatoque
1651 1395 1877 1450 nomine
1914 1411 2069 1450 eum-

485 1489 612 1544 dem
663 1489 942 1543 hominem
990 1495 1046 1541 et
1083 1487 1255 1540 ﬁlium
1326 1501 1450 1542 esse
1485 1503 1553 1541 ex
1625 1487 1848 1542 homine
1906 1487 2066 1555 Jona,

485 1582 582 1652 qui
633 1591 718 1636 est
749 1579 850 1650 ipsi
885 1588 1060 1649 pater.
1119 1577 1365 1644 Utroque
1419 1577 1585 1648 igitur
1643 1579 1865 1634 nomine
1908 1579 2069 1634 aliter

485 1685 652 1744 atque
721 1673 882 1728 aliter
937 1671 1082 1726 idem
1129 1670 1404 1726 indicatur
1467 1689 1481 1726 :
1548 1672 1778 1726 relative
1832 1672 2065 1735 scilicet,

484 1778 653 1838 atque
698 1765 976 1832 absolute,
1022 1779 1091 1820 eo
1124 1765 1272 1835 quod
1319 1774 1402 1821 est
1435 1765 1784 1835 simpliciter,
1820 1777 1876 1820 et
1923 1765 2071 1835 quod

486 1870 595 1926 est,
627 1859 911 1931 quomodo
946 1859 1139 1926 solum
1183 1857 1391 1912 diﬁ‘erl.
1440 1858 1686 1914 Alterum
1733 1859 1882 1913 enim
1924 1858 2073 1929 quod

489 1963 648 2008 caret
707 1951 1068 2016 habitudine,
1143 1951 1559 2018 substantiam,
1636 1953 1870 2006 alterum
1941 1966 2073 2006 vero

486 2047 760 2110 eamdem,
787 2053 846 2099 et
896 2043 962 2098 ad
996 2045 1207 2114 aliquid
1253 2045 1437 2115 aliquo
1471 2045 1635 2100 modo
1682 2060 1744 2100 se
1776 2044 2071 2100 habentem

485 2138 778 2208 signiﬁcat.
809 2137 1076 2202 Quoniam
1113 2136 1278 2208 igitur
1315 2151 1610 2192 commune
1647 2138 1970 2193 substantia:
2005 2138 2063 2192 in

492 2228 606 2283 Deo
646 2237 758 2284 tres
804 2237 934 2283 sunt
971 2227 1316 2296 hypostases,
1347 2234 1404 2281 et
1458 2241 1754 2282 commune
1806 2227 1921 2297 ipsa
1960 2236 2072 2293 est,

487 2337 612 2391 quae
665 2320 969 2391 unicuique
1007 2329 1066 2376 et
1113 2320 1333 2390 propria
1383 2330 1469 2375 est
1523 2320 1853 2388 substantia,
1903 2339 2073 2378 unum

487 2414 691 2482 quippe
715 2424 820 2478 est,
857 2412 1006 2482 quod
1037 2412 1171 2482 quid
1201 2423 1324 2467 erat
1349 2427 1474 2468 esse
1519 2413 1706 2480 trium,
1726 2425 1782 2470 et
1811 2418 1956 2485 quod
1991 2427 2074 2474 est

491 2519 835 2574 unaquaeque
919 2504 1272 2576 liypostasis,
1344 2505 1451 2560 hoc
1526 2505 1925 2564 admirabiliter
1988 2523 2075 2567 est

487 2598 657 2650 etiam
687 2612 1004 2652 commune.
1039 2597 1218 2666 Atque
1243 2636 1259 2660 ,
1304 2604 1366 2650 ut
1401 2597 1479 2652 ait
1501 2595 1805 2668 Gregorius
1837 2599 2074 2658 Theolo-

489 2705 619 2762 gus,
659 2704 834 2744 unum
887 2689 1013 2756 tria,
1059 2697 1114 2744 et
1163 2689 1271 2744 tria
1319 2706 1488 2745 unum
1519 2690 1574 2746 in
1611 2691 1813 2762 quibus
1855 2693 2070 2763 Deitas;

489 2783 578 2838 vel
625 2791 698 2837 ut
733 2782 981 2838 exaCtius
1020 2782 1220 2848 dicam,
1254 2799 1376 2854 quae
1416 2785 1519 2838 tria
1564 2785 1768 2842 Deitas.
1802 2787 2075 2859 Unaquae-

490 2892 603 2947 que
649 2884 834 2930 autem
888 2875 1204 2948 hypostasis
1249 2876 1335 2932 vel
1387 2876 1575 2946 Pater,
1601 2879 1688 2933 vel
1741 2881 1932 2946 Filius,
1987 2881 2074 2936 vel

485 2970 734 3042 Spiritus
762 2979 990 3026 sanctus
1029 2978 1135 3034 est,
1173 2979 1447 3040 quatenus
1478 2980 1533 3024 et
1561 2971 1793 3027 relative
1823 2973 1892 3028 ad
1937 2975 2076 3030 invi-

2177 495 2278 530 που
2314 477 2460 531 κατὰ
2515 480 2574 530 τὸ
2625 478 2815 542 ἁπλῶς
2869 481 3111 541 καὶπῶς
3137 480 3404 552 διαφέρει.
3454 482 3602 536 Ἀλλὰ
3635 487 3714 538 καὶ

2172 572 2200 623 6
2240 570 2452 640 Πέτρος
2485 577 2578 624 καὶ
2607 571 2896 642 ἅνθρωπός
2925 573 3040 624 ἐστι
3072 572 3164 624 καὶ
3185 573 3300 636 υίδς
3332 574 3420 626 τοὺ
3449 574 3610 629 Ἰωνᾶ⁶
3637 579 3718 631 καὶ

2171 665 2273 733 οὑχ
2311 663 2501 734 ἕτερον
2543 665 2641 732 μὲν
2689 665 2948 734 σημαίνει
2989 667 3017 718 6
3051 666 3142 717 τὸν
3190 666 3351 720 αὑτὸν
3399 668 3589 737 Πέτρον
3633 670 3713 723 ἄν·

2174 758 2400 827 θρωπον
2433 760 2634 829 λέγων,
2679 758 2872 828 ἕτερον
2903 760 2956 812 δὲ
2992 761 3125 813 ὅταν
3163 759 3254 814 τὸν
3299 760 3459 813 αὑτὸν
3502 763 3590 814 καὶ
3621 763 3718 813 υἱὸν

2173 851 2270 905 τοῦ
2313 854 2488 906 Ἰωνᾶ.
2535 853 2695 906 Κατὰ
2746 853 2804 906 δὲ
2851 853 2912 905 τὸ
2947 854 3137 917 ἁπλῶς
3168 855 3266 907 καὶ
3304 854 3417 917 πῶς
3460 855 3608 926 μόνον
3634 855 3719 921 τὴν

2172 947 2447 1016 διαφορὰν
2503 946 2880 999 ὲνδείκνυται³
2941 946 3191 1016 δηλονότι
3245 948 3362 1000 ἐκεῖ
3395 948 3488 1016 μὲν
3530 947 3610 1000 διὰ
3638 946 3720 1000 τοῦ

2175 1040 2270 1092 τὸν
2303 1039 2512 1110 Πέτρον
2553 1024 2843 1111 ἄνθρωπον
2879 1040 3060 1092 εἰπεῖν
3090 1038 3480 1109 ἀπολελυμένῳ
3503 1040 3592 1091 καὶ
3625 1053 3722 1090 κοι-

2173 1132 2250 1201 νῷ
2289 1133 2518 1202 ὀνόματι
2576 1133 2634 1186 τὸ
2670 1132 3045 1201 ὑποκείμενον
3101 1131 3360 1201 σημαίνει
3390 1147 3402 1158 ·
3433 1129 3653 1183 ἐνταῦθα
3676 1129 3722 1182 δὶ

2177 1223 2297 1296 ἰδίῳ
2351 1225 2448 1278 καὶ
2507 1223 2832 1296 ἀναφορικῷ
2886 1224 2983 1276 καὶ
3041 1223 3336 1292 ὡρισμένῳ
3396 1221 3608 1292 ὀνόματι
3648 1221 3724 1273 τὶν

2174 1316 2339 1370 αὑτὸν
2367 1316 2660 1386 ἄνθρωπον
2710 1318 2806 1368 καὶ
2867 1315 2983 1369 υἱὸν
3035 1312 3178 1369 εἶναι
3223 1316 3280 1380 ἐξ
3327 1316 3603 1387 ἀνθρώπου
3646 1314 3723 1366 τοῦ

2183 1409 2341 1463 Ἰωνᾶ
2405 1410 2614 1478 πατρὸς
2672 1409 2828 1472 ὄντος
2887 1409 3060 1480 αὑτῷ.
3121 1408 3202 1460 Δι’
3262 1411 3462 1479 ἀμφοῖν
3515 1405 3600 1462 οὖν
3631 1409 3723 1460 τῶν

2169 1499 2454 1570 ὀνομάτων
2497 1501 2674 1563 ἄλλως
2735 1499 2829 1552 καί
2892 1500 3070 1562 ἄλλως
3128 1500 3190 1552 τὸ
3229 1501 3362 1552 αὐτὸ
3402 1499 3723 1569 ἐμφαίνεται,

2173 1593 2528 1664 ἁναφορικῶς
2601 1592 2847 1662 δηλονότι
2908 1593 3004 1644 καὶ
3061 1592 3513 1663 άπολελυμένως·
3561 1588 3634 1658 τῷ
3681 1587 3727 1640 δὲ

2177 1684 2366 1747 ἁπλῶς
2404 1687 2500 1738 καὶ
2531 1684 2652 1747 πῶς
2691 1682 2944 1754 διαφέρει
2984 1683 3172 1752 μόνον.
3201 1684 3275 1737 Τὸ
3309 1682 3408 1752 μὲν
3437 1681 3542 1750 γὰρ
3581 1681 3725 1748 ἄσχε-

2175 1794 2268 1831 τον
2287 1777 2479 1830 οὑσίαν
2509 1777 2689 1845 δηλοῖ,
2722 1776 2783 1828 τὸ
2812 1775 2870 1829 δὲ
2896 1775 2995 1846 τὴν
3037 1776 3212 1843 αὐτὴν
3236 1776 3332 1828 καὶ
3362 1772 3497 1844 πρός
3543 1789 3592 1825 τι
3628 1772 3727 1832 πῶς

2177 1871 2432 1941 ἔχουσαν.
2478 1870 2632 1922 Ἐπεὶ
2687 1869 2872 1920 τοίνυν
2907 1868 2968 1921 τὸ
3021 1867 3202 1920 κοινδν
3256 1869 3355 1938 τῆς
3416 1863 3598 1926 οὑσίπς
3647 1863 3728 1914 ἐπὶ

2174 1964 2314 2017 Θεοῦ
2380 1965 2438 2016 αί
2495 1964 2648 2031 τρεῖς
2711 1963 2853 2014 εἰσιν
2895 1961 3253 2025 ὑποστάσεις,
3311 1959 3406 2011 καὶ
3460 1957 3519 2010 τὸ
3575 1954 3729 2007 κοινὸν

2174 2057 2314 2127 αὐτή
2357 2057 2528 2120 ἐστιν,
2563 2055 2686 2124 ἥτις
2728 2055 2948 2123 ἑκάστῳ
2982 2053 3077 2106 καὶ
3116 2051 3247 2117 ἴδιος
3278 2051 3458 2111 οὐσία,
3482 2049 3536 2100 ἓν
3560 2048 3658 2117 γὰρ
3680 2046 3730 2096 rb

2173 2148 2228 2203 τί
2254 2142 2323 2218 ἦν
2353 2145 2493 2200 εἶναι
2526 2144 2634 2197 τῶν
2665 2144 2853 2214 τριῶν,
2885 2144 2975 2196 καὶ
2998 2144 3134 2212 ὅπερ
3168 2142 3374 2211 ἑκάστη
3401 2139 3551 2193 τοῦτο
3572 2131 3749 2208 πικραί

2173 2240 2342 2306 δόξως
2374 2239 2470 2292 καὶ
2491 2238 2674 2291 κοινὸν
2713 2236 2810 2290 καὶ
2858 2235 2934 2298 ὥς
2975 2252 3140 2304 φησιν
3188 2235 3214 2287 6
3254 2233 3506 2300 θεολόγος
3547 2229 3732 2301 Γρηγό-

2178 2349 2314 2404 ριος,
2357 2331 2416 2384 ἓν
2446 2331 2513 2383 τὰ
2551 2329 2702 2400 τρία,
2750 2328 2844 2382 καὶ
2879 2327 2948 2381 τὰ
2979 2328 3107 2396 τρία
3139 2324 3219 2390 ἓν,
3249 2326 3309 2378 ἐν
3342 2319 3421 2387 οἷς
3466 2325 3496 2394 ἡ
3541 2321 3730 2390 Θεότης.

2175 2426 2208 2496 ἢ
2234 2425 2296 2478 τό
2321 2440 2387 2492 γε
2412 2423 2808 2492 ἀκριϐέστερον
2837 2423 3038 2484 εἰπεῖν,
3077 2419 3112 2474 ἃ.
3144 2422 3177 2490 ἡ
3215 2417 3432 2487 θεότης,
3468 2416 3658 2484 ἑκάστη
3685 2413 3730 2464 δὲ

2176 2516 2285 2569 τῶν
2316 2514 2672 2569 ὑποστάσεων
2721 2513 2753 2584 ἢ
2789 2513 3004 2582 Πατὴρ,
3038 2511 3070 2582 ἢ
3104 2510 3254 2576 Υἱὸς,
3290 2510 3322 2581 ἢ
3355 2508 3572 2578 Πνεῦμα
3599 2507 3732 2575 ama

2177 2607 2316 2672 ἐστι,
2356 2605 2494 2660 καθὸ
2540 2607 2631 2658 καὶ
2665 2603 3018 2672 ἁνιφορικῶς
3052 2602 3189 2672 πρὸς
3223 2601 3436 2670 ἄλληλα
3483 2601 3729 2667 λέγονται,

2177 2700 2478 2768 ὑπόστασις
2506 2697 2652 2751 δὲτὸ
2706 2696 2884 2750 κοινὸν
2923 2693 3063 2765 μετὰ
3113 2693 3208 2748 τοῦ
3261 2693 3554 2758 ίδιάζοντος
3600 2691 3732 2760 είρη·

2175 2804 2290 2843 ταιο
2325 2789 2561 2860 φανερὸν
2603 2789 2678 2852 ὡς
2711 2787 2819 2841 τῶν
2853 2785 3161 2857 προσώπων
3196 2785 3431 2840 ἕκαστον
3481 2783 3632 2838 οὐσία
3652 2779 3732 2836 καὶ

2178 2881 2475 2945 ὑπόστασις
2515 2881 2684 2932 ἐστιν.
2728 2880 2944 2949 ’Ὠσπερ
3007 2878 3111 2946 γὰρ
3147 2877 3288 2948 αὑτὴ
3351 2876 3524 2948 ήτῶν
3587 2873 3732 2946 τριῶν

2178 2971 2334 3026 οὐσία
2385 2973 2439 3024 αί
2503 2970 2832 3033 ὑποστάσεις
2883 2970 3079 3036 ἐστὶν,
3139 2971 3315 3034 οὕτως
3401 2968 3602 3036 ἑκάστη
3637 2965 3731 3019 τῶν

489 3077 612 3117 cem
665 3061 952 3117 dicuntur.
1006 3061 1178 3117 Porro
1239 3053 1550 3132 hypostasis
1603 3079 1896 3120 commune
1945 3082 2069 3121 cum

2181 3064 2533 3119 ὑποστάσεων
2582 3065 2740 3117 οὑσία
2804 3064 2898 3117 καὶ
2964 3063 3266 3145 ὑπόστασίς
3345 3065 3511 3117 ἐστιν.
3568 3060 3732 3114 Ἔστιν

492 3156 718 3225 proprio
737 3154 884 3209 dicta
904 3162 1008 3218 est,
1034 3152 1391 3208 manifesmm
1419 3154 1567 3224 quod
1587 3171 1926 3229 unaquaeque
1949 3175 2076 3229 per-

489 3262 756 3304 sonarum
773 3246 1092 3303 substantia
1136 3254 1196 3300 et
1221 3246 1535 3317 hypostasis
1577 3260 1678 3304 est.
1703 3249 2076 3316 Quemadmo-

487 3337 624 3394 dum
637 3341 783 3395 enim
803 3339 919 3409 ipsa
938 3339 1104 3392 trium
1119 3337 1426 3395 substantia
1445 3339 1715 3412 suntlipsae
1733 3344 2076 3415 hypostases,

492 3433 568 3489 ita
582 3446 928 3502 unaquaeque
942 3434 1330 3503 hypostaseum
1365 3434 1701 3502 substantia,
1733 3447 1792 3491 et
1813 3437 2075 3508 hyposta-

495 3525 602 3582 sis.
637 3525 732 3580 Est
756 3525 922 3595 igitur
952 3524 1098 3579 idem
1128 3525 1968 3599 substantiam,ethypostasim,
1993 3531 2079 3584 di-

492 3635 622 3675 cere
635 3619 936 3674 secundum
953 3632 1089 3684 rem,
1107 3619 1326 3688 etlaliud
1345 3619 1736 3688 substantiam,
1754 3631 1916 3693 atque
1928 3623 2076 3678 aliud

497 3711 839 3782 hypostasim
879 3711 1185 3766 secundum
1228 3713 1523 3780 rationem,
1555 3713 1844 3769 diﬂ'erente
1901 3717 2078 3770 nomi-
2124 3745 2130 3750 ~

494 3823 651 3872 num,
676 3820 786 3861 non
815 3820 1000 3861 rerum
1033 3805 1460 3876 signiﬁcatione,
1487 3817 1545 3862 et
1574 3816 1868 3878 utrumque
1887 3823 2076 3864 verum

491 3909 599 3954 est.
636 3897 754 3952 Non
781 3897 928 3953 enim
955 3901 1262 3956 secundum
1301 3899 1447 3954 idem
1487 3905 1547 3954 et
1579 3901 1762 3965 ambo,
1801 3911 2078 3971 quatenus

495 3988 812 4045 substantia
831 3988 1057 4059 quidem
1073 4004 1370 4047 commune
1386 3989 1658 4062 signiﬁcat
1681 4008 1696 4057 ;
1713 4001 1770 4048 et
1783 3993 1930 4063 quod
1944 3993 2078 4064 quid

491 4090 617 4137 erat
648 4096 791 4147 esse,
845 4081 1160 4153 hypostasis
1193 4093 1377 4137 autem
1415 4082 1559 4138 idem
1588 4083 1657 4138 ad
1700 4084 1906 4155 aliquid
1936 4103 2077 4157 quo-

490 4175 623 4226 dam
650 4173 816 4228 modo
857 4189 921 4230 se
947 4173 1183 4239 habens,
1217 4173 1305 4230 vel
1337 4189 1438 4244 per
1470 4175 1693 4230 modum
1739 4180 2076 4247 generantis,

493 4265 581 4319 vel
612 4264 807 4335 geniti,
861 4266 980 4322 sive
1017 4265 1411 4336 producentis,
1442 4275 1498 4322 et
1538 4268 1917 4338 procedentis.
1951 4269 2077 4327 Haec

493 4366 732 4413 testatur
793 4357 1030 4428 primum
1107 4358 1331 4428 quidem
1405 4375 1635 4431 magnus
1697 4360 2074 4430 Athanasius,

2179 3160 2288 3230 ἄρα
2349 3158 2411 3212 τὸ
2469 3158 2602 3211 αὑτδ
2659 3157 2847 3210 οὑσίαν
2908 3157 3004 3210 καὶ
3038 3136 3342 3212 ὑπόστασιν
3385 3159 3558 3211 εἰπεῖν
3610 3152 3734 3207 κατὰ

2177 3251 2241 3305 τὸ
2299 3249 2580 3321 πρᾶγμα,
2647 3249 2743 3301 καὶ
2808 3247 2938 3303 ἄλλο
3003 3249 3194 3302 οὐσίαν
3258 3252 3356 3304 καὶ
3431 3250 3560 3306 duo
3620 3247 3734 3301 ὑπό-

2180 3357 2374 3394 στασιν
2427 3340 2568 3393 κατὰ
2610 3341 2701 3392 τὸν
2772 3339 2954 3408 λόγον,
3015 3339 3277 3409 διαφόρου
3324 3342 3422 3412 τῆς
3471 3340 3577 3394 τῶν
3630 3338 3732 3391 dvo-

2181 3435 2398 3504 μάτων,
2446 3434 2510 3486 οὑ
2562 3433 2672 3486 τῶν
2727 3434 3077 3503 πραγμάτων
3109 3435 3389 3503 σημασίας
3435 3432 3620 3504 οὑσης,
3654 3432 3733 3485 καὶ

2180 3527 2440 3597 ἑκάτερον
2479 3525 2700 3595 ἀληθές.
2741 3527 2814 3578 Οὐ
2861 3527 2970 3595 γάρ
2999 3526 3139 3578 κατὰ
3170 3526 3230 3578 τὸ
3261 3528 3397 3580 αὑτὸ
3435 3529 3529 3582 καὶ
3564 3525 3730 3595 ἄμφω,

2179 3618 2376 3688 ἐφόσον
2410 3621 2444 3690 ἡ
2485 3621 2586 3689 μὲν
2631 3619 2790 3672 οὑσία
2844 3618 2908 3671 τὸ
2950 3620 3133 3672 κοινὸν
3179 3621 3358 3690 δηλοῖ,
3397 3620 3493 3675 καὶ
3528 3619 3587 3672 τδ
3605 3611 3734 3685 τίῆν

2178 3707 2341 3776 εῖναι,
2399 3713 2434 3782 ἠ
2476 3712 2533 3764 δὲ
2587 3711 2890 3773 ὑπόστασις
2949 3712 3011 3764 τὸ
3061 3712 3196 3765 αὑτὸ
3253 3715 3354 3766 καὶ
3385 3714 3520 3786 πρός
3543 3729 3594 3765 τι
3629 3707 3734 3769 πῶς

2178 3803 2326 3874 ἔχον,
2351 3803 2385 3873 ἢ
2417 3803 2782 3874 γεννητικῶς,
2815 3804 2848 3875 ἦ
2883 3804 3186 3875 γεννητῶς,
3218 3803 3252 3876 ἦ
3291 3803 3678 3877 προὸλητικῶς,

2180 3896 2532 3966 προῦλητῶς.
2572 3899 2860 3969 Μαρτυρεί
2887 3897 3104 3962 τούτοις
3137 3899 3358 3969 πρῶτον
3397 3899 3494 3971 μὲν
3521 3899 3550 3952 ό
3579 3897 3734 3968 μέγας

2193 3988 2541 4056 Ἀθανάσιος,
2572 3991 2692 4060 μετ’
2734 3992 2948 4044 ἐκεῖνον
2985 3991 3043 4044 δὲ
3075 3993 3169 4045 καί⁸
3199 3993 3226 4045 ὁ
3263 3991 3540 4054 θειότατος
3584 3987 3735 4052 Mlieb-

2183 4097 2303 4151 μος,
2329 4083 2503 4136 ταυτὰ
2532 4082 2706 4151 λέγων
2739 4086 2796 4136 ὲν
2827 4083 2903 4153 τῷ
2926 4085 3366 4155 πρὸςἈνόμιον
3382 4085 3624 4156 διαλόγῳ.
3641 4079 3733 4134 Τοῦ

2179 4173 2290 4241 γὰρ
2332 4173 2593 4244 Ἀνομοου
2629 4173 2901 4238 εἰπόντος,
2955 4193 2974 4226 ‹
3028 4176 3192 4230 ’Ἄλλο
3243 4179 3408 4233 ἐστὶν
3459 4179 3613 4232 οὑσὲα
3652 4175 3735 4228 καὶ

2177 4262 2305 4318 ἄλλο
2339 4264 2660 4329 ὑπόστασις,
2709 4283 2727 4316 ι
2792 4266 2823 4317 ό
2856 4265 2996 4329 θεῖος
3054 4267 3309 4338 Μάξιμος
3357 4268 3732 4339 ἀποκρίνεται,

2187 4374 2207 4408 ‹
2233 4354 2396 4408 ’Ἄλλο
2428 4357 2526 4409 καὶ
2550 4357 2677 4410 ἄλλο
2705 4357 2805 4427 οὑχ
2841 4358 2917 4421 ὡς
2949 4362 3204 4430 πρᾶγμα·
3239 4379 3257 4412 ι
3299 4361 3552 4416 κάκείνου
3573 4357 3735 4412 εἰπόν-

492 4450 694 4506 deinde
735 4459 862 4521 post
898 4465 1026 4505 eum
1056 4450 1223 4506 divus
1259 4450 1524 4507 Maximus
1563 4453 1752 4507 eadem
1785 4454 1978 4510 dicens
2015 4455 2071 4509 in

2177 4463 2291 4510 τος,
2312 4464 2332 4498 1
2361 4446 2573 4501 Οὐκοῦν
2607 4448 2876 4510 σύνθεσις·
2895 4469 2914 4500 ι
2950 4451 2978 4501 ό
3005 4450 3160 4518 ἆγιος
3191 4451 3411 4521 ἐπάγει,
3440 4452 3629 4504 «Ἀλλο
3654 4446 3734 4501 καὶ

491 4544 710 4615 dialogo
763 4544 835 4597 ad
883 4542 1222 4598 Dissimilem.
1249 4542 1385 4598 Cum
1423 4545 1570 4600 enim
1603 4546 1904 4603 Anomoeus
1944 4549 2075 4619 (hoc

491 4650 582 4692 est
625 4637 937 4702 Dissimilis)
981 4635 1226 4700 dixisset,
1279 4637 1443 4692 Aliud
1501 4647 1588 4692 est
1639 4639 1963 4703 substantia,
2019 4645 2076 4693 et

497 4732 647 4786 aliud
734 4731 1102 4802 hypostasis,
1175 4729 1339 4786 divus
1410 4731 1682 4786 Maximus
1729 4730 2072 4800 respondet:

499 4842 519 4874 ι
565 4823 729 4878 Aliud
780 4836 947 4892 atque
987 4821 1139 4877 aliud
1175 4837 1284 4876 non
1345 4830 1605 4892 tanquam
1654 4836 1778 4887 res;
1820 4839 1839 4872 ι
1898 4834 2076 4890 eoque

495 4916 738 4978 dicente,
789 4933 811 4966 ι
866 4914 1036 4984 Igitur
1092 4913 1444 4984 compositio,
1478 4931 1500 4964 ι
1566 4921 1792 4967 sanctus
1850 4912 2074 4968 infert:

502 5025 521 5058 ι
566 5008 728 5061 Aliud
788 5017 845 5062 et
901 5008 1051 5062 aliud
1099 5007 1236 5072 dixi,
1281 5023 1392 5071 non
1430 5014 1492 5060 ut
1532 5020 1639 5071 res,
1673 5005 1768 5060 sed
1815 5015 2075 5076 tanquam

497 5101 644 5153 aliud
671 5099 941 5169 signiﬁcet
971 5097 1309 5161 substantia,
1339 5107 1397 5152 et
1429 5097 1582 5151 aliud
1625 5097 1939 5166 hypostasis
1971 5117 1983 5152 :
2016 5110 2078 5154 ut

496 5204 726 5258 granum
755 5188 1016 5244 frumenti
1045 5189 1271 5253 dicitur,
1300 5196 1358 5243 et
1384 5197 1468 5243 est
1509 5203 1722 5252 semen,
1751 5199 1808 5242 et
1838 5188 2076 5258 fructus,

497 5281 756 5351 aliudque
791 5281 1065 5351 signiﬁcat
1089 5294 1302 5344 semen,
1329 5289 1386 5336 et
1415 5281 1564 5336 aliud
1604 5281 1838 5338 fructus.
1874 5302 1892 5336 ι
1930 5285 2078 5339 Con-

497 5372 702 5428 cedens
746 5373 913 5442 igitur
963 5380 1189 5426 sanctus
1222 5371 1295 5426 ibi
1345 5371 1683 5442 hypostasim
1732 5375 1907 5429 Patris
1947 5375 2080 5430 sub-

499 5465 758 5519 stantiam
796 5478 918 5518 esse
965 5476 1030 5517 ac
1099 5462 1380 5530 deitatem,
1424 5480 1532 5518 non
1587 5474 1765 5519 tamen
1825 5471 2078 5523 concedit

499 5556 638 5611 duas
680 5569 804 5610 esse
870 5554 1125 5620 deitates,
1185 5563 1243 5608 ut
1275 5554 1413 5611 duas
1459 5556 1799 5628 hypostases,
1830 5574 1899 5613 eo
1929 5559 2076 5626 quod

503 5641 643 5697 idem
676 5655 784 5695 non
827 5640 1019 5695 eodem
1063 5643 1223 5696 modo
1259 5644 1529 5715 signiﬁcet
1564 5647 1760 5711 deitas,
1808 5658 1864 5701 et
1910 5649 2079 5718 hypo-

499 5734 687 5789 stasis.
727 5752 746 5786 ι
786 5733 969 5790 Deitas
997 5735 1144 5792 enim
1173 5737 1321 5808 quod
1368 5726 1498 5812 quid
1531 5750 1652 5795 erat
1694 5756 1837 5808 esse,
1871 5741 2069 5810 inquit,

2173 4535 2305 4591 ἄλλο
2359 4533 2539 4604 εἷπον,
2591 4539 2690 4608 οὑχ
2733 4539 2810 4601 ὼς
2840 4541 3096 4610 πρᾶγμα,
3145 4541 3264 4596 ἀλλ’
3294 4544 3372 4606 ὡς
3407 4543 3535 4599 ἄλλο
3569 4559 3621 4594 τι
3652 4555 3712 4607 ση

2181 4629 2482 4699 μαινοὺσης
2529 4629 2628 4699 τῆς
2663 4630 2872 4696 οὐσίας,
2908 4631 3004 4684 καὶ
3048 4633 3178 4686 ἄλλο
3225 4634 3326 4703 τῆς
3351 4635 3728 4702 ὑποστάσεως·

2173 4721 2253 4786 ὡς
2285 4725 2312 4776 ό
2357 4722 2563 4786 κόκκος
2585 4723 2676 4776 τοῦ
2716 4724 2864 4776 σίτου
2893 4725 3114 4792 λέγεται
3142 4728 3236 4778 καὶ
3266 4725 3382 4780 ἐστι
3414 4728 3629 4795 σπέρμα
3652 4723 3732 4774 καὶ

2177 4814 2414 4884 καρπὸς,
2447 4815 2576 4868 ἄλλο
2624 4816 2682 4868 δέ
2719 4832 2773 4868 τι
2809 4816 3067 4885 σημαίνει
3106 4817 3165 4870 τὸ
3209 4817 3455 4890 σπέρμα,
3487 4816 3580 4870 καὶ
3619 4813 3731 4867 ἄλλο

2177 4907 2206 4958 ὁ
2237 4907 2472 4976 καρπός.
2515 4925 2534 4958 ι
2568 4909 2861 4979 Συγχορῶν
2907 4907 3002 4964 οὑν
3049 4913 3077 4963 ὁ
3121 4910 3276 4979 ἅγιος
3332 4913 3447 4965 ἐκεῖ
3473 4909 3569 4980 τὴν
3610 4903 3728 4959 ams.

2181 5014 2376 5052 στασιν
2415 4997 2509 5052 τοῦ
2547 5000 2762 5067 Πατρδς
2815 5001 3005 5055 οὑσίαν
3059 5001 3199 5057 εἶναι
3253 5004 3348 5056 καὶ
3397 5001 3639 5069 θεότητα,
3674 4991 3726 5044 οὗ

2179 5090 2396 5144 δίδωσιν
2447 5092 2597 5161 ὅμως
2646 5091 2747 5145 δύο
2796 5093 3059 5164 θεότητας
3089 5090 3255 5156 εἶναι,
3289 5093 3479 5163 ὥσπερ
3509 5091 3596 5144 καὶ
3619 5087 3731 5140 ὑπο·

2182 5184 2406 5250 στάσεις
2457 5187 2550 5239 δύο
2585 5226 2600 5250 ,
2642 5186 2729 5240 διὰ
2766 5188 2826 5241 τὸ
2880 5189 3014 5242 αὑτὸ
3056 5189 3133 5261 μὴ
3199 5189 3410 5252 ταυτῶς
3438 5182 3621 5255 δηλοῦν
3643 5178 3726 5244 τὴν

2183 5277 2414 5347 θεότητα
2450 5281 2544 5330 καὶ
2574 5278 2672 5346 τὴν
2709 5279 3033 5336 ὑπόστασιν.
3081 5279 3144 5334 Ἦ
3201 5281 3299 5349 μὲν
3333 5281 3440 5349 γάρ
3470 5277 3648 5340 θεότης
3676 5267 3726 5320 τδ

2179 5370 2232 5424 τί
2283 5365 2351 5440 ἦν
2390 5365 2534 5424 εἶναι
2585 5371 2867 5441 σημαίνει,
2923 5375 3114 5442 φησιν,
3162 5373 3288 5444 ἠδὲ
3344 5371 3626 5426 ὑπόστασις
3673 5362 3724 5410 τ)

2179 5459 2344 5517 εἶναι.
2375 5464 2434 5516 Εἰ
2465 5459 2556 5517 οὖν
2613 5466 2708 5516 καὶ
2755 5464 2904 5518 ἔστιν
2956 5468 3132 5521 ὲκείνο
3166 5468 3225 5519 τὸ
3262 5461 3424 5527 εἶναι,
3471 5459 3561 5514 καὶ
3601 5453 3657 5508 τὸ
3680 5449 3722 5502 τί

2179 5551 2248 5626 ἦν
2279 5552 2419 5608 εἶναι
2451 5558 2512 5608 τὸ
2545 5556 2701 5621 αὐτὸ,
2727 5559 2850 5611 ἀλλ’
2885 5540 2967 5612 ὅτι
3001 5562 3034 5631 ή
3077 5559 3176 5630 μὲν
3205 5538 3495 5618 ὑπόστασις
3517 5553 3574 5605 τὸ
3601 5545 3721 5602 εἶναι

2181 5651 2334 5719 δηλοῖ
2361 5648 2456 5702 τοῦ
2507 5649 2674 5703 αὑτοῦ
2725 5653 3076 5722 πράγματος,
3109 5655 3143 5724 ἡ
3175 5654 3232 5707 δὲ
3273 5652 3462 5720 θεότης
3485 5645 3544 5701 τὸ
3574 5642 3622 5696 τί
3644 5633 3714 5708 ἦν.

2185 5745 2217 5816 ἦ
2255 5743 2355 5814 μέν
2391 5743 2583 5815 θεότης
2610 5742 2684 5807 ὡς
2717 5744 2779 5798 τὸ
2831 5744 3011 5799 κοιιὸν
3054 5746 3415 5816 λαμσάνεται,
3452 5743 3485 5810 ἡ
3519 5737 3570 5790 δὲ
3601 5727 3717 5785 ὑπό·
