4036 6448
318 422 426 485 8ῗ3

1243 419 1342 478 DE
1382 415 1908 500 PROCESSIONE
1953 415 2318 475 SPllllTUS
2354 413 2649 474 SANCTi.

3461 413 3566 475 871

319 546 510 592 omet;
542 527 614 590 ὼς
647 527 704 580 τὸ
742 527 890 582 ἴδιον.
934 527 1090 580 Ἐπεὶ
1125 527 1233 579 τῶν
1267 527 1628 580 ὑποστάσεων
1669 527 1829 594 ἡμῶν
1866 528 1892 577 ὁ

2007 527 2310 597 ltypostasis
2377 538 2558 581 autem
2628 524 2918 579 essistcrc.
2973 523 3231 589 Quamvis
3295 525 3461 596 igitur
3501 530 3573 584 sit

315 623 412 692 μὲν
438 619 532 673 τοῦ
567 619 620 673 τε
669 616 736 690 ἦν
779 615 916 673 εἶναι
965 619 1122 688 λόγος
1173 622 1200 672 ὁ
1230 620 1413 681 αὐτὸς,
1455 619 1483 670 ὁ
1517 618 1573 671 δὲ
1605 617 1698 670 τοῦ
1747 613 1890 668 εἶναι

315 715 526 783 ἕτεροςο
560 715 586 764 ὁ
618 712 714 781 μὲν
749 712 857 781 γὰρ
885 713 978 766 τοῦ
1009 713 1061 765 τί
1101 707 1169 783 ἦν
1217 708 1355 764 εἶναι
1397 709 1557 778 λόγος
1598 709 1754 778 ἡμῶν
1783 709 1883 778 τῆς

318 804 505 866 οὐσίας
562 803 741 873 ἡμῶν,
789 803 889 855 εἰτ’
937 803 1032 856 οῦν
1085 802 1182 857 τοῦ
1214 803 1390 864 εἴδους
1445 801 1672 871 ὁρισμός
1695 803 1843 853 ἐστιν
1873 817 1886 832 ·

319 897 348 948 ὁ
376 896 430 948 δὲ
503 895 596 947 τοῦ
649 889 788 948 εἶναι
833 895 991 962 λόγος
1037 896 1333 966 ὑπογραφὴ
1385 911 1470 956 τις
1524 895 1586 945 ὲκ
1615 894 1724 945 τῶν
1751 894 1892 947 κατά

322 985 676 1056 συμϐεϐηκὸς
707 986 816 1039 ἀπὸ
850 989 956 1039 τῶν
997 986 1099 1055 τῆς
1133 987 1266 1055 ῦλης
1302 986 1590 1056 ίδιοτήτων
1614 985 1893 1054 λαμϐανό-

323 1093 505 1146 μενος.
542 1077 754 1148 Διόπερ
797 1079 1006 1141 ἐκεῖνος
1037 1079 1136 1148 μὲν
1183 1074 1262 1141 εἷς
1289 1079 1384 1131 ἐπὶ
1431 1079 1670 1144 πάντων,
1699 1078 1760 1131 τὸ
1787 1079 1894 1146 γὰρ

326 1165 464 1232 εἶδος
498 1169 578 1222 ἓν·
605 1162 757 1232 οὗτος
781 1170 838 1223 δὲ
870 1171 1046 1233 ἄλλως
1077 1171 1260 1232 ἄλλοις
1287 1171 1602 1225 ἀποδίδοται
1631 1171 1771 1224 κατά
1795 1171 1894 1240 τὴν

323 1267 422 1333 τῆς
456 1262 588 1332 ὕλης
621 1263 952 1332 άτομὸτητα,
987 1267 1020 1334 ἢ
1049 1263 1325 1334 διαφόρως
1351 1263 1447 1316 καὶ
1493 1261 1675 1324 ἄλλοις
1716 1263 1895 1324 ἄλλως

317 1355 622 1410 ἐπιϐάλλει.
673 1355 829 1407 Ἐπεὶ
861 1356 917 1408 δὲ
955 1357 1016 1408 ὲν
1046 1355 1126 1426 τῷ
1151 1353 1270 1424 Θεῷ
1295 1355 1397 1408 οὐκ
1427 1354 1576 1408 ἔστιν
1617 1354 1741 1423 ὑλη,
1772 1355 1894 1406 οὑδὲ

319 1447 388 1497 τά
419 1443 480 1508 ἐξ
511 1444 759 1513 ἀνάγκης
807 1447 1051 1515 ἑπόμενα
1094 1446 1230 1515 αὑτῇ
1270 1444 1686 1516 συμϐεϐηκότα,
1712 1445 1896 1498 λείπε-

317 1553 409 1588 ται
438 1535 498 1589 τὸ
534 1536 588 1587 τί
635 1533 701 1606 ἦν
739 1533 879 1590 εἶναι
919 1537 1019 1589 καὶ
1084 1538 1146 1590 τὸ
1205 1535 1346 1591 εἶναι
1387 1539 1586 1590 ταυτὸν
1633 1531 1774 1590 εἶναι
1809 1539 1894 1589 ἐπ’

251 1625 254 1627 λ
317 1627 507 1682 αὑτοῦ.
551 1629 721 1697 Δῆλον
777 1623 868 1682 οὖν
911 1629 976 1682 ὲκ
1017 1627 1126 1680 τῶν
1181 1630 1497 1698 εἰρημένων
1554 1627 1699 1680 τοῦτ’
1756 1622 1897 1680 εἶναι

322 1722 422 1788 τὴν
477 1719 668 1771 οὐσίαν
725 1713 862 1790 ὅπερ
904 1720 997 1772 καὶ
1052 1721 1151 1789 τὴν
1212 1720 1532 1772 ὑπόστασιν
1579 1719 1684 1770 κάν
1721 1720 1898 1787 τούτῳ

331 1813 491 1882 μόνον
525 1810 827 1880 διαφέρειν,
861 1813 944 1863 ὅτι
986 1813 1018 1881 ἠ
1069 1812 1170 1880 μὲν
1209 1811 1367 1864 οὐσία
1411 1797 1815 1879 ἀπολελυμένον
1844 1828 1898 1862 τι

1995 619 2128 672 illttd
2188 619 2454 673 exsistere
2516 617 2660 672 idem
2724 618 2869 684 quod
2910 618 3041 687 quid
3097 629 3214 672 erat
3265 634 3428 686 esse,
3476 620 3572 678 sed

1995 710 2123 780 quia
2178 709 2492 780 ltypostasis
2545 709 2766 778 quidem
2829 725 2948 764 esse
3009 709 3279 779 signiﬁcat
3327 713 3574 782 ejusdem

1997 801 2122 864 rei,
2179 799 2363 854 Deitas
2416 814 2547 853 vero
2617 800 2762 869 quod
2823 799 2954 868 quid
3016 810 3135 855 erat
3186 817 3344 866 esse,
3394 803 3578 857 Deitas

1995 891 2216 962 quidem
2267 899 2327 944 ιιι
2389 907 2682 946 commune
2746 891 3038 962 accipitur,
3073 893 3380 964 ltypostasis
3444 911 3577 950 vero

1997 994 2058 1038 ut
2113 984 2416 1054 proprium.
2497 984 2764 1050 Quoniam
2831 997 3142 1040 nostrarum
3212 987 3577 1056 hypostaseon

1996 1076 2245 1132 deﬁnitio
2307 1076 2455 1146 quod
2511 1077 2640 1145 quid
2699 1087 2814 1130 erat
2871 1091 2993 1132 esse
3043 1077 3354 1147 signiﬁcans
3385 1080 3577 1133 eadem

1997 1177 2101 1235 est,
2156 1169 2403 1224 deﬁnitio
2433 1185 2564 1225 vero
2608 1169 2943 1224 exsistentia:
2977 1171 3106 1224 alia.
3143 1171 3397 1224 Deﬁnitio
3429 1173 3577 1226 enim

1998 1261 2117 1327 ejus
2167 1260 2314 1329 quod
2379 1259 2510 1328 quid
2577 1270 2692 1312 erat
2751 1273 2874 1312 esse
2919 1269 3148 1321 nostra,
3183 1268 3386 1314 nostra:
3443 1263 3580 1316 eub-

1999 1351 2213 1406 stantia‘e
2271 1360 2387 1416 est,
2426 1352 2538 1406 sive
2597 1351 2796 1420 speciei
2863 1350 3112 1405 deﬁnitio
3154 1359 3257 1406 est.
3324 1351 3578 1406 Deﬁnitio

2002 1461 2136 1502 vero
2167 1447 2286 1517 ejus
2319 1446 2463 1515 quod
2522 1455 2606 1500 est
2643 1445 2933 1508 exsistere,
2979 1446 3281 1514 descriptio
3327 1448 3576 1515 quatdam

2001 1545 2106 1602 est,
2141 1553 2263 1607 qua:
2308 1536 2544 1592 sumitur
2588 1552 2652 1590 ex
2687 1538 2752 1591 iis
2781 1552 2902 1605 quae
2952 1545 3080 1590 sunt
3123 1552 3218 1604 per
3245 1537 3500 1592 accidens
3548 1553 3578 1590 a

2005 1629 2387 1684 materialibus
2435 1629 2886 1698 pmprietatibus.
2914 1628 3186 1696 Quocirca
3222 1628 3310 1683 illa
3355 1629 3576 1698 quidem

2006 1735 2114 1774 una
2159 1729 2240 1774 est
2293 1720 2347 1773 in
2398 1720 2678 1784 omnibus,
2727 1721 2939 1788 Species
2985 1720 3134 1775 enim
3172 1734 3279 1775 una
3330 1729 3434 1774 est.
3474 1719 3576 1773 Ista

2005 1827 2136 1866 vero
2168 1812 2329 1865 aliter
2361 1811 2485 1865 aliis
2532 1811 2845 1879 assignatur
2873 1812 3178 1866 secundum
3227 1811 3472 1866 materias
3499 1812 3580 1865 in-

328 1904 421 1955 ἐπὶ
456 1902 591 1955 Θεοῦ
647 1904 815 1973 δηλοῖ,
841 1906 875 1974 ἡ
900 1905 954 1956 δὲ
973 1903 1267 1965 ὑπόστασις
1295 1905 1648 1972 ἀναφορικόν·
1683 1903 1806 1955 καθ’
1841 1904 1901 1954 ὃν

2007 1901 2410 1967 dividuitatem,
2455 1917 2576 1971 qua:
2621 1874 2957 1968 tlitfcrenter,
2997 1912 3051 1956 et
3095 1903 3219 1956 aliis
3253 1903 3415 1957 aliter
3447 1917 3581 1957 cen-

331 1994 396 2062 8'q
427 1995 618 2066 τρόπον
649 1996 708 2046 οὑ
743 1997 932 2049 ταυτὸν
963 1992 1115 2047 εἷπον
1145 1997 1193 2048 οἱ
1226 1995 1377 2063 άγιοι
1418 1996 1608 2047 οὑσίαν
1640 1995 1734 2048 καὶ
1775 1996 1903 2049 ὑπό-

2007 1993 2485 2064 tin‘git.Quon§am
2538 2001 2718 2048 autem
2758 1994 2811 2047 in
2871 1995 2982 2048 Deo
3034 2010 3142 2049 non
3188 2003 3272 2050 est
3330 1994 3578 2061 materia,

336 2101 522 2136 στάσιν
545 2100 559 2115 ’
589 2083 778 2152 ὥσπερ
825 2083 892 2138 ἂν
931 2088 978 2138 εί
1014 2085 1232 2153 ἔλεγον,
1260 2085 1384 2138 Ἐπὶ
1433 2085 1531 2153 τῆς
1580 2085 1903 2154 ὑπερθυσὶου

2007 2099 2182 2154 neque
2215 2084 2541 2151 accidentia,
2575 2101 2698 2154 qua:
2732 2102 2852 2140 eam
2879 2089 3190 2142 necessario
3231 2103 3581 2157 consequun-

333 2175 580 2246 θ;ύτητος
604 2178 664 2228 οὑ
689 2179 881 2231 ταυτὸν
907 2179 1022 2230 ἐστι
1053 2178 1112 2229 τὸ
1135 2177 1534 2246 ἀπολελυμένον
1566 2177 1657 2228 καὶ
1695 2176 1755 2226 τὸ
1777 2176 1903 2230 ἀνα-

2007 2185 2116 2237 tur,
2165 2175 2436 2244 reliquum
2466 2186 2572 2241 est,
2607 2185 2665 2230 ut
2700 2177 2751 2230 in
2810 2178 2928 2244 ipso
2981 2177 3125 2232 idem
3164 2179 3235 2233 sit
3263 2181 3408 2248 quod
3445 2179 3577 2249 quid

329 2271 576 2339 φορικόν·
603 2272 716 2333 τοῖς
744 2270 842 2341 μὲν
874 2272 982 2340 γὰρ
1005 2272 1358 2340 ἀναφορικοϊς
1382 2270 1448 2322 τά
1471 2269 1588 2321 Osi:
1624 2268 1899 2338 διακρίνε-

2007 2275 2123 2322 erat
2162 2281 2316 2331 esse,
2353 2275 2410 2321 et
2431 2267 2576 2335 quod
2623 2275 2707 2322 est
2749 2269 3035 2322 exsistere.
3075 2267 3150 2322 Ex
3201 2269 3362 2323 dictis
3411 2269 3579 2338 igitur

323 2379 416 2414 ται
453 2361 873 2430 πρόσωπα,τοῑς
903 2361 960 2414 δὲ
983 2361 1408 2430 ἀπολελυμένοις
1437 2361 1787 2412 συνάπτεται.
1822 2359 1901 2430 Τῇ

2013 2358 2366 2413 manifestum
2394 2368 2498 2424 est,
2534 2358 2584 2413 id
2635 2373 2756 2414 esse
2793 2359 3161 2413 substantiam
3203 2360 3349 2430 quod
3393 2369 3448 2415 et
3482 2359 3580 2429 hy-

330 2453 426 2520 μὲν
449 2453 558 2523 γὰρ
589 2452 746 2524 οὐσίᾳ
777 2453 808 2523 ὴ
833 2453 1026 2515 ἕνωσις
1047 2452 1260 2513 ἕπεται,
1298 2453 1416 2514 ταῖς
1447 2451 1503 2504 δὲ
1534 2453 1898 2504 ὑποστάσεσιν

2009 2448 2293 2518 postasitn,
2344 2463 2520 2518 coque
2582 2449 2701 2503 solo
2761 2447 3008 2514 diﬁ'crre,
3060 2449 3206 2518 qttod
3271 2450 3582 2504 substantia

329 2547 359 2614 ἡ
388 2545 659 2614 διάκρισις
691 2561 706 2576 ο
749 2545 944 2609 ἓνωσις
979 2545 1034 2598 δὲ
1072 2539 1166 2598 καὶ
1190 2545 1462 2615 διάκρισις
1496 2546 1555 2596 οὑ
1583 2543 1767 2597 ταυτό.

2007 2541 2228 2610 quidem
2287 2542 2599 2597 absoltttum
2660 2541 2918 2611 quiddam
2980 2541 3036 2596 in
3103 2541 3214 2596 Deo
3266 2541 3581 2616 signiﬁcet,

328 2639 636 2710 hypostasis
693 2656 824 2696 vero
870 2641 1180 2706 relativum,
1235 2639 1536 2695 secundum
1599 2653 1761 2706 quem
1817 2636 2041 2692 modum
2096 2651 2205 2691 nou
2246 2635 2390 2691 idem
2431 2636 2692 2691 dixerunt
2755 2637 2931 2690 sancti
2992 2635 3354 2692 substantiam
3395 2635 3579 2705 etlty-

330 2732 587 2801 postasim
622 2742 876 2802 tanquam
896 2734 940 2787 si
974 2733 1240 2796 dicerent,
1266 2731 1323 2786 in
1347 2731 1863 2801 supersubstantiali
1927 2731 2136 2785 Deitate
2171 2747 2279 2786 non
2299 2729 2442 2785 idem
2475 2740 2561 2785 est
2587 2730 2901 2785 absolutum
2935 2741 2991 2784 et
3032 2730 3336 2785 relativum.
3369 2730 3582 2802 Quippe

331 2825 573 2880 relativis
630 2823 830 2878 divina:
883 2840 1134 2894 persona:
1188 2824 1637 2895 distinguuntur,
1697 2824 1963 2880 absolutis
2003 2840 2133 2880 veto
2188 2827 2621 2895 coniunguntur.
2654 2825 2900 2894 Namque
2933 2823 3297 2880 substantiam
3332 2828 3584 2895 sequitur

335 2918 518 2970 unitas
548 2956 562 2980 ,
620 2914 942 2984 hypostases
993 2930 1127 2970 vero
1186 2914 1494 2979 distincto;
1561 2929 1670 2968 non
1734 2914 1915 2970 unitas
1950 2924 2156 2984 autem,
2189 2923 2248 2972 et
2285 2917 2566 2973 distinctio
2597 2925 2678 2972 est
2717 2917 2884 2972 idem.

927 3028 1179 3085 ΚΕΦΑΛ.
1229 3031 1302 3085 I".

332 3119 459 3172 Ὅτι
479 3119 514 3187 ἠ
536 3120 719 3174 οὐσία
750 3117 845 3192 xei.
876 3119 1222 3192 ὑπόστασις
1243 3120 1341 3174 καὶ
1367 3122 1596 3192 ἰδιότης
1623 3123 1721 3177 ἐπὶ
1747 3121 1896 3176 Θεοῦ

625 3189 854 3246 σαυτόν
882 3189 1013 3243 ἐστι
1052 3192 1205 3244 κατὰ
1237 3192 1303 3245 τὸ
1337 3189 1596 3262 πρᾶγμά.

413 3283 578 3337 Ἀλλᾶ
621 3283 714 3334 καὶ
743 3283 872 3351 περὶ
897 3282 1005 3335 τῶν
1051 3283 1434 3338 ὑποστατικῶν
1469 3285 1775 3356 ἰδιωμάτων
1806 3287 1903 3355 ρης

329 3379 450 3432 τέον
485 3377 766 3432 κάνταῦθα
795 3380 908 3441 τοῖς
937 3380 1184 3441 δυνατοῖς
1213 3379 1306 3430 καὶ
1332 3379 1656 3448 ἀναγκαίοις
1699 3383 1761 3432 ἐκ
1796 3378 1906 3431 τῶν

329 3468 667 3522 διδασκάλων
728 3468 1059 3539 χρωμένοις.
1103 3469 1242 3538 Φησὶ
1289 3469 1472 3523 τοίνυν
1530 3471 1828 3541 Γρηγόριος
1877 3471 1905 3521 ὁ

329 3561 590 3630 Θεολόγος
621 3564 678 3614 ὲν
709 3561 788 3630 τῷ
817 3563 896 3625 εἰς
927 3561 1018 3614 τὸν
1059 3561 1331 3632 μακάριον
1363 3561 1686 3616 Ἀ’θανάσιον
1732 3563 1906 3629 ἐγκω-

334 3654 443 3723 μίῳ
463 3670 480 3689 ο
517 3674 536 3706 ι
568 3653 679 3722 Τῆς
701 3654 810 3724 γὰρ
841 3655 972 3724 μιᾶς
1000 3653 1188 3718 οὐσίας
1215 3653 1440 3708 καὶτῶν
1466 3654 1635 3725 τριῶν
1668 3652 1908 3706 ὑποστά-

319 3762 473 3798 ’σεων
524 3745 831 3815 λεγομένων
880 3743 970 3814 ὑφ’
1031 3744 1190 3815 ἡμῶν
1247 3745 1522 3808 εὑσεὸῶςο
1563 3746 1624 3797 τὸ
1665 3745 1762 3815 μὲν
1794 3745 1906 3813 γὰρ

331 3838 433 3905 τὴν
479 3836 641 3904 φύσιν
685 3835 856 3906 δηλοῖ,
906 3835 968 3889 τὸ
996 3835 1055 3894 δὲ
1106 3839 1203 3900 τὰς
1232 3837 1341 3890 τῶν
1363 3837 1531 3908 τριῶν
1578 3837 1900 3905 lenimen,»

338 3929 432 3982 καὶ
461 3928 528 3982 τά
559 3926 743 3980 λοιπά.
796 3927 885 3979 Ἐν
923 3929 1130 3991 τούτοις
1175 3929 1339 3998 φύσιν
1378 3931 1471 3983 καὶ
1497 3929 1685 3982 οὐσίαν
1737 3928 1904 3982 ταυτδ

337 4021 587 4092 βούλεται
642 4015 809 4084 εἶναι,
855 4019 951 4074 καὶ
986 4021 1085 4084 τὰς
1117 4021 1443 4085 ὑποστάσεις
1476 4021 1744 4092 ἰδιότητας
1776 4023 1908 4075 ἀπο-

333 4114 606 4182 φαίνεται.
1845 4168 1851 4172 .

410 4206 528 4258 Ἔτι
561 4207 590 4259 ὁ
620 4205 784 4270 αὐτὸς
815 4207 874 4261 ὲν
901 4207 978 4276 τῷ
1008 4205 1084 4267 είς
1114 4205 1182 4258 τά
1210 4205 1368 4257 Φῶτα
1397 4204 1571 4272 λόγῳο
1607 4221 1626 4255 ι
1661 4201 1795 4254 Θεοῦ
1827 4203 1905 4266 δὲ,

335 4296 463 4350 ὅταν
502 4297 661 4361 εἴπω,
692 4299 772 4352 ἐνὶ
799 4299 943 4368 φωτὶ
986 4297 1470 4367 περιαστράφοητε
1508 4297 1600 4349 καὶ
1643 4295 1830 4364 τρισί·
1882 4314 1901 4346 ι
1938 4300 1949 4308 '

334 4387 484 4456 τρισὶ
518 4389 616 4458 μὲν
653 4389 796 4442 κατά
828 4389 926 4451 τὰς
975 4388 1264 4457 ἰδιότητας,
1298 4387 1398 4440 εἴτ’
1427 4383 1518 4440 οὖν
1552 4387 1904 4448 ὑποστάσεις.

349 4479 495 4532 Ἑκεῖ
525 4478 626 4549 μὲν
654 4476 748 4532 οὖν
789 4480 888 4541 τὰς
931 4479 1260 4540 ὑποστάσεις
1293 4479 1664 4549 προτεταχὼς,
1701 4483 1779 4542 εἰς
1807 4477 1904 4539 τὰς

335 4572 610 4643 ἰδιότητας
642 4573 1014 4642 ἡρμήνευσεν,
1049 4571 1285 4623 ἐνταῦθα
1316 4571 1371 4624 δὲ
1395 4569 1493 4634 τὰς
1532 4571 1802 4640 ἰδιότητας
1829 4571 1907 4633 εἰς

336 4663 437 4726 τὰς
477 4663 826 4727 ὑποστάσεις,
855 4665 955 4716 οὑκ
1007 4663 1074 4716 ἂν
1103 4661 1366 4733 εἰρηκὼς,
1413 4663 1464 4714 ει
1506 4662 1580 4732 μὴ
1616 4663 1781 4714 ταυτό
1815 4663 1909 4714 καὶ

337 4756 632 4825 ἀδιάφορον
684 4751 777 4826 ἦν,
807 4755 859 4807 εί
888 4773 970 4817 τις
1015 4755 1280 4823 ἰδιότητας
1315 4753 1415 4805 εἴθ’
1465 4753 1786 4815 ὑποστάσεις
1817 4755 1912 4806 ἐπὶ

335 4847 433 4900 τοῦ
462 4845 628 4900 αὑτοῦ
657 4846 901 4918 βούλοιτο
923 4845 1129 4899 καλεῖν.
1167 4844 1328 4896 Ἀλλά
1360 4846 1453 4896 καὶ
1482 4847 1508 4897 ὁ
1542 4848 1715 4912 μέγας
1755 4844 1914 4896 Ἀθα-

339 4941 524 5003 νάσιος
581 4941 639 4991 ὲν
695 4939 774 5008 τῷ
803 4938 935 5007 περὶ
967 4937 1088 5004 τοῦ,
1119 4939 1201 4990 ὅτι
1251 4937 1435 4998 καλῶς
1466 4937 1680 5006 εἴρηται
1711 4937 1822 4999 τοῖς
1851 4939 1910 4990 ἐν

343 5032 544 5104 Νικαίᾳ
597 5033 876 5100 Πατράσιν
918 5032 956 5099 ’ἡ
997 5029 1141 5095 λέξις
1191 5029 1300 5084 τοῦ
1360 5030 1712 5098 όμοουσίου,
1755 5029 1909 5082 ταυτί

339 5141 470 5195 φησι
496 5139 509 5153 ·
567 5141 586 5174 ι
629 5123 721 5175 Διὸ
750 5123 871 5175 οὑδὲ
903 5123 1001 5193 τὴν
1033 5122 1210 5175 κτίσιν
1241 5121 1404 5174 αὑτοῦ
1455 5121 1548 5174 τοῦ
1578 5123 1731 5183 ὄντος
1775 5121 1910 5174 Θεοῦ

338 5214 730 5284 δημιούργημα
772 5211 910 5265 εἶναι
957 5213 1183 5282 φήσετε,
1221 5214 1270 5265 εἰ
1307 5231 1367 5278 γε
1398 5213 1462 5265 τὸ
1515 5214 1696 5282 Πατὴρ
1729 5214 1821 5264 καὶ
1853 5214 1913 5264 τὸ

340 5306 474 5370 Θεὸς
506 5307 606 5358 οὑκ
636 5305 810 5371 αὑτὴν
847 5305 945 5373 τὴν
973 5305 1066 5357 τοῦ
1111 5303 1262 5367 ὄντος
1293 5305 1481 5357 οὑσὲαν
1528 5306 1907 5371 σημαίνουσιν,

341 5397 457 5451 ἀλλ’
483 5398 668 5466 ἕτερον
693 5412 766 5458 τι,
789 5397 926 5466 ὅπερ
971 5396 1129 5462 ὑμεῖς
1154 5397 1544 5450 άναπλάττετε.
1587 5395 1645 5448 ΕΞ
1675 5394 1730 5446 δὲ
1759 5394 1914 5446 τοῦτο

342 5489 611 5560 ἀπρεπὲς,
649 5492 742 5541 καὶ
766 5490 885 5541 λίαν
911 5488 1106 5549 ἀσεϐές
1142 5489 1258 5540 ἐστι
1295 5488 1389 5539 καὶ
1423 5489 1584 5554 μόνον
1615 5487 1915 5555 ἐντεθυμῆ-

344 5581 491 5636 σθαι.
521 5599 540 5632 ι
573 5581 678 5632 Καὶ
711 5579 826 5649 μετ’
853 5579 1031 5647 ὀλίγα·
1065 5597 1082 5629 ι
1121 5577 1238 5631 Κᾶν
1267 5580 1376 5648 γὰρ
1402 5577 1678 5640 ἀδυνάτως
1702 5577 1914 5646 ἔχωμεν

346 5670 678 5726 καταλαϐεῖν
717 5672 744 5723 ὃ
782 5670 835 5722 τί
894 5670 1027 5722 ποτέ
1060 5671 1229 5733 ἐστιν,
1266 5651 1390 5722 ’ἀλλ’
1439 5671 1590 5738 ὅμως
1627 5668 1915 5730 ἀκούοντες

343 5767 409 5820 τδ
435 5766 619 5834 Πατὴρ
645 5764 738 5817 καὶ
761 5762 822 5815 τὸ
849 5761 973 5824 Υἱὸς
1006 5760 1100 5813 καὶ
1129 5761 1458 5832 δημιουργὸς
1489 5761 1585 5814 καὶ
1608 5764 1918 5831 παντοκρά-

343 5875 482 5928 τωρ,
529 5856 630 5922 οὑχ
671 5855 861 5922 ἕτερόν
895 5872 968 5921 τι,
1019 5853 1135 5908 ἀλλ’
1174 5857 1344 5924 αὐτὴν
1376 5855 1474 5925 τὴν
1513 5862 1789 5929 pangis.»-
1827 5881 1914 5910 ;;:;-.

585 5947 861 6007 PATPOL.
898 5942 1016 6009 GR.
1059 5945 1264 6008 CLIV.

1923 3225 1971 3288 C

2618 3035 2844 3092 CAPUT
2875 3032 2965 3089 111.

2073 3129 2224 3194 Quod
2260 3128 2579 3191 substantia,
2605 3139 2653 3181 et
2687 3127 3004 3198 [typostasis,
3033 3137 3190 3196 atque
3215 3130 3511 3198 praprietas

2309 3198 2596 3253 secundum
2617 3197 2734 3252 rcm’
2758 3199 2810 3251 in
2843 3197 2951 3252 Deo
2973 3198 3110 3252 idem
3140 3200 3268 3252 sint.

2077 3293 2348 3347 Ca-terum
2389 3300 2445 3346 et
2476 3291 2544 3347 de
2596 3291 3031 3361 proprietatibus
3074 3291 3429 3362 ltypostaticis
3476 3292 3583 3350 hoc

2009 3386 2062 3440 in
2101 3386 2224 3439 loco
2253 3385 2547 3439 dicendum
2589 3393 2692 3444 est,
2725 3383 3017 3438 sententiis
3059 3397 3183 3437 cum
3225 3383 3584 3452 possibilibus

2009 3486 2123 3532 tum
2154 3475 2485 3532 necessariis
2525 3477 2750 3538 utendo,
2786 3474 3021 3542 sumptis
3063 3490 3094 3529 e
3135 3475 3422 3530 doctorum
3467 3493 3585 3532 mo-

2008 3569 2310 3623 numentis.
2346 3570 2436 3621 Ait
2473 3567 2640 3638 igitur
2669 3566 2965 3637 Gregorius
2989 3567 3300 3639 Tlteologus
3354 3569 3409 3624 in
3443 3569 3583 3626 Ora-

2010 3660 2157 3714 tione
2207 3657 2510 3714 laudatoria
2563 3657 2617 3712 in
2672 3658 2889 3713 beatum
2939 3657 3340 3713 Athanasium:
3379 3677 3399 3707 σ
3444 3660 3582 3715 Cum

2009 3751 2157 3805 enim
2187 3765 2219 3805 a
2242 3750 2403 3807 nobis
2434 3765 2541 3804 una
2570 3749 2875 3806 substantia
2905 3759 2959 3806 et
2987 3759 3099 3805 tres
3142 3750 3464 3822 hypostases
3493 3755 3583 3820 pie

2009 3843 2301 3906 dicantur;
2330 3842 2534 3896 etenim
2567 3857 2736 3897 unum
2766 3841 2984 3912 quidem
3015 3851 3267 3898 naturam
3293 3844 3582 3916 signiﬁcat,

2010 3931 2241 3986 alterum
2281 3946 2412 3985 vero
2439 3929 2605 3986 trium
2641 3931 3024 4001 preprietates,
3079 3951 3098 3983 ι
3155 3941 3213 3986 et
3252 3933 3481 4002 reliqua.
3525 3934 3585 3989 in

2011 4021 2100 4078 bis
2141 4029 2419 4089 naturam,
2446 4029 2505 4076 et
2527 4021 2890 4077 substantiam
2923 4022 3067 4077 idem
3106 4023 3227 4078 vult
3249 4039 3393 4091 esse,
3421 4034 3595 4095 atque

2012 4114 2337 4186 hypostases
2362 4129 2482 4170 esse
2509 4115 2703 4169 statuit
2731 4115 3111 4185 proprietates.

2083 4205 2348 4260 Prtcterea
2400 4206 2568 4269 idem,
2619 4205 2880 4260 Oratione
2949 4207 3002 4260 in
3046 4215 3233 4263 sancta
3292 4209 3523 4264 Lumina
3569 4230 3584 4268 ε

2018 4297 2144 4351 «Dei
2178 4306 2362 4351 autem
2409 4312 2537 4350 cutn
2567 4295 2776 4361 dixero,
2810 4313 2915 4352 una
2941 4306 2996 4351 et
3027 4298 3170 4353 trina
3191 4299 3318 4353 luce
3352 4303 3590 4355 circum-

2012 4387 2241 4457 fulgenti
2281 4385 2628 4440 illustrentini
2662 4405 2674 4440 :
2711 4387 2849 4442 trina
2881 4387 3104 4456 quidem
3125 4389 3428 4443 secundum
3466 4407 3589 4458 pro-

2013 4479 2297 4548 prietates,
2327 4480 2444 4533 sive
2484 4479 2822 4550 hypostases.
2875 4499 2891 4529 I
2933 4480 3010 4534 lbi
3059 4481 3226 4550 igitur
3275 4497 3397 4536 cum
3439 4489 3590 4551 prius

1946 4578 1987 4645 ι)
2016 4571 2336 4641 hypostases
2366 4571 2612 4636 dixisset,
2654 4571 3018 4642 proprietates
3047 4587 3168 4626 esse
3195 4573 3590 4643 interpretatus

2013 4675 2124 4728 est;
2161 4664 2248 4718 hic
2282 4679 2412 4717 vero
2446 4663 2809 4732 proprietates
2833 4663 3069 4732 explicat
3095 4679 3217 4718 esse
3244 4665 3588 4735 ltypostascs.

2014 4756 2168 4821 Quod
2217 4756 2406 4824 utique
2439 4771 2546 4808 non
2579 4755 2829 4820 dixisset,
2875 4754 2980 4808 nisi
3031 4756 3172 4809 idem
3214 4767 3381 4825 atque
3427 4757 3591 4814 indif-

2016 4847 2199 4899 ferens
2225 4857 2386 4907 esset,
2439 4846 2483 4899 si
2517 4845 2642 4914 quis
2694 4845 3059 4914 proprietates
3109 4845 3225 4899 sive
3263 4847 3590 4918 hypostases

2012 4937 2261 5008 eamdem
2293 4951 2406 4989 rem
2443 4951 2635 4990 vocare
2674 4935 2824 4989 velit.
2862 4935 2967 4991 Sed
3003 4947 3059 4991 et
3091 4951 3323 5005 magnus
3345 4939 3590 4995 Athana-

2016 5027 2152 5087 sius,
2184 5025 2235 5076 in
2284 5025 2564 5088 Oratione,
2595 5027 2738 5093 quod
2765 5035 2911 5080 recte
2944 5024 3089 5079 dicta
3122 5025 3193 5078 sit
3220 5041 3324 5081 vox
3373 5032 3592 5084 consul»-

2013 5118 2281 5170 stantialis
2312 5119 2566 5172 Patribtts
2595 5118 2646 5170 in
2674 5116 2851 5170 Nicaea
2879 5119 3243 5187 congregatis,
3267 5120 3383 5176 haec
3412 5121 3543 5178 dicit
3575 5143 3587 5176 :

2023 5229 2041 5259 ι
2080 5210 2287 5263 Idcirco
2317 5223 2496 5278 neque
2525 5217 2832 5284 creaturam
2879 5209 3018 5277 ejus,
3052 5209 3145 5276 qui
3183 5220 3268 5264 est
3310 5210 3472 5276 Deus,
3503 5214 3591 5266 dt-

2017 5303 2156 5356 cotis
2185 5316 2305 5356 esse
2337 5301 2598 5365 ofﬁcium,
2651 5301 2919 5369 siquidem
2967 5301 3124 5354 Pater
3173 5312 3230 5356 et
3292 5302 3434 5358 Deus
3482 5322 3589 5358 non

2019 5399 2192 5464 ipsam
2226 5395 2365 5464 ejus,
2403 5396 2494 5464 qui
2553 5403 2657 5458 εει,
2693 5393 3056 5446 substantiam
3109 5394 3443 5463 signiﬁcant,
3493 5399 3587 5451 ενδ

2018 5486 2164 5539 aliud
2206 5485 2490 5554 quiddam.
2525 5484 2667 5551 quod
2714 5498 2811 5536 vos
2854 5483 3078 5552 ﬁngitis.
3107 5482 3263 5548 Quod
3295 5485 3341 5539 si
3374 5485 3478 5540 hoc
3505 5486 3589 5538 in-

2019 5579 2276 5632 decorum
2311 5587 2412 5641 est,
2446 5591 2509 5629 ac
2540 5576 2692 5628 valde
2730 5575 2953 5643 impium
2974 5574 3056 5627 vel
3078 5575 3253 5628 solum
3271 5578 3532 5644 cogitare.
3565 5593 3584 5626 ι

2020 5670 2085 5723 Et
2139 5670 2303 5739 paulo
2359 5681 2522 5738 post:
2561 5687 2577 5717 ι
2643 5667 2903 5733 Quamvis
2955 5669 3099 5720 enim
3159 5681 3267 5720 non
3319 5667 3590 5736 possimus

2021 5761 2491 5832 comprehendere
2541 5761 2800 5827 quidnam
2850 5759 3066 5812 tandem
3116 5759 3206 5819 sit,
3253 5757 3347 5812 sed
3405 5766 3586 5813 tamen

2027 5878 2145 5911 ι.;·;ε
2183 5860 2433 5908 lauimus
2471 5854 2568 5907 ltus
2608 5867 2764 5906 Voces
2803 5852 2961 5905 Pater
2994 5858 3047 5904 cl.
3084 5849 3277 5914 Filius,
3324 5850 3500 5921 opifex
3530 5857 3591 5908 et

3194 5943 3276 6011 28
