4036 6468
505 440 620 499 ⁸875

1798 440 2175 501 DEMETRll
2217 438 2524 499 CYDUNII

3666 441 3761 507 876

515 557 887 627 omnipotens,
913 569 1021 610 non
1047 554 1308 625 quiddam
1330 554 1499 620 aliud,
1528 552 1623 609 sed
1653 554 1823 624 ipsam
1853 556 2088 615 beatam,

2210 552 2372 621 ιπλῆν
2411 553 2508 603 καὶ
2549 549 2938 615 ἀκατάληπτον
2972 550 3064 605 τοῦ
3104 549 3255 614 ὄντος
3289 550 3486 605 οὐσίαν
3517 569 3761 623 σημαινο-

520 665 587 704 ac
639 650 970 719 simpliccm,
1038 658 1093 703 et
1146 646 1760 718 incomprehensibilem
1813 647 1954 717 ejus,
2006 644 2099 713 qui

524 756 631 806 est,
674 742 1037 797 substantiam
1076 740 1435 810 signiﬁcatam
1470 739 1846 810 intelligimus.
1880 738 2103 793 Dixistis

523 855 654 895 vero
685 848 742 894 et
771 853 866 892 vos
897 835 1087 891 Ariani
1114 851 1177 889 ex
1208 834 1319 889 Deo
1349 833 1568 899 Filium,
1594 831 1848 887 videlicet
1877 845 1942 884 ex
1977 829 2104 885 sub-

520 931 720 987 stantia
742 928 921 985 Patris
957 941 1084 981 eum
1118 925 1355 981 dixistis.
1405 944 1424 977 ι

597 1021 865 1076 Praeterea
912 1020 1282 1074 Damascenus
1314 1016 1367 1071 in
1406 1015 1681 1087 capitibus
1733 1014 1850 1069 suis
1892 1012 2102 1069 theolo-

520 1114 660 1183 gicis
717 1113 794 1167 ait
840 1130 855 1166 :
903 1129 921 1163 ι
958 1110 1143 1165 Deitas
1192 1117 1445 1163 naturam
1496 1108 1793 1179 signiﬁcat,
1837 1120 1938 1161 vox
1972 1120 2105 1160 vero

526 1207 686 1261 Pater
708 1205 1067 1276 hypostasim.
1112 1204 1225 1259 Vox
1260 1202 1409 1258 enim
1457 1201 1623 1267 Deus,
1662 1210 1719 1265 et
1779 1200 1946 1254 homo
2008 1213 2103 1254 su-

525 1306 756 1352 muntur
789 1296 855 1351 ad
886 1294 1303 1367 signiﬁcandam
1343 1293 1726 1356 substantiam,
1758 1303 1821 1349 ut
1852 1308 1978 1347 cum
2023 1291 2106 1344 di-

524 1392 699 1444 cimus
754 1387 953 1443 :Deus
1006 1396 1091 1443 est
1141 1384 1718 1456 incomprehensibilis
1773 1384 2101 1448 substantia,

525 1483 729 1537 dicitur
767 1491 951 1537 autem
987 1487 1043 1534 et
1083 1478 1152 1534 de
1185 1478 1595 1550 hypostasibus.
1657 1475 1715 1531 Si
1770 1477 1936 1548 igitur
1972 1476 2105 1531 illud

528 1591 749 1642 nomen,
786 1574 951 1639 Deus,
990 1572 1356 1627 substantiam
1415 1569 1706 1642 signiﬁcat,
1752 1570 1953 1626 dicitur
2004 1585 2103 1624 au:

520 1677 633 1719 'tem
682 1676 741 1720 et
772 1663 1085 1736 hypostasis
1118 1663 1286 1729 Deus,
1332 1670 1389 1717 ct
1441 1662 1751 1733 hyposmsis
1797 1676 1930 1733 ergo
1976 1660 2106 1716 sub-

458 1758 463 1765 '
522 1755 727 1812 stantia
755 1764 858 1811 est.
895 1753 1216 1810 Substantia
1247 1753 1395 1808 enim
1424 1755 1508 1809 vel
1544 1762 1763 1817 natura,
1804 1753 2103 1809 secundum

526 1846 753 1901 modum
790 1842 1210 1915 signiﬁcationis
1246 1842 1507 1908 nominis,
1556 1857 1720 1913 quem
1773 1843 2107 1923 modumtse-
2139 1837 2172 1923 ις

522 1937 718 2008 quitur
746 1934 1127 2005 intelligentia,
1187 1943 1444 2004 tanquam
1496 1937 1707 2005 species
1760 1933 2103 2005 intelligitur,

522 2037 586 2083 et
632 2027 932 2097 profertur.
967 2024 1287 2097 Hypostasis
1323 2041 1477 2084 vero.
1535 2034 1630 2080 aut
1668 2041 1903 2097 persona
1956 2026 2103 2096 quod

530 2134 822 2175 commune
869 2126 978 2186 est,
1020 2128 1183 2189 atque
1218 2119 1556 2189 coniunctim
1590 2118 1849 2175 distincte
1873 2119 2102 2186 indicat,

529 2212 646 2267 sive
672 2226 966 2266 commune
997 2227 1104 2266 una
1144 2226 1267 2266 cum
1324 2211 1570 2283 proprio,
1630 2212 1745 2266 sive
1790 2224 2102 2276 commune,

524 2314 583 2357 et
623 2305 677 2359 id
709 2304 856 2375 quod
898 2305 965 2359 ad
1000 2303 1203 2373 aliquid
1238 2302 1422 2373 aliquo
1461 2303 1623 2357 modo
1665 2318 1723 2358 sc
1774 2302 1993 2366 habeat,
2047 2308 2107 2355 ut

526 2397 733 2451 dictum
791 2402 897 2450 cst.
959 2414 978 2446 ι
1042 2395 1113 2450 At
1160 2410 1292 2449 vero
1368 2395 1670 2450 secundum
1723 2395 2106 2458 Athanasium,

520 2485 990 2557 quemadmodum
1031 2485 1139 2541 hoc
1168 2501 1392 2550 nomen,
1429 2485 1595 2550 Deus,
1628 2486 1995 2540 substantiam
2033 2485 2107 2540 si-

529 2579 771 2648 gniﬁcat,
794 2576 872 2632 ita
898 2576 1200 2631 secundum
1231 2568 1625 2630 Damasccnum
1660 2590 1765 2629 vox
1822 2576 1988 2629 Pater
2014 2575 2110 2646 hy-

534 2670 797 2738 postasim
841 2667 1143 2737 signiﬁcat;
1176 2682 1309 2738 ergo
1358 2666 1491 2722 illud
1530 2665 1689 2722 Pater
1718 2666 2106 2731 substantiam,

526 2769 585 2814 et
629 2758 963 2831 hypostasim
1013 2757 1238 2821 indicat,
1302 2766 1354 2812 et
1397 2772 1497 2828 per
1552 2759 1712 2813 ambo
1772 2774 1939 2813 unum
1999 2773 2106 2825 ess,

526 2850 675 2920 quod
707 2849 1070 2919 signiﬁcatur,
1130 2850 1308 2919 ipsum
1353 2864 1645 2904 commune
1688 2865 1814 2905 cum
1857 2851 2103 2921 preprio,

529 2945 645 2999 sive
675 2942 892 2997 Patrem
939 2941 1085 2996 dicat
1124 2942 1270 3011 quis,
1302 2938 1784 3014 sive'hypostasim
1809 2943 2010 2997 Patris.
2039 2943 2107 2998 Et

528 3036 788 3104 quoniam
821 3034 927 3091 hoc
954 3049 1175 3100 nomen,
1213 3035 1393 3102 Pater,
1439 3036 1780 3106 hypostasim
1812 3035 2103 3105 signiﬁcat,

524 3127 839 3201 hypostasis
865 3142 999 3183 vero
1047 3127 1190 3181 idem
1243 3137 1327 3182 est
1379 3143 1504 3182 cum
1553 3128 1907 3198 proprietate,
1949 3129 2105 3198 juxta

2211 644 2381 716 μένην
2412 642 2661 713 νοοῦμεν.
2708 642 2982 713 Εἰρήκατε
3018 642 3074 697 δὲ
3109 644 3200 697 καὶ
3232 643 3394 715 ὑμεῖς
3424 646 3475 697 ot
3522 644 3764 716 Ἀρειανοί

2204 739 2269 790 ὲκ
2299 736 2392 789 τοῦ
2430 736 2567 790 Θεοῦ
2604 736 2694 788 τὸν
2751 735 2902 800 Υίὸν,
2942 735 3186 804 δηλονότι
3219 738 3282 789 ἐκ
3326 739 3432 809 τῆς
3462 736 3648 802 οὐσίας
3683 737 3762 790 τοῦ

2208 822 2418 899 Πατρὸς
2452 828 2616 881 αὑτὸν
2645 828 2927 898 εἰρήκατε.
2970 846 2987 879 ι

2278 1004 2402 1057 Ἔτι
2428 1004 2456 1055 ὁ
2487 1001 2853 1072 Δαμασκηνὸς
2883 1000 2944 1055 ὲν
2980 1002 3091 1065 τοῖς
3117 1001 3456 1069 θεολογικῶς
3500 1002 3662 1056 αὑτοῦ
3692 1020 3767 1056 κε-

2208 1095 2458 1164 φαλαίοις
2481 1093 2652 1165 φησί·
2684 1111 2705 1145 ι
2745 1094 2947 1165 Θεότης
2977 1093 3076 1164 τὴν
3102 1093 3263 1164 φύσιν
3298 1094 3477 1165 δηλοῖ,
3509 1095 3572 1149 τὸ
3599 1094 3653 1148 δὲ
3671 1096 3770 1148 Πα-

2206 1187 2313 1259 τὴρ
2344 1189 2444 1257 τὴν
2480 1186 2799 1242 ὑπόστασιν.
2837 1184 2911 1240 Τὸ
2940 1187 3050 1258 γὰρ
3074 1187 3207 1251 Θεὸς
3231 1187 3328 1241 καὶ
3350 1188 3639 1259 ἄνθρωπος
3660 1189 3771 1242 τάτ-

2205 1294 2359 1330 τεται
2395 1277 2495 1346 μὲν
2526 1276 2622 1329 ἐπὶ
2650 1277 2750 1346 τῆς
2790 1275 3002 1341 οὐσίας,
3044 1275 3121 1340 ὠς
3151 1278 3278 1331 ὅταν
3326 1277 3602 1349 λέγωμεν,
3656 1278 3770 1341 Θεός

2208 1371 2355 1421 ἐστιν
2384 1368 2771 1438 ἀκατάληπτος
2809 1369 2992 1435 οὑσία,
3037 1369 3262 1439 λέγεται
3293 1370 3354 1425 δὲ
3408 1372 3506 1425 καὶ
3551 1371 3642 1424 ἐπὶ
3671 1370 3766 1423 τῶν

2208 1460 2584 1514 ὑποστάσεων.
2634 1456 2697 1514 Et
2727 1461 2914 1515 τοίνυν
2943 1463 3005 1515 τὸ
3056 1462 3156 1533 μὲν
3187 1463 3324 1527 Θεὸς
3357 1463 3538 1530 ὄνομα
3572 1463 3664 1532 τὴν
3694 1463 3769 1515 οὑ-

2209 1553 2329 1606 σίαν
2374 1552 2649 1621 σημαίνει,
2680 1552 2899 1622 λέγεται
2938 1553 2994 1607 δὲ
3030 1556 3126 1608 καὶ
3158 1556 3190 1626 ἡ
3227 1556 3538 1621 ὑπόστασις
3563 1557 3711 1620 Θεὸς,
3732 1556 3762 1622 ἡ

2208 1645 2510 1708 ὑπόστασις
2556 1644 2667 1715 ἄρα
2700 1645 2859 1699 οὐσία
2903 1647 3075 1701 ἐστίν.
3117 1647 3180 1700 Ἥ
3219 1648 3320 1719 μὲν
3381 1650 3495 1720 γὰρ
3545 1649 3695 1702 οὑσία
3736 1649 3763 1718 ἢ

2210 1738 2375 1807 φύσις
2405 1741 2547 1793 κατὰ
2580 1738 2673 1792 τὸν
2706 1739 2914 1811 τρόπον
2937 1739 3035 1811 τῆς
3072 1740 3167 1794 τοῦ
3191 1742 3463 1813 ὀνόματος
3492 1741 3766 1813 σημασίας,

2207 1826 2361 1901 ᾧτινι
2393 1831 2682 1886 ἀκολουθεῖ
2704 1833 2736 1904 ἠ
2755 1832 2986 1898 διάνοια,
3017 1834 3093 1898 ὡς
3118 1831 3257 1897 εἶδος
3292 1836 3509 1889 νοεῖται
3542 1836 3633 1888 καὶ
3660 1850 3769 1904 προσ

2212 1928 2440 1998 φέρεται
2462 1941 2480 1960 ο
2515 1927 2547 1996 ἡ
2582 1926 2638 1979 δὲ
2672 1926 2993 1993 ὑπόστασις,
3026 1926 3059 1998 ἢ
3087 1926 3147 1981 τὸ
3177 1927 3499 1998 πρόσωπον,
3532 1927 3590 1981 τὸ
3612 1927 3764 1980 κοινὸν

2208 2019 2305 2075 καὶ
2358 2020 2642 2091 ἡνωμένον
2689 2020 3126 2091 διακεκριμένως
3182 2020 3448 2090 ἐμφαίνει
3496 2038 3510 2051 ·
3555 2018 3650 2072 εἶτ’
3690 2017 3767 2071 οὖν

2207 2113 2268 2166 τὸ
2296 2113 2476 2165 κοινὸν
2511 2109 2650 2178 μετά
2674 2109 2768 2163 τοῦ
2803 2110 3123 2177 ίδιάζοντος,
3149 2111 3183 2181 ἢ
3209 2112 3271 2163 τὸ
3299 2110 3485 2165 κοινὸν
3535 2109 3626 2162 καί
3652 2107 3766 2177 πρός

2208 2205 2260 2259 τί
2291 2221 2405 2268 πως
2434 2204 2581 2274 ἔχον,
2609 2200 2686 2268 ὡς
2731 2205 2969 2275 εἴρηται.
2987 2223 3007 2257 ι
3028 2203 3191 2258 Ἀλλὰ
3222 2203 3332 2275 μὴν
3364 2202 3511 2257 κατὰ
3528 2202 3615 2256 τὸν
3639 2200 3770 2269 ἆγιον

2219 2296 2543 2353 Ἀθανάσιον
2576 2295 2769 2366 ὥσπερ
2808 2295 2869 2349 τὸ
2905 2295 3040 2359 Θεὸς
3093 2296 3268 2366 ὄνομα
3312 2295 3419 2366 τὴν
3451 2294 3639 2349 οὐσίαν
3687 2308 3770 2358 ση-

2214 2391 2417 2460 μαίνει,
2451 2387 2594 2440 οὑτω
2635 2387 2775 2440 κατὰ
2808 2386 2899 2439 τὸν
2942 2386 3309 2458 Δαμασκηνὸν
3337 2386 3402 2441 τὸ
3437 2385 3628 2454 Πατὴρ
3656 2382 3768 2437 ὑπόο

2211 2497 2402 2534 στασιν
2435 2480 2608 2548 δηλοῖ.
2640 2478 2713 2532 Τὸ
2754 2477 2944 2549 Πατὴρ
2985 2480 3093 2549 ἄρα
3123 2479 3316 2533 οὐσίαν
3351 2479 3451 2533 καὶ
3502 2478 3768 2532 (massam

2213 2575 2493 2645 σημαίνει.
2554 2575 2664 2628 Καὶ
2697 2573 2765 2626 δι’
2795 2575 2998 2643 ἀμφοῖν
3026 2573 3084 2626 ἒν
3138 2574 3200 2627 τὸ
3247 2572 3585 2644 δηλούμενόν
3617 2571 3764 2625 ἐστιν.

2211 2668 2343 2723 αὑτὸ
2372 2666 2433 2719 τὸ
2465 2665 2645 2720 κοινὸν
2684 2666 2823 2736 μετὰ
2844 2666 2938 2719 τοὺ
2972 2665 3295 2732 ίδιάζοντος,
3327 2666 3444 2720 εἴτε
3466 2662 3677 2733 Πατέρα
3698 2659 3767 2711 λέ-

2212 2779 2297 2831 γει
2330 2780 2436 2825 τις,
2476 2761 2580 2816 εἷθ’
2630 2761 2930 2814 ὑπόστασιν
2973 2758 3067 2812 τοῦ
3126 2759 3370 2831 Πατρός.
3406 2758 3518 2812 Καὶ
3565 2754 3681 2810 ἐπεὶ
3718 2749 3766 2803 τὸ

2221 2854 2610 2926 Πατὴρὶνομα
2642 2854 2945 2907 ὑπόστασιν
2997 2853 3279 2922 σημαίνει,
3307 2855 3343 2922 ἡ
3394 2851 3453 2906 δὲ
3502 2849 3765 2904 ὑπόστασις

2209 2946 2412 3001 ταυτὸν
2434 2949 2501 3016 τῇ
2535 2945 2762 3011 ἰδιότητι
2809 2944 2949 2998 κατὰ
2980 2943 3071 2998 τὸν
3107 2943 3250 2998 θεῖον
3286 2944 3618 3016 Γρηγόριον,
3655 2940 3684 3009 ἡ
3717 2933 3764 2988 δὲ

2214 3039 2415 3109 ἰδιότης
2440 3038 2532 3090 ἐπὶ
2557 3037 2652 3091 τοῦ
2688 3037 2903 3105 Πατρὸς
2940 3037 2973 3106 ή
3009 3036 3287 3107 πατρότης
3327 3037 3470 3101 ἐστὶ,
3500 3033 3650 3089 τοῦτο
3671 3033 3763 3098 γὰρ

2211 3131 2364 3202 παρὰ
2401 3131 2622 3186 πάντων
2653 3128 3001 3200 ὁμολογεῖται
3020 3145 3036 3162 ·
3083 3128 3249 3199 δῆλον
3274 3127 3353 3193 ὡς
3394 3124 3663 3198 πατρότης
3685 3121 3763 3173 καὶ

522 3224 714 3277 divum
759 3219 1114 3292 Gregorium;
1147 3218 1452 3290 proprietas
1486 3210 1669 3274 autem
1718 3220 1775 3274 in
1805 3218 1967 3275 Patre
2008 3233 2105 3289 pa-

2212 3227 2405 3295 Πατὴρ
2435 3222 2632 3277 ταυτόν
2659 3224 2828 3274 ἐστιν.
2882 3220 3048 3274 Ἀλλὰ
3082 3219 3226 3273 κατὰ
3269 3221 3365 3276 τὸν
3398 3220 3578 3291 μέγαν
3623 3211 3759 3270 αὖθις

527 3312 761 3369 ternitas
786 3321 892 3378 est,
919 3310 971 3365 id
1005 3310 1153 3366 enim
1186 3311 1242 3365 in
1280 3308 1532 3366 confesso
1566 3310 1711 3380 apud
1762 3324 1955 3366 omnes
2000 3318 2105 3375 est,

525 3404 705 3473 palam
744 3413 848 3468 est,
890 3402 1037 3472 quod
1065 3402 1369 3472 paternitas
1413 3410 1468 3457 et
1498 3402 1660 3473 Pater
1686 3403 1830 3458 idem
1861 3411 1970 3457 est.
2000 3401 2108 3458 Sed

527 3509 725 3550 rursus
743 3493 1050 3549 secundum
1076 3507 1334 3563 maguum
1356 3492 1741 3559 Athanasium,
1767 3510 1893 3562 vox,
1923 3494 2106 3560 Pater,

528 3585 892 3642 substantiam
952 3584 1245 3654 signiﬁcat,
1302 3598 1433 3656 ergo
1478 3595 1549 3641 et
1610 3585 1915 3655 paternitas
1974 3584 2110 3639 sub-

526 3677 787 3734 stantiam
819 3675 1112 3747 signiﬁcat,
1137 3677 1275 3732 adeo
1311 3685 1370 3731 ut
1398 3678 1763 3749 proprietates
1799 3677 1944 3733 idem
1997 3679 2111 3733 sint

529 3770 674 3839 quod
714 3769 1057 3840 hypostases,
1092 3769 1414 3841 hypostases
1443 3779 1627 3826 autem
1658 3770 1866 3836 Deitas,
1899 3778 1955 3825 et
1979 3769 2111 3825 sub-

527 3858 749 3917 stantia.
804 3877 825 3911 ι
881 3858 1060 3915 Unum
1101 3859 1273 3924 enim,
1308 3858 1510 3928 inquit,
1541 3867 1673 3913 sunt
1701 3860 1804 3913 tria
1839 3878 1851 3912 :
1888 3868 1945 3915 et
1985 3877 2109 3931 quae

530 3952 632 4006 tria
663 3952 846 4009 Deitas
871 3959 980 4016 est,
1024 3958 1082 4005 ut
1108 3949 1318 4006 dictum
1349 3958 1456 4017 est,
1485 3958 1541 4004 et
1583 3950 1761 4005 oratio
1805 3965 2000 4007 rursus
2050 3953 2108 4009 in

529 4048 675 4102 idem
717 4045 924 4111 evasit;
969 4059 1038 4099 eo
1066 4044 1212 4100 enim
1256 4043 1434 4098 solum
1475 4041 1755 4110 diﬂerunt,
1790 4045 1935 4114 quod
1968 4046 2105 4102 sim-

531 4138 766 4210 pliciter,
807 4147 864 4193 et
901 4136 1202 4193 secundum
1246 4134 1471 4189 modum
1515 4134 1795 4190 dicuntur.
1854 4155 1873 4188 :
1918 4137 2109 4209 Neque

527 4231 678 4286 enim
711 4238 770 4283 ut
797 4230 959 4284 aliam
994 4226 1304 4290 Monadem,
1353 4235 1409 4281 et
1451 4224 1615 4280 aliam
1666 4241 1789 4282 esse
1848 4227 2105 4287 Triadem

525 4323 704 4378 cdocti
729 4336 943 4385 sumus,
983 4320 1079 4375 sed
1112 4319 1362 4374 eamdem
1396 4334 1525 4374 vere
1554 4318 1839 4375 Monadem
1872 4331 1928 4376 et
1956 4321 2108 4377 Tria-

526 4414 649 4468 dem
677 4412 901 4467 dictam.
942 4409 1081 4466 Illud
1108 4408 1332 4480 quidem
1367 4411 1580 4466 ratione
1627 4411 1969 4485 substantiae,
2001 4413 2104 4470 hoc

528 4519 658 4559 vero
715 4502 1014 4559 exsistendi
1071 4501 1273 4568 modo,
1298 4502 1451 4574 juxta
1498 4513 1747 4559 sanctum
1784 4506 2101 4572 Maximum,

2223 3318 2567 3380 'Aﬁavaotov,
2601 3313 2662 3367 τὸ
2710 3311 2903 3383 Πατὴρ
2936 3310 3125 3365 οὑσίαν
3156 3312 3440 3383 σημαίνει,
3474 3308 3565 3363 καὶ
3605 3307 3635 3377 ἡ
3674 3319 3760 3355 πα-

2212 3409 2413 3479 τρότης
2444 3406 2552 3471 ἄρα
2584 3405 2773 3460 οὐσίαν
2806 3404 3089 3475 σημαίνει,
3114 3402 3254 3456 ὥστε
3288 3405 3350 3458 at
3383 3403 3763 3469 ίδιότητεςςταυ·

2208 3502 2300 3555 τὸν
2340 3503 2456 3563 ταῖς
2479 3500 2867 3563 ὑποστάσεσιν,
2896 3498 2952 3550 ai
2975 3495 3021 3549 δ’
3054 3495 3390 3558 ὑποστάσεις
3420 3495 3452 3565 ἡ
3477 3491 3658 3557 θεότης
3683 3480 3761 3536 καὶ

2209 3597 2244 3667 ἡ
2283 3595 2465 3649 οὐσία.
2500 3610 2518 3644 ι
2552 3593 2650 3647 Ἕν
2677 3593 2807 3663 γὰρ,
2840 3589 2997 3660 φησι,
3032 3589 3103 3642 τὰ
3128 3589 3277 3659 τρία,
3306 3587 3405 3642 καί⁸
3440 3587 3476 3640 δ.
3508 3585 3540 3654 ἠ
3576 3579 3758 3645 θεότηςν

2209 3687 2284 3753 ὼς
2307 3688 2545 3758 εἴρηται,
2583 3691 2676 3738 καὶ
2709 3685 2737 3737 ό
2766 3684 2921 3751 λόγος
2978 3680 3140 3736 πάλιν
3170 3683 3251 3745 εἰς
3304 3679 3476 3734 ταὺτὸ
3507 3669 3757 3758 περιῆλθε.

2209 3780 2398 3848 Τούτῳ
2420 3757 2536 3847 γὰρ
2566 3773 2886 3845 διαφέρουσι
2917 3769 3198 3842 μόνον,τῷ
3228 3769 3418 3833 ἁπλῶς
3446 3769 3537 3823 καὶ
3569 3762 3674 3824 πῶς
3692 3757 3761 3810 λέν

2208 3870 2422 3939 γεσθαι.
2456 3885 2474 3920 ι
2509 3867 2642 3920 Οὐδὲ
2667 3865 2774 3936 γὰρ
2807 3864 2881 3928 ὡς
2913 3863 3080 3932 ἄλλην
3115 3862 3209 3932 τὴν
3232 3861 3478 3927 Μονάδα,
3503 3850 3758 3926 numq»:

2208 3962 2307 4034 τὴν
2335 3961 2546 4031 Τριάδα
2587 3958 2945 4029 ἐδιδάχθημεν
2977 3951 3137 4009 εἶναι.
3178 3954 3342 4010 Ἀλλὰ
3375 3957 3474 4025 τὴν
3511 3947 3668 4042 αὐτὴν
3691 3943 3755 4042 dt;

2208 4052 2424 4122 ἀληθῶς
2467 4048 2671 4119 μονάδα
2719 4048 2812 4101 καὶ
2843 4046 3048 4116 Τριάδα
3088 4046 3414 4116 λεγομένην,
3457 4043 3517 4096 τὸ
3547 4041 3659 4111 μὲν,
3687 4041 3750 4101 τφ

2209 4144 2329 4198 κατ’
2364 4143 2553 4196 οὐσίαν
2581 4141 2746 4211 λόγῳ,
2788 4139 2847 4193 τὸ
2878 4139 2956 4202 δὲ,
2984 4140 3109 4193 καθ’
3137 4137 3376 4210 ὕπαρξιν
3416 4137 3598 4209 τρόπῳ
3635 4127 3754 4182 κατὰ

2207 4236 2297 4289 τὸν
2331 4234 2486 4304 ἅγιον
2511 4233 2785 4304 Μάξιμον,
2828 4231 2886 4297 δς
2912 4232 2976 4302 δὴ
3029 4231 3125 4285 καὶ
3168 4232 3333 4301 ὀλίγῳ
3361 4234 3617 4301 πρότερον
3640 4218 3753 4290 πρὸς

2216 4328 2305 4381 τὸν
2350 4327 2631 4396 Ἀνόμοιον
2683 4323 2869 4392 ἔλεγεν
2926 4323 2988 4376 οὑ
3032 4322 3199 4377 ταυτὸ
3257 4322 3447 4377 οὑσίαν
3491 4316 3623 4371 εἶναι
3677 4307 3753 4362 καὶ

2209 4415 2534 4479 ὑπόστασιν,
2576 4417 2669 4466 καὶ
2716 4412 2842 4467 τίνα
2888 4413 3131 4483 apd-nov;
3170 4411 3311 4466 κατὰ
3366 4410 3456 4465 τὸν
3518 4406 3610 4484 τῆς
3662 4400 3752 4451 τάέν

2208 4505 2491 4575 ὀνομάτων
2535 4503 2811 4573 σημασίας
2866 4504 3043 4571 λόγον,
3083 4504 3174 4556 τὸν
3225 4504 3347 4557 καθ’
3396 4494 3620 4568 ὕπαρξιν
3662 4489 3752 4541 τῶν

525 4596 620 4665 qui
654 4592 900 4664 profecto
929 4600 987 4647 et
1024 4592 1187 4663 paulo
1234 4601 1361 4648 ante
1393 4592 1460 4648 ad
1493 4593 1821 4651 Dissimilem
1866 4595 2101 4662 dicebat,

2213 4596 2523 4667 προσώπων
2582 4595 2867 4667 ἑπόμενον.
2912 4595 3193 4664 Ἐπήγαγε
3250 4594 3399 4666 γάρ’
3447 4610 3468 4645 ι
3514 4585 3641 4641 ’Δλλ’
3685 4579 3748 4641 ὡς

524 4703 635 4742 non
659 4701 781 4743 esse
813 4686 956 4741 idem
1008 4687 1377 4743 substantiam
1420 4696 1479 4742 et
1522 4687 1855 4759 liypostasim
1890 4695 1946 4742 et
1968 4701 2107 4756 quo-

528 4788 654 4830 nam
686 4774 894 4830 modo?
936 4776 1091 4847 juxta
1138 4777 1404 4832 rationem
1450 4775 1871 4851 signiﬁcationis
1922 4791 2103 4831 nonu-

528 4882 684 4934 num,
711 4882 835 4936 quae
863 4867 1005 4922 ratio
1025 4867 1279 4939 sequitur
1298 4867 1687 4923 subsistentias
1717 4881 2097 4936 personarum.

2201 4688 2330 4741 ἄλλο
2358 4686 2733 4758 συμαινούσης
2762 4685 2860 4757 τῆς
2891 4685 3103 4750 οὑσίας,
3133 4689 3227 4739 καὶ
3254 4686 3389 4759 αλλο⁵
3413 4684 3510 4753 τῆς
3537 4670 3742 4732 diros-rci-

2201 4795 2360 4843 σεως,
2383 4778 2458 4842 ὡς
2478 4780 2505 4831 ό
2523 4778 2721 4843 κόκκος
2740 4775 2835 4832 τοῦ
2860 4778 3007 4835 σίτου
3037 4777 3277 4848 λέγεται,
3304 4778 3398 4833 καὶ
3423 4774 3532 4829 ἐστι
3554 4767 3745 4834 σπέρμα

2199 4872 2295 4924 καὶ
2324 4872 2555 4943 καρπός.
2570 4890 2591 4924 ι

529 4961 719 5017 Intulit
763 4961 936 5029 enim,
978 4963 1074 5020 sed
1105 4973 1364 5034 tanquam
1412 4962 1561 5018 aliud
1592 4961 1938 5033 signiﬁcante
1970 4964 2279 5022 substantia
2314 4976 2370 5023 et
2409 4967 2559 5023 aliud
2618 4968 2922 5041 hypostasr,
2983 4978 3048 5025 ut
3111 4982 3340 5041 granum
3402 4954 3645 5025 frumenti
3675 4946 3741 5005 ἀί·

527 5057 690 5123 citur,
717 5068 772 5115 et
803 5069 891 5115 est
912 5072 1099 5116 semen
1130 5069 1187 5114 et
1219 5060 1455 5115 fructus.

594 5151 769 5208 Porro
802 5166 966 5207 nemo
1020 5152 1315 5207 tumultum
1363 5152 1567 5208 excitet
1615 5152 1957 5219 existimans,
2010 5165 2106 5208 aut

528 5255 629 5296 nos
663 5241 1030 5303 calumnians,
1082 5240 1230 5310 quod
1279 5241 1492 5317 scilicet
1525 5242 1640 5297 sola
1695 5242 1907 5297 ratione
1952 5240 2104 5297 dica-

528 5349 651 5388 mus
676 5333 889 5387 diviuas
912 5348 1176 5402 personas
1206 5331 1488 5402 diatingui.
1526 5334 1713 5404 Neque
1735 5337 1878 5389 enim
1907 5336 2098 5391 docto-

526 5441 633 5491 res,
678 5439 803 5480 cum
857 5423 1034 5487 aiunt,
1076 5425 1484 5492 paternitatem,
1533 5434 1590 5480 et
1634 5425 1965 5496 hypostasim
2000 5442 2098 5482 seu

527 5519 740 5571 Patrem
776 5516 917 5570 idem
958 5531 1101 5578 esse,
1148 5524 1314 5585 atque
1344 5515 1662 5587 hypostases
1689 5534 1807 5575 esse
1842 5521 2097 5575 substan-

528 5607 655 5661 tiam
696 5620 794 5661 seu
838 5606 1128 5670 Deitatem,
1162 5617 1217 5662 et
1260 5610 1509 5664 eamdem
1551 5611 1832 5670 Monadem
1856 5628 1919 5667 ac
1947 5611 2100 5666 Tria-

525 5699 670 5762 tlem,
721 5698 807 5751 vel
858 5696 973 5751 sola
1030 5692 1245 5754 ratione
1284 5700 1544 5774 distingui
1596 5713 1847 5768 censent,
1886 5706 1972 5759 vel
2009 5720 2095 5759 se-

524 5786 766 5847 cundum
795 5789 1063 5857 opposita,
1097 5805 1219 5861 quae
1268 5800 1396 5847 sunt
1441 5794 1496 5848 in
1543 5796 1809 5861 relativis,
1857 5805 1909 5849 et
1963 5795 2095 5848 sub-

416 5898 422 5902 <
530 5877 759 5933 stantias
787 5880 1086 5950 oppositas,
1136 5883 1293 5940 etab
1350 5884 1584 5941 invicem
1635 5902 1757 5942 csse
1808 5887 2096 5943 distinctas

2277 5155 2589 5226 Θορυδείτω
2628 5155 2685 5209 δὲ
2732 5156 2925 5228 μηδεὶς
2976 5158 3222 5228 οἰόμενος
3260 5159 3293 5231 ἦ
3340 5142 3640 5213 διαϐάλλων,
3674 5138 3736 5199 ὡς
3842 5166 3850 5171 ε

2204 5247 2315 5317 ἄρα
2341 5247 2484 5316 λόγῳ
2522 5248 2668 5318 μόνῳ
2699 5251 2879 5317 φαμὲν
2908 5251 2977 5306 τὰ
3031 5250 3150 5305 θεῖα
3193 5247 3551 5323 διακρίνεσθαι
3588 5236 3733 5308 πρὸσ·

2204 5356 2349 5393 ωπα.
2378 5338 2513 5392 Οὐδὲ
2568 5340 2678 5409 γὰρ
2709 5340 2759 5393 οἱ
2799 5334 3109 5398 διδάσκαλοι
3164 5345 3475 5416 πατρότητα
3510 5333 3596 5391 καὶ
3622 5324 3731 5381 ὑπό-

2207 5445 2419 5495 στασιν,
2450 5428 2483 5500 ἢ
2520 5430 2740 5500 Πατέρα
2768 5432 2934 5485 ταὺτὸ
2968 5433 3240 5503 λέγοντες,
3291 5438 3383 5489 καὶ
3409 5433 3500 5493 τὰς
3526 5416 3727 5480 ὑποπά’

2207 5536 2320 5583 aet;
2360 5516 2499 5576 εἶναι
2529 5521 2630 5593 τὴν
2656 5521 2864 5590 οὐσίαν,
2897 5525 2930 5596 ἦ
2977 5527 3075 5594 τὴν
3106 5528 3334 5599 θεότητα
3365 5524 3452 5580 καὶ
3474 5519 3562 5589 τὴν
3583 5507 3727 5575 αὐτὴν

2203 5611 2408 5679 μονάδα
2435 5613 2529 5665 καὶ
2563 5612 2791 5682 Τριάδα,
2824 5613 2858 5685 ἢ
2890 5616 3033 5688 λόγῳ
3068 5618 3218 5689 μόνῳ
3255 5604 3604 5687 διακρίνεσθαὶ
3638 5612 3722 5689 φαέ

2202 5720 2307 5766 σιν,
2361 5703 2392 5773 ἢ
2446 5707 2587 5758 κατὰ
2618 5706 2687 5758 τὰ
2717 5708 2774 5759 ὲν
2804 5713 2915 5772 τοῖς
2973 5712 3110 5779 πρός
3162 5688 3216 5763 τι
3267 5709 3612 5773 ἀντικείμενα,
3645 5688 3718 5741 ιαπιι

2199 5794 2388 5857 οὐσίας
2439 5797 2822 5868 ἀντικειμένας
2872 5802 2964 5854 καὶ
3014 5802 3257 5872 ἀλλήλων
3312 5801 3446 5857 εἶναι
3479 5793 3718 5872 διακεκρξ’

2206 5885 2397 5953 μένας»
2426 5886 2548 5942 καθ’
2579 5866 2748 5956 αῠέάς
2772 5891 2848 5954 ὡς
2887 5894 3013 5965 τρία
3035 5866 3267 5964 διάςρορα
3292 5895 3414 5951 ὂντα
3432 5907 3444 5921 '
3470 5879 3588 5940 ἀλλὰ
3607 5866 3712 5945 μιαί
