4036 6490
365 472 472 534 877

1303 482 1402 541 DE
1448 482 1962 541 PllUCESSlONE
2005 483 2360 547 SPIRITUS
2407 488 2697 548 SANCTI.

3519 481 3626 545 8'78

350 588 541 650 οὐσίας
567 589 696 661 τρία
723 591 994 659 πρόσωπα
1026 593 1151 649 καθ’
1182 595 1320 650 αὐτὰ
1349 613 1535 666 φαμεν
1568 597 1938 668 ὐφεστηκότα,

2055 613 2143 666 per
2166 615 2246 665 se,
2280 617 2343 656 ac
2373 603 2418 656 si
2451 611 2635 656 essent
2691 609 2803 655 tres
2861 597 3262 662 indit'l‘erentes,
3317 594 3413 652 sed
3462 595 3629 649 unius

345 679 597 746 ὑφεστὼς
653 682 765 736 τῶν
815 685 1126 754 προσώπων
1176 687 1408 742 ἕκαστον
1458 689 1582 742 καθ’
1643 691 1777 743 αὐτὸ
1834 707 1927 742 πι-

345 770 652 834 στεύοντες,
687 773 842 836 ὡς’ὲν
877 775 955 844 τῷ
984 776 1121 845 Περὶ
1156 778 1467 846 ἡνωμένης
1500 779 1596 832 καὶ
1633 780 1929 848 διακεκρι-

337 863 533 932 μένης
563 867 876 934 θεολογίας
905 873 1071 939 φησὶν
1115 873 1142 923 ό
1190 870 1333 934 θεῖος
1377 872 1654 937 Διονύσιος
1700 891 1714 905 ·
1749 874 1831 927 ὅτι
1866 873 1928 927 τὸ

345 952 440 1008 τοῦ
468 957 699 1020 -Πατρδς
739 957 1065 1028 ὐπερούσιον
1093 961 1266 1030 ὄνομα
1300 962 1392 1015 καὶ
1441 963 1634 1032 χρῆμα
1669 965 1764 1016 καὶ
1791 963 1923 1016 Υἱοῦ

346 1047 442 1100 καὶ
497 1047 654 1114 ἁγίου
709 1049 1052 1119 Πνεύματος.
1107 1051 1220 1105 Καὶ
1275 1053 1409 1106 ὅταν
1462 1053 1559 1122 μὲν
1602 1053 1744 1121 λέγω
1771 1054 1924 1116 Θεὸν,

345 1139 736 1209 ἀπολελυμένῳ
781 1144 878 1195 καὶ
910 1143 1076 1212 κοινῷ
1104 1143 1332 1213 ὀνόματι
1363 1144 1462 1214 τὴν
1499 1145 1689 1198 οὐσίαν
1724 1145 1890 1198 ἐννοῶ
1912 1161 1926 1174 ·

347 1231 474 1284 ὅταν
496 1231 553 1284 δὲ
588 1233 808 1303 Πατέρα
841 1234 873 1304 ἢ
921 1233 1048 1287 Υἱδν
1085 1235 1117 1305 ἢ
1155 1235 1383 1304 Πνεῦμα
1417 1236 1596 1305 ἅγιον,
1630 1237 1804 1308 αὐτὴν
1833 1240 1933 1305 τὴν

347 1324 561 1392 οὐσίαν,
600 1327 734 1378 αὐτὸ
763 1326 826 1378 τὸ
872 1328 1051 1381 κοινὸν
1087 1330 1182 1383 καὶ
1210 1328 1344 1391 πρός
1371 1328 1424 1382 τί
1475 1347 1590 1392 πως
1642 1329 1782 1399 ἔχων
1813 1345 1937 1383 συν-

349 1417 510 1468 νοεῖν-
546 1416 933 1487 ἀναγκάζομαι
985 1420 1304 1491 ἀναφορικῷ
1349 1421 1577 1490 ὀνόματι
1632 1421 1934 1492 διακρίνειν

353 1506 620 1574 πεφυκότι
667 1509 960 1579 πρόσωπα.
1013 1512 1123 1565 Καὶ
1167 1512 1231 1582 δὴ
1280 1515 1373 1568 καὶ
1422 1512 1493 1565 δι’
1543 1515 1778 1569 ἑκάστου
1823 1513 1935 1567 τῶν

352 1599 520 1670 τριῶν
569 1602 919 1672 ἀναφορικῶν
968 1602 1018 1674 (ὃ
1065 1605 1160 1657 καῖ¹
1212 1604 1608 1676 παράδοξον)ή
1656 1603 1796 1676 αὐτὴ
1839 1605 1936 1658 καὶ

355 1693 455 1761 μία
494 1693 654 1746 οὐσία
686 1691 963 1762 δηλοῦται.
1007 1695 1270 1764 Ἐπείπερ
1304 1695 1457 1750 οὐδὲν
1499 1697 1783 1751 ὁποιονοῦν
1823 1698 1935 1751 τῶν

357 1781 670 1852 προσώπων
714 1785 881 1854 μέρος
928 1787 1020 1839 ἐπὶ
1060 1788 1159 1857 τῆς
1187 1789 1318 1857 μιᾶς
1347 1788 1443 1842 καὶ
1484 1787 1613 1856 ὅλης
1656 1789 1936 1857 Θεότητος.

358 1877 540 1946 Χωρὶς
573 1876 681 1946 γὰρ
731 1878 841 1930 τῶν
897 1880 1250 1950 άναφορικῶν
1293 1881 1558 1935 ἀδύνατον
1589 1877 1731 1935 εἶναι
1773 1881 1931 1946 τάξιν

354 1968 392 2036 ἢ
426 1943 696 2040 διάκρισιν
727 1973 784 2024 ὲν
810 1974 921 2035 τοῖς
949 1943 1135 2036 θείοις.
1166 1975 1278 2029 Καὶ
1303 1974 1444 2039 τοῦτ’
1487 1975 1638 2028 ἐστὶν
1688 1943 1945 2046 ἀρρήτως
1981 1943 2000 1997 1

363 2061 505 2130 ὑπὲρ
537 2062 715 2116 πάντα
745 2063 906 2130 λόγον
947 2066 1042 2118 καὶ
1097 2063 1238 2118 ὥστε
1279 2065 1636 2120 πιστεύεσθαι
1685 2067 1846 2136 μόνον
1888 2067 1946 2118 ἐν

360 2151 434 2218 τῷ
467 2154 695 2224 παρόντι
724 2157 789 2209 ὲκ
813 2156 908 2210 τοῦ
932 2157 1069 2210 Θεοῦ
1097 2159 1238 2212 κατὰ
1268 2159 1616 2228 ἀποκάλυψιν
1648 2159 1824 2212 δοθέν.
1853 2158 1946 2212 Διὸ

362 2245 550 2316 μηδεὶς
581 2248 680 2317 τὴν
709 2248 919 2302 τούτων
947 2251 1226 2318 ἀπόδειξιν
1253 2251 1499 2320 ἀκριϐῶς
1527 2253 1628 2306 οὐκ
1656 2253 1824 2321 ἔχων,
1843 2251 1946 2306 εἴτ’

357 2337 451 2391 οῦν
479 2340 538 2403 ἐξ
566 2341 788 2406 ἀμέσων
821 2342 916 2393 καὶ
970 2341 1201 2413 πρώτων
1230 2345 1325 2396 καὶ
1363 2345 1556 2397 αἰτίων
1600 2344 1692 2396 τοῦ
1731 2361 1944 2414 συμπε-

362 2432 664 2500 ράσματος,
695 2430 888 2502 ὥσπερ
917 2431 985 2486 ἂν
1014 2436 1062 2486 εί
1091 2436 1215 2498 ταῖς
1246 2436 1509 2502 φυσικαῖς
1558 2435 1758 2504 ἀρχαῖς
1806 2435 1947 2487 ὑπέ-

364 2538 532 2592 κειτο,
567 2523 853 2578 ἀσθένειαν
874 2527 1334 2589 καταγινωσκέτω
1349 2526 1458 2580 τῶν
1487 2526 1824 2595 λεγομένων,
1844 2527 1947 2598 τὴν

362 2615 557 2668 ἑαυτοῦ
602 2616 656 2669 δὲ
693 2619 1002 2673 συνιστάτω
1059 2618 1292 2689 πλάνην,
1343 2619 1420 2682 ὡς
1457 2618 1544 2688 ἄρ’
1576 2620 1717 2672 statu
1757 2622 1816 2672 ὲν
1867 2619 1949 2690 τῷ

361 2709 480 2778 Θεῷ
509 2709 641 2764 ἄλλο
667 2709 766 2779 μὲν
799 2713 979 2778 οὐσία,
1003 2713 1192 2784 ἓτερον
1235 2713 1290 2767 δὲ
1319 2713 1640 2781 ὑπόστασις,
1672 2713 1863 2784 ἕτερον
1889 2715 1948 2767 δὲ

367 2801 569 2871 ἰδιότης
623 2803 871 2871 ἀλλήλων
925 2804 1333 2873 πραγματικῶς
1363 2804 1793 2876 διαφέροντα,ἢ
1851 2806 1947 2859 καὶ

363 2893 538 2946 πλείω
565 2893 792 2959 τούτων,
822 2895 968 2965 ἆπερ
998 2895 1064 2948 ἂν
1091 2895 1142 2948 οί
1180 2895 1416 2966 ἄφρονες
1440 2895 1670 2962 εἴποιεν,
1703 2897 1763 2949 ὲν
1795 2895 1949 2967 αὐτῷ

279 3003 290 3011 ·
365 2984 506 3038 εἶναι
546 2985 752 3054 φυσικά
780 2990 876 3041 καὶ
915 2987 1173 3059 οὐσιώδη,
1207 2992 1311 3059 τὴν
1345 2990 1558 3058 σοφίαν,
1597 2991 1697 3059 τὴν
1739 2989 1949 3056 ἀγαθό-

364 3096 526 3148 τητα,
566 3079 665 3149 τὴν
699 3080 868 3151 ζωὴν,
905 3082 1000 3134 καὶ
1057 3081 1237 3136 πάντα
1292 3083 1361 3136 τὰ
1389 3083 1813 3153 ἀπολελυμένως
1861 3082 1948 3136 ἐπ’

367 3169 537 3224 αὐτοῦ
560 3171 853 3242 λεγόμενα,
879 3173 1043 3245 ἕτερα
1069 3176 1167 3244 τῆς
1191 3175 1384 3240 οὐσίας
1417 3177 1584 3230 αὐτοῦ
1616 3176 1949 3244 διαφέροντα

2044 691 2366 748 substantia:
2392 701 2505 748 tres
2536 705 2798 762 personas
2831 706 2927 762 per
2958 704 3016 744 se
3035 689 3272 744 dicimus
3301 684 3627 745 subsistere,

2048 799 2494 854 unamquamque
2524 784 2916 840 subsistentem
2949 797 2984 852 p
3023 799 3048 834 r
3083 797 3140 836 se
3161 793 3282 834 esse
3316 776 3627 837 credentes,

2045 888 2108 929 ut
2138 876 2190 930 in
2221 877 2364 931 libro
2398 877 2470 931 De
2501 877 2783 947 conjuncta
2809 883 2858 930 et
2889 876 3151 932 distincta,
3173 871 3433 941 theologia
3464 867 3632 923 tradit

2045 967 2264 1023 divinus
2321 967 2616 1039 Dionysius
2648 985 2662 1022 :
2693 967 2839 1036 quod
2880 966 3062 1021 Patris
3097 960 3632 1034 supersubstantiale

2046 1076 2246 1114 nomen
2289 1070 2374 1114 est
2403 1070 2460 1115 et
2502 1075 2611 1124 res,
2649 1071 2706 1114 et
2747 1059 2868 1116 Filii
2919 1067 2974 1113 et
3026 1056 3267 1127 Spiritus
3321 1054 3517 1108 sancti.
3567 1053 3633 1107 Et

2048 1166 2174 1204 eum
2205 1151 2377 1206 Deum
2412 1150 2555 1214 dico,
2591 1151 2844 1205 absoluto
2884 1160 3049 1218 atque
3079 1147 3361 1203 communi
3409 1143 3634 1199 nomine

2048 1244 2410 1299 substantiam
2461 1245 2726 1315 intelligo.
2771 1242 2906 1299 Cum
2965 1249 3150 1296 autem
3211 1239 3338 1293 dico
3391 1238 3630 1296 Patrem,

2047 1344 2144 1390 aut
2172 1335 2398 1401 Filium,
2430 1345 2526 1391 aut
2551 1335 2816 1406 Spiritum
2841 1344 3112 1398 sanctum,
3162 1332 3336 1401 ipsam
3378 1329 3638 1385 substan-

2050 1429 2208 1490 tiam,
2241 1426 2420 1496 ipsnm
2449 1442 2744 1483 commune
2777 1435 2835 1481 et
2865 1425 2933 1480 ad
2965 1421 3171 1494 aliquid
3203 1421 3440 1492 quodam
3469 1418 3636 1475 modo

2050 1532 2110 1573 se
2143 1519 2355 1574 habens
2384 1519 2764 1587 eointelligere
2790 1533 2983 1588 cogor,
3029 1515 3259 1571 relativo
3310 1510 3534 1566 nomine
3567 1508 3637 1563 ad

2051 1609 2506 1680 distinguendum
2537 1624 2804 1680 personas
2831 1619 2979 1678 apto.
3023 1606 3160 1662 Nam
3195 1613 3250 1658 et
3284 1617 3382 1672 per
3420 1598 3637 1669 singula

2009 1777 2016 1783 I
2055 1702 2158 1756 tria
2194 1702 2420 1757 relativa
2458 1703 2627 1773 (quod
2683 1714 2740 1757 et
2791 1703 2991 1756 mirum
3040 1699 3150 1767 est)
3197 1696 3394 1752 eadem
3445 1702 3502 1749 et
3531 1707 3639 1747 una

2055 1795 2362 1850 substantia
2388 1795 2748 1865 significatur.
2767 1789 3224 1862 Quandoquidem
3261 1787 3429 1850 nulla,
3448 1799 3643 1854 quam-

2055 1902 2276 1956 cunque
2306 1887 2534 1951 dixeris,
2586 1900 2821 1956 persona
2856 1897 2983 1955 pars
3021 1891 3105 1938 est
3142 1879 3328 1944 unius,
3361 1884 3641 1944 totiusque

2002 1945 2019 1995 δ
2051 1945 2315 2043 Deitatis;
2366 1945 2742 2050 quippe-sine
2791 1945 3038 2031 relativis
3069 1972 3186 2028 ﬁeri
3215 1976 3321 2026 non
3348 1975 3551 2040 potest,
3582 1974 3644 2020 ut

2047 2071 2120 2124 sit
2170 2069 2308 2124 ordo
2349 2080 2446 2123 aut
2477 2068 2763 2124 distinctio
2798 2059 3104 2148 inadivinis.
3133 2063 3308 2132 idque
3336 2069 3421 2116 est
3449 2057 3645 2113 ineﬂ'a-

2051 2163 2237 2218 biliter
2266 2179 2432 2233 supra
2480 2177 2701 2219 omnem
2760 2162 3056 2225 rationem,
3118 2161 3256 2215 adeo
3311 2165 3372 2210 ut
3429 2161 3640 2209 tantum

2049 2259 2310 2311 credatur
2341 2256 2396 2311 in
2429 2255 2718 2327 praesentia
2755 2270 2852 2324 per
2893 2253 3290 2310 revelationem
3318 2264 3349 2303 a
3389 2248 3499 2303 Deo
3533 2257 3645 2301 tra-

2050 2348 2246 2405 ditum.
2283 2347 2560 2414 Quocirca
2621 2347 2667 2402 si
2719 2347 2916 2402 borum
2971 2343 3502 2400 demonstrationem
3549 2355 3646 2395 ex-

2051 2450 2230 2495 actam
2278 2456 2386 2494 non
2438 2439 2660 2503 habeat,
2695 2439 2811 2494 sive
2841 2455 2908 2494 ex
2961 2436 3300 2492 immediatis
3342 2444 3400 2489 et
3447 2432 3646 2504 primis

2050 2531 2338 2602 principiis
2385 2531 2781 2597 conclusionis,
2819 2529 2992 2586 veluti
3024 2531 3071 2583 si
3117 2525 3462 2582 naturalibus
3494 2523 3646 2593 prin-

2047 2623 2641 2693 cipiissubjieerctur,
2673 2623 2861 2677 nullus
2908 2620 3074 2686 dicta,
3125 2628 3187 2673 ut
3233 2615 3370 2670 nihil
3425 2614 3646 2669 roboris

2053 2716 2317 2771 habentia
2369 2715 2615 2777 damnet,
2664 2729 2826 2770 suum
2890 2725 3071 2768 autem
3117 2720 3330 2766 astruat
3373 2721 3646 2770 errorem,

2055 2807 2203 2878 quod
2240 2823 2372 2863 sane
2403 2808 2514 2862 sint
2555 2807 2608 2860 in
2671 2807 2784 2861 Deo
2841 2804 2989 2858 aliud
3047 2802 3272 2874 quidem
3315 2799 3645 2857 substantia.

2057 2899 2204 2954 aliud
2265 2915 2394 2953 vero
2449 2899 2781 2971 bypostasis,
2833 2896 2985 2951 aliud
3039 2905 3223 2949 autem
3285 2894 3352 2947 ad
3411 2892 3644 2946 invicem

2055 2995 2388 3064 preprietas,
2434 3009 2556 3063 qua:
2600 2992 2823 3046 realiter
2873 2990 3153 3054 diﬂ‘erant,
3203 2988 3288 3042 vel
3337 2987 3424 3040 his
3458 2984 3647 3058 .multo

2054 3085 2234 3155 plura,
2267 3101 2388 3153 qua:
2424 3083 2574 3138 stulti
2611 3083 2861 3137 dicerent
2909 3081 2962 3134 in
3018 3081 3138 3149 ipso
3195 3093 3320 3133 esse
3369 3075 3646 3131 naturalia

2056 3188 2112 3231 et
2169 3175 2520 3240 essentialia;
2586 3174 2850 3228 nimirum
2903 3171 3254 3242 sapientiam,
3319 3168 3644 3234 bonitatem,

373 3262 470 3314 καὶ
503 3240 792 3334 πράγματι
826 3267 919 3318 κα)⁴
944 3240 1089 3338 λόγῳ
1118 3240 1218 3337 τῆς
1238 3285 1299 3321 τε
1323 3269 1510 3332 οὐσίας
1541 3267 1636 3322 καὶ
1665 3240 1910 3339 ἀλλήλων
1930 3285 1944 3300 °

2058 3269 2248 3332 vitam,
2281 3279 2334 3322 et
2364 3268 2546 3322 omnia
2608 3282 2730 3335 qua:
2778 3240 3030 3319 absolute
3071 3262 3127 3316 in
3175 3264 3294 3332 ipso
3345 3261 3646 3325 dicuntur;

369 3354 508 3408 ἀλλὰ
545 3350 611 3410 τὰ
647 3358 780 3429 περὶ⁹
818 3359 1049 3428 μονάδος
1076 3363 1170 3414 καὶ
1210 3361 1444 3431 Τριάδος
1473 3363 1735 3431 ἀσφαλῶς
1767 3379 1952 3433 παρα-

369 3445 631 3516 δεδομένα
679 3450 948 3521 κατέχων,
992 3454 1108 3517 τοῖς
1146 3470 1206 3506 τε
1253 3454 1501 3517 δυνατοῖς
1533 3453 1627 3508 καὶ
1670 3455 1954 3527 ἐχομένοις

371 3539 552 3608 λόγοις
582 3541 710 3612 περὶ
743 3543 852 3596 τῶν
895 3544 1304 3609 ἀναποδείκτως
1333 3547 1745 3617 πιστευομένων
1772 3564 1957 3614 παρα-

375 3630 548 3699 μυθού
558 3649 739 3703 μενος,
761 3634 871 3688 τῶν
896 3636 1070 3702 ἁγίων
1091 3636 1471 3706 προσκυνείτω
1499 3637 1599 3700 τὰς
1623 3638 1952 3706 ἀποφάσεις.

386 3723 540 3774 Ἐπεὶ
568 3724 617 3776 εἰ
649 3723 780 3778 ἄλλο
815 3724 916 3793 μὲν
952 3727 1185 3796 πρᾶγμα
1213 3727 1367 3788 λέγει
1402 3724 1542 3780 εἶναι
1595 3730 1696 3798 τὴν
1729 3728 1955 3798 μονάδα,

373 3812 505 3867 ἀλίο
544 3813 601 3867 δὲ
633 3815 734 3884 τὴν
773 3815 1007 3886 Τριάδα,
1037 3817 1239 3887 τετρὰς
1267 3817 1499 3872 suam
1533 3819 1957 3891 προσκυνούμε-

372 3919 486 3956 νον.
515 3903 734 3956 Μᾶλλον
763 3905 821 3957 δὲ
855 3907 905 3958 εί
938 3905 1069 3959 ἀλλο
1106 3905 1206 3976 μὲν
1238 3908 1331 3962 ἐπὶ
1356 3908 1454 3977 τῆς
1486 3909 1815 3980 ὑπερουσίου
1839 3909 1972 3964 θεόο,

371 4011 536 4063 τητος
576 3995 609 4066 ἡ
661 3995 988 4062 ὑπόστασις,
1045 3997 1177 4052 ἄλλο
1204 3999 1324 4070 δὲή
1365 4000 1588 4070 ἰδιότης,
1639 3999 1825 4073 ῶσπερ
1854 4001 1961 4054 εἰσὶ

372 4092 523 4159 τρεῖς
565 4090 920 4158 ὑποστάσεις,
954 4091 1174 4147 ἔσονται
1208 4094 1306 4146 καὶ
1346 4097 1497 4164 τρεῖς
1547 4096 1833 4165 ἰδιότητες,
1865 4096 1960 4148 καὶ

376 4179 550 4246 οὕτως
589 4183 718 4258 sed;
747 4182 902 4238 ἐσται
952 4187 1047 4238 καὶ
1093 4185 1156 4240 οὐ
1209 4186 1404 4256 Τριάς.
1448 4187 1510 4240 Et
1547 4187 1594 4240 δ’
1631 4187 1760 4242 ἄλλο
1797 4187 1959 4240 πάλιν

377 4274 530 4344 παρά
585 4275 762 4328 ταῦτα
811 4278 844 4346 ἡ
890 4276 1042 4347 κοινὴ
1081 4277 1261 4342 οὐσία,
1313 4278 1443 4332 ἀλλο
1486 4277 1546 4331 δὲ
1592 4277 1621 4330 ὃ
1675 4278 1960 4348 βούλονται

375 4365 564 4434 κοινὴν
619 4366 909 4436 ἐνέργειαν
961 4367 1171 4433 καλεῖν,
1205 4368 1400 4437 ὀγδοὰς
1442 4365 1584 4423 εἶναι
1643 4370 1960 4441 περιφανῶς

379 4458 744 4528 συμϐήσεται.
775 4461 837 4511 Ei
856 4461 914 4512 δὲ
945 4460 1267 4530 προσκέοιτο
1289 4464 1498 4525 τούτοις
1520 4462 1706 4516 καὶτὰ
1729 4463 1959 4531 φυσικὰ,

377 4550 456 4612 ὡς
487 4551 762 4620 λέγουσιν,
799 4553 1027 4620 ἄπειρα,
1057 4556 1150 4607 καὶ
1180 4554 1322 4621 ὑπὲρ
1368 4555 1604 4626 ἀριθμὸν
1640 4556 1792 4621 ὄντα,
1825 4556 1961 4628 πρὸς

2057 3359 2163 3413 alia
2190 3375 2310 3413 esse
2343 3358 2412 3412 ab
2450 3359 2569 3426 ejus
2603 3356 2868 3422 essentia,
2905 3370 3027 3425 qua:
3050 3354 3316 3408 differunt
3350 3369 3430 3416 re,
3467 3367 3533 3407 ae
3564 3369 3650 3407 ra—

2060 3451 2209 3506 tione
2233 3466 2358 3506 cum
2388 3451 2456 3505 ab
2479 3451 2741 3515 essentia,
2782 3457 2894 3503 tum
2939 3447 3010 3502 ab
3062 3447 3317 3501 invict-m.
3376 3445 3483 3500 Sed
3526 3461 3649 3515 quae

2058 3543 2127 3598 de
2159 3543 2388 3596 Monade
2420 3558 2483 3596 ac
2515 3541 2716 3604 Triade
2759 3540 2957 3594 tradita
3010 3547 3139 3594 sunt
3169 3537 3400 3592 ﬁrmiter
3433 3545 3647 3600 tenens,

2059 3645 2224 3706 atque
2255 3635 2613 3705 possibilibus
2640 3633 2969 3695 rationibus,
3011 3642 3066 3687 et
3093 3630 3552 3686 convenientibus
3579 3631 3650 3684 de

2061 3724 2632 3781 indemonstrabiliter
2687 3723 2939 3788 creditis,
3007 3738 3066 3778 se
3145 3723 3264 3792 ipse
3331 3721 3649 3784 consolans,

2061 3830 2376 3875 sanctorum
2439 3828 2733 3873 veneretur
2789 3816 3114 3872 sententias.
3183 3815 3340 3882 Quod
3391 3815 3436 3870 si
3482 3815 3648 3869 aliam

2061 3927 2338 3967 esserem
2399 3911 2710 3974 Monadem,
2753 3910 2913 3964 aliam
2967 3924 3099 3964 vero
3163 3907 3418 3963 Triadcm
3495 3908 3649 3972 dicit,

2061 4003 2406 4072 quaternitas
2443 4003 2550 4055 erit
2577 3999 2720 4070 quod
2763 4000 2982 4054 colitur.
3037 3997 3150 4053 Ιηιο
3205 4013 3336 4052 vero
3392 3997 3436 4052 si
3501 3997 3652 4052 aliud

2062 4094 2284 4164 quidem
2315 4101 2400 4148 est
2427 4093 2482 4147 in
2514 4091 3034 4161 supersubstantiali
3069 4090 3283 4146 Deitate
3317 4089 3651 4162 hypostasis,

2063 4188 2212 4242 aliud
2242 4201 2372 4241 vero
2408 4185 2740 4256 proprietas,
2794 4187 2938 4241 sicut
2983 4195 3113 4240 sunt
3151 4193 3262 4240 tres
3302 4184 3649 4255 bypostases.

2062 4288 2224 4334 erunt
2253 4287 2310 4333 et
2345 4289 2457 4334 tres
2499 4278 2886 4347 proprietates,
2919 4278 3093 4332 bacve
3141 4276 3354 4330 ratione
3401 4276 3653 4332 senarius

2061 4373 2168 4429 erit
2197 4389 2305 4426 non
2333 4371 2596 4426 Trinitas.
2627 4370 2784 4436 Quod
2819 4371 2864 4424 si
2897 4369 3044 4424 aliud
3075 4383 3267 4424 rursus
3309 4377 3510 4438 prmter
3538 4368 3654 4422 haec

2063 4473 2148 4520 est
2194 4463 2500 4518 communis
2531 4461 2859 4525 substantia,
2900 4461 3050 4514 aliud
3097 4475 3228 4514 vero
3259 4460 3406 4530 quod
3462 4461 3655 4515 volunt

2066 4571 2413 4612 cmnmuncm
2483 4553 2862 4625 operationem
2917 4569 3137 4615 vocare,
3197 4555 3480 4622 continget
3531 4568 3656 4607 esse

381 4641 589 4710 ἄλληλα
626 4644 721 4696 καὶ
756 4644 858 4714 τῆς
889 4646 1077 4708 οὐσίας
1112 4646 1465 4715 διαφέροντα,
1495 4646 1697 4718 μυριὰς
1721 4647 1949 4700 satam}.

2074 4647 2358 4701 manifeste
2396 4645 2733 4700 octonarius.
2765 4645 2920 4711 Quod
2968 4645 3013 4700 si
3068 4643 3157 4700 his
3205 4645 3541 4729 accesserint
3597 4652 3656 4697 et

382 4736 805 4806 λατρευόμενον.
852 4737 992 4791 Ἀλλ’
1024 4736 1250 4792 ἀπέστω
1301 4738 1406 4808 τῆς
1456 4740 1564 4792 τῶν
1615 4738 1962 4809 Χριστιανῶν

383 4828 674 4898 πίστεωςὴ
711 4830 938 4899 τοιαύτη
968 4827 1078 4882 τῶν
1120 4828 1390 4900 Ἑλλήνων
1420 4829 1712 4902 θρησκεία.

1049 5122 1247 5175 ΕΦΔΛ.
1280 5123 1354 5175 Δ’.

386 5221 514 5275 ’Ὀτι
539 5223 591 5274 εὶ
630 5222 728 5273 καὶ
768 5220 803 5286 ἡ
847 5218 1152 5285 πίιτρότης
1188 5217 1371 5269 οὐσία
1418 5215 1524 5286 καὶ,
1551 5217 1588 5282 ἡ
1618 5217 1865 5286 υίότηςι
1891 5217 1963 5268 οὐ

455 5291 552 5346 διὰ
579 5292 756 5346 τοῦτο
793 5283 861 5353 ἐξ
891 5283 1175 5355 ,ἀνάγκης
1215 5287 1419 5340 ἕπεται
1469 5285 1576 5338 τὸν
1631 5287 1765 5339 Υἱὸν
1810 5283 1964 5339 εἶναι

453 5364 706 5430 Πατέρα,
737 5362 776 5430 ἣ
811 5361 917 5414 τὸν
946 5358 1181 5425 Πατέρα
1215 5359 1375 5412 Υἱόν.

453 5479 516 5530 Ei
553 5451 735 5546 μέντοι
768 5475 1018 5542 διαπορεῖ
1047 5491 1128 5536 τις
1183 5473 1302 5536 πῶς
1341 5453 1440 5536 τάς
1496 5473 1766 5540 ἰδιότητας
1798 5473 1830 5542 ἢ
1866 5473 1964 5536 τὰς

381 5569 661 5639 ἀναφορὰς
701 5563 890 5621 οὐσίαν
930 5563 1071 5620 εἶναι
1103 5570 1308 5638 φαμὲν,
1356 5570 1486 5638 μιᾶς
1525 5568 1624 5638 μὲν
1669 5566 1832 5637 οὔσης
1869 5568 1965 5638 τῆς

381 5663 591 5727 οὐσίας,
631 5663 907 5734 ίδιοτήτων
945 5662 1000 5715 δὲ
1047 5662 1300 5733 τριῶν,ἧ
1354 5665 1447 5716 καὶ
1476 5663 1830 5716 ὑποστάσεων
1868 5665 1960 5715 ἁν-

383 5756 710 5824 τικειμένως
741 5756 873 5826 πρὸς
903 5755 1109 5825 ἄλληλα
1159 5757 1493 5826 λεγομένων,
1527 5756 1622 5808 καί
1676 5773 1795 5808 τινα
1825 5758 1965 5808 ἐπά-

381 5864 502 5916 γειν
531 5847 638 5900 τῶν
681 5849 896 5901 ἀτόπων
927 5848 1120 5914 οἴεται,
1173 5849 1246 5910 ὡς
1301 5851 1409 5919 ἄρα
1462 5849 1560 5919 τὴν
1611 5849 1704 5900 τοῦ
1756 5850 1966 5919 Πατρός

397 5937 406 5944 ι

385 5937 686 5988 ὑπόστασιν
719 5935 900 6006 δεήσει
945 5938 1124 6005 λέγειν
1160 5942 1459 5994 ὑπόστασιν
1494 5939 1585 5992 τοῦ
1628 5939 1842 6010 Υἱοῦ,ἢ
1875 5941 1964 5993 τὸν

2072 4737 2369 4799 naturalia,
2422 4747 2482 4791 ιιι
2531 4736 2706 4800 aiunt,
2746 4735 2977 4801 inﬁnita,
3014 4751 3136 4806 quae
3171 4741 3462 4790 numerum
3491 4750 3657 4804 supe-

2075 4840 2307 4898 rant,.et
2338 4839 2451 4884 tum
2481 4830 2550 4883 ab
2602 4829 2859 4893 invicem,
2901 4838 3017 4882 tum
3070 4844 3100 4882 a
3139 4829 3443 4884 substantia
3493 4829 3658 4885 dili‘e-

2073 4931 2222 4987 runt,
2256 4922 2458 4993 myrias
2500 4921 2609 4975 erit
2658 4921 2804 4990 quod
2843 4921 3064 4974 colitur.
3125 4921 3232 4976 Sed
3281 4923 3425 4977 absit
3472 4938 3502 4976 a
3551 4923 3657 4978 lide

2070 5013 2512 5067 Christianorum
2543 5011 2814 5082 ejusmodi
2851 5011 3139 5081 gentilium
3169 5013 3514 5082 superstitio.

2694 5121 2921 5178 CAPUT
2962 5123 3054 5180 IV.

2074 5221 2224 5287 Quod
2268 5222 2508 5291 quamvis
2560 5221 2872 5290 paternitas,
2911 5230 2960 5274 et
2997 5220 3192 5287 ﬁliatio
3227 5224 3295 5276 sit
3331 5222 3654 5288 substantia,

2145 5310 2248 5346 non
2278 5302 2554 5361 prapterca
2593 5295 2890 5344 necessario
2915 5294 3154 5361 sequitur
3173 5291 3369 5347 Filium
3401 5310 3511 5348 esse
3545 5295 3656 5349 Pa-

2145 5373 2295 5426 trem,
2330 5373 2418 5415 aut
2465 5363 2677 5416 l‘atrem
2706 5361 2930 5417 Filium.

2155 5475 2210 5530 Si
2265 5478 2390 5546 quis
2427 5484 2608 5531 tamen
2649 5475 2886 5541 dubitet,
2921 5492 3026 5545 qua
3083 5477 3297 5531 ratione
3346 5478 3655 5547 preprieta-

2075 5579 2177 5634 tes,
2211 5571 2296 5623 vel
2334 5570 2633 5624 relationes
2669 5569 3034 5623 substantiam
3080 5585 3206 5624 esse
3234 5571 3493 5635 dicimus,
3525 5572 3651 5624 eum

2077 5679 2181 5716 una
2223 5665 2295 5718 sit
2351 5664 2686 5726 substantia,
2722 5665 3088 5734 pr0prietatcs
3151 5675 3337 5718 autem
3389 5673 3521 5729 tres,
3556 5679 3654 5718 seu

2074 5757 2238 5808 etiam
2273 5756 2618 5825 bypostases,
2653 5756 2906 5825 opposite
2941 5757 3006 5811 ad
3059 5756 3292 5809 invicem
3357 5756 3653 5822 dicantur;

2075 5857 2134 5899 et
2163 5848 2426 5902 nonnulla
2455 5846 2693 5900 absurda
2725 5847 2933 5902 inferre
2980 5847 3302 5907 arbitretur,
3335 5847 3482 5916 quod
3524 5863 3658 5902 sane

2083 5938 2422 6010 hypostasim
2477 5939 2657 5998 Patris
2710 5955 2851 6009 opus
2919 5941 3023 5994 erit
3083 5939 3268 5995 dicere
3322 5941 3656 6019 bypostasim
