4036 6436
501 449 608 511 F79

1780 443 2161 505 DEMETRII
2201 443 2511 506 CYDONII

3623 445 3711 515 εει

503 562 647 626 Filii,
686 562 770 615 vel
824 559 1021 616 Filium
1077 575 1198 615 esse
1239 560 1484 625 Datrem,
1515 573 1581 614 eo
1612 558 1758 628 quod
1807 557 1940 627 ipsis
1973 572 2077 612 una

2191 557 2316 610 Υίὸν
2347 552 2488 610 εἶναι
2527 559 2762 629 Πατέρα,
2797 555 2886 612 διὰ
2921 559 2980 614 τὸ
3008 560 3138 630 μίαν
3165 561 3346 622 αὐτοῖς
3377 556 3621 633 εἶναιτὴν
3642 565 3715 617 ob”

500 653 575 708 sit
606 653 944 707 substantia.
979 653 1225 706 Primum
1257 651 1483 721 quidem
1533 650 1670 704 nihil
1700 649 1768 704 ad
1799 663 1919 703 nos.
1952 651 2080 702 Haec

497 746 649 800 enim
699 744 898 800 Thesis
930 743 1242 800 communis
1271 752 1357 801 est
1388 741 1536 797 ﬁdei.
1568 739 1779 796 Deinde
1827 757 1856 794 a
1889 740 2079 795 docto-

493 837 656 891 ribus
719 834 792 890 ita
858 850 918 892 se
971 835 1174 890 habere
1222 845 1505 890 ostensum
1561 842 1664 888 est.
1697 832 1854 887 Nunc
1890 841 2074 886 autem

497 928 663 981 etiam
701 935 981 996 utcunque
1034 925 1273 991 dicetur,
1305 924 1453 994 quod
1505 924 1879 978 necessarium
1913 924 1984 977 sit
2014 938 2077 975 ca

495 1018 566 1074 de
595 1035 652 1074 re
683 1019 850 1072 verba
913 1017 1113 1072 facere.
1155 1016 1310 1084 Quod
1365 1017 1531 1087 igitur
1576 1017 1751 1086 gratia
1805 1014 2075 1070 evadendi

490 1111 734 1166 absurda
763 1118 1216 1173 commemorata,
1247 1117 1303 1163 et
1347 1108 1603 1164 servandi
1651 1107 1795 1162 dicta
1831 1105 2078 1176 Scriptu-

501 1217 595 1264 τω,
624 1208 788 1269 atque
817 1200 1106 1253 doctorum
1161 1199 1486 1264 sententias,
1516 1207 1570 1254 et
1601 1198 1825 1254 omnino
1865 1197 2076 1267 princia

493 1295 586 1363 pia
620 1293 766 1358 ﬁdei,
799 1307 925 1347 cum
987 1292 1202 1345 nullum
1249 1292 1552 1347 absurdum
1612 1302 1903 1364 sequatur.
1936 1291 2076 1345 Sub-

498 1385 756 1438 stantiam
787 1399 908 1438 esse
944 1383 1236 1438 relationes
1282 1384 1700 1448 constituimus,
1733 1384 1940 1438 dictum
1964 1391 2070 1448 est;

497 1477 658 1545 idque
705 1477 928 1540 merito,
961 1485 1017 1530 et
1067 1476 1263 1544 liquet.
1305 1475 1781 1542 Quemadmodum
1816 1475 1963 1529 enim
1992 1483 2076 1528 est

495 1567 723 1637 aliquid,
756 1567 902 1638 quod
960 1566 1104 1620 idem
1144 1565 1401 1621 accidens
1429 1567 1522 1629 sit,
1545 1572 1599 1621 et
1655 1565 1722 1620 ad
1774 1564 1986 1634 aliquid
2019 1565 2074 1618 in

493 1660 700 1728 quibus
730 1658 1003 1729 contingit
1049 1673 1172 1713 esse
1212 1657 1558 1724 accidentia;
1609 1657 1685 1712 ita
1727 1671 1954 1712 necesse
1991 1668 2076 1710 est

499 1751 640 1805 idem
685 1766 806 1806 esse
867 1751 1235 1806 substantiam
1299 1759 1355 1804 et
1407 1748 1477 1804 ad
1543 1747 1772 1820 aliquid,
1821 1748 1914 1803 ubi
1965 1763 2074 1800 non

494 1844 769 1912 contingit
795 1858 914 1899 esse
949 1841 1226 1897 accidens.
1267 1841 1540 1908 Quocirca
1575 1841 1631 1895 in
1673 1839 1841 1896 rebus
1875 1841 2075 1896 creatis

503 1935 696 1989 relatio
725 1943 784 1988 et
829 1934 1133 1990 secundum
1177 1935 1442 1988 rationem
1490 1942 1546 1988 et
1602 1930 1907 1988 secundum
1961 1945 2076 1984 rem

499 2027 648 2080 aliud
699 2035 786 2080 est
821 2042 872 2080 .a
921 2025 1262 2090 substantia,
1302 2024 1560 2095 quoniam
1590 2031 1719 2078 sunt
1748 2019 2074 2076 accidentia.

499 2120 554 2172 ln
592 2119 701 2173 Deo
729 2133 860 2173 vero
918 2118 1221 2173 secundum
1277 2132 1390 2172 rem
1427 2116 1573 2171 idem
1622 2121 1730 2180 est,
1771 2113 2075 2168 secundum

496 2212 760 2265 rationem
792 2209 941 2265 aliud
975 2219 1081 2266 est.
1115 2209 1186 2265 Ut
1209 2211 1356 2264 enim
1389 2209 1598 2264 dictum
1631 2217 1738 2273 εει,
1769 2207 2078 2263 substantia
2131 2202 2138 2208 ’

493 2305 638 2357 idem
678 2311 763 2358 est
796 2302 942 2372 quod
995 2302 1342 2373 bypostases,
1375 2317 1496 2372 quae
1551 2298 1913 2355 relationibus
1941 2297 2077 2352 sub-

493 2399 718 2457 sistunt,
744 2411 811 2450 eo
855 2404 1037 2449 autem
1073 2394 1218 2464 quod
1251 2404 1335 2448 est
1362 2393 1706 2462 simpliciter,
1731 2401 1787 2447 et
1816 2391 2081 2461 quodam-

495 2482 660 2538 inodo
711 2483 900 2537 (ἥσει-ι
937 2501 952 2536 :
1000 2482 1071 2535 ita
1121 2483 1270 2536 enim
1323 2497 1381 2536 se
1417 2498 1504 2537 res
1537 2480 1724 2536 liabet.
1759 2480 2077 2535 Substantia

493 2575 589 2628 Dei
631 2591 740 2628 non
770 2583 940 2628 estea
972 2589 1093 2643 qua:
1149 2573 1205 2627 in
1243 2573 1684 2642 przedicamentis
1733 2571 1962 2642 ponitur
1993 2571 2078 2625 vel

494 2681 690 2734 genus,
730 2668 813 2719 vel
849 2680 1042 2720 eorum
1097 2681 1220 2734 qua:
1260 2674 1391 2720 sunt
1438 2666 1540 2720 sub
1571 2680 1794 2735 genere,
1845 2664 1983 2718 adeo
2020 2673 2080 2719 ut

496 2745 608 2812 non
642 2757 812 2825 possit
841 2771 962 2811 csse
1014 2755 1222 2825 aliquid
1270 2756 1441 2810 aliud.
1473 2755 1664 2825 Neque
1710 2771 1901 2811 rursus
1939 2755 2080 2810 rela-

499 2850 599 2911 tio,
637 2863 759 2916 quae
809 2857 894 2900 est
942 2847 995 2901 in
1033 2847 1164 2911 Deo,
1197 2857 1280 2901 est
1320 2862 1492 2918 genus
1514 2847 1818 2912 relationis,
1851 2862 1948 2902 seu
1977 2847 2080 2900 ali-

494 2942 626 3012 quid
655 2955 845 2996 eorum
902 2955 1025 3009 qua:
1076 2940 1178 2994 sub
1223 2939 1311 2992 illa
1347 2948 1498 3006 sunt,
1538 2939 1611 2994 ita
1663 2948 1724 2994 ut
1764 2954 1873 2993 non
1901 2939 2079 3008 possit

485 3047 616 3087 esse
667 3030 1306 3101 Substantia.Quidqu!d
1356 3031 1505 3086 enim
1569 3029 1786 3085 tandem
1838 3031 1910 3085 sit
1962 3030 2078 3100 ipsa

494 3125 677 3180 divina
705 3127 927 3188 entitas.
956 3134 1011 3180 et
1047 3121 1316 3194 quidquid
1365 3123 1585 3177 tandem
1635 3132 1890 3194 oporteat
1924 3123 2076 3177 illam

489 3229 714 3280 vocare,
759 3229 867 3268 non
904 3221 989 3268 est
1021 3213 1239 3282 aliquod
1289 3228 1482 3283 genus,
1508 3211 1604 3268 sed
1627 3223 1711 3269 est
1734 3213 2068 3284 principium
2097 3223 2140 3282 (ς

491 3321 756 3376 generum
811 3305 996 3360 omnia
1047 3305 1101 3358 in
1173 3304 1357 3374 scipso
1414 3319 1613 3373 genera
1673 3303 1983 3371 Continens,
2014 3313 2072 3359 et

493 3398 889 3454 trnnscendens
943 3398 999 3452 in
1053 3413 1182 3462 uno,
1235 3405 1289 3450 et
1351 3397 1783 3466 eodemzatque
1836 3405 1965 3452 sunt
2013 3395 2071 3452 in

493 3491 617 3560 ipso
642 3491 806 3544 etiam
872 3490 1151 3544 contraria
1224 3489 1602 3555 unil'ormitcr,
1651 3497 1708 3545 et
1755 3489 2070 3559 coniuncte,

487 3583 848 3654 perfectaque
903 3582 1208 3651 paternitas
1259 3590 1422 3652 atque
1512 3579 1705 3634 ﬁliatio
1767 3581 2071 3635 secundum

494 3677 683 3730 divum
721 3674 1056 3745 Dionysium,
1091 3689 1120 3728 a
1155 3688 1264 3744 quo
1293 3672 1473 3728 omnis
1499 3671 1802 3742 paternitas
1830 3669 1885 3725 in
1907 3670 2069 3737 c0310,

482 3778 550 3822 et
581 3768 633 3821 in
665 3777 829 3832 terra,
869 3774 926 3821 et
957 3774 1132 3822 totum
1171 3779 1293 3821 esse
1321 3764 1378 3820 in
1422 3763 1604 3834 seipso
1626 3762 2069 3832 comprehendit,

487 3861 644 3930 juxta
678 3857 1016 3928 Theologum
1037 3922 1042 3927 λ
1067 3856 1412 3927 Gregorium.
1443 3853 1917 3921 Quemadmodum
1974 3855 2074 3925 igi-

497 3961 586 4003 tur
619 3951 941 4005 substantia:
979 3949 1076 4004 Dei
1132 3949 1516 4004 attribuuntur
1566 3946 1809 4012 realiter,
1859 3962 1923 4002 ea
1951 3963 2073 4016 qua:

496 4051 805 4112 sequuntur
835 4041 1169 4103 bonitatem,
1223 4038 1577 4108 sapientiam,
1612 4047 1667 4091 et
1722 4039 1887 4092 vitam
1917 4041 2068 4108 ejus:

495 4134 655 4186 aliter
684 4131 832 4184 enim
883 4141 1031 4186 esset
1066 4129 1428 4198 compositus.
1467 4127 1680 4198 Quippe
1707 4129 2073 4196 compositum

494 4226 559 4279 nd
600 4225 782 4278 minus
819 4239 884 4278 ex
911 4221 1130 4277 duobus
1157 4228 1396 4287 constat,
1429 4235 1663 4290 quorum
1700 4221 1935 4274 alterum
1965 4237 2074 4275 non

493 4327 576 4373 est
631 4319 794 4381 idem,
827 4313 976 4386 quod
1006 4313 1242 4368 alterum
1299 4325 1360 4366 re
1395 4327 1458 4366 ac
1513 4312 1747 4377 ratione,
1795 4313 1878 4367 vel
1925 4314 2071 4382 quod

494 4423 665 4476 capax
718 4415 802 4460 est
859 4403 1094 4472 alicujus
1134 4401 1364 4456 alterius
1393 4411 1589 4472 pra‘ter
1626 4402 1802 4474 ipsum
1829 4403 1896 4457 ad
1926 4404 2072 4467 exsi.

494 4499 793 4562 stcntiam;
852 4509 1090 4566 quorum
1137 4506 1443 4547 concursus
1498 4508 1667 4546 unum
1720 4491 1926 4558 ellicit,
1984 4490 2072 4544 vel

495 4592 639 4661 quod
673 4589 862 4643 multis
915 4586 970 4640 in
1029 4583 1170 4638 idem
1228 4584 1689 4639 convenientibus
1739 4580 2068 4646 absolvitur,
2104 4567 2147 4622 Β

497 4693 662 4751 atque
691 4678 992 4734 secundum
1039 4675 1226 4730 divum
1268 4675 1586 4746 Dionysium
1625 4688 1824 4727 nomen
1857 4671 2072 4726 bonita-

500 4776 567 4828 tis
598 4783 653 4828 et
707 4772 968 4837 aliorum,
1011 4768 1053 4823 si
1110 4770 1234 4838 quis
1283 4769 1485 4822 dixerit
1544 4785 1654 4822 non
1694 4766 1806 4819 dici
1853 4764 1920 4819 de
1959 4772 2070 4818 tota

498 4864 728 4929 Deitatc,
775 4877 942 4932 super
993 4860 1202 4914 unitam
1261 4859 1526 4913 unitatem
1573 4858 1858 4921 dividere,
1909 4867 2072 4927 atque

494 4956 831 5011 abscindere
891 4952 1096 5006 nclaric
1139 4951 1323 5025 audet.
1361 4949 1515 5014 Quod
1573 4949 1822 5018 profecto
1872 4949 2110 5003 accidit,

494 5048 563 5102 iis
592 5047 685 5117 qui
718 5047 850 5100 alias
912 5059 996 5098 res
1035 5043 1200 5097 vitam
1264 5057 1326 5095 ac
1377 5041 1675 5094 bonitatem
1719 5041 1813 5094 Dei
1851 5041 1918 5094 ab
1953 5041 2072 5110 ejus

494 5141 798 5212 substantia
833 5142 1062 5212 ponunt.
1097 5131 1566 5198 Quemadmodum
1587 5132 1752 5201 igitur
1789 5146 1856 5185 ne
1878 5147 2071 5199 super-

497 5205 645 5284 unita
690 5205 871 5282 unitas
923 5205 1118 5294 prater
1165 5223 1493 5276 divisionem
1539 5222 1610 5276 sit
1646 5223 1812 5275 etiam
1849 5238 2070 5292 compo-

493 5322 620 5386 sita,
663 5333 720 5376 ct
774 5332 1122 5390 quascunque
1179 5321 1491 5383 sequuntur
1541 5316 1844 5383 composita
1875 5355 1889 5379 ,
1948 5332 2068 5384 qua:

493 5426 802 5486 sequuntur
845 5413 1150 5468 bonitatem
1215 5409 1458 5474 rcaliter,
1505 5411 1884 5464 attribuuntur
1933 5411 2064 5462 sub-

496 5510 727 5572 stantias,
763 5515 1035 5576 quatenus
1083 5501 1388 5557 substantia
1423 5513 1504 5557 cst
1556 5503 1794 5566 bonitas,
1819 5513 1872 5556 ct
1909 5503 2066 5556 boni-

496 5613 576 5654 tas
609 5609 692 5654 est
725 5598 843 5665 ejus
889 5596 1216 5658 substantia,
1253 5604 1313 5648 ut
1367 5595 1524 5649 divus
1574 5595 1806 5650 Basilius
1834 5596 1970 5648 dixit
2012 5596 2064 5647 in

495 5693 561 5745 iis
618 5706 739 5759 qua:
773 5697 902 5742 sunt
957 5688 1022 5742 ad
1076 5687 1542 5756 AlllpilliOt'illlllll,
1579 5687 1755 5742 bonus
1814 5703 1880 5741 ex
1921 5688 2066 5759 bono

493 5757 712 5850 genitus
740 5781 1103 5837 substantiam
1148 5781 1360 5836 habens
1405 5781 1731 5835 bonitatem.
1772 5780 1888 5832 Non
1919 5757 2064 5832 enim

497 5876 613 5931 fieri
643 5882 841 5946 petest,
898 5885 957 5930 ut
1009 5875 1114 5935 alia
1151 5877 1223 5932 sit
1272 5889 1359 5931 res
1409 5874 1759 5938 inexsistens,
1791 5872 1894 5925 alia
1940 5887 2067 5925 vero

2110 1899 2150 1949 Β

2186 649 2334 700 σίων
2374 648 2589 718 πρῶτον
2643 651 2742 718 μὲν
2779 652 2930 704 οὐδὲν
2971 651 3104 721 πρὸς
3156 654 3303 722 ἡμᾶς
3331 670 3346 684 ο
3379 655 3410 722 ἡ
3451 654 3552 723 γᾶρ
3581 653 3710 718 θέσις

2181 741 2321 812 αὕτη
2352 743 2506 814 κοινὴ
2537 744 2637 810 τῆς
2682 743 2919 806 πίστεως
2943 759 2956 774 ’
2991 744 3187 799 ἔπειτα
3219 746 3308 797 καὶ
3336 744 3483 816 παρὰ
3513 745 3614 798 τῶν
3651 747 3713 799 δι-

2181 833 2466 886 δασκάλων
2495 831 2668 896 οὕτως
2698 833 2821 903 ἔχον
2854 833 3092 903 ἐδείχθη.
3124 835 3415 906 Είρήσεται
3447 835 3500 888 δὲ
3530 836 3616 888 καὶ
3635 836 3716 887 νῦν

2180 925 2453 989 ὁπωσοῦν,
2501 929 2734 997 ἐπείπερ
2765 927 3066 994 ἀναγκαῖος
3109 928 3138 980 ό
3166 928 3341 992 λόγος.
3375 927 3493 982 Ὀτι
3523 928 3610 997 μὲν
3638 923 3718 982 οὖν

2181 1021 2343 1073 ἓνεκα
2383 1036 2476 1072 του
2507 1019 2574 1072 τὰ
2607 1020 2990 1091 προειρημένα
3029 1020 3138 1074 τῶν
3180 1019 3398 1074 ἀτόπων
3425 1020 3716 1087 ἀποφυγεῖν,

2181 1114 2274 1164 xal.
2299 1112 2392 1164 τοῦ
2425 1111 2524 1175 τὰς
2553 1112 2652 1180 τῆς
2701 1113 2926 1182 Γραφῆς
2977 1111 3071 1165 καὶ
3111 1112 3221 1164 τῶν
3249 1111 3574 1166 διδασκάλων
3601 1112 3720 1163 ἀπο·

2180 1204 2372 1272 φάσεις
2399 1203 2710 1271 φυλάττειν,
2742 1204 2832 1256 καὶ
2863 1203 2998 1267 ὅλως
3037 1203 3138 1266 τὰς
3162 1203 3332 1273 ἀρχὰς
3368 1202 3467 1272 τῆς
3492 1202 3718 1268 πίστεως,

2183 1297 2412 1368 μηδενὸς
2459 1298 2592 1366 ἡμῖν
2655 1296 3077 1359 ἀκολουθοῦντος
3117 1297 3358 1361 ἀτόπου,
3415 1294 3592 1346 οὐσίαν
3635 1296 3722 1355 τὰς

2178 1391 2459 1460 ἀναφορὰς
2485 1388 2744 1458 ἐθέμεθα,
2772 1390 3010 1460 εἴρηται,
3038 1387 3280 1456 εὐλόγως
3302 1403 3318 1418 ⁶
3347 1386 3506 1456 δῆλον
3531 1384 3724 1439 δέτὭσο

2181 1481 2424 1564 περογὰρ
2455 1481 2570 1534 ἐστί
2600 1497 2651 1534 τι
2701 1481 2763 1533 τὸ
2816 1481 2948 1532 αὐτὸ
2983 1479 3334 1550 συμϐεϐηκὸς
3378 1479 3473 1532 καὶ
3516 1478 3639 1546 πρός
3659 1492 3722 1540 τι,

2179 1575 2237 1627 ἐν
2261 1570 2342 1636 οἷς
2371 1573 2647 1642 ἐνδέχεται
2675 1567 2818 1626 εἶναι
2867 1572 3259 1642 συμϐεϐηκότα
3282 1589 3296 1603 ·
3325 1571 3495 1634 οὕτως
3527 1570 3721 1636 ἀνάγκη

2177 1665 2238 1718 τὸ
2269 1664 2401 1718 αὐτὸ
2426 1665 2614 1717 οὐσίαν
2637 1658 2778 1717 εἶναι
2809 1665 2905 1717 καὶ
2943 1663 3082 1734 πρός
3111 1681 3163 1717 τι
3184 1664 3243 1716 ἐν
3273 1659 3355 1726 οἷς
3386 1664 3460 1732 μὴ
3481 1661 3726 1730 ἐνδέχεται

2178 1750 2318 1810 εἶναι
2349 1758 2716 1828 συμϐεϐηκός.
2754 1759 2954 1827 Διόπερ
2992 1761 3052 1812 ἐν
3107 1758 3206 1826 μὲν
3249 1760 3364 1820 τοῖς
3393 1755 3726 1825 κτίσμασινή

2179 1848 2428 1919 ἀναφορὰ
2470 1850 2562 1902 καὶ
2609 1851 2749 1904 κατὰ
2803 1851 2895 1903 τὸν
2926 1851 3084 1918 λόγον
3114 1850 3208 1904 καὶ
3245 1851 3386 1904 κατὰ
3433 1848 3491 1902 τὸ
3521 1847 3726 1914 πρᾶγμα

2180 1939 2281 2007 τῆς
2310 1939 2496 2012 οὐσίας
2541 1939 2753 2011 ἕτερον,
2800 1941 2922 1994 ἐπεί
2956 1944 3074 1994 ἐστι
3112 1939 3530 2009 συμϐεϐηκόταο
3577 1936 3658 1988 ἐπὶ
3682 1933 3728 1984 δὲ

2180 2029 2490 2084 Θεοῦικατὰ
2516 2033 2616 2102 μὲν
2644 2033 2706 2086 τὸ
2750 2033 2987 2103 πρᾶγμα
3018 2034 3077 2086 τὸ
3106 2032 3267 2096 αὐτὸ,
3296 2030 3437 2084 κατὰ
3461 2029 3517 2083 δὲ
3552 2029 3637 2079 τὸν
3657 2024 3727 2076 λό-

2159 2109 2276 2192 ¹γον
2333 2124 2522 2194 ἕτερον
2545 2141 2560 2156 ·
2593 2127 2668 2189 ὡς
2724 2127 2829 2198 γὰρ
2860 2127 3104 2199 εἴρηται,
3133 2129 3168 2198 ἡ
3227 2126 3388 2180 οὐσία
3435 2122 3592 2200 tauro
3625 2121 3728 2178 ταῖς

2181 2217 2546 2271 ὑποστάσεσιν
2579 2219 2636 2272 αἶ
2682 2224 2794 2283 τοῖς
2840 2221 2978 2292 πρός
3007 2237 3059 2274 τι
3095 2221 3438 2291 ὑφεστὴκασι
3462 2233 3475 2249 ·
3505 2217 3564 2269 τὸ
3598 2214 3640 2266 δ’
3671 2213 3726 2264 ά-

2180 2308 2330 2370 πλῶς
2361 2311 2454 2362 καὶ
2491 2309 2607 2372 πῶς
2637 2311 2908 2380 διαφέρει.
2939 2312 3051 2366 Kal.
3094 2311 3203 2382 γὰρ
3250 2311 3426 2374 οὕτως
3456 2308 3585 2380 ἔχει.
3629 2305 3728 2359 Οὐκ

2181 2398 2328 2452 ἔστιν
2354 2401 2387 2469 ἡ
2414 2399 2573 2452 οὐσία
2605 2399 2698 2453 τοῦ
2725 2399 2862 2454 Θεοῦ
2893 2403 2926 2472 ἡ
2959 2404 3016 2457 ὲν
3043 2403 3160 2464 ταῖς
3184 2401 3540 2471 κατηγορίαις
3572 2395 3728 2455 οὐσία,

2180 2491 2214 2561 ἢ
2242 2491 2303 2544 τὺ
2332 2492 2508 2560 γένος,
2540 2491 2574 2563 ἢ
2605 2491 2714 2546 τῶν
2744 2492 2849 2546 ὑπὸ
2876 2492 2938 2546 τὸ
2969 2493 3149 2561 γένος,
3181 2493 3325 2546 ὥστε
3375 2493 3451 2561 μὴ
3494 2485 3729 2544 δύνασθαι

2182 2577 2321 2634 εἶναι
2355 2580 2483 2636 ἄλλο
2518 2598 2591 2637 τι.
2634 2582 2759 2635 οὐδ’
2781 2579 2854 2638 ἀὖ
2901 2585 2934 2654 ἡ
2976 2585 3034 2637 ὲν
3071 2584 3149 2654 τῷ
3193 2582 3317 2654 Θεῷ
3354 2582 3596 2649 ἀναφορὰ
3631 2579 3730 2628 ἐστι

2182 2673 2289 2724 τῶν
2317 2673 2453 2743 πρός
2491 2688 2546 2724 τι
2584 2673 2762 2740 γένος,
2804 2675 2838 2744 ἡ
2867 2690 2922 2726 τι
2959 2673 3068 2728 τῶν
3112 2673 3218 2726 ὑπὸ
3244 2674 3484 2738 τοῦτοις,
3511 2671 3642 2723 ὥστε
3669 2665 3730 2734 μὴ

2179 2763 2440 2818 δύνασθαι
2466 2760 2608 2817 εἶναι
2637 2764 2817 2819 οὐσία.
2851 2766 2921 2817 '0
2967 2765 3017 2819 τί
3050 2782 3183 2818 ποτε
3211 2767 3327 2834 γάρ
3360 2768 3506 2818 ἐστιν
3539 2759 3658 2814 αὐτὸ
3679 2758 3731 2808 τὸ

2183 2854 2326 2909 Θεϊον
2354 2860 2564 2928 χρῆμα,
2595 2860 2690 2912 καὶ
2711 2859 2740 2912 ὅ
2768 2859 2821 2912 τί
2856 2876 2986 2912 ποτε
3011 2858 3092 2912 δεῖ
3119 2858 3305 2912 καλεῖν
3334 2859 3488 2924 αὖτ’),
3512 2857 3606 2910 οὐκ
3633 2852 3731 2904 ἐστι

2182 2963 2236 2999 τι
2274 2947 2454 3014 γένος,
2485 2948 2604 3004 ἀλλ’
2634 2949 2784 3004 ἔστιν
2813 2951 2959 3021 ἀρχὴ
2987 2951 3159 3019 γενῶν
3187 2951 3370 3005 πάντα
3404 2952 3460 3003 ἐν
3489 2946 3652 3016 ἐαυτῷ
3673 2943 3729 2994 τὲ

2179 3041 2312 3113 γένη
2371 3043 2625 3114 περιέχον
2659 3045 2752 3100 καὶ
2790 3045 3057 3117 ὑπερέχον
3107 3046 3166 3098 ὲν
3197 3045 3281 3097 ἑνὶ
3333 3041 3530 3112 καὶτῷ
3567 3035 3727 3106 αὐτῷ’

2183 3131 2277 3185 καὶ
2305 3130 2455 3184 ἔστιν
2484 3131 2542 3183 ὲν
2582 3131 2731 3200 αὐτῷ
2759 3133 2852 3184 καὶ
2893 3132 2961 3186 τὰ
2995 3134 3213 3186 ἐναντία
3249 3130 3540 3202 μονοειδῶς
3561 3128 3648 3181 καὶ
3679 3127 3732 3189 i'2'

2174 3223 2432 3292 νωμὲνως
2454 3237 2468 3252 ·
2501 3224 2598 3276 καὶ
2621 3223 2803 3276 τελεία
2833 3226 3110 3294 πατρότης
3156 3227 3254 3279 καὶ
3276 3226 3468 3296 υίότης
3496 3222 3629 3277 κατὰ
3654 3219 3731 3270 τὸν

2172 3313 2315 3368 θεῖον
2353 3316 2651 3380 Διονύσιον,
2683 3315 2777 3386 ἀφ’
2802 3312 2862 3371 οὗ
2898 3320 3047 3371 πᾶσα
3078 3318 3286 3387 πατριὰ
3319 3320 3379 3372 ὲν
3416 3300 3624 3388 οὐρανῷ
3650 3309 3730 3362 καὶ

2173 3407 2266 3460 ἐπὶ
2291 3409 2427 3477 γῆς·
2462 3407 2557 3461 καὶ
2586 3409 2709 3462 ὅλον
2741 3411 2800 3464 ἐν
2835 3410 3016 3480 ἑαυτῷ
3060 3410 3334 3463 συλλαεδν
3369 3411 3482 3481 ἔχει
3515 3409 3571 3461 τὸ
3610 3401 3730 3458 εἶναι

2172 3499 2313 3585 κατά
2327 3499 2415 3552 τὸν
2431 3497 2694 3567 Θεολόγον
2715 3500 3258 3572 Γρηγόριον.Ὢσπερ
3278 3501 3376 3556 οὖν
3405 3505 3470 3572 τῇ
3489 3491 3731 3585 οὑσοίατοῦ

2171 3584 2308 3639 Θεοῦ
2340 3586 2650 3641 ἀποδίδοται
2684 3589 3089 3658 πραγματικῶς
3120 3588 3190 3642 τὰ
3222 3591 3475 3659 ἑπόμενα
3517 3584 3589 3659 τῇ
3613 3586 3732 3652 ἀγα-

2174 3675 2360 3745 θότητι
2386 3677 2486 3728 καὶ
2516 3679 2582 3747 τῇ
2625 3678 2786 3746 σοφίᾳ
2817 3679 2910 3730 καὶ
2953 3675 3064 3748 ζωῇ
3096 3678 3260 3733 αὐτοῦ
3286 3692 3303 3710 °
3345 3678 3518 3742 ἄλλως
3548 3675 3650 3745 γὰρ
3679 3673 3732 3724 ἂν

2175 3764 2433 3830 σύνθετος
2461 3763 2526 3838 ἦν
2554 3780 2567 3796 ·
2601 3765 2858 3818 σύνθετον
2890 3767 2998 3836 γάρ
3025 3767 3143 3820 ἐστι
3173 3766 3234 3819 τδ
3263 3767 3331 3818 ἐκ
3359 3766 3456 3820 δύο
3492 3763 3725 3830 «uorax-.-

2177 3873 2304 3909 στον
2341 3857 2760 3928 συνιστάμενον,
2802 3852 2878 3913 ὧν
2927 3858 3156 3928 Θάτερον
3215 3857 3317 3910 οὐκ
3369 3859 3486 3910 ἐστι
3541 3854 3731 3922 θατέρῳ

2172 3948 2338 4000 ταυτδ
2367 3951 2462 4002 καὶ
2493 3951 2783 4019 πράγματι
2831 3951 2928 4004 καὶ
2967 3951 3131 4020 λόγῳ,
3163 3949 3196 4018 ἥ
3241 3950 3303 4002 τὸ
3330 3949 3578 4003 δεκτικόν
3605 3958 3732 4002 τινος

2174 4040 2366 4110 ἑτέρου
2396 4041 2526 4110 παρ’
2556 4041 2688 4094 αὐτὸ
2728 4042 2866 4111 πρὸς
2917 4041 3171 4112 ὓπαρξιν,
3202 4035 3278 4094 ὧν
3335 4045 3370 4112 ἠ
3430 4040 3642 4102 σύνοδος
3679 4038 3729 4086 ἓν

2174 4133 2448 4197 ἀποτελεῖ,
2480 4132 2512 4204 ἢ
2543 4133 2605 4186 τὸ
2647 4131 2864 4196 πολλοῖς
2898 4132 2978 4194 είς
3010 4133 3179 4186 ταυτὸ
3215 4132 3495 4186 σύνιοῦσιν
3521 4133 3731 4197 ἀπαρτι-

2176 4224 2405 4291 ζόμενον
2432 4238 2445 4253 ·
2486 4224 2581 4275 καὶ
2613 4224 2756 4276 κατὰ
2786 4222 2877 4275 τὸν
2913 4222 3056 4276 οείον
3089 4223 3370 4276 Διονύσιον
3397 4223 3459 4276 τὸ
3487 4223 3581 4292 τῆς
3611 4221 3731 4285 άγιυ

2175 4313 2397 4383 οότητος
2427 4313 2594 4382 ὄνομα
2641 4313 2736 4366 καὶ
2762 4313 2871 4366 τῶν
2927 4313 3101 4367 ἄλλων
3134 4314 3187 4368 εἰ
3233 4331 3315 4376 τις
3368 4312 3444 4385 μὴ
3478 4312 3604 4382 περὶ
3646 4308 3732 4376 τῆς

2174 4406 2301 4476 ὅλης
2341 4406 2593 4476 Οεότητος
2623 4404 2875 4476 εἰρῆσθαι
2918 4405 3072 4474 φαίη.
3114 4405 3344 4476 διαιρεῖν
3396 4406 3491 4459 καὶ
3519 4399 3732 4468 ἀποσχί-

2175 4499 2290 4562 ζειν
2341 4498 2598 4566 ἁθέσμως
2639 4497 2818 4566 τολμᾷ
2865 4497 2964 4566 τὴν
3018 4498 3452 4568 ὑπερηνωμὲνην
3493 4488 3730 4548 ἑνάδα·ὂ

2174 4589 2344 4660 δήπου
2388 4589 2679 4657 συμϐαίνει
2715 4591 2826 4651 τοῖς
2861 4588 3024 4657 ἔτερα
3087 4588 3395 4658 πράγματα
3453 4588 3548 4656 τὴν
3598 4582 3728 4647 ζωὴν

2177 4682 2271 4734 καὶ
2299 4680 2396 4750 τὴν
2430 4680 2745 4749 άγαθότητα
2773 4679 2865 4732 τοῦ
2900 4678 3034 4732 Θεοῦ
3069 4679 3171 4749 τῆς
3193 4681 3378 4743 οὐσίας
3409 4677 3570 4732 αὐτοῦ
3600 4672 3728 4727 τιθε-

2177 4773 2377 4842 μένοις.
2405 4773 2615 4841 Ὠσπερ
2655 4767 2767 4836 οὖν,
2829 4771 2913 4824 ῐνα
2943 4771 3017 4842 μὴ
3066 4773 3099 4837 ἠ
3153 4772 3547 4841 ὑπερηνωμένη
3579 4766 3726 4836 μονὰς

2176 4866 2311 4934 πρὸς
2339 4866 2416 4934 τῷ
2449 4865 2780 4934 διαιρεῖσθαι
2819 4869 2912 4918 καὶ
2971 4865 3221 4928 σύνθετος
3260 4861 3314 4937 ᾖ,
3348 4865 3446 4916 καὶ
3490 4864 3586 4915 ὅσα
3627 4859 3723 4914 τοίς

2176 4958 2451 5019 συνθέτοις
2473 4957 2696 5019 ἕπεται,
2727 4957 2796 5010 τά
2827 4957 3068 5024 ἑπόμενα
3116 4958 3179 5026 τῇ
3213 4955 3530 5024 ἀγαθότητι,
3562 4964 3718 5021 πριγο

2175 5047 2423 5117 ματικῶς
2470 5049 2535 5116 τῇ
2592 5048 2753 5117 οὐσίᾳ
2799 5049 2892 5100 τοῦ
2951 5046 3087 5100 Θεοῦ
3147 5047 3457 5100 ἀποδίδοται
3494 5044 3574 5112 ἐφ’
3614 5043 3722 5093 ὅσον

2170 5143 2203 5210 ἠ
2271 5140 2430 5193 οὐσία
2481 5138 2626 5191 ἐστὶν
2680 5139 2978 5207 ἁγαοότης,
3041 5139 3135 5190 καὶ
3191 5139 3222 5207 ἡ
3271 5137 3546 5205 άγαθότης
3587 5131 3721 5184 ἐπὶν

2171 5231 2332 5284 οὐσία
2385 5231 2586 5294 αὑτοῦ,
2635 5231 2709 5294 ὡς
2761 5231 2854 5283 καὶ
2911 5234 2936 5283 ὁ
2997 5231 3137 5293 Gaio;
3195 5229 3466 5306 Βασίλειος
3525 5229 3580 5278 ἐν
3624 5223 3720 5278 τοῖς

2170 5323 2307 5393 πρὸς
2351 5324 2696 5393 Ἀμφιλόχιον
2730 5323 2974 5393 εἴρηκεν,
3020 5322 3248 5391 Ἀγαοὸς
3276 5324 3304 5376 δ
3334 5325 3396 5374 ἐκ
3414 5320 3504 5373 τοῦ
3537 5311 3717 5383 ἁγαυοῦ

2170 5415 2449 5482 γεννηθεὶς
2470 5415 2658 5466 οὐσίαν
2689 5415 2827 5484 ἔχων
2856 5416 2951 5485 τὴν
2978 5418 3290 5484 ἀγαϐότητα
3321 5431 3335 5444 ·
3367 5403 3561 5480 οὖθαρ
3587 5404 3716 5461 ὲνὸἐ·

2170 5523 2320 5575 χεται
2352 5507 2478 5558 ἄλλο
2503 5508 2598 5575 μὲν
2625 5501 2764 5559 εἶναι
2788 5508 2850 5560 τὸ
2896 5509 3205 5579 ἐνυπάρχον
3239 5509 3499 5578 πρᾶγμα,
3529 5501 3644 5555 ἄλλο
3669 5494 3718 5546 δῖε

2171 5597 2229 5646 τὸ
2321 5597 2619 5664 ἐνυπάρχει
2646 5595 2730 5647 δια
2758 5595 2855 5666 τὴν
2889 5598 3065 5666 ἄκραν
3099 5597 3372 5666 ἁπλότητα
3404 5597 3493 5646 καὶ
3522 5591 3714 5642 ἕνωσιν.

2169 5689 2310 5756 πλὴν
2339 5690 2387 5738 εί
2417 5687 2490 5756 μὴ
2514 5705 2628 5757 σωμ
2641 5691 2971 5759 ατικώτερον
2999 5689 3407 5759 ἐκλαμϐάνοιτο,
3438 5685 3613 5748 ὦ.περ
3637 5674 3718 5728 καὶ

2169 5781 2356 5849 χεῖρας
2393 5780 2487 5832 καὶ
2523 5781 2686 5844 πόδας
2719 5781 2811 5834 ἐπὶ
2844 5782 2980 5834 Θεοῦ
3013 5783 3266 5853 λέγομεν,
3301 5782 3334 5852 ἦ
3362 5781 3456 5849 τῆς
3481 5769 3715 5841 διαφορᾶί

2170 5873 2310 5925 κατὰ
2343 5872 2433 5925 τὸν
2464 5872 2642 5938 λόγον,
2682 5874 2774 5927 καὶ
2806 5875 2863 5926 οὐ
2904 5876 3044 5928 κατὰ
3075 5876 3134 5928 τὸ
3168 5877 3396 5945 πρᾶγμα
3431 5860 3714 5936 Θεωίουμέ’
