4036 6456
416 336 536 402 εει

1296 362 1301 367 ι
1337 331 1437 392 DE
1479 325 1992 389 PROCESSIONE
2032 322 2726 387 Sl’llll'l‘US-SANC’I‘I'

3556 318 3671 383 88?:

416 467 548 519 var
582 449 642 503 οὐ
656 466 739 501 τω.
766 449 861 502 καὶ
893 448 960 502 τὰ
1000 446 1241 516 ἑπόμενα
1287 446 1363 514 τῷ
1395 445 1529 516 πρός
1570 460 1623 497 τι
1653 441 1994 496 ἀποδίδονται

2121 442 2185 494 :ui
2243 440 2514 495 incssistit
2572 439 2644 494 ob
2717 451 2987 494 summam
3034 434 3441 507 simplicitatem
3508 445 3675 506 atque

419 542 820 612 πραγματικῶς
844 544 910 610 τῇ
934 538 1475 610 οὐσίᾳ,,ὲφόσον.ὲστὶ
1520 537 1614 589 καὶ¹
1640 535 1774 605 πρό;
1804 551 1875 596 τι,
1900 533 1996 586 καὶ

384 624 391 633 ’
418 635 507 687 διὰ,
528 632 684 686 τοῦτο
706 633 876 685 καὶτὸ
893 629 1298 704 πραγματικῶς
1322 627 1699 700 διακρίνεσθαι
1725 627 1827 679 καὶ
1846 626 1995 678 ἀντι-

375 728 382 735 ’
421 728 634 779 κεῖσθαι
674 724 982 777 ἀποδίδοται
1029 724 1190 794 αὐτῇ,
1231 724 1331 775 οὐκ
1369 722 1562 789 ὲφόσον
1594 719 1783 786 μέντοι
1815 717 1994 783 οὐσία,

422 817 537 871 ἀλλ’
566 817 758 886 ἐφόσον
794 816 927 886 πρός
958 833 1033 869 τι.
1064 815 1145 868 Τὰ
1171 815 1282 883 γὰρ
1311 813 1449 883 πρός
1480 832 1554 875 τι,
1587 813 1636 864 εἰ
1669 810 1767 864 καὶ
1794 810 1854 862 ὲν
1882 810 1997 870 τοῖς

426 883 802 976 συμϐεϐηκόσι
833 883 1200 976 περιέχονται,
1227 906 1342 958 ἀλλ’
1366 904 1427 957 οὐ
1458 901 1745 972 δηλοῦνται
1772 900 1914 955 κατὰ
1936 900 1999 953 τὸ

423 1001 751 1068 ἐνυπάρχειν
778 1014 791 1030 ο
817 997 987 1065 -λόγος
1028 997 1140 1068 γὰρ
1178 996 1273 1051 τοῦ
1324 994 1728 1066 συμϐεϐηκότος
1780 993 1897 1045 ἐστὶ
1938 991 1999 1044 τὸ

423 1092 772 1160 ἐνυπάρχειν,
804 1089 880 1153 ὡς
911 1091 943 1152 ή
986 1088 1219 1157 ποσότης
1248 1089 1345 1142 καὶ
1379 1086 1640 1156 ποιότης*
1668 1083 1784 1139 ἀλλ’
1813 1084 1889 1146 ὡς
1920 1084 2000 1146 είς

421 1198 474 1231 τι
521 1177 628 1244 ἔξω
667 1175 919 1245 δηλοῦται
945 1192 961 1207 ο
992 1174 1183 1244 ὥσπερ
1223 1176 1258 1247 ﬂ
1288 1173 1569 1243 ἐπιστήμη
1606 1172 1801 1239 ἐφόσον
1849 1171 2000 1224 ἐστὶν

424 1268 667 1337 ἀναφορὰ
693 1267 831 1335 πρὸς
855 1265 917 1319 τὸ
944 1265 1261 1337 ἐπιστητὸν,
1287 1266 1384 1319 καὶ
1405 1266 1503 1336 οὐχ
1532 1266 1605 1328 ὡς
1624 1264 1758 1329 ἕξις,
1788 1262 1905 1318 ἀλλ’
1925 1263 2001 1325 ὡς

425 1358 675 1428 ἀναφορὰ
695 1358 1002 1427 θεωρεῖται,
1030 1357 1131 1410 οὐκ
1155 1355 1272 1410 ἐστι
1292 1356 1387 1409 τοῦ
1406 1355 1768 1425 ἐπισταμένου
1788 1354 1863 1419 ὡς
1887 1354 2001 1421 ἕξις

425 1452 807 1520 ἐνυπάρχουσα
823 1447 1088 1518 δηλονότι,
1112 1447 1250 1502 ἀλλά
1270 1447 1362 1518 τοῦ
1382 1446 1676 1515 ἐπιστητοῦ
1699 1463 1713 1479 ο
1741 1447 1874 1515 πρὸς
1892 1446 2001 1516 γὰρ

425 1542 486 1594 τό
511 1541 802 1611 ἐπιστητὸν
827 1544 1182 1611 ἀναφέρεται.
1213 1539 1378 1594 Ὅθεν
1401 1540 1499 1593 καὶ
1527 1540 1582 1593 αί
1609 1538 1883 1611 ἀναφοραὶ
1903 1538 2002 1607 οὐχ

425 1634 598 1697 οὕτως
629 1634 813 1704 ἔχουσι
843 1635 985 1688 κατὰ
1022 1634 1115 1687 τὸν
1144 1633 1342 1705 τρόπον
1375 1634 1475 1704 τῆς
1502 1632 1710 1699 οὐσίας,
1739 1630 1856 1685 ἀλλ’
1881 1630 2002 1685 ἔτερ

431 1743 525 1795 ρον
552 1726 754 1794 τρόπον
788 1726 1124 1797 κατηγορίας
1148 1725 1302 1796 παρά
1329 1724 1397 1778 τὰ
1421 1724 1697 1787 οὐσιωδῶς
1730 1723 2005 1792 λεγόμενα

429 1820 488 1871 ὲν
525 1816 602 1887 τῷ
632 1815 771 1886 Θεῷ.
816 1817 882 1870 Ἡ
916 1818 1018 1886 μὲν
1064 1816 1174 1887 γὰρ
1208 1815 1365 1869 οὐσία
1410 1816 1468 1869 οὐ
1507 1816 1726 1885 λέγεται
1763 1817 1900 1886 πρός
1928 1833 2006 1886 τι,

429 1908 555 1963 οὐδὲ
582 1925 636 1961 τι
667 1907 795 1963 ἄλλο
822 1905 987 1961 ταυτὺ
1005 1908 1070 1977 τῇ
1101 1907 1263 1978 οὐσίᾳ
1276 1907 1386 1961 τῶν
1411 1908 1606 1970 κοινῶς
1634 1909 1728 1962 καὶ
1747 1908 2015 1962 ἀπολελυ-

441 2001 613 2071 μένως
644 1999 953 2068 λεγομένων
973 2014 986 2029 ·
1031 1998 1066 2068 ἡ
1108 1997 1167 2052 δὲ
1196 1998 1475 2071 πατρότης
1509 1997 1601 2051 καὶ
1650 1998 1838 2070 υἱότης
1868 1999 2011 2052 κατά

436 2094 535 2164 τὴν
576 2092 686 2147 τῶν
717 2091 1068 2162 ἀναφορικῶν
1097 2084 1261 2160 φύσιν
1291 2093 1429 2165 πρὸς
1463 2093 1695 2165 ἀλλήλας
1733 2094 2008 2162 λέγονται.

437 2185 699 2256 Καθάπερ
729 2180 820 2239 οὖν
843 2187 876 2255 ἠ
904 2185 1066 2254 σοφία
1089 2185 1309 2239 ἐπειδὰν
1336 2186 1394 2239 ἐν
1439 2186 1518 2258 τῷ
1540 2187 1714 2257 Πατρὶ
1740 2187 2014 2258 θεωρῆται

433 2278 502 2347 τῇ
532 2276 668 2347 πρὸς
689 2275 788 2346 τὴν
816 2276 1007 2330 οὐσίαν
1037 2278 1291 2349 ἀναφορᾷ
1316 2295 1376 2330 τε
1413 2280 1509 2332 καὶ
1539 2278 1836 2350 ἀποὸλέψει
1859 2279 2012 2351 κοινή

436 2371 554 2422 ἔστι
585 2369 663 2439 τῷ
691 2368 807 2439 Υίῷ
825 2385 840 2399 ·
875 2373 975 2440 μία
1004 2369 1114 2439 γὰρ
1137 2369 1215 2439 τῷ
1232 2369 1452 2441 ἀριθμῷ
1485 2370 1646 2440 σοφία
1674 2372 1822 2425 ἐστὶν
1844 2373 1872 2426 ὁ
1900 2375 2011 2426 Πα-

436 2463 544 2531 τὴρ
571 2461 664 2514 καὶ
692 2464 720 2514 ό
747 2460 876 2523 Υἱός
895 2476 909 2491 ·
946 2461 1166 2515 ἐπειδὰν
1193 2461 1250 2515 δὲ
1277 2462 1352 2524 ὡς
1384 2462 1627 2531 γεννῶσα
1660 2465 1820 2532 σοφία
1852 2464 1881 2516 ό
1903 2464 2014 2517 Πα-

437 2553 542 2623 τὴρ
572 2553 794 2622 νοῆται,
832 2553 935 2607 οὐκ
969 2552 1116 2606 ἐστιν
1149 2555 1183 2623 ἠ
1219 2554 1360 2623 αὑτὴ
1396 2556 1460 2625 τῇ
1492 2557 1727 2626 γεννητῇ
1759 2556 1945 2628 σοφίᾳ,
1977 2556 2013 2626 ἦ

437 2648 600 2699 ἐστιν
624 2649 652 2698 ὁ
681 2645 807 2710 Υἱὸς
839 2648 981 2701 κατά
1005 2646 1066 2700 τὸ
1086 2648 1286 2715 γεννᾷν
1316 2646 1414 2701 καὶ
1447 2628 1743 2715 γεννᾶσθαι
1770 2647 2015 2718 δηλονότι

436 2738 524 2793 διὰ
557 2738 656 2809 τὴν
690 2738 827 2809 πρὸς
845 2737 1050 2807 ἄλληλα
1074 2738 1359 2812 ἀναφοράν
1377 2752 1393 2767 '
1426 2736 1572 2794 οὕτω
1595 2739 1660 2809 δὴ
1689 2738 1787 2793 καὶ
1813 2740 2017 2811 πατρός

436 2846 539 2901 της
561 2830 657 2883 καὶ
685 2830 868 2900 υίότης
894 2832 965 2901 τῇ
996 2830 1097 2900 μὲν
1141 2830 1276 2901 πρὸς
1311 2829 1408 2901 τὴν
1433 2830 1622 2884 οὐσίαν
1646 2832 1895 2904 ἀναφορᾷ
1923 2831 2017 2885 οὐ·

440 2918 532 2972 σία
565 2919 685 2973 ἐστὶ
714 2918 896 2973 καὶτὸ
921 2919 1077 2984 αὐτὸ,
1108 2921 1176 2991 τῇ
1213 2918 1271 2973 δι
1302 2920 1438 2992 πρὸς
1467 2920 1707 2990 ἀλλήλας
1744 2921 2018 2976 ἀντιθέσει

440 3011 577 3063 εἰσὶν
602 3009 975 3079 ἀντικείμενα,
1006 3010 1101 3063 καὶ
1125 3010 1237 3064 οὐδ’
1269 3012 1433 3082 ἑτέρα
1458 3012 1492 3081 ἡ
1510 3011 1697 3083 ἑτέρα.
1732 3013 1885 3066 Ἐπεὶ
1910 3014 2018 3085 γάρ

2099 533 2366 588 unitatem
2401 549 2415 588 :
2454 531 2559 586 nisi
2586 530 2830 587 crassius
2861 529 3182 598 accipiatur,
3206 527 3671 598 quemadmodum

2097 635 2382 697 ct-man_us
2401 634 2457 681 et
2481 624 2648 694 pedes
2675 623 2730 678 in
2761 623 2874 677 Deo
2906 621 3167 684 dicimus,
3202 631 3298 676 aut
3326 621 3371 676 si
3410 619 3676 675 diﬂ'ercu-

2101 720 2176 773 tia
2220 717 2608 774 consideretur
2660 717 3044 781 ratione,.non
3086 730 3186 770 re:
3236 716 3319 770 sic
3363 714 3529 769 etiam
3555 727 3681 783 qure

2102 817 2516 878 sunsequuntur
2554 806 2875 863 relationem
2921 806 3305 861 attribuuntur
3354 805 3679 860 substantiae

2100 895 2324 950 realiter
2354 904 2627 965 quatenus
2653 888 2739 949 est
2761 902 2818 948 et
2859 892 3071 956 relatio,
3096 903 3155 948 et
3185 904 3478 963 propterea
3507 893 3676 947 etiam

2101 987 2246 1057 quod
2279 987 2650 1058 distinguatur
2683 987 2925 1053 realiter,
2962 995 3019 1042 et
3057 996 3391 1056 opponatur,
3427 986 3681 1041 attribui-

2102 1088 2218 1132 tur‘
2242 1079 2366 1148 ipsi,
2400 1094 2511 1131 non
2552 1087 2734 1133 tamen
2786 1088 3061 1148 quatenus
3092 1091 3177 1135 est
3210 1080 3540 1143 substantia,
3581 1079 3677 1135 sed

2102 1183 2377 1239 quatenus
2423 1180 2507 1226 est
2556 1170 2773 1234 relatio,
2821 1186 2942 1240 qua!
2976 1172 3122 1226 enim
3163 1179 3294 1226 sunt
3344 1171 3411 1226 ad
3446 1171 3678 1242 aliquid.

2103 1262 2355 1332 quamvis
2410 1263 2556 1318 inter
2616 1262 2925 1318 accidentia
2972 1263 3513 1327 cuntineantur,sed
3566 1280 3681 1319 non

2104 1354 2488 1426 signiﬁcantur
2535 1353 2840 1410 secundum
2877 1354 3219 1409 incssistere.
3247 1352 3502 1417 Deﬁnitio
3531 1353 3678 1407 enim

2103 1448 2408 1503 accidentis
2457 1456 2543 1502 est
2581 1446 2933 1512 inexsisterc,
2965 1455 3024 1500 ut
3060 1445 3358 1515 quantitas,
3388 1455 3443 1500 et
3506 1446 3685 1515 quali-

2106 1550 2213 1603 tas,
2249 1538 2345 1594 sed
2390 1538 2585 1594 relatio
2637 1538 2984 1609 signiﬁcatur
3022 1553 3122 1609 per
3158 1538 3228 1594 ad
3274 1538 3422 1593 aliud
3471 1538 3683 1593 extrin-

2106 1645 2305 1696 secus;
2337 1630 2483 1686 sicut
2536 1628 2791 1693 scientia,
2831 1637 3104 1699 quatenus
3143 1636 3229 1684 est
3280 1627 3474 1683 relatio
3525 1628 3592 1682 ad
3627 1628 3681 1681 id

2107 1723 2254 1794 quod
2302 1723 2500 1786 scitur,
2522 1737 2703 1792 neque
2739 1729 2801 1776 ut
2835 1721 3082 1786 habitus,
3116 1719 3212 1776 sed
3239 1727 3300 1774 ut
3329 1720 3524 1775 relatio
3553 1734 3685 1773 cun-

2111 1820 2407 1884 sideratur,
2463 1835 2574 1875 non
2625 1826 2711 1879 est
2752 1818 2999 1879 scientia.
3054 1827 3115 1873 ut
3174 1818 3419 1885 habitus,
3473 1819 3688 1874 scilicet

2111 1911 2465 1975 inexsistens,
2502 1910 2597 1967 sed
2649 1911 2879 1968 scibilis.
2907 1912 2989 1967 Ad
3024 1911 3220 1967 acibile
3241 1911 3390 1966 enim
3426 1913 3684 1968 refertur.

2111 2002 2272 2060 Unde
2313 2012 2379 2059 et
2412 2003 2710 2059 relationes
2753 2018 2864 2059 non
2918 2005 2993 2060 ita
3044 2018 3105 2060 se
3138 2002 3345 2060 habent
3384 2005 3693 2060 secundum

2114 2095 2339 2151 modum
2375 2094 2720 2159 substantias,
2755 2094 2854 2150 sed
2888 2093 3195 2150 secundum
3242 2094 3411 2150 alium
3464 2093 3695 2150 modum

2112 2187 2558 2259 praedicamcntl,
2596 2194 2796 2255 praeter
2844 2200 2910 2241 ea
2960 2200 3084 2256 qua
3135 2184 3576 2242 substantialiter
3602 2184 3692 2239 di-

2114 2289 2321 2336 cuntur
2377 2280 2432 2335 in
2482 2280 2617 2334 Deo.
2668 2278 2988 2335 Substantia
3035 2278 3182 2334 enim
3228 2294 3341 2335 non
3388 2277 3596 2334 dicitur
3622 2277 3694 2332 ad

2115 2369 2356 2440 aliquid;
2388 2383 2573 2440 neque
2601 2368 2809 2438 aliquid
2833 2367 2980 2422 aliud
3014 2366 3421 2423 identificatum
3442 2366 3697 2423 substano

2116 2462 2207 2519 tia
2247 2478 2311 2518 ex
2358 2462 2428 2518 iis
2480 2476 2601 2532 quae
2645 2459 3017 2516 communiter
3047 2468 3101 2515 et
3125 2459 3378 2515 absolute
3406 2459 3694 2515 dicuntur.

2116 2554 2422 2611 Paternitas
2469 2563 2653 2609 autem
2702 2563 2869 2622 atque
2922 2551 3134 2615 ﬁliatio,
3162 2551 3473 2608 secundum
3526 2559 3690 2607 natu-

2119 2662 2234 2703 ram
2293 2646 2679 2709 relativorum,
2703 2642 2773 2699 ad
2818 2642 3055 2700 invicem
3078 2636 3385 2698 'dicuntur.
3418 2641 3697 2710 Quemad-

2118 2738 2342 2794 modum
2377 2737 2546 2807 igitur
2593 2735 2864 2806 sapientia
2895 2734 3119 2805 quando
3170 2734 3225 2790 iu
3256 2734 3420 2790 Patre
3448 2735 3704 2789 conside-

2118 2838 2295 2896 ratur,
2344 2831 2634 2893 relatione,
2676 2838 2840 2899 atque
2898 2836 3155 2898 respectu
3206 2826 3275 2883 ad
3310 2826 3704 2907 .‘aubstantiam

2118 2921 2429 2989 communis
2458 2929 2545 2978 est
2594 2921 2752 2985 Filio,
2775 2934 2882 2974 una
2922 2920 3070 2976 enim
3109 2933 3342 2974 numero
3370 2927 3459 2975 est
3477 2919 3703 2988 sapicn-
3800 2968 3817 2978 .

2120 3013 2197 3068 tia
2226 3013 2387 3067 Pater
2439 3010 2739 3095 ethFilius.
2774 3008 2909 3066 Cum
2955 3023 3088 3063 vero
3130 2998 3514 3064 consideratur
3541 3008 3704 3064 Pater

440 3105 557 3157 ἐστι
586 3105 643 3156 ὲν
664 3103 741 3172 τῷ
770 3102 890 3174 Θεῷ
919 3101 1101 3156 τελεία
1129 3104 1407 3174 πατρότης
1434 3105 1528 3159 καὶ
1557 3105 1761 3175 υίότης,
1797 3107 2018 3160 ἐπειδὰν

2123 3112 2178 3159 ιιι
2211 3103 2482 3174 sapientia
2535 3116 2824 3173 generatis,
2873 3114 2982 3154 non
3014 3106 3100 3155 est
3138 3099 3332 3155 eadem
3361 3115 3488 3155 cum
3519 3101 3705 3171 genita

441 3197 855 3268 ἁπολελυμένως
895 3199 954 3250 ὲν
979 3199 1046 3268 τῇ
1076 3196 1233 3268 οὐσίᾳ
1265 3196 1578 3267 θεωρῶνται
1599 3239 1615 3266 ,
1648 3201 1714 3270 τῇ
1748 3198 1848 3270 μὲν
1885 3200 2021 3271 πρὸς

440 3291 541 3360 τὴν
572 3289 764 3342 οὐσίαν
793 3289 1044 3359 ἀναφορᾷ
1071 3289 1178 3341 είσι
1214 3289 1272 3342 τὸ
1306 3289 1464 3354 αὐτὸ,
1502 3289 1694 3361 ὥσπερ
1727 3292 1823 3345 καὶ
1851 3291 2021 3346 τᾶλλα

442 3384 511 3435 τὰ
529 3382 950 3451 ἀπολελυμὲνως
980 3384 1047 3452 τῇ
1066 3380 1226 3452 οὐσίᾳ
1254 3381 1351 3434 τοῦ
1378 3381 1515 3437 Θεοῦ
1541 3383 1928 3455 ἀποδιδόμενα,
1954 3386 2020 3456 τῇ

442 3475 499 3528 δὲ
518 3475 650 3545 πρὸς
673 3473 909 3543 ἀλλήλας
935 3472 1207 3526 ἀντιθέσει
1231 3474 1373 3526 είσὶν
1394 3474 1752 3545 ἀντικείμενα
1786 3477 1927 3532 κατὰ
1954 3477 2027 3531 τὰ

445 3564 582 3633 πρός
609 3578 693 3615 τι·
721 3561 860 3614 ὥστε
888 3559 1030 3615 κατὰ
1050 3560 1147 3631 μὲν
1165 3560 1225 3612 τὸ
1241 3559 1339 3631 τὴν
1365 3563 1678 3633 πατρότητα
1701 3565 1759 3615 ὲν
1774 3565 1838 3632 τῇ
1865 3562 2026 3634 οὐσίᾳ

445 3651 790 3724 θεωρεῖσθαι,
827 3649 951 3703 ἐπεὶ
972 3649 1275 3717 τηνικαῦτα
1305 3650 1497 3715 ἁπλῶς
1526 3652 1601 3714 ὡς
1632 3652 1790 3705 οὐσία
1812 3652 2025 3722 λαμόἀο

445 3762 619 3807 νεῖαι.
641 3745 675 3812 ἡ
704 3741 979 3812 πατρότης
1008 3742 1066 3793 ἐν
1089 3739 1166 3809 τῷ
1196 3740 1307 3812 Υίῷ
1326 3742 1462 3805 ἐστι,
1491 3744 1586 3814 καὶ.
1606 3744 1641 3815 ἡ
1659 3744 1843 3816 υίότης
1867 3746 1926 3797 ἐν
1948 3741 2026 3816 τῷ

449 3837 624 3907 Πατρὶ
650 3834 791 3889 κατά
819 3832 889 3886 τά
922 3832 1079 3886 κοινά
1108 3848 1251 3902 φημι
1285 3833 1378 3886 καὶ
1408 3833 1815 3906 ἀπολελυμένα,
1835 3836 2026 3909 ὥσπερ

448 3933 513 4001 δὴ
528 3930 625 3984 καὶ
653 3927 754 4000 μία
781 3927 944 3996 σοφία
964 3926 1062 3979 καὶ
1084 3924 1241 3993 οὐσία
1271 3926 1368 3980 καὶ¹
1395 3925 1627 3997 δύναμις
1650 3931 1683 4000 ἡ
1717 3931 1856 4001 αὐτή
1877 3932 2028 3985 ἐστιν

448 4024 648 4094 ἀμφοῖν
667 4036 681 4052 ο
714 4022 857 4076 κατὰ
881 4018 939 4073 δὲ
969 4018 1029 4074 τδ
1058 4015 1133 4088 μὴ
1190 4019 1510 4088 θεωρεῖσθαι
1546 4021 1686 4074 κατά
1712 4022 1802 4074 τὸν
1829 4022 2030 4091 τρόπον

447 4116 547 4183 τῆς
579 4112 788 4179 οὐσίας,
827 4112 925 4168 καὶ
956 4113 1064 4167 τῶν
1093 4116 1150 4167 ὲν
1189 4115 1328 4185 αὐτῇ
1364 4111 1641 4175 οὐσιωδῶς
1676 4113 1989 4182 λεγομένων
2009 4155 2024 4177 ,

452 4206 571 4261 κατ’
593 4206 783 4261 οὐδένα
809 4207 1009 4276 τρόπον
1030 4208 1064 4276 ἡ
1099 4204 1379 4276 πατρότης
1407 4204 1558 4257 ἐστὶν
1590 4202 1800 4272 υίότης,
1828 4204 2029 4273 ἐφόσον

452 4300 590 4372 πρὸς
620 4299 854 4370 ἀλλήλας
880 4298 1275 4369 ἀντικειμένως
1303 4297 1552 4364 λέγονται
1586 4297 1727 4350 κατά
1754 4297 1846 4351 τὸν
1871 4296 2028 4367 λόγον

452 4394 544 4445 τοῦ
562 4392 696 4463 πρός
716 4408 803 4445 τι·
830 4390 954 4445 καθ’
982 4388 1042 4443 δν
1067 4391 1268 4460 τρόπον
1295 4391 1390 4445 καὶ
1416 4389 1450 4460 ἡ
1479 4387 1711 4459 γεννητὴ
1744 4388 1904 4459 σοφία
1925 4390 2027 4444 οὐκ

454 4460 669 4553 ἔστιν-ὴ
697 4481 1012 4554 γεννητικὴ,
1045 4482 1225 4535 καίτοι
1259 4481 1388 4550 μιᾶς
1425 4478 1594 4549 οὔσης
1634 4481 1858 4549 ἀμφοῖν,
1891 4482 2028 4550 μᾶλα
2060 4460 2105 4516 θ

452 4579 544 4631 λον
574 4578 630 4632 δὲ
660 4577 757 4647 μία
786 4576 974 4647 ἄμφω.
1008 4574 1080 4627 Οὐ
1112 4571 1293 4627 τοίνυν
1323 4573 1405 4626 ὃτι
1447 4572 1546 4641 μία
1579 4573 1739 4626 οὐσία
1767 4573 1886 4626 ἐστὶ
1920 4574 2030 4637 τοῖς

455 4668 654 4742 τρισὶν,
682 4668 783 4739 ήδη
815 4669 913 4723 καὶ
941 4669 977 4740 ἡ
1006 4663 1256 4737 ἀναφορὰ
1285 4662 1379 4732 τοῦ
1411 4664 1709 4737 προσώπου
1741 4665 1898 4736 κοινὴ
1920 4668 2034 4730 τοῖς

454 4762 602 4833 τρισὶ
629 4760 719 4814 διὰ
749 4759 848 4831 τὴν
868 4756 1142 4813 ἀντίθεσιν
1167 4757 1304 4825 πρὸς
1329 4755 1563 4828 ἀλλήλας
1586 4756 1696 4811 τῶν
1721 4756 2032 4827 ἀναφορῶν.

466 4855 531 4906 Ἢ
562 4854 700 4921 αὐτὴ
754 4851 865 4922 γὰρ
894 4851 1165 4920 ἀναφορὰ,
1188 4849 1265 4912 ὡς
1295 4849 1535 4919 εἴρηται,
1579 4848 1718 4902 κατὰ
1743 4848 1835 4904 τὸν
1878 4849 2036 4917 λόγον

454 4946 550 5001 τοῦ
579 4947 783 5000 οἰκείου
805 4947 995 5013 γένους
1014 4945 1208 5013 ἐφόσον
1239 4946 1388 4999 ἐστὶν
1409 4944 1679 5015 ἀναφορὰ,
1715 4946 1817 4999 οὐκ
1841 4944 1954 5014 ἔχει
1976 4946 2037 4999 τὸ

457 5036 599 5095 εἶναι
630 5040 689 5092 ὲν
721 5038 886 5108 ἄλλῳ,
920 5037 1060 5092 ἀλλὰ
1087 5037 1288 5108 μᾶλλον
1318 5037 1377 5090 τὸ
1401 5034 1543 5091 εἶναι
1588 5037 1719 5109 πρὸς
1759 5037 1910 5092 ἀλλο.
1947 5036 2038 5101 Ὠς

457 5136 565 5203 γὰρ
598 5131 858 5200 ἐλέγομεν
881 5131 945 5184 ὲκ
982 5129 1089 5182 τῶν
1116 5129 1212 5183 τοῦ
1242 5130 1400 5199 ἁγίου
1435 5128 1688 5201 Μαξίμου
1720 5129 2037 5199 παριστῶνο

458 5241 570 5287 τες,
599 5223 649 5276 εί
678 5222 777 5276 καλ
796 5220 855 5275 τὸ
880 5220 1011 5274 αὐτό
1030 5222 1146 5274 ἐστι
1176 5225 1409 5292 πρᾶγμα
1430 5223 1464 5292 ἡ
1491 5220 1684 5290 θεότης
1717 5220 1810 5274 καὶ
1836 5221 1869 5292 ἡ
1895 5219 2030 5273 ὑπό-

461 5333 672 5378 στασις,
715 5316 815 5369 οὐκ
846 5316 897 5367 εί
922 5314 957 5385 ἡ
994 5313 1186 5382 θεότης
1230 5315 1263 5386 ἡ
1296 5313 1456 5384 αὐτὴ,
1481 5314 1577 5367 καὶ
1601 5314 1635 5383 ἠ
1663 5311 1968 5373 ὑπόστασις
2004 5311 2037 5381 ἡ

462 5409 622 5478 αὐτή.
665 5407 731 5460 Ἡ
771 5406 880 5477 γὰρ
917 5405 1217 5469 ὐπόττασις
1262 5405 1355 5459 τοῦ
1391 5405 1605 5477 Πατρός
1634 5404 1786 5458 ’ἐστιν
1831 5403 1972 5474 αὐτὴ
2005 5404 2038 5475 ή

464 5496 677 5565 θεότης,
702 5496 848 5565 καὶὴ
878 5495 1036 5548 οὐσία
1059 5495 1150 5549 τοῦ
1177 5495 1328 5562 Υίοῠ,
1346 5494 1420 5559 ὡς
1440 5494 1734 5557 δέδεικται,
1758 5492 1892 5548 καθὸ
1911 5493 2044 5547 θεω-

468 5589 640 5656 ρεῖται
661 5588 719 5639 ὲν
743 5586 818 5657 τῷ
838 5587 1032 5658 Πατρὶ,
1054 5588 1151 5640 καὶ
1174 5590 1234 5640 οὐ
1256 5587 1392 5641 καθὸ
1417 5587 1705 5657 θεωρεῖται
1730 5587 1867 5658 πρὸς
1889 5585 2038 5639 ἄλλο.

479 5679 634 5732 Ἐπεὶ
661 5678 757 5730 καὶ⁷
786 5680 819 5748 ἡ
852 5681 948 5732 τοῦ
976 5678 1103 5732 Υίοῦ
1126 5679 1423 5742 ὑπόστασις
1468 5678 1661 5749 θεότης
1693 5677 1787 5730 τοῦ
1834 5678 2043 5746 Πατρός

471 5771 586 5824 ἐστι
624 5771 767 5826 κατά
806 5770 893 5826 τὸν
933 5771 1095 5827 αὐτὸν
1140 5771 1316 5841 λόγον,
1362 5772 1422 5825 οὐ
1475 5772 1580 5844 μὴν
1618 5773 1648 5840 ἡ
1688 5768 1779 5823 τοῦ
1835 5768 2041 5839 Harpe;

2124 3195 2413 3265 sapientia,
2439 3210 2561 3265 quae
2591 3202 2675 3249 est
2700 3192 3175 3259 Filius,nimirum
3203 3192 3506 3248 saeundum
3537 3208 3705 3263 gene-

2125 3299 2267 3348 rare,
2302 3293 2363 3340 et
2421 3283 2673 3351 generari
2712 3290 2935 3352 propter
2962 3281 3287 3335 relationem
3318 3280 3385 3336 ad
3417 3281 3654 3339 invicem
3685 3301 3703 3338 :

2125 3368 2202 3434 ita
2232 3391 2363 3432 sane
2389 3384 2446 3432 et
2492 3374 2819 3447 paternitas,
2865 3382 3031 3443 atque
3068 3373 3256 3428 tiliatio
3295 3374 3563 3429 relatione
3585 3375 3708 3444 qui-

2125 3471 2248 3526 dem
2280 3469 2348 3524 ad
2391 3468 2782 3532 substantiam,
2836 3465 3147 3521 substantia
3184 3474 3269 3522 est
3329 3477 3495 3536 atque
3534 3466 3703 3530 idem,

2125 3559 2473 3633 oppositione
2530 3574 2662 3614 vero
2711 3559 2779 3614 ad
2831 3558 3072 3614 invicem
3117 3568 3246 3614 sunt
3297 3559 3606 3630 oppositae,
3649 3568 3709 3613 et

2127 3662 2323 3710 neutra
2370 3661 2459 3708 est
2538 3652 2732 3707 altera.
2783 3650 3059 3719 Quoniam
3125 3651 3274 3708 enim
3328 3652 3384 3707 in
3431 3652 3543 3708 Deo
3583 3667 3711 3722 pcr-

2127 3748 2268 3807 l‘ecta
2315 3754 2404 3802 est
2455 3745 2781 3816 paternitas,
2822 3754 2881 3801 et
2934 3743 3161 3821 liliatio,
3199 3759 3325 3801 cum
3367 3745 3618 3802 absolute
3650 3746 3705 3800 in

2127 3836 2434 3894 substantia
2494 3835 2951 3900 considerantur,
3005 3835 3275 3892 relatione
3347 3836 3574 3907 quidem
3637 3837 3705 3891 ad
3794 3902 3811 3909 _

2127 3930 2494 3987 substantiam
2525 3936 2656 3985 sunt
2714 3929 2883 3994 idem,
2910 3928 3052 3984 sicut
3081 3936 3138 3984 et
3173 3938 3370 3984 caetera
3401 3944 3524 3999 quae
3552 3929 3711 3984 abso-

2127 4024 2243 4081 lutc
2272 4022 2593 4079 substantiae
2621 4020 2719 4078 Dei
2766 4021 3169 4093 attribuuntur,
3202 4021 3552 4092 oppositione
3578 4037 3709 4077 vero

2129 4117 2198 4172 ad
2228 4117 2466 4172 invicem
2501 4122 2633 4172 sunt
2678 4115 2969 4193 oppositae,
3017 4114 3324 4170 secundum
3372 4130 3436 4170 ea
3485 4131 3609 4186 qure
3639 4117 3709 4171 ad

2129 4203 2340 4275 aliquid
2384 4205 2669 4261 dicuntur.
2701 4202 2858 4261 Adeo
2918 4214 2980 4261 ut
3012 4205 3321 4260 secundum
3372 4206 3528 4272 illud,
3562 4207 3707 4276 quod

2127 4297 2430 4368 paternitas
2504 4296 2561 4352 in
2614 4295 2919 4379 substantia
2974 4295 3390 4364 consideratur,
3447 4299 3709 4368 quoniam

2132 4398 2265 4446 tunc
2291 4388 2618 4459 simpliciter
2667 4398 2730 4443 ut
2768 4388 3073 4445 substantia
3120 4390 3376 4456 sumitur,
3407 4392 3710 4461 pater-nitas

2133 4491 2219 4539 est
2259 4481 2316 4538 in
2362 4481 2526 4548 Filio,
2554 4490 2611 4537 et
2664 4480 2855 4538 liliatio
2894 4481 2953 4536 in
3000 4481 3190 4549 Patre,
3244 4486 3572 4549 secundum,
3622 4484 3710 4539 in-

2131 4589 2320 4643 quam,
2361 4574 2681 4631 communia
2723 4582 2781 4630 et
2819 4575 3096 4630 absoluta.
3128 4578 3284 4632 Sicut
3319 4577 3486 4632 etiam
3515 4587 3573 4632 et
3603 4594 3711 4634 uua

2133 4666 2428 4737 sapientia,
2457 4675 2515 4722 et
2556 4668 2890 4732 substantia,
2922 4676 3089 4737 atque
3128 4668 3372 4737 potentia
3399 4669 3591 4724 cadem
3627 4681 3714 4727 est

2136 4757 2193 4813 in
2242 4758 2539 4815 ambobus.
2562 4757 2699 4814 Cum
2733 4773 2866 4814 vero
2896 4759 3322 4816 considerantur
3370 4776 3481 4817 non
3513 4778 3714 4819 secun-

2139 4849 2274 4906 dum
2331 4851 2554 4906 modum
2610 4850 2954 4918 substantiae,
3011 4860 3068 4905 et
3118 4867 3310 4908 eorum
3360 4868 3484 4924 qua:
3511 4856 3568 4910 in
3599 4856 3717 4927 ipsa

2136 4942 2572 4999 substantialiter
2612 4941 2909 5007 dicuntur,
2961 4943 3114 4999 nullo
3174 4945 3342 5001 modo
3402 4950 3717 5018 paternitas

2136 5043 2222 5091 est
2251 5034 2464 5100 llliatio,
2503 5043 2778 5104 quatenus
2818 5034 2887 5089 ad
2920 5034 3154 5091 invicem
3182 5039 3432 5109 opposite
3455 5041 3721 5096 dicuntur
3774 5099 3785 5118 ,

2139 5126 2441 5182 secundum
2473 5125 2743 5181 rationem
2774 5125 2935 5196 ‘ejus,
2966 5126 3112 5196 quod
3163 5138 3249 5184 est
3280 5129 3349 5184 ad
3378 5131 3623 5201 aliquid;
3653 5135 3722 5189 ad

2138 5233 2301 5289 quem
2328 5216 2549 5272 modum
2582 5218 2748 5273 etiam
2778 5225 3036 5304 generata
3073 5219 3344 5289 sapientia
3372 5237 3483 5277 non
3517 5233 3719 5294 eslge-

2142 5311 2411 5377 nerativa,
2446 5312 2701 5380 quamvis
2741 5326 2846 5369 una
2875 5313 2946 5368 sit
2970 5314 3263 5369 amborum
3291 5315 3583 5383 sapientia,
3614 5319 3723 5372 imo

2142 5417 2275 5457 vero
2310 5418 2420 5459 una
2453 5405 2567 5460 sint
2610 5406 2788 5460 ambo.
2830 5406 2949 5462 Non
2995 5406 3163 5479 igitur
3185 5409 3312 5480 quia
3346 5425 3452 5464 una
3479 5418 3564 5466 est
3592 5410 3725 5466 sub:

2144 5495 2346 5550 stantia
2398 5496 2593 5556 tribus.
2646 5496 2911 5551 continuo
2943 5506 2998 5553 et
3049 5499 3245 5554 relatio
3288 5514 3537 5570 persona:
3567 5515 3723 5556 cotu-

2146 5589 2330 5644 munis
2361 5596 2445 5641 est
2474 5588 2650 5642 tritus
2696 5599 2919 5659 prOptcr
2950 5589 3352 5660 appositionem
3387 5592 3453 5645 ad
3486 5592 3721 5646 invii-ein

2150 5676 2528 5731 relativurnm.
2576 5676 2778 5732 Eadem
2828 5680 2977 5733 enim
3031 5679 3247 5745 relatio,
3284 5689 3344 5733 ut
3373 5680 3586 5735 dictum
3611 5693 3718 5742 est,

2150 5767 2453 5823 secundum
2503 5771 2769 5823 rationem
2819 5770 3024 5840 proprii
3067 5775 3302 5838 gem-ris,
3327 5781 3600 5841 quatenus
3632 5789 3720 5828 re-
