4036 6466
399 314 504 379 883

1680 330 1830 387 DEM
1849 330 2063 388 E'Flill
2111 332 2425 391 CYDONII

3557 338 3652 402 88i

401 428 535 482 latio
587 435 687 492 est,
723 442 829 480 non
887 426 1052 483 habet
1086 444 1206 484 esse
1245 432 1296 484 in
1333 432 1459 496 alio,
1492 436 1586 488 scd
1641 440 1811 505 magis
1857 454 1976 492 csse

2096 441 2379 504 ὅπὸστχσις
2436 444 2523 497 διὰ
2569 444 2668 514 τὴν
2704 445 2838 516 πρὸς
2875 445 3112 516 ἀλλήλας
3162 445 3453 504 ἀντίθεσιν.
3493 451 3655 505 Τοῦτο

403 519 695 580 alaliutl,
759 529 821 572 ut
874 522 1022 574 enim
1079 522 1399 579 dicebamus
1459 541 1523 580 ex
1572 528 1756 582 verbis
1803 531 1980 585 sancti

402 608 619 662 Maximi
657 608 956 678 probantes
987 619 1043 665 et
1083 613 1126 666 si
1175 619 1368 667 eadem
1404 631 1492 669 res
1535 626 1621 671 est
1657 617 1859 683 Deitas,
1897 631 1983 673 at-

403 717 510 769 que
566 701 899 770 hypostasis,
945 718 1052 757 non
1109 713 1288 758 tamen
1342 707 1384 761 si
1425 707 1607 762 Deitas
1657 709 1849 763 eadem
1901 720 1986 764 est

405 792 609 860 (Patris
638 799 694 845 et
726 791 896 858 Filii),
925 793 1115 847 eadem
1143 805 1227 849 cst
1257 805 1312 848 et
1349 796 1675 865 hypostasis.
1713 797 1985 869 Hypostao

405 883 482 935 sis
518 884 665 937 cnim
697 883 879 940 Patris
901 895 985 941 est
1012 886 1128 954 ipsa
1173 885 1375 950 Deitas,
1407 899 1462 941 et
1498 889 1804 944 substantia
1839 890 1983 953 Filii,

405 985 465 1029 ut
493 986 776 1033 ostensum
805 987 912 1045 est,
942 988 1215 1047 quatenus
1245 981 1634 1034 consideratur
1687 983 1740 1036 in
1798 984 1983 1048 Patre,

405 1083 510 1122 non
552 1077 733 1123 autem
773 1080 1042 1140 quatenus
1095 1071 1476 1126 consideratur
1525 1073 1591 1128 ad
1633 1075 1803 1131 aliud.
1833 1077 1984 1142 Quo-

406 1161 552 1214 niam
583 1163 746 1216 etiam
806 1163 1113 1233 hypostasis
1171 1163 1315 1227 Filii,
1346 1165 1526 1221 Patris
1576 1165 1760 1222 Deitas
1785 1177 1868 1222 est
1903 1183 1987 1223 se-

405 1253 644 1305 cundum
702 1254 949 1308 eamdem
1005 1256 1329 1308 rationem:
1393 1273 1499 1310 non
1568 1267 1747 1314 tamen
1808 1261 1987 1316 Patris

408 1341 712 1410 11)·ιιοδιέιεὶε
765 1357 991 1414 propter
1020 1347 1426 1415 oppositiouem
1469 1349 1533 1403 ad
1578 1351 1851 1418 invicem;
1885 1353 1987 1408 hoc

403 1434 549 1487 enim
604 1435 981 1505 blasphcmum
1036 1448 1142 1502 est,
1171 1451 1336 1510 atque
1389 1442 1714 1498 Sabelli-auis
1762 1446 1987 1514 projici-

405 1543 548 1580 mus.
610 1528 781 1598 igitur
833 1531 1001 1586 etiam
1057 1535 1362 1602 paternitas
1409 1550 1531 1589 cum
1590 1535 1645 1591 in
1681 1537 1986 1594 substantia

405 1621 810 1680 consideratur.
843 1625 1035 1679 eadem
1079 1635 1165 1680 est
1196 1643 1321 1682 cum
1374 1630 1679 1685 substantia
1713 1633 1893 1687 Patris
1932 1644 1988 1688 et

404 1711 558 1774 Filii;
589 1729 713 1767 cum
745 1730 875 1769 vero
902 1716 1047 1770 Patri
1073 1719 1395 1774 attribuitur
1420 1723 1722 1777 secundum
1759 1725 1979 1780 modum

406 1805 710 1871 relationis,
774 1824 881 1862 non
927 1819 1014 1863 est
1066 1812 1120 1864 in
1161 1811 1316 1867 Filio.
1373 1814 1576 1869 Eadem
1620 1818 1766 1872 enim
1812 1829 1896 1874 est
1927 1830 1987 1874 ut

406 1896 713 1952 substantia
770 1898 825 1952 in
873 1899 1012 1954 Filio
1059 1912 1225 1971 atque
1256 1906 1308 1957 in
1343 1905 1525 1971 Patre,
1557 1909 1652 1963 sed
1679 1911 1872 1965 eadem
1899 1922 1988 1966 est

410 1989 460 2038 iu
497 1988 632 2043 Filio
660 1990 908 2058 quidem,
936 2001 998 2046 ut
1046 1996 1338 2065 accipienti
1387 1999 1457 2054 ab
1482 2001 1612 2064 alio,
1639 2012 1696 2056 et
1725 2014 1984 2072 tanquam

408 2079 481 2132 sit
507 2095 575 2134 ex
607 2082 738 2146 alio,
767 2081 983 2140 scilicet
1015 2084 1192 2152 Patre,
1227 2089 1279 2142 in
1319 2090 1479 2146 Patre
1509 2103 1693 2148 autem
1719 2105 1780 2148 ut
1801 2096 1985 2160 alteri,

410 2171 514 2226 hoc
540 2181 622 2227 est
655 2174 795 2230 Filio
823 2191 944 2232 eam
985 2181 1449 2246 communicante,
1479 2193 1534 2238 et
1573 2199 1603 2239 a
1638 2201 1748 2254 quo
1775 2187 1988 2243 scilicet

409 2265 516 2318 alia
547 2281 820 2334 persona;
848 2278 905 2324 et
933 2269 1009 2325 ibi
1054 2272 1273 2342 quidem
1307 2275 1363 2330 in
1396 2275 1533 2331 Filio
1561 2277 1753 2332 eadem
1783 2279 1985 2350 genita,

411 2358 502 2415 hic
541 2368 722 2416 autem
769 2365 1085 2434 generatim
1132 2367 1186 2421 in
1241 2369 1418 2424 Patre.
1459 2369 1645 2439 Itaque
1689 2373 1881 2426 eadem
1932 2382 1989 2428 et

412 2466 518 2504 una
549 2453 731 2520 genita
755 2453 981 2523 quidem
1012 2457 1111 2516 sic.
1147 2460 1463 2526 generativa
1495 2476 1630 2515 vero
1661 2452 1821 2515 aliter
1853 2479 1987 2517 con-

410 2541 649 2598 siderata
681 2545 988 2599 secundum
1042 2549 1447 2618 Oppositionem
1483 2551 1550 2604 ad
1585 2553 1818 2608 invicem
1847 2554 1987 2608 rela-

412 2633 648 2710 tionum,
675 2649 772 2690 seu
802 2636 1192 2708 hypostaseon,
1223 2656 1318 2695 seu
1348 2655 1728 2711 personarum,
1758 2653 1814 2697 ut
1843 2659 1988 2714 saepe

410 2723 620 2780 dictum
649 2734 754 2782 est.
797 2727 1040 2795 Quarum
1088 2731 1412 2786 relationum
1448 2743 1641 2788 natura
1670 2745 1776 2798 est,
1810 2749 1984 2804 oppo-

411 2819 517 2873 site
553 2819 620 2874 ad
653 2822 886 2876 invicem
943 2824 1076 2888 dici,
1108 2833 1168 2880 et
1214 2833 1466 2880 neutram
1515 2841 1658 2891 esse,
1686 2827 1866 2896 qualis
1903 2835 1989 2883 est

412 2913 599 2968 altera.
636 2915 704 2969 Et
732 2916 856 2971 ideo
886 2932 1067 2987 neque
1111 2917 1414 2988 paternitas
1445 2929 1530 2974 est
1565 2919 1779 2986 filiatio,
1805 2934 1988 2989 neque

411 3002 606 3058 ﬂliatio
629 3014 712 3061 est
743 3006 1064 3076 paternitas,
1109 3023 1173 3063 ac
1208 3008 1325 3064 ﬁeri
1365 3025 1475 3064 non
1506 3019 1705 3088 potest,
1748 3021 1809 3066 ut
1840 3011 1988 3066 dica-

415 3102 509 3195 tur
538 3094 744 3195 habere
790 3097 1001 3166 aliquid
1053 3099 1236 3195 Pater,
1263 3099 1408 3168 quod
1433 3115 1542 3155 non
1569 3101 1762 3156 habeat
1794 3103 1986 3166 Filius,
2019 3134 2063 3195 ο

412 3186 498 3242 vel
528 3186 719 3262 Filius,
747 3190 894 3259 quod
947 3204 1061 3245 non
1113 3190 1312 3248 habeat
1374 3192 1556 3249 Pater.
1601 3195 1804 3250 Eadem
1837 3197 1988 3251 enim

413 3289 579 3350 atque
613 3298 718 3337 una
750 3299 840 3339 res
869 3284 1174 3340 secundum
1221 3302 1390 3342 unum
1441 3299 1753 3358 respectum
1790 3304 1992 3344 conve-

416 3373 497 3427 nit
525 3374 684 3440 Filio,
730 3377 1034 3432 secundum
1082 3387 1264 3432 autem
1303 3379 1471 3433 alium
1502 3381 1765 3436 convenit
1817 3379 1988 3435 Patri.

413 3464 572 3521 Unde
626 3480 807 3534 neque
873 3467 1013 3523 Filio
1079 3484 1344 3539 generare
1418 3471 1827 3527 attribuendum
1885 3481 1992 3538 est,

415 3557 864 3626 quandoquidem
920 3558 973 3614 id
1016 3570 1216 3628 praeter
1245 3561 1517 3617 rationem
1565 3563 1848 3618 relationis
1883 3572 1991 3627 est,

417 3663 580 3715 quam
631 3649 797 3704 habet
836 3648 903 3705 ad
937 3660 1314 3722 generantem.
1343 3654 1657 3711 Secundum
1710 3669 1875 3726 quam
1906 3671 1995 3710 sa-

421 3740 626 3806 pientia
667 3743 873 3812 genita,
904 3747 1170 3815 potentia,
1200 3747 1309 3802 vita
1336 3764 1404 3802 ex
1435 3748 1544 3803 vita
1571 3748 1841 3818 quidquid
1869 3757 1994 3802 tan-

419 3829 544 3884 dem
622 3832 939 3904 huiusmodi
1004 3838 1173 3895 Filius
1233 3841 1469 3906 dicitur;
1551 3842 1756 3911 quippe
1810 3843 1994 3898 omnia

2091 533 2200 600 γὰρ
2232 533 2556 604 βλάσφημον
2605 537 2701 589 καὶ
2739 539 2850 600 τοῖς
2893 537 3300 602 σαὸελλίζουσιν
3333 539 3656 612 ἀπορῤίπτο-

2091 643 2215 694 μεν.
2252 629 2363 680 Καὶ
2392 629 2422 696 ἡ
2471 631 2749 699 πατρὸτης
2778 625 2871 683 οὖν
2905 629 3125 682 ἐπειδὰν
3159 631 3216 682 έν
3244 631 3311 698 τῇ
3343 630 3502 702 οὐσίᾳ
3529 631 3654 685 θεω-

2089 719 2274 786 ρῆται,
2307 721 2338 790 ἠ
2379 720 2514 786 αὐτή
2562 721 2678 774 ἐστι
2726 724 2793 791 τῇ
2824 720 2918 774 τοῦ
2957 721 3172 791 Πατρδς
3197 721 3359 792 οὐσίᾳ
3383 724 3478 776 καὶ
3510 724 3653 779 Υἱοῦ.

2101 810 2355 864 Ἐπειδὰν
2382 812 2438 864 δὲ
2462 811 2539 882 τῷ
2570 812 2747 884 "arpi.
2772 813 3100 866 ἀποδιδῶται
3125 814 3266 876 κατά
3293 814 3384 868 τὸν
3409 815 3504 883 τῆς
3539 818 3658 868 ἁνα-

2091 905 2265 972 φορᾶς
2307 904 2530 974 τρόπον.
2567 905 2665 957 οὐκ
2719 905 2870 958 ἔστιν
2911 907 2968 958 ἐν
2997 903 3074 975 τῷ
3108 904 3243 976 Υἱῷ.
3285 905 3351 960 Ἦ
3389 906 3526 974 αὑτὴ
3567 907 3658 976 μὲν

2094 996 2204 1063 γὰρ
2235 995 2310 1058 ὡς
2345 994 2504 1048 οὐσία
2536 997 2594 1050 έν
2631 995 2706 1065 τῷ
2749 995 2864 1066 Υίῷ
2893 997 2988 1049 καὶ
3035 1000 3096 1048 ὲν
3128 995 3206 1065 τῷ
3240 996 3437 1066 Πατρὶ,
3477 997 3588 1051 ἀλλ’
3624 1001 3654 1067 ή

2089 1089 2226 1158 αὑτὴ
2251 1090 2308 1141 ἐν
2335 1089 2434 1158 μὲν
2456 1088 2531 1158 τῷ
2554 1087 2668 1158 Υίῷ
2691 1089 2766 1150 ὡς
2791 1088 2886 1141 ἀπ’
2909 1088 3072 1141 ἄλλου
3102 1087 3457 1158 λαμϐάνοντι,
3476 1091 3568 1142 καὶ
3590 1090 3656 1150 ὡς

2090 1179 2148 1244 ἐξ
2180 1179 2341 1232 ἄλλου
2372 1174 2508 1233 οὖσα
2537 1179 2736 1248 δηλαδὴ
2776 1177 2870 1232 τοῦ
2909 1181 3146 1250 Πατρδς,
3183 1181 3240 1231 ὲν
3274 1181 3331 1233 δὲ
3364 1179 3442 1250 τῷ
3471 1181 3656 1251 Πατρὶ,

2088 1271 2163 1335 ὡς
2194 1270 2337 1341 ἄλλῳ
2372 1273 2487 1342 ήτοι
2515 1271 2592 1342 τῷ
2622 1272 2736 1341 Υίῷ
2763 1271 2979 1332 διδόντι,
3020 1271 3114 1323 καὶ
3135 1271 3229 1340 ἀφ’
3253 1265 3316 1325 οὗ
3351 1271 3478 1327 ἄλλο
3509 1274 3662 1340 πρόσ-

2090 1381 2242 1417 ωπον
2269 1363 2513 1435 δηλονότι
2541 1379 2555 1393 ⁶
2587 1362 2680 1416 καὶ
2718 1364 2834 1416 ἐκεῖ
2865 1363 2965 1433 μὲν
3004 1365 3036 1432 ἡ
3070 1363 3208 1431 αὐτὴ
3236 1363 3474 1432 γεννήτὴ
3505 1366 3561 1416 ἐν
3591 1365 3660 1432 τῷ

2092 1455 2228 1525 Υίῷ,
2273 1455 2508 1510 ἐνταῦθα
2555 1455 2610 1508 δὲ
2645 1453 2938 1524 γεννητικὴ
2988 1455 3044 1507 ὲν
3074 1454 3153 1522 τῷ
3185 1453 3383 1526 Πατρί.
3431 1456 3589 1509 Ὥστε
3632 1458 3661 1525 ἡ

2090 1549 2228 1620 αὑτὴ
2265 1548 2358 1601 καὶ
2390 1547 2485 1616 μία
2514 1546 2748 1617 γεννητὴ
2787 1546 2885 1616 μὲν
2930 1545 3124 1612 οὕτως,
3159 1545 3454 1618 γεννητικὴ
3480 1547 3535 1600 δὲ
3558 1549 3662 1602 ἐτέ-

2093 1658 2202 1711 ρως
2245 1636 2594 1711 θεωρουμένη
2632 1638 2773 1693 κατά
2808 1639 2904 1710 τὴν
2937 1638 3073 1710 πρὸς
3116 1638 3354 1708 ἀλλήλας
3401 1641 3665 1694 ἀντίθεσιν

2089 1734 2197 1788 τῶν
2225 1733 2532 1802 ἀναφορῶν,
2561 1731 2592 1799 ἦ
2619 1731 2992 1794 ὑποστάσεων,
3015 1729 3047 1799 ἢ
3079 1729 3410 1797 προσώπων,
3433 1729 3503 1793 ὡς
3527 1731 3669 1800 dpu-

2089 1842 2181 1878 ται
2212 1823 2493 1886 πολλάκις.
2526 1814 2627 1874 ’Ὧν
2656 1819 2946 1890 ἀναφορῶν
2977 1820 3010 1889 ή
3046 1817 3207 1886 φύσις
3236 1817 3298 1870 1:6
3335 1819 3474 1887 πρδς
3504 1818 3664 1886 ἀλλή-

2091 1918 2188 1979 λας
2239 1915 2634 1981 ἀντικειμένως
2679 1912 2958 1981 λέγεσθαι,
2995 1911 3090 1964 καὶ
3139 1911 3262 1980 μηδ’
3300 1911 3492 1978 ἑτέραν
3537 1908 3662 1962 εἶναι

2089 2008 2207 2062 οἵαν
2257 2005 2633 2076 θατέρανῇδιὸ
2665 2002 2788 2058 οὔτε
2819 2005 2855 2076 ἡ
2891 2002 3169 2075 πατρὸτης
3217 2003 3430 2073 υἱότης,
3477 2001 3595 2055 οὔτε
3632 2003 3662 2070 ή

2091 2102 2274 2167 υίότης
2301 2074 2595 2168 ttat—96:16:.
2631 2096 2742 2152 Καὶ
2769 2074 2868 2166 οὐχ
2901 2074 3014 2148 οἷόν
3043 2113 3099 2148 τε
3131 2095 3316 2162 λέγειν
3334 2095 3481 2165 ἔχειν
3501 2113 3554 2148 τι
3580 2095 3664 2146 τὸν

2093 2192 2328 2260 Πατέρα,
2362 2192 2390 2244 6
2426 2192 2499 2260 μὴ
2534 2191 2646 2260 ἔχει
2683 2190 2709 2242 6
2733 2189 2880 2250 Υἱὸς,
2911 2188 2945 2257 ἢ
2976 2187 3067 2240 τὸν
3094 2188 3222 2240 Υίδν
3256 2188 3402 2258 ἔχειν
3431 2207 3506 2250 τι,
3533 2187 3558 2238 ὃ
3591 2189 3658 2253 μὴ

2088 2281 2204 2352 ἔχει
2241 2280 2268 2330 6
2302 2281 2516 2351 Πατήρ.
2548 2279 2622 2332 T6
2661 2277 2772 2347 γᾶρ
2803 2277 2936 2330 αὐτὸ
2969 2277 3062 2330 καὶ
3093 2277 3151 2330 ἓν
3183 2277 3329 2331 κατὰ
3365 2278 3494 2346 μίαν
3536 2277 3664 2330 ἀπό-

2091 2374 2280 2442 ϐλεψιν
2313 2376 2581 2442 προσήκει
2628 2370 2708 2442 τῷ
2741 2371 2875 2440 Υἱῷ,
2906 2369 3031 2423 καθ’
3065 2370 3261 2440 ἑτέραν
3293 2371 3349 2424 δὲ
3376 2372 3452 2441 τῷ
3481 2371 3662 2438 Πατρί.

2093 2465 2258 2518 Ὅθεν
2289 2464 2410 2517 οὐδὲ
2429 2462 2506 2532 τῷ
2529 2461 2644 2532 Υίῷ
2666 2461 2726 2514 τὺ
2748 2461 2943 2531 γεννᾷν
2972 2461 3264 2514 ἀποδοτέον
3284 2477 3299 2492 ·
3325 2462 3512 2530 ἐπειδὴ
3531 2459 3666 2513 τοῦτ’
3743 2521 3754 2538 ο

2091 2559 2210 2611 ἐστὶ
2234 2557 2386 2628 παρὰ
2417 2555 2510 2608 τὸν
2531 2554 2631 2622 τῆς
2658 2554 2940 2624 ἀναφορᾶς
2973 2552 3152 2620 λόγον,
3184 2555 3250 2622 ἢν
3279 2552 3392 2621 ἔχει
3425 2553 3561 2622 πρὸς
3583 2552 3665 2604 τὸν

2093 2649 2399 2713 γεννῶντα’
2434 2647 2559 2700 καθ’
2590 2648 2656 2715 ἣν
2683 2644 2917 2716 γεννήτὴ
2963 2643 3147 2712 σοφία,
3175 2642 3434 2713 δύναμις,
3461 2641 3572 2710 ζωὴ
3607 2643 3664 2692 ἐκ

2093 2741 2258 2810 ζωῆς,
2286 2740 2315 2793 ὅ
2341 2738 2395 2790 τί
2426 2755 2557 2790 ποτε
2587 2735 2829 2790 τοιοῦτον
2857 2737 2885 2787 6
2920 2735 3050 2798 Υίὺς
3078 2733 3327 2801 λέγεται.
3368 2731 3535 2785 Κοινὰ
3563 2730 3664 2798 γὰρ

2092 2833 2292 2898 πάντα,
2317 2832 2450 2884 ὅπου
2477 2829 2553 2900 μὴ
2579 2829 2881 2883 ἀντίκειται
2898 2829 2931 2898 ἡ
2946 2830 3045 2895 τῆς
3065 2827 3352 2896 ἀναφορᾶς
3373 2825 3661 2884 ἀντίθεσις’

2091 2924 2228 2979 καθὸ
2261 2924 2324 2994 δὴ
2353 2922 2416 2976 οὐ
2445 2923 2692 2976 κοινωνεῖ
2719 2923 2753 2992 ἡ
2785 2922 3063 2989 πατρότης
3095 2921 3162 2989 τῇ
3193 2919 3406 2988 υίότητι
3449 2916 3537 2972 διὰ
3569 2917 3662 2983 τὴν

2093 3016 2392 3088 ἀναφορὰν,
2417 3014 2595 3069 καίτοι
2616 3013 2716 3084 τῆς
2733 3012 3072 3082 πλτρότητος
3097 3011 3190 3064 καὶ
3215 3011 3468 3080 υίὸτητος
3488 3007 3664 3068 οὐσίας

2093 3112 2260 3180 οὔσης
2289 3114 2354 3182 τῇ
2379 3109 2515 3180 πρὸς
2541 3107 2642 3175 τὴν
2665 3109 2856 3162 οὐσίαν
2887 3103 3205 3173 ἀποϐλέψει,
3232 3105 3331 3157 καὶ
3354 3103 3415 3156 οὐ
3443 3105 3509 3172 τῇ
3538 3100 3664 3170 πρὸς

2096 3204 2356 3273 ἀλλήλας,
2377 3204 2453 3264 ὡς
2474 3201 2709 3273 είρηται.
2757 3199 2912 3251 Ἐπεὶ
2940 3197 3032 3252 οὖν
3059 3201 3093 3268 ἡ
3125 3197 3408 3269 πατρότης
3438 3196 3530 3249 καὶ
3561 3193 3663 3246 uid-

2093 3313 2194 3363 της
2227 3296 2477 3363 ἐλέγοντο
2510 3290 2650 3346 εἶναι
2681 3291 2838 3344 οὐσία
2865 3292 2931 3361 τῇ
2971 3289 3108 3360 πρὸς
3141 3290 3319 3360 αὐτὴν
3357 3289 3664 3368 ἀποϐλέψει,

2096 3386 2193 3440 καὶ
2221 3386 2355 3457 πρὸς
2374 3383 2611 3453 ἀλλήλας
2635 3382 2745 3453 ἄρα
2767 3382 2829 3435 τὸ
2862 3381 2992 3435 αὑτό
3010 3399 3024 3412 ·
3053 3381 3177 3434 ἐπεὶ
3210 3382 3312 3451 μία
3331 3382 3487 3436 οὐσία
3509 3378 3664 3450 χωρὶς

2095 3479 2194 3548 τῆς
2215 3476 2560 3546 ἀντιφάσεως
2590 3475 2686 3543 τῆς
2715 3474 3155 3545 ὲνθεωρουμένης
3186 3477 3253 3544 τῇ
3285 3475 3422 3546 πρὸς
3445 3473 3665 3542 ἀλλήλας

2097 3569 2370 3622 ἀντιθέσει
2399 3585 2414 3600 ο
2447 3568 2542 3620 καὶ
2571 3567 2694 3618 ὲπεί
2719 3568 2866 3620 ἐστιν
2883 3567 2912 3619 6
2933 3565 3122 3637 Πατὴρ
3149 3567 3242 3619 καὶ
3263 3567 3294 3619 6
3322 3566 3450 3630 Υἱὸς
3464 3566 3524 3619 τὸ
3545 3562 3666 3617 αὐτὸ

2096 3661 2266 3731 χωρὶς
2293 3659 2392 3727 τῆς
2425 3657 2768 3726 ἀντιφάσεως
2809 3656 2907 3722 τῆς
2966 3655 3421 3727 ὲνθεωρουμένης
3446 3658 3507 3724 τῇ
3541 3652 3665 3722 πρὸς

2096 3752 2332 3819 ἀλλήλας
2362 3749 2656 3814 ἀντιθέσει,
2691 3747 2829 3802 εἰσιν
2855 3747 2964 3815 ἀρα
2990 3748 3017 3798 6
3057 3745 3248 3815 Πατὴρ
3286 3747 3380 3800 καὶ
3409 3747 3444 3816 ἡ
3477 3741 3666 3808 πατρό-

2097 3857 2197 3910 της
2219 3839 2280 3891 1:6
2299 3837 2450 3902 αὐτὸ,
2477 3839 2569 3890 καὶ
2593 3838 2626 3905 ἡ
2649 3835 2837 3904 υίότης
2858 3835 2920 3887 τὸ
2943 3834 3072 3888 αὐτὸ
3099 3835 3195 3888 καλ,
3220 3837 3248 3888 6
3281 3836 3410 3898 Υίός
3430 3853 3447 3868 ο
3470 3833 3558 3886 καὶ
3585 3833 3667 3884 ἀν·

3909 2969 3911 3102 l

3909 2969 3911 3102 ψ

418 3912 754 3992 communia,
797 3928 892 3984 ubi
948 3947 1057 3986 non
1108 3931 1432 3987 adversatur
1463 3931 1746 3988 relationis
1774 3933 1993 4003 opposi-

2096 3930 2452 4000 τιστρέψαντι
2473 3927 2644 3991 οὕτως
2664 3926 2858 3996 ἕψεται
2880 3943 2894 3958 ο
2915 3926 3105 3995 ὥσπερ
3123 3925 3365 3996 6,Πατὴρ
3387 3924 3481 3978 καὶ
3504 3925 3532 3978 6
3551 3920 3666 3982 Υἱός

420 4015 520 4070 ιίο.
548 4017 831 4083 Quatenus
874 4032 1025 4077 certe
1079 4023 1378 4094 paternitas
1425 4037 1552 4078 cum
1589 4022 1850 4079 ﬂliatione
1871 4040 1993 4094 pro-

2098 4026 2240 4077 εἰσιν
2269 4022 2328 4075 ἓν
2364 4023 2458 4075 καὶ
2486 4021 2548 4073 τὸ
2572 4019 2705 4073 αὐτὸ
2723 4019 2802 4088 τῷ
2829 4016 3048 4089 ἀριθμῷ
3082 4018 3250 4087 χωρὶς
3281 4020 3384 4087 τῆς
3422 4015 3552 4086 πρὸς
3579 4013 3664 4066 ἀλ-

417 4114 543 4174 pter
577 4109 900 4165 relationem
959 4113 1190 4168 minime
1241 4113 1633 4169 communicat.
1669 4115 1993 4184 Quanquam

2101 4113 2297 4184 λήλους
2321 4109 2672 4173 ἀντιθέσεως,
2695 4107 2839 4162 οὕτω
2862 4110 2954 4160 καὶ
2971 4109 3005 4179 ή
3030 4109 3308 4179 πατρὸτης
3331 4106 3425 4160 τοῦ
3449 4101 3663 4173 [ἰατρὸς.

423 4200 724 4264 paternitas
776 4218 842 4257 ac
879 4205 1072 4260 tiliatio
1113 4204 1420 4258 substantia
1476 4206 1590 4260 sint
1642 4216 1898 4276 respectu
1927 4206 1993 4260 ad

2101 4205 2196 4258 καὶ
2220 4207 2253 4273 ἠ
2277 4204 2464 4272 υίότης
2492 4201 2587 4256 τοῦ
2611 4199 2744 4254 Υίοῦ
2771 4199 2972 4252 ἔστιτὸ
3003 4199 3136 4252 αὐτὸ
3162 4197 3240 4268 τῷ
3267 4197 3486 4268 ἀριθμῷ
3512 4195 3667 4266 χωρὶς

419 4289 802 4358 substantiam,
824 4308 933 4348 non
983 4294 1051 4348 ad
1105 4293 1365 4362 invicem,
1400 4306 1460 4351 ut
1481 4296 1688 4351 dictum
1721 4305 1826 4353 est.
1848 4296 1993 4363 Quo-

2097 4297 2199 4367 τῆς
2230 4294 2370 4366 πρὸς
2412 4293 2647 4363 ἀλλήλας
2686 4290 3049 4355 ἀντιθέσεωςο
3078 4291 3112 4362 ἧ
3146 4291 3262 4345 ἐστι
3302 4289 3363 4344 τὸ
3389 4289 3557 4343 αἴτιον
3581 4284 3665 4388 καὶ

423 4380 567 4435 niam
605 4381 772 4454 igitur
814 4385 1137 4455 paternitas,
1170 4394 1228 4441 et
1277 4387 1470 4443 illiatio
1513 4388 1844 4445 dicebantur
1873 4403 1993 4444 esse

2098 4385 2367 4441 αἰτιατόν.
2394 4384 2468 4438 T6
2496 4384 2542 4437 δ’
2581 4381 2716 4437 αὐτὸ
2747 4383 2840 4436 καὶ
2877 4380 3008 4450 περὶ
3042 4382 3152 4452 ’τῆς
3182 4380 3279 4435 τοῦ
3315 4381 3470 4450 ἁγίου
3512 4380 3666 4433 Ilvati-

421 4471 726 4530 substantia
757 4486 1013 4546 respectu
1049 4475 1117 4532 ad
1168 4477 1367 4548 ipsam,
1391 4495 1524 4550 ergo
1553 4489 1612 4536 et
1648 4479 1716 4534 ad
1765 4480 1993 4534 invicem

2109 4497 2276 4552 ματος
2305 4477 2588 4546 ἀναφορᾶς
2619 4475 2829 4547 ῥητέον.
2863 4476 2926 4529 Ei
2962 4474 3146 4544 μέντοι
3177 4474 3246 4528 τὰ
3277 4475 3405 4542 περὶ
3431 4469 3504 4526 ὧν
3529 4473 3557 4524 6
3587 4468 3665 4518 λό-

420 4561 592 4630 idem,
624 4566 886 4635 quoniam
915 4581 1024 4620 una
1061 4577 1148 4622 est
1178 4569 1506 4636 substantia,
1531 4578 1756 4639 excepta
1782 4577 1993 4623 contra-

2103 4588 2201 4639 γος
2227 4573 2325 4640 τὴν
2343 4569 2595 4623 διάνοιαν
2625 4564 2967 4636 ὑπερϐαίνει,
2995 4566 3092 4619 καὶ
3121 4559 3233 4619 οἷον
3262 4565 3480 4634 ἄληπτά
3506 4563 3654 4620 είσιν,

424 4654 688 4721 dictione,
719 4673 842 4725 quae
871 4658 1254 4714 consideratur
1286 4662 1342 4715 in
1372 4661 1722 4730 oppositione
1761 4659 1829 4714 ad
1856 4658 1993 4712 invi-

2104 4661 2219 4716 ἀλλ’
2247 4661 2356 4714 οὐδ’
2387 4661 2550 4730 ἡμεῖς
2575 4655 2860 4723 ἀποδεῖξαι
2889 4655 3065 4711 ταῦτα
3092 4655 3462 4727 προύθέμεθα,
3496 4666 3667 4720 παρα-υ

424 4762 568 4802 cem.
625 4747 1080 4818 Quandoquidem
1133 4758 1315 4806 autem
1371 4749 1530 4805 Pater
1588 4758 1644 4802 et
1699 4747 1872 4803 Filius
1919 4755 2005 4800 est

426 4840 595 4903 idem,
629 4849 856 4911 excepta
909 4843 1321 4909 contrarietate,
1352 4858 1475 4911 qua:
1523 4841 1910 4896 consideratur
1946 4839 2000 4893 in

426 4935 796 5004 oppositione,
821 4949 942 5003 qua:
984 4945 1067 4990 est
1093 4935 1161 4990 ad
1193 4935 1452 4989 invicem.
1491 4931 1633 4986 Sunt
1654 4931 1822 5002 igitur
1845 4931 2004 4984 Patcr

426 5035 483 5080 et
516 5027 818 5094 paternitas
851 5025 1020 5095 idem,
1055 5026 1247 5080 tiliatio
1270 5034 1324 5080 ει
1351 5023 1522 5078 Filius
1544 5023 1709 5088 idem,
1737 5031 1794 5077 et
1815 5037 1846 5076 e
1871 5036 2005 5076 con-

426 5132 590 5172 verso
643 5116 790 5172 idem
848 5129 1156 5187 sequetur,
1204 5115 1670 5187 quemadmodum
1725 5113 1889 5168 Pater
1947 5122 2006 5167 et

429 5211 601 5267 Filius
631 5226 802 5266 unum
848 5219 998 5276 sunt,
1025 5220 1081 5265 et
1111 5209 1255 5263 idem
1286 5223 1543 5271 numero,
1583 5216 1806 5277 excepta
1838 5221 2008 5276 oppo—

431 5301 633 5356 sitione
667 5301 734 5354 ad
784 5299 1196 5364 invicem.Qute
1250 5295 1528 5365 oppositio
1574 5304 1661 5348 est
1713 5311 1912 5362 causae,
1949 5312 2006 5352 et

432 5391 664 5446 causali.
693 5390 807 5445 Hoc
841 5390 983 5444 idem
1013 5397 1200 5442 autem
1233 5395 1290 5441 et
1318 5386 1387 5441 de
1433 5385 1611 5440 sancti
1645 5384 1885 5456 Spiritus
1913 5403 2002 5442 re-

431 5481 637 5537 latione
671 5478 967 5536 dicendum
994 5488 1099 5533 est.
1131 5475 1290 5549 Quod
1322 5477 1370 5531 si
1397 5487 1576 5531 tamen
1617 5491 1679 5530 ea
1710 5477 1779 5531 de
1805 5477 2005 5546 quibus

431 5585 516 5629 cst
539 5589 741 5637 sermo,
777 5581 1016 5626 mentem
1065 5578 1342 5640 superant,
1371 5579 1427 5623 et
1472 5567 1630 5638 quasi
1662 5568 2008 5640 imper-cepti-

432 5665 563 5720 bilia
587 5673 751 5730 'sunt,
776 5665 873 5719 sed
907 5678 1082 5734 neque
1121 5679 1221 5718 nos
1253 5664 1368 5719 hate
1394 5664 1791 5728 demonstrare,
1820 5680 2007 5719 verum

435 5756 687 5812 solatium
737 5756 957 5825 aliquod
1006 5759 1201 5813 afferre
1239 5759 1437 5814 rationi
1488 5757 1566 5822 (el.
1590 5774 1812 5827 quoquo
1844 5758 2006 5813 modo

2109 4753 2309 4823 μυθίαν
2330 4751 2386 4805 δὲ
2417 4751 2581 4822 μόνον
2599 4749 2679 4819 τῷ
2707 4749 2856 4819 λόγῳ
2878 4747 3104 4817 κομίσαι
3122 4763 3139 4779 ο
3161 4749 3254 4800 καὶ
3283 4749 3446 4802 τοῦτο
3472 4744 3557 4799 διὰ
3575 4745 3664 4810 τὴν

2106 4846 2215 4898 τῶν
2245 4844 2638 4911 ἀντιλεγόντων
2665 4842 2954 4912 ιπήρειαν.
3001 4839 3091 4894 Ἐν
3130 4835 3211 4903 οἷς
3241 4841 3304 4910 δὴ
3333 4841 3506 4908 λόγοις
3539 4851 3664 4900 συμ-

2107 4938 2276 5008 φωνεῖ
2299 4938 2400 5003 μὲν
2423 4935 2493 4988 τὰ
2518 4934 2618 5004 τῆς
2649 4935 2906 4998 πίστεως,
2923 4931 3080 4986 οὐδὲν
3107 4933 3166 4987 δὲ
3192 4933 3451 4985 ἀδύνατον
3469 4942 3661 4996 προχω-

2111 5032 2194 5102 ρεῖ
2215 5029 2464 5096 καθάπερ
2483 5030 2597 5090 τοῖς
2621 5026 2894 5096 φάσκουσι
2910 5030 2976 5099 τῇ
3009 5026 3170 5096 οὐσίᾳ
3191 5027 3326 5080 Θεοῦ
3353 5023 3662 5090 ἐνυπάρχειν

2106 5123 2205 5192 τὴν
2240 5121 2556 5190 πατρὸτητα
2589 5120 2684 5172 καὶ
2711 5119 2933 5188 υίότητα
2969 5119 3134 5187 ἕτερα
3163 5118 3291 5171 ὅντα
3321 5119 3450 5185 παρ’
3479 5111 3658 5178 αὑτήν,

2117 5213 2277 5283 Ῥᾷον
2301 5213 2410 5280 γὰρ
2441 5212 2520 5270 είς
2548 5209 2732 5264 πίστιν
2749 5210 2968 5280 ἔρχεται
2999 5205 3141 5261 εἷναί
3161 5225 3216 5260 τι
3249 5209 3310 5261 1:6
3333 5204 3462 5260 αὐτὸ
3488 5199 3661 5253 οὐσίαν

2109 5308 2204 5359 καὶ
2233 5304 2371 5372 πρός
2404 5319 2460 5354 τι
2503 5303 2560 5354 ἓν
2595 5294 2674 5364 οἷς
2728 5301 2802 5371 μή
2850 5300 3128 5370 ἐνδέχεται
3158 5295 3296 5353 εἶναι
3330 5289 3660 5372 συμϐεϐηκξς

2321 5354 2444 5446 sim
2475 5409 2525 5445 τι
2542 5393 2603 5444 τδ
2636 5354 2769 5444 ἆῡὲδ
2791 5354 2864 5443 ’συ
2875 5354 3146 5459 μὸεὲηκὸς
3163 5388 3259 5442 καὶ
3288 5354 3421 5455 πρὸξ
3445 5399 3494 5474 τι
3521 5381 3573 5474 ἐν
3588 5354 3660 5474 off
3683 5399 3685 5401 ί

2107 5489 2384 5558 ἐνδέχεται
2408 5483 2550 5539 εἶναι
2573 5483 2984 5553 συμϐεὸηκότα,
3006 5483 3039 5551 ἢ
3064 5482 3241 5549 λέγειν
3265 5481 3320 5532 ὲν
3337 5475 3411 5546 τῷ
3435 5469 3572 5540 αὒτῷ
3590 5469 3659 5532 τῷ

2109 5581 2332 5652 ἀριθμῷ
2366 5575 2505 5632 εἶναι
2556 5577 2912 5660 ἀντικείμενα
2953 5577 3242 5645 πράγματι
3286 5560 3658 5660 διακεκριμένα

2110 5672 2206 5724 ἀπ’
2251 5670 2436 5728 αὐτοῦ.
2469 5667 2561 5720 τοῦ
2593 5668 2650 5718 ὲν
2681 5659 2726 5734 ᾧ
2757 5668 2873 5719 ἐστι
2906 5665 3174 5735 δηλονότι,
3202 5661 3474 5716 τουτέστιν
3509 5656 3562 5705 ὲν
3596 5656 3653 5747 fil

2111 5759 2267 5825 οὐσίᾳ
2304 5757 2395 5809 τοῦ
2427 5757 2561 5808 Θεοῦ
2611 5756 2775 5824 ἕτερα
2805 5755 3014 5820 τιθέναι
3060 5754 3202 5808 κατὰ
3237 5752 3292 5807 τὸ
3321 5750 3539 5817 πρὲἱγμιι
3563 5751 3654 5809 της
