4036 6482
419 352 530 416 885
1341 355 1441 416 DE
1479 341 2001 416 PROCESSIONE
2039 352 2402 415 SPlRlTUS
2441 352 2733 413 SANCTI.
3557 342 3670 407 886

426 470 613 530 οὐσίας
644 467 987 539 διαφέροντα,
1021 469 1117 522 καὶ
1167 468 1574 541 πραγματικῶς
1614 468 1869 539 ἀλλήλοις
1895 469 1991 522 άν-

2108 464 2464 535 satist‘acere),
2492 463 2922 535 proposuimus;
2959 462 3121 533 idque
3148 465 3371 531 propter
3411 454 3663 527 petulan-

421 561 723 629 τικείμενα.
752 562 973 625 Τούτοις
997 562 1094 631 μὲν
1119 557 1212 617 οῦν
1238 561 1331 616 καὶ
1356 560 1427 615 τὰ
1452 560 1604 632 παρὰ
1627 558 1729 629 τῆς
1754 559 1990 623 πίστεως

2108 558 2231 612 t’am
2285 557 2806 612 contradicentium.
2843 556 2898 610 In
2949 555 3151 626 quibus
3200 565 3332 605 sane
3363 545 3668 603 rationibus

419 655 721 719 cup;wvsi,
753 653 846 706 καὶ
878 653 946 707 τὰ
971 656 1122 724 παρὰ
1153 655 1262 708 τῶν
1285 653 1459 722 ἁγίων
1490 651 1775 724 εἰρημένα.
1832 650 1992 704 Ὀπο-

2108 649 2439 706 concordant
2489 648 2714 719 quidem
2761 662 2882 718 qua:
2932 654 3062 701 sunt
3115 643 3262 709 ﬁdei,
3314 639 3453 695 nihil
3485 646 3667 692 autem

418 745 593 816 τέροις
619 744 663 798 δ’
682 745 745 798 άν
771 761 854 808 τις
877 745 1091 799 δύναιτο
1112 745 1569 815 παρακολουθεῖν,
1599 745 1685 814 ἐφ’
1708 742 1765 796 ἓν
1794 759 1994 796 καταν-

2108 740 2444 811 impossibile
2490 739 2758 805 succedit,
2789 735 3246 809 quemadmodum
3296 735 3366 788 iis
3393 730 3488 801 qui
3517 730 3673 785 aiunt

420 836 576 905 τήσσι
605 835 760 900 τέλος
791 837 890 905 τῆς
928 836 1206 907 ἀληθείας,
1242 837 1337 892 καὶ
1373 836 1527 891 οὐδὲν
1555 837 1707 906 παρὰ
1742 834 1900 887 τοῦτο
1934 833 1994 888 τὺ

2108 833 2427 891 substantia!
2458 833 2553 887 Dei
2585 832 2911 889 inexsistere
2946 829 3330 901 paternitatem
3363 841 3427 879 ac
3456 820 3673 877 ﬁliatio-

418 928 674 1000 διάφορον
707 926 885 984 ἔσται.

2108 939 2252 990 nem,
2287 932 2352 980 ut
2402 938 2494 979 res
2542 922 2832 978 distinctas
2888 922 2956 977 ab
3007 922 3121 975 illa.
3149 918 3330 974 Facile
3357 915 3561 987 quippe
3603 910 3672 965 ad

426 1020 594 1075 ﬁdem
653 1023 888 1089 accedit,
935 1037 1058 1078 esse
1135 1022 1366 1098 aliquid,
1416 1022 1562 1093 quod.
1623 1021 1696 1075 sit
1770 1018 1916 1075 idem
1964 1017 2298 1082 substantia,
2360 1025 2416 1071 et
2473 1016 2539 1070 ad
2592 1014 2802 1085 aliquid
2855 1014 2910 1069 in
2960 1013 3049 1081 iis,
3085 1013 3143 1066 in
3173 1011 3375 1082 quibus
3415 1006 3530 1062 ﬁeri
3565 1017 3674 1058 non

426 1126 632 1184 potest,
690 1126 753 1171 ut
802 1115 874 1171 sit
931 1118 1213 1185 accidens,
1244 1118 1388 1174 sicut
1428 1125 1513 1171 est
1541 1115 1827 1187 quiddam,
1857 1112 2001 1184 quod
2037 1111 2180 1168 idem
2244 1118 2330 1166 est
2399 1109 2678 1175 accidens,
2710 1117 2767 1163 et
2813 1107 2880 1165 ad
2926 1104 3273 1176 aliquid,:&ii
3325 1100 3449 1157 ﬁeri
3498 1101 3679 1180 pOtest

420 1220 485 1266 ut
514 1213 625 1266 sint
662 1213 1008 1279 accidentia;
1062 1228 1224 1282 quam
1258 1213 1442 1268 dicere
1510 1212 1565 1267 iii
1611 1211 1802 1267 eadem
1858 1226 1916 1264 re
1980 1222 2212 1263 numero
2244 1220 2365 1263 esse
2394 1205 2668 1274 opposita,
2693 1219 2755 1259 re
2800 1202 2918 1273 ipsa
2952 1203 3209 1257 distincta
3242 1198 3310 1255 ab
3341 1213 3426 1258 ea,
3455 1196 3510 1250 in
3568 1209 3674 1262 qua

416 1303 676 1359 videlicet
700 1314 850 1370 sunt,
884 1306 988 1362 hoc
1018 1313 1105 1361 est
1128 1307 1182 1361 in
1210 1303 1515 1361 substantia
1573 1303 1666 1357 Dei
1692 1303 1798 1357 alia
1833 1315 2040 1372 ponere
2079 1297 2385 1356 secundum
2450 1309 2591 1362 rem,
2633 1310 2756 1362 qua:
2786 1295 3044 1351 diﬁ‘erant
3091 1309 3121 1347 a
3164 1290 3490 1355 substantia,
3532 1297 3587 1342 et
3623 1302 3680 1341 re

418 1403 581 1456 aliter
599 1399 669 1456 ad
709 1401 945 1456 invicem
999 1400 1275 1471 opposita.
1303 1400 1402 1456 His
1447 1398 1615 1470 igitur
1666 1398 1872 1454 nostris
1918 1394 2107 1460 dictis,
2177 1405 2236 1449 et
2299 1408 2421 1463 qua:
2470 1401 2601 1448 sunt
2651 1391 2777 1446 ﬁdei
2838 1387 3193 1453 concordant,
3222 1395 3278 1442 et
3345 1386 3491 1441 dit-ta
3558 1397 3681 1436 san-

414 1509 630 1554 ctorum
653 1497 1013 1552 conveniunt.
1043 1495 1371 1552 Utramlibet
1403 1503 1585 1549 autem
1621 1494 1746 1565 quis
1811 1500 2020 1562 partem
2059 1497 2345 1559 sequatur,
2396 1487 2465 1577 ad
2529 1502 2697 1541 unum
2748 1485 2996 1541 veritatis
3050 1484 3212 1539 ﬁnem
3261 1481 3564 1552 perveniet,
3624 1481 3680 1534 et

417 1589 567 1644 nulla
598 1587 891 1643 diversitas
928 1587 1056 1642 erit.

1034 1728 1289 1783 ΚΕΦΑΛ.
1321 1728 1396 1783 E'.

2745 1715 2971 1772 CAPUT
3000 1716 3065 1770 ν.

421 1841 548 1896 Ὅτι
580 1842 635 1895 οἱ
657 1839 962 1908 λέγοντες.
1000 1839 1233 1906 Ὥσπερ
1258 1840 1325 1894 τὸ
1353 1840 1509 1895 ἄλλο
1538 1837 1692 1895 εἶναι
1728 1843 1998 1895 ὑπόστα-

2108 1831 2259 1898 Quod
2302 1832 2392 1897 qui
2429 1831 2661 1908 diea_nt_:
2693 1827 3146 1908 Quemadmodum
3175 1843 3305 1908 “esse
3337 1826 3491 1908 aliud
3499 1828 3680 1908 _hy_p0-

489 1927 614 1973 σιν,
646 1911 743 1964 καὶ
765 1909 919 1964 ἄλλο
942 1912 1182 1975 οὐσίαν,
1217 1910 1317 1963 καὶ
1346 1910 1502 1964 ἄλλο
1528 1912 1870 1979 πατρότητα
1901 1909 2001 1964 ἐπὶ

493 1981 645 2034 Θεοῦ
679 1982 975 2034 σύνθεσιν
1022 1983 1097 2034 οὐ
1124 1980 1304 2046 ποιεῖ,
1336 1980 1491 2034 οὕτω
1530 1982 1631 2035 καί
1661 1996 1793 2035 τινα
1822 1982 1895 2035 ἐν
1927 1979 2002 2048 τῇ

492 2051 672 2120 οὐσίᾳ
699 2050 805 2120 τοῦ
831 2050 980 2105 Θεοῦ
1002 2051 1703 2120 λεγόμηαᾼὺφίστασθαι
1730 2066 2001 2120 πραγμα-

490 2118 665 2186 τικῶς
683 2119 790 2188 τῆς
812 2121 1030 2191 οὐσίας
1050 2118 1455 2191 minuma,»
1477 2118 1838 2191 διαφέροντα
1859 2118 2004 2174 σύν-

493 2193 667 2246 (iecur
694 2191 767 2259 οὐ
788 2190 967 2258 ποιεῖ,
997 2189 1335 2259 παράλογοι
1364 2193 1506 2247 εισι.

502 2388 598 2442 Ἐκ
628 2388 686 2444 δὲ
726 2387 834 2441 τῶν
862 2386 1171 2459 εἰρημένων
1198 2388 1419 2444 λέλυται
1452 2389 1547 2445 καὶ
1572 2387 1711 2459 ὅπερ
1738 2388 1788 2440 οἱ
1822 2387 2003 2442 Παλα-

427 2479 580 2548 μῖται
613 2476 859 2531 κώκαλον
885 2476 1256 2548 ὀνομάσαντες
1278 2518 1295 2543 ,
1331 2480 1462 2544 ἴσως
1490 2477 1578 2532 διὰ
1608 2480 1669 2532 τὸ
1701 2476 1960 2547 δυσχερὲς
1983 2516 2000 2542 ,

424 2569 501 2632 ὠς
526 2569 716 2641 ᾤοντο,
751 2569 995 2641 ἀνοήτως
1026 2570 1235 2641 ἐπῆγον
1269 2570 1692 2643 ίσχυριζόμενοι,
1716 2570 1793 2633 ὡς
1826 2570 1914 2641 ἄρ’
1943 2569 2025 2622 ἐν’

420 2661 499 2731 τῷ
529 2659 646 2731 Θεῷ
675 2660 827 2716 οὐδὲν
856 2660 1056 2715 κωλύει
1077 2662 1310 2732 διάφορα
1334 2661 1665 2733 ὲνιδρυμένα
1696 2660 2002 2735 πράγματα

424 2751 673 2821 ἀλλήλων
702 2753 1054 2823 διαφέροντα,
1088 2755 1183 2806 καὶ
1214 2753 1312 2823 τῆς
1332 2753 1523 2817 οὐσίας
1562 2754 1732 2823 αὐτῆς
1765 2754 2002 2825 ἀπειρά-

426 2860 512 2905 κις
538 2842 782 2914 ἀπείρως
815 2843 1103 2913 ὑφειμένα,
1128 2844 1221 2897 καὶ
1249 2843 1512 2915 θεύτητας
1544 2843 1675 2916 παρ’
1708 2844 1887 2898 αὑτῶν
1916 2845 2004 2897 λε-

424 2934 651 3003 γόμενα,
695 2934 788 2987 καὶ
826 2934 1062 3005 ἀριθμὸν
1104 2934 1585 3006 ὑπερϐαινούσας,
1605 2935 1699 2990 τοῦ
1735 2936 1786 2989 ϐ’
1828 2936 2004 3001 οὕτως

424 3025 569 3096 ἔχειν
605 3027 700 3078 καί⁸
726 3026 937 3082 ἁπλοῦν
966 3022 1106 3080 εῖναι
1134 3027 1225 3080 τὸν
1258 3027 1392 3083 Θεὸν
1412 3044 1428 3059 '
1459 3029 1650 3098 ὅτιπερ
1675 3029 1866 3083 οὑσίαν
1905 3029 2003 3082 καὶ

426 3114 724 3168 ὑπόστασιν
767 3113 862 3168 καὶ
911 3115 1171 3185 ἰδιότητα,
1208 3115 1243 3186 ἢ
1281 3115 1561 3187 ἀναφορὰν
1597 3115 2002 3186 πραγματικῶς

425 3205 672 3276 ἀλλήλων
715 3204 994 3279 διαφέρειν
1034 3172 1492 3279 ἐξραντάσθησανιο
1544 3209 1605 3262 ού
1643 3172 1805 3278 ’παρὰ
1840 3172 1999 3262 τοῦτο
2022 3172 2074 3237 C

431 3298 612 3367 μέντοι
643 3298 899 3353 σύνθετον
933 3295 1071 3355 εἶναι
1101 3300 1191 3353 τὸν
1217 3300 1372 3355 Θεόν.
1421 3300 1608 3354 Ταῦτα
1643 3300 1751 3369 γὰρ
1781 3299 1856 3364 ὡς
1883 3299 2004 3353 ὲνε-

427 3390 617 3461 δέχετο
645 3391 909 3445 δέδεικται
939 3390 1032 3445 καὶ
1070 3392 1250 3461 λόγοις
1281 3392 1374 3445 καὶ
1404 3393 1629 3463 ρήτεσιν
1660 3392 1832 3460 ἁγίων
1860 3392 2003 3447 κατὰ

427 3482 488 3535 τὸ
521 3484 755 3553 πρᾶγμα
788 3484 955 3555 μηδὲν
977 3484 1216 3555 ἀλλήλων
1244 3484 1544 3555 διαφέρειν.
1578 3485 1764 3557 Ταύτῃ
1795 3501 1879 3538 τοι
1907 3486 2004 3538 καὶ

425 3574 549 3628 οὔτε
594 3563 846 3640 σύνθετός
873 3578 1036 3644 ,ἐστιν
1062 3578 1090 3630 ὁ
1130 3575 1264 3640 Θεὸς
1288 3617 1302 3643 ,
1345 3575 1472 3631 οὔτε
1511 3577 1579 3631 τά
1623 3576 2004 3648 προειρημένα

430 3669 610 3724 ἄτοπα
639 3666 968 3722 ἀνακύπτει.
1002 3669 1070 3722 Ai
1108 3669 1218 3739 γάρ
1253 3669 1531 3734 συνθέσεις
1561 3671 1653 3725 ἐπὶ
1686 3672 1792 3724 τῶν
1819 3672 2004 3740 διαφε-

430 3757 646 3829 ρόντων»
678 3758 755 3829 τῷ
787 3760 1095 3830 πράγματι,
1133 3762 1228 3815 καὶ
1278 3757 1387 3814 οἷον
1417 3760 1536 3815 ὁδὸν
1565 3761 1659 3816 καὶ
1699 3764 2004 3833 παράθεσιν

430 3852 566 3920 πρὸς
596 3849 808 3919 ἄλληλα
842 3851 1100 3921 ἐχόντων,
1131 3850 1207 3916 ὡς
1239 3851 1325 3921 ἐφ’
1356 3853 1473 3918 ὲνός
1511 3870 1656 3918 τινος
1696 3854 2005 3923 ὑφεστῶτος

427 3943 779 4013 θεωροῦνται.
822 3941 941 4012 Ἐφ’
969 3936 1045 3998 ὧν
1077 3944 1134 3997 δὲ
1157 3945 1258 3998 οὑκ
1280 3944 1425 3998 ἔστιν
1455 3946 1715 4017 οὐδεμίαν
1747 3946 2004 4017 τοιαύτην

427 4034 691 4107 διαφορὰν
720 4033 923 4104 εὑρεῖν,
952 4033 1272 4088 τούντεῦθεν
1298 4034 1422 4088 οὐδὲ
1455 4035 1573 4089 ὁδὸν
1603 4037 1741 4105 πρὸς
1771 4035 2001 4107 ἄλληλα,

429 4125 461 4195 ἢ
489 4124 737 4177 σύνθεσιν
761 4124 879 4179 οὐδὲ
907 4123 1110 4178 πλάσαι
1138 4124 1384 4181 δυνατόν.
1403 4125 1596 4180 Καίτοι
1626 4125 1827 4196 ἀληθές
1854 4129 2004 4182 ἐστιν

430 4221 624 4282 εἰπεῖν,
657 4215 732 4281 ὡς
758 4218 857 4270 οὐκ
883 4216 949 4271 ἂν
972 4211 1041 4289 ἦν
1072 4218 1101 4271 ὁ
1128 4216 1262 4281 Θεὸς
1291 4217 1721 4288 τρισυπύστατος
1746 4219 1868 4272 οὐδὲ
1898 4237 2005 4274 πα-

429 4311 625 4381 τρότης
649 4310 772 4364 οὑδὲ
792 4308 996 4380 υίότης,
1026 4308 1148 4362 οὐδὲ
1175 4308 1401 4381 πρόοδος
1416 4310 1473 4363 έν
1488 4311 1602 4372 τοῖς
1627 4309 1815 4377 θείοις,
1844 4312 2004 4381 εἴπερ

429 4404 493 4455 ὲκ
519 4401 726 4456 τούτων
752 4401 1071 4469 ἀναγκαίως
1094 4399 1282 4456 εἵπετο
1311 4400 1567 4456 σύνθετον
1586 4396 1727 4457 εἶναι
1749 4404 1839 4456 τὸν
1869 4402 2006 4456 Θεὸν

2172 1910 2385 1964 uastm,
2407 1909 2458 1954 et
2483 1900 2631 1954 aliud
2658 1901 3031 1956 substantiam.
3064 1905 3114 1950 et
3130 1897 3280 1952 aliud
3301 1898 3677 1966 putei-nitatem

2175 1973 2232 2027 in
2259 1970 2368 2042 Deo
2400 1970 2826 2042 compositionem
2852 1986 2957 2042 non
2986 1967 3114 2042 facit
3135 1984 3179 2042 ;_
3208 1969 3287 2042 ita
3309 1968 3504 2042 “etiam
3547 1983 3681 2042 nort-

2176 2041 2327 2096 nulla
2355 2039 2490 2106 alia,
2518 2036 2661 2111 'qua:
2707 2040 2769 2111 in_
2782 2036 3095 2111 substantia
3142 2037 3238 2111 Dei
3284 2036 3678 2111 dicuntursub-

2172 2113 2377 2174 sistere,
2408 2106 2628 2180 qumque
2654 2108 2873 2163 realiter
2905 2125 2937 2163 a
2962 2106 3263 2180 substantia
3291 2106 3429 2160 etab
3456 2107 3678 2180 invicem

2175 2176 2442 2253 digerunt,
2499 2176 2929 2250 compositionem
2979 2193 3085 2231 non
3109 2177 3354 2248 faciunt,
3403 2176 3678 2232 temerarii

2173 2259 2319 2306 sunt.

2175 2386 2253 2443 Ex
2279 2386 2444 2445 dictis
2478 2386 2718 2443 solutum
2769 2395 2876 2451 est,
2938 2384 3088 2456 quod
3145 2383 3251 2453 ipsi
3282 2381 3559 2438 Palamitre
3617 2394 3681 2436 os

2104 2478 2486 2544 nominarunt,
2514 2477 2699 2532 lorsan
2723 2475 2795 2530 ob
2820 2474 3305 2540 diﬁicultatem,ut
3333 2471 3682 2528 arbitraban-

2107 2579 2218 2636 tur,
2271 2578 2436 2640 atque
2469 2566 2859 2623 contendendo
2910 2574 3116 2621 temere
3146 2564 3481 2631 inferebant,
3531 2563 3679 2633 quod

2106 2663 2367 2719 nimirum
2399 2661 2455 2717 in
2482 2661 2596 2716 Deo
2636 2659 2774 2715 nihil
2824 2660 3011 2715 obstat
3033 2657 3282 2714 diversas
3308 2674 3437 2714 esse
3471 2674 3560 2714 res
3590 2658 3681 2712 in-

2105 2758 2404 2822 haerentes,
2433 2770 2555 2826 quae
2585 2755 2729 2811 inter
2752 2768 2873 2810 sese
2897 2752 3181 2818 diﬁ‘erant,
3215 2760 3274 2808 et
3302 2749 3372 2806 ab
3402 2750 3520 2823 ipsa
3553 2749 3685 2803 snh-

2107 2849 2309 2906 stantia
2331 2847 2548 2903 iuﬁnite
2578 2846 2847 2904 inﬁnities
2883 2845 3199 2914 inferiores,
3241 2858 3307 2898 ac
3335 2843 3580 2898 Deitates
3609 2841 3680 2894 ab

2106 2939 2246 3010 ipsis
2275 2937 2474 3003 dictas,
2520 2950 2643 3008 quae
2682 2950 2978 2991 numerum
3031 2932 3328 3000 excedant,
3395 2932 3450 2986 id
3496 2931 3570 2986 ita
3621 2945 3681 2984 se

2106 3031 2335 3098 habere,
2408 3038 2466 3085 et
2523 3028 2889 3084 nihilominus
2957 3025 3263 3096 simplicem
3303 3038 3426 3078 esse
3482 3023 3678 3077 Deum.

2108 3119 2379 3187 Quoniam
2410 3117 2802 3182 substantiam,
2858 3129 2909 3172 et
2938 3113 3301 3189 hypostasim,
3339 3123 3505 3184 atque
3554 3126 3683 3183 pro-

2108 3213 2421 3283 prietatem,
2455 3209 2572 3266 sive
2601 3209 2923 3264 relationem
2949 3208 3174 3262 realiter
3197 3207 3343 3262 inter
3370 3221 3429 3261 se
3452 3203 3679 3260 diﬁerrc

2107 3301 2388 3373 imaginati
2426 3308 2593 3366 sunt;
2625 3315 2736 3355 non
2765 3300 2836 3355 ob
2866 3298 2919 3353 id
2950 3308 3133 3353 tamen
3162 3297 3528 3367 compositum
3555 3310 3679 3352 esse

2108 3393 2302 3448 Deum.
2333 3393 2462 3447 Heec
2498 3391 2646 3447 enim
2680 3398 2742 3445 ut
2784 3389 2900 3444 ﬁeri
2938 3391 3139 3460 potuit,
3174 3403 3298 3446 cum
3348 3388 3679 3453 rationibus,

2111 3492 2227 3539 tum
2264 3484 2426 3540 dictis
2456 3492 2776 3539 sanctorum
2809 3490 3096 3537 ostensum
3131 3492 3239 3548 est,
3276 3480 3417 3536 nihil
3442 3483 3585 3536 inter
3622 3496 3681 3537 se

2106 3577 2327 3634 diﬁ'erre
2346 3575 2648 3633 secundum
2671 3590 2809 3631 rem.
2832 3575 3127 3645 Propterea
3149 3588 3328 3645 neque
3345 3574 3683 3646 compositus

2108 3669 2254 3725 Deus
2284 3679 2391 3732 est,
2424 3683 2602 3737 neque
2638 3673 3074 3722 commemorata
3127 3667 3477 3722 incommoda
3502 3682 3684 3722 emer-

2107 3773 2263 3834 gunt.
2324 3758 2767 3828 Compositiones
2816 3758 2966 3814 enim
3026 3756 3166 3813 ﬁunt
3218 3759 3272 3814 in
3322 3759 3393 3816 iis
3428 3775 3553 3831 quae
3623 3776 3681 3815 re

2108 3853 2395 3916 diﬁ‘erunt,
2425 3861 2480 3906 et
2508 3852 2667 3921 quasi
2703 3851 2871 3917 viam,
2920 3860 2978 3906 et
3030 3850 3489 3921 compositionem
3537 3853 3683 3908 inter

2107 3959 2167 4000 se
2196 3944 2423 4010 habent,
2458 3941 2534 3996 ita
2562 3954 2623 3998 ut
2652 3942 2708 3996 in
2772 3958 2882 3996 uno
2915 3940 3154 4012 quodam
3181 3941 3518 3997 subsistente
3546 3959 3685 4000 con-

2107 4039 2410 4095 sideretur.
2448 4037 2517 4092 At
2555 4050 2689 4090 vero
2717 4035 2771 4088 in
2805 4034 3008 4105 quibus
3031 4035 3183 4091 nulla
3213 4036 3338 4091 talis
3371 4035 3686 4091 diﬁ‘erentia

2108 4129 2345 4185 inveniri
2373 4136 2575 4199 potest,
2609 4124 2741 4181 hinc
2766 4126 3153 4196 nequerviam,
3214 4135 3272 4183 et
3323 4127 3681 4198 compositio—

2106 4238 2233 4279 nem
2296 4221 2364 4277 ad
2417 4236 2477 4277 se
2520 4219 2758 4275 invicem
2815 4219 2900 4275 vel
2959 4219 3166 4290 ﬁngere
3192 4219 3355 4287 licet;
3422 4230 3478 4275 et
3502 4229 3683 4276 tamen

2108 4325 2299 4367 verum
2334 4317 2419 4364 est
2449 4308 2658 4373 dicere,
2715 4306 2864 4378 quod
2918 4322 3027 4361 non
3074 4317 3222 4364 esset
3266 4309 3413 4364 Deus
3440 4309 3686 4364 Trinitas

2106 4417 2492 4474 personarum,
2521 4414 2702 4471 neque
2732 4399 3062 4470 paternitas,
3117 4416 3295 4471 neque
3332 4402 3546 4467 ﬁliatio,
3581 4418 3685 4455 nec

428 4495 490 4548 τὺ
516 4495 733 4567 πρῶτον
765 4495 940 4549 αίτιον
964 4509 981 4526 ο
1012 4495 1123 4547 πᾶν
1161 4493 1270 4565 γὰρ
1301 4492 1556 4548 σύνθετον
1591 4495 1831 4549 κτιστύν.
1858 4496 1921 4550 Οἱ
1946 4495 2004 4550 δὲ

2110 4511 2404 4566 processus
2431 4496 2488 4552 in
2526 4495 2761 4561 divinis,
2787 4495 2834 4550 si
2859 4509 2926 4551 ex
2955 4495 3047 4551 his
3074 4497 3389 4552 necessario
3425 4513 3687 4569 sequere-

428 4583 682 4637 τοσοῦτον
707 4583 1004 4656 ἀπέχουσιν
1037 4583 1085 4638 ἃ.
1104 4582 1387 4655 βούλονται
1434 4583 1607 4650 δείξαι
1632 4584 1775 4638 ὥστε
1820 4588 1915 4639 καὶ
1945 4587 2006 4639 τὸ

321 4728 329 4734 ,
432 4677 582 4748 παρὰ
606 4677 715 4739 τοῖς
740 4675 1098 4740 διαλεκτικοῖς
1119 4675 1435 4746 λεγόμενον,
1468 4677 1528 4731 τὸ
1550 4679 1610 4730 ἑν
1629 4679 1772 4749 ἀρχῇ
1795 4677 2008 4732 αίτοῦν-

429 4786 544 4826 ται.
569 4770 683 4838 Οὐχ
702 4761 865 4840 ἧττον
893 4769 1003 4838 γὰρ
1026 4768 1122 4822 καὶ
1142 4768 1285 4823 οὑτω
1310 4768 1372 4822 τὺ
1398 4769 1528 4823 αὐτὸ
1548 4770 1711 4825 πάλιν
1737 4770 2004 4841 ζητεῖται,

431 4862 548 4925 πῶς
580 4861 739 4929 ιτπερ
772 4860 900 4913 ἄλλο
936 4861 1034 4929 μὲν
1072 4862 1106 4931 ἡ
1139 4861 1317 4926 οὐσία,
1354 4860 1487 4914 ἄλλο
1528 4860 1587 4915 δὲ
1629 4861 2003 4930 ὴύπόστασις,

429 4953 595 5025 ἕτερα
622 4952 677 5006 δὲ
706 4952 774 5006 τὰ
801 4952 1142 5006 ὑποστατικὰ
1166 4953 1259 5006 τὸν
1289 4952 1349 5006 ὃν
1381 4952 1538 5007 αὑτοὶ
1565 4952 1747 5007 νοοῦσι
1779 4955 2004 5024 τρόπον,

429 5046 490 5099 οὐ
542 5043 794 5105 σύνθετος
821 5045 887 5097 ὲκ
930 5044 1190 5099 τούτωνὸ
1229 5044 1397 5112 Θεός;
1430 5044 1540 5100 Καὶ
1590 5045 1696 5117 μὴν
1754 5044 2005 5116 ἀνόμοιος

432 5142 607 5209 πάντη
632 5140 665 5209 ἡ
694 5137 800 5191 τῶν
816 5136 1160 5208 πραγμάτων
1186 5137 1490 5209 παραϐολή.
1514 5137 1596 5191 Τὰ
1619 5136 1719 5208 μὲν
1751 5138 1859 5210 γὰρ
1876 5138 2006 5209 τρία

430 5231 739 5303 ὡρισμένον
759 5230 812 5283 τί
834 5232 1006 5282 ἔστιν’
1029 5228 1073 5283 ﬁ;
1088 5227 1146 5282 δὲ
1168 5229 1267 5299 τῆς
1284 5229 1471 5292 οὑσίας
1497 5229 1663 5297 ἕτερά
1678 5246 1875 5299 φασιν,
1895 5224 2007 5285 οἷον

432 5325 530 5395 τὴν
556 5323 722 5395 ζωὴν,
745 5321 841 5393 τὴν
859 5321 1171 5394 άγαθότητα
1192 5323 1284 5377 τοῦ
1310 5322 1446 5377 Θεοῦ
1467 5322 1563 5377 καὶ
1581 5324 1761 5377 πάντα
1781 5322 1850 5378 τὰ
1873 5324 2009 5378 ἁπο-

431 5417 737 5488 λελυμένως
762 5415 848 5469 ἐπ’
864 5411 1028 5468 αὐτοῦ
1051 5415 1338 5486 λεγόμενα,
1355 5413 1391 5470 ἃ
1414 5417 1507 5469 καὶ
1542 5416 1824 5485 ἐνέργειαν
1846 5415 2010 5487 κοινῷ

433 5498 662 5582 ὀνόματι
703 5507 989 5572 καλοῦσιν,
1019 5507 1247 5577 ἄπειρόν
1270 5525 1320 5561 τι
1349 5508 1443 5562 καὶ
1477 5506 1734 5580 ἀόριστον
1764 5508 1969 5581 πλῆθος
1992 5525 2007 5542 ο

435 5603 531 5657 καὶ
553 5604 667 5656 ἐκεῖ
691 5602 790 5673 μὲν
808 5603 874 5656 τὰ
886 5602 1014 5674 τρία
1039 5601 1369 5663 ὑποστάσεις
1393 5601 1648 5671 εἴληπται
1666 5600 1892 5669 τέλειαι,
1916 5602 2012 5656 καὶ

434 5694 639 5771 τούτων
671 5694 965 5765 ὑπερφυῶς
1003 5693 1210 5765 ἑκάστη
1238 5695 1271 5764 ἡ
1301 5692 1440 5765 αὑτὴ
1486 5694 1581 5748 καὶ
1617 5692 1715 5765 μία
1745 5693 2011 5765 θεαρχικὴ

437 5785 592 5840 οὐσία
619 5803 639 5817 ι
667 5784 871 5856 ἑκάστη
909 5785 1017 5855 γὰρ
1052 5785 1188 5847 ὅλως
1228 5784 1359 5848 Θεὸς
1398 5783 1491 5838 καὶ
1525 5782 1724 5845 τέλειος
1747 5798 1759 5811 ·
1811 5783 1869 5835 οὐ
1901 5784 2007 5853 γὰρ

2108 4602 2219 4656 tur,
2245 4589 2615 4660 compositum
2639 4602 2763 4644 esse
2780 4588 2952 4644 Deum
2986 4588 3217 4660 primam
3243 4603 3486 4645 causam.
3509 4589 3685 4645 Omnc

2106 4684 2252 4737 enim
2277 4682 2641 4753 compositum
2659 4689 2744 4736 est
2759 4688 3025 4736 creatum.
3041 4679 3105 4734 Hi
3124 4696 3255 4735 vero
3277 4690 3486 4735 tantum
3506 4679 3683 4745 abest,

2108 4772 2900 4845 utdstendantquzevoluntmt
2917 4773 3086 4829 etiam
3103 4773 3249 4844 quod
3271 4774 3414 4843 apud
3435 4774 3688 4830 Dialrcti-

2109 4880 2205 4923 eos
2237 4865 2465 4931 dicitur,
2496 4865 2829 4936 principium
2858 4873 3069 4936 petant.
3097 4864 3216 4919 Non
3240 4880 3423 4920 minus
3439 4867 3686 4922 enimsic

2111 4957 2278 5012 etiam
2320 4956 2467 5012 idem
2500 4971 2695 5011 rursus
2717 4955 3010 5026 quaeritur,
3034 4956 3311 5027 quomodo
3326 4956 3370 5013 si
3393 4956 3536 5012 aliud
3562 4959 3685 5028 qui-

2110 5049 2235 5105 dem
2266 5057 2351 5104 est
2376 5048 2705 5113 substantia,
2731 5048 2877 5103 aliud
2892 5062 3035 5105 vero
3061 5049 3367 5120 bypostasis
3388 5066 3402 5109 :
3425 5048 3529 5105 alia
3552 5065 3686 5106 vero

2113 5134 2244 5196 sunt
2272 5139 2618 5214 bypostatica
2649 5142 2779 5211 (hoc
2809 5149 2917 5209 est,
2973 5157 3097 5211 quae
3122 5142 3451 5214 liypostases
3474 5147 3684 5201 consti.

2112 5234 2322 5300 luunt),
2357 5233 2423 5288 ad
2460 5248 2587 5289 eum
2627 5231 2875 5299 modum,
2907 5249 3071 5304 quem
3102 5234 3209 5306 ipsi
3237 5235 3555 5307 intelligunt
3576 5277 3589 5300 ,
3617 5252 3683 5293 ex

2111 5324 2200 5379 his
2232 5325 2379 5380 Deus
2401 5340 2512 5379 non
2562 5334 2647 5380 est
2692 5326 3072 5396 compositus?
3131 5342 3255 5383 cum
3300 5336 3481 5384 tamen
3516 5328 3684 5384 dissi-

2113 5415 2259 5472 milis
2294 5416 2367 5471 sit
2405 5431 2590 5472 rerum
2623 5416 2891 5472 collatio?
2932 5417 3148 5473 Etenim
3208 5417 3311 5474 tria
3341 5420 3683 5475 determina-

2114 5518 2226 5562 tum
2253 5506 2515 5578 quiddam
2552 5518 2684 5563 sunt
2709 5526 2724 5562 :
2747 5524 2868 5580 qum
2902 5520 3085 5565 autem
3109 5509 3187 5565 illi
3212 5510 3403 5566 dicunt
3430 5510 3534 5566 alia
3561 5525 3683 5566 esse

2111 5614 2141 5653 a
2174 5599 2509 5668 substantia,
2545 5599 2717 5656 veluti
2745 5601 2931 5665 vitam,
2956 5602 3256 5658 bonitatem
3277 5602 3396 5666 Dei,
3418 5611 3475 5658 et
3498 5602 3682 5657 omnia

2114 5691 2203 5745 illa
2241 5706 2365 5761 qua:
2389 5690 2640 5747 absolute
2665 5689 2724 5746 in
2745 5707 2812 5746 eo
2842 5691 3125 5759 dicuntur,
3150 5709 3271 5765 quae
3295 5694 3457 5749 etiam
3486 5709 3684 5763 opera-

2117 5784 2321 5839 tionem
2345 5783 2623 5839 communi
2660 5783 2882 5839 nomine
2911 5795 3128 5850 vocant,
3169 5785 3380 5842 inﬁnita
3411 5785 3685 5856 qumdam,
