4036 6472
403 363 507 428 887
1676 364 2053 425 DEMETRH
2095 365 2407 426 CYDONII
3549 361 3660 427 838

400 493 561 551 atque
593 478 1016 536 iudeterminata
1050 478 1351 536 multitudo
1385 488 1489 546 est,
1543 490 1599 535 et
1641 480 1717 536 ibi
1751 480 1973 553 quidem

2083 480 2143 545 ἐξ
2167 480 2373 532 ἀτελῶν
2394 481 2455 533 τὸ
2483 479 2639 534 Θεῖον
2659 497 2672 511 ο
2698 479 2765 533 τὰ
2794 477 2850 532 δὲ
2884 476 3051 532 πολλά
3081 474 3250 530 ταῦτα
3279 472 3393 529 οὗθ’
3426 475 3665 530 ὑποστά-

405 576 533 637 tria,
562 571 887 644 hypostases
922 572 1277 643 accipiuntur
1326 572 1607 643 perfectas,
1672 582 1728 628 et
1777 573 1972 628 harum

2083 588 2194 634 σεις
2227 568 2367 625 εἶναι
2389 571 2649 636 τίθενται,
2684 571 2800 625 οὗθ’
2833 570 2970 634 ὅλως
2998 567 3204 633 οὑσίαν,
3238 568 3331 620 καὶ
3362 567 3515 621 οὑδέν
3551 568 3658 623 a5-

403 679 747 734 unaqumque
776 679 883 719 una
905 672 963 720 et
985 665 1179 720 eadem
1207 676 1293 720 est
1320 664 1504 720 divina
1542 664 1852 720 substantia
1879 679 1977 719 su-

2081 664 2188 717 τῶν
2226 663 2364 735 ὅπερ
2395 664 2455 716 τὸ
2486 663 2675 734 ἕτερον
2704 657 2869 717 εἶναι.
2910 660 3020 714 Καὶ
3049 661 3116 713 τά
3149 659 3249 730 μὲν
3280 657 3448 711 πολλά
3483 660 3662 712 ταῦτα

402 769 499 818 pra
527 768 746 807 omnem
782 763 1004 825 captum
1044 763 1275 809 naturae.
1316 753 1586 822 Quaelibet
1628 754 1775 808 enim
1827 761 1976 810 totus

2081 756 2172 826 οὐχ
2210 754 2537 824 ὑφίστασθαι
2573 753 2695 809 καθ’
2729 754 2871 809 αὑτά
2900 767 3096 823 φασιν*
3137 752 3194 806 αἱ
3227 751 3283 805 δὲ
3329 752 3477 820 τρεῖς
3524 751 3662 803 ὑπο-

404 842 548 899 υουε
579 854 745 914 atque
776 846 1055 914 perlectus
1082 855 1188 900 est.
1216 845 1335 901 Non
1351 845 1500 901 enim
1528 861 1595 900 ex
1631 843 1976 916 imperfectis

2081 848 2301 910 στάσεις
2330 847 2431 901 οὐκ
2451 846 2822 917 ἐνυπάρχουσι
2845 844 2971 899 τινί.
3004 845 3066 898 Εἰ
3091 842 3136 896 δ’
3159 841 3419 910 ἀνάλογον
3444 841 3665 911 βούλον-

400 944 484 989 cst
514 950 720 989 numen
745 934 1015 995 divinum.
1047 938 1170 995 Haec
1199 949 1385 994 autem
1420 940 1615 1005 multa,
1666 953 1848 1008 neque
1875 937 1975 1008 hy-

400 1035 649 1095 postases
677 1043 798 1083 esse
823 1041 1129 1099 ponuntur,
1176 1047 1356 1101 neque
1382 1031 1717 1095 substantia,
1745 1039 1802 1084 et
1833 1028 1971 1083 nihil

400 1120 598 1174 horum
631 1136 752 1176 esse
780 1121 925 1191 quod
953 1132 1038 1177 est
1064 1121 1323 1188 alterum,
1363 1132 1417 1178 et
1446 1122 1562 1178 haec
1599 1121 1823 1193 quidem
1854 1121 1974 1191 plu-

403 1213 536 1267 rima
570 1227 669 1282 per
692 1228 751 1268 se
787 1214 902 1284 ipsa
942 1230 1050 1269 non
1078 1200 1410 1281 subsistere,
1441 1215 1623 1278 aiunt,
1677 1224 1792 1270 tres
1839 1230 1972 1270 vero

399 1302 722 1372 liypostascs
750 1304 911 1359 alicui
948 1322 1054 1359 non
1092 1305 1441 1361 iuexsistere.
1476 1304 1633 1369 Quod
1661 1305 1706 1360 si
1748 1321 1975 1375 propor-

401 1396 602 1449 tionem
629 1410 748 1450 esse
776 1397 971 1451 volunt
1001 1397 1148 1451 inter
1175 1407 1289 1454 tres
1321 1413 1591 1467 personas
1611 1438 1626 1464 ,
1694 1397 1814 1453 sive
1854 1407 1971 1454 tres

397 1487 721 1542 relationes.
777 1486 846 1542 Et
876 1488 979 1542 ista
1003 1488 1195 1550 multa.
1229 1504 1293 1544 ac
1322 1489 1564 1556 diversa,
1594 1488 1969 1544 necessarium

395 1579 506 1645 e_rit
537 1579 704 1633 velet
747 1581 863 1634 haec
916 1577 1072 1633 fateri
1124 1579 1398 1649 perfectas
1448 1595 1572 1636 esse
1624 1580 1969 1653 bypnstases,

391 1673 481 1729 vel
546 1673 763 1729 divinas
796 1674 1189 1730 subsistentias
1248 1675 1678 1731 insubsistentes
1727 1675 1968 1746 opinari.

391 1765 462 1820 Et
493 1765 641 1835 quod
677 1781 824 1821 unus
865 1766 939 1821 sit
968 1766 1114 1821 Deus
1162 1775 1219 1821 et
1276 1766 1506 1834 Trinus,
1545 1767 1817 1822 habemus
1866 1781 1967 1837 per

2076 955 2170 991 ται
2202 938 2348 1009 ἔχειν
2390 938 2462 992 τά
2499 938 2625 1007 τρία
2667 937 2955 1007 πρόσωπα,
2999 935 3158 1008 ἦτὰς
3194 936 3344 1006 τρεῖς
3377 936 3655 1007 ἀναφορὰς

2030 1020 2038 1028 ’
2075 1031 2287 1096 τούτοις
2317 1032 2430 1095 τοῖς
2465 1030 2681 1094 πολλοῖς
2714 1031 2809 1083 καὶ
2836 1028 3137 1099 διαφόροις,
3168 1028 3467 1095 ἀναγκαῖον
3499 1026 3532 1097 ἦ
3560 1028 3659 1081 καὶ

2075 1123 2245 1178 ταῦτα
2268 1123 2551 1194 ὁμολογεῖν
2570 1122 2780 1185 τελείας
2807 1120 2944 1175 εἶναι
2967 1122 3314 1184 ὑποστάσεις,
3336 1120 3368 1191 ἢ
3392 1120 3487 1181 τὰς
3503 1120 3660 1183 θείας

2076 1213 2401 1274 ὑποστάσεις
2428 1214 2836 1275 ἀνυποστάτους
2870 1211 3100 1265 οἴεσθαι.
3139 1210 3249 1263 Καὶ
3275 1209 3337 1262 τὸ
3369 1211 3469 1278 μὲν
3509 1204 3653 1262 εἶναι

2073 1309 2166 1359 τὸν
2193 1304 2327 1357 Θεὸν
2356 1304 2417 1359 ἓν
2441 1306 2533 1358 καὶ
2565 1304 2697 1376 τρία
2725 1303 2866 1356 κατά
2889 1301 3235 1371 ἀποκάλυψιν
3265 1298 3486 1370 ἔχομεν,
3517 1299 3657 1370 ὑπὲρ

2073 1397 2352 1463 ἀπόδειξιν
2388 1395 2472 1461 ὃν,
2503 1396 2563 1451 τὸ
2594 1396 2653 1450 δὲ
2688 1396 2782 1449 τὸν
2814 1395 2949 1448 Θεὸν
2981 1393 3147 1447 αὑτὸν
3179 1391 3386 1447 ἁπλοῦν
3418 1408 3477 1444 τε
3512 1387 3657 1445 εἶναι

2074 1487 2169 1543 καὶ
2201 1487 2504 1550 συνθέσεως
2530 1487 2708 1555 πάσης
2733 1484 3086 1539 ἀνεπίδεκτον
3108 1483 3202 1535 καὶ
3222 1481 3318 1534 ἀνθ
3329 1494 3502 1551 ρωποι
3529 1480 3661 1546 ἀγό-

2077 1579 2326 1651 μενοιτῷ
2350 1577 2568 1650 φυσικῷ
2600 1577 2696 1631 τοῦ
2718 1576 2880 1645 λόγου
2906 1577 3045 1644 φωτὶ
3070 1571 3420 1645 ἠδυνήθησαν
3445 1571 3661 1626 ἀποδεῖ-

2074 1674 2197 1740 ξαι*
2247 1670 2438 1741 ὥσπερ
2479 1672 2573 1725 καὶ
2605 1670 2687 1725 δτι
2739 1662 2822 1732 εἷς
2858 1671 2975 1722 ἐστι
3003 1666 3136 1731 Θεὸς
3181 1667 3277 1721 καὶ
3323 1663 3527 1734 ἀγαθὸς
3563 1664 3662 1717 καὶ

2072 1766 2311 1829 δίκαιος·
2345 1766 2409 1817 ἐκ
2460 1763 2569 1834 γάρ
2609 1762 2876 1832 μεγέθους
2919 1761 3014 1814 καὶ
3041 1758 3304 1829 καλλονῆς
3337 1756 3659 1826 κτισμάτων

394 1857 820 1924 revelationem,
864 1873 992 1915 cum
1034 1858 1411 1915 demonstrari
1443 1873 1556 1915 non
1589 1859 1791 1930 possit,
1819 1858 1969 1929 quod

2081 1820 2353 1922 ἀναλόγως
2381 1853 2408 1906 ὁ
2434 1820 2827 1923 γενεσίουργὸς
2850 1820 3173 1921 καθορᾶται.
3201 1820 3317 1902 Οὑκ
3344 1847 3452 1901 ἔδει
3471 1820 3662 1900 ’τοίνυν

391 1954 575 2001 autem
606 1947 723 2017 ipse
748 1949 894 2005 Deus
947 1949 1186 2021 simplex
1218 1951 1310 2016 sit,
1340 1958 1507 2019 atque
1530 1951 1715 2007 omnis
1746 1965 1972 2021 compo-

326 2096 367 2109 κ
395 2037 617 2092 sitionis
639 2039 870 2096 minime
903 2056 1094 2111 capax,
1130 2042 1298 2098 etiam
1321 2042 1578 2099 homines
1610 2042 1763 2097 ducti
1813 2051 1972 2097 natu-

396 2127 501 2182 rali
523 2128 730 2185 lumine
762 2131 1012 2196 rationis,
1041 2130 1420 2189 demonstrare
1444 2132 1972 2200 valuerunt.Quem—

392 2219 691 2276 admodum
709 2222 853 2293 quod
873 2240 1018 2280 unus
1038 2226 1111 2281 sit
1132 2224 1299 2291 Deus,
1317 2233 1374 2281 et
1394 2226 1570 2281 bonus
1587 2233 1753 2296 atque
1771 2225 1970 2293 justus.

391 2310 605 2382 Quippe
632 2326 701 2367 ex
730 2314 1108 2387 magnitudine
1138 2330 1202 2371 ac
1236 2314 1651 2386 pulchritudine
1683 2323 1971 2371 creatura-

397 2414 518 2455 rum
552 2402 910 2471 proportione
968 2404 1150 2475 opil'ex
1201 2403 1566 2476 dignoscitur.
1625 2405 1746 2462 Non
1802 2407 1972 2477 igitur

396 2506 540 2562 opus
562 2502 683 2548 erat
700 2508 766 2549 ex
794 2493 1047 2551 obscuris
1074 2497 1308 2553 clariora
1338 2498 1479 2554 velle
1505 2499 1764 2569 probare,
1793 2514 1973 2570 neque

399 2600 467 2639 ex
494 2584 580 2641 his
603 2601 725 2656 qua:
753 2596 1017 2657 superant
1048 2588 1603 2657 demonstrationem,
1631 2606 1697 2647 ea
1721 2607 1845 2663 qua:
1869 2591 1973 2648 sub

399 2674 575 2743 ipsam
607 2673 807 2730 cadere
836 2686 1086 2746 possunt,
1120 2677 1524 2745 demonstrare,
1556 2694 1681 2735 cum
1730 2681 1822 2735 illa
1851 2680 1977 2736 l'un-

400 2766 553 2821 ditus
576 2766 896 2831 evertendo,
929 2776 1046 2823 tum
1074 2782 1175 2839 per
1198 2770 1303 2826 hoc
1332 2769 1438 2825 sibi
1473 2771 1610 2842 ipsis
1636 2772 1851 2841 aliquid
1879 2773 1978 2829 ab-

400 2856 627 2914 surdius
658 2858 1065 2928 concludendo,
1102 2861 1368 2916 nimirum
1398 2862 1572 2917 Deum
1631 2878 1699 2918 ex
1739 2861 1978 2919 diversis

400 2950 568 3005 rebus
590 2958 868 3007 constare.
895 2949 1055 3019 Quod
1084 2951 1235 3005 enim
1263 2966 1328 3007 ea
1351 2966 1473 3022 quae
1499 2960 1628 3007 sunt
1655 2967 1714 3007 re
1735 2951 1975 3020 diversa,

399 3042 457 3096 in
481 3055 652 3096 unum
679 3043 1099 3111 concurrentia,
1120 3044 1581 3115 compositionem
1611 3059 1723 3099 non
1747 3043 1974 3109 faciant,

2074 1947 2140 1999 ix
2169 1944 2281 1998 τῶν
2316 1943 2714 2014 ἀσαφεστόρων
2745 1942 2813 1996 τὰ
2852 1944 3167 2013 σαφέστερα
3194 1939 3484 2011 βούλεσθαι
3512 1955 3659 2009 παρ-

2077 2039 2249 2110 ιστᾷν,
2281 2034 2392 2091 οὐδ’
2414 2039 2479 2091 ἐκ
2497 2036 2610 2089 τῶν
2636 2035 2778 2106 ὑπὲρ
2792 2033 3066 2099 ἀπόδειξιν
3089 2036 3158 2086 τᾶ
3177 2030 3270 2086 ὑπ’
3290 2031 3459 2099 αὑτὴν
3494 2028 3660 2083 δυνά-

2078 2145 2215 2200 μενα
2238 2129 2457 2182 πίπτειν
2494 2125 2911 2183 ἀποδεικνύναι·
2933 2123 3120 2179 ἐκεῖνά
3156 2139 3213 2176 τε
3236 2122 3665 2193 ἀνατρέποντας,

2075 2224 2171 2277 καὶ
2189 2221 2280 2278 διὰ
2298 2220 2493 2276 τούτου
2517 2221 2733 2284 ἑαυτοῖς
2754 2219 3103 2287 ἀτοπώτερον
3123 2215 3251 2268 ἄλλο
3274 2229 3336 2266 συ
3343 2231 3451 2284 μπε
3459 2211 3669 2283 ραίνον.

2075 2331 2193 2379 τας,
2240 2313 2330 2367 τὸν
2369 2311 2501 2366 Θεὸν
2528 2313 2592 2363 ὲκ
2632 2297 2997 2379 διαφερόντων
3031 2304 3378 2360 συνίστασθαι
3400 2305 3667 2375 πραγμά-

2075 2421 2204 2460 των.
2237 2403 2312 2457 Τὸ
2348 2403 2457 2475 γὰρ
2492 2402 2560 2457 τὰ
2602 2403 2682 2465 είς
2722 2400 2783 2454 ἓν
2818 2400 3063 2454 συνιόντα
3106 2399 3387 2470 πράγματι
3435 2396 3666 2465 διάφορα

2079 2498 2331 2553 σύνθεσιν
2388 2496 2464 2567 μὴ
2512 2495 2686 2548 ποιεῖν
2740 2493 2825 2557 τίς
2855 2491 3108 2546 τοσοῦτον
3159 2490 3477 2554 ἀναίσθητος
3523 2487 3665 2541 ὥστε

2075 2587 2444 2661 ἀπαρνεῖσθαι
2465 2602 2483 2654 ;
2501 2585 2825 2640 Τοὺναντίον
2851 2584 2908 2639 δὲ
2939 2583 3139 2654 μᾶλλον
3159 2584 3225 2637 ὲκ
3253 2582 3362 2637 τῶν
3395 2581 3665 2651 σαφεστέ-

2082 2698 2190 2751 ρων
2234 2679 2305 2733 τά
2349 2677 2425 2749 μὴ
2453 2678 2678 2731 τοιαῦτα
2726 2675 3007 2744 συνάγειν,
3034 2675 3194 2745 εῐπερ
3219 2668 3331 2727 οἷόν
3364 2689 3423 2725 τε
3470 2670 3662 2741 ἐχρῆν,

2078 2771 2154 2835 ὡς
2181 2772 2209 2824 ὁ
2236 2769 2464 2824 καθόλου
2495 2766 2833 2834 παραδίδωσι
2864 2765 3023 2833 λόγος
3042 2780 3058 2796 ⁸
3091 2763 3310 2834 μάλισθ’
3331 2764 3413 2818 ὅτι
3443 2762 3536 2816 καὶ
3563 2762 3661 2815 τοῦ

2077 2866 2237 2933 λόγου
2273 2860 2400 2933 περὶ
2423 2861 2533 2915 τῶν
2563 2858 2690 2913 καθ’
2719 2858 2861 2912 αὑτὰ
2887 2858 2981 2912 κοιλ⁸
3010 2856 3429 2925 ἀπολελυμένως
3450 2853 3528 2925 τῷ
3544 2853 3665 2920 Θεῷ

2080 2957 2368 3028 προσεῖναι
2395 2952 2707 3024 λεγομένων
2730 2950 2903 3015 δντος,
2939 2952 3146 3028 ἐκεῖνοι
3179 2949 3277 3021 τὴν
3309 2949 3557 3002 ἔνστασιν
3594 2949 3663 2999 ἐκ

2079 3051 2190 3103 τῶν
2223 3045 2596 3120 προπωπικῶν
2630 3043 2728 3099 καὶ
2755 3042 2864 3096 τῶν
2898 3041 3177 3111 ἱδιοτήτων
3207 3040 3434 3110 ἐπῆγον,
3474 3036 3530 3091 αῖ
3566 3037 3665 3090 τοῦ

397 3130 523 3204 quis
575 3131 714 3188 adeo
763 3135 1022 3207 stupidus
1064 3146 1127 3191 ut
1176 3135 1374 3207 neget?
1434 3134 1664 3201 Contra,
1696 3137 1886 3207 potius
1909 3153 1977 3193 ex

2082 3141 2220 3212 πρός
2251 3156 2306 3194 τι
2338 3138 2532 3208 γένους
2562 3134 2696 3191 είσί.
2732 3135 2825 3188 Δεῖ
2856 3134 2935 3196 δὲ.
2974 3133 3140 3202 φασιν
3167 3131 3220 3185 οι
3252 3132 3378 3202 περὶ
3404 3128 3503 3219 τὰς
3533 3131 3669 3184 ἀπο-

398 3224 731 3282 clarioribus
757 3241 879 3296 quae
914 3242 1025 3283 non
1056 3227 1182 3284 talia
1209 3237 1342 3284 sunt
1367 3228 1724 3296 concludere,
1780 3229 1828 3286 si
1853 3229 1974 3285 ﬁeri

399 3324 605 3387 potest,
641 3317 953 3389 oportebat,
1016 3327 1075 3374 ut
1096 3317 1425 3374 universalis
1458 3319 1705 3389 postulat
1767 3320 1978 3390 regula.

360 3410 710 3483 ~Dr.esertitn
743 3426 869 3466 cum
906 3426 1088 3467 sermo
1118 3413 1191 3467 sit
1216 3418 1285 3468 de
1319 3412 1390 3468 iis
1420 3429 1544 3484 quas
1593 3429 1693 3484 per
1726 3429 1787 3471 se
1814 3424 1979 3484 atque

400 3501 648 3557 absolute
681 3501 792 3557 Deo
818 3501 1012 3556 adesse
1038 3502 1317 3569 dicuntur,
1363 3503 1444 3559 illi
1473 3502 1540 3559 ex
1592 3505 1981 3575 personalibus

400 3599 459 3646 et
490 3592 922 3661 proprietatibus
952 3593 1327 3664 objectionem
1359 3594 1691 3664 all'erebant,
1733 3612 1856 3668 qua:
1882 3614 1979 3666 ge-

408 3684 560 3737 neris
613 3681 682 3737 ad
753 3682 967 3752 aliquid
999 3692 1152 3740 sunt.
1213 3682 1446 3754 Oportet
1475 3702 1636 3754 vero,
1692 3687 1978 3757 inquiunt,

406 3775 503 3846 qui
532 3774 677 3830 circa
711 3773 1214 3834 demonstrationes
1245 3778 1410 3849 periti
1449 3790 1605 3841 sunt.
1661 3779 1980 3835 instantiam

403 3881 527 3921 esse
576 3881 641 3920 ex
690 3865 882 3922 eodem
932 3882 1172 3939 genere,
1234 3870 1396 3940 cujus
1473 3872 1812 3928 contrarium
1875 3874 1982 3943 ipsi

403 3951 669 4013 iacientes
721 3956 998 4012 errabant.
1082 3956 1280 4013 Verum
1354 3951 1498 4029 opus
1551 3968 1673 4016 erat
1739 3962 1984 4019 rationes

404 4048 628 4119 quidem
655 4047 725 4103 de
753 4048 1107 4119 simplicitate
1144 4051 1405 4105 universe
1427 4059 1596 4120 atque
1624 4067 1786 4108 veras
1814 4057 1981 4123 tueri,

386 4137 553 4208 quod
578 4148 760 4193 autem
792 4136 847 4193 in
878 4153 987 4194 uno
1041 4147 1258 4194 tantum
1301 4138 1575 4195 dissidere
1607 4141 1851 4210 videtur,
1895 4146 1982 4200 vel

402 4230 594 4286 conari
619 4240 676 4285 et
706 4230 844 4287 illud
869 4241 1192 4286 consonans
1232 4231 1535 4288 universali
1591 4235 1793 4290 rationi
1856 4238 1985 4293 red-

405 4322 562 4389 dere,
600 4324 682 4379 vel
719 4338 827 4378 non
855 4321 1248 4423 proptegillud
1282 4322 1585 4385 obscurant
1606 4369 1621 4395 ,
1655 4330 1824 4385 etiam
1858 4346 1985 4401 quae

404 4422 536 4469 sunt
558 4415 815 4470 omnibus
847 4414 994 4473 clara
1019 4414 1296 4482 ericrtere,
1356 4416 1699 4476 destruendo
1762 4421 1832 4477 de
1866 4422 1981 4480 Deo

2081 3232 2272 3298 δείξεις
2301 3230 2563 3301 τεχνῖται,
2606 3224 2707 3296 τὴν
2741 3223 2994 3279 ἔνστασιν
3036 3222 3103 3277 ὲκ
3133 3219 3228 3276 τοῦ
3276 3218 3438 3274 αὐτοῦ
3474 3218 3667 3285 γένους

2081 3320 2245 3390 εἶναι,
2267 3314 2327 3375 οὑ
2339 3317 2650 3375 τούναντίον
2666 3316 2819 3370 αὐτοὶ
2841 3314 3125 3378 ποιοῦντες
3150 3312 3483 3385 ἡμάρτανον.
3501 3309 3668 3364 Ἀλλά

2081 3417 2208 3478 τοὺς
2259 3412 2358 3483 μὲν
2386 3409 2516 3482 περὶ
2565 3410 2664 3478 τῆς
2702 3408 3018 3483 ἁπλότητος·
3045 3406 3280 3460 καθόλου
3325 3404 3418 3457 καὶ
3447 3401 3668 3472 ἀληθεῖς

2082 3480 2273 3575 λόγους
2301 3480 2616 3575 φυλάττειν,
2642 3500 2703 3554 τὸ
2731 3500 2777 3554 δ’
2800 3480 2885 3570 ἐφ’
2908 3501 3025 3563 ἑνὸς
3048 3498 3241 3553 δοκοῦν
3275 3497 3437 3566 μόνον
3464 3495 3666 3562 διαφω-

2083 3597 2269 3669 νεῖν,ἥ
2296 3595 2591 3667 πειρᾶσθαι
2610 3593 2833 3647 κάκεῖνο
2854 3591 3145 3662 σύμφωνον
3171 3589 3247 3660 τῷ
3266 3587 3494 3642 καθόλου
3519 3587 3663 3656 λόγῳ

2085 3692 2286 3756 ποιεῖν,
2321 3689 2356 3758 ἢ
2399 3687 2474 3759 μὴ
2503 3686 2570 3740 δι’
2603 3687 2782 3739 ἐκεῖνο
2814 3683 2877 3738 τὸ
2906 3682 3116 3753 ἀσαφὲς
3144 3683 3240 3737 καὶ
3273 3682 3342 3735 τά
3368 3681 3503 3735 πᾶσι
3531 3679 3667 3749 δῆλα

2083 3782 2439 3853 ἀνατρέπειν,
2484 3777 2850 3849 ἀναιροῦντας
2888 3777 2987 3838 τὰς
3032 3774 3347 3842 ἀξιολόγους
3393 3773 3521 3844 περὶ
3572 3770 3666 3824 τοῦ

2085 3870 2220 3926 Θεοῦ
2270 3868 2568 3940 ὑπολήψεις
2599 3867 2674 3932 ὡς
2720 3866 2749 3919 ό
2786 3866 2961 3939 μέγας
2997 3865 3105 3937 ἔφη
3162 3865 3473 3927 Βασίλειος’
3522 3864 3665 3918 ὥστε

2085 3961 2366 4025 παντελῶς
2398 3960 2615 4027 ἄλογον,
2648 3958 2704 4013 εἴ
2740 3975 2825 4022 τις
2854 3958 3046 4037 ὥσπερ
3085 3959 3183 4030 τῆς
3213 3957 3401 4019 οὐσίας
3443 3960 3534 4011 καὶ
3567 3959 3668 4026 τῆς

2087 4055 2439 4116 ὑποστάσεως
2471 4038 2569 4107 και
2597 4052 2708 4105 τῶν
2744 4051 3029 4122 ίδιοτὴτων
3058 4049 3186 4103 ἄλλο
3224 4049 3322 4103 καὶ
3348 4048 3477 4103 ἄλλο
3515 4048 3669 4116 λεγο-

2090 4148 2289 4216 μένων,
2320 4148 2386 4199 ὲκ
2416 4144 2621 4199 τούτων
2655 4144 2756 4197 οὑκ
2797 4141 3184 4198 επακολουθῶν
3228 4142 3476 4194 σύνθεσιν
3504 4143 3561 4193 ὲν
3589 4138 3670 4209 τῷ

2086 4238 2205 4311 Θεῷ
2226 4238 2398 4308 λέγοι,
2424 4237 2567 4291 οὕτω
2597 4237 2686 4291 καὶ
2708 4235 2984 4307 διαφόρων
3012 4236 3356 4307 πραγμάτων
3379 4235 3519 4288 κατά
3543 4233 3671 4287 πολ-

2086 4332 2186 4395 λὰς
2236 4333 2333 4385 καὶ
2361 4329 2675 4392 ἀντιθέτους
2707 4328 3003 4397 διαιρέσεις
3040 4329 3128 4382 tn’
3158 4328 3326 4382 αὑτοῦ
3377 4327 3666 4398 εἰσαγομέ·

2087 4442 2193 4478 νων
2231 4423 2330 4493 οὑχ
2361 4421 2593 4474 ἔπεσθαι
2635 4420 2890 4475 σύνθεσιν
2918 4419 3275 4491 ἰσχυρζοιτο.

408 4507 698 4577 ιρι-ςεοιποε
723 4508 1038 4579 opiniones.
1085 4516 1145 4563 ut
1212 4524 1447 4582 magnus
1477 4513 1555 4570 ait
1628 4514 1890 4573 Basilius.
1952 4517 2141 4588 Itaque
2176 4531 2404 4588 prorsus
2471 4516 2853 4571 irrationabile
2916 4524 3026 4578 est,
3079 4516 3125 4570 si
3172 4514 3297 4584 quis
3335 4528 3495 4568 exeo
3524 4510 3670 4584 quod

409 4602 721 4657 substantia
748 4611 803 4658 et
829 4602 1161 4674 hypostasis,
1194 4604 1672 4677 proprietatesque
1704 4607 1855 4663 aliud
1910 4619 1966 4664 et
2002 4611 2150 4664 aliud
2213 4608 2490 4672 dicantur,
2526 4623 2633 4662 non
2710 4607 2834 4663 ideo
2866 4605 3023 4677 sequi
3093 4607 3553 4677 compositionem
3613 4605 3666 4658 in

407 4695 518 4763 De;
545 4694 739 4760 dicat;
770 4685 845 4774 iis
882 4696 1065 4751 etiam”
1083 4696 1132 4752 si
1182 4699 1310 4768 quis
1358 4698 1610 4755 diverszts
1645 4715 1734 4755 res
1773 4701 2081 4759 secundum
2150 4701 2371 4765 inultas,
2408 4714 2465 4755 et
2529 4699 2813 4771 Oppositas
2879 4698 3212 4765 divisiones,
3252 4700 3308 4754 in
3377 4698 3556 4769 ipsum
3586 4698 3671 4752 in-

408 4785 683 4861 :roducat,
708 4802 818 4843 non
851 4790 1504 4861 sequicompositioncm
1537 4792 1857 4848 contendat.

479 4852 756 4937 f’razterca
787 4898 853 4937 ex
877 4883 1039 4940 dictis
1068 4852 1250 4940 soluta
1280 4893 1432 4947 sunt,
1467 4900 1591 4956 qua:
1620 4885 1780 4941 Nilus
1807 4885 1977 4943 Thes-

2165 4888 2288 4940 Ἔτι
2320 4889 2382 4940 ἐκ
2410 4887 2518 4940 τῶν
2532 4884 2845 4958 εἰρημένων
2867 4884 3087 4940 λέλυται
3115 4888 3209 4938 καὶ
3227 4884 3372 4953 ἅπερ
3397 4885 3503 4938 όέκ
3532 4884 3665 4939 Θεσ-

407 4974 771 5030 salonicensis
829 4976 898 5030 ad
962 4978 1341 5043 astruendam,
1401 4989 1458 5033 et
1519 4979 1986 5050 comprobandam

409 5067 553 5120 hanc
598 5065 915 5135 opinionem
967 5069 1359 5132 accumulavit,
1417 5071 1609 5135 veluti,
1647 5088 1817 5126 unum
1862 5074 1989 5144 qui-

411 5154 535 5210 dem
570 5164 880 5223 estnomen
939 5158 1189 5213 divinum
1241 5160 1548 5215 secundum
1585 5150 1866 5229 naturam,
1903 5180 1990 5220 se-

409 5244 654 5301 cundum
680 5261 813 5302 vero
830 5248 1151 5318 bypostases
1175 5266 1280 5304 non
1302 5267 1491 5304 unum.
1514 5252 1686 5306 Porro
1710 5263 1986 5322 quatenus

412 5348 499 5394 est
529 5354 725 5403 unum,
778 5348 835 5393 et
870 5348 1143 5409 quatenus
1179 5357 1285 5394 non
1314 5350 1400 5396 est
1461 5359 1652 5408 unum,
1711 5347 1988 5413 quomodo

420 5431 609 5486 idem?
641 5432 708 5486 Et
746 5431 1056 5485 substantia
1087 5432 1311 5501 quidem
1347 5449 1475 5499 una,
1515 5436 1834 5505 liypostases
1858 5452 1990 5493 vero

421 5524 614 5587 multa,
658 5537 827 5575 unum
890 5528 1070 5575 autem
1117 5534 1173 5577 et
1208 5524 1501 5579 multitudo
1559 5527 1665 5581 alia
1719 5539 1869 5583 sunt.
1922 5529 1993 5584 Et

415 5610 564 5681 quod
599 5614 763 5668 etiam
788 5612 1128 5699 1hypostasis,
1162 5626 1219 5671 ct
1249 5615 1556 5672 substantia
1587 5619 1733 5689 apud
1772 5620 1983 5674 theolo-

415 5719 513 5773 gos
537 5720 644 5758 non
687 5703 854 5771 idem.
886 5705 1085 5761 Dicunt
1114 5720 1296 5765 autem
1323 5711 1592 5774 nonnulli,
1627 5711 1771 5779 quod
1797 5711 1984 5766 divina

417 5802 611 5850 natura
640 5802 727 5851 est
761 5794 1028 5859 increata.
1085 5818 1205 5872 quae
1240 5819 1367 5857 vero
1403 5814 1532 5857 sunt
1581 5811 1779 5873 praeter
1813 5803 1977 5869 hanc,

2096 4978 2384 5046 σαλονίκης
2434 4977 2627 5040 Νεῖλος
2681 4977 2775 5030 ἐπὶ
2795 4977 3054 5031 συστάσει
3106 4978 3205 5047 τῆς
3265 4975 3425 5042 δόξης
3472 4977 3670 5043 ταύτης

2098 5070 2466 5140 συνεφόρησεν
2525 5063 2637 5122 οἷον
2688 5066 2747 5121 ἓν
2800 5068 2901 5138 μὲν
2938 5067 2999 5120 τὸ
3029 5068 3182 5120 Θεῖον
3203 5068 3343 5121 κατά
3365 5068 3464 5138 τὴν
3485 5067 3667 5136 φύσιν,

2098 5160 2242 5215 κατά
2274 5160 2329 5213 δὲ
2379 5159 2476 5223 τὰς
2510 5159 2837 5223 ὑποστάσεις
2886 5159 2986 5230 οὑχ
3015 5159 3096 5212 ἓν.
3145 5159 3295 5213 Καθὸ
3324 5158 3383 5214 δέ
3415 5160 3563 5213 ἐστιν
3612 5159 3669 5211 ἓν

2098 5256 2191 5307 καὶ
2223 5252 2358 5308 καθὸ
2381 5254 2479 5323 οὐχ
2509 5252 2587 5315 ἓν,
2621 5252 2739 5316 πῶς
2772 5253 2979 5319 ταὺτός
3019 5252 3131 5306 Καὶ
3152 5254 3186 5322 ή
3218 5252 3318 5322 μὲν
3346 5252 3504 5306 οὐσία
3548 5252 3667 5324 μία.

2096 5349 2150 5398 αί
2182 5345 2567 5404 δ’ύποστάσεις
2596 5345 2812 5410 πολλαὶ,
2842 5344 2900 5398 ἓν
2925 5345 2982 5397 δὲ
3013 5343 3332 5415 καὶητλῆθος
3365 5343 3673 5414 ἕτεραδκαὶ

2096 5436 2178 5488 ὅτι
2208 5435 2393 5501 ἐπειδὴ
2422 5435 2721 5497 ὑπόστασις
2752 5434 2845 5486 καὶ
2875 5433 3034 5487 obsis
3064 5432 3218 5504 παρά
3254 5437 3368 5498 τοῖς
3402 5434 3671 5504 θεολόγοις

2098 5530 2159 5582 οὑ
2202 5528 2384 5589 norb,
2435 5527 2661 5596 λέγουσι
2712 5527 2768 5579 δέ
2799 5544 2944 5591 τινες
2975 5527 3050 5590 ὡς
3103 5528 3239 5599 μόνη
3274 5530 3307 5599 ἠ
3344 5528 3463 5583 θεία
3510 5528 3671 5599 φύσις

2092 5623 2346 5683 amisso;
2380 5662 2394 5686 ,
2434 5621 2499 5676 τὰ
2550 5621 2606 5674 δὲ
2638 5621 2793 5691 παρά
2836 5620 3045 5692 ταύτην
3095 5622 3273 5678 πάντα
3304 5623 3539 5693 γεννητά
3575 5625 3669 5676 καὶ

2093 5715 2308 5778 κτιστὰ,
2335 5714 2525 5784 κτιστή
2552 5714 2615 5766 ἂν
2647 5712 2788 5783 εῖηὴ
2823 5713 2941 5766 θεῖα
2968 5715 3287 5779 ὑπόστασις,
3317 5718 3412 5770 καὶ
3444 5714 3669 5768 τοιαῦτα

2092 5806 2149 5871 ἐξ
2184 5801 2257 5858 ὧν
2294 5805 2544 5860 ἐϐούλετο
2599 5807 2993 5877 πραγματικὰς
3027 5807 3290 5878 διαφορᾶς
3335 5809 3392 5861 ὲν
3432 5806 3511 5876 τῷ
3552 5805 3669 5876 Θεῷ
