4036 6442
321 357 431 420 889

1243 364 1342 424 DE
1379 347 1903 426 PROCESSIONE
1947 365 2309 426 SPIRITUS
2352 369 2654 430 sane“.

3475 370 3584 433 890

318 467 582 534 εἰσάγειν.
620 467 805 521 Ταῦτα
837 467 892 520 δὲ
921 469 977 520 οὗ
1015 472 1160 537 σαφῆ
1193 472 1356 539 μόνον
1387 476 1500 546 ἔχει
1528 477 1625 546 τὴν
1658 477 1898 547 βλασφη-

2015 482 2187 535 πιιιιίιι
2224 491 2352 536 sunt
2381 483 2585 551 genita,
2617 489 2671 534 et
2696 489 2902 542 creata,
2936 479 3120 535 (lit-ina
3153 478 3489 551 hypostasis,
3527 484 3586 532 et

320 560 472 645 μίαν,
507 558 643 612 ἀλλᾶ
673 561 768 613 καὶ
805 561 1007 630 πολλὴν
1055 564 1311 632 εὐήθειαν
1341 568 1435 619 τοῦ
1467 569 1752 636 εἰρηκότος
1784 587 1890 620 πα-

322 650 590 719 ρίστησιν.
628 651 910 720 ,Ἥγνίησε
946 653 1052 723 γὰρ
1085 656 1365 719 παντελῶς
1393 659 1467 720 ὼς
1498 659 1558 710 ού
1585 661 1784 711 ταυτὸν
1815 653 1896 711 εἷ-

319 757 424 793 πον
470 741 519 793 οἱ
561 739 800 810 θεολόγοι
831 744 889 796 ού
949 745 1024 814 τῷ
1060 748 1383 816 πράγματι,
1421 750 1558 802 ἀλλὰ
1609 750 1685 819 τῷ
1727 751 1892 821 λόγῳ.

323 836 458 888 Οὐδὲ
493 835 603 902 γὰρ
631 835 762 889 ἄλλο
790 854 844 889 τι
877 839 1109 908 πρᾶγμά
1153 842 1301 893 ἐστιν
1333 843 1366 910 ὴ
1403 841 1582 903 οὐσία,
1614 843 1743 896 ἄλλο
1773 844 1826 896 δὲ
1859 846 1892 912 ή

319 925 644 988 ὑπόστασις,
672 927 924 997 καθάπερ
951 928 1241 996 δέδεικται,
1266 935 1363 986 καὶ
1382 933 1466 985 ὅτι
1491 933 1548 985 τὸ
1574 933 1628 985 ἓν
1653 934 1728 997 ὡς
1749 933 1898 1001 ὀμώ-

253 1030 274 1045 “
317 1035 490 1084 νυμον
538 1017 824 1086 πολλαχῶς
872 1019 1097 1075 δύναται
1142 1023 1536 1093 λαμϐάνεσθαι.
1581 1028 1675 1079 Ἓν
1703 1028 1811 1098 γάρ
1844 1045 1896 1079 τι

318 1108 562 1173 λέγεται,
599 1109 694 1160 καὶ
727 1109 859 1162 ὅταν
891 1125 943 1162 τι
994 1111 1214 1184 ὑπάρχῃ
1260 1113 1318 1165 ἓν
1356 1113 1434 1182 τῷ
1466 1115 1706 1184 ἀριθμῷ,
1757 1116 1789 1184 ἢ
1821 1115 1897 1184 τῷ

317 1197 633 1265 πράγματι.
679 1200 774 1251 καὶ⁵
806 1201 935 1253 ὅταν
965 1201 1022 1253 ἒν
1071 1203 1151 1274 τῷ
1179 1203 1319 1271 λόγῳ
1349 1220 1366 1236 ο
1397 1206 1660 1269 ὡσαύτως
1694 1207 1758 1276 δὴ
1804 1208 1900 1260 καὶ

317 1289 378 1340 τὸ
406 1289 504 1356 ούχ
534 1289 614 1344 ἓν.
648 1291 720 1341 Τὸ
753 1286 846 1344 οῦν
880 1292 978 1360 οὐχ
1007 1293 1066 1346 ἓν
1095 1296 1173 1365 τῷ
1204 1297 1349 1368 λόγῳ
1387 1299 1478 1351 ἐπὶ
1504 1298 1598 1352 τοῦ
1634 1302 1899 1368 πράγμα-

317 1398 410 1444 τος
441 1381 796 1451 εἰλημμένον,
826 1383 917 1435 τὸν
944 1387 1356 1457 παραλογισμὸν
1405 1390 1722 1458 είργάσατο.
1762 1390 1901 1443 Tati-

318 1489 434 1535 τοις
466 1475 579 1534 τοῖς
623 1473 807 1541 λόγοις
839 1475 1187 1546 ἐξελέγχεται
1237 1482 1331 1533 καὶ
1378 1482 1487 1534 πᾶν
1529 1481 1718 1551 ἕτερον
1769 1483 1898 1550 παρ’

322 1561 504 1614 αὐτῶν
537 1564 974 1634 προτεινόμενον.
1013 1566 1087 1618 Τὸ
1115 1567 1224 1637 γὰρ
1253 1567 1383 1622 ἄλλο
1411 1569 1504 1620 καὶ
1537 1569 1684 1634 ἄλλο,
1719 1571 1814 1622 καὶ
1838 1569 1900 1622 τὸ

321 1653 382 1703 οὐ
413 1653 598 1717 ταυτὸ,
631 1653 691 1704 ού
722 1651 798 1722 τῷ
832 1654 1136 1724 πράγματι,
1163 1655 1301 1708 ἀλλὰ
1351 1656 1428 1725 τῷ
1460 1657 1603 1727 λόγῳ
1637 1658 1900 1725 μεγίστην

319 1743 433 1812 ἔχει
464 1742 563 1812 τὴν
589 1745 742 1814 ἰσχὺν
768 1749 860 1799 ἐπὶ
881 1749 980 1815 τῆς
996 1748 1102 1799 τῶν
1131 1749 1330 1801 οὑτωσὶ
1357 1749 1793 1818 προτεινομένων
1809 1749 1904 1800 λύ-

322 1849 484 1892 σεως·
517 1831 545 1884 ὃ
577 1836 673 1884 καὶ
705 1835 798 1886 ἐπὶ
827 1837 936 1887 τῶν
963 1837 1247 1904 παρόντων
1275 1837 1390 1892 ἐστι
1421 1839 1672 1907 θεωρεῖν.
1715 1839 1772 1892 Ὀ
1796 1837 1904 1907 γὰρ
1940 1831 1980 1886 Β

321 1924 455 1986 Θεὸς
475 1925 695 1991 λέγεται
725 1927 884 1980 οὐσία
912 1930 1006 1982 καὶ
1032 1930 1196 1999 σοφία
1225 1933 1321 1984 καὶ
1351 1933 1403 1984 εί
1422 1948 1475 1984 τι
1506 1931 1765 1997 τοιοῦτον,
1791 1923 1908 1983 ἀλλ’

323 2017 422 2086 οὐχ
441 2017 519 2070 ὅτι
538 2018 607 2072 τὰ
621 2019 862 2090 ὀνόματα
881 2021 1234 2090 διᾶφορα,κα“ι
1250 2023 1480 2092 διάφορα
1503 2025 1807 2093 πράγματα
1827 2022 1912 2092 δη·

323 2111 525 2163 λοῦσινο
558 2110 702 2164 οὕτω
719 2113 828 2182 γὰρ
849 2109 917 2183 ἦν
935 2113 1000 2168 ἂν
1019 2114 1335 2184 πολυειδὴς,
1372 2117 1465 2168 καὶ
1485 2113 1908 2185 ἁνομοιομερὴς,

321 2203 419 2255 καὶ
448 2201 724 2268 σύνθετος·
760 2205 878 2257 ἀλλ’
913 2208 1038 2260 ἐπεὶ
1068 2208 1100 2276 ἡ
1133 2206 1295 2276 φύσις
1335 2207 1494 2275 ἡμῶν
1525 2207 1626 2259 οὐκ
1671 2206 1786 2274 ἔχει
1829 2205 1908 2257 ἑνὶ

319 2296 550 2366 ὀνόματι
576 2298 710 2351 αὐτὸ
733 2297 987 2351 ὁπωσοῦν
1015 2300 1044 2353 ὅ
1074 2301 1224 2353 ἐστιν
1247 2299 1608 2364 ἐνδείξασθαι,
1639 2299 1727 2352 διὰ
1749 2299 1909 2352 τοῦτο

323 2387 600 2448 ποικίλοις
633 2389 728 2440 καὶ
761 2387 1046 2459 διαφόροις
1093 2389 1320 2460 ὀνόμασι
1363 2389 1425 2442 τὸ
1451 2390 1584 2443 αὐτὸ
1632 2389 1906 2459 διαφόρως

323 2481 666 2552 ὀνομάζομεν
720 2482 816 2552 τῆς
871 2482 1138 2552 διαφορᾶς
1195 2486 1253 2536 ἐν
1311 2485 1424 2546 τοῖς
1478 2483 1710 2553 ὀνόμασι
1745 2483 1906 2552 μόνον

290 2573 730 2643 -θεωρουμένης,
783 2574 880 2627 καὶ
933 2575 1078 2628 κατὰ
1128 2577 1254 2638 τοὺς
1292 2574 1488 2644 λόγους
1523 2575 1726 2630 αὐτῶν.
1778 2570 1906 2628 υἷον

321 2668 519 2736 ἐφόσον
546 2671 574 2720 ό
609 2657 708 2738 μὲν
739 2668 896 2736 λόγος
926 2668 1026 2736 τῆς
1070 2669 1259 2732 οὐσίας
1304 2670 1425 2722 ἐστὶ
1449 2669 1510 2722 τὸ
1559 2669 1683 2723 καθ’
1725 2669 1897 2738 αὐτὴν

325 2759 685 2827 ὑφίστασθαι,
722 2760 819 2828 τῆς
848 2759 905 2811 δὲ
956 2761 1149 2829 σοφίας
1203 2760 1262 2812 τὸ
1308 2759 1512 2827 γνῶσιν
1561 2757 1700 2813 εἶναι
1745 2758 1908 2813 θείων

324 2853 422 2904 καὶ
452 2851 811 2921 ἀνθρωπίνων
859 2853 1228 2920 πραγμάτων,
1273 2852 1305 2920 ἢ
1347 2851 1550 2918 γνῶσιν
1593 2851 1698 2904 τῶν
1731 2851 1911 2922 ύπαρλ

326 2942 541 3012 χουσῶν
592 2941 780 2995 αἰτιῶν
824 2943 963 3017 κατὰ
989 2943 1214 3006 τούτους
1237 2943 1364 3006 τοὺς
1395 2943 1584 3009 λόγους
1610 2945 1636 2995 ό
1658 2941 1790 3005 Θεὸς
1819 2942 1896 2994 λέ-

325 3051 486 3102 γεται
523 3034 616 3088 καὶ
646 3033 760 3088 ἔστι
791 3035 885 3088 καὶ
907 3035 1068 3103 σοφία
1099 3036 1194 3088 καὶ
1220 3036 1399 3098 οὐσία,
1434 3037 1527 3090 καὶ
1551 3036 1698 3097 ὅπως
1730 3033 1906 3095 ἄλλως

2010 575 2216 629 similia
2250 585 2434 629 creata
2466 584 2674 638 essent,
2713 589 2777 627 ex
2807 575 3007 636 quibus
3032 572 3207 626 reales
3239 570 3581 625 differentias

2017 669 2281 722 inducere
2310 669 2362 720 in
2391 667 2562 720 Deum
2588 667 2829 721 volebat.
2888 663 3011 719 Haec
3045 674 3229 718 autem
3263 678 3371 716 non
3406 663 3584 716 solum

2003 758 2346 811 manifestam
2383 757 2584 810 habent
2608 757 3025 824 blasphemiam,
3048 754 3142 809 sed
3167 754 3330 807 etiam
3359 752 3585 805 multam

2003 848 2240 903 dicentis
2300 847 2604 901 ostendunt
2660 848 3048 901 stoliditatem.
3108 845 3321 913 Quippe
3353 857 3587 910 prorsus

2005 941 2297 1010 ignoravit,
2349 941 2498 1009 quod
2555 955 2663 994 non
2702 941 2846 992 idem
2881 938 3143 992 dixerunt
3201 935 3440 1003 theologi
3474 950 3584 988 non

2007 1049 2084 1096 re,
2121 1033 2215 1086 sed
2247 1035 2484 1085 ratione.
2518 1031 2735 1084 Etenim
2769 1045 2880 1082 non
2943 1039 3028 1082 est
3061 1029 3167 1082 alia
3219 1028 3468 1096 quaadam
3503 1043 3592 1080 res

2005 1124 2336 1188 substantia,
2369 1124 2472 1176 alia
2505 1138 2638 1176 vero
2668 1120 3002 1192 hypostasis,
3060 1129 3121 1173 ut
3148 1128 3434 1174 ostensum
3473 1129 3580 1178 est,

2004 1204 2234 1287 etquod
2271 1233 2463 1278 unum,
2521 1227 2580 1269 ttt
2625 1217 2970 1283 aaquivocum
3024 1213 3377 1267 multifariam
3443 1212 3584 1265 sumi

2006 1321 2208 1380 potest.
2248 1309 2428 1364 Unum
2460 1310 2608 1362 enim
2644 1307 2850 1376 aliquid
2905 1306 3131 1368 dicitur,
3168 1313 3222 1360 et
3251 1305 3471 1374 quando
3499 1319 3593 1357 ex-

2007 1401 2155 1454 sistit
2187 1416 2355 1453 unum
2395 1414 2644 1463 numero,
2685 1414 2780 1451 seu
2809 1411 2895 1458 re,
2942 1406 2999 1450 et
3027 1395 3247 1466 quando
3299 1411 3470 1450 ttnum
3505 1411 3591 1448 ra-

2009 1495 2156 1548 tione
2184 1510 2200 1547 :
2231 1492 2485 1547 similiter
2514 1499 2697 1546 autem
2721 1499 2777 1544 et
2802 1505 2912 1544 non
2961 1505 3129 1543 unum
3163 1489 3586 1558 paralogismutn

2008 1583 2174 1652 igitur
2200 1581 2350 1645 fecit,
2383 1595 2494 1633 non
2540 1595 2712 1633 unum
2744 1577 2979 1642 ratione,
3017 1584 3304 1644 acceptum
3350 1592 3449 1645 pro
3480 1591 3585 1630 non

2010 1699 2180 1737 unum
2213 1697 2294 1737 re.
2321 1681 2483 1736 Ilisce
2514 1679 2828 1734 rationibus
2851 1677 3201 1747 redarguitur
3229 1686 3285 1731 et
3316 1675 3586 1745 quidquid

2009 1775 2156 1828 aliud
2177 1773 2245 1826 ab
2265 1773 2399 1841 ipsis
2425 1769 2786 1842 preponitur:
2819 1767 2949 1821 illud
2977 1768 3123 1821 enim
3144 1767 3316 1832 aliud,
3339 1775 3394 1820 et
3412 1765 3586 1830 aliud,

2012 1877 2068 1922 et
2095 1883 2200 1920 non
2239 1867 2408 1927 idem,
2442 1879 2551 1918 non
2583 1877 2664 1929 re,
2701 1861 2797 1918 sed
2833 1861 3070 1924 ratione,
3107 1859 3400 1913 maximam
3427 1858 3590 1912 habet

2011 1961 2120 2014 vim
2184 1959 2249 2013 ad
2289 1957 2698 2012 dissolvendum
2753 1969 2818 2009 ea
2871 1968 2992 2024 qua:
3052 1954 3132 2007 sie
3183 1959 3587 2021 proponuntur.

2011 2051 2166 2117 Quod
2198 2051 2332 2105 etin
2359 2047 2720 2119 praesentibus
2753 2045 3105 2101 considerare
3133 2026 3296 2097 licet.
3332 2042 3584 2109 Namque

2011 2144 2156 2198 Deus
2189 2142 2394 2196 dicitur
2467 2139 2778 2195 substantia
2815 2147 2870 2191 et
2925 2137 3216 2206 sapientia,
3253 2144 3310 2189 et
3355 2135 3398 2189 si
3456 2133 3588 2203 quid

2010 2233 2282 2306 ejusmodi
2327 2242 2448 2295 εει,
2491 2239 2755 2287 caeterum
2809 2245 2918 2284 non
2947 2229 3074 2297 quia
3113 2226 3334 2280 nomina
3371 2225 3588 2279 diversa

2002 2335 2163 2390 sunt,
2205 2325 2370 2378 etiam
2430 2337 2520 2376 res
2575 2321 2825 2375 diversas
2879 2317 3193 2386 signiﬁcant
3237 2332 3252 2370 :
3300 2315 3382 2370 sic
3439 2314 3588 2367 enim

2010 2418 2153 2472 Deus
2180 2425 2325 2470 esset
2357 2411 2714 2467 multiformis
2768 2409 3024 2479 partibus
3050 2407 3418 2462 dissimilibus
3448 2420 3582 2459 con-

2011 2517 2184 2570 stans,
2255 2516 2421 2574 atque
2483 2503 2845 2572 compositus.
2914 2498 3020 2555 Sed
3069 2498 3329 2567 quoniam
3393 2503 3589 2548 natura

2011 2609 2198 2653 nostra
2223 2612 2331 2650 non
2361 2603 2542 2664 potest
2570 2607 2682 2647 uno
2712 2592 2936 2646 nomine
2962 2605 3032 2645 ne
3064 2588 3335 2643 tantulum
3366 2585 3591 2656 quidem

2011 2687 2307 2745 ostendere
2338 2687 2393 2742 id
2426 2685 2573 2755 quod
2603 2692 2708 2747 est,
2747 2691 3042 2754 propterea
3061 2679 3228 2735 variis
3253 2693 3318 2733 ae
3358 2677 3593 2731 diversis

2010 2780 2330 2836 nominibus
2362 2779 2507 2832 idem
2539 2777 2757 2831 diverse
2790 2775 3163 2836 nominamus,
3194 2769 3506 2826 dilierentia
3537 2769 3591 2822 in

2010 2872 2326 2926 nominibus
2345 2879 2553 2925 tantum
2573 2867 2937 2928 considerata.
2955 2873 3010 2920 et
3029 2863 3330 2920 secundum
3351 2862 3593 2916 rationes

2013 2962 2280 3033 ipsorum.
2308 2959 2471 3016 Verbi
2493 2959 2688 3030 gratia,
2705 2968 2978 3027 quatenus
2999 2953 3250 3008 deﬁnitio
3273 2950 3594 3005 substantia:

2008 3065 2096 3113 est
2125 3071 2223 3127 per
2239 3069 2297 3111 se
2316 3053 2635 3117 subsistere,
2655 3049 2940 3119 sapientiae
2953 3053 3135 3102 autem
3174 3058 3360 3098 rerum
3379 3042 3596 3096 divina-

328 3130 363 3200 ή
393 3127 715 3199 ἀνθρωπίνη
741 3129 977 3200 εὐπορία
1003 3129 1228 3184 δύναται
1297 3129 1608 3200 ὁρίσασθαι.
1649 3129 1831 3212 Δηλοῖ.
1850 3129 1907 3180 δὲ

2015 3157 2328 3218 rum,atque
2355 3146 2716 3200 humanarum
2747 3140 3116 3211 cognitionem
3143 3149 3267 3191 esse
3287 3134 3372 3188 vel
3396 3131 3594 3201 cogni-

327 3221 488 3274 τοῦτο
509 3221 600 3274 καὶ
621 3224 648 3275 ὁ
669 3221 944 3293 μακάριος
965 3222 1217 3292 Μάξιμος
1239 3225 1296 3276 ὲν
1320 3223 1400 3295 τῷ
1420 3224 1569 3292 πρὸς
1599 3223 1911 3292 Ἀγόμοιον

327 3314 590 3384 διαλόγῳ,
621 3315 870 3384 φάσκων,
907 3332 925 3364 ι
947 3315 1106 3386 Ἀὐτὴ
1138 3317 1164 3386 ἡ
1194 3317 1496 3380 ὑπόστασις
1519 3315 1615 3370 τοῦ
1648 3314 1786 3368 Θεοῦ
1817 3314 1912 3367 καὶ

328 3407 598 3460 ἀθανασία
627 3406 794 3460 αὐτοῦ
825 3411 961 3461 ἐστι’
999 3408 1096 3460 καὶ
1133 3409 1194 3461 ού
1238 3408 1400 3478 μόνον
1440 3407 1736 3471 ἀθανασία,
1771 3405 1912 3460 ἀλλὰ

331 3499 429 3553 καὶ
453 3499 733 3570 ἁφθαρσία
758 3501 852 3552 καὶ
883 3501 1204 3570 δικαιοσύνη
1236 3505 1333 3554 καὶ
1363 3501 1636 3572 ἁγιασμὸς
1657 3500 1755 3554 καὶ
1776 3501 1913 3555 dmo-

332 3591 608 3663 λύτρωσις
641 3593 735 3645 καὶ
767 3594 1026 3665 κυριότης
1077 3595 1169 3647 καὶ
1200 3592 1451 3663 δύναμις.
1484 3593 1594 3647 Καὶ
1654 3593 1755 3644 οὑκ
1797 3591 1914 3645 ἔστι

337 3687 482 3740 κατὰ
521 3686 774 3739 σύνθεσιν
803 3685 982 3741 ταῦτα
1012 3689 1040 3740 ὁ
1069 3685 1223 3752 Θεὸς,
1257 3687 1391 3740 ἀλλὰ
1427 3685 1571 3740 κατὰ
1623 3684 1914 3754 διαφόρους

336 3779 584 3842 ἐπινοίας
612 3778 784 3832 ταῦτα
822 3779 1074 3848 λέγεταιο
1112 3779 1384 3834 ἀθανασία
1432 3779 1530 3848 μὲν
1563 3778 1650 3832 διὰ
1683 3778 1743 3830 τὸ
1790 3777 1912 3830 ἁτε-

334 3872 618 3942 λεύτητον,
663 3871 945 3942 ἀφθαρσία
997 3871 1056 3924 δὲ
1085 3872 1174 3926 διὰ
1201 3871 1264 3925 τὸ
1307 3871 1539 3924 ἄλυτον·
1595 3869 1914 3940 δικαιοσύνη

335 3966 428 4020 διὰ
456 3967 514 4018 τὸ
548 3968 684 4019 ίσον·
719 3965 994 4034 ἁγιασμὸς
1040 3966 1128 4019 διὰ
1156 3965 1216 4019 τὸ
1250 3965 1544 4033 φυλάττειν
1591 3962 1701 4016 ἀπὸ
1729 3963 1914 4032 ἀμαρ-

337 4059 462 4120 τίας
489 4073 505 4090 ⁶
551 4057 935 4127 ἀπολύτρωσις
972 4057 1060 4111 διὰ
1111 4057 1172 4111 τὸ
1229 4054 1423 4120 σώζειν
1475 4057 1539 4108 ὲκ
1575 4055 1783 4126 φθορᾶς
1816 4053 1916 4124 τὴν

339 4152 485 4222 ζωὴν
513 4151 693 4222 ἡμῶν·
739 4153 999 4221 κυριότης
1031 4151 1134 4205 ’διὰ
1171 4152 1232 4204 τὸ
1259 4152 1477 4205 πάντων
1508 4151 1732 4220 κρατεῖν
1758 4165 1772 4179 ·
1827 4147 1918 4201 δύ-

341 4263 504 4314 ναμις
541 4236 648 4299 διὰ’
677 4244 740 4296 τὸ
790 4244 958 4314 μηδὲν
992 4241 1143 4313 αύτῷ
1197 4244 1559 4297 ἀντικεῖσθαι.
1610 4243 1687 4296 Οὐ
1727 4242 1916 4312 μέντοι

337 4339 421 4391 ὅτι
454 4338 596 4392 κατὰ
615 4336 907 4406 διαφόρους
936 4337 1178 4399 ἐπινοίας
1196 4336 1370 4389 ταῦτα
1398 4336 1640 4403 λέγεται,
1667 4335 1917 4406 ἀνύπαρ-

339 4430 448 4483 κτά
476 4431 582 4483 είσι
615 4429 780 4499 μηδὲν
809 4429 1142 4498 σημαίνοντα
1161 4445 1173 4458 ·
1203 4423 1315 4482 οἷον
1343 4429 1473 4500 φέρε
1501 4430 1700 4492 εἰπεῖν,
1727 4428 1917 4497 ὥσπερ

2014 3241 2218 3297 tionem
2248 3236 2626 3293 exsistentium
2650 3247 2961 3294 causarum,
2985 3227 3287 3306 secundum
3310 3226 3406 3279 has
3427 3223 3596 3277 ratio-

2012 3348 2111 3388 nes
2135 3332 2276 3385 Deus
2306 3329 2510 3383 dicitur
2535 3335 2590 3380 et
2613 3333 2694 3380 est
2719 3322 2982 3392 sapientia
3004 3336 3060 3375 et
3084 3316 3407 3378 substantia,
3429 3324 3484 3369 ct
3509 3329 3541 3365 ιι
3553 3322 3596 3366 t-

2013 3439 2230 3494 cunque
2259 3423 2420 3478 aliter
2467 3420 2705 3474 ltumana
2727 3415 2948 3471 solertia
2980 3412 3210 3468 deﬁnire
3235 3416 3436 3480 potest.
3481 3405 3606 3458 lloc.
3653 3416 3673 3426 "

2024 3527 2208 3572 autem
2242 3515 2496 3570 declarat
2524 3511 2692 3565 etiam
2743 3507 2936 3562 beatus
2961 3503 3230 3560 Maximus
3290 3499 3346 3553 in
3379 3497 3595 3564 dialogo

2017 3611 2086 3665 ad
2143 3605 2460 3663 Dissimilem
2501 3620 2519 3658 :
2558 3621 2576 3654 ι
2613 3601 2757 3671 Ipsa,
2801 3599 3081 3668 inquiens,
3135 3589 3444 3662 hypostasis
3499 3586 3595 3643 Dei

2021 3701 2190 3754 etiam
2220 3693 2606 3752 immortalitas
2636 3690 2760 3759 ejus
2791 3697 2896 3754 est,
2931 3701 3035 3741 nec
3066 3693 3277 3738 tantum
3312 3679 3608 3752 immortao'

2017 3789 2165 3852 litas,
2201 3786 2298 3842 sed
2359 3795 2416 3840 et
2453 3778 2970 3850 incorruptibilitas,
3030 3783 3087 3828 et
3132 3771 3369 3844 iustitia,
3430 3777 3598 3835 atque

2019 3876 2406 3941 sanctiﬁcatio,
2437 3884 2493 3929 et
2527 3871 2861 3941 redemptio,
2909 3876 2966 3923 et
3010 3862 3338 3928 dominatio,
3393 3873 3460 3912 ac
3497 3873 3600 3927 po-

2020 3969 2213 4026 tentia.
2264 3967 2458 4035 Neque
2491 3965 2607 4018 ha'c
2644 3979 2742 4028 per
2781 3957 3240 4028 compositionem
3296 3951 3443 4007 Deus
3493 3955 3598 4012 est,

2019 4062 2114 4118 sed
2138 4059 2443 4116 secundum
2469 4057 2714 4110 diversas
2737 4049 3212 4107 considerationes
3243 4045 3357 4098 hinc
3374 4040 3598 4096 dicitur.

2019 4150 2404 4209 lmmortalitas
2447 4148 2668 4218 quidem
2704 4151 2928 4214 propter
2988 4134 3596 4196 iuterminabilitatem,
3657 4142 3662 4147 '

2018 4241 2513 4312 incorruptibilitas
2573 4254 2702 4294 vero
2760 4227 2981 4306 propte‘r
3038 4227 3597 4289 indissolubilitatem,

2013 4337 2234 4410 justitia
2256 4336 2328 4391 ob
2354 4332 2746 4403 aequalitatem,
2775 4326 3166 4400 sanctiﬁcatio,
3231 4320 3378 4391 quod
3409 4335 3440 4372 a
3473 4332 3603 4387 pec-

2023 4441 2147 4485 cato
2172 4415 2905 4500 praeservetfredetnptio,
2967 4419 3113 4488 quod
3167 4433 3196 4469 a
3246 4411 3603 4481 corruptione

336 4522 688 4594 τραγ-ἔλαφον
737 4520 1127 4605 φανταζόρμεθα
1163 4535 1176 4550 °
1226 4521 1386 4573 τοῦτο
1431 4521 1540 4590 γὰρ
1590 4519 1910 4588 ἁνάπλασμσ

2028 4525 2195 4578 vitam
2224 4529 2469 4576 nostram
2500 4514 2814 4578 custodiat;
2846 4511 3175 4569 dominatio,
3207 4503 3352 4575 quod
3385 4501 3605 4554 cunctis

309 4624 312 4626 '
340 4617 442 4684 τῆς
469 4614 709 4677 διανοίας
738 4616 876 4682 ἐστὶ,
908 4616 1000 4667 καὶ
1029 4614 1118 4667 ἐπ’
1138 4613 1349 4676 οὐδενὸς
1379 4613 1746 4682 ὑποκειμένου
1773 4611 1919 4681 ἐρεί-

338 4707 513 4760 δεται.
554 4707 643 4759 Ἐν
688 4705 745 4759 δὲ
787 4709 898 4769 τοῖς
946 4706 1188 4776 νοήμασι
1237 4705 1332 4758 καὶ
1383 4707 1662 4775 ὀνόμασιν,
1705 4705 1742 4760 ἃ
1792 4706 1922 4774 περὶ

340 4799 481 4853 Θεοῦ
511 4799 762 4864 νοοῦντες
793 4801 886 4853 καὶ
914 4799 1166 4866 λέγοντες
1198 4799 1350 4868 αὐτῷ
1383 4803 1642 4868 φέροντες
1673 4799 1926 4852 ἀνατίθε-

346 4912 450 4964 μεν
471 4932 487 4959 ,
519 4894 658 4963 αὐτή
703 4896 851 4945 ἐστιν
883 4894 916 4962 ἡ
954 4893 1114 4946 οὐσία
1146 4891 1240 4945 τοῦ
1275 4892 1414 4945 Θεοῦ
1451 4893 1510 4944 τὸ
1546 4893 1681 4945 πᾶσι
1711 4891 1928 4955 τούτοις

345 4985 782 5056 ἀποκρινόμενον
811 4985 900 5038 διὰ
929 4984 1027 5054 τὴν
1056 4985 1233 5057 ἄκραν
1265 4985 1580 5053 τελειότητα
1616 4986 1711 5037 καὶ
1744 4985 1914 5038 ἁπλόο

346 5097 486 5150 τητα
519 5080 610 5132 καὶ
638 5079 853 5135 ἕνωσιν.
885 5079 947 5131 Οί
980 5077 1078 5148 μὲν
1108 5074 1203 5132 οῦν
1236 5079 1300 5130 ἐκ
1329 5061 1398 5130 τε
1419 5079 1530 5130 τῶν
1563 5077 1921 5130 κατασκευῶν

348 5171 572 5241 γελοῖοι,
597 5171 660 5224 ἐκ
679 5188 738 5224 τε
754 5169 863 5223 τῶν
886 5171 1368 5239 συμπερασμάτων
1391 5171 1741 5239 γελοιότεροι.
1756 5168 1923 5239 ⁹ίίμίν

348 5265 408 5319 δὲ
426 5265 632 5318 τούτων
656 5262 1207 5333 παρεκόατικώτερον
1229 5261 1537 5332 εἰρημένων
1562 5261 1650 5314 διὰ
1671 5260 1767 5328 τὴν
1793 5259 1925 5330 θρα-

352 5359 560 5428 σύτητα
611 5356 723 5412 τῶν
762 5355 994 5428 ἀνδρῶν,
1037 5354 1134 5410 νῦν
1173 5357 1269 5409 ἐπὶ
1310 5355 1372 5408 τὸ
1411 5353 1774 5425 προκείμενον
1812 5371 1922 5424 χω-

350 5468 431 5522 ρω
439 5467 559 5518 μεν.

2029 4620 2297 4687 imperet;
2334 4612 2606 4683 potentia,
2632 4609 2779 4680 quod
2806 4607 2944 4662 nihil
2994 4595 3482 4661 ei'resistat..Nou
3519 4603 3604 4647 ta-

2029 4731 2151 4768 men
2183 4711 2444 4780 quoniam
2468 4722 2596 4763 secu
2621 4705 2775 4760 idum
2805 4688 3055 4757 diversas
3090 4693 3456 4766 cogitationes
3487 4689 3606 4742 ha:

2025 4807 2302 4870 dicuntur,
2360 4802 2418 4856 in
2479 4813 2666 4853 rerum
2713 4806 2909 4850 natura
3002 4806 3110 4844 non
3146 4786 3417 4842 exsistunt
3466 4778 3604 4834 nihil

2026 4893 2430 4962 signiﬁcantia;
2460 4891 2648 4953 veluti,
2672 4887 2827 4944 verbi
2846 4885 3040 4956 gratia,
3073 4895 3197 4934 eum
3222 4877 3604 4930 hircocervum

2036 4985 2314 5056 ﬁngimus.
2366 4983 2422 5038 ιιι
2457 4981 2606 5036 enim
2641 4979 2960 5049 ﬁgmentum
3022 4973 3224 5028 utentis
3271 4978 3406 5032 est;
3441 4973 3606 5032 atque

2033 5077 2185 5131 nullo
2215 5072 2502 5146 supposito
2535 5071 2814 5124 innititur.
2838 5067 2898 5120 lu
2933 5064 3188 5134 cogitatis
3217 5069 3400 5114 autem
3423 5065 3480 5110 et
3509 5071 3609 5107 nn-

2029 5167 2296 5232 ntinibus,
2328 5144 2450 5235 quae
2473 5162 2541 5218 de
2571 5163 2685 5217 Deo
2716 5160 3105 5229 intelligentes,
3129 5168 3194 5208 ac
3222 5151 3476 5205 dicentes
3500 5144 3604 5206 insi

2032 5261 2412 5325 attribuimus,
2447 5261 2563 5330 ipsa
2588 5267 2673 5313 est
2705 5255 3011 5312 substantia
3041 5252 3162 5316 Dei,
3191 5263 3314 5320 qua:
3341 5244 3608 5301 omnibus

2032 5345 2357 5423 respondet,
2405 5352 2478 5406 ob
2507 5363 2780 5404 summam
2835 5343 3254 5415 perfectionem,
3287 5335 3610 5405 simplicita-

2035 5455 2144 5500 tem
2179 5453 2348 5513 atque
2380 5441 2673 5495 unitatem.
2716 5457 2735 5490 ι
2789 5438 2870 5492 Illi
2904 5437 3068 5506 igitur
3103 5442 3160 5488 et
3191 5424 3607 5502 probationibus

351 5519 595 5610 ridiculi,
641 5550 698 5597 et
754 5539 1201 5597 conclusionibus
1254 5540 1426 5612 magis
1469 5537 1755 5596 deridendi
1788 5547 1937 5594 sunt.
1979 5538 2082 5593 ll's
2128 5551 2259 5592 vero
2291 5551 2321 5589 a
2349 5535 2524 5600 nobis,
2560 5532 2722 5603 paulo
2775 5529 3030 5586 diffusius
3069 5527 3210 5582 facta
3235 5519 3603 5592 digressione,

345 5636 461 5708 jam
490 5635 655 5692 dictis
686 5645 908 5705 propter
938 5636 1303 5692 temeritatem
1334 5636 1566 5692 istorum
1589 5673 1606 5703 ,
1640 5624 1894 5690 nune'ad
1922 5631 2260 5704 propositum
2293 5628 2638 5685 accedamus.
