4036 6472
587 461 694 521 899

660 552 954 634 Praeterea,
982 571 1140 640 juxta
1181 571 1430 625 eamdem
1483 573 1777 633 rationem,
1807 583 1986 637 neque
2035 567 2164 621 sub-
2191 565 2240 624 Α

589 663 926 719 stantiaiiter
951 671 1010 716 et
1063 664 1390 718 naturaliter
1414 664 1610 718 Filium
1639 678 1703 716 ex
1727 662 1884 716 Patre
1917 657 2166 730 generari

590 758 875 820 fatebitur,
903 769 1027 824 quae
1057 754 1559 810 luculentersancti
1591 762 1882 809 testantur.

662 955 958 1019 Praeterea,
995 955 1442 1024 quandoquidem
1474 955 1560 1010 isti
1608 956 1840 1008 audiunt
1873 972 1887 1008 :
1926 973 1944 1006 ι
1973 952 2165 1008 Omnia

591 1062 711 1111 qua:
737 1046 900 1099 habet
932 1046 1091 1099 Pater
1124 1061 1242 1100 mea
1273 1055 1422 1111 sunt,
1465 1065 1484 1098 ι
1526 1046 1732 1110 omnia,
1765 1046 1950 1101 dicere
1975 1045 2167 1109 aiunt,

595 1137 864 1192 naturalia
901 1138 1044 1192 bona
1097 1139 1210 1206 (isti
1247 1139 1398 1192 enim
1434 1138 1603 1192 etiam
1637 1139 1744 1193 hoc
1787 1139 1909 1194 loco
1954 1140 2170 1210 egregie

593 1237 846 1282 naturain
874 1242 904 1282 a
940 1229 1310 1290 naturalibus.
1362 1238 1419 1284 et
1447 1229 1812 1284 substantiam
1845 1247 1875 1284 a
1915 1231 2171 1288 substan-

592 1322 818 1376 tialibus
850 1330 909 1374 ut
936 1323 988 1375 in
1024 1321 1194 1393 rebus
1221 1322 1425 1377 creatis
1443 1329 1504 1377 et
1531 1321 1871 1392 compositis,
1903 1322 1983 1377 sic
2001 1322 2168 1377 etiam

593 1414 646 1465 iu
665 1413 775 1466 Deo
792 1412 1158 1496 distinguunt)
1192 1427 1208 1468 :
1234 1427 1460 1468 necesse
1492 1421 1577 1468 cst
1593 1413 1762 1468 etiam
1785 1411 2168 1479 substantiam,

591 1521 688 1559 seu
737 1515 991 1558 naturam
1032 1520 1140 1558 una
1169 1519 1296 1559 cum
1347 1505 1688 1560 naturalibus
1734 1501 1934 1559 Filium
1981 1518 2168 1560 secum

591 1596 836 1662 habere;
893 1610 1178 1665 nunquam
1227 1597 1375 1650 enim
1419 1595 1686 1649 naturalia
1733 1601 1920 1649 essent
1965 1593 2171 1664 absque

591 1699 807 1751 natura,
839 1703 963 1741 cum
998 1705 1096 1757 per
1129 1704 1187 1742 se
1214 1688 1517 1742 subsistere
1552 1704 1659 1741 non
1688 1688 1926 1742 valeant.
1966 1686 2172 1752 Quem-

593 1781 889 1835 admodum
933 1782 1098 1835 etiam
1154 1781 1259 1836 hoc
1310 1782 1364 1834 in
1413 1782 1522 1836 Deo
1566 1782 1652 1835 isti
1695 1795 1957 1852 perverse
1998 1780 2174 1834 faten-

1873 453 2252 515 DEMETllll
2293 450 2603 511 CYDONll
3728 448 3812 509 θαι

2342 565 2462 616 Ἐτι
2495 581 2554 615 τε
2589 562 2732 614 κατά
2780 561 2870 614 τὸν
2901 561 3065 614 αὑτὸν
3110 559 3266 627 λόγον
3316 555 3444 612 οῦδὲ
3490 557 3549 611 τὸ
3579 554 3814 625 οὗσιωδώς

2274 657 2370 712 καὶ
2430 654 2674 724 φυσικῶς
2724 654 2814 708 τὸν
2878 654 3002 707 Υἰὸν
3053 655 3116 707 ὲκ
3161 652 3254 706 τοῦ
3294 653 3520 721 Πατρὸς
3555 655 3814 720 γεννᾶσθαι

2269 749 2617 816 ὁμολογήσει,
2675 747 2712 800 ἃ
2740 746 3039 818 διαρρήδην
3089 746 3240 816 παρὰ
3282 744 3400 798 τῶν
3450 745 3621 812 ἁγίων
3659 745 3818 818 ὁμολο-

2268 855 2468 908 γειται.

2347 954 2472 1008 Ἔτι
2539 953 2839 1021 ἐπειδήπερ
2890 951 3180 1014 ἀκούοντες
3220 943 3397 1013 οὗτοι,
3447 968 3465 1001 ι
3515 949 3712 1014 Πάντα,
3742 949 3820 1003 ὅσα

2271 1047 2384 1116 ἔχει
2413 1051 2438 1100 ὁ
2497 1045 2703 1117 Πατὴρ,
2746 1047 2853 1114 ἐμά
2903 1047 3039 1106 ὲστι,
3089 1063 3107 1096 ι
3163 1045 3342 1097 πάντα
3402 1047 3542 1110 φασὶ
3578 1043 3742 1110 λέγειν
3770 1043 3821 1096 τὰ

2272 1141 2479 1210 φύσικά
2513 1141 2694 1208 ἀγαθά
2740 1132 2915 1208 (οὗτοι
2953 1137 3060 1209 γὰρ
3091 1135 3422 1206 θαυμασίως
3461 1136 3725 1190 κάνταῦθα
3743 1137 3821 1206 τὴν

2272 1231 2437 1300 φύσιν
2484 1231 2594 1285 τῶν
2636 1229 2906 1300 φυσικῶν,
2951 1228 3049 1284 καὶ
3077 1227 3178 1298 τὴν
3217 1228 3415 1281 οὐσίαν
3446 1227 3557 1282 τῶν
3587 1226 3820 1281 οὐσιωδὼν

2271 1322 2529 1391 καθάπερ
2558 1320 2650 1373 ἐπὶ
2677 1319 2786 1371 τῶν
2815 1316 3053 1372 κτιστῶν
3082 1316 3176 1373 καὶ
3207 1317 3494 1372 συνθέτων
3522 1316 3616 1371 καὶ
3642 1317 3726 1370 ἐπὶ
3745 1313 3819 1369 τοῦ

2271 1413 2406 1465 Θεοῦ
2435 1411 2855 1483 διακρίνουσινγ
2899 1409 3114 1480 ἀνάγκη
3143 1409 3239 1462 καὶ
3266 1406 3371 1480 τὴν
3401 1408 3598 1462 οὐσίαν
3625 1407 3656 1479 ἢ
3690 1407 3819 1477 φύσιν

2274 1505 2413 1574 μετὰ
2441 1503 2552 1556 τῶν
2579 1501 2831 1572 φυσικῶν
2861 1501 2951 1555 τὸν
2991 1501 3120 1555 Υίὺν
3165 1500 3586 1569 συνεπάγεσθαι
3610 1517 3622 1531 ·
3652 1499 3708 1551 οὐ
3735 1498 3817 1567 γὰρ

2272 1597 2338 1650 ἅν
2386 1611 2514 1648 ποτε
2549 1595 2708 1664 σταίη
2742 1593 2813 1647 τὰ
2846 1592 3054 1662 φυσικά
3089 1595 3188 1658 τῇς
3240 1592 3469 1660 φύσεως
3525 1589 3689 1662 χωρὶς
3720 1590 3816 1658 ὑφε-

2272 1689 2462 1740 στάναι
2493 1686 2616 1740 καθ’
2644 1685 2787 1740 αύτά
2830 1686 2905 1756 μὴ
2937 1683 3231 1754 δυνάμενα,
3253 1682 3334 1747 ὥς
3367 1683 3465 1737 καὶ
3521 1683 3675 1736 τοῦτο
3698 1681 3816 1736 αὐτοὶ

2272 1780 2368 1834 ἐπὶ
2421 1780 2558 1832 Θεοῦ
2614 1779 3138 1850 παραφθέγγοντσι,
3187 1775 3288 1846 τῆς
3356 1775 3660 1843 ἁπλότητος
3689 1773 3815 1827 αὐτοῦ

591 1885 705 1938 tur,
765 1873 834 1926 de
884 1874 1240 1942 simplicitate
1295 1875 1416 1945 ejus
1473 1874 1610 1928 nihil
1661 1885 1955 1940 curantes;
1999 1886 2170 1944 quare

2278 1872 2400 1944 μηδ’
2459 1874 2956 1944 ἐπιστρεφόμενον
3034 1871 3176 1924 ὥστε
3239 1869 3412 1922 πάνθ’
3467 1867 3815 1939 ὁμολογοῦντες

590 1966 775 2019 omnia
805 1981 930 2020 cum
966 1965 1334 2022 conﬁteantur
1375 1967 1616 2038 genitum
1663 1983 1731 2020 ex
1779 1965 1941 2020 Patre
1973 1966 2168 2020 Filium

593 2058 820 2122 habere,
860 2059 990 2114 inde
1033 2059 1271 2128 primum
1305 2060 1669 2114 substantiam
1704 2075 1828 2114 cum
1865 2060 1988 2114 aliis
2031 2059 2176 2113 acci-

592 2163 725 2216 pere
749 2149 1075 2214 concedent,
1111 2150 1156 2205 si
1187 2151 1375 2205 omnia
1412 2166 1534 2219 qua:
1569 2160 1699 2205 sunt
1727 2152 1904 2206 Patris
1935 2149 2174 2220 perfecte

592 2253 760 2309 atque
799 2240 1125 2297 naturaliter
1151 2242 1202 2296 ei
1237 2243 1524 2297 tribuenda
1556 2255 1705 2307 sunt,
1731 2243 2014 2312 quomodo
2042 2257 2174 2312 ergo

590 2349 658 2386 ex
695 2333 1004 2388 substantia
1038 2350 1160 2390 esse
1188 2333 1388 2389 Filium
1415 2336 1660 2406 negant?

670 2447 962 2512 Prmterea,
991 2449 1262 2505 catholica
1308 2449 1444 2505 ﬁdes
1495 2449 1696 2506 Filium
1744 2451 1839 2508 Dei
1867 2451 2172 2507 substantia

599 2540 695 2592 Dei
717 2550 771 2594 ct
801 2540 980 2596 Patris
1015 2551 1143 2596 ante
1166 2542 1352 2596 omnia
1375 2542 1575 2597 smcula
1606 2542 1848 2612 genitum
1876 2543 2174 2612 sumpsisse

594 2641 836 2684 nostram
865 2641 1117 2684 naturam
1147 2632 1329 2686 tradit.
1358 2631 1428 2685 Et
1469 2633 1629 2686 divus
1656 2632 1963 2707 Dionysius,
1996 2633 2053 2686 in
2088 2649 2172 2688 se-

591 2723 778 2776 cundo
805 2723 986 2792 capite
1015 2722 1094 2776 De
1143 2725 1334 2777 divinis
1375 2723 1694 2791 nominibus,
1734 2724 1827 2777 ubi
1882 2731 2075 2778 tractat
2105 2723 2173 2778 de

593 2814 888 2884 conjuncta
924 2825 979 2869 et
1022 2814 1260 2879 discreta
1313 2815 1587 2887 theologia
1629 2834 1641 2870 :
1682 2835 1699 2868 ι
1739 2815 1838 2871 Cui
1872 2817 2034 2870 etiam
2069 2816 2173 2871 Da—

602 2921 894 2962 mascenus
919 2908 1230 2972 consentit,
1263 2907 1338 2962 ait
1361 2948 1375 2972 ,
1410 2909 1555 2977 quod
1600 2918 1708 2962 tota
1743 2907 1927 2962 divina
1973 2917 2170 2962 natura

591 2999 654 3054 in
693 3015 797 3053 una
816 3017 882 3054 ex
909 3000 1027 3053 suis
1059 2999 1448 3070 hypostasibus
1473 3000 1756 3054 incarnata
1785 3008 1890 3055 est.
1927 2997 2019 3054 lsti
2040 3015 2170 3055 vero

594 3096 728 3147 dum
775 3104 1006 3147 censent
1051 3108 1118 3147 ex
1151 3093 1353 3163 quibus
1405 3092 1630 3157 dicunt,
1686 3092 2022 3164 hypostasim
2060 3108 2168 3148 non

587 3200 716 3240 esse
783 3183 1176 3248 substantiam,
1219 3195 1485 3253 cogentur
1519 3182 1676 3238 fateri
1724 3183 1869 3253 quod
1901 3200 2003 3239 non
2037 3185 2168 3239 sub-

2273 1967 2613 2036 γεννὼμενον
2640 1967 2703 2019 ὲκ
2732 1964 2827 2018 τοῦ
2873 1963 3088 2034 Πατρδς
3133 1962 3224 2015 τὸν
3273 1962 3410 2015 Υἱδν
3447 1962 3615 2032 ἔχειν,
3647 1957 3812 2012 ἐκεῖθεν

2273 2063 2373 2130 τὴν
2401 2061 2590 2114 οὐσίαν
2623 2058 2842 2131 πρῶτον
2875 2058 3015 2128 μετά
3049 2055 3156 2108 τῶν
3186 2053 3366 2109 ἄλλων
3399 2054 3699 2124 λαμϐάνειν
3721 2054 3814 2119 ὁμο-

2273 2154 2621 2224 λογήσουσιν,
2660 2153 2710 2205 εί
2763 2149 2948 2218 μέλλοι
2992 2149 3171 2202 πάντα
3218 2148 3289 2200 τὰ
3342 2148 3439 2202 τοῦ
3474 2147 3682 2217 Πατρὸς
3707 2145 3811 2214 ἔχειν

2274 2247 2502 2310 ἐντελῶς
2533 2246 2624 2300 καὶ
2678 2245 2941 2316 γνησίως.
2975 2243 3102 2306 Πῶς
3151 2240 3243 2296 οῦν
3291 2241 3359 2296 τὸ
3411 2243 3478 2295 ἐκ
3529 2241 3629 2310 τῆς
3667 2237 3807 2299 οὐσίας

2273 2333 2409 2390 εἶναι
2443 2336 2535 2388 τὸν
2561 2336 2685 2389 Υίὸν
2716 2333 3041 2405 ἀρνοῦνται;

2347 2448 2471 2499 Ἔτι
2497 2447 2530 2516 ἡ
2561 2443 2659 2514 μὲν
2694 2443 2959 2515 καθολικὴ
3008 2445 3189 2509 πίστις
3235 2444 3334 2500 τὺν
3390 2444 3526 2499 Yle
3571 2443 3660 2497 τοῦ
3688 2435 3807 2501 Θεοῦ,

2271 2538 2361 2591 τὸν
2394 2538 2728 2608 γεννηθέντα
2764 2540 2825 2588 ἐκ
2854 2537 2953 2605 τῆς
2988 2538 3176 2601 οὐσίας
3216 2536 3314 2590 τοῦ
3353 2536 3493 2590 Θεοῦ
3527 2537 3618 2589 καὶ
3648 2530 3810 2598 llo.sz

2275 2631 2378 2700 πρδ
2410 2630 2628 2683 πάντων
2661 2627 2770 2683 τῶν
2801 2628 3034 2694 αἰώνων,
3060 2625 3432 2682 ἀναλαϐέσθαι
3454 2628 3554 2700 τὴν
3584 2625 3810 2700 ἡμετέραν

2273 2727 2610 2798 παραδίδωσι
2641 2725 2804 2796 φύσιν
2828 2742 2842 2757 ⁸
2878 2727 2972 2779 καὶ
3000 2727 3027 2778 ὁ
3058 2725 3201 2786 θεῖος
3231 2725 3520 2789 Διονύσιος
3545 2726 3600 2778 ὲν
3619 2721 3689 2792 τῷ
3713 2717 3809 2788 περὶ

2272 2819 2559 2888 ἡνωμένης
2617 2819 2710 2873 καὶ
2755 2818 3176 2888 διακεκριμένης
3230 2818 3541 2889 θεολογίας,
3590 2809 3634 2885 ᾧ
3681 2811 3808 2867 καὶὸ

2270 2911 2565 2981 Δαμασκοῦ
2595 2913 2768 2962 ταυτά
2808 2912 3129 2978 φθέγγεται,
3181 2913 3373 2981 φησὶν,
3420 2913 3504 2966 ὅτι
3533 2911 3623 2979 ὅλη
3663 2904 3807 2976 ὴθεέα

2271 3023 2307 3072 φ
2329 3007 2431 3066 ’σες
2465 3006 2521 3056 ὲν
2561 3005 2656 3072 μιᾷ
2694 3003 2804 3055 τῶν
2839 3004 3007 3070 αὐτῆς
3057 3004 3446 3067 ὑποστάσεων,
3475 3003 3803 3071 σεσάρκωται’

2269 3091 2414 3150 οῦτοι
2461 3096 2516 3148 δὲ
2549 3095 2646 3165 τὴν
2682 3096 2980 3149 ὑπόστασιν
3025 3096 3123 3149 οὐκ
3181 3097 3376 3150 οὐσίαν
3406 3097 3468 3160 ἐξ
3514 3089 3585 3149 ὧν
3627 3093 3804 3156 λέγουσι

2271 3190 2568 3258 τιθέμενοι,
2623 3188 3133 3259 ἀναγκασθήσονται
3197 3189 3437 3256 φάσκειν
3495 3189 3554 3242 τὸ
3603 3184 3805 3238 ἀνούσιον

590 3286 719 3342 stat,
759 3292 862 3330 nec
887 3275 1140 3331 subsistit
1171 3287 1418 3330 naturam
1452 3276 1752 3330 humanam
1784 3278 2166 3347 assumpsisse.-

2275 3282 2372 3352 τὴν
2421 3280 2774 3351 ἀνθρωπίνην
2813 3284 2975 3347 φύσιν
3028 3281 3358 3334 ἀναλαϐεῖν·
3408 3281 3568 3336 τοῦτο
3615 3278 3667 3331 δὲ
3707 3277 3806 3338 ὅσην

591 3371 650 3423 ld
711 3377 896 3422 autem
953 3381 1215 3437 quantam
1253 3367 1450 3423 habeat
1499 3369 1942 3438 blasphemiam,
1996 3383 2174 3438 neque

594 3473 732 3528 opus
762 3465 845 3512 est
877 3457 1082 3511 dicere.
1115 3455 1542 3512 Conﬁtebuntur
1573 3459 1718 3512 enim
1767 3458 2046 3514 Christum
2079 3458 2177 3512 ho-

593 3549 798 3603 minem
824 3549 1046 3617 quidem
1066 3547 1372 3617 perfectum
1399 3565 1543 3613 esse,
1575 3565 1767 3604 verum
1793 3558 1974 3604 autem
2001 3549 2174 3603 Deum

597 3641 842 3699 minime.
900 3656 1079 3710 neque
1131 3641 1373 3695 divinam
1420 3651 1672 3696 naturam
1764 3650 1820 3696 et
1877 3643 2176 3713 perfectam

592 3734 959 3790 substantiam
999 3752 1012 3798 ;
1048 3733 1142 3789 sed
1174 3737 1274 3790 hoc
1306 3734 1605 3790 absurdum
1643 3745 1746 3791 est.
1777 3753 1797 3786 ι

667 3847 934 3904 Prazterea
953 3848 1416 3916 quemadmodum
1435 3847 1686 3903 Christus
1699 3856 1783 3902 est
1803 3864 1969 3904 verus
1988 3848 2174 3916 homo,

596 3939 856 4006 quoniam
889 3953 955 3993 ex
988 3937 1297 3993 substantia
1332 3939 1526 3992 matris
1561 3947 1722 3992 natus
1751 3947 1857 4003 cst,
1899 3939 1980 3993 sic
2006 3939 2174 3994 etiam

598 4048 646 4081 να
669 4045 788 4083 rum
830 4029 1001 4082 Deum
1031 4043 1159 4082 eum
1188 4043 1310 4082 esse
1334 4043 1444 4082 non
1466 4041 1603 4097 Opus
1629 4037 1713 4082 cst
1737 4027 1897 4084 aliter
1923 4029 2172 4095 credere,

595 4137 759 4190 quam
812 4120 960 4190 quod
1019 4137 1084 4175 ex
1124 4119 1433 4176 substantia
1493 4121 1672 4175 Patris
1722 4130 2034 4188 generatur.
2065 4121 2172 4189 Qui

591 4229 724 4282 esgo
755 4214 886 4267 illud
931 4227 999 4266 ex
1053 4211 1364 4268 substantia
1409 4211 1590 4266 Patris
1620 4222 1803 4282 negat,
1838 4213 2002 4268 etiam
2044 4230 2171 4270 eum

595 4321 786 4359 xerunt
833 4319 958 4359 esse
1013 4305 1185 4358 Deum
1239 4319 1350 4358 una
1384 4304 1643 4375 negabit,
1683 4306 2168 4374 quemadmodum,

592 4399 726 4450 iliud
777 4413 843 4452 ex
897 4397 1202 4452 substantia
1238 4396 1478 4467 Virginis
1533 4412 1654 4452 esse
1696 4407 1885 4452 natum
1936 4399 2028 4468 qui
2058 4384 2169 4453 non

586 4489 804 4553 credit,
840 4503 1029 4542 verum
1080 4487 1359 4542 hominem
1395 4488 1600 4543 factum
1631 4501 1754 4543 esse
1802 4504 1909 4542 non
1941 4488 2165 4554 credet;

587 4584 854 4650 utrinque
879 4579 1024 4634 enim
1057 4581 1266 4648 aequale
1295 4580 1593 4636 absurdum
1627 4581 1896 4650 sequitur.

659 4699 955 4760 Pra-tcrca,
1013 4698 1058 4751 si
1093 4694 1147 4750 id
1183 4697 1326 4766 quod
1372 4705 1458 4752 est.
1485 4698 1784 4752 secundum
1812 4695 2042 4764 gratiam
2069 4711 2168 4764 po-

585 4793 794 4846 sterius
823 4806 887 4844 eo
911 4800 1019 4857 est,
1072 4791 1217 4860 quod
1256 4799 1340 4846 est
1374 4792 1677 4845 secundum
1707 4798 1983 4854 naturam,
2013 4798 2073 4842 et
2091 4789 2169 4843 al-

591 4895 774 4936 terum
793 4884 1018 4952 quidem
1045 4892 1238 4938 natura
1271 4881 1423 4953 prius
1445 4890 1550 4944 est,
1575 4881 1811 4934 alterum
1834 4895 1963 4932 vero
1988 4889 2170 4948 poste-

589 4974 705 5027 rius
735 4991 750 5027 :
784 4988 905 5044 qua:
933 4973 1252 5027 dicerentur
1272 4973 1326 5026 in
1355 4972 1608 5041 gratuitis
1640 4970 1940 5024 indicantia
1971 4969 2168 5024 condi-

592 5065 800 5118 tionem
842 5077 1193 5133 germanam,
1249 5061 1423 5116 multo
1479 5060 1652 5130 magis
1710 5061 1779 5114 de
1829 5059 2169 5116 naturalibus

589 5156 870 5210 dicentur.
899 5154 1062 5224 Atqui
1099 5155 1151 5206 in
1187 5153 1272 5207 his
1335 5152 1427 5220 qui
1475 5167 1571 5221 per
1602 5150 1926 5205 beneﬁcium
1953 5160 2004 5204 ct
2047 5167 2166 5221 gra-

588 5253 721 5303 tiam
751 5250 1103 5317 adoptantur,
1131 5246 1276 5315 apud
1301 5246 1523 5314 Scriptu
1537 5259 1647 5296 ram
1676 5244 1878 5297 dicitur
1907 5263 1919 5298 :
1951 5263 1969 5296 ι
2000 5245 2167 5300 Filios

589 5343 750 5411 genui
781 5350 837 5395 et
865 5340 1098 5394 exaltavi
1126 5380 1140 5403 ,
1173 5338 1278 5407 ipsi
1309 5352 1439 5390 vero
1467 5351 1552 5391 me
1581 5347 1945 5405 spreverunt;
1987 5357 2004 5390 ι
2037 5353 2166 5409 ergo

592 5433 767 5485 multo
797 5429 969 5497 magis
1005 5426 1284 5497 pri-prium
1314 5436 1400 5480 est
1424 5466 1438 5488 ,
1482 5427 1670 5480 dicere
1723 5426 1923 5481 Filium
1977 5428 2066 5482 Dei
2099 5444 2165 5481 ex

591 5524 703 5577 Deo
733 5519 1006 5591 generari,
1049 5533 1212 5587 quam
1260 5529 1451 5572 natura
1495 5519 1692 5572 Filium
1756 5520 2008 5574 doctores
2035 5534 2167 5574 con-

593 5616 840 5665 titentur.
873 5609 980 5661 Sed
1015 5609 1298 5679 generatio
1320 5624 1440 5677 quae
1466 5619 1550 5663 est
1575 5609 1876 5664 secundum
1915 5611 2164 5680 gratiam,

588 5705 659 5753 ah
683 5717 745 5752 ea
771 5715 891 5765 qua:
923 5707 1006 5750 est
1031 5701 1329 5753 secundum
1359 5711 1632 5764 naturam,
1668 5701 1771 5756 hoc
1794 5717 1922 5754 sane
1949 5711 2166 5755 contra-

589 5789 971 5857 distiuguitur,
1021 5793 1167 5861 quod
1215 5792 1386 5846 altera
1441 5793 1662 5862 quidem
1709 5801 1797 5846 est
1847 5793 2161 5860 positione,

589 5883 761 5935 altera
791 5895 916 5935 vero
951 5886 1049 5937 hoc
1078 5889 1250 5954 ipsum
1288 5897 1481 5938 natura
1505 5927 1518 5950 ,
1553 5893 1605 5936 ct
1640 5900 1704 5937 ex
1735 5884 2037 5936 substantia
2067 5897 2163 5949 ge-

2276 3373 2389 3442 ἔχει
2420 3373 2518 3438 τὴν
2565 3371 2934 3443 βλασφημίαν,
2985 3372 3104 3426 οὐδὲ
3151 3372 3262 3443 χρὴ
3311 3373 3516 3439 λέγειν.
3560 3362 3808 3436 ὈμολοΥῆ’

2278 3483 2431 3518 σουσι
2465 3465 2574 3534 γὰρ
2610 3465 2702 3518 τὸν
2733 3464 2970 3536 Χριστὸν
3000 3465 3288 3534 ἄνθρωπον
3330 3467 3431 3539 μὲν
3462 3465 3658 3519 τέλειον
3682 3455 3806 3516 εἶναι.

2275 3562 2448 3632 ἀληθῆ
2470 3562 2524 3614 δὲ
2548 3563 2680 3615 Θεὸν
2709 3561 2988 3630 οὐδαμῶςο
3017 3561 3136 3614 οὐδὲ
3155 3561 3307 3614 θείαν
3337 3562 3502 3632 φύσιν
3525 3558 3614 3614 καὶ
3639 3551 3806 3610 τελείαν

2274 3653 2464 3706 οὐσίαν
2487 3669 2500 3682 ·
2533 3652 2669 3706 ἀλλά
2688 3652 2847 3706 τοῦτο
2875 3651 3096 3707 ἄτοπον.

2351 3847 2472 3900 Ἔτι
2501 3845 2693 3916 ὥσπερ
2731 3844 2938 3916 ἀληθής
2981 3846 3129 3898 ἐστιν
3169 3847 3201 3898 ὁ
3255 3844 3496 3916 Χριστὸς
3539 3840 3801 3908 ἄνθρωπος»

2275 3940 2358 3991 ὅτι
2399 3941 2462 3991 ὲκ
2493 3938 2592 4007 τῆς
2624 3937 2810 4001 οὐσίας
2835 3939 2934 4007 τῆς
2971 3938 3176 4008 μητρὺς
3206 3939 3557 4006 γεγέννηται,
3581 3931 3711 3985 οὕτω
3735 3923 3805 3977 καὶ

2275 4029 2452 4100 ἀληθῆ
2503 4030 2637 4082 Θεὸν
2671 4028 2948 4091 ἀλλωςὟού
2982 4028 3088 4097 χρὴ
3148 4030 3452 4091 πιστεύειν,
3484 4027 3516 4097 ἢ
3553 4027 3628 4076 ὅτι
3649 4023 3705 4072 ἐκ
3729 4013 3803 4080 τῆς

2273 4121 2464 4182 οὐσίας
2491 4119 2584 4172 τοῦ
2632 4119 2844 4188 Πατρὸς
2875 4121 3153 4185 γεννᾶται.
3200 4118 3258 4171 '0
3302 4119 3412 4189 ἄρα
3443 4117 3504 4170 τὸ
3535 4117 3596 4168 ὲκ
3625 4111 3710 4178 τῆς
3733 4102 3800 4156 οἶδ’

2275 4211 2397 4274 σίας
2436 4211 2529 4265 τοῦ
2595 4210 2809 4282 [ἰατρὸς
2860 4210 3194 4281 ἀρνούμενος
3242 4211 3336 4262 καὶ
3391 4207 3451 4262 τὸ
3494 4204 3622 4258 Θεὸν
3665 4190 3797 4263 ἁλτιθῆ

2273 4299 2413 4356 εἶναι
2471 4302 2988 4372 συναπαρνήσεταιο
3032 4301 3216 4370 ὥσπερ
3255 4303 3284 4354 ὁ
3315 4301 3378 4353 τὸ
3431 4301 3494 4351 ἐκ
3537 4297 3628 4363 τῆς
3654 4286 3798 4342 οὐσίας

2270 4396 2370 4464 τῆς
2397 4395 2676 4467 Παρθένου
2717 4393 3076 4462 γεγεννῆσθαι
3112 4393 3186 4463 μὴ
3224 4392 3498 4446 πιστεύων
3527 4388 3618 4440 καὶ
3659 4380 3712 4434 τὸ
3731 4377 3796 4429 ἄν’

2273 4488 2495 4555 θρωπον
2552 4486 2730 4555 ἀληθῆ
2785 4488 3066 4554 γεγονέναι
3102 4487 3417 4554 ἀπιστήσει.
3471 4469 3789 4544 Ἐκατέρωοεν

2199 4608 2240 4662 D
2273 4579 2383 4649 γὰρ
2422 4578 2484 4630 τὸ
2522 4578 2637 4631 ἴσον
2663 4579 2862 4632 ἄτοπον
2895 4578 3132 4646 ἀπαντᾷ.

2343 4693 2488 4756 Ἔτι,
2519 4695 2570 4745 εί
2614 4693 2673 4744 τὸ
2705 4695 2848 4746 κατὰ
2889 4693 3051 4763 χάριν
3080 4692 3175 4746 τοῦ
3226 4694 3367 4746 κατὰ
3411 4689 3568 4759 φύσιν
3610 4671 3790 4743 ὕστερόν

2269 4787 2409 4849 ἐστι,
2431 4787 2527 4837 καὶ
2544 4784 2604 4839 τὸ
2631 4785 2732 4854 μὲν
2757 4785 2918 4854 φύσει
2938 4787 3175 4857 πρῶτον,
3225 4787 3284 4839 τὸ
3310 4787 3365 4839 δὲ
3393 4783 3648 4849 δεύτερον,
3682 4769 3791 4830 ἅπερ

2271 4877 2338 4928 ἂν
2374 4876 2468 4928 ἐπὶ
2501 4875 2596 4927 τοῦ
2648 4877 2789 4929 κατά
2819 4877 2982 4948 χάριν
3033 4878 3242 4946 λέγοιτο
3273 4874 3613 4947 γνησιότητος
3659 4860 3792 4916 ἐνδει·

2270 4965 2456 5030 ama,
2491 4966 2674 5036 πολλῷ
2701 4968 2901 5036 μᾶλλον
2931 4970 2996 5021 ὲκ
3023 4969 3117 5021 τοῦ
3153 4971 3294 5022 κατὰ
3326 4969 3485 5036 φύσιν
3518 4957 3788 5032 ῥηθήσεται·

2282 5056 2441 5108 Ἀλλὰ
2467 5058 2574 5128 μὴν
2609 5060 2703 5112 ἐπὶ
2737 5060 2844 5112 τῶν
2871 5050 3336 5132 κατ’ἐύεργεσίαν
3358 5059 3450 5114 καὶ
3480 5057 3628 5125 χάριν
3652 5038 3790 5132 "Ws-

2269 5127 2550 5217 τουμένων
2585 5152 2738 5220 παρὰ
2770 5155 2837 5220 τῇ
2873 5152 3064 5221 Γραφῇ
3110 5127 3362 5220 λέγεταεν
3421 5168 3438 5200 ⁸
3476 5143 3627 5200 non;

2271 5216 2434 5308 νησα,
2472 5241 2567 5294 καὶ
2615 5216 2836 5310 iique“,
2865 5216 3106 5295 aurei-bs.
3142 5216 3208 5313 με
3249 5241 3546 5313 ἠθέτησαν·
3585 5248 3602 5280 ι
3645 5216 3787 5311 mili?

2308 5353 2376 5403 ρα
2431 5335 2611 5401 λέγειν
2645 5335 2976 5403 οἰκειότερον
3009 5337 3100 5388 τον
3150 5336 3278 5391 Υἱὸν
3334 5333 3424 5386 τοῦ
3474 5322 3599 5379 Θεοῦ
3629 5321 3683 5369 ἐκ
3709 5322 3780 5408 τῆν

2268 5427 2405 5479 Θεοῦ
2436 5427 2748 5494 γεννᾶσθαι,
2803 5428 2860 5490 ὃς
2899 5430 3059 5497 φύσει
3093 5429 3218 5493 Υἱὸς
3267 5426 3417 5497 παρὰ
3450 5421 3550 5474 τῶν
3575 5411 3785 5495 sim“?

2269 5519 2378 5572 λων
2418 5518 2788 5587 ὁμολογεῖται.
2831 5519 2969 5571 Ἀλλ’
3003 5522 3034 5588 ἡ
3077 5521 3220 5573 κατά
3264 5520 3418 5589 χάριν
3447 5497 3782 5594 γέννησιίῗῖἶς

2269 5608 2413 5661 κατὰ
2448 5609 2612 5676 φύσιν
2639 5610 2948 5677 γεννήσεως
2986 5616 3159 5678 τούτῳ
3189 5613 3355 5682 δήπου
3405 5584 3779 5684 ἀντιδιαστέλοέ

2267 5716 2380 5763 ται,
2413 5701 2494 5752 ὅτι
2531 5703 2560 5770 ἡ
2607 5699 2709 5770 μὲν
2773 5702 2890 5755 ἐστι
2919 5696 3108 5769 θέσει,
3147 5706 3178 5773 ἡ
3211 5703 3254 5754 δ’
3293 5698 3419 5753 αὐτὸ
3461 5680 3773 5795 τοῦτοῆφυῖῗέ

2268 5794 2360 5844 καὶ
2391 5795 2455 5844 ὲκ
2503 5793 2603 5860 τῆς
2652 5794 2745 5844 τοῦ
2798 5795 3096 5860 γεννῶντος
3130 5795 3332 5854 οὐσίας.
3379 5785 3535 5838 Φύσις
3577 5779 3670 5836 γαρ
3701 5766 3755 5860 ἐἰ

2270 5885 2425 5934 οὐσία
2476 5883 2570 5934 καὶ
2612 5879 2751 5944 εἶδος
2789 5885 2884 5937 καὶ
2926 5887 3109 5955 μορφὴ
3165 5884 3300 5938 κατὰ
3347 5879 3431 5930 τὸν
3473 5852 3772 5933 Δαμασκηνθν
