4036 6446
292 404 396 466 ‘9?!

1225 407 1324 468 DE
1364 406 1896 468 PIt'OCESSlONE
1939 406 2304 467 SPIltlTUS
2346 381 2639 468 SANCTI.

3461 411 3566 472 9112

295 526 390 576 ἐπὶ
442 523 577 576 Θεοῦ
631 527 816 579 ταυτό.
864 524 922 578 '0
973 527 1098 590 Υἱὸς
1153 527 1263 598 ἄρα
1321 529 1386 581 ὲκ
1435 529 1533 596 τῆς
1573 526 1759 590 οὐσίας
1789 523 1882 578 τοῦ

1992 526 2259 580 nerantis.
2297 525 2500 581 Natura
2529 529 2677 582 enim
2701 568 2715 592 ,
2769 534 2821 580 et
2855 525 3160 580 substantia
3183 568 3197 589 ,
3227 535 3285 580 et
3315 528 3526 597 species
3548 572 3564 596 ,

299 611 510 681 Πατρὸς
546 614 826 680 γεννᾶται.

371 789 496 843 Ἔτι
533 790 592 842 ἐν
611 793 724 852 τοῖς
764 791 907 845 κατὰ
939 790 1104 860 φύσιν
1140 794 1370 862 γεννῶσι
1402 794 1494 846 καὶ
1517 793 1880 860 γεννωμένοις

295 880 357 936 τὸ
383 879 726 951 γεννώμενον
750 883 814 936 ὲκ
836 884 933 953 τῆς
959 885 1147 949 οὐσίας
1169 887 1262 939 τοῦ
1286 885 1584 954 γεννῶντος
1609 887 1877 956 πρόπτιν,

293 973 320 1025 ὃ
349 973 444 1025 τοῦ
477 973 772 1039 γεννῶντάς
802 976 918 1028 ἐστι
944 975 1219 1046 τελειότης
1247 979 1442 1046 ἐφόσον
1478 977 1707 1039 ἐντελῶς
1739 979 1876 1047 ἔχει.

299 1065 456 1117 Πᾶσα
507 1065 564 1116 δὲ
595 1053 886 1136 ¹ιιεελειό-ιςης
932 1068 1083 1136 παρὰ
1126 1070 1225 1136 τῆς
1260 1068 1490 1122 καθόλου
1522 1069 1618 1122 καὶ
1654 1068 1880 1139 πρώτης

293 1155 441 1210 ἐστὶν
476 1158 654 1213 αἰτίας
677 1175 692 1189 ⁰
727 1159 785 1212 ἐν
827 1159 884 1212 δὲ
933 1164 1046 1223 τοῖς
1085 1163 1349 1224 αἰτιατοϊς
1396 1161 1576 1232 πολλῷ
1612 1162 1879 1234 πρότερόν

295 1251 437 1304 εἰσιν
482 1249 515 1320 ἦ
557 1252 616 1304 ὲν
667 1252 779 1312 τοῖς
817 1253 1084 1317 αἰτιατοῖς
1112 1254 1169 1306 αί
1211 1253 1550 1325 τελειότητες
1599 1255 1741 1308 κατὰ
1789 1255 1880 1306 τὸν

299 1342 477 1410 μέγαν
509 1343 808 1406 Διονύσιον,
841 1343 938 1398 καὶ
959 1345 1034 1408 ὡς
1068 1347 1097 1397 6
1117 1347 1404 1409 καθολικὸς
1429 1348 1574 1412 ἀξιοῖ
1597 1348 1778 1417 λόγος,
1802 1348 1882 1400 δεῖ

295 1432 526 1485 ἕκαστον
569 1435 628 1486 ὲν
659 1437 722 1506 τῇ
779 1435 974 1488 ἑαυτοῦ
1005 1436 1158 1508 αἰτίᾳ
1201 1438 1530 1509 τιμιώτερον
1560 1433 1780 1508 εῖναι,ἢ
1823 1439 1880 1488 ὲν

295 1525 408 1584 τοῖς
465 1527 752 1588 αίτιατοῖς.
795 1527 954 1578 Κατᾶ
1002 1530 1165 1596 φύσιν
1205 1529 1312 1596 ἄρα
1347 1531 1436 1582 τὸν
1479 1530 1610 1584 Θεὸν
1663 1532 1876 1600 ἀνάγκη

294 1616 637 1685 τελειότερον
678 1618 774 1671 καὶ
823 1619 1299 1691 ὑπεροχικὼτερον
1345 1623 1634 1694 προσήκει,
1687 1625 1881 1691 ἐφόσον

297 1709 524 1779 ἐντελής
575 1711 748 1774 ἐστιν,
802 1711 867 1764 ὲκ
921 1712 1019 1780 τῆς
1075 1712 1271 1765 ἑαυτοῦ
1311 1715 1522 1776 οὐσίας,
1559 1714 1656 1766 καὶ
1701 1715 1759 1765 ὲν
1801 1714 1880 1782 τῷ

299 1801 448 1870 αῦτῷ
479 1801 608 1855 εἴδει
650 1804 846 1874 γεννᾷν
897 1804 1009 1857 ῐσον
1046 1805 1246 1874 ἐαυτῷ.
1286 1807 1352 1858 Ὃ
1391 1805 1446 1858 δὲ
1479 1809 1543 1877 τῇ
1576 1808 1879 1876 τελειότητι

1980 625 2036 669 et
2069 615 2240 670 for-ra
2273 619 2576 671 secundum
2608 617 3003 671 Damascenum
3037 619 3088 669 in
3131 616 3241 671 Deo
3277 618 3421 673 idem
3456 630 3560 685 est,

1982 703 2152 758 Filius
2183 721 2315 774 ergo
2338 722 2403 758 ex
2433 705 2742 760 substantia
2764 706 2940 760 Patris
2969 715 3280 775 generatur.

2053 794 2347 858 Prteterea,
2374 796 2426 848 in
2455 797 2518 850 iis
2547 795 2640 864 qui
2663 794 2966 849 secundum
3023 804 3273 848 naturam
3305 805 3570 865 generant

1980 893 2036 939 et
2075 897 2428 955 generantur,
2459 886 2603 955 quod
2621 895 2936 955 generatur,
2969 901 3036 940 ex
3067 886 3373 941 substantia
3403 903 3571 957 gene-

1988 979 2160 1032 rantis
2176 978 2596 1048 proredit,quod
2618 979 2932 1048 generantis
2951 990 3036 1034 est
3059 979 3350 1048 perfectio,
3371 990 3570 1050 quate-

1981 1071 2338 1138 nusperlecte
2358 1087 2415 1124 sc
2444 1071 2630 1130 habet.
2649 1073 2830 1125 omnis
2849 1081 3032 1125 autem
3057 1071 3325 1140 perfectio
3348 1075 3418 1127 ab
3447 1077 3538 1127 uni
3553 1105 3570 1114 -

1983 1164 2177 1218 ver~ali
2193 1173 2246 1216 et
2269 1163 2443 1233 prima
2458 1173 2746 1218 estcausa.
2769 1162 2942 1218 Porro
2955 1165 3010 1217 in
3029 1163 3212 1218 causis
3228 1165 3400 1218 multo
3420 1168 3572 1233 prius

1981 1265 2110 1310 sunt
2147 1255 2539 1324 perfectiones,
2562 1270 2726 1325 quam
2755 1255 2810 1308 in
2833 1256 3094 1318 causatis,
3126 1257 3278 1324 juxta
3310 1272 3570 1325 magnum

1985 1347 2322 1418 Diooysium,
2347 1357 2510 1418 atque
2527 1359 2586 1402 ut
2600 1347 2840 1416 postulat
2860 1346 3188 1401 universalis
3207 1349 3574 1409 ratio,uumn~

1980 1439 2239 1509 quodque
2286 1439 2339 1492 in
2357 1455 2451 1493 sua
2480 1454 2643 1492 causa
2680 1455 2820 1508 opus
2843 1447 2949 1500 est,
2986 1446 3045 1492 ut
3067 1438 3136 1492 sit
3171 1439 3568 1504 honorabilius,

1981 1546 2142 1600 quam
2161 1531 2214 1584 in
2235 1531 2736 1602 cattsati.s.Necesse
2759 1530 3039 1599 igiturest,
3065 1531 3369 1584 secundum
3417 1542 3572 1584 natu-

1985 1638 2100 1676 ram
2129 1623 2300 1676 Deunt
2332 1622 2720 1692 perfectiorem
2753 1637 2875 1676 esse
2899 1663 2912 1684 ,
2952 1632 3117 1691 atque
3147 1622 3570 1677 eminentiorem

1982 1715 2239 1769 convenit
2260 1730 2405 1779 esse,
2431 1724 2707 1784 quatenus
2727 1714 3008 1784 perfectus
3026 1723 3130 1780 est,
3155 1727 3212 1768 ut
3229 1730 3294 1769 ex
3312 1731 3408 1770 sua
3431 1716 3566 1769 sub-

1985 1809 2210 1872 stantia,
2247 1817 2300 1862 et
2326 1808 2379 1862 in
2405 1807 2596 1862 eadem
2643 1808 2825 1877 specie
2869 1818 3098 1878 generet
3137 1809 3399 1876 aequalem
3433 1807 3562 1862 sibi.

302 1891 571 1958 προσήκει
609 1888 703 1942 τοῦ
733 1890 893 1955 Θεοῦ,
926 1893 1024 1944 καὶ
1065 1891 1213 1944 ἔστιν
1254 1908 1266 1922 ο
1301 1893 1483 1963 αὐτὸςι
1513 1896 1621 1964 γάρ
1664 1896 1812 1948 ἐστιν
1847 1898 1879 1967 ἡ

1992 1899 2141 1965 Quod
2174 1915 2308 1954 vero
2341 1899 2666 1970 perfectioni
2695 1900 2956 1954 convenit
3003 1899 3120 1960 Dei,
3155 1901 3318 1954 etiam
3358 1916 3416 1952 re
3449 1901 3566 1968 ipsa

307 1983 497 2054 πρώτη
524 1983 620 2036 καὶ
649 1985 956 2055 ἀκραιφνὴς
993 1985 1317 2056 ἐντελέχεια,
1357 1988 1452 2040 καὶ
1481 1988 1576 2040 ἀπ’
1616 1988 1782 2041 αὐτοῦ
1823 1990 1883 2041 τὸ

302 2075 531 2145 δυνάμει
589 2077 784 2146 πόρρω
834 2077 1196 2145 ἀπελήλαται.
1241 2077 1303 2132 Ὀ
1361 2079 1483 2144 Υἱὸς
1515 2081 1622 2151 ἄρα
1683 2084 1745 2134 ἐκ
1785 2083 1884 2151 τῆς

299 2171 487 2227 οὐσίας
523 2171 777 2237 γεννᾶται
814 2169 910 2223 τοῦ
935 2170 1069 2223 Θεοῦ
1101 2173 1195 2224 καὶ
1232 2172 1468 2240 Πατρός.
1510 2173 1680 2228 Τοῦτο
1705 2176 1760 2228 δὲ
1792 2177 1887 2228 καὶ

300 2261 452 2332 παρὰ
484 2263 580 2331 τῆς
618 2262 837 2332 Γραφῆς
872 2264 929 2316 ἐν
967 2261 1043 2332 τῷ
1079 2264 1280 2336 Ἡσαΐᾳ
1335 2263 1670 2334 βεϐαιοῦται.
1713 2267 1888 2336 Λέγε·

301 2373 392 2407 ται
427 2356 558 2422 γὰρ,
601 2373 618 2405 ι
655 2354 747 2424 Μὴ
779 2353 888 2422 ἐγὼ
921 2357 948 2408 6
972 2356 1143 2409 ποιῶν
1204 2357 1398 2419 ἄλλους
1441 2358 1672 2425 ὠδίνειν,
1719 2361 1886 2424 αὐτὸς

305 2449 402 2498 οὐκ
430 2447 680 2518 ὠδινήσω
698 2463 712 2477 ’
743 2447 770 2499 6
796 2447 971 2508 διδοὺς
997 2449 1202 2521 ἑτέροις
1229 2452 1427 2522 γεννᾷν
1450 2453 1642 2520 ἄγονος
1663 2453 1884 2522 ἔσομαι,

307 2541 452 2606 λέγει
486 2541 686 2609 Κύριος
714 2541 742 2594 6
774 2541 904 2604 Θεὸς
938 2559 952 2606 ;
989 2561 1007 2594 ι

381 2632 524 2695 Ἔτι,
558 2634 605 2684 εἰ
651 2632 725 2702 μὴ
767 2632 917 2687 ἔστιν
942 2636 970 2687 6
999 2616 1125 2698 Υἱὸς
1173 2638 1233 2688 ἐκ
1278 2636 1378 2705 τῆς
1414 2637 1602 2700 οὐσίας
1631 2638 1725 2691 τοῦ
1769 2641 1884 2693 Πα-

304 2725 455 2796 τρὸς,
489 2726 652 2790 αὐτός
679 2744 738 2780 τε
763 2728 962 2796 ἀτελὴς
997 2727 1062 2782 ἂν
1091 2730 1180 2798 εἴη
1207 2730 1333 2792 τοὺς
1367 2731 1670 2800 πατρικοὺς
1713 2749 1885 2802 χαρα-

267 2815 518 2884 ίκτῆρας
562 2818 662 2870 οὐκ
710 2817 1035 2883 ὰποσώζων,
1085 2820 1142 2882 ὃς
1200 2821 1352 2872 ἐστιν
1399 2821 1744 2890 ἀπαύγασμα
1783 2822 1884 2890 τῆς

302 2905 461 2973 δόξης
506 2907 602 2958 καὶ
656 2909 942 2976 χαρακτὴρ
1001 2907 1097 2974 τῆς
1153 2907 1502 2969 ὑποστάσεως
1555 2908 1748 2970 αὐτοῦ,
1791 2910 1887 2963 καὶ

304 2998 478 3052 ταῦτα
517 3000 614 3068 τῆς
658 2999 749 3050 τοῦ
813 2998 944 3051 Υίοῦ
1008 3001 1377 3069 προσηγορίας
1431 3001 1607 3067 κοινὰ,
1665 3002 1733 3055 τὰ
1789 3001 1883 3056 τοῦ

306 3092 520 3160 Πατρὸς
572 3091 754 3159 ἁγαθὰ
795 3091 1052 3164 ποιούσης
1086 3093 1178 3145 καὶ
1212 3095 1290 3164 τῷ
1329 3093 1440 3163 Υίῷ
1471 3108 1486 3126 ⁸
1535 3097 1561 3148 ὃ
1597 3111 1654 3147 τε
1700 3095 1884 3165 Πατὴρ

306 3181 506 3250 ὁμοίως
547 3182 742 3249 ἀτελὴς
764 3182 860 3235 καὶ
883 3183 1146 3246 ἀδύνατος
1167 3185 1235 3236 ἂν
1267 3185 1373 3254 εἴη,
1417 3187 1491 3254 μὴ
1528 3186 1786 3256 προάγων
1826 3186 1884 3248 ἐξ
1913 3221 1955 3278 C

305 3275 503 3326 ἑαυτοῦ
531 3275 700 3341 Λόγον
731 3276 844 3327 ἴσον
887 3274 1065 3345 ἑαυτῷ
1113 3277 1208 3330 καὶ
1258 3277 1542 3346 ὁμοούσιον
1586 3279 1680 3330 καὶ
1712 3280 1771 3332 ἐν
1806 3279 1884 3348 τῷ

305 3365 456 3435 αὐτῷ
496 3367 644 3419 εἴδει.
682 3368 819 3430 Τοὺς
849 3365 943 3421 οῦν
975 3367 1066 3420 τὸν
1099 3368 1228 3421 Υίὸν
1279 3371 1344 3422 ὲκ
1399 3371 1498 3438 τῆς
1547 3371 1735 3434 οὐσίας
1790 3372 1884 3425 τοῦ

311 3457 524 3525 lla-.96;
568 3458 863 3523 γεννᾶσθαι
898 3457 1268 3526 ἀρνουμένους
1319 3458 1460 3511 αὐτά
1498 3477 1554 3511 τε
1601 3460 1887 3529 ὁμολογεῖν

308 3548 549 3616 ἀνάγκη,
583 3549 676 3601 καὶ
716 3548 940 3618 προσέτι
974 3549 1105 3617 περὶ
1135 3548 1234 3618 τῆς
1269 3549 1414 3603 κατὰ
1457 3550 1555 3619 τὴν
1607 3553 1887 3621 σημασίαν

308 3641 402 3693 τοῦ
468 3643 768 3707 γεννᾶσθαι
831 3643 1028 3708 λέξεως
1064 3643 1426 3713 ἁμαρτάνειν.
1471 3644 1535 3697 Ἥ
1586 3643 1696 3715 γὰρ
1745 3647 1887 3698 κατὰ

313 3735 476 3803 φύσιν
528 3735 782 3806 γέννησις
816 3737 877 3788 τὸ
931 3737 994 3787 ἐκ
1049 3737 1148 3805 τῆς
1188 3737 1377 3800 οὐσίας
1434 3735 1528 3790 τοῦ
1589 3737 1890 3805 γεννῶντος

314 3830 562 3900 προϊέναι
595 3830 658 3881 τὸ
691 3829 879 3898 προϊὸν
919 3827 1185 3898 ὁρίζεται.

386 3923 530 3986 Ἔτι,
564 3921 753 3992 ἐπειδὴ
807 3921 983 3975 πάντα
1033 3925 1095 3975 ἐκ
1129 3921 1224 3975 τοῦ
1274 3921 1408 3976 Θεοῦ
1462 3921 1602 3978 εἶναι
1647 3923 1887 3992 λέγεται,

311 4011 426 4064 ἐστι
457 4011 514 4064 δὲ
544 4010 638 4064 καὶ
666 4011 694 4062 6
721 4011 842 4073 Υἱὸς
874 4010 967 4064 καὶ
1002 4011 1062 4062 τὸ
1103 4011 1330 4082 Πνεῦμα
1360 4012 1424 4065 ὲκ
1465 4012 1558 4064 τοῦ
1601 4014 1758 4078 Θεοῦ,
1796 4013 1892 4082 ζη-

314 4106 528 4174 τήσειεν
557 4104 621 4158 ἄν
650 4121 757 4169 τις,
792 4104 895 4156 τίνι
919 4106 946 4157 6
983 4104 1107 4167 Υἱὸς
1136 4103 1231 4157 καὶ
1262 4104 1322 4155 τὸ
1373 4103 1599 4172 Πνεῦμα
1636 4104 1736 4171 τῆς
1769 4109 1890 4156 κτί-

323 4215 453 4260 σεως
493 4197 935 4267 διακριθήσεται.
984 4198 1210 4264 Ἐφὸσον
1245 4195 1354 4266 γὰρ
1383 4196 1604 4249 αίτιατά
1636 4197 1765 4258 εἰσι,
1800 4195 1894 4247 καὶ

316 4291 381 4342 ἐκ
410 4289 505 4343 τοῦ
538 4289 674 4342 Θεοῦ
729 4283 872 4342 εἶναι
927 4289 1169 4355 λέγεται,
1223 4287 1477 4358 οὐδεμίαν
1505 4287 1570 4340 ἂν
1613 4287 1726 4356 ἔχοι
1757 4289 1892 4356 api;

309 4381 410 4451 τὴν
455 4383 634 4434 κτίσιν
665 4381 764 4452 τὴν
795 4381 1097 4450 διάκρισιν.
1143 4379 1306 4432 Ἀλλὰ
1358 4379 1466 4449 μὴν
1512 4380 1581 4431 τὰ
1626 4379 1724 4447 μὲν
1774 4379 1892 4430 θεῖα

311 4477 584 4546 πρόσωπα
625 4475 898 4536 οὐσιωδῶς
948 4475 1042 4528 καὶ
1091 4472 1336 4541 φυσικῶς
1373 4473 1465 4524 καὶ
1512 4474 1570 4526 ὲν
1618 4471 1694 4540 τῷ
1743 4470 1894 4541 αὐτῷ

1985 2001 2108 2057 est;
2167 1993 2282 2061 ipse
2321 1992 2469 2046 enim
2507 2000 2588 2046 est
2619 1992 2789 2061 prima
2828 2002 2882 2045 et
2915 1991 3211 2062 purissima
3241 1992 3571 2056 entelechia,

1988 2092 2042 2134 (ιι
2099 2081 2152 2135 id
2183 2081 2328 2149 quod
2361 2091 2592 2136 estesse
2629 2084 2896 2152 potentia,
2930 2083 3116 2152 procul
3149 2083 3216 2138 ab
3243 2099 3311 2137 eo
3351 2096 3457 2138 est.
3488 2083 3576 2136 Fi—

1987 2175 2096 2229 lius
2119 2191 2250 2244 ergo
2274 2192 2340 2230 ex
2370 2175 2682 2229 substantia
2723 2175 2815 2229 Dei
2843 2186 2896 2230 et
2952 2177 3132 2230 Patris
3160 2186 3479 2246 generatur.
3513 2175 3572 2227 ld

1989 2277 2172 2321 autem
2215 2277 2268 2321 ct
2294 2284 2323 2320 a
2357 2283 2511 2322 sacra
2560 2267 2841 2336 Scriptura
2886 2267 3028 2336 apud
3059 2267 3254 2322 Isaiam
3283 2267 3576 2322 conﬁrma-

1991 2371 2122 2424 tur;
2155 2360 2357 2415 dicitur
2377 2363 2523 2415 enim
2557 2379 2571 2415 :
2611 2380 2629 2412 ‹
2668 2361 2944 2430 Numquid
2988 2377 3110 2432 ego,
3148 2360 3240 2429 qui
3270 2360 3404 2414 alios
3442 2376 3570 2428 par-

1990 2455 2166 2507 turire
2221 2453 2383 2516 facio,
2421 2469 2530 2507 non
2558 2454 2882 2522 parturiam,
2924 2465 2979 2506 et
3008 2453 3100 2522 qui
3145 2453 3268 2506 aliis
3289 2451 3359 2506 do
3393 2460 3456 2506 ut
3483 2467 3576 2522 ge-

1987 2554 2209 2608 nerent,
2238 2546 2444 2600 sterilis
2473 2560 2592 2610 ero,
2623 2545 2697 2599 ait
2732 2544 2999 2598 Dominus
3030 2544 3211 2597 Deus?
3249 2563 3269 2595 ι

2061 2637 2354 2702 Praeterea,
2391 2638 2433 2690 si
2468 2637 2639 2692 Filius
2671 2652 2776 2692 non
2804 2646 2888 2691 est
2914 2652 2979 2690 ex
3022 2633 3331 2689 substantia
3367 2632 3574 2696 Patris,

1989 2731 2346 2797 imperfectus
2365 2736 2530 2793 esset,
2550 2737 2809 2799 paternos
2833 2729 3182 2783 charaCteres
3204 2725 3429 2779 Ininime
3446 2726 3578 2780 reti-

1991 2837 2152 2885 nens,
2188 2821 2282 2890 qui
2320 2831 2406 2874 est
2435 2820 2695 2890 splendor
2723 2819 2933 2888 glorias,
2971 2828 3025 2873 et
3056 2818 3226 2888 ﬁgura
3256 2816 3577 2871 substantia:

1987 2915 2128 2982 ejus,
2143 2912 2445 2983 praesertim
2460 2927 2584 2966 cum
2600 2910 2964 2981 appellatione
2980 2909 3424 2976 Filii,bona,quze
3443 2915 3576 2961 sunt

1989 3005 2191 3066 Patris,
2226 3007 2389 3061 etiam
2423 3005 2558 3058 Filio
2588 3005 2791 3072 (Pater)
2825 3003 3226 3057 connuunicet:
3261 3010 3378 3055 tum
3407 3001 3574 3052 etiam

1988 3099 2242 3152 similiter
2297 3099 2456 3151 Pater
2505 3098 2864 3166 imperfectus
2942 3107 2999 3151 et
3053 3097 3326 3164 impotens
3405 3107 3574 3160 esset,

1990 3206 2098 3242 non
2141 3189 2454 3258 producens
2489 3204 2555 3242 ex
2591 3203 2649 3242 se
2690 3188 2927 3241 Verbum
2954 3187 3166 3256 mqualc
3197 3187 3323 3250 sibi,
3352 3195 3409 3240 et
3438 3201 3576 3240 con-

1989 3281 2372 3343 substantiale,
2400 3289 2564 3351 atque
2597 3281 2651 3334 in
2690 3280 2879 3334 eadem
2910 3281 3116 3348 specie.
3151 3277 3258 3332 Eos
3291 3277 3455 3347 igitur
3483 3277 3579 3346 qui

1989 3374 2188 3428 Filium
2221 3389 2287 3428 ex
2331 3373 2636 3428 substantia
2673 3374 2850 3428 Patris
2883 3373 3136 3440 generari
3188 3381 3426 3441 negant,
3461 3372 3581 3427 haec

1990 3469 2144 3522 fati-ri
2195 3481 2417 3520 necesse
2464 3475 2585 3532 est;
2628 3475 2684 3520 et
2736 3466 2964 3536 insuper
3011 3465 3158 3520 circa
3206 3465 3578 3534 signiﬁcatum

1993 3561 2157 3630 hujus
2211 3559 2496 3622 dictionis,
2557 3559 2852 3628 generari,
2897 3572 3160 3614 ‘errorem
3209 3560 3578 3614 committere.

1991 3651 2288 3707 Generatio
2330 3653 2498 3714 enim.
2535 3667 2655 3720 qua:
2689 3659 2772 3705 est
2819 3651 3124 3705 secundum
3176 3660 3459 3718 naturam,
3509 3667 3580 3707 ex

1991 3747 2299 3802 substantia
2324 3745 2642 3818 generantis
2671 3743 2973 3815 procedere
3003 3745 3333 3816 productqu
3361 3744 3578 3800 deﬁnit.

2077 3923 2352 3978 Praeterea
2391 3957 2404 3979 ,
2441 3919 2886 3989 quandoquidem
2941 3923 3124 3976 omnia
3171 3937 3236 3976 ex
3287 3923 3398 3978 Deo
3455 3939 3578 3979 esse

1995 4018 2281 4077 dicuntur,
2316 4024 2403 4066 est
2435 4022 2619 4065 autem
2651 4017 2816 4066 etiam
2862 4013 3059 4080 Filius,
3095 4025 3151 4070 et
3177 4017 3415 4086 Spiritus
3445 4033 3576 4074 san-

1995 4117 2136 4168 ctus,
2198 4121 2264 4160 ex
2313 4106 2446 4167 Deo,
2498 4113 2706 4173 quaeret
2749 4107 3066 4176 quispiam,
3121 4124 3232 4176 quo
3281 4109 3475 4184 Filius,
3520 4124 3578 4165 et

1997 4197 2239 4267 Spiritus
2283 4213 2313 4251 a
2346 4207 2598 4252 creatura
2653 4197 3060 4268 distinguetur;
3099 4210 3374 4267 quatenus
3427 4202 3578 4254 enim

1996 4301 2216 4342 causata
2272 4298 2441 4350 sunt,
2478 4297 2532 4342 et
2581 4303 2648 4342 ex
2696 4288 2808 4341 Deo
2858 4302 2979 4342 esse
3027 4287 3317 4355 dicuntur,
3368 4290 3575 4344 nullam

1997 4380 2265 4434 haberent
2294 4395 2322 4433 a
2357 4389 2610 4434 creatura
2641 4378 3074 4443 distinctionem,
3107 4379 3200 4433 sed
3225 4379 3424 4434 divina:
3455 4395 3583 4450 per-

1998 4487 2144 4527 sonte
2189 4471 2624 4526 substantialiter
2678 4481 2735 4525 et
2785 4471 3134 4535 naturaliter,
3173 4472 3227 4525 in
3272 4473 3581 4543 eademque

311 4569 466 4633 εῖδει,
499 4569 526 4621 ὅ
565 4567 616 4621 τί
647 4567 766 4620 ποτ’
797 4567 886 4638 ἄρ’
914 4565 1170 4630 ἑστίηκαδ⁹
1193 4564 1448 4628 αίωνίως,
1480 4564 1575 4616 καὶ
1610 4563 1676 4633 δὴ
1705 4564 1801 4616 καὶ
1829 4565 1889 4634 ὲκ

2000 4565 2203 4634 specie,
2249 4564 2518 4633 quidquid
2555 4563 2772 4617 tandem
2804 4572 2984 4626 sunt,
3014 4571 3180 4631 atque
3229 4564 3296 4616 ah
3345 4573 3574 4650 aeterno,

310 4663 412 4729 τῆς
454 4663 644 4726 οὐσίας
689 4657 830 4714 εἶναι
862 4661 1012 4732 παρᾶ
1067 4659 1175 4712 τῶν
1212 4658 1383 4726 ἁγίων
1430 4657 1692 4724 λέγεταιο
1725 4658 1794 4710 τὰ
1835 4659 1892 4711 δὲ

315 4755 472 4814 ἐκτὸς
509 4754 604 4807 τοῦ
635 4753 766 4806 Θεοῦ
799 4751 1213 4822 δημιουργικῶς
1245 4749 1544 4819 ἁγαθότητι
1573 4751 1736 4820 μόνον
1765 4751 1894 4802 ἑαυο

315 4844 410 4897 τοῦ
452 4848 531 4908 είς
557 4845 616 4898 τὸ
659 4839 803 4898 εἶναι
851 4842 1184 4914 παρηγμένα
1226 4842 1370 4894 κατά
1403 4842 1618 4911 χρόνον.
1671 4843 1893 4908 Ῥητέον

314 4941 423 5008 ἄρα
459 4939 550 4992 τὸν
577 4938 706 4991 Υίὸν
753 4937 849 4989 καὶ
897 4942 956 4990 τὸ
1008 4939 1165 5005 ἆγιον
1195 4936 1421 5006 Πνεῦμα
1474 4937 1539 4988 ἐκ
1569 4934 1668 5003 τῆς
1699 4934 1894 4998 οὐ;ίας

315 5032 410 5086 τοῦ
446 5031 582 5085 Θεοῦ
614 5030 862 5102 προῖεναι
897 5030 992 5082 καὶ
1029 5031 1130 5100 τὴν
1163 5026 1398 5098 ὓπαρξιν
1442 5025 1624 5097 ἔχειν’
1669 5026 1786 5094 εἴγε
1819 5025 1894 5094 μὴ

320 5123 612 5194 μέλλοιμεν
646 5121 707 5174 οὐ
743 5121 1118 5190 διακρίνοντες
1155 5119 1297 5172 κατὰ
1345 5117 1444 5189 τὴν
1473 5117 1582 5171 τῶν
1633 5117 1894 5171 διδασκά-

315 5218 425 5268 λων
456 5213 738 5282 θεολογίαν
783 5214 898 5276 τοῐς
942 5210 1240 5279 κτίσμασιν
1306 5209 1584 5263 ὲντάττειν
1636 5209 1894 5273 ἀναξίως,

323 5307 457 5378 μηδὲ
492 5294 764 5377 μετὰτῶν
800 5305 1018 5357 πάντων
1053 5302 1150 5355 καὶ
1187 5303 1326 5355 αὐτὰ
1363 5300 1595 5364 τιθέναι,
1641 5300 1776 5368 μηδὲ
1803 5300 1897 5352 τὸν

319 5401 452 5455 Θεὸν
481 5403 577 5454 καὶ
605 5398 825 5468 Πατέρα
853 5398 1049 5466 ἐπίσης
1081 5395 1190 5448 τῶν
1238 5396 1397 5470 θείων
1441 5393 1764 5464 προσώπων,
1790 5394 1898 5444 Πα-

320 5495 454 5564 τέρα
479 5494 659 5562 λέγειν
693 5488 834 5544 εἶναι
869 5489 965 5544 καὶ
995 5488 1174 5557 ἡμῶν,
1228 5491 1370 5539 κατὰ,
1400 5486 1462 5538 τὸ
1495 5486 1784 5554 είρημένον
1817 5482 1896 5553 τῷ

334 5588 674 5656 Ἀποστόλῳ·
720 5604 737 5636 ι
782 5579 876 5646 Εἷς
902 5584 1037 5645 Θεὸς
1063 5586 1090 5635 ὁ
1119 5582 1327 5652 Πατὴρ,
1360 5581 1418 5645 ἐξ
1450 5572 1510 5632 οὐ
1551 5583 1617 5632 τὰ
1654 5582 1889 5634 πάντα.»

325 5679 402 5732 Οὐ
431 5682 540 5748 γὰρ
564 5676 642 5747 τῷ
683 5679 782 5747 ἴσῳ
827 5675 970 5743 λόγῳ
1016 5675 1044 5726 ὀ
1084 5672 1273 5741 Πατὴρ
1323 5673 1417 5723 τοῦ
1457 5669 1581 5721 Υἱοῦ
1632 5673 1768 5734 ἐστι,
1804 5669 1900 5721 καὶ

329 5772 519 5841 Πατὴρ
551 5771 768 5823 πάντων
793 5769 1036 5836 λέγεται.
1070 5766 1192 5817 Ὅτι
1219 5765 1275 5815 δὲ
1307 5764 1436 5833 περὶ
1470 5761 1562 5813 τοῦ
1599 5762 1897 5831 προσώπου

323 5866 420 5920 τοῦ
453 5862 659 5929 Πατρὸς
690 5862 864 5914 ἐκεῖνο
892 5859 1128 5930 εἴρηται,
1157 5855 1338 5925 δῇλον.
1384 5855 1613 5920 Ἐπάγει
1654 5855 1761 5922 γὰρ
1787 5854 1900 5906 δια-

1996 4658 2161 4710 etiam
2186 4665 2240 4709 et
2262 4671 2327 4709 ex
2360 4654 2665 4708 substantia
2695 4669 2815 4708 esse
2841 4670 2875 4707 a
2899 4653 3108 4708 sanctis
3141 4653 3421 4709 dicuntur.
3443 4655 3581 4721 Quae

1995 4764 2128 4803 vero
2166 4757 2294 4802 sunt
2333 4750 2396 4801 ad
2434 4756 2589 4801 extra
2623 4747 2716 4800 Dei
2753 4748 2802 4800 vi
2837 4746 3138 4800 creationis
3171 4746 3418 4802 bonitate
3453 4758 3578 4801 tan--

2001 4851 2114 4896 tum
2145 4857 2266 4906 sua,
2299 4841 2352 4893 in
2386 4855 2570 4893 rerum
2607 4847 2861 4892 naturam
2891 4852 3013 4892 esse
3048 4838 3315 4906 producta
3347 4839 3400 4892 in
3434 4847 3574 4894 tem-

1998 4950 2130 5005 pore
2171 4933 2474 4998 dicuntur;
2534 4931 2700 5001 igitur
2743 4929 3038 4985 dicendum
3089 4941 3210 4996 est,
3262 4931 3456 4986 Filium
3521 4943 3580 4989 et

1999 5024 2270 5094 Spiritum
2328 5033 2580 5078 sanctum
2629 5037 2697 5078 ex
2743 5021 3054 5077 substantia
3101 5023 3197 5077 Dei
3251 5025 3581 5094 procedere,

1997 5128 2163 5188 atque
2189 5116 2601 5172 subsistentiam
2634 5113 2863 5178 habere,
2897 5115 2950 5168 ni
2987 5115 3221 5170 velimus
3245 5115 3390 5170 inter
3417 5132 3577 5170 crea-

2001 5223 2152 5265 turas
2184 5209 2462 5264 immerito
2492 5223 2588 5262 eos
2627 5207 3016 5271 adnumerare,
3045 5221 3156 5260 non
3191 5207 3584 5278 distinguendo

1995 5303 2147 5374 juxta
2187 5301 2516 5369 theologiam
2551 5299 2865 5360 doctorum,
2914 5307 2972 5352 et
3024 5313 3134 5352 una
3181 5313 3310 5352 cum
3365 5300 3585 5354 caeteris

2000 5392 2263 5447 omnibus
2288 5391 2582 5452 collocare,
2609 5401 2775 5457 atque
2805 5391 2974 5441 Deum
3002 5397 3057 5442 et
3088 5389 3300 5444 Patrem
3327 5406 3396 5445 ex
3421 5405 3580 5460 aequo

2001 5484 2313 5539 divinarum
2381 5495 2744 5551 personarum
2798 5480 3014 5533 Patrem
3085 5494 3208 5534 esse
3261 5481 3446 5536 dicere
3514 5496 3580 5536 ac

2003 5586 2271 5639 nostrum,
2303 5575 2453 5644 juxta
2491 5572 2699 5626 dictum
2731 5570 3005 5638 Apostoli:
3049 5589 3066 5621 ‹
3105 5571 3256 5625 Unus
3286 5573 3448 5635 Deus,
3482 5573 3575 5642 qui

2003 5682 2087 5726 est
2134 5671 2313 5732 Pater,
2363 5684 2430 5722 ex
2465 5683 2573 5735 quo
2610 5665 2814 5719 onmia.
2863 5687 2875 5714 ι
2917 5665 3034 5719 Non
3068 5669 3214 5719 enim
3269 5669 3460 5734 aequali
3500 5685 3584 5721 ra-

2011 5767 2156 5816 tione
2209 5762 2369 5816 Pater
2420 5759 2538 5811 Filii
2586 5767 2709 5820 est,
2760 5765 2816 5811 et
2871 5757 3031 5810 Pater
3074 5759 3318 5810 omniun
3359 5760 3580 5815 dicitur.

2001 5852 2158 5919 Quod
2207 5859 2389 5906 autem
2435 5849 2503 5906 de
2548 5860 2783 5916 persona
2823 5845 2998 5900 Patris
3051 5846 3180 5899 illud
3228 5849 3433 5904 dictum
3485 5855 3576 5917 sit.
