  <div class='ocr_page' id='page_1' title='image "/cluster/home/n/w/nwhite01/storage/ocr_20150623/154:no.2/coo.31924054870591/458.png"; bbox 0 0 4036 6502; ppageno 0'>
   <div class='ocr_carea' id='block_1_1' title="bbox 283 318 386 383">
    <p class='ocr_par' dir='ltr' id='par_1_1' title="bbox 283 318 386 383">
     <span class='ocr_line' id='line_1_1' title="bbox 283 318 386 383; baseline -0.01 0"><span class='ocrx_word' id='word_1_1' title='bbox 283 318 386 383; x_wconf 79' lang='lat'><strong>905</strong></span> 
     </span>
    </p>
   </div>
   <div class='ocr_carea' id='block_1_2' title="bbox 1224 293 2601 374">
    <p class='ocr_par' dir='ltr' id='par_1_2' title="bbox 1224 293 2601 374">
     <span class='ocr_line' id='line_1_2' title="bbox 1224 293 2601 374; baseline -0.007 0"><span class='ocrx_word' id='word_1_2' title='bbox 1224 313 1321 374; x_wconf 91' lang='lat' dir='ltr'><strong>DE</strong></span> <span class='ocrx_word' id='word_1_3' title='bbox 1361 312 1880 374; x_wconf 78' lang='lat' dir='ltr'><strong>PROCESSIONE</strong></span> <span class='ocrx_word' id='word_1_4' title='bbox 1917 293 2280 372; x_wconf 75' lang='lat' dir='ltr'><strong>srmirus</strong></span> <span class='ocrx_word' id='word_1_5' title='bbox 2316 304 2601 366; x_wconf 79' lang='lat' dir='ltr'><strong>SANCTI.</strong></span> 
     </span>
    </p>
   </div>
   <div class='ocr_carea' id='block_1_3' title="bbox 3422 309 3528 371">
    <p class='ocr_par' dir='ltr' id='par_1_3' title="bbox 3422 309 3528 371">
     <span class='ocr_line' id='line_1_3' title="bbox 3422 309 3528 371; baseline 0.009 -1"><span class='ocrx_word' id='word_1_6' title='bbox 3422 309 3528 371; x_wconf 79' lang='lat'><strong>906</strong></span> 
     </span>
    </p>
   </div>
   <div class='ocr_carea' id='block_1_4' title="bbox 281 412 1871 501">
    <p class='ocr_par' dir='ltr' id='par_1_4' title="bbox 281 424 1848 501">
     <span class='ocr_line' id='line_1_4' title="bbox 281 424 1848 501; baseline -0.004 -17"><span class='ocrx_word' id='word_1_7' title='bbox 281 447 382 501; x_wconf 86' lang='grc' dir='ltr'><strong>κης</strong></span> <span class='ocrx_word' id='word_1_8' title='bbox 426 426 780 496; x_wconf 79' lang='grc' dir='ltr'><strong>ἐμφαίνουσιν</strong></span> <span class='ocrx_word' id='word_1_9' title='bbox 835 426 1183 497; x_wconf 75' lang='grc' dir='ltr'>ἀναφορικῶς</span> <span class='ocrx_word' id='word_1_10' title='bbox 1229 427 1366 496; x_wconf 80' lang='grc' dir='ltr'>πρὸς</span> <span class='ocrx_word' id='word_1_11' title='bbox 1396 426 1604 497; x_wconf 77' lang='grc' dir='ltr'>ἄλληλα</span> <span class='ocrx_word' id='word_1_12' title='bbox 1634 424 1848 496; x_wconf 81' lang='grc' dir='ltr'>ἔχοντα·</span> 
     </span>
    </p>
   </div>
   <div class='ocr_carea' id='block_1_5' title="bbox 1972 412 3531 501">
    <p class='ocr_par' dir='ltr' id='par_1_5' title="bbox 1972 412 3531 490">
     <span class='ocr_line' id='line_1_5' title="bbox 1972 412 3531 490; baseline -0.001 -14"><span class='ocrx_word' id='word_1_13' title='bbox 1972 421 2311 490; x_wconf 72' lang='lat' dir='ltr'><strong>&#39;ecipiantur.</strong></span> <span class='ocrx_word' id='word_1_14' title='bbox 2346 417 2522 471; x_wconf 98' lang='lat' dir='ltr'><strong>Patris</strong></span> <span class='ocrx_word' id='word_1_15' title='bbox 2556 424 2739 469; x_wconf 86' lang='lat' dir='ltr'><strong>autem</strong></span> <span class='ocrx_word' id='word_1_16' title='bbox 2764 423 2817 466; x_wconf 81' lang='lat' dir='ltr'><strong>ct</strong></span> <span class='ocrx_word' id='word_1_17' title='bbox 2851 412 2973 467; x_wconf 88' lang='lat' dir='ltr'><strong>Filii</strong></span> <span class='ocrx_word' id='word_1_18' title='bbox 3001 428 3198 470; x_wconf 84' lang='lat' dir='ltr'><strong>nomen</strong></span> <span class='ocrx_word' id='word_1_19' title='bbox 3229 431 3295 470; x_wconf 83' lang='lat' dir='ltr'><strong>ex</strong></span> <span class='ocrx_word' id='word_1_20' title='bbox 3330 417 3396 472; x_wconf 90' lang='lat' dir='ltr'><strong>iis</strong></span> <span class='ocrx_word' id='word_1_21' title='bbox 3424 431 3531 487; x_wconf 90' lang='lat' dir='ltr'><strong>est,</strong></span> 
     </span>
    </p>
   </div>
   <div class='ocr_carea' id='block_1_6' title="bbox 281 515 1852 589">
    <p class='ocr_par' dir='ltr' id='par_1_6' title="bbox 281 515 1852 589">
     <span class='ocr_line' id='line_1_6' title="bbox 281 515 1852 589; baseline -0.006 -13"><span class='ocrx_word' id='word_1_22' title='bbox 281 521 372 579; x_wconf 74' lang='grc' dir='ltr'>καὶ</span> <span class='ocrx_word' id='word_1_23' title='bbox 403 520 491 572; x_wconf 86' lang='grc' dir='ltr'><strong>διὰ</strong></span> <span class='ocrx_word' id='word_1_24' title='bbox 522 519 680 572; x_wconf 84' lang='grc' dir='ltr'>τοῦτο</span> <span class='ocrx_word' id='word_1_25' title='bbox 708 519 889 586; x_wconf 88' lang='grc' dir='ltr'>λέγειν</span> <span class='ocrx_word' id='word_1_26' title='bbox 921 517 1022 589; x_wconf 83' lang='grc' dir='ltr'>τὴν</span> <span class='ocrx_word' id='word_1_27' title='bbox 1060 518 1250 570; x_wconf 83' lang='grc' dir='ltr'>οὐσίαν</span> <span class='ocrx_word' id='word_1_28' title='bbox 1279 515 1373 570; x_wconf 87' lang='grc' dir='ltr'><strong>τοῦ</strong></span> <span class='ocrx_word' id='word_1_29' title='bbox 1410 518 1621 585; x_wconf 74' lang='grc' dir='ltr'>Πατρὸς</span> <span class='ocrx_word' id='word_1_30' title='bbox 1653 517 1852 584; x_wconf 75' lang='grc' dir='ltr'>γεννᾷν</span> 
     </span>
    </p>
   </div>
   <div class='ocr_carea' id='block_1_7' title="bbox 278 607 1850 683">
    <p class='ocr_par' dir='ltr' id='par_1_7' title="bbox 278 607 1850 683">
     <span class='ocr_line' id='line_1_7' title="bbox 278 607 1850 683; baseline -0.004 -17"><span class='ocrx_word' id='word_1_31' title='bbox 278 615 378 683; x_wconf 81' lang='grc' dir='ltr'>τὴν</span> <span class='ocrx_word' id='word_1_32' title='bbox 414 611 507 666; x_wconf 83' lang='grc' dir='ltr'><strong>τοῦ</strong></span> <span class='ocrx_word' id='word_1_33' title='bbox 549 611 678 664; x_wconf 75' lang='grc' dir='ltr'>Υἱοῦ</span> <span class='ocrx_word' id='word_1_34' title='bbox 709 611 899 664; x_wconf 86' lang='grc' dir='ltr'>οὐσίαν</span> <span class='ocrx_word' id='word_1_35' title='bbox 928 611 1125 679; x_wconf 83' lang='grc' dir='ltr'>ἀληθές</span> <span class='ocrx_word' id='word_1_36' title='bbox 1164 613 1336 662; x_wconf 79' lang='grc' dir='ltr'>ἐστιν·</span> <span class='ocrx_word' id='word_1_37' title='bbox 1366 611 1399 679; x_wconf 88' lang='grc' dir='ltr'><strong>ἡ</strong></span> <span class='ocrx_word' id='word_1_38' title='bbox 1426 609 1536 678; x_wconf 80' lang='grc' dir='ltr'>γὰρ</span> <span class='ocrx_word' id='word_1_39' title='bbox 1563 609 1722 661; x_wconf 89' lang='grc' dir='ltr'>οὐσία</span> <span class='ocrx_word' id='word_1_40' title='bbox 1755 607 1850 660; x_wconf 86' lang='grc' dir='ltr'><strong>τοῦ</strong></span> 
     </span>
    </p>
   </div>
   <div class='ocr_carea' id='block_1_8' title="bbox 281 698 1851 773">
    <p class='ocr_par' dir='ltr' id='par_1_8' title="bbox 281 698 1851 773">
     <span class='ocr_line' id='line_1_8' title="bbox 281 698 1851 773; baseline -0.006 -14"><span class='ocrx_word' id='word_1_41' title='bbox 281 704 490 773; x_wconf 79' lang='grc' dir='ltr'>Πατρὸς</span> <span class='ocrx_word' id='word_1_42' title='bbox 521 703 675 756; x_wconf 76' lang='grc' dir='ltr'>οὐδὲν</span> <span class='ocrx_word' id='word_1_43' title='bbox 701 703 887 772; x_wconf 78' lang='grc' dir='ltr'>ἕτερον</span> <span class='ocrx_word' id='word_1_44' title='bbox 919 702 1105 755; x_wconf 83' lang='grc' dir='ltr'>δίδωσι</span> <span class='ocrx_word' id='word_1_45' title='bbox 1137 703 1281 752; x_wconf 86' lang='grc' dir='ltr'>νοεῖν</span> <span class='ocrx_word' id='word_1_46' title='bbox 1313 701 1346 769; x_wconf 83' lang='grc' dir='ltr'>ἢ</span> <span class='ocrx_word' id='word_1_47' title='bbox 1378 701 1477 771; x_wconf 80' lang='grc' dir='ltr'>τὴν</span> <span class='ocrx_word' id='word_1_48' title='bbox 1511 698 1605 752; x_wconf 88' lang='grc' dir='ltr'><strong>τοῦ</strong></span> <span class='ocrx_word' id='word_1_49' title='bbox 1638 698 1851 767; x_wconf 82' lang='grc' dir='ltr'>Πατρδς</span> 
     </span>
    </p>
   </div>
   <div class='ocr_carea' id='block_1_9' title="bbox 282 790 1852 864">
    <p class='ocr_par' dir='ltr' id='par_1_9' title="bbox 282 790 1852 864">
     <span class='ocr_line' id='line_1_9' title="bbox 282 790 1852 864; baseline -0.008 -12"><span class='ocrx_word' id='word_1_50' title='bbox 282 799 599 859; x_wconf 80' lang='grc' dir='ltr'><strong>ὑπόστασιν,</strong></span> <span class='ocrx_word' id='word_1_51' title='bbox 635 796 666 864; x_wconf 80' lang='grc' dir='ltr'>ἦ</span> <span class='ocrx_word' id='word_1_52' title='bbox 701 798 762 848; x_wconf 84' lang='grc' dir='ltr'>τδ</span> <span class='ocrx_word' id='word_1_53' title='bbox 790 795 1106 864; x_wconf 81' lang='grc' dir='ltr'>πρόσωπον.</span> <span class='ocrx_word' id='word_1_54' title='bbox 1141 794 1480 853; x_wconf 78' lang='grc' dir='ltr'>’Υπόστασις</span> <span class='ocrx_word' id='word_1_55' title='bbox 1512 791 1570 844; x_wconf 79' lang='grc' dir='ltr'><strong>δὲ</strong></span> <span class='ocrx_word' id='word_1_56' title='bbox 1597 791 1657 843; x_wconf 77' lang='grc' dir='ltr'>τὺ</span> <span class='ocrx_word' id='word_1_57' title='bbox 1676 790 1852 844; x_wconf 80' lang='grc' dir='ltr'>κοινὸν</span> 
     </span>
    </p>
   </div>
   <div class='ocr_carea' id='block_1_10' title="bbox 287 880 1853 960">
    <p class='ocr_par' dir='ltr' id='par_1_10' title="bbox 287 880 1853 960">
     <span class='ocr_line' id='line_1_10' title="bbox 287 880 1853 960; baseline -0.006 -20"><span class='ocrx_word' id='word_1_58' title='bbox 287 890 419 960; x_wconf 83' lang='grc' dir='ltr'><strong>μετά</strong></span> <span class='ocrx_word' id='word_1_59' title='bbox 462 888 557 940; x_wconf 87' lang='grc' dir='ltr'><strong>τοῦ</strong></span> <span class='ocrx_word' id='word_1_60' title='bbox 595 887 890 949; x_wconf 74' lang='grc' dir='ltr'>ίδιάζοντος</span> <span class='ocrx_word' id='word_1_61' title='bbox 920 885 1209 937; x_wconf 84' lang='grc' dir='ltr'><strong>δέδεικται·</strong></span> <span class='ocrx_word' id='word_1_62' title='bbox 1250 883 1408 952; x_wconf 77' lang='grc' dir='ltr'>καὶὴ</span> <span class='ocrx_word' id='word_1_63' title='bbox 1460 881 1559 952; x_wconf 84' lang='grc' dir='ltr'>μὲν</span> <span class='ocrx_word' id='word_1_64' title='bbox 1606 881 1765 934; x_wconf 89' lang='grc' dir='ltr'>οὐσία</span> <span class='ocrx_word' id='word_1_65' title='bbox 1793 880 1853 931; x_wconf 76' lang='grc' dir='ltr'>τὸ</span> 
     </span>
    </p>
   </div>
   <div class='ocr_carea' id='block_1_11' title="bbox 285 971 1858 1046">
    <p class='ocr_par' dir='ltr' id='par_1_11' title="bbox 285 971 1858 1046">
     <span class='ocr_line' id='line_1_11' title="bbox 285 971 1858 1046; baseline -0.007 -13"><span class='ocrx_word' id='word_1_66' title='bbox 285 981 481 1044; x_wconf 78' lang='grc' dir='ltr'>κοινὸν,</span> <span class='ocrx_word' id='word_1_67' title='bbox 509 979 570 1031; x_wconf 75' lang='grc' dir='ltr'>τὸ</span> <span class='ocrx_word' id='word_1_68' title='bbox 598 978 654 1029; x_wconf 82' lang='grc' dir='ltr'><strong>δὲ</strong></span> <span class='ocrx_word' id='word_1_69' title='bbox 687 977 876 1046; x_wconf 81' lang='grc' dir='ltr'>Πατὴρ</span> <span class='ocrx_word' id='word_1_70' title='bbox 909 975 969 1028; x_wconf 81' lang='grc' dir='ltr'>τὸ</span> <span class='ocrx_word' id='word_1_71' title='bbox 1003 975 1204 1038; x_wconf 78' lang='grc' dir='ltr'><strong>ἰδιάζον</strong></span> <span class='ocrx_word' id='word_1_72' title='bbox 1243 975 1392 1028; x_wconf 72' lang='grc' dir='ltr'>ἐστὶν</span> <span class='ocrx_word' id='word_1_73' title='bbox 1431 974 1614 1044; x_wconf 76' lang='grc' dir='ltr'>(εἴπερ</span> <span class='ocrx_word' id='word_1_74' title='bbox 1654 972 1731 1041; x_wconf 78' lang='grc' dir='ltr'>μὴ</span> <span class='ocrx_word' id='word_1_75' title='bbox 1775 971 1858 1023; x_wconf 78' lang='grc' dir='ltr'>δεῖ</span> 
     </span>
    </p>
   </div>
   <div class='ocr_carea' id='block_1_12' title="bbox 285 1062 1854 1138">
    <p class='ocr_par' dir='ltr' id='par_1_12' title="bbox 285 1062 1854 1138">
     <span class='ocr_line' id='line_1_12' title="bbox 285 1062 1854 1138; baseline -0.004 -18"><span class='ocrx_word' id='word_1_76' title='bbox 285 1071 498 1138; x_wconf 81' lang='grc' dir='ltr'><strong>φρονεῖν</strong></span> <span class='ocrx_word' id='word_1_77' title='bbox 549 1067 678 1120; x_wconf 83' lang='grc' dir='ltr'><strong>ἄλλο</strong></span> <span class='ocrx_word' id='word_1_78' title='bbox 725 1067 824 1134; x_wconf 82' lang='grc' dir='ltr'>μὲν</span> <span class='ocrx_word' id='word_1_79' title='bbox 877 1066 1109 1135; x_wconf 78' lang='grc' dir='ltr'>πρᾶγμα</span> <span class='ocrx_word' id='word_1_80' title='bbox 1145 1064 1242 1134; x_wconf 86' lang='grc' dir='ltr'>τὴν</span> <span class='ocrx_word' id='word_1_81' title='bbox 1269 1064 1479 1126; x_wconf 90' lang='grc' dir='ltr'>οὐσίαν,</span> <span class='ocrx_word' id='word_1_82' title='bbox 1511 1063 1639 1115; x_wconf 83' lang='grc' dir='ltr'><strong>ἄλλο</strong></span> <span class='ocrx_word' id='word_1_83' title='bbox 1678 1062 1734 1114; x_wconf 76' lang='grc' dir='ltr'><strong>δὲ</strong></span> <span class='ocrx_word' id='word_1_84' title='bbox 1758 1062 1854 1130; x_wconf 80' lang='grc' dir='ltr'><strong>τὴν</strong></span> 
     </span>
    </p>
   </div>
   <div class='ocr_carea' id='block_1_13' title="bbox 286 1153 1854 1226">
    <p class='ocr_par' dir='ltr' id='par_1_13' title="bbox 286 1153 1854 1226">
     <span class='ocr_line' id='line_1_13' title="bbox 286 1153 1854 1226; baseline -0.005 -12"><span class='ocrx_word' id='word_1_85' title='bbox 286 1161 604 1222; x_wconf 79' lang='grc' dir='ltr'><strong>ὑπόστασιν,</strong></span> <span class='ocrx_word' id='word_1_86' title='bbox 633 1158 820 1226; x_wconf 75' lang='grc' dir='ltr'>ἕτερον</span> <span class='ocrx_word' id='word_1_87' title='bbox 865 1156 920 1206; x_wconf 84' lang='grc' dir='ltr'><strong>δὲ</strong></span> <span class='ocrx_word' id='word_1_88' title='bbox 952 1155 1044 1208; x_wconf 78' lang='grc' dir='ltr'>τὸν</span> <span class='ocrx_word' id='word_1_89' title='bbox 1073 1155 1319 1224; x_wconf 83' lang='grc' dir='ltr'><strong>Πατέρα,</strong></span> <span class='ocrx_word' id='word_1_90' title='bbox 1346 1155 1442 1207; x_wconf 80' lang='grc' dir='ltr'>καὶ</span> <span class='ocrx_word' id='word_1_91' title='bbox 1469 1153 1599 1207; x_wconf 84' lang='grc' dir='ltr'>ἀλλο</span> <span class='ocrx_word' id='word_1_92' title='bbox 1619 1155 1719 1222; x_wconf 78' lang='grc' dir='ltr'>τὴν</span> <span class='ocrx_word' id='word_1_93' title='bbox 1750 1170 1854 1206; x_wconf 88' lang='grc' dir='ltr'><strong>πα-</strong></span> 
     </span>
    </p>
   </div>
   <div class='ocr_carea' id='block_1_14' title="bbox 284 1245 1856 1323">
    <p class='ocr_par' dir='ltr' id='par_1_14' title="bbox 284 1245 1856 1323">
     <span class='ocr_line' id='line_1_14' title="bbox 284 1245 1856 1323; baseline -0.008 -16"><span class='ocrx_word' id='word_1_94' title='bbox 284 1254 538 1323; x_wconf 84' lang='grc' dir='ltr'>τρότητα,</span> <span class='ocrx_word' id='word_1_95' title='bbox 571 1249 599 1302; x_wconf 81' lang='grc' dir='ltr'>ὃ</span> <span class='ocrx_word' id='word_1_96' title='bbox 636 1249 776 1317; x_wconf 84' lang='grc' dir='ltr'><strong>μετά</strong></span> <span class='ocrx_word' id='word_1_97' title='bbox 823 1249 922 1316; x_wconf 76' lang='grc' dir='ltr'>τῆς</span> <span class='ocrx_word' id='word_1_98' title='bbox 945 1246 1204 1305; x_wconf 84' lang='grc' dir='ltr'>ἀσεϐείας</span> <span class='ocrx_word' id='word_1_99' title='bbox 1247 1245 1381 1297; x_wconf 77' lang='grc' dir='ltr'>πολὺ</span> <span class='ocrx_word' id='word_1_100' title='bbox 1411 1245 1592 1298; x_wconf 79' lang='grc' dir='ltr'>καὶτὸ</span> <span class='ocrx_word' id='word_1_101' title='bbox 1627 1245 1856 1312; x_wconf 83' lang='grc' dir='ltr'>ἀνόητον</span> 
     </span>
    </p>
   </div>
   <div class='ocr_carea' id='block_1_15' title="bbox 285 1337 1857 1416">
    <p class='ocr_par' dir='ltr' id='par_1_15' title="bbox 285 1337 1857 1416">
     <span class='ocr_line' id='line_1_15' title="bbox 285 1337 1857 1416; baseline -0.007 -17"><span class='ocrx_word' id='word_1_102' title='bbox 285 1345 437 1416; x_wconf 81' lang='grc' dir='ltr'>ἔχει).</span> <span class='ocrx_word' id='word_1_103' title='bbox 466 1345 576 1396; x_wconf 76' lang='grc' dir='ltr'><strong>Καὶ</strong></span> <span class='ocrx_word' id='word_1_104' title='bbox 601 1343 788 1410; x_wconf 77' lang='grc' dir='ltr'>ὅμοιον</span> <span class='ocrx_word' id='word_1_105' title='bbox 809 1339 961 1394; x_wconf 83' lang='grc' dir='ltr'>ὥσπε</span> <span class='ocrx_word' id='word_1_106' title='bbox 973 1357 1002 1409; x_wconf 87' lang='grc' dir='ltr'><strong>ρ</strong></span> <span class='ocrx_word' id='word_1_107' title='bbox 1031 1340 1097 1393; x_wconf 81' lang='grc' dir='ltr'><strong>ἂν</strong></span> <span class='ocrx_word' id='word_1_108' title='bbox 1119 1341 1168 1392; x_wconf 82' lang='grc' dir='ltr'><strong>εί</strong></span> <span class='ocrx_word' id='word_1_109' title='bbox 1198 1339 1436 1406; x_wconf 81' lang='grc' dir='ltr'>ἐλέγετο,</span> <span class='ocrx_word' id='word_1_110' title='bbox 1467 1341 1499 1409; x_wconf 79' lang='grc' dir='ltr'>ἡ</span> <span class='ocrx_word' id='word_1_111' title='bbox 1527 1339 1620 1392; x_wconf 90' lang='grc' dir='ltr'><strong>τοῦ</strong></span> <span class='ocrx_word' id='word_1_112' title='bbox 1645 1337 1857 1405; x_wconf 77' lang='grc' dir='ltr'>Πατρὸς</span> 
     </span>
    </p>
   </div>
   <div class='ocr_carea' id='block_1_16' title="bbox 289 1415 1858 1502">
    <p class='ocr_par' dir='ltr' id='par_1_16' title="bbox 289 1415 1858 1502">
     <span class='ocr_line' id='line_1_16' title="bbox 289 1415 1858 1502; baseline -0.006 -14"><span class='ocrx_word' id='word_1_113' title='bbox 289 1415 584 1495; x_wconf 75' lang='grc' dir='ltr'>ὑπόστασις</span> <span class='ocrx_word' id='word_1_114' title='bbox 613 1433 781 1501; x_wconf 81' lang='grc' dir='ltr'>γεννᾷ</span> <span class='ocrx_word' id='word_1_115' title='bbox 811 1431 911 1500; x_wconf 81' lang='grc' dir='ltr'>τὴν</span> <span class='ocrx_word' id='word_1_116' title='bbox 939 1430 1240 1502; x_wconf 83' lang='grc' dir='ltr'><strong>ὑπόστασιν</strong></span> <span class='ocrx_word' id='word_1_117' title='bbox 1272 1428 1367 1482; x_wconf 88' lang='grc' dir='ltr'><strong>τοῦ</strong></span> <span class='ocrx_word' id='word_1_118' title='bbox 1391 1429 1548 1492; x_wconf 81' lang='grc' dir='ltr'>Υἱοῦ,</span> <span class='ocrx_word' id='word_1_119' title='bbox 1582 1429 1718 1496; x_wconf 83' lang='grc' dir='ltr'>ὅπερ</span> <span class='ocrx_word' id='word_1_120' title='bbox 1743 1427 1858 1479; x_wconf 58' lang='grc' dir='ltr'><strong>ἐστὶ⁴</strong></span> 
     </span>
    </p>
   </div>
   <div class='ocr_carea' id='block_1_17' title="bbox 288 1519 1858 1594">
    <p class='ocr_par' dir='ltr' id='par_1_17' title="bbox 288 1519 1858 1594">
     <span class='ocr_line' id='line_1_17' title="bbox 288 1519 1858 1594; baseline -0.008 -12"><span class='ocrx_word' id='word_1_121' title='bbox 288 1528 421 1582; x_wconf 86' lang='grc' dir='ltr'><strong>κατά</strong></span> <span class='ocrx_word' id='word_1_122' title='bbox 447 1526 546 1594; x_wconf 82' lang='grc' dir='ltr'><strong>τὴν</strong></span> <span class='ocrx_word' id='word_1_123' title='bbox 577 1527 672 1593; x_wconf 78' lang='grc' dir='ltr'>τῆς</span> <span class='ocrx_word' id='word_1_124' title='bbox 708 1525 943 1585; x_wconf 90' lang='grc' dir='ltr'>πίστεως</span> <span class='ocrx_word' id='word_1_125' title='bbox 971 1523 1140 1575; x_wconf 80' lang='grc' dir='ltr'>θέσιν.</span> <span class='ocrx_word' id='word_1_126' title='bbox 1171 1521 1358 1575; x_wconf 88' lang='grc' dir='ltr'>Ταῦτα</span> <span class='ocrx_word' id='word_1_127' title='bbox 1379 1519 1557 1573; x_wconf 79' lang='grc' dir='ltr'>τοίνυν</span> <span class='ocrx_word' id='word_1_128' title='bbox 1585 1520 1858 1589; x_wconf 69' lang='grc' dir='ltr'>ἠγνόησαν</span> 
     </span>
    </p>
   </div>
   <div class='ocr_carea' id='block_1_18' title="bbox 287 1610 1857 1684">
    <p class='ocr_par' dir='ltr' id='par_1_18' title="bbox 287 1610 1857 1684">
     <span class='ocr_line' id='line_1_18' title="bbox 287 1610 1857 1684; baseline -0.007 -12"><span class='ocrx_word' id='word_1_129' title='bbox 287 1617 588 1680; x_wconf 81' lang='grc' dir='ltr'><strong>παντελῶς,</strong></span> <span class='ocrx_word' id='word_1_130' title='bbox 616 1614 709 1677; x_wconf 83' lang='grc' dir='ltr'>οὒς</span> <span class='ocrx_word' id='word_1_131' title='bbox 739 1614 910 1684; x_wconf 79' lang='grc' dir='ltr'>ἐχρῆν</span> <span class='ocrx_word' id='word_1_132' title='bbox 935 1614 968 1684; x_wconf 82' lang='grc' dir='ltr'>ἢ</span> <span class='ocrx_word' id='word_1_133' title='bbox 1007 1613 1224 1666; x_wconf 74' lang='grc' dir='ltr'>οἴκοθεν</span> <span class='ocrx_word' id='word_1_134' title='bbox 1259 1612 1507 1682; x_wconf 83' lang='grc' dir='ltr'>έχοντας,</span> <span class='ocrx_word' id='word_1_135' title='bbox 1541 1612 1572 1681; x_wconf 79' lang='grc' dir='ltr'>ἢ</span> <span class='ocrx_word' id='word_1_136' title='bbox 1607 1613 1700 1663; x_wconf 76' lang='grc' dir='ltr'><strong>καὶ</strong></span> <span class='ocrx_word' id='word_1_137' title='bbox 1724 1610 1857 1680; x_wconf 85' lang='grc' dir='ltr'>παρ’</span> 
     </span>
    </p>
   </div>
   <div class='ocr_carea' id='block_1_19' title="bbox 289 1697 1858 1775">
    <p class='ocr_par' dir='ltr' id='par_1_19' title="bbox 289 1697 1858 1775">
     <span class='ocr_line' id='line_1_19' title="bbox 289 1697 1858 1775; baseline -0.008 -16"><span class='ocrx_word' id='word_1_138' title='bbox 289 1705 486 1775; x_wconf 76' lang='grc' dir='ltr'>ἑτέρων</span> <span class='ocrx_word' id='word_1_139' title='bbox 516 1701 782 1762; x_wconf 87' lang='grc' dir='ltr'>λαϐόντας</span> <span class='ocrx_word' id='word_1_140' title='bbox 815 1700 892 1770; x_wconf 74' lang='grc' dir='ltr'>μὴ</span> <span class='ocrx_word' id='word_1_141' title='bbox 917 1699 1172 1753; x_wconf 88' lang='grc' dir='ltr'>τοσοῦτον</span> <span class='ocrx_word' id='word_1_142' title='bbox 1197 1699 1295 1768; x_wconf 87' lang='grc' dir='ltr'>τῆς</span> <span class='ocrx_word' id='word_1_143' title='bbox 1324 1697 1583 1766; x_wconf 80' lang='grc' dir='ltr'><strong>ἀληθείας</strong></span> <span class='ocrx_word' id='word_1_144' title='bbox 1611 1697 1858 1750; x_wconf 87' lang='grc' dir='ltr'>ἀποπλα-</span> 
     </span>
    </p>
   </div>
   <div class='ocr_carea' id='block_1_20' title="bbox 288 1764 1934 1860">
    <p class='ocr_par' dir='ltr' id='par_1_20' title="bbox 288 1764 1934 1860">
     <span class='ocr_line' id='line_1_20' title="bbox 288 1764 1934 1860; baseline -0.009 -10"><span class='ocrx_word' id='word_1_145' title='bbox 288 1764 501 1851; x_wconf 73' lang='grc' dir='ltr'>νᾶσθαι.</span> <span class='ocrx_word' id='word_1_146' title='bbox 537 1791 678 1860; x_wconf 85' lang='grc' dir='ltr'>μηδὲ</span> <span class='ocrx_word' id='word_1_147' title='bbox 717 1764 914 1857; x_wconf 38' lang='grc' dir='ltr'>σοφοῦ-ς</span> <span class='ocrx_word' id='word_1_148' title='bbox 945 1786 1086 1841; x_wconf 80' lang='grc' dir='ltr'>εἶναι</span> <span class='ocrx_word' id='word_1_149' title='bbox 1123 1764 1452 1857; x_wconf 79' lang='grc' dir='ltr'>φάσκοντας,</span> <span class='ocrx_word' id='word_1_150' title='bbox 1499 1783 1618 1839; x_wconf 78' lang='grc' dir='ltr'>εἶτα</span> <span class='ocrx_word' id='word_1_151' title='bbox 1649 1785 1860 1857; x_wconf 65' lang='grc' dir='ltr'>μωραίυ</span> <span class='ocrx_word' id='word_1_152' title='bbox 1894 1764 1934 1816; x_wconf 71' lang='grc' dir='ltr'><strong>Β</strong></span> 
     </span>
    </p>
   </div>
   <div class='ocr_carea' id='block_1_21' title="bbox 237 1877 1860 1952">
    <p class='ocr_par' dir='ltr' id='par_1_21' title="bbox 237 1877 1860 1952">
     <span class='ocr_line' id='line_1_21' title="bbox 237 1877 1860 1952; baseline -0.009 -11"><span class='ocrx_word' id='word_1_153' title='bbox 237 1924 244 1928; x_wconf 86' lang='lat'><strong>-</strong></span> <span class='ocrx_word' id='word_1_154' title='bbox 289 1903 418 1941; x_wconf 80' lang='grc' dir='ltr'>νειν.</span> <span class='ocrx_word' id='word_1_155' title='bbox 454 1886 650 1938; x_wconf 82' lang='grc' dir='ltr'>Καίτοι</span> <span class='ocrx_word' id='word_1_156' title='bbox 681 1882 782 1952; x_wconf 84' lang='grc' dir='ltr'>τὴν</span> <span class='ocrx_word' id='word_1_157' title='bbox 835 1881 929 1934; x_wconf 87' lang='grc' dir='ltr'><strong>τοῦ</strong></span> <span class='ocrx_word' id='word_1_158' title='bbox 962 1880 1094 1934; x_wconf 78' lang='grc' dir='ltr'>Υἱοῦ</span> <span class='ocrx_word' id='word_1_159' title='bbox 1143 1880 1337 1933; x_wconf 79' lang='grc' dir='ltr'>οὐσίαν</span> <span class='ocrx_word' id='word_1_160' title='bbox 1381 1877 1678 1946; x_wconf 82' lang='grc' dir='ltr'>γεννᾶσθαι</span> <span class='ocrx_word' id='word_1_161' title='bbox 1704 1877 1860 1944; x_wconf 82' lang='grc' dir='ltr'>λεγο-</span> 
     </span>
    </p>
   </div>
   <div class='ocr_carea' id='block_1_22' title="bbox 297 1967 1862 2048">
    <p class='ocr_par' dir='ltr' id='par_1_22' title="bbox 297 1967 1862 2048">
     <span class='ocr_line' id='line_1_22' title="bbox 297 1967 1862 2048; baseline -0.008 -16"><span class='ocrx_word' id='word_1_162' title='bbox 297 1979 453 2048; x_wconf 82' lang='grc' dir='ltr'>μένου</span> <span class='ocrx_word' id='word_1_163' title='bbox 479 1979 542 2030; x_wconf 82' lang='grc' dir='ltr'>ὲκ</span> <span class='ocrx_word' id='word_1_164' title='bbox 574 1975 675 2045; x_wconf 83' lang='grc' dir='ltr'>τῆς</span> <span class='ocrx_word' id='word_1_165' title='bbox 698 1973 888 2035; x_wconf 83' lang='grc' dir='ltr'>οὐσίας</span> <span class='ocrx_word' id='word_1_166' title='bbox 919 1971 1011 2027; x_wconf 84' lang='grc' dir='ltr'><strong>τοῦ</strong></span> <span class='ocrx_word' id='word_1_167' title='bbox 1053 1971 1293 2040; x_wconf 80' lang='grc' dir='ltr'>Πατρδς,</span> <span class='ocrx_word' id='word_1_168' title='bbox 1323 1969 1554 2038; x_wconf 87' lang='grc' dir='ltr'>πότερον</span> <span class='ocrx_word' id='word_1_169' title='bbox 1585 1968 1722 2038; x_wconf 84' lang='grc' dir='ltr'>πρὸς</span> <span class='ocrx_word' id='word_1_170' title='bbox 1769 1967 1862 2021; x_wconf 78' lang='grc' dir='ltr'><strong>τὸν</strong></span> 
     </span>
    </p>
   </div>
   <div class='ocr_carea' id='block_1_23' title="bbox 294 2059 1863 2137">
    <p class='ocr_par' dir='ltr' id='par_1_23' title="bbox 294 2059 1863 2137">
     <span class='ocr_line' id='line_1_23' title="bbox 294 2059 1863 2137; baseline -0.007 -15"><span class='ocrx_word' id='word_1_171' title='bbox 294 2067 416 2123; x_wconf 83' lang='grc' dir='ltr'>νοῦν</span> <span class='ocrx_word' id='word_1_172' title='bbox 445 2067 480 2137; x_wconf 79' lang='grc' dir='ltr'>ἢ</span> <span class='ocrx_word' id='word_1_173' title='bbox 518 2064 613 2136; x_wconf 80' lang='grc' dir='ltr'><strong>τὴν</strong></span> <span class='ocrx_word' id='word_1_174' title='bbox 639 2065 785 2130; x_wconf 79' lang='grc' dir='ltr'>λέξιν</span> <span class='ocrx_word' id='word_1_175' title='bbox 808 2064 1212 2130; x_wconf 76' lang='grc' dir='ltr'>διενίστανταις</span> <span class='ocrx_word' id='word_1_176' title='bbox 1248 2063 1312 2116; x_wconf 77' lang='lat' dir='ltr'><strong>Et</strong></span> <span class='ocrx_word' id='word_1_177' title='bbox 1349 2062 1449 2132; x_wconf 77' lang='grc' dir='ltr'><strong>μὲν</strong></span> <span class='ocrx_word' id='word_1_178' title='bbox 1471 2060 1580 2132; x_wconf 79' lang='grc' dir='ltr'>γὰρ</span> <span class='ocrx_word' id='word_1_179' title='bbox 1613 2059 1749 2128; x_wconf 83' lang='grc' dir='ltr'>πρὸς</span> <span class='ocrx_word' id='word_1_180' title='bbox 1772 2060 1863 2112; x_wconf 72' lang='grc' dir='ltr'><strong>τὸν</strong></span> 
     </span>
    </p>
   </div>
   <div class='ocr_carea' id='block_1_24' title="bbox 296 2147 1863 2226">
    <p class='ocr_par' dir='ltr' id='par_1_24' title="bbox 296 2147 1863 2226">
     <span class='ocr_line' id='line_1_24' title="bbox 296 2147 1863 2226; baseline -0.008 -15"><span class='ocrx_word' id='word_1_181' title='bbox 296 2157 436 2221; x_wconf 84' lang='grc' dir='ltr'>νοῦν,</span> <span class='ocrx_word' id='word_1_182' title='bbox 466 2157 602 2226; x_wconf 85' lang='grc' dir='ltr'><strong>μετά</strong></span> <span class='ocrx_word' id='word_1_183' title='bbox 632 2155 740 2208; x_wconf 84' lang='grc' dir='ltr'><strong>τῶν</strong></span> <span class='ocrx_word' id='word_1_184' title='bbox 768 2153 1018 2208; x_wconf 86' lang='grc' dir='ltr'>ἀπίστων</span> <span class='ocrx_word' id='word_1_185' title='bbox 1048 2151 1328 2223; x_wconf 79' lang='grc' dir='ltr'><strong>τετάχθων</strong></span> <span class='ocrx_word' id='word_1_186' title='bbox 1353 2150 1458 2222; x_wconf 84' lang='grc' dir='ltr'>τὴν</span> <span class='ocrx_word' id='word_1_187' title='bbox 1485 2149 1580 2203; x_wconf 87' lang='grc' dir='ltr'><strong>τοῦ</strong></span> <span class='ocrx_word' id='word_1_188' title='bbox 1606 2147 1740 2202; x_wconf 76' lang='grc' dir='ltr'>Υἱοῦ</span> <span class='ocrx_word' id='word_1_189' title='bbox 1769 2149 1863 2200; x_wconf 58' lang='grc' dir='ltr'><strong>οὐ-</strong></span> 
     </span>
    </p>
   </div>
   <div class='ocr_carea' id='block_1_25' title="bbox 295 2241 1864 2317">
    <p class='ocr_par' dir='ltr' id='par_1_25' title="bbox 295 2241 1864 2317">
     <span class='ocr_line' id='line_1_25' title="bbox 295 2241 1864 2317; baseline -0.005 -15"><span class='ocrx_word' id='word_1_190' title='bbox 295 2250 414 2304; x_wconf 90' lang='grc' dir='ltr'>σίαν</span> <span class='ocrx_word' id='word_1_191' title='bbox 446 2248 547 2317; x_wconf 81' lang='grc' dir='ltr'>τῆς</span> <span class='ocrx_word' id='word_1_192' title='bbox 596 2246 692 2300; x_wconf 87' lang='grc' dir='ltr'><strong>τοῦ</strong></span> <span class='ocrx_word' id='word_1_193' title='bbox 743 2246 958 2315; x_wconf 84' lang='grc' dir='ltr'>Πατρὺς</span> <span class='ocrx_word' id='word_1_194' title='bbox 1006 2245 1198 2308; x_wconf 80' lang='grc' dir='ltr'>οὐσίας</span> <span class='ocrx_word' id='word_1_195' title='bbox 1248 2243 1688 2314; x_wconf 85' lang='grc' dir='ltr'>ἀλλοτριοῦντες⁶</span> <span class='ocrx_word' id='word_1_196' title='bbox 1723 2243 1772 2295; x_wconf 79' lang='grc' dir='ltr'><strong>εί</strong></span> <span class='ocrx_word' id='word_1_197' title='bbox 1804 2241 1864 2294; x_wconf 64' lang='grc' dir='ltr'><strong>δὲ</strong></span> 
     </span>
    </p>
   </div>
   <div class='ocr_carea' id='block_1_26' title="bbox 291 2335 1862 2412">
    <p class='ocr_par' dir='ltr' id='par_1_26' title="bbox 291 2335 1862 2412">
     <span class='ocr_line' id='line_1_26' title="bbox 291 2335 1862 2412; baseline -0.003 -18"><span class='ocrx_word' id='word_1_198' title='bbox 291 2345 388 2412; x_wconf 80' lang='grc' dir='ltr'><strong>τὴν</strong></span> <span class='ocrx_word' id='word_1_199' title='bbox 417 2340 518 2412; x_wconf 67' lang='grc' dir='ltr'>μὶν</span> <span class='ocrx_word' id='word_1_200' title='bbox 542 2339 689 2404; x_wconf 79' lang='grc' dir='ltr'>λέξιν</span> <span class='ocrx_word' id='word_1_201' title='bbox 717 2339 780 2391; x_wconf 90' lang='grc' dir='ltr'>οὐ</span> <span class='ocrx_word' id='word_1_202' title='bbox 822 2337 1244 2408; x_wconf 80' lang='grc' dir='ltr'><strong>παραδέχονται,</strong></span> <span class='ocrx_word' id='word_1_203' title='bbox 1280 2337 1418 2391; x_wconf 84' lang='grc' dir='ltr'><strong>ἀλλά</strong></span> <span class='ocrx_word' id='word_1_204' title='bbox 1461 2338 1572 2390; x_wconf 88' lang='grc' dir='ltr'><strong>τῶν</strong></span> <span class='ocrx_word' id='word_1_205' title='bbox 1601 2335 1862 2390; x_wconf 82' lang='grc' dir='ltr'>διδασκά-</span> 
     </span>
    </p>
   </div>
   <div class='ocr_carea' id='block_1_27' title="bbox 295 2421 1866 2498">
    <p class='ocr_par' dir='ltr' id='par_1_27' title="bbox 295 2421 1866 2498">
     <span class='ocr_line' id='line_1_27' title="bbox 295 2421 1866 2498; baseline -0.003 -14"><span class='ocrx_word' id='word_1_206' title='bbox 295 2432 396 2484; x_wconf 82' lang='grc' dir='ltr'><strong>λων</strong></span> <span class='ocrx_word' id='word_1_207' title='bbox 425 2431 454 2483; x_wconf 80' lang='grc' dir='ltr'><strong>ὁ</strong></span> <span class='ocrx_word' id='word_1_208' title='bbox 477 2429 657 2498; x_wconf 88' lang='grc' dir='ltr'>λόγος.</span> <span class='ocrx_word' id='word_1_209' title='bbox 688 2427 753 2483; x_wconf 74' lang='lat' dir='ltr'><strong>Et</strong></span> <span class='ocrx_word' id='word_1_210' title='bbox 783 2427 839 2482; x_wconf 72' lang='grc' dir='ltr'><strong>δὲ</strong></span> <span class='ocrx_word' id='word_1_211' title='bbox 869 2428 968 2497; x_wconf 80' lang='grc' dir='ltr'>τὴν</span> <span class='ocrx_word' id='word_1_212' title='bbox 999 2427 1103 2496; x_wconf 84' lang='grc' dir='ltr'>μὲν</span> <span class='ocrx_word' id='word_1_213' title='bbox 1130 2427 1276 2492; x_wconf 82' lang='grc' dir='ltr'>λέξιν</span> <span class='ocrx_word' id='word_1_214' title='bbox 1318 2427 1396 2491; x_wconf 81' lang='grc' dir='ltr'>ὡς</span> <span class='ocrx_word' id='word_1_215' title='bbox 1431 2427 1540 2480; x_wconf 86' lang='grc' dir='ltr'><strong>τῶν</strong></span> <span class='ocrx_word' id='word_1_216' title='bbox 1575 2426 1749 2492; x_wconf 82' lang='grc' dir='ltr'>ἁγίων</span> <span class='ocrx_word' id='word_1_217' title='bbox 1777 2421 1866 2480; x_wconf 79' lang='grc' dir='ltr'><strong>οῦ-</strong></span> 
     </span>
    </p>
   </div>
   <div class='ocr_carea' id='block_1_28' title="bbox 302 2519 1865 2592">
    <p class='ocr_par' dir='ltr' id='par_1_28' title="bbox 302 2519 1865 2592">
     <span class='ocr_line' id='line_1_28' title="bbox 302 2519 1865 2592; baseline -0.003 -16"><span class='ocrx_word' id='word_1_218' title='bbox 302 2539 396 2576; x_wconf 90' lang='grc' dir='ltr'>σαν</span> <span class='ocrx_word' id='word_1_219' title='bbox 438 2521 875 2592; x_wconf 82' lang='grc' dir='ltr'>ἀναγκαζόμενοι</span> <span class='ocrx_word' id='word_1_220' title='bbox 905 2521 1265 2592; x_wconf 84' lang='grc' dir='ltr'>προσίενται,</span> <span class='ocrx_word' id='word_1_221' title='bbox 1315 2521 1443 2574; x_wconf 85' lang='grc' dir='ltr'>νοῦν</span> <span class='ocrx_word' id='word_1_222' title='bbox 1495 2521 1552 2574; x_wconf 83' lang='grc' dir='ltr'><strong>δὲ</strong></span> <span class='ocrx_word' id='word_1_223' title='bbox 1603 2519 1749 2590; x_wconf 76' lang='grc' dir='ltr'>ἔχειν</span> <span class='ocrx_word' id='word_1_224' title='bbox 1799 2522 1865 2572; x_wconf 83' lang='grc' dir='ltr'>ὲκ</span> 
     </span>
    </p>
   </div>
   <div class='ocr_carea' id='block_1_29' title="bbox 297 2611 1867 2684">
    <p class='ocr_par' dir='ltr' id='par_1_29' title="bbox 297 2611 1867 2684">
     <span class='ocr_line' id='line_1_29' title="bbox 297 2611 1867 2684; baseline -0.003 -16"><span class='ocrx_word' id='word_1_225' title='bbox 297 2613 495 2684; x_wconf 85' lang='grc' dir='ltr'>ταύτης</span> <span class='ocrx_word' id='word_1_226' title='bbox 541 2615 732 2669; x_wconf 80' lang='grc' dir='ltr'>οὐδένα</span> <span class='ocrx_word' id='word_1_227' title='bbox 787 2614 1109 2684; x_wconf 82' lang='grc' dir='ltr'>βούλονται,</span> <span class='ocrx_word' id='word_1_228' title='bbox 1163 2613 1518 2668; x_wconf 78' lang='grc' dir='ltr'>παντάπασιν</span> <span class='ocrx_word' id='word_1_229' title='bbox 1573 2611 1867 2681; x_wconf 82' lang='grc' dir='ltr'>ἀδιανόητα</span> 
     </span>
    </p>
   </div>
   <div class='ocr_carea' id='block_1_30' title="bbox 297 2697 1868 2776">
    <p class='ocr_par' dir='ltr' id='par_1_30' title="bbox 297 2697 1868 2776">
     <span class='ocr_line' id='line_1_30' title="bbox 297 2697 1868 2776; baseline -0.003 -18"><span class='ocrx_word' id='word_1_230' title='bbox 297 2706 642 2776; x_wconf 84' lang='grc' dir='ltr'>φθέγγονται,</span> <span class='ocrx_word' id='word_1_231' title='bbox 696 2707 818 2759; x_wconf 82' lang='grc' dir='ltr'>κατ’</span> <span class='ocrx_word' id='word_1_232' title='bbox 852 2706 1039 2759; x_wconf 76' lang='grc' dir='ltr'>ἐκεῖνα</span> <span class='ocrx_word' id='word_1_233' title='bbox 1072 2705 1182 2758; x_wconf 90' lang='grc' dir='ltr'><strong>τῶν</strong></span> <span class='ocrx_word' id='word_1_234' title='bbox 1231 2703 1388 2769; x_wconf 80' lang='grc' dir='ltr'>ζώων</span> <span class='ocrx_word' id='word_1_235' title='bbox 1416 2703 1485 2758; x_wconf 83' lang='grc' dir='ltr'>τὰ</span> <span class='ocrx_word' id='word_1_236' title='bbox 1531 2701 1724 2772; x_wconf 77' lang='grc' dir='ltr'>ἄλογα,</span> <span class='ocrx_word' id='word_1_237' title='bbox 1754 2697 1868 2755; x_wconf 80' lang='grc' dir='ltr'><strong>οἷον</strong></span> 
     </span>
    </p>
   </div>
   <div class='ocr_carea' id='block_1_31' title="bbox 295 2782 1868 2867">
    <p class='ocr_par' dir='ltr' id='par_1_31' title="bbox 295 2782 1868 2867">
     <span class='ocr_line' id='line_1_31' title="bbox 295 2782 1868 2867; baseline -0.001 -20"><span class='ocrx_word' id='word_1_238' title='bbox 295 2798 391 2867; x_wconf 84' lang='grc' dir='ltr'>τὴν</span> <span class='ocrx_word' id='word_1_239' title='bbox 423 2797 614 2850; x_wconf 80' lang='grc' dir='ltr'>κίτταν</span> <span class='ocrx_word' id='word_1_240' title='bbox 641 2797 738 2850; x_wconf 76' lang='grc' dir='ltr'>καὶ</span> <span class='ocrx_word' id='word_1_241' title='bbox 768 2795 1046 2867; x_wconf 79' lang='grc' dir='ltr'>ἀκούομεν</span> <span class='ocrx_word' id='word_1_242' title='bbox 1073 2795 1168 2849; x_wconf 76' lang='grc' dir='ltr'><strong>καὶ</strong></span> <span class='ocrx_word' id='word_1_243' title='bbox 1193 2793 1412 2865; x_wconf 76' lang='grc' dir='ltr'>δρῶμεν</span> <span class='ocrx_word' id='word_1_244' title='bbox 1438 2794 1625 2866; x_wconf 77' lang='grc' dir='ltr'>φωνὴν</span> <span class='ocrx_word' id='word_1_245' title='bbox 1655 2782 1868 2864; x_wconf 84' lang='grc' dir='ltr'>ἀνθρω-</span> 
     </span>
    </p>
   </div>
   <div class='ocr_carea' id='block_1_32' title="bbox 295 2883 1869 2959">
    <p class='ocr_par' dir='ltr' id='par_1_32' title="bbox 295 2883 1869 2959">
     <span class='ocr_line' id='line_1_32' title="bbox 295 2883 1869 2959; baseline -0.001 -19"><span class='ocrx_word' id='word_1_246' title='bbox 295 2888 456 2956; x_wconf 83' lang='grc' dir='ltr'>πίνην</span> <span class='ocrx_word' id='word_1_247' title='bbox 490 2887 958 2959; x_wconf 82' lang='grc' dir='ltr'>προϐαλλομένην,</span> <span class='ocrx_word' id='word_1_248' title='bbox 993 2887 1022 2940; x_wconf 84' lang='grc' dir='ltr'><strong>δ</strong></span> <span class='ocrx_word' id='word_1_249' title='bbox 1053 2886 1113 2942; x_wconf 77' lang='grc' dir='ltr'><strong>δὲ</strong></span> <span class='ocrx_word' id='word_1_250' title='bbox 1139 2886 1194 2940; x_wconf 88' lang='grc' dir='ltr'><strong>τί</strong></span> <span class='ocrx_word' id='word_1_251' title='bbox 1225 2887 1344 2940; x_wconf 81' lang='grc' dir='ltr'>ποτ’</span> <span class='ocrx_word' id='word_1_252' title='bbox 1391 2887 1459 2940; x_wconf 85' lang='grc' dir='ltr'>ἂν</span> <span class='ocrx_word' id='word_1_253' title='bbox 1490 2887 1587 2938; x_wconf 74' lang='grc' dir='ltr'><strong>καὶ</strong></span> <span class='ocrx_word' id='word_1_254' title='bbox 1610 2885 1760 2954; x_wconf 80' lang='grc' dir='ltr'><strong>λέγοι</strong></span> <span class='ocrx_word' id='word_1_255' title='bbox 1793 2883 1869 2954; x_wconf 82' lang='grc' dir='ltr'>μὴ</span> 
     </span>
    </p>
   </div>
   <div class='ocr_carea' id='block_1_33' title="bbox 299 2979 1871 3048">
    <p class='ocr_par' dir='ltr' id='par_1_33' title="bbox 299 2979 1871 3048">
     <span class='ocr_line' id='line_1_33' title="bbox 299 2979 1871 3048; baseline -0.001 -14"><span class='ocrx_word' id='word_1_256' title='bbox 299 2981 592 3044; x_wconf 80' lang='grc' dir='ltr'>συνιεῖσαν,</span> <span class='ocrx_word' id='word_1_257' title='bbox 615 2979 678 3033; x_wconf 88' lang='grc' dir='ltr'>οὐ</span> <span class='ocrx_word' id='word_1_258' title='bbox 708 2979 852 3033; x_wconf 86' lang='grc' dir='ltr'><strong>κατά</strong></span> <span class='ocrx_word' id='word_1_259' title='bbox 901 2979 1104 3034; x_wconf 77' lang='grc' dir='ltr'>σκοπὸν</span> <span class='ocrx_word' id='word_1_260' title='bbox 1151 2979 1262 3033; x_wconf 86' lang='grc' dir='ltr'><strong>τῶν</strong></span> <span class='ocrx_word' id='word_1_261' title='bbox 1311 2979 1649 3033; x_wconf 81' lang='grc' dir='ltr'><strong>διδασκάλων</strong></span> <span class='ocrx_word' id='word_1_262' title='bbox 1679 2981 1871 3048; x_wconf 85' lang='grc' dir='ltr'>ἀναγι-</span> 
     </span>
    </p>
   </div>
   <div class='ocr_carea' id='block_1_34' title="bbox 1954 508 3534 582">
    <p class='ocr_par' dir='ltr' id='par_1_34' title="bbox 1954 508 3534 582">
     <span class='ocr_line' id='line_1_34' title="bbox 1954 508 3534 582; baseline -0.003 -16"><span class='ocrx_word' id='word_1_263' title='bbox 1954 527 2076 582; x_wconf 69' lang='lat' dir='ltr'><strong>qua:</strong></span> <span class='ocrx_word' id='word_1_264' title='bbox 2105 520 2235 564; x_wconf 89' lang='lat' dir='ltr'><strong>sunt</strong></span> <span class='ocrx_word' id='word_1_265' title='bbox 2277 514 2342 564; x_wconf 87' lang='lat' dir='ltr'><strong>ad</strong></span> <span class='ocrx_word' id='word_1_266' title='bbox 2379 509 2618 577; x_wconf 89' lang='lat' dir='ltr'><strong>aliquid,</strong></span> <span class='ocrx_word' id='word_1_267' title='bbox 2651 515 2707 560; x_wconf 90' lang='lat' dir='ltr'><strong>et</strong></span> <span class='ocrx_word' id='word_1_268' title='bbox 2751 521 3014 574; x_wconf 82' lang='lat' dir='ltr'><strong>personas</strong></span> <span class='ocrx_word' id='word_1_269' title='bbox 3045 508 3355 561; x_wconf 85' lang='lat' dir='ltr'><strong>necessario</strong></span> <span class='ocrx_word' id='word_1_270' title='bbox 3388 509 3534 562; x_wconf 87' lang='lat' dir='ltr'><strong>indi-</strong></span> 
     </span>
    </p>
   </div>
   <div class='ocr_carea' id='block_1_35' title="bbox 1952 597 3534 669">
    <p class='ocr_par' dir='ltr' id='par_1_35' title="bbox 1952 597 3534 669">
     <span class='ocr_line' id='line_1_35' title="bbox 1952 597 3534 669; baseline -0.001 -15"><span class='ocrx_word' id='word_1_271' title='bbox 1952 609 2101 665; x_wconf 90' lang='lat' dir='ltr'><strong>cant,</strong></span> <span class='ocrx_word' id='word_1_272' title='bbox 2131 615 2251 669; x_wconf 78' lang='lat' dir='ltr'><strong>qua:</strong></span> <span class='ocrx_word' id='word_1_273' title='bbox 2296 614 2356 652; x_wconf 91' lang='lat' dir='ltr'><strong>se</strong></span> <span class='ocrx_word' id='word_1_274' title='bbox 2387 599 2595 651; x_wconf 91' lang='lat' dir='ltr'><strong>habent</strong></span> <span class='ocrx_word' id='word_1_275' title='bbox 2639 598 2872 650; x_wconf 87' lang='lat' dir='ltr'><strong>relative</strong></span> <span class='ocrx_word' id='word_1_276' title='bbox 2903 598 2969 650; x_wconf 85' lang='lat' dir='ltr'><strong>ad</strong></span> <span class='ocrx_word' id='word_1_277' title='bbox 3002 597 3234 651; x_wconf 75' lang='lat' dir='ltr'><strong>invicem</strong></span> <span class='ocrx_word' id='word_1_278' title='bbox 3264 614 3278 662; x_wconf 91' lang='lat'><strong>;</strong></span> <span class='ocrx_word' id='word_1_279' title='bbox 3325 598 3534 653; x_wconf 88' lang='lat' dir='ltr'><strong>idcirco</strong></span> 
     </span>
    </p>
   </div>
   <div class='ocr_carea' id='block_1_36' title="bbox 1955 690 3526 759">
    <p class='ocr_par' dir='ltr' id='par_1_36' title="bbox 1955 690 3526 759">
     <span class='ocr_line' id='line_1_36' title="bbox 1955 690 3526 759; baseline 0 -15"><span class='ocrx_word' id='word_1_280' title='bbox 1955 693 2137 746; x_wconf 84' lang='lat' dir='ltr'><strong>dicere</strong></span> <span class='ocrx_word' id='word_1_281' title='bbox 2187 691 2548 745; x_wconf 69' lang='lat' dir='ltr'><strong>substantiam</strong></span> <span class='ocrx_word' id='word_1_282' title='bbox 2601 691 2800 754; x_wconf 87' lang='lat' dir='ltr'><strong>Patris,</strong></span> <span class='ocrx_word' id='word_1_283' title='bbox 2849 705 3116 759; x_wconf 84' lang='lat' dir='ltr'><strong>generare</strong></span> <span class='ocrx_word' id='word_1_284' title='bbox 3161 690 3526 744; x_wconf 79' lang='lat' dir='ltr'><strong>substantiam</strong></span> 
     </span>
    </p>
   </div>
   <div class='ocr_carea' id='block_1_37' title="bbox 1957 780 3530 851">
    <p class='ocr_par' dir='ltr' id='par_1_37' title="bbox 1957 780 3530 851">
     <span class='ocr_line' id='line_1_37' title="bbox 1957 780 3530 851; baseline -0.002 -13"><span class='ocrx_word' id='word_1_285' title='bbox 1957 785 2104 851; x_wconf 89' lang='lat' dir='ltr'><strong>Filii,</strong></span> <span class='ocrx_word' id='word_1_286' title='bbox 2130 798 2326 839; x_wconf 86' lang='lat' dir='ltr'><strong>verum</strong></span> <span class='ocrx_word' id='word_1_287' title='bbox 2356 792 2460 844; x_wconf 91' lang='lat' dir='ltr'><strong>est,</strong></span> <span class='ocrx_word' id='word_1_288' title='bbox 2493 783 2623 850; x_wconf 84' lang='lat' dir='ltr'><strong>quia</strong></span> <span class='ocrx_word' id='word_1_289' title='bbox 2657 795 2754 849; x_wconf 89' lang='lat' dir='ltr'><strong>per</strong></span> <span class='ocrx_word' id='word_1_290' title='bbox 2785 781 3150 835; x_wconf 81' lang='lat' dir='ltr'><strong>substantiam</strong></span> <span class='ocrx_word' id='word_1_291' title='bbox 3184 780 3364 835; x_wconf 84' lang='lat' dir='ltr'><strong>Patris</strong></span> <span class='ocrx_word' id='word_1_292' title='bbox 3393 781 3530 835; x_wconf 87' lang='lat' dir='ltr'><strong>nihil</strong></span> 
     </span>
    </p>
   </div>
   <div class='ocr_carea' id='block_1_38' title="bbox 1955 872 3527 942">
    <p class='ocr_par' dir='ltr' id='par_1_38' title="bbox 1955 872 3527 942">
     <span class='ocr_line' id='line_1_38' title="bbox 1955 872 3527 942; baseline -0.003 -12"><span class='ocrx_word' id='word_1_293' title='bbox 1955 875 2105 930; x_wconf 87' lang='lat' dir='ltr'><strong>aliud</strong></span> <span class='ocrx_word' id='word_1_294' title='bbox 2151 873 2463 942; x_wconf 80' lang='lat' dir='ltr'><strong>intelligere</strong></span> <span class='ocrx_word' id='word_1_295' title='bbox 2513 872 2676 937; x_wconf 90' lang='lat' dir='ltr'><strong>licet,</strong></span> <span class='ocrx_word' id='word_1_296' title='bbox 2722 887 2887 940; x_wconf 86' lang='lat' dir='ltr'><strong>quam</strong></span> <span class='ocrx_word' id='word_1_297' title='bbox 2934 872 3269 940; x_wconf 67' lang='lat' dir='ltr'><strong>hypostasim</strong></span> <span class='ocrx_word' id='word_1_298' title='bbox 3326 873 3527 936; x_wconf 88' lang='lat' dir='ltr'><strong>Patris,</strong></span> 
     </span>
    </p>
   </div>
   <div class='ocr_carea' id='block_1_39' title="bbox 1956 957 3531 1036">
    <p class='ocr_par' dir='ltr' id='par_1_39' title="bbox 1956 957 3531 1036">
     <span class='ocr_line' id='line_1_39' title="bbox 1956 957 3531 1036; baseline -0.001 -15"><span class='ocrx_word' id='word_1_299' title='bbox 1956 983 2051 1024; x_wconf 89' lang='lat' dir='ltr'><strong>seu</strong></span> <span class='ocrx_word' id='word_1_300' title='bbox 2099 981 2414 1036; x_wconf 85' lang='lat' dir='ltr'><strong>personam.</strong></span> <span class='ocrx_word' id='word_1_301' title='bbox 2459 965 2778 1035; x_wconf 83' lang='lat' dir='ltr'><strong>Hypostasis</strong></span> <span class='ocrx_word' id='word_1_302' title='bbox 2809 976 3030 1029; x_wconf 89' lang='lat' dir='ltr'><strong>autem,</strong></span> <span class='ocrx_word' id='word_1_303' title='bbox 3079 957 3360 1020; x_wconf 85' lang='lat' dir='ltr'><strong>ostensum</strong></span> <span class='ocrx_word' id='word_1_304' title='bbox 3413 974 3531 1033; x_wconf 88' lang='lat' dir='ltr'><strong>est,</strong></span> 
     </span>
    </p>
   </div>
   <div class='ocr_carea' id='block_1_40' title="bbox 1955 1056 3530 1128">
    <p class='ocr_par' dir='ltr' id='par_1_40' title="bbox 1955 1056 3530 1128">
     <span class='ocr_line' id='line_1_40' title="bbox 1955 1056 3530 1128; baseline 0 -14"><span class='ocrx_word' id='word_1_305' title='bbox 1955 1074 2077 1114; x_wconf 88' lang='lat' dir='ltr'><strong>esse</strong></span> <span class='ocrx_word' id='word_1_306' title='bbox 2105 1072 2396 1112; x_wconf 88' lang='lat' dir='ltr'><strong>commune</strong></span> <span class='ocrx_word' id='word_1_307' title='bbox 2433 1072 2555 1110; x_wconf 89' lang='lat' dir='ltr'><strong>cum</strong></span> <span class='ocrx_word' id='word_1_308' title='bbox 2581 1056 2845 1125; x_wconf 87' lang='lat' dir='ltr'><strong>proprio;</strong></span> <span class='ocrx_word' id='word_1_309' title='bbox 2881 1066 2935 1111; x_wconf 92' lang='lat' dir='ltr'><strong>et</strong></span> <span class='ocrx_word' id='word_1_310' title='bbox 2973 1058 3276 1113; x_wconf 79' lang='lat' dir='ltr'><strong>substantia</strong></span> <span class='ocrx_word' id='word_1_311' title='bbox 3308 1061 3530 1128; x_wconf 85' lang='lat' dir='ltr'><strong>quidem</strong></span> 
     </span>
    </p>
   </div>
   <div class='ocr_carea' id='block_1_41' title="bbox 1957 1148 3536 1222">
    <p class='ocr_par' dir='ltr' id='par_1_41' title="bbox 1957 1148 3536 1222">
     <span class='ocr_line' id='line_1_41' title="bbox 1957 1148 3536 1222; baseline 0.001 -17"><span class='ocrx_word' id='word_1_312' title='bbox 1957 1164 2248 1206; x_wconf 85' lang='lat' dir='ltr'><strong>commune</strong></span> <span class='ocrx_word' id='word_1_313' title='bbox 2292 1156 2419 1212; x_wconf 89' lang='lat' dir='ltr'><strong>est;</strong></span> <span class='ocrx_word' id='word_1_314' title='bbox 2466 1148 2600 1200; x_wconf 91' lang='lat' dir='ltr'><strong>illud</strong></span> <span class='ocrx_word' id='word_1_315' title='bbox 2634 1162 2768 1202; x_wconf 84' lang='lat' dir='ltr'><strong>vero</strong></span> <span class='ocrx_word' id='word_1_316' title='bbox 2809 1149 2970 1201; x_wconf 85' lang='lat' dir='ltr'><strong>Pater</strong></span> <span class='ocrx_word' id='word_1_317' title='bbox 3003 1151 3286 1217; x_wconf 87' lang='lat' dir='ltr'><strong>proprium</strong></span> <span class='ocrx_word' id='word_1_318' title='bbox 3323 1162 3406 1206; x_wconf 88' lang='lat' dir='ltr'><strong>est</strong></span> <span class='ocrx_word' id='word_1_319' title='bbox 3437 1152 3536 1222; x_wconf 82' lang='lat' dir='ltr'><strong>(si-</strong></span> 
     </span>
    </p>
   </div>
   <div class='ocr_carea' id='block_1_42' title="bbox 1958 1238 3539 1310">
    <p class='ocr_par' dir='ltr' id='par_1_42' title="bbox 1958 1238 3539 1310">
     <span class='ocr_line' id='line_1_42' title="bbox 1958 1238 3539 1310; baseline 0 -14"><span class='ocrx_word' id='word_1_320' title='bbox 1958 1241 2180 1310; x_wconf 87' lang='lat' dir='ltr'><strong>quidem</strong></span> <span class='ocrx_word' id='word_1_321' title='bbox 2213 1257 2322 1294; x_wconf 87' lang='lat' dir='ltr'><strong>non</strong></span> <span class='ocrx_word' id='word_1_322' title='bbox 2373 1251 2457 1293; x_wconf 91' lang='lat' dir='ltr'><strong>est</strong></span> <span class='ocrx_word' id='word_1_323' title='bbox 2507 1254 2644 1307; x_wconf 86' lang='lat' dir='ltr'><strong>opus</strong></span> <span class='ocrx_word' id='word_1_324' title='bbox 2677 1238 2904 1300; x_wconf 80' lang='lat' dir='ltr'><strong>sentire,</strong></span> <span class='ocrx_word' id='word_1_325' title='bbox 2951 1239 3113 1293; x_wconf 89' lang='lat' dir='ltr'><strong>aliam</strong></span> <span class='ocrx_word' id='word_1_326' title='bbox 3149 1241 3370 1310; x_wconf 58' lang='lat' dir='ltr'><strong>quidem</strong></span> <span class='ocrx_word' id='word_1_327' title='bbox 3415 1257 3539 1296; x_wconf 88' lang='lat' dir='ltr'><strong>esse</strong></span> 
     </span>
    </p>
   </div>
   <div class='ocr_carea' id='block_1_43' title="bbox 1960 1330 3537 1401">
    <p class='ocr_par' dir='ltr' id='par_1_43' title="bbox 1960 1330 3537 1401">
     <span class='ocr_line' id='line_1_43' title="bbox 1960 1330 3537 1401; baseline 0 -14"><span class='ocrx_word' id='word_1_328' title='bbox 1960 1349 2074 1387; x_wconf 88' lang='lat' dir='ltr'><strong>rem</strong></span> <span class='ocrx_word' id='word_1_329' title='bbox 2136 1332 2523 1393; x_wconf 85' lang='lat' dir='ltr'><strong>substantiam,</strong></span> <span class='ocrx_word' id='word_1_330' title='bbox 2576 1330 2738 1383; x_wconf 85' lang='lat' dir='ltr'><strong>aliam</strong></span> <span class='ocrx_word' id='word_1_331' title='bbox 2795 1345 2923 1384; x_wconf 91' lang='lat' dir='ltr'><strong>vero</strong></span> <span class='ocrx_word' id='word_1_332' title='bbox 2978 1331 3338 1401; x_wconf 78' lang='lat' dir='ltr'><strong>hypostasim,</strong></span> <span class='ocrx_word' id='word_1_333' title='bbox 3389 1335 3537 1389; x_wconf 89' lang='lat' dir='ltr'><strong>aliud</strong></span> 
     </span>
    </p>
   </div>
   <div class='ocr_carea' id='block_1_44' title="bbox 1958 1421 3538 1490">
    <p class='ocr_par' dir='ltr' id='par_1_44' title="bbox 1958 1421 3538 1490">
     <span class='ocr_line' id='line_1_44' title="bbox 1958 1421 3538 1490; baseline -0.001 -13"><span class='ocrx_word' id='word_1_334' title='bbox 1958 1436 2140 1477; x_wconf 88' lang='lat' dir='ltr'><strong>autem</strong></span> <span class='ocrx_word' id='word_1_335' title='bbox 2174 1425 2414 1481; x_wconf 82' lang='lat' dir='ltr'><strong>Patrem,</strong></span> <span class='ocrx_word' id='word_1_336' title='bbox 2449 1422 2594 1474; x_wconf 89' lang='lat' dir='ltr'><strong>aliud</strong></span> <span class='ocrx_word' id='word_1_337' title='bbox 2638 1421 3049 1489; x_wconf 87' lang='lat' dir='ltr'><strong>paternitatem,</strong></span> <span class='ocrx_word' id='word_1_338' title='bbox 3085 1423 3229 1490; x_wconf 88' lang='lat' dir='ltr'><strong>quod</strong></span> <span class='ocrx_word' id='word_1_339' title='bbox 3272 1439 3377 1477; x_wconf 86' lang='lat' dir='ltr'><strong>una</strong></span> <span class='ocrx_word' id='word_1_340' title='bbox 3412 1440 3538 1478; x_wconf 90' lang='lat' dir='ltr'><strong>cum</strong></span> 
     </span>
    </p>
   </div>
   <div class='ocr_carea' id='block_1_45' title="bbox 1961 1513 3538 1584">
    <p class='ocr_par' dir='ltr' id='par_1_45' title="bbox 1961 1513 3538 1584">
     <span class='ocr_line' id='line_1_45' title="bbox 1961 1513 3538 1584; baseline 0.003 -16"><span class='ocrx_word' id='word_1_341' title='bbox 1961 1515 2242 1584; x_wconf 78' lang='lat' dir='ltr'><strong>impietate</strong></span> <span class='ocrx_word' id='word_1_342' title='bbox 2286 1515 2518 1567; x_wconf 88' lang='lat' dir='ltr'><strong>multum</strong></span> <span class='ocrx_word' id='word_1_343' title='bbox 2549 1514 2713 1566; x_wconf 81' lang='lat' dir='ltr'><strong>etiam</strong></span> <span class='ocrx_word' id='word_1_344' title='bbox 2748 1513 2913 1566; x_wconf 85' lang='lat' dir='ltr'><strong>habet</strong></span> <span class='ocrx_word' id='word_1_345' title='bbox 2939 1515 3208 1582; x_wconf 61' lang='lat' dir='ltr'><strong>stultitim)</strong></span> <span class='ocrx_word' id='word_1_346' title='bbox 3232 1555 3246 1577; x_wconf 90' lang='lat'><strong>,</strong></span> <span class='ocrx_word' id='word_1_347' title='bbox 3278 1527 3333 1571; x_wconf 90' lang='lat' dir='ltr'><strong>et</strong></span> <span class='ocrx_word' id='word_1_348' title='bbox 3359 1517 3538 1572; x_wconf 86' lang='lat' dir='ltr'><strong>simile</strong></span> 
     </span>
    </p>
   </div>
   <div class='ocr_carea' id='block_1_46' title="bbox 1960 1606 3542 1679">
    <p class='ocr_par' dir='ltr' id='par_1_46' title="bbox 1960 1606 3542 1679">
     <span class='ocr_line' id='line_1_46' title="bbox 1960 1606 3542 1679; baseline 0.001 -16"><span class='ocrx_word' id='word_1_349' title='bbox 1960 1617 2074 1674; x_wconf 84' lang='lat' dir='ltr'><strong>est,</strong></span> <span class='ocrx_word' id='word_1_350' title='bbox 2133 1623 2197 1663; x_wconf 88' lang='lat' dir='ltr'><strong>ac</strong></span> <span class='ocrx_word' id='word_1_351' title='bbox 2249 1607 2295 1662; x_wconf 88' lang='lat' dir='ltr'><strong>si</strong></span> <span class='ocrx_word' id='word_1_352' title='bbox 2348 1607 2652 1671; x_wconf 86' lang='lat' dir='ltr'><strong>diceretur,</strong></span> <span class='ocrx_word' id='word_1_353' title='bbox 2716 1606 2894 1660; x_wconf 85' lang='lat' dir='ltr'><strong>Patris</strong></span> <span class='ocrx_word' id='word_1_354' title='bbox 2956 1607 3266 1676; x_wconf 80' lang='lat' dir='ltr'><strong>bypostasis</strong></span> <span class='ocrx_word' id='word_1_355' title='bbox 3314 1619 3542 1679; x_wconf 77' lang='lat' dir='ltr'><strong>generat</strong></span> 
     </span>
    </p>
   </div>
   <div class='ocr_carea' id='block_1_47' title="bbox 1963 1697 3540 1770">
    <p class='ocr_par' dir='ltr' id='par_1_47' title="bbox 1963 1697 3540 1770">
     <span class='ocr_line' id='line_1_47' title="bbox 1963 1697 3540 1770; baseline 0.001 -17"><span class='ocrx_word' id='word_1_356' title='bbox 1963 1700 2297 1770; x_wconf 85' lang='lat' dir='ltr'><strong>hypostasim</strong></span> <span class='ocrx_word' id='word_1_357' title='bbox 2325 1699 2472 1762; x_wconf 85' lang='lat' dir='ltr'><strong>Filii,</strong></span> <span class='ocrx_word' id='word_1_358' title='bbox 2501 1697 2650 1767; x_wconf 92' lang='lat' dir='ltr'><strong>quod</strong></span> <span class='ocrx_word' id='word_1_359' title='bbox 2686 1711 2818 1751; x_wconf 88' lang='lat' dir='ltr'><strong>sane</strong></span> <span class='ocrx_word' id='word_1_360' title='bbox 2845 1697 2998 1767; x_wconf 84' lang='lat' dir='ltr'><strong>juxta</strong></span> <span class='ocrx_word' id='word_1_361' title='bbox 3043 1698 3374 1767; x_wconf 86' lang='lat' dir='ltr'><strong>positionem</strong></span> <span class='ocrx_word' id='word_1_362' title='bbox 3411 1700 3540 1755; x_wconf 82' lang='lat' dir='ltr'><strong>fldei</strong></span> 
     </span>
    </p>
   </div>
   <div class='ocr_carea' id='block_1_48' title="bbox 1963 1791 3542 1863">
    <p class='ocr_par' dir='ltr' id='par_1_48' title="bbox 1963 1791 3542 1863">
     <span class='ocr_line' id='line_1_48' title="bbox 1963 1791 3542 1863; baseline 0 -15"><span class='ocrx_word' id='word_1_363' title='bbox 1963 1802 2067 1848; x_wconf 88' lang='lat' dir='ltr'><strong>est.</strong></span> <span class='ocrx_word' id='word_1_364' title='bbox 2099 1791 2226 1846; x_wconf 64' lang='lat' dir='ltr'><strong>Haec</strong></span> <span class='ocrx_word' id='word_1_365' title='bbox 2255 1792 2422 1860; x_wconf 77' lang='lat' dir='ltr'><strong>igitur</strong></span> <span class='ocrx_word' id='word_1_366' title='bbox 2459 1791 2679 1861; x_wconf 87' lang='lat' dir='ltr'><strong>penitus</strong></span> <span class='ocrx_word' id='word_1_367' title='bbox 2707 1792 3049 1861; x_wconf 80' lang='lat' dir='ltr'><strong>ignorarunt,</strong></span> <span class='ocrx_word' id='word_1_368' title='bbox 3084 1807 3224 1860; x_wconf 88' lang='lat' dir='ltr'><strong>quos</strong></span> <span class='ocrx_word' id='word_1_369' title='bbox 3249 1795 3542 1863; x_wconf 86' lang='lat' dir='ltr'><strong>oportebat</strong></span> 
     </span>
    </p>
   </div>
   <div class='ocr_carea' id='block_1_49' title="bbox 1964 1881 3541 1952">
    <p class='ocr_par' dir='ltr' id='par_1_49' title="bbox 1964 1881 3541 1952">
     <span class='ocr_line' id='line_1_49' title="bbox 1964 1881 3541 1952; baseline 0.002 -16"><span class='ocrx_word' id='word_1_370' title='bbox 1964 1884 2047 1938; x_wconf 82' lang='lat' dir='ltr'><strong>vel</strong></span> <span class='ocrx_word' id='word_1_371' title='bbox 2073 1898 2102 1936; x_wconf 85' lang='lat' dir='ltr'><strong>a</strong></span> <span class='ocrx_word' id='word_1_372' title='bbox 2131 1883 2349 1952; x_wconf 86' lang='lat' dir='ltr'><strong>seipsis,</strong></span> <span class='ocrx_word' id='word_1_373' title='bbox 2370 1883 2456 1936; x_wconf 87' lang='lat' dir='ltr'><strong>vel</strong></span> <span class='ocrx_word' id='word_1_374' title='bbox 2485 1883 2553 1935; x_wconf 90' lang='lat' dir='ltr'><strong>ab</strong></span> <span class='ocrx_word' id='word_1_375' title='bbox 2579 1882 2703 1936; x_wconf 88' lang='lat' dir='ltr'><strong>aliis</strong></span> <span class='ocrx_word' id='word_1_376' title='bbox 2733 1881 2981 1944; x_wconf 80' lang='lat' dir='ltr'><strong>edortos,</strong></span> <span class='ocrx_word' id='word_1_377' title='bbox 3016 1897 3127 1936; x_wconf 90' lang='lat' dir='ltr'><strong>non</strong></span> <span class='ocrx_word' id='word_1_378' title='bbox 3157 1883 3296 1938; x_wconf 88' lang='lat' dir='ltr'><strong>adeo</strong></span> <span class='ocrx_word' id='word_1_379' title='bbox 3331 1899 3362 1938; x_wconf 88' lang='lat' dir='ltr'><strong>a</strong></span> <span class='ocrx_word' id='word_1_380' title='bbox 3391 1885 3541 1939; x_wconf 80' lang='lat' dir='ltr'><strong>veri-</strong></span> 
     </span>
    </p>
   </div>
   <div class='ocr_carea' id='block_1_50' title="bbox 1963 1973 3541 2044">
    <p class='ocr_par' dir='ltr' id='par_1_50' title="bbox 1963 1973 3541 2044">
     <span class='ocr_line' id='line_1_50' title="bbox 1963 1973 3541 2044; baseline 0.001 -13"><span class='ocrx_word' id='word_1_381' title='bbox 1963 1987 2073 2032; x_wconf 88' lang='lat' dir='ltr'><strong>tate</strong></span> <span class='ocrx_word' id='word_1_382' title='bbox 2125 1977 2404 2042; x_wconf 85' lang='lat' dir='ltr'><strong>aberrare,</strong></span> <span class='ocrx_word' id='word_1_383' title='bbox 2456 1991 2636 2044; x_wconf 89' lang='lat' dir='ltr'><strong>neque</strong></span> <span class='ocrx_word' id='word_1_384' title='bbox 2690 1990 2751 2029; x_wconf 90' lang='lat' dir='ltr'><strong>se</strong></span> <span class='ocrx_word' id='word_1_385' title='bbox 2801 1973 3078 2044; x_wconf 86' lang='lat' dir='ltr'><strong>sapientes</strong></span> <span class='ocrx_word' id='word_1_386' title='bbox 3106 1991 3230 2030; x_wconf 91' lang='lat' dir='ltr'><strong>esse</strong></span> <span class='ocrx_word' id='word_1_387' title='bbox 3279 1992 3406 2030; x_wconf 92' lang='lat' dir='ltr'><strong>cum</strong></span> <span class='ocrx_word' id='word_1_388' title='bbox 3457 1980 3541 2033; x_wconf 84' lang='lat' dir='ltr'><strong>fa-</strong></span> 
     </span>
    </p>
   </div>
   <div class='ocr_carea' id='block_1_51' title="bbox 1965 2064 3544 2134">
    <p class='ocr_par' dir='ltr' id='par_1_51' title="bbox 1965 2064 3544 2134">
     <span class='ocr_line' id='line_1_51' title="bbox 1965 2064 3544 2134; baseline 0.001 -14"><span class='ocrx_word' id='word_1_389' title='bbox 1965 2077 2204 2132; x_wconf 89' lang='lat' dir='ltr'><strong>teantur,</strong></span> <span class='ocrx_word' id='word_1_390' title='bbox 2244 2065 2516 2134; x_wconf 89' lang='lat' dir='ltr'><strong>desipere.</strong></span> <span class='ocrx_word' id='word_1_391' title='bbox 2548 2064 2810 2130; x_wconf 81' lang='lat' dir='ltr'><strong>Quamvis</strong></span> <span class='ocrx_word' id='word_1_392' title='bbox 2840 2080 2967 2120; x_wconf 86' lang='lat' dir='ltr'><strong>cum</strong></span> <span class='ocrx_word' id='word_1_393' title='bbox 3013 2064 3218 2120; x_wconf 89' lang='lat' dir='ltr'><strong>dicitur</strong></span> <span class='ocrx_word' id='word_1_394' title='bbox 3251 2065 3370 2120; x_wconf 82' lang='lat' dir='ltr'><strong>Filii</strong></span> <span class='ocrx_word' id='word_1_395' title='bbox 3412 2069 3544 2122; x_wconf 91' lang='lat' dir='ltr'><strong>sub-</strong></span> 
     </span>
    </p>
   </div>
   <div class='ocr_carea' id='block_1_52' title="bbox 1964 2153 3613 2223">
    <p class='ocr_par' dir='ltr' id='par_1_52' title="bbox 1964 2153 3613 2223">
     <span class='ocr_line' id='line_1_52' title="bbox 1964 2153 3613 2223; baseline -0.002 -12"><span class='ocrx_word' id='word_1_396' title='bbox 1964 2156 2167 2211; x_wconf 87' lang='lat' dir='ltr'><strong>stantia</strong></span> <span class='ocrx_word' id='word_1_397' title='bbox 2204 2171 2272 2210; x_wconf 87' lang='lat' dir='ltr'><strong>ex</strong></span> <span class='ocrx_word' id='word_1_398' title='bbox 2305 2155 2616 2210; x_wconf 85' lang='lat' dir='ltr'><strong>substantia</strong></span> <span class='ocrx_word' id='word_1_399' title='bbox 2651 2153 2830 2208; x_wconf 85' lang='lat' dir='ltr'><strong>Patris</strong></span> <span class='ocrx_word' id='word_1_400' title='bbox 2856 2153 3132 2223; x_wconf 82' lang='lat' dir='ltr'><strong>generari,</strong></span> <span class='ocrx_word' id='word_1_401' title='bbox 3163 2169 3296 2209; x_wconf 88' lang='lat' dir='ltr'><strong>num</strong></span> <span class='ocrx_word' id='word_1_402' title='bbox 3329 2155 3540 2218; x_wconf 81' lang='lat' dir='ltr'><strong>sensui,</strong></span> <span class='ocrx_word' id='word_1_403' title='bbox 3606 2191 3613 2197; x_wconf 83' lang='lat'><strong>-</strong></span> 
     </span>
    </p>
   </div>
   <div class='ocr_carea' id='block_1_53' title="bbox 1963 2243 3546 2310">
    <p class='ocr_par' dir='ltr' id='par_1_53' title="bbox 1963 2243 3546 2310">
     <span class='ocr_line' id='line_1_53' title="bbox 1963 2243 3546 2310; baseline 0 -8"><span class='ocrx_word' id='word_1_404' title='bbox 1963 2264 2030 2302; x_wconf 86' lang='lat' dir='ltr'><strong>an</strong></span> <span class='ocrx_word' id='word_1_405' title='bbox 2066 2247 2250 2302; x_wconf 89' lang='lat' dir='ltr'><strong>verbis</strong></span> <span class='ocrx_word' id='word_1_406' title='bbox 2281 2244 2707 2300; x_wconf 84' lang='lat' dir='ltr'><strong>contradicunt?</strong></span> <span class='ocrx_word' id='word_1_407' title='bbox 2733 2243 2788 2298; x_wconf 89' lang='lat' dir='ltr'><strong>Si</strong></span> <span class='ocrx_word' id='word_1_408' title='bbox 2821 2246 2968 2299; x_wconf 90' lang='lat' dir='ltr'><strong>enim</strong></span> <span class='ocrx_word' id='word_1_409' title='bbox 2995 2245 3204 2310; x_wconf 86' lang='lat' dir='ltr'><strong>sensui,</strong></span> <span class='ocrx_word' id='word_1_410' title='bbox 3230 2245 3282 2298; x_wconf 91' lang='lat' dir='ltr'><strong>in</strong></span> <span class='ocrx_word' id='word_1_411' title='bbox 3315 2256 3546 2302; x_wconf 86' lang='lat' dir='ltr'><strong>numero</strong></span> 
     </span>
    </p>
   </div>
   <div class='ocr_carea' id='block_1_54' title="bbox 1966 2334 3545 2405">
    <p class='ocr_par' dir='ltr' id='par_1_54' title="bbox 1966 2334 3545 2405">
     <span class='ocr_line' id='line_1_54' title="bbox 1966 2334 3545 2405; baseline -0.001 -13"><span class='ocrx_word' id='word_1_412' title='bbox 1966 2337 2268 2392; x_wconf 83' lang='lat' dir='ltr'><strong>inﬁdelium</strong></span> <span class='ocrx_word' id='word_1_413' title='bbox 2319 2336 2705 2400; x_wconf 85' lang='lat' dir='ltr'><strong>collocentur;</strong></span> <span class='ocrx_word' id='word_1_414' title='bbox 2770 2334 2971 2405; x_wconf 88' lang='lat' dir='ltr'><strong>quippe</strong></span> <span class='ocrx_word' id='word_1_415' title='bbox 3017 2335 3112 2404; x_wconf 87' lang='lat' dir='ltr'><strong>qui</strong></span> <span class='ocrx_word' id='word_1_416' title='bbox 3180 2336 3545 2391; x_wconf 85' lang='lat' dir='ltr'><strong>substantiam</strong></span> 
     </span>
    </p>
   </div>
   <div class='ocr_carea' id='block_1_55' title="bbox 1967 2424 3550 2484">
    <p class='ocr_par' dir='ltr' id='par_1_55' title="bbox 1967 2424 3550 2484">
     <span class='ocr_line' id='line_1_55' title="bbox 1967 2424 3550 2484; baseline -0.001 -2"><span class='ocrx_word' id='word_1_417' title='bbox 1967 2429 2091 2484; x_wconf 90' lang='lat' dir='ltr'><strong>Filii</strong></span> <span class='ocrx_word' id='word_1_418' title='bbox 2125 2442 2156 2481; x_wconf 90' lang='lat' dir='ltr'><strong>a</strong></span> <span class='ocrx_word' id='word_1_419' title='bbox 2190 2427 2496 2482; x_wconf 88' lang='lat' dir='ltr'><strong>substantia</strong></span> <span class='ocrx_word' id='word_1_420' title='bbox 2526 2425 2714 2480; x_wconf 85' lang='lat' dir='ltr'><strong>Patris</strong></span> <span class='ocrx_word' id='word_1_421' title='bbox 2737 2425 3003 2481; x_wconf 84' lang='lat' dir='ltr'><strong>alienant.</strong></span> <span class='ocrx_word' id='word_1_422' title='bbox 3039 2424 3137 2480; x_wconf 86' lang='lat' dir='ltr'><strong>Sin</strong></span> <span class='ocrx_word' id='word_1_423' title='bbox 3187 2427 3412 2480; x_wconf 90' lang='lat' dir='ltr'><strong>modum</strong></span> <span class='ocrx_word' id='word_1_424' title='bbox 3447 2427 3550 2480; x_wconf 92' lang='lat' dir='ltr'><strong>di-</strong></span> 
     </span>
    </p>
   </div>
   <div class='ocr_carea' id='block_1_56' title="bbox 1966 2518 3547 2590">
    <p class='ocr_par' dir='ltr' id='par_1_56' title="bbox 1966 2518 3547 2590">
     <span class='ocr_line' id='line_1_56' title="bbox 1966 2518 3547 2590; baseline -0.002 -13"><span class='ocrx_word' id='word_1_425' title='bbox 1966 2520 2129 2577; x_wconf 89' lang='lat' dir='ltr'><strong>cendi</strong></span> <span class='ocrx_word' id='word_1_426' title='bbox 2156 2536 2267 2575; x_wconf 88' lang='lat' dir='ltr'><strong>non</strong></span> <span class='ocrx_word' id='word_1_427' title='bbox 2296 2520 2609 2590; x_wconf 88' lang='lat' dir='ltr'><strong>recipiunt,</strong></span> <span class='ocrx_word' id='word_1_428' title='bbox 2647 2519 2798 2587; x_wconf 88' lang='lat' dir='ltr'><strong>atqui</strong></span> <span class='ocrx_word' id='word_1_429' title='bbox 2834 2519 3088 2574; x_wconf 91' lang='lat' dir='ltr'><strong>doctores</strong></span> <span class='ocrx_word' id='word_1_430' title='bbox 3117 2518 3189 2572; x_wconf 86' lang='lat' dir='ltr'><strong>ita</strong></span> <span class='ocrx_word' id='word_1_431' title='bbox 3222 2519 3547 2588; x_wconf 89' lang='lat' dir='ltr'><strong>loquuntur.</strong></span> 
     </span>
    </p>
   </div>
   <div class='ocr_carea' id='block_1_57' title="bbox 1977 2611 3546 2682">
    <p class='ocr_par' dir='ltr' id='par_1_57' title="bbox 1977 2611 3546 2682">
     <span class='ocr_line' id='line_1_57' title="bbox 1977 2611 3546 2682; baseline -0.001 -15"><span class='ocrx_word' id='word_1_432' title='bbox 1977 2611 2135 2680; x_wconf 83' lang='lat' dir='ltr'><strong>Quod</strong></span> <span class='ocrx_word' id='word_1_433' title='bbox 2183 2612 2228 2665; x_wconf 88' lang='lat' dir='ltr'><strong>si</strong></span> <span class='ocrx_word' id='word_1_434' title='bbox 2284 2612 2584 2669; x_wconf 89' lang='lat' dir='ltr'><strong>dictionem</strong></span> <span class='ocrx_word' id='word_1_435' title='bbox 2633 2611 2858 2682; x_wconf 89' lang='lat' dir='ltr'><strong>quidem</strong></span> <span class='ocrx_word' id='word_1_436' title='bbox 2907 2620 3166 2678; x_wconf 86' lang='lat' dir='ltr'><strong>tanquam</strong></span> <span class='ocrx_word' id='word_1_437' title='bbox 3226 2621 3546 2668; x_wconf 86' lang='lat' dir='ltr'><strong>sanctorum</strong></span> 
     </span>
    </p>
   </div>
   <div class='ocr_carea' id='block_1_58' title="bbox 1966 2702 3546 2768">
    <p class='ocr_par' dir='ltr' id='par_1_58' title="bbox 1966 2702 3546 2768">
     <span class='ocr_line' id='line_1_58' title="bbox 1966 2702 3546 2768; baseline 0 -10"><span class='ocrx_word' id='word_1_438' title='bbox 1966 2702 2322 2758; x_wconf 81' lang='lat' dir='ltr'><strong>exsistentem</strong></span> <span class='ocrx_word' id='word_1_439' title='bbox 2341 2703 2515 2758; x_wconf 87' lang='lat' dir='ltr'><strong>coacti</strong></span> <span class='ocrx_word' id='word_1_440' title='bbox 2543 2703 2860 2768; x_wconf 89' lang='lat' dir='ltr'><strong>admittunt,</strong></span> <span class='ocrx_word' id='word_1_441' title='bbox 2875 2718 3098 2758; x_wconf 88' lang='lat' dir='ltr'><strong>sensum</strong></span> <span class='ocrx_word' id='word_1_442' title='bbox 3123 2711 3306 2758; x_wconf 90' lang='lat' dir='ltr'><strong>autem</strong></span> <span class='ocrx_word' id='word_1_443' title='bbox 3335 2705 3546 2760; x_wconf 92' lang='lat' dir='ltr'><strong>nullum</strong></span> 
     </span>
    </p>
   </div>
   <div class='ocr_carea' id='block_1_59' title="bbox 1967 2793 3548 2864">
    <p class='ocr_par' dir='ltr' id='par_1_59' title="bbox 1967 2793 3548 2864">
     <span class='ocr_line' id='line_1_59' title="bbox 1967 2793 3548 2864; baseline -0.001 -15"><span class='ocrx_word' id='word_1_444' title='bbox 1967 2809 2037 2850; x_wconf 82' lang='lat' dir='ltr'><strong>ex</strong></span> <span class='ocrx_word' id='word_1_445' title='bbox 2064 2794 2164 2849; x_wconf 86' lang='lat' dir='ltr'><strong>hoc</strong></span> <span class='ocrx_word' id='word_1_446' title='bbox 2193 2794 2357 2849; x_wconf 87' lang='lat' dir='ltr'><strong>modo</strong></span> <span class='ocrx_word' id='word_1_447' title='bbox 2388 2793 2649 2864; x_wconf 87' lang='lat' dir='ltr'><strong>loquendi</strong></span> <span class='ocrx_word' id='word_1_448' title='bbox 2680 2793 2932 2860; x_wconf 88' lang='lat' dir='ltr'><strong>eliciunt,</strong></span> <span class='ocrx_word' id='word_1_449' title='bbox 2974 2794 3293 2850; x_wconf 84' lang='lat' dir='ltr'><strong>omnimodo</strong></span> <span class='ocrx_word' id='word_1_450' title='bbox 3326 2795 3548 2850; x_wconf 82' lang='lat' dir='ltr'><strong>inintel-</strong></span> 
     </span>
    </p>
   </div>
   <div class='ocr_carea' id='block_1_60' title="bbox 1968 2886 3549 2958">
    <p class='ocr_par' dir='ltr' id='par_1_60' title="bbox 1968 2886 3549 2958">
     <span class='ocr_line' id='line_1_60' title="bbox 1968 2886 3549 2958; baseline 0.001 -17"><span class='ocrx_word' id='word_1_451' title='bbox 1968 2886 2197 2958; x_wconf 75' lang='lat' dir='ltr'><strong>ligibilia</strong></span> <span class='ocrx_word' id='word_1_452' title='bbox 2242 2886 2566 2956; x_wconf 84' lang='lat' dir='ltr'><strong>loquuntur,</strong></span> <span class='ocrx_word' id='word_1_453' title='bbox 2607 2886 2676 2940; x_wconf 90' lang='lat' dir='ltr'><strong>ad</strong></span> <span class='ocrx_word' id='word_1_454' title='bbox 2744 2887 2919 2941; x_wconf 90' lang='lat' dir='ltr'><strong>instar</strong></span> <span class='ocrx_word' id='word_1_455' title='bbox 2961 2886 3186 2941; x_wconf 88' lang='lat' dir='ltr'><strong>illorum</strong></span> <span class='ocrx_word' id='word_1_456' title='bbox 3229 2887 3549 2942; x_wconf 81' lang='lat' dir='ltr'><strong>animalium</strong></span> 
     </span>
    </p>
   </div>
   <div class='ocr_carea' id='block_1_61' title="bbox 1972 2977 3552 3048">
    <p class='ocr_par' dir='ltr' id='par_1_61' title="bbox 1972 2977 3552 3048">
     <span class='ocr_line' id='line_1_61' title="bbox 1972 2977 3552 3048; baseline 0.001 -16"><span class='ocrx_word' id='word_1_457' title='bbox 1972 2977 2456 3045; x_wconf 86' lang='lat' dir='ltr'><strong>irrationabilium,</strong></span> <span class='ocrx_word' id='word_1_458' title='bbox 2481 2977 2664 3048; x_wconf 86' lang='lat' dir='ltr'><strong>qualis</strong></span> <span class='ocrx_word' id='word_1_459' title='bbox 2691 2986 2777 3033; x_wconf 92' lang='lat' dir='ltr'><strong>est</strong></span> <span class='ocrx_word' id='word_1_460' title='bbox 2817 2978 2964 3047; x_wconf 88' lang='lat' dir='ltr'><strong>pica,</strong></span> <span class='ocrx_word' id='word_1_461' title='bbox 3000 2993 3163 3048; x_wconf 86' lang='lat' dir='ltr'><strong>quam</strong></span> <span class='ocrx_word' id='word_1_462' title='bbox 3207 2978 3457 3034; x_wconf 88' lang='lat' dir='ltr'><strong>audimus</strong></span> <span class='ocrx_word' id='word_1_463' title='bbox 3496 2988 3552 3034; x_wconf 89' lang='lat' dir='ltr'><strong>et</strong></span> 
     </span>
    </p>
   </div>
   <div class='ocr_carea' id='block_1_62' title="bbox 299 3069 1871 3150">
    <p class='ocr_par' dir='ltr' id='par_1_62' title="bbox 299 3071 1868 3143">
     <span class='ocr_line' id='line_1_62' title="bbox 299 3071 1868 3143; baseline -0.001 -18"><span class='ocrx_word' id='word_1_464' title='bbox 299 3071 598 3134; x_wconf 82' lang='grc' dir='ltr'>νὼσκοντες</span> <span class='ocrx_word' id='word_1_465' title='bbox 621 3113 636 3138; x_wconf 93' lang='grc'><strong>,</strong></span> <span class='ocrx_word' id='word_1_466' title='bbox 691 3073 742 3126; x_wconf 79' lang='grc' dir='ltr'><strong>οἳ</strong></span> <span class='ocrx_word' id='word_1_467' title='bbox 784 3071 938 3124; x_wconf 79' lang='grc' dir='ltr'>ταῦθ’</span> <span class='ocrx_word' id='word_1_468' title='bbox 970 3071 1110 3142; x_wconf 75' lang='grc' dir='ltr'>ὑπὲρ</span> <span class='ocrx_word' id='word_1_469' title='bbox 1142 3071 1305 3142; x_wconf 82' lang='grc' dir='ltr'>ἡμῶν</span> <span class='ocrx_word' id='word_1_470' title='bbox 1345 3071 1868 3143; x_wconf 73' lang='grc' dir='ltr'>ἐπραγματεύσαντο</span> 
     </span>
    </p>
   </div>
   <div class='ocr_carea' id='block_1_63' title="bbox 1972 3069 3550 3150">
    <p class='ocr_par' dir='ltr' id='par_1_63' title="bbox 1972 3069 3550 3150">
     <span class='ocr_line' id='line_1_63' title="bbox 1972 3069 3550 3150; baseline 0.002 -26"><span class='ocrx_word' id='word_1_471' title='bbox 1972 3069 2223 3124; x_wconf 77' lang='lat' dir='ltr'><strong>videmus</strong></span> <span class='ocrx_word' id='word_1_472' title='bbox 2247 3085 2439 3125; x_wconf 84' lang='lat' dir='ltr'><strong>vocem</strong></span> <span class='ocrx_word' id='word_1_473' title='bbox 2466 3069 2764 3150; x_wconf 72' lang='lat' dir='ltr'><strong>humanam</strong></span> <span class='ocrx_word' id='word_1_474' title='bbox 2791 3070 3182 3139; x_wconf 80' lang='lat' dir='ltr'><strong>proferentem,</strong></span> <span class='ocrx_word' id='word_1_475' title='bbox 3206 3071 3338 3141; x_wconf 90' lang='lat' dir='ltr'><strong>quid</strong></span> <span class='ocrx_word' id='word_1_476' title='bbox 3366 3081 3550 3127; x_wconf 88' lang='lat' dir='ltr'><strong>autem</strong></span> 
     </span>
    </p>
   </div>
   <div class='ocr_carea' id='block_1_64' title="bbox 300 3159 1870 3231">
    <p class='ocr_par' dir='ltr' id='par_1_64' title="bbox 300 3159 1870 3231">
     <span class='ocr_line' id='line_1_64' title="bbox 300 3159 1870 3231; baseline 0.001 -18"><span class='ocrx_word' id='word_1_477' title='bbox 300 3161 494 3215; x_wconf 83' lang='grc' dir='ltr'>πάντα.</span> <span class='ocrx_word' id='word_1_478' title='bbox 533 3161 593 3213; x_wconf 81' lang='grc' dir='ltr'><strong>Εἰ</strong></span> <span class='ocrx_word' id='word_1_479' title='bbox 638 3159 684 3213; x_wconf 83' lang='grc' dir='ltr'><strong>δ’</strong></span> <span class='ocrx_word' id='word_1_480' title='bbox 729 3159 804 3224; x_wconf 89' lang='grc' dir='ltr'>ὡς</span> <span class='ocrx_word' id='word_1_481' title='bbox 848 3159 1128 3230; x_wconf 82' lang='grc' dir='ltr'>ἄνθρωποι</span> <span class='ocrx_word' id='word_1_482' title='bbox 1181 3160 1276 3214; x_wconf 83' lang='grc' dir='ltr'><strong>καί</strong></span> <span class='ocrx_word' id='word_1_483' title='bbox 1303 3177 1428 3214; x_wconf 89' lang='grc' dir='ltr'>τινα</span> <span class='ocrx_word' id='word_1_484' title='bbox 1476 3160 1600 3215; x_wconf 83' lang='grc' dir='ltr'>νοῦν</span> <span class='ocrx_word' id='word_1_485' title='bbox 1632 3161 1776 3231; x_wconf 74' lang='grc' dir='ltr'>ἔχειν</span> <span class='ocrx_word' id='word_1_486' title='bbox 1805 3161 1870 3214; x_wconf 84' lang='grc' dir='ltr'>ὲκ</span> 
     </span>
    </p>
   </div>
   <div class='ocr_carea' id='block_1_65' title="bbox 295 3252 1870 3324">
    <p class='ocr_par' dir='ltr' id='par_1_65' title="bbox 295 3252 1870 3324">
     <span class='ocr_line' id='line_1_65' title="bbox 295 3252 1870 3324; baseline -0.002 -17"><span class='ocrx_word' id='word_1_487' title='bbox 295 3254 396 3322; x_wconf 78' lang='grc' dir='ltr'><strong>τῆς</strong></span> <span class='ocrx_word' id='word_1_488' title='bbox 448 3253 650 3320; x_wconf 78' lang='grc' dir='ltr'>λέξεως</span> <span class='ocrx_word' id='word_1_489' title='bbox 704 3252 1022 3323; x_wconf 87' lang='grc' dir='ltr'>βούλονται,</span> <span class='ocrx_word' id='word_1_490' title='bbox 1054 3252 1218 3322; x_wconf 84' lang='grc' dir='ltr'>τιτῷ</span> <span class='ocrx_word' id='word_1_491' title='bbox 1273 3252 1565 3324; x_wconf 80' lang='grc' dir='ltr'>γράμματι</span> <span class='ocrx_word' id='word_1_492' title='bbox 1616 3253 1870 3322; x_wconf 85' lang='grc' dir='ltr'>καθάπερ</span> 
     </span>
    </p>
   </div>
   <div class='ocr_carea' id='block_1_66' title="bbox 312 3345 1869 3417">
    <p class='ocr_par' dir='ltr' id='par_1_66' title="bbox 312 3345 1869 3417">
     <span class='ocr_line' id='line_1_66' title="bbox 312 3345 1869 3417; baseline -0.002 -17"><span class='ocrx_word' id='word_1_493' title='bbox 312 3346 555 3400; x_wconf 82' lang='grc' dir='ltr'><strong>Ἰουδαῖοι</strong></span> <span class='ocrx_word' id='word_1_494' title='bbox 603 3345 1039 3417; x_wconf 79' lang='grc' dir='ltr'>προσπταίοντες</span> <span class='ocrx_word' id='word_1_495' title='bbox 1086 3345 1430 3414; x_wconf 83' lang='grc' dir='ltr'>πάσχουσιν;</span> <span class='ocrx_word' id='word_1_496' title='bbox 1487 3345 1626 3416; x_wconf 84' lang='grc' dir='ltr'>ὅπερ</span> <span class='ocrx_word' id='word_1_497' title='bbox 1657 3347 1685 3398; x_wconf 83' lang='grc' dir='ltr'>ὁ</span> <span class='ocrx_word' id='word_1_498' title='bbox 1726 3345 1869 3406; x_wconf 86' lang='grc' dir='ltr'>θεῖος</span> 
     </span>
    </p>
   </div>
   <div class='ocr_carea' id='block_1_67' title="bbox 298 3429 1869 3504">
    <p class='ocr_par' dir='ltr' id='par_1_67' title="bbox 298 3429 1869 3504">
     <span class='ocr_line' id='line_1_67' title="bbox 298 3429 1869 3504; baseline -0.002 -15"><span class='ocrx_word' id='word_1_499' title='bbox 298 3436 576 3498; x_wconf 85' lang='grc' dir='ltr'>Διονύσιος</span> <span class='ocrx_word' id='word_1_500' title='bbox 623 3435 820 3502; x_wconf 74' lang='grc' dir='ltr'><strong>ἄλογον</strong></span> <span class='ocrx_word' id='word_1_501' title='bbox 869 3435 966 3487; x_wconf 73' lang='grc' dir='ltr'><strong>καὶ</strong></span> <span class='ocrx_word' id='word_1_502' title='bbox 1015 3434 1205 3486; x_wconf 79' lang='grc' dir='ltr'>σκαιὸν</span> <span class='ocrx_word' id='word_1_503' title='bbox 1233 3429 1376 3487; x_wconf 75' lang='grc' dir='ltr'>εἶναι</span> <span class='ocrx_word' id='word_1_504' title='bbox 1410 3432 1582 3502; x_wconf 82' lang='grc' dir='ltr'><strong>λέγει,</strong></span> <span class='ocrx_word' id='word_1_505' title='bbox 1608 3434 1670 3486; x_wconf 86' lang='grc' dir='ltr'>τὺ</span> <span class='ocrx_word' id='word_1_506' title='bbox 1704 3433 1778 3504; x_wconf 81' lang='grc' dir='ltr'>μὴ</span> <span class='ocrx_word' id='word_1_507' title='bbox 1802 3435 1869 3504; x_wconf 83' lang='grc' dir='ltr'>τῇ</span> 
     </span>
    </p>
   </div>
   <div class='ocr_carea' id='block_1_68' title="bbox 299 3523 1868 3596">
    <p class='ocr_par' dir='ltr' id='par_1_68' title="bbox 299 3523 1868 3596">
     <span class='ocr_line' id='line_1_68' title="bbox 299 3523 1868 3596; baseline -0.001 -16"><span class='ocrx_word' id='word_1_508' title='bbox 299 3527 527 3596; x_wconf 80' lang='grc' dir='ltr'><strong>δυνάμει</strong></span> <span class='ocrx_word' id='word_1_509' title='bbox 562 3525 655 3578; x_wconf 86' lang='grc' dir='ltr'><strong>τοῦ</strong></span> <span class='ocrx_word' id='word_1_510' title='bbox 689 3523 896 3577; x_wconf 87' lang='grc' dir='ltr'>σκοποῦ</span> <span class='ocrx_word' id='word_1_511' title='bbox 947 3524 1261 3595; x_wconf 84' lang='grc' dir='ltr'>προσέχειν,</span> <span class='ocrx_word' id='word_1_512' title='bbox 1316 3524 1452 3580; x_wconf 85' lang='grc' dir='ltr'><strong>ἀλλά</strong></span> <span class='ocrx_word' id='word_1_513' title='bbox 1483 3528 1608 3589; x_wconf 86' lang='grc' dir='ltr'>ταῖς</span> <span class='ocrx_word' id='word_1_514' title='bbox 1646 3525 1824 3591; x_wconf 81' lang='grc' dir='ltr'>λέξεσι</span> <span class='ocrx_word' id='word_1_515' title='bbox 1855 3545 1868 3592; x_wconf 93' lang='grc'>;</span> 
     </span>
    </p>
   </div>
   <div class='ocr_carea' id='block_1_69' title="bbox 304 3614 1873 3686">
    <p class='ocr_par' dir='ltr' id='par_1_69' title="bbox 304 3614 1873 3686">
     <span class='ocr_line' id='line_1_69' title="bbox 304 3614 1873 3686; baseline 0.001 -16"><span class='ocrx_word' id='word_1_516' title='bbox 304 3617 397 3670; x_wconf 72' lang='grc' dir='ltr'><strong>καὶ</strong></span> <span class='ocrx_word' id='word_1_517' title='bbox 428 3617 619 3685; x_wconf 76' lang='grc' dir='ltr'>ὥσπερ</span> <span class='ocrx_word' id='word_1_518' title='bbox 653 3616 829 3685; x_wconf 85' lang='grc' dir='ltr'>νήπια</span> <span class='ocrx_word' id='word_1_519' title='bbox 861 3614 1154 3685; x_wconf 87' lang='grc' dir='ltr'>φοϐοῦνται</span> <span class='ocrx_word' id='word_1_520' title='bbox 1208 3616 1396 3686; x_wconf 84' lang='grc' dir='ltr'>φόϐον,</span> <span class='ocrx_word' id='word_1_521' title='bbox 1425 3617 1561 3671; x_wconf 82' lang='grc' dir='ltr'>ὅπου</span> <span class='ocrx_word' id='word_1_522' title='bbox 1605 3619 1706 3672; x_wconf 85' lang='grc' dir='ltr'><strong>οὐκ</strong></span> <span class='ocrx_word' id='word_1_523' title='bbox 1756 3619 1873 3672; x_wconf 80' lang='grc' dir='ltr'>ἐστι</span> 
     </span>
    </p>
   </div>
   <div class='ocr_carea' id='block_1_70' title="bbox 305 3707 1876 3780">
    <p class='ocr_par' dir='ltr' id='par_1_70' title="bbox 305 3707 1876 3780">
     <span class='ocr_line' id='line_1_70' title="bbox 305 3707 1876 3780; baseline 0.003 -21"><span class='ocrx_word' id='word_1_524' title='bbox 305 3707 502 3777; x_wconf 75' lang='grc' dir='ltr'>φόϐοςς</span> <span class='ocrx_word' id='word_1_525' title='bbox 558 3707 695 3762; x_wconf 83' lang='grc' dir='ltr'>ἀλλὰ</span> <span class='ocrx_word' id='word_1_526' title='bbox 743 3707 821 3778; x_wconf 80' lang='grc' dir='ltr'>μὴ</span> <span class='ocrx_word' id='word_1_527' title='bbox 856 3707 994 3776; x_wconf 80' lang='grc' dir='ltr'>πρὸς</span> <span class='ocrx_word' id='word_1_528' title='bbox 1021 3708 1112 3760; x_wconf 82' lang='grc' dir='ltr'><strong>τὸν</strong></span> <span class='ocrx_word' id='word_1_529' title='bbox 1144 3707 1271 3761; x_wconf 87' lang='grc' dir='ltr'>νοῦν</span> <span class='ocrx_word' id='word_1_530' title='bbox 1317 3709 1567 3780; x_wconf 79' lang='grc' dir='ltr'>ἀφορῶσι</span> <span class='ocrx_word' id='word_1_531' title='bbox 1595 3712 1702 3763; x_wconf 90' lang='grc' dir='ltr'><strong>τῶν</strong></span> <span class='ocrx_word' id='word_1_532' title='bbox 1730 3711 1876 3764; x_wconf 85' lang='grc' dir='ltr'>διδα-</span> 
     </span>
    </p>
   </div>
   <div class='ocr_carea' id='block_1_71' title="bbox 303 3795 1874 3870">
    <p class='ocr_par' dir='ltr' id='par_1_71' title="bbox 303 3795 1874 3870">
     <span class='ocr_line' id='line_1_71' title="bbox 303 3795 1874 3870; baseline 0 -16"><span class='ocrx_word' id='word_1_533' title='bbox 303 3800 539 3863; x_wconf 81' lang='grc' dir='ltr'>σκάλων,</span> <span class='ocrx_word' id='word_1_534' title='bbox 574 3799 632 3864; x_wconf 76' lang='grc' dir='ltr'><strong>ἐξ</strong></span> <span class='ocrx_word' id='word_1_535' title='bbox 665 3795 740 3852; x_wconf 82' lang='grc' dir='ltr'>ὧν</span> <span class='ocrx_word' id='word_1_536' title='bbox 795 3799 981 3863; x_wconf 85' lang='grc' dir='ltr'>αὐτοῖς</span> <span class='ocrx_word' id='word_1_537' title='bbox 1033 3797 1100 3852; x_wconf 79' lang='grc' dir='ltr'>ἂν</span> <span class='ocrx_word' id='word_1_538' title='bbox 1132 3798 1321 3852; x_wconf 83' lang='grc' dir='ltr'>εἵπετο</span> <span class='ocrx_word' id='word_1_539' title='bbox 1359 3802 1510 3854; x_wconf 79' lang='grc' dir='ltr'>πᾶσα</span> <span class='ocrx_word' id='word_1_540' title='bbox 1563 3801 1874 3870; x_wconf 79' lang='grc' dir='ltr'>καθαρότης</span> 
     </span>
    </p>
   </div>
   <div class='ocr_carea' id='block_1_72' title="bbox 296 3887 1876 3964">
    <p class='ocr_par' dir='ltr' id='par_1_72' title="bbox 296 3887 1876 3964">
     <span class='ocr_line' id='line_1_72' title="bbox 296 3887 1876 3964; baseline 0.003 -21"><span class='ocrx_word' id='word_1_541' title='bbox 296 3890 409 3943; x_wconf 78' lang='grc' dir='ltr'><strong>τῶν</strong></span> <span class='ocrx_word' id='word_1_542' title='bbox 442 3887 653 3959; x_wconf 82' lang='grc' dir='ltr'>λογων;</span> <span class='ocrx_word' id='word_1_543' title='bbox 681 3888 798 3943; x_wconf 82' lang='grc' dir='ltr'>Νῦν</span> <span class='ocrx_word' id='word_1_544' title='bbox 829 3889 940 3959; x_wconf 85' lang='grc' dir='ltr'>γὰρ</span> <span class='ocrx_word' id='word_1_545' title='bbox 970 3890 1107 3958; x_wconf 75' lang='grc' dir='ltr'>πρὸς</span> <span class='ocrx_word' id='word_1_546' title='bbox 1143 3891 1344 3956; x_wconf 81' lang='grc' dir='ltr'>αὐτοὺς</span> <span class='ocrx_word' id='word_1_547' title='bbox 1394 3894 1730 3964; x_wconf 82' lang='grc' dir='ltr'>ἀφορῶντες,</span> <span class='ocrx_word' id='word_1_548' title='bbox 1781 3897 1876 3948; x_wconf 68' lang='grc' dir='ltr'><strong>καὶ</strong></span> 
     </span>
    </p>
   </div>
   <div class='ocr_carea' id='block_1_73' title="bbox 296 3978 1875 4057">
    <p class='ocr_par' dir='ltr' id='par_1_73' title="bbox 296 3978 1875 4057">
     <span class='ocr_line' id='line_1_73' title="bbox 296 3978 1875 4057; baseline 0.003 -21"><span class='ocrx_word' id='word_1_549' title='bbox 296 3978 412 4037; x_wconf 74' lang='grc' dir='ltr'>οἷον</span> <span class='ocrx_word' id='word_1_550' title='bbox 445 3983 631 4044; x_wconf 85' lang='grc' dir='ltr'>αὐτοῖς</span> <span class='ocrx_word' id='word_1_551' title='bbox 661 3981 884 4034; x_wconf 84' lang='grc' dir='ltr'>κανόσιν</span> <span class='ocrx_word' id='word_1_552' title='bbox 932 3981 1052 4035; x_wconf 83' lang='grc' dir='ltr'>οῦσι</span> <span class='ocrx_word' id='word_1_553' title='bbox 1085 3985 1211 4046; x_wconf 84' lang='grc' dir='ltr'>τοὺς</span> <span class='ocrx_word' id='word_1_554' title='bbox 1255 3984 1446 4053; x_wconf 86' lang='grc' dir='ltr'>λόγους</span> <span class='ocrx_word' id='word_1_555' title='bbox 1481 3988 1875 4057; x_wconf 63' lang='grc' dir='ltr'>προσάγοντες,</span> 
     </span>
    </p>
   </div>
   <div class='ocr_carea' id='block_1_74' title="bbox 300 4051 1878 4145">
    <p class='ocr_par' dir='ltr' id='par_1_74' title="bbox 300 4051 1878 4145">
     <span class='ocr_line' id='line_1_74' title="bbox 300 4051 1878 4145; baseline 0.004 -23"><span class='ocrx_word' id='word_1_556' title='bbox 300 4070 404 4132; x_wconf 85' lang='grc' dir='ltr'><strong>τάς</strong></span> <span class='ocrx_word' id='word_1_557' title='bbox 438 4071 613 4142; x_wconf 84' lang='grc' dir='ltr'>ἀρχὰς</span> <span class='ocrx_word' id='word_1_558' title='bbox 662 4071 760 4139; x_wconf 82' lang='grc' dir='ltr'>τῆς</span> <span class='ocrx_word' id='word_1_559' title='bbox 797 4071 1037 4134; x_wconf 84' lang='grc' dir='ltr'>πίστεως</span> <span class='ocrx_word' id='word_1_560' title='bbox 1070 4051 1379 4142; x_wconf 80' lang='grc' dir='ltr'>ἀναιροῦσι,</span> <span class='ocrx_word' id='word_1_561' title='bbox 1429 4051 1537 4128; x_wconf 35' lang='grc' dir='ltr'>καὶ*</span> <span class='ocrx_word' id='word_1_562' title='bbox 1579 4051 1878 4145; x_wconf 66' lang='grc' dir='ltr'><strong>βλάσφτῆιά</strong></span> 
     </span>
    </p>
   </div>
   <div class='ocr_carea' id='block_1_75' title="bbox 306 4160 1878 4235">
    <p class='ocr_par' dir='ltr' id='par_1_75' title="bbox 306 4160 1878 4235">
     <span class='ocr_line' id='line_1_75' title="bbox 306 4160 1878 4235; baseline 0.005 -23"><span class='ocrx_word' id='word_1_563' title='bbox 306 4161 552 4229; x_wconf 70' lang='grc' dir='ltr'>περὶτοῦ</span> <span class='ocrx_word' id='word_1_564' title='bbox 579 4160 714 4213; x_wconf 85' lang='grc' dir='ltr'>Θεοῦ</span> <span class='ocrx_word' id='word_1_565' title='bbox 751 4161 1238 4232; x_wconf 84' lang='grc' dir='ltr'>συμπεραίνουσιν.</span> <span class='ocrx_word' id='word_1_566' title='bbox 1273 4164 1348 4216; x_wconf 87' lang='grc' dir='ltr'>Οὐ</span> <span class='ocrx_word' id='word_1_567' title='bbox 1380 4165 1489 4235; x_wconf 88' lang='grc' dir='ltr'>γὰρ</span> <span class='ocrx_word' id='word_1_568' title='bbox 1531 4163 1798 4235; x_wconf 79' lang='grc' dir='ltr'>δήπουθεν</span> <span class='ocrx_word' id='word_1_569' title='bbox 1827 4167 1878 4220; x_wconf 73' lang='grc' dir='ltr'><strong>οἱ</strong></span> 
     </span>
    </p>
   </div>
   <div class='ocr_carea' id='block_1_76' title="bbox 307 4251 1873 4325">
    <p class='ocr_par' dir='ltr' id='par_1_76' title="bbox 307 4251 1873 4325">
     <span class='ocr_line' id='line_1_76' title="bbox 307 4251 1873 4325; baseline 0.004 -23"><span class='ocrx_word' id='word_1_570' title='bbox 307 4251 616 4305; x_wconf 86' lang='grc' dir='ltr'>δ.δὰσκαλοι</span> <span class='ocrx_word' id='word_1_571' title='bbox 641 4252 736 4305; x_wconf 80' lang='grc' dir='ltr'>δύο</span> <span class='ocrx_word' id='word_1_572' title='bbox 764 4251 952 4314; x_wconf 77' lang='grc' dir='ltr'>οὐσίας</span> <span class='ocrx_word' id='word_1_573' title='bbox 985 4253 1050 4305; x_wconf 83' lang='grc' dir='ltr'>ὲκ</span> <span class='ocrx_word' id='word_1_574' title='bbox 1081 4253 1176 4306; x_wconf 89' lang='grc' dir='ltr'><strong>τοῦ</strong></span> <span class='ocrx_word' id='word_1_575' title='bbox 1203 4253 1366 4322; x_wconf 87' lang='grc' dir='ltr'>λόγου</span> <span class='ocrx_word' id='word_1_576' title='bbox 1397 4256 1538 4308; x_wconf 85' lang='grc' dir='ltr'>νοεῖν</span> <span class='ocrx_word' id='word_1_577' title='bbox 1567 4255 1873 4325; x_wconf 86' lang='grc' dir='ltr'>βούλονται,</span> 
     </span>
    </p>
   </div>
   <div class='ocr_carea' id='block_1_77' title="bbox 307 4343 1874 4416">
    <p class='ocr_par' dir='ltr' id='par_1_77' title="bbox 307 4343 1874 4416">
     <span class='ocr_line' id='line_1_77' title="bbox 307 4343 1874 4416; baseline 0.002 -20"><span class='ocrx_word' id='word_1_578' title='bbox 307 4345 805 4414; x_wconf 79' lang='grc' dir='ltr'>ἀπεσχοινισμένας</span> <span class='ocrx_word' id='word_1_579' title='bbox 856 4343 1140 4412; x_wconf 84' lang='grc' dir='ltr'>ἀλλήλων,</span> <span class='ocrx_word' id='word_1_580' title='bbox 1204 4343 1424 4416; x_wconf 86' lang='grc' dir='ltr'>ἀριθμῷ</span> <span class='ocrx_word' id='word_1_581' title='bbox 1475 4345 1874 4415; x_wconf 82' lang='grc' dir='ltr'>διαφερούσας,</span> 
     </span>
    </p>
   </div>
   <div class='ocr_carea' id='block_1_78' title="bbox 1974 3145 3551 3230">
    <p class='ocr_par' dir='ltr' id='par_1_78' title="bbox 1974 3145 3551 3230">
     <span class='ocr_line' id='line_1_78' title="bbox 1974 3145 3551 3230; baseline 0.003 -16"><span class='ocrx_word' id='word_1_582' title='bbox 1974 3161 2068 3226; x_wconf 89' lang='lat' dir='ltr'><strong>sit,</strong></span> <span class='ocrx_word' id='word_1_583' title='bbox 2097 3161 2246 3229; x_wconf 88' lang='lat' dir='ltr'><strong>quod</strong></span> <span class='ocrx_word' id='word_1_584' title='bbox 2271 3160 2428 3224; x_wconf 90' lang='lat' dir='ltr'><strong>dicit,</strong></span> <span class='ocrx_word' id='word_1_585' title='bbox 2467 3145 2578 3214; x_wconf 66' lang='lat' dir='ltr'><strong>lion</strong></span> <span class='ocrx_word' id='word_1_586' title='bbox 2615 3160 3013 3230; x_wconf 80' lang='lat' dir='ltr'><strong>intelligentem</strong></span> <span class='ocrx_word' id='word_1_587' title='bbox 3054 3179 3066 3212; x_wconf 88' lang='lat'>:</span> <span class='ocrx_word' id='word_1_588' title='bbox 3100 3177 3210 3216; x_wconf 73' lang='lat' dir='ltr'><strong>non</strong></span> <span class='ocrx_word' id='word_1_589' title='bbox 3246 3164 3551 3221; x_wconf 69' lang='lat' dir='ltr'><strong>secundum</strong></span> 
     </span>
    </p>
   </div>
   <div class='ocr_carea' id='block_1_79' title="bbox 1968 3251 3550 3324">
    <p class='ocr_par' dir='ltr' id='par_1_79' title="bbox 1968 3251 3550 3324">
     <span class='ocr_line' id='line_1_79' title="bbox 1968 3251 3550 3324; baseline 0.001 -17"><span class='ocrx_word' id='word_1_590' title='bbox 1968 3261 2216 3323; x_wconf 76' lang='lat' dir='ltr'><strong>mentem</strong></span> <span class='ocrx_word' id='word_1_591' title='bbox 2267 3251 2558 3307; x_wconf 90' lang='lat' dir='ltr'><strong>doctorum</strong></span> <span class='ocrx_word' id='word_1_592' title='bbox 2606 3251 2871 3322; x_wconf 80' lang='lat' dir='ltr'><strong>legentes,</strong></span> <span class='ocrx_word' id='word_1_593' title='bbox 2911 3256 3005 3321; x_wconf 83' lang='lat' dir='ltr'><strong>qui</strong></span> <span class='ocrx_word' id='word_1_594' title='bbox 3053 3254 3168 3308; x_wconf 70' lang='lat' dir='ltr'><strong>haec</strong></span> <span class='ocrx_word' id='word_1_595' title='bbox 3213 3254 3398 3308; x_wconf 90' lang='lat' dir='ltr'><strong>omnia</strong></span> <span class='ocrx_word' id='word_1_596' title='bbox 3448 3271 3550 3324; x_wconf 89' lang='lat' dir='ltr'><strong>pro</strong></span> 
     </span>
    </p>
   </div>
   <div class='ocr_carea' id='block_1_80' title="bbox 1973 3341 3554 3416">
    <p class='ocr_par' dir='ltr' id='par_1_80' title="bbox 1973 3341 3554 3416">
     <span class='ocr_line' id='line_1_80' title="bbox 1973 3341 3554 3416; baseline 0.001 -19"><span class='ocrx_word' id='word_1_597' title='bbox 1973 3342 2134 3398; x_wconf 90' lang='lat' dir='ltr'><strong>nobis</strong></span> <span class='ocrx_word' id='word_1_598' title='bbox 2171 3341 2676 3416; x_wconf 75' lang='lat' dir='ltr'><strong>tractarunt.Quod</strong></span> <span class='ocrx_word' id='word_1_599' title='bbox 2704 3343 2749 3397; x_wconf 89' lang='lat' dir='ltr'><strong>si</strong></span> <span class='ocrx_word' id='word_1_600' title='bbox 2783 3351 2841 3396; x_wconf 90' lang='lat' dir='ltr'><strong>ut</strong></span> <span class='ocrx_word' id='word_1_601' title='bbox 2877 3343 3130 3399; x_wconf 87' lang='lat' dir='ltr'><strong>homines</strong></span> <span class='ocrx_word' id='word_1_602' title='bbox 3157 3345 3397 3416; x_wconf 89' lang='lat' dir='ltr'><strong>aliquem</strong></span> <span class='ocrx_word' id='word_1_603' title='bbox 3427 3361 3554 3401; x_wconf 89' lang='lat' dir='ltr'><strong>sen-</strong></span> 
     </span>
    </p>
   </div>
   <div class='ocr_carea' id='block_1_81' title="bbox 1973 3410 3553 3504">
    <p class='ocr_par' dir='ltr' id='par_1_81' title="bbox 1973 3410 3553 3504">
     <span class='ocr_line' id='line_1_81' title="bbox 1973 3410 3553 3504; baseline 0.004 -16"><span class='ocrx_word' id='word_1_604' title='bbox 1973 3449 2095 3488; x_wconf 85' lang='lat' dir='ltr'><strong>sum</strong></span> <span class='ocrx_word' id='word_1_605' title='bbox 2131 3450 2198 3489; x_wconf 81' lang='lat' dir='ltr'><strong>ex</strong></span> <span class='ocrx_word' id='word_1_606' title='bbox 2231 3410 2502 3489; x_wconf 53' lang='lat' dir='ltr'><strong>vocabulo</strong></span> <span class='ocrx_word' id='word_1_607' title='bbox 2550 3443 2774 3498; x_wconf 89' lang='lat' dir='ltr'><strong>eruunt,</strong></span> <span class='ocrx_word' id='word_1_608' title='bbox 2810 3451 2985 3504; x_wconf 87' lang='lat' dir='ltr'><strong>quare</strong></span> <span class='ocrx_word' id='word_1_609' title='bbox 3018 3435 3224 3504; x_wconf 90' lang='lat' dir='ltr'><strong>littera,</strong></span> <span class='ocrx_word' id='word_1_610' title='bbox 3253 3410 3334 3492; x_wconf 29' lang='lat' dir='ltr'><strong>’ut</strong></span> <span class='ocrx_word' id='word_1_611' title='bbox 3377 3438 3553 3494; x_wconf 68' lang='lat' dir='ltr'><strong>Judaei</strong></span> 
     </span>
    </p>
   </div>
   <div class='ocr_carea' id='block_1_82' title="bbox 1973 3525 3556 3598">
    <p class='ocr_par' dir='ltr' id='par_1_82' title="bbox 1973 3525 3556 3598">
     <span class='ocr_line' id='line_1_82' title="bbox 1973 3525 3556 3598; baseline 0.004 -18"><span class='ocrx_word' id='word_1_612' title='bbox 1973 3525 2380 3580; x_wconf 74' lang='lat' dir='ltr'><strong>otfenduntur?</strong></span> <span class='ocrx_word' id='word_1_613' title='bbox 2407 3527 2652 3598; x_wconf 88' lang='lat' dir='ltr'><strong>illudque</strong></span> <span class='ocrx_word' id='word_1_614' title='bbox 2680 3527 2967 3597; x_wconf 89' lang='lat' dir='ltr'><strong>patiuntur</strong></span> <span class='ocrx_word' id='word_1_615' title='bbox 2994 3531 3140 3597; x_wconf 90' lang='lat' dir='ltr'><strong>quod</strong></span> <span class='ocrx_word' id='word_1_616' title='bbox 3178 3531 3399 3586; x_wconf 86' lang='lat' dir='ltr'><strong>divinus</strong></span> <span class='ocrx_word' id='word_1_617' title='bbox 3423 3531 3556 3586; x_wconf 79' lang='lat' dir='ltr'><strong>Dio-</strong></span> 
     </span>
    </p>
   </div>
   <div class='ocr_carea' id='block_1_83' title="bbox 1975 3618 3558 3696">
    <p class='ocr_par' dir='ltr' id='par_1_83' title="bbox 1975 3618 3558 3696">
     <span class='ocr_line' id='line_1_83' title="bbox 1975 3618 3558 3696; baseline 0.007 -25"><span class='ocrx_word' id='word_1_618' title='bbox 1975 3618 2168 3689; x_wconf 85' lang='lat' dir='ltr'><strong>nysius</strong></span> <span class='ocrx_word' id='word_1_619' title='bbox 2194 3618 2534 3687; x_wconf 88' lang='lat' dir='ltr'><strong>irrationale,</strong></span> <span class='ocrx_word' id='word_1_620' title='bbox 2575 3631 2641 3675; x_wconf 87' lang='lat' dir='ltr'><strong>ac</strong></span> <span class='ocrx_word' id='word_1_621' title='bbox 2688 3620 2916 3675; x_wconf 88' lang='lat' dir='ltr'><strong>stultum</strong></span> <span class='ocrx_word' id='word_1_622' title='bbox 2965 3638 3092 3678; x_wconf 89' lang='lat' dir='ltr'><strong>esse</strong></span> <span class='ocrx_word' id='word_1_623' title='bbox 3132 3625 3378 3678; x_wconf 84' lang='lat' dir='ltr'><strong>asserit?</strong></span> <span class='ocrx_word' id='word_1_624' title='bbox 3405 3625 3558 3696; x_wconf 90' lang='lat' dir='ltr'><strong>quod</strong></span> 
     </span>
    </p>
   </div>
   <div class='ocr_carea' id='block_1_84' title="bbox 1975 3710 3556 3777">
    <p class='ocr_par' dir='ltr' id='par_1_84' title="bbox 1975 3710 3556 3777">
     <span class='ocr_line' id='line_1_84' title="bbox 1975 3710 3556 3777; baseline 0.006 -14"><span class='ocrx_word' id='word_1_625' title='bbox 1975 3725 2086 3765; x_wconf 89' lang='lat' dir='ltr'><strong>non</strong></span> <span class='ocrx_word' id='word_1_626' title='bbox 2111 3712 2178 3766; x_wconf 89' lang='lat' dir='ltr'><strong>ad</strong></span> <span class='ocrx_word' id='word_1_627' title='bbox 2208 3710 2321 3765; x_wconf 88' lang='lat' dir='ltr'><strong>vim</strong></span> <span class='ocrx_word' id='word_1_628' title='bbox 2347 3726 2562 3777; x_wconf 89' lang='lat' dir='ltr'><strong>sensus,</strong></span> <span class='ocrx_word' id='word_1_629' title='bbox 2593 3711 2688 3767; x_wconf 86' lang='lat' dir='ltr'><strong>sed</strong></span> <span class='ocrx_word' id='word_1_630' title='bbox 2717 3713 2784 3767; x_wconf 89' lang='lat' dir='ltr'><strong>ad</strong></span> <span class='ocrx_word' id='word_1_631' title='bbox 2814 3714 3087 3770; x_wconf 86' lang='lat' dir='ltr'><strong>dictiones</strong></span> <span class='ocrx_word' id='word_1_632' title='bbox 3115 3718 3362 3770; x_wconf 89' lang='lat' dir='ltr'><strong>animum</strong></span> <span class='ocrx_word' id='word_1_633' title='bbox 3390 3718 3556 3772; x_wconf 88' lang='lat' dir='ltr'><strong>adhi-</strong></span> 
     </span>
    </p>
   </div>
   <div class='ocr_carea' id='block_1_85' title="bbox 1976 3802 3638 3874">
    <p class='ocr_par' dir='ltr' id='par_1_85' title="bbox 1976 3802 3638 3874">
     <span class='ocr_line' id='line_1_85' title="bbox 1976 3802 3638 3874; baseline 0.006 -18"><span class='ocrx_word' id='word_1_634' title='bbox 1976 3802 2185 3858; x_wconf 83' lang='lat' dir='ltr'><strong>beant?</strong></span> <span class='ocrx_word' id='word_1_635' title='bbox 2213 3813 2270 3858; x_wconf 88' lang='lat' dir='ltr'><strong>et</strong></span> <span class='ocrx_word' id='word_1_636' title='bbox 2312 3804 2460 3859; x_wconf 91' lang='lat' dir='ltr'><strong>sicut</strong></span> <span class='ocrx_word' id='word_1_637' title='bbox 2501 3805 2715 3874; x_wconf 82' lang='lat' dir='ltr'><strong>parvuli</strong></span> <span class='ocrx_word' id='word_1_638' title='bbox 2754 3806 3005 3860; x_wconf 89' lang='lat' dir='ltr'><strong>timorem</strong></span> <span class='ocrx_word' id='word_1_639' title='bbox 3036 3807 3282 3872; x_wconf 88' lang='lat' dir='ltr'><strong>timeant,</strong></span> <span class='ocrx_word' id='word_1_640' title='bbox 3317 3810 3412 3864; x_wconf 90' lang='lat' dir='ltr'><strong>ubi</strong></span> <span class='ocrx_word' id='word_1_641' title='bbox 3447 3825 3556 3865; x_wconf 92' lang='lat' dir='ltr'><strong>non</strong></span> <span class='ocrx_word' id='word_1_642' title='bbox 3621 3827 3638 3849; x_wconf 72' lang='grc' dir='ltr'><em>ν</em></span> 
     </span>
    </p>
   </div>
   <div class='ocr_carea' id='block_1_86' title="bbox 1977 3894 3561 3968">
    <p class='ocr_par' dir='ltr' id='par_1_86' title="bbox 1977 3894 3561 3968">
     <span class='ocr_line' id='line_1_86' title="bbox 1977 3894 3561 3968; baseline 0.004 -20"><span class='ocrx_word' id='word_1_643' title='bbox 1977 3902 2061 3949; x_wconf 84' lang='lat' dir='ltr'><strong>est</strong></span> <span class='ocrx_word' id='word_1_644' title='bbox 2092 3894 2291 3949; x_wconf 80' lang='lat' dir='ltr'><strong>timor?</strong></span> <span class='ocrx_word' id='word_1_645' title='bbox 2320 3910 2498 3965; x_wconf 88' lang='lat' dir='ltr'><strong>neque</strong></span> <span class='ocrx_word' id='word_1_646' title='bbox 2530 3895 2598 3949; x_wconf 90' lang='lat' dir='ltr'><strong>ad</strong></span> <span class='ocrx_word' id='word_1_647' title='bbox 2633 3905 2870 3951; x_wconf 89' lang='lat' dir='ltr'><strong>mentem</strong></span> <span class='ocrx_word' id='word_1_648' title='bbox 2897 3896 3184 3951; x_wconf 78' lang='lat' dir='ltr'><strong>doctorum</strong></span> <span class='ocrx_word' id='word_1_649' title='bbox 3217 3899 3561 3968; x_wconf 77' lang='lat' dir='ltr'><strong>respiciant?</strong></span> 
     </span>
    </p>
   </div>
   <div class='ocr_carea' id='block_1_87' title="bbox 1977 3987 3558 4060">
    <p class='ocr_par' dir='ltr' id='par_1_87' title="bbox 1977 3987 3558 4060">
     <span class='ocr_line' id='line_1_87' title="bbox 1977 3987 3558 4060; baseline 0.003 -21"><span class='ocrx_word' id='word_1_650' title='bbox 1977 4001 2044 4039; x_wconf 79' lang='lat' dir='ltr'><strong>ex</strong></span> <span class='ocrx_word' id='word_1_651' title='bbox 2071 3987 2275 4057; x_wconf 88' lang='lat' dir='ltr'><strong>quibus</strong></span> <span class='ocrx_word' id='word_1_652' title='bbox 2307 3995 2638 4056; x_wconf 84' lang='lat' dir='ltr'><strong>sequeretur</strong></span> <span class='ocrx_word' id='word_1_653' title='bbox 2669 3988 2804 4056; x_wconf 87' lang='lat' dir='ltr'><strong>ipsis</strong></span> <span class='ocrx_word' id='word_1_654' title='bbox 2831 3989 3123 4043; x_wconf 78' lang='lat' dir='ltr'><strong>verborum</strong></span> <span class='ocrx_word' id='word_1_655' title='bbox 3149 3991 3558 4060; x_wconf 86' lang='lat' dir='ltr'><strong>perspicuitas?</strong></span> 
     </span>
    </p>
   </div>
   <div class='ocr_carea' id='block_1_88' title="bbox 1977 4077 3557 4152">
    <p class='ocr_par' dir='ltr' id='par_1_88' title="bbox 1977 4077 3557 4152">
     <span class='ocr_line' id='line_1_88' title="bbox 1977 4077 3557 4152; baseline 0.003 -18"><span class='ocrx_word' id='word_1_656' title='bbox 1977 4079 2137 4134; x_wconf 87' lang='lat' dir='ltr'><strong>Nunc</strong></span> <span class='ocrx_word' id='word_1_657' title='bbox 2185 4092 2320 4132; x_wconf 86' lang='lat' dir='ltr'><strong>vero</strong></span> <span class='ocrx_word' id='word_1_658' title='bbox 2370 4077 2440 4132; x_wconf 88' lang='lat' dir='ltr'><strong>ad</strong></span> <span class='ocrx_word' id='word_1_659' title='bbox 2497 4079 2649 4147; x_wconf 89' lang='lat' dir='ltr'><strong>ipsos</strong></span> <span class='ocrx_word' id='word_1_660' title='bbox 2713 4079 3110 4147; x_wconf 89' lang='lat' dir='ltr'><strong>respicientes,</strong></span> <span class='ocrx_word' id='word_1_661' title='bbox 3162 4091 3327 4152; x_wconf 91' lang='lat' dir='ltr'><strong>atque</strong></span> <span class='ocrx_word' id='word_1_662' title='bbox 3383 4083 3557 4138; x_wconf 82' lang='lat' dir='ltr'><strong>veluti</strong></span> 
     </span>
    </p>
   </div>
   <div class='ocr_carea' id='block_1_89' title="bbox 1979 4171 3561 4246">
    <p class='ocr_par' dir='ltr' id='par_1_89' title="bbox 1979 4171 3561 4246">
     <span class='ocr_line' id='line_1_89' title="bbox 1979 4171 3561 4246; baseline 0.004 -22"><span class='ocrx_word' id='word_1_663' title='bbox 1979 4171 2196 4240; x_wconf 77' lang='lat' dir='ltr'><strong>regulas</strong></span> <span class='ocrx_word' id='word_1_664' title='bbox 2245 4185 2474 4225; x_wconf 87' lang='lat' dir='ltr'><strong>suorum</strong></span> <span class='ocrx_word' id='word_1_665' title='bbox 2543 4171 2820 4225; x_wconf 89' lang='lat' dir='ltr'><strong>dictorum</strong></span> <span class='ocrx_word' id='word_1_666' title='bbox 2871 4171 3238 4238; x_wconf 85' lang='lat' dir='ltr'><strong>adhibentes,</strong></span> <span class='ocrx_word' id='word_1_667' title='bbox 3290 4175 3561 4246; x_wconf 87' lang='lat' dir='ltr'><strong>principia</strong></span> 
     </span>
    </p>
   </div>
   <div class='ocr_carea' id='block_1_90' title="bbox 1980 4261 3560 4333">
    <p class='ocr_par' dir='ltr' id='par_1_90' title="bbox 1980 4261 3560 4333">
     <span class='ocr_line' id='line_1_90' title="bbox 1980 4261 3560 4333; baseline 0.006 -19"><span class='ocrx_word' id='word_1_668' title='bbox 1980 4261 2104 4316; x_wconf 80' lang='lat' dir='ltr'><strong>ﬁdei</strong></span> <span class='ocrx_word' id='word_1_669' title='bbox 2135 4261 2353 4329; x_wconf 88' lang='lat' dir='ltr'><strong>tollunt,</strong></span> <span class='ocrx_word' id='word_1_670' title='bbox 2383 4274 2551 4330; x_wconf 88' lang='lat' dir='ltr'><strong>atque</strong></span> <span class='ocrx_word' id='word_1_671' title='bbox 2594 4262 2914 4331; x_wconf 78' lang='lat' dir='ltr'><strong>blaspbeuia</strong></span> <span class='ocrx_word' id='word_1_672' title='bbox 2954 4264 3022 4333; x_wconf 87' lang='lat' dir='ltr'><strong>de</strong></span> <span class='ocrx_word' id='word_1_673' title='bbox 3059 4266 3172 4320; x_wconf 90' lang='lat' dir='ltr'><strong>Deo</strong></span> <span class='ocrx_word' id='word_1_674' title='bbox 3200 4269 3560 4326; x_wconf 89' lang='lat' dir='ltr'><strong>concludunt.</strong></span> 
     </span>
    </p>
   </div>
   <div class='ocr_carea' id='block_1_91' title="bbox 1978 4353 3553 4423">
    <p class='ocr_par' dir='ltr' id='par_1_91' title="bbox 1978 4353 3553 4423">
     <span class='ocr_line' id='line_1_91' title="bbox 1978 4353 3553 4423; baseline 0.005 -16"><span class='ocrx_word' id='word_1_675' title='bbox 1978 4353 2101 4408; x_wconf 89' lang='lat' dir='ltr'><strong>Non</strong></span> <span class='ocrx_word' id='word_1_676' title='bbox 2148 4354 2296 4408; x_wconf 89' lang='lat' dir='ltr'><strong>enim</strong></span> <span class='ocrx_word' id='word_1_677' title='bbox 2343 4354 2592 4423; x_wconf 82' lang='lat' dir='ltr'><strong>profecto</strong></span> <span class='ocrx_word' id='word_1_678' title='bbox 2630 4354 2886 4410; x_wconf 88' lang='lat' dir='ltr'><strong>doctores</strong></span> <span class='ocrx_word' id='word_1_679' title='bbox 2935 4357 3072 4412; x_wconf 90' lang='lat' dir='ltr'><strong>duas</strong></span> <span class='ocrx_word' id='word_1_680' title='bbox 3117 4358 3455 4414; x_wconf 88' lang='lat' dir='ltr'><strong>substantias</strong></span> <span class='ocrx_word' id='word_1_681' title='bbox 3484 4375 3553 4415; x_wconf 79' lang='lat' dir='ltr'><strong>ex</strong></span> 
     </span>
    </p>
   </div>
   <div class='ocr_carea' id='block_1_92' title="bbox 301 4432 1871 4520">
    <p class='ocr_par' dir='ltr' id='par_1_92' title="bbox 301 4435 1871 4505">
     <span class='ocr_line' id='line_1_92' title="bbox 301 4435 1871 4505; baseline 0.003 -16"><span class='ocrx_word' id='word_1_682' title='bbox 301 4435 420 4489; x_wconf 85' lang='grc' dir='ltr'>ἀλλ’</span> <span class='ocrx_word' id='word_1_683' title='bbox 448 4437 531 4489; x_wconf 83' lang='grc' dir='ltr'>ὅτι</span> <span class='ocrx_word' id='word_1_684' title='bbox 563 4437 673 4490; x_wconf 85' lang='grc' dir='ltr'><strong>τῶν</strong></span> <span class='ocrx_word' id='word_1_685' title='bbox 722 4435 1032 4505; x_wconf 82' lang='grc' dir='ltr'>προσώπων</span> <span class='ocrx_word' id='word_1_686' title='bbox 1076 4435 1308 4491; x_wconf 76' lang='grc' dir='ltr'>ἕκαστον</span> <span class='ocrx_word' id='word_1_687' title='bbox 1335 4437 1601 4503; x_wconf 81' lang='grc' dir='ltr'>ὲνούσιον,</span> <span class='ocrx_word' id='word_1_688' title='bbox 1635 4439 1730 4492; x_wconf 73' lang='grc' dir='ltr'><strong>καὶ</strong></span> <span class='ocrx_word' id='word_1_689' title='bbox 1755 4441 1871 4493; x_wconf 76' lang='grc' dir='ltr'>καθ¹</span> 
     </span>
    </p>
   </div>
   <div class='ocr_carea' id='block_1_93' title="bbox 1972 4432 3561 4520">
    <p class='ocr_par' dir='ltr' id='par_1_93' title="bbox 1987 4443 3561 4520">
     <span class='ocr_line' id='line_1_93' title="bbox 1987 4443 3561 4520; baseline 0.005 -22"><span class='ocrx_word' id='word_1_690' title='bbox 1987 4443 2081 4498; x_wconf 82' lang='lat' dir='ltr'><strong>illo</strong></span> <span class='ocrx_word' id='word_1_691' title='bbox 2121 4458 2377 4499; x_wconf 87' lang='lat' dir='ltr'><strong>sermone</strong></span> <span class='ocrx_word' id='word_1_692' title='bbox 2426 4446 2734 4516; x_wconf 75' lang='lat' dir='ltr'><strong>intelligere</strong></span> <span class='ocrx_word' id='word_1_693' title='bbox 2766 4447 2957 4503; x_wconf 84' lang='lat' dir='ltr'><strong>volunt</strong></span> <span class='ocrx_word' id='word_1_694' title='bbox 2988 4449 3266 4520; x_wconf 84' lang='lat' dir='ltr'><strong>sejunctas</strong></span> <span class='ocrx_word' id='word_1_695' title='bbox 3305 4451 3375 4506; x_wconf 88' lang='lat' dir='ltr'><strong>ab</strong></span> <span class='ocrx_word' id='word_1_696' title='bbox 3418 4451 3561 4506; x_wconf 80' lang='lat' dir='ltr'><strong>invi-</strong></span> 
     </span>
    </p>
   </div>
   <div class='ocr_carea' id='block_1_94' title="bbox 301 4527 1880 4601">
    <p class='ocr_par' dir='ltr' id='par_1_94' title="bbox 301 4527 1880 4601">
     <span class='ocr_line' id='line_1_94' title="bbox 301 4527 1880 4601; baseline 0.003 -20"><span class='ocrx_word' id='word_1_697' title='bbox 301 4529 438 4581; x_wconf 78' lang='grc' dir='ltr'>αὐτὸ</span> <span class='ocrx_word' id='word_1_698' title='bbox 483 4527 732 4598; x_wconf 83' lang='grc' dir='ltr'>ὑφεστὼς</span> <span class='ocrx_word' id='word_1_699' title='bbox 764 4528 936 4595; x_wconf 78' lang='grc' dir='ltr'>ἴσασι,</span> <span class='ocrx_word' id='word_1_700' title='bbox 964 4529 1060 4580; x_wconf 74' lang='grc' dir='ltr'><strong>καὶ</strong></span> <span class='ocrx_word' id='word_1_701' title='bbox 1095 4527 1220 4582; x_wconf 80' lang='grc' dir='ltr'>οὔτε</span> <span class='ocrx_word' id='word_1_702' title='bbox 1257 4529 1357 4601; x_wconf 82' lang='grc' dir='ltr'>τὴν</span> <span class='ocrx_word' id='word_1_703' title='bbox 1387 4531 1688 4586; x_wconf 81' lang='grc' dir='ltr'>ὑπόστασιν</span> <span class='ocrx_word' id='word_1_704' title='bbox 1720 4532 1880 4586; x_wconf 86' lang='grc' dir='ltr'>ἀνού-</span> 
     </span>
    </p>
   </div>
   <div class='ocr_carea' id='block_1_95' title="bbox 302 4617 1880 4693">
    <p class='ocr_par' dir='ltr' id='par_1_95' title="bbox 302 4617 1880 4693">
     <span class='ocr_line' id='line_1_95' title="bbox 302 4617 1880 4693; baseline 0.003 -19"><span class='ocrx_word' id='word_1_705' title='bbox 302 4637 441 4685; x_wconf 90' lang='grc' dir='ltr'>σιον,</span> <span class='ocrx_word' id='word_1_706' title='bbox 473 4621 579 4674; x_wconf 71' lang='grc' dir='ltr'>οὐδ’</span> <span class='ocrx_word' id='word_1_707' title='bbox 609 4617 677 4674; x_wconf 81' lang='grc' dir='ltr'><strong>αὖ</strong></span> <span class='ocrx_word' id='word_1_708' title='bbox 725 4621 917 4673; x_wconf 88' lang='grc' dir='ltr'>οὐσίαν</span> <span class='ocrx_word' id='word_1_709' title='bbox 943 4622 1324 4676; x_wconf 84' lang='grc' dir='ltr'>ἀνυπόστατον</span> <span class='ocrx_word' id='word_1_710' title='bbox 1357 4623 1559 4676; x_wconf 80' lang='grc' dir='ltr'>ἐκεῖνοι</span> <span class='ocrx_word' id='word_1_711' title='bbox 1589 4625 1762 4693; x_wconf 80' lang='grc' dir='ltr'>φασί·</span> <span class='ocrx_word' id='word_1_712' title='bbox 1791 4626 1880 4679; x_wconf 81' lang='grc' dir='ltr'><strong>διὰ</strong></span> 
     </span>
    </p>
   </div>
   <div class='ocr_carea' id='block_1_96' title="bbox 306 4711 1883 4786">
    <p class='ocr_par' dir='ltr' id='par_1_96' title="bbox 306 4711 1883 4786">
     <span class='ocr_line' id='line_1_96' title="bbox 306 4711 1883 4786; baseline 0.004 -23"><span class='ocrx_word' id='word_1_713' title='bbox 306 4711 409 4782; x_wconf 83' lang='grc' dir='ltr'>μὲν</span> <span class='ocrx_word' id='word_1_714' title='bbox 439 4711 536 4764; x_wconf 76' lang='grc' dir='ltr'><strong>τοῦ</strong></span> <span class='ocrx_word' id='word_1_715' title='bbox 586 4711 712 4773; x_wconf 80' lang='grc' dir='ltr'>Υίδς</span> <span class='ocrx_word' id='word_1_716' title='bbox 743 4712 840 4783; x_wconf 80' lang='grc' dir='ltr'>τὴν</span> <span class='ocrx_word' id='word_1_717' title='bbox 873 4712 1173 4766; x_wconf 85' lang='grc' dir='ltr'>ὑπόστασιν</span> <span class='ocrx_word' id='word_1_718' title='bbox 1204 4713 1236 4782; x_wconf 86' lang='grc' dir='ltr'>ἢ</span> <span class='ocrx_word' id='word_1_719' title='bbox 1270 4713 1332 4765; x_wconf 77' lang='grc' dir='ltr'>τὸ</span> <span class='ocrx_word' id='word_1_720' title='bbox 1377 4715 1672 4784; x_wconf 87' lang='grc' dir='ltr'>πρόσωπον</span> <span class='ocrx_word' id='word_1_721' title='bbox 1721 4733 1883 4786; x_wconf 87' lang='grc' dir='ltr'>παρι-</span> 
     </span>
    </p>
   </div>
   <div class='ocr_carea' id='block_1_97' title="bbox 305 4802 1883 4873">
    <p class='ocr_par' dir='ltr' id='par_1_97' title="bbox 305 4802 1883 4873">
     <span class='ocr_line' id='line_1_97' title="bbox 305 4802 1883 4873; baseline 0.004 -18"><span class='ocrx_word' id='word_1_722' title='bbox 305 4802 566 4866; x_wconf 87' lang='grc' dir='ltr'>στῶντες,</span> <span class='ocrx_word' id='word_1_723' title='bbox 619 4804 705 4856; x_wconf 85' lang='grc' dir='ltr'>διά</span> <span class='ocrx_word' id='word_1_724' title='bbox 757 4803 814 4857; x_wconf 86' lang='grc' dir='ltr'><strong>δὲ</strong></span> <span class='ocrx_word' id='word_1_725' title='bbox 841 4805 940 4873; x_wconf 80' lang='grc' dir='ltr'>τῆς</span> <span class='ocrx_word' id='word_1_726' title='bbox 989 4805 1180 4868; x_wconf 82' lang='grc' dir='ltr'>οὐσίας</span> <span class='ocrx_word' id='word_1_727' title='bbox 1225 4805 1472 4860; x_wconf 78' lang='grc' dir='ltr'>ἑνούσιον</span> <span class='ocrx_word' id='word_1_728' title='bbox 1522 4809 1616 4860; x_wconf 82' lang='grc' dir='ltr'>καὶ</span> <span class='ocrx_word' id='word_1_729' title='bbox 1664 4809 1883 4862; x_wconf 84' lang='grc' dir='ltr'>τελείαν</span> 
     </span>
    </p>
   </div>
   <div class='ocr_carea' id='block_1_98' title="bbox 303 4893 1886 4968">
    <p class='ocr_par' dir='ltr' id='par_1_98' title="bbox 303 4893 1886 4968">
     <span class='ocr_line' id='line_1_98' title="bbox 303 4893 1886 4968; baseline 0.005 -22"><span class='ocrx_word' id='word_1_730' title='bbox 303 4893 498 4948; x_wconf 88' lang='grc' dir='ltr'>οὐσίαν</span> <span class='ocrx_word' id='word_1_731' title='bbox 529 4894 940 4965; x_wconf 74' lang='grc' dir='ltr'>σαφηνίζοντες,</span> <span class='ocrx_word' id='word_1_732' title='bbox 972 4898 1070 4950; x_wconf 70' lang='grc' dir='ltr'><strong>καὶ</strong></span> <span class='ocrx_word' id='word_1_733' title='bbox 1095 4896 1284 4950; x_wconf 88' lang='grc' dir='ltr'>οὐσίαν</span> <span class='ocrx_word' id='word_1_734' title='bbox 1312 4897 1444 4952; x_wconf 88' lang='grc' dir='ltr'><strong>Υἱοῦ</strong></span> <span class='ocrx_word' id='word_1_735' title='bbox 1474 4899 1595 4952; x_wconf 75' lang='grc' dir='ltr'>ἀντὶ</span> <span class='ocrx_word' id='word_1_736' title='bbox 1620 4899 1720 4968; x_wconf 84' lang='grc' dir='ltr'>τῆς</span> <span class='ocrx_word' id='word_1_737' title='bbox 1755 4901 1886 4954; x_wconf 85' lang='grc' dir='ltr'>ὐπο-</span> 
     </span>
    </p>
   </div>
   <div class='ocr_carea' id='block_1_99' title="bbox 267 4986 1886 5059">
    <p class='ocr_par' dir='ltr' id='par_1_99' title="bbox 267 4986 1886 5059">
     <span class='ocr_line' id='line_1_99' title="bbox 267 4986 1886 5059; baseline 0.002 -20"><span class='ocrx_word' id='word_1_738' title='bbox 267 4986 551 5050; x_wconf 80' lang='grc' dir='ltr'>’στάσεως</span> <span class='ocrx_word' id='word_1_739' title='bbox 595 4987 761 5040; x_wconf 86' lang='grc' dir='ltr'>αὐτοῦ</span> <span class='ocrx_word' id='word_1_740' title='bbox 820 4987 1298 5056; x_wconf 80' lang='grc' dir='ltr'>ἐκλαμϐάνοντες·</span> <span class='ocrx_word' id='word_1_741' title='bbox 1347 4988 1488 5042; x_wconf 83' lang='grc' dir='ltr'>ὥστε</span> <span class='ocrx_word' id='word_1_742' title='bbox 1539 4989 1642 5059; x_wconf 83' lang='grc' dir='ltr'><strong>τῆς</strong></span> <span class='ocrx_word' id='word_1_743' title='bbox 1687 4990 1886 5054; x_wconf 75' lang='grc' dir='ltr'>λέξεως</span> 
     </span>
    </p>
   </div>
   <div class='ocr_carea' id='block_1_100' title="bbox 299 5078 1888 5151">
    <p class='ocr_par' dir='ltr' id='par_1_100' title="bbox 299 5078 1888 5151">
     <span class='ocr_line' id='line_1_100' title="bbox 299 5078 1888 5151; baseline 0.003 -21"><span class='ocrx_word' id='word_1_744' title='bbox 299 5079 416 5131; x_wconf 83' lang='grc' dir='ltr'><strong>τῶν</strong></span> <span class='ocrx_word' id='word_1_745' title='bbox 461 5078 801 5132; x_wconf 84' lang='grc' dir='ltr'><strong>διδασκάλων</strong></span> <span class='ocrx_word' id='word_1_746' title='bbox 858 5078 997 5145; x_wconf 80' lang='grc' dir='ltr'>μετὰ</span> <span class='ocrx_word' id='word_1_747' title='bbox 1026 5080 1489 5151; x_wconf 44' lang='grc' dir='ltr'>τῆςοπρεπούσης</span> <span class='ocrx_word' id='word_1_748' title='bbox 1527 5081 1738 5144; x_wconf 78' lang='grc' dir='ltr'>ἐννοίας</span> <span class='ocrx_word' id='word_1_749' title='bbox 1769 5083 1888 5151; x_wconf 79' lang='grc' dir='ltr'>ἐχό-</span> 
     </span>
    </p>
   </div>
   <div class='ocr_carea' id='block_1_101' title="bbox 305 5169 1886 5242">
    <p class='ocr_par' dir='ltr' id='par_1_101' title="bbox 305 5169 1886 5242">
     <span class='ocr_line' id='line_1_101' title="bbox 305 5169 1886 5242; baseline 0.001 -20"><span class='ocrx_word' id='word_1_750' title='bbox 305 5186 485 5242; x_wconf 80' lang='grc' dir='ltr'>μενοι,</span> <span class='ocrx_word' id='word_1_751' title='bbox 541 5171 660 5241; x_wconf 82' lang='grc' dir='ltr'>μεθ’</span> <span class='ocrx_word' id='word_1_752' title='bbox 691 5169 852 5240; x_wconf 81' lang='grc' dir='ltr'>ἡμῶν</span> <span class='ocrx_word' id='word_1_753' title='bbox 882 5186 941 5222; x_wconf 86' lang='grc' dir='ltr'><strong>τε</strong></span> <span class='ocrx_word' id='word_1_754' title='bbox 989 5171 1259 5224; x_wconf 82' lang='grc' dir='ltr'>κάκείνων</span> <span class='ocrx_word' id='word_1_755' title='bbox 1298 5173 1638 5226; x_wconf 83' lang='grc' dir='ltr'>έστάτωσαν.</span> <span class='ocrx_word' id='word_1_756' title='bbox 1673 5173 1886 5242; x_wconf 82' lang='grc' dir='ltr'>Ὥσπερ</span> 
     </span>
    </p>
   </div>
   <div class='ocr_carea' id='block_1_102' title="bbox 302 5257 1889 5333">
    <p class='ocr_par' dir='ltr' id='par_1_102' title="bbox 302 5257 1889 5333">
     <span class='ocr_line' id='line_1_102' title="bbox 302 5257 1889 5333; baseline 0.001 -19"><span class='ocrx_word' id='word_1_757' title='bbox 302 5262 418 5330; x_wconf 85' lang='grc' dir='ltr'><strong>γάρ</strong></span> <span class='ocrx_word' id='word_1_758' title='bbox 442 5262 535 5315; x_wconf 84' lang='grc' dir='ltr'><strong>τὸν</strong></span> <span class='ocrx_word' id='word_1_759' title='bbox 564 5261 692 5313; x_wconf 85' lang='grc' dir='ltr'>Υίὸν</span> <span class='ocrx_word' id='word_1_760' title='bbox 725 5262 790 5313; x_wconf 80' lang='grc' dir='ltr'><strong>ἐκ</strong></span> <span class='ocrx_word' id='word_1_761' title='bbox 821 5259 914 5312; x_wconf 88' lang='grc' dir='ltr'><strong>τοῦ</strong></span> <span class='ocrx_word' id='word_1_762' title='bbox 949 5259 1086 5314; x_wconf 88' lang='grc' dir='ltr'>Θεοῦ</span> <span class='ocrx_word' id='word_1_763' title='bbox 1117 5257 1258 5314; x_wconf 76' lang='grc' dir='ltr'>εἶναι</span> <span class='ocrx_word' id='word_1_764' title='bbox 1285 5261 1540 5332; x_wconf 84' lang='grc' dir='ltr'>λέγομεν,</span> <span class='ocrx_word' id='word_1_765' title='bbox 1590 5264 1684 5316; x_wconf 73' lang='grc' dir='ltr'><strong>καὶ</strong></span> <span class='ocrx_word' id='word_1_766' title='bbox 1711 5265 1770 5316; x_wconf 86' lang='grc' dir='ltr'>οὐ</span> <span class='ocrx_word' id='word_1_767' title='bbox 1798 5263 1889 5333; x_wconf 82' lang='grc' dir='ltr'><strong>δή·</strong></span> 
     </span>
    </p>
   </div>
   <div class='ocr_carea' id='block_1_103' title="bbox 302 5351 1891 5426">
    <p class='ocr_par' dir='ltr' id='par_1_103' title="bbox 302 5351 1891 5426">
     <span class='ocr_line' id='line_1_103' title="bbox 302 5351 1891 5426; baseline 0.002 -21"><span class='ocrx_word' id='word_1_768' title='bbox 302 5369 415 5405; x_wconf 79' lang='grc' dir='ltr'><strong>που</strong></span> <span class='ocrx_word' id='word_1_769' title='bbox 448 5353 582 5406; x_wconf 85' lang='grc' dir='ltr'>διότι</span> <span class='ocrx_word' id='word_1_770' title='bbox 611 5355 638 5405; x_wconf 89' lang='grc' dir='ltr'>ὁ</span> <span class='ocrx_word' id='word_1_771' title='bbox 685 5351 811 5415; x_wconf 81' lang='grc' dir='ltr'>Υίὸς</span> <span class='ocrx_word' id='word_1_772' title='bbox 844 5353 978 5417; x_wconf 88' lang='grc' dir='ltr'>Θεός</span> <span class='ocrx_word' id='word_1_773' title='bbox 1021 5356 1159 5419; x_wconf 81' lang='grc' dir='ltr'>ἐστι,</span> <span class='ocrx_word' id='word_1_774' title='bbox 1202 5355 1298 5408; x_wconf 76' lang='grc' dir='ltr'><strong>καὶ</strong></span> <span class='ocrx_word' id='word_1_775' title='bbox 1322 5357 1349 5408; x_wconf 81' lang='grc' dir='ltr'>ὁ</span> <span class='ocrx_word' id='word_1_776' title='bbox 1383 5356 1572 5426; x_wconf 82' lang='grc' dir='ltr'>Πατὴρ</span> <span class='ocrx_word' id='word_1_777' title='bbox 1605 5356 1756 5419; x_wconf 75' lang='grc' dir='ltr'>Θεὸς,</span> <span class='ocrx_word' id='word_1_778' title='bbox 1797 5357 1891 5408; x_wconf 82' lang='grc' dir='ltr'>καὶ</span> 
     </span>
    </p>
   </div>
   <div class='ocr_carea' id='block_1_104' title="bbox 300 5441 1888 5514">
    <p class='ocr_par' dir='ltr' id='par_1_104' title="bbox 300 5441 1888 5514">
     <span class='ocr_line' id='line_1_104' title="bbox 300 5441 1888 5514; baseline 0.002 -21"><span class='ocrx_word' id='word_1_779' title='bbox 300 5443 370 5494; x_wconf 71' lang='grc' dir='ltr'><strong>τὸ</strong></span> <span class='ocrx_word' id='word_1_780' title='bbox 407 5442 630 5510; x_wconf 79' lang='grc' dir='ltr'>Πνεῦμα</span> <span class='ocrx_word' id='word_1_781' title='bbox 668 5441 730 5495; x_wconf 81' lang='grc' dir='ltr'>τὸ</span> <span class='ocrx_word' id='word_1_782' title='bbox 762 5442 916 5510; x_wconf 76' lang='grc' dir='ltr'>ἅγιον</span> <span class='ocrx_word' id='word_1_783' title='bbox 952 5443 1107 5507; x_wconf 73' lang='grc' dir='ltr'>Θεὸς,</span> <span class='ocrx_word' id='word_1_784' title='bbox 1144 5443 1206 5495; x_wconf 84' lang='grc' dir='ltr'><strong>τὸ</strong></span> <span class='ocrx_word' id='word_1_785' title='bbox 1253 5446 1404 5514; x_wconf 79' lang='grc' dir='ltr'>ῥῆμα</span> <span class='ocrx_word' id='word_1_786' title='bbox 1441 5445 1888 5514; x_wconf 82' lang='grc' dir='ltr'>ἀποϐαλλόμεθα,</span> 
     </span>
    </p>
   </div>
   <div class='ocr_carea' id='block_1_105' title="bbox 303 5531 1890 5603">
    <p class='ocr_par' dir='ltr' id='par_1_105' title="bbox 303 5531 1890 5603">
     <span class='ocr_line' id='line_1_105' title="bbox 303 5531 1890 5603; baseline 0.001 -17"><span class='ocrx_word' id='word_1_787' title='bbox 303 5534 400 5586; x_wconf 82' lang='grc' dir='ltr'>τνα</span> <span class='ocrx_word' id='word_1_788' title='bbox 437 5535 514 5603; x_wconf 81' lang='grc' dir='ltr'>μὴ</span> <span class='ocrx_word' id='word_1_789' title='bbox 544 5531 990 5603; x_wconf 77' lang='grc' dir='ltr'>ἀναγκαζώμεθα</span> <span class='ocrx_word' id='word_1_790' title='bbox 1037 5532 1201 5602; x_wconf 78' lang='grc' dir='ltr'>δῆθεν</span> <span class='ocrx_word' id='word_1_791' title='bbox 1231 5533 1264 5603; x_wconf 79' lang='grc' dir='ltr'>ἢ</span> <span class='ocrx_word' id='word_1_792' title='bbox 1311 5536 1403 5587; x_wconf 72' lang='grc' dir='ltr'>τὸν</span> <span class='ocrx_word' id='word_1_793' title='bbox 1435 5534 1562 5588; x_wconf 86' lang='grc' dir='ltr'>Υίὸν</span> <span class='ocrx_word' id='word_1_794' title='bbox 1586 5534 1646 5600; x_wconf 73' lang='grc' dir='ltr'>ἐξ</span> <span class='ocrx_word' id='word_1_795' title='bbox 1694 5535 1890 5590; x_wconf 78' lang='grc' dir='ltr'>ἑαυτοῦ</span> 
     </span>
    </p>
   </div>
   <div class='ocr_carea' id='block_1_106' title="bbox 299 5623 1892 5697">
    <p class='ocr_par' dir='ltr' id='par_1_106' title="bbox 299 5623 1892 5697">
     <span class='ocr_line' id='line_1_106' title="bbox 299 5623 1892 5697; baseline 0.001 -18"><span class='ocrx_word' id='word_1_796' title='bbox 299 5626 496 5693; x_wconf 81' lang='grc' dir='ltr'>λέγειν</span> <span class='ocrx_word' id='word_1_797' title='bbox 523 5625 676 5688; x_wconf 78' lang='grc' dir='ltr'>ὄντος</span> <span class='ocrx_word' id='word_1_798' title='bbox 705 5625 864 5688; x_wconf 80' lang='grc' dir='ltr'>Θεοῦ,</span> <span class='ocrx_word' id='word_1_799' title='bbox 905 5624 939 5694; x_wconf 83' lang='grc' dir='ltr'><strong>ἢ</strong></span> <span class='ocrx_word' id='word_1_800' title='bbox 970 5627 1036 5678; x_wconf 81' lang='grc' dir='ltr'>ὲκ</span> <span class='ocrx_word' id='word_1_801' title='bbox 1064 5623 1158 5677; x_wconf 89' lang='grc' dir='ltr'><strong>τοῦ</strong></span> <span class='ocrx_word' id='word_1_802' title='bbox 1195 5625 1354 5692; x_wconf 83' lang='grc' dir='ltr'>ἁγίου</span> <span class='ocrx_word' id='word_1_803' title='bbox 1393 5625 1736 5697; x_wconf 83' lang='grc' dir='ltr'>Πνεύματος,</span> <span class='ocrx_word' id='word_1_804' title='bbox 1773 5629 1892 5682; x_wconf 82' lang='grc' dir='ltr'>ἀλλ’</span> 
     </span>
    </p>
   </div>
   <div class='ocr_carea' id='block_1_107' title="bbox 303 5714 1888 5786">
    <p class='ocr_par' dir='ltr' id='par_1_107' title="bbox 303 5714 1888 5786">
     <span class='ocr_line' id='line_1_107' title="bbox 303 5714 1888 5786; baseline 0.001 -14"><span class='ocrx_word' id='word_1_805' title='bbox 303 5716 519 5779; x_wconf 79' lang='grc' dir='ltr'>εἰδότες</span> <span class='ocrx_word' id='word_1_806' title='bbox 547 5715 641 5769; x_wconf 90' lang='grc' dir='ltr'>δύο</span> <span class='ocrx_word' id='word_1_807' title='bbox 694 5715 951 5785; x_wconf 83' lang='grc' dir='ltr'>προόδους</span> <span class='ocrx_word' id='word_1_808' title='bbox 979 5717 1038 5768; x_wconf 84' lang='grc' dir='ltr'><strong>ἐν</strong></span> <span class='ocrx_word' id='word_1_809' title='bbox 1066 5714 1144 5782; x_wconf 85' lang='grc' dir='ltr'>τῷ</span> <span class='ocrx_word' id='word_1_810' title='bbox 1173 5714 1292 5786; x_wconf 81' lang='grc' dir='ltr'>Θεῷ</span> <span class='ocrx_word' id='word_1_811' title='bbox 1324 5714 1488 5780; x_wconf 75' lang='grc' dir='ltr'>οὔσας</span> <span class='ocrx_word' id='word_1_812' title='bbox 1525 5720 1762 5786; x_wconf 76' lang='grc' dir='ltr'>φυσικὰς</span> <span class='ocrx_word' id='word_1_813' title='bbox 1795 5722 1888 5775; x_wconf 79' lang='grc' dir='ltr'>καὶ</span> 
     </span>
    </p>
   </div>
   <div class='ocr_carea' id='block_1_108' title="bbox 559 5805 1242 5890">
    <p class='ocr_par' dir='ltr' id='par_1_108' title="bbox 559 5805 1242 5890">
     <span class='ocr_line' id='line_1_108' title="bbox 559 5805 1242 5890; baseline -0.003 -19"><span class='ocrx_word' id='word_1_814' title='bbox 559 5811 834 5872; x_wconf 59' lang='lat' dir='ltr'><strong>Parum“</strong></span> <span class='ocrx_word' id='word_1_815' title='bbox 851 5887 853 5890; x_wconf 3' lang='grc' dir='ltr'><strong>φ</strong></span> <span class='ocrx_word' id='word_1_816' title='bbox 873 5811 992 5888; x_wconf 78' lang='lat' dir='ltr'><strong>Gtt.</strong></span> <span class='ocrx_word' id='word_1_817' title='bbox 1037 5805 1242 5870; x_wconf 80' lang='lat' dir='ltr'><strong>CLIV.</strong></span> 
     </span>
    </p>
   </div>
   <div class='ocr_carea' id='block_1_109' title="bbox 1984 4535 3562 4610">
    <p class='ocr_par' dir='ltr' id='par_1_109' title="bbox 1984 4535 3562 4610">
     <span class='ocr_line' id='line_1_109' title="bbox 1984 4535 3562 4610; baseline 0.004 -20"><span class='ocrx_word' id='word_1_818' title='bbox 1984 4549 2104 4591; x_wconf 88' lang='lat' dir='ltr'><strong>cem</strong></span> <span class='ocrx_word' id='word_1_819' title='bbox 2146 4535 2464 4591; x_wconf 78' lang='lat' dir='ltr'><strong>dilferentes</strong></span> <span class='ocrx_word' id='word_1_820' title='bbox 2512 4553 2768 4606; x_wconf 89' lang='lat' dir='ltr'><strong>numero,</strong></span> <span class='ocrx_word' id='word_1_821' title='bbox 2794 4539 2888 4594; x_wconf 90' lang='lat' dir='ltr'><strong>sed</strong></span> <span class='ocrx_word' id='word_1_822' title='bbox 2913 4541 3061 4608; x_wconf 86' lang='lat' dir='ltr'><strong>quod</strong></span> <span class='ocrx_word' id='word_1_823' title='bbox 3112 4556 3562 4610; x_wconf 85' lang='lat' dir='ltr'><strong>unamquamque</strong></span> 
     </span>
    </p>
   </div>
   <div class='ocr_carea' id='block_1_110' title="bbox 1985 4629 3558 4700">
    <p class='ocr_par' dir='ltr' id='par_1_110' title="bbox 1985 4629 3558 4700">
     <span class='ocr_line' id='line_1_110' title="bbox 1985 4629 3558 4700; baseline 0.006 -21"><span class='ocrx_word' id='word_1_824' title='bbox 1985 4641 2272 4696; x_wconf 87' lang='lat' dir='ltr'><strong>personam</strong></span> <span class='ocrx_word' id='word_1_825' title='bbox 2323 4629 2681 4684; x_wconf 79' lang='lat' dir='ltr'><strong>exsistentem</strong></span> <span class='ocrx_word' id='word_1_826' title='bbox 2709 4669 2725 4695; x_wconf 89' lang='lat'><strong>,</strong></span> <span class='ocrx_word' id='word_1_827' title='bbox 2781 4639 2837 4686; x_wconf 84' lang='lat' dir='ltr'><strong>et</strong></span> <span class='ocrx_word' id='word_1_828' title='bbox 2885 4646 2983 4700; x_wconf 90' lang='lat' dir='ltr'><strong>per</strong></span> <span class='ocrx_word' id='word_1_829' title='bbox 3041 4646 3100 4686; x_wconf 90' lang='lat' dir='ltr'><strong>se</strong></span> <span class='ocrx_word' id='word_1_830' title='bbox 3164 4632 3558 4690; x_wconf 89' lang='lat' dir='ltr'><strong>subsistentem</strong></span> 
     </span>
    </p>
   </div>
   <div class='ocr_carea' id='block_1_111' title="bbox 1985 4720 3560 4790">
    <p class='ocr_par' dir='ltr' id='par_1_111' title="bbox 1985 4720 3560 4790">
     <span class='ocr_line' id='line_1_111' title="bbox 1985 4720 3560 4790; baseline 0.004 -18"><span class='ocrx_word' id='word_1_831' title='bbox 1985 4732 2225 4786; x_wconf 85' lang='lat' dir='ltr'><strong>norunt;</strong></span> <span class='ocrx_word' id='word_1_832' title='bbox 2256 4727 2313 4774; x_wconf 90' lang='lat' dir='ltr'><strong>et</strong></span> <span class='ocrx_word' id='word_1_833' title='bbox 2360 4734 2542 4789; x_wconf 89' lang='lat' dir='ltr'><strong>neque</strong></span> <span class='ocrx_word' id='word_1_834' title='bbox 2571 4720 2907 4790; x_wconf 85' lang='lat' dir='ltr'><strong>hypostasim</strong></span> <span class='ocrx_word' id='word_1_835' title='bbox 2939 4722 3059 4777; x_wconf 87' lang='lat' dir='ltr'><strong>sine</strong></span> <span class='ocrx_word' id='word_1_836' title='bbox 3102 4723 3433 4790; x_wconf 85' lang='lat' dir='ltr'><strong>substantia,</strong></span> <span class='ocrx_word' id='word_1_837' title='bbox 3461 4740 3560 4779; x_wconf 87' lang='lat' dir='ltr'><strong>ne-</strong></span> 
     </span>
    </p>
   </div>
   <div class='ocr_carea' id='block_1_112' title="bbox 1986 4810 3560 4884">
    <p class='ocr_par' dir='ltr' id='par_1_112' title="bbox 1986 4810 3560 4884">
     <span class='ocr_line' id='line_1_112' title="bbox 1986 4810 3560 4884; baseline 0.006 -20"><span class='ocrx_word' id='word_1_838' title='bbox 1986 4827 2094 4880; x_wconf 90' lang='lat' dir='ltr'><strong>que</strong></span> <span class='ocrx_word' id='word_1_839' title='bbox 2126 4810 2497 4866; x_wconf 88' lang='lat' dir='ltr'><strong>substantiam</strong></span> <span class='ocrx_word' id='word_1_840' title='bbox 2525 4812 2644 4866; x_wconf 89' lang='lat' dir='ltr'><strong>sine</strong></span> <span class='ocrx_word' id='word_1_841' title='bbox 2671 4813 2951 4883; x_wconf 85' lang='lat' dir='ltr'><strong>hypostasi</strong></span> <span class='ocrx_word' id='word_1_842' title='bbox 2979 4830 3102 4870; x_wconf 89' lang='lat' dir='ltr'><strong>esse</strong></span> <span class='ocrx_word' id='word_1_843' title='bbox 3134 4816 3236 4884; x_wconf 88' lang='lat' dir='ltr'><strong>ipsi</strong></span> <span class='ocrx_word' id='word_1_844' title='bbox 3264 4827 3519 4872; x_wconf 89' lang='lat' dir='ltr'><strong>asserunt</strong></span> <span class='ocrx_word' id='word_1_845' title='bbox 3547 4838 3560 4872; x_wconf 93' lang='lat'>:</span> 
     </span>
    </p>
   </div>
   <div class='ocr_carea' id='block_1_113' title="bbox 1988 4903 3560 4980">
    <p class='ocr_par' dir='ltr' id='par_1_113' title="bbox 1988 4903 3560 4980">
     <span class='ocr_line' id='line_1_113' title="bbox 1988 4903 3560 4980; baseline 0.006 -24"><span class='ocrx_word' id='word_1_846' title='bbox 1988 4918 2086 4973; x_wconf 90' lang='lat' dir='ltr'><strong>per</strong></span> <span class='ocrx_word' id='word_1_847' title='bbox 2115 4903 2262 4957; x_wconf 90' lang='lat' dir='ltr'><strong>illam</strong></span> <span class='ocrx_word' id='word_1_848' title='bbox 2289 4918 2506 4968; x_wconf 84' lang='lat' dir='ltr'><strong>vocem,</strong></span> <span class='ocrx_word' id='word_1_849' title='bbox 2543 4904 2735 4969; x_wconf 88' lang='lat' dir='ltr'><strong>Filius,</strong></span> <span class='ocrx_word' id='word_1_850' title='bbox 2771 4906 3102 4976; x_wconf 88' lang='lat' dir='ltr'><strong>bypostasim</strong></span> <span class='ocrx_word' id='word_1_851' title='bbox 3146 4926 3239 4962; x_wconf 74' lang='lat' dir='ltr'><strong>seu</strong></span> <span class='ocrx_word' id='word_1_852' title='bbox 3268 4926 3560 4980; x_wconf 71' lang='lat' dir='ltr'><strong>personam</strong></span> 
     </span>
    </p>
   </div>
   <div class='ocr_carea' id='block_1_114' title="bbox 1989 4994 3562 5066">
    <p class='ocr_par' dir='ltr' id='par_1_114' title="bbox 1989 4994 3562 5066">
     <span class='ocr_line' id='line_1_114' title="bbox 1989 4994 3562 5066; baseline 0.006 -18"><span class='ocrx_word' id='word_1_853' title='bbox 1989 4994 2338 5060; x_wconf 84' lang='lat' dir='ltr'><strong>indicantes;</strong></span> <span class='ocrx_word' id='word_1_854' title='bbox 2390 5010 2488 5066; x_wconf 89' lang='lat' dir='ltr'><strong>per</strong></span> <span class='ocrx_word' id='word_1_855' title='bbox 2532 4997 2894 5052; x_wconf 88' lang='lat' dir='ltr'><strong>substantiam</strong></span> <span class='ocrx_word' id='word_1_856' title='bbox 2926 5010 3134 5064; x_wconf 89' lang='lat' dir='ltr'><strong>autem,</strong></span> <span class='ocrx_word' id='word_1_857' title='bbox 3168 5003 3562 5058; x_wconf 78' lang='lat' dir='ltr'><strong>subsistentem</strong></span> 
     </span>
    </p>
   </div>
   <div class='ocr_carea' id='block_1_115' title="bbox 1989 5085 3562 5160">
    <p class='ocr_par' dir='ltr' id='par_1_115' title="bbox 1989 5085 3562 5160">
     <span class='ocr_line' id='line_1_115' title="bbox 1989 5085 3562 5160; baseline 0.006 -20"><span class='ocrx_word' id='word_1_858' title='bbox 1989 5085 2399 5155; x_wconf 81' lang='lat' dir='ltr'><strong>perfectamque</strong></span> <span class='ocrx_word' id='word_1_859' title='bbox 2431 5089 2792 5143; x_wconf 86' lang='lat' dir='ltr'><strong>substantiam</strong></span> <span class='ocrx_word' id='word_1_860' title='bbox 2828 5091 3186 5157; x_wconf 75' lang='lat' dir='ltr'><strong>explicantes,</strong></span> <span class='ocrx_word' id='word_1_861' title='bbox 3228 5105 3394 5160; x_wconf 83' lang='lat' dir='ltr'><strong>atque</strong></span> <span class='ocrx_word' id='word_1_862' title='bbox 3427 5096 3562 5149; x_wconf 90' lang='lat' dir='ltr'><strong>sub-</strong></span> 
     </span>
    </p>
   </div>
   <div class='ocr_carea' id='block_1_116' title="bbox 1992 5180 3556 5257">
    <p class='ocr_par' dir='ltr' id='par_1_116' title="bbox 1992 5180 3556 5257">
     <span class='ocr_line' id='line_1_116' title="bbox 1992 5180 3556 5257; baseline 0.007 -25"><span class='ocrx_word' id='word_1_863' title='bbox 1992 5180 2247 5234; x_wconf 82' lang='lat' dir='ltr'><strong>stantiam</strong></span> <span class='ocrx_word' id='word_1_864' title='bbox 2299 5180 2423 5235; x_wconf 89' lang='lat' dir='ltr'><strong>Filii</strong></span> <span class='ocrx_word' id='word_1_865' title='bbox 2475 5181 2600 5236; x_wconf 93' lang='lat' dir='ltr'><strong>loco</strong></span> <span class='ocrx_word' id='word_1_866' title='bbox 2647 5183 2767 5252; x_wconf 88' lang='lat' dir='ltr'><strong>ejus</strong></span> <span class='ocrx_word' id='word_1_867' title='bbox 2796 5183 3152 5254; x_wconf 87' lang='lat' dir='ltr'><strong>hypostaseos</strong></span> <span class='ocrx_word' id='word_1_868' title='bbox 3198 5187 3556 5257; x_wconf 80' lang='lat' dir='ltr'><strong>accipientes.</strong></span> 
     </span>
    </p>
   </div>
   <div class='ocr_carea' id='block_1_117' title="bbox 1993 5271 3566 5339">
    <p class='ocr_par' dir='ltr' id='par_1_117' title="bbox 1993 5271 3566 5339">
     <span class='ocr_line' id='line_1_117' title="bbox 1993 5271 3566 5339; baseline 0.006 -15"><span class='ocrx_word' id='word_1_869' title='bbox 1993 5271 2182 5339; x_wconf 80' lang='lat' dir='ltr'><strong>itaque</strong></span> <span class='ocrx_word' id='word_1_870' title='bbox 2231 5273 2460 5327; x_wconf 91' lang='lat' dir='ltr'><strong>dictioni</strong></span> <span class='ocrx_word' id='word_1_871' title='bbox 2497 5274 2784 5330; x_wconf 88' lang='lat' dir='ltr'><strong>doctorum</strong></span> <span class='ocrx_word' id='word_1_872' title='bbox 2836 5292 2960 5330; x_wconf 90' lang='lat' dir='ltr'><strong>eum</strong></span> <span class='ocrx_word' id='word_1_873' title='bbox 3015 5279 3361 5333; x_wconf 85' lang='lat' dir='ltr'><strong>convcnienti</strong></span> <span class='ocrx_word' id='word_1_874' title='bbox 3397 5296 3566 5336; x_wconf 87' lang='lat' dir='ltr'><strong>sensu</strong></span> 
     </span>
    </p>
   </div>
   <div class='ocr_carea' id='block_1_118' title="bbox 1993 5361 3572 5438">
    <p class='ocr_par' dir='ltr' id='par_1_118' title="bbox 1993 5361 3572 5438">
     <span class='ocr_line' id='line_1_118' title="bbox 1993 5361 3572 5438; baseline 0.007 -24"><span class='ocrx_word' id='word_1_875' title='bbox 1993 5361 2337 5418; x_wconf 70' lang='lat' dir='ltr'><strong>adhaerentes</strong></span> <span class='ocrx_word' id='word_1_876' title='bbox 2385 5365 2697 5429; x_wconf 71' lang='lat' dir='ltr'><strong>nobiscum,</strong></span> <span class='ocrx_word' id='word_1_877' title='bbox 2733 5376 2789 5421; x_wconf 90' lang='lat' dir='ltr'><strong>et</strong></span> <span class='ocrx_word' id='word_1_878' title='bbox 2823 5383 2947 5421; x_wconf 86' lang='lat' dir='ltr'><strong>cum</strong></span> <span class='ocrx_word' id='word_1_879' title='bbox 2999 5369 3132 5438; x_wconf 84' lang='lat' dir='ltr'><strong>ipsis</strong></span> <span class='ocrx_word' id='word_1_880' title='bbox 3170 5380 3338 5424; x_wconf 91' lang='lat' dir='ltr'><strong>stent.</strong></span> <span class='ocrx_word' id='word_1_881' title='bbox 3371 5372 3572 5434; x_wconf 80' lang='lat' dir='ltr'><strong>Quem-</strong></span> 
     </span>
    </p>
   </div>
   <div class='ocr_carea' id='block_1_119' title="bbox 1993 5451 3569 5526">
    <p class='ocr_par' dir='ltr' id='par_1_119' title="bbox 1993 5451 3569 5526">
     <span class='ocr_line' id='line_1_119' title="bbox 1993 5451 3569 5526; baseline 0.01 -23"><span class='ocrx_word' id='word_1_882' title='bbox 1993 5451 2288 5506; x_wconf 88' lang='lat' dir='ltr'><strong>admodum</strong></span> <span class='ocrx_word' id='word_1_883' title='bbox 2337 5454 2534 5510; x_wconf 88' lang='lat' dir='ltr'><strong>Filium</strong></span> <span class='ocrx_word' id='word_1_884' title='bbox 2595 5473 2661 5511; x_wconf 76' lang='lat' dir='ltr'><strong>ex</strong></span> <span class='ocrx_word' id='word_1_885' title='bbox 2713 5459 2824 5513; x_wconf 89' lang='lat' dir='ltr'><strong>Deo</strong></span> <span class='ocrx_word' id='word_1_886' title='bbox 2867 5475 2989 5514; x_wconf 88' lang='lat' dir='ltr'><strong>esse</strong></span> <span class='ocrx_word' id='word_1_887' title='bbox 3021 5462 3276 5526; x_wconf 87' lang='lat' dir='ltr'><strong>dicimus,</strong></span> <span class='ocrx_word' id='word_1_888' title='bbox 3308 5473 3362 5518; x_wconf 78' lang='lat' dir='ltr'><strong>et</strong></span> <span class='ocrx_word' id='word_1_889' title='bbox 3417 5475 3569 5518; x_wconf 87' lang='lat' dir='ltr'><strong>certe</strong></span> 
     </span>
    </p>
   </div>
   <div class='ocr_carea' id='block_1_120' title="bbox 1997 5534 3570 5617">
    <p class='ocr_par' dir='ltr' id='par_1_120' title="bbox 1997 5534 3570 5617">
     <span class='ocr_line' id='line_1_120' title="bbox 1997 5534 3570 5617; baseline 0.01 -23"><span class='ocrx_word' id='word_1_890' title='bbox 1997 5558 2104 5595; x_wconf 89' lang='lat' dir='ltr'><strong>non</strong></span> <span class='ocrx_word' id='word_1_891' title='bbox 2131 5554 2440 5612; x_wconf 84' lang='lat' dir='ltr'><strong>propterea,</strong></span> <span class='ocrx_word' id='word_1_892' title='bbox 2465 5547 2592 5615; x_wconf 86' lang='lat' dir='ltr'><strong>quia</strong></span> <span class='ocrx_word' id='word_1_893' title='bbox 2622 5548 2792 5602; x_wconf 88' lang='lat' dir='ltr'><strong>Filius</strong></span> <span class='ocrx_word' id='word_1_894' title='bbox 2815 5534 2959 5604; x_wconf 83' lang='lat' dir='ltr'><strong>Deus</strong></span> <span class='ocrx_word' id='word_1_895' title='bbox 2990 5560 3093 5614; x_wconf 90' lang='lat' dir='ltr'><strong>est,</strong></span> <span class='ocrx_word' id='word_1_896' title='bbox 3123 5564 3177 5605; x_wconf 80' lang='lat' dir='ltr'><strong>et</strong></span> <span class='ocrx_word' id='word_1_897' title='bbox 3205 5553 3365 5608; x_wconf 88' lang='lat' dir='ltr'><strong>Pater</strong></span> <span class='ocrx_word' id='word_1_898' title='bbox 3401 5553 3570 5617; x_wconf 89' lang='lat' dir='ltr'><strong>Deus,</strong></span> 
     </span>
    </p>
   </div>
   <div class='ocr_carea' id='block_1_121' title="bbox 1995 5631 3567 5712">
    <p class='ocr_par' dir='ltr' id='par_1_121' title="bbox 1995 5631 3567 5712">
     <span class='ocr_line' id='line_1_121' title="bbox 1995 5631 3567 5712; baseline 0.007 -25"><span class='ocrx_word' id='word_1_899' title='bbox 1995 5646 2049 5687; x_wconf 90' lang='lat' dir='ltr'><strong>et</strong></span> <span class='ocrx_word' id='word_1_900' title='bbox 2098 5631 2342 5701; x_wconf 88' lang='lat' dir='ltr'><strong>Spiritus</strong></span> <span class='ocrx_word' id='word_1_901' title='bbox 2381 5646 2606 5691; x_wconf 88' lang='lat' dir='ltr'><strong>sanctus</strong></span> <span class='ocrx_word' id='word_1_902' title='bbox 2641 5639 2805 5704; x_wconf 87' lang='lat' dir='ltr'><strong>Deus,</strong></span> <span class='ocrx_word' id='word_1_903' title='bbox 2858 5642 2962 5696; x_wconf 89' lang='lat' dir='ltr'><strong>hoc</strong></span> <span class='ocrx_word' id='word_1_904' title='bbox 2998 5643 3226 5698; x_wconf 85' lang='lat' dir='ltr'><strong>verbum</strong></span> <span class='ocrx_word' id='word_1_905' title='bbox 3269 5644 3567 5712; x_wconf 78' lang='lat' dir='ltr'><strong>rejicinius,</strong></span> 
     </span>
    </p>
   </div>
   <div class='ocr_carea' id='block_1_122' title="bbox 1997 5729 3572 5802">
    <p class='ocr_par' dir='ltr' id='par_1_122' title="bbox 1997 5729 3572 5802">
     <span class='ocr_line' id='line_1_122' title="bbox 1997 5729 3572 5802; baseline 0.01 -24"><span class='ocrx_word' id='word_1_906' title='bbox 1997 5740 2066 5779; x_wconf 89' lang='lat' dir='ltr'><strong>ne</strong></span> <span class='ocrx_word' id='word_1_907' title='bbox 2100 5739 2363 5794; x_wconf 80' lang='lat' dir='ltr'><strong>cogamur</strong></span> <span class='ocrx_word' id='word_1_908' title='bbox 2393 5742 2523 5781; x_wconf 89' lang='lat' dir='ltr'><strong>sane</strong></span> <span class='ocrx_word' id='word_1_909' title='bbox 2559 5730 2640 5782; x_wconf 82' lang='lat' dir='ltr'><strong>rel</strong></span> <span class='ocrx_word' id='word_1_910' title='bbox 2689 5729 2889 5786; x_wconf 78' lang='lat' dir='ltr'><strong>Filium</strong></span> <span class='ocrx_word' id='word_1_911' title='bbox 2921 5749 2951 5787; x_wconf 90' lang='lat' dir='ltr'><strong>a</strong></span> <span class='ocrx_word' id='word_1_912' title='bbox 2983 5750 3040 5788; x_wconf 91' lang='lat' dir='ltr'><strong>se</strong></span> <span class='ocrx_word' id='word_1_913' title='bbox 3080 5735 3285 5802; x_wconf 84' lang='lat' dir='ltr'><strong>dicere,</strong></span> <span class='ocrx_word' id='word_1_914' title='bbox 3329 5750 3456 5790; x_wconf 89' lang='lat' dir='ltr'><strong>cum</strong></span> <span class='ocrx_word' id='word_1_915' title='bbox 3499 5735 3572 5793; x_wconf 84' lang='lat' dir='ltr'><strong>sit</strong></span> 
     </span>
    </p>
   </div>
   <div class='ocr_carea' id='block_1_123' title="bbox 3055 5828 3134 5886">
    <p class='ocr_par' dir='ltr' id='par_1_123' title="bbox 3055 5828 3134 5886">
     <span class='ocr_line' id='line_1_123' title="bbox 3055 5828 3134 5886; baseline 0.013 -1"><span class='ocrx_word' id='word_1_916' title='bbox 3055 5828 3134 5886; x_wconf 76' lang='lat'><strong>29</strong></span> 
     </span>
    </p>
   </div>
  </div>
