4036 6456
566 272 669 335 907

1842 273 2228 336 DEMETRII
2271 272 2581 334 CYDONII

3686 272 3770 336 908

566 388 736 454 Dens,
764 388 850 442 vel
888 403 916 441 a
946 397 1135 444 saneto
1163 388 1396 460 Spiritu,
1452 389 1545 445 sed
1588 405 1711 445 cum
1746 390 1988 446 sciamus
2021 390 2159 444 duos

2262 387 2568 452 οὐσιῶδεις,
2600 386 2701 455 τὴν
2739 385 2838 456 μὲν
2882 385 3027 440 κατά
3057 384 3328 453 γέννησιν,
3355 385 3452 457 τὴν
3473 385 3529 440 δὲ
3570 389 3674 441 κατ’
3704 391 3775 443 έχ.

564 495 687 532 esse
719 494 1014 548 processus
1066 479 1118 534 in
1151 481 1264 536 Deo
1294 482 1596 546 naturales,
1634 495 1697 536 ac
1730 481 2141 548 substantiales,

568 571 809 623 alterum
838 570 1060 640 quidem
1095 572 1402 627 secundum
1438 573 1876 644 generationem,
1909 573 2146 626 alterum

568 671 752 714 autent
795 661 1102 716 secundum
1154 664 1584 732 processionem,
1633 672 1690 718 et
1745 663 1942 718 Filium
1991 663 2146 734 iuxta

569 767 894 819 processum
945 754 1249 808 secundum
1308 756 1723 826 generationem
1769 756 2147 812 exsistentiam

569 843 810 909 habere;
839 855 894 899 et
947 862 1071 900 cum
1103 847 1360 901 audimus
1401 848 1596 905 Filium
1632 849 1813 902 statim
1844 858 1901 902 et
1930 849 2148 904 Patrem

572 936 952 1005 intelligimus,
985 937 1052 990 ad
1086 953 1211 991 eum
1243 939 1446 1008 quippe
1479 941 1740 1002 refertur,
1768 949 1823 994 et
1857 949 2148 1009 propterea

573 1025 702 1078 iilud
756 1041 820 1078 ex
887 1026 998 1079 Deo
1057 1027 1290 1090 Filium,
1328 1043 1429 1096 pro
1478 1043 1545 1080 ex
1593 1028 1754 1082 Patre
1804 1028 2147 1096 accipimus,

508 1171 515 1186 τ
573 1117 808 1186 indeque
843 1129 896 1172 et
934 1117 1162 1172 dictioni
1202 1120 1570 1185 adlneremus,
1603 1129 1656 1175 et
1688 1136 1716 1174 a
1767 1129 1917 1174 recta
1950 1120 2152 1174 intelli-

509 1209 518 1246 ι’
571 1210 750 1278 gentia
803 1223 908 1262 non
959 1208 1300 1268 aberramus.
1347 1209 1440 1264 Sic
1484 1211 1650 1264 etiam
1686 1212 2025 1266 conveniens
2067 1221 2152 1265 est

571 1299 637 1351 de
670 1298 734 1351 iis
763 1297 907 1352 ferre
931 1298 1229 1368 judicium,
1265 1307 1326 1352 ut
1354 1308 1408 1354 et
1439 1300 1710 1369 principia
1755 1301 1905 1366 tidei,
1940 1309 1995 1354 et
2030 1300 2153 1352 uni-

570 1390 813 1443 versales
849 1389 1092 1444 rationes
1136 1405 1446 1457 servemus,
1481 1400 1536 1444 et
1579 1391 1968 1446 conclusiones
1997 1391 2152 1461 prin-

569 1481 728 1547 cipiis
768 1479 1087 1534 consentire
1120 1479 1428 1549 contingat.

638 1572 829 1642 Neque
859 1587 991 1626 vero
1019 1570 1382 1626 substantiam
1410 1585 1474 1624 ex
1501 1570 1802 1626 substantia
1831 1585 1953 1626 esse
1975 1570 2156 1626 omni-

568 1679 641 1718 no
685 1662 997 1733 negantlum
1037 1670 1164 1717 est:
1208 1661 1372 1716 modo
1418 1674 1724 1732 apponatur
1766 1662 2154 1718 determinatio

2251 479 2538 550 πόρευσιν,
2597 479 2693 532 καὶ
2746 477 2838 530 τὸν
2900 477 3028 530 Υίδν
3059 477 3200 531 κατά
3247 477 3348 546 τὴν
3395 478 3532 532 κατὰ
3562 480 3775 549 γέννησιν

2250 571 2480 639 πρόοδον
2508 568 2605 639 τὴν
2641 567 2878 640 ὕπαρξιν
2907 569 3074 638 ἔχειν,
3112 570 3206 622 καὶ
3236 569 3327 622 τὸν
3359 569 3483 624 Υίὸν
3511 571 3776 638 ἀκούοντες,

2249 661 2453 714 αὐτίκα
2509 661 2605 714 καὶ⁸
2661 661 2755 714 τὸν
2805 661 3030 732 Πατέρα
3076 660 3324 732 νοοῦμεν,
3354 663 3488 733 πρὸς
3533 667 3634 735 γὰρ
3651 666 3780 718 αὐτὸν

2250 741 2585 822 ἀναφέρεται
2614 766 2629 783 ⁸
2663 753 2758 806 καὶ
2785 752 2874 806 διὰ
2902 753 3060 807 τοῦτο
3086 753 3148 808 τὸ
3177 755 3240 807 ὲκ
3285 753 3378 808 τοῦ
3407 755 3538 809 Θεοῦ
3569 757 3654 811 τὸν
3684 758 3783 811 Υίὸν

2250 841 2374 895 ἀντὶ
2399 840 2494 894 τοῦ
2520 842 2586 895 ὲκ
2637 842 2731 894 τοῦ
2784 842 3002 912 Πατρδς
3050 843 3495 913 έκλαμϐἀνομεν,
3529 847 3784 900 κάντεῦθεν

2251 932 2351 1000 τῆς
2381 949 2442 984 τε
2494 932 2695 997 λέξεως
2727 933 2992 1003 ἐχόμεθα,
3025 935 3122 988 καὶ
3149 934 3249 1003 τῆς
3297 935 3466 1006 ὀρθῆς
3492 937 3686 999 ἑννοίας
3707 939 3786 1007 οὐχ

2254 1024 2666 1094 ἁμαρτάνομεν·
2708 1025 2852 1079 οὐτω
2907 1027 3004 1079 καὶ
3053 1028 3186 1096 περὶ
3226 1027 3295 1080 τὰ
3345 1028 3567 1081 τοιαῦτα
3611 1025 3788 1100 διαιτᾷν

2253 1117 2538 1186 προσῆκον
2566 1117 2870 1189 πανταχοῦ,
2897 1117 2974 1181 ὡς
3003 1117 3070 1172 ἂν
3109 1121 3209 1182 τὰς
3252 1121 3428 1191 ἀρχὰς
3453 1122 3548 1190 τῆς
3590 1121 3787 1186 πίστεως

2253 1211 2350 1262 κα)⁸
2377 1211 2504 1274 τοὺς
2534 1210 2766 1264 καθόλου
2801 1211 2998 1278 λόγους
3029 1211 3312 1283 τηρῶμεν.
3340 1213 3410 1266 τά
3437 1231 3494 1267 τε
3529 1229 3790 1284 συμπεραι-

2255 1300 2460 1370 νόμενα
2491 1304 2610 1365 ταῖς
2644 1303 2840 1373 ἀρχαῖς
2874 1303 3144 1359 ἀκόλουθα
3184 1303 3483 1376 συμϐαίνῃ.

2329 1571 2440 1625 Καὶ
2466 1569 2574 1641 μὴν
2600 1571 2720 1624 οὐδὲ
2758 1571 2820 1626 τὸ
2849 1571 3040 1628 οὐσίαν
3068 1571 3127 1638 ἐξ
3156 1572 3348 1638 οὐσίας
3382 1569 3522 1628 εἶναι
3556 1577 3789 1640 παντελῶς

2265 1663 2587 1734 ἀπείρηται,
2607 1665 3008 1734 προσκειμένου
3043 1664 3202 1734 μόνον
3234 1665 3517 1736 διορισμοῦ
3547 1667 3634 1720 τοῦ
3663 1685 3790 1738 προσ⁴

569 1755 936 1821 conveniens,
995 1770 1116 1824 quae
1174 1754 1542 1825 intelligatur,
1597 1755 1684 1810 vel
1741 1755 1975 1811 dicatur.
2037 1754 2159 1808 Non

2262 1756 2488 1826 ήκοντος
2554 1756 2846 1826 νοουμένου
2873 1757 2905 1827 ἢ
2931 1756 3249 1826 λεγομένου.
3289 1759 3364 1811 Οὐ
3400 1759 3507 1829 γὰρ
3539 1762 3590 1812 έν
3635 1760 3791 1829 ὀνόμα-

571 1849 718 1904 cnim
754 1847 808 1902 in
835 1847 1172 1910 nominibus,
1200 1849 1295 1902 sed
1323 1848 1384 1901 in
1419 1847 1588 1901 animi
1620 1849 1875 1902 sensibus
1904 1849 2158 1904 consistit

571 1940 731 1994 nobis
779 1938 972 2008 religio
1020 1937 1175 2008 juxta
1226 1937 1474 1992 divinum
1517 1936 1864 2009 Gregorium.
1920 1939 2056 1993 Nam
2104 1949 2159 1994 et

572 2031 710 2086 ιιιυά
761 2030 851 2100 pie
895 2029 1003 2084 dici
1050 2040 1252 2099 potest,
1300 2029 1600 2085 dummodo
1649 2045 1750 2086 nos
1790 2031 2159 2102 intelligamus

573 2141 671 2193 per
701 2122 1064 2178 substantiam
1099 2122 1346 2191 quidem,
1374 2122 1634 2177 videlicet
1669 2122 1890 2188 Filium,
1919 2139 1988 2178 ex
2021 2124 2154 2179 sub-

572 2213 772 2268 stantia
799 2227 932 2267 vero
965 2213 1214 2278 Patrem;
1241 2227 1308 2266 eo
1333 2212 1480 2282 quod
1518 2222 1748 2283 uterque
1778 2213 1998 2268 illorum
2029 2214 2158 2270 sub-

572 2309 773 2364 sistens
831 2306 922 2372 sit,
969 2315 1024 2360 et
1067 2304 1311 2374 perfecta
1362 2305 1689 2371 substantia,
1741 2314 2048 2375 totumque,
2099 2313 2159 2360 ut

574 2400 628 2451 di
667 2407 778 2452 tum
804 2405 908 2451 est.
943 2397 1080 2451 Nam
1113 2404 1167 2450 et
1203 2395 1374 2452 Deum
1411 2413 1602 2451 verum
1631 2399 1698 2453 de
1725 2397 1835 2453 Deo
1863 2415 1994 2453 vero
2029 2415 2159 2454 con-

576 2493 822 2556 ﬁtentur;
873 2504 983 2544 non
1040 2498 1220 2543 tamen
1283 2496 1574 2558 propterea
1637 2491 1774 2545 duas
1823 2491 2159 2548 substantias

574 2583 735 2640 fateri
760 2583 1028 2655 cogimur,
1047 2591 1109 2638 ut
1132 2597 1312 2654 neque
1338 2582 1478 2638 duos
1501 2582 1634 2638 deos
1653 2581 1807 2654 juxta
1830 2585 2157 2654 positionem

575 2675 726 2732 tidei.

646 2767 803 2835 Quod
860 2775 1043 2823 autem
1101 2780 1327 2838 prorsus
1385 2782 1493 2821 non
1542 2767 1615 2822 sit
1652 2766 1808 2823 nefas
1855 2769 1930 2824 ita
1983 2771 2155 2842 loqui,

577 2875 806 2930 magnus
851 2859 1186 2914 Athanasius
1239 2858 1403 2912 tradit
1449 2858 1503 2912 in
1549 2857 1945 2928 disputatione,
1994 2878 2158 2932 quam

576 2954 749 3006 edidit
771 2950 1060 3006 Orthodoxi
1089 2968 1152 3004 ac
1187 2950 1494 3016 Dissimilis,
1523 2952 1600 3006 sic
1637 2951 1867 3009 dicens:
1905 2972 1924 3006 ι
1955 2955 2158 3011 Natura

583 3047 673 3099 Dei
706 3056 789 3098 est
829 3060 992 3102 causa
1035 3052 1090 3098 et
1131 3043 1250 3098 Filii
1303 3052 1359 3098 et
1395 3041 1634 3111 Spiritus
1667 3046 1864 3110 sancti,
1894 3061 1957 3101 ac
1991 3046 2159 3101 totius

578 3146 864 3192 creaturae.
901 3155 918 3187 ι
954 3135 1111 3201 Quod
1149 3149 1280 3190 sane
1311 3150 1502 3190 rursus
1544 3150 1668 3190 cum
1699 3136 2158 3194 determinatione

579 3236 799 3296 oportet
840 3227 1172 3298 intelligere.
1215 3227 1338 3282 Filii
1371 3229 1594 3299 quidem
1631 3240 1687 3286 et
1716 3233 1892 3288 sancti
1921 3234 2162 3300 Spiritus

581 3319 1044 3381 snbstantialiter,
1071 3333 1136 3372 ac
1163 3320 1510 3387 naturaliter,
1531 3329 1586 3376 et
1616 3324 2164 3380 consubstantialiter

579 3423 708 3468 ante
753 3411 937 3467 omnia
985 3411 1203 3479 sarcula,
1246 3421 1304 3467 ut
1341 3412 1548 3468 dictum
1595 3425 1702 3480 est,
1738 3425 1794 3471 et
1833 3417 1949 3487 ipse
1999 3421 2163 3489 paulo

583 3503 724 3557 infra
772 3503 1028 3572 exponit;
1082 3512 1346 3560 creatura:
1400 3522 1532 3561 vero
1591 3507 1802 3563 ratione
1865 3511 2164 3566 creationis

583 3605 747 3665 atque
772 3594 826 3649 in
855 3603 1120 3664 tempore.
1149 3596 1352 3652 Deinde
1379 3598 1437 3652 in
1461 3601 1931 3670 consequentibus
1959 3602 2122 3658 infert
2147 3623 2161 3658 :

595 3707 612 3739 ι
657 3687 775 3742 Non
805 3695 890 3742 est
922 3697 1104 3742 autem
1135 3688 1438 3759 ingenitum
1479 3689 1574 3744 Dei
1612 3706 1774 3747 causa
1820 3695 2008 3763 geniti.
2043 3695 2163 3751 Non

582 3777 728 3831 enim
765 3792 872 3831 non
908 3778 1160 3847 generari
1190 3778 1362 3834 Deum
1392 3778 1825 3834 substantiarum
1863 3791 1948 3837 est
1977 3798 2162 3851 causa,

585 3869 678 3925 sed
725 3870 1032 3926 substantia
1079 3886 1242 3928 causa
1274 3881 1360 3928 est
1391 3871 1846 3930 substantiarum.
1879 3893 1898 3927 ι
1925 3875 2164 3933 Tantum

586 3963 753 4033 igitur
779 3963 932 4018 abest
966 3973 1025 4018 ut
1059 3963 1130 4018 sit
1155 3963 1537 4034 blasphemum
1559 3964 1701 4020 illud
1733 3965 1938 4035 dicere,
1967 3969 2165 4025 Filium

583 4072 650 4109 ex
680 4055 985 4110 substantia
1011 4056 1192 4111 Patris
1223 4069 1366 4121 esse,
1390 4065 1450 4110 ut
1474 4056 1640 4112 etiam
1668 4057 1815 4128 quod
1842 4060 2169 4131 simpliciter

585 4145 884 4201 absurdum
915 4161 1037 4201 esse
1080 4145 1321 4208 videtur,
1350 4153 1496 4200 recte
1537 4161 1599 4202 se
1647 4147 1848 4204 habere
1883 4149 2166 4206 inventum

584 4235 679 4302 sit,
727 4233 891 4289 modo
943 4244 1004 4288 ut
1049 4231 1208 4286 decet
1243 4231 1605 4288 intellectum.
1654 4233 1810 4302 Quod
1861 4235 1907 4291 si
1951 4236 2057 4290 hoc
2099 4235 2168 4292 ab

587 4327 732 4381 illius
779 4323 1134 4394 intelligentia
1168 4323 1526 4392 denudatum,
1570 4326 1659 4396 pie
1699 4342 1758 4382 se
1802 4327 1988 4392 habet,
2031 4341 2170 4397 quo-

2185 3083 2228 3141 C

2261 1862 2366 1910 σιν,
2403 1843 2520 1898 ἀλλ’
2559 1846 2617 1898 ὲν
2663 1845 2934 1915 νοήμασιν
2988 1847 3122 1916 ἡμῖν
3166 1847 3199 1916 ή
3246 1845 3500 1898 εὐσέϐεια
3553 1845 3683 1899 κατά
3722 1848 3792 1898 τὸν

2261 1937 2405 1990 θεῖον
2465 1937 2789 2009 Γρηγόριον.
2850 1939 3089 2001 Κάκεϊνο
3147 1937 3258 2007 γὰρ
3317 1937 3556 2001 εὐσεϐῶς
3608 1937 3790 1990 δύναται

2258 2027 2536 2096 λέγεσθαι,
2572 2028 2732 2099 μόνον
2778 2028 3105 2082 έννοούντων
3153 2028 3312 2100 ἡμῶν
3361 2027 3598 2100 δηλονότι
3646 2027 3793 2081 οὐσίαν

2262 2120 2360 2191 μὲν
2405 2121 2497 2175 τὸν
2551 2121 2700 2188 Υίδν,
2747 2121 2807 2186 ἐξ
2854 2121 3044 2186 οὐσίας
3100 2121 3157 2174 δὲ
3208 2123 3304 2175 τὸν
3356 2122 3593 2191 Πατέρα,
3635 2121 3713 2173 διὰ
3751 2120 3792 2170 τὸ

2260 2213 2522 2282 ἑκάτερον
2567 2213 2752 2267 αὐτῶν
2787 2213 3037 2282 ὐφεστὼς
3066 2208 3228 2277 εἶναι,
3255 2213 3352 2267 καὶ
3387 2214 3594 2266 τελείαν
3622 2212 3791 2275 οὐσίαν,

2260 2306 2358 2358 καὶ
2391 2305 2512 2358 ὅλον
2570 2305 2642 2368 ὡς
2690 2305 2928 2376 εἴρηται.
2983 2305 3105 2358 ἐπεὶ
3164 2303 3260 2358 καὶ
3308 2305 3443 2358 Θεδν
3483 2302 3714 2373 ἀληθινὸν
3747 2301 3792 2352 ἐκ

2260 2396 2396 2451 Θεοῦ
2441 2397 2699 2468 ἀληθινοῦ
2747 2398 3142 2469 ὁμολογοῦμεν.
3199 2399 3275 2451 Οὐ
3335 2400 3516 2468 μέντοι
3555 2396 3638 2450 διὰ
3672 2391 3792 2448 τοῦτο

2259 2489 2352 2543 δύο
2395 2491 2586 2553 οὐσίας
2622 2489 3050 2560 ἀναγκαζόμεθα
3102 2490 3306 2558 λέγειν,
3340 2490 3529 2559 ὥσπερ
3578 2488 3685 2543 οὐδὲ
3722 2484 3791 2540 δύο

2261 2581 2448 2649 Θεοὺς,
2485 2585 2626 2637 κατᾶ
2655 2584 2754 2653 τὴν
2781 2585 2882 2655 τῆς
2920 2582 3159 2646 πίστεως
3187 2581 3364 2638 θέσιν.

2335 2761 2457 2815 Ὀτι
2483 2760 2542 2814 δὲ
2581 2761 2863 2824 παντελῶς
2906 2762 3009 2816 οὐκ
3057 2761 3381 2834 ἀπείρηται,
3412 2758 3792 2834 παραδίδωσινό

2264 2853 2441 2924 μέγας
2496 2853 2816 2918 Ἀθανάσιος
2866 2855 2925 2907 ὲν
3043 2855 3322 2910 ἐκτίθεται
3373 2856 3600 2921 διαλέξει
3642 2854 3794 2922 Ὀρθο·

2261 2943 2445 3008 δόξου
2469 2944 2567 2997 καὶ
2602 2945 2940 3014 Ἀνομοίου,
2965 2945 3138 3013 λέγων
3165 2944 3392 3000 οὑτωσί·
3422 2965 3441 2998 ι
3461 2947 3609 3000 Δίτία
3631 2941 3794 3008 ὲστὶνή

2261 3034 2357 3088 τοῦ
2407 3034 2544 3089 Θεοῦ
2592 3036 2754 3106 φύσις
2797 3037 2894 3090 καὶ
2919 3035 3015 3090 τοῦ
3046 3037 3178 3090 Υἱοῦ
3235 3042 3331 3092 καὶ
3373 3041 3466 3092 τοῦ
3504 3039 3792 3108 Πνεύματος,

2263 3131 2359 3184 καὶ
2393 3131 2492 3199 τῆς
2525 3129 2757 3192 κτίσεως
2789 3128 3028 3198 ἁπάσης.
3061 3149 3078 3180 ι
3119 3129 3188 3184 ⁸⁸0
3214 3131 3282 3202 δὴ
3318 3134 3480 3186 πάλιν
3507 3134 3633 3203 μετὰ
3662 3143 3795 3200 προσ-

2261 3205 2546 3296 διορισμοῦ
2596 3223 2734 3278 νοεῖν
2784 3224 2915 3295 χρή.
2967 3223 3074 3278 Τοῦ
3127 3224 3226 3293 μὲν
3277 3227 3387 3296 γὰρ
3429 3226 3557 3280 Υίοῦ
3612 3219 3795 3277 καὶτοῦ

2265 3317 2422 3384 ἁγίου
2453 3314 2772 3386 Πνεύματος
2809 3315 3084 3378 οὐσιωδῶς
3107 3320 3201 3370 καὶ
3236 3318 3482 3388 φυσικῶς
3512 3320 3600 3370 καὶ
3639 3319 3795 3383 apocu-

2270 3409 2394 3472 σίως
2450 3408 2557 3480 πρὸ
2616 3409 2834 3462 πάντων
2889 3409 2997 3464 τῶν
3052 3408 3293 3476 αἰώνων,
3337 3410 3414 3475 ὡς
3470 3410 3690 3482 εἴρηται,
3726 3401 3797 3456 καὶ

2269 3501 2433 3563 αὐτὸς
2482 3500 2802 3554 ὐποκατιὼν
2858 3501 3149 3571 ἐκτίθησι·
3198 3503 3298 3572 τῆς
3349 3503 3407 3556 δὲ
3470 3504 3685 3562 κτίσεως
3728 3495 3798 3561 δη-

2271 3594 2606 3664 μιουργικῶς
2626 3594 2719 3647 καὶ
2740 3591 2882 3648 κατὰ
2901 3586 3259 3665 χρόνονῈίτι
3279 3597 3336 3648 ἐν
3353 3595 3462 3660 τοῖς
3485 3593 3604 3663 ἑξῆς
3622 3589 3796 3656 έπάγευ

2273 3704 2291 3736 ι
2330 3685 2444 3738 Οὐκ
2492 3684 2606 3740 ἔστι
2660 3685 2814 3738 δὲτὸ
2859 3685 2954 3738 τοῦ
3004 3684 3141 3738 Θεοῦ
3190 3687 3489 3758 ἀγέννητον
3527 3685 3682 3738 αἴτιον
3723 3674 3796 3731 τοῦ

2269 3775 2553 3845 γεννητοῦ.
2592 3775 2668 3830 Οὐ
2721 3776 2833 3845 γὰρ
2881 3778 2946 3830 τὸ
2992 3777 3069 3847 μὴ
3116 3777 3417 3847 γεννᾶσθαι
3446 3779 3532 3831 τὸν
3567 3775 3686 3829 Θεὸν
3713 3768 3798 3821 τῶν

2269 3869 2472 3921 οὐσιῶν
2520 3869 2712 3933 αἴτιον,
2749 3869 2866 3923 ἀλλ’
2915 3872 2949 3941 ὴ
3003 3870 3162 3924 οὐσία
3205 3871 3315 3926 τῶν
3363 3870 3554 3926 οὐσιῶν
3599 3865 3792 3920 αἰτίαν

2271 3960 2539 4016 Τοσοῦτον
2569 3962 2680 4032 ἄρα
2722 3961 2917 4033 ἀπέχει
2963 3961 3290 4032 βλάσφημον
3346 3958 3486 4017 εἶναι
3538 3959 3596 4014 τὺ
3635 3960 3690 4011 έκ
3725 3951 3800 4019 τῆς

2269 4052 2458 4118 οὐσίας
2485 4053 2580 4108 τοῦ
2605 4053 2818 4125 Πατρδς
2843 4055 3022 4123 λέγειν
3049 4051 3188 4109 εἶναι
3207 4055 3302 4109 τὸν
3330 4055 3476 4120 Υἱὸν,
3508 4053 3638 4106 ὥστε
3663 4041 3799 4099 καὶτδ

2270 4147 2462 4202 δοκοῦν
2493 4149 2680 4212 ἁπλῶς
2706 4149 2909 4204 ἄτοπον
2952 4147 3128 4218 ὀρθῶς
3165 4146 3290 4218 ἔχον
3317 4147 3560 4220 εὓρηται,
3581 4142 3722 4211 μόνον
3743 4133 3800 4194 ὡς

2273 4240 2547 4310 προσήκει
2583 4238 2896 4309 νοούμενον.
2930 4237 2993 4291 Et
3037 4237 3094 4291 δὲ
3133 4237 3296 4290 τοῦτο
3337 4236 3434 4308 τὴν
3477 4233 3671 4288 ἐκείνου
3698 4227 3800 4279 dm.
3839 4275 3845 4304 τ

2271 4332 2531 4401 δυόμενον
2584 4331 2797 4385 έννοιαν
2845 4329 3090 4393 εὐσεϐῶς
3148 4329 3283 4399 ἔχει,
3348 4316 3472 4390 ττῶέ
3511 4326 3570 4379 οὐ
3620 4316 3798 4374 κάκεῖνο

586 4420 748 4473 modo
789 4433 898 4472 non
932 4417 1105 4489 magis
1136 4419 1300 4472 etiam
1337 4417 1470 4472 illttd
1503 4428 1561 4472 ut
1611 4419 1760 4488 pium
1793 4420 2159 4490 recipiendum

2280 4409 2483 4496 μᾶλλον
2543 4425 2618 4488 ὡς
2675 4423 2898 4487 εὐσεϐὲς
2958 4421 3367 4491 παραδέχεσθαι
3420 4418 3566 4490 χρή;
3612 4411 3677 4465 Τδ
3717 4406 3796 4474 γάρ

585 4527 704 4567 esse
738 4510 992 4580 oportet?
1025 4511 1215 4564 Dicere
1244 4512 1386 4564 enim
1426 4507 1788 4566 substantiam
1817 4527 1883 4567 ex
1916 4512 2159 4567 substan-

2273 4517 2461 4570 οὐσίαν
2493 4517 2680 4586 λέγειν
2727 4515 2787 4580 ἐξ
2829 4515 3018 4578 οὐσίας
3059 4515 3162 4568 οὐκ
3210 4513 3386 4576 ἄλλως
3418 4512 3482 4566 διν
3510 4504 3671 4578 ὀρθῶς
3697 4499 3794 4592 έκῆίῖ

590 4608 682 4672 tia,
716 4619 826 4658 non
857 4602 1017 4656 aliter
1049 4610 1197 4657 recte
1227 4617 1286 4656 se
1315 4601 1589 4669 habuerit,
1626 4605 1732 4658 nisi
1775 4604 2159 4660 subaudiamus

2273 4611 2322 4662 εἶ
2381 4609 2454 4680 μὴ
2509 4608 3032 4679 προσυπακούοιμεν
3073 4606 3171 4678 τὴν
3219 4607 3408 4659 οὐσίαν
3455 4600 3544 4656 τοῦ
3597 4593 3715 4650 Υἱοῦ
3749 4587 3839 4686 Eii

597 4695 960 4751 substantiam
1003 4694 1124 4749 Filii
1169 4710 1236 4749 ex
1279 4693 1588 4749 substantia
1629 4709 1749 4749 esse
1790 4693 1992 4761 Patris;
2024 4695 2159 4765 quod

2274 4701 2466 4762 οὐσίας
2521 4694 2662 4751 εἶναι
2717 4698 2812 4752 τοῦ
2877 4698 3108 4769 Πατρός.
3155 4697 3226 4751 Τὸ
3273 4697 3382 4767 γὰρ
3439 4686 3675 4763 ὑφεστὼς
3716 4689 3794 4731 των

589 4788 737 4841 enim
788 4785 1098 4842 subsistens
1135 4795 1238 4854 est,
1285 4785 1704 4842 subsistentium
1755 4800 1920 4839 causa
1964 4796 2071 4852 est,
2110 4802 2176 4843 ac

593 4877 820 4946 perinde
846 4886 929 4932 est
956 4887 1120 4948 atque
1151 4880 1195 4934 si
1231 4879 1513 4933 diceretur
1541 4896 1555 4932 :
1599 4876 1922 4948 llypostasis
1951 4878 2073 4932 Filii
2109 4894 2176 4935 ex

596 4970 871 5041 hypostasi
919 4970 1098 5026 Patris
1144 4978 1457 5042 generatur,
1509 4971 1626 5026 sive
1681 4969 1852 5023 Filius
1901 4984 1968 5024 ex
2011 4971 2176 5026 Patre

595 5073 699 5117 cst.

1205 5263 1434 5319 CAPUT
1473 5263 1568 5318 IX.

599 5373 752 5438 Quod
772 5370 1148 5446 contradicere
1189 5373 1254 5425 iis
1298 5373 1387 5442 qui
1413 5373 1599 5446 dicunt
1643 5371 1908 5446 Spiritum
1935 5387 2177 5434 sanctum

668 5460 732 5497 ex
758 5443 924 5519 ΔΡιιιηε
956 5439 1204 5519 Filioque
1231 5439 1531 5519 procedere,
1567 5439 1734 5519 coegit
1763 5463 1848 5501 eos
1882 5465 1983 5503 non
2013 5450 2179 5519 conﬁ-

669 5515 768 5566 teri
797 5529 862 5567 ατ
892 5511 1190 5565 substantia
1225 5511 1406 5567 Patris
1438 5531 1545 5567 esse
1578 5511 1798 5572 Filium.

671 5691 801 5759 Quae
849 5691 1014 5764 igitur
1057 5692 1188 5763 ipsis
1236 5709 1341 5750 una
1389 5710 1512 5749 cum
1555 5697 1875 5766 deceptione
1922 5711 2181 5757 crearunt

2277 4789 2609 4862 ὑφεστώτων
2649 4791 2844 4858 αττιον,
2875 4789 2970 4844 καὶ
2999 4791 3185 4860 ὅμοιον
3215 4789 3404 4859 ὥσπερ
3433 4785 3499 4840 ἂν
3526 4785 3570 4836 εἰ
3603 4776 3794 4870 Uir“?!

2291 4884 2356 4937 Ἦ
2383 4884 2476 4937 τοῦ
2509 4883 2639 4937 Υἱοῦ
2670 4884 2965 4944 ὑπόστασις
2997 4883 3060 4934 ὲκ
3091 4882 3189 4952 τῆς
3225 4881 3319 4934 τοῦ
3369 4876 3574 4947 [ἰατρὸς
3609 4872 3798 4924 iam“?
3825 4918 3833 4927 .

2281 4993 2418 5040 σεως
2457 4975 2800 5046 γεννᾶται,“ἢ
2833 4978 2862 5028 ὁ
2892 4975 3020 5038 Υίὸς
3051 4977 3112 5028 ἐκ
3140 4972 3232 5027 τοῦ
3261 4971 3474 5042 Πατρός
3495 4970 3651 5020 ἐστιν.

2874 5263 3127 5317 ΚΕΦΑΛ.
3171 5262 3248 5317 Θ⁹.

2284 5376 2416 5433 Ὀτι
2461 5377 2526 5430 τὸ
2575 5375 2934 5430 ἐνίστασθαι
2986 5375 3138 5442 πρὸς
3188 5375 3326 5437 τοὺς
3373 5367 3436 5450 go
3483 5355 3697 5439 Πνεῦμα
3725 5335 3797 5465 θτδ

2367 5448 2389 5465 "
2493 5463 2523 5465 ί-
2557 5446 2571 5465 ²
2643 5463 2666 5465 -
2713 5445 2738 5456 ’⁸
2946 5446 2958 5465 ι
3029 5445 3114 5465 Α-μι
3151 5442 3403 5465 --ενιςη..
3429 5431 3720 5465 Ᾱυηηηςηεσ
3753 5421 3796 5459 at

2353 5448 2526 5529 ᾄτιον
2545 5446 2613 5499 ἐκ
2636 5445 2751 5529 τοῦ¹
2769 5446 3000 5529 Πᾳτρὸς
3022 5431 3769 5529 icui—1‘06{tetigttjgﬁpfgwg

2353 5493 2656 5587 Ξὲἦέόνξᾶξ
2673 5493 3204 5587 ’,ῖιειὶρ’ἆὲἔᾱᾶέξ”ἰι’ὴ’
3226 5493 3249 5587 ί
3269 5493 3571 5587 eaq-tm?"
3609 5495 3668 5545 ἐκ
3713 5493 3796 5543 της

2356 5578 2571 5653 ateriae
2609 5578 2714 5640 τοῦ
2747 5578 2979 5652 Πατρός
3015 5578 3297 5640 atrociter
3334 5578 3480 5633 Υὶόν.

2365 5705 2430 5756 Ἃ
2462 5703 2559 5771 μὲν
2604 5697 2696 5754 οὖν
2743 5701 2924 5765 αὐτοῖς
2970 5701 3252 5766 ἐνεποίησε
3311 5691 3443 5763 μετά
3493 5683 3584 5748 τῆς
3622 5669 3795 5730 ἀπάτης
