4036 6448
397 245 505 312 90)

1305 248 1403 311 DE
1445 249 1974 312 PROCESSIONE
2023 249 2384 310 SPllllTUS
2425 247 2722 308 SANCTI.

3527 244 3637 309 910

394 364 494 434 τὴν
532 360 760 431 πλάνην,
801 358 974 422 ταῦτά
1036 363 1205 421 ἔστιν.
1253 366 1468 434 Ἤγαγε
1513 366 1572 418 δὲ
1629 365 1826 428 αὐτοὺς
1867 365 1959 417 ἐπὶ

2067 379 2308 419 errorem
2341 366 2456 418 haec
2493 372 2643 426 sunt,
2673 370 2836 431 atque
2869 361 2924 415 in
2957 361 3100 417 lianc
3128 352 3345 428 novam,
3376 371 3434 419 et
3462 363 3638 434 inopi-

396 457 498 526 τὴν
527 454 837 526 παράλογον
863 455 1116 511 ἔνστασιν
1144 456 1372 528 ταύτην,
1402 457 1542 511 ὥστε
1572 458 1648 529 μὴ
1674 457 1960 527 ὁμολογεῖν

393 548 459 600 ικ
489 547 588 614 τῆς
616 545 806 608 οὐσίας
835 545 928 599 τοῦ
968 547 1179 616 Πατρὺς
1211 543 1354 602 εῖναι
1399 546 1492 600 τὸν
1541 546 1694 610 Υίδν,
1726 545 1789 598 sb
1834 544 1964 612 σφό-

392 642 496 710 δρα
538 638 854 692 ἐνίστασθαι
899 639 1037 707 πρὸς
1069 641 1196 703 τοὺς
1232 640 1296 693 sb
1333 639 1562 708 Πνεῦμα
1607 638 1670 691 sb
1711 637 1866 705 ἆγιον
1896 638 1963 689 ὲκ

391 729 488 782 τοῦ
541 728 753 797 Πατρὸς
784 731 880 780 καὶ
924 729 1022 779 τοῦ
1077 728 1210 782 Υίοῦ
1262 727 1663 798 ἐκπορεύεσθαι
1714 724 1964 796 διομολο-

391 820 642 886 γοῦντας.
672 811 831 871 Οὗτοι
859 818 968 888 γὰρ
999 817 1187 886 σαφῶς
1221 818 1287 871 ἐκ
1339 817 1554 871 πολλῶν
1580 816 1757 870 ἀλλων
1782 813 1966 868 πειθό-

393 928 546 984 μενοι
597 910 926 980 βεϐαιότατα
971 909 1032 964 sb
1089 911 1312 979 Πνεῦμα
1341 911 1401 964 sb
1443 911 1600 976 ἅγιον
1649 910 1707 976 ἐξ
1756 910 1964 979 ἀμφοῖν

391 1001 810 1072 ἐκπορεύεσθαι,
844 1003 938 1056 καὶ
982 1002 1048 1072 δὴ
1077 1004 1172 1056 καὶ
1216 1003 1326 1056 ἀπὸ
1358 1002 1552 1056 τούτου
1595 1002 1679 1055 ὅτι
1721 1001 1782 1054 sb
1830 1000 1964 1054 αὐτὸ

391 1097 484 1150 καὶ
513 1094 570 1147 ἓν
599 1094 756 1162 ἀγιον
786 1093 1016 1164 Πνεῦμα
1044 1096 1107 1148 ἐκ
1135 1095 1231 1164 τῆς
1272 1095 1460 1156 οὐσίας
1488 1093 1585 1146 τοῦ
1612 1095 1825 1162 Πατρός
1866 1092 1963 1146 καὶ

388 1187 484 1240 τοῦ
516 1187 647 1240 Υίοῦ
675 1188 792 1248 τοῖς
838 1184 1112 1253 θεολόγοις
1140 1187 1375 1257 εἴρηται,
1401 1185 1700 1240 κάντεῦθεν
1747 1185 1959 1255 ἐπιχειι

393 1279 613 1349 ροῦντες
642 1277 734 1329 καὶ
764 1277 1004 1340 εὐσεϐῶς
1035 1281 1504 1347 συμπεραίνοντες
1533 1279 1597 1330 ὲκ
1623 1277 1719 1331 τοῦ
1749 1276 1966 1347 Πατρὸς

390 1369 487 1422 καὶ
527 1367 622 1421 τοῦ
658 1367 790 1420 Υίοῦ
841 1368 942 1438 τὴν
996 1367 1234 1438 ὓπαρξιν
1281 1369 1448 1438 ἔχειν,
1494 1368 1663 1422 ταυτὸ
1717 1370 1861 1423 κατά
1904 1369 1966 1422 sb

392 1462 626 1530 πρᾶγμα
657 1458 1005 1522 πιστεύοντες
1035 1459 1226 1512 οὐσίαν
1273 1463 1371 1514 καὶ
1419 1462 1744 1526 ὑπόστασιν,
1773 1461 1868 1514 καὶ
1901 1459 1964 1513 sb

387 1553 484 1606 τοῦ
513 1551 728 1621 Πατρὸς
757 1550 926 1622 ὄνομα
956 1551 1144 1604 οὐσίαν
1187 1552 1553 1605 ὲνυπόστατον
1605 1553 1701 1606 καὶ
1747 1551 1966 1622 πρόσω-

391 1661 493 1698 πον
526 1644 836 1713 σημαίνειν,
874 1643 971 1695 οιαὶ
995 1643 1109 1696 ίσον
1140 1643 1437 1714 ἡγούμενοι
1468 1644 1528 1697 τὸ
1549 1643 1614 1696 ἐκ
1642 1645 1741 1714 τῆς
1768 1642 1962 1705 οὐσίας

390 1733 488 1788 τοῦ
522 1734 817 1806 προσώπου
840 1733 919 1805 τῷ
945 1733 1125 1804 λέγειν
1157 1736 1222 1789 ὲκ
1246 1735 1344 1805 τῆς
1373 1735 1746 1800 ὑποστάσεως,
1773 1733 1964 1804 ὥσπερ

391 1825 488 1880 καὶ
534 1825 598 1879 sb
637 1827 732 1879 τὸν
767 1825 893 1880 Υίὺν
944 1828 1010 1880 ὲκ
1058 1826 1157 1898 τῆς
1207 1825 1302 1879 τοῦ
1353 1826 1569 1897 Πατρδς
1615 1825 1964 1887 ὑποστάσεως

393 1919 489 1972 καὶ
521 1918 621 1987 τῆς
653 1919 843 1983 οὐσίας
891 1919 1057 1974 αὐτοῦ
1093 1918 1390 1986 γεννᾶσθαι
1441 1918 1718 1985 λέγεσθαι,
1745 1916 1806 1969 οὐ
1844 1917 1963 1968 δια-

400 2011 585 2080 φέρειν
637 2009 942 2080 ἡγούμεθα.
988 2013 1221 2065 Ἐκεῖνοι
1279 2010 1418 2079 πρὸς
1480 2010 1541 2064 sb
1593 2011 1964 2079 συναγόμενον

395 2099 573 2170 ἀηδῶς
615 2097 853 2170 ἔχοντες,
888 2099 972 2154 ὅτι
1014 2103 1074 2154 οὐ
1126 2099 1430 2170 βούλονται,
1467 2099 1555 2154 ἵνα
1600 2101 1676 2169 μὴ
1720 2100 1962 2168 ἀναγκά-

394 2186 616 2252 ζωνται,
650 2187 908 2260 καθάπερ
959 2189 1021 2242 sb
1073 2189 1165 2243 sbv
1194 2189 1322 2242 Υίδν
1371 2190 1435 2242 ὲκ
1478 2191 1578 2259 τῆς
1609 2187 1705 2244 τοῦ
1747 2190 1964 2260 Πατρὸς

392 2272 534 2339 εἶναι
564 2277 940 2344 ὑποστάσεως,
960 2281 1058 2336 καὶ
1085 2280 1146 2334 sb
1173 2281 1238 2334 ὲκ
1269 2279 1372 2349 τῆς
1399 2281 1593 2344 οὐσίας
1619 2281 1788 2335 αὐτοῦ
1824 2282 1966 2352 πρὸς

391 2366 598 2438 ἀλληλα
665 2369 765 2438 οὐχ
827 2369 1109 2440 ἡγούμεθα
1157 2370 1476 2442 διαφέρειν,
1533 2369 1680 2425 οὕτω
1737 2371 1836 2426 καὶ
1899 2371 1962 2424 sb

397 2457 619 2530 Πνεῦμα
651 2459 713 2512 sb
749 2458 903 2528 ἀγιον
943 2460 1010 2514 ὲκ
1046 2463 1145 2531 τῆς
1188 2461 1540 2525 ὑποστάσεως
1586 2462 1680 2516 τοῦ
1708 2460 1838 2517 Υίοῦ
1867 2459 1965 2516 καὶ

395 2552 493 2621 τῆς
518 2550 709 2614 οὐσίας
735 2551 903 2605 αὐτοῦ
931 2551 1112 2620 λέγειν
1140 2545 1282 2606 εἶναι
1303 2551 1624 2622 ἀδιάφορον,
1667 2551 1963 2607 κάντεῦθεν

399 2641 537 2711 μετά
567 2641 660 2695 τοῦ
691 2641 906 2714 Πατρδς
933 2643 1026 2696 τὸν
1058 2642 1188 2696 Υἱδν
1217 2643 1276 2697 ἓν
1307 2645 1402 2696 τοῦ
1433 2641 1755 2712 Πνεύματος
1787 2643 1964 2698 αἴτιον

393 2730 870 2802 συνομολογοῦσιν,
921 2731 982 2786 οὐ
1034 2750 1167 2801 φασι
1212 2734 1304 2787 τὸν
1345 2733 1476 2788 Υίδν
1522 2735 1588 2788 ἐκ
1627 2733 1730 2804 τῆς
1777 2733 1964 2799 οὐσίας

393 2816 535 2874 εἶναι
587 2823 684 2875 τοῦ
722 2822 957 2893 Πατρός,
989 2825 1052 2876 ἐκ
1103 2821 1162 2876 δὲ
1215 2824 1314 2892 τῆς
1363 2823 1718 2886 ὑποστάσεως
1777 2824 1960 2893 μόνον,

394 2912 550 2983 κακῷ
584 2913 646 2966 sb
695 2915 871 2968 κακὸν
911 2915 1154 2984 ἰώμενοι,
1197 2916 1298 2984 τὴν
1344 2915 1446 2986 μὲν
1488 2917 1677 2970 οὐσίαν
1718 2915 1861 2969 κατὰ
1901 2916 1964 2968 sb

393 3003 630 3072 πρᾶγμα
659 3003 757 3072 τῆς
786 3003 1143 3069 ὑποστάσεως
1183 3006 1374 3076 ἕτερον
1409 3007 1708 3076 τιθέμενοι,
1737 3007 1955 3070 πολλοῖς
1991 3040 2034 3098 c

393 3097 449 3148 δὲ
498 3095 720 3158 ἀτόποις
763 3095 1095 3167 ὲνεχόμενοι.
1153 3098 1214 3152 Εἰ
1265 3099 1330 3168 δὴ
1391 3098 1642 3168 φαίνεται
1697 3099 1964 3168 θεωροῦσι

395 3187 568 3242 πολλά
614 3186 714 3258 μὲν
759 3187 824 3240 ὲκ
863 3187 1054 3242 τούτου
1097 3189 1430 3258 συνάγεσθαι
1477 3189 1678 3256 ἄτοπα,
1705 3189 1880 3244 πολλά
1907 3189 1964 3242 δὲ

394 3278 504 3332 τῶν
546 3278 998 3349 ὁμολογουμένων
1053 3279 1424 3349 ἀναιρεῖσθαι,
1484 3281 1580 3334 καὶ
1637 3283 1788 3344 ὅπως
1836 3281 1965 3336 ἀλλο

395 3371 552 3426 οὐσία
597 3372 693 3425 καὶ
727 3372 853 3426 ἄλλο
893 3371 1190 3436 ὑπόστασις
1236 3373 1474 3443 εἴρηται,
1504 3374 1537 3444 ἦ
1573 3390 1633 3426 τε
1683 3374 1840 3427 οὐσία
1871 3375 1967 3426 καὶ

397 3463 699 3527 ὑπόστασις
750 3463 846 3518 καὶ
890 3466 925 3534 ή
973 3464 1174 3535 ἰδιότης
1213 3464 1381 3518 ταυτὺ
1429 3465 1571 3519 κατά
1617 3467 1678 3518 τὸ
1729 3466 1968 3536 πρᾶγμά

397 3558 536 3620 ἔστι,
567 3537 665 3610 ἷιαὶ
689 3557 774 3609 ὅτι
802 3555 866 3608 sb
899 3556 965 3609 ὲκ
1003 3557 1100 3627 τῆς
1135 3555 1326 3618 οὐσίας
1355 3557 1452 3609 τοῦ
1485 3557 1702 3626 Πατρὸς
1741 3557 1856 3608 ἴσον
1887 3555 1966 3625 τῷ

395 3650 460 3704 ὲκ
513 3649 614 3718 τῆς
669 3648 1028 3711 ὑποστάσεως
1086 3647 1277 3712 αὐτοῦ,
1334 3648 1420 3701 ἵνα
1479 3649 1555 3719 μὴ
1601 3649 1683 3711 είς
1731 3648 1968 3712 ἀτόπους

397 3739 810 3811 ὲκκυλισθῶμεν
853 3739 1086 3806 ἑννοίας,
1113 3740 1352 3812 φανερὸν
1406 3741 1501 3794 καὶ
1535 3741 1594 3793 sb
1628 3741 1692 3794 ὲκ
1737 3741 1838 3809 τῆς
1885 3741 1969 3792 οὐ-

398 3835 522 3899 σίας
548 3831 643 3890 τοῦ
680 3832 810 3888 Υίοῦ
845 3833 1040 3887 ταυτὸν
1085 3828 1228 3888 εἶναι
1273 3834 1350 3901 τῷ
1377 3834 1441 3886 έκ
1470 3833 1571 3904 τῆς
1611 3833 1967 3899 ὑποστάσεως

396 3923 559 3978 αὐτοῦ
582 3939 597 3955 υ
628 3923 723 3977 καὶ
779 3921 934 3976 οὐδὲν
983 3921 1184 3976 ἀτοπον
1237 3923 1350 3986 τοῖς
1397 3922 1462 3976 ἐκ
1497 3923 1592 3975 τοῦ
1624 3922 1839 3993 Πατρὸς
1873 3922 1971 3975 καὶ

398 4015 531 4069 Υίοῦ
561 4015 622 4068 sb
649 4015 797 4069 θεῖον
826 4013 1055 4084 Πνεῦμα
1093 4013 1193 4084 τὴν
1220 4013 1458 4085 ὓπαρξιν
1500 4013 1646 4084 ἔχειν
1676 4013 1972 4083 ὀμολόγοῦ·

401 4124 482 4162 σιν
535 4105 838 4160 ἀκολουθεῖ.
895 4105 1020 4168 Τοῖς
1097 4105 1206 4176 γὰρ
1276 4105 1433 4158 τοῦτο
1485 4105 1843 4176 ἀρνουμένοις
1900 4104 1970 4158 τά

401 4203 777 4274 προειρημένα
820 4201 997 4257 ἀτοπα
1025 4201 1242 4254 ἕπεται.
1279 4201 1395 4255 Οὐκ
1425 4200 1491 4254 ἂν
1526 4199 1585 4252 δὲ
1627 4199 1786 4253 τοῦτο
1817 4200 1973 4253 συνέ-

400 4291 602 4358 ϐαινεν,
625 4293 676 4344 sl
702 4289 781 4361 μὴ
809 4289 870 4342 sb
896 4289 1285 4358 ὑποτιθέμενον
1313 4289 1514 4342 ἄτοπον
1539 4286 1634 4342 καὶ
1664 4287 1858 4357 ψεῦδος
1878 4282 1967 4357 ἦν.

2067 464 2249 510 natam
2281 455 2596 510 instantiam
2628 468 2730 511 eos
2763 453 3000 519 induxit,
3035 463 3096 508 ut
3129 469 3237 510 non
3271 455 3638 513 confiteantur

2065 562 2132 602 ex
2174 547 2482 602 substantia
2512 546 2689 600 Patris
2713 559 2836 600 esse
2870 544 3092 610 Filium,
3115 546 3260 614 quod
3287 547 3444 602 valde
3469 563 3641 618 oppu-

2063 645 2296 707 gnarent
2313 651 2410 690 eos
2431 636 2522 705 qui
2551 635 2814 704 Spiritum
2843 645 3094 690 sanctum
3118 651 3184 691 ex
3207 637 3368 693 Patre
3389 637 3639 708 Filioque

2064 725 2364 796 procedere
2414 725 2706 778 afﬁrmant.
2763 725 2829 778 Hi
2876 727 3022 780 enim
3070 726 3359 782 manifeste
3405 743 3530 782 cum
3572 743 3640 782 ex

2065 817 2253 871 multis
2272 817 2392 870 aliis
2418 815 2666 883 adducti,
2687 823 2749 870 ut
2773 815 3088 872 firmissime
3112 818 3356 884 credant,
3376 817 3639 889 Spiritum

2064 913 2312 958 sanctum
2343 919 2410 959 ex
2437 903 2705 959 ambobus
2727 905 3046 974 procedere,
3077 909 3190 960 tum
3221 908 3386 962 etiam
3421 923 3485 962 ex
3513 908 3638 973 hoc,

2064 997 2210 1066 quod
2249 995 2392 1050 idem
2434 1006 2490 1051 et
2518 1011 2660 1050 unus
2702 1005 2927 1052 sanctus
2959 997 3202 1067 Spiritus
3235 1013 3301 1053 ex
3333 999 3640 1054 substantia

2066 1085 2244 1140 Patris
2272 1095 2327 1140 et
2356 1086 2476 1140 Filii
2504 1102 2532 1138 a
2567 1086 2832 1156 theologis
2865 1087 3045 1142 dictus
3078 1089 3169 1144 sit.
3202 1087 3442 1159 Indeque
3480 1106 3642 1160 argu-

2065 1184 2391 1237 mentantes,
2423 1177 2510 1244 pie
2543 1176 2891 1239 concludent,
2920 1193 2982 1230 ex
3024 1177 3182 1232 Patre
3218 1177 3463 1248 Filioque
3493 1181 3640 1236 exsi-

2065 1268 2321 1322 stentiam
2347 1267 2578 1333 habere;
2615 1269 2756 1322 idem
2795 1272 3099 1323 secundum
3132 1286 3242 1325 rem
3275 1273 3638 1328 substantiam

2065 1366 2121 1410 et
2150 1357 2483 1427 liypostasim
2507 1359 2813 1423 credentes,
2843 1373 2899 1413 et
2935 1375 3132 1416 nomen
3169 1363 3346 1417 Patris
3383 1364 3642 1418 substan-

2067 1450 2195 1504 tiam
2242 1449 2628 1504 subsistentem
2672 1461 2729 1506 et
2773 1465 3062 1520 personam
3112 1453 3437 1522 signiﬁcare,
3477 1467 3642 1524 atque

2065 1543 2275 1612 aequale
2306 1543 2634 1598 arbitrantes
2659 1558 2804 1606 esse,
2827 1545 2873 1598 si
2904 1546 3027 1614 quis
3050 1545 3272 1611 dixerit,
3291 1563 3355 1601 ex
3385 1549 3642 1604 substan-

2068 1638 2142 1692 tia
2191 1650 2463 1705 personae,
2505 1644 2561 1690 et
2605 1650 2672 1690 ex
2718 1636 3015 1707 liypostasi.
3061 1637 3533 1704 Quemadmodum
3585 1649 3642 1696 et

1997 1711 2038 1767 Β
2065 1725 2238 1780 Filius
2277 1742 2344 1780 ex
2398 1726 2678 1796 hypostasi
2727 1727 2927 1794 Patris,
2975 1737 3030 1783 et
3061 1743 3125 1782 ex
3171 1731 3291 1800 ejus
3334 1731 3642 1788 substantia

2067 1816 2316 1888 generari
2351 1817 2396 1872 si
2435 1816 2671 1882 dicatur,
2702 1818 2840 1872 nihil
2873 1817 3094 1873 differre
3127 1819 3525 1874 existimamus.
3557 1821 3640 1876 llli

2066 1910 2475 1965 conclusionem
2497 1925 2637 1980 agre
2653 1911 2914 1977 ferentes,
2934 1927 3098 1981 quam
3117 1913 3347 1979 nollent,
3368 1931 3435 1970 ne
3451 1930 3643 1985 quem-

2063 1999 2360 2054 admodum
2411 1999 2613 2055 Filium
2653 2015 2775 2056 esse
2819 2015 2887 2055 ex
2929 2001 3206 2072 hypostasi
3255 2003 3450 2067 Patris,
3479 2014 3536 2059 et
3570 2020 3642 2058 ex

2065 2090 2374 2149 substantia
2399 2091 2519 2160 ejus
2542 2091 2687 2144 inter
2706 2106 2765 2145 se
2796 2091 3015 2147 diﬂ'erre
3040 2107 3148 2147 non
3178 2093 3534 2156 arbitramur,
3567 2095 3643 2149 ita

2065 2181 2230 2236 etiam
2283 2191 2549 2252 cogantur
2593 2181 2917 2237 indifferens
2962 2196 3086 2237 esse
3131 2182 3318 2239 dicere
3373 2183 3642 2255 Spiritum

2065 2283 2315 2330 sanctum
2331 2288 2396 2329 ex
2417 2273 2695 2344 hypostasi
2719 2273 2932 2339 Filii,et
2945 2288 3014 2328 ex
3037 2274 3340 2330 substantia
3356 2275 3478 2346 ejus
3496 2291 3638 2344 esse,

2065 2367 2305 2436 indeque
2343 2381 2452 2420 una
2486 2380 2610 2420 cum
2645 2365 3036 2421 Patre.Filium
3061 2384 3224 2422 unam
3256 2382 3378 2424 esse
3417 2384 3642 2426 causam

2065 2458 2370 2514 concedant
2393 2468 2448 2512 et
2469 2457 2766 2524 fateantur,
2793 2468 2994 2528 negant
3014 2458 3214 2514 Filium
3235 2474 3304 2514 ex
3328 2459 3639 2517 substantia

2065 2565 2186 2606 esse
2223 2550 2434 2616 Patris,
2475 2549 2571 2605 sed
2618 2557 2831 2604 tantum
2875 2565 2944 2606 ex
2994 2551 3294 2623 hypostasi,
3338 2552 3642 2609 absurdum

2064 2640 2304 2696 absurdo
2338 2651 2616 2707 curantes,
2647 2641 2781 2695 dum
2806 2640 3167 2697 substantiam
3198 2643 3502 2698 secundum
3527 2660 3642 2700 rem

2065 2731 2214 2786 aliud
2233 2747 2355 2788 esse
2379 2732 2449 2788 ab
2477 2731 2758 2802 bypostasi
2781 2742 3016 2802 ponunt.
3034 2733 3219 2791 Multis
3245 2743 3428 2791 autem
3450 2737 3647 2792 absur-

2065 2825 2154 2880 dis
2183 2833 2314 2880 sunt
2342 2824 2632 2894 implicati.
2675 2823 2943 2890 Quoniam
2971 2835 3198 2896 apparet
3247 2827 3642 2883 consideranti-

2065 2917 2189 2982 bus,
2220 2917 2366 2987 quod
2391 2918 2561 2972 multa
2592 2932 2660 2971 ex
2687 2917 2793 2972 hoc
2824 2917 3152 2988 colligantur
3181 2917 3448 2984 absurda,
3474 2920 3644 2976 multa
3750 2954 3765 2969 .

2067 3023 2202 3063 vero
2235 3023 2356 3078 quae
2387 3017 2516 3062 sunt
2560 3008 2616 3062 in
2663 3007 2914 3063 confesso
2965 3009 3253 3078 tollantur;
3297 3019 3355 3066 et
3401 3026 3643 3081 quonam

2067 3103 2230 3155 modo
2283 3099 2431 3155 aliud
2473 3101 2545 3154 sit
2586 3099 2917 3164 substantia,
2963 3099 3115 3154 aliud
3159 3101 3646 3171 verobypostasis

2067 3192 2276 3248 dictum
2307 3200 2409 3247 est.
2451 3189 2608 3257 Quod
2651 3190 2814 3246 etiam
2861 3191 3186 3257 substantia,
3217 3199 3273 3246 et
3313 3192 3644 3262 liypostasis,

2067 3291 2231 3352 atque
2265 3281 2592 3350 proprietas,
2623 3280 2768 3335 idem
2793 3291 2879 3336 est
2905 3281 3206 3336 secundum
3236 3297 3382 3350 rem;
3413 3295 3470 3337 et
3497 3283 3645 3353 quod

2070 3373 2204 3428 illud
2237 3389 2306 3428 ex
2347 3373 2658 3428 substantia
2687 3372 2885 3438 Patris,
2927 3372 3274 3442 atquipolleat
3301 3373 3350 3428 ei
3383 3375 3531 3444 quod
3561 3386 3647 3430 cst

2068 3480 2135 3520 ex
2179 3464 2459 3535 liypostasi
2509 3463 2701 3533 ipsius,
2731 3479 2824 3520 .ne
2872 3465 2926 3518 in
2972 3464 3240 3521 absurdas
3285 3467 3646 3536 cogitationes

2071 3558 2446 3611 devolvamur.
2499 3555 2722 3610 Clarum
2767 3563 2866 3632 est
2897 3566 2953 3611 et
3002 3557 3158 3623 illud,
3213 3574 3283 3612 ex
3336 3561 3646 3616 substantia

2073 3647 2220 3711 Filii,
2250 3646 2393 3702 idem
2425 3660 2564 3709 esse,
2590 3645 2734 3714 quod
2767 3661 2831 3699 ex
2865 3647 2983 3716 ejus
3017 3649 3322 3718 hypostasi,
3344 3665 3408 3705 ac
3434 3652 3645 3705 nullum

2071 3738 2370 3792 absurdum
2404 3733 2656 3803 sequitur
2681 3749 2778 3790 eos
2807 3737 2902 3804 qui
2944 3751 3010 3790 ex
3039 3736 3200 3791 Patre
3236 3737 3484 3807 Filioque
3513 3739 3650 3792 divi-

2073 3843 2205 3882 num
2225 3825 2488 3896 Spiritum
2514 3825 2891 3880 exsistentiam
2919 3826 3118 3880 habere
3144 3827 3406 3883 fatentur.
3432 3829 3646 3900 Quippe

2071 3931 2168 3972 eos
2205 3916 2299 3986 qui
2333 3917 2438 3971 hoc
2483 3915 2798 3970 inficiantur
2839 3915 3098 3985 pradicta
3127 3917 3362 3972 absurda
3399 3934 3644 3993 sequun-

2074 4015 2186 4062 tur.
2219 4006 2338 4068 Non
2379 4015 2562 4060 autem
2591 4005 2644 4059 id
2675 4005 3035 4075 contingeret,
3067 4006 3170 4060 nisi
3201 4005 3347 4076 quod
3385 4009 3649 4078 supponi-

2075 4106 2166 4152 tur
2196 4095 2496 4152 absurdum
2525 4104 2584 4151 et
2613 4095 2809 4150 falsum
2842 4104 3009 4150 esset.
3043 4094 3114 4150 Ut
3141 4097 3290 4151 enim
3322 4098 3649 4156 universalis

2077 4186 2246 4243 tradit
2277 4188 2485 4258 regula,
2515 4187 2670 4252 illud,
2705 4201 2816 4257 quo
2853 4186 3034 4256 posito
3068 4189 3320 4258 sequitur
3344 4189 3646 4245 absurdum

2075 4281 2296 4351 aliquod
2323 4289 2380 4335 et
2412 4279 2632 4346 falsum,
2660 4287 2718 4334 et
2757 4278 2936 4348 ipsum
2968 4279 3239 4350 ejusmodi
3265 4291 3370 4338 est.
3396 4282 3454 4338 Si
3483 4283 3650 4352 igitur

409 4383 497 4447 Ὦς
528 4384 639 4454 γὰρ
664 4383 693 4436 ὁ
721 4380 954 4436 καθόλου
999 4379 1333 4449 παραδίδωσι
1379 4380 1560 4448 λόγος,
1595 4376 1806 4444 οὗτινος
1838 4381 1967 4433 ὑπο-

2073 4373 2168 4442 qui
2205 4388 2272 4427 ex
2320 4371 2626 4428 substantia
2658 4371 2836 4426 Patris
2873 4386 2996 4426 esse
3040 4371 3260 4436 Filium,
3290 4381 3346 4428 et
3375 4388 3481 4428 una
3521 4388 3650 4429 cum

396 4475 640 4536 τεθέντος
680 4473 882 4528 ἀτοπον
912 4471 1008 4527 καὶ
1031 4471 1226 4540 ψεῦδος
1258 4472 1475 4534 ἕπεται,
1512 4473 1607 4526 καὶ
1637 4472 1770 4526 αὐτὸ
1792 4471 1972 4525 τοιοῦ-

394 4563 487 4617 τόν
515 4564 683 4619 ἐστιν.
718 4562 781 4616 El
831 4561 931 4631 μὲν
969 4555 1064 4614 οὖν
1099 4560 1128 4612 ὁ
1164 4560 1224 4614 sb
1259 4562 1323 4613 ὲκ
1368 4562 1468 4630 τῆς
1497 4561 1687 4624 οὐσίας
1724 4561 1818 4613 τοῦ
1855 4561 1971 4613 Πα-

396 4657 534 4725 τρὸς
569 4649 708 4708 εἶναι
760 4652 852 4706 τδν
882 4653 1011 4706 Υίὸν
1065 4653 1202 4722 μετά
1250 4650 1346 4704 τοῦ
1392 4653 1458 4704 ὲκ
1501 4652 1600 4722 τῆς
1646 4651 1834 4715 οὐσίας
1875 4650 1969 4706 τοῦ

399 4745 611 4817 Ιιατρδς
664 4743 756 4797 καὶ
805 4741 899 4796 τοῦ
950 4738 1082 4795 Υίοῦ
1131 4735 1273 4795 εἶναι
1325 4739 1387 4793 sb
1435 4740 1658 4810 Πνεῦμα
1703 4741 1764 4794 τὸ
1814 4742 1971 4810 ἀγιον

399 4836 733 4908 ἀρνούμενος
776 4833 1201 4904 συναπαρνετται
1255 4830 1346 4895 καὶ
1391 4831 1452 4884 sb
1505 4833 1568 4884 ὲκ
1615 4829 1710 4884 τοῦ
1759 4831 1973 4902 Πατρὸς

399 4931 493 4984 καὶ
534 4928 628 4984 τοῦ
672 4925 803 4980 Υίοῦ
846 4925 943 4997 τὴν
988 4923 1222 4997 ὓπαρξιν
1253 4923 1401 4993 ἔχειν
1443 4923 1505 4975 sb
1535 4923 1691 4991 ἆγιον
1725 4923 1970 4995 Πνεῦμα,

401 5019 713 5090 παράλογος
769 5015 868 5087 μὲν
894 5015 961 5068 ἂν
1011 5016 1099 5084 εἴη
1148 5014 1270 5068 κατ’
1307 5014 1493 5067 ἐκεῖνα
1524 5013 1632 5067 τῶν
1669 5013 1898 5083 θηρίων,
1938 5012 1974 5066 ἀ

400 5111 748 5183 πληττόμενα
803 5107 1002 5179 μᾶλλον
1033 5106 1125 5159 ἐπὶ
1153 5105 1215 5159 τὸ
1254 5105 1408 5175 ξίφος
1438 5105 1628 5169 ῐενται,
1666 5105 1780 5174 ἔχοι
1823 5105 1867 5157 δ’
1907 5107 1972 5159 ἄν

399 5223 522 5259 τινα
567 5205 665 5272 τὴν
714 5201 1061 5272 παραίτησιν,
1119 5198 1333 5268 ψυχράν
1380 5198 1563 5267 μέντοι
1618 5197 1711 5249 καὶ
1762 5196 1973 5248 ἐπικίν-

401 5298 556 5352 δυνον
585 5294 752 5350 διὰτὸ
783 5294 882 5365 τῆς
914 5291 1201 5361 συνηθείας
1228 5290 1443 5358 ἄλογον.

474 5391 537 5444 Εἰ
594 5389 652 5444 δέ
698 5407 783 5452 τις
833 5389 896 5442 sb
949 5391 1015 5442 ὲκ
1067 5385 1162 5440 τοῦ
1201 5386 1413 5455 Πατρδς
1455 5386 1548 5437 καὶ
1592 5383 1684 5438 τοῦ
1733 5383 1863 5438 Υἱοῦ
1913 5385 1974 5437 sb

406 5480 630 5551 Πνεῦμα
663 5479 724 5532 sb
752 5479 906 5548 ἅγιον
933 5479 1212 5549 ὁμολογῶν
1241 5475 1660 5547 ἐκπορεύεσθαι,
1687 5476 1746 5529 τὸ
1772 5477 1838 5530 ὲκ
1874 5477 1974 5546 τῆς

403 5572 592 5636 οὐσίας
633 5570 729 5625 τοῦ
771 5572 985 5642 Πατρὸς
1025 5575 1120 5626 καὶ
1149 5571 1242 5626 τοῦ
1285 5571 1418 5625 Υἱοῦ
1449 5569 1582 5624 αὐτὸ
1613 5566 1780 5635 εἶναι,
1815 5570 1849 5640 ἢ
1881 5569 1975 5623 sbv

407 5662 540 5716 Υίὺν
575 5663 641 5716 ἐκ
662 5663 760 5732 τῆς
794 5664 980 5727 οὐσίας
1018 5661 1114 5716 τοῦ
1140 5663 1355 5734 Πατρὸς
1389 5660 1686 5748 γεννᾶσθαι
1711 5661 1975 5733 ἀπαρνεῖ-

2077 4465 2184 4518 hoc
2211 4477 2277 4517 ex
2308 4462 2617 4518 substantia
2643 4462 2823 4518 Patris
2847 4471 2902 4517 et
2934 4461 3054 4516 Filii
3080 4478 3198 4518 esse
3231 4461 3495 4532 Spiritum
3521 4479 3650 4519 san-

2073 4564 2224 4611 ctum
2273 4564 2454 4626 negat,
2497 4554 2658 4609 simul
2705 4555 2872 4608 etiam
2905 4563 3069 4623 negat
3113 4570 3177 4610 ex
3209 4554 3370 4610 Patre
3403 4555 3651 4626 Filioque

2074 4655 2326 4704 sanctum
2401 4645 2664 4713 Spiritum
2731 4646 3110 4701 exsistentiam
3179 4647 3400 4713 habere,
3457 4649 3649 4718 utique

2074 4749 2228 4795 extra
2258 4738 2526 4793 terminos
2553 4736 2752 4804 fertur,
2785 4739 3016 4807 perinde
3043 4748 3208 4810 atque
3240 4740 3345 4796 illa;
3385 4743 3517 4800 fera:
3555 4744 3653 4800 be-

2075 4831 2215 4898 stiae,
2252 4846 2374 4900 quae
2409 4845 2679 4900 percussa:
2711 4830 2890 4901 gladio
2924 4846 2983 4887 se
3017 4832 3510 4904 magisobjiciunt.
3545 4836 3649 4891 Ha-

2078 4924 2273 4978 berent
2328 4930 2512 4976 autem
2564 4921 2858 4990 quamdam
2915 4924 3349 4988 excusationem,
3397 4926 3652 4999 frigidam

2077 5022 2281 5077 tamen,
2311 5021 2476 5079 atque
2508 5011 2873 5080 periculosam
2903 5010 2973 5066 ob
3008 5011 3383 5070 irrationalem
3417 5030 3651 5072 consue-

2075 5105 2339 5159 tudinem.

2148 5383 2219 5440 At
2249 5400 2380 5439 vero
2405 5384 2449 5439 si
2483 5383 2608 5454 quis
2637 5399 2704 5438 ex
2742 5382 2902 5438 Patre
2939 5382 3185 5452 Filioque
3227 5384 3492 5455 Spiritum
3526 5400 3649 5439 san-

2079 5487 2228 5534 ctum
2257 5478 2556 5547 procedere
2587 5476 2934 5541 confiteatur,
2963 5492 3030 5531 ex
3057 5477 3358 5533 substantia
3389 5479 3563 5533 Patris
3588 5493 3653 5533 ac
3751 5471 3770 5484 ⁵
3835 5495 3861 5516 δ

2079 5571 2203 5627 Filii
2232 5585 2358 5628 eum
2388 5585 2531 5638 esse,
2562 5569 2649 5624 vel
2680 5569 2878 5624 Filium
2917 5585 2984 5626 ex
3013 5569 3320 5626 substantia
3346 5571 3525 5625 Patris
3554 5583 3651 5639 ge-

2081 5660 2266 5719 nerari
2301 5668 2485 5730 neget.
2531 5658 2877 5728 alterutrum,
2923 5658 3026 5716 iste
3057 5659 3180 5715 talis
3212 5659 3296 5714 vel
3324 5658 3649 5714 Arianorum
