4036 6472
331 257 437 324 911

1609 250 1990 315 DEMETRII
2032 251 2119 313 CY
2130 250 2281 311 1)οΝ
2290 253 2349 312 Il

3488 253 3601 321 912

329 374 528 433 morbo
564 382 771 430 temere
815 371 1057 438 laborat,
1088 380 1149 426 ut
1197 378 1481 427 ostensum
1529 380 1638 435 est,
1680 381 1919 438 cumque

2026 386 2130 432 ται,
2163 370 2307 423 δυοῖν
2357 370 2586 442 θάτερον
2613 371 2643 423 6
2671 369 2936 437 τοιοῦτος,
2978 372 3011 442 ἢ
3042 370 3112 425 τά
3156 369 3267 427 τῶν
3304 369 3605 441 Ἀρειανῶν

330 486 457 526 cum
502 470 706 538 pudeat
733 465 1008 522 manifesti
1041 463 1270 520 absurdi
1317 478 1417 532 per
1463 462 1624 517 aliam
1657 463 1800 517 viam
1845 461 1914 517 ad

330 561 476 617 idem
509 558 725 614 tendit:
757 559 842 613 vel
871 558 1100 612 omnino
1129 554 1332 612 stultus
1359 566 1465 621 est,
1497 555 1915 626 quomodocun-

329 669 439 724 que
466 667 599 708 vero
625 667 714 709 res
742 665 801 707 se
832 650 1109 716 habuerit,
1137 648 1392 704 falsitatis
1413 648 1600 704 evadit
1637 647 1915 719 magister.

955 849 1180 906 CAPUT
1217 848 1286 904 X.

331 948 476 1014 Quas
498 946 732 1012 tandem,
752 963 868 1017 qua:
884 944 1456 1017 videnturogjectiones
1479 960 1590 1000 esse
1610 947 1915 1017 prmcipute,

397 1021 467 1074 iis
488 1018 746 1083 inferant,
764 1015 861 1087 ‘qui
885 1031 949 1070 ea:
970 1015 1136 1087 Patre
1164 1015 1411 1087 Filioque
1434 1015 1717 1085 procedere
1742 1020 1916 1081 aiunt,

399 1099 448 1144 et
481 1090 712 1159 primum
748 1085 812 1141 ea:
841 1085 1412 1151 consubstantialitate,
1441 1095 1600 1157 atque
1632 1087 1920 1144 solutiones

399 1158 705 1229 hujusmodi
739 1159 1028 1213 rationum.

397 1268 671 1325 Cancrum
700 1269 802 1322 hoc
832 1268 955 1323 loco
989 1265 1115 1337 quis
1152 1266 1353 1321 horum
1383 1267 1699 1338 elegantum
1741 1268 1919 1323 homi-

326 1376 461 1416 num
511 1359 849 1429 objectiones
893 1357 1069 1413 ferat?
1116 1356 1415 1428 Opponunt
1455 1358 1628 1423 enim,
1672 1360 1820 1429 quod
1871 1361 1920 1416 si

329 1459 623 1522 propterea
650 1450 891 1521 Spiritus
925 1458 1154 1506 sanctus
1179 1460 1266 1507 est
1296 1464 1362 1505 ex
1397 1449 1704 1507 substantia
1740 1451 1920 1507 Patris

326 1554 383 1601 et
427 1543 572 1610 Filii,
619 1542 765 1623 quod
800 1543 966 1599 Pater
1008 1552 1065 1599 et
1104 1542 1279 1600 Filius
1316 1558 1427 1600 non
1473 1544 1548 1600 sit
1590 1545 1919 1607 substantia.

324 1639 577 1709 profecto
638 1636 949 1691 secundum
1004 1634 1256 1690 eamdem
1310 1635 1605 1703 rationem,
1653 1638 1918 1707 quoniam

2021 460 2256 530 ἀλόγως,
2279 461 2356 527 ὡς
2384 463 2675 531 δέδεικται,
2706 465 2878 527 νοσεῖ,
2914 462 3054 532 πρὸς
3105 464 3207 533 μὲν
3261 463 3325 517 τὸ
3362 464 3602 535 pavitva

2018 553 2223 607 ἄτοπον
2251 553 2669 624 αἰσχυνόμενος,
2715 554 2786 608 δι’
2838 555 3036 627 ἑτέρας
3084 554 3142 609 δὲ
3186 553 3328 626 πρὸς
3364 555 3429 608 τὸ
3472 555 3604 609 αὐτὸ

2021 639 2327 710 φερόμενος
2350 655 2365 671 ο
2402 638 2437 711 ἢ
2485 639 2836 696 παντάπασιν
2883 643 3115 713 μάταιός
3161 643 3334 698 ἔστιν.
3374 641 3604 697 Ὃποτέ-

2022 747 2131 801 ρως
2167 731 2213 786 δ’
2242 732 2310 787 ἀν
2341 731 2478 804 ἔχοι,
2514 732 2610 789 τοῦ
2642 733 2877 806 ψεύδους
2900 735 3228 801 διδάσκαλος
3253 735 3489 806 γίνεται.

2624 849 2882 904 ΚΕΦΔΛ.
2936 847 2994 905 1'.

2025 935 2201 1010 Τίνας
2249 937 2397 992 ποτὲ
2459 939 2772 1010 δοκούσας
2826 939 3168 1009 ἀντιθέσεις
3223 941 3607 1010 καιριωτέίας

2090 1007 2217 1080 τοῖς
2266 1010 2337 1062 ἐκ
2384 1009 2494 1064 τοῦ
2551 1007 2784 1080 Πατρός
2829 1011 2928 1066 καί
2985 1011 3126 1067 Υιοῦ
3144 1007 3607 1080 ἐκπορεύεσθαι

2089 1078 2387 1164 ,ζέγουσιις
2453 1078 2790 1164 ἐπάγουσι,
2816 1081 2940 1164 ,καί
3005 1081 3246 1164 πρῶτον
3289 1078 3427 1164 ,ἀπὸ
3492 1080 3608 1152 τῆς

2093 1151 2586 1219 ὀμοουσιότητος,
2621 1151 2721 1205 καὶ
2752 1152 2971 1220 λύσεις
2992 1151 3112 1207 τῶν
3143 1154 3449 1208 τοιούτων.

2106 1265 2247 1319 Ἀλλ’
2274 1267 2511 1321 ἐνταῦθα
2553 1268 2640 1331 τίς
2671 1268 2740 1324 ἂν
2768 1268 2880 1325 τῶν
2911 1268 3139 1341 κομψῶν
3172 1270 3274 1334 τὰς
3300 1271 3607 1335 ἀντιθέσεις

2022 1357 2277 1426 ἑνέγκαι;
2337 1359 2701 1416 Ἀντιτιθέασι
2756 1362 2902 1432 γὰρ.
2962 1362 3039 1426 ὡς
3100 1364 3153 1416 εί
3208 1362 3298 1418 διά
3353 1363 3416 1417 τὸ
3474 1364 3608 1434 μίαν

2020 1449 2212 1503 οὐσίαν
2251 1441 2394 1505 εῖναι
2446 1451 2537 1505 τὸν
2576 1452 2801 1524 Πατέρα
2852 1454 2950 1509 καὶ
2983 1454 3080 1509 τὸν
3115 1454 3268 1519 Υίὸν,
3295 1455 3361 1509 ἐκ
3388 1456 3484 1527 τῆς
3510 1456 3606 1510 οὐ·

2023 1537 2143 1602 σίας
2199 1539 2296 1594 τοῦ
2356 1542 2572 1614 Πατρὸς
2626 1544 2723 1599 καὶ
2783 1543 2879 1598 τοῦ
2932 1545 3065 1601 Υἱοῦ
3120 1541 3265 1601 εἶναι
3322 1546 3384 1601 τὸ
3443 1546 3606 1617 ἀγιον

2022 1633 2274 1705 Πνεῦμα,
2320 1637 2468 1695 κατὰ
2516 1637 2611 1692 τὸν
2665 1639 2836 1694 αὑτὸν
2879 1640 3055 1712 δήπου
3107 1641 3290 1711 λόγον,
3332 1641 3457 1695 επεὶ
3504 1643 3603 1713 μία

259 1716 264 1721 ’
325 1745 436 1785 una
466 1738 551 1786 est
580 1730 894 1785 substantia
922 1730 1104 1784 Patris
1129 1743 1193 1783 ac
1216 1728 1479 1798 Spiritus,
1501 1731 1700 1785 merito
1725 1745 1917 1801 seque-

2026 1726 2177 1782 οὐσία
2223 1727 2319 1782 τοῦ
2355 1730 2569 1801 Πατρὸς
2606 1734 2701 1785 καὶ
2748 1729 2845 1786 τοῦ
2891 1732 3236 1804 Πνεῦματος,
3266 1734 3493 1797 εἰκότως
3528 1736 3596 1788 ἂν

322 1831 480 1879 retur
505 1821 671 1875 etiam
702 1821 903 1876 Filium
934 1836 1001 1876 ex
1039 1820 1347 1877 substantia
1376 1821 1557 1878 Patris
1586 1832 1641 1878 et
1673 1821 1914 1893 Spiritus

321 1927 468 1969 esse.
515 1912 618 1979 Qui
650 1913 819 1984 igitur
864 1914 981 1967 haec
1021 1911 1313 1981 objiciunt,
1354 1912 1616 1968 videntur
1658 1914 1913 1984 ignorare

323 2005 597 2075 principia
640 2004 805 2072 ﬁdei;
838 2019 979 2075 quos
1009 2004 1300 2075 oportebat
1335 2005 1403 2059 ad
1450 2005 1632 2061 minus
1660 2021 1726 2061 ea
1771 2005 1917 2061 didi-

324 2096 490 2162 cisse,
514 2097 713 2152 deinde
744 2096 1059 2166 theologum
1103 2111 1290 2167 agere.
1320 2096 1391 2154 Ut
1418 2097 1566 2152 enim
1597 2096 1734 2155 dixit
1759 2098 1902 2168 quis-

322 2190 472 2260 piam
502 2204 533 2245 e
560 2189 734 2244 sacris
757 2188 1078 2246 doctoribus
1099 2190 1171 2257 (is
1195 2188 1493 2261 Gregorius
1519 2192 1651 2262 est),
1675 2191 1915 2261 optimus

324 2283 465 2338 ordo
496 2283 737 2353 primum
773 2282 1013 2347 discere,
1037 2292 1227 2352 postea
1259 2282 1478 2340 docere.
1503 2284 1766 2351 Quamvis
1788 2300 1913 2341 cum

325 2378 504 2433 sancti
553 2392 622 2431 ex
655 2376 965 2432 substantia
996 2376 1176 2433 Patris
1219 2384 1277 2431 et
1314 2376 1439 2432 Filii
1481 2377 1747 2448 Spiritum
1793 2396 1917 2438 esse

323 2469 633 2538 disserunt,
669 2469 807 2524 nihil
840 2469 910 2525 ad
941 2484 1046 2526 nos
1075 2479 1328 2539 spectare
1365 2471 1731 2543 objectionem
1762 2475 1916 2533 dice—

324 2552 866 2627 musfnihilominus
893 2556 1188 2614 dicendum
1227 2568 1353 2615 est:
1383 2560 1755 2616 necessarium
1794 2578 1916 2620 esse

328 2672 437 2712 una
468 2670 597 2715 cum
633 2654 760 2709 ﬁdei
785 2654 1092 2725 principiis,
1122 2662 1183 2709 ut
1209 2653 1317 2710 hoc
1340 2655 1507 2711 etiam
1531 2637 1914 2723 conﬁteamur,

324 2748 617 2805 Monadem
657 2747 713 2802 in
750 2747 971 2811 Trlade,
1006 2761 1072 2802 ac
1103 2745 1362 2803 Triadem
1396 2746 1451 2802 in
1486 2748 1716 2805 Monade
1748 2765 1916 2805 vene-

328 2841 475 2905 rari,
506 2850 673 2911 atque
697 2855 839 2910 opus
867 2853 991 2896 esse
1020 2838 1151 2894 dum
1190 2838 1539 2910 disputamus
1570 2857 1749 2912 neque
1781 2841 1918 2898 Uni-

252 2986 261 2993 .
330 2941 498 2989 tatem
528 2942 756 3003 propter
782 2930 1109 2988 Trinitatem
1142 2931 1503 3003 distinguere,
1530 2948 1711 3005 neque
1738 2934 1918 2989 Trini-

2022 1819 2210 1876 ἕποιτο
2232 1822 2329 1876 καὶ
2359 1822 2453 1877 τὸν
2482 1823 2612 1877 Υίὸν
2642 1824 2721 1878 ἐκ,
2740 1826 2842 1895 τῆς
2891 1825 3081 1890 οὐσίας
3119 1825 3215 1880 τοῦ
3263 1825 3477 1897 Πατρὸς
3507 1828 3597 1881 καὶ

2019 1905 2117 1960 τοῦ
2155 1909 2478 1981 Πνεῦματος
2510 1908 2672 1968 εἶναι.
2707 1914 2849 1978 Τοὺς
2893 1914 2990 1969 οῦν
3028 1913 3208 1970 ταῦτα
3234 1915 3607 1980 ἀντιτιθέντας

2022 1999 2242 2067 ἀγνοεῖν
2282 2002 2385 2066 τὰς
2429 2004 2609 2076 ἀρχάς
2636 2006 2739 2077 τῆς
2770 2006 3011 2071 πίστεως
3058 2007 3310 2078 φαίνεται
3330 2023 3348 2041 ο
3379 2009 3474 2070 οὒς
3501 2011 3605 2064 αὑ-

2022 2091 2125 2157 τὰς
2152 2082 2515 2165 τοῦλάχιστον
2537 2098 2707 2169 ἐχρῆν
2730 2098 3105 2172 διδαχθέντας,
3146 2095 3271 2156 εἷτα
3307 2101 3604 2172 θεολογιῖν.

2035 2183 2124 2250 Ὠς
2157 2187 2267 2258 γὰρ
2301 2188 2407 2259 ἔφη
2450 2206 2537 2253 τις
2568 2189 2675 2246 τῶν
2704 2191 2868 2263 ἱερῶν
2899 2192 3244 2248 διδασκάλων
3276 2191 3607 2266 (Γρηγόριος

2021 2270 2179 2349 aito;
2206 2279 2374 2349 ἐστι),
2405 2278 2558 2347 τάξις
2606 2282 2806 2354 ἀρίστη
2859 2282 3155 2354 μανθάνειν
3207 2284 3449 2354 πρῶτον,
3486 2279 3607 2338 εἶτα

2023 2367 2321 2427 διδάσκειν.
2355 2371 2551 2429 Καίτοι
2606 2371 2721 2427 τῶν
2776 2374 2953 2443 ἁγίων
3008 2374 3076 2429 ἐκ
3124 2376 3226 2445 τῆς
3276 2374 3469 2439 οὐσίας
3509 2373 3606 2428 τοῦ

2025 2462 2245 2533 nemo;
2308 2464 2407 2519 καὶ
2454 2465 2555 2519 τοῦ
2606 2464 2740 2520 Υίοῦ
2793 2465 2855 2520 τὸ
2897 2466 3127 2539 Πνεῦμα
3179 2466 3605 2539 θεολογούντων,

2023 2559 2179 2612 οὐδὲν
2233 2554 2375 2614 εἶναι
2429 2562 2531 2630 τὴν
2592 2561 2872 2618 ἀντίθεσιν
2930 2564 3067 2636 πρὸς
3121 2565 3272 2637 ἡμᾶς
3320 2566 3596 2636 φήσομεν.

2024 2648 2173 2719 Πλὴν
2209 2650 2306 2704 καὶ
2339 2649 2485 2703 οὕτω
2516 2652 2716 2722 ῥητέον
2738 2652 2988 2723 ἀνάγκην
3017 2647 3158 2707 εῖναι
3193 2653 3333 2724 μετὰ
3359 2653 3470 2708 τῶν
3502 2653 3605 2723 τῆς

2026 2741 2267 2807 πίστεως
2309 2743 2497 2813 ἀρχῶν
2541 2745 2638 2799 καὶ
2689 2742 2848 2799 τοῦτο
2904 2746 3215 2818 ὁμολογεῖν,
3273 2747 3496 2802 Μονάδα
3546 2749 3607 2801 ἐν

2027 2836 2241 2905 Τριάδι,
2272 2838 2371 2891 καὶ
2404 2838 2609 2907 Τριάδα
2656 2841 2717 2893 ὲν
2764 2840 2974 2895 Μονάδι
3005 2841 3314 2905 σέϐεσθαι·
3348 2845 3447 2897 καὶ
3497 2843 3607 2897 δεῖν

2029 2929 2168 3000 μήτε
2218 2929 2644 3001 διαλεγομένους
2693 2931 2795 3004 τὴν
2850 2934 3080 2989 Μονάδα
3124 2934 3214 2988 διά
3265 2936 3365 3006 τὴν
3394 2936 3601 3006 Τριάδι

329 3033 496 3080 tatem
526 3034 757 3096 propter
798 3024 1075 3082 Unitatem
1107 3023 1465 3080 confundere.
1503 3025 1609 3081 Sed
1641 3025 1747 3082 hoc
1795 3027 1918 3081 loco

2026 3022 2277 3095 διαιρεῖν,
2317 3025 2459 3096 μήτε
2485 3027 2587 3096 τὴν
2620 3025 2829 3097 Τριάδα
2854 3029 2945 3082 διά
2973 3029 3073 3098 τὴν
3102 3027 3324 3083 Μονάδα
3357 3031 3601 3100 συγχεῖν.

330 3088 648 3176 clarissime
664 3116 920 3174 confusio
942 3125 1230 3187 sequetur.
1262 3115 1317 3172 Si
1346 3116 1544 3173 Filium
1570 3133 1635 3173 ex
1668 3118 1919 3174 substan-

2035 3088 2175 3171 Ἀλλ’
2223 3088 2459 3203 ἐνταῦθα
2507 3088 2769 3189 σῦγχυσις
2794 3088 3116 3190 περιφανῶς
3143 3119 3356 3189 ἕψεται,
3408 3088 3495 3174 ei"
3511 3121 3603 3173 τὸν

331 3214 410 3269 tia
457 3212 638 3268 Patris
682 3219 740 3266 et
789 3210 1028 3280 Spiritus
1072 3225 1194 3266 esse
1242 3210 1446 3281 aliquis
1489 3210 1724 3279 dixerit;
1771 3222 1920 3268 esset

329 3306 479 3363 enim
505 3304 746 3374 Spiritus
768 3302 952 3367 Pater,
987 3303 1191 3373 quippe
1220 3302 1394 3357 Filius
1426 3302 1492 3357 ad
1524 3303 1744 3359 Patrem
1784 3304 1922 3359 dici-

331 3409 442 3454 tur.
471 3398 662 3466 Itaque
692 3396 805 3450 duo
828 3396 1021 3450 Patres
1048 3403 1235 3449 essent
1259 3394 1315 3448 in
1342 3393 1634 3459 Trinitate,
1663 3404 1719 3450 et
1756 3395 1921 3451 Pater

331 3507 443 3548 non
489 3497 637 3547 esset
680 3489 903 3561 proprie
944 3488 1127 3544 Pater.
1160 3485 1293 3554 Quae
1336 3502 1369 3542 a
1405 3484 1512 3542 ﬁde
1549 3486 1727 3541 aliena
1770 3497 1920 3541 sunt.

332 3584 660 3653 Quanquam
714 3574 825 3636 non
884 3580 1086 3635 desunt
1132 3578 1239 3634 alia
1293 3576 1549 3641 nomina,
1604 3591 1669 3630 ex
1719 3575 1924 3647 quibus

333 3676 603 3746 suspicari
643 3668 922 3744 quispiam
976 3671 1208 3726 minime
1256 3677 1466 3740 posset,
1499 3667 1768 3739 Spiritum
1800 3681 1924 3723 esse

335 3770 553 3825 Patrem
584 3766 733 3833 Filii,
777 3765 948 3821 veluti
980 3763 1183 3820 Filium
1215 3777 1339 3819 esse
1383 3760 1624 3818 Verbum
1656 3759 1920 3830 Spiritus,

334 3859 663 3930 potentiam,
709 3858 912 3924 vivam,
959 3864 1016 3911 et
1064 3852 1480 3911 substantialem
1518 3851 1921 3921 operationem,

336 3949 856 4017 sanctiﬁcationem,
898 3948 1205 4003 naturalem
1234 3945 1427 4004 vitam.
1463 3958 1666 4009 rosam,
1698 3958 1920 3997 suavem

337 4045 587 4109 odorem,
628 4041 949 4113 imaginem,
996 4047 1053 4096 et
1104 4037 1440 4110 huiusmodi,
1487 4051 1611 4105 quae
1656 4034 1921 4105 Spiritum

339 4152 461 4194 esse
488 4136 609 4190 Filii
646 4151 678 4190 a
712 4134 1033 4189 doctoribus
1067 4130 1351 4185 dicuntur.
1386 4128 1577 4198 Neque
1616 4128 1922 4185 secundum

341 4222 728 4287 titec‘nomina
778 4227 950 4284 Filius
1008 4225 1119 4280 dici
1165 4222 1408 4294 Spiritus
1453 4222 1628 4276 sancti
1682 4237 1922 4292 unquam

339 4332 594 4396 repertus
638 4330 744 4378 est.
788 4320 904 4376 Hoc
947 4328 1131 4373 autem
1176 4332 1285 4372 non
1333 4314 1556 4371 aliunde
1604 4316 1922 4388 contingere

2021 3209 2153 3263 Υίὸν
2178 3209 2243 3263 ἐκ
2272 3210 2372 3280 τῆς
2406 3210 2598 3274 οὐσίας
2627 3210 2722 3265 τοῦ
2753 3211 2971 3282 Πατρὸς
3001 3213 3096 3266 καὶ
3138 3211 3236 3266 τοῦ
3283 3212 3603 3284 Πνεῦματος

2020 3302 2172 3372 λέγει
2200 3319 2286 3367 τις
2314 3296 2455 3357 εῖναι
2483 3317 2500 3334 °
2543 3302 2631 3374 είη
2674 3302 2784 3376 γὰρ
2829 3302 2897 3358 ἂν
2939 3303 3001 3358 τὸ
3049 3303 3276 3375 Πνεῦμα
3315 3305 3546 3377 Πατήρ·
3573 3306 3603 3357 6

2023 3396 2133 3467 γὰρ
2170 3396 2301 3461 Υἱὸς
2338 3397 2477 3467 πρὸς
2519 3396 2614 3452 τὸν
2644 3396 2871 3468 Πατέρα
2898 3396 3119 3467 λέγεται
3143 3413 3158 3429 ο
3192 3397 3368 3471 ταύτῃ
3403 3415 3491 3452 τοι
3512 3398 3606 3452 δύο

2024 3488 2261 3560 πατέρες
2294 3488 2362 3543 ἂν
2389 3486 2502 3542 εἷεν
2543 3489 2603 3542 ἐν
2645 3490 2714 3560 τῇ
2755 3487 2968 3558 Τριάδι,
3009 3489 3106 3542 καὶ
3132 3490 3163 3543 6
3191 3490 3382 3559 Πατὴρ
3411 3488 3473 3544 οὐ
3504 3505 3601 3542 κυ-

2025 3579 2157 3653 ρίως
2203 3581 2417 3650 Πατήρ.
2458 3581 2527 3633 Ἀ
2567 3581 2720 3650 ποιρά
2762 3579 2865 3650 τῆς
2905 3579 3145 3643 πίστεως
3201 3579 3601 3651 ἀπηγόρευται.

2026 3674 2218 3728 Καίτοι
2264 3689 2330 3742 γε
2377 3672 2627 3727 ἐστικαὶ
2671 3671 2789 3727 ἀλλ’
2831 3673 2970 3728 ἄττα
3018 3672 3131 3726 τῶν
3184 3673 3488 3745 ὀνομάτων,
3544 3673 3604 3739 ἐξ

2022 3759 2099 3822 ὧν
2146 3766 2247 3820 οὐκ
2292 3766 2358 3820 άν
2407 3782 2492 3828 τις
2532 3764 2916 3836 ὑπρνοήσειε,
2947 3764 3008 3819 τὸ
3055 3765 3282 3835 Πνεῦμα
3331 3763 3427 3823 τοῦ
3475 3765 3605 3820 Υίοῦ

2024 3854 2167 3913 εἶναι
2198 3857 2442 3929 Πατέρα,
2468 3852 2580 3912 οἷον
2612 3857 2707 3925 τὸν
2736 3857 2871 3913 Υἱδν
2902 3857 3076 3926 Λόγον
3112 3854 3256 3913 εἶναι
3297 3858 3392 3912 τοῦ
3437 3857 3608 3912 Πνεῦ-

2027 3968 2219 4023 ματος,
2280 3949 2531 4020 δῦναμιν,
2592 3949 2803 4029 ζῶσαν.
2838 3950 2936 4004 καὶ
2987 3948 3224 4021 οὐσιώδη
3290 3950 3602 4022 ἐνέργειαν,

2026 4028 2331 4112 ἁγιασμὸν,
2376 4039 2614 4113 φυσικὴν
2663 4028 2842 4113 ζωὴν,
2896 4042 3091 4112 ῥόδον,
3152 4040 3353 4109 ἄνθος,
3405 4040 3602 4113 ὀσμὴν,

2026 4134 2236 4199 είκόνα,
2271 4134 2369 4187 καὶ
2418 4134 2486 4188 τὰ
2539 4131 2768 4187 τοιαῦτα
2820 4133 2922 4187 ὅσα
2966 4133 3062 4187 τοῦ
3109 4131 3243 4188 Υίοῦ
3274 4133 3336 4188 τὸ
3381 4134 3605 4203 Πνεῦμα

2025 4222 2165 4280 εἶναι
2222 4227 2373 4297 παρά
2431 4226 2545 4291 τοῖς
2596 4225 2942 4289 διδασκάλοις
2994 4224 3234 4295 λέγεται.
3274 4225 3411 4280 Οόδὲ
3459 4226 3604 4281 κατά

2024 4320 2196 4374 ταῦτα
2226 4321 2334 4375 τῶν
2386 4320 2669 4391 ὀνομάτων
2712 4321 2741 4373 6
2795 4318 2921 4383 Υἱὸς
2968 4317 3065 4373 τοῦ
3103 4320 3421 4391 Πνεῦματος
3454 4320 3606 4387 λεγό-

340 4425 535 4486 potest,
568 4429 735 4486 quam
776 4427 847 4468 es
880 4412 1001 4481 ipso
1032 4409 1249 4474 ordine,
1286 4417 1342 4463 ct
1377 4417 1640 4479 praeterea
1672 4423 1919 4465 necessa-

2032 4430 2191 4484 μενος
2215 4412 2447 4485 εὓρηται
2495 4412 2739 4468 πώποτε.
2767 4411 2944 4466 Τοῦτο
2973 4410 3022 4465 δ’
3058 4411 3163 4466 οὐκ
3202 4412 3270 4465 ἂν
3311 4412 3490 4476 ἄλλως
3514 4411 3603 4484 εἴη

344 4511 489 4563 rium
529 4514 612 4563 est
653 4518 806 4571 eum,
833 4503 926 4573 qui
962 4501 1056 4557 illa
1090 4502 1433 4571 opposuerit,
1470 4515 1577 4555 non
1613 4510 1825 4556 tantum
1864 4503 1922 4557 in

345 4603 463 4658 hac
490 4601 798 4663 incurrere,
822 4594 919 4651 sed
943 4594 1108 4650 etiam
1131 4592 1381 4648 ordinem
1406 4592 1460 4647 in
1490 4591 1757 4648 Trinitate
1782 4594 1926 4650 inter

346 4714 404 4753 se
428 4696 740 4751 divinarum
766 4704 1125 4763 personarum
1151 4687 1419 4757 contingit
1439 4687 1735 4743 invertere.
1752 4686 1926 4745 Filius

342 4791 490 4846 enim
519 4787 697 4843 Patris
722 4801 844 4842 esse
882 4783 1109 4847 dicitur,
1140 4780 1381 4852 Spiritus
1414 4794 1546 4836 vero
1576 4779 1718 4844 Filii,
1749 4790 1805 4834 et
1834 4780 1925 4835 hic

344 4880 568 4950 quidem
597 4881 747 4933 solus
780 4890 846 4931 ex
872 4874 989 4930 solo
1013 4872 1330 4944 unigenitus
1352 4871 1574 4936 dicitur,
1592 4880 1756 4941 atque
1772 4872 1922 4926 ‘huc-

347 4984 522 5039 usque
576 4976 661 5022 est
707 4965 809 5035 ipsi
852 4964 1179 5036 proprietas,
1210 4962 1356 5033 quod
1395 4971 1631 5018 estesse
1660 4975 1726 5015 ex
1764 4961 1923 5017 Patre

345 5060 681 5125 immediate,
709 5068 765 5114 et
795 5058 943 5129 quod
970 5055 1264 5127 appellatio
1289 5055 1435 5122 Filii,
1459 5070 1580 5110 esse
1610 5052 1922 5109 immediate

343 5170 410 5210 ex
447 5167 607 5208 causa
652 5148 944 5221 signiﬁcat,
988 5148 1288 5204 secundum
1344 5147 1533 5202 divum
1573 5145 1921 5202 Anastasium

344 5246 402 5300 in
436 5259 535 5299 sua
567 5239 876 5312 dogmatica
909 5239 1178 5304 oratione,
1223 5246 1281 5293 ut
1323 5236 1755 5308 procedentibus
1784 5252 1923 5292 con-

345 5335 550 5392 stabit:
583 5332 849 5404 Spiritum
883 5345 1015 5387 vero
1049 5338 1296 5385 sanctum
1330 5328 1523 5384 ordine
1554 5328 1775 5383 tertium
1801 5342 1923 5382 esse

343 5445 374 5484 a
428 5430 589 5485 Patre
641 5425 919 5482 communi
967 5438 1239 5479 consensu
1301 5438 1329 5477 a
1380 5421 1585 5477 sanctis
1638 5429 1922 5490 receptum

341 5530 450 5587 est,
472 5534 581 5574 non
604 5530 789 5574 tamen
814 5527 1009 5572 natura
1039 5518 1259 5572 tertium
1283 5533 1298 5571 :
1325 5526 1379 5571 et
1405 5531 1529 5570 cum
1555 5516 1648 5584 qui
1672 5514 1920 5569 ordinem

342 5614 432 5667 vel
468 5612 736 5666 tantulum
772 5610 993 5681 quidem
1036 5618 1356 5673 commutat,
1402 5607 1761 5662 inliciatorem
1801 5619 1921 5660 esse

343 5702 497 5775 ﬁdei,
519 5719 584 5759 ac
612 5702 853 5775 Spiritus
872 5701 1207 5759 exsistentia:
1236 5700 1658 5767 destructorem,
1693 5712 1923 5770 magnus

2029 4504 2326 4577 συμόαῖνον
2359 4504 2392 4577 ἢ
2420 4505 2507 4559 διὰ
2545 4503 2645 4575 τὴν
2669 4504 2824 4570 τάξιν
2874 4504 3067 4577 αὐτην.
3100 4506 3214 4560 Καὶ
3248 4507 3358 4578 μὴν
3386 4508 3448 4560 οὐ
3483 4506 3606 4561 τοῦ·

2024 4612 2138 4659 τοις
2181 4594 2343 4665 μόνον
2383 4593 2740 4664 περιπίπτειν
2790 4596 3005 4665 ἀνάγκη
3040 4595 3135 4649 τὸν
3182 4598 3366 4650 ἐκεῖνα
3399 4596 3604 4651 ἀντιτι-

2026 4684 2211 4749 θέντα,
2237 4683 2375 4738 ἀλλά
2400 4685 2495 4738 καί¹
2520 4684 2621 4755 τὴν
2644 4686 2703 4737 ἐν
2729 4684 2918 4754 Τριάδι
2957 4683 3068 4738 τῶν
3092 4685 3252 4739 θείων
3293 4666 3606 4756 προσώιτων

2026 4771 2162 4843 πρὸς
2188 4771 2397 4842 άλληλα
2450 4770 2610 4836 τάξιν
2651 4775 3013 4842 περιτρέπειν
3053 4772 3369 4844 συμϐαίνει.
3410 4776 3467 4828 '0
3504 4775 3606 4846 μὲν

2026 4863 2136 4934 γὰρ
2168 4861 2297 4926 Υἱὸς
2350 4860 2447 4915 τοῦ
2495 4860 2711 4935 Πατρὸς
2739 4856 2880 4915 εἶναι
2931 4860 3174 4930 λέγεται,
3204 4860 3268 4916 τδ
3295 4863 3352 4917 δὲ
3378 4863 3607 4935 Πνεῦμα

2024 4932 2120 5005 τοῦ
2165 4950 2298 5004 Υίοῦ
2327 4966 2341 4979 ο
2389 4950 2486 5003 καὶ
2539 4952 2567 5002 6
2612 4932 2718 5020 μὲν
2775 4950 2936 5019 μόνος
2995 4951 3061 5004 ἐκ
3109 4951 3271 5022 μόνου
3305 4932 3606 5025 μονογενὴς

2025 5047 2267 5116 λέγεται,
2303 5044 2398 5098 καὶ
2447 5043 2616 5115 μέχρι
2662 5043 2854 5097 τούτου
2903 5044 3054 5099 ἐστὶν
3093 5044 3246 5116 αὐτῷ
3289 5045 3350 5099 τὸ
3385 5046 3603 5117 ἰδίωμα,

2030 5142 2060 5195 δ
2089 5141 2236 5193 ἐστιν
2287 5141 2351 5193 ὲκ
2383 5138 2478 5191 τοῦ
2519 5135 2734 5206 Πατρὺς
2764 5137 2987 5207 ἀμέσως
3010 5154 3027 5170 ο
3057 5139 3153 5192 καὶ
3177 5138 3259 5192 δτι
3349 5137 3442 5193 τοῦ
3474 5138 3604 5194 Υίοῦ

2025 5230 2318 5300 ἐπίκλησις
2343 5229 2403 5283 τὸ
2436 5230 2660 5299 ἀμέσως
2686 5230 2751 5283 ὲκ
2779 5228 2874 5283 τοῦ
2910 5230 3091 5285 αἰτίου
3124 5230 3279 5303 δηλοῖ
3323 5232 3465 5286 κατά
3511 5232 3602 5285 τὸν

2026 5324 2170 5378 θεῖον
2218 5322 2576 5379 Ἀναστάσιον
2619 5324 2678 5377 ὲν
2720 5323 2799 5395 τῷ
2842 5323 3164 5396 δογματικῷ
3211 5323 3378 5378 αὐτοῦ
3432 5325 3598 5396 λόγῳ.

2024 5417 2100 5481 ὡς
2132 5415 2387 5486 προϊοῦσι
2423 5415 2728 5487 φανήσεται
2749 5428 2764 5444 ⁸
2794 5415 2855 5469 τὸ
2885 5415 2942 5470 δὲ
2961 5414 3217 5487 ,Πνεῦμα
3258 5415 3321 5470 τὸ
3349 5416 3504 5486 ἅγιον
3530 5419 3598 5487 τῇ

2023 5509 2177 5575 τάξει
2238 5507 2422 5578 τρίτον
2458 5506 2587 5562 άπὸ
2654 5506 2748 5561 τοῦ
2799 5507 3016 5578 Πατρὸς
3072 5506 3426 5581 ὡμολόγηται
3480 5510 3598 5569 τοῖς

2028 5603 2228 5670 ἁγίοις,
2271 5602 2334 5654 οὐ
2386 5601 2496 5672 μὴν
2535 5601 2603 5672 τῇ
2633 5600 2793 5670 φύσει
2828 5602 3013 5674 τρίτον
3036 5616 3050 5632 ’
3075 5602 3171 5656 καὶ
3198 5603 3289 5655 τὸν
3319 5601 3415 5673 τὴν
3445 5601 3599 5665 τάξιν

2025 5694 2395 5768 μετατιθέντα
2454 5693 2850 5750 καὶδπωσοῦν
2901 5693 3147 5765 άρνητὴν
3185 5695 3285 5766 τῆς
3337 5695 3596 5758 πίστεως,
