4036 6436
412 556 518 620 915

1688 565 2072 628 DEMETRII
2113 564 2423 641 CYDOle

3555 559 3662 625 916

410 674 685 738 quatenus
718 669 964 740 ejusdem
994 667 1316 729 semermis
1357 682 1486 730 sunt
1515 685 1705 731 mutuo
1730 677 1979 733 referun-

2096 678 2239 733 τοῦτο
2272 680 2380 748 γάρ
2401 679 2541 730 εἰσιν
2568 675 2648 741 ἓν,
2673 676 2765 729 καὶ
2791 675 2852 728 οὐ
2879 674 3129 742 λέγονται
3170 670 3307 744 πρός
3344 690 3418 727 τι.
3455 671 3519 726 Ἡ
3549 674 3659 744 γὰρ

413 771 523 816 tur.
557 762 770 832 Quippe
809 767 1113 821 secundum
1142 766 1246 822 hoc
1287 783 1452 822 unum
1483 779 1634 833 sunt,
1651 778 1715 824 et
1752 784 1859 825 non
1891 771 1980 824 di-

409 863 612 910 cuntur
632 856 697 910 ad
732 857 962 926 aliquid.
1006 856 1222 912 Etenim
1257 859 1451 913 relatio
1491 862 1636 914 inter
1661 861 1771 916 duo
1801 861 1984 916 consi-

409 948 663 1012 deratur”;
698 955 864 1017 atque
889 964 1078 1015 unum,
1103 959 1376 1018 quatenus
1409 966 1466 1004 re
1506 968 1675 1005 unum
1711 961 1817 1018 est,
1844 954 1984 1008 rela-

411 1041 519 1094 tive
559 1040 624 1094 ad
685 1055 743 1095 se
794 1056 901 1095 non
952 1041 1178 1103 dicitur,
1234 1042 1330 1095 sed
1391 1043 1650 1097 nimirum
1709 1056 1982 1113 quatenus

408 1146 656 1198 persona:
686 1141 836 1189 sunt.
881 1132 1171 1200 quemdam
1198 1133 1444 1186 ordinem
1479 1135 1622 1188 inter
1657 1150 1717 1189 se
1752 1135 1978 1200 habent,

407 1233 460 1276 et
479 1224 634 1293 juxta
660 1223 1058 1277 immutabilem
1084 1231 1249 1291 atque
1279 1232 1544 1278 aeternum
1581 1225 1724 1280 inter
1750 1240 1809 1280 se
1836 1225 1986 1280 ordi-

408 1329 553 1376 nem,
581 1314 685 1368 hoc
716 1313 900 1384 hujus,
931 1324 989 1369 et
1023 1314 1128 1369 hoc
1168 1314 1317 1369 illius
1342 1331 1464 1370 esse
1492 1316 1718 1382 dicitur,
1753 1317 1856 1372 hoc
1886 1319 1986 1372 ali-

407 1402 538 1472 quid
572 1417 714 1465 esse,
745 1404 1062 1473 imaginem,
1090 1404 1177 1458 vel
1202 1405 1525 1474 p0tentiam,
1559 1406 1642 1462 vel
1677 1408 1982 1463 naturalem

2078 769 2332 838 ἀναφορὰ
2363 771 2455 822 ὲπὶ
2479 767 2574 821 δύο
2603 768 2921 837 θεωρεῖται·
2953 767 3049 820 καὶ
3077 767 3139 821 τὸ
3161 765 3243 831 ἓν,
3285 765 3477 833 ἐφόσον
3510 765 3660 818 ἐστὶν

2077 861 2138 916 ἓν
2166 861 2243 931 τῷ
2274 861 2583 930 πράγματι,
2611 857 2960 929 ἀναφορικῶς
2987 857 3124 926 πρὸς
3143 857 3304 911 ἑαυτὸ
3336 856 3396 908 οὐ
3419 854 3662 924 λέγεται,

2079 953 2218 1006 ἀλλὰ
2269 953 2450 1022 δῆλον,
2483 952 2566 1005 ὅτι
2618 950 2755 1003 καθὸ
2786 950 3054 1017 πρόσωπα
3106 947 3245 1017 πρὸς
3293 946 3498 1016 ἄλληλά
3546 962 3664 1009 πως

2081 1043 2288 1108 τάξεως
2339 1043 2548 1114 ἔχουσι,
2595 1042 2692 1097 καὶ
2741 1041 2884 1096 κατὰ
2907 1042 3006 1110 τὴν
3034 1041 3239 1094 τούτων
3271 1039 3525 1108 ἀκίνητον
3569 1037 3666 1090 καὶ

2085 1139 2260 1190 ἀΐδιον
2289 1136 2429 1203 πρὸς
2461 1134 2631 1189 ἑαυτά
2653 1134 2808 1199 τάξιν
2834 1135 2954 1188 τόδε
2981 1132 3139 1186 τοῦδε
3166 1131 3401 1199 λέγεται,
3434 1129 3527 1182 καὶ
3546 1128 3665 1182 τόδε

2083 1226 2260 1290 τοῦδε,
2288 1228 2350 1280 τὸ
2375 1226 2434 1280 δέ
2463 1244 2517 1279 τι
2547 1220 2709 1291 εἶναι,
2740 1225 2948 1288 εἰκόνα,
2995 1223 3028 1294 ἢ
3059 1222 3311 1290 δύναμιν,
3358 1219 3392 1290 ἢ
3429 1219 3665 1288 φυσικὴν

2084 1318 2252 1388 ζωὴν,
2278 1319 2313 1390 ἦ
2340 1335 2396 1371 τι
2429 1317 2691 1372 τοιοῦτον.
2739 1316 2830 1380 Ἐξ
2856 1311 2930 1370 ὧν
2959 1314 3055 1370 καὶ
3087 1316 3121 1384 ἡ
3158 1312 3380 1379 πρόοδος
3412 1312 3550 1380 μετὰ
3569 1309 3669 1379 τῆς

2083 1408 2444 1478 προσωπικῆς
2462 1406 2642 1460 αὐτῶν
2674 1407 2962 1479 ὑπάρξεως
2994 1402 3493 1473 καταλαμϐάνεται.

407 1501 595 1565 vitam,
627 1500 713 1555 vel
745 1499 950 1569 aliquid
980 1501 1182 1557 simile.
1219 1504 1299 1557 Ex
1335 1504 1532 1573 quibus
1558 1505 1724 1559 etiam
1757 1520 2053 1573 processus
2067 1523 2175 1562 una
2210 1521 2334 1562 cum
2355 1507 2628 1578 personali
2653 1506 2850 1559 horum
2869 1501 3189 1560 exsistentia
3212 1497 3660 1568 deprehenditur.

477 1595 768 1661 Prsaterea,
815 1610 846 1649 a
876 1597 1084 1651 sanctis
1114 1606 1392 1654 ostensum
1437 1607 1542 1662 est,
1571 1610 1863 1670 propterea
1893 1601 1984 1656 Fi-

421 1685 557 1738 lium
604 1700 726 1739 esse
755 1687 1278 1742 consubstantialem
1332 1687 1504 1753 Patri,
1545 1688 1691 1758 quod
1748 1705 1814 1744 ex
1861 1690 1993 1746 sub-

409 1777 610 1831 stantia
643 1786 949 1848 naturaque
981 1779 1160 1834 Patris
1196 1790 1515 1850 generetur.
1542 1781 1700 1847 Quod
1737 1783 1988 1852 profecto

2165 1603 2285 1656 Ἐτι
2318 1601 2473 1673 παρά
2517 1602 2626 1655 τῶν
2671 1601 2844 1666 ἁγίων
2893 1595 3164 1652 δέδεικται
3206 1593 3296 1649 διά
3325 1591 3482 1646 τοῦτο
3529 1584 3666 1643 εῖναι

2097 1692 2190 1746 τὸν
2217 1692 2346 1746 Υἱδν
2377 1691 2664 1763 ὁμοούσιον
2701 1690 2776 1760 τῷ
2834 1688 3034 1759 Πατρὶ,
3070 1687 3204 1739 διότι
3245 1686 3308 1737 ὲκ
3357 1682 3457 1751 τῆς
3484 1680 3663 1740 οὐσίας

2097 1784 2319 1853 καὶτῆς
2373 1783 2588 1852 φύσεως
2641 1781 2734 1835 τοῦ
2776 1780 2990 1850 Πατρδς
3042 1777 3321 1845 γεννᾶται.
3363 1774 3431 1825 Ὅ
3473 1770 3530 1839 δὴ
3567 1769 3656 1821 καὶ

407 1877 464 1922 et
493 1867 711 1936 abipsa
757 1869 1076 1939 operatione
1127 1870 1488 1927 manifestum
1521 1882 1626 1927 est.
1668 1873 1805 1939 Quia
1839 1875 1986 1929 enim

2096 1874 2183 1926 ἐπ’
2210 1873 2378 1942 αὐτῆς
2406 1872 2506 1942 τῆς
2545 1871 2822 1942 ἐνεργείας
2873 1868 3128 1937 φανερόν.
3183 1865 3335 1966 Διότι.
3360 1862 3483 1966 γὰρ.
3502 1861 3528 1912 ὁ

409 1958 607 2014 Petrus
637 1976 704 2013 ex
749 1968 946 2014 natura
981 1961 1152 2016 Joana
1189 1963 1496 2017 secundum
1529 1979 1751 2019 causam
1799 1981 1987 2020 essen-

2096 1983 2214 2036 τρος
2241 1967 2304 2018 ὲκ
2339 1966 2437 2033 τῆς
2472 1965 2687 2034 φύσεως
2708 1963 2804 2016 τοῦ
2845 1962 3042 2017 Ἰωανᾶ
3067 1959 3191 2014 κατ’
3225 1956 3403 2013 αἰτίαν
3431 1950 3661 2018 οὐσιὼδη

412 2049 598 2103 tialem
624 2051 1008 2105 exsistentiam
1037 2052 1225 2116 habet,
1253 2053 1461 2107 idcirco
1494 2054 1742 2123 ejusdem
1779 2062 1993 2109 natura:

408 2157 533 2193 cum
563 2145 679 2210 Ipso
706 2152 882 2209 est,et
919 2142 1063 2197 filius
1096 2145 1218 2215 ejus
1235 2159 1353 2198 esse
1377 2144 1502 2215 jure
1532 2144 1743 2214 optimo
1772 2145 1997 2200 dicitur.

405 2231 664 2301 Alioquin
685 2249 793 2288 non
811 2240 956 2289 esset
983 2235 1146 2301 lilius,
1175 2235 1269 2289 sed
1290 2235 1459 2289 frater
1475 2235 1559 2290 vel
1579 2251 1648 2306 qu
1659 2237 1999 2292 omodocun-

407 2338 517 2388 que
543 2323 705 2378 aliter
725 2325 1034 2380 secundum
1059 2325 1469 2392 similitudinis,
1505 2343 1601 2383 seu
1629 2327 1909 2384 afﬁnitatis
1925 2328 1994 2384 ad

409 2412 618 2466 similes
645 2415 1080 2484 reciprocantem
1121 2419 1606 2483 consequentiam.
1637 2418 1896 2483 Quamvis
1941 2419 1995 2472 in

419 2499 507 2563 iis,
542 2517 662 2570 quze
706 2513 836 2557 sunt
890 2519 986 2572 per
1020 2508 1436 2572 generationem
1495 2519 1546 2562 et
1579 2511 1992 2578 corruptionem

410 2592 580 2645 etiam
607 2594 810 2662 absque
833 2611 898 2648 eo
930 2596 1076 2664 quod
1105 2597 1340 2651 alterum
1387 2598 1454 2652 ab
1483 2599 1673 2653 altero’
1690 2603 1992 2657 naturalem

416 2699 639 2737 causam
671 2687 1009 2741 exsistentiae
1046 2688 1267 2752 habeat,
1302 2690 1419 2744 fieri
1453 2700 1661 2759 potest,
1696 2703 1756 2747 ut
1793 2709 1992 2749 secun-

413 2778 546 2830 dum
600 2779 894 2845 quamdam
938 2783 1180 2836 materiae
1227 2784 1547 2840 allinitatem
1599 2788 1702 2842 hoc
1739 2788 1902 2859 hujus
1939 2800 1994 2845 et

414 2868 618 2930 simile,
657 2871 738 2924 vel
784 2873 1250 2930 emusahstantiale
1293 2876 1616 2945 simpliciter
1651 2879 1902 2942 dicatur;
1938 2891 1993 2933 at

412 2974 549 3014 vero
590 2961 643 3016 in
678 2962 812 3026 Deo.
839 2965 930 3018 ubi
960 2981 1066 3019 uon
1096 2973 1181 3020 est
1214 2969 1466 3033 materia,
1500 2979 1556 3024 et
1583 2979 1783 3024 cuncta
1820 2981 1993 3025 mate-

414 3058 570 3111 rialia
609 3056 828 3121 absunt,
873 3072 1052 3128 neque
1087 3061 1389 3114 secundum
1430 3077 1748 3127 excessum,
1779 3071 1835 3117 et
1893 3062 1993 3117 de-

418 3150 647 3215 fectum,
681 3164 862 3218 neque
928 3159 989 3203 ut
1039 3153 1470 3219 possessionem.
1504 3169 1686 3222 neque
1717 3165 1778 3207 ut
1827 3169 1987 3223 opus,

414 3255 591 3309 neque
631 3240 1136 3310 quomodocunque
1174 3243 1335 3297 aliter
1369 3243 1486 3298 ﬁeri
1531 3253 1710 3310 potest
1742 3254 1803 3299 ut
1839 3246 1986 3300 dica-

416 3342 506 3383 tur
536 3332 840 3385 secundum
871 3333 1034 3386 talem
1088 3333 1430 3400 afﬁnitatem,
1466 3337 1717 3407 profecto
1757 3354 1867 3394 non
1899 3355 1989 3394 se-

381 3423 384 3427 ’
414 3421 661 3475 cundum
693 3423 854 3476 aliam
901 3424 1174 3480 rationem
1212 3427 1318 3482 hoc
1351 3428 1518 3498 hujus
1551 3429 1668 3484 fieri
1702 3440 1884 3498 potest
1931 3439 1994 3485 ut

415 3510 659 3576 dicatur,
713 3522 770 3568 et
798 3515 1271 3571 consulistantiale
1299 3518 1393 3584 sit,
1447 3521 1552 3574 nisi
1581 3521 1711 3589 quia
1769 3537 1836 3576 ex
1873 3523 1992 3591 ipso

415 3618 640 3657 causam
679 3604 902 3660 habeat.
941 3607 1144 3662 Eadem
1190 3609 1359 3678 igitur
1403 3610 1617 3666 ratione
1660 3626 1770 3667 non
1821 3612 1996 3682 Spiri-

417 3702 507 3749 tus
528 3710 650 3749 esse
683 3695 804 3750 Filii
838 3696 1064 3762 dicitur,
1097 3708 1154 3752 et
1181 3700 1348 3755 etiam
1382 3702 1654 3768 potentia,
1689 3710 1747 3756 et
1771 3713 1997 3757 natura-

416 3786 484 3840 lis
520 3795 687 3856 atque
736 3788 1048 3844 essentialis
1079 3789 1210 3854 vita,
1259 3799 1316 3844 et
1363 3791 1484 3860 ejus
1534 3791 1803 3860 operatio,
1845 3801 1902 3845 et
1927 3807 1996 3846 ex

413 3876 720 3932 substantia
749 3879 878 3948 ejus
898 3895 1042 3944 esse,
1098 3880 1358 3946 quoniam
1403 3889 1465 3934 ut
1514 3881 1615 3950 ipsi
1644 3881 1821 3944 aiunt,
1865 3897 1996 3937 con-

415 3969 793 4024 substantialis
817 3981 900 4025 est
927 3971 1064 4040 ipsi;
1107 3973 1205 4027 sed
1233 3973 1361 4042 quia
1388 3988 1455 4027 ex
1489 3972 1650 4028 Patre
1688 3989 1785 4043 per
1811 3975 1991 4044 ipsum

415 4059 614 4114 Filium
659 4062 962 4128 personalis
1002 4078 1116 4117 sua:
1157 4064 1489 4118 exsistentia‘.
1535 4078 1755 4118 causam
1807 4064 1992 4127 habet,

415 4159 710 4221 propterea
733 4151 849 4206 hate
869 4167 990 4208 esse
1009 4153 1251 4223 Spiritus
1280 4153 1403 4208 Filii
1433 4153 1661 4221 dicitur,
1685 4166 1740 4208 et
1773 4170 1840 4209 ex
1865 4157 1994 4211 sub-

416 4243 612 4295 stantia
630 4243 750 4312 ejus
771 4259 916 4306 esse,
946 4254 1002 4299 et
1034 4246 1518 4301 consubstantialis
1550 4262 1670 4302 esse
1700 4247 1827 4317 ipsi,
1857 4264 1996 4318 pm-

416 4333 606 4385 sertim
655 4347 779 4386 cum
825 4348 936 4387 non
999 4343 1356 4388 convertatur
1413 4334 1612 4389 horum
1671 4338 1866 4392 relatio
1921 4338 1992 4393 ad

419 4424 710 4492 Spiritum.
767 4426 897 4490 Quae
942 4441 1074 4481 sane
1105 4428 1394 4493 oportebat
1443 4437 1502 4480 ut
1545 4439 1990 4498 converteretur,

2103 2057 2203 2125 τὴν
2233 2056 2464 2126 ὕπαρξιν
2488 2055 2621 2125 ἔχει,
2651 2055 2738 2108 διὰ
2766 2053 2926 2107 τοῦτο
2953 2052 3054 2122 τῆς
3086 2047 3256 2119 αὐτῆς
3279 2044 3426 2116 αὒτῷ
3459 2038 3671 2112 φύσεώς

2103 2149 2240 2212 ἔστι,
2276 2149 2371 2200 καὶ
2400 2148 2513 2209 υίὸς
2551 2145 2716 2198 αὑτοῦ
2751 2141 2888 2198 εἶναι
2934 2143 3150 2212 λέγεται
3191 2140 3430 2198 εἰκότως.
3465 2133 3675 2194 ’Ἄλλως

2099 2239 2208 2309 γὰρ
2233 2239 2334 2303 οὐκ
2364 2237 2430 2292 ἂν
2455 2234 2522 2310 ἦν
2546 2238 2680 2300 υίὸς,
2713 2237 2830 2289 ἀλλ’
2868 2234 3117 2304 ἀδελφὸς,
3156 2233 3189 2302 ἢ
3220 2227 3467 2282 ὁπωσοῦν
3499 2225 3678 2285 ἄλλως

2101 2329 2243 2382 κατά
2292 2330 2389 2399 τὴν
2417 2329 2516 2400 τῆς
2547 2330 2863 2400 ὁμοιότητος
2935 2327 2968 2397 ἢ
3001 2323 3329 2392 οἰκειότητος
3385 2318 3519 2391 πρὸς
3550 2315 3678 2379 τοὺς

2098 2420 2318 2489 ὁμοίους
2342 2421 2810 2491 ἀντιστρέφουσαν
2849 2417 3192 2473 ἀκολουθίαν.
3227 2411 3420 2466 Καίτοι
3450 2409 3540 2462 ἐπὶ
3573 2407 3675 2477 μὲν

2097 2512 2206 2564 τῶν
2228 2513 2284 2564 ὲν
2312 2511 2528 2579 γενέσει
2561 2511 2654 2564 καὶ
2688 2511 2885 2581 φθορᾷ,
2911 2511 3002 2563 καὶ
3032 2506 3198 2579 χωρὶς
3229 2504 3416 2558 τούτου
3459 2500 3519 2553 τὸ
3551 2501 3668 2552 ἓτε-

2100 2618 2191 2672 ρον
2216 2601 2275 2665 ὲξ
2298 2601 2489 2669 ἑτέρου
2534 2601 2632 2671 τὴν
2683 2601 2920 2671 φυσικὴν
2949 2599 3130 2652 αἰτίαν
3167 2596 3314 2665 ἔχειν
3363 2591 3463 2662 τῆς
3489 2589 3670 2655 ὑπάρ-

2098 2694 2256 2757 ξεως,
2307 2692 2533 2746 δυνατὸν
2563 2693 2703 2746 κατά
2731 2710 2850 2746 τινα
2901 2692 3000 2758 τῆς
3032 2690 3164 2760 ὕλης
3199 2686 3504 2754 οἰκειότητα
3550 2681 3668 2735 τόδε

2095 2763 2249 2837 τοῦδε
2306 2782 2558 2852 λέγεσθαι
2589 2784 2684 2836 καὶ
2721 2784 2906 2852 ὅμοιον
2951 2782 2982 2851 ἢ
3015 2779 3296 2850 ὁμοούσιον
3327 2775 3511 2837 ἀπλῶς
3532 2789 3547 2804 ο
3577 2771 3672 2824 ἐπὶ

2093 2877 2150 2929 δὲ
2185 2876 2277 2930 τοῦ
2307 2875 2463 2941 Θεοῦ,
2495 2874 2617 2928 ἐπεὶ
2657 2876 2716 2927 ὲν
2746 2873 2892 2943 αὐτῷ
2923 2875 2956 2944 ή
2989 2871 3089 2943 ῦλη
3123 2872 3218 2924 καὶ
3264 2869 3443 2924 πάντα
3467 2865 3536 2919 τὰ
3572 2864 3672 2933 τῆς

2097 2967 2227 3039 ὕλης
2283 2969 2499 3033 ἄπεστι,
2537 2967 2628 3020 καὶ
2659 2965 2783 3019 οὔτε
2814 2964 2938 3020 καθ’
2968 2965 3242 3035 ὑπεροχήν
3269 2978 3327 3014 τε
3361 2959 3454 3013 καὶ
3495 2957 3666 3011 ἔλλει-

2092 3061 2208 3129 ψιν,
2231 3059 2354 3112 οὔτε
2385 3059 2460 3122 ὡς
2490 3057 2756 3128 κτῆμα,ἢ
2789 3057 3020 3126 ποίημα,
3055 3054 3168 3118 οὗθ’
3199 3051 3448 3107 ὁπωσοῦν
3498 3047 3672 3108 ἄλλως

2093 3152 2316 3205 δύναται
2348 3149 2601 3219 λέγεσθαι
2631 3151 2791 3208 ῗκατά
2817 3147 3074 3215 τοιαύτην
3107 3147 3434 3212 οἰκειότητα,
3460 3140 3518 3194 οὐ
3548 3135 3671 3192 καθ’

2093 3245 2281 3315 ἕτερον
2326 3244 2500 3314 δήπου
2553 3243 2711 3309 λόγον
2752 3241 2870 3294 τόδε
2900 3237 3054 3293 τοῦδε
3110 3235 3363 3305 λέγεσθαι
3397 3231 3668 3301 ἐνδέχεται

2097 3340 2194 3393 καὶ
2219 3336 2510 3408 ὁμοούσιον
2552 3335 2856 3406 ὑπάρχειν,
2907 3332 2940 3405 ἦ
2995 3333 3081 3386 ὅτι
3127 3329 3226 3400 τὴν
3261 3327 3442 3380 αἰτίαν
3469 3325 3581 3393 ἔχει
3611 3320 3672 3386 ἐξ

2095 3428 2288 3483 αὐτοῦ.
2327 3428 2484 3483 Κατὰ
2509 3428 2600 3481 τὸν
2634 3427 2800 3481 αὑτὸν
2845 3423 3024 3477 τοίνυν
3069 3422 3249 3489 λόγον,
3303 3421 3402 3472 οῦκ
3447 3416 3554 3486 ἀρα
3579 3412 3670 3467 τοῦ

2101 3520 2228 3574 Υἱοῦ
2259 3519 2320 3572 τὺ
2371 3518 2596 3589 Πνεῦμα
2625 3513 2764 3570 εἷναι
2797 3517 3035 3584 λέγεται,
3081 3513 3176 3566 καὶ
3197 3511 3261 3582 δὴ
3291 3510 3386 3564 καὶ
3417 3509 3669 3575 δύναμις,

2097 3615 2190 3666 καὶ
2219 3609 2422 3681 φυσικὴ
2463 3612 2556 3663 καὶ
2609 3608 2875 3679 οὑσιώδης
2920 3607 3033 3676 ζωὴ
3079 3607 3173 3658 καὶ
3205 3603 3454 3671 ἐνέργεια
3487 3596 3673 3663 αὑτοῦ,

2101 3705 2195 3760 καὶ
2233 3705 2298 3756 ὲκ
2326 3702 2424 3770 τῆς
2449 3701 2638 3764 οὐσίας
2667 3697 2810 3753 εἶναι
2843 3695 3029 3761 αὑτοῦ,
3058 3697 3162 3760 ὅτι,
3195 3695 3270 3758 ὡς
3301 3693 3455 3747 αὐτοί
3487 3705 3671 3760 φασιν,

2103 3795 2385 3865 ὁμοούσιον
2418 3789 2557 3847 εἶναι
2583 3793 2751 3862 αὐτῷ,
2785 3789 2922 3845 ἀλλὰ
2965 3789 3102 3842 διότι
3149 3789 3212 3840 ὲκ
3238 3785 3331 3839 τοῦ
3359 3782 3571 3854 Πατρὸς
3607 3781 3672 3834 δι’

2102 3888 2269 3941 αὐτοῦ
2315 3887 2410 3939 τοῦ
2458 3887 2589 3940 Υἱοῦ
2639 3885 2739 3956 τὴν
2803 3883 2984 3938 αἰτίαν
3016 3883 3129 3951 ἔχει
3180 3880 3281 3948 τῆς
3320 3874 3672 3948 προσωπικῆς

2102 3979 2390 4048 ὑπάρξεως
2423 3978 2613 4040 αὑτοῦ,
2643 3976 2732 4030 διὰ
2761 3976 2920 4029 τοῦτο
2942 3974 3112 4027 ταῦτα
3163 3967 3303 4025 εἶναι
3329 3971 3548 4038 λέγεται
3577 3963 3670 4019 τοῦ

2101 4071 2231 4126 Υἱοῦ
2261 4070 2322 4124 τὸ
2357 4069 2602 4140 Πνεῦμα,
2630 4071 2727 4123 καὶ
2759 4070 2822 4120 ἐκ
2852 4067 2952 4136 τῆς
2974 4066 3159 4129 οὐσίας
3187 4064 3350 4118 αὐτοῦ
3375 4055 3536 4123 εἶναι,
3581 4057 3673 4111 καὶ

2095 4163 2378 4234 ὁμοούσιον
2406 4161 2580 4233 αὐτῷ,
2641 4161 2858 4232 μάλισθ’
2910 4163 2993 4214 ὅτι
3037 4159 3131 4213 καὶ
3178 4158 3301 4211 οὐδὲ
3327 4152 3673 4224 ἀντιστρέφει

2094 4257 2301 4310 τούτων
2328 4257 2361 4321 ἡ
2385 4255 2568 4325 σχέσις
2590 4254 2695 4308 ἀπὸ
2725 4251 2816 4307 τοῦ
2834 4251 2966 4306 Υίοῦ
2999 4251 3137 4322 πρὸς
3159 4251 3224 4304 τὺ
3250 4250 3470 4318 Πνεῦμα
3487 4262 3501 4276 ’
3531 4246 3674 4314 ἅπερ

2095 4348 2283 4418 ἐχρῆν,
2315 4349 2365 4400 εί
2416 4347 2558 4400 κατὰ
2587 4345 2678 4399 τὸν
2709 4345 2886 4398 κοινὸν
2929 4345 3054 4416 ὅρον
3082 4343 3182 4414 τῆς
3225 4341 3369 4396 κατὰ
3393 4341 3493 4411 τὴν
3523 4340 3675 4392 ἀντι-

2099 4440 2340 4510 στροφὴν
2367 4437 2691 4500 ἀκολουθίας
2707 4435 3009 4490 ἀπεδίδοτοο
3036 4435 3112 4498 ὡς
3133 4435 3369 4505 εἴρηται,
3407 4433 3564 4501 εἴπερ
3588 4427 3674 4483 διὰ

417 4517 464 4570 si
495 4517 798 4571 secundum
835 4534 1186 4574 communem
1225 4519 1603 4576 definitionem
1647 4538 1991 4594 consequen-

2100 4532 2161 4584 τὸ
2192 4531 2480 4600 ὁμοούσιον
2511 4532 2695 4583 ἐκεῖνα
2723 4529 2907 4584 πάντα
2939 4529 3184 4598 ἐλέγετο.

418 4617 524 4681 tiae,
555 4631 677 4686 quae
709 4625 792 4668 est
841 4614 1144 4670 secundum
1191 4616 1708 4688 reciprocationem,
1780 4622 2202 4693 assignaretur:
2247 4634 2309 4680 ut
2371 4627 2582 4682 dictum
2613 4634 2733 4693 est,
2789 4625 2837 4681 si
2905 4632 3134 4696 propter
3195 4614 3675 4677 consubstantiali-

418 4719 585 4765 tatcm
625 4709 714 4763 illa
755 4711 941 4764 omnia
979 4709 1319 4764 dicerentur.

491 4803 784 4867 Praeterea,
815 4802 858 4854 si
898 4800 1226 4856 luccomnia
1269 4802 1392 4856 Filii
1429 4819 1551 4858 esse
1590 4804 1833 4875 Spiritus
1858 4807 1996 4861 dici-

423 4905 531 4958 tur,
563 4893 825 4963 quoniam
869 4903 953 4948 est
979 4894 1081 4962 ipsi
1118 4896 1626 4962 consubstantialis,
1668 4899 1992 4953 alterutrum

421 5000 646 5039 necesse
670 4993 774 5048 est,
803 4986 886 5039 vel
911 5002 974 5040 ex
1002 4987 1118 5041 solo
1144 4988 1301 5042 Patre
1329 4990 1489 5044 ambo
1508 5005 1630 5044 esse
1657 4991 1993 5056 immediate,

419 5077 572 5131 nullo
606 5077 820 5140 ordine,
863 5094 927 5132 ac
958 5079 1226 5134 relatione
1255 5081 1605 5136 considerata
1639 5084 1695 5137 in
1737 5082 1898 5147 Filio,
1941 5095 1997 5140 et

423 5163 657 5236 Spiritu,
690 5167 772 5219 vel
803 5166 1035 5221 alterum
1058 5183 1125 5222 ex
1181 5169 1354 5223 altero
1389 5171 1766 5226 exsistentiam
1815 5173 1990 5228 habe-

419 5272 501 5311 re.
528 5255 635 5311 Sed
672 5257 716 5312 si
748 5257 1006 5326 primum,
1040 5257 1236 5313 fratres
1281 5270 1446 5314 erunt
1469 5261 1614 5317 inter
1649 5277 1708 5316 se
1739 5263 1912 5318 Filius
1942 5271 1997 5317 et

421 5349 700 5419 Spiritus;
737 5365 856 5419 quae
895 5349 1041 5404 enim
1089 5366 1155 5406 ex
1195 5368 1301 5405 una
1336 5368 1572 5422 persona
1612 5363 1760 5418 sunt,
1815 5371 1997 5425 neque

422 5441 595 5495 ullum
628 5441 832 5495 habent
870 5441 1117 5496 ordinem
1183 5443 1331 5498 inter
1380 5459 1438 5498 se
1501 5461 1614 5499 suae
1661 5446 1998 5501 exsistentia:

423 5532 622 5588 fratres
662 5544 791 5589 sunt
843 5535 988 5589 inter
1024 5551 1116 5601 se;
1147 5536 1231 5590 vel
1297 5536 1796 5608 quomodocunque
1837 5538 1998 5594 aliter

423 5627 726 5681 secundum
752 5627 1023 5698 ejusmodi
1063 5628 1408 5684 afﬁnitatem.
1443 5627 1558 5683 Hoc
1591 5639 1774 5684 autem
1805 5631 1999 5686 absur-

423 5719 554 5773 dum
591 5728 696 5773 est.
725 5719 921 5775 Essent
949 5720 1096 5773 enim
1135 5720 1245 5774 duo
1299 5719 1393 5773 lilii
1427 5719 1484 5774 in
1529 5719 1801 5776 Trinitate
1829 5739 1844 5787 ;
1875 5721 1986 5776 imo

420 5824 555 5867 Vero
592 5827 698 5866 non
731 5821 878 5867 esset
921 5811 1186 5867 Trinitas.
1232 5811 1448 5881 Quippe
1496 5811 1692 5866 merito
1723 5823 1998 5881 quaereret

422 5903 644 5976 aliquis,
670 5921 780 5976 quo
808 5905 980 5960 Filius
1019 5903 1370 5960 discernatur
1392 5920 1418 5957 a
1453 5901 1687 5974 Spiritu.
1722 5905 1991 5969 Quoniam

2175 4806 2315 4868 Ἔτι,
2362 4806 2409 4856 εἰ
2461 4803 2637 4860 πάντα
2683 4803 2857 4858 ταῦτα
2891 4803 2985 4857 τοῦ
3025 4802 3157 4856 Υίοῦ
3187 4800 3248 4855 τὸ
3278 4797 3500 4857 Πνεῦμα
3535 4790 3676 4851 εἶναι

2098 4898 2337 4964 λέγεται,
2392 4896 2525 4948 διότι
2560 4895 2707 4950 ἐστὶν
2739 4897 3024 4966 ὁμοούσιον
3058 4895 3207 4964 αὐτῷ
3229 4909 3244 4923 ⁸
3275 4894 3421 4947 δυοῖν
3463 4893 3674 4960 ἀνάγκη

2100 4991 2324 5060 θάτερον
2345 5029 2358 5053 ,
2391 4989 2424 5058 ἣ
2453 4990 2517 5042 ὲκ
2573 4989 2736 5060 μόνου
2776 4985 2870 5040 τοῦ
2909 4988 3123 5058 Πατρὺς
3148 4982 3287 5039 εἶναι
3311 4986 3550 5052 ἀμέσως,
3583 4982 3676 5036 καὶ

2099 5084 2267 5153 ἄμφω
2299 5083 2570 5153 μηδεμιᾶς
2601 5080 2805 5145 τάξεως
2853 5081 2949 5134 καὶ
2975 5081 3208 5149 σχέσεως
3239 5073 3677 5146 ἐνοεωρουμένης

2099 5176 2214 5246 Υίῷ
2256 5175 2352 5229 καὶ
2377 5175 2676 5244 Πνεὺματι,
2712 5172 2746 5243 ἢ
2801 5172 2859 5226 τὸ
2893 5171 2952 5227 ἓν
2985 5173 3043 5238 ἐξ
3081 5171 3268 5243 ἑτέρου
3311 5169 3411 5240 τὴν
3443 5166 3674 5236 ὓπαρξιν

2101 5268 2266 5338 ἔχειν.
2309 5265 2450 5319 Ἀλλ’
2486 5268 2535 5319 εί
2565 5266 2664 5334 μὲν
2697 5265 2756 5318 τὸ
2811 5264 3046 5335 πρῶτον,
3080 5263 3288 5332 ἀδελφὰ
3328 5260 3580 5332 ἀλλήλοις
3609 5257 3674 5310 ἂν

2101 5359 2185 5430 εἴη
2210 5361 2238 5412 ὁ
2255 5358 2382 5421 Υἱὸς
2414 5359 2507 5412 καὶ
2532 5359 2590 5410 τὸ
2619 5357 2868 5427 Πνεῦμα·
2889 5357 2956 5411 τὰ
2983 5357 3092 5426 γὰρ
3123 5356 3182 5420 ἐξ
3205 5354 3322 5418 ἑνὸς
3351 5353 3479 5406 ὅντα
3502 5367 3671 5420 προσ-

2098 5450 2272 5512 ώπου,
2324 5449 2597 5519 μηδεμίαν
2659 5449 2715 5502 δὲ
2763 5449 2899 5518 πρὸς
2943 5447 3145 5518 ἄλληλα
3173 5446 3326 5512 τάξιν
3368 5446 3555 5516 ἔχοντα
3579 5441 3676 5510 τῆς

2101 5541 2388 5611 ὑπάρξεως
2415 5540 2618 5606 αὐτῶν,
2647 5540 2853 5610 ἀδελφά
2881 5541 3016 5593 εἰσιν
3050 5538 3330 5610 ἀλλήλοιςο
3361 5537 3394 5606 ἢ
3423 5532 3669 5589 ὁπωσοῦν

2104 5634 2276 5697 dum;
2303 5633 2442 5686 κατά
2476 5633 2575 5702 τὴν
2605 5633 2861 5702 τοιαύτην
2893 5632 3222 5701 οἰκειότητα.
3266 5628 3434 5682 Τοῦτο
3468 5627 3525 5678 δὲ
3553 5625 3677 5678 ἆτος-

2105 5743 2227 5778 πον.
2265 5725 2386 5777 Υἱοὶ
2419 5723 2525 5793 γὰρ
2555 5723 2646 5777 δύο
2676 5718 2786 5776 εἶεν
2823 5722 2888 5776 ἂν
2926 5725 2985 5776 ὲν
3013 5725 3077 5794 τῇ
3137 5721 3325 5792 Τριάδι
3351 5735 3365 5750 σ
3401 5717 3598 5788 μᾶλλον
3621 5714 3677 5766 δὲ

2102 5817 2222 5868 οὐδὲ
2253 5816 2422 5885 Τριὰς
2471 5814 2576 5882 εἴη.
2601 5807 2861 5885 Ζητήσείε
2894 5815 3002 5886 γὰρ
3046 5814 3112 5868 ἄν
3145 5831 3227 5876 τις
3257 5811 3495 5875 εἰκότως,
3517 5809 3620 5860 τίνι
3650 5807 3677 5858 ὁ

2107 5907 2230 5960 Yth;
2265 5905 2355 5957 τοῦ
2391 5906 2702 5976 Πνεῦματος
2726 5906 3083 5970 διακρὶνεταιο
3145 5904 3267 5958 ἐπεὶ
3301 5905 3359 5957 ὲν
3384 5903 3496 5965 τοῖς
3515 5897 3676 5959 θείοις
