  <div class='ocr_page' id='page_1' title='image "/cluster/home/n/w/nwhite01/storage/ocr_20150623/154:no.2/coo.31924054870591/464.png"; bbox 0 0 4036 6440; ppageno 0'>
   <div class='ocr_carea' id='block_1_1' title="bbox 339 459 443 522">
    <p class='ocr_par' dir='ltr' id='par_1_1' title="bbox 339 459 443 522">
     <span class='ocr_line' id='line_1_1' title="bbox 339 459 443 522; baseline -0.029 -1"><span class='ocrx_word' id='word_1_1' title='bbox 339 459 443 522; x_wconf 73' lang='grc' dir='ltr'><strong>9Ξ7</strong></span> 
     </span>
    </p>
   </div>
   <div class='ocr_carea' id='block_1_2' title="bbox 1262 459 2672 526">
    <p class='ocr_par' dir='ltr' id='par_1_2' title="bbox 1262 459 2672 526">
     <span class='ocr_line' id='line_1_2' title="bbox 1262 459 2672 526; baseline -0.001 -4"><span class='ocrx_word' id='word_1_2' title='bbox 1262 459 1366 522; x_wconf 85' lang='lat' dir='ltr'><strong>DE</strong></span> <span class='ocrx_word' id='word_1_3' title='bbox 1405 459 1930 526; x_wconf 85' lang='lat' dir='ltr'><strong>PROCESSIONE</strong></span> <span class='ocrx_word' id='word_1_4' title='bbox 1973 461 2336 524; x_wconf 83' lang='lat' dir='ltr'><strong>SPIRITUS</strong></span> <span class='ocrx_word' id='word_1_5' title='bbox 2376 460 2672 523; x_wconf 82' lang='lat' dir='ltr'><strong>SANCTI.</strong></span> 
     </span>
    </p>
   </div>
   <div class='ocr_carea' id='block_1_3' title="bbox 3492 453 3612 519">
    <p class='ocr_par' dir='ltr' id='par_1_3' title="bbox 3492 453 3612 519">
     <span class='ocr_line' id='line_1_3' title="bbox 3492 453 3612 519; baseline 0.008 -2"><span class='ocrx_word' id='word_1_6' title='bbox 3492 453 3612 519; x_wconf 75' lang='lat'><strong>918</strong></span> 
     </span>
    </p>
   </div>
   <div class='ocr_carea' id='block_1_4' title="bbox 335 569 1975 650">
    <p class='ocr_par' dir='ltr' id='par_1_4' title="bbox 335 569 1975 650">
     <span class='ocr_line' id='line_1_4' title="bbox 335 569 1975 650; baseline 0.003 -24"><span class='ocrx_word' id='word_1_7' title='bbox 335 571 439 626; x_wconf 80' lang='grc' dir='ltr'>οῦκ</span> <span class='ocrx_word' id='word_1_8' title='bbox 466 569 596 626; x_wconf 73' lang='grc' dir='ltr'>ἄλλο</span> <span class='ocrx_word' id='word_1_9' title='bbox 638 571 738 642; x_wconf 78' lang='grc' dir='ltr'>τῆς</span> <span class='ocrx_word' id='word_1_10' title='bbox 769 572 1098 644; x_wconf 82' lang='grc' dir='ltr'>διακρίσεως</span> <span class='ocrx_word' id='word_1_11' title='bbox 1151 577 1326 632; x_wconf 83' lang='grc' dir='ltr'>αττιόν</span> <span class='ocrx_word' id='word_1_12' title='bbox 1375 578 1491 632; x_wconf 72' lang='grc' dir='ltr'>ἐστι</span> <span class='ocrx_word' id='word_1_13' title='bbox 1538 580 1639 650; x_wconf 81' lang='grc' dir='ltr'><strong>τῆς</strong></span> <span class='ocrx_word' id='word_1_14' title='bbox 1669 578 1804 650; x_wconf 77' lang='grc' dir='ltr'>ὕλης</span> <span class='ocrx_word' id='word_1_15' title='bbox 1833 579 1928 634; x_wconf 75' lang='grc' dir='ltr'><strong>καὶ</strong></span> <span class='ocrx_word' id='word_1_16' title='bbox 1954 583 1975 642; x_wconf 62' lang='grc' dir='ltr'><em>Α</em></span> 
     </span>
    </p>
   </div>
   <div class='ocr_carea' id='block_1_5' title="bbox 2078 569 3620 650">
    <p class='ocr_par' dir='ltr' id='par_1_5' title="bbox 2078 575 3620 643">
     <span class='ocr_line' id='line_1_5' title="bbox 2078 575 3620 643; baseline -0.006 -6"><span class='ocrx_word' id='word_1_17' title='bbox 2078 602 2084 637; x_wconf 89' lang='lat'><strong>|</strong></span> <span class='ocrx_word' id='word_1_18' title='bbox 2104 582 2307 638; x_wconf 87' lang='lat' dir='ltr'><strong>divinis</strong></span> <span class='ocrx_word' id='word_1_19' title='bbox 2329 598 2438 638; x_wconf 92' lang='lat' dir='ltr'><strong>non</strong></span> <span class='ocrx_word' id='word_1_20' title='bbox 2460 585 2565 639; x_wconf 88' lang='lat' dir='ltr'><strong>alia</strong></span> <span class='ocrx_word' id='word_1_21' title='bbox 2591 590 2676 638; x_wconf 89' lang='lat' dir='ltr'><strong>est</strong></span> <span class='ocrx_word' id='word_1_22' title='bbox 2693 593 2858 637; x_wconf 87' lang='lat' dir='ltr'><strong>causa</strong></span> <span class='ocrx_word' id='word_1_23' title='bbox 2883 575 3255 637; x_wconf 70' lang='lat' dir='ltr'><strong>distinctionis</strong></span> <span class='ocrx_word' id='word_1_24' title='bbox 3275 576 3423 643; x_wconf 85' lang='lat' dir='ltr'><strong>(cum</strong></span> <span class='ocrx_word' id='word_1_25' title='bbox 3440 580 3620 630; x_wconf 83' lang='lat' dir='ltr'><strong>mate-</strong></span> 
     </span>
    </p>
   </div>
   <div class='ocr_carea' id='block_1_6' title="bbox 336 655 1975 743">
    <p class='ocr_par' dir='ltr' id='par_1_6' title="bbox 336 655 1923 741">
     <span class='ocr_line' id='line_1_6' title="bbox 336 655 1923 741; baseline 0.005 -23"><span class='ocrx_word' id='word_1_26' title='bbox 336 665 446 719; x_wconf 86' lang='grc' dir='ltr'>τῶν</span> <span class='ocrx_word' id='word_1_27' title='bbox 476 663 681 735; x_wconf 78' lang='grc' dir='ltr'>ταύτης</span> <span class='ocrx_word' id='word_1_28' title='bbox 730 667 980 724; x_wconf 81' lang='grc' dir='ltr'><strong>ἀπόντων</strong></span> <span class='ocrx_word' id='word_1_29' title='bbox 1027 658 1084 741; x_wconf 76' lang='grc' dir='ltr'><strong>ἢ’</strong></span> <span class='ocrx_word' id='word_1_30' title='bbox 1112 671 1173 725; x_wconf 88' lang='lat' dir='ltr'><strong>rb</strong></span> <span class='ocrx_word' id='word_1_31' title='bbox 1205 670 1306 741; x_wconf 79' lang='grc' dir='ltr'>μὲν</span> <span class='ocrx_word' id='word_1_32' title='bbox 1352 655 1551 726; x_wconf 65' lang='grc' dir='ltr'>αι’τιον’</span> <span class='ocrx_word' id='word_1_33' title='bbox 1578 668 1741 741; x_wconf 74' lang='grc' dir='ltr'>εἶναι,</span> <span class='ocrx_word' id='word_1_34' title='bbox 1777 675 1837 727; x_wconf 89' lang='lat' dir='ltr'><strong>rb</strong></span> <span class='ocrx_word' id='word_1_35' title='bbox 1866 672 1923 728; x_wconf 76' lang='grc' dir='ltr'>δὲ</span> 
     </span>
    </p>
   </div>
   <div class='ocr_carea' id='block_1_7' title="bbox 2078 655 3622 743">
    <p class='ocr_par' dir='ltr' id='par_1_7' title="bbox 2079 659 3622 743">
     <span class='ocr_line' id='line_1_7' title="bbox 2079 659 3622 743; baseline -0.008 -15"><span class='ocrx_word' id='word_1_36' title='bbox 2079 689 2131 742; x_wconf 88' lang='lat' dir='ltr'><strong>a,</strong></span> <span class='ocrx_word' id='word_1_37' title='bbox 2160 681 2217 728; x_wconf 90' lang='lat' dir='ltr'><strong>et</strong></span> <span class='ocrx_word' id='word_1_38' title='bbox 2244 673 2451 740; x_wconf 89' lang='lat' dir='ltr'><strong>omnia,</strong></span> <span class='ocrx_word' id='word_1_39' title='bbox 2480 688 2602 743; x_wconf 74' lang='lat' dir='ltr'><strong>quae</strong></span> <span class='ocrx_word' id='word_1_40' title='bbox 2619 686 2739 727; x_wconf 90' lang='lat' dir='ltr'><strong>eam</strong></span> <span class='ocrx_word' id='word_1_41' title='bbox 2755 677 3064 741; x_wconf 87' lang='lat' dir='ltr'><strong>sequuntur</strong></span> <span class='ocrx_word' id='word_1_42' title='bbox 3080 667 3241 737; x_wconf 81' lang='lat' dir='ltr'><strong>longe</strong></span> <span class='ocrx_word' id='word_1_43' title='bbox 3262 661 3494 735; x_wconf 89' lang='lat' dir='ltr'><strong>absint),</strong></span> <span class='ocrx_word' id='word_1_44' title='bbox 3514 659 3622 717; x_wconf 78' lang='lat' dir='ltr'><strong>nisi</strong></span> 
     </span>
    </p>
   </div>
   <div class='ocr_carea' id='block_1_8' title="bbox 338 755 1975 863">
    <p class='ocr_par' dir='ltr' id='par_1_8' title="bbox 338 755 1924 863">
     <span class='ocr_line' id='line_1_8' title="bbox 338 755 1924 863; baseline 0.005 -55"><span class='ocrx_word' id='word_1_45' title='bbox 338 755 599 863; x_wconf 66' lang='grc' dir='ltr'>αίτιατόν.</span> <span class='ocrx_word' id='word_1_46' title='bbox 622 755 892 863; x_wconf 47' lang='grc' dir='ltr'>,Λείπεται</span> <span class='ocrx_word' id='word_1_47' title='bbox 944 758 1123 812; x_wconf 79' lang='grc' dir='ltr'><strong>τοίνυν</strong></span> <span class='ocrx_word' id='word_1_48' title='bbox 1153 760 1216 815; x_wconf 89' lang='lat' dir='ltr'><strong>rb</strong></span> <span class='ocrx_word' id='word_1_49' title='bbox 1247 761 1524 863; x_wconf 43' lang='grc' dir='ltr'>δρτερον,</span> <span class='ocrx_word' id='word_1_50' title='bbox 1551 761 1792 832; x_wconf 86' lang='grc' dir='ltr'>δηλονότι</span> <span class='ocrx_word' id='word_1_51' title='bbox 1828 761 1924 816; x_wconf 82' lang='grc' dir='ltr'><strong>θά-</strong></span> 
     </span>
    </p>
   </div>
   <div class='ocr_carea' id='block_1_9' title="bbox 2078 755 3621 863">
    <p class='ocr_par' dir='ltr' id='par_1_9' title="bbox 2078 762 3621 837">
     <span class='ocr_line' id='line_1_9' title="bbox 2078 762 3621 837; baseline -0.009 -16"><span class='ocrx_word' id='word_1_52' title='bbox 2078 781 2198 821; x_wconf 90' lang='lat' dir='ltr'><strong>num</strong></span> <span class='ocrx_word' id='word_1_53' title='bbox 2222 765 2442 837; x_wconf 85' lang='lat' dir='ltr'><strong>quidem</strong></span> <span class='ocrx_word' id='word_1_54' title='bbox 2464 780 2587 821; x_wconf 91' lang='lat' dir='ltr'><strong>esse</strong></span> <span class='ocrx_word' id='word_1_55' title='bbox 2613 778 2854 829; x_wconf 89' lang='lat' dir='ltr'><strong>causam,</strong></span> <span class='ocrx_word' id='word_1_56' title='bbox 2885 762 3120 816; x_wconf 91' lang='lat' dir='ltr'><strong>alterum</strong></span> <span class='ocrx_word' id='word_1_57' title='bbox 3154 771 3283 813; x_wconf 83' lang='lat' dir='ltr'><strong>vero</strong></span> <span class='ocrx_word' id='word_1_58' title='bbox 3311 763 3621 812; x_wconf 85' lang='lat' dir='ltr'><strong>causatum.</strong></span> 
     </span>
    </p>
   </div>
   <div class='ocr_carea' id='block_1_10' title="bbox 339 846 1928 923">
    <p class='ocr_par' dir='ltr' id='par_1_10' title="bbox 339 846 1928 923">
     <span class='ocr_line' id='line_1_10' title="bbox 339 846 1928 923; baseline 0.004 -23"><span class='ocrx_word' id='word_1_59' title='bbox 339 864 498 915; x_wconf 77' lang='grc' dir='ltr'>τερον</span> <span class='ocrx_word' id='word_1_60' title='bbox 526 846 585 912; x_wconf 79' lang='grc' dir='ltr'>ἐξ</span> <span class='ocrx_word' id='word_1_61' title='bbox 616 848 805 919; x_wconf 78' lang='grc' dir='ltr'>ἑτέρου</span> <span class='ocrx_word' id='word_1_62' title='bbox 831 851 933 921; x_wconf 81' lang='grc' dir='ltr'>τὴν</span> <span class='ocrx_word' id='word_1_63' title='bbox 965 849 1201 922; x_wconf 78' lang='grc' dir='ltr'>ὓπαρξιν</span> <span class='ocrx_word' id='word_1_64' title='bbox 1231 846 1396 923; x_wconf 74' lang='grc' dir='ltr'>ἔχέιν.</span> <span class='ocrx_word' id='word_1_65' title='bbox 1431 853 1587 907; x_wconf 79' lang='grc' dir='ltr'>Ἐπεὶ</span> <span class='ocrx_word' id='word_1_66' title='bbox 1636 855 1732 909; x_wconf 72' lang='grc' dir='ltr'><strong>καὶ</strong></span> <span class='ocrx_word' id='word_1_67' title='bbox 1761 853 1928 908; x_wconf 81' lang='grc' dir='ltr'>δέδει-</span> 
     </span>
    </p>
   </div>
   <div class='ocr_carea' id='block_1_11' title="bbox 345 938 1931 1011">
    <p class='ocr_par' dir='ltr' id='par_1_11' title="bbox 345 938 1931 1011">
     <span class='ocr_line' id='line_1_11' title="bbox 345 938 1931 1011; baseline 0.003 -20"><span class='ocrx_word' id='word_1_68' title='bbox 345 955 471 991; x_wconf 77' lang='grc' dir='ltr'>κται</span> <span class='ocrx_word' id='word_1_69' title='bbox 498 938 561 992; x_wconf 85' lang='lat' dir='ltr'><strong>rb</strong></span> <span class='ocrx_word' id='word_1_70' title='bbox 608 939 894 1010; x_wconf 82' lang='grc' dir='ltr'>ὁμοούσιον</span> <span class='ocrx_word' id='word_1_71' title='bbox 931 940 1185 997; x_wconf 78' lang='grc' dir='ltr'>ἐντεῦθεν</span> <span class='ocrx_word' id='word_1_72' title='bbox 1213 944 1306 997; x_wconf 70' lang='grc' dir='ltr'>ιπὶ</span> <span class='ocrx_word' id='word_1_73' title='bbox 1346 944 1454 998; x_wconf 85' lang='grc' dir='ltr'>τῶν</span> <span class='ocrx_word' id='word_1_74' title='bbox 1497 944 1660 999; x_wconf 97' lang='grc' dir='ltr'>θείων</span> <span class='ocrx_word' id='word_1_75' title='bbox 1696 944 1931 1011; x_wconf 67' lang='grc' dir='ltr'><strong>συνόιγε⁸</strong></span> 
     </span>
    </p>
   </div>
   <div class='ocr_carea' id='block_1_12' title="bbox 346 1030 1930 1107">
    <p class='ocr_par' dir='ltr' id='par_1_12' title="bbox 346 1030 1930 1107">
     <span class='ocr_line' id='line_1_12' title="bbox 346 1030 1930 1107; baseline 0.004 -23"><span class='ocrx_word' id='word_1_76' title='bbox 346 1031 489 1097; x_wconf 86' lang='grc' dir='ltr'>σθαι,</span> <span class='ocrx_word' id='word_1_77' title='bbox 520 1030 659 1086; x_wconf 97' lang='grc' dir='ltr'>διότι</span> <span class='ocrx_word' id='word_1_78' title='bbox 687 1032 913 1106; x_wconf 83' lang='grc' dir='ltr'>θάτερον</span> <span class='ocrx_word' id='word_1_79' title='bbox 933 1034 993 1099; x_wconf 72' lang='grc' dir='ltr'><strong>ἐξ</strong></span> <span class='ocrx_word' id='word_1_80' title='bbox 1011 1035 1198 1107; x_wconf 77' lang='grc' dir='ltr'>ἑτέρου</span> <span class='ocrx_word' id='word_1_81' title='bbox 1221 1036 1372 1090; x_wconf 72' lang='grc' dir='ltr'>ἐστὶν</span> <span class='ocrx_word' id='word_1_82' title='bbox 1401 1037 1476 1100; x_wconf 82' lang='grc' dir='ltr'>ὡς</span> <span class='ocrx_word' id='word_1_83' title='bbox 1498 1036 1679 1100; x_wconf 87' lang='grc' dir='ltr'>αίτίας</span> <span class='ocrx_word' id='word_1_84' title='bbox 1710 1033 1930 1091; x_wconf 80' lang='grc' dir='ltr'>ἑαυτοῦ.</span> 
     </span>
    </p>
   </div>
   <div class='ocr_carea' id='block_1_13' title="bbox 358 1121 1933 1198">
    <p class='ocr_par' dir='ltr' id='par_1_13' title="bbox 358 1121 1933 1198">
     <span class='ocr_line' id='line_1_13' title="bbox 358 1121 1933 1198; baseline 0.004 -23"><span class='ocrx_word' id='word_1_85' title='bbox 358 1121 501 1175; x_wconf 76' lang='grc' dir='ltr'>Ἀλλ’</span> <span class='ocrx_word' id='word_1_86' title='bbox 525 1125 554 1176; x_wconf 86' lang='grc' dir='ltr'><strong>δ</strong></span> <span class='ocrx_word' id='word_1_87' title='bbox 579 1125 681 1193; x_wconf 80' lang='grc' dir='ltr'>μὲν</span> <span class='ocrx_word' id='word_1_88' title='bbox 708 1124 838 1188; x_wconf 76' lang='grc' dir='ltr'>Υἱὸς</span> <span class='ocrx_word' id='word_1_89' title='bbox 865 1125 966 1178; x_wconf 83' lang='grc' dir='ltr'><strong>οὐκ</strong></span> <span class='ocrx_word' id='word_1_90' title='bbox 992 1126 1060 1180; x_wconf 77' lang='grc' dir='ltr'>ἂν</span> <span class='ocrx_word' id='word_1_91' title='bbox 1084 1129 1149 1181; x_wconf 78' lang='grc' dir='ltr'><strong>ἐκ</strong></span> <span class='ocrx_word' id='word_1_92' title='bbox 1189 1127 1287 1181; x_wconf 87' lang='grc' dir='ltr'><strong>τοῦ</strong></span> <span class='ocrx_word' id='word_1_93' title='bbox 1337 1128 1659 1198; x_wconf 82' lang='grc' dir='ltr'>Πνεῦματος</span> <span class='ocrx_word' id='word_1_94' title='bbox 1696 1126 1933 1195; x_wconf 81' lang='grc' dir='ltr'><strong>λέγοιτο.</strong></span> 
     </span>
    </p>
   </div>
   <div class='ocr_carea' id='block_1_14' title="bbox 2029 847 3627 929">
    <p class='ocr_par' dir='ltr' id='par_1_14' title="bbox 2029 847 3627 929">
     <span class='ocr_line' id='line_1_14' title="bbox 2029 847 3627 929; baseline -0.011 -12"><span class='ocrx_word' id='word_1_95' title='bbox 2029 861 2221 917; x_wconf 81' lang='lat' dir='ltr'><strong>Restat</strong></span> <span class='ocrx_word' id='word_1_96' title='bbox 2257 859 2425 929; x_wconf 78' lang='lat' dir='ltr'><strong>igitur</strong></span> <span class='ocrx_word' id='word_1_97' title='bbox 2464 855 2762 928; x_wconf 74' lang='lat' dir='ltr'><strong>posterius,</strong></span> <span class='ocrx_word' id='word_1_98' title='bbox 2806 854 3020 909; x_wconf 78' lang='lat' dir='ltr'><strong>scilicet</strong></span> <span class='ocrx_word' id='word_1_99' title='bbox 3071 851 3307 906; x_wconf 84' lang='lat' dir='ltr'><strong>alterum</strong></span> <span class='ocrx_word' id='word_1_100' title='bbox 3341 863 3408 905; x_wconf 83' lang='lat' dir='ltr'><strong>ex</strong></span> <span class='ocrx_word' id='word_1_101' title='bbox 3450 847 3627 902; x_wconf 89' lang='lat' dir='ltr'><strong>altero</strong></span> 
     </span>
    </p>
   </div>
   <div class='ocr_carea' id='block_1_15' title="bbox 2031 947 3623 1014">
    <p class='ocr_par' dir='ltr' id='par_1_15' title="bbox 2031 947 3623 1014">
     <span class='ocr_line' id='line_1_15' title="bbox 2031 947 3623 1014; baseline -0.011 -4"><span class='ocrx_word' id='word_1_102' title='bbox 2031 952 2410 1010; x_wconf 86' lang='lat' dir='ltr'><strong>exsistentiam</strong></span> <span class='ocrx_word' id='word_1_103' title='bbox 2444 949 2667 1005; x_wconf 88' lang='lat' dir='ltr'><strong>habere.</strong></span> <span class='ocrx_word' id='word_1_104' title='bbox 2701 947 2972 1014; x_wconf 85' lang='lat' dir='ltr'><strong>Quoniam</strong></span> <span class='ocrx_word' id='word_1_105' title='bbox 3021 955 3306 1000; x_wconf 89' lang='lat' dir='ltr'><strong>ostensum</strong></span> <span class='ocrx_word' id='word_1_106' title='bbox 3358 948 3468 1005; x_wconf 91' lang='lat' dir='ltr'><strong>est,</strong></span> <span class='ocrx_word' id='word_1_107' title='bbox 3493 954 3623 995; x_wconf 87' lang='lat' dir='ltr'><strong>con-</strong></span> 
     </span>
    </p>
   </div>
   <div class='ocr_carea' id='block_1_16' title="bbox 2035 1033 3626 1106">
    <p class='ocr_par' dir='ltr' id='par_1_16' title="bbox 2035 1033 3626 1106">
     <span class='ocr_line' id='line_1_16' title="bbox 2035 1033 3626 1106; baseline -0.009 -6"><span class='ocrx_word' id='word_1_108' title='bbox 2035 1042 2559 1100; x_wconf 87' lang='lat' dir='ltr'><strong>substantialitatem</strong></span> <span class='ocrx_word' id='word_1_109' title='bbox 2590 1042 2721 1098; x_wconf 90' lang='lat' dir='ltr'><strong>inde</strong></span> <span class='ocrx_word' id='word_1_110' title='bbox 2753 1041 2807 1095; x_wconf 93' lang='lat' dir='ltr'><strong>in</strong></span> <span class='ocrx_word' id='word_1_111' title='bbox 2835 1038 3040 1095; x_wconf 87' lang='lat' dir='ltr'><strong>divinis</strong></span> <span class='ocrx_word' id='word_1_112' title='bbox 3067 1037 3271 1106; x_wconf 79' lang='lat' dir='ltr'><strong>colligi,</strong></span> <span class='ocrx_word' id='word_1_113' title='bbox 3300 1033 3447 1105; x_wconf 79' lang='lat' dir='ltr'><strong>quod</strong></span> <span class='ocrx_word' id='word_1_114' title='bbox 3483 1033 3626 1088; x_wconf 89' lang='lat' dir='ltr'><strong>alte-</strong></span> 
     </span>
    </p>
   </div>
   <div class='ocr_carea' id='block_1_17' title="bbox 2040 1124 3623 1203">
    <p class='ocr_par' dir='ltr' id='par_1_17' title="bbox 2040 1124 3623 1203">
     <span class='ocr_line' id='line_1_17' title="bbox 2040 1124 3623 1203; baseline -0.01 -12"><span class='ocrx_word' id='word_1_115' title='bbox 2040 1150 2163 1191; x_wconf 89' lang='lat' dir='ltr'><strong>rum</strong></span> <span class='ocrx_word' id='word_1_116' title='bbox 2193 1135 2268 1191; x_wconf 86' lang='lat' dir='ltr'><strong>sit</strong></span> <span class='ocrx_word' id='word_1_117' title='bbox 2324 1134 2393 1190; x_wconf 90' lang='lat' dir='ltr'><strong>ab</strong></span> <span class='ocrx_word' id='word_1_118' title='bbox 2434 1130 2611 1190; x_wconf 87' lang='lat' dir='ltr'><strong>altero</strong></span> <span class='ocrx_word' id='word_1_119' title='bbox 2655 1141 2918 1203; x_wconf 84' lang='lat' dir='ltr'><strong>tanquam</strong></span> <span class='ocrx_word' id='word_1_120' title='bbox 2947 1145 3016 1185; x_wconf 81' lang='lat' dir='ltr'><strong>ex</strong></span> <span class='ocrx_word' id='word_1_121' title='bbox 3050 1144 3151 1184; x_wconf 88' lang='lat' dir='ltr'><strong>sua</strong></span> <span class='ocrx_word' id='word_1_122' title='bbox 3197 1141 3383 1182; x_wconf 90' lang='lat' dir='ltr'><strong>causa.</strong></span> <span class='ocrx_word' id='word_1_123' title='bbox 3416 1124 3623 1180; x_wconf 79' lang='lat' dir='ltr'><strong>Verum</strong></span> 
     </span>
    </p>
   </div>
   <div class='ocr_carea' id='block_1_18' title="bbox 348 1213 1975 1296">
    <p class='ocr_par' dir='ltr' id='par_1_18' title="bbox 348 1213 1938 1290">
     <span class='ocr_line' id='line_1_18' title="bbox 348 1213 1938 1290; baseline 0.004 -23"><span class='ocrx_word' id='word_1_124' title='bbox 348 1214 425 1267; x_wconf 77' lang='grc' dir='ltr'><strong>Οὐ</strong></span> <span class='ocrx_word' id='word_1_125' title='bbox 450 1213 558 1285; x_wconf 82' lang='grc' dir='ltr'>γὰρ</span> <span class='ocrx_word' id='word_1_126' title='bbox 589 1214 658 1271; x_wconf 78' lang='grc' dir='ltr'>ἂν</span> <span class='ocrx_word' id='word_1_127' title='bbox 691 1216 983 1285; x_wconf 74' lang='grc' dir='ltr'>συμϐαίνοι</span> <span class='ocrx_word' id='word_1_128' title='bbox 1011 1217 1082 1272; x_wconf 84' lang='grc' dir='ltr'><strong>τὰ</strong></span> <span class='ocrx_word' id='word_1_129' title='bbox 1108 1218 1263 1290; x_wconf 79' lang='grc' dir='ltr'>παρὰ</span> <span class='ocrx_word' id='word_1_130' title='bbox 1290 1219 1394 1290; x_wconf 84' lang='grc' dir='ltr'>τῆς</span> <span class='ocrx_word' id='word_1_131' title='bbox 1423 1218 1647 1290; x_wconf 81' lang='grc' dir='ltr'>Γραφῆς</span> <span class='ocrx_word' id='word_1_132' title='bbox 1678 1219 1816 1290; x_wconf 83' lang='grc' dir='ltr'>πρὸς</span> <span class='ocrx_word' id='word_1_133' title='bbox 1843 1219 1938 1274; x_wconf 81' lang='grc' dir='ltr'>τὸν</span> 
     </span>
    </p>
   </div>
   <div class='ocr_carea' id='block_1_19' title="bbox 2078 1213 3632 1296">
    <p class='ocr_par' dir='ltr' id='par_1_19' title="bbox 2078 1215 3632 1296">
     <span class='ocr_line' id='line_1_19' title="bbox 2078 1215 3632 1296; baseline -0.009 -14"><span class='ocrx_word' id='word_1_134' title='bbox 2078 1227 2217 1282; x_wconf 90' lang='lat' dir='ltr'><strong>&#39;ilius</strong></span> <span class='ocrx_word' id='word_1_135' title='bbox 2275 1225 2500 1296; x_wconf 86' lang='lat' dir='ltr'><strong>quidem</strong></span> <span class='ocrx_word' id='word_1_136' title='bbox 2552 1241 2666 1281; x_wconf 91' lang='lat' dir='ltr'><strong>non</strong></span> <span class='ocrx_word' id='word_1_137' title='bbox 2707 1240 2772 1280; x_wconf 80' lang='lat' dir='ltr'><strong>ex</strong></span> <span class='ocrx_word' id='word_1_138' title='bbox 2828 1222 3038 1293; x_wconf 84' lang='lat' dir='ltr'><strong>Spiritu</strong></span> <span class='ocrx_word' id='word_1_139' title='bbox 3071 1219 3180 1276; x_wconf 92' lang='lat' dir='ltr'><strong>dici</strong></span> <span class='ocrx_word' id='word_1_140' title='bbox 3244 1224 3457 1289; x_wconf 83' lang='lat' dir='ltr'><strong>posset.</strong></span> <span class='ocrx_word' id='word_1_141' title='bbox 3510 1215 3632 1269; x_wconf 85' lang='lat' dir='ltr'><strong>Non</strong></span> 
     </span>
    </p>
   </div>
   <div class='ocr_carea' id='block_1_20' title="bbox 352 1305 1975 1411">
    <p class='ocr_par' dir='ltr' id='par_1_20' title="bbox 352 1305 1941 1411">
     <span class='ocr_line' id='line_1_20' title="bbox 352 1305 1941 1411; baseline 0.004 -52"><span class='ocrx_word' id='word_1_142' title='bbox 352 1305 494 1411; x_wconf 58' lang='grc' dir='ltr'><strong>Ξίδῖ</strong></span> <span class='ocrx_word' id='word_1_143' title='bbox 507 1306 871 1411; x_wconf 63' lang='grc' dir='ltr'>ἀποδιδόμενα</span> <span class='ocrx_word' id='word_1_144' title='bbox 899 1307 976 1380; x_wconf 85' lang='grc' dir='ltr'><strong>τῷ</strong></span> <span class='ocrx_word' id='word_1_145' title='bbox 1008 1309 1290 1380; x_wconf 84' lang='grc' dir='ltr'>Πνεύματι</span> <span class='ocrx_word' id='word_1_146' title='bbox 1320 1327 1336 1344; x_wconf 87' lang='grc'><strong>·</strong></span> <span class='ocrx_word' id='word_1_147' title='bbox 1383 1310 1601 1380; x_wconf 84' lang='grc' dir='ltr'>μάλισθ’</span> <span class='ocrx_word' id='word_1_148' title='bbox 1623 1312 1708 1364; x_wconf 81' lang='grc' dir='ltr'>ὅτι</span> <span class='ocrx_word' id='word_1_149' title='bbox 1760 1310 1856 1364; x_wconf 75' lang='grc' dir='ltr'><strong>καὶ</strong></span> <span class='ocrx_word' id='word_1_150' title='bbox 1878 1311 1941 1364; x_wconf 86' lang='lat' dir='ltr'><strong>rb</strong></span> 
     </span>
    </p>
   </div>
   <div class='ocr_carea' id='block_1_21' title="bbox 2078 1305 3634 1411">
    <p class='ocr_par' dir='ltr' id='par_1_21' title="bbox 2081 1308 3634 1390">
     <span class='ocr_line' id='line_1_21' title="bbox 2081 1308 3634 1390; baseline -0.01 -14"><span class='ocrx_word' id='word_1_151' title='bbox 2081 1320 2193 1374; x_wconf 91' lang='lat' dir='ltr'><strong>nim</strong></span> <span class='ocrx_word' id='word_1_152' title='bbox 2224 1318 2609 1390; x_wconf 62' lang='lat' dir='ltr'><strong>{convenirent</strong></span> <span class='ocrx_word' id='word_1_153' title='bbox 2665 1316 2828 1379; x_wconf 83' lang='lat' dir='ltr'><strong>Filio,</strong></span> <span class='ocrx_word' id='word_1_154' title='bbox 2875 1329 2998 1385; x_wconf 63' lang='lat' dir='ltr'><strong>quae</strong></span> <span class='ocrx_word' id='word_1_155' title='bbox 3048 1328 3079 1367; x_wconf 90' lang='lat' dir='ltr'><strong>a</strong></span> <span class='ocrx_word' id='word_1_156' title='bbox 3125 1326 3281 1368; x_wconf 91' lang='lat' dir='ltr'><strong>sacra</strong></span> <span class='ocrx_word' id='word_1_157' title='bbox 3344 1308 3634 1379; x_wconf 85' lang='lat' dir='ltr'><strong>Scriptura</strong></span> 
     </span>
    </p>
   </div>
   <div class='ocr_carea' id='block_1_22' title="bbox 353 1399 1975 1504">
    <p class='ocr_par' dir='ltr' id='par_1_22' title="bbox 353 1399 1942 1504">
     <span class='ocr_line' id='line_1_22' title="bbox 353 1399 1942 1504; baseline 0.003 -53"><span class='ocrx_word' id='word_1_158' title='bbox 353 1399 581 1504; x_wconf 75' lang='grc' dir='ltr'>Πνεῦμα</span> <span class='ocrx_word' id='word_1_159' title='bbox 609 1399 674 1453; x_wconf 81' lang='grc' dir='ltr'><strong>ὲκ</strong></span> <span class='ocrx_word' id='word_1_160' title='bbox 705 1399 799 1453; x_wconf 89' lang='grc' dir='ltr'><strong>τοῦ</strong></span> <span class='ocrx_word' id='word_1_161' title='bbox 845 1400 1057 1468; x_wconf 79' lang='grc' dir='ltr'>Πατρδς</span> <span class='ocrx_word' id='word_1_162' title='bbox 1107 1402 1195 1455; x_wconf 78' lang='grc' dir='ltr'><strong>διὰ</strong></span> <span class='ocrx_word' id='word_1_163' title='bbox 1227 1401 1321 1455; x_wconf 87' lang='grc' dir='ltr'><strong>τοῦ</strong></span> <span class='ocrx_word' id='word_1_164' title='bbox 1356 1400 1486 1455; x_wconf 85' lang='grc' dir='ltr'>Υίοῦ</span> <span class='ocrx_word' id='word_1_165' title='bbox 1542 1401 1942 1472; x_wconf 76' lang='grc' dir='ltr'><strong>ἐκπορεύεσθαι</strong></span> 
     </span>
    </p>
   </div>
   <div class='ocr_carea' id='block_1_23' title="bbox 2078 1399 3637 1504">
    <p class='ocr_par' dir='ltr' id='par_1_23' title="bbox 2078 1400 3637 1482">
     <span class='ocr_line' id='line_1_23' title="bbox 2078 1400 3637 1482; baseline -0.006 -19"><span class='ocrx_word' id='word_1_166' title='bbox 2078 1411 2279 1482; x_wconf 61' lang='grc' dir='ltr'><strong>.ρὶνὶιυί</strong></span> <span class='ocrx_word' id='word_1_167' title='bbox 2334 1410 2716 1480; x_wconf 77' lang='lat' dir='ltr'><strong>assignantur.</strong></span> <span class='ocrx_word' id='word_1_168' title='bbox 2772 1405 3090 1461; x_wconf 66' lang='lat' dir='ltr'><strong>Praesertim</strong></span> <span class='ocrx_word' id='word_1_169' title='bbox 3127 1410 3338 1458; x_wconf 86' lang='lat' dir='ltr'><strong>cumet</strong></span> <span class='ocrx_word' id='word_1_170' title='bbox 3395 1400 3637 1471; x_wconf 88' lang='lat' dir='ltr'><strong>Spiritus</strong></span> 
     </span>
    </p>
   </div>
   <div class='ocr_carea' id='block_1_24' title="bbox 355 1487 1975 1572">
    <p class='ocr_par' dir='ltr' id='par_1_24' title="bbox 355 1487 1945 1564">
     <span class='ocr_line' id='line_1_24' title="bbox 355 1487 1945 1564; baseline 0 -17"><span class='ocrx_word' id='word_1_171' title='bbox 355 1491 510 1563; x_wconf 81' lang='grc' dir='ltr'>παρὰ</span> <span class='ocrx_word' id='word_1_172' title='bbox 535 1491 647 1545; x_wconf 78' lang='grc' dir='ltr'><strong>τῶν</strong></span> <span class='ocrx_word' id='word_1_173' title='bbox 675 1491 1013 1547; x_wconf 80' lang='grc' dir='ltr'><strong>διδασκάλων</strong></span> <span class='ocrx_word' id='word_1_174' title='bbox 1043 1493 1374 1562; x_wconf 81' lang='grc' dir='ltr'>θεολογεῖται</span> <span class='ocrx_word' id='word_1_175' title='bbox 1398 1511 1413 1525; x_wconf 87' lang='grc'><strong>·</strong></span> <span class='ocrx_word' id='word_1_176' title='bbox 1459 1487 1631 1564; x_wconf 72' lang='grc' dir='ltr'>οὗπερ</span> <span class='ocrx_word' id='word_1_177' title='bbox 1685 1492 1945 1557; x_wconf 73' lang='grc' dir='ltr'><strong>ἐναντίως</strong></span> 
     </span>
    </p>
   </div>
   <div class='ocr_carea' id='block_1_25' title="bbox 2078 1487 3637 1572">
    <p class='ocr_par' dir='ltr' id='par_1_25' title="bbox 2078 1492 3637 1572">
     <span class='ocr_line' id='line_1_25' title="bbox 2078 1492 3637 1572; baseline -0.01 -14"><span class='ocrx_word' id='word_1_178' title='bbox 2078 1519 2113 1558; x_wconf 83' lang='lat' dir='ltr'><strong>x</strong></span> <span class='ocrx_word' id='word_1_179' title='bbox 2142 1503 2305 1558; x_wconf 81' lang='lat' dir='ltr'><strong>Patre</strong></span> <span class='ocrx_word' id='word_1_180' title='bbox 2336 1516 2434 1572; x_wconf 80' lang='lat' dir='ltr'><strong>per</strong></span> <span class='ocrx_word' id='word_1_181' title='bbox 2478 1499 2679 1555; x_wconf 89' lang='lat' dir='ltr'><strong>Filium</strong></span> <span class='ocrx_word' id='word_1_182' title='bbox 2718 1497 3022 1570; x_wconf 88' lang='lat' dir='ltr'><strong>procedere</strong></span> <span class='ocrx_word' id='word_1_183' title='bbox 3058 1510 3087 1549; x_wconf 87' lang='lat' dir='ltr'><strong>a</strong></span> <span class='ocrx_word' id='word_1_184' title='bbox 3124 1492 3395 1565; x_wconf 75' lang='lat' dir='ltr'><strong>theologis</strong></span> <span class='ocrx_word' id='word_1_185' title='bbox 3421 1505 3637 1546; x_wconf 73' lang='lat' dir='ltr'><strong>assera-</strong></span> 
     </span>
    </p>
   </div>
   <div class='ocr_carea' id='block_1_26' title="bbox 350 1558 1946 1657">
    <p class='ocr_par' dir='ltr' id='par_1_26' title="bbox 350 1558 1946 1657">
     <span class='ocr_line' id='line_1_26' title="bbox 350 1558 1946 1657; baseline 0.003 -22"><span class='ocrx_word' id='word_1_186' title='bbox 350 1558 571 1654; x_wconf 41' lang='grc' dir='ltr'>’ἔχοντες</span> <span class='ocrx_word' id='word_1_187' title='bbox 605 1583 641 1654; x_wconf 77' lang='grc' dir='ltr'>ἡ</span> <span class='ocrx_word' id='word_1_188' title='bbox 669 1582 825 1649; x_wconf 78' lang='grc' dir='ltr'>τάξις</span> <span class='ocrx_word' id='word_1_189' title='bbox 861 1586 1002 1653; x_wconf 73' lang='grc' dir='ltr'>μετὰ</span> <span class='ocrx_word' id='word_1_190' title='bbox 1028 1586 1131 1655; x_wconf 83' lang='grc' dir='ltr'>τῆς</span> <span class='ocrx_word' id='word_1_191' title='bbox 1159 1558 1522 1657; x_wconf 82' lang='grc' dir='ltr'>προσωπίκῆς</span> <span class='ocrx_word' id='word_1_192' title='bbox 1550 1558 1734 1639; x_wconf 78' lang='grc' dir='ltr'>αῦτῶν</span> <span class='ocrx_word' id='word_1_193' title='bbox 1763 1585 1946 1653; x_wconf 80' lang='grc' dir='ltr'>ὑπάρ-</span> 
     </span>
    </p>
   </div>
   <div class='ocr_carea' id='block_1_27' title="bbox 361 1672 1948 1748">
    <p class='ocr_par' dir='ltr' id='par_1_27' title="bbox 361 1672 1948 1748">
     <span class='ocr_line' id='line_1_27' title="bbox 361 1672 1948 1748; baseline -0.001 -22"><span class='ocrx_word' id='word_1_194' title='bbox 361 1673 497 1738; x_wconf 82' lang='grc' dir='ltr'>ξεως</span> <span class='ocrx_word' id='word_1_195' title='bbox 522 1674 970 1745; x_wconf 81' lang='grc' dir='ltr'>ἀναιρεθήσεται.</span> <span class='ocrx_word' id='word_1_196' title='bbox 1008 1675 1123 1729; x_wconf 81' lang='grc' dir='ltr'>Οὐκ</span> <span class='ocrx_word' id='word_1_197' title='bbox 1159 1676 1270 1748; x_wconf 79' lang='grc' dir='ltr'>ἄρα</span> <span class='ocrx_word' id='word_1_198' title='bbox 1291 1674 1517 1744; x_wconf 81' lang='grc' dir='ltr'>Πνεῦμα</span> <span class='ocrx_word' id='word_1_199' title='bbox 1543 1672 1675 1728; x_wconf 87' lang='grc' dir='ltr'>Υίοῦ</span> <span class='ocrx_word' id='word_1_200' title='bbox 1704 1673 1948 1742; x_wconf 79' lang='grc' dir='ltr'>λέγεται,</span> 
     </span>
    </p>
   </div>
   <div class='ocr_carea' id='block_1_28' title="bbox 360 1763 1946 1837">
    <p class='ocr_par' dir='ltr' id='par_1_28' title="bbox 360 1763 1946 1837">
     <span class='ocr_line' id='line_1_28' title="bbox 360 1763 1946 1837; baseline -0.001 -19"><span class='ocrx_word' id='word_1_201' title='bbox 360 1763 798 1834; x_wconf 73' lang='grc' dir='ltr'>διότιόμοούσιόν</span> <span class='ocrx_word' id='word_1_202' title='bbox 829 1766 977 1819; x_wconf 74' lang='grc' dir='ltr'>ἐστιν</span> <span class='ocrx_word' id='word_1_203' title='bbox 1001 1766 1174 1837; x_wconf 78' lang='grc' dir='ltr'>αὐτῷ,</span> <span class='ocrx_word' id='word_1_204' title='bbox 1215 1766 1337 1821; x_wconf 76' lang='grc' dir='ltr'>ἀλλ’</span> <span class='ocrx_word' id='word_1_205' title='bbox 1359 1768 1443 1821; x_wconf 81' lang='grc' dir='ltr'>ὅτι</span> <span class='ocrx_word' id='word_1_206' title='bbox 1479 1766 1540 1831; x_wconf 75' lang='grc' dir='ltr'><strong>ἐξ</strong></span> <span class='ocrx_word' id='word_1_207' title='bbox 1569 1764 1739 1820; x_wconf 83' lang='grc' dir='ltr'>αὐτοῦ</span> <span class='ocrx_word' id='word_1_208' title='bbox 1772 1765 1946 1826; x_wconf 73' lang='grc' dir='ltr'>ἐστιν,</span> 
     </span>
    </p>
   </div>
   <div class='ocr_carea' id='block_1_29' title="bbox 2048 1587 3639 1661">
    <p class='ocr_par' dir='ltr' id='par_1_29' title="bbox 2048 1587 3639 1661">
     <span class='ocr_line' id='line_1_29' title="bbox 2048 1587 3639 1661; baseline -0.009 -11"><span class='ocrx_word' id='word_1_209' title='bbox 2048 1603 2163 1650; x_wconf 90' lang='lat' dir='ltr'><strong>tur.</strong></span> <span class='ocrx_word' id='word_1_210' title='bbox 2198 1592 2356 1661; x_wconf 85' lang='lat' dir='ltr'><strong>Quod</strong></span> <span class='ocrx_word' id='word_1_211' title='bbox 2388 1592 2435 1647; x_wconf 89' lang='lat' dir='ltr'><strong>si</strong></span> <span class='ocrx_word' id='word_1_212' title='bbox 2463 1590 2805 1647; x_wconf 88' lang='lat' dir='ltr'><strong>contrarium</strong></span> <span class='ocrx_word' id='word_1_213' title='bbox 2841 1598 3010 1656; x_wconf 90' lang='lat' dir='ltr'><strong>esset,</strong></span> <span class='ocrx_word' id='word_1_214' title='bbox 3043 1587 3179 1643; x_wconf 86' lang='lat' dir='ltr'><strong>ordo</strong></span> <span class='ocrx_word' id='word_1_215' title='bbox 3209 1601 3319 1641; x_wconf 91' lang='lat' dir='ltr'><strong>una</strong></span> <span class='ocrx_word' id='word_1_216' title='bbox 3345 1600 3469 1640; x_wconf 90' lang='lat' dir='ltr'><strong>cum</strong></span> <span class='ocrx_word' id='word_1_217' title='bbox 3508 1598 3639 1655; x_wconf 83' lang='lat' dir='ltr'><strong>per-</strong></span> 
     </span>
    </p>
   </div>
   <div class='ocr_carea' id='block_1_30' title="bbox 2054 1676 3639 1753">
    <p class='ocr_par' dir='ltr' id='par_1_30' title="bbox 2054 1676 3639 1753">
     <span class='ocr_line' id='line_1_30' title="bbox 2054 1676 3639 1753; baseline -0.008 -13"><span class='ocrx_word' id='word_1_218' title='bbox 2054 1682 2233 1741; x_wconf 84' lang='lat' dir='ltr'><strong>sonali</strong></span> <span class='ocrx_word' id='word_1_219' title='bbox 2267 1684 2515 1753; x_wconf 88' lang='lat' dir='ltr'><strong>ipsorum</strong></span> <span class='ocrx_word' id='word_1_220' title='bbox 2585 1681 2914 1737; x_wconf 81' lang='lat' dir='ltr'><strong>exsistentia</strong></span> <span class='ocrx_word' id='word_1_221' title='bbox 2971 1679 3284 1735; x_wconf 84' lang='lat' dir='ltr'><strong>tolleretur.</strong></span> <span class='ocrx_word' id='word_1_222' title='bbox 3338 1676 3458 1731; x_wconf 87' lang='lat' dir='ltr'><strong>Non</strong></span> <span class='ocrx_word' id='word_1_223' title='bbox 3509 1688 3639 1745; x_wconf 80' lang='lat' dir='ltr'><strong>ergo</strong></span> 
     </span>
    </p>
   </div>
   <div class='ocr_carea' id='block_1_31' title="bbox 2053 1765 3639 1845">
    <p class='ocr_par' dir='ltr' id='par_1_31' title="bbox 2053 1765 3639 1845">
     <span class='ocr_line' id='line_1_31' title="bbox 2053 1765 3639 1845; baseline -0.006 -14"><span class='ocrx_word' id='word_1_224' title='bbox 2053 1775 2297 1845; x_wconf 85' lang='lat' dir='ltr'><strong>Spiritus</strong></span> <span class='ocrx_word' id='word_1_225' title='bbox 2329 1773 2457 1829; x_wconf 86' lang='lat' dir='ltr'><strong>Filii</strong></span> <span class='ocrx_word' id='word_1_226' title='bbox 2491 1772 2716 1840; x_wconf 89' lang='lat' dir='ltr'><strong>dicitur,</strong></span> <span class='ocrx_word' id='word_1_227' title='bbox 2742 1772 2871 1843; x_wconf 88' lang='lat' dir='ltr'><strong>quia</strong></span> <span class='ocrx_word' id='word_1_228' title='bbox 2902 1768 3390 1829; x_wconf 88' lang='lat' dir='ltr'><strong>consubstantialis</strong></span> <span class='ocrx_word' id='word_1_229' title='bbox 3419 1766 3487 1823; x_wconf 88' lang='lat' dir='ltr'><strong>sit</strong></span> <span class='ocrx_word' id='word_1_230' title='bbox 3513 1765 3639 1834; x_wconf 82' lang='lat' dir='ltr'><strong>ipsi,</strong></span> 
     </span>
    </p>
   </div>
   <div class='ocr_carea' id='block_1_32' title="bbox 365 1854 1975 1940">
    <p class='ocr_par' dir='ltr' id='par_1_32' title="bbox 365 1854 1951 1929">
     <span class='ocr_line' id='line_1_32' title="bbox 365 1854 1951 1929; baseline -0.002 -18"><span class='ocrx_word' id='word_1_231' title='bbox 365 1858 448 1919; x_wconf 71' lang='grc' dir='ltr'><strong>τίς</strong></span> <span class='ocrx_word' id='word_1_232' title='bbox 474 1856 638 1913; x_wconf 81' lang='grc' dir='ltr'>αὑτὸν</span> <span class='ocrx_word' id='word_1_233' title='bbox 668 1857 1023 1929; x_wconf 78' lang='grc' dir='ltr'>ἀναφέρεται.</span> <span class='ocrx_word' id='word_1_234' title='bbox 1054 1859 1148 1913; x_wconf 80' lang='grc' dir='ltr'>Διὸ</span> <span class='ocrx_word' id='word_1_235' title='bbox 1187 1858 1284 1911; x_wconf 76' lang='grc' dir='ltr'><strong>καὶ</strong></span> <span class='ocrx_word' id='word_1_236' title='bbox 1322 1859 1388 1912; x_wconf 81' lang='grc' dir='ltr'><strong>ὲκ</strong></span> <span class='ocrx_word' id='word_1_237' title='bbox 1421 1857 1529 1929; x_wconf 84' lang='grc' dir='ltr'>τῆς</span> <span class='ocrx_word' id='word_1_238' title='bbox 1564 1857 1754 1921; x_wconf 82' lang='grc' dir='ltr'>οὐσίας</span> <span class='ocrx_word' id='word_1_239' title='bbox 1784 1854 1951 1910; x_wconf 84' lang='grc' dir='ltr'>αὐτοῦ</span> 
     </span>
    </p>
   </div>
   <div class='ocr_carea' id='block_1_33' title="bbox 2078 1854 3640 1940">
    <p class='ocr_par' dir='ltr' id='par_1_33' title="bbox 2078 1858 3640 1940">
     <span class='ocr_line' id='line_1_33' title="bbox 2078 1858 3640 1940; baseline -0.007 -19"><span class='ocrx_word' id='word_1_240' title='bbox 2078 1868 2154 1924; x_wconf 71' lang='grc' dir='ltr'>ςειι</span> <span class='ocrx_word' id='word_1_241' title='bbox 2211 1868 2473 1939; x_wconf 89' lang='lat' dir='ltr'><strong>quoniam</strong></span> <span class='ocrx_word' id='word_1_242' title='bbox 2505 1885 2573 1926; x_wconf 82' lang='lat' dir='ltr'><strong>ex</strong></span> <span class='ocrx_word' id='word_1_243' title='bbox 2606 1871 2726 1940; x_wconf 92' lang='lat' dir='ltr'><strong>ipso</strong></span> <span class='ocrx_word' id='word_1_244' title='bbox 2762 1874 2867 1931; x_wconf 89' lang='lat' dir='ltr'><strong>est,</strong></span> <span class='ocrx_word' id='word_1_245' title='bbox 2922 1864 2993 1921; x_wconf 83' lang='lat' dir='ltr'><strong>ad</strong></span> <span class='ocrx_word' id='word_1_246' title='bbox 3042 1864 3225 1933; x_wconf 90' lang='lat' dir='ltr'><strong>ipsum</strong></span> <span class='ocrx_word' id='word_1_247' title='bbox 3260 1862 3524 1922; x_wconf 80' lang='lat' dir='ltr'><strong>refertur,</strong></span> <span class='ocrx_word' id='word_1_248' title='bbox 3555 1858 3640 1911; x_wconf 84' lang='lat' dir='ltr'><strong>id—</strong></span> 
     </span>
    </p>
   </div>
   <div class='ocr_carea' id='block_1_34' title="bbox 365 1948 1417 2020">
    <p class='ocr_par' dir='ltr' id='par_1_34' title="bbox 365 1948 1417 2020">
     <span class='ocr_line' id='line_1_34' title="bbox 365 1948 1417 2020; baseline 0.002 -19"><span class='ocrx_word' id='word_1_249' title='bbox 365 1948 606 2018; x_wconf 80' lang='grc' dir='ltr'>λὲγεται,</span> <span class='ocrx_word' id='word_1_250' title='bbox 637 1949 734 2004; x_wconf 70' lang='grc' dir='ltr'><strong>καὶ</strong></span> <span class='ocrx_word' id='word_1_251' title='bbox 761 1948 1055 2019; x_wconf 79' lang='grc' dir='ltr'>ὀμοούσιον.</span> <span class='ocrx_word' id='word_1_252' title='bbox 1072 1948 1220 2020; x_wconf 79' lang='grc' dir='ltr'><strong>αὑτῷ</strong></span> <span class='ocrx_word' id='word_1_253' title='bbox 1249 1950 1417 2003; x_wconf 71' lang='grc' dir='ltr'>ἐστιν.</span> 
     </span>
    </p>
   </div>
   <div class='ocr_carea' id='block_1_35' title="bbox 448 2124 1954 2197">
    <p class='ocr_par' dir='ltr' id='par_1_35' title="bbox 448 2124 1954 2197">
     <span class='ocr_line' id='line_1_35' title="bbox 448 2124 1954 2197; baseline 0.001 -19"><span class='ocrx_word' id='word_1_254' title='bbox 448 2125 569 2178; x_wconf 81' lang='grc' dir='ltr'>Ἐτι</span> <span class='ocrx_word' id='word_1_255' title='bbox 594 2124 655 2180; x_wconf 90' lang='lat' dir='ltr'><strong>rb</strong></span> <span class='ocrx_word' id='word_1_256' title='bbox 679 2125 799 2180; x_wconf 85' lang='grc' dir='ltr'>τόδε</span> <span class='ocrx_word' id='word_1_257' title='bbox 835 2125 992 2181; x_wconf 89' lang='grc' dir='ltr'>τοῦδε</span> <span class='ocrx_word' id='word_1_258' title='bbox 1040 2126 1300 2196; x_wconf 79' lang='grc' dir='ltr'>λέγεσθαι</span> <span class='ocrx_word' id='word_1_259' title='bbox 1330 2124 1646 2197; x_wconf 77' lang='grc' dir='ltr'>πλεοναχῶς</span> <span class='ocrx_word' id='word_1_260' title='bbox 1697 2124 1954 2194; x_wconf 86' lang='grc' dir='ltr'>λέγεται·</span> 
     </span>
    </p>
   </div>
   <div class='ocr_carea' id='block_1_36' title="bbox 373 2217 1961 2291">
    <p class='ocr_par' dir='ltr' id='par_1_36' title="bbox 373 2217 1961 2291">
     <span class='ocr_line' id='line_1_36' title="bbox 373 2217 1961 2291; baseline 0 -20"><span class='ocrx_word' id='word_1_261' title='bbox 373 2217 607 2291; x_wconf 77' lang='grc' dir='ltr'>καὶγὰρ</span> <span class='ocrx_word' id='word_1_262' title='bbox 646 2217 722 2281; x_wconf 82' lang='grc' dir='ltr'><strong>ὡς</strong></span> <span class='ocrx_word' id='word_1_263' title='bbox 749 2218 961 2289; x_wconf 85' lang='grc' dir='ltr'>κτῆμα,</span> <span class='ocrx_word' id='word_1_264' title='bbox 993 2219 1088 2274; x_wconf 76' lang='grc' dir='ltr'><strong>καὶ</strong></span> <span class='ocrx_word' id='word_1_265' title='bbox 1120 2218 1354 2289; x_wconf 83' lang='grc' dir='ltr'>ποίημα,</span> <span class='ocrx_word' id='word_1_266' title='bbox 1400 2219 1496 2272; x_wconf 73' lang='grc' dir='ltr'><strong>καὶ</strong></span> <span class='ocrx_word' id='word_1_267' title='bbox 1541 2218 1812 2287; x_wconf 82' lang='grc' dir='ltr'><strong>γέννημα,</strong></span> <span class='ocrx_word' id='word_1_268' title='bbox 1862 2218 1961 2272; x_wconf 78' lang='grc' dir='ltr'>καὶ</span> 
     </span>
    </p>
   </div>
   <div class='ocr_carea' id='block_1_37' title="bbox 376 2309 1961 2382">
    <p class='ocr_par' dir='ltr' id='par_1_37' title="bbox 376 2309 1961 2382">
     <span class='ocr_line' id='line_1_37' title="bbox 376 2309 1961 2382; baseline 0 -19"><span class='ocrx_word' id='word_1_269' title='bbox 376 2311 560 2382; x_wconf 79' lang='grc' dir='ltr'>μέρος,</span> <span class='ocrx_word' id='word_1_270' title='bbox 593 2312 686 2365; x_wconf 81' lang='grc' dir='ltr'>καὶ</span> <span class='ocrx_word' id='word_1_271' title='bbox 705 2312 960 2380; x_wconf 73' lang='grc' dir='ltr'>ὄργανον,</span> <span class='ocrx_word' id='word_1_272' title='bbox 996 2313 1091 2366; x_wconf 74' lang='grc' dir='ltr'><strong>καὶ</strong></span> <span class='ocrx_word' id='word_1_273' title='bbox 1113 2313 1214 2366; x_wconf 81' lang='grc' dir='ltr'>ὅσα</span> <span class='ocrx_word' id='word_1_274' title='bbox 1238 2309 1466 2367; x_wconf 85' lang='grc' dir='ltr'>τοιαῦτα</span> <span class='ocrx_word' id='word_1_275' title='bbox 1485 2327 1500 2344; x_wconf 78' lang='grc' dir='ltr'><strong>ο</strong></span> <span class='ocrx_word' id='word_1_276' title='bbox 1525 2311 1662 2365; x_wconf 80' lang='grc' dir='ltr'>ἀλλὰ</span> <span class='ocrx_word' id='word_1_277' title='bbox 1684 2311 1746 2363; x_wconf 90' lang='lat' dir='ltr'><strong>rb</strong></span> <span class='ocrx_word' id='word_1_278' title='bbox 1764 2309 1961 2381; x_wconf 83' lang='grc' dir='ltr'>όμοού-</span> 
     </span>
    </p>
   </div>
   <div class='ocr_carea' id='block_1_38' title="bbox 374 2380 1962 2476">
    <p class='ocr_par' dir='ltr' id='par_1_38' title="bbox 374 2380 1962 2476">
     <span class='ocr_line' id='line_1_38' title="bbox 374 2380 1962 2476; baseline -0.001 -17"><span class='ocrx_word' id='word_1_279' title='bbox 374 2380 490 2459; x_wconf 73' lang='grc' dir='ltr'>σιον</span> <span class='ocrx_word' id='word_1_280' title='bbox 533 2404 622 2457; x_wconf 74' lang='grc' dir='ltr'><strong>ἐπ’</strong></span> <span class='ocrx_word' id='word_1_281' title='bbox 655 2404 987 2460; x_wconf 83' lang='grc' dir='ltr'>ὲλλαττόνων</span> <span class='ocrx_word' id='word_1_282' title='bbox 1027 2405 1271 2475; x_wconf 88' lang='grc' dir='ltr'>λέγεται.</span> <span class='ocrx_word' id='word_1_283' title='bbox 1296 2405 1414 2475; x_wconf 85' lang='grc' dir='ltr'><strong>Ἐφ’</strong></span> <span class='ocrx_word' id='word_1_284' title='bbox 1471 2398 1547 2461; x_wconf 85' lang='grc' dir='ltr'>ὧν</span> <span class='ocrx_word' id='word_1_285' title='bbox 1604 2405 1704 2476; x_wconf 77' lang='grc' dir='ltr'>μὲν</span> <span class='ocrx_word' id='word_1_286' title='bbox 1759 2380 1870 2475; x_wconf 89' lang='lat'><strong>7&amp;9</strong></span> <span class='ocrx_word' id='word_1_287' title='bbox 1900 2380 1962 2457; x_wconf 84' lang='lat' dir='ltr'><strong>rb</strong></span> 
     </span>
    </p>
   </div>
   <div class='ocr_carea' id='block_1_39' title="bbox 375 2495 1958 2566">
    <p class='ocr_par' dir='ltr' id='par_1_39' title="bbox 375 2495 1958 2566">
     <span class='ocr_line' id='line_1_39' title="bbox 375 2495 1958 2566; baseline -0.001 -17"><span class='ocrx_word' id='word_1_288' title='bbox 375 2496 660 2566; x_wconf 81' lang='grc' dir='ltr'>δμοούσιον</span> <span class='ocrx_word' id='word_1_289' title='bbox 683 2497 923 2566; x_wconf 84' lang='grc' dir='ltr'>λέγεται,</span> <span class='ocrx_word' id='word_1_290' title='bbox 963 2498 1026 2552; x_wconf 89' lang='lat' dir='ltr'><strong>rb</strong></span> <span class='ocrx_word' id='word_1_291' title='bbox 1053 2498 1172 2552; x_wconf 90' lang='grc' dir='ltr'>τόδε</span> <span class='ocrx_word' id='word_1_292' title='bbox 1201 2496 1354 2551; x_wconf 87' lang='grc' dir='ltr'>τοῦδε</span> <span class='ocrx_word' id='word_1_293' title='bbox 1388 2497 1615 2550; x_wconf 80' lang='grc' dir='ltr'>δύναται</span> <span class='ocrx_word' id='word_1_294' title='bbox 1664 2495 1919 2564; x_wconf 86' lang='grc' dir='ltr'>λέγεσθαι</span> <span class='ocrx_word' id='word_1_295' title='bbox 1943 2511 1958 2528; x_wconf 75' lang='grc' dir='ltr'><strong>ο</strong></span> 
     </span>
    </p>
   </div>
   <div class='ocr_carea' id='block_1_40' title="bbox 376 2582 1963 2659">
    <p class='ocr_par' dir='ltr' id='par_1_40' title="bbox 376 2582 1963 2659">
     <span class='ocr_line' id='line_1_40' title="bbox 376 2582 1963 2659; baseline 0 -18"><span class='ocrx_word' id='word_1_296' title='bbox 376 2587 462 2656; x_wconf 75' lang='grc' dir='ltr'><strong>ἐφ’</strong></span> <span class='ocrx_word' id='word_1_297' title='bbox 490 2582 566 2643; x_wconf 80' lang='grc' dir='ltr'>ὧν</span> <span class='ocrx_word' id='word_1_298' title='bbox 596 2589 653 2643; x_wconf 85' lang='grc' dir='ltr'>δὲ</span> <span class='ocrx_word' id='word_1_299' title='bbox 681 2590 871 2655; x_wconf 82' lang='grc' dir='ltr'>ἁπλῶς</span> <span class='ocrx_word' id='word_1_300' title='bbox 890 2590 951 2645; x_wconf 84' lang='grc' dir='ltr'>τὸ</span> <span class='ocrx_word' id='word_1_301' title='bbox 976 2590 1096 2645; x_wconf 82' lang='grc' dir='ltr'>τόδε</span> <span class='ocrx_word' id='word_1_302' title='bbox 1129 2588 1287 2644; x_wconf 90' lang='grc' dir='ltr'>τοῦδε</span> <span class='ocrx_word' id='word_1_303' title='bbox 1309 2589 1548 2659; x_wconf 87' lang='grc' dir='ltr'>λέγεται,</span> <span class='ocrx_word' id='word_1_304' title='bbox 1582 2589 1685 2643; x_wconf 82' lang='grc' dir='ltr'><strong>οὐκ</strong></span> <span class='ocrx_word' id='word_1_305' title='bbox 1714 2589 1810 2642; x_wconf 75' lang='grc' dir='ltr'><strong>ἐπὶ</strong></span> <span class='ocrx_word' id='word_1_306' title='bbox 1837 2587 1963 2641; x_wconf 83' lang='grc' dir='ltr'>τού-</span> 
     </span>
    </p>
   </div>
   <div class='ocr_carea' id='block_1_41' title="bbox 375 2680 1960 2754">
    <p class='ocr_par' dir='ltr' id='par_1_41' title="bbox 375 2680 1960 2754">
     <span class='ocr_line' id='line_1_41' title="bbox 375 2680 1960 2754; baseline -0.001 -21"><span class='ocrx_word' id='word_1_307' title='bbox 375 2696 484 2733; x_wconf 85' lang='grc' dir='ltr'><strong>των</strong></span> <span class='ocrx_word' id='word_1_308' title='bbox 512 2680 732 2736; x_wconf 81' lang='grc' dir='ltr'>πάντων</span> <span class='ocrx_word' id='word_1_309' title='bbox 773 2683 832 2735; x_wconf 79' lang='lat' dir='ltr'><strong>rb</strong></span> <span class='ocrx_word' id='word_1_310' title='bbox 854 2682 1139 2754; x_wconf 81' lang='grc' dir='ltr'>όμοούσιον</span> <span class='ocrx_word' id='word_1_311' title='bbox 1166 2682 1391 2737; x_wconf 81' lang='grc' dir='ltr'>δύναται</span> <span class='ocrx_word' id='word_1_312' title='bbox 1424 2681 1682 2752; x_wconf 82' lang='grc' dir='ltr'>ῥηθῆναι.</span> <span class='ocrx_word' id='word_1_313' title='bbox 1714 2681 1875 2737; x_wconf 78' lang='grc' dir='ltr'>Πᾶσα</span> <span class='ocrx_word' id='word_1_314' title='bbox 1903 2681 1960 2732; x_wconf 73' lang='grc' dir='ltr'>δὲ</span> 
     </span>
    </p>
   </div>
   <div class='ocr_carea' id='block_1_42' title="bbox 376 2772 1962 2848">
    <p class='ocr_par' dir='ltr' id='par_1_42' title="bbox 376 2772 1962 2848">
     <span class='ocr_line' id='line_1_42' title="bbox 376 2772 1962 2848; baseline 0 -20"><span class='ocrx_word' id='word_1_315' title='bbox 376 2774 526 2828; x_wconf 87' lang='grc' dir='ltr'>αίτία</span> <span class='ocrx_word' id='word_1_316' title='bbox 552 2772 586 2846; x_wconf 76' lang='grc' dir='ltr'>ἢ</span> <span class='ocrx_word' id='word_1_317' title='bbox 617 2775 713 2828; x_wconf 71' lang='grc' dir='ltr'><strong>ἐπὶ</strong></span> <span class='ocrx_word' id='word_1_318' title='bbox 743 2774 924 2843; x_wconf 78' lang='grc' dir='ltr'>πλέον,</span> <span class='ocrx_word' id='word_1_319' title='bbox 955 2776 989 2848; x_wconf 77' lang='grc' dir='ltr'>ἢ</span> <span class='ocrx_word' id='word_1_320' title='bbox 1016 2776 1213 2847; x_wconf 69' lang='grc' dir='ltr'>ἐπίσης</span> <span class='ocrx_word' id='word_1_321' title='bbox 1243 2777 1381 2846; x_wconf 81' lang='grc' dir='ltr'>πρὸς</span> <span class='ocrx_word' id='word_1_322' title='bbox 1408 2775 1484 2830; x_wconf 79' lang='grc' dir='ltr'>τὰ</span> <span class='ocrx_word' id='word_1_323' title='bbox 1510 2775 1731 2828; x_wconf 76' lang='grc' dir='ltr'>αίτιατδι</span> <span class='ocrx_word' id='word_1_324' title='bbox 1769 2773 1962 2828; x_wconf 78' lang='grc' dir='ltr'>ἀποδε-</span> 
     </span>
    </p>
   </div>
   <div class='ocr_carea' id='block_1_43' title="bbox 375 2863 1966 2938">
    <p class='ocr_par' dir='ltr' id='par_1_43' title="bbox 375 2863 1966 2938">
     <span class='ocr_line' id='line_1_43' title="bbox 375 2863 1966 2938; baseline -0.001 -19"><span class='ocrx_word' id='word_1_325' title='bbox 375 2863 525 2919; x_wconf 81' lang='grc' dir='ltr'>δοται</span> <span class='ocrx_word' id='word_1_326' title='bbox 545 2883 560 2896; x_wconf 78' lang='grc' dir='ltr'><strong>ο</strong></span> <span class='ocrx_word' id='word_1_327' title='bbox 590 2863 679 2919; x_wconf 68' lang='grc' dir='ltr'><strong>ἐπ’</strong></span> <span class='ocrx_word' id='word_1_328' title='bbox 712 2865 933 2920; x_wconf 73' lang='grc' dir='ltr'>ἔλαττον</span> <span class='ocrx_word' id='word_1_329' title='bbox 961 2865 1018 2920; x_wconf 75' lang='grc' dir='ltr'>δὲ</span> <span class='ocrx_word' id='word_1_330' title='bbox 1046 2867 1322 2936; x_wconf 84' lang='grc' dir='ltr'>οὐδαμῶς.</span> <span class='ocrx_word' id='word_1_331' title='bbox 1364 2865 1508 2938; x_wconf 79' lang='grc' dir='ltr'>Πρὸς</span> <span class='ocrx_word' id='word_1_332' title='bbox 1556 2866 1666 2937; x_wconf 81' lang='grc' dir='ltr'><strong>γὰρ</strong></span> <span class='ocrx_word' id='word_1_333' title='bbox 1699 2867 1790 2920; x_wconf 84' lang='grc' dir='ltr'>τὸν</span> <span class='ocrx_word' id='word_1_334' title='bbox 1824 2866 1966 2936; x_wconf 73' lang='grc' dir='ltr'>ἐρω-</span> 
     </span>
    </p>
   </div>
   <div class='ocr_carea' id='block_1_44' title="bbox 377 2957 1966 3029">
    <p class='ocr_par' dir='ltr' id='par_1_44' title="bbox 377 2957 1966 3029">
     <span class='ocr_line' id='line_1_44' title="bbox 377 2957 1966 3029; baseline 0.001 -20"><span class='ocrx_word' id='word_1_335' title='bbox 377 2957 580 3025; x_wconf 81' lang='grc' dir='ltr'>τῶντα,</span> <span class='ocrx_word' id='word_1_336' title='bbox 625 2957 770 3013; x_wconf 88' lang='grc' dir='ltr'>διατί</span> <span class='ocrx_word' id='word_1_337' title='bbox 799 2959 826 3012; x_wconf 84' lang='grc' dir='ltr'><strong>ό</strong></span> <span class='ocrx_word' id='word_1_338' title='bbox 855 2958 1146 3029; x_wconf 73' lang='grc' dir='ltr'>ἄνθρωπος</span> <span class='ocrx_word' id='word_1_339' title='bbox 1192 2958 1332 3023; x_wconf 80' lang='grc' dir='ltr'>ζῶόν</span> <span class='ocrx_word' id='word_1_340' title='bbox 1362 2960 1499 3025; x_wconf 78' lang='grc' dir='ltr'>ἐστι,</span> <span class='ocrx_word' id='word_1_341' title='bbox 1537 2958 1672 3012; x_wconf 87' lang='grc' dir='ltr'>διότι</span> <span class='ocrx_word' id='word_1_342' title='bbox 1703 2959 1853 3010; x_wconf 74' lang='grc' dir='ltr'>ἐστὶν</span> <span class='ocrx_word' id='word_1_343' title='bbox 1878 2960 1966 3011; x_wconf 89' lang='grc' dir='ltr'>αί-</span> 
     </span>
    </p>
   </div>
   <div class='ocr_carea' id='block_1_45' title="bbox 385 3048 1970 3129">
    <p class='ocr_par' dir='ltr' id='par_1_45' title="bbox 385 3048 1970 3129">
     <span class='ocr_line' id='line_1_45' title="bbox 385 3048 1970 3129; baseline -0.001 -27"><span class='ocrx_word' id='word_1_344' title='bbox 385 3048 600 3118; x_wconf 85' lang='grc' dir='ltr'>σθητδν,</span> <span class='ocrx_word' id='word_1_345' title='bbox 634 3049 850 3114; x_wconf 84' lang='grc' dir='ltr'>οίκείως</span> <span class='ocrx_word' id='word_1_346' title='bbox 893 3050 1315 3129; x_wconf 77' lang='grc' dir='ltr'>ἀποδοθήσεται.</span> <span class='ocrx_word' id='word_1_347' title='bbox 1344 3051 1417 3104; x_wconf 92' lang='lat' dir='ltr'><strong>Tb</strong></span> <span class='ocrx_word' id='word_1_348' title='bbox 1445 3051 1557 3121; x_wconf 83' lang='lat'><strong>7&amp;9</strong></span> <span class='ocrx_word' id='word_1_349' title='bbox 1582 3050 1845 3121; x_wconf 77' lang='grc' dir='ltr'>αἰσθητὸν</span> <span class='ocrx_word' id='word_1_350' title='bbox 1876 3050 1970 3102; x_wconf 74' lang='grc' dir='ltr'>ἐπὶ</span> 
     </span>
    </p>
   </div>
   <div class='ocr_carea' id='block_1_46' title="bbox 382 3139 1965 3213">
    <p class='ocr_par' dir='ltr' id='par_1_46' title="bbox 382 3139 1965 3213">
     <span class='ocr_line' id='line_1_46' title="bbox 382 3139 1965 3213; baseline -0.001 -19"><span class='ocrx_word' id='word_1_351' title='bbox 382 3141 646 3195; x_wconf 80' lang='grc' dir='ltr'>πλειόνων</span> <span class='ocrx_word' id='word_1_352' title='bbox 675 3140 709 3213; x_wconf 62' lang='grc' dir='ltr'>ἦ</span> <span class='ocrx_word' id='word_1_353' title='bbox 751 3142 780 3194; x_wconf 83' lang='grc' dir='ltr'><strong>ὀ</strong></span> <span class='ocrx_word' id='word_1_354' title='bbox 824 3140 1112 3212; x_wconf 81' lang='grc' dir='ltr'>ἄνθρωπος</span> <span class='ocrx_word' id='word_1_355' title='bbox 1143 3141 1383 3208; x_wconf 78' lang='grc' dir='ltr'>λέγεται.</span> <span class='ocrx_word' id='word_1_356' title='bbox 1438 3140 1582 3210; x_wconf 71' lang='grc' dir='ltr'>Πρὸς</span> <span class='ocrx_word' id='word_1_357' title='bbox 1613 3139 1670 3194; x_wconf 75' lang='grc' dir='ltr'>δὲ</span> <span class='ocrx_word' id='word_1_358' title='bbox 1703 3140 1794 3194; x_wconf 77' lang='grc' dir='ltr'>τὸν</span> <span class='ocrx_word' id='word_1_359' title='bbox 1821 3141 1965 3210; x_wconf 77' lang='grc' dir='ltr'>ἐρω-</span> 
     </span>
    </p>
   </div>
   <div class='ocr_carea' id='block_1_47' title="bbox 1980 1923 2031 1984">
    <p class='ocr_par' dir='ltr' id='par_1_47' title="bbox 1980 1923 2031 1984">
     <span class='ocr_line' id='line_1_47' title="bbox 1980 1923 2031 1984; baseline 0 0"><span class='ocrx_word' id='word_1_360' title='bbox 1980 1923 2031 1984; x_wconf 85' lang='grc' dir='ltr'>Β</span> 
     </span>
    </p>
   </div>
   <div class='ocr_carea' id='block_1_48' title="bbox 2058 1951 3647 2030">
    <p class='ocr_par' dir='ltr' id='par_1_48' title="bbox 2058 1951 3647 2030">
     <span class='ocr_line' id='line_1_48' title="bbox 2058 1951 3647 2030; baseline -0.009 -12"><span class='ocrx_word' id='word_1_361' title='bbox 2058 1963 2208 2018; x_wconf 90' lang='lat' dir='ltr'><strong>circo</strong></span> <span class='ocrx_word' id='word_1_362' title='bbox 2259 1971 2314 2016; x_wconf 89' lang='lat' dir='ltr'><strong>et</strong></span> <span class='ocrx_word' id='word_1_363' title='bbox 2364 1977 2436 2016; x_wconf 81' lang='lat' dir='ltr'><strong>ex</strong></span> <span class='ocrx_word' id='word_1_364' title='bbox 2500 1959 2806 2017; x_wconf 84' lang='lat' dir='ltr'><strong>substantia</strong></span> <span class='ocrx_word' id='word_1_365' title='bbox 2869 1958 2989 2030; x_wconf 91' lang='lat' dir='ltr'><strong>ejus</strong></span> <span class='ocrx_word' id='word_1_366' title='bbox 3031 1956 3255 2020; x_wconf 90' lang='lat' dir='ltr'><strong>dicitur,</strong></span> <span class='ocrx_word' id='word_1_367' title='bbox 3317 1961 3373 2009; x_wconf 91' lang='grc' dir='ltr'><strong>ει</strong></span> <span class='ocrx_word' id='word_1_368' title='bbox 3403 1951 3647 2008; x_wconf 78' lang='lat' dir='ltr'><strong>consub-</strong></span> 
     </span>
    </p>
   </div>
   <div class='ocr_carea' id='block_1_49' title="bbox 2057 2050 2595 2121">
    <p class='ocr_par' dir='ltr' id='par_1_49' title="bbox 2057 2050 2595 2121">
     <span class='ocr_line' id='line_1_49' title="bbox 2057 2050 2595 2121; baseline 0 -13"><span class='ocrx_word' id='word_1_369' title='bbox 2057 2051 2331 2108; x_wconf 88' lang='lat' dir='ltr'><strong>stantialis</strong></span> <span class='ocrx_word' id='word_1_370' title='bbox 2358 2060 2441 2108; x_wconf 88' lang='lat' dir='ltr'><strong>est</strong></span> <span class='ocrx_word' id='word_1_371' title='bbox 2466 2050 2595 2121; x_wconf 88' lang='lat' dir='ltr'><strong>ipsi.</strong></span> 
     </span>
    </p>
   </div>
   <div class='ocr_carea' id='block_1_50' title="bbox 2130 2133 3655 2212">
    <p class='ocr_par' dir='ltr' id='par_1_50' title="bbox 2130 2133 3655 2212">
     <span class='ocr_line' id='line_1_50' title="bbox 2130 2133 3655 2212; baseline -0.008 -13"><span class='ocrx_word' id='word_1_372' title='bbox 2130 2143 2433 2212; x_wconf 70' lang='lat' dir='ltr'><strong>Praeterea,</strong></span> <span class='ocrx_word' id='word_1_373' title='bbox 2465 2144 2574 2199; x_wconf 91' lang='lat' dir='ltr'><strong>hoc</strong></span> <span class='ocrx_word' id='word_1_374' title='bbox 2612 2141 2783 2212; x_wconf 88' lang='lat' dir='ltr'><strong>.hujus</strong></span> <span class='ocrx_word' id='word_1_375' title='bbox 2829 2139 2939 2196; x_wconf 90' lang='lat' dir='ltr'><strong>dici</strong></span> <span class='ocrx_word' id='word_1_376' title='bbox 2991 2136 3350 2201; x_wconf 77' lang='lat' dir='ltr'><strong>multifariam</strong></span> <span class='ocrx_word' id='word_1_377' title='bbox 3402 2133 3655 2198; x_wconf 65' lang='lat' dir='ltr'><strong>dicitur;</strong></span> 
     </span>
    </p>
   </div>
   <div class='ocr_carea' id='block_1_51' title="bbox 2059 2223 3649 2302">
    <p class='ocr_par' dir='ltr' id='par_1_51' title="bbox 2059 2223 3649 2302">
     <span class='ocr_line' id='line_1_51' title="bbox 2059 2223 3649 2302; baseline -0.009 -12"><span class='ocrx_word' id='word_1_378' title='bbox 2059 2235 2266 2290; x_wconf 88' lang='lat' dir='ltr'><strong>etenim</strong></span> <span class='ocrx_word' id='word_1_379' title='bbox 2332 2241 2393 2288; x_wconf 89' lang='lat' dir='ltr'><strong>ut</strong></span> <span class='ocrx_word' id='word_1_380' title='bbox 2456 2232 2773 2302; x_wconf 87' lang='lat' dir='ltr'><strong>possessio,</strong></span> <span class='ocrx_word' id='word_1_381' title='bbox 2836 2238 2891 2285; x_wconf 90' lang='lat' dir='ltr'><strong>et</strong></span> <span class='ocrx_word' id='word_1_382' title='bbox 2938 2227 3215 2299; x_wconf 74' lang='lat' dir='ltr'><strong>opificium</strong></span> <span class='ocrx_word' id='word_1_383' title='bbox 3246 2265 3263 2293; x_wconf 94' lang='lat'><strong>,</strong></span> <span class='ocrx_word' id='word_1_384' title='bbox 3313 2234 3369 2281; x_wconf 89' lang='lat' dir='ltr'><strong>et</strong></span> <span class='ocrx_word' id='word_1_385' title='bbox 3420 2223 3649 2293; x_wconf 87' lang='lat' dir='ltr'><strong>proles,</strong></span> 
     </span>
    </p>
   </div>
   <div class='ocr_carea' id='block_1_52' title="bbox 2061 2313 3648 2401">
    <p class='ocr_par' dir='ltr' id='par_1_52' title="bbox 2061 2313 3648 2401">
     <span class='ocr_line' id='line_1_52' title="bbox 2061 2313 3648 2401; baseline -0.01 -18"><span class='ocrx_word' id='word_1_386' title='bbox 2061 2342 2323 2401; x_wconf 87' lang='lat' dir='ltr'><strong>parsque,</strong></span> <span class='ocrx_word' id='word_1_387' title='bbox 2378 2336 2436 2382; x_wconf 88' lang='lat' dir='ltr'><strong>et</strong></span> <span class='ocrx_word' id='word_1_388' title='bbox 2492 2326 2944 2390; x_wconf 88' lang='lat' dir='ltr'><strong>instrumentum,</strong></span> <span class='ocrx_word' id='word_1_389' title='bbox 2983 2331 3150 2391; x_wconf 91' lang='lat' dir='ltr'><strong>atque</strong></span> <span class='ocrx_word' id='word_1_390' title='bbox 3204 2319 3261 2374; x_wconf 88' lang='lat' dir='ltr'><strong>id</strong></span> <span class='ocrx_word' id='word_1_391' title='bbox 3299 2331 3474 2388; x_wconf 77' lang='lat' dir='ltr'><strong>genus</strong></span> <span class='ocrx_word' id='word_1_392' title='bbox 3502 2332 3517 2370; x_wconf 92' lang='lat'><strong>:</strong></span> <span class='ocrx_word' id='word_1_393' title='bbox 3549 2313 3648 2369; x_wconf 83' lang='lat' dir='ltr'><strong>sed</strong></span> 
     </span>
    </p>
   </div>
   <div class='ocr_carea' id='block_1_53' title="bbox 2062 2405 3650 2484">
    <p class='ocr_par' dir='ltr' id='par_1_53' title="bbox 2062 2405 3650 2484">
     <span class='ocr_line' id='line_1_53' title="bbox 2062 2405 3650 2484; baseline -0.011 -7"><span class='ocrx_word' id='word_1_394' title='bbox 2062 2420 2540 2477; x_wconf 87' lang='lat' dir='ltr'><strong>consubstantiale</strong></span> <span class='ocrx_word' id='word_1_395' title='bbox 2573 2432 2683 2473; x_wconf 86' lang='lat' dir='ltr'><strong>non</strong></span> <span class='ocrx_word' id='word_1_396' title='bbox 2725 2418 2802 2474; x_wconf 90' lang='lat' dir='ltr'><strong>ita</strong></span> <span class='ocrx_word' id='word_1_397' title='bbox 2832 2416 2943 2470; x_wconf 88' lang='lat' dir='ltr'><strong>late</strong></span> <span class='ocrx_word' id='word_1_398' title='bbox 2973 2420 3148 2484; x_wconf 89' lang='lat' dir='ltr'><strong>patet.</strong></span> <span class='ocrx_word' id='word_1_399' title='bbox 3171 2411 3231 2466; x_wconf 91' lang='lat' dir='ltr'><strong>In</strong></span> <span class='ocrx_word' id='word_1_400' title='bbox 3260 2410 3465 2480; x_wconf 84' lang='lat' dir='ltr'><strong>quibus</strong></span> <span class='ocrx_word' id='word_1_401' title='bbox 3499 2405 3650 2462; x_wconf 89' lang='lat' dir='ltr'><strong>enim</strong></span> 
     </span>
    </p>
   </div>
   <div class='ocr_carea' id='block_1_54' title="bbox 2065 2498 3650 2574">
    <p class='ocr_par' dir='ltr' id='par_1_54' title="bbox 2065 2498 3650 2574">
     <span class='ocr_line' id='line_1_54' title="bbox 2065 2498 3650 2574; baseline -0.011 -5"><span class='ocrx_word' id='word_1_402' title='bbox 2065 2510 2541 2569; x_wconf 88' lang='lat' dir='ltr'><strong>consubstantiale</strong></span> <span class='ocrx_word' id='word_1_403' title='bbox 2588 2509 2817 2574; x_wconf 86' lang='lat' dir='ltr'><strong>dicitur,</strong></span> <span class='ocrx_word' id='word_1_404' title='bbox 2858 2506 2935 2560; x_wconf 89' lang='lat' dir='ltr'><strong>ibi</strong></span> <span class='ocrx_word' id='word_1_405' title='bbox 2966 2504 3132 2560; x_wconf 89' lang='lat' dir='ltr'><strong>etiam</strong></span> <span class='ocrx_word' id='word_1_406' title='bbox 3184 2503 3290 2556; x_wconf 80' lang='lat' dir='ltr'><strong>hoc</strong></span> <span class='ocrx_word' id='word_1_407' title='bbox 3344 2500 3511 2571; x_wconf 86' lang='lat' dir='ltr'><strong>hujus</strong></span> <span class='ocrx_word' id='word_1_408' title='bbox 3542 2498 3650 2553; x_wconf 91' lang='lat' dir='ltr'><strong>dici</strong></span> 
     </span>
    </p>
   </div>
   <div class='ocr_carea' id='block_1_55' title="bbox 2067 2591 3659 2676">
    <p class='ocr_par' dir='ltr' id='par_1_55' title="bbox 2067 2591 3659 2676">
     <span class='ocr_line' id='line_1_55' title="bbox 2067 2591 3659 2676; baseline -0.01 -16"><span class='ocrx_word' id='word_1_409' title='bbox 2067 2612 2271 2676; x_wconf 88' lang='lat' dir='ltr'><strong>potest.</strong></span> <span class='ocrx_word' id='word_1_410' title='bbox 2294 2603 2367 2659; x_wconf 84' lang='lat' dir='ltr'><strong>At</strong></span> <span class='ocrx_word' id='word_1_411' title='bbox 2397 2604 2455 2658; x_wconf 89' lang='lat' dir='ltr'><strong>in</strong></span> <span class='ocrx_word' id='word_1_412' title='bbox 2485 2601 2694 2673; x_wconf 84' lang='lat' dir='ltr'><strong>quibus</strong></span> <span class='ocrx_word' id='word_1_413' title='bbox 2721 2598 3046 2667; x_wconf 87' lang='lat' dir='ltr'><strong>simpliciter</strong></span> <span class='ocrx_word' id='word_1_414' title='bbox 3080 2595 3184 2650; x_wconf 88' lang='lat' dir='ltr'><strong>hoc</strong></span> <span class='ocrx_word' id='word_1_415' title='bbox 3219 2594 3387 2664; x_wconf 84' lang='lat' dir='ltr'><strong>hujus</strong></span> <span class='ocrx_word' id='word_1_416' title='bbox 3422 2591 3659 2653; x_wconf 72' lang='lat' dir='ltr'><strong>dicitur,</strong></span> 
     </span>
    </p>
   </div>
   <div class='ocr_carea' id='block_1_56' title="bbox 2069 2685 3651 2754">
    <p class='ocr_par' dir='ltr' id='par_1_56' title="bbox 2069 2685 3651 2754">
     <span class='ocr_line' id='line_1_56' title="bbox 2069 2685 3651 2754; baseline -0.009 -3"><span class='ocrx_word' id='word_1_417' title='bbox 2069 2712 2181 2752; x_wconf 89' lang='lat' dir='ltr'><strong>non</strong></span> <span class='ocrx_word' id='word_1_418' title='bbox 2213 2697 2272 2750; x_wconf 94' lang='lat' dir='ltr'><strong>in</strong></span> <span class='ocrx_word' id='word_1_419' title='bbox 2306 2695 2394 2750; x_wconf 90' lang='lat' dir='ltr'><strong>his</strong></span> <span class='ocrx_word' id='word_1_420' title='bbox 2421 2695 2686 2750; x_wconf 85' lang='lat' dir='ltr'><strong>omnibus</strong></span> <span class='ocrx_word' id='word_1_421' title='bbox 2732 2686 3285 2748; x_wconf 88' lang='lat' dir='ltr'><strong>consubstantialitas</strong></span> <span class='ocrx_word' id='word_1_422' title='bbox 3309 2685 3417 2741; x_wconf 89' lang='lat' dir='ltr'><strong>dici</strong></span> <span class='ocrx_word' id='word_1_423' title='bbox 3449 2691 3651 2754; x_wconf 64' lang='lat' dir='ltr'><strong>potest;</strong></span> 
     </span>
    </p>
   </div>
   <div class='ocr_carea' id='block_1_57' title="bbox 2068 2775 3657 2851">
    <p class='ocr_par' dir='ltr' id='par_1_57' title="bbox 2068 2775 3657 2851">
     <span class='ocr_line' id='line_1_57' title="bbox 2068 2775 3657 2851; baseline -0.009 -6"><span class='ocrx_word' id='word_1_424' title='bbox 2068 2787 2259 2845; x_wconf 87' lang='lat' dir='ltr'><strong>Omnis</strong></span> <span class='ocrx_word' id='word_1_425' title='bbox 2308 2798 2491 2843; x_wconf 87' lang='lat' dir='ltr'><strong>autem</strong></span> <span class='ocrx_word' id='word_1_426' title='bbox 2548 2800 2735 2851; x_wconf 89' lang='lat' dir='ltr'><strong>causa,</strong></span> <span class='ocrx_word' id='word_1_427' title='bbox 2769 2784 2857 2839; x_wconf 85' lang='lat' dir='ltr'><strong>vel</strong></span> <span class='ocrx_word' id='word_1_428' title='bbox 2910 2790 2969 2837; x_wconf 91' lang='lat' dir='ltr'><strong>ut</strong></span> <span class='ocrx_word' id='word_1_429' title='bbox 3008 2779 3177 2834; x_wconf 89' lang='lat' dir='ltr'><strong>latius</strong></span> <span class='ocrx_word' id='word_1_430' title='bbox 3226 2787 3440 2848; x_wconf 89' lang='lat' dir='ltr'><strong>patens,</strong></span> <span class='ocrx_word' id='word_1_431' title='bbox 3460 2775 3563 2831; x_wconf 73' lang='grc' dir='ltr'>,νει</span> <span class='ocrx_word' id='word_1_432' title='bbox 3597 2785 3657 2831; x_wconf 89' lang='lat' dir='ltr'><strong>ut</strong></span> 
     </span>
    </p>
   </div>
   <div class='ocr_carea' id='block_1_58' title="bbox 2070 2873 3655 2950">
    <p class='ocr_par' dir='ltr' id='par_1_58' title="bbox 2070 2873 3655 2950">
     <span class='ocr_line' id='line_1_58' title="bbox 2070 2873 3655 2950; baseline -0.008 -15"><span class='ocrx_word' id='word_1_433' title='bbox 2070 2896 2227 2950; x_wconf 75' lang='lat' dir='ltr'><strong>aeque</strong></span> <span class='ocrx_word' id='word_1_434' title='bbox 2277 2880 2391 2935; x_wconf 89' lang='lat' dir='ltr'><strong>late</strong></span> <span class='ocrx_word' id='word_1_435' title='bbox 2447 2888 2642 2948; x_wconf 87' lang='lat' dir='ltr'><strong>patens</strong></span> <span class='ocrx_word' id='word_1_436' title='bbox 2677 2876 2748 2933; x_wconf 89' lang='lat' dir='ltr'><strong>ad</strong></span> <span class='ocrx_word' id='word_1_437' title='bbox 2781 2884 3004 2931; x_wconf 83' lang='lat' dir='ltr'><strong>causata</strong></span> <span class='ocrx_word' id='word_1_438' title='bbox 3062 2873 3322 2936; x_wconf 83' lang='lat' dir='ltr'><strong>refertur,</strong></span> <span class='ocrx_word' id='word_1_439' title='bbox 3373 2883 3655 2938; x_wconf 85' lang='lat' dir='ltr'><strong>nunquam</strong></span> 
     </span>
    </p>
   </div>
   <div class='ocr_carea' id='block_1_59' title="bbox 2074 2962 3657 3038">
    <p class='ocr_par' dir='ltr' id='par_1_59' title="bbox 2074 2962 3657 3038">
     <span class='ocr_line' id='line_1_59' title="bbox 2074 2962 3657 3038; baseline -0.009 -11"><span class='ocrx_word' id='word_1_440' title='bbox 2074 2981 2259 3028; x_wconf 91' lang='lat' dir='ltr'><strong>autem</strong></span> <span class='ocrx_word' id='word_1_441' title='bbox 2297 2980 2358 3026; x_wconf 90' lang='lat' dir='ltr'><strong>ut</strong></span> <span class='ocrx_word' id='word_1_442' title='bbox 2402 2972 2592 3026; x_wconf 89' lang='lat' dir='ltr'><strong>minus</strong></span> <span class='ocrx_word' id='word_1_443' title='bbox 2635 2969 2746 3024; x_wconf 87' lang='lat' dir='ltr'><strong>late</strong></span> <span class='ocrx_word' id='word_1_444' title='bbox 2784 2974 3002 3038; x_wconf 89' lang='lat' dir='ltr'><strong>patens.</strong></span> <span class='ocrx_word' id='word_1_445' title='bbox 3039 2963 3254 3034; x_wconf 84' lang='lat' dir='ltr'><strong>Quippe</strong></span> <span class='ocrx_word' id='word_1_446' title='bbox 3301 2962 3368 3016; x_wconf 86' lang='lat' dir='ltr'><strong>ad</strong></span> <span class='ocrx_word' id='word_1_447' title='bbox 3418 2962 3657 3014; x_wconf 81' lang='lat' dir='ltr'><strong>interro-</strong></span> 
     </span>
    </p>
   </div>
   <div class='ocr_carea' id='block_1_60' title="bbox 2073 3051 3653 3134">
    <p class='ocr_par' dir='ltr' id='par_1_60' title="bbox 2073 3051 3653 3134">
     <span class='ocr_line' id='line_1_60' title="bbox 2073 3051 3653 3134; baseline -0.008 -18"><span class='ocrx_word' id='word_1_448' title='bbox 2073 3071 2319 3134; x_wconf 80' lang='lat' dir='ltr'><strong>gantem,</strong></span> <span class='ocrx_word' id='word_1_449' title='bbox 2351 3076 2522 3131; x_wconf 90' lang='lat' dir='ltr'><strong>quare</strong></span> <span class='ocrx_word' id='word_1_450' title='bbox 2553 3060 2719 3115; x_wconf 87' lang='lat' dir='ltr'><strong>homo</strong></span> <span class='ocrx_word' id='word_1_451' title='bbox 2742 3059 2815 3114; x_wconf 90' lang='lat' dir='ltr'><strong>sit</strong></span> <span class='ocrx_word' id='word_1_452' title='bbox 2845 3056 3075 3119; x_wconf 84' lang='lat' dir='ltr'><strong>animal,</strong></span> <span class='ocrx_word' id='word_1_453' title='bbox 3101 3055 3234 3124; x_wconf 85' lang='lat' dir='ltr'><strong>quia</strong></span> <span class='ocrx_word' id='word_1_454' title='bbox 3259 3061 3350 3108; x_wconf 87' lang='lat' dir='ltr'><strong>est</strong></span> <span class='ocrx_word' id='word_1_455' title='bbox 3369 3051 3653 3113; x_wconf 85' lang='lat' dir='ltr'><strong>sensibile,</strong></span> 
     </span>
    </p>
   </div>
   <div class='ocr_carea' id='block_1_61' title="bbox 2076 3142 3660 3221">
    <p class='ocr_par' dir='ltr' id='par_1_61' title="bbox 2076 3142 3660 3221">
     <span class='ocr_line' id='line_1_61' title="bbox 2076 3142 3660 3221; baseline -0.009 -12"><span class='ocrx_word' id='word_1_456' title='bbox 2076 3153 2474 3209; x_wconf 79' lang='lat' dir='ltr'><strong>convenienter</strong></span> <span class='ocrx_word' id='word_1_457' title='bbox 2521 3148 2904 3221; x_wconf 89' lang='lat' dir='ltr'><strong>respondebit.</strong></span> <span class='ocrx_word' id='word_1_458' title='bbox 2936 3144 3388 3217; x_wconf 81' lang='lat' dir='ltr'><strong>Sensibile-enim</strong></span> <span class='ocrx_word' id='word_1_459' title='bbox 3430 3142 3500 3197; x_wconf 87' lang='lat' dir='ltr'><strong>de</strong></span> <span class='ocrx_word' id='word_1_460' title='bbox 3536 3142 3660 3212; x_wconf 80' lang='lat' dir='ltr'><strong>plu-</strong></span> 
     </span>
    </p>
   </div>
   <div class='ocr_carea' id='block_1_62' title="bbox 377 3220 1975 3329">
    <p class='ocr_par' dir='ltr' id='par_1_62' title="bbox 377 3220 1966 3316">
     <span class='ocr_line' id='line_1_62' title="bbox 377 3220 1966 3316; baseline -0.001 -31"><span class='ocrx_word' id='word_1_461' title='bbox 377 3230 560 3287; x_wconf 81' lang='grc' dir='ltr'>τῶντα</span> <span class='ocrx_word' id='word_1_462' title='bbox 588 3231 733 3285; x_wconf 75' lang='grc' dir='ltr'>διατι</span> <span class='ocrx_word' id='word_1_463' title='bbox 764 3220 1106 3316; x_wconf 73' lang='grc' dir='ltr'>γελαστικὸν,</span> <span class='ocrx_word' id='word_1_464' title='bbox 1137 3230 1270 3284; x_wconf 85' lang='grc' dir='ltr'>διότι</span> <span class='ocrx_word' id='word_1_465' title='bbox 1294 3230 1585 3301; x_wconf 77' lang='grc' dir='ltr'>ἄνθρωπός</span> <span class='ocrx_word' id='word_1_466' title='bbox 1617 3230 1788 3294; x_wconf 78' lang='grc' dir='ltr'>ἐστιν,</span> <span class='ocrx_word' id='word_1_467' title='bbox 1825 3231 1966 3284; x_wconf 80' lang='grc' dir='ltr'>ἀπο-</span> 
     </span>
    </p>
   </div>
   <div class='ocr_carea' id='block_1_63' title="bbox 2078 3220 3662 3329">
    <p class='ocr_par' dir='ltr' id='par_1_63' title="bbox 2078 3220 3662 3315">
     <span class='ocr_line' id='line_1_63' title="bbox 2078 3220 3662 3315; baseline -0.009 -15"><span class='ocrx_word' id='word_1_468' title='bbox 2078 3245 2250 3309; x_wconf 85' lang='lat' dir='ltr'><strong>ribus,</strong></span> <span class='ocrx_word' id='word_1_469' title='bbox 2281 3259 2448 3315; x_wconf 88' lang='lat' dir='ltr'><strong>quam</strong></span> <span class='ocrx_word' id='word_1_470' title='bbox 2495 3220 2662 3298; x_wconf 79' lang='lat' dir='ltr'><strong>homo</strong></span> <span class='ocrx_word' id='word_1_471' title='bbox 2706 3240 3062 3312; x_wconf 64' lang='lat' dir='ltr'><strong>praedicatur.</strong></span> <span class='ocrx_word' id='word_1_472' title='bbox 3111 3237 3192 3293; x_wconf 77' lang='lat' dir='ltr'><strong>Ad</strong></span> <span class='ocrx_word' id='word_1_473' title='bbox 3224 3236 3662 3305; x_wconf 77' lang='lat' dir='ltr'><strong>interrogantem</strong></span> 
     </span>
    </p>
   </div>
   <div class='ocr_carea' id='block_1_64' title="bbox 381 3311 1970 3395">
    <p class='ocr_par' dir='ltr' id='par_1_64' title="bbox 381 3311 1970 3395">
     <span class='ocr_line' id='line_1_64' title="bbox 381 3311 1970 3395; baseline -0.003 -16"><span class='ocrx_word' id='word_1_474' title='bbox 381 3325 687 3395; x_wconf 81' lang='grc' dir='ltr'>δοθήσεται.</span> <span class='ocrx_word' id='word_1_475' title='bbox 712 3323 898 3377; x_wconf 86' lang='grc' dir='ltr'>Ταῦτα</span> <span class='ocrx_word' id='word_1_476' title='bbox 918 3323 1026 3393; x_wconf 81' lang='grc' dir='ltr'>γὰρ</span> <span class='ocrx_word' id='word_1_477' title='bbox 1053 3311 1297 3394; x_wconf 69' lang='grc' dir='ltr'>αλλήλων</span> <span class='ocrx_word' id='word_1_478' title='bbox 1327 3322 1841 3393; x_wconf 81' lang='grc' dir='ltr'>ἀντικατηγορείται</span> <span class='ocrx_word' id='word_1_479' title='bbox 1874 3321 1970 3375; x_wconf 70' lang='grc' dir='ltr'>καὶ</span> 
     </span>
    </p>
   </div>
   <div class='ocr_carea' id='block_1_65' title="bbox 386 3413 1973 3488">
    <p class='ocr_par' dir='ltr' id='par_1_65' title="bbox 386 3413 1973 3488">
     <span class='ocr_line' id='line_1_65' title="bbox 386 3413 1973 3488; baseline -0.002 -18"><span class='ocrx_word' id='word_1_480' title='bbox 386 3417 649 3484; x_wconf 75' lang='grc' dir='ltr'><strong>ὲξισάζει.</strong></span> <span class='ocrx_word' id='word_1_481' title='bbox 689 3417 787 3470; x_wconf 56' lang='lat' dir='ltr'><strong>“Av</strong></span> <span class='ocrx_word' id='word_1_482' title='bbox 815 3416 873 3471; x_wconf 66' lang='grc' dir='ltr'>δὲ</span> <span class='ocrx_word' id='word_1_483' title='bbox 908 3416 1043 3488; x_wconf 75' lang='grc' dir='ltr'>λέγῃ</span> <span class='ocrx_word' id='word_1_484' title='bbox 1070 3434 1175 3483; x_wconf 87' lang='grc' dir='ltr'>τις,</span> <span class='ocrx_word' id='word_1_485' title='bbox 1204 3417 1293 3470; x_wconf 84' lang='grc' dir='ltr'>διὰ</span> <span class='ocrx_word' id='word_1_486' title='bbox 1326 3413 1487 3469; x_wconf 82' lang='grc' dir='ltr'>τοῦτό</span> <span class='ocrx_word' id='word_1_487' title='bbox 1526 3414 1676 3469; x_wconf 74' lang='grc' dir='ltr'>ἔστιν</span> <span class='ocrx_word' id='word_1_488' title='bbox 1705 3416 1733 3467; x_wconf 84' lang='grc' dir='ltr'><strong>ό</strong></span> <span class='ocrx_word' id='word_1_489' title='bbox 1761 3415 1973 3484; x_wconf 83' lang='grc' dir='ltr'>ἄνθρω-</span> 
     </span>
    </p>
   </div>
   <div class='ocr_carea' id='block_1_66' title="bbox 386 3508 1977 3583">
    <p class='ocr_par' dir='ltr' id='par_1_66' title="bbox 386 3508 1977 3583">
     <span class='ocr_line' id='line_1_66' title="bbox 386 3508 1977 3583; baseline -0.005 -15"><span class='ocrx_word' id='word_1_490' title='bbox 386 3528 490 3579; x_wconf 81' lang='grc' dir='ltr'><strong>πος</strong></span> <span class='ocrx_word' id='word_1_491' title='bbox 519 3514 679 3580; x_wconf 82' lang='grc' dir='ltr'>ζῶον,</span> <span class='ocrx_word' id='word_1_492' title='bbox 709 3513 844 3568; x_wconf 86' lang='grc' dir='ltr'>διότι</span> <span class='ocrx_word' id='word_1_493' title='bbox 875 3514 994 3567; x_wconf 72' lang='grc' dir='ltr'>ἐστὶ</span> <span class='ocrx_word' id='word_1_494' title='bbox 1015 3511 1362 3583; x_wconf 81' lang='grc' dir='ltr'>γελαστικὸν,</span> <span class='ocrx_word' id='word_1_495' title='bbox 1388 3510 1450 3564; x_wconf 79' lang='grc' dir='ltr'>οὐ</span> <span class='ocrx_word' id='word_1_496' title='bbox 1482 3509 1625 3564; x_wconf 80' lang='grc' dir='ltr'>κατὰ</span> <span class='ocrx_word' id='word_1_497' title='bbox 1654 3508 1813 3576; x_wconf 88' lang='grc' dir='ltr'>λόγον</span> <span class='ocrx_word' id='word_1_498' title='bbox 1843 3508 1977 3561; x_wconf 83' lang='grc' dir='ltr'>ἁπο-</span> 
     </span>
    </p>
   </div>
   <div class='ocr_carea' id='block_1_67' title="bbox 389 3599 1979 3676">
    <p class='ocr_par' dir='ltr' id='par_1_67' title="bbox 389 3599 1979 3676">
     <span class='ocr_line' id='line_1_67' title="bbox 389 3599 1979 3676; baseline -0.006 -15"><span class='ocrx_word' id='word_1_499' title='bbox 389 3606 569 3671; x_wconf 81' lang='grc' dir='ltr'>δώσει,</span> <span class='ocrx_word' id='word_1_500' title='bbox 590 3607 653 3661; x_wconf 83' lang='grc' dir='ltr'>τὸ</span> <span class='ocrx_word' id='word_1_501' title='bbox 681 3607 994 3676; x_wconf 80' lang='grc' dir='ltr'>γελαστικὸν</span> <span class='ocrx_word' id='word_1_502' title='bbox 1022 3604 1308 3668; x_wconf 76' lang='grc' dir='ltr'>ἀποδιδοὺς</span> <span class='ocrx_word' id='word_1_503' title='bbox 1329 3602 1507 3658; x_wconf 89' lang='grc' dir='ltr'>αίτίαν</span> <span class='ocrx_word' id='word_1_504' title='bbox 1530 3600 1626 3656; x_wconf 88' lang='grc' dir='ltr'><strong>τοῦ</strong></span> <span class='ocrx_word' id='word_1_505' title='bbox 1643 3601 1735 3655; x_wconf 90' lang='lat' dir='ltr'><strong>rbv</strong></span> <span class='ocrx_word' id='word_1_506' title='bbox 1770 3599 1864 3654; x_wconf 77' lang='grc' dir='ltr'>ἄνθ</span> <span class='ocrx_word' id='word_1_507' title='bbox 1874 3615 1979 3669; x_wconf 86' lang='grc' dir='ltr'>ρω-</span> 
     </span>
    </p>
   </div>
   <div class='ocr_carea' id='block_1_68' title="bbox 391 3694 1976 3769">
    <p class='ocr_par' dir='ltr' id='par_1_68' title="bbox 391 3694 1976 3769">
     <span class='ocr_line' id='line_1_68' title="bbox 391 3694 1976 3769; baseline -0.006 -15"><span class='ocrx_word' id='word_1_508' title='bbox 391 3715 492 3754; x_wconf 85' lang='grc' dir='ltr'><strong>πον</strong></span> <span class='ocrx_word' id='word_1_509' title='bbox 517 3695 657 3754; x_wconf 78' lang='grc' dir='ltr'>εἶναι</span> <span class='ocrx_word' id='word_1_510' title='bbox 679 3699 841 3767; x_wconf 77' lang='grc' dir='ltr'>ζῶον,</span> <span class='ocrx_word' id='word_1_511' title='bbox 886 3701 1025 3769; x_wconf 84' lang='grc' dir='ltr'>ὅπερ</span> <span class='ocrx_word' id='word_1_512' title='bbox 1074 3699 1167 3752; x_wconf 72' lang='grc' dir='ltr'><strong>ἐπὶ</strong></span> <span class='ocrx_word' id='word_1_513' title='bbox 1194 3697 1457 3752; x_wconf 87' lang='grc' dir='ltr'>πλειόνων</span> <span class='ocrx_word' id='word_1_514' title='bbox 1493 3695 1697 3767; x_wconf 79' lang='grc' dir='ltr'>μᾶλλον</span> <span class='ocrx_word' id='word_1_515' title='bbox 1729 3695 1761 3766; x_wconf 80' lang='grc' dir='ltr'>ἢ</span> <span class='ocrx_word' id='word_1_516' title='bbox 1791 3694 1851 3747; x_wconf 88' lang='lat' dir='ltr'><strong>rb</strong></span> <span class='ocrx_word' id='word_1_517' title='bbox 1878 3709 1976 3759; x_wconf 73' lang='grc' dir='ltr'>γει-</span> 
     </span>
    </p>
   </div>
   <div class='ocr_carea' id='block_1_69' title="bbox 389 3786 1977 3869">
    <p class='ocr_par' dir='ltr' id='par_1_69' title="bbox 389 3786 1977 3869">
     <span class='ocr_line' id='line_1_69' title="bbox 389 3786 1977 3869; baseline -0.003 -26"><span class='ocrx_word' id='word_1_518' title='bbox 389 3787 644 3844; x_wconf 80' lang='grc' dir='ltr'>λαστικὺν</span> <span class='ocrx_word' id='word_1_519' title='bbox 675 3792 1080 3869; x_wconf 81' lang='grc' dir='ltr'>κατηγορεῖται.</span> <span class='ocrx_word' id='word_1_520' title='bbox 1113 3787 1182 3842; x_wconf 64' lang='lat' dir='ltr'><strong>Et</strong></span> <span class='ocrx_word' id='word_1_521' title='bbox 1232 3806 1285 3844; x_wconf 92' lang='grc' dir='ltr'><strong>τι</strong></span> <span class='ocrx_word' id='word_1_522' title='bbox 1327 3788 1428 3860; x_wconf 83' lang='grc' dir='ltr'>μὲν</span> <span class='ocrx_word' id='word_1_523' title='bbox 1484 3787 1594 3859; x_wconf 83' lang='grc' dir='ltr'><strong>γὰρ</strong></span> <span class='ocrx_word' id='word_1_524' title='bbox 1633 3786 1977 3857; x_wconf 69' lang='grc' dir='ltr'>γελαστικὸν,</span> 
     </span>
    </p>
   </div>
   <div class='ocr_carea' id='block_1_70' title="bbox 392 3878 1979 3953">
    <p class='ocr_par' dir='ltr' id='par_1_70' title="bbox 392 3878 1979 3953">
     <span class='ocr_line' id='line_1_70' title="bbox 392 3878 1979 3953; baseline -0.004 -18"><span class='ocrx_word' id='word_1_525' title='bbox 392 3882 556 3949; x_wconf 78' lang='grc' dir='ltr'>ζῶον,</span> <span class='ocrx_word' id='word_1_526' title='bbox 584 3883 646 3937; x_wconf 86' lang='grc' dir='ltr'>οὐ</span> <span class='ocrx_word' id='word_1_527' title='bbox 682 3883 788 3953; x_wconf 83' lang='grc' dir='ltr'>μὴν</span> <span class='ocrx_word' id='word_1_528' title='bbox 815 3882 869 3937; x_wconf 75' lang='lat' dir='ltr'><strong>et</strong></span> <span class='ocrx_word' id='word_1_529' title='bbox 901 3899 956 3936; x_wconf 87' lang='lat' dir='ltr'><strong>rt</strong></span> <span class='ocrx_word' id='word_1_530' title='bbox 995 3881 1153 3949; x_wconf 75' lang='grc' dir='ltr'>ζῶον,</span> <span class='ocrx_word' id='word_1_531' title='bbox 1185 3880 1535 3951; x_wconf 87' lang='grc' dir='ltr'>γελαστικόν.</span> <span class='ocrx_word' id='word_1_532' title='bbox 1573 3878 1648 3933; x_wconf 83' lang='grc' dir='ltr'><strong>Οὐ</strong></span> <span class='ocrx_word' id='word_1_533' title='bbox 1684 3880 1793 3949; x_wconf 82' lang='lat'><strong>7&amp;9</strong></span> <span class='ocrx_word' id='word_1_534' title='bbox 1824 3881 1979 3933; x_wconf 84' lang='grc' dir='ltr'>ἀντι-</span> 
     </span>
    </p>
   </div>
   <div class='ocr_carea' id='block_1_71' title="bbox 396 3969 1976 4046">
    <p class='ocr_par' dir='ltr' id='par_1_71' title="bbox 396 3969 1976 4046">
     <span class='ocr_line' id='line_1_71' title="bbox 396 3969 1976 4046; baseline -0.004 -17"><span class='ocrx_word' id='word_1_535' title='bbox 396 3974 641 4044; x_wconf 80' lang='grc' dir='ltr'>στρέφει,</span> <span class='ocrx_word' id='word_1_536' title='bbox 696 3975 783 4029; x_wconf 77' lang='grc' dir='ltr'>διὰ</span> <span class='ocrx_word' id='word_1_537' title='bbox 812 3975 874 4028; x_wconf 90' lang='lat' dir='ltr'><strong>rb</strong></span> <span class='ocrx_word' id='word_1_538' title='bbox 925 3974 1001 4046; x_wconf 76' lang='grc' dir='ltr'><strong>μὴ</strong></span> <span class='ocrx_word' id='word_1_539' title='bbox 1029 3975 1228 4046; x_wconf 70' lang='grc' dir='ltr'>ἐπίσης</span> <span class='ocrx_word' id='word_1_540' title='bbox 1282 3973 1856 4044; x_wconf 80' lang='grc' dir='ltr'>ἀντικατηγορεῖσθαι.</span> <span class='ocrx_word' id='word_1_541' title='bbox 1901 3969 1976 4023; x_wconf 82' lang='grc' dir='ltr'><strong>Οὐ</strong></span> 
     </span>
    </p>
   </div>
   <div class='ocr_carea' id='block_1_72' title="bbox 394 4061 1979 4137">
    <p class='ocr_par' dir='ltr' id='par_1_72' title="bbox 394 4061 1979 4137">
     <span class='ocr_line' id='line_1_72' title="bbox 394 4061 1979 4137; baseline -0.004 -15"><span class='ocrx_word' id='word_1_542' title='bbox 394 4069 573 4122; x_wconf 85' lang='grc' dir='ltr'>τοίνυν</span> <span class='ocrx_word' id='word_1_543' title='bbox 597 4068 689 4123; x_wconf 87' lang='grc' dir='ltr'><strong>τοῦ</strong></span> <span class='ocrx_word' id='word_1_544' title='bbox 719 4067 852 4123; x_wconf 81' lang='grc' dir='ltr'>Υίοῦ</span> <span class='ocrx_word' id='word_1_545' title='bbox 896 4067 959 4122; x_wconf 87' lang='lat' dir='ltr'><strong>rb</strong></span> <span class='ocrx_word' id='word_1_546' title='bbox 992 4066 1217 4137; x_wconf 79' lang='grc' dir='ltr'>Πνεῦμα</span> <span class='ocrx_word' id='word_1_547' title='bbox 1266 4064 1469 4132; x_wconf 77' lang='grc' dir='ltr'>λέγοιτ’</span> <span class='ocrx_word' id='word_1_548' title='bbox 1500 4064 1567 4118; x_wconf 81' lang='grc' dir='ltr'>ἂν</span> <span class='ocrx_word' id='word_1_549' title='bbox 1599 4063 1631 4135; x_wconf 82' lang='grc' dir='ltr'>ἢ</span> <span class='ocrx_word' id='word_1_550' title='bbox 1662 4061 1908 4130; x_wconf 77' lang='grc' dir='ltr'>δύναμις,</span> <span class='ocrx_word' id='word_1_551' title='bbox 1946 4061 1979 4131; x_wconf 79' lang='grc' dir='ltr'><strong>ἦ</strong></span> 
     </span>
    </p>
   </div>
   <div class='ocr_carea' id='block_1_73' title="bbox 401 4148 1983 4231">
    <p class='ocr_par' dir='ltr' id='par_1_73' title="bbox 401 4148 1983 4231">
     <span class='ocr_line' id='line_1_73' title="bbox 401 4148 1983 4231; baseline -0.006 -19"><span class='ocrx_word' id='word_1_552' title='bbox 401 4159 668 4231; x_wconf 74' lang='grc' dir='ltr'>ἐνέργεια,</span> <span class='ocrx_word' id='word_1_553' title='bbox 707 4160 740 4231; x_wconf 77' lang='grc' dir='ltr'>ἢ</span> <span class='ocrx_word' id='word_1_554' title='bbox 770 4160 883 4230; x_wconf 79' lang='grc' dir='ltr'><strong>ζωὴ</strong></span> <span class='ocrx_word' id='word_1_555' title='bbox 917 4159 1119 4228; x_wconf 81' lang='grc' dir='ltr'>φυσικὴ</span> <span class='ocrx_word' id='word_1_556' title='bbox 1162 4157 1259 4210; x_wconf 68' lang='grc' dir='ltr'><strong>καὶ</strong></span> <span class='ocrx_word' id='word_1_557' title='bbox 1295 4155 1581 4224; x_wconf 75' lang='grc' dir='ltr'>οὐσιὼδης,</span> <span class='ocrx_word' id='word_1_558' title='bbox 1622 4152 1760 4206; x_wconf 87' lang='grc' dir='ltr'>διότι</span> <span class='ocrx_word' id='word_1_559' title='bbox 1785 4148 1983 4221; x_wconf 82' lang='grc' dir='ltr'>ὁμοσύ-</span> 
     </span>
    </p>
   </div>
   <div class='ocr_carea' id='block_1_74' title="bbox 404 4240 1984 4325">
    <p class='ocr_par' dir='ltr' id='par_1_74' title="bbox 404 4240 1984 4325">
     <span class='ocr_line' id='line_1_74' title="bbox 404 4240 1984 4325; baseline -0.012 -13"><span class='ocrx_word' id='word_1_560' title='bbox 404 4274 516 4312; x_wconf 91' lang='grc' dir='ltr'>σιον</span> <span class='ocrx_word' id='word_1_561' title='bbox 541 4253 694 4325; x_wconf 81' lang='grc' dir='ltr'>αὐτῷ</span> <span class='ocrx_word' id='word_1_562' title='bbox 722 4257 892 4308; x_wconf 71' lang='grc' dir='ltr'>ἐστιν.</span> <span class='ocrx_word' id='word_1_563' title='bbox 943 4251 1003 4304; x_wconf 88' lang='lat'><strong>&#39;0</strong></span> <span class='ocrx_word' id='word_1_564' title='bbox 1031 4250 1143 4319; x_wconf 89' lang='lat'><strong>7&amp;9</strong></span> <span class='ocrx_word' id='word_1_565' title='bbox 1171 4247 1231 4301; x_wconf 85' lang='lat' dir='ltr'><strong>rb</strong></span> <span class='ocrx_word' id='word_1_566' title='bbox 1262 4246 1549 4318; x_wconf 83' lang='grc' dir='ltr'>όμοούσιον</span> <span class='ocrx_word' id='word_1_567' title='bbox 1578 4242 1672 4297; x_wconf 92' lang='grc' dir='ltr'><strong>τοῦ</strong></span> <span class='ocrx_word' id='word_1_568' title='bbox 1693 4241 1868 4296; x_wconf 87' lang='grc' dir='ltr'>ταῦτα</span> <span class='ocrx_word' id='word_1_569' title='bbox 1894 4240 1984 4294; x_wconf 83' lang='grc' dir='ltr'>λέ-</span> 
     </span>
    </p>
   </div>
   <div class='ocr_carea' id='block_1_75' title="bbox 400 4334 1982 4421">
    <p class='ocr_par' dir='ltr' id='par_1_75' title="bbox 400 4334 1982 4421">
     <span class='ocr_line' id='line_1_75' title="bbox 400 4334 1982 4421; baseline -0.013 -15"><span class='ocrx_word' id='word_1_570' title='bbox 400 4351 594 4421; x_wconf 80' lang='grc' dir='ltr'>γεσθαι</span> <span class='ocrx_word' id='word_1_571' title='bbox 620 4348 682 4403; x_wconf 86' lang='lat' dir='ltr'><strong>rb</strong></span> <span class='ocrx_word' id='word_1_572' title='bbox 707 4346 935 4415; x_wconf 83' lang='grc' dir='ltr'>Πνεῦμα</span> <span class='ocrx_word' id='word_1_573' title='bbox 966 4341 1095 4397; x_wconf 80' lang='grc' dir='ltr'>Υίοῦ</span> <span class='ocrx_word' id='word_1_574' title='bbox 1128 4340 1410 4410; x_wconf 83' lang='grc' dir='ltr'>τιθέμενος</span> <span class='ocrx_word' id='word_1_575' title='bbox 1445 4337 1626 4393; x_wconf 82' lang='grc' dir='ltr'>αἰτίαν</span> <span class='ocrx_word' id='word_1_576' title='bbox 1653 4334 1982 4406; x_wconf 72' lang='grc' dir='ltr'>ἁμαρτάνει,</span> 
     </span>
    </p>
   </div>
   <div class='ocr_carea' id='block_1_76' title="bbox 294 4425 1984 4500">
    <p class='ocr_par' dir='ltr' id='par_1_76' title="bbox 294 4425 1984 4500">
     <span class='ocr_line' id='line_1_76' title="bbox 294 4425 1984 4500; baseline -0.015 2"><span class='ocrx_word' id='word_1_577' title='bbox 294 4464 299 4467; x_wconf 93' lang='grc'>·</span> <span class='ocrx_word' id='word_1_578' title='bbox 400 4447 462 4500; x_wconf 87' lang='lat' dir='ltr'><strong>rb</strong></span> <span class='ocrx_word' id='word_1_579' title='bbox 488 4444 574 4498; x_wconf 75' lang='grc' dir='ltr'><strong>ἐπ’</strong></span> <span class='ocrx_word' id='word_1_580' title='bbox 607 4442 826 4496; x_wconf 72' lang='grc' dir='ltr'>ἔλαττον</span> <span class='ocrx_word' id='word_1_581' title='bbox 858 4435 950 4491; x_wconf 87' lang='grc' dir='ltr'><strong>τοῦ</strong></span> <span class='ocrx_word' id='word_1_582' title='bbox 983 4436 1077 4488; x_wconf 71' lang='grc' dir='ltr'><strong>ἐπὶ</strong></span> <span class='ocrx_word' id='word_1_583' title='bbox 1103 4435 1291 4486; x_wconf 88' lang='grc' dir='ltr'>πλεῖον</span> <span class='ocrx_word' id='word_1_584' title='bbox 1323 4429 1621 4498; x_wconf 81' lang='grc' dir='ltr'>λεγομένου</span> <span class='ocrx_word' id='word_1_585' title='bbox 1659 4428 1839 4481; x_wconf 75' lang='grc' dir='ltr'>αἰτίαν</span> <span class='ocrx_word' id='word_1_586' title='bbox 1862 4425 1984 4478; x_wconf 81' lang='grc' dir='ltr'>ὲπι-</span> 
     </span>
    </p>
   </div>
   <div class='ocr_carea' id='block_1_77' title="bbox 405 4518 2031 4610">
    <p class='ocr_par' dir='ltr' id='par_1_77' title="bbox 405 4518 2031 4610">
     <span class='ocr_line' id='line_1_77' title="bbox 405 4518 2031 4610; baseline -0.014 -17"><span class='ocrx_word' id='word_1_587' title='bbox 405 4536 622 4607; x_wconf 70' lang='grc' dir='ltr'>σφαλῶς</span> <span class='ocrx_word' id='word_1_588' title='bbox 653 4531 959 4593; x_wconf 77' lang='grc' dir='ltr'>ἀποδιδούς.</span> <span class='ocrx_word' id='word_1_589' title='bbox 985 4530 1047 4583; x_wconf 82' lang='grc' dir='ltr'><strong>Εἰ</strong></span> <span class='ocrx_word' id='word_1_590' title='bbox 1075 4528 1133 4582; x_wconf 80' lang='grc' dir='ltr'>δὲ</span> <span class='ocrx_word' id='word_1_591' title='bbox 1164 4526 1259 4580; x_wconf 73' lang='grc' dir='ltr'><strong>καὶ</strong></span> <span class='ocrx_word' id='word_1_592' title='bbox 1288 4523 1510 4578; x_wconf 76' lang='grc' dir='ltr'>ἐπὶτῶν</span> <span class='ocrx_word' id='word_1_593' title='bbox 1539 4520 1844 4592; x_wconf 84' lang='grc' dir='ltr'>όμοουσίων</span> <span class='ocrx_word' id='word_1_594' title='bbox 1885 4518 1983 4589; x_wconf 81' lang='grc' dir='ltr'>μό·</span> <span class='ocrx_word' id='word_1_595' title='bbox 2003 4580 2031 4610; x_wconf 55' lang='lat'><strong>‘</strong></span> 
     </span>
    </p>
   </div>
   <div class='ocr_carea' id='block_1_78' title="bbox 2080 3326 3658 3410">
    <p class='ocr_par' dir='ltr' id='par_1_78' title="bbox 2080 3326 3658 3410">
     <span class='ocr_line' id='line_1_78' title="bbox 2080 3326 3658 3410; baseline -0.01 -17"><span class='ocrx_word' id='word_1_596' title='bbox 2080 3346 2289 3403; x_wconf 89' lang='lat' dir='ltr'><strong>autem,</strong></span> <span class='ocrx_word' id='word_1_597' title='bbox 2320 3350 2492 3407; x_wconf 88' lang='lat' dir='ltr'><strong>quare</strong></span> <span class='ocrx_word' id='word_1_598' title='bbox 2519 3334 2732 3390; x_wconf 87' lang='lat' dir='ltr'><strong>risibile</strong></span> <span class='ocrx_word' id='word_1_599' title='bbox 2762 3334 2857 3399; x_wconf 91' lang='lat' dir='ltr'><strong>sit,</strong></span> <span class='ocrx_word' id='word_1_600' title='bbox 2893 3332 3156 3402; x_wconf 86' lang='lat' dir='ltr'><strong>quoniam</strong></span> <span class='ocrx_word' id='word_1_601' title='bbox 3191 3329 3358 3383; x_wconf 87' lang='lat' dir='ltr'><strong>homo</strong></span> <span class='ocrx_word' id='word_1_602' title='bbox 3412 3326 3658 3410; x_wconf 80' lang='lat' dir='ltr'><strong>dicetur.</strong></span> 
     </span>
    </p>
   </div>
   <div class='ocr_carea' id='block_1_79' title="bbox 2081 3412 3663 3489">
    <p class='ocr_par' dir='ltr' id='par_1_79' title="bbox 2081 3412 3663 3489">
     <span class='ocr_line' id='line_1_79' title="bbox 2081 3412 3663 3489; baseline -0.009 -9"><span class='ocrx_word' id='word_1_603' title='bbox 2081 3424 2208 3480; x_wconf 72' lang='lat' dir='ltr'><strong>Haec</strong></span> <span class='ocrx_word' id='word_1_604' title='bbox 2241 3424 2392 3480; x_wconf 90' lang='lat' dir='ltr'><strong>enim</strong></span> <span class='ocrx_word' id='word_1_605' title='bbox 2455 3424 2598 3478; x_wconf 82' lang='lat' dir='ltr'><strong>inter</strong></span> <span class='ocrx_word' id='word_1_606' title='bbox 2635 3437 2695 3477; x_wconf 89' lang='lat' dir='ltr'><strong>se</strong></span> <span class='ocrx_word' id='word_1_607' title='bbox 2750 3431 2941 3475; x_wconf 81' lang='lat' dir='ltr'><strong>mutuo</strong></span> <span class='ocrx_word' id='word_1_608' title='bbox 2974 3417 3367 3489; x_wconf 74' lang='lat' dir='ltr'><strong>praedicantur,</strong></span> <span class='ocrx_word' id='word_1_609' title='bbox 3409 3421 3467 3469; x_wconf 87' lang='lat' dir='ltr'><strong>et</strong></span> <span class='ocrx_word' id='word_1_610' title='bbox 3517 3412 3663 3467; x_wconf 70' lang='lat' dir='ltr'><strong>adae-</strong></span> 
     </span>
    </p>
   </div>
   <div class='ocr_carea' id='block_1_80' title="bbox 2080 3506 3669 3589">
    <p class='ocr_par' dir='ltr' id='par_1_80' title="bbox 2080 3506 3669 3589">
     <span class='ocr_line' id='line_1_80' title="bbox 2080 3506 3669 3589; baseline -0.009 -16"><span class='ocrx_word' id='word_1_611' title='bbox 2080 3526 2346 3589; x_wconf 89' lang='lat' dir='ltr'><strong>quantur.</strong></span> <span class='ocrx_word' id='word_1_612' title='bbox 2394 3516 2451 3575; x_wconf 88' lang='lat' dir='ltr'><strong>Si</strong></span> <span class='ocrx_word' id='word_1_613' title='bbox 2488 3530 2620 3572; x_wconf 92' lang='lat' dir='ltr'><strong>vero</strong></span> <span class='ocrx_word' id='word_1_614' title='bbox 2671 3514 2821 3568; x_wconf 90' lang='lat' dir='ltr'><strong>dicat</strong></span> <span class='ocrx_word' id='word_1_615' title='bbox 2847 3512 2994 3583; x_wconf 90' lang='lat' dir='ltr'><strong>quis,</strong></span> <span class='ocrx_word' id='word_1_616' title='bbox 3048 3519 3339 3582; x_wconf 84' lang='lat' dir='ltr'><strong>propterea</strong></span> <span class='ocrx_word' id='word_1_617' title='bbox 3370 3506 3536 3561; x_wconf 89' lang='lat' dir='ltr'><strong>homo</strong></span> <span class='ocrx_word' id='word_1_618' title='bbox 3577 3511 3669 3558; x_wconf 80' lang='lat' dir='ltr'><strong>est</strong></span> 
     </span>
    </p>
   </div>
   <div class='ocr_carea' id='block_1_81' title="bbox 2081 3595 3666 3679">
    <p class='ocr_par' dir='ltr' id='par_1_81' title="bbox 2081 3595 3666 3679">
     <span class='ocr_line' id='line_1_81' title="bbox 2081 3595 3666 3679; baseline -0.011 -14"><span class='ocrx_word' id='word_1_619' title='bbox 2081 3608 2451 3679; x_wconf 88' lang='lat' dir='ltr'><strong>animal,quia</strong></span> <span class='ocrx_word' id='word_1_620' title='bbox 2475 3616 2558 3663; x_wconf 87' lang='lat' dir='ltr'><strong>est</strong></span> <span class='ocrx_word' id='word_1_621' title='bbox 2581 3606 2818 3674; x_wconf 89' lang='lat' dir='ltr'><strong>risibile,</strong></span> <span class='ocrx_word' id='word_1_622' title='bbox 2845 3620 2957 3660; x_wconf 88' lang='lat' dir='ltr'><strong>non</strong></span> <span class='ocrx_word' id='word_1_623' title='bbox 2989 3611 3139 3659; x_wconf 89' lang='lat' dir='ltr'><strong>recte</strong></span> <span class='ocrx_word' id='word_1_624' title='bbox 3171 3597 3555 3670; x_wconf 83' lang='lat' dir='ltr'><strong>respondebit,</strong></span> <span class='ocrx_word' id='word_1_625' title='bbox 3590 3595 3666 3649; x_wconf 90' lang='lat' dir='ltr'><strong>ri-</strong></span> 
     </span>
    </p>
   </div>
   <div class='ocr_carea' id='block_1_82' title="bbox 2083 3691 3683 3775">
    <p class='ocr_par' dir='ltr' id='par_1_82' title="bbox 2083 3691 3683 3775">
     <span class='ocr_line' id='line_1_82' title="bbox 2083 3691 3683 3775; baseline -0.009 -16"><span class='ocrx_word' id='word_1_626' title='bbox 2083 3703 2243 3759; x_wconf 90' lang='lat' dir='ltr'><strong>sibile</strong></span> <span class='ocrx_word' id='word_1_627' title='bbox 2283 3703 2574 3775; x_wconf 77' lang='lat' dir='ltr'><strong>assignans</strong></span> <span class='ocrx_word' id='word_1_628' title='bbox 2619 3714 2870 3766; x_wconf 83' lang='lat' dir='ltr'><strong>causam,</strong></span> <span class='ocrx_word' id='word_1_629' title='bbox 2897 3695 3049 3769; x_wconf 89' lang='lat' dir='ltr'><strong>quod</strong></span> <span class='ocrx_word' id='word_1_630' title='bbox 3107 3696 3275 3751; x_wconf 85' lang='lat' dir='ltr'><strong>homo</strong></span> <span class='ocrx_word' id='word_1_631' title='bbox 3320 3693 3399 3750; x_wconf 85' lang='lat' dir='ltr'><strong>sit</strong></span> <span class='ocrx_word' id='word_1_632' title='bbox 3439 3691 3683 3754; x_wconf 82' lang='lat' dir='ltr'><strong>animal...</strong></span> 
     </span>
    </p>
   </div>
   <div class='ocr_carea' id='block_1_83' title="bbox 2083 3785 3678 3867">
    <p class='ocr_par' dir='ltr' id='par_1_83' title="bbox 2083 3785 3678 3867">
     <span class='ocr_line' id='line_1_83' title="bbox 2083 3785 3678 3867; baseline -0.009 -15"><span class='ocrx_word' id='word_1_633' title='bbox 2083 3796 2231 3867; x_wconf 86' lang='lat' dir='ltr'><strong>quod</strong></span> <span class='ocrx_word' id='word_1_634' title='bbox 2266 3796 2440 3867; x_wconf 82' lang='lat' dir='ltr'><strong>magis</strong></span> <span class='ocrx_word' id='word_1_635' title='bbox 2476 3795 2546 3851; x_wconf 92' lang='lat' dir='ltr'><strong>de</strong></span> <span class='ocrx_word' id='word_1_636' title='bbox 2607 3794 2883 3864; x_wconf 89' lang='lat' dir='ltr'><strong>pluribus,</strong></span> <span class='ocrx_word' id='word_1_637' title='bbox 2936 3805 3102 3862; x_wconf 79' lang='lat' dir='ltr'><strong>quam</strong></span> <span class='ocrx_word' id='word_1_638' title='bbox 3161 3787 3375 3844; x_wconf 86' lang='lat' dir='ltr'><strong>risibile</strong></span> <span class='ocrx_word' id='word_1_639' title='bbox 3404 3785 3678 3855; x_wconf 44' lang='lat' dir='ltr'><strong>praedicat</strong></span> 
     </span>
    </p>
   </div>
   <div class='ocr_carea' id='block_1_84' title="bbox 2085 3867 3671 3954">
    <p class='ocr_par' dir='ltr' id='par_1_84' title="bbox 2085 3867 3671 3954">
     <span class='ocr_line' id='line_1_84' title="bbox 2085 3867 3671 3954; baseline -0.009 -15"><span class='ocrx_word' id='word_1_640' title='bbox 2085 3893 2198 3941; x_wconf 88' lang='lat' dir='ltr'><strong>tur.</strong></span> <span class='ocrx_word' id='word_1_641' title='bbox 2229 3883 2291 3940; x_wconf 91' lang='lat' dir='ltr'><strong>Si</strong></span> <span class='ocrx_word' id='word_1_642' title='bbox 2322 3883 2452 3954; x_wconf 90' lang='lat' dir='ltr'><strong>quid</strong></span> <span class='ocrx_word' id='word_1_643' title='bbox 2477 3883 2624 3939; x_wconf 90' lang='lat' dir='ltr'><strong>enim</strong></span> <span class='ocrx_word' id='word_1_644' title='bbox 2666 3867 2879 3937; x_wconf 84' lang='lat' dir='ltr'><strong>risibile</strong></span> <span class='ocrx_word' id='word_1_645' title='bbox 2910 3887 3014 3943; x_wconf 88' lang='lat' dir='ltr'><strong>est,</strong></span> <span class='ocrx_word' id='word_1_646' title='bbox 3057 3875 3260 3932; x_wconf 81' lang='lat' dir='ltr'><strong>animal</strong></span> <span class='ocrx_word' id='word_1_647' title='bbox 3291 3883 3397 3939; x_wconf 90' lang='lat' dir='ltr'><strong>est,</strong></span> <span class='ocrx_word' id='word_1_648' title='bbox 3427 3888 3538 3928; x_wconf 91' lang='lat' dir='ltr'><strong>non</strong></span> <span class='ocrx_word' id='word_1_649' title='bbox 3586 3880 3671 3926; x_wconf 49' lang='lat' dir='ltr'><strong>tau</strong></span> 
     </span>
    </p>
   </div>
   <div class='ocr_carea' id='block_1_85' title="bbox 2085 3963 3670 4042">
    <p class='ocr_par' dir='ltr' id='par_1_85' title="bbox 2085 3963 3670 4042">
     <span class='ocr_line' id='line_1_85' title="bbox 2085 3963 3670 4042; baseline -0.01 -13"><span class='ocrx_word' id='word_1_650' title='bbox 2085 3990 2212 4029; x_wconf 89' lang='lat' dir='ltr'><strong>men</strong></span> <span class='ocrx_word' id='word_1_651' title='bbox 2249 3974 2295 4028; x_wconf 92' lang='lat' dir='ltr'><strong>si</strong></span> <span class='ocrx_word' id='word_1_652' title='bbox 2338 3971 2472 4042; x_wconf 87' lang='lat' dir='ltr'><strong>quid</strong></span> <span class='ocrx_word' id='word_1_653' title='bbox 2523 3969 2752 4033; x_wconf 89' lang='lat' dir='ltr'><strong>animal,</strong></span> <span class='ocrx_word' id='word_1_654' title='bbox 2786 3967 3018 4024; x_wconf 82' lang='lat' dir='ltr'><strong>risibile.</strong></span> <span class='ocrx_word' id='word_1_655' title='bbox 3051 3964 3171 4020; x_wconf 85' lang='lat' dir='ltr'><strong>Non</strong></span> <span class='ocrx_word' id='word_1_656' title='bbox 3228 3963 3381 4018; x_wconf 89' lang='lat' dir='ltr'><strong>enim</strong></span> <span class='ocrx_word' id='word_1_657' title='bbox 3438 3976 3670 4016; x_wconf 80' lang='lat' dir='ltr'><strong>conver-</strong></span> 
     </span>
    </p>
   </div>
   <div class='ocr_carea' id='block_1_86' title="bbox 2087 4052 3671 4132">
    <p class='ocr_par' dir='ltr' id='par_1_86' title="bbox 2087 4052 3671 4132">
     <span class='ocr_line' id='line_1_86' title="bbox 2087 4052 3671 4132; baseline -0.006 -12"><span class='ocrx_word' id='word_1_658' title='bbox 2087 4075 2303 4127; x_wconf 90' lang='lat' dir='ltr'><strong>tuntur,</strong></span> <span class='ocrx_word' id='word_1_659' title='bbox 2329 4078 2397 4118; x_wconf 91' lang='lat' dir='ltr'><strong>eo</strong></span> <span class='ocrx_word' id='word_1_660' title='bbox 2425 4062 2572 4132; x_wconf 89' lang='lat' dir='ltr'><strong>quod</strong></span> <span class='ocrx_word' id='word_1_661' title='bbox 2597 4077 2707 4115; x_wconf 90' lang='lat' dir='ltr'><strong>non</strong></span> <span class='ocrx_word' id='word_1_662' title='bbox 2733 4073 2889 4130; x_wconf 69' lang='lat' dir='ltr'><strong>teque</strong></span> <span class='ocrx_word' id='word_1_663' title='bbox 2908 4072 2972 4113; x_wconf 89' lang='lat' dir='ltr'><strong>ac</strong></span> <span class='ocrx_word' id='word_1_664' title='bbox 3003 4055 3248 4112; x_wconf 86' lang='lat' dir='ltr'><strong>vicissim</strong></span> <span class='ocrx_word' id='word_1_665' title='bbox 3275 4052 3671 4124; x_wconf 74' lang='lat' dir='ltr'><strong>praedicantur.</strong></span> 
     </span>
    </p>
   </div>
   <div class='ocr_carea' id='block_1_87' title="bbox 2084 4142 3679 4226">
    <p class='ocr_par' dir='ltr' id='par_1_87' title="bbox 2084 4142 3679 4226">
     <span class='ocr_line' id='line_1_87' title="bbox 2084 4142 3679 4226; baseline -0.01 -16"><span class='ocrx_word' id='word_1_666' title='bbox 2084 4156 2205 4210; x_wconf 89' lang='lat' dir='ltr'><strong>Non</strong></span> <span class='ocrx_word' id='word_1_667' title='bbox 2238 4155 2409 4226; x_wconf 78' lang='lat' dir='ltr'><strong>igitur</strong></span> <span class='ocrx_word' id='word_1_668' title='bbox 2444 4150 2687 4222; x_wconf 88' lang='lat' dir='ltr'><strong>Spiritus</strong></span> <span class='ocrx_word' id='word_1_669' title='bbox 2726 4149 2851 4204; x_wconf 89' lang='lat' dir='ltr'><strong>Filii</strong></span> <span class='ocrx_word' id='word_1_670' title='bbox 2883 4149 3076 4218; x_wconf 85' lang='lat' dir='ltr'><strong>utique</strong></span> <span class='ocrx_word' id='word_1_671' title='bbox 3113 4146 3418 4211; x_wconf 83' lang='lat' dir='ltr'><strong>diceretur,</strong></span> <span class='ocrx_word' id='word_1_672' title='bbox 3452 4142 3538 4197; x_wconf 87' lang='lat' dir='ltr'><strong>vel</strong></span> <span class='ocrx_word' id='word_1_673' title='bbox 3572 4157 3679 4211; x_wconf 82' lang='lat' dir='ltr'><strong>po-_</strong></span> 
     </span>
    </p>
   </div>
   <div class='ocr_carea' id='block_1_88' title="bbox 2087 4234 3671 4314">
    <p class='ocr_par' dir='ltr' id='par_1_88' title="bbox 2087 4234 3671 4314">
     <span class='ocr_line' id='line_1_88' title="bbox 2087 4234 3671 4314; baseline -0.011 -12"><span class='ocrx_word' id='word_1_674' title='bbox 2087 4247 2281 4311; x_wconf 88' lang='lat' dir='ltr'><strong>tentia,</strong></span> <span class='ocrx_word' id='word_1_675' title='bbox 2306 4244 2394 4299; x_wconf 90' lang='lat' dir='ltr'><strong>vel</strong></span> <span class='ocrx_word' id='word_1_676' title='bbox 2420 4242 2690 4314; x_wconf 88' lang='lat' dir='ltr'><strong>operatio,</strong></span> <span class='ocrx_word' id='word_1_677' title='bbox 2721 4257 2818 4297; x_wconf 92' lang='lat' dir='ltr'><strong>seu</strong></span> <span class='ocrx_word' id='word_1_678' title='bbox 2847 4236 2959 4295; x_wconf 90' lang='lat' dir='ltr'><strong>vita</strong></span> <span class='ocrx_word' id='word_1_679' title='bbox 2992 4238 3285 4303; x_wconf 83' lang='lat' dir='ltr'><strong>naturalis,</strong></span> <span class='ocrx_word' id='word_1_680' title='bbox 3317 4251 3380 4291; x_wconf 89' lang='lat' dir='ltr'><strong>ac</strong></span> <span class='ocrx_word' id='word_1_681' title='bbox 3407 4234 3671 4290; x_wconf 81' lang='lat' dir='ltr'><strong>substan-.</strong></span> 
     </span>
    </p>
   </div>
   <div class='ocr_carea' id='block_1_89' title="bbox 2090 4324 3677 4405">
    <p class='ocr_par' dir='ltr' id='par_1_89' title="bbox 2090 4324 3677 4405">
     <span class='ocr_line' id='line_1_89' title="bbox 2090 4324 3677 4405; baseline -0.007 -15"><span class='ocrx_word' id='word_1_682' title='bbox 2090 4336 2255 4400; x_wconf 89' lang='lat' dir='ltr'><strong>tialis,</strong></span> <span class='ocrx_word' id='word_1_683' title='bbox 2289 4333 2551 4405; x_wconf 90' lang='lat' dir='ltr'><strong>quoniam</strong></span> <span class='ocrx_word' id='word_1_684' title='bbox 2579 4329 3071 4387; x_wconf 86' lang='lat' dir='ltr'><strong>consubstantialis</strong></span> <span class='ocrx_word' id='word_1_685' title='bbox 3104 4338 3186 4384; x_wconf 92' lang='lat' dir='ltr'><strong>est</strong></span> <span class='ocrx_word' id='word_1_686' title='bbox 3218 4326 3345 4395; x_wconf 89' lang='lat' dir='ltr'><strong>ipsi.</strong></span> <span class='ocrx_word' id='word_1_687' title='bbox 3385 4324 3488 4391; x_wconf 87' lang='lat' dir='ltr'><strong>Qui</strong></span> <span class='ocrx_word' id='word_1_688' title='bbox 3517 4327 3677 4379; x_wconf 81' lang='lat' dir='ltr'><strong>enim</strong></span> 
     </span>
    </p>
   </div>
   <div class='ocr_carea' id='block_1_90' title="bbox 2087 4415 3671 4492">
    <p class='ocr_par' dir='ltr' id='par_1_90' title="bbox 2087 4415 3671 4492">
     <span class='ocr_line' id='line_1_90' title="bbox 2087 4415 3671 4492; baseline -0.01 -11"><span class='ocrx_word' id='word_1_689' title='bbox 2087 4424 2732 4482; x_wconf 89' lang='lat' dir='ltr'><strong>consubstantialitatem</strong></span> <span class='ocrx_word' id='word_1_690' title='bbox 2765 4421 2922 4492; x_wconf 88' lang='lat' dir='ltr'><strong>ponit</strong></span> <span class='ocrx_word' id='word_1_691' title='bbox 2951 4433 3174 4474; x_wconf 84' lang='lat' dir='ltr'><strong>causam</strong></span> <span class='ocrx_word' id='word_1_692' title='bbox 3231 4426 3293 4471; x_wconf 90' lang='lat' dir='ltr'><strong>ut</strong></span> <span class='ocrx_word' id='word_1_693' title='bbox 3323 4417 3424 4469; x_wconf 86' lang='lat' dir='ltr'><strong>ista</strong></span> <span class='ocrx_word' id='word_1_694' title='bbox 3453 4415 3671 4470; x_wconf 84' lang='lat' dir='ltr'><strong>dicatur</strong></span> 
     </span>
    </p>
   </div>
   <div class='ocr_carea' id='block_1_91' title="bbox 2089 4508 3669 4591">
    <p class='ocr_par' dir='ltr' id='par_1_91' title="bbox 2089 4508 3669 4591">
     <span class='ocr_line' id='line_1_91' title="bbox 2089 4508 3669 4591; baseline -0.01 -16"><span class='ocrx_word' id='word_1_695' title='bbox 2089 4520 2329 4591; x_wconf 83' lang='lat' dir='ltr'><strong>Spiritus</strong></span> <span class='ocrx_word' id='word_1_696' title='bbox 2378 4517 2526 4582; x_wconf 91' lang='lat' dir='ltr'><strong>Filii,</strong></span> <span class='ocrx_word' id='word_1_697' title='bbox 2573 4524 2748 4583; x_wconf 86' lang='lat' dir='ltr'><strong>errat,</strong></span> <span class='ocrx_word' id='word_1_698' title='bbox 2801 4530 2925 4571; x_wconf 92' lang='lat' dir='ltr'><strong>cum</strong></span> <span class='ocrx_word' id='word_1_699' title='bbox 2956 4512 3088 4567; x_wconf 90' lang='lat' dir='ltr'><strong>illud</strong></span> <span class='ocrx_word' id='word_1_700' title='bbox 3122 4508 3291 4581; x_wconf 86' lang='lat' dir='ltr'><strong>quod.</strong></span> <span class='ocrx_word' id='word_1_701' title='bbox 3330 4508 3512 4562; x_wconf 91' lang='lat' dir='ltr'><strong>minus</strong></span> <span class='ocrx_word' id='word_1_702' title='bbox 3565 4517 3669 4568; x_wconf 88' lang='lat' dir='ltr'><strong>cst,</strong></span> 
     </span>
    </p>
   </div>
   <div class='ocr_carea' id='block_1_92' title="bbox 403 4602 1975 4697">
    <p class='ocr_par' dir='ltr' id='par_1_92' title="bbox 403 4602 1975 4697">
     <span class='ocr_line' id='line_1_92' title="bbox 403 4602 1975 4697; baseline -0.015 -10"><span class='ocrx_word' id='word_1_703' title='bbox 403 4602 511 4687; x_wconf 82' lang='grc' dir='ltr'><strong>νων</strong></span> <span class='ocrx_word' id='word_1_704' title='bbox 545 4627 898 4697; x_wconf 84' lang='grc' dir='ltr'>θεωροῦντες,</span> <span class='ocrx_word' id='word_1_705' title='bbox 933 4624 994 4678; x_wconf 80' lang='grc' dir='ltr'>οὐ</span> <span class='ocrx_word' id='word_1_706' title='bbox 1035 4619 1316 4681; x_wconf 74' lang='grc' dir='ltr'>παντελῶς</span> <span class='ocrx_word' id='word_1_707' title='bbox 1359 4618 1666 4688; x_wconf 81' lang='grc' dir='ltr'>εὑρήσομεν</span> <span class='ocrx_word' id='word_1_708' title='bbox 1717 4614 1975 4682; x_wconf 67' lang='grc' dir='ltr'>ἑπόμενον</span> 
     </span>
    </p>
   </div>
   <div class='ocr_carea' id='block_1_93' title="bbox 2078 4602 3673 4697">
    <p class='ocr_par' dir='ltr' id='par_1_93' title="bbox 2094 4602 3673 4682">
     <span class='ocr_line' id='line_1_93' title="bbox 2094 4602 3673 4682; baseline -0.009 -17"><span class='ocrx_word' id='word_1_709' title='bbox 2094 4613 2337 4682; x_wconf 79' lang='lat' dir='ltr'><strong>assignet</strong></span> <span class='ocrx_word' id='word_1_710' title='bbox 2366 4625 2628 4681; x_wconf 88' lang='lat' dir='ltr'><strong>perverse</strong></span> <span class='ocrx_word' id='word_1_711' title='bbox 2663 4622 2887 4662; x_wconf 85' lang='lat' dir='ltr'><strong>causam</strong></span> <span class='ocrx_word' id='word_1_712' title='bbox 2942 4606 3087 4676; x_wconf 85' lang='lat' dir='ltr'><strong>ejus,</strong></span> <span class='ocrx_word' id='word_1_713' title='bbox 3120 4604 3269 4675; x_wconf 92' lang='lat' dir='ltr'><strong>quod</strong></span> <span class='ocrx_word' id='word_1_714' title='bbox 3299 4602 3464 4658; x_wconf 86' lang='lat' dir='ltr'><strong>latius</strong></span> <span class='ocrx_word' id='word_1_715' title='bbox 3497 4610 3673 4668; x_wconf 84' lang='lat' dir='ltr'><strong>patet.</strong></span> 
     </span>
    </p>
   </div>
   <div class='ocr_carea' id='block_1_94' title="bbox 403 4705 1989 4786">
    <p class='ocr_par' dir='ltr' id='par_1_94' title="bbox 403 4705 1989 4786">
     <span class='ocr_line' id='line_1_94' title="bbox 403 4705 1989 4786; baseline -0.012 -10"><span class='ocrx_word' id='word_1_716' title='bbox 403 4724 522 4776; x_wconf 87' lang='grc' dir='ltr'>τόδε</span> <span class='ocrx_word' id='word_1_717' title='bbox 550 4721 705 4775; x_wconf 85' lang='grc' dir='ltr'>τοῦδε</span> <span class='ocrx_word' id='word_1_718' title='bbox 733 4717 1008 4786; x_wconf 83' lang='grc' dir='ltr'>λέγεσθαι,</span> <span class='ocrx_word' id='word_1_719' title='bbox 1047 4711 1171 4768; x_wconf 70' lang='grc' dir='ltr'>ἀλλ’</span> <span class='ocrx_word' id='word_1_720' title='bbox 1195 4711 1464 4765; x_wconf 77' lang='grc' dir='ltr'>ἐλλείπειν</span> <span class='ocrx_word' id='word_1_721' title='bbox 1525 4709 1621 4763; x_wconf 79' lang='grc' dir='ltr'><strong>καὶ</strong></span> <span class='ocrx_word' id='word_1_722' title='bbox 1660 4708 1754 4761; x_wconf 73' lang='grc' dir='ltr'><strong>ἐπὶ</strong></span> <span class='ocrx_word' id='word_1_723' title='bbox 1782 4705 1989 4760; x_wconf 82' lang='grc' dir='ltr'>τούτων</span> 
     </span>
    </p>
   </div>
   <div class='ocr_carea' id='block_1_95' title="bbox 406 4796 1992 4880">
    <p class='ocr_par' dir='ltr' id='par_1_95' title="bbox 406 4796 1992 4880">
     <span class='ocr_line' id='line_1_95' title="bbox 406 4796 1992 4880; baseline -0.012 -12"><span class='ocrx_word' id='word_1_724' title='bbox 406 4815 477 4868; x_wconf 80' lang='grc' dir='ltr'>τὰ</span> <span class='ocrx_word' id='word_1_725' title='bbox 521 4815 787 4866; x_wconf 87' lang='grc' dir='ltr'>πλεῖστα·</span> <span class='ocrx_word' id='word_1_726' title='bbox 834 4808 1120 4880; x_wconf 79' lang='grc' dir='ltr'>ὁμοούσιος</span> <span class='ocrx_word' id='word_1_727' title='bbox 1174 4804 1282 4875; x_wconf 82' lang='grc' dir='ltr'><strong>γὰρ</strong></span> <span class='ocrx_word' id='word_1_728' title='bbox 1342 4801 1548 4872; x_wconf 81' lang='grc' dir='ltr'>Πέτρος</span> <span class='ocrx_word' id='word_1_729' title='bbox 1605 4797 1829 4869; x_wconf 83' lang='grc' dir='ltr'>Παύλῳ,</span> <span class='ocrx_word' id='word_1_730' title='bbox 1896 4796 1992 4851; x_wconf 76' lang='grc' dir='ltr'><strong>καὶ</strong></span> 
     </span>
    </p>
   </div>
   <div class='ocr_carea' id='block_1_96' title="bbox 411 4889 1991 4976">
    <p class='ocr_par' dir='ltr' id='par_1_96' title="bbox 411 4889 1991 4976">
     <span class='ocr_line' id='line_1_96' title="bbox 411 4889 1991 4976; baseline -0.013 -14"><span class='ocrx_word' id='word_1_731' title='bbox 411 4907 621 4970; x_wconf 86' lang='grc' dir='ltr'>Παῦλος</span> <span class='ocrx_word' id='word_1_732' title='bbox 646 4905 860 4976; x_wconf 81' lang='grc' dir='ltr'>Πέτρῳ;</span> <span class='ocrx_word' id='word_1_733' title='bbox 894 4902 1010 4955; x_wconf 68' lang='grc' dir='ltr'>ἀλλ’</span> <span class='ocrx_word' id='word_1_734' title='bbox 1032 4898 1158 4954; x_wconf 74' lang='grc' dir='ltr'>οὔτε</span> <span class='ocrx_word' id='word_1_735' title='bbox 1183 4896 1276 4952; x_wconf 87' lang='grc' dir='ltr'><strong>τοῦ</strong></span> <span class='ocrx_word' id='word_1_736' title='bbox 1308 4893 1529 4949; x_wconf 84' lang='grc' dir='ltr'>Παύλου</span> <span class='ocrx_word' id='word_1_737' title='bbox 1554 4895 1582 4947; x_wconf 89' lang='grc' dir='ltr'><strong>ό</strong></span> <span class='ocrx_word' id='word_1_738' title='bbox 1611 4893 1840 4963; x_wconf 81' lang='grc' dir='ltr'>Πέτρος,</span> <span class='ocrx_word' id='word_1_739' title='bbox 1865 4889 1991 4943; x_wconf 75' lang='grc' dir='ltr'>οὔτε</span> 
     </span>
    </p>
   </div>
   <div class='ocr_carea' id='block_1_97' title="bbox 410 4984 1994 5061">
    <p class='ocr_par' dir='ltr' id='par_1_97' title="bbox 410 4984 1994 5061">
     <span class='ocr_line' id='line_1_97' title="bbox 410 4984 1994 5061; baseline -0.012 -9"><span class='ocrx_word' id='word_1_740' title='bbox 410 5000 439 5052; x_wconf 89' lang='grc' dir='ltr'>ὁ</span> <span class='ocrx_word' id='word_1_741' title='bbox 460 4995 671 5060; x_wconf 86' lang='grc' dir='ltr'>Παῦλος</span> <span class='ocrx_word' id='word_1_742' title='bbox 698 4994 792 5047; x_wconf 92' lang='grc' dir='ltr'><strong>τοῦ</strong></span> <span class='ocrx_word' id='word_1_743' title='bbox 819 4992 1026 5061; x_wconf 81' lang='grc' dir='ltr'>Πέτρου</span> <span class='ocrx_word' id='word_1_744' title='bbox 1073 4990 1296 5058; x_wconf 79' lang='grc' dir='ltr'>λέγεται</span> <span class='ocrx_word' id='word_1_745' title='bbox 1329 5003 1342 5018; x_wconf 76' lang='grc' dir='ltr'><strong>ο</strong></span> <span class='ocrx_word' id='word_1_746' title='bbox 1405 4985 1586 5053; x_wconf 91' lang='grc' dir='ltr'>πολλῷ</span> <span class='ocrx_word' id='word_1_747' title='bbox 1617 4984 1782 5038; x_wconf 81' lang='grc' dir='ltr'>πλέον</span> <span class='ocrx_word' id='word_1_748' title='bbox 1811 4984 1925 5051; x_wconf 87' lang='grc' dir='ltr'>ἁμα</span> <span class='ocrx_word' id='word_1_749' title='bbox 1937 4998 1994 5053; x_wconf 89' lang='grc' dir='ltr'>ρ·</span> 
     </span>
    </p>
   </div>
   <div class='ocr_carea' id='block_1_98' title="bbox 412 5075 2017 5156">
    <p class='ocr_par' dir='ltr' id='par_1_98' title="bbox 412 5075 2017 5156">
     <span class='ocr_line' id='line_1_98' title="bbox 412 5075 2017 5156; baseline -0.012 -11"><span class='ocrx_word' id='word_1_750' title='bbox 412 5090 592 5145; x_wconf 80' lang='grc' dir='ltr'>τάνειν</span> <span class='ocrx_word' id='word_1_751' title='bbox 622 5087 784 5142; x_wconf 78' lang='grc' dir='ltr'>αὑτὸν</span> <span class='ocrx_word' id='word_1_752' title='bbox 834 5083 1101 5156; x_wconf 70' lang='grc' dir='ltr'>ἐροῦμενο</span> <span class='ocrx_word' id='word_1_753' title='bbox 1147 5080 1330 5152; x_wconf 88' lang='grc' dir='ltr'>πολλῷ</span> <span class='ocrx_word' id='word_1_754' title='bbox 1370 5080 1481 5150; x_wconf 85' lang='grc' dir='ltr'>γὰρ</span> <span class='ocrx_word' id='word_1_755' title='bbox 1514 5077 1677 5131; x_wconf 81' lang='grc' dir='ltr'>πλέον</span> <span class='ocrx_word' id='word_1_756' title='bbox 1712 5076 1797 5129; x_wconf 77' lang='grc' dir='ltr'><strong>ἐπ’</strong></span> <span class='ocrx_word' id='word_1_757' title='bbox 1832 5075 2017 5128; x_wconf 57' lang='grc' dir='ltr'>ἔλατ-⁷</span> 
     </span>
    </p>
   </div>
   <div class='ocr_carea' id='block_1_99' title="bbox 413 5165 1992 5251">
    <p class='ocr_par' dir='ltr' id='par_1_99' title="bbox 413 5165 1992 5251">
     <span class='ocr_line' id='line_1_99' title="bbox 413 5165 1992 5251; baseline -0.011 -15"><span class='ocrx_word' id='word_1_758' title='bbox 413 5176 504 5236; x_wconf 85' lang='grc' dir='ltr'><strong>τόν</strong></span> <span class='ocrx_word' id='word_1_759' title='bbox 531 5180 599 5235; x_wconf 83' lang='grc' dir='ltr'>ἂν</span> <span class='ocrx_word' id='word_1_760' title='bbox 623 5180 709 5248; x_wconf 75' lang='grc' dir='ltr'>εἴη</span> <span class='ocrx_word' id='word_1_761' title='bbox 743 5177 806 5232; x_wconf 89' lang='lat' dir='ltr'><strong>rb</strong></span> <span class='ocrx_word' id='word_1_762' title='bbox 828 5173 1113 5246; x_wconf 84' lang='grc' dir='ltr'>όμοούσιον</span> <span class='ocrx_word' id='word_1_763' title='bbox 1148 5175 1284 5245; x_wconf 84' lang='grc' dir='ltr'>πρὸς</span> <span class='ocrx_word' id='word_1_764' title='bbox 1329 5171 1389 5225; x_wconf 89' lang='lat' dir='ltr'><strong>rb</strong></span> <span class='ocrx_word' id='word_1_765' title='bbox 1417 5169 1533 5224; x_wconf 86' lang='grc' dir='ltr'>τόδε</span> <span class='ocrx_word' id='word_1_766' title='bbox 1559 5168 1712 5223; x_wconf 82' lang='grc' dir='ltr'>τοῦδέ</span> <span class='ocrx_word' id='word_1_767' title='bbox 1734 5183 1876 5251; x_wconf 75' lang='grc' dir='ltr'>τινος</span> <span class='ocrx_word' id='word_1_768' title='bbox 1898 5165 1992 5219; x_wconf 67' lang='grc' dir='ltr'><strong>καὶ</strong></span> 
     </span>
    </p>
   </div>
   <div class='ocr_carea' id='block_1_100' title="bbox 417 5267 987 5340">
    <p class='ocr_par' dir='ltr' id='par_1_100' title="bbox 417 5267 987 5340">
     <span class='ocr_line' id='line_1_100' title="bbox 417 5267 987 5340; baseline -0.009 -14"><span class='ocrx_word' id='word_1_769' title='bbox 417 5270 556 5327; x_wconf 79' lang='grc' dir='ltr'>εἶναι</span> <span class='ocrx_word' id='word_1_770' title='bbox 587 5273 685 5326; x_wconf 80' lang='grc' dir='ltr'><strong>καί</strong></span> <span class='ocrx_word' id='word_1_771' title='bbox 704 5267 987 5340; x_wconf 83' lang='grc' dir='ltr'>λέγεσθαι.</span> 
     </span>
    </p>
   </div>
   <div class='ocr_carea' id='block_1_101' title="bbox 493 5442 1998 5523">
    <p class='ocr_par' dir='ltr' id='par_1_101' title="bbox 493 5442 1998 5523">
     <span class='ocr_line' id='line_1_101' title="bbox 493 5442 1998 5523; baseline -0.01 -14"><span class='ocrx_word' id='word_1_772' title='bbox 493 5454 617 5508; x_wconf 81' lang='grc' dir='ltr'><strong>Ἔτι</strong></span> <span class='ocrx_word' id='word_1_773' title='bbox 639 5451 701 5508; x_wconf 86' lang='lat' dir='ltr'><strong>rb</strong></span> <span class='ocrx_word' id='word_1_774' title='bbox 728 5451 987 5523; x_wconf 80' lang='grc' dir='ltr'>ἔγχρονον</span> <span class='ocrx_word' id='word_1_775' title='bbox 1036 5449 1139 5503; x_wconf 79' lang='grc' dir='ltr'><strong>οὐκ</strong></span> <span class='ocrx_word' id='word_1_776' title='bbox 1176 5446 1243 5502; x_wconf 78' lang='grc' dir='ltr'>ἂν</span> <span class='ocrx_word' id='word_1_777' title='bbox 1286 5444 1504 5501; x_wconf 81' lang='grc' dir='ltr'>δύναιτο</span> <span class='ocrx_word' id='word_1_778' title='bbox 1534 5444 1683 5499; x_wconf 87' lang='grc' dir='ltr'>αἰτία</span> <span class='ocrx_word' id='word_1_779' title='bbox 1720 5443 1815 5496; x_wconf 88' lang='grc' dir='ltr'><strong>τοῦ</strong></span> <span class='ocrx_word' id='word_1_780' title='bbox 1856 5442 1998 5510; x_wconf 78' lang='grc' dir='ltr'>ὑπὲρ</span> 
     </span>
    </p>
   </div>
   <div class='ocr_carea' id='block_1_102' title="bbox 422 5535 1994 5618">
    <p class='ocr_par' dir='ltr' id='par_1_102' title="bbox 422 5535 1994 5618">
     <span class='ocr_line' id='line_1_102' title="bbox 422 5535 1994 5618; baseline -0.01 -17"><span class='ocrx_word' id='word_1_781' title='bbox 422 5547 611 5618; x_wconf 85' lang='grc' dir='ltr'>χρόνον</span> <span class='ocrx_word' id='word_1_782' title='bbox 649 5542 819 5601; x_wconf 79' lang='grc' dir='ltr'>εἶναι·</span> <span class='ocrx_word' id='word_1_783' title='bbox 853 5542 991 5598; x_wconf 79' lang='grc' dir='ltr'>ἀλλὰ</span> <span class='ocrx_word' id='word_1_784' title='bbox 1011 5542 1072 5596; x_wconf 89' lang='lat' dir='ltr'><strong>rb</strong></span> <span class='ocrx_word' id='word_1_785' title='bbox 1106 5541 1207 5613; x_wconf 80' lang='grc' dir='ltr'>μὲν</span> <span class='ocrx_word' id='word_1_786' title='bbox 1229 5540 1581 5613; x_wconf 82' lang='grc' dir='ltr'>χορηγεῖσθαι</span> <span class='ocrx_word' id='word_1_787' title='bbox 1608 5538 1704 5592; x_wconf 72' lang='grc' dir='ltr'>και</span> <span class='ocrx_word' id='word_1_788' title='bbox 1731 5535 1994 5600; x_wconf 87' lang='grc' dir='ltr'>δίδοσθαι,</span> 
     </span>
    </p>
   </div>
   <div class='ocr_carea' id='block_1_103' title="bbox 425 5626 1998 5706">
    <p class='ocr_par' dir='ltr' id='par_1_103' title="bbox 425 5626 1998 5706">
     <span class='ocr_line' id='line_1_103' title="bbox 425 5626 1998 5706; baseline -0.01 -11"><span class='ocrx_word' id='word_1_789' title='bbox 425 5644 522 5695; x_wconf 73' lang='grc' dir='ltr'><strong>καὶ</strong></span> <span class='ocrx_word' id='word_1_790' title='bbox 550 5638 974 5696; x_wconf 82' lang='grc' dir='ltr'>ἀποστέλλεσθαι</span> <span class='ocrx_word' id='word_1_791' title='bbox 1022 5636 1114 5690; x_wconf 80' lang='grc' dir='ltr'>τὸν</span> <span class='ocrx_word' id='word_1_792' title='bbox 1156 5634 1515 5706; x_wconf 79' lang='grc' dir='ltr'>Παράκλητον</span> <span class='ocrx_word' id='word_1_793' title='bbox 1541 5631 1693 5700; x_wconf 72' lang='grc' dir='ltr'>παρὰ</span> <span class='ocrx_word' id='word_1_794' title='bbox 1734 5628 1828 5682; x_wconf 90' lang='grc' dir='ltr'><strong>τοῦ</strong></span> <span class='ocrx_word' id='word_1_795' title='bbox 1867 5626 1998 5681; x_wconf 82' lang='grc' dir='ltr'>Υῐοῦ</span> 
     </span>
    </p>
   </div>
   <div class='ocr_carea' id='block_1_104' title="bbox 425 5718 2002 5800">
    <p class='ocr_par' dir='ltr' id='par_1_104' title="bbox 425 5718 2002 5800">
     <span class='ocr_line' id='line_1_104' title="bbox 425 5718 2002 5800; baseline -0.008 -15"><span class='ocrx_word' id='word_1_796' title='bbox 425 5735 536 5796; x_wconf 77' lang='grc' dir='ltr'>τοῖς</span> <span class='ocrx_word' id='word_1_797' title='bbox 565 5731 736 5798; x_wconf 78' lang='grc' dir='ltr'>ἀξίοις</span> <span class='ocrx_word' id='word_1_798' title='bbox 756 5729 900 5786; x_wconf 80' lang='grc' dir='ltr'>κατὰ</span> <span class='ocrx_word' id='word_1_799' title='bbox 925 5727 1118 5800; x_wconf 87' lang='grc' dir='ltr'>χρόνον</span> <span class='ocrx_word' id='word_1_800' title='bbox 1146 5718 1372 5794; x_wconf 83' lang='grc' dir='ltr'>γέγονεν</span> <span class='ocrx_word' id='word_1_801' title='bbox 1391 5739 1406 5753; x_wconf 81' lang='lat'><strong><em>°</em></strong></span> <span class='ocrx_word' id='word_1_802' title='bbox 1439 5723 1501 5777; x_wconf 86' lang='lat' dir='ltr'><strong>rb</strong></span> <span class='ocrx_word' id='word_1_803' title='bbox 1519 5721 1576 5776; x_wconf 82' lang='grc' dir='ltr'>δὲ</span> <span class='ocrx_word' id='word_1_804' title='bbox 1610 5719 1738 5774; x_wconf 87' lang='grc' dir='ltr'>Υίοῦ</span> <span class='ocrx_word' id='word_1_805' title='bbox 1775 5718 2002 5789; x_wconf 86' lang='grc' dir='ltr'>Πνεῦμα</span> 
     </span>
    </p>
   </div>
   <div class='ocr_carea' id='block_1_105' title="bbox 428 5811 2004 5890">
    <p class='ocr_par' dir='ltr' id='par_1_105' title="bbox 428 5811 2004 5890">
     <span class='ocr_line' id='line_1_105' title="bbox 428 5811 2004 5890; baseline -0.008 -15"><span class='ocrx_word' id='word_1_806' title='bbox 428 5821 682 5890; x_wconf 73' lang='grc' dir='ltr'>λέγεσθαι</span> <span class='ocrx_word' id='word_1_807' title='bbox 715 5821 811 5875; x_wconf 76' lang='grc' dir='ltr'>καὶ</span> <span class='ocrx_word' id='word_1_808' title='bbox 845 5819 1074 5889; x_wconf 81' lang='grc' dir='ltr'>δύναμιν</span> <span class='ocrx_word' id='word_1_809' title='bbox 1113 5816 1209 5872; x_wconf 73' lang='grc' dir='ltr'><strong>καὶ</strong></span> <span class='ocrx_word' id='word_1_810' title='bbox 1238 5813 1487 5886; x_wconf 77' lang='grc' dir='ltr'>’φυσικὴν</span> <span class='ocrx_word' id='word_1_811' title='bbox 1536 5812 1700 5867; x_wconf 85' lang='grc' dir='ltr'>αὐτοῦ</span> <span class='ocrx_word' id='word_1_812' title='bbox 1731 5811 1878 5880; x_wconf 76' lang='grc' dir='ltr'>ζωὴν</span> <span class='ocrx_word' id='word_1_813' title='bbox 1909 5811 2004 5864; x_wconf 80' lang='grc' dir='ltr'><strong>καὶ</strong></span> 
     </span>
    </p>
   </div>
   <div class='ocr_carea' id='block_1_106' title="bbox 428 5898 2075 5985">
    <p class='ocr_par' dir='ltr' id='par_1_106' title="bbox 428 5898 2075 5985">
     <span class='ocr_line' id='line_1_106' title="bbox 428 5898 2075 5985; baseline -0.008 -16"><span class='ocrx_word' id='word_1_814' title='bbox 428 5911 686 5983; x_wconf 80' lang='grc' dir='ltr'>οὐσιώδη,</span> <span class='ocrx_word' id='word_1_815' title='bbox 717 5913 815 5968; x_wconf 78' lang='grc' dir='ltr'><strong>καὶ</strong></span> <span class='ocrx_word' id='word_1_816' title='bbox 842 5911 907 5965; x_wconf 78' lang='grc' dir='ltr'><strong>ὲκ</strong></span> <span class='ocrx_word' id='word_1_817' title='bbox 950 5911 1053 5982; x_wconf 78' lang='grc' dir='ltr'>τῆς</span> <span class='ocrx_word' id='word_1_818' title='bbox 1089 5909 1278 5973; x_wconf 80' lang='grc' dir='ltr'>οὐσίας</span> <span class='ocrx_word' id='word_1_819' title='bbox 1311 5904 1476 5963; x_wconf 83' lang='grc' dir='ltr'>αὐτοῦ</span> <span class='ocrx_word' id='word_1_820' title='bbox 1518 5898 1683 5975; x_wconf 81' lang='grc' dir='ltr'>εῖναι,</span> <span class='ocrx_word' id='word_1_821' title='bbox 1726 5904 1822 5959; x_wconf 69' lang='grc' dir='ltr'><strong>καὶ</strong></span> <span class='ocrx_word' id='word_1_822' title='bbox 1851 5901 2007 5974; x_wconf 81' lang='grc' dir='ltr'>παρὰ</span> <span class='ocrx_word' id='word_1_823' title='bbox 2056 5981 2075 5985; x_wconf 31' lang='grc' dir='ltr'>Α</span> 
     </span>
    </p>
   </div>
   <div class='ocr_carea' id='block_1_107' title="bbox 2092 4691 3672 4771">
    <p class='ocr_par' dir='ltr' id='par_1_107' title="bbox 2092 4691 3672 4771">
     <span class='ocr_line' id='line_1_107' title="bbox 2092 4691 3672 4771; baseline -0.008 -13"><span class='ocrx_word' id='word_1_824' title='bbox 2092 4704 2251 4771; x_wconf 84' lang='lat' dir='ltr'><strong>Quod</strong></span> <span class='ocrx_word' id='word_1_825' title='bbox 2284 4704 2331 4760; x_wconf 90' lang='lat' dir='ltr'><strong>si</strong></span> <span class='ocrx_word' id='word_1_826' title='bbox 2360 4704 2417 4758; x_wconf 88' lang='lat' dir='ltr'><strong>in</strong></span> <span class='ocrx_word' id='word_1_827' title='bbox 2451 4700 3023 4757; x_wconf 86' lang='lat' dir='ltr'><strong>consubstantialibus</strong></span> <span class='ocrx_word' id='word_1_828' title='bbox 3045 4699 3209 4752; x_wconf 89' lang='lat' dir='ltr'><strong>etiam</strong></span> <span class='ocrx_word' id='word_1_829' title='bbox 3249 4696 3384 4751; x_wconf 85' lang='lat' dir='ltr'><strong>solis</strong></span> <span class='ocrx_word' id='word_1_830' title='bbox 3413 4691 3672 4749; x_wconf 84' lang='lat' dir='ltr'><strong>conside-</strong></span> 
     </span>
    </p>
   </div>
   <div class='ocr_carea' id='block_1_108' title="bbox 2094 4787 3675 4860">
    <p class='ocr_par' dir='ltr' id='par_1_108' title="bbox 2094 4787 3675 4860">
     <span class='ocr_line' id='line_1_108' title="bbox 2094 4787 3675 4860; baseline -0.009 -9"><span class='ocrx_word' id='word_1_831' title='bbox 2094 4811 2302 4860; x_wconf 89' lang='lat' dir='ltr'><strong>remus,</strong></span> <span class='ocrx_word' id='word_1_832' title='bbox 2349 4810 2463 4848; x_wconf 89' lang='lat' dir='ltr'><strong>non</strong></span> <span class='ocrx_word' id='word_1_833' title='bbox 2524 4792 2753 4848; x_wconf 86' lang='lat' dir='ltr'><strong>omnino</strong></span> <span class='ocrx_word' id='word_1_834' title='bbox 2813 4791 3180 4860; x_wconf 87' lang='lat' dir='ltr'><strong>reperiemus,</strong></span> <span class='ocrx_word' id='word_1_835' title='bbox 3217 4787 3364 4858; x_wconf 90' lang='lat' dir='ltr'><strong>quod</strong></span> <span class='ocrx_word' id='word_1_836' title='bbox 3411 4793 3675 4854; x_wconf 86' lang='lat' dir='ltr'><strong>sequatur</strong></span> 
     </span>
    </p>
   </div>
   <div class='ocr_carea' id='block_1_109' title="bbox 2097 4878 3674 4959">
    <p class='ocr_par' dir='ltr' id='par_1_109' title="bbox 2097 4878 3674 4959">
     <span class='ocr_line' id='line_1_109' title="bbox 2097 4878 3674 4959; baseline -0.009 -16"><span class='ocrx_word' id='word_1_837' title='bbox 2097 4889 2203 4944; x_wconf 88' lang='lat' dir='ltr'><strong>hoc</strong></span> <span class='ocrx_word' id='word_1_838' title='bbox 2233 4887 2399 4959; x_wconf 83' lang='lat' dir='ltr'><strong>hujus</strong></span> <span class='ocrx_word' id='word_1_839' title='bbox 2431 4885 2566 4951; x_wconf 91' lang='lat' dir='ltr'><strong>dici,</strong></span> <span class='ocrx_word' id='word_1_840' title='bbox 2595 4885 2690 4940; x_wconf 91' lang='lat' dir='ltr'><strong>sed</strong></span> <span class='ocrx_word' id='word_1_841' title='bbox 2719 4885 2773 4939; x_wconf 92' lang='lat' dir='ltr'><strong>in</strong></span> <span class='ocrx_word' id='word_1_842' title='bbox 2798 4884 2887 4939; x_wconf 84' lang='lat' dir='ltr'><strong>bis</strong></span> <span class='ocrx_word' id='word_1_843' title='bbox 2910 4882 3391 4955; x_wconf 85' lang='lat' dir='ltr'><strong>quoquedclicere</strong></span> <span class='ocrx_word' id='word_1_844' title='bbox 3416 4878 3674 4949; x_wconf 87' lang='lat' dir='ltr'><strong>plurima.</strong></span> 
     </span>
    </p>
   </div>
   <div class='ocr_carea' id='block_1_110' title="bbox 2094 4971 3676 5038">
    <p class='ocr_par' dir='ltr' id='par_1_110' title="bbox 2094 4971 3676 5038">
     <span class='ocr_line' id='line_1_110' title="bbox 2094 4971 3676 5038; baseline -0.009 -1"><span class='ocrx_word' id='word_1_845' title='bbox 2094 4980 2315 5037; x_wconf 90' lang='lat' dir='ltr'><strong>Etenim</strong></span> <span class='ocrx_word' id='word_1_846' title='bbox 2341 4980 2541 5035; x_wconf 90' lang='lat' dir='ltr'><strong>Petrus</strong></span> <span class='ocrx_word' id='word_1_847' title='bbox 2567 4978 2738 5033; x_wconf 90' lang='lat' dir='ltr'><strong>Paulo</strong></span> <span class='ocrx_word' id='word_1_848' title='bbox 2774 4973 3267 5032; x_wconf 82' lang='lat' dir='ltr'><strong>consubstantialis</strong></span> <span class='ocrx_word' id='word_1_849' title='bbox 3297 4981 3402 5038; x_wconf 92' lang='lat' dir='ltr'><strong>est,</strong></span> <span class='ocrx_word' id='word_1_850' title='bbox 3445 4978 3501 5026; x_wconf 89' lang='lat' dir='ltr'><strong>et</strong></span> <span class='ocrx_word' id='word_1_851' title='bbox 3536 4971 3676 5024; x_wconf 84' lang='lat' dir='ltr'><strong>Pau-</strong></span> 
     </span>
    </p>
   </div>
   <div class='ocr_carea' id='block_1_111' title="bbox 2096 5063 3678 5142">
    <p class='ocr_par' dir='ltr' id='par_1_111' title="bbox 2096 5063 3678 5142">
     <span class='ocr_line' id='line_1_111' title="bbox 2096 5063 3678 5142; baseline -0.008 -12"><span class='ocrx_word' id='word_1_852' title='bbox 2096 5076 2181 5132; x_wconf 90' lang='lat' dir='ltr'><strong>lus</strong></span> <span class='ocrx_word' id='word_1_853' title='bbox 2216 5076 2399 5139; x_wconf 89' lang='lat' dir='ltr'><strong>Petro,</strong></span> <span class='ocrx_word' id='word_1_854' title='bbox 2449 5072 2545 5128; x_wconf 89' lang='lat' dir='ltr'><strong>sed</strong></span> <span class='ocrx_word' id='word_1_855' title='bbox 2589 5085 2769 5142; x_wconf 87' lang='lat' dir='ltr'><strong>neque</strong></span> <span class='ocrx_word' id='word_1_856' title='bbox 2813 5069 2969 5124; x_wconf 87' lang='lat' dir='ltr'><strong>Pauli</strong></span> <span class='ocrx_word' id='word_1_857' title='bbox 3022 5068 3240 5134; x_wconf 80' lang='lat' dir='ltr'><strong>Petrus,</strong></span> <span class='ocrx_word' id='word_1_858' title='bbox 3292 5080 3498 5136; x_wconf 74' lang='lat' dir='ltr'><strong>neque</strong></span> <span class='ocrx_word' id='word_1_859' title='bbox 3526 5063 3678 5118; x_wconf 87' lang='lat' dir='ltr'><strong>Petri</strong></span> 
     </span>
    </p>
   </div>
   <div class='ocr_carea' id='block_1_112' title="bbox 2098 5156 3683 5232">
    <p class='ocr_par' dir='ltr' id='par_1_112' title="bbox 2098 5156 3683 5232">
     <span class='ocr_line' id='line_1_112' title="bbox 2098 5156 3683 5232; baseline -0.01 -8"><span class='ocrx_word' id='word_1_860' title='bbox 2098 5167 2302 5224; x_wconf 90' lang='lat' dir='ltr'><strong>Paulus</strong></span> <span class='ocrx_word' id='word_1_861' title='bbox 2331 5164 2555 5220; x_wconf 85' lang='lat' dir='ltr'><strong>dicitur.</strong></span> <span class='ocrx_word' id='word_1_862' title='bbox 2585 5162 2753 5218; x_wconf 80' lang='lat' dir='ltr'><strong>Multo</strong></span> <span class='ocrx_word' id='word_1_863' title='bbox 2786 5161 2963 5232; x_wconf 80' lang='lat' dir='ltr'><strong>magis</strong></span> <span class='ocrx_word' id='word_1_864' title='bbox 2991 5176 3117 5215; x_wconf 90' lang='lat' dir='ltr'><strong>eum</strong></span> <span class='ocrx_word' id='word_1_865' title='bbox 3150 5173 3377 5229; x_wconf 88' lang='lat' dir='ltr'><strong>peccare</strong></span> <span class='ocrx_word' id='word_1_866' title='bbox 3408 5156 3683 5219; x_wconf 72' lang='lat' dir='ltr'><strong>dicemus;</strong></span> 
     </span>
    </p>
   </div>
   <div class='ocr_carea' id='block_1_113' title="bbox 2100 5246 3679 5324">
    <p class='ocr_par' dir='ltr' id='par_1_113' title="bbox 2100 5246 3679 5324">
     <span class='ocr_line' id='line_1_113' title="bbox 2100 5246 3679 5324; baseline -0.011 -8"><span class='ocrx_word' id='word_1_867' title='bbox 2100 5261 2275 5316; x_wconf 91' lang='lat' dir='ltr'><strong>multo</strong></span> <span class='ocrx_word' id='word_1_868' title='bbox 2340 5258 2488 5314; x_wconf 87' lang='lat' dir='ltr'><strong>enim</strong></span> <span class='ocrx_word' id='word_1_869' title='bbox 2545 5255 2728 5310; x_wconf 82' lang='lat' dir='ltr'><strong>minus</strong></span> <span class='ocrx_word' id='word_1_870' title='bbox 2780 5253 2889 5309; x_wconf 89' lang='lat' dir='ltr'><strong>late</strong></span> <span class='ocrx_word' id='word_1_871' title='bbox 2946 5252 3156 5324; x_wconf 86' lang='lat' dir='ltr'><strong>patebit</strong></span> <span class='ocrx_word' id='word_1_872' title='bbox 3206 5246 3679 5306; x_wconf 87' lang='lat' dir='ltr'><strong>consubstantiaie</strong></span> 
     </span>
    </p>
   </div>
   <div class='ocr_carea' id='block_1_114' title="bbox 2099 5339 3638 5421">
    <p class='ocr_par' dir='ltr' id='par_1_114' title="bbox 2099 5339 3638 5421">
     <span class='ocr_line' id='line_1_114' title="bbox 2099 5339 3638 5421; baseline -0.013 -13"><span class='ocrx_word' id='word_1_873' title='bbox 2099 5358 2359 5421; x_wconf 88' lang='lat' dir='ltr'><strong>respectu</strong></span> <span class='ocrx_word' id='word_1_874' title='bbox 2387 5350 2533 5420; x_wconf 88' lang='lat' dir='ltr'><strong>ejus,</strong></span> <span class='ocrx_word' id='word_1_875' title='bbox 2561 5345 2709 5418; x_wconf 88' lang='lat' dir='ltr'><strong>quod</strong></span> <span class='ocrx_word' id='word_1_876' title='bbox 2738 5352 2840 5411; x_wconf 88' lang='lat' dir='ltr'><strong>est,</strong></span> <span class='ocrx_word' id='word_1_877' title='bbox 2864 5360 2985 5400; x_wconf 90' lang='lat' dir='ltr'><strong>esse</strong></span> <span class='ocrx_word' id='word_1_878' title='bbox 3021 5357 3085 5398; x_wconf 87' lang='lat' dir='ltr'><strong>ac</strong></span> <span class='ocrx_word' id='word_1_879' title='bbox 3110 5342 3219 5397; x_wconf 92' lang='lat' dir='ltr'><strong>dici</strong></span> <span class='ocrx_word' id='word_1_880' title='bbox 3255 5341 3358 5396; x_wconf 87' lang='lat' dir='ltr'><strong>hoc</strong></span> <span class='ocrx_word' id='word_1_881' title='bbox 3386 5339 3638 5409; x_wconf 87' lang='lat' dir='ltr'><strong>alicujus.</strong></span> 
     </span>
    </p>
   </div>
   <div class='ocr_carea' id='block_1_115' title="bbox 2174 5438 3685 5509">
    <p class='ocr_par' dir='ltr' id='par_1_115' title="bbox 2174 5438 3685 5509">
     <span class='ocr_line' id='line_1_115' title="bbox 2174 5438 3685 5509; baseline -0.012 -12"><span class='ocrx_word' id='word_1_882' title='bbox 2174 5443 2466 5503; x_wconf 58' lang='lat' dir='ltr'><strong>Praeterea,</strong></span> <span class='ocrx_word' id='word_1_883' title='bbox 2493 5439 2642 5509; x_wconf 90' lang='lat' dir='ltr'><strong>quod</strong></span> <span class='ocrx_word' id='word_1_884' title='bbox 2680 5438 2740 5492; x_wconf 86' lang='lat' dir='ltr'><strong>in</strong></span> <span class='ocrx_word' id='word_1_885' title='bbox 2771 5447 3019 5506; x_wconf 88' lang='lat' dir='ltr'><strong>tempore</strong></span> <span class='ocrx_word' id='word_1_886' title='bbox 3051 5444 3159 5501; x_wconf 89' lang='lat' dir='ltr'><strong>est,</strong></span> <span class='ocrx_word' id='word_1_887' title='bbox 3194 5448 3305 5488; x_wconf 90' lang='lat' dir='ltr'><strong>non</strong></span> <span class='ocrx_word' id='word_1_888' title='bbox 3338 5439 3522 5501; x_wconf 85' lang='lat' dir='ltr'><strong>posset</strong></span> <span class='ocrx_word' id='word_1_889' title='bbox 3559 5442 3685 5482; x_wconf 16' lang='lat' dir='ltr'><strong>esse.</strong></span> 
     </span>
    </p>
   </div>
   <div class='ocr_carea' id='block_1_116' title="bbox 2102 5521 3699 5605">
    <p class='ocr_par' dir='ltr' id='par_1_116' title="bbox 2102 5521 3699 5605">
     <span class='ocr_line' id='line_1_116' title="bbox 2102 5521 3699 5605; baseline -0.013 -14"><span class='ocrx_word' id='word_1_890' title='bbox 2102 5551 2267 5592; x_wconf 89' lang='lat' dir='ltr'><strong>causa</strong></span> <span class='ocrx_word' id='word_1_891' title='bbox 2319 5536 2463 5605; x_wconf 88' lang='lat' dir='ltr'><strong>ejus,</strong></span> <span class='ocrx_word' id='word_1_892' title='bbox 2504 5532 2651 5603; x_wconf 89' lang='lat' dir='ltr'><strong>quod</strong></span> <span class='ocrx_word' id='word_1_893' title='bbox 2711 5545 2877 5600; x_wconf 86' lang='lat' dir='ltr'><strong>supra</strong></span> <span class='ocrx_word' id='word_1_894' title='bbox 2929 5543 3093 5582; x_wconf 88' lang='lat' dir='ltr'><strong>omne</strong></span> <span class='ocrx_word' id='word_1_895' title='bbox 3146 5539 3371 5594; x_wconf 84' lang='lat' dir='ltr'><strong>tempus</strong></span> <span class='ocrx_word' id='word_1_896' title='bbox 3412 5532 3537 5577; x_wconf 84' lang='lat' dir='ltr'><strong>est:</strong></span> <span class='ocrx_word' id='word_1_897' title='bbox 3582 5521 3699 5575; x_wconf 81' lang='lat' dir='ltr'><strong>scd-</strong></span> 
     </span>
    </p>
   </div>
   <div class='ocr_carea' id='block_1_117' title="bbox 2104 5614 3703 5694">
    <p class='ocr_par' dir='ltr' id='par_1_117' title="bbox 2104 5614 3703 5694">
     <span class='ocr_line' id='line_1_117' title="bbox 2104 5614 3703 5694; baseline -0.013 -13"><span class='ocrx_word' id='word_1_898' title='bbox 2104 5627 2242 5681; x_wconf 91' lang='lat' dir='ltr'><strong>illud</strong></span> <span class='ocrx_word' id='word_1_899' title='bbox 2285 5624 2522 5694; x_wconf 82' lang='lat' dir='ltr'><strong>erogari,</strong></span> <span class='ocrx_word' id='word_1_900' title='bbox 2556 5632 2723 5691; x_wconf 89' lang='lat' dir='ltr'><strong>atque</strong></span> <span class='ocrx_word' id='word_1_901' title='bbox 2779 5621 2973 5685; x_wconf 89' lang='lat' dir='ltr'><strong>tribui,</strong></span> <span class='ocrx_word' id='word_1_902' title='bbox 3003 5628 3060 5674; x_wconf 90' lang='lat' dir='ltr'><strong>et</strong></span> <span class='ocrx_word' id='word_1_903' title='bbox 3087 5618 3230 5672; x_wconf 89' lang='lat' dir='ltr'><strong>mitti</strong></span> <span class='ocrx_word' id='word_1_904' title='bbox 3277 5614 3621 5669; x_wconf 72' lang='lat' dir='ltr'><strong>Paraclctum</strong></span> <span class='ocrx_word' id='word_1_905' title='bbox 3650 5628 3703 5664; x_wconf 69' lang='grc' dir='ltr'>ο.</span> 
     </span>
    </p>
   </div>
   <div class='ocr_carea' id='block_1_118' title="bbox 2103 5705 3700 5787">
    <p class='ocr_par' dir='ltr' id='par_1_118' title="bbox 2103 5705 3700 5787">
     <span class='ocr_line' id='line_1_118' title="bbox 2103 5705 3700 5787; baseline -0.011 -15"><span class='ocrx_word' id='word_1_906' title='bbox 2103 5717 2243 5773; x_wconf 87' lang='lat' dir='ltr'><strong>Filio</strong></span> <span class='ocrx_word' id='word_1_907' title='bbox 2297 5716 2477 5787; x_wconf 78' lang='lat' dir='ltr'><strong>dignis</strong></span> <span class='ocrx_word' id='word_1_908' title='bbox 2534 5714 2589 5768; x_wconf 92' lang='lat' dir='ltr'><strong>in</strong></span> <span class='ocrx_word' id='word_1_909' title='bbox 2642 5722 2888 5783; x_wconf 87' lang='lat' dir='ltr'><strong>tempore</strong></span> <span class='ocrx_word' id='word_1_910' title='bbox 2942 5710 3085 5766; x_wconf 82' lang='lat' dir='ltr'><strong>facta</strong></span> <span class='ocrx_word' id='word_1_911' title='bbox 3128 5716 3293 5774; x_wconf 88' lang='lat' dir='ltr'><strong>sunt;</strong></span> <span class='ocrx_word' id='word_1_912' title='bbox 3339 5705 3450 5759; x_wconf 90' lang='lat' dir='ltr'><strong>diei</strong></span> <span class='ocrx_word' id='word_1_913' title='bbox 3498 5713 3700 5757; x_wconf 80' lang='lat' dir='ltr'><strong>autem.</strong></span> 
     </span>
    </p>
   </div>
   <div class='ocr_carea' id='block_1_119' title="bbox 2107 5794 3702 5880">
    <p class='ocr_par' dir='ltr' id='par_1_119' title="bbox 2107 5794 3702 5880">
     <span class='ocr_line' id='line_1_119' title="bbox 2107 5794 3702 5880; baseline -0.011 -14"><span class='ocrx_word' id='word_1_914' title='bbox 2107 5809 2373 5880; x_wconf 90' lang='lat' dir='ltr'><strong>Spiritum</strong></span> <span class='ocrx_word' id='word_1_915' title='bbox 2421 5807 2570 5872; x_wconf 88' lang='lat' dir='ltr'><strong>Filii,</strong></span> <span class='ocrx_word' id='word_1_916' title='bbox 2608 5821 2672 5860; x_wconf 89' lang='lat' dir='ltr'><strong>ac</strong></span> <span class='ocrx_word' id='word_1_917' title='bbox 2731 5804 3055 5874; x_wconf 89' lang='lat' dir='ltr'><strong>potentiam,</strong></span> <span class='ocrx_word' id='word_1_918' title='bbox 3090 5809 3147 5857; x_wconf 89' lang='grc' dir='ltr'><strong>ει</strong></span> <span class='ocrx_word' id='word_1_919' title='bbox 3207 5797 3512 5854; x_wconf 84' lang='lat' dir='ltr'><strong>naturalem</strong></span> <span class='ocrx_word' id='word_1_920' title='bbox 3562 5794 3702 5865; x_wconf 78' lang='lat' dir='ltr'><strong>ejus.</strong></span> 
     </span>
    </p>
   </div>
   <div class='ocr_carea' id='block_1_120' title="bbox 2106 5890 3707 5969">
    <p class='ocr_par' dir='ltr' id='par_1_120' title="bbox 2106 5890 3707 5969">
     <span class='ocr_line' id='line_1_120' title="bbox 2106 5890 3707 5969; baseline -0.01 -12"><span class='ocrx_word' id='word_1_921' title='bbox 2106 5902 2297 5969; x_wconf 86' lang='lat' dir='ltr'><strong>vitam,</strong></span> <span class='ocrx_word' id='word_1_922' title='bbox 2334 5908 2387 5954; x_wconf 87' lang='lat' dir='ltr'><strong>et</strong></span> <span class='ocrx_word' id='word_1_923' title='bbox 2432 5896 2805 5963; x_wconf 88' lang='lat' dir='ltr'><strong>essentialem,</strong></span> <span class='ocrx_word' id='word_1_924' title='bbox 2837 5904 2892 5953; x_wconf 89' lang='grc' dir='ltr'><strong>ει</strong></span> <span class='ocrx_word' id='word_1_925' title='bbox 2935 5911 3002 5950; x_wconf 83' lang='lat' dir='ltr'><strong>ex</strong></span> <span class='ocrx_word' id='word_1_926' title='bbox 3035 5891 3347 5952; x_wconf 85' lang='lat' dir='ltr'><strong>substantia</strong></span> <span class='ocrx_word' id='word_1_927' title='bbox 3388 5890 3508 5962; x_wconf 72' lang='lat' dir='ltr'><strong>ejus</strong></span> <span class='ocrx_word' id='word_1_928' title='bbox 3537 5902 3707 5954; x_wconf 36' lang='lat' dir='ltr'><strong>esse,“</strong></span> 
     </span>
    </p>
   </div>
  </div>
