4036 6504
392 439 498 503 919

1652 445 2027 507 DEMETRU
2074 395 2394 512 CY.DONII

3550 451 3656 517 920

393 566 449 612 ct
480 574 546 610 ex
579 554 739 610 Patre
769 570 867 625 per
890 555 1090 612 Filium
1116 556 1415 626 procedere
1438 566 1569 613 ante
1619 567 1839 628 tempus
1866 557 1969 628 ipsi

2074 561 2168 615 τοῦ
2229 563 2442 632 Πατρδς
2479 562 2568 617 διὰ
2611 560 2708 616 τοῦ
2761 561 2892 617 Υίοῦ
2940 561 3340 636 ἐκπορεύεσθαι
3404 563 3653 635 ἀχρόνους

393 649 794 706 attribuuntur.
821 649 1034 720 Quippe
1081 651 1342 721 temporis
1374 666 1572 721 expers
1616 662 1702 706 est
1740 650 1967 706 omnino

390 739 640 811 Spiritus
687 743 993 812 processio,
1025 752 1080 797 et
1139 745 1365 797 omnino
1414 743 1552 798 ordo
1578 758 1743 812 quem
1800 742 1971 798 habet

393 831 636 903 Spiritus
667 833 732 887 ad
791 835 1012 889 Filium.
1057 835 1164 902 Qui
1205 835 1378 905 igitur
1437 834 1638 890 asserit
1672 845 1965 904 propterea

388 933 654 1003 Spiritum
687 934 795 990 dici
831 935 976 997 Filii,
1007 945 1059 991 rt
1091 936 1206 991 haac
1230 936 1411 991 omnia
1439 936 1585 1006 quod
1627 936 1696 991 ab
1738 936 1856 1006 ipso
1883 936 1969 990 di-

391 1026 513 1095 gnis
547 1026 816 1091 mittatur,
870 1028 1016 1096 quod
1054 1026 1108 1081 in
1173 1037 1420 1100 tempore
1454 1027 1656 1083 factum
1689 1037 1794 1094 est,
1841 1043 1971 1083 cau-

390 1134 506 1172 sam
535 1118 777 1186 assignat
829 1118 996 1182 illius,
1048 1119 1194 1189 quod
1227 1127 1311 1175 est
1356 1110 1482 1176 ante
1518 1136 1681 1177 omne
1732 1130 1967 1190 tempus.

391 1208 515 1278 Ipse
556 1208 723 1279 igitur
751 1225 873 1264 cum
904 1210 1331 1279 imperitus.est,
1364 1210 1510 1267 circa
1541 1211 1969 1283 assignationem

389 1316 607 1362 errans.
635 1312 747 1356 tum
778 1302 943 1357 etiam
968 1301 1206 1372 Spiritus
1228 1304 1605 1361 exsistentiam
1639 1304 1692 1358 in
1722 1313 1971 1373 tempore

388 1392 698 1454 constituit,
735 1399 901 1462 atque
952 1393 1157 1448 divinis
1191 1396 1442 1463 personis
1470 1394 1728 1449 nonnulla
1755 1394 1973 1450 contin-

390 1498 516 1551 gere
565 1482 619 1537 in
661 1494 910 1553 tempore
966 1484 1283 1540 afﬁrmabit.
1339 1484 1463 1540 Non
1510 1494 1713 1550 tamen,
1742 1486 1870 1555 quia
1913 1485 1970 1540 in

393 1583 639 1644 tempore
669 1576 993 1631 Paracletus
1028 1576 1210 1646 dignis
1240 1577 1383 1631 mitti
1418 1576 1643 1642 dicitur,
1677 1585 1971 1646 propterea

393 1665 502 1719 Deo
533 1667 586 1719 iu
622 1674 869 1736 tempore
901 1667 1107 1737 aliquid
1140 1668 1362 1724 accidit.
1405 1666 1620 1724 Etenim
1667 1668 1971 1725 secundum

394 1772 652 1828 maguum
706 1758 972 1815 Basilium
1024 1761 1080 1815 in
1120 1770 1316 1829 quarto
1350 1760 1492 1815 liltro
1550 1761 1970 1818 conlutatorio:

397 1867 418 1901 ι
466 1851 584 1905 Non
611 1851 663 1903 in
703 1859 952 1920 tempore
980 1851 1257 1921 provenit,
1288 1851 1434 1920 quod
1465 1866 1532 1906 ex
1563 1852 1674 1906 Deo
1699 1851 1968 1921 procedit,

390 1942 642 2011 quamvis
669 1941 722 1995 in
752 1951 1000 2012 tempore
1028 1944 1387 2012 operationes
1424 1952 1661 2012 promat.
1703 1963 1721 1994 ι

465 2031 739 2088 Przeterea
801 2035 943 2088 idem
998 2034 1053 2089 in
1104 2036 1294 2090 eodem
1327 2035 1507 2090 libro:
1540 2054 1559 2086 ‹
1602 2034 1794 2104 Neque
1824 2034 1970 2089 enim

390 2125 600 2194 aliquid
652 2127 836 2180 minus
871 2126 1113 2180 habituri
1145 2140 1366 2181 eramus
1427 2125 1493 2179 ad
1532 2128 1971 2197 cognoscentium

397 2214 666 2286 Spiritum
727 2230 853 2270 esse
914 2231 981 2270 ex
1035 2216 1172 2283 Deo,
1214 2214 1344 2270 dum
1385 2213 1642 2269 audimus
1704 2214 1970 2284 Spiritum

386 2302 505 2357 oris
523 2301 665 2368 ejus,
689 2305 787 2357 sed
824 2302 1103 2359 suiIiciens
1154 2312 1239 2358 est
1278 2303 1384 2358 hoc
1421 2317 1622 2358 nomen
1657 2302 1722 2357 ad
1763 2302 1971 2374 signiﬁ-

387 2393 621 2448 candam
670 2393 1049 2449 exsistentiam
1095 2394 1271 2464 ipsius
1300 2410 1368 2450 ex
1419 2396 1558 2453 Deo.
1606 2395 1663 2451 Si
1708 2396 1874 2466 igitur
1909 2396 1973 2450 il-

390 2484 509 2547 lud,
565 2484 811 2553 Spiritus
875 2484 1145 2539 exsistere
1195 2500 1260 2539 ex
1328 2488 1464 2552 Deo,
1516 2487 1834 2556 aequipollet
1893 2485 1968 2551 ei,

388 2577 539 2648 quod
568 2577 806 2643 dicatur,
837 2577 956 2647 ipse
1005 2576 1245 2648 Spiritus
1273 2580 1388 2636 oris
1415 2580 1569 2647 ejus;
1604 2579 1739 2635 illud
1783 2587 1968 2635 autem

383 2669 767 2724 cxsistentiam
803 2670 978 2724 sancti
1006 2670 1248 2740 Spiritus
1276 2687 1343 2727 ex
1372 2672 1483 2728 Deo
1514 2673 1806 2743 signiﬁcat,
1840 2688 1971 2745 ergo

388 2760 653 2830 Spiritum
686 2760 793 2817 dici
833 2761 982 2827 Filii,
1012 2763 1262 2818 eamdem
1301 2765 1678 2820 cxsistentiam
1730 2765 1970 2834 Spiritus

386 2867 443 2910 et
478 2869 507 2909 a
546 2852 687 2909 Filio
739 2854 981 2920 indicat;
1035 2856 1175 2911 satis
1226 2858 1398 2924 enim,
1437 2858 1639 2928 inquit,
1664 2865 1718 2911 et
1760 2859 1865 2912 hoc
1901 2856 1969 2912 ad

387 2942 737 2998 indicandam
764 2942 1140 2999 exsistentiam
1174 2942 1434 3014 Spiritus.
1479 2965 1499 2999 ι
1537 2945 1657 3001 Νοη
1696 2961 1827 3017 ergo
1862 2945 1969 3000 dici

387 3035 659 3106 Spiritum
685 3035 832 3102 Filii,
870 3044 931 3090 ut
968 3037 1195 3107 quidam
1238 3038 1448 3104 volunt,
1485 3037 1971 3095 consubstantiali-

387 3137 554 3184 tatem
604 3127 903 3199 signiﬁcat,
933 3129 1029 3185 sed
1064 3128 1194 3200 quia
1252 3146 1321 3185 ex
1377 3131 1497 3202 ipso
1530 3133 1639 3198 sit;
1681 3131 1888 3187 idcirco
1912 3137 1969 3185 et

2071 653 2379 708 ἀποδίδοται
2405 655 2582 726 αὐτῷ’
2617 654 2844 727 ἄχρονος
2869 655 2977 726 γὰρ
3007 655 3042 725 ἰι
3083 654 3177 709 τοῦ
3207 653 3525 725 Πνεύματος
3554 658 3651 710 ἐκ-

2073 748 2351 819 πόρευσις,
2386 749 2480 803 καὶ
2502 749 2639 813 ὅλως
2664 748 2892 820 ἡτάξις,
2918 749 2988 819 ἦν
3017 748 3132 819 ἔχει
3156 748 3292 819 πρὸς
3310 747 3404 803 τὸν
3435 747 3565 802 Υίδν
3590 746 3663 802 τδ

2071 838 2321 909 Πνεῦμα.
2372 840 2430 894 '0
2461 839 2637 894 τοίνυν
2674 820 2772 895 διὰ
2810 839 2969 893 τοῦτο
3022 836 3118 892 τοῦ
3148 836 3283 892 Υίοῦ
3316 836 3380 890 τὸ
3428 836 3662 907 Πνεῦμα

2070 929 2348 1000 λέγεσθαι,
2403 931 2501 985 καὶ
2553 931 2735 986 πάντα
2791 929 2859 984 τὰ
2909 928 3138 983 τοιαῦτα
3175 928 3482 995 ἀποδιδοὺς,
3511 928 3656 983 διότι

2072 1023 2203 1092 παρ’
2220 1020 2385 1077 αὐτοῦ
2408 1022 2519 1085 τοῖς
2553 1021 2726 1088 ἀξίοις
2746 1019 3167 1085 ἀποστέλλεται,
3198 1020 3260 1073 τδ
3281 1018 3429 1074 κατὰ
3453 1018 3656 1090 χρόνον

2071 1115 2295 1184 γεγονὸς
2339 1114 2522 1168 αἰτίαν
2573 1112 2668 1167 τοῦ
2715 1113 2855 1185 ὑπὲρ
2885 1114 3077 1184 χρόνον
3115 1112 3269 1177 ὄντος
3300 1112 3660 1167 ἀποδίδωσιν.

2071 1206 2242 1270 Αὐτός
2297 1223 2357 1262 τε
2387 1204 2480 1260 οὖν
2519 1205 2738 1276 ἀμαθής
2768 1206 2889 1259 ἐστι
2906 1206 3038 1276 περὶ
3057 1204 3157 1275 τὴν
3187 1204 3444 1259 ἀπόδοσιν
3466 1205 3664 1274 ἀμαρ-

2074 1299 2273 1361 τάνων,
2322 1300 2425 1369 τήν
2470 1315 2530 1353 τε
2587 1296 2682 1351 τοῦ
2742 1298 3064 1369 Πνεῦμα-τος
3114 1295 3345 1365 ὓπαρξιν
3399 1296 3663 1367 ἐγχρονον

2072 1388 2394 1461 καθίστησι,
2422 1391 2519 1445 καὶ
2549 1393 2663 1451 τοῖς
2696 1390 2860 1456 θείοις
2906 1388 3219 1461 προσώποις
3249 1386 3660 1458 συμϐεϐηκέναι

2072 1487 2197 1539 τινα
2249 1482 2389 1567 καςεὰ
2425 1482 2615 1555 χρόνον
2671 1481 3015 1554 ὁμολογήσει.
3073 1482 3151 1537 Οὐ
3202 1481 3392 1551 μέντοι
3427 1479 3563 1534 διότι
3590 1481 3675 1560 ἐν.

2073 1575 2251 1648 χρόνῳ
2284 1576 2395 1640 τοῖς
2422 1576 2596 1643 ἀξίοις
2633 1578 2660 1631 ὁ
2686 1575 3047 1645 Παράκλητος
3086 1571 3515 1627 ἀποστέλλεσθαι
3564 1570 3656 1624 λέ-

2075 1686 2255 1738 γεται,
2284 1667 2375 1723 διὰ
2398 1668 2556 1723 τοῦτο
2590 1670 2649 1722 ἐν
2683 1667 2763 1737 τῷ
2786 1665 2910 1737 Θεῷ
2937 1665 3083 1721 κατὰ
3109 1664 3304 1735 χρόνον
3335 1681 3390 1718 τι
3416 1661 3647 1733 M60!-

2074 1780 2177 1817 νει.
2216 1760 2376 1816 Κατὰ
2400 1760 2511 1831 γὰρ
2539 1760 2629 1814 τὸν
2663 1760 2839 1828 μέγαν
2862 1757 3141 1813 Βασίλειον
3171 1758 3233 1810 ἐν
3256 1755 3495 1824 τετάρτῳ
3530 1752 3640 1807 τῶν

2076 1851 2529 1923 Ἀνιιρῤητικῶν,
2555 1868 2575 1903 ι
2606 1850 2721 1904 Οὑκ
2746 1850 2804 1902 ἐν
2831 1847 3009 1919 χρόνῳ
3026 1846 3088 1900 τὸ
3112 1846 3300 1918 προϊὸν
3323 1847 3389 1901 ἐκ
3411 1841 3639 1899 τοῦθεοῦ

2077 1942 2318 2011 πρόεισι,
2345 1940 2447 1993 κᾶν
2471 1941 2529 1992 ἐν
2551 1940 2729 2010 χρόνῳ
2752 1938 2850 2002 τὰς
2874 1936 3157 2007 ἐνεργείας
3193 1934 3451 2004 ἀποδιδῷ.
3484 1951 3504 1986 ι

2149 2033 2272 2088 Ἐτι
2306 2034 2335 2086 ό
2369 2031 2530 2095 αὐτὸς
2563 2032 2622 2084 ἐν
2652 2031 2730 2102 τῷ
2756 2028 2938 2099 αὐτῷ·
2981 2049 3000 2082 ι
3036 2027 3170 2083 om
3198 2027 3306 2097 γὰρ
3354 2025 3567 2080 ἔλαττόν
3594 2042 3651 2079 τι

2072 2129 2217 2197 ἕξειν
2240 2126 2538 2197 ἐμέλλομεν
2558 2125 2641 2188 είς
2663 2124 2724 2178 τὸ
2750 2122 3040 2193 γινῲσκειν
3059 2121 3121 2175 τδ
3142 2119 3364 2188 Πνεῦμα
3386 2119 3654 2188 ὑπάρχειν

2074 2219 2139 2272 ἐκ
2159 2217 2251 2271 τοῦ
2275 2215 2434 2282 Θεοῦ,
2468 2214 2693 2285 Πνεῦμα
2716 2213 2983 2281 στόματος
3004 2210 3167 2268 αὐτοῦ
3188 2210 3477 2272 ἀκούοντες
3494 2208 3654 2273 αὐτὸ,

2072 2310 2187 2365 ἀλλ’
2218 2308 2400 2363 ἱκανὸν
2424 2309 2521 2361 καὶ
2537 2306 2696 2361 τοῦτο
2716 2307 2778 2361 τὸ
2802 2305 2971 2376 ὄνομα
2997 2305 3096 2375 τὴν
3118 2302 3354 2373 ὓπαρξιν
3372 2303 3538 2357 αὐτοῦ
3558 2301 3656 2371 Sq-

2072 2400 2240 2455 λῶσαι
2266 2398 2361 2468 τὴν
2388 2399 2452 2451 ἐκ
2473 2396 2630 2451 Θεοῦ.
2652 2397 2716 2471 Ei
2739 2396 2919 2450 τοίνυν
2944 2396 3004 2450 τὸ
3038 2395 3099 2450 τὸ
3129 2394 3353 2465 Πνεῦμα
3382 2393 3654 2463 ὑπάρχειν

2073 2496 2138 2547 ἐκ
2168 2490 2264 2546 τοῦ
2288 2490 2425 2546 Θεοῦ
2455 2492 2569 2546 ἴσον
2595 2491 2711 2544 ἐστὶ
2728 2489 2805 2562 τῷ
2836 2490 2899 2544 τὸ
2927 2487 3153 2558 Πνεῦμα
3183 2489 3453 2558 στόματος
3483 2485 3651 2541 αὑτοῦ

2073 2584 2326 2654 λέγεσθαι
2346 2585 2477 2640 ἀύτό
2500 2600 2516 2615 ·
2544 2582 2660 2637 ἀλλ’
2686 2584 2866 2636 ἐκεῖνο
2897 2580 2997 2652 τὴν
3025 2583 3092 2637 ἐκ
3120 2582 3214 2635 τοῦ
3242 2579 3377 2635 Θεοῦ
3414 2577 3653 2648 ὕπαρξιν

2071 2679 2166 2732 τοῦ
2214 2676 2372 2746 ἁγίου
2424 2674 2742 2745 Πνεύματος
2803 2674 2990 2745 δηλοϊ·
3044 2674 3155 2744 ἄρα
3184 2674 3282 2727 καὶ
3329 2673 3393 2728 τὸ
3422 2671 3649 2739 Πνεῦμα

2073 2768 2204 2825 Υίοῦ
2253 2767 2507 2837 λέγεσθαι
2543 2767 2641 2837 τὴν
2692 2765 2863 2836 αὐτὴν
2907 2764 3144 2835 ὓπαρξιν
3176 2763 3273 2818 τοῦ
3326 2762 3649 2833 Πνεύματος

2071 2861 2167 2914 καὶ
2196 2858 2342 2929 παρὰ
2368 2857 2461 2912 τοῦ
2491 2856 2622 2911 Υίοῦ
2657 2855 2934 2926 ἐμφαίνει.
2977 2855 3185 2911 Ίκανὸν
3218 2856 3350 2925 γὰρ,
3383 2854 3517 2923 ἔφη,
3545 2853 3649 2908 καὶ

2028 3006 2032 3010 .
2070 2951 2231 3007 τοῦτο
2255 2950 2353 3020 τὴν
2395 2948 2631 3021 ὕπαρξιν
2669 2948 2764 3003 τοῦ
2797 2947 3115 3017 Πνεύματος
3158 2946 3372 3017 δηλοῦν.
3406 2946 3520 3000 Οὐκ
3539 2943 3649 3015 ἄρα

2070 3044 2132 3099 τὸ
2168 3041 2393 3113 Πνεῦμα
2412 3043 2505 3096 τοῦ
2529 3041 2659 3095 Υίοῦ
2679 3040 2954 3111 λέγεσθαι,
2983 3038 3060 3106 ὥς
3089 3056 3233 3103 τινες
3255 3037 3560 3107 βούλονται,
3581 3036 3647 3090 τὸ

2068 3132 2356 3206 ὁμοούσιον
2395 3132 2669 3203 ἐμφαίνει,
2731 3130 2849 3185 ἀλλ’
2894 3131 2979 3186 δτι
3006 3129 3068 3196 ἐξ
3107 3128 3321 3183 ἐκείνου
3354 3126 3512 3190 ἐστὶ,
3552 3121 3646 3179 διὰ

385 3220 881 3277 consubstantialis
933 3230 1020 3277 est
1076 3221 1206 3292 ipsi.
1238 3221 1443 3278 Eadem
1469 3230 1556 3279 est
1587 3230 1770 3278 autem
1804 3221 1966 3288 ratio,

2070 3226 2231 3282 τοῦτο
2284 3226 2384 3282 καὶ
2424 3225 2712 3295 ὁμοούσιόν
2747 3222 2899 3278 ἐστιν
2922 3221 3096 3295 αὐτῷ.
3143 3221 3204 3276 ’0
3231 3219 3278 3277 δ’
3303 3219 3465 3283 αὐτὸς
3486 3217 3647 3287 λόγος

385 3321 443 3369 et
476 3312 546 3370 de
569 3328 638 3369 eo
664 3313 811 3384 quod
839 3313 1053 3369 dicatur
1096 3310 1334 3383 Spiritus
1364 3313 1626 3384 proprius
1660 3312 1809 3369 Filii.
1838 3312 1971 3369 Pro-

386 3405 543 3476 prius
596 3420 839 3476 namque
885 3404 1056 3461 Filius
1105 3404 1309 3460 dicitur
1353 3404 1558 3471 Patris,
1610 3413 1667 3461 et
1727 3405 1969 3477 Spiritus

382 3496 565 3553 Patris
607 3506 664 3552 et
715 3495 867 3564 Filii,
917 3495 1067 3566 quod
1097 3505 1397 3568 utrumque
1421 3498 1489 3552 ad
1519 3511 1670 3564 eum,
1695 3496 1853 3566 cujus
1885 3505 1971 3552 εει

388 3588 698 3659 proprium,
729 3595 792 3642 ut
841 3596 1128 3644 causatum
1189 3587 1498 3655 referatur;
1532 3596 1589 3643 et
1616 3586 1968 3642 manifestum

385 3691 492 3747 est,
525 3682 655 3752 quia
704 3698 815 3739 non
863 3684 1229 3741 convertitur.
1266 3682 1422 3751 Quod
1455 3684 1501 3739 si
1540 3684 1803 3754 proprius
1829 3680 1967 3737 dici-

387 3780 479 3825 tur
508 3780 571 3828 ut
613 3773 1125 3839 consubstantialis,
1184 3775 1342 3844 cujus
1392 3783 1477 3829 est
1528 3771 1811 3843 proprius,
1871 3768 1966 3825 sed

384 3864 932 3936 consubstantialitas
994 3866 1373 3938 principaliter
1428 3878 1651 3922 causam
1685 3873 1743 3919 et
1776 3877 1969 3919 causao

389 3968 504 4013 tum
545 3958 838 4031 signiﬁcat,
864 3968 923 4015 ut
955 3968 1239 4016 ostensum
1290 3968 1411 4023 est;
1442 3967 1498 4013 et
1526 3971 1650 4014 esse
1681 3955 1967 4027 proprium

386 4068 521 4124 ergo
554 4067 775 4108 causam
807 4061 865 4108 et
919 4062 1208 4108 causatum
1256 4051 1535 4122 exprimit.
1572 4048 1738 4118 Atqui
1777 4062 1970 4119 proce-

388 4144 521 4199 dere
577 4144 716 4198 nihil
777 4143 950 4208 aliud,
991 4158 1154 4215 quam
1211 4142 1589 4198 exsistentiam
1632 4140 1839 4196 habere
1870 4156 1968 4210 per

388 4236 612 4292 modum
649 4235 1018 4307 processionis
1046 4233 1374 4306 signiﬁcate,
1400 4247 1593 4288 omnes
1620 4233 1807 4303 utique
1830 4232 1968 4287 fate-

388 4330 632 4395 bttntur;
688 4329 1147 4399 quemadmodum
1196 4335 1250 4381 et
1279 4325 1526 4396 generari
1572 4324 1794 4379 modum
1824 4322 1970 4379 exsi-

388 4419 568 4477 stendi
601 4419 725 4485 Filii
781 4418 1064 4487 exprimit,
1108 4417 1257 4487 quod
1316 4415 1528 4471 scilicet
1590 4430 1689 4486 per
1743 4416 1967 4471 modum

390 4511 785 4583 generationis.
837 4510 1010 4580 Igitur
1071 4508 1217 4579 quod
1262 4506 1331 4563 ab
1386 4505 1642 4563 omnibus
1699 4506 1969 4578 theologis

389 4612 675 4660 asseratur
702 4603 944 4675 Spiritus
975 4617 1073 4675 per
1100 4602 1300 4657 Filium
1326 4602 1645 4671 procedere,
1676 4599 1967 4655 manifesta

391 4697 641 4752 doctrina
673 4705 757 4751 est
815 4696 956 4779 ejus,
1003 4693 1152 4764 quod
1192 4708 1291 4764 per
1317 4693 1513 4748 Filium
1557 4709 1624 4748 ex
1655 4695 1817 4750 Patre
1853 4694 1969 4763 ipse

390 4788 593 4844 habeat
645 4787 1045 4843 exsistentiatn.
1097 4787 1216 4842 Hoc
1259 4795 1440 4842 autem
1496 4786 1669 4842 instar
1720 4785 1967 4842 omnium

388 4882 611 4947 suilicit,
644 4890 703 4937 et
731 4880 869 4935 nihil
894 4892 1035 4950 opus
1076 4888 1161 4934 est
1206 4879 1443 4934 ulterius
1489 4893 1667 4947 neque
1703 4878 1968 4947 theologis

390 4975 486 5046 qui
537 4975 607 5030 de
658 4971 1059 5029 subsistentiali
1118 4972 1475 5042 processione
1499 4971 1673 5026 divini
1729 4970 1969 5043 Spiritus

400 5069 699 5131 disserant,
755 5079 936 5135 neque
992 5064 1230 5134 amplius
1281 5063 1351 5119 iis
1403 5063 1499 5134 qui
1557 5062 1726 5118 velint
1772 5062 1840 5116 de
1868 5062 1969 5117 bac

403 5174 557 5231 recte
590 5157 798 5215 doceri.
842 5156 962 5212 Non
1021 5170 1153 5226 ergo
1200 5165 1389 5211 carent
1415 5156 1673 5220 dictione,
1707 5155 1799 5229 qui
1826 5155 1971 5208 hanc

399 5259 676 5323 quaerunt,
714 5262 841 5304 cum
895 5246 1116 5318 quidam
1152 5248 1399 5319 printarii
1452 5256 1767 5304 sanctorum
1791 5265 1856 5304 ex
1884 5247 1972 5304 Fi-

390 5342 489 5410 lio,
521 5344 613 5401 alii
640 5357 769 5397 vero
807 5357 904 5411 per
933 5342 1133 5397 Filium
1195 5343 1493 5412 procedere
1534 5342 1739 5399 dicant.
1764 5342 1974 5398 Distin-

392 5452 560 5507 guere
588 5433 733 5490 enim
767 5434 874 5489 hoc
922 5434 1045 5491 loco
1086 5434 1527 5505 praepositionem
1578 5450 1671 5506 per
1698 5433 1752 5490 in
1788 5436 1971 5490 diver-

393 5543 484 5585 sas
539 5526 966 5596 intelligentias,
1025 5536 1222 5597 praeter
1285 5543 1505 5582 omnem
1560 5526 1830 5582 rationem
1886 5534 1973 5582 est

394 5621 678 5691 assignare
721 5620 870 5676 hunc
919 5635 1143 5675 sensum
1168 5630 1375 5676 temere
1413 5620 1643 5676 dictioni
1698 5635 1790 5688 per
1817 5635 1881 5674 ac
1913 5634 1972 5673 se

398 5710 550 5780 ipsos
582 5711 822 5782 regulam
854 5713 1207 5768 constituere.
1239 5714 1317 5768 Ex
1365 5712 1570 5784 quibus
1617 5711 1974 5767 absurdiores

396 5801 468 5855 iis
519 5801 655 5857 mihi
685 5803 941 5859 videntur
991 5805 1084 5875 qui
1118 5805 1276 5860 hirco
1321 5818 1514 5859 cervos
1549 5801 1780 5874 lingunt.
1815 5803 1972 5870 Quod

397 5889 441 5944 si
475 5888 589 5944 haec
618 5891 691 5950 ita
719 5910 775 5949 se
810 5893 1035 5961 habent,
1069 5895 1193 5965 quis
1224 5904 1407 5949 mente
1450 5892 1712 5962 prmditus
1735 5892 1969 5948 obsiste-

2072 3321 2168 3377 καὶ
2193 3319 2323 3392 περὶ
2353 3316 2451 3375 τοῦ
2483 3318 2612 3373 [διον
2647 3316 2907 3381 λέγεσθαι
2953 3314 3018 3371 τδ
3064 3312 3288 3383 Πνεῦμα
3334 3310 3430 3366 τοῦ
3488 3308 3642 3365 Υίοῦ.

2074 3414 2235 3476 ’ἰδιος
2275 3412 2385 3482 γὰρ
2412 3409 2636 3480 λέγεται
2676 3408 2774 3464 καὶ
2816 3407 2846 3462 δ
2899 3406 3031 3471 Υίδς
3065 3406 3161 3467 τοῦ
3191 3403 3424 3473 Πατρδς,
3456 3402 3553 3457 καὶ
3581 3401 3647 3456 τὸ

2072 3502 2298 3572 Πνεῦμα
2328 3501 2458 3558 ἴδιον
2487 3501 2582 3555 τοῦ
2618 3499 2834 3569 Πατρὸς
2882 3498 2981 3552 καὶ
3018 3488 3117 3551 τοῦ
3149 3495 3303 3562 Υίοῦ,
3327 3496 3408 3551 ὅτι
3452 3494 3643 3548 ἐκάτεο

2075 3612 2167 3666 ρον
2191 3592 2330 3665 πρὸς
2358 3592 2453 3647 τὸν
2472 3586 2532 3648 οὗ
2565 3593 2716 3646 ἐστιν
2746 3591 2877 3646 τδιον
2903 3589 2982 3654 ὡς
3000 3589 3243 3646 αίτιατδν
3269 3587 3601 3658 ἀναφέρεται
3623 3600 3642 3633 9

2071 3689 2167 3742 καὶ
2214 3687 2396 3757 δῆλον,
2451 3685 2535 3741 ὅτι
2579 3685 2702 3740 οὐδὲ
2757 3685 3136 3753 ἀντιστρέφει.
3174 3682 3238 3736 Εί
3285 3679 3346 3736 δὲ
3401 3680 3531 3735 ἴδιον
3567 3677 3645 3742 ὡς

2069 3778 2375 3850 ὀμοούσιον,
2405 3771 2467 3833 οῦ
2500 3780 2647 3833 ἐστιν
2677 3776 2830 3844 ἴδιον,
2855 3775 3096 3846 λέγεται,
3120 3772 3258 3828 ἀλλὰ
3285 3771 3346 3826 τδ
3360 3768 3646 3841 ύμοούσιον

2071 3869 2314 3942 ἀρχικῶς
2334 3870 2396 3924 τὸ
2427 3870 2602 3924 αἴτιον
2640 3870 2741 3924 καὶ
2781 3868 2844 3923 τὸ
2874 3866 3121 3923 αίτιατὺν
3146 3864 3423 3936 ἐμφαίνει,
3459 3861 3644 3927 dic-8&—

2068 3962 2279 4016 δεικται
2298 3976 2313 3993 ’
2350 3962 2445 4016 καὶ
2475 3961 2536 4015 τὸ
2557 3961 2688 4017 ίδιον
2714 3960 2824 4030 ἄρα
2853 3961 2916 4014 τὸ
2947 3961 3124 4016 αίτιον
3161 3958 3258 4014 καὶ
3301 3960 3363 4015 τὸ
3402 3956 3644 4012 αίτιατὶιν

2073 4058 2392 4126 παρίστησι.
2426 4055 2537 4109 Καὶ
2576 4052 2684 4126 μὴν
2716 4053 2778 4108 τὸ
2809 4053 3209 4126 ἐκπορεύεσθαι
3253 4054 3354 4110 οὐκ
3385 4052 3513 4108 ἄλλο
3530 4069 3582 4105 τι
3606 4050 3641 4122 ἢ

2068 4149 2168 4217 τὴν
2198 4146 2435 4218 ὓπαρξιν
2473 4144 2823 4217 ἐκπορευτῶς
2864 4145 3011 4219 ἔχειν
3035 4146 3325 4218 σημαίνειν
3349 4149 3548 4209 πάντες
3573 4144 3644 4199 ἂν

2070 4241 2463 4310 ὁμολογήσαιεν
2485 4254 2499 4270 ·
2526 4236 2717 4310 ὥσπερ
2748 4239 2844 4293 καὶ
2863 4238 2925 4292 τὸ
2949 4239 3245 4307 γεννᾶσθαι
3268 4239 3369 4309 τῆς
3388 4236 3483 4292 τοῦ
3510 4235 3641 4291 Υίοῦ

2072 4332 2359 4403 ὑπάρξεως
2390 4330 2689 4401 παρίστησι
2733 4328 2825 4382 τὸν
2853 4331 3075 4402 τρόπον,
3118 4329 3203 4384 ὅτι
3251 4330 3422 4400 δήπου
3451 4346 3643 4398 γεννη-

2072 4424 2200 4488 τῶς.
2226 4422 2434 4476 Οὐκοῦν
2464 4422 2525 4476 τὸ
2553 4420 2641 4475 διὰ
2667 4420 2761 4475 τοῦ
2798 4421 2929 4476 Υίοῦ
2960 4421 3363 4493 ἐκπορεύεσθαι
3383 4423 3445 4476 τὸ
3475 4420 3643 4475 Πνεῦ-

2076 4534 2152 4587 μα
2182 4516 2241 4568 τδ
2270 4514 2428 4583 ἅγιον
2453 4514 2607 4585 παρὰ
2655 4514 2874 4567 πάντων
2913 4511 3284 4582 θεολογετσθαι
3326 4510 3641 4567 διδασκαλία

2001 4580 2043 4636 D
2075 4580 2253 4678 σαφὴς
2283 4580 2377 4660 τοῦ
2418 4606 2507 4659 διὰ
2535 4580 2649 4659 ⁷τοῦ
2684 4603 2818 4658 Υίοῦ
2862 4606 2928 4659 ἐκ
2957 4603 3055 4663 τοῦ
3080 4580 3088 4582 ἡ
3116 4604 3331 4673 Πατρδς
3382 4603 3517 4658 αὐτὸ
3543 4601 3641 4673 τὴν

2072 4698 2306 4767 ὕπαρξιν
2359 4697 2525 4769 ἔχειν.
2584 4695 2755 4750 Τοῦτο
2785 4696 2843 4748 δὲ
2895 4697 3018 4750 ἀντὶ
3062 4696 3283 4749 πάντων
3328 4696 3513 4764 ἀρκεῖ,
3549 4693 3644 4747 καὶ

2069 4787 2223 4841 οὐδὲν
2249 4787 2330 4840 δεὶ⁹
2346 4786 2657 4857 περαιτέρω
2674 4784 2799 4839 οὔτε
2829 4788 2939 4848 τοῖς
2967 4785 3308 4849 διδασκάλοις
3333 4782 3644 4855 θεολογοῦσι

2071 4876 2321 4950 περὶτῆς
2349 4878 2698 4949 ὑπαρκτικῆς
2734 4878 2965 4950 προόδου
2998 4879 3093 4933 τοῦ
3128 4876 3642 4952 θείούΠνεύματος,

2069 4968 2195 5024 οὔτε
2225 4969 2333 5041 μὴν
2363 4972 2474 5033 τοῖς
2518 4969 2761 5023 ἐθέλουσι
2795 4970 2926 5040 περὶ
2946 4970 3153 5043 ταύτης
3182 4970 3357 5040 ὀρθῶς
3387 4971 3640 5043 διδαχθῆ-

2069 5079 2157 5125 ναι
2202 5061 2387 5131 δεήσει
2428 5078 2482 5113 τι
2516 5059 2699 5114 πλέον.
2723 5061 2838 5113 Ούκ
2877 5060 2987 5131 ἄρα.
3018 5063 3286 5134 ἀποροῦσι
3313 5064 3414 5134 τῆς
3450 5063 3642 5128 λέξεως

2072 5157 2122 5209 oi
2175 5154 2381 5224 ταύτην
2416 5152 2822 5225 ἐπιζητοῦντες,
2877 5153 2988 5207 τῶν
3033 5155 3132 5225 μὲν
3163 5156 3645 5225 περιφανεστάτων

2070 5245 2243 5315 ἁγίων
2272 5249 2339 5300 ὲκ
2368 5244 2461 5299 τοῦ
2497 5244 2627 5297 Υίοῦ
2681 5245 3079 5316 ἐκπορεύεσθαι
3121 5248 3423 5314 λεγόντων,
3454 5249 3559 5302 τῶν
3585 5246 3642 5299 δὲ

2070 5341 2159 5394 διὰ
2194 5337 2285 5392 τοῦ
2336 5335 2467 5389 Υίοῦ
2507 5335 2906 5407 ἐκπορεύεσθαι
2932 5353 2947 5370 ·
2984 5339 3046 5391 τὸ
3092 5338 3200 5408 γὰρ
3234 5340 3314 5404 είς
3361 5339 3641 5409 διαφόρους

2071 5435 2281 5495 ἐννοίας
2334 5427 2570 5484 ἐνταῦθα
2620 5429 2720 5498 τὴν
2761 5429 2860 5484 διὰ
2888 5429 3120 5502 διαιρεῖν
3173 5430 3635 5502 ἀποκληρούντων

2072 5530 2248 5592 ἄλλως
2276 5527 2425 5599 παρὰ
2450 5527 2630 5580 πάντα
2676 5526 2833 5597 λόγον
2863 5528 3003 5593 ἐστὶ,
3035 5529 3130 5583 καὶ
3168 5529 3390 5593 ἑαυτοὺς
3411 5531 3646 5601 ήγουμὲ-

2072 5637 2180 5676 νων
2207 5619 2429 5676 κανόνα.
2473 5618 2565 5684 Ἐξ
2597 5611 2671 5673 ὧν
2702 5620 3039 5692 ἀτοπώτεροι
3063 5621 3343 5692 φαίνονται
3413 5623 3522 5676 τῶν
3554 5623 3647 5676 καὶ

2074 5714 2197 5776 τοὺς
2226 5711 2608 5783 τραγελάφους
2632 5712 3108 5768 ἀναπλαττόντων.
3131 5714 3192 5767 Ei
3222 5715 3281 5767 δὲ
3308 5715 3464 5769 ταῦθ’
3482 5714 3644 5777 οὕτω.

2074 5801 2158 5866 τίς
2189 5802 2253 5855 ἂν
2278 5800 2403 5854 νοῦν
2438 5801 2577 5871 ἔχων
2601 5803 2820 5874 ἐνσταίη
2855 5803 2930 5875 μὴ
2952 5807 3017 5859 ἐκ
3055 5802 3148 5858 τοῦ
3180 5805 3391 5876 Πατρὶς
3430 5805 3527 5859 καὶ
3554 5803 3645 5856 τοῦ

2078 5894 2209 5948 Υίοῦ
2259 5898 2320 5946 τὸ
2373 5893 2597 5964 Πνεῦμα
2629 5894 2690 5948 τὸ
2717 5895 2870 5966 ἅγιον
2904 5896 3000 5967 τὴν
3047 5894 3279 5967 ὓπαρξιν
3336 5898 3513 5969 ἔχεως
3549 5895 3637 5948 καὶ
