4036 6446
785 358 862 394 ιε’

470 397 564 460 921

1391 408 1488 468 DE
1526 407 2053 469 PROCESSIONE
2095 407 2459 471 SPIRITUS
2501 409 2800 471 SANCTI.

3621 407 3731 472 99.2

470 502 712 572 τοσούτῳ
749 506 969 575 μᾶλλον,
1026 510 1136 582 ὅσῳ
1165 514 1258 567 καὶ
1303 513 1392 568 διὰ
1442 515 1539 569 τοῦ
1573 516 1746 582 Λόγου
1774 518 1802 569 6
1848 516 2039 587 Πατὴρ

2145 529 2250 583 ret,
2286 534 2396 575 non
2445 535 2514 576 ex
2561 519 2746 573 Patre'
2767 531 2866 588 per
2914 517 3114 573 Filium
3173 517 3437 589 Spiritum
3480 530 3732 572 sanctum

470 593 766 663 προὸολεὺς
797 597 888 650 τοῦ
945 601 1258 672 Πνεύματος
1285 606 1368 677 τῷ
1405 607 1758 678 Δαμασκηνῷ
1791 610 2040 678 εἴρηται.

471 685 535 738 Εἰ
569 685 678 756 γὰρ
705 687 766 741 τὸ
816 691 906 747 διὰ
935 694 1027 749 τοῦ
1071 696 1200 752 Υίοῦ
1253 699 1324 754 τὰ
1354 699 1532 758 πάντα
1577 699 1885 766 γεγονέναι,
1920 700 2045 752 ὅσον

467 778 592 848 ἣκει
615 783 700 844 εἰς
723 783 824 853 τὴν
853 785 972 855 διὸ.
1004 791 1214 844 καὶτὸν
1238 792 1368 846 Υίὸν
1399 793 1500 846 ἕνα
1539 792 1871 863 δημιουργὸν
1906 792 2045 863 μετὰ

468 869 563 925 τοῦ
613 873 827 945 Πατρὸς
857 879 954 932 καὶ
980 881 1211 952 ποιητὴν
1244 883 1354 938 τῶν
1383 883 1554 938 όντων
1583 885 1938 956 παρίστησιν,
1969 884 2046 948 ὡς

470 965 504 1034 ἡ
537 963 806 1037 καθολική
856 969 1040 1034 πίστις
1071 971 1352 1042 ὁμολογεῖ,
1385 974 1503 1039 πῶς
1531 976 1627 1028 ἐπὶ
1683 977 1785 1045 τῆς
1816 975 2043 1045 προόδου

467 1051 563 1105 τοῦ
595 1053 740 1108 θείου
767 1057 1087 1127 Πνεῦματος
1122 1063 1307 1116 οὐκᾶν
1342 1066 1369 1118 ό
1401 1064 1526 1128 Υἱὸς
1559 1063 1726 1119 αὐτοῦ
1770 1067 2046 1130 συναίτιος

468 1144 554 1216 εἴη
575 1187 594 1211 ,
621 1148 717 1200 καὶ
740 1142 820 1210 εἷς
850 1151 1045 1215 αττιος,
1080 1153 1148 1206 δι’
1177 1154 1376 1210 ἑαυτοῦ
1405 1155 1498 1212 τὸν
1527 1157 1749 1226 Πατέρα
1774 1157 2045 1226 προόολέα

465 1237 561 1290 τοῦ
585 1238 900 1309 Πνεύματος
925 1243 1062 1313 ἔχων
1094 1245 1188 1298 τοῦ
1217 1248 1504 1314 ὁμοουσίου
1537 1249 1752 1320 ἑαυτῷ;
1783 1249 2043 1302 Διδασκέ-

464 1346 650 1384 τωσαν
670 1333 777 1403 γὰρ
799 1335 969 1402 ἡμᾶς,
997 1338 1114 1396 πῶς
1143 1340 1201 1391 ὲν
1223 1338 1396 1394 ἅπασι
1430 1342 1530 1411 μὲν
1549 1344 1661 1404 τοῖς
1682 1342 1770 1397 διὰ
1794 1342 1888 1397 τοῦ
1909 1340 2041 1396 Υίοῦ

465 1420 805 1489 κτιζομένοις
825 1420 976 1490 οὗτος
1011 1429 1214 1496 μᾶλλον
1233 1431 1440 1501 ἥνωται
1470 1433 1550 1502 τῷ
1577 1435 1775 1502 [lat-91,
1804 1437 1862 1488 ὲν
1886 1436 1943 1488 δὲ
1974 1438 2039 1506 τῇ

466 1510 551 1564 διὰ
572 1511 668 1564 τοῦ
700 1512 828 1566 Υίοῦ
854 1515 1178 1584 ὲκπορεύσει
1202 1519 1492 1591 διῄρηταις
1525 1524 1584 1574 ὲν
1687 1540 1771 1585 τις
1797 1521 1864 1576 ἂν
1909 1521 2044 1586 ῐσως

464 1602 606 1657 εἴποι
629 1604 724 1658 καὶ
755 1607 928 1676 μείζω
955 1608 1056 1678 τὴν
1081 1611 1372 1667 κοινωνίαν
1403 1613 1586 1668 αὐτῶν
1626 1609 1768 1668 εἶναι
1804 1616 1936 1677 δεῖν,
1968 1614 2044 1678 ὡς

462 1692 531 1747 ἂν
551 1695 615 1748 ὲκ
645 1697 746 1766 τῆς
773 1698 960 1770 κοινῆς
991 1702 1179 1766 οὐσίας
1227 1705 1325 1758 καὶ
1379 1705 1530 1769 θείας
1574 1705 1669 1760 τοῦ
1709 1707 1924 1775 Πατρὸς
1949 1707 2046 1760 καὶ

462 1785 558 1840 τοῦ
589 1787 721 1841 Υίοῦ
747 1792 1102 1860 προαγόντων
1122 1795 1185 1848 τὸ
1215 1796 1444 1866 Πνεῦμα
1473 1798 1536 1850 τὸ
1560 1798 1717 1866 ἅγιον
1745 1801 1843 1869 τῆς
1872 1798 2042 1863 αὐτῆς

463 1876 526 1930 ὃν
550 1879 644 1932 καὶ
673 1881 803 1934 αὐτὸ
829 1883 1041 1952 οὐσίας,
1075 1885 1109 1956 ἢ
1143 1887 1200 1939 ὲν
1229 1890 1294 1957 τῇ
1334 1888 1444 1942 τῶν
1490 1891 1811 1958 κτισμάτων
1864 1907 2038 1961 παρα·
2068 1870 2117 1932 Β

468 1972 620 2040 γωγῇ
653 1969 776 2025 οὔτε
807 1973 872 2028 ἐκ
901 1975 1002 2045 τῆς
1031 1977 1222 2048 κοινῆς
1259 1979 1448 2043 οὐσίας
1477 1981 1616 2034 αὐτὰ
1653 1981 2040 2050 παραγόντων,

467 2062 601 2115 ἀλλὰ
631 2065 725 2118 καὶ
753 2065 853 2136 τῆς
897 2067 1115 2134 φύσεως
1157 2070 1340 2124 αὐτῶν
1367 2070 1531 2142 οὔσης
1571 2073 1705 2144 πρὸς
1737 2072 1838 2140 τὴν
1889 2071 2044 2126 θείαν

467 2152 813 2208 παντάπασιν
835 2155 1140 2228 ἀλλοτρίας.
1171 2158 1380 2213 Οὔκουν
1404 2159 1519 2230 ἔχοι
1551 2177 1636 2223 τις
1668 2161 1735 2214 ἂν
1765 2163 1964 2226 εἰπεῖν,
1992 2160 2044 2213 εί

465 2240 540 2312 μὴ
571 2249 896 2314 μαινόμενος
925 2249 1033 2320 sin,
1087 2249 1164 2312 ὡς
1211 2249 1321 2319 ἄρα
1365 2253 1426 2304 τὸ
1456 2252 1544 2305 διὰ
1585 2252 1680 2304 τοῦ
1712 2251 1842 2306 Υίοῦ
1883 2253 2047 2305 ἐκπο-

467 2333 719 2400 ρεύεσθαι
750 2336 810 2390 τὸ
835 2337 922 2391 διὰ
941 2339 1034 2392 τοῦ
1066 2340 1198 2395 Υίοῦ
1231 2325 1473 2395 δίδοσθαι
1503 2343 1786 2413 σημαίνει.
1818 2343 1890 2395 Οὐ
1935 2343 2045 2413 γὰρ

462 2423 547 2476 διὰ
571 2425 664 2478 τοῦ
697 2426 826 2480 Υίοῦ
852 2429 1122 2495 δίδοσθαι,
1150 2432 1182 2501 ἢ
1231 2433 1582 2503 πέμπεσθαι,
1615 2433 1648 2504 ἢ
1682 2434 2044 2505 χορηγεῖσθαι

465 2514 626 2582 μόνον
649 2517 798 2588 παρὰ
847 2519 956 2572 τῶν
982 2521 1319 2575 διδασκάλων
1347 2524 1588 2592 λέγεται,
1614 2525 1735 2577 οὐδὲ
1767 2526 1896 2594 περὶ
1923 2524 2046 2577 τού-

459 2619 568 2656 των
593 2605 956 2676 διαλεγόμεθα
991 2610 1088 2664 νῦν
1120 2613 1187 2683 (εί
1227 2616 1318 2666 καὶ
1351 2615 1486 2668 αὐτὸ
1537 2616 1876 2669 ἐνδεικτικόν
1925 2618 2044 2669 ἐστι

463 2699 557 2749 τοῦ
606 2699 694 2754 διὰ
725 2700 818 2754 τοῦ
865 2703 994 2756 rio!"
1046 2705 1446 2773 ἐκπορεύεσθαι
1503 2709 1600 2760 καὶ
1650 2707 1748 2778 τὴν
1802 2706 2042 2778 ὕπαρξιν

463 2789 628 2860 ἔχειν.
665 2793 738 2846 Οὐ
788 2795 896 2863 γὰρ
938 2795 1109 2867 δήπου
1143 2799 1232 2852 διὰ
1268 2801 1360 2853 τοῦ
1397 2801 1526 2855 Υίοῦ
1559 2800 1914 2854 ἀπεστέλλετ’
1951 2801 2041 2864 ἂν,

465 2882 516 2933 εί
549 2882 625 2952 μὴ
650 2886 744 2936 καὶ
772 2885 840 2938 δι’
870 2886 1038 2940 αὐτοῦ
1071 2891 1336 2960 πρότερον
1364 2892 1463 2964 τὴν
1488 2892 1726 2963 ὓπαρξιν
1753 2890 1889 2962 εἶχε,
1918 2891 2044 2946 καθ’

469 2973 537 3041 ἣν
587 2977 772 3038 ἀϊδίως
825 2980 1291 3050 ἐκπορευόμενον,
1346 2985 1617 3054 χρονικῶς
1677 2983 1848 3048 οὕτως
1898 2984 2044 3054 ἔχειν

472 3068 623 3138 παρά
658 3069 767 3122 τῶν
819 3071 1126 3140 ἀνθρώπων
1167 3075 1498 3143 γινώσκεται
1523 3095 1538 3112 ο
1568 3079 1692 3148 ἥτις
1735 3077 1802 3148 δὴ
1840 3077 2045 3145 γνῶσις

463 3162 580 3271 τῆςῃ
598 3163 1019 3271 μεγαλειότητος
1058 3165 1242 3271 ἀὐτοῦ
1295 3170 1393 3224 καὶ
1435 3171 1534 3240 τῆς
1573 3165 1862 3242 ὑπάρξεως
1903 3172 2043 3224 απο-
2068 3205 2117 3271 c

465 3253 628 3325 στολὴ
663 3254 803 3325 πρὸς
836 3255 963 3320 τοὺς
989 3256 1310 3329 ἀνθρώπους
1345 3261 1442 3315 καὶ
1470 3261 1626 3333 παρὰ
1663 3261 1775 3316 τῶν
1823 3260 2040 3332 ἀνθρὼ-

463 3358 584 3395 πων
609 3343 1022 3418 λέγεται),ἀλλὰ
1038 3351 1168 3419 περὶ
1191 3353 1290 3419 τῆς
1305 3351 1398 3406 τοῦ
1419 3352 1816 3424 ἐκπορεύεσθαι
1841 3351 2042 3418 λέξεως

460 3432 490 3485 6
517 3431 672 3501 λόγος
702 3433 817 3502 νῦν,
853 3437 974 3491 καθ’
999 3439 1066 3510 ῆν
1087 3440 1151 3492 ὲκ
1180 3440 1274 3493 τοῦ
1309 3443 1519 3512 Πατρδς
1551 3443 1638 3496 διὰ
1661 3443 1754 3496 τοῦ
1788 3441 1918 3495 Υίοῦ
1951 3443 2045 3493 ὲκ-

461 3525 788 3593 πορεύεσθαί
815 3544 966 3597 φασι,
1019 3531 1114 3584 καὶ
1145 3532 1213 3604 ἣν
1257 3533 1564 3604 δηλωτικὴν
1615 3538 1715 3607 τῆς
1747 3536 2036 3607 ὑπάρξεως

461 3615 623 3668 αὐτοῦ
651 3618 850 3683 πάντες
877 3619 1220 3692 ὁμολογοῦσι.
1273 3626 1468 3679 Καίτοι
1510 3629 1605 3682 καὶ
1631 3629 1741 3684 τῶν
1779 3631 2038 3688 διδασκά-

459 3706 568 3762 λων
597 3709 741 3772 τινὲς
778 3709 878 3782 τὴν
909 3713 1002 3766 τοῦ
1034 3714 1192 3782 ἁγίου
1238 3717 1558 3787 Πνεῦματος
1581 3724 1911 3794 ὲκπόρευσιν
1943 3727 2037 3782 ἐκ·

456 3799 665 3871 πεμψιν
696 3797 837 3857 εἶναι
883 3803 1229 3862 διδάσκωσιν
1262 3809 1453 3875 ἀΐδιον.
1498 3813 1658 3868 τοῦτο
1694 3815 1793 3885 μὶν
1822 3819 1850 3872 ὁ
1882 3818 2031 3874 Θαυ-

460 3892 767 3964 ματουργδς
791 3894 1113 3969 Γρηγόριος,
1147 3900 1305 3955 τοῦτο
1335 3901 1393 3955 δὲ
1431 3903 1733 3976 Γρηγόριος
1771 3911 1801 3963 6
1842 3911 2036 3967 Θεολόο

455 4000 573 4052 γος,
599 3986 627 4038 6
651 3986 751 4057 μὲν
767 3987 825 4040 ἐν
851 3987 1016 4060 λόγῳ,
1046 3984 1107 4044 οῦ
1129 3995 1162 4065 ἡ
1185 3993 1350 4065 ἀρχὴ,
1385 3997 1701 4066 Ἕχθιστοι
1722 4003 1824 4056 καὶ
1845 4003 2039 4060 ἁλλό-

456 4093 625 4146 τριοι,
660 4079 906 4147 φάσκων,
935 4100 955 4134 ι
985 4081 1321 4156 ’Δγιννήτως
1353 4089 1451 4157 μὲν
1481 4090 1633 4154 ὄντος
1669 4094 1762 4148 τοῦ
1793 4095 2035 4166 Πατρὸς,

457 4168 808 4240 γεννηθέντος
845 4171 902 4226 δὲ
954 4171 1048 4226 τοῦ
1091 4174 1221 4227 Υίοῦ
1267 4177 1336 4229 ἐκ
1380 4178 1475 4230 τοῦ
1534 4181 1769 4252 [lat-96;,
1829 4185 1926 4240 τοῦ
1976 4204 2036 4240 τε

458 4259 771 4330 Πνεῦματος
802 4263 868 4316 ὲκ
895 4263 991 4336 τῆς
1012 4263 1196 4329 οὐσίας
1221 4265 1317 4319 τοῦ
1351 4267 1565 4341 Πατρός
1587 4273 1654 4324 δι’
1681 4271 1811 4326 Υίοῦ
1849 4274 2036 4338 ἀϊδίως

455 4351 894 4423 ὲκπεμφθέντος·
935 4372 953 4404 ι
986 4357 1013 4408 6
1043 4355 1100 4410 δὲ
1127 4357 1187 4410 ὲν
1225 4357 1304 4429 τῷ
1333 4361 1472 4430 πρὸς
1504 4363 1732 4435 Ἥρωνα
1759 4369 1851 4420 τὸν
1879 4367 2034 4437 φιλό-

457 4457 645 4512 σοφον,
684 4443 816 4499 ἴδιον
853 4445 948 4500 τοῦ
995 4447 1152 4516 ἁγίου
1212 4451 1532 4520 Πνεύματος
1590 4457 1691 4528 τὴν
1747 4457 2033 4530 ἔκπεμψιν

2154 613 2530 669 exsistentiam
2588 613 2836 669 habere?
2895 620 3060 682 atque
3106 626 3164 666 ea
3225 611 3419 682 magis,
3475 626 3586 680 quo
3638 626 3736 679 per

2153 704 2394 760 Verbum
2459 704 2623 759 Pater
2674 702 2978 774 productor
3029 702 3270 771 Spiritus
3315 715 3348 755 ι
3399 701 3735 756 Damasceno

2153 797 2339 852 dictus
2385 805 2494 851 est.
2520 797 2577 850 Si
2625 795 2772 851 enim
2817 791 2952 848 illud
3014 809 3114 862 per
3165 792 3366 847 Filium
3416 806 3536 845 esse
3595 790 3732 843 facta

2153 889 2376 953 omnia,
2425 898 2692 957 quantum
2748 885 2945 940 attinet
3019 872 3579 954 ad'prtepositionem
3644 897 3736 949 per

2151 980 2316 1035 etiam
2347 979 2544 1034 Filium
2583 993 2754 1032 unum
2804 975 3152 1031 conditorem
3203 983 3368 1045 atque
3427 981 3731 1028 creatorem

2154 1080 2338 1121 rerum
2371 1080 2496 1121 cum
2530 1066 2712 1129 Patre,
2744 1065 2922 1127 docet,
2959 1072 3014 1118 et
3056 1062 3332 1130 exprimit,
3368 1071 3428 1116 ut
3461 1061 3735 1117 catholica

2151 1159 2290 1215 ﬁdes
2329 1159 2555 1225 fatetur,
2593 1157 2873 1227 quomodo
2925 1155 2981 1210 in
3034 1170 3296 1224 processu
3353 1153 3521 1208 dit-ini
3564 1153 3736 1223 Spiri-

2155 1263 2262 1314 tus,
2301 1267 2410 1306 non
2437 1252 2604 1306 etiam
2658 1249 2833 1304 Filius
2873 1250 2994 1318 ejus
3035 1261 3305 1301 concausa
3341 1246 3637 1312 exstiterit,
3677 1254 3735 1300 et

2151 1357 2258 1396 una
2290 1357 2455 1397 causa
2491 1342 2563 1396 sit
2596 1341 2813 1396 Patrem
2869 1339 3255 1408 productorem
3293 1335 3500 1390 habens
3529 1350 3630 1404 per
3673 1349 3735 1388 se

2116 1455 2120 1460 -
2152 1436 2331 1505 ipsum
2367 1434 2612 1500 Spiritus
2632 1433 2737 1487 sibi
2769 1429 3293 1487 consubstantialis?
3326 1426 3732 1482 Doceantenim

2150 1545 2273 1594 nos,
2302 1529 2583 1600 quomodo
2608 1529 2664 1582 in
2719 1525 2980 1581 omnibus
3021 1541 3125 1596 per
3174 1523 3374 1579 Filium
3413 1521 3612 1577 Creatis
3647 1521 3734 1576 Fi-

2150 1623 2258 1678 lius
2297 1623 2471 1693 magis
2506 1622 2577 1676 sit
2630 1622 2961 1691 conjunctus
3016 1616 3162 1672 Patri
3211 1618 3318 1674 :in
3377 1615 3733 1686 processione

2149 1732 2283 1771 vero
2323 1732 2424 1785 per
2479 1715 2675 1768 Filium
2736 1713 2807 1766 sit
2845 1709 3188 1780 disjunetus?
3235 1709 3288 1762 in
3336 1722 3445 1778 quo
3485 1706 3734 1762 fortassis

2151 1809 2348 1877 aliquis
2397 1806 2620 1870 dixerit,
2671 1807 2835 1860 etiam
2873 1803 3134 1873 majorem
3167 1799 3576 1871 eonjuctionem
3610 1811 3733 1852 esse

2147 1910 2424 1970 oportere.
2451 1898 2586 1953 Cum
2627 1913 2694 1951 cx
2740 1893 3018 1951 communi
3083 1899 3140 1948 et
3201 1890 3384 1946 divina
3422 1889 3733 1944 substantia

2146 1993 2309 2048 Pater
2353 2000 2412 2045 et
2448 1990 2620 2044 Filius
2649 1988 2957 2058 producant
3009 1984 3273 2054 Spiritum
3325 1991 3598 2044 sanctum,
3632 1981 3728 2049 qui

2145 2094 2200 2138 et
2229 2083 2344 2152 ipse
2377 2081 2624 2151 ejusdem
2654 2079 2870 2135 exsistit
2903 2073 3246 2141 substantiae,
3274 2076 3328 2130 in
3366 2073 3733 2144 productione

2146 2183 2330 2228 autem
2381 2181 2766 2228 creaturarum
2827 2184 2939 2224 non
2994 2183 3059 2223 ex
3103 2167 3382 2223 communi
3423 2164 3733 2220 substantia

2145 2280 2241 2320 eas
2273 2263 2618 2335 producant;
2652 2273 2886 2332 quarum
2943 2268 3147 2315 natura
3198 2269 3280 2314 est
3311 2274 3339 2312 a
3371 2257 3554 2312 divina
3578 2254 3735 2326 peni-

2148 2367 2239 2411 tus
2275 2355 2504 2411 aliena?
2537 2353 2659 2409 Non
2691 2355 2862 2424 igitur
2915 2361 3118 2422 posset»
3146 2351 3347 2420 aliquis
3384 2349 3592 2412 dicere,
3623 2345 3732 2400 nisi

2147 2446 2411 2510 insaniat,
2445 2444 2593 2514 quod
2655 2443 2921 2498 nimirum
2979 2442 3113 2496 illud
3172 2457 3270 2510 per
3302 2439 3500 2494 Filium
3535 2451 3732 2508 proce-

2147 2540 2301 2603 dere,
2337 2553 2436 2607 per
2489 2535 2690 2591 Filium
2745 2535 2998 2590 exhiberi
3057 2532 3347 2603 signiﬁcat.
3400 2531 3521 2584 Non
3583 2529 3733 2581 enim

2147 2640 2362 2686 tantum
2417 2642 2516 2700 per
2549 2629 2751 2683 Filium
2802 2628 2921 2682 dari
2974 2641 3073 2681 seu
3128 2624 3296 2688 mitti,
3326 2637 3420 2676 seu
3456 2619 3666 2690 erogari
3699 2631 3732 2675 a

2147 2721 2469 2777 doctoribus
2503 2721 2730 2786 dicitur,
2763 2733 2944 2788 neque
2983 2719 3053 2772 de
3095 2717 3185 2770 bis
3212 2728 3360 2768 nunc
3389 2713 3732 2782 disputamus

2149 2811 2424 2882 (quamvis
2449 2819 2505 2866 et
2537 2811 2715 2880 ipsum
2763 2808 3124 2871 demonstret,
3159 2821 3257 2874 per
3288 2804 3486 2859 Filium
3530 2814 3731 2871 proce-

2146 2905 2300 2967 dere,
2354 2912 2411 2958 et
2443 2901 2826 2957 exsistentiam
2859 2900 3088 2953 habere.
3129 2899 3252 2951 Non
3284 2898 3433 2950 enim
3484 2892 3731 2963 profecto

2147 3012 2244 3067 per
2284 2994 2484 3050 Filium
2537 2994 2870 3054 mitteretur,
2907 2991 3014 3044 nisi
3051 3005 3148 3060 per
3185 2989 3365 3058 ipsum
3398 2986 3552 3057 prius
3581 2981 3730 3039 exsi-

2147 3086 2407 3142 stentiam
2440 3084 2694 3148 haberet,
2726 3081 3030 3140 secundum
3075 3095 3240 3149 quam
3271 3079 3338 3133 ab
3362 3087 3568 3133 aeterno
3605 3089 3730 3146 pro-

2148 3177 2350 3234 cedens
2394 3177 2454 3232 in
2505 3185 2773 3246 tempore.
2805 3176 2880 3230 ita
2917 3189 2978 3231 se
3025 3174 3231 3229 habere
3281 3171 3354 3226 ab
3409 3168 3730 3224 hominibus

2151 3269 2521 3342 dignoscitur.
2553 3266 2686 3336 Qum
2729 3281 2864 3334 sane
2897 3265 3141 3337 cognitio
3159 3260 3554 3334 magnitudinis
3586 3260 3729 3331 ejus,

2147 3371 2314 3429 atque
2343 3359 2680 3418 exsistentiae
2727 3358 2921 3414 missio
2965 3357 3034 3412 ad
3067 3355 3342 3420 homines,
3368 3363 3419 3409 et
3452 3353 3521 3408 ab
3548 3351 3730 3407 homi-

2146 3453 2310 3508 nibus
2341 3449 2591 3509 diciturl.
2621 3448 2728 3504 Sed
2766 3465 2917 3505 nunc
2943 3463 3127 3504 sermo
3151 3457 3236 3503 est
3260 3447 3329 3502 de
3355 3445 3598 3502 dictione
3637 3441 3728 3496 illa

2148 3546 2475 3617 procedere,
2513 3543 2820 3601 secundum
2853 3558 3018 3615 quam
3053 3558 3121 3599 ex
3175 3541 3338 3596 Patre
3392 3554 3489 3608 per
3529 3535 3730 3593 Filium

2147 3639 2450 3711 procedere
2497 3639 2688 3699 aiunt.
2736 3647 2793 3693 et
2861 3653 3027 3708 quam
3077 3635 3543 3692 manifestativam
3606 3647 3732 3689 esse

2146 3733 2478 3791 exsistentiae
2507 3734 2627 3805 ejus
2653 3746 2848 3788 omnes
2871 3730 3132 3795 fatentur,
3173 3729 3428 3800 quamvis
3476 3723 3729 3782 nonnulli

2147 3825 2439 3882 doctorum
2476 3824 2887 3896 processionem
2920 3823 3096 3878 sancti
3120 3821 3355 3890 Spiritus
3377 3817 3730 3874 emissionem

2147 3925 2558 3973 seseinter-nam
2610 3915 2866 3978 doceant,
2887 3912 3098 3983 partim
3157 3911 3382 3981 quidem
3429 3907 3728 3980 Gregorius

2147 4009 2615 4078 Thaumaturgus,
2651 4005 2853 4075 partim
2885 4018 3020 4059 vero
3065 4002 3364 4073 Gregorius
3393 4000 3722 4070 Theologus.

2145 4099 2300 4153 Alter
2344 4095 2570 4166 quidem
2605 4095 2662 4150 in
2703 4094 2978 4159 oratione,
3018 4096 3176 4166 cujus
3212 4093 3428 4148 initium
3465 4111 3479 4148 :
3537 4091 3728 4148 Inimi-

2146 4188 2371 4253 ciuimi,
2401 4195 2563 4256 atque
2613 4185 2801 4251 alieni,
2831 4185 3088 4256 inquiens
3114 4202 3129 4242 :
3176 4203 3194 4237 ι
3229 4184 3367 4240 Cum
3397 4184 3470 4240 sit
3501 4185 3727 4256 quidem

2143 4277 2303 4332 Pater
2331 4277 2630 4346 ingenitus,
2661 4277 2834 4332 Filius
2877 4277 3009 4332 vero
3038 4292 3106 4330 ex
3137 4277 3299 4332 Patre
3329 4277 3575 4348 genitus,
3599 4276 3728 4344 Spi-

2143 4367 2285 4422 ritus
2312 4381 2532 4437 quoque
2583 4381 2656 4422 ex
2681 4366 2994 4424 substantia
3027 4366 3206 4423 Patris
3255 4382 3355 4438 per
3400 4367 3602 4423 Filium
3654 4369 3725 4423 ab

2141 4465 2350 4515 interno
2383 4459 2642 4514 emissus.
2681 4478 2701 4512 ι
2734 4460 2888 4516 Alter
2911 4475 3043 4515 vero
3073 4461 3128 4515 in
3150 4461 3409 4516 oratione
3441 4460 3511 4515 ad
3543 4458 3724 4515 Hero-

452 4533 644 4590 είπών.
666 4536 730 4590 Εἰ
763 4536 944 4591 τοίνυν
973 4538 1065 4592 τοῦ
1099 4539 1256 4608 ἁγίου
1282 4541 1600 4614 Πνεῦματος
1621 4547 1721 4620 τὴν
1755 4549 2032 4622 ἔκπεμψιν

2145 4568 2266 4609 nem
2317 4552 2730 4623 philosophum,
2773 4553 3055 4623 propriam
3090 4553 3267 4608 sancti
3301 4552 3538 4623 Spiritus
3559 4553 3727 4607 emis-

450 4626 623 4680 ἀΐδιον
649 4630 745 4684 καὶ
767 4629 1006 4702 ἰδιότητα
1035 4631 1127 4686 τοῦ
1150 4634 1468 4705 Πνεύματός
1499 4655 1658 4706 φασι,
1688 4640 1804 4704 πῶς
1836 4643 1936 4697 οὐκ
1963 4642 2030 4698 ἂν

452 4717 689 4787 εὐλόγως
729 4722 764 4791 ἠ
796 4720 1096 4792 ἐκπεμψις,
1153 4726 1250 4780 καὶ
1307 4728 1446 4781 κατὰ
1501 4731 1662 4786 τοῦτο
1703 4735 2032 4806 ὲκπόρευσις

451 4809 537 4879 εἴη
572 4811 670 4864 καὶ
723 4811 969 4881 λέγοντος
1012 4817 1164 4888 Πλὴν
1194 4819 1244 4870 εί
1278 4821 1354 4889 μὴ
1407 4823 1501 4877 οιαὶ
1537 4823 1637 4894 τὴν
1696 4827 2032 4898 ὲκπόρευσιν

427 4903 710 4976 ’χρονικὴν
739 4903 878 4961 εἶναι
905 4908 1052 4978 λέγοι
1083 4927 1196 4975 τις·
1226 4911 1258 4982 ἢ
1288 4914 1466 4968 καὶτὸ
1489 4915 1746 4989 ἐγχρονον
1763 4919 1858 4974 τοῦ
1887 4921 2030 4994 ὑπὲρ

449 4996 640 5065 χρόνον
672 4997 879 5068 τίθησιν
904 5001 1075 5054 αῐτιον
1095 5017 1110 5033 ο
1141 5004 1235 5058 καί
1255 5021 1377 5058 τινα
1396 5010 1508 5071 τοῖς
1525 5009 1687 5074 θείοις
1716 5011 2028 5082 προσώποις

447 5087 866 5159 ἐπισυμϐαίνειν
894 5093 1079 5157 οίοιτο,
1109 5098 1204 5149 καὶ
1252 5097 1407 5152 πάντ’
1429 5100 1511 5165 είς
1545 5101 1740 5159 ἑαυτὸν
1761 5106 1829 5158 τὰ
1872 5107 2028 5178 εἰρη-

453 5179 593 5248 μένα
630 5181 738 5236 τῶν
761 5184 978 5237 ἀτόπων
1003 5187 1352 5258 ὲπισωρεύοι.

529 5447 689 5502 Ἀλλὰ
719 5449 814 5504 καὶ
839 5449 1000 5504 τοῦτο
1026 5451 1309 5520 παντελῶς
1334 5455 1520 5520 αὐτοῖς
1547 5457 1739 5523 ἕωλον,
1761 5461 1790 5514 ὃ
1821 5480 2014 5532 φασιν,

440 5537 517 5603 ὡς
542 5543 592 5594 εί
616 5541 676 5595 τὸ
698 5543 924 5613 Πνεῦμα
954 5544 1019 5598 τὺ
1048 5547 1204 5615 ἅγιον
1225 5548 1290 5601 ὲκ
1315 5549 1411 5620 τῆς
1444 5551 1635 5616 οὐσίας
1669 5553 1763 5608 τοῦ
1800 5556 2019 5626 Πατρὸς

443 5633 538 5684 καὶ
587 5632 684 5686 τοῦ
748 5633 878 5688 Υἰοῦ
919 5638 1059 5703 ἐστι,
1103 5639 1192 5692 διὰ
1242 5641 1303 5694 τὸ
1350 5643 1483 5710 μίαν
1533 5639 1678 5698 εῖναι
1708 5645 1817 5698 τῶν
1848 5647 2018 5717 τριῶν

2137 4649 2348 4703 sionem
2385 4661 2660 4702 asserens.
2687 4645 2746 4700 Si
2793 4645 2960 4716 igitur
2989 4645 3230 4715 Spiritus
3259 4645 3434 4701 sancti
3473 4645 3728 4701 emissio-e

2138 4753 2262 4794 nem
2327 4744 2610 4801 aeternam,
2663 4745 2721 4792 et
2781 4736 3177 4807 proprietatem
3235 4735 3478 4806 Spiritus
3542 4734 3724 4798 aiunt,

2137 4827 2420 4900 quomodo
2449 4841 2562 4882 non
2593 4825 2794 4882 merito
2822 4826 3048 4882 emissio
3071 4826 3240 4881 etiam
3265 4825 3574 4882 secundum
3621 4826 3730 4880 hoe

2131 4919 2413 4992 processio
2440 4927 2610 4984 esset,
2645 4932 2712 4974 ac
2745 4918 3060 4974 diceretur?
3087 4918 3201 4973 Nisi
3228 4919 3355 4989 quis
3383 4919 3550 4973 etiam
3591 4931 3722 4988 pro-

2131 5009 2440 5066 cessionem
2468 5007 2524 5060 in
2561 5015 2809 5076 tempore
2841 5020 2972 5062 esse
2996 5005 3241 5072 dixerit;
3272 5015 3332 5062 et
3366 5007 3515 5076 quod
3542 5015 3626 5061 est
3666 5005 3724 5060 in

2131 5110 2382 5168 tempore
2409 5097 2575 5162 illius,
2596 5097 2741 5166 quod
2773 5106 2857 5152 est
2891 5107 3017 5151 ante
3047 5112 3209 5152 omne
3241 5107 3478 5168 tempus,
3501 5111 3720 5151 causam

2125 5207 2248 5249 esse
2271 5193 2554 5262 posuerit;
2585 5200 2644 5246 et
2671 5191 2936 5245 nonnulla
2963 5190 3165 5245 divinis
3188 5190 3442 5260 personis
3465 5189 3719 5244 accidere
3825 5205 3837 5216 θ’

2125 5285 2424 5354 putaverit,
2456 5293 2622 5354 atque
2649 5284 2861 5351 omnia,
2901 5298 3023 5353 quae
3045 5281 3188 5339 dicta
3227 5291 3358 5340 sunt
3391 5282 3628 5338 absurda
3664 5283 3720 5342 in

2124 5388 2186 5428 se
2219 5375 2335 5444 ipse
2365 5376 2820 5431 accumulaverit.

2195 5465 2304 5522 Sed
2353 5475 2412 5522 et
2461 5467 2598 5523 illud
2648 5468 2814 5522 nimis
2864 5467 3126 5538 frigidum
3172 5477 3279 5532 est,
3335 5467 3481 5538 quod
3536 5467 3716 5525 aiunt.

2126 5561 2276 5629 quod
2311 5560 2356 5614 si
2418 5559 2658 5630 Spiritus
2707 5571 2936 5617 sanctus
2985 5577 3055 5617 ex
3117 5562 3419 5616 substantia
3451 5561 3629 5615 Patris
3665 5568 3722 5614 et

2131 5652 2261 5706 Filii
2287 5659 2394 5716 est,
2419 5667 2488 5707 eo
2515 5653 2663 5721 quod
2703 5653 2775 5707 sit
2801 5668 2911 5708 una
2936 5653 3178 5708 essentia
3211 5651 3399 5716 trium,
3428 5660 3643 5721 oportet
3664 5659 3719 5706 ct

439 5718 652 5815 οὐσίαν,
691 5721 774 5815 δεῖ
805 5725 902 5779 καὶ
930 5726 1064 5779 αὐτὸ
1116 5727 1176 5793 ἐξ
1219 5729 1417 5784 ἑαυτοῦ
1447 5732 1736 5806 ὑπάρχειν.
1788 5738 2016 5808 Πρῶτον

2145 5759 2306 5814 psum
2331 5758 2398 5798 ex
2421 5759 2481 5800 se
2505 5744 2790 5802 exsistere.
2815 5746 2950 5801 Nam
2982 5746 3220 5814 primum
3251 5744 3473 5815 quidem
3497 5760 3604 5799 non
3633 5753 3719 5799 est

444 5808 543 5880 μὲν
568 5811 674 5882 γὰρ
702 5814 800 5867 οὐκ
836 5815 1052 5888 ἀνάγκη
1081 5819 1150 5874 τὰ
1178 5820 1273 5875 τοῦ
1310 5824 1526 5896 Πατρὸς
1556 5828 1651 5880 καὶ
1677 5826 1807 5882 Υίοῦ
1834 5830 2012 5884 πάντα

2145 5849 2364 5898 necesse,
2408 5844 2466 5890 ut
2496 5835 2698 5899 Lemnia
2757 5851 2878 5897 (tua:
2939 5846 3070 5891 sunt
3127 5835 3444 5892 communia
3467 5835 3615 5890 Patri
3652 5851 3714 5896 ac
