4036 6472
325 411 432 476 923

1592 407 1981 472 DEMETRII
2023 406 2343 471 CYDON-II

3176 350 3259 395 -
3492 403 3602 468 9%

325 525 488 588 Filio,
535 523 647 578 sint
681 522 848 578 etiam
902 520 1157 593 Spiritui,
1199 523 1447 594 exceptis
1503 521 1575 579 iis
1622 538 1746 592 quae
1775 531 1912 579 sunt

2026 523 2182 577 κοινά
2222 515 2366 576 εἶναι
2408 520 2504 574 καὶ
2560 517 2641 588 τῷ
2696 515 2998 588 Πνεύματι,
3029 513 3172 585 πλὴν
3200 514 3311 570 τῶν
3341 513 3608 570 ἀπολελυ-

323 617 600 670 absoluta.
628 614 755 669 Hisce
805 614 953 668 enim
1003 614 1376 670 communiter
1404 621 1570 684 atque
1607 613 1914 670 incommu-

326 705 574 760 tabiliter
625 714 684 758 ut
721 704 815 758 uni
870 705 949 759 rei
982 707 1156 760 tribus
1194 705 1425 772 insunt;
1460 719 1583 775 qua;
1620 714 1805 760 autem
1833 720 1920 761 se-

323 807 577 866 quuntur
611 797 946 864 personalia,
974 808 1029 850 et
1076 796 1444 867 hypostatica,
1471 811 1580 851 non
1613 796 1694 850 sic
1724 811 1786 852 se
1817 797 1917 851 ha-

323 889 454 943 bere
502 904 742 942 necesse
790 898 893 942 est.
943 887 1169 944 Clarum
1228 897 1416 943 autem
1473 897 1558 944 est
1616 888 1749 944 illud
1795 903 1918 944 esse

328 980 553 1047 quidem
601 988 918 1044 causatum,
967 979 1184 1034 duabus
1250 987 1462 1034 tantum
1520 980 1776 1050 personis
1808 989 1913 1043 est.

324 1069 475 1124 Patri
521 1077 704 1123 autem
749 1070 1020 1134 minime;
1075 1079 1133 1124 et
1173 1069 1310 1124 illud
1361 1068 1586 1138 quidem
1641 1068 1784 1134 dari,
1817 1084 1918 1124 seu

325 1161 472 1216 mitti
508 1160 778 1230 Spiritum
824 1169 1102 1226 sanctum,
1126 1161 1277 1216 Patri
1309 1177 1373 1216 ac
1409 1160 1549 1216 Filio
1577 1160 1914 1231 assignatur,

323 1253 438 1322 ipse
467 1268 602 1306 vero
630 1251 872 1318 Spiritus
925 1267 1036 1307 non
1069 1251 1276 1307 dicitur
1307 1268 1366 1306 se
1418 1253 1596 1321 ipsum
1629 1252 1784 1316 dare,
1822 1262 1917 1308 aut

325 1345 568 1398 mittere.
616 1344 826 1397 Deinde
871 1344 1338 1414 quemadmodum
1406 1345 1580 1400 Filius
1629 1359 1698 1399 ex
1756 1345 1916 1400 Patre

322 1438 575 1505 generari
645 1437 872 1500 dicitur,
917 1447 976 1491 et
1031 1453 1142 1491 una
1196 1438 1506 1492 substantia
1554 1449 1638 1494 est
1673 1439 1834 1493 Pater
1862 1443 1918 1492 et

323 1529 518 1588 Filius.
547 1545 656 1583 non
701 1538 881 1585 tamen
917 1538 1211 1599 propterea
1252 1529 1477 1595 dicitur,
1506 1544 1684 1599 neque
1713 1528 1918 1600 reperi-

330 1632 421 1674 tur
457 1620 631 1677 Filius
665 1637 735 1676 ex
780 1621 1097 1676 substantia
1143 1637 1243 1677 sua
1294 1622 1566 1691 generari,
1605 1621 1702 1677 sed
1737 1637 1916 1691 neque

324 1715 542 1770 Patrem
575 1729 638 1792 ea
673 1715 982 1770 substantia
1029 1730 1152 1770 esse
1189 1713 1336 1768 Filii.
1372 1713 1485 1769 Hoc
1525 1715 1674 1769 enim
1712 1716 1767 1767 in
1797 1709 1918 1769 Tri-

323 1808 494 1860 nitate
549 1805 860 1861 divinarum
913 1821 1275 1875 personarum
1325 1805 1577 1860 ordinem
1620 1805 1912 1874 pervertit.

2029 616 2209 687 μένων
2254 613 2398 684 φημί
2449 613 2623 668 ταῦτα
2670 612 2779 682 γάρ
2812 610 3006 674 κοινῶς
3041 609 3138 664 καὶ
3169 609 3610 680 ἀπαραλλάκτως

2027 708 2143 770 τοῖς
2177 707 2382 776 τρισὶν,
2427 706 2505 768 ὡς
2546 703 2630 758 ἐνὶ
2670 703 2957 773 πράγματι
2985 701 3244 772 ὑπάρχει.
3286 701 3376 754 Τὰ»
3413 699 3470 753 δέ
3497 701 3609 763 τοῖς

2025 799 2406 870 προσωπικοῖς
2453 796 2550 853 καὶ
2595 797 2988 859 ὐποστατικοῖς
3021 797 3270 864 ἑπόμενα
3301 794 3402 864 οὐχ
3433 793 3606 856 οὕτως

2025 891 2174 962 ἔχειν
2200 889 2440 960 ἀνάγκη.
2482 890 2652 960 Δῆλον
2695 889 2752 943 δέ
2775 889 2808 922 ⁶“
2831 887 2894 942 τὸ
2923 890 3020 958 μὲν
3059 887 3303 941 αίτιατὸν
3337 887 3447 949 τοῖς
3478 885 3606 938 δυσὶ

2025 981 2346 1054 προσώποις
2377 983 2520 1048 ἐστὶ,
2553 981 2632 1052 τῷ
2657 981 2714 1035 δὲ
2761 980 2939 1052 Πατρὶ
2970 978 3252 1048 οὐδαμῶςο
3282 977 3377 1033 καὶ
3406 977 3468 1030 τὸ
3505 976 3606 1047 μὲν

2023 1075 2290 1142 δίδοσθαι,
2313 1075 2347 1147 ἢ
2378 1074 2700 1146 πέμπεσθαι
2725 1073 2786 1127 τὸ
2810 1073 3033 1142 Πνεῦμα
3061 1070 3124 1125 τδ
3154 1070 3310 1138 ἅγιον
3335 1069 3412 1139 τῷ
3430 1068 3606 1140 Πατρὶ

2028 1165 2128 1220 καὶ
2161 1166 2240 1237 τῷ
2273 1165 2389 1236 Υίῷ
2439 1166 2777 1220 ἀποδίδοταιο
2811 1163 2954 1218 αὐτδο
2991 1163 3048 1216 δὲ
3086 1164 3146 1216 οὐ
3182 1161 3406 1230 λέγεται
3443 1159 3608 1214 ὲαυτδ

2023 1260 2290 1332 διδόναιῆ
2327 1258 2596 1330 πέμπειν.
2625 1259 2882 1323 Ἔπειτα,
2931 1254 3124 1325 ὥσπερ
3161 1256 3189 1308 ό
3241 1254 3367 1316 Υίδς
3416 1252 3480 1306 ἐκ
3510 1249 3608 1305 τοῦ

2025 1352 2243 1423 Πατρδς
2291 1352 2588 1420 γεννᾶσθαι
2640 1351 2883 1419 λέγεται,
2941 1349 3035 1402 καὶ
3093 1348 3192 1418 μία
3250 1346 3410 1399 οὐσία
3459 1345 3610 1399 ἐστὶν

2038 1443 2099 1498 '0
2128 1445 2322 1516 Πατὴρ
2350 1446 2448 1498 καὶ
2487 1447 2516 1497 ὁ
2543 1443 2693 1510 Υἱὸς,
2726 1443 2789 1496 οὐ
2829 1441 2921 1495 διὰ
2950 1438 3111 1494 τοῦτο
3145 1439 3333 1509 μέντοι
3367 1436 3606 1506 λέγεται,

2025 1536 2148 1591 οὐδέ
2179 1535 2409 1606 εὕρηται
2442 1535 2536 1589 τὸν
2575 1534 2704 1589 Υίὺν
2741 1535 2805 1588 ἐκ
2828 1532 2926 1605 τῆς
2949 1531 3139 1594 οὐσίας
3181 1527 3378 1583 ἑαυτοῦ
3419 1531 3610 1598 γεννᾶ-

2027 1626 2175 1692 σθαι,
2213 1625 2333 1679 ἀλλ’
2371 1624 2496 1678 οὐδὲ
2529 1625 2622 1679 τὸν
2673 1623 2898 1694 Πατέρα
2958 1621 3024 1674 ὲκ
3072 1623 3174 1690 τῆς
3230 1619 3418 1682 οὐσίας
3469 1613 3607 1673 εἶναι

2023 1717 2119 1771 τοῦ
2175 1717 2332 1785 Υίοῦ,
2392 1716 2556 1771 τοῦτο
2606 1715 2716 1787 γὰρ
2781 1715 2886 1786 τὴν
2939 1715 2998 1768 ἐν
3045 1711 3241 1785 Τριάδι
3293 1710 3404 1764 τῶν
3448 1709 3603 1764 θείων

2025 1810 2334 1881 προσώπων
2389 1810 2545 1876 τάξιν
2588 1809 2901 1880 ἀνατρέπει
2927 1821 2941 1836 ⁶
2989 1805 3084 1858 τὸν
3129 1806 3248 1859 ἴσον
3285 1802 3480 1872 τρόπον
3505 1801 3594 1857 καὶ

322 1899 405 1953 Ad
435 1899 693 1954 eumdem
746 1898 969 1954 modum
1013 1898 1181 1954 etiam
1210 1899 1280 1954 de
1322 1898 1559 1968 Spiritu,
1596 1899 1642 1952 si
1705 1897 1920 1952 dicatur

2026 1901 2158 1972 περὶ
2196 1900 2290 1954 τοῦ
2349 1901 2678 1971 Πνεύματος
2709 1938 2725 1964 ,
2783 1899 2833 1952 εί
2872 1897 3088 1965 λέγοιτο
3140 1895 3206 1948 ἐκ
3265 1892 3366 1962 τῆς
3421 1892 3597 1954 οὐσίας

329 2008 396 2044 ex
429 1991 738 2046 substantia
800 2006 922 2046 esse
962 1990 1140 2046 Patris
1193 1998 1248 2045 et
1292 1988 1440 2054 Filii,
1471 1999 1621 2043 certe
1655 2002 1758 2042 non
1795 2001 1920 2056 pro-

326 2092 515 2153 pterea
544 2097 770 2138 necesse
801 2091 906 2146 est,
943 2091 1003 2136 ut
1027 2082 1194 2137 etiam
1237 2097 1303 2136 ex
1329 2080 1641 2137 substantia
1667 2094 1765 2134 sua
1789 2093 1919 2134 esse

324 2175 576 2240 dicatur;
609 2175 871 2245 quoniam
905 2175 1056 2229 nulla
1087 2189 1324 2244 persona
1358 2173 1453 2228 dat
1477 2172 1584 2228 sibi
1613 2171 1921 2227 subsisten-

326 2267 456 2322 tiam
483 2284 496 2328 ;
535 2282 713 2336 neque
744 2268 862 2338 ipse
893 2268 977 2322 sui
1020 2268 1198 2338 ipsius
1225 2275 1313 2321 est
1358 2279 1546 2331 causa,
1565 2265 1721 2336 juxta
1752 2278 1918 2334 quam

327 2375 461 2414 sane
492 2361 762 2414 rationem
823 2375 1002 2429 neque
1062 2359 1307 2428 Spiritus
1357 2373 1418 2413 se
1475 2358 1656 2427 ipsum
1687 2356 1804 2422 dat,
1834 2355 1919 2410 vel

331 2450 525 2504 mittit.
552 2450 692 2504 Mitti
718 2458 903 2504 autem
951 2465 1182 2504 necesse
1215 2458 1300 2504 est
1339 2448 1407 2503 ab
1429 2463 1517 2513 eo,
1553 2464 1584 2502 a
1616 2461 1727 2516 quo
1753 2446 1919 2502 etiam

325 2543 712 2598 exsistentiam
749 2541 958 2606 habet;
995 2541 1241 2611 alioquin
1295 2550 1507 2596 tantum
1543 2557 1574 2595 a
1602 2539 1741 2595 Filio
1784 2540 1919 2594 mis-

335 2647 454 2697 sus,
486 2649 596 2687 non
625 2641 809 2687 tamen
833 2641 890 2688 et
919 2633 990 2688 ab
1016 2634 1135 2702 ipso
1167 2634 1469 2703 accipiens,
1495 2635 1695 2689 Filium
1731 2643 1922 2690 osten-

331 2727 512 2791 deret,
558 2741 666 2778 non
709 2725 916 2792 omnia,
965 2741 1089 2794 qua:
1124 2725 1302 2781 Patris
1360 2734 1509 2792 sunt,
1544 2742 1670 2782 eum
1718 2726 1920 2780 habere

326 2817 887 2883 incommutabiliter;
943 2833 1125 2886 neque
1201 2834 1552 2873 communem
1634 2818 1920 2872 amborum

331 2913 603 2984 Spiritum
641 2923 893 2968 sanctum
931 2913 1219 2983 aequaliter
1250 2914 1382 2983 ipsis
1423 2928 1568 2970 esse.
1596 2912 1749 2967 itane
1790 2927 1924 2968 vero

330 3021 548 3076 acquum
577 3007 774 3060 esset?
807 3006 901 3076 qui
933 3016 1020 3061 est
1046 3007 1338 3060 character
1383 3007 1744 3078 liypostaseos
1777 3007 1920 3075 ejus,

327 3107 494 3167 atque
525 3098 706 3169 imago
735 3098 1232 3163 incommutabilis,
1273 3100 1564 3170 Patrisque
1594 3099 1845 3154 deﬁnitio
1865 3108 1924 3153 et

331 3191 608 3246 Verbum?
643 3190 722 3246 Ex
752 3206 866 3262 quo
915 3199 1070 3262 patet
1112 3191 1276 3257 ratio,
1312 3207 1484 3262 quare
1530 3207 1638 3247 non
1669 3191 1922 3246 mittatur
1946 3209 1994 3274 α

327 3283 511 3338 Pater.
543 3282 814 3349 Quoniam
846 3285 997 3338 enim
1032 3290 1296 3353 tanquam
1330 3285 1648 3350 incausatus
1696 3300 1805 3339 non
1836 3295 1922 3340 est

327 3371 398 3426 ab
427 3372 636 3441 aliquo,
670 3372 881 3428 idcirco
923 3388 1104 3441 neque
1137 3373 1207 3428 ab
1239 3372 1426 3443 aliquo
1456 3373 1598 3428 mitti
1645 3373 1700 3428 in
1752 3374 1922 3430 sacris

330 3463 633 3534 Scripturis
656 3479 916 3536 expresse
949 3465 1176 3523 dicitur.
1803 3474 1808 3479 ’

931 3579 1162 3636 CAPUT
1220 3580 1316 3635 XI.

329 3669 484 3734 Quod
527 3670 761 3744 alteram
799 3672 1143 3742 objectionem
1186 3673 1373 3744 iisdem
1406 3672 1664 3742 inferunt,
1696 3689 1815 3744 quae
1845 3684 1921 3728 est

541 3757 605 3794 ea:
635 3743 837 3795 duobus
863 3744 1152 3817 principiis,
1190 3754 1239 3797 et
1272 3742 1431 3813 hujus
1461 3745 1678 3798 solutio.

399 3833 555 3899 Quod
585 3849 718 3888 vero
752 3850 946 3890 rursus
991 3836 1284 3906 objiciunt,
1329 3835 1578 3906 ejusdem
1619 3820 1815 3890 farinae
1839 3844 1927 3890 est

330 3934 715 3993 argumentum
745 3942 759 3990 ;
787 3939 908 3980 esse
938 3927 1085 3980 cnim
1118 3925 1258 3982 duas
1292 3939 1487 3980 causas
1518 3924 1756 3995 Spiritus
1785 3925 1926 3980 falso

338 4015 703 4081 mentiuntur,
733 4015 779 4071 si
834 4017 958 4086 quis
1002 4017 1150 4071 hunc
1198 4031 1266 4070 ex
1320 4015 1630 4084 substantia
1660 4014 1839 4070 Patris
1869 4023 1926 4071 et

334 4105 458 4160 Filii
489 4106 715 4163 dixerit.
744 4108 952 4165 Verum
981 4109 1088 4163 hoc
1133 4125 1244 4164 non
1280 4108 1463 4175 nobis,
1497 4108 1592 4164 sed
1624 4107 1926 4177 Scriptura:

333 4212 500 4272 atque
548 4203 872 4261 doctoribus
903 4206 1168 4276 sobjicere
1200 4221 1301 4276 par
1351 4214 1458 4261 est.
1489 4204 1555 4259 Hi
1588 4203 1735 4260 enim
1772 4212 1923 4269 sunt,

331 4297 428 4365 qui
490 4295 755 4367 Spiritum
800 4313 868 4353 ex
925 4299 1231 4354 substantia
1283 4297 1472 4376 Patris
1528 4307 1586 4353 et
1639 4298 1759 4352 Filii
1800 4312 1925 4353 esse

335 4388 644 4459 tlieologice
675 4390 994 4457 disserunt;
1029 4401 1086 4448 et
1117 4407 1184 4446 ex
1235 4389 1507 4446 ambobus
1538 4391 1704 4456 mitti,
1734 4400 1789 4446 et
1829 4406 1926 4460 per

334 4482 537 4537 Filium
565 4483 887 4552 procedere,
913 4493 1076 4553 atque
1111 4499 1177 4538 ex
1211 4483 1372 4538 Patre
1414 4498 1480 4538 ac
1520 4483 1660 4538 Filio
1690 4499 1832 4549 esse,
1868 4492 1926 4539 et

2020 1989 2168 2049 εἶναι
2199 1992 2294 2046 τοῦ
2325 1994 2537 2061 Πατρδς
2567 1993 2662 2047 καὶ
2686 1992 2782 2046 τοῦ
2817 1993 2975 2056 Υἱοῦ,
3006 1993 3068 2047 οὐ
3099 1993 3275 2062 δήπου
3315 1991 3402 2046 διὰ
3430 1990 3602 2044 ταῦτα

2019 2086 2238 2157 ἀνάγκη
2267 2087 2363 2140 καὶ
2393 2085 2459 2140 ἐκ
2505 2085 2607 2156 τῆς
2635 2086 2826 2149 οὐσίας
2879 2086 3076 2140 ἐαυτοῦ
3133 2085 3391 2154 λέγεσθαι
3438 2082 3602 2138 εἶναι·

2020 2181 2146 2233 ἐπεὶ
2193 2178 2346 2232 οὐδὲν
2393 2177 2689 2249 πρόσωπον
2745 2178 3037 2248 ὐφίστησιν
3077 2178 3270 2243 ἑαυτὸ,
3311 2177 3419 2230 οὐδ’
3447 2176 3613 2239 αὐτὸς

2022 2272 2218 2327 ἐαυτοῦ
2266 2273 2420 2325 ἐστιν
2469 2271 2643 2334 αίτία,
2689 2270 2816 2325 καθ’
2849 2271 2910 2325 ὃν
2957 2271 3022 2342 δὴ
3074 2272 3232 2338 λόγον
3281 2270 3341 2322 τὸ
3379 2268 3609 2338 Πνεῦμα

2021 2367 2144 2420 οὐδὲ
2169 2364 2331 2418 ἑαυτὸ
2356 2363 2576 2418 δίδωσιν
2600 2364 2634 2436 ἢ
2667 2363 2901 2433 πέμπει.
2938 2362 3264 2433 Πέμπεσθαι
3291 2361 3347 2414 δὲ
3384 2362 3601 2432 ἀνάγκη

2022 2459 2156 2528 παρ’
2185 2449 2246 2511 οὗ
2279 2458 2372 2512 καὶ
2402 2457 2500 2528 τὴν
2555 2456 2792 2528 ὕπαρξιν
2843 2457 3000 2528 ἔχει’
3049 2455 3224 2519 ἄλλως
3279 2455 3384 2526 γάρ
3439 2455 3600 2524 μόνον

2022 2550 2172 2620 παρὰ
2230 2548 2324 2603 τοῦ
2361 2549 2492 2604 Υίοῦ
2523 2550 2897 2621 πεμπόμενον,
2947 2549 3008 2602 οὐ
3054 2547 3158 2620 μὴν
3207 2549 3304 2602 καὶ
3348 2546 3407 2611 ἐξ
3437 2545 3601 2602 αὐτοῦ

2024 2642 2322 2713 λαμὸἀνον,
2358 2643 2451 2696 τὸν
2501 2643 2628 2697 Υίὸν
2662 2643 2728 2697 ἂν
2775 2641 2988 2695 ἐδείκνυ
3043 2642 3119 2712 μὴ
3161 2640 3340 2693 πάντα
3392 2640 3461 2693 τὰ
3511 2637 3602 2690 τοῦ

2023 2731 2241 2800 Πατρός
2274 2731 2436 2784 αὐτὸν
2465 2730 2613 2801 ἔχειν
2644 2730 3108 2802 ἀπαραλλάκτως,
3143 2729 3281 2799 μηδὲ
3327 2727 3388 2782 τὸ
3423 2730 3600 2782 κοινὸν

2025 2822 2230 2891 ἀμφοῖν
2265 2821 2422 2889 ἆγιον
2471 2820 2702 2891 Πνεῦμα
2764 2821 2961 2889 ἐπίσης
3011 2821 3198 2885 αὐτοῖς
3236 2813 3400 2875 εἶναι.
3450 2819 3606 2872 Οὕτω

2025 2913 2073 2967 δ’
2105 2913 2173 2967 ἂν
2211 2913 2424 2976 δίκαιος
2450 2909 2537 2984 ἦν,
2570 2915 2628 2976 ὅς
2661 2914 2780 2966 ἐστι
2809 2912 3098 2983 χαρακτὴρ
3127 2913 3225 2979 τῆς
3255 2911 3606 2972 ὑποστάσεως

2025 3003 2218 3070 αὐτοῦ,
2255 3006 2352 3059 καὶ
2399 3005 2566 3059 εἰκὼν
2611 3004 3035 3075 ἀπαράλλακτος
3104 3003 3200 3056 καὶ
3253 3001 3348 3055 τοῦ
3399 3001 3609 3070 Πατρδς

2025 3096 2151 3167 ὅρος
2181 3097 2274 3149 καὶ
2308 3097 2480 3165 Λόγος
2515 3113 2530 3162 ;
2580 3095 2671 3160 Ἐξ
2715 3089 2790 3150 ὧν
2820 3096 2983 3166 δῆλος
3016 3095 3112 3147 καὶ
3139 3096 3168 3147 ὁ
3195 3092 3289 3146 τοῦ
3341 3092 3415 3162 μὴ
3468 3091 3609 3160 πέμ-

2026 3186 2228 3240 πεσθαι
2273 3186 2366 3241 τδν
2399 3186 2623 3257 Πατέρα
2648 3185 2830 3255 λόγος.
2875 3185 3035 3238 Ἐπεὶ
3083 3185 3192 3253 γὰρ
3235 3184 3315 3246 ὡς
3364 3181 3609 3244 ἀναίτιος

2025 3280 2127 3333 οὐκ
2158 3279 2310 3332 ἐστιν
2335 3279 2401 3331 ἐκ
2429 3295 2596 3343 τινος,
2628 3275 2716 3332 διὰ
2749 3277 2915 3331 τοῦτο
2946 3277 3068 3332 οὐδὲ
3099 3275 3252 3344 παρά
3275 3292 3420 3339 τινος
3468 3275 3597 3328 άπο-

2026 3370 2343 3426 στέλλεσθαι
2373 3367 2594 3451 λέγεται
2626 3371 2685 3426 ἐν
2715 3373 2838 3434 ταῖς
2862 3371 3110 3443 Γραφαῖς
3139 3366 3464 3441 διαρρήδην.

2632 3575 2885 3632 ΚΕΦΔΛ.
2922 3573 3029 3629 IA'.

2026 3670 2154 3725 Ὀτι
2193 3669 2292 3725 καὶ
2318 3669 2532 3739 ἑτέραν
2560 3670 2876 3726 ἀντίθεσιν
2900 3669 3028 3736 τοῖς
3059 3669 3266 3735 αὐτοῖς
3312 3666 3610 3739 ἐπάγουσι

2097 3742 2212 3809 τὴν
2243 3741 2362 3796 ἀπὸ
2397 3735 2518 3796 τῶν
2545 3741 2658 3795 δύο
2695 3739 2921 3810 ἀρχῶν,
2957 3740 3057 3794 καὶ
3086 3739 3270 3805 λύσις
3300 3735 3514 3805 αὐτῆς.

2102 3837 2167 3888 Ὃ
2195 3834 2251 3888 δὲ
2290 3834 2485 3906 ἕτερον
2511 3835 3030 3902 ἀντεπάγουσι,ιτῆς
3069 3833 3243 3902 αὐτῆς
3293 3831 3320 3884 ὃ
3349 3832 3411 3900 δὴ
3449 3829 3608 3898 λέγε-

2025 3945 2115 3981 ται
2149 3928 2476 3997 κεραμείαςο
2517 3921 2664 3981 εῖναι
2700 3927 2809 3998 γὰρ
2840 3926 2934 3980 δύο
2967 3925 3120 3980 αῐτια
3147 3923 3243 3979 τοῦ
3285 3921 3610 3993 Πνεύματος
3679 3995 3684 3998 _

2025 4019 2502 4090 καταψεύδονται,
2560 4020 2611 4072 εί
2649 4017 2810 4072 τοῦτό
2847 4035 2934 4081 τις
2981 4020 3046 4072 ἐκ
3102 4017 3207 4087 τῆς
3266 4015 3455 4080 οὐσίας
3513 4014 3606 4070 τοῦ

2026 4111 2239 4182 Πατρὺς
2277 4112 2374 4165 καὶ
2420 4109 2516 4164 τοῦ
2563 4109 2701 4164 Υίοῦ
2754 4110 2926 4179 λέγοι.
2973 4109 3137 4164 Ἀλλὰ
3197 4108 3357 4163 τοῦτό
3413 4125 3474 4177 γε
3508 4109 3611 4179 οὐχ

2025 4205 2178 4275 ἡμῖν,
2210 4205 2278 4273 τῇ
2328 4201 2386 4256 δὲ
2425 4203 2615 4273 Γραφῇ
2662 4203 2757 4255 καὶ
2811 4203 2924 4265 τοῖς
2978 4200 3320 4266 διδασκάλοις
3357 4201 3616 4274 ἐγκαλεῖν⁸

2027 4295 2194 4360 εἰκός.
2218 4288 2378 4348 Οὗτοι
2407 4297 2517 4364 γάρ
2555 4295 2698 4347 εἰσιν
2727 4295 2778 4347 oi
2828 4293 2891 4346 τὸ
2925 4293 3153 4362 Πνεῦμα
3197 4294 3262 4346 ἐκ
3295 4292 3392 4362 τῆς
3422 4291 3607 4354 οὐσίας

2024 4386 2119 4441 τοῦ
2172 4387 2388 4458 Πατρδς
2441 4387 2540 4440 καὶ
2590 4386 2684 4439 τοῦ
2716 4385 2850 4440 Υίοῦ
2898 4381 3046 4439 εἶναι
3079 4382 3611 4453 θεολογοῦντες,καὶ

2028 4479 2161 4551 παρ’
2207 4481 2411 4550 ἀμφοῖν
2462 4480 2805 4550 πέμπεσθαι,
2847 4479 2941 4532 καὶ
2984 4479 3074 4533 διὰ
3123 4479 3219 4533 τοῦ
3267 4476 3400 4530 Υἱού
3446 4478 3610 4530 ἐκπο-

336 4573 392 4628 i‘d
446 4590 641 4644 genus.
688 4575 748 4630 Si
802 4574 972 4645 igitur
1029 4575 1145 4628 lia’c
1199 4575 1336 4630 duos
1371 4576 1616 4642 datores,
1646 4578 1732 4632 vel
1781 4577 1921 4632 duos

2029 4569 2305 4642 ρεύεσθαι,
2343 4570 2437 4624 καὶ
2485 4571 2548 4624 ἐκ
2598 4569 2692 4623 τοῦ
2747 4569 2962 4638 Πατρὸς
3011 4569 3106 4622 καὶ
3145 4567 3238 4621 τοῦ
3280 4565 3412 4621 Υίοῦ
3446 4561 3604 4628 εἶναι,

334 4679 630 4734 processus
687 4674 745 4720 et
798 4681 995 4721 causas
1049 4667 1240 4721 volunt
1300 4667 1634 4738 signiﬁcare,
1691 4669 1924 4722 omnino

335 4771 513 4825 neque
548 4772 651 4812 nos
682 4757 805 4812 illos
842 4768 898 4811 et
927 4773 1118 4812 eorum
1151 4773 1314 4813 voces
1340 4761 1536 4823 secuti,
1561 4775 1687 4814 cum
1713 4759 1926 4814 nullum

335 4855 599 4914 sequatur
631 4846 956 4911 absurdum,
989 4847 1340 4916 arguentium
1374 4849 1573 4903 merito
1597 4850 1928 4904 criminibus

340 4934 567 4989 obnoxii
601 4935 832 5000 erimus,
865 4936 961 4992 sed
1005 4937 1358 4994 manifestum
1407 4949 1512 5000 est,
1548 4942 1693 5008 quod
1739 4940 1809 4994 ab
1839 4955 1904 4994 ac

335 5030 717 5086 cusatiouibus
750 5030 935 5098 liberi,
967 5046 1093 5087 cum
1138 5031 1249 5089 illis
1283 5043 1603 5090 constanter
1631 5035 1922 5092 stabimus.

410 5297 566 5376 Quod
597 5300 643 5354 si
681 5315 825 5370 opus
869 5312 952 5357 est
996 5303 1090 5359 hic
1134 5303 1303 5360 etiam
1332 5305 1541 5376 aliquid
1573 5306 1782 5363 dicere.
1818 5307 1929 5364 Ne-

341 5371 635 5458 gamus.“
666 5391 829 5448 Patre
888 5409 1012 5450 esse
1067 5396 1361 5467 Spiritum,
1402 5371 1678 5467 quatenus
1717 5409 1800 5454 est
1825 5398 1928 5454 Pa-

345 5493 461 5548 ter;
496 5485 799 5539 secundum
822 5487 967 5542 enim
1001 5499 1250 5544 sanctum
1278 5489 1600 5554 Maximum,
1631 5492 1686 5545 in
1710 5492 1928 5565 dialogo

343 5580 415 5633 ad
465 5580 790 5634 Dissimilem
841 5599 858 5637 :
921 5603 940 5636 ι
1004 5585 1245 5656 Spiritus
1303 5602 1414 5642 non
1463 5587 1629 5642 habet
1683 5587 1925 5643 Patrem.

348 5667 540 5737 Neque
573 5687 766 5729 rursus
801 5689 868 5729 ex
903 5675 1061 5742 Filio,
1093 5686 1368 5748 quatenus
1395 5690 1478 5735 est
1506 5679 1697 5746 Filius,
1723 5680 1929 5750 quippe

345 5759 520 5815 Filius
552 5765 617 5818 ad
648 5765 863 5822 Patrem
905 5771 1109 5826 dicitur
1142 5772 1349 5838 Filius;
1384 5773 1637 5841 quamvis
1657 5781 1930 5842 quatenus

346 5850 525 5908 Patris
556 5857 726 5914 Filius
785 5871 977 5920 natura
1012 5880 1196 5929 verus,
1243 5874 1301 5919 et
1354 5863 1498 5921 nulla
1539 5864 1802 5920 varietate
1859 5865 1928 5919 ab

2028 4663 2124 4714 καὶ
2155 4663 2331 4714 πάντα
2357 4662 2426 4714 τὰ
2455 4660 2706 4716 τοιαῦτα.
2739 4661 2803 4714 Ei
2831 4661 3014 4714 τοίνυν
3049 4659 3118 4714 τά
3151 4677 3215 4727 γε
3249 4660 3477 4714 τοιαῦτα
3518 4657 3609 4712 δύο

2027 4755 2260 4824 δοτῆρας
2292 4754 2325 4825 ἢ
2356 4755 2450 4807 δύο
2504 4755 2773 4826 προόδους
2828 4755 2926 4807 καὶ
2968 4753 3120 4806 αίτια
3153 4753 3408 4823 βούλεται
3442 4769 3608 4822 παρι-

2031 4849 2184 4918 στᾷν,
2217 4848 2278 4901 οὐ
2311 4849 2533 4910 πάντως
2555 4847 2666 4902 οὐδ’
2699 4849 2863 4916 ἡμεῖς
2910 4846 3156 4909 ἐκείνους
3193 4845 3288 4897 καὶ
3330 4846 3428 4909 τὰς
3464 4845 3607 4898 ὲκεί-

2029 4958 2136 4994 νων
2185 4941 2372 5010 φωνὰς
2411 4941 2718 5010 δεχόμενοι,
2764 4939 2992 5010 μηδενὸς
3037 4936 3464 4998 ἀκολουθοῦντος
3488 4937 3611 4989 ἀτό-

2029 5047 2133 5082 που
2173 5032 2287 5092 τοῖς
2336 5029 2446 5082 τῶν
2497 5029 2839 5098 αἰτιωμένων
2867 5027 3184 5097 ἐγκλήμασι
3219 5025 3444 5087 δικαίως
3477 5025 3609 5077 ὐπο-

2028 5122 2323 5192 κεισόμεθα
2344 5139 2359 5155 ο
2390 5121 2525 5175 ἀλλὰ
2552 5111 2735 5191 δῆλον,
2769 5119 2845 5183 ὡς
2889 5120 3001 5173 τῶν
3041 5118 3408 5188 ἐγκλημάτων
3460 5115 3607 5170 ἐλεύ-

2031 5215 2182 5285 θεροι
2215 5215 2336 5285 μετ’
2369 5214 2596 5268 ἐκείνων
2641 5211 2968 5282 ἑστήξομεν.

2106 5308 2166 5359 Εἰ
2194 5306 2250 5359 δὲ
2274 5307 2357 5360 δεῖ
2383 5324 2435 5360 τι
2481 5304 2762 5360 κάνταῦθα
2818 5307 3018 5370 εἰπεῖν,
3070 5304 3131 5358 οὐ
3187 5319 3370 5373 φαμεν
3411 5304 3475 5355 ὲκ
3513 5299 3604 5353 τοῦ

2030 5397 2245 5467 Πατρδς
2280 5393 2422 5450 εἶναι
2452 5397 2516 5450 τὸ
2546 5397 2771 5466 Πνεῦμα
2813 5395 2901 5463 ἐφ’
2933 5397 3057 5449 ὅσον
3085 5395 3205 5448 ἐστὶ
3233 5395 3443 5464 Πατήρο
3469 5390 3608 5445 κατὰ

2030 5491 2140 5560 γάρ
2169 5489 2258 5542 τὸν
2287 5489 2441 5555 ἅγιον
2467 5488 2720 5558 Μάξιμον
2749 5489 2807 5541 ἐν
2839 5488 2917 5558 τῷ
2949 5487 3102 5556 πρὸς
3146 5486 3460 5554 Ἀνόμοιον
3493 5483 3607 5536 δια-

2030 5585 2192 5650 λόγῳ,
2217 5603 2236 5635 ι
2275 5583 2348 5635 Τὸ
2374 5579 2600 5650 Πνεῦμα
2654 5581 2756 5634 οὐκ
2786 5580 2899 5650 ἔχει
2934 5581 3154 5648 Πατέρα
3177 5595 3190 5610 ·
3243 5596 3261 5629 ι
3297 5576 3407 5629 οὐδ’
3447 5575 3511 5628 αὖ
3543 5576 3605 5626 ἐκ

2029 5675 2124 5728 τοῦ
2157 5673 2314 5737 Υἱοῦ,
2368 5672 2565 5741 ἐφόσον
2613 5672 2760 5724 ἐστὶν
2789 5671 2939 5731 Υἱός·
2971 5672 2999 5724 ό
3025 5667 3132 5740 γὰρ
3173 5668 3302 5730 Υἱὸς
3341 5665 3479 5735 πρὸς
3507 5663 3599 5715 τὸν

2032 5767 2255 5837 Πατέρα
2279 5767 2499 5833 λέγεται
2531 5747 2681 5826 Υἱός·
2717 5764 2765 5816 εί
2797 5757 3065 5819 καὶκαθὸ
3115 5760 3206 5813 τοῦ
3243 5757 3452 5826 Πατρδς
3481 5755 3608 5817 Υἱὸς

2036 5860 2198 5930 φύσει
2231 5857 2437 5931 ἀληθὴς
2478 5859 2575 5912 καὶ
2635 5855 3059 5928 ἀπαράλλακτος
3112 5850 3279 5923 αὐτῷ,
3323 5849 3499 5903 πάντα
3537 5847 3614 5901 τά
