4036 6446
1710 328 1845 340 “m.

411 453 519 521 925

1331 461 1432 524 DE
1471 459 1992 525 PROCESSIONE
2033 465 2398 529 SPIRITUS
2430 467 2737 534 SANCTI.

3565 473 3676 537 926

410 568 507 624 106
551 568 767 641 Πατρδς
810 568 869 625 ἒν
909 568 991 642 τῷ
1038 569 1337 639 γεννᾶσθαι
1387 574 1761 643 συνεπάγεται
1791 613 1806 637 ,
1851 574 1982 629 άλλᾶ

2103 576 2198 632 illo
2220 576 2502 646 diderens,
2532 577 2718 633 omnia
2751 591 2875 648 qua:
2905 584 3035 632 sunt
3068 575 3244 635 Patris
3282 595 3335 633 tn
3363 578 3480 650 ipsa
3507 598 3678 653 gene-

409 659 644 717 καθόσον
670 662 818 716 ἐστὶν
849 662 879 715 6
914 663 1108 735 Πατὴρ
1140 665 1239 719 καὶ
1273 664 1304 718 6
1335 663 1463 726 Υἱὸς
1490 663 1551 718 ἓν
1579 681 1595 697 ·
1641 666 1838 736 ἐφόσον
1877 666 1988 737 γὰρ

409 755 439 808 6
471 754 571 825 μιν
599 753 716 810 ἔστι
745 756 955 827 Πατὴρ,
984 758 1014 810 6
1059 759 1116 813 δὲ
1147 758 1300 824 Υίδς,
1331 761 1431 814 καί⁸
1477 758 1601 813 οὔτε
1641 760 1671 813 6
1710 758 1840 822 Υίδς
1873 759 1986 813 Πα-

407 842 533 915 τὴρ,
581 842 696 897 οὗθ’
738 846 767 899 6
809 846 1005 917 Πατὴρ
1036 847 1166 912 Υῑδς
1205 849 1345 903 κατὰ
1392 849 1488 903 16v
1523 851 1623 916 τῆς
1661 848 1989 911 ἀντιθέσεως

408 934 517 990 τῶν
547 936 688 1006 πρός
716 953 770 990 τι
800 936 985 1007 λόγον,
1034 939 1136 993 οὐκ
1168 940 1311 994 είσὶν
1340 940 1426 1005 ἓν,
1461 940 1709 1009 δηλονότι
1760 938 1849 994 διὰ
1896 940 1988 993 τὸν

408 1026 645 1099 άριθμδν
674 1028 786 1083 τῶν
829 1031 1161 1101 προσώπων·
1194 1031 1392 1101 ἐφόσον
1430 1031 1486 1085 δὲ
1526 1031 1625 1101 μία
1651 1029 1811 1085 οὐσία
1838 1030 1987 1084 ἐστὶν

407 1121 437 1173 6
463 1119 656 1193 Πατὴρ
692 1122 790 1175 καὶ
817 1120 847 1174 6
868 1120 1020 1186 Υἱὸς,
1055 1124 1154 1177 καὶ
1198 1123 1257 1176 ἓν
1293 1124 1436 1178 κατὰ
1487 1124 1585 1193 τὴν
1613 1123 1988 1195 προϐλητικήν

406 1211 663 1283 δύναμιν,
706 1212 776 1285 ἢν
801 1212 1017 1284 ἀνάγκη
1061 1215 1250 1285 κοινὴν
1273 1211 1433 1280 εἶναι,
1475 1214 1704 1287 μηδενὸς
1736 1215 1985 1283 ἀναγκά-

409 1305 597 1368 ζοντος
627 1304 978 1376 διῃρημένως
1033 1307 1173 1361 ίδίαν
1228 1308 1325 1362 καὶ
1385 1309 1552 1378 μόνου
1614 1308 1710 1362 τοῦ
1767 1304 1985 1377 Πατρὸς

408 1391 573 1463 εἶναι,
615 1397 808 1470 ὥσπερ
832 1396 892 1453 16
919 1392 1116 1471 γεννᾷν
1143 1401 1204 1455 16
1234 1400 1332 1454 106
1373 1400 1588 1471 Πατρός
1617 1400 1985 1454 ύποστατικδν

404 1488 435 1541 6
458 1487 616 1556 λόγος
659 1488 760 1559 τῆς
785 1490 1115 1554 ἀντιθέσεως
1141 1492 1204 1545 ού
1247 1494 1524 1564 συγχωρεῖ
1556 1491 1739 1545 κοινὸν
1783 1491 1880 1542 καὶ
1904 1487 1985 1559 τῷ

406 1578 525 1647 Υίῷ
555 1575 723 1635 εἷναι·
767 1581 848 1634 διδ
893 1584 989 1636 καὶ
1021 1582 1368 1655 ἀκοινώνητα
1400 1583 1656 1655 ἀλλήλοις
1699 1581 1895 1644 ταῦτα,
1921 1581 1983 1633 16

406 1671 608 1743 γεννᾷν
653 1671 749 1725 καὶ
781 1672 1081 1739 γεννᾶσθαι
1105 1691 1121 1705 ·
1156 1674 1350 1741 ἐφόσον
1379 1672 1435 1727 δὲ
1465 1673 1525 1726 ἒν
1556 1673 1706 1725 ἐστιν
1728 1674 1756 1724 6
1789 1671 1981 1738 Πατὴρ

407 1763 501 1817 κ.ὶ
532 1765 562 1816 6
594 1763 745 1830 Υίδς,
783 1765 845 1817 16
870 1765 1107 1836 *Πνεῦμα
1139 1766 1200 1819 16
1223 1767 1379 1833 ἅγιον
1418 1766 1483 1819 ὲκ
1504 1765 1600 1819 τοῦ
1641 1764 1855 1835 Πατρὸς
1886 1764 1982 1816 καὶ

405 1856 502 1911 τοῦ
536 1856 665 1911 Υίοῦ
700 1852 841 1910 εἶναι
863 1857 1101 1926 λέγεται.
1132 1859 1194 1912 Εί
1233 1859 1292 1912 δὲ
1327 1859 1389 1913 16
1427 1858 1505 1925 ἓν,
1537 1859 1565 1912 ὃ
1587 1857 1642 1911 τί
1670 1857 1803 1910 ποτέ
1832 1857 1981 1908 ἐστιν

408 1949 606 2014 αὐτῶν,
646 1948 743 2002 καὶ
777 1949 812 2019 ἠ
851 1948 1081 2020 δύναμις
1119 1951 1256 2021 αὕτη
1294 1952 1392 2022 μία
1426 1952 1518 2004 καὶ
1548 1952 1580 2021 ἡ
1610 1950 1768 2019 αὑτὴ,
1816 1948 1976 2018 εὔδη-

408 2041 499 2095 λον
551 2041 633 2094 ὅτι
678 2040 738 2094 ἓν
780 2040 876 2094 τοῦ
936 2041 1256 2110 Πνεύματος
1311 2042 1485 2096 αἴτιον
1530 2044 1559 2096 6
1612 2040 1800 2109 Πατὴρ
1832 2042 1924 2093 καὶ
1953 2040 1983 2092 6

406 2134 556 2202 Υἱδς,
579 2134 680 2187 οὐκ
712 2135 907 2203 ἐφόσον
948 2135 1053 2188 εἰσὶ
1083 2135 1200 2197 δύο,
1232 2135 1349 2189 ἀλλ’
1378 2135 1573 2203 ἐφόσον
1604 2134 1682 2187 ἓν.
1712 2134 1817 2187 Καὶ
1856 2131 1981 2186 οὔτε

416 2229 683 2297 σύγχυσις
754 2228 818 2279 ἑκ
865 2225 1075 2281 τούτων
1133 2227 1444 2293 ἀκολουθεῖ,
1505 2226 1606 2295 τῆς
1650 2226 1984 2295 διακρίσεως

407 2316 520 2370 τῶν
550 2315 865 2389 προσώπων
900 2319 992 2372 τοῦ
1034 2318 1254 2386 Πατρδς
1294 2317 1392 2371 καὶ
1444 2316 1539 2371 τοῦ
1578 2314 1707 2369 Υίοῦ
1749 2313 1892 2369 κατὰ
1924 2311 1984 2365 τδ

406 2410 603 2479 γεννᾷν
649 2410 744 2462 καὶ
792 2408 1093 2477 γεννᾶσθαι
1130 2407 1576 2479 φυλαττομένης,
1608 2404 1723 2460 060'
1753 2407 1788 2477 ή
1840 2406 1983 2459 κατὰ

406 2502 505 2572 τὴν
542 2499 756 2573 Τριάδα
786 2501 943 2565 τάξις
972 2502 1221 2554 ὁπωσοῦν
1255 2501 1560 2565 διαπίπτει,
1612 2499 1736 2553 οὐδέ
1768 2515 1821 2550 τι
1869 2495 1982 2549 τῶν

403 2593 502 2663 τῆς
550 2574 772 2662 Γραφῆς
825 2592 920 2646 καὶ
952 2592 1063 2646 τῶν
1111 2591 1448 2646 διδασκάλων
1485 2589 1991 2657 κινεῖται.Ὥσπερ

404 2685 514 2754 γὰρ
540 2683 632 2738 τοῦ
670 2684 830 2754 ἁγίου
874 2684 1194 2754 Πνεύματος
1228 2687 1292 2738 ἐκ
1342 2683 1437 2737 τοῦ
1475 2683 1687 2754 [ἰατρὸς
1746 2681 1836 2735 διὰ
1887 2679 1982 2734 τοῦ

403 2773 537 2827 Υιοῦ
573 2772 935 2844 πεμπομένου
974 2773 1073 2845 μιᾷ
1115 2773 1263 2827 δόσει
1294 2775 1390 2828 καὶ
1423 2774 1523 2845 μιᾷ
1549 2772 1787 2844 χορηγίᾳ
1835 2771 1983 2841 πέμ·

404 2864 599 2919 πεσθαί
644 2881 812 2935 φησιν
860 2868 889 2918 6
925 2866 1097 2935 μέγας
1126 2865 1308 2936 πατὴρ
1356 2864 1659 2929 Βασίλειος,
1702 2862 1845 2917 οὕτω
1886 2861 1983 2916 καὶ

407 2955 496 3010 διὰ
549 2955 644 3009 τοῦ
689 2955 821 3008 Υίοῦ
872 2956 937 3009 ὲκ
971 2954 1065 3009 τοῦ
1119 2956 1335 3026 [ἰατρὸς
1373 2953 1833 3026 ἐκπορευομένου,
1880 2950 1982 3020 μιᾷ

407 3046 618 3117 προόδῳ
666 3044 763 3099 καὶ
831 3043 1084 3116 ἐνεργείᾳ
1144 3046 1237 3098 καὶ
1288 3043 1518 3114 δυνάμει
1577 3042 1757 3112 φαμὲν
1808 3042 1980 3094 ἐκπο-

406 3133 690 3207 ρεύεσθαι.
740 3142 749 3149 ’

2096 671 2308 725 ratione
2334 685 2521 725 secum
2547 669 2762 738 trahat;
2794 671 2889 726 sed
2924 679 3197 739 quatenus
3224 672 3387 728 Pater
3413 682 3478 730 et
3501 674 3678 732 Filius

2094 770 2226 817 sunt
2281 777 2474 816 unum.
2521 762 2741 817 Etenim
2791 771 3067 832 quatenus
3119 763 3207 820 hic
3252 764 3473 834 quidem
3513 767 3676 824 Pater

2096 864 2203 923 est,
2230 857 2321 912 hic
2370 866 2553 913 autem
2608 857 2802 925 Filius,
2829 866 2886 914 et
2934 871 3116 929 neque
3156 858 3330 915 Filius
3377 870 3462 917 est
3493 859 3679 926 Pater,
3768 887 3773 892 -

2095 962 2277 1018 neque
2305 948 2467 1003 Pater
2494 946 2673 1003 Filius
2720 947 3024 1003 secundum
3061 951 3335 1005 rationem
3373 950 3679 1020 oppositio-

2096 1038 2186 1093 nis
2215 1038 2595 1104 relativorum,
2632 1054 2743 1093 non
2775 1048 2907 1096 sunt
2948 1055 3142 1104 unum,
3168 1038 3425 1097 videlicet
3450 1051 3680 1113 propter

2094 1144 2391 1185 numerum
2447 1146 2836 1201 personarum.
2865 1130 3152 1198 Quatenus
3202 1140 3385 1188 autem
3415 1148 3523 1188 una
3550 1134 3680 1191 sub-

2091 1220 2291 1274 stantia
2314 1227 2398 1275 est
2433 1223 2597 1277 Pater
2625 1232 2679 1276 et
2700 1221 2893 1287 Filius,
2915 1230 2973 1276 et
2999 1238 3171 1278 unum
3203 1223 3511 1279 secundum
3549 1239 3679 1296 pro-

2090 1311 2369 1366 ductivam
2396 1312 2722 1383 potentiam,
2750 1328 2917 1384 quam
2949 1329 3174 1370 necesse
3211 1318 3296 1370 est
3324 1331 3675 1373 communem

2089 1416 2231 1465 esse.
2254 1416 2378 1457 cum
2403 1401 2537 1458 nihil
2557 1411 2810 1474 cogat,ut
2831 1405 3128 1473 separatim
3158 1406 3380 1475 propria
3406 1406 3479 1462 sit
3511 1416 3677 1477 atque

2090 1492 2259 1546 solius
2310 1491 2509 1557 Patris,
2545 1492 3022 1563 quemadmodum
3052 1510 3321 1553 generare
3354 1496 3678 1551 constituti-

2089 1597 2217 1636 vum
2266 1580 2469 1650 Patris,
2495 1584 2861 1654 oppositionis
2882 1585 3023 1640 ratio
3050 1600 3159 1641 non
3192 1585 3483 1656 permittit,
3512 1594 3571 1640 ut
3599 1585 3675 1641 sit

2089 1674 2366 1728 communi
2399 1674 2581 1740 Filio;
2619 1674 2827 1731 idcirco
2862 1684 2919 1732 et
2951 1676 3496 1734 iucommunicabilia
3546 1686 3678 1733 sunt

2091 1762 2207 1816 iure
2242 1777 2503 1833 generare
2545 1779 2609 1819 ac
2644 1767 2892 1835 generari
2921 1774 3017 1832 ;at
3039 1766 3474 1837 vero’quatenus
3502 1781 3674 1820 unum

2090 1861 2177 1907 est
2198 1852 2360 1907 Pater
2379 1862 2431 1908 et
2448 1855 2641 1921 Filius,
2677 1871 2744 1912 ex
2764 1856 2925 1913 Patre
2954 1868 3008 1913 et
3030 1857 3169 1913 Filio
3192 1858 3431 1927 Spiritus
3456 1864 3678 1913 sanctus

2084 1960 2206 1998 esse
2227 1946 2447 2001 dicitur.
2473 1946 2629 2013 Quod
2648 1949 2693 2002 si
2726 1949 2858 2003 illud
2907 1967 3102 2013 ttuttm,
3145 1948 3414 2020 quidquid
3455 1947 3675 2003 tandem

2082 2033 2220 2088 illud
2254 2034 2327 2088 sit
2353 2033 2404 2089 in
2447 2036 2675 2106 ipsis,et
2702 2038 2943 2106 potentia
2969 2038 3083 2093 hac
3114 2055 3220 2093 una
3246 2048 3348 2105 est,
3373 2047 3428 2094 et
3457 2037 3674 2102 eadem,

2090 2125 2444 2180 manifestum
2472 2136 2580 2193 est,
2609 2129 2755 2197 quod
2786 2144 2893 2184 una
2942 2145 3104 2185 causa
3125 2133 3292 2185 Pater
3312 2140 3367 2185 et
3394 2129 3564 2185 Filius
3590 2136 3676 2185 est

2088 2215 2328 2285 Spiritus
2363 2218 2558 2283 sancti,
2590 2235 2697 2274 nou
2730 2229 3002 2289 quatenus
3029 2221 3138 2277 duo
3166 2230 3317 2284 sunt,
3347 2221 3442 2276 sed
3481 2229 3678 2291 quate-

2088 2323 2196 2361 nus
2225 2324 2419 2362 unum.
2482 2309 2771 2380 Et‘nequc
2825 2312 3077 2367 confusio
3126 2328 3195 2367 ex
3255 2314 3342 2367 bis
3400 2312 3675 2386 sequitur,

2087 2416 2217 2456 eum
2275 2411 2528 2461 servetur
2577 2405 2860 2460 distinctio
2901 2422 3262 2477 personarum
3314 2408 3368 2462 in
3423 2424 3491 2463 eo
3524 2406 3674 2478 quod

2089 2503 2339 2564 generat,
2376 2505 2429 2549 et
2472 2507 2788 2567 generatur,
2831 2514 3008 2567 neque
3054 2500 3191 2554 ordo
3230 2499 3284 2554 in
3326 2499 3676 2561 sanctissima

2085 2584 2360 2641 Trinitate
2392 2587 2504 2641 ullo
2533 2587 2699 2642 modo
2734 2588 2865 2651 ruit,
2900 2598 2957 2644 et
2988 2589 3134 2643 dicta
3159 2590 3477 2659 Scripturaz,
3509 2599 3676 2659 atque

2089 2677 2377 2733 doetorum
2410 2692 2510 2732 suo
2542 2678 2676 2734 'loco
2723 2688 2965 2734 manent.
3004 2679 3479 2748 Quemadmodum
3526 2681 3674 2735 enim

2090 2768 2296 2839 Spiritu
2350 2778 2542 2828 sancto
2593 2785 2660 2824 ex
2709 2771 2872 2827 Patre
2914 2787 3012 2840 per
3064 2761 3262 2827 Filiqu
3308 2774 3511 2836 misso,
3566 2788 3674 2827 una

2089 2859 2455 2924 exhibitione,
2500 2868 2665 2930 atque
2715 2878 2821 2916 una
2880 2863 3200 2930 erogatione
3234 2880 3359 2919 eum
3397 2864 3560 2927 mitti,
3592 2863 3676 2916 iu-

2089 2951 2210 3019 quit
2245 2966 2477 3021 magnus
2506 2953 2665 3009 Pater
2689 2952 2945 3015 Basilius,
2978 2956 3058 3009 sic
3101 2956 3263 3010 etiam
3297 2971 3360 3009 ex
3391 2955 3553 3010 Patre
3577 2970 3675 3025 per

2086 3042 2287 3098 Filium
2316 3043 2525 3114 Spiritu
2552 3045 2910 3115 procedente,
2948 3062 3055 3101 una
3099 3046 3475 3116 processione,
3506 3055 3675 3116 atque

2087 3134 2324 3199 actione,
2355 3137 2710 3205 potentiaque
2738 3137 2975 3192 dicimus
3005 3152 3130 3192 cum
3164 3138 3491 3208 procedere.

477 3225 599 3278 Ἔτι
646 3222 926 3295 πανταχοῦ
971 3223 1006 3294 ἡ
1035 3222 1137 3278 διὰ
1174 3221 1263 3293 ἐφ’
1322 3217 1399 3279 ὧν
1463 3221 1975 3292 παραλαμϐάνεται,

2158 3229 2470 3295 Praeterea,
2527 3230 2732 3300 ubique
2788 3230 3102 3301 praepositio
3166 3246 3298 3301 per,
3352 3230 3407 3284 iu
3467 3230 3674 3299 quibus

400 3317 481 3388 τῷ
511 3317 620 3389 πρὸ
668 3318 873 3388 ταύτης
922 3318 1082 3388 αίτίῳ
1120 3314 1548 3387 συναγωνίζεται
1602 3315 1744 3387 πρὸς
1799 3312 1977 3383 αὐτὴν

401 3412 503 3483 τὴν
533 3411 838 3482 ἐνέργειαν,
864 3410 933 3481 ἢν
959 3411 1138 3464 ἐκεῖνο
1172 3412 1384 3464 σκοπεῖ.
1432 3404 1558 3462 Οῐον
1619 3409 1647 3461 6
1679 3409 1878 3478 πρίων,
1910 3407 1981 3479 διί

402 3494 465 3557 06
505 3504 652 3556 ποιιῖ
691 3501 753 3555 16
783 3500 986 3572 βάθρον
1019 3502 1049 3554 6
1084 3499 1519 3573 τεκταινόμενος,
1551 3499 1688 3570 πρὸς
1713 3500 1891 3551 ὲκείνο
1917 3497 1978 3551 16

405 3595 784 3665 ἀποτέλεσμα,
812 3593 928 3646 ἀλλ’
959 3593 1021 3646 ού
1065 3592 1200 3663 πρὸς
1245 3591 1560 3664 ἑτερογενὲς
1583 3590 1977 3662 συνεργάζεται

403 3688 482 3759 τῷ
511 3687 752 3759 τεχνίτῃ.
781 3686 856 3740 Ού
884 3684 993 3757 γὰρ
1034 3685 1099 3758 δη
1134 3684 1271 3756 πρὸς
1315 3684 1377 3738 16
1424 3684 1738 3753 θερμαίνειν
1784 3683 1818 3755 ἢ
1857 3684 1979 3736 λευ·

403 3780 614 3832 καίνειν
648 3777 799 3849 αὐτῷ
841 3777 1192 3847 συνεργήσει,
1228 3776 1324 3830 καὶ
1374 3774 1451 3847 τῷ
1488 3774 1701 3828 ἕλκοντι
1749 3775 1812 3828 16
1864 3791 1979 3843 μη-

401 3875 625 3944 χάνημα
658 3870 795 3942 πρὸς
839 3870 940 3941 τὴν
972 3870 1120 3937 ἕλξιν
1143 3869 1239 3923 τοῦ
1275 3869 1496 3940 βάρους·
1529 3871 1622 3922 καὶ
1650 3868 1787 3931 ὅλως
1813 3867 1882 3921 τὰ
1910 3865 1978 3920 δι’

402 3958 478 4019 ὧν
510 3962 724 4032 γίνεταί
773 3979 827 4016 τι
875 3961 1270 4032 συνεργάζεται
1317 3963 1430 4025 τοῖς
1488 3961 1719 4033 πρώτως
1762 3960 1977 4013 κινοῦσι

404 4057 545 4112 κατὰ
570 4058 660 4111 τδν
693 4056 906 4110 ἑαυτῶν
935 4055 1140 4126 τρόπον
1172 4052 1423 4107 συναίτια
1472 4052 1685 4116 τούτοις
1718 4053 1979 4122 γινόμενα

404 4151 438 4220 ἢ
484 4151 560 4214 ὡς
608 4150 843 4219 δργανα,
885 4148 918 4219 ἢ
948 4147 1125 4210 άλλως
1153 4162 1273 4210 πως
1299 4147 1482 4209 αὐτοῖς
1511 4144 1836 4215 βοηθοῦντα.
1869 4139 1977 4196 Ἦν

402 4242 449 4296 δ’
482 4242 549 4296 ἂν
571 4242 668 4295 καὶ
693 4239 866 4294 ταῦτα
897 4239 996 4292 καὶ
1034 4237 1222 4300 ἁπλῶς
1250 4236 1401 4292 αἴτια
1434 4235 1623 4307 ὥσπερ
1650 4237 1719 4290 τὰ
1750 4235 1971 4304 πρώτα,

402 4336 452 4389 εί
511 4332 585 4404 μὴ
640 4330 896 4403 διάφορος
946 4325 1017 4402 ἦν
1073 4332 1107 4401 ὴ
1145 4330 1307 4400 φύσις
1366 4329 1556 4390 αὐτοῖς
1597 4327 1735 4398 πρὸς
1792 4327 1976 4379 ἐκεῖνα

401 4420 471 4473 τὰ
507 4417 801 4490 χρώμενα·
859 4418 957 4471 καὶ
1017 4418 1069 4470 οί
1120 4419 1219 4487 μὲν
1261 4416 1568 4488 ἄνθρωποι,
1605 4418 1675 4470 τὰ
1713 4416 1756 4470 δ’
1788 4416 1978 4479 ἁπλῶς

401 4508 613 4581 δργανα
652 4508 713 4574 ἐξ
747 4508 918 4582 ἄλλης
948 4508 1082 4580 ὕλης
1119 4511 1484 4580 πεποιημένα·
1522 4508 1803 4563 καὶτοῦτο
1837 4509 1976 4580 μᾶλ-

2091 3322 2413 3389 assumitur,
2461 3338 2640 3377 causa:
2690 3322 2966 3394 signiﬁcat
3018 3323 3396 3378 antecedentis
3428 3323 3673 3377 medium

2087 3414 2358 3483 adiuvans
2418 3413 2484 3468 ad
2555 3416 2729 3483 ipsum
2815 3413 3212 3469 conficiendam
3270 3415 3671 3485 Operationem,

2087 3521 2252 3577 quam
2305 3506 2396 3561 illa
2429 3520 2596 3561 causa
2648 3506 2908 3561 intendit.
2940 3507 3106 3562 Verbi
3132 3507 3328 3577 gratia,
3363 3521 3540 3572 serra,
3574 3521 3675 3575 per

2087 3613 2252 3668 quam
2307 3597 2463 3675 faber
2522 3596 2794 3667 lignarius
2842 3596 3012 3652 eﬂieit
3066 3611 3374 3660 scamnum,
3402 3595 3471 3651 ad
3522 3594 3672 3650 aliud

2086 3689 2341 3745 eﬁectum
2376 3687 2548 3757 juvat,
2582 3687 2686 3741 sed
2715 3700 2821 3741 nou
2850 3695 3180 3757 coeperatur
3203 3686 3400 3742 artiﬁci
3430 3685 3498 3741 ad
3525 3686 3673 3741 aliud

2087 3780 2292 3836 diversi
2331 3779 2570 3851 generis.
2604 3776 2722 3833 Non
2753 3778 2902 3833 enim
2933 3789 3083 3833 certe
3113 3777 3181 3833 ad
3212 3777 3672 3841 calefaciendum,

2087 3889 2183 3929 seu
2213 3871 2581 3926 dealbandum
2639 3870 2743 3940 ipsi
2802 3869 3121 3941 adiumento
3168 3870 3296 3935 erit,
3341 3876 3399 3924 et
3433 3869 3673 3929 trahenti

2086 3962 2400 4018 machinam
2432 3961 2500 4015 ad
2547 3959 2871 4016 tractionem
2922 3960 3212 4030 ponderis;
3244 3969 3300 4015 et
3329 3958 3555 4014 omnino
3585 3973 3673 4025 ea,

2084 4073 2184 4127 per
2210 4071 2332 4125 quae
2378 4054 2438 4107 lit
2472 4052 2701 4122 aliquid,
2740 4053 3208 4107 adminiculantur
3236 4052 3415 4123 primo
3449 4067 3676 4107 moveu-

2086 4146 2234 4199 tibus
2307 4142 2609 4198 secundum
2673 4159 2833 4198 suum
2896 4143 3121 4198 modum
3190 4158 3481 4199 concausae
3539 4140 3674 4213 ipsis

2087 4236 2250 4301 facta,
2281 4235 2368 4289 vel
2408 4243 2473 4289 ut
2506 4236 2894 4297 instrumenta,
2931 4235 3011 4289 vel
3059 4234 3218 4289 aliter
3237 4235 3380 4305 ipsis
3410 4234 3676 4305 quodam-

2084 4326 2251 4381 modo
2273 4326 2541 4398 iuvantia.
2572 4325 2700 4381 Haec
2731 4334 2913 4380 autem
2942 4335 3128 4380 essent
3153 4326 3316 4380 etiam
3348 4325 3681 4396 simpliciter

2085 4433 2285 4480 causa},
2339 4426 2401 4472 ut
2453 4419 2653 4486 prima,
2703 4417 2805 4471 nisi
2859 4425 3005 4472 esset
3042 4425 3240 4471 natura
3287 4415 3505 4471 diversa
3538 4416 3673 4485 ipsis

2084 4517 2340 4580 respectu
2387 4510 2610 4565 illorum
2668 4524 2792 4580 quae
2837 4510 2926 4565 his
2955 4516 3224 4575 utuntur;
3268 4518 3324 4565 et
3356 4509 3413 4564 bi
3447 4508 3670 4578 quidem

402 4603 497 4656 λον
544 4603 612 4657 ἂν
645 4597 738 4672 ἦν,
774 4603 935 4672 είπερ
962 4601 1059 4656 καὶ
1097 4604 1133 4673 ἡ
1180 4602 1318 4671 αὐτὴ
1360 4597 1427 4672 ἦν
1468 4602 1653 4664 αὐτοῖς
1681 4603 1818 4673 πρὸς
1851 4602 1980 4665 τοὺς

2087 4603 2340 4657 homines
2382 4611 2531 4665 sunt,
2578 4601 2696 4657 haec
2743 4616 2876 4657 vero
2926 4600 3252 4671 simpliciter
3281 4601 3670 4664 instrumenta,

400 4697 727 4769 χρωμένους
760 4697 1037 4764 ἐνέργεια.
1074 4694 1215 4747 Ἀλλ’
1234 4696 1359 4748 ἐπεὶ
1392 4694 1484 4747 τοῦ
1514 4695 1735 4766 [lat-p6;
1761 4696 1856 4749 καὶ
1884 4692 1980 4747 τοῦ

401 4787 538 4841 Υίοῦ
582 4787 682 4859 μία
709 4785 790 4859 τῷ
833 4786 1059 4858 ἀριθμῷ
1088 4788 1252 4854 φύσις
1284 4787 1595 4857 θεωρεῖται,
1624 4787 1720 4841 καὶ
1754 4787 1855 4857 μία
1881 4786 1982 4840 αύ-
2032 4814 2035 4817 -

399 4881 512 4944 τοῖς
561 4880 657 4934 καὶ
703 4882 979 4950 ἐνέργεια,
1023 4881 1121 4933 καὶ
1161 4874 1244 4941 εἷς
1296 4881 1323 4932 ό
1379 4879 1541 4943 αὐτὸς
1606 4878 1775 4951 ἄμφω
1821 4879 1980 4945 Θεὸς,

402 4973 631 5036 εἰκότως
659 4972 769 5042 ἄρα
806 4974 839 5041 ἡ
895 4971 996 5043 μὲν
1032 4971 1128 5024 106
1163 4969 1297 5024 Ὢίοῦ
1337 4970 1435 5025 διὰ
1491 4972 1594 5041 τῆς
1642 4971 1737 5025 τοῦ
1769 4971 1984 5042 Πατρὸς

399 5064 472 5119 ἐκ
524 5064 671 5118 κατὰ
713 5063 816 5133 τὴν
870 5064 1145 5130 σημασίαν
1173 5064 1234 5117 οὐ
1280 5063 1488 5116 διοίσει·
1549 5062 1665 5116 ἀλλ’
1709 5062 1847 5133 αὐτὴ
1884 5065 1984 5133 μὲν

403 5154 542 5225 πρὸς
591 5152 689 5224 τὴν
738 5152 807 5207 ἐκ
852 5152 1245 5223 μεταϐήσεται,
1280 5153 1465 5223 ὲκείνη
1513 5152 1560 5207 δ’
1593 5148 1659 5207 αὖ
1716 5153 1854 5223 πρὸς
1882 5153 1984 5222 τὴν

401 5244 503 5299 διὰ
538 5244 886 5314 διαϐήσεται,
929 5245 1028 5297 καὶ
1073 5244 1231 5315 κοινὴ
1286 5244 1381 5299 καὶ
1442 5244 1541 5314 μία
1591 5247 1687 5299 καὶ
1754 5247 1788 5317 ή
1842 5244 1980 5316 αύτὴ

408 5338 549 5408 μετὰ
579 5337 675 5390 τοῦ
705 5338 923 5407 Πατρδς
946 5337 1090 5407 ἀρχὴ
1126 5335 1222 5389 τοῦ
1250 5337 1410 5405 άγίου
1444 5337 1767 5408 Πνεύματος
1801 5338 1980 5406 ἔσται,

404 5428 554 5493 ams
587 5428 1022 5498 ὁμολογούμενον
1044 5430 1194 5503 παρὰ
1220 5430 1438 5500 Πατρδς
1467 5429 1538 5484 δι’
1572 5429 1704 5484 Υἱοῦ
1737 5430 1797 5485 16
1821 5432 1983 5500 ἅγιον

405 5517 806 5589 ἐκπορεύεσθαι
839 5519 1062 5589 Πνεῦμα
1088 5536 1103 5552 ·
1140 5521 1236 5574 καὶ
1294 5520 1511 5575 πάντων
1564 5519 1622 5574 δὲ
1666 5520 1778 5574 τῶν
1811 5521 1983 5590 ἁγίων

404 5607 708 5679 διαρρήδην
767 5609 1021 5680 βοώντων
1093 5610 1171 5680 μὴ
1225 5608 1454 5680 θεμιτὸν
1516 5604 1660 5663 εἶναι
1713 5609 1982 5681 διαφοράν

405 5700 531 5753 τινα
567 5700 665 5754 καὶ
698 5700 949 5755 ὁπωσοῦν
1000 5702 1095 5755 ἐπὶ
1146 5701 1356 5757 τούτων
1385 5711 1495 5757 τῶν
1532 5702 1850 5773 προθέσεων
1889 5703 1981 5756 ὲν·

406 5792 573 5844 νοεῖν·
599 5792 697 5846 καὶ
738 5793 896 5848 τοῦτο
928 5795 1025 5849 ἐπὶ
1056 5794 1166 5849 τῶν
1202 5796 1424 5850 πάντων
1457 5796 1618 5851 θείων
1648 5797 1976 5866 ἀδιορίστως

406 5883 783 5953 ἀξιωσάντων,
833 5890 927 5943 ἐπί
959 5907 1019 5945 τε
1055 5888 1150 5944 τοῦ
1193 5892 1411 5964 Πατρδς
1457 5892 1551 5945 καὶ
1601 5890 1696 5945 τοῦ
1726 5889 1858 5945 Υίοῦ
1898 5890 1978 5945 δι-

2086 4711 2154 4751 ex
2185 4695 2290 4750 alia
2324 4693 2552 4750 materia
2602 4693 2764 4758 facta,
2800 4710 2975 4765 eoque
3025 4693 3199 4764 magis
3254 4702 3441 4749 essent
3470 4708 3671 4760 causae,

2086 4787 2129 4843 si
2163 4803 2271 4842 una
2305 4796 2362 4842 et
2404 4785 2596 4841 eadem
2643 4794 2789 4840 esset
2826 4786 3075 4856 operatio
3122 4785 3368 4849 illorum,
3406 4795 3461 4839 et
3512 4792 3675 4839 uten-

2089 4880 2227 4934 tium
2248 4878 2402 4949 ipsis.
2431 4877 2535 4934 Sed
2570 4878 2828 4948 quoniam
2859 4877 3040 4931 Patris
3064 4883 3121 4930 et
3149 4875 3273 4930 Filii
3306 4891 3415 4930 una
3440 4889 3675 4930 numero

2085 4983 2281 5028 natura
2334 4970 2737 5037 consideratur,
2789 4979 2846 5025 et
2894 4985 3002 5024 una
3037 4968 3170 5038 ipsis
3200 4977 3284 5024 est
3317 4969 3584 5038 operatio,
3612 4976 3666 5023 et

2086 5064 2252 5120 ambo
2291 5073 2424 5119 sunt
2485 5079 2631 5125 unus
2690 5073 2745 5120 et
2793 5062 2938 5118 idem
2967 5063 3135 5124 Deus,
3161 5062 3361 5115 merito
3386 5074 3515 5130 ergo
3549 5058 3672 5114 Filii

2083 5156 2401 5227 prmpositio
2446 5170 2561 5225 per,
2596 5154 2689 5221 ab,
2718 5169 2801 5217 ex,
2828 5152 3011 5208 Patris
3059 5151 3361 5208 secundum
3402 5149 3675 5220 signiﬁca-

2088 5250 2294 5304 tionem
2327 5264 2433 5303 non
2461 5245 2745 5313 differunt,
2768 5244 2864 5301 sed
2894 5248 3010 5300 haec
3048 5243 3269 5315 quidem
3304 5242 3372 5297 ad
3401 5241 3665 5313 praeposi-

2084 5340 2290 5395 tionem
2318 5355 2405 5406 επ,
2456 5339 2549 5393 illa
2594 5352 2725 5394 vero
2773 5352 2966 5392 rursus
3000 5338 3066 5391 ad
3090 5337 3529 5406 praepositionem
3556 5350 3670 5405 per,

2087 5431 2366 5497 transibit,
2400 5438 2457 5487 et
2509 5445 2805 5486 commune
2848 5441 2905 5486 et
2948 5445 3122 5485 unum
3156 5440 3323 5500 atque
3346 5430 3492 5485 idem
3518 5430 3671 5499 prin-

2085 5525 2293 5594 cipium
2340 5524 2444 5579 erit
2478 5538 2588 5579 una
2619 5539 2744 5579 eum
2796 5524 2961 5578 Patre
3014 5523 3255 5593 Spiritus
3312 5520 3509 5583 sancti,
3541 5535 3666 5573 eum

2082 5612 2244 5682 plane
2276 5612 2329 5664 iu
2371 5612 2628 5667 confesso
2664 5613 2757 5674 sit,
2808 5624 2876 5666 ex
2931 5611 3092 5666 Patre
3122 5622 3219 5681 per
3251 5609 3452 5664 Filium
3496 5606 3668 5679 Spiri-

2085 5715 2201 5760 tum
2259 5714 2514 5760 sanetum
2570 5703 2906 5776 procedere,
2959 5718 3195 5773 cumque
3242 5716 3434 5757 omnes
3486 5702 3663 5756 sancti

2081 5811 2341 5867 expresse
2368 5796 2631 5861 clament,
2681 5812 2790 5851 non
2818 5811 2942 5851 esse
2974 5795 3053 5850 fas
3085 5795 3196 5849 ullo
3221 5794 3383 5849 modo
3405 5792 3668 5848 differen-

2084 5892 2214 5949 tiam
2246 5891 2484 5963 aliquam
2514 5891 2567 5947 in
2597 5891 2684 5947 his
2704 5890 3182 5963 praepositionibus
3203 5894 3444 5962 cogitare
3467 5888 3665 5960 ;idque
