4036 6522
348 441 454 503 927

1631 446 2016 509 DEMETI’JI
2055 447 2380 511 CYDONII

3517 461 3628 525 928

345 567 401 619 in
428 566 686 622 omnibus
734 566 935 624 divinis
989 566 1412 626 indetermiuate
1461 572 1802 637 censuerint,
1853 582 1935 628 at-

2041 574 2350 629 δασκόντων
2403 578 2503 644 τὴν
2553 575 2623 631 ἐκ
2671 575 2769 647 τῆς
2798 572 2898 629 διὰ
2942 570 3110 643 μηδὲν
3139 572 3445 644 διαφέρειν,
3480 574 3629 645 πλὴν

345 674 455 727 que
482 657 537 712 in
571 656 729 714 Patre
760 667 815 714 et
839 657 977 715 Filio
998 662 1445 732 praepositionem
1487 681 1572 730 ex,
1608 681 1637 719 a
1666 664 1934 736 praeposi-

350 752 502 805 tione
560 765 676 821 per,
726 751 864 806 nihil
899 752 1126 808 differre
1150 753 1481 823 docuerint;
1512 756 1615 812 nisi
1657 766 1936 827 quatenus
1986 787 1992 792 -

350 842 678 914 ltypostases
717 844 1169 917 distinguunt,et
1212 847 1527 903 divinarum
1577 866 1938 919 personarum

350 934 602 989 ordinem
636 933 970 1005 signiﬁcant,
1018 934 1075 989 in
1110 950 1219 1005 quo
1251 952 1485 1006 persona
1530 936 1657 993 Filii
1694 937 1939 992 medium

351 1029 569 1083 obtinet
598 1027 804 1092 locum,
834 1042 997 1097 quem
1031 1043 1253 1099 semper
1279 1029 1596 1101 praepositio
1627 1044 1741 1097 per,
1766 1029 1855 1084 vel
1884 1028 1939 1083 in

349 1118 629 1174 communi
682 1118 942 1186 loquendi
996 1120 1403 1177 consuetudine
1449 1121 1753 1194 signiﬁcat;
1783 1131 1840 1177 et
1871 1137 1941 1178 ne

348 1210 432 1264 νυ]
464 1226 626 1264 unam
655 1226 950 1278 personam
979 1212 1193 1266 Patrem
1226 1219 1283 1267 et
1306 1212 1510 1267 Filium
1538 1214 1736 1284 aliquis
1759 1212 1942 1283 suspi-

347 1310 503 1355 cetur
561 1310 787 1370 propter
837 1301 1262 1356 similitudinem
1321 1303 1799 1373 praepositionum,
1855 1303 1939 1359 vel

348 1392 460 1446 duo
506 1393 778 1463 principia
814 1393 1277 1450 contradistincta
1323 1394 1569 1465 Spiritus
1606 1396 1770 1450 ambo
1818 1413 1942 1453 esse

347 1485 675 1553 videantur;
722 1486 808 1541 vel
865 1487 1029 1541 talem
1076 1503 1197 1543 esse
1229 1502 1522 1558 personam
1548 1487 1693 1552 Filii,
1722 1490 1939 1559 qualem

346 1591 405 1637 et
432 1581 630 1645 Patris,
661 1580 802 1636 nihil
853 1581 1175 1647 habentem,
1213 1583 1359 1654 quod
1410 1583 1513 1654 ipsi
1552 1585 1942 1657 praeintelliga-

347 1682 458 1736 tur,
502 1675 648 1730 sicut
696 1682 753 1730 et
803 1674 987 1730 Pater.
1032 1676 1251 1731 Etenim
1299 1693 1363 1730 ea:
1420 1677 1741 1747 praepositio
1795 1680 1944 1735 sistit

348 1774 613 1830 mentem,
644 1774 701 1821 et
737 1766 972 1821 ulterius
1006 1766 1311 1837 procedere
1362 1784 1474 1823 non
1500 1771 1665 1840 cogit,
1702 1779 1759 1825 et
1788 1787 1942 1841 quae-

347 1874 471 1913 rere
497 1846 1134 1929 principalemcausam,
1157 1860 1246 1915 cui
1284 1862 1601 1932 prmpositio
1645 1878 1708 1917 ea:
1738 1864 1944 1933 princio

2040 664 2168 721 ὅσον
2194 666 2500 739 διακρίνειν
2538 668 2637 732 τὰς
2669 666 3026 731 ὑποστάσεις,
3056 665 3154 720 καὶ
3194 664 3294 737 τὴν
3328 664 3440 719 τῶν
3461 664 3629 720 θείων

2044 760 2358 831 προσώπων
2380 759 2534 826 τάξιν
2565 760 2875 831 ἐμφαίνειν,
2908 760 2970 812 ἐν
3003 751 3039 833 ᾖ
3068 758 3135 812 τὸ
3158 757 3256 812 τοῦ
3284 758 3417 813 Υίοῦ
3449 758 3634 828 πρόσ·

2044 868 2195 906 ωπον
2235 851 2335 923 τὴν
2367 853 2541 923 μέσην
2579 852 2769 924 εἴληχε
2821 851 3031 924 χώραν,
3063 851 3132 922 ἢν
3186 853 3275 906 ἀεὶ
3307 851 3343 921 ἠ
3391 851 3491 905 διὰ
3521 852 3631 905 κάν

2042 948 2109 1016 τῇ
2152 946 2311 1016 κοινῇ
2346 945 2612 1019 συνηθείᾳ
2660 945 2834 1015 δηλοῖ·
2886 943 2987 1000 καὶ
3039 943 3128 998 ἵνα
3179 943 3255 1015 μὴ
3283 944 3317 1012 ἢ
3355 943 3417 998 ἓν
3451 945 3635 1015 πρόσ-

2042 1052 2194 1091 ωπον
2227 1038 2255 1090 6
2290 1035 2484 1109 Πατὴρ
2529 1037 2629 1092 καὶ
2676 1037 2705 1090 ό
2744 1035 2875 1100 Tib;
2935 1034 3326 1089 ὐποπτευθεῖεν
3381 1034 3474 1089 διὰ
3526 1034 3635 1106 τὴν

2042 1127 2154 1182 τῶν
2191 1128 2508 1198 προθέσεων
2559 1127 2887 1199 ὁμοιότητα,
2924 1126 2959 1199 ἢ
2991 1125 3085 1181 δύο
3121 1125 3219 1180 καὶ
3254 1124 3633 1195 ἀντιδιαιρού-

2045 1236 2204 1289 μεναι
2233 1219 2403 1288 ἄμφω
2418 1219 2512 1274 τοῦ
2546 1218 3064 1290 Πνεύματος-άρχαὶ
3106 1216 3353 1285 δόξωσιν,
3385 1216 3419 1287 ἢ
3448 1215 3636 1270 τοιοῦο

2043 1327 2136 1364 τον
2166 1307 2310 1365 εἶναι
2366 1310 2430 1365 τὸ
2484 1310 2581 1364 τοῦ
2624 1309 2758 1364 Υίοῦ
2806 1310 3125 1381 πρόσωπον,
3154 1301 3268 1363 οἷον
3306 1309 3404 1362 καὶ
3442 1308 3505 1362 τὸ
3531 1306 3633 1362 τοῦ

2043 1403 2282 1472 Πατρὸς.
2314 1404 2480 1475 μηδὲν
2501 1402 2703 1458 ἐαυτοῦ
2737 1401 3240 1473 προεπινοούμενον
3271 1400 3414 1469 ἔχον,
3434 1400 3630 1469 ὥσπερ

2043 1498 2140 1551 καὶ
2164 1498 2192 1551 ό
2224 1497 2442 1568 Πατήρ.
2486 1496 2551 1550 Ἦ
2605 1496 2717 1568 γὰρ
2744 1497 2816 1551 ἐκ
2853 1495 3039 1567 ἵστησι
3078 1494 3178 1566 τὴν
3220 1493 3482 1553 διάνοιαν.
3529 1495 3631 1548 καὶ

2045 1588 2361 1659 περαιτέρω
2420 1588 2676 1660 προϊέναι
2727 1588 2831 1641 οὐκ
2862 1586 3165 1656 ἀναγκάζει
3224 1586 3318 1639 καὶ
3350 1584 3535 1655 ζητεῖν
3563 1586 3625 1638 τὸ

2045 1681 2275 1751 ἀρχικὸν
2298 1681 2495 1747 αῐτιον,
2523 1675 2678 1750 ᾧτινι
2716 1681 2749 1754 ὴ
2774 1681 2846 1735 ἐκ
2871 1678 3117 1752 άρχικῶς
3142 1677 3615 1749 ἀποκεκλήρωται.

2059 1774 2127 1827 Ἥ
2153 1774 2209 1827 δὲ
2238 1772 2338 1828 διὰ
2355 1774 2540 1846 ἕτερόν
2577 1793 2629 1829 τι
2655 1774 2950 1844 πρόσωπον
2981 1773 3135 1844 παρὰ
3164 1771 3267 1843 τὴν
3296 1771 3367 1825 ἐκ
3397 1786 3602 1825 συνεισ-

2043 1868 2189 1933 άγει,
2223 1866 2318 1919 καὶ
2368 1865 2504 1937 πρὸς
2554 1868 2732 1920 ἐκεῖνο
2781 1865 2882 1934 τὴν
2930 1865 3176 1920 διάνοιαν
3240 1861 3609 1929 προσϐιϐάζει,

349 1949 548 2020 palitcr
598 1949 945 2005 attribuitur.
986 1951 1313 2021 Prmpositio
1369 1961 1555 2007 autem
1584 1970 1677 2022 per
1706 1951 1938 2008 alteram

2046 1956 2274 2026 ἀρχικόν
2329 1972 2388 2008 τε
2414 1934 2423 1937 ’
2455 1957 2636 2010 ἐκεῖνο
2669 1958 2847 2013 αῐτιον
2878 1956 3162 2028 σημαίνει,
3191 1948 3367 2026 ἀφόῦ
3397 1972 3456 2009 τε
3482 1956 3618 2025 αὕτη

346 2040 642 2110 quamdam
677 2057 991 2110 personam,
1024 2052 1225 2113 praeter
1254 2059 1378 2099 eam
1410 2059 1575 2116 quam
1610 2059 1675 2099 ea:
1704 2045 1940 2109 inducit.

346 2143 404 2188 et
455 2132 521 2186 ad
577 2150 698 2189 eam
769 2143 1011 2190 mentem
1072 2145 1406 2205 promovet,
1457 2136 1937 2209 principalemque

345 2220 495 2293 illam
524 2237 644 2277 esse
694 2237 914 2277 causam
968 2222 1263 2293 signiﬁcat,
1305 2233 1363 2279 et
1418 2225 1570 2279 illam
1621 2240 1940 2296 personam,

348 2313 403 2367 in
441 2329 547 2384 qua
590 2315 819 2383 ponitur
868 2314 1006 2384 ipsa,
1038 2329 1152 2382 per,
1179 2315 1416 2369 mediam
1455 2331 1581 2372 esse
1621 2332 1938 2388 personam,

344 2403 492 2459 inter
517 2404 748 2473 primam
801 2411 856 2457 et
895 2419 1015 2459 eam
1062 2403 1130 2459 ad
1178 2420 1342 2475 quam
1378 2414 1461 2460 est
1515 2409 1818 2477 processio,
1852 2409 1939 2464 vel

345 2496 613 2565 operatio.
644 2496 826 2566 Atque
852 2498 927 2550 ita
956 2497 1275 2566 praepositio
1305 2515 1398 2568 per
1431 2499 1763 2554 Trinitatem
1801 2516 1940 2569 pure

346 2587 513 2642 nobis
542 2587 826 2655 exprimit,
854 2587 1131 2658 simulque
1161 2591 1411 2645 ordinem
1440 2606 1604 2660 quem
1636 2591 1842 2645 habent
1871 2590 1938 2645 ad

347 2680 585 2735 invicem
627 2695 900 2749 personae,
927 2690 1094 2750 atque
1142 2681 1411 2737 unitatem
1440 2665 1762 2738 substantiae
1791 2690 1940 2753 pate-

346 2772 501 2836 facit,
531 2771 750 2826 tertiam
802 2788 1093 2841 personam
1126 2788 1251 2827 eunt
1307 2773 1482 2844 prima
1533 2790 1632 2841 per
1674 2789 1732 2829 se
1767 2775 1937 2844 ipsam

347 2866 714 2933 coniungens.
739 2864 902 2920 Juxta
933 2865 1081 2933 enim
1105 2865 1413 2937 Nyssenum
1461 2866 1938 2937 Gregorium,una

345 2957 568 3030 quidem
622 2958 904 3029 (persona)
949 2966 1035 3013 est
1090 2958 1410 3014 immediate
1463 2976 1493 3016 a
1541 2963 1739 3031 prima,
1766 2960 1937 3014 altera

346 3067 480 3107 vero
512 3066 613 3121 per
642 3066 763 3106 eam
803 3068 927 3122 quae
977 3052 1296 3107 immediate
1326 3060 1414 3107 est
1457 3068 1488 3107 a
1520 3054 1721 3124 prima.
1745 3054 1937 3125 Itaque

342 3156 402 3202 et
433 3161 554 3201 esse
582 3146 924 3217 unigenitum
960 3146 1013 3200 in
1049 3145 1189 3202 Filio
1214 3153 1399 3201 manet
1455 3144 1862 3209 indubitatum.
1883 3155 1939 3203 et

345 3256 414 3296 ex
442 3240 605 3297 Patre
626 3255 748 3295 esse
765 3238 1060 3310 Spiritum,
1085 3253 1196 3294 non
1238 3248 1326 3295 est
1363 3238 1782 3309 ambigendum,
1806 3255 1933 3297 cum
1961 3269 2008 3332 ο

346 3331 516 3387 Filius
536 3328 956 3394 intercedendo,
977 3337 1036 3384 et
1055 3326 1160 3383 sibi
1199 3330 1314 3398 ipse
1332 3329 1691 3401 Unigenitum
1731 3340 1936 3396 servet,

343 3434 401 3478 et
423 3422 692 3493 Spiritum
724 3436 755 3476 a
786 3420 1028 3476 naturali
1056 3421 1124 3476 ad
1156 3420 1375 3476 Patrem
1405 3423 1676 3477 relatione
1704 3437 1815 3478 non
1849 3436 1938 3477 aro

343 3523 490 3572 eoat.
515 3515 699 3583 Quare
720 3512 1042 3586 praepositio
1074 3530 1191 3583 per,
1214 3522 1426 3569 tantum
1443 3515 1715 3580 ostendit,
1735 3513 1934 3571 Filium

343 3622 467 3663 esse
512 3605 755 3662 medium
795 3604 941 3660 inter
996 3605 1241 3671 Patrem,
1283 3615 1342 3661 et
1380 3605 1651 3677 Spiritum
1680 3616 1935 3663 sanctum

343 3697 550 3753 nullam
574 3706 842 3768 praeterea
864 3695 1262 3753 differentiam.
1294 3697 1422 3755 Haec
1442 3707 1576 3753 sane
1596 3696 1927 3764 effecerunt,

345 3801 408 3845 ut
438 3790 604 3847 etiam
640 3788 1020 3846 Damascenus
1064 3790 1288 3854 dixerit,
1330 3789 1456 3844 Filii
1495 3788 1764 3860 Spiritum
1799 3790 1937 3845 dici-

344 3897 492 3948 mus,
530 3898 598 3937 ex
631 3881 773 3938 Filio
807 3890 993 3936 autem
1026 3898 1136 3938 non
1170 3882 1431 3939 dicimus.
1468 3881 1526 3939 Si
1560 3884 1710 3939 enim
1744 3883 1848 3940 hac
1877 3885 1937 3940 in

345 3990 430 4040 re,
490 3983 552 4027 ut
604 3973 854 4029 nonnulli
896 3974 1268 4042 arbitrantur,
1325 3973 1383 4029 id
1446 3973 1669 4030 volebat
1711 3984 1936 4034 sanctus

350 4064 688 4135 signiﬁcare,
744 4074 912 4135 atque
944 4064 1094 4119 hunc
1121 4063 1363 4119 habebat
1398 4078 1648 4133 sensum,
1690 4066 1838 4136 quod
1868 4083 1937 4123 ex

346 4159 488 4214 Filio
530 4172 642 4212 non
676 4157 768 4222 sit,
820 4156 1050 4211 omnino
1086 4157 1255 4228 igitur
1289 4156 1489 4212 doctor
1519 4170 1589 4212 ex
1625 4157 1745 4213 solo
1770 4157 1938 4214 Patre

344 4251 608 4322 Spiritum
645 4261 898 4307 sanetum
924 4251 1308 4307 exsistentiam
1334 4248 1540 4306 habere
1565 4251 1936 4321 existimabat,

343 4352 492 4423 quod
539 4352 584 4406 si
628 4351 733 4405 hoc
775 4358 881 4415 est,
921 4348 1088 4403 etiam
1126 4346 1446 4404 immediate
1473 4362 1541 4402 ex
1576 4348 1740 4404 Patre
1773 4363 1935 4417 esse;

345 4444 395 4500 si
443 4452 626 4499 autem
676 4440 1022 4504 immediate,
1056 4439 1223 4495 etiam
1255 4439 1568 4512 producere
1593 4440 1772 4497 Patris
1801 4456 1935 4498 eon-

343 4532 663 4590 stitntivum
697 4545 841 4598 esse,
887 4544 952 4585 ac
993 4543 1188 4584 rursus
1231 4530 1279 4586 si
1312 4529 1440 4598 hoc,
1493 4530 1936 4587 ineommunicaa

2046 2047 2226 2100 κεῖται
2266 2046 2433 2116 μέσον
2462 2048 2558 2103 τοῦ
2587 2065 2645 2103 τε
2675 2049 2895 2121 πρώτου
2927 2051 3022 2103 καὶ
3060 2047 3155 2102 τοῦ
3182 2047 3321 2119 πρὸς
3347 2046 3406 2101 ὃν
3433 2047 3622 2119 ήπρό-

2044 2138 2184 2201 οδος,
2215 2136 2249 2209 ἢ
2279 2138 2616 2209 ήὲνὲργεια·
2656 2141 2750 2194 καὶ
2784 2139 2931 2194 οὕτω
2968 2139 3068 2212 τὴν
3110 2140 3319 2210 Τριάδα
3366 2138 3624 2210 καθαρῶς

2043 2231 2176 2301 ἡμῖν
2203 2233 2533 2304 παρίστησιν
2559 2233 2593 2304 ή
2620 2231 2740 2300 διὰ,
2757 2231 2894 2303 όμοῦ
2921 2249 2983 2286 τε
3003 2232 3102 2303 τὴν
3125 2231 3262 2303 πρὸς
3290 2229 3498 2302 ἄλληλα
3516 2230 3628 2284 τῶν

2045 2322 2361 2393 προσώπων
2387 2350 2400 2361 -
2422 2324 2578 2390 τάξιν
2633 2325 2976 2397 ἐμφαίνουσα
2995 2365 3010 2390 ,
3046 2326 3143 2378 καὶ
3170 2325 3269 2396 τὴν
3308 2325 3407 2395 τῆς
3436 2323 3628 2387 οὐσίας

2043 2415 2273 2486 ἑνότητα
2326 2415 2389 2468 τὸ
2455 2418 2642 2487 τρίτον
2693 2417 2759 2471 δι’
2799 2418 3004 2488 ἑαυτῆς
3058 2416 3139 2487 τῷ
3209 2416 3411 2489 πρώτῳ
3462 2417 3628 2470 συνά-

2044 2520 2294 2561 πτουσα.
2345 2507 2506 2561 Κατὰ
2549 2505 2659 2579 γὰρ
2691 2507 2782 2560 τὸν
2810 2507 3034 2575 Νύσσης
3080 2506 3399 2578 Γρηγόριον,
3430 2505 3491 2558 τὺ
3526 2504 3629 2574 μὲν

2044 2596 2163 2650 ἔστι
2202 2598 2489 2669 προσεχῶς
2537 2599 2601 2654 ἐκ
2630 2617 2726 2653 του
2759 2597 3002 2667 πρώτον,
3034 2600 3096 2653 τὸ
3125 2598 3182 2653 δὲ
3223 2598 3315 2652 διὰ
3337 2597 3431 2651 τοῦ
3457 2614 3628 2668 προσ-

2045 2685 2186 2754 εχῶς
2217 2688 2282 2739 ἐκ
2311 2686 2406 2740 τοῦ
2440 2686 2685 2759 πρώτου,
2727 2687 2868 2742 ὥστε
2903 2689 3000 2742 καὶ
3035 2688 3098 2742 τὸ
3130 2686 3421 2759 μονογενὲς
3451 2687 3629 2757 άναμ-

2044 2775 2266 2844 φίόολον
2295 2775 2391 2828 ἐπὶ
2418 2775 2511 2829 τοῦ
2541 2777 2674 2831 Υίοῦ
2708 2778 2917 2848 μένειν,
2960 2776 3142 2832 καὶτὸ
3185 2778 3249 2831 ὲκ
3276 2775 3370 2831 τοῦ
3413 2777 3628 2846 Harpe:

2041 2863 2184 2921 εἶναι
2227 2867 2289 2920 τὸ
2343 2866 2571 2938 Πνεῦμα
2630 2868 2706 2940 μὴ
2763 2867 3157 2938 ἀμφιδάλλειν,
3208 2867 3311 2939 τῆς
3356 2868 3453 2923 τοῦ
3492 2868 3623 2923 Υίοῦ

2038 2959 2327 3038 ,μεσιτείας
2374 2960 2470 3013 καὶ
2511 2961 2692 3031 ἑαυτῷ
2759 2961 2822 3015 τὸ
2881 2963 3171 3031 μονογενὲς
3225 2960 3623 3032 φυλαττούσης,

2040 3052 2137 3106 καὶ
2189 3052 2251 3106 te
2295 3051 2527 3123 Πνεῦμα
2565 3054 2668 3123 τῆς
2697 3055 2931 3125 φυσικῆς
2965 3056 3103 3127 πρὸς
3133 3055 3224 3110 τὸν
3253 3057 3476 3125 Πατέρα
3502 3055 3626 3126 σχέο

2042 3157 2180 3204 σεως
2226 3141 2305 3212 μὴ
2348 3141 2748 3214 ἀπειργούσης.
2784 3144 2952 3199 Ὥστε
2989 3146 3023 3215 ἡ
3054 3144 3155 3200 διὰ
3205 3146 3304 3216 τὴν
3351 3147 3448 3201 τοῦ
3492 3146 3623 3207 Υίοῦ

2045 3231 2210 3302 μόνον
2241 3232 2523 3303 μεσότητα
2556 3233 2698 3305 πρός
2725 3249 2786 3286 τε
2817 3234 2910 3288 τὸν
2937 3234 3159 3304 Πατέρα
3191 3236 3287 3289 καὶ
3316 3235 3378 3290 τὸ
3400 3235 3624 3307 Πνεῦμα

2040 3326 2337 3395 δείκνυσιν,
2370 3326 2489 3381 ἀλλ’
2520 3326 2620 3398 οὐχ
2669 3326 2866 3397 ἑτέραν
2899 3326 3189 3398 διαφοράν.
3214 3326 3400 3381 Ταῦτα
3425 3327 3491 3398 δὴ
3526 3329 3622 3383 καὶ

2039 3418 2135 3472 τὸν
2171 3418 2539 3490 Δαμασκηνὸν
2595 3420 2925 3490 πεποίηκεν,
2970 3438 2993 3473 ι
3051 3419 3183 3474 Υίοῦ
3237 3419 3341 3491 μὲν
3395 3420 3620 3490 Πνεῦμα

2040 3509 2298 3580 λέγομεν,
2338 3512 2540 3577 εἰπεῖν,
2590 3511 2658 3564 ἐκ
2700 3509 2802 3565 τοῦ
2841 3510 2974 3565 Υίοῦ
3016 3510 3074 3564 δὲ
3117 3511 3179 3565 ού
3204 3509 3460 3581 λέγομεν.
3504 3529 3525 3563 ι
3558 3510 3621 3565 El

2039 3602 2154 3674 γὰρ
2202 3604 2261 3658 ὲν
2313 3602 2517 3676 τούτῳ,
2544 3602 2624 3668 ὥς
2665 3620 2814 3668 τινες
2858 3602 3087 3669 οίονται,
3131 3603 3278 3659 τοῦτ’
3312 3603 3566 3659 ἐϐούλετο
3594 3606 3623 3659 ό

2038 3693 2195 3766 ἅγιος
2219 3695 2440 3766 δηλοῦν,
2469 3698 2566 3752 καὶ
2613 3696 2825 3767 ταύτην
2861 3692 2979 3767 εἶχε
3007 3697 3108 3769 τὴν
3157 3692 3389 3765 ἔννοιαν,
3431 3700 3516 3753 ὅτι
3542 3701 3610 3753 ὲκ

2036 3784 2136 3839 τοῦ
2168 3785 2305 3841 Υίοῦ
2335 3786 2437 3839 οὐκ
2480 3786 2623 3852 εστι,
2658 3786 2880 3851 πάντως
2917 3787 2984 3843 ἂν
3017 3786 3079 3840 τὸ
3107 3787 3336 3860 Πνεῦμα
3365 3789 3427 3843 τὸ
3467 3790 3624 3859 ἅγιον

2038 3879 2103 3933 ἐκ
2133 3880 2297 3950 μόνου
2325 3878 2422 3934 τοῦ
2450 3880 2662 3952 Πατρδς
2708 3882 2738 3935 ὀ
2792 3880 3116 3945 διδάσκαλος
3146 3880 3285 3953 ᾤετο
3314 3882 3415 3954 τὴν
3445 3883 3623 3952 ῦπαρ-

2039 3969 2124 4037 ξιν
2158 3969 2323 4040 ἔχειν.
2361 3971 2425 4025 Et
2461 3970 2520 4026 δὲ
2557 3971 2740 4038 τοῦτο,
2777 3972 2877 4027 καὶ
2904 3972 3128 4042 ἀμέσως
3157 3976 3221 4027 ὲκ
3252 3972 3352 4027 τοῦ
3385 3973 3619 4043 Πατρός

2038 4063 2090 4118 ει
2119 4060 2177 4117 δὲ
2205 4063 2454 4135 ἀμέσως,
2499 4064 2597 4119 καὶ
2643 4064 2722 4137 τῷ
2749 4065 3076 4137 προϐάλλειν
3116 4066 3212 4121 τοῦ
3245 4066 3459 4137 Πατρδς
3491 4066 3624 4121 ὑπο-

2041 4157 2304 4210 στατικὸν
2354 4151 2499 4211 εἶναι
2526 4173 2540 4188 ·
2597 4157 2692 4213 καὶ
2728 4159 2779 4212 εί
2817 4158 2977 4213 τοῦτο
3033 4159 3220 4225 πάλιν,
3258 4158 3622 4229 ἀκοινώνητον

2036 4240 2178 4301 εῖναι
2229 4246 2309 4318 τῷ
2340 4246 2460 4315 Υίῷ
2480 4263 2496 4280 ο
2534 4247 2602 4303 τὰ
2654 4247 3147 4320 γὰρνύποστατικὰ
3173 4249 3286 4304 τῶν
3312 4250 3622 4320 προσώπων

2035 4332 2148 4392 ῐδια
2177 4337 2273 4393 καὶ
2325 4339 2508 4395 πάντα
2556 4342 2760 4413 τρόπον
2800 4343 3055 4416 ἀλλήλοις
3092 4343 3460 4415 ἀκοινώνητα.
3490 4344 3616 4408 Πῶς

2035 4428 2131 4485 οῦν
2164 4430 2261 4483 τὸν
2291 4430 2516 4503 Πατέρα
2561 4434 2835 4505 προϐολέα
2879 4435 2970 4489 διὰ
3016 4435 3194 4504 Λόγου
3232 4434 3328 4491 τοῦ
3357 4437 3623 4505 ὲκφαντο-

2040 4521 2200 4593 ρικςρῦ
2239 4521 2565 4596 Πνεύματος
2619 4525 2813 4597 λέγεις
2850 4527 2974 4591 Πῶς
3016 4528 3093 4595 ix
3146 4526 3242 4582 τοῦ
3295 4528 3506 4597 Πατρὸς
3535 4527 3625 4582 διὰ

343 4625 457 4681 bile
483 4639 605 4680 esse
637 4622 811 4690 Filio;
846 4620 1209 4678 constitutiva
1240 4623 1392 4678 enim
1423 4635 1784 4694 personarum
1809 4640 1930 4696 pro-

2041 4617 2302 4669 τοῦιΐὶοῦ
2337 4617 2740 4679 ἐπιπορεύεσθαι
2775 4620 2838 4674 τὸ
2884 4619 3112 4691 Πνεῦμα
3164 4620 3433 4692 πολλαχοῦ
3477 4621 3623 4677 διδά-

346 4714 466 4785 pria
497 4724 647 4779 sunt,
703 4722 759 4768 et
797 4712 951 4768 nullo
995 4711 1162 4768 modo
1224 4712 1294 4769 ad
1325 4713 1570 4770 invicem
1621 4714 1934 4770 communi-

340 4805 546 4862 eabilia
581 4801 905 4876 :quomodo
956 4803 1126 4875 igitur
1158 4805 1377 4862 Patrem
1406 4804 1802 4877 productorem
1827 4821 1928 4878 per

346 4897 590 4957 Verbum
645 4896 1037 4953 manifestativi
1091 4897 1333 4968 Spiritus
1376 4899 1614 4956 asserit?
1649 4898 1935 4966 Quomodo

344 5008 415 5048 ex
444 4992 608 5047 Patre
640 5006 740 5062 per
789 4989 989 5045 Filium
1030 4989 1299 5061 Spiritum
1329 4990 1635 5062 procedere
1661 4990 1850 5046 multis
1876 4990 1934 5045 in

348 5083 488 5143 locis
516 5082 721 5138 docet?
750 5083 1060 5149 Quomodo,
1089 5084 1138 5139 si
1162 5084 1375 5139 nullum
1412 5084 1685 5149 ordinem,
1721 5082 1812 5138 vel
1838 5082 1937 5137 ha-

350 5174 658 5231 bitudinem
693 5173 932 5244 Spiritus
986 5175 1154 5231 habet
1185 5176 1251 5230 ad
1294 5175 1516 5243 Filium,
1548 5175 1646 5241 ait,
1689 5175 1933 5231 Verbum

344 5276 535 5327 autem
580 5275 796 5336 oportet
829 5267 1099 5338 Spiritum
1131 5267 1368 5325 habeat?
1419 5268 1545 5324 Haec
1597 5268 1746 5324 enim
1799 5282 1934 5323 eon-

348 5358 516 5413 traria
554 5359 776 5428 penitus
800 5367 932 5414 sunt
972 5359 1040 5414 ad
1068 5360 1330 5416 invicem.
1364 5359 1423 5417 Si
1456 5361 1604 5417 enim
1635 5361 1935 5432 productor

350 5464 446 5513 per
466 5449 725 5516 Verbum,
752 5466 861 5507 non
895 5451 1085 5522 utique
1110 5451 1514 5523 hypostatieum
1537 5453 1715 5510 Patris
1732 5453 1935 5522 produ-

345 5560 495 5611 cere;
514 5556 570 5601 et
585 5547 632 5602 si
649 5564 715 5603 ex
733 5549 892 5605 Patre
912 5550 1229 5607 immediate
1247 5551 1498 5621 profecto
1529 5564 1640 5604 non
1674 5563 1774 5620 per
1795 5550 1934 5605 Ver-

348 5630 476 5689 bum
501 5639 842 5707 procederet.
861 5639 1075 5713 Quippe
1091 5657 1188 5712 per
1204 5641 1446 5696 Verbum
1469 5639 1791 5710 procedere.
1814 5655 1933 5696 me-

344 5724 499 5780 dium
518 5745 640 5787 esse
653 5731 853 5788 Filium
872 5734 1178 5812 clarissime
1195 5731 1458 5788 ostendit.
1477 5730 1636 5797 Quod
1653 5731 1931 5803 Nyssenus

348 5819 542 5886 ttadit,
589 5834 647 5878 et
676 5838 783 5882 una
819 5840 943 5880 cum
980 5839 1049 5879 eo
1077 5823 1267 5879 cuncti
1303 5821 1569 5894 theologi,
1620 5832 1785 5892 atque
1818 5830 1931 5877 ter-

346 5907 457 5963 tius
487 5924 518 5965 a
546 5911 705 5971 Patre
736 5913 977 5988 Spiritus
1004 5922 1228 5970 sanctus
1257 5911 1454 5968 ordine
1482 5911 1639 5984 juxta
1670 5925 1927 5984 magnum

2049 4724 2216 4776 σκει;
2254 4708 2379 4774 Πῶς
2408 4710 2460 4766 εί
2492 4709 2766 4782 μηδεμίαν
2796 4712 2977 4781 τάξιν,
3013 4713 3048 4785 ἢ
3088 4711 3278 4786 σχέσιν
3307 4714 3371 4769 τὸ
3399 4713 3625 4785 Πνεῦμα

2045 4800 2189 4875 πρὸς
2223 4802 2317 4856 τὸν
2343 4802 2474 4857 Υίδν
2503 4804 2641 4874 ἔχει,
2702 4805 2858 4875 φησι,
2903 4824 2923 4858 ‹
2959 4807 3053 4859 Δεῖ
3096 4805 3153 4860 δὲ
3199 4804 3293 4862 τὸν
3324 4806 3501 4875 Λόγον
3531 4808 3629 4862 καὶ

2044 4892 2271 4964 Πνεῦμα
2335 4894 2522 4966 ἔχεως
2590 4914 2610 4949 ι
2666 4895 2856 4951 Ταῦτα
2911 4896 3021 4966 γάρ
3072 4897 3293 4952 ἐναντία
3350 4898 3624 4961 παντελῶς

2043 4986 2319 5058 ἀλλήλοις.
2356 4988 2423 5043 Εί
2472 4987 2583 5058 γὰρ
2621 4988 2927 5059 προὸολεὺς
2968 4989 3057 5044 διὰ
3090 4989 3288 5057 Λόγου,
3321 4990 3424 5043 ούκ
3442 4989 3510 5045 ἂν
3539 4990 3625 5061 εἴη

2043 5077 2140 5133 τοῦ
2178 5078 2399 5148 Πατρὸς
2447 5077 2818 5133 ὑποστατικδν
2856 5079 2917 5133 τὸ
2967 5079 3321 5150 προϐάλλειν·
3347 5079 3443 5134 καὶ
3470 5081 3520 5133 εί
3560 5080 3626 5133 ὲκ

2042 5167 2136 5223 τοῦ
2174 5168 2389 5241 Πατρὺς
2443 5170 2692 5240 ἀμέσως,
2746 5169 2847 5223 οὐκ
2900 5169 2968 5224 ἂν
3011 5170 3101 5225 διὰ
3152 5168 3248 5224 τοῦ
3294 5168 3431 5225 Υίοῦ
3457 5172 3623 5225 ἐκπο-

2045 5262 2282 5333 ρεύοιτο.
2335 5259 2408 5316 Τὸ
2449 5261 2559 5332 γὰρ
2608 5261 2698 5315 διά
2728 5261 2823 5315 τοῦ
2855 5262 2991 5316 Υίοῦ
3024 5263 3429 5334 ἐκπορεύεσθαι
3461 5264 3624 5333 μωὸυ

2041 5370 2185 5420 τητα
2217 5351 2311 5406 τοῦ
2354 5352 2392 5405 Υ
2398 5351 2478 5407 ἰοῦ
2511 5352 2836 5424 περιφανῶς
2873 5353 3164 5424 ἐμφαίνει,
3210 5355 3276 5426 ἢν
3328 5355 3358 5408 ό
3400 5354 3622 5423 Νύσσης

2042 5445 2391 5515 παραδίδωσι
2419 5446 2520 5499 καὶ
2550 5444 2678 5516 μετ’
2711 5444 2882 5500 αὑτοῦ
2924 5446 3131 5510 πάντες
3152 5447 3207 5499 oi
3237 5446 3503 5515 θεολόγοι·
3528 5445 3623 5499 καὶ

2018 5541 2226 5613 ιτρίτον
2255 5540 2365 5596 ἀπὸ
2397 5539 2488 5594 τοῦ
2522 5539 2739 5609 Πατρδς
2762 5539 2826 5593 τὸ
2850 5539 3077 5611 Πνεῦμα
3109 5539 3173 5593 τὸ
3200 5537 3360 5608 ἅγιον
3381 5541 3449 5610 τῇ
3469 5536 3621 5603 τάξει

2040 5634 2185 5688 κατὰ
2230 5633 2324 5686 τὸν
2376 5631 2555 5703 μέγαν
2592 5631 2886 5685 Βασίλειον
2914 5630 3238 5700 διορίζεται.
3277 5630 3390 5685 Καὶ
3419 5629 3529 5703 μὴν
3554 5629 3618 5684 ού

2044 5730 2228 5799 μόνον,
2278 5725 2356 5790 ὦς
2397 5742 2547 5788 τινες
2579 5725 2988 5797 ἐκλαμϐάνονσι
3028 5725 3128 5797 τὴν
3168 5724 3335 5790 λέξιν,
3381 5722 3622 5786 ἐναντίος

2041 5822 2109 5874 ἂν
2140 5821 2168 5873 ὁ
2216 5816 2543 5881 διδάσκαλος
2571 5818 2754 5887 ἑαυτῷ
2793 5819 2904 5888 είη,
2951 5815 3088 5873 ἀλλὰ
3122 5821 3220 5873 καὶ
3244 5818 3358 5881 τοῖς
3386 5816 3496 5887 πρὸ
3519 5816 3623 5868 αύ-

2039 5906 2133 5965 τοῦ
2185 5908 2548 5973 διδασκάλοις.
2583 5908 2651 5965 Oi
2688 5911 2786 5981 μὲν
2817 5910 2946 5982 γὰρ,
2986 5927 3005 5962 ι
3060 5910 3155 5964 Ἐκ
3197 5909 3291 5963 τοῦ
3317 5906 3449 5963 Υίυῦ
3478 5909 3625 5973 ἐστι,
