4036 6446
356 271 464 334 9Ξ9

1283 274 1383 336 DE
1424 222 1944 337 PROCESSlONE
1984 274 2343 338 SPIRITUS
2382 270 2673 336 SANCTI.

3499 276 3609 343 930

355 388 490 457 φασὶ
519 428 534 453 ,
584 386 681 441 καὶ
720 387 782 440 ἐκ
833 388 931 455 τῆς
994 389 1181 455 οὐσίας
1238 391 1445 456 αὑτοῦ,
1503 393 1597 445 καὶ
1659 392 1719 458 ἐξ
1761 390 1922 446 αὑτοῦ

2032 391 2297 448 Basilium
2325 393 2702 449 constituitur.
2733 392 2801 448 Et
2831 399 3094 463 prmtcrea
3130 407 3241 449 non
3269 402 3508 461 tantum,
3543 408 3607 453 ut

350 479 620 549 πρόεισινο
655 496 676 532 ι
708 481 737 532 6
757 479 803 532 δ’
823 480 926 535 οὐκ
952 475 1092 536 εἶναι
1129 482 1194 536 ἐκ
1236 482 1330 537 τοῦ
1363 482 1517 548 Υῐοῦ,
1545 484 1670 538 οὐδὲ
1727 486 1791 538 ἐκ
1820 486 1920 554 τῆς

349 570 542 635 οὐσίας
588 570 780 637 αὐτοῦ,
836 572 951 626 οὐδ’
987 572 1050 639 ἐξ
1096 573 1268 628 αὐτοῦ
1319 574 1592 644 προϊέναι.
1633 574 1821 628 Ταῦτα
1860 573 1918 627 δὲ

349 661 806 733 ὁμολογουμένως
831 662 1139 732 ἀντίφασις.
1186 663 1279 728 Ἐξ
1309 656 1383 717 ὧν
1413 664 1606 718 ἕπεται
1654 665 1687 735 ἢ
1732 663 1921 718 τοῦτον

354 755 515 823 μόνον
545 753 865 808 διδάσκαλον
904 753 1196 825 ὁμολογεῖν
1249 750 1391 810 εἶναι
1424 757 1525 826 τῆς
1562 755 1918 824 Ἐκκλησίας,

350 846 445 897 καὶ
469 843 586 914 ἃμα
611 844 767 913 ἅγιον
794 846 1143 914 ἀποφαίνειν,
1171 847 1559 919 ἀμελουμένων
1584 849 1693 902 τῶν
1722 848 1918 911 ἄλλων,

349 936 494 989 ὀκνῶ
524 936 637 1005 γὰρ
661 937 1162 1009 άπορῤιπτομένων
1193 940 1396 1002 εἰπεῖν,
1420 938 1454 1008 ἦ
1482 938 1550 993 τὸ
1587 938 1790 1010 πλῆθος
1827 938 1924 992 καὶ

351 1030 411 1082 τὸ
438 1029 728 1099 πρεσϐεῖον
763 1029 1117 1099 αἰδουμένους
1140 1030 1385 1097 ἐκείνων,
1415 1032 1493 1100 μὴ
1519 1031 1922 1102 παραδέχεσθαι

349 1119 558 1173 τοῦτον.
606 1119 769 1173 Ἀλλά
816 1122 975 1174 τοῦτο
1008 1120 1230 1176 ἄτοπονο
1278 1121 1383 1193 χρὴ
1414 1120 1523 1193 γὰρ
1555 1121 1804 1185 ἅπαντας
1833 1123 1923 1175 εύ-

349 1211 534 1274 λαϐὦς
583 1213 730 1282 ἡμᾶς
769 1212 1100 1282 δεχομένους
1145 1215 1239 1268 καὶ
1274 1214 1600 1283 σεϐομένους
1622 1254 1638 1279 ,
1673 1213 1749 1276 ὡς
1780 1214 1923 1284 ὑπὲρ

349 1302 448 1370 τῆς
498 1304 530 1372 ἡ
542 1301 661 1371 μῶν
710 1303 990 1374 σωτηρίας
1025 1304 1132 1356 ύπδ
1159 1303 1254 1358 τοῦ
1284 1304 1421 1358 Θεοῦ
1453 1304 1920 1374 ἐμπνευσθέντας,

351 1393 407 1456 ὃς
459 1395 558 1446 οὐκ
611 1392 678 1447 ἂν
721 1393 998 1466 ἠθέλησεν,
1028 1393 1232 1462 ἀγαθὸς
1260 1392 1358 1462 ὢν,
1402 1393 1491 1449 διά
1533 1395 1744 1448 τούτων
1795 1395 1924 1459 τοὺς

351 1480 581 1554 ὕστερον
630 1484 873 1554 άπατᾷν,
918 1482 1021 1549 ab;
1067 1485 1228 1539 ἐϐούλ
1243 1502 1334 1538 ετο
1366 1486 1504 1556 πρὸς
1532 1487 1633 1555 τὴν
1662 1485 1924 1557 ἀλήθειαν

350 1574 573 1642 ἀνάγειν
598 1590 612 1605 ο
672 1575 782 1647 χρὴ
828 1575 1008 1631 τοίνυν
1047 1575 1189 1631 οὕτω
1242 1576 1311 1631 τὰ
1348 1576 1574 1630 ἐκείνων
1606 1576 1922 1645 ἐξηγεῖσθαι

351 1663 679 1733 πειρᾶσθαι,
713 1662 791 1727 ὡς
823 1664 890 1720 ἂν
919 1665 1057 1736 πρός
1094 1682 1154 1719 τε
1189 1666 1420 1730 ἑαυτοὺς
1447 1667 1542 1720 καὶ
1578 1666 1829 1738 ἀλλήλοις
1872 1669 1922 1720 οἱ

2023 487 2272 542 nonnulli
2300 486 2576 557 accipiunt
2600 485 2896 541 dictionem
2932 486 3247 542 contrarius
3274 488 3378 543 sibi
3409 488 3604 545 doctor

2024 585 2194 641 esset,
2225 578 2320 634 sed
2349 587 2406 634 et
2433 578 2753 633 doctoribus
2775 578 2869 650 qui
2896 587 3023 633 ante
3047 578 3230 649 ipsum
3253 583 3601 638 exstiterunt.

2023 666 2089 721 1Ιί
2105 669 2250 723 enim
2268 669 2490 739 quidem
2511 684 2580 724 ex
2593 668 2734 724 Filio
2764 683 2885 724 esse
2915 670 3091 734 aiunt,
3120 679 3175 727 et
3203 687 3271 727 ex
3293 674 3601 729 substantia

2022 759 2163 830 ejus,
2179 769 2230 815 et
2246 777 2313 815 ex
2331 762 2451 828 ipso
2471 762 2794 832 procedere;
2820 762 2913 818 ille
2929 779 3062 823 vero
3086 779 3197 819 non
3215 780 3339 821 esse
3352 780 3417 820 ex
3435 763 3599 831 Filio,

2024 862 2203 917 neque
2230 864 2296 903 ex
2328 851 2634 906 substantia
2658 852 2799 923 ejus,
2834 852 3014 921 nequ'e
3043 853 3111 907 ab
3132 853 3251 924 ipso
3278 857 3599 924 procedere.

2023 939 2149 994 Haec
2170 948 2348 995 autem
2376 943 2494 997 sine
2521 944 2898 998 controversia
2927 958 3056 1000 sunt
3103 947 3493 1003 contradictio.
3521 946 3600 1003 Ex

2023 1029 2225 1097 quibus
2243 1030 2512 1099 sequitur,
2535 1032 2620 1086 vel
2651 1031 2933 1087 fatendum
2963 1034 3111 1089 hunc
3157 1035 3331 1090 solum
3357 1051 3481 1092 esse
3509 1035 3607 1092 dd-

2024 1126 2230 1172 ctorem
2249 1118 2524 1187 Ecclesiae,
2540 1131 2597 1176 et
2611 1123 3035 1180 simulsanctum
3061 1124 3395 1190 habendum,
3416 1128 3604 1197 negle-

2022 1206 2127 1262 ctis
2145 1210 2289 1272 aliis,
2306 1225 2504 1265 vereor
2520 1212 2665 1266 enim
2690 1215 2908 1283 rejectis
2924 1215 3107 1269 dicere
3129 1234 3143 1277 ;
3163 1216 3249 1271 vel
3265 1218 3602 1273 multitudini

2022 1306 2078 1353 et
2107 1300 2420 1369 antiquitati
2458 1302 2674 1357 illorum
2695 1307 3008 1373 praestando
3030 1309 3416 1370 reverentiam,
3448 1310 3600 1364 hunc

2025 1404 2126 1445 non
2146 1404 2271 1447 esse
2287 1393 2680 1464 recipiendum.
2699 1397 2806 1452 Sed
2823 1398 2927 1452 hoc
2941 1398 3240 1454 absurdum
3260 1400 3601 1471 est.0portet

2023 1481 2170 1536 enim
2192 1497 2383 1539 omnes
2410 1496 2728 1542 reverenter
2760 1489 3031 1558 recipere,
3069 1504 3134 1545 ac
3163 1491 3439 1556 venerari,
3477 1498 3601 1545 tan-

2025 1587 2191 1641 quam
2212 1588 2310 1629 eos
2324 1576 2416 1644 qui
2453 1591 2483 1630 a
2507 1576 2613 1631 Deo
2643 1593 2740 1646 pro
2774 1579 2948 1634 salute
2980 1590 3164 1636 nostra
3184 1581 3392 1637 fuerint
3427 1583 3604 1652 inspi-

2026 1665 2153 1718 rati.
2176 1663 2279 1730 Qui
2305 1674 2456 1721 certe
2479 1683 2603 1721 cum
2638 1669 2710 1722 sit
2734 1669 2932 1738 bonus,
2956 1685 3054 1740 per
3085 1688 3181 1728 eos
3203 1677 3393 1743 utique
3425 1675 3606 1729 noluit

350 1754 667 1810 διδάσκαλοι
712 1757 1050 1826 συμφωνῶσι
1075 1772 1088 1788 ’
1122 1756 1219 1811 καὶ
1270 1757 1505 1829 μάλιστα
1531 1759 1628 1812 ἐπὶ
1673 1757 1769 1812 τοῦ
1810 1758 1922 1812 νυνὶ

2033 1756 2371 1826 posteriores
2405 1757 2683 1831 decipere,
2739 1776 2879 1831 quos
2927 1763 3149 1820 volebat
3193 1766 3262 1819 ad
3312 1767 3603 1822 veritatem

353 1849 746 1918 προκειμένου,
776 1846 866 1916 ἐφ’
890 1840 952 1902 οὗ
991 1848 1128 1902 πολὺ
1171 1847 1235 1901 τὸ
1260 1847 1359 1919 τῆς
1386 1848 1718 1918 φιλονεικίας
1756 1851 1927 1921 πρού-

353 1938 624 2011 χώρησεν.
659 1940 838 2011 ὀπερ
894 1940 1009 1993 οὐκ
1040 1938 1106 1994 ἂν
1164 1938 1344 2004 ἄλλως
1402 1940 1796 2012 συμφωνηθείη
1830 1944 1928 1996 καὶ

358 2030 586 2095 σώζοιτο
636 2034 784 2101 μετὰ
819 2033 1040 2090 πάντων
1067 2038 1161 2090 καὶ
1188 2038 1277 2091 διὰ
1307 2038 1549 2106 πάντων,
1573 2039 1622 2092 εί
1647 2037 1723 2111 μὴ
1748 2040 1928 2108 λέγοι-

357 2137 459 2191 μεν
502 2122 891 2192 άσφαλέστατα
924 2125 1022 2196 τὴν
1049 2126 1152 2196 μέν
1191 2126 1261 2182 ἐκ
1290 2129 1386 2181 ἐπὶ
1421 2128 1517 2183 τοῦ
1554 2128 1686 2184 Υἱοῦ
1712 2130 1790 2199 τῷ
1819 2131 1928 2185 Δα-

352 2213 619 2285 μασκηνῷ
652 2214 727 2287 μὴ
762 2216 1214 2288 παραληφθῆναι,
1253 2217 1341 2271 ἵνα
1374 2218 1451 2290 μὴ
1479 2220 1514 2290 ἢ
1541 2218 1601 2273 ἐν
1632 2221 1929 2292 πρόσωπον

348 2304 379 2357 ὁ
418 2305 607 2375 Πατὴρ
661 2307 754 2361 καὶ
798 2309 826 2361 6
869 2307 998 2372 Υἱὸς
1052 2308 1461 2380 ὑποπτευθείη,
1512 2309 1605 2364 διὰ
1657 2309 1756 2381 τὴν
1816 2311 1928 2366 τῶν

351 2394 663 2464 προθέσεων
709 2395 1007 2468 ὁμοιότητα
1030 2411 1046 2428 ο
1114 2395 1149 2468 ἢ
1211 2396 1288 2469 μὴ
1341 2397 1476 2468 δοκῇ
1517 2396 1690 2467 μηδὲν
1733 2396 1926 2451 ἑαυτοῦ

354 2485 852 2558 προεπινοούμενον
883 2488 913 2540 ὁ
947 2487 1078 2552 Υἱὸς
1108 2487 1276 2559 ἔχειν,
1297 2485 1490 2558 ὥσπερ
1524 2487 1623 2541 καὶ
1651 2489 1680 2542 6
1714 2489 1926 2558 Πατὴρ,

350 2578 445 2631 καὶ
476 2578 647 2633 τᾶλλα
703 2580 807 2634 ὅσα
839 2582 1151 2649 πρόκειταιο
1184 2581 1284 2649 τὴν
1324 2579 1385 2634 δὲ
1432 2578 1530 2633 διὰ
1559 2580 1657 2634 καὶ
1690 2580 1928 2647 μάλιστα

350 2668 641 2739 δέξασθαι,
668 2671 752 2725 ὅτι
783 2670 885 2743 τὴν
914 2669 1071 2737 τάξιν
1108 2672 1242 2742 ἡμῖν
1279 2670 1388 2725 τῶν
1420 2670 1731 2737 προσώπων
1782 2670 1920 2740 μετὰ

345 2761 450 2833 τῆς
494 2763 740 2827 Μονάδος
788 2763 1092 2837 παρίστησι
1139 2762 1231 2818 διὰ
1279 2762 1380 2836 τὴν
1418 2763 1624 2834 ἑαυτῆς
1663 2762 1926 2834 ἰδιότητα.

360 2850 511 2911 Ἐπεὶ
564 2858 706 2929 μετὰ
747 2859 851 2928 τῆς
904 2859 1150 2924 Μονάδος
1204 2862 1300 2914 καὶ
1345 2859 1448 2930 τὴν
1475 2859 1586 2914 τῶν
1616 2858 1929 2931 προσώπων

347 2947 622 3021 διάκρισιν
649 2948 936 3022 ὁμολογεῖν
969 2948 1262 3021 ὀφείλομεν
1294 2951 1436 3006 κατὰ
1465 2950 1564 3021 τὴν
1629 2951 1931 3022 ποιροιδεδο⁴

2027 1845 2319 1905 adducere.
2362 1848 2593 1921 Oportet
2638 1853 2808 1924 igitur
2836 1854 2918 1909 sic
2945 1870 3136 1911 eorum
3174 1858 3380 1928 scripta
3414 1860 3605 1915 conari

2026 1953 2323 2009 exponere,
2360 1952 2420 1995 ut
2454 1951 2510 1997 et
2555 1944 2905 2015 sibimetipsi,
2953 1953 3010 2002 et
3043 1947 3190 2003 inter
3226 1963 3287 2003 se
3349 1942 3606 2006 doctores

2027 2030 2384 2094 conveniant;
2429 2033 2731 2102 praesertim
2769 2035 2824 2089 in
2860 2035 3120 2104 praesenti
3154 2038 3442 2107 proposito
3472 2040 3609 2111 dog-

2029 2125 2193 2183 mate,
2221 2118 2276 2172 in
2299 2120 2604 2188 quo,multa
2627 2125 2917 2178 contentio
2946 2123 3135 2180 habita
3157 2133 3262 2180 est.
3292 2124 3447 2191 Quod
3471 2143 3605 2183 sane

2027 2207 2190 2264 aliter
2220 2224 2343 2264 cum
2386 2212 2650 2267 omnibus
2696 2222 2755 2269 et
2795 2230 2894 2284 per
2927 2214 3115 2270 omnia
3143 2217 3462 2272 concordari
3494 2234 3603 2275 non

2027 2308 2237 2372 posset,
2268 2301 2376 2357 nisi
2430 2303 2745 2360 ﬁrmissime
2776 2306 3106 2372 dixerimus,
3157 2309 3604 2379 praepositionem

2028 2408 2094 2447 ea:
2142 2408 2173 2448 a
2203 2393 2546 2452 Damasceno
2581 2396 2636 2450 in
2684 2395 2829 2452 Filio
2878 2413 2987 2453 non
3036 2413 3158 2455 esse
3187 2410 3493 2471 acceptam,
3533 2419 3606 2460 ne

2027 2486 2115 2540 vel
2146 2500 2308 2541 unam
2335 2500 2627 2556 personam
2664 2486 2881 2544 Patrem
2915 2496 2970 2544 et
2997 2486 3197 2546 Filium
3224 2506 3346 2547 esse
3379 2503 3627 2564 propter'

2028 2575 2450 2634 similitudinem
2476 2579 2925 2650 praepositionum
2972 2582 3172 2652 aliquis
3195 2583 3606 2654 suspicaretur;

2028 2667 2115 2722 vel
2163 2682 2235 2723 ne
2275 2669 2535 2726 videatur
2568 2671 2738 2726 Filius
2771 2680 2833 2726 ut
2865 2671 3049 2737 Pater,
3101 2673 3238 2728 nihil
3271 2675 3378 2730 sibi
3410 2677 3610 2746 pra-iu-

2030 2759 2310 2816 telieetum
2335 2760 2563 2829 habere,
2600 2771 2657 2819 et
2686 2777 2756 2818 ne
2787 2769 3157 2834 sequerentur
3183 2764 3289 2820 alia
3313 2782 3434 2836 quae
3459 2766 3608 2823 dicta

2028 2857 2178 2905 sunt.
2210 2849 2663 2920 Praepositionem
2695 2857 2880 2906 autem
2908 2867 3002 2920 per
3033 2852 3380 2921 potissimum
3414 2855 3609 2909 Dama-

2029 2954 2253 2997 scenum
2278 2941 2636 3010 approbasse,
2660 2941 2807 3012 quod
2826 2942 3075 2998 ordinem
3099 2958 3456 3013 personarum
3476 2961 3602 3001 cum

352 3038 525 3110 μένην
554 3040 689 3111 ἡμῖν
720 3040 924 3098 πίστιν.
958 3041 1026 3095 Ἀ
1060 3040 1126 3112 δὴ
1154 3041 1249 3097 καὶ
1280 3042 1449 3113 ἄμφω
1490 3042 1551 3096 τὸ
1579 3042 1644 3095 ἐκ
1682 3041 1777 3094 τού
1817 3043 1922 3095 Πα-

2035 3032 2266 3087 monade
2289 3030 2451 3087 nobis
2479 3031 2753 3102 exprimat
2775 3032 2847 3087 ob
2873 3032 2993 3103 ejus
3020 3033 3434 3102 proprietatem.
3457 3034 3607 3102 Quo.

348 3131 475 3203 τρδς
495 3132 563 3186 δι’
586 3133 714 3186 Υίοῦ
746 3132 1008 3202 λέγεσθαι
1047 3134 1108 3187 τὸ
1143 3133 1298 3203 ἆγιον
1325 3133 1727 3204 ἐκπορεύεσθαι
1758 3134 1929 3188 Πνεῦ-

353 3242 430 3295 μα
458 3226 770 3297 ἐμφανίζει·
806 3225 867 3279 τὸ
899 3224 944 3280 δ’
973 3226 1038 3278 ἐκ
1064 3224 1159 3278 τοῦ
1175 3224 1309 3280 Υίοῦ
1336 3223 1591 3294 λέγεσθαι
1621 3225 1681 3279 ού
1711 3225 1883 3295 δήπου
1906 3241 1921 3255 ε

356 3316 598 3387 Ἠρεσεν
648 3311 745 3370 οὖν
798 3315 950 3388 αὐτῷ
986 3314 1190 3388 μᾶλλον
1224 3315 1325 3388 τὴν
1368 3315 1508 3387 μετὰ
1558 3316 1656 3386 τῆς
1683 3316 1927 3379 Μονάδος

350 3408 449 3462 καὶ
521 3406 623 3478 τὴν
678 3407 956 3479 διάκρισιν
1015 3406 1392 3477 ἐμφαίνουσαν
1439 3406 1540 3461 διὰ
1582 3408 1925 3479 παραλαϐεῖν

238 3521 253 3528 -
349 3498 607 3569 πρόθεσιν
633 3498 666 3570 ἢ
702 3498 800 3571 τὴν
822 3499 893 3554 ἐκ
918 3500 1104 3554 αἰτίαν
1130 3500 1292 3571 μόνον
1319 3502 1414 3554 καὶ
1436 3500 1497 3552 ού
1522 3496 1804 3569 διάκρισιν
1831 3501 1927 3574 δη-

349 3589 569 3647 λοῦσαν.
602 3591 769 3645 Ὥστε
817 3592 1077 3663 τοιαύτην
1133 3590 1316 3664 πηγὴν
1357 3594 1385 3645 6
1422 3592 1786 3662 Δαμασκηνὸς
1830 3592 1927 3645 sui.

349 3680 443 3735 τοῦ
477 3681 606 3737 Υἱοῦ
660 3683 1008 3755 άπαρνεῖται,
1071 3680 1192 3736 οἵαν
1231 3685 1260 3736 6
1305 3682 1480 3752 μέγας
1513 3681 1788 3745 Διονύσιος
1831 3683 1927 3736 ἐπὶ

347 3774 443 3829 τοῦ
476 3770 691 3845 Ila-r96:
747 3774 930 3846 τίθησι
996 3773 1168 3847 μόνην
1215 3775 1400 3847 πηγὴν
1446 3772 1548 3845 τῆς
1595 3774 1922 3845 ύπερουσίου

347 3872 600 3945 θεότητος
634 3870 801 3927 αὐτὸν
830 3871 1027 3928 είπὼν.
1082 3871 1339 3926 Τοιοῦτον
1379 3869 1437 3927 δὲ
1467 3872 1639 3926 αῐτιον
1671 3873 1764 3924 τοῦ
1794 3869 1923 3924 Υίοῦ

344 3968 683 4036 ἀφαιρεῖται,
725 3967 907 4020 ὁποῖον
940 3965 970 4017 ὁ
1017 3964 1378 4033 Αὐγουστῖνος
1407 3963 1500 4016 τὸν
1530 3961 1750 4032 Πατέρα
1792 3961 1920 4030 ἔφη,

345 4054 572 4125 ἀρχικὸν
622 4054 799 4108 αἴτιον
843 4050 1012 4105 αὐτὸν
1049 4048 1367 4123 προσειπών
1392 4066 1407 4082 ’
1439 4050 1523 4104 ὅτι
1554 4050 1653 4120 μὲν
1686 4048 1796 4118 γάρ
1828 4049 1923 4102 καὶ

348 4149 376 4200 6
405 4146 530 4212 Υἱὸς
568 4144 721 4219 πηγὴ
770 4143 866 4200 τοῦ
912 4142 1071 4211 ἁγίου
1102 4142 1422 4213 Πνεύματος
1451 4140 1694 4209 λέγεται,
1721 4139 1921 4193 πολλα-

348 4235 507 4306 χόθεν
538 4237 686 4308 παρᾶ
735 4234 845 4288 τῶν
893 4232 1230 4288 διδασκάλων
1261 4230 1481 4301 ἔχομεν·
1515 4229 1632 4283 ἀλλ’
1666 4229 1791 4281 ἐπεὶ
1824 4226 1919 4280 τοῦ

358 4324 493 4379 Υἰοῦ
526 4327 554 4379 6
596 4325 787 4396 Πατὴρ
821 4322 1255 4399 προεπινοεῖται,
1277 4318 1372 4372 τοῦ
1402 4317 1462 4371 δὲ
1488 4317 1703 4389 Πατρδς
1738 4315 1917 4385 οὐδὲν,

2032 3119 2179 3173 niam
2216 3134 2340 3174 cum
2387 3119 2621 3174 monade
2652 3133 3012 3189 personarum
3045 3134 3266 3190 quoque
3292 3121 3604 3178 distinctio-

2027 3226 2154 3267 nem
2206 3210 2460 3265 coniiteri
2506 3210 2796 3276 debemus,
2825 3213 3129 3265 secundum
3163 3212 3414 3266 traditam
3444 3213 3607 3270 nobis

2028 3304 2216 3359 ﬁdem.
2252 3303 2384 3369 Quae
2413 3317 2545 3358 sane
2583 3303 2745 3358 ambo
2774 3301 2907 3357 illud
2942 3303 3168 3366 indicat,
3201 3302 3308 3358 dici
3334 3303 3602 3373 Spiritum

2026 3403 2274 3451 sanctum
2308 3411 2376 3451 ex
2428 3395 2586 3450 Patre
2625 3408 2724 3464 per
2750 3393 2950 3449 Filium
2983 3396 3313 3464 procedere;
3367 3410 3435 3450 ex
3463 3396 3604 3451 Filio

2026 3493 2210 3541 autem
2235 3485 2365 3550 dici,
2401 3499 2605 3555 nempe
2635 3483 2884 3539 minime.
2922 3484 3138 3540 Placuit
3167 3485 3333 3556 igitur
3360 3486 3462 3555 ipsi
3490 3501 3605 3541 ma-

2026 3576 2110 3647 gis
2137 3575 2586 3647 praepositionem
2621 3591 2713 3643 per
2759 3588 2999 3640 sumere,
3038 3590 3161 3644 quae
3212 3590 3336 3630 cum
3368 3576 3605 3631 monade

2026 3668 2436 3724 distinctionem
2467 3664 2698 3727 indicat,
2731 3680 2896 3735 quam
2944 3680 3029 3731 ex,
3062 3679 3187 3735 quae
3232 3673 3445 3719 tantum
3472 3681 3604 3721 cau-

2025 3774 2166 3828 sam,
2201 3768 2259 3814 et
2295 3772 2406 3812 non
2443 3755 2859 3812 distinctionem
2890 3755 3187 3827 signiﬁcat.
3225 3755 3415 3827 itaque
3435 3759 3601 3812 talem

2025 3855 2233 3907 fontem
2268 3850 2637 3905 Damasccnus
2668 3848 2722 3902 in
2745 3847 2886 3903 Filio
2905 3856 3092 3920 negat,
3127 3848 3343 3918 qualem
3370 3863 3604 3919 magnus

2026 3942 2319 4014 Dionysius
2345 3943 2397 3996 in
2436 3939 2599 3996 Patre
2631 3938 2938 4003 constituit,
2968 3940 3147 3995 solum
3174 3939 3382 3996 fontem
3408 3956 3601 4011 super-

2024 4032 2404 4090 snbstantialis
2433 4031 2666 4087 Deitatis
2706 4030 2886 4099 ipsum
2919 4030 3240 4101 appellans:
3272 4031 3436 4107 talem
3469 4046 3601 4087 cau-

2024 4140 2139 4181 sam
2180 4123 2318 4180 Filio
2363 4123 2576 4190 adimit,
2625 4121 2842 4193 qualem
2877 4121 3217 4193 Augusﬁnus
3246 4121 3462 4177 Patrem
3513 4136 3608 4178 as-

2022 4217 2177 4283 serit,
2229 4215 2593 4287 principalem
2645 4229 2868 4270 causam
2922 4214 3100 4285 ipsum
3156 4228 3379 4270 vocans.
3441 4212 3600 4280 Quod

2019 4307 2169 4364 enim
2217 4306 2382 4363 etiam
2444 4305 2619 4361 Filius
2669 4304 2792 4360 fons
2849 4303 3071 4359 dicatur
3107 4302 3349 4372 Spiritus
3397 4303 3600 4368 sancti,

348 4418 513 4481 αὐτός
543 4434 603 4471 τε
644 4418 703 4483 ἐξ
736 4393 967 4471 *ἐκείνου
1005 4413 1227 4481 λέγεται
1258 4407 1419 4476 εἶναι,
1448 4410 1544 4464 καὶ
1580 4410 1719 4481 πρὸς
1751 4409 1919 4463 αὑτὸν

2022 4401 2214 4456 multis
2248 4414 2316 4453 cx
2350 4400 2485 4455 locis
2533 4399 2821 4453 doctorum
2863 4395 3149 4451 habemus.
3194 4393 3300 4449 Sed
3333 4395 3596 4464 quoniam

345 4510 699 4580 ἀναφέρεται,
732 4509 829 4562 καὶ
856 4507 963 4561 πᾶν
980 4488 1053 4559 ττί)
1095 4501 1228 4574 παρ’
1249 4501 1420 4555 αὑτοῦ
1451 4500 1745 4570 λεγόμενον
1776 4496 1918 4554 εἶναι

347 4602 488 4674 πρὸς
544 4603 645 4674 τὴν
693 4600 919 4672 πρώτην
974 4597 1156 4651 αίτίαν
1184 4594 1284 4667 τὴν
1318 4595 1601 4664 ἀναφορὰν
1635 4592 1749 4664 ἔχει
1776 4595 1921 4646 κατὰ

343 4695 437 4752 τὸν
467 4693 641 4765 μέγαν
664 4692 943 4746 Βασίλειον
968 4690 1026 4743 ὲν
1053 4689 1166 4752 τοῖς
1216 4687 1670 4759 Ἀντιρρητικοῖςο
1707 4682 1828 4738 καθ’
1863 4682 1921 4736 ὃν

344 4786 548 4858 τρόπον
594 4785 691 4839 καὶ
741 4785 888 4854 ῥίζα,
926 4783 1022 4836 καὶ
1076 4779 1272 4851 πηγὴ,
1320 4780 1416 4831 καὶ
1474 4777 1637 4848 μόνος
1683 4776 1856 4838 αῐτιος
1892 4775 1921 4827 ὁ

349 4879 538 4951 Πατὴρ
564 4876 771 4932 δύναιτ’
802 4876 869 4929 ἂν
897 4873 1153 4946 ῥηθῆναι,
1187 4872 1276 4926 ἵνα
1309 4871 1372 4924 τὸ
1406 4869 1466 4935 ἐξ
1490 4861 1553 4923 οὗ
1584 4866 1795 4940 δειχθῇ,
1826 4866 1923 4921 καὶ

353 4974 430 5045 μὴ
460 4973 609 5042 τρεῖς
655 4971 691 5042 ἢ
736 4968 831 5024 δύο
880 4966 1052 5038 ἀρχαὶ
1096 4962 1375 5027 πολυθέως
1406 4959 1809 5033 παραδεχθῶσι⁸
1841 4958 1922 5012 δ.ὸ

348 5067 445 5118 καὶ
481 5064 723 5135 εἴρηται,
749 5079 768 5113 ι
801 5059 887 5114 Ζῶ
915 5057 1022 5125 ἐγὼ
1052 5056 1141 5112 διὰ
1164 5056 1255 5112 τὸν
1284 5054 1522 5126 Πατέρα,
1545 5072 1564 5106 ι
1594 5055 1710 5116 καὶ,
1740 5069 1759 5103 ι
1786 5051 1921 5121 Περὶ

345 5157 449 5228 τῆς
509 5155 656 5228 ὥρας
701 5153 920 5222 ἐκείνης
974 5149 1149 5215 οὐδεὶς
1201 5143 1374 5211 οἶδεν,
1431 5145 1554 5200 οὐδὲ
1602 5147 1631 5198 6
1681 5143 1841 5207 Υἱὸς,
1893 5158 1913 5193 ›

348 5252 467 5317 καὶ,
490 5267 511 5303 ι
534 5249 653 5303 Ἀπ’
671 5246 907 5317 ἐμαυτοῦ
934 5241 1071 5299 ποιῶ
1089 5240 1266 5306 οὐδὲν,
1287 5259 1305 5293 ι
1329 5238 1447 5306 καὶ,
1470 5259 1488 5292 ι
1514 5236 1712 5301 Καθὼς
1736 5233 1921 5290 ἀκούω

346 5346 542 5415 κρίνω,
590 5360 609 5395 ι
636 5342 752 5402 καὶ,
777 5357 796 5391 ι
830 5339 898 5392 ἰι
928 5336 1039 5407 ἐμὴ
1065 5332 1254 5404 διδαχὴ
1272 5333 1373 5386 οὐκ
1403 5330 1551 5384 ἐστιν
1584 5328 1714 5400 ἐμὴ,
1746 5347 1767 5380 ›
1795 5327 1916 5392 καὶ,

354 5454 376 5488 ι
414 5435 472 5488 ’0
497 5434 688 5505 Πατήρ
717 5450 818 5503 μου
846 5429 1047 5501 μείζων
1077 5424 1178 5504 μού
1205 5426 1354 5479 ἐστιν
1373 5439 1389 5455 ο
1417 5442 1437 5475 ο
1462 5422 1555 5476 καὶ
1589 5421 1643 5474 εῑ
1663 5438 1715 5474 τι
1737 5417 1916 5474 τοιοῦ-

344 5544 440 5581 τον
466 5527 681 5598 εἴρηται
705 5522 854 5595 αὐτῷ
879 5523 1016 5593 πρὸς
1044 5519 1136 5573 τὸν
1167 5516 1387 5587 Πατέρα
1424 5515 1603 5572 πάντα
1634 5513 1916 5580 άνάγοντι.

349 5619 517 5673 Ὅθεν
548 5619 645 5673 καὶ
686 5619 715 5673 6
767 5617 941 5687 μέγας
976 5613 1114 5685 φησι
1164 5609 1472 5675 Βασίλειος,
1506 5625 1525 5659 ι
1579 5605 1642 5659 Ἡ
1691 5602 1791 5658 διὰ
1818 5603 1920 5655 οὐκ

348 5708 541 5764 ἄτονον
587 5706 682 5762 τοῦ
732 5704 863 5760 Υἱοῦ
909 5704 1206 5775 παρίστησι
1250 5699 1351 5770 τὴν
1397 5698 1722 5769 ἐνέργειαν,
1782 5690 1921 5747 ἀλλὰ

2021 4492 2161 4549 Filio
2186 4491 2346 4547 Pater
2376 4489 2842 4561 praeintelligitur,
2871 4487 3019 4544 Patri
3045 4494 3228 4541 autent
3260 4486 3424 4552 nihil,
3454 4484 3603 4556 ipse—

2020 4601 2129 4657 que
2156 4585 2331 4642 Filius
2362 4584 2431 4641 ab
2461 4598 2531 4639 eo
2566 4582 2772 4639 dicitur
2796 4596 2954 4648 esse;
2984 4588 3041 4635 et
3074 4579 3141 4635 ad
3176 4592 3303 4634 eum
3338 4577 3601 4644 refertur,

2020 4688 2077 4736 et
2107 4693 2271 4735 omne
2301 4676 2448 4749 quod
2483 4676 2552 4731 ab
2583 4677 2704 4746 ipso
2738 4672 2928 4744 (Filio)
2962 4672 3166 4728 dicitur
3200 4684 3345 4737 esse,
3384 4669 3452 4725 ad
3486 4670 3604 4741 pri-

1967 4803 1990 4821 ο
2021 4787 2162 4827 mam
2192 4786 2412 4827 causam
2444 4769 2764 4825 relationem
2796 4767 2961 4821 habet
2983 4764 3286 4820 secundum
3338 4776 3601 4835 magnum

2020 4864 2286 4921 Basilium
2328 4862 2384 4916 in
2433 4860 2595 4916 libris
2626 4844 3049 4925 coniutatoriis;
3092 4857 3246 4928 juxta
3278 4871 3443 4927 quem
3476 4871 3600 4911 mo-

2019 4956 2149 5011 dum
2184 4953 2353 5009 etiam
2410 4949 2592 5015 radix,
2646 4955 2704 5004 et
2757 4947 2902 5014 fons,
2944 4954 3002 5003 et
3055 4945 3204 5000 solus
3240 4959 3402 5001 causa
3437 4947 3607 5002 Pater

2020 5046 2130 5102 dici
2172 5051 2380 5117 posset,
2430 5052 2493 5099 ut
2532 5039 2668 5096 illud
2717 5053 2783 5095 ex
2818 5052 2930 5109 quo
2977 5036 3321 5099 ostendatur,
3376 5045 3434 5092 et
3484 5052 3602 5093 non

2021 5141 2148 5205 tria,
2199 5137 2286 5192 vel
2338 5136 2449 5191 duo
2482 5132 2765 5207 principia
2809 5130 2984 5186 instar
3033 5128 3333 5183 multorum
3366 5129 3601 5185 deorum

2018 5232 2422 5297 admittantur;
2455 5227 2666 5282 idcirco
2698 5223 2862 5281 etiam
2891 5222 3097 5277 dictum
3137 5230 3241 5284 est,
3283 5239 3300 5273 ι
3329 5220 3467 5277 Vivo
3494 5239 3604 5292 ego

2018 5333 2245 5397 propter
2266 5322 2507 5387 Patrem,
2534 5336 2557 5370 ν
2585 5328 2638 5373 et
2658 5333 2685 5372 :-
2717 5335 2735 5369 ι
2764 5316 2841 5371 De
2863 5314 2956 5369 illa
2990 5315 3123 5368 liora
3148 5327 3313 5367 nemo
3346 5313 3475 5375 scit,
3500 5329 3599 5369 ne-

2018 5431 2124 5487 que
2146 5415 2338 5477 Filius,
2367 5432 2386 5465 l
2417 5420 2508 5467 et:
2536 5430 2555 5464 ι
2582 5410 2628 5465 Α
2648 5423 2733 5463 me
2755 5407 2875 5479 ipso
2889 5406 3031 5461 nihil
3054 5404 3249 5465 facio,»
3273 5411 3328 5459 et
3352 5420 3368 5458 :
3401 5423 3418 5454 ι
3445 5403 3603 5459 Sicut

2019 5505 2202 5572 audio,
2230 5502 2442 5576 judico,
2476 5520 2494 5552 ι
2534 5508 2620 5555 et:
2659 5517 2676 5550 ι
2707 5497 2834 5559 Mea
2861 5495 3114 5550 doctrina
3147 5503 3362 5548 nonest
3394 5506 3542 5550 mea.
3570 5510 3594 5543 ν

2017 5608 2108 5654 et:
2163 5615 2179 5648 ι
2213 5596 2377 5651 Pater
2407 5607 2563 5649 meus
2593 5590 2768 5662 major
2796 5602 2884 5644 me
2913 5595 3037 5651 est;
3069 5605 3086 5639 ι
3125 5594 3178 5641 et
3206 5585 3249 5641 si
3283 5583 3412 5653 quid
3444 5583 3599 5654 ejus-

2018 5686 2168 5743 modi
2199 5686 2267 5743 ab
2290 5701 2360 5743 eo
2389 5684 2599 5740 dictum
2619 5689 2730 5750 est,
2752 5679 2819 5737 ad
2844 5679 3061 5735 Patrem
3089 5675 3273 5733 omnia
3296 5672 3591 5744 referente,
