4036 6448
418 313 531 384 933

1349 311 1450 373 DE
1490 309 2011 374 PROCESSIONE
2053 306 2411 371 SPIRITUS
2463 303 2759 365 SANCTi.

3593 298 3703 361 934

417 407 606 473 οὐσίας
646 405 739 462 τοῦ
772 404 904 460 Υίοῦ
934 404 1187 476 λέγεσθαι
1223 406 1318 457 καὶ
1350 405 1409 472 ἐξ
1437 405 1604 459 αὐτου
1637 405 1894 474 προϊέναι
1925 402 2024 454 καὶ

2134 397 2212 453 ibi
2253 396 2496 453 dandum
2547 404 2652 460 est,
2693 401 2918 462 propter
2967 391 3307 447 identitatem
3337 390 3610 458 essentiae,
3644 405 3702 446 ct

417 493 578 554 εἶναι.

2127 488 2258 560 quia
2284 488 2460 542 Filius
2493 501 2634 540 unus
2681 493 2765 539 est
2795 497 2920 538 cum
2948 482 3109 538 Patre
3149 483 3327 549 Deus;
3355 491 3517 553 atque
3545 484 3702 553 juxta

417 605 628 647 sacram
659 589 1002 661 Scriptarum
1025 587 1082 643 in
1108 588 1337 660 reliquis
1357 602 1466 644 una
1491 594 1577 643 est
1599 586 1818 642 illorum
1841 581 2099 639 identitas
2134 588 2191 636 et
2222 576 2746 635 incommutabilitas
2809 573 3058 630 Deitatis.
3122 573 3204 628 Ad
3243 574 3380 640 haec,
3439 583 3497 630 et
3554 582 3701 645 quod

417 698 484 740 ex
519 683 829 738 substantia
855 682 980 738 Filii
1013 681 1254 752 Spiritus
1282 681 1518 747 dicatur,
1547 689 1605 736 et
1629 695 1696 736 ex
1728 681 1850 749 ipso
1875 674 2175 748 procedere
2203 683 2260 729 et
2286 687 2435 728 esse.

492 777 616 830 Ἔτι
641 776 698 828 δὲ
729 776 825 831 καὶ
857 777 1013 830 αὐτοὶ
1046 776 1097 829 οἱ
1127 776 1503 844 ἀντιλέγοντες
1554 774 1653 844 τὴν
1693 772 2000 843 ἐνέργειαν,

420 870 453 942 ἢ
481 869 580 941 τὴν
603 867 916 938 άγαθότητα
941 869 1036 922 καὶ
1059 868 1159 938 τὴν
1224 867 1371 938 ζωὴν
1406 867 1500 920 τοῦ
1531 864 1690 928 Θεοῦ,
1720 864 1753 934 ἢ
1785 864 1853 916 τὰ
1903 863 2010 916 ὑπδ

419 964 528 1016 τῶν
582 960 884 1031 ἀνθρώπων
932 958 1082 1029 παρὰ
1119 957 1212 1012 τοῦ
1244 959 1378 1012 Θεοῦ
1411 960 1490 1020 είς
1534 959 1593 1010 τὸ
1654 957 2010 1026 μετέρχεσθαι

423 1049 815 1120 λαμϐανόμενα
844 1049 1182 1117 χαρίσματα,
1217 1048 1252 1100 ἃ
1286 1046 1351 1114 δὴ
1382 1046 1561 1099 πάντα
1608 1043 1842 1097 ἄκτιστα
1869 1039 2011 1097 εἶναι

431 1140 713 1208 βούλονται
743 1138 840 1191 καὶ
863 1137 1093 1206 διάφορα
1121 1137 1218 1204 τῆς
1268 1135 1458 1196 οὐσίας
1492 1135 1815 1204 πράγματα,
1846 1133 2011 1201 φασὶν

427 1232 487 1284 ὲν
515 1231 653 1300 αὐτῇ
697 1231 763 1300 τῇ
789 1228 948 1298 οὐσίᾳ
973 1227 1068 1280 τοῦ
1090 1226 1224 1282 Θεοῦ
1277 1225 1622 1296 ὲνιδρυμένα,
1659 1226 1752 1277 καὶ
1809 1223 2012 1293 ταύτην

430 1325 611 1380 αὐτῶν
657 1323 836 1377 αἰτίαν
890 1317 1050 1386 εἶναι,
1108 1320 1204 1374 νῦν
1251 1321 1348 1388 μὲν
1403 1321 1468 1372 ὲκ
1513 1318 1606 1371 τοῦ
1649 1316 1859 1387 Πατρός
1919 1315 2014 1368 καὶ

431 1417 523 1473 τοῦ
590 1415 758 1479 Υίοῦ,
795 1414 891 1468 νῦν
943 1412 1000 1466 δὲ
1043 1412 1124 1466 ὲκ
1159 1413 1253 1466 τοῦ
1311 1411 1524 1481 Πατρός
1587 1411 1680 1464 καὶ
1725 1408 1821 1462 τοῦ
1879 1402 2010 1461 Υίοῦ

432 1510 528 1564 καὶ
568 1507 659 1562 τοῦ
708 1507 866 1576 ἁγίου
908 1505 1227 1578 Πνεῦματος
1268 1503 1369 1572 τὴν
1417 1500 1650 1569 ὓπαρξιν
1693 1499 1838 1569 ἔχειν
1883 1499 2013 1571 ὁμο-

433 1601 738 1671 λογοῦντες.
783 1601 877 1652 Ἐκ
907 1600 1015 1668 γὰρ
1037 1599 1146 1652 τῶν
1197 1597 1362 1666 τριῶν
1411 1595 1758 1647 ὑποστάσεων
1793 1591 2017 1645 αίτιατά

434 1695 668 1751 τιθέασι.
723 1692 894 1748 Τοῦτο
939 1692 985 1746 δ’
1035 1691 1136 1745 οὐκ
1191 1689 1259 1744 ἂν
1305 1687 1524 1751 πάντως
1582 1685 1788 1753 ἔλεγον,
1834 1684 1884 1737 εί
1938 1684 2013 1756 μὴ

436 1793 534 1855 τὰς
557 1788 884 1851 ὑποστάσεις
904 1786 1006 1855 τὴν
1060 1783 1249 1837 οὐσίαν
1297 1777 1438 1835 εἶναι
1467 1780 1561 1834 τοῦ
1598 1777 1732 1832 Θεοῦ
1759 1776 2015 1848 ἡγοῦντο,

438 1883 574 1950 ὅπερ
593 1881 741 1934 ἐστὶν
768 1877 1011 1932 ἐναντίον
1038 1869 1120 1939 οἷς
1155 1871 1534 1942 ἁδολεσχοῦσιν
1563 1868 1819 1939 ἀλλαχοῦ.
1846 1867 2016 1937 Δῆλον

441 1979 618 2030 τοίνυν
648 1976 712 2028 ὲκ
740 1971 947 2026 τούτων
981 1971 1076 2022 καὶ
1124 1969 1280 2022 αὐτοὶ
1329 1965 1595 2031 ποιοῦσιν,
1627 1965 1704 2027 ὼς
1758 1960 2016 2031 οὐδεμίαν

2185 767 2484 828 Praeterea,
2519 763 2686 819 etiam
2717 761 2844 832 ipsi,
2895 763 2991 831 qui
3047 761 3452 826 contradicunt,
3510 777 3706 829 opera-

2119 855 2348 923 tionem,
2384 869 2480 910 seu
2525 853 2861 919 bonitatem,
2897 866 2962 906 ac
2991 851 3158 905 vitam
3212 850 3332 915 Dei,
3363 850 3447 904 vel
3495 850 3706 904 charis-

2118 955 2268 1001 mata
2305 962 2426 1016 quae
2448 945 2707 1000 homines
2750 960 2778 998 a
2811 945 2924 998 Deo
2955 943 3259 1012 accipiunt,
3297 951 3358 996 ut
3385 951 3705 1011 operentur,

2119 1056 2241 1110 quae
2286 1055 2418 1095 sane
2468 1040 2655 1094 omnia
2697 1039 2940 1093 increata
2993 1053 3113 1092 esse
3168 1036 3381 1100 volunt,
3433 1043 3598 1106 atque
3639 1037 3707 1088 ab

2117 1133 2356 1187 essentia
2408 1132 2654 1186 diversas
2711 1145 2799 1185 res
2851 1145 2992 1194 esse,
3050 1131 3106 1184 in
3158 1129 3273 1199 ipsa
3320 1127 3418 1182 Dei
3469 1128 3709 1182 essentia

2120 1223 2362 1278 insidere
2397 1223 2572 1285 aiunt,
2606 1231 2662 1277 et
2702 1237 2821 1276 eam
2862 1223 3060 1274 horum
3101 1233 3221 1275 esse
3264 1235 3509 1285 causam,
3564 1233 3711 1272 nunc

2128 1315 2354 1384 quidem
2390 1331 2454 1368 cx
2495 1316 2654 1369 Patre
2684 1329 2780 1384 per
2813 1314 3049 1378 Filium;
3101 1328 3250 1366 nunc
3281 1327 3414 1366 vero
3441 1327 3506 1365 ex
3550 1312 3711 1366 Putre

2121 1406 2375 1477 Filioque
2401 1423 2464 1461 ac
2495 1406 2703 1476 Spiritu
2731 1415 2921 1460 sancto
2965 1404 3340 1460 exsistentiam
3394 1404 3595 1458 habere
3628 1402 3714 1458 fa-

2121 1507 2332 1555 tentur.
2367 1499 2586 1553 Etenim
2610 1513 2675 1552 ex
2709 1499 2886 1552 tribus
2913 1496 3297 1568 liypostasibus
3337 1504 3560 1550 causata
3587 1511 3712 1551 esse

2122 1601 2349 1646 censent
2387 1609 2400 1644 :
2435 1591 2580 1658 quod
2632 1588 2858 1642 omnino
2911 1603 3018 1641 non
3068 1587 3339 1649 dicerent,
3380 1585 3485 1640 nisi
3537 1586 3712 1656 hypo-

2121 1692 2296 1738 stases
2325 1682 2620 1737 essentiam
2667 1680 2764 1735 Dei
2811 1694 2934 1733 esse
2971 1679 3377 1743 existimarent,
3420 1679 3566 1746 quod
3627 1689 3714 1733 est

2125 1775 2462 1830 contrarium
2501 1773 2586 1827 bis
2617 1786 2738 1842 qua:
2770 1771 2900 1825 alibi
2959 1771 3230 1840 garriunt.
3282 1768 3358 1823 Ex
3403 1768 3491 1824 liis
3543 1769 3714 1840 igitur

2128 1869 2482 1924 manifestum
2531 1875 2636 1930 est,
2668 1865 2815 1937 quod
2866 1866 3031 1920 etiam
3083 1863 3188 1933 ipsi
3236 1863 3443 1917 nullam
3500 1872 3715 1933 ponunt

2130 1960 2504 2016 diﬂerentiam
2583 1959 2639 2012 in
2713 1957 2799 2013 bis
2867 1954 3387 2026 praepositionibus,
3457 1955 3716 2009 videlicet

443 2067 701 2136 διαφοράν
729 2065 799 2118 ἐπ
849 2062 1024 2116 αὐτῶν
1052 2060 1164 2114 τῶν
1192 2057 1504 2129 προθέσεων
1531 2056 1790 2120 τίθενται,
1826 2053 2015 2122 δηλον-

2134 2063 2351 2124 propter
2384 2051 2727 2115 identitatem
2765 2060 2929 2119 atque
2989 2047 3419 2103 inditl‘erentiam
3460 2047 3720 2102 substan-

443 2161 524 2214 ότι
569 2157 656 2212 διὰ
693 2156 754 2210 τὸ
781 2156 881 2226 τῆς
903 2154 1094 2218 οὐσίας
1119 2153 1215 2206 καὶ
1247 2152 1346 2220 τῆς
1371 2149 1598 2221 προόδου
1622 2148 1721 2200 καὶ
1742 2143 2024 2215 ἐνεργείας

441 2251 640 2308 ταυτὸν
670 2249 770 2304 καὶ
830 2247 1145 2318 ἀδιάφορον.
1181 2241 1656 2316 Προσεμφαίνουσι
1685 2239 1743 2290 δὲ
1801 2238 1896 2290 καὶ
1942 2236 2024 2288 ὅτι

441 2345 539 2399 οὐκ
586 2342 822 2398 ἐπὶτῶν
885 2339 1118 2394 κτιστῶν
1186 2337 1350 2407 μόνον
1407 2337 1441 2405 ἡ
1470 2333 1569 2388 διὰ
1623 2330 1761 2400 πρὸς
1813 2328 1911 2399 τὴν
1951 2327 2022 2381 ἐκ

441 2434 886 2510 άντιμεθίσταται
919 2431 980 2504 (δ
1009 2430 1152 2486 κατὰ
1180 2433 1280 2500 τῆς
1305 2427 1412 2481 τῶν
1473 2425 1645 2494 ἁγίων
1677 2423 1834 2476 αὐτοὶ
1885 2437 2024 2492 προ-

442 2529 677 2582 τείνουσι
702 2523 1070 2586 διδασκαλίας,
1097 2521 1443 2588 ἀξιωσάντων
1479 2516 1790 2584 άδιαφορεῖν
1819 2512 2025 2573 ταύτας

443 2622 536 2675 ἐπὶ
557 2621 666 2673 τῶν
694 2619 857 2672 θείων
908 2616 1117 2681 ἁπλῶς,
1153 2614 1228 2676 ώς
1294 2611 1535 2681 εἴρηται)
1564 2649 1578 2673 ,
1604 2607 1740 2662 ἀλλὰ
1789 2607 1886 2659 καὶ
1933 2601 2027 2656 ἐπὶ

442 2712 552 2766 τῶν
583 2711 858 2766 ἀκτίστων
891 2707 1063 2771 αὐτὰς
1113 2705 1417 2775 ὑποχωρεῖν
1452 2699 1712 2768 ἀλλήλαις
1747 2695 2028 2750 καὶάντι-

449 2803 828 2875 μεθίστασθαι.
859 2800 1102 2854 Πειθέτω
1130 2797 1188 2852 δὲ
1220 2796 1419 2859 αὐτοὺς
1453 2794 1549 2847 καὶ
1576 2791 1644 2846 τὰ
1693 2787 2030 2875 ὑποδείγμα-

446 2873 536 2964 τα,
563 2893 645 2960 οἷς
665 2898 712 2950 οί
737 2893 1050 2949 διδάσκαλοι
1102 2892 1238 2960 πρὸς
1289 2886 1516 2950 ἔνδειξιν
1566 2883 1668 2952 τῆς
1730 2879 1874 2933 κατὰ
1931 2873 2028 2945 τὴν

447 2991 652 3063 Τριάδα
673 2989 781 3041 τῶν
815 2984 1124 3055 προσώπων
1147 2980 1378 3051 προόδου
1401 2977 1495 3031 καὶ
1524 2975 1728 3040 τάξεως
1763 2967 2030 3063 ἐχρήσαν-

446 3056 531 3146 τό,
557 3077 668 3135 οἷον
688 3079 863 3150 ἥλιον,
888 3077 1085 3130 ἀκτῖνα
1115 3074 1211 3128 καὶ
1244 3071 1379 3141 φῶς,
1402 3065 1704 3137 ὀφθαλμὸν,
1727 3061 1822 3116 καὶ
1844 3056 2029 3127 πηγὴν

452 3181 543 3232 καὶ
564 3173 809 3246 ποταμόν
831 3188 848 3205 ο
883 3170 963 3224 ἔτι
995 3169 1052 3223 δὲ
1081 3167 1261 3237 πηγὴν
1289 3165 1382 3219 καὶ
1414 3159 1658 3231 ποταμὸν
1693 3156 1790 3210 καὶ
1808 3153 2025 3246 λίμνην,

450 3272 485 3341 ἢ
519 3238 952 3340 ρίζανίκαρπδν,
979 3263 1077 3316 καὶ
1104 3259 1319 3321 κλάδον,
1354 3257 1450 3310 καὶ
1478 3256 1575 3308 ὅσα
1596 3249 1840 3306 τοιαῦταο
1867 3247 1925 3298 ὲν
1947 3238 2028 3303 οἷς

450 3338 607 3432 δῆλον
637 3359 733 3429 τὴν
766 3354 998 3426 ’ὕπαρξιν
1021 3351 1164 3421 ἔχειν
1205 3348 1265 3402 τὸ
1317 3347 1501 3417 τρίτον
1567 3344 1632 3396 ὲκ
1681 3339 1776 3394 τοῦ
1807 3338 2023 3410 πρώτου

425 3429 542 3518 ,διὰ
573 3449 666 3503 τοῦ
707 3447 875 3519 μέσου
911 3443 1054 3497 κατὰ
1084 3441 1212 3512 μίαν
1243 3437 1470 3508 πρόοδον
1499 3433 1637 3505 μετὰ
1682 3433 1778 3486 καὶ
1805 3429 1898 3484 τοῦ
1930 3429 2029 3500 τὴν

457 3540 689 3610 φυσικὴν
727 3538 1022 3607 συνάφειαν
1053 3533 1150 3587 καὶ
1182 3531 1411 3602 ἑνότητα
1466 3527 1599 3598 πρὸς
1658 3523 1862 3593 ἄλληλα
1893 3521 2028 3574 ἀπο-

458 3635 671 3702 σώζειν.

543 3727 667 3795 Ἀφ’
693 3719 768 3779 ὧν
809 3719 1228 3791 ὑποδειγμάτων
1260 3717 1455 3786 δήπου,
1479 3715 1578 3785 τῆς
1617 3713 1748 3783 ὕλης
1777 3711 1872 3765 καὶ
1927 3710 2034 3762 τῶν

456 3819 578 3874 κατ’
618 3819 789 3888 αὐτὴν
824 3815 1210 3886 διαστημάτων
1260 3812 1360 3866 καὶ
1403 3809 1503 3877 τῆς
1566 3807 1838 3876 ἑπομένης
1899 3802 2035 3872 αὐτῇ

461 3911 634 3984 ῥοπῆς
659 3905 1306 3979 ἀφαιρουμένων(ταυτὶ
1356 3906 1466 3975 γὰρ
1522 3903 1614 3956 ἐπὶ
1663 3898 1798 3954 Θεοῦ
1855 3895 2039 3966 χώραν

459 4007 560 4059 οὐκ
591 4005 726 4074 ἔχει,
765 4002 832 4056 δι’
893 4001 928 4057 ἃ
957 4001 1022 4072 δὴ
1079 4002 1176 4054 καὶ
1220 3999 1483 4062 πολλάκις
1533 3997 1601 4050 τὰ
1663 3992 2041 4060 ὑποδείγματα

462 4095 574 4157 τοῖς
625 4090 970 4152 διδασκάλοις
1036 4088 1163 4142 ὅσον
1227 4090 1285 4141 ὲν
1338 4086 1552 4150 τούτοις
1601 4079 1976 4154 ἀπήρεσκεν),
2013 4081 2042 4132 ὁ

466 4183 714 4254 περὶτῆς
741 4181 875 4253 πρὸς
909 4181 1114 4250 ἄλληλα
1140 4178 1346 4243 τάξεως
1403 4177 1544 4248 μετὰ
1590 4175 1690 4244 τῆς
1745 4170 2044 4241 συναφείας

467 4268 848 4323 καταλείπεται
900 4267 1089 4336 λόγος’
1131 4266 1292 4337 μόνος
1353 4265 1447 4317 ἐπὶ
1483 4262 1618 4316 Θεοῦ
1653 4259 1797 4316 κατὰ
1827 4261 1895 4313 τὰ
1923 4259 2043 4312 θεῖα

466 4363 738 4433 πρόσωπα
783 4359 1160 4431 λαμϐάνεσθαι
1234 4356 1549 4428 προσήκων.
1590 4355 1688 4418 ’ος
1743 4353 1902 4424 μόνος
1937 4351 2045 4406 τῶν

469 4455 644 4511 ἄλλων
674 4457 775 4512 ὅσα
805 4455 1030 4508 ἕπονται
1081 4452 1573 4523 παραλειπομένων
1629 4450 1724 4503 ἐπὶ
1757 4446 1908 4502 Θεοῦ.
1931 4448 2047 4510 τοῖς

469 4546 646 4614 ἁγίοις
673 4546 864 4614 ἀρκεῖ*
908 4542 1052 4596 ὥστε
1083 4522 1180 4596 καί
1211 4541 1310 4612 τὴν
1335 4522 1584 4612 πρόοδον,
1622 4541 1717 4594 καὶ
1749 4541 1847 4609 τὴν
1870 4538 2044 4606 τάξιν,

468 4639 562 4691 καίι
599 4638 658 4691 τὸ
683 4639 782 4707 τῆς
808 4619 1021 4706 φύσεως
1047 4635 1265 4699 οἰκεῖον,
1298 4635 1422 4687 ὅσον
1453 4633 1562 4687 ἀπὸ
1593 4633 1702 4688 τῶν
1727 4631 1853 4688 καθ’
1895 4633 2046 4702 ἡμᾶς

473 4729 742 4800 ἐνδέχεται
769 4730 1060 4800 παριστᾷν,
1092 4728 1155 4781 Et
1206 4727 1315 4798 γάρ
1381 4726 1517 4798 μηδὲ
1567 4728 1709 4782 κατὰ
1767 4727 1866 4794 τὴν
1897 4725 2049 4790 τάξιν

472 4819 644 4874 ταῦτα
669 4819 953 4889 ληψόμεθα
982 4818 1078 4890 τὴν
1118 4818 1340 4891 πρόοδον
1367 4819 1620 4887 καθαρῶς
1658 4819 2052 4888 ἒμφαίνουσαν,

475 4914 609 4983 μηδὲ
685 4912 784 4982 τῆς
847 4912 983 4982 πρὸς
1034 4913 1238 4982 ἄλληλα
1301 4911 1536 4982 σχέσεως
1585 4911 1888 4966 ἐνδεικτικὰ
1944 4911 2054 4964 τῶν

474 5005 633 5058 θείων
686 5003 994 5085 προσώπων
1049 5005 1318 5072 φήσομεν,
1354 5003 1454 5055 οὐκ
1512 4997 1630 5056 οἶδα
1678 5001 1730 5055 τί
1767 5001 1885 5054 ποθ’
1921 5003 2053 5074 ἡμῖν

475 5096 658 5169 ἕτερον
689 5096 845 5150 ταυτὶ
867 5095 933 5149 τὰ
957 5094 1328 5166 ὑποδείγματα
1350 5094 1618 5165 βούλεται.
1902 5090 1904 5092 ⁷

1057 5208 1288 5262 ΚΕΦΑΛ
1311 5248 1324 5261 .
1357 5207 1454 5261 IB’.

482 5300 599 5354 Ὅτι
626 5304 679 5356 οὶ
707 5299 864 5371 ἅγιοι
880 5299 1084 5371 eum
1128 5301 1484 5371 οὐσίας-τοῦ
1517 5300 1749 5369 Πατρός
1795 5300 1892 5371 καί
1947 5300 2055 5355 τοῦ

552 5373 685 5426 Ποῦ
725 5369 788 5424 τὸ
821 5370 1062 5438 Πνεῦμα
1091 5370 1464 5438 θεολογοῦσι,
1516 5375 1614 5424 καὶ
1645 5373 1713 5424 ἐκ
1760 5369 1867 5423 τοῦ
1919 5371 2054 5425 Υίοῦ

547 5438 722 5508 εἶναι,
752 5441 854 5495 καί
878 5440 1192 5508 ὑπάρχειν,
1239 5442 1336 5495 καὶ
1388 5440 1805 5510 προὶέναι,καί
1867 5440 2049 5495 samo-

541 5513 851 5579 ρεύεσθαι.

549 5625 755 5696 Καιρὸς
783 5625 840 5678 δὲ
869 5625 972 5697 ήδη
1001 5623 1098 5680 καὶ
1146 5625 1204 5679 τὸ
1242 5626 1307 5680 ὲκ
1362 5626 1465 5695 τῆς
1522 5628 1709 5691 οὐσίας
1758 5623 1893 5682 εἶναι
1955 5628 2050 5683 τοῦ

481 5718 694 5789 Πατρδς
718 5718 811 5773 καὶ
846 5718 939 5772 τοῦ
974 5717 1105 5774 Υίοῦ
1137 5717 1196 5775 τὸ
1230 5719 1451 5793 Πνεῦμα
1504 5720 1565 5776 τὸ
1615 5722 1789 5790 ἅγιον,
1818 5725 1955 5795 ὅπερ
1977 5725 2052 5790 ὡς

2131 2145 2248 2208 ιίω,
2305 2142 2809 2214 processionisque,
2863 2148 3028 2208 atque
3069 2137 3440 2209 'Operationis.
3490 2137 3718 2206 Insuper

2124 2243 2307 2290 autem
2349 2234 2615 2297 indicant,
2649 2231 2798 2300 quod
2827 2245 2937 2284 non
2969 2230 3149 2284 solum
3183 2232 3237 2283 in
3259 2227 3461 2283 creatis
3493 2242 3706 2296 praepo-

2123 2327 2252 2383 sitio
2314 2342 2408 2397 per
2471 2323 2539 2378 ad
2593 2321 3036 2394 praepositionem
3091 2336 3154 2374 ex
3213 2319 3456 2375 vicissim
3517 2319 3717 2372 transit

2126 2419 2298 2493 (quod
2335 2425 2526 2473 contra
2558 2415 2867 2470 doctrinam
2921 2421 3234 2468 sanctorum
3273 2411 3572 2482 objectant,
3622 2411 3718 2480 qui

2124 2519 2356 2567 censent
2407 2509 2507 2564 bas
2557 2506 2979 2579 praepositiones
3041 2504 3094 2558 in
3147 2503 3352 2558 divinis
3393 2503 3723 2572 simpliciter

2125 2601 2262 2655 nihil
2320 2599 2524 2654 habere
2572 2595 2937 2658 discriminis,
2973 2604 3033 2648 ut
3081 2592 3290 2647 dictum
3345 2593 3474 2662 est),
3528 2606 3722 2646 verum

2128 2692 2297 2746 etiam
2328 2687 2672 2754 in,increatis
2705 2688 2802 2741 has
2834 2684 3032 2740 cedere
3077 2682 3340 2748 invicem,
3387 2689 3444 2736 et
3489 2680 3720 2734 alteram

2130 2784 2186 2837 in
2219 2783 2450 2837 alteram
2498 2778 2742 2835 vicissim
2793 2776 3051 2830 transire.
3109 2772 3486 2828 Persuadeant
3535 2781 3719 2825 autem

2130 2875 2268 2945 ipsis
2298 2873 2466 2928 etiam
2492 2871 2762 2938 exempla,
2795 2867 3000 2939 quibus
3031 2866 3286 2920 ductores
3318 2862 3386 2918 ad
3419 2861 3724 2917 ostenden-

2131 2968 2262 3022 dum
2295 2978 2636 3035 processum,
2675 2970 2732 3016 et
2773 2960 3024 3015 ordinem
3076 2973 3435 3026 personarum
3490 2957 3546 3009 in
3597 2957 3726 3009 Tri-

2128 3058 2302 3112 nitate
2335 3057 2418 3109 usi
2451 3063 2600 3121 sunt,
2627 3051 2964 3116 veluti'sole,
2993 3051 3251 3111 radio,ac
3277 3049 3398 3103 luce
3419 3066 3432 3104 :
3455 3049 3619 3102 oculo
3647 3048 3724 3112 (id

2129 3157 2232 3215 est,
2266 3148 2439 3218 prima
2469 3147 2633 3200 fontis
2659 3142 3016 3213 scaturigine)
3051 3152 3107 3197 et
3155 3142 3329 3205 fonte,
3358 3155 3422 3194 ac
3455 3139 3724 3206 ﬂumine;

2131 3242 2356 3310 insuper
2384 3240 2548 3292 etiam
2579 3237 2753 3304 fonte,
2791 3235 3037 3300 ﬂumine,
3068 3242 3231 3302 atque
3262 3231 3490 3302 palude;
3526 3230 3608 3284 vel
3641 3247 3728 3283 ra-

2052 3311 2093 3369 C
2128 3334 2268 3397 dice,
2295 3346 2468 3396 ramo,
2488 3339 2544 3386 et
2571 3330 2774 3393 fructu,
2793 3337 2849 3382 et
2870 3326 3177 3392 similibus;
3203 3327 3254 3379 in
3280 3324 3479 3394 quibus
3498 3323 3728 3378 mande-

2132 3437 2276 3484 stum
2304 3434 2408 3492 est,
2431 3425 2654 3480 tertium
2677 3423 2880 3477 habere
2905 3419 3289 3475 exsistentiam
3321 3432 3387 3472 ex
3421 3417 3600 3486 primo
3628 3431 3727 3484 per

2132 3521 2372 3575 medium
2390 3517 2689 3573 secundum
2708 3529 2871 3570 unam
2887 3511 3318 3584 processionenz,
3335 3516 3545 3564 servata
3562 3506 3726 3561 simul

2134 3613 2370 3669 naturali
2400 3610 2807 3680 conjunctione,
2836 3615 3003 3676 atque
3029 3605 3238 3659 unitate
3269 3603 3338 3657 ad
3371 3601 3634 3656 invicem.

2206 3706 2287 3761 Ex
2313 3705 2517 3775 quibus
2547 3701 2814 3769 exemplis
2839 3698 3102 3753 nimirum
3145 3695 3398 3760 materia,
3427 3701 3484 3749 et
3509 3693 3724 3748 dimen-

2139 3800 2416 3865 sionibus,
2451 3807 2508 3853 et
2552 3797 2619 3852 iis
2653 3809 2777 3865 quae
2825 3807 2946 3849 eam
2986 3798 3423 3860 consequuntur,
3456 3785 3730 3843 detractis

2145 3891 2284 3963 (hac
2341 3889 2486 3944 enim
2526 3890 2581 3943 in
2635 3887 2746 3941 Deo
2791 3884 2970 3939 locum
3027 3897 3138 3936 non
3194 3880 3424 3943 habent,
3475 3879 3548 3932 ob
3605 3893 3729 3948 qua:

2142 3984 2304 4038 etiam
2334 3991 2476 4050 saepe
2525 3979 2641 4034 haec
2665 3977 2916 4046 exempla
2968 3972 3290 4029 doctoribus
3321 3969 3500 4041 quoad
3543 3972 3730 4024 omnia

2143 4071 2562 4144 displicebant),
2606 4078 2779 4124 restat
2810 4068 2949 4121 ratio
2977 4065 3206 4130 ordinis,
3235 4063 3331 4133 qui
3363 4063 3504 4116 inter
3535 4075 3728 4130 perso-

2142 4179 2243 4218 nas
2271 4163 2338 4217 ad
2385 4161 2619 4216 invicem
2673 4165 2756 4212 est
2793 4171 2900 4211 una
2959 4170 3083 4211 cum
3132 4152 3568 4224 conjunctione:
3605 4163 3730 4220 quae

2141 4255 2286 4309 ratio
2317 4254 2433 4309 sola
2461 4250 2799 4309 conveniens
2824 4256 2930 4314 est,
2966 4255 3024 4301 ut
3073 4246 3128 4300 in
3165 4246 3276 4299 Deo
3305 4243 3607 4299 secundum
3639 4241 3729 4296 di-

2143 4349 2302 4405 vinas
2330 4361 2594 4418 personas
2621 4344 2947 4413 accipiatur.
2983 4341 3114 4407 Quae
3140 4339 3254 4394 sola
3283 4337 3338 4392 in
3375 4336 3488 4390 Deo
3523 4335 3731 4390 relictis

2145 4440 2268 4496 aliis
2295 4453 2417 4508 quae
2447 4443 2776 4505 sequuntur,
2810 4433 3017 4489 sanctis
3047 4428 3374 4484 doctoribus
3414 4426 3627 4497 placet“;
3669 4435 3731 4479 ut

2146 4541 2203 4588 et
2229 4543 2570 4601 processum,
2586 4535 2642 4583 et
2663 4526 2935 4592 ordinem,
2952 4539 3015 4579 ac
3032 4531 3241 4577 natura:
3261 4517 3731 4588 conjunctionem,

2077 4616 2416 4718 bquantum
2463 4621 2582 4676 ﬁeri
2631 4628 2808 4691 potest
2849 4618 2918 4673 ab
2948 4614 3231 4683 exemplis,
3291 4610 3498 4666 nostris
3550 4609 3731 4677 expri-

2151 4725 2334 4783 mant;
2366 4715 2410 4770 si
2447 4713 2592 4769 enim
2632 4713 2747 4767 lure
2793 4709 3040 4779 exempla
3091 4721 3271 4776 neque
3313 4704 3379 4758 ad
3417 4703 3734 4772 exprimen-

2152 4809 2281 4862 dum
2301 4804 2577 4868 ordinem,
2603 4801 2695 4871 qui
2721 4812 3036 4870 processum
3061 4796 3208 4851 clare
3230 4793 3457 4856 indicat,
3483 4803 3734 4859 sumpse-

2152 4900 2348 4953 rimus.
2383 4895 2573 4964 Neque
2607 4893 2858 4947 dicemus
2883 4904 3028 4954 esse,
3058 4902 3178 4958 quae
3202 4885 3512 4940 divinarum
3545 4897 3736 4952 perso-

2151 5007 2346 5044 narum
2379 4989 2521 5042 inter
2547 5002 2606 5042 se
2637 4985 2958 5040 relationem
2995 4981 3339 5052 signiﬁcent,
3367 4978 3558 5034 nescio
3596 4975 3733 5046 quid
3830 4966 3844 4978 ’

2158 5080 2378 5136 tandem
2409 5078 2554 5134 aliud
2582 5079 2685 5133 ista
2717 5076 2964 5146 exempla
3011 5075 3168 5130 nobis
3202 5073 3512 5144 exprimere
3537 5071 3730 5125 velint.

2751 5191 2978 5250 CAPUT
3011 5191 3129 5247 XII.

2155 5312 2304 5380 Quod
2337 5313 2508 5368 sancti
2555 5327 2618 5365 ea:
2667 5310 2960 5365 substantia
2992 5307 3170 5362 Patris
3212 5313 3260 5360 et
3304 5305 3434 5360 Filii
3450 5304 3729 5380 _$_piritum

2225 5394 2468 5438 sanctum
2493 5399 2600 5436 esse
2643 5380 2924 5448 theologica
2956 5380 3240 5440 disserunt,
3269 5387 3317 5429 et
3348 5392 3410 5429 ea;
3441 5375 3572 5428 Filio
3603 5392 3732 5441 esse,

2229 5464 2389 5524 atque
2407 5453 2674 5517 exsistere,
2703 5449 3062 5521 proﬁciscique
3095 5458 3143 5501 et
3182 5449 3480 5517 procedere.

2229 5634 2349 5690 Jam
2387 5648 2517 5687 vero
2567 5639 2783 5701 tempus
2836 5637 2940 5695 est,
2993 5645 3061 5685 ex
3125 5626 3440 5683 doctoribus
3499 5617 3734 5696 probare

2162 5726 2430 5796 Spiritum
2481 5733 2729 5782 sanctum
2764 5739 2830 5778 ex
2861 5721 3163 5778 substantia
3193 5736 3313 5776 esse
3346 5720 3526 5776 Patris
3555 5730 3610 5776 et
3649 5722 3738 5776 Fi-
