4036 6460
325 275 434 340 935

1606 269 1984 334 DEMETRII
2020 267 2332 328 CYDJNH

3498 272 3602 335 936

324 394 386 449 lii
422 392 588 465 (quod
629 399 888 463 tanquam
929 390 1247 448 confessum
1279 375 1566 458 acceptum
1602 388 1710 453 est)
1749 395 1804 438 et
1845 401 1904 439 ex

2015 385 2451 456 ὁμολογούμενον
2506 385 2780 457 εἴληπται,
2819 387 2915 442 καί¹
2975 389 3038 455 ὲξ
3071 390 3239 444 αὐτοῦ
3294 387 3457 460 εἶναι,
3505 393 3602 450 καὶ

325 485 448 553 ipso
482 484 671 552 (Filio)
712 499 856 547 esse,
904 493 1067 552 atque
1119 481 1408 545 exsistere,
1437 478 1820 549 proﬁcisciquc
1851 487 1907 530 et

324 574 645 644 procedere.
679 584 802 643 post
838 575 950 629 haec
995 572 1419 628 convenientem
1472 573 1633 626 linem
1688 571 1909 625 habebit

325 677 511 720 nostra
551 669 751 720 oratio.
775 664 1060 735 Principio
1085 666 1250 734 igitur
1285 665 1440 718 divus
1474 663 1787 735 Cyrillusin
1819 680 1908 718 sc-

325 757 509 811 cundo
541 757 686 811 libro
716 757 1128 820 Thesaurornm,
1170 755 1221 808 in
1257 771 1367 809 uno
1415 772 1481 808 ex
1521 757 1795 824 capitibus
1827 756 1907 810 sic

325 845 744 917 inscriptionem
779 849 910 902 facit
948 865 962 902 :
1005 867 1023 898 ι
1080 846 1232 911 Quod
1273 863 1336 900 ex
1382 848 1679 902 substantia
1729 849 1907 903 Patris

325 959 391 996 ac
421 940 545 994 Filii
577 940 808 1011 Spiritus
833 949 1074 994 sanctus.
1097 939 1250 1005 Quod
1281 940 1326 992 si
1374 938 1616 1008 idipsum
1663 939 1909 1009 proposi-

327 1043 442 1087 tum
474 1042 562 1088 est
591 1033 720 1102 ipsi,
763 1032 1116 1087 manifestum
1149 1041 1254 1096 est,
1303 1032 1451 1101 quod
1500 1031 1698 1086 thesim
1749 1031 1906 1086 valde

324 1125 620 1179 admittens
652 1125 770 1177 vult
813 1139 934 1178 eam
967 1123 1318 1178 concludere.
1351 1124 1528 1192 Atque
1569 1124 1624 1177 in
1657 1124 1776 1193 ipso
1816 1139 1908 1177 ca-

323 1215 521 1284 pitulo,
555 1215 700 1284 quod
754 1215 828 1268 ita
881 1214 1222 1276 inscribitur,
1257 1213 1331 1266 ait
1366 1229 1380 1267 :
1427 1231 1445 1264 ι
1487 1213 1756 1279 Quoniam
1802 1215 1906 1284 igi-

326 1319 414 1365 tur
443 1308 680 1378 Spiritus
706 1317 929 1363 sanctus
965 1323 1088 1361 eum
1128 1307 1181 1360 in
1229 1307 1392 1360 nobis
1437 1306 1623 1371 fuerit,
1683 1305 1904 1360 confor-

324 1415 438 1454 mes
469 1414 572 1451 nos
604 1398 716 1451 Deo
748 1397 909 1463 facit;
942 1396 1314 1467 proﬁciscitur
1344 1407 1526 1451 autem
1558 1411 1624 1450 ex
1653 1396 1815 1451 Patre
1841 1411 1906 1450 ac

321 1491 480 1554 Filio,
512 1492 720 1544 clarum
753 1501 860 1551 est,
889 1489 1034 1558 quod
1070 1489 1266 1542 divina:
1315 1489 1388 1544 sit
1431 1489 1771 1552 substantiae;
1820 1503 1908 1543 es-

320 1582 630 1638 sentialiter
676 1581 731 1634 in
773 1581 915 1650 ipsa,
945 1589 1000 1634 et
1024 1596 1089 1634 ex
1124 1581 1242 1650 ipsa
1275 1581 1558 1649 prodieus.
1607 1599 1626 1632 ι
1690 1581 1905 1636 Rursus

321 1672 376 1724 in
411 1671 605 1725 eodem
633 1685 755 1740 cap.
791 1687 806 1725 :
845 1688 864 1720 ι
905 1669 1170 1738 Proprius
1189 1679 1274 1725 est
1308 1681 1490 1724 autem
1531 1671 1774 1739 Spiritus
1808 1670 1901 1726 Fio

2013 478 2422 547 ὐπάρχειν,καὶ
2476 479 2748 545 προϊέναι,
2803 481 2896 534 καὶ
2947 482 3344 553 ἐκπορεύεσθαι
3378 488 3442 540 ὲκ
3491 487 3600 540 τῶν

2010 569 2345 623 διδασκάλων
2377 571 2749 640 παραστῆσαι,
2794 572 2889 625 καὶ
2945 575 3086 643 μετὰ
3137 576 3292 630 ταῦθ’
3335 579 3465 647 ἡμῖν
3485 579 3599 644 ἔξει

2009 659 2162 721 τέλος
2189 659 2249 712 τὸ
2281 661 2558 731 προσῆκον
2591 663 2619 716 6
2673 663 2854 730 λόγος.
2905 666 3116 720 Αὐτίκα
3167 670 3350 721 τοίνυν
3375 672 3404 722 6
3457 671 3598 735 θεῖος

2010 748 2280 819 Κύριλλος
2321 752 2382 803 ὲν
2448 750 2526 822 τῷ
2573 752 2620 822 β’
2669 750 2780 824 τῶν
2841 755 3179 824 θησαυρῶν
3223 757 3308 827 ἐφ’
3357 759 3440 814 ἐνὶ
3489 761 3598 814 τῶν

2009 841 2324 910 κεφαλαίων
2351 840 2496 895 οὕτω
2541 844 2640 912 τὴν
2698 847 3009 915 ἐπιγραφὴν
3061 850 3330 903 ποιεῖται⁶
3369 851 3498 906 ’Ότι
3526 854 3598 906 ἐκ

2009 925 2372 1000 τῆςῆὑσίας
2406 933 2516 989 τοῦ
2546 935 2778 1003 Πατρός
2808 937 3038 992 καὶτοῦ
3078 939 3216 992 Υίοῦ
3239 939 3308 994 τὸ
3354 942 3599 1012 Πνεῦμα

2009 1027 2077 1078 τὸ
2111 1027 2303 1092 ἅγιον.
2337 1029 2398 1080 Ei
2421 1029 2476 1082 δὲ
2508 1029 2641 1082 αὐτὸ
2659 1030 2820 1084 τοῦτο
2861 1034 3147 1101 πρόκειται
3197 1036 3367 1106 αὐτῷ,
3413 1037 3592 1107 δῆλον,

2009 1120 2091 1172 ὅτι
2115 1120 2216 1189 τὴν
2255 1120 2407 1175 θέσιν
2433 1122 2530 1174 καὶ
2583 1125 2724 1177 πάνυ
2747 1126 3054 1195 δεχόμενος,
3094 1126 3343 1197 βούλεται
3388 1147 3600 1200 συμπε-

2013 1211 2218 1280 ραίνειν
2241 1227 2258 1242 ο
2294 1213 2386 1263 καὶ
2413 1213 2474 1264 ἐν
2506 1213 2655 1283 αὐτῷ
2681 1217 2778 1269 καὶ
2823 1217 2901 1286 τῷ
2935 1217 3106 1281 οὕτως
3167 1221 3597 1292 ἐπιγραφομένῳ

2010 1303 2295 1372 κεφαλαίῳ
2329 1306 2496 1373 φησίν
2520 1324 2536 1341 ο
2569 1326 2590 1359 ι
2620 1306 2773 1360 Ἐπεὶ
2802 1309 2980 1362 τοίνυν
3005 1310 3065 1362 τὸ
3093 1310 3317 1379 Πνεῦμα
3354 1312 3415 1364 τὺ
3441 1302 3598 1381 ἀγιον

2009 1392 2068 1446 ὲν
2102 1393 2234 1460 ἡμῖν
2288 1395 2577 1464 γινόμενον
2642 1398 3009 1471 συμμόρφους
3043 1401 3194 1470 ἡμᾶς
3250 1402 3597 1457 ἀποδεικνύει

2009 1480 2171 1546 Θεοῦ,
2203 1485 2422 1552 πρόεισι
2443 1486 2500 1540 δὲ
2523 1487 2586 1539 ἐκ
2617 1488 2835 1559 Πατρὸς
2883 1491 2978 1544 καὶ
3032 1492 3186 1554 Υἱοῦ,
3219 1493 3484 1564 πρόδηλον
3513 1497 3596 1551 ὅτι

2008 1573 2106 1642 τῆς
2128 1573 2280 1638 θείας
2300 1577 2448 1630 ἐστὶν
2469 1579 2678 1644 οὐσίας,
2697 1582 2970 1658 οὐσ.ωδῶς
2991 1585 3049 1636 ἐν
3070 1584 3207 1654 αὐτῇ
3239 1587 3333 1638 καὶ
3349 1585 3409 1651 ἐξ
3428 1589 3596 1658 αὐτῆς

2009 1665 2216 1733 προῖόν.
2249 1683 2268 1718 ι
2292 1666 2460 1721 Πάλιν
2488 1671 2547 1722 ὲν
2566 1670 2716 1741 αὐτῷ
2735 1686 2753 1704 ο
2785 1689 2805 1724 ι
2835 1673 2996 1727 Ἰδιον
3016 1674 3073 1727 δὲ
3095 1675 3315 1739 πάντως
3337 1677 3399 1730 τὸ
3433 1679 3596 1732 Πνεῦ-

321 1762 404 1824 lii,
441 1769 607 1830 atque
653 1775 762 1816 non
817 1759 888 1814 ab
943 1767 1098 1814 extra
1164 1759 1369 1815 illatus.
1411 1780 1432 1813 ι
1474 1761 1798 1832 Rursusque
1849 1762 1903 1815 in

2013 1773 2089 1826 μα
2115 1757 2208 1812 τοῦ
2241 1759 2393 1826 Υἱοῦ,
2425 1762 2521 1816 καὶ
2548 1764 2649 1818 οὐκ
2684 1764 2886 1830 ἔξωθεν
2939 1768 3200 1824 ἐπακτόν.
3237 1787 3260 1822 ι
3288 1771 3399 1824 Καὶ
3433 1772 3587 1827 πάλιν

319 1853 429 1907 alio
480 1869 602 1922 cap.
644 1869 658 1906 :
695 1870 713 1905 ι
747 1851 982 1908 Necesse
1012 1861 1097 1906 est
1121 1851 1276 1906 fateri
1313 1849 1580 1922 Spiritum
1613 1855 1789 1923 ipsum
1837 1868 1904 1908 ex

320 1946 626 2000 substantia
659 1944 780 2000 Filii
804 1960 868 2000 ac
901 1945 992 2000 Dei
1017 1945 1303 2010 exsistere,
1326 1961 1448 1999 cum
1483 1960 1700 2000 omnem
1734 1946 1906 2017 ipsius

319 2052 444 2091 cum
469 2035 788 2106 potentiam.
809 2029 920 2090 tum
943 2036 1312 2106 operationem
1338 2035 1554 2091 habeat.
1577 2055 1596 2089 ι
1621 2037 1830 2092 Rursus
1849 2037 1904 2092 in

319 2130 462 2183 alio:
506 2147 524 2179 ι
564 2127 734 2197 Igitur
759 2143 827 2183 ex
857 2127 1160 2183 substantia
1185 2127 1302 2184 Filii
1339 2127 1578 2197 Spiritus
1607 2142 1848 2185 sanctus.
1876 2149 1897 2182 ι

391 2220 657 2275 Praeterea
691 2220 836 2275 idem
876 2221 934 2275 in
963 2220 1309 2289 expositione
1351 2222 1404 2274 in
1439 2220 1788 2291 Evangelium
1816 2239 1905 2279 se-

317 2313 559 2368 cundum
593 2312 859 2369 Joannem
897 2313 953 2366 in
988 2311 1120 2367 illud
1153 2313 1358 2367 dictum
1395 2331 1409 2367 :
1452 2331 1472 2362 ι
1510 2312 1580 2366 Et
1621 2315 1758 2368 Deus
1788 2321 1904 2370 erat

322 2405 584 2461 Verbum:
615 2425 635 2458 ι
671 2405 788 2460 Non
816 2421 946 2476 ergo
977 2405 1156 2460 minor
1185 2415 1292 2473 est,
1343 2406 1436 2476 qui
1474 2407 1723 2463 eamdem
1774 2423 1905 2478 ope-

317 2501 591 2555 rationem
618 2509 744 2555 rum
779 2500 941 2556 Patre
971 2499 1216 2570 perfecto
1241 2501 1428 2568 habet,
1461 2502 1651 2559 vivens
1683 2512 1740 2559 et
1771 2505 1904 2559 sub-

319 2592 545 2656 sistens,
585 2591 1048 2661 quemadmodum
1092 2606 1224 2648 sane
1251 2601 1308 2649 et
1331 2593 1450 2664 ipse
1477 2594 1658 2651 Pater.
1688 2596 1902 2650 Rursus

319 2684 466 2739 idem
494 2685 549 2738 in
580 2684 770 2738 eadem
801 2683 1143 2754 expositione
1181 2685 1236 2739 in
1281 2686 1416 2742 illud
1455 2704 1471 2741 :
1501 2685 1570 2740 Et
1594 2703 1688 2759 ego
1711 2689 1902 2758 rogabo

321 2773 568 2840 Patrem,
619 2784 667 2828 et
711 2774 876 2828 alium
914 2775 1254 2831 Paracletum
1290 2778 1436 2833 dabit
1476 2778 1617 2833 vobis
1651 2794 1670 2833 :
1709 2797 1728 2832 ι
1763 2779 1900 2835 Cum

318 2869 466 2923 enim
504 2869 600 2924 Dei
631 2876 688 2924 et
721 2868 902 2924 Patris
935 2870 1268 2926 naturalium
1316 2871 1587 2928 bonorum
1632 2874 1902 2930 essentia-

318 2961 448 3016 liter
480 2960 650 3017 Filius
681 2960 1072 3032 sitparticeps,
1125 2961 1289 3016 habet
1339 2962 1607 3030 Spiritum
1656 2964 1724 3019 ad
1773 2980 1901 3019 eum

2009 1851 2068 1905 ἑν
2091 1851 2236 1923 ἄλλῳ
2265 1873 2284 1905 ι
2307 1852 2550 1926 Ἀνάγκη
2575 1857 2636 1910 τὸ
2653 1857 2879 1920 Πνεῦμα
2901 1861 2968 1912 ἐκ
2996 1859 3097 1930 τῆς
3118 1861 3306 1926 οὐσίας
3331 1863 3584 1934 ὑπάρχειν

2007 1943 2294 2014 ὁμολογεῖν
2317 1945 2450 1999 αὐτὸ
2483 1947 2585 2017 τῆς
2620 1948 2717 2002 τοῦ
2745 1948 2877 2003 Υῐοῦ
2907 1951 3003 2004 καὶ
3021 1950 3181 2018 Θεοῦ,
3215 1954 3396 2007 πᾶσαν
3430 1955 3590 2010 αὐτοῦ

2005 2035 2109 2104 τήν
2153 2053 2214 2088 τε
2257 2036 2489 2108 δύναμιν
2527 2041 2625 2093 καὶ
2652 2040 2935 2112 ἐνέργειαν
2962 2041 3107 2112 ἔχον.
3136 2061 3155 2095 ι
3191 2045 3305 2098 Καὶ
3335 2044 3494 2099 πάλιν
3536 2047 3594 2099 δν

2007 2126 2176 2197 ἄλλῳ,
2201 2147 2219 2180 ι
2250 2127 2457 2183 Οὐκοῦν
2491 2131 2557 2184 ὲκ
2580 2132 2681 2202 τῆς
2707 2109 2896 2196 οὐὲίας
2925 2109 3023 2187 τοῦ
3043 2133 3176 2188 Υίοῦ
3208 2137 3268 2190 τὸ
3299 2137 3542 2199 Πνεῦμα.
3568 2155 3588 2190 s

2080 2218 2202 2273 Ἔτι
2253 2221 2283 2272 6
2339 2221 2504 2284 αὐτὸς
2554 2224 2613 2275 ἐν
2664 2226 2733 2294 τῇ
2795 2224 3062 2295 ἑρμηνείᾳ
3088 2224 3184 2278 τοῦ
3235 2227 3379 2280 κατὰ
3413 2226 3599 2282 Ίωάνο

2006 2325 2123 2379 νην,
2149 2310 2231 2373 είς
2258 2310 2320 2364 τὸ
2343 2312 2513 2382 ῥητὸν·
2558 2313 2644 2378 τὺ,
2677 2314 2789 2370 Καὶ
2826 2315 2973 2381 Θεὸς
3017 2312 3097 2386 ἦν
3119 2318 3152 2370 ὀ
3181 2317 3389 2387 Λόγος,
3433 2335 3454 2370 ι
3481 2319 3596 2374 Οὐκ

2003 2401 2114 2472 ἄρα
2171 2403 2412 2458 ἐλάττων
2468 2406 2622 2460 ἐστὶν
2669 2407 2699 2460 6
2751 2407 2850 2475 τὴν
2890 2407 3060 2478 αὐτὴν
3117 2408 3400 2480 ἀνέργειαν
3455 2410 3594 2482 ἔχων

2015 2495 2096 2563 τῷ
2127 2495 2320 2565 τελείῳ
2356 2497 2551 2568 Πατρὶ,
2608 2497 2706 2552 καὶ
2755 2498 2818 2552 τὸ
2864 2497 2957 2552 τοῦ
2986 2501 3342 2570 γεννήσαντος
3371 2504 3594 2573 Πνεῦμα

2004 2589 2221 2658 φύσεως
2253 2589 2390 2652 ιδίας
2421 2587 2561 2659 ἔχων
2582 2590 2829 2658 amem,
2855 2589 2964 2656 ζῶν
2990 2609 3049 2647 τε
3081 2595 3177 2650 καὶ
3236 2597 3590 2663 νυπόστατον,

2003 2680 2195 2750 ὥσπερ
2242 2679 2337 2734 οὖν
2388 2680 2584 2746 ἀμέλει
2612 2681 2708 2735 καὶ
2758 2683 2787 2734 6
2838 2682 3050 2754 Πατήρ.
3091 2701 3111 2736 ι
3149 2684 3320 2741 Πάλιν
3359 2688 3390 2739 6
3433 2687 3594 2749 αὐτὸς

2005 2771 2064 2825 ἐν
2118 2774 2184 2842 τῇ
2245 2772 2511 2842 ἑρμηνείᾳ
2543 2773 2625 2836 είς
2683 2774 2766 2839 τὸ,
2796 2773 2969 2844 Κάγὼ
3003 2775 3282 2844 ἐρωτήσω
3323 2778 3434 2834 τὸν
3479 2783 3595 2834 Πα-

2005 2863 2166 2934 τέρα,
2198 2864 2300 2918 καὶ
2335 2863 2532 2920 ἄλλον
2561 2864 2964 2935 nuptiae/tritor
2996 2866 3176 2923 δώσει
3211 2868 3358 2940 ὑμῖν
3377 2887 3390 2901 ο
3430 2889 3449 2923 ι
3474 2871 3593 2926 Τῶν

2003 2959 2114 3026 γὰρ
2169 2954 2267 3008 τοῦ
2317 2955 2456 3010 Θεοῦ
2505 2958 2599 3010 καὶ
2649 2957 2864 3028 Πατρὸς
2913 2960 3162 3027 φυσικῶν
3227 2960 3448 3029 ἀγαθῶν
3506 2963 3595 3014 οὐ-

321 3055 570 3120 modum,
601 3055 904 3109 secundum
952 3069 1114 3124 quem
1161 3053 1391 3124 intelligi
1423 3063 1603 3124 potest
1628 3066 1684 3110 et
1719 3057 1898 3123 Pater,

2012 3047 2219 3110 σιωδῶς
2259 3047 2520 3118 ὑπάρχων
2544 3050 2576 3102 6
2629 3048 2760 3112 Υἱὸς
2805 3049 3084 3116 κοινωνὸς,
3143 3050 3257 3122 ἔχει
3284 3051 3346 3106 τδ
3373 3053 3593 3123 Πνεῦμα

323 3168 435 3207 non
466 3144 776 3213 inductum,
815 3165 990 3220 neque
1024 3148 1092 3204 ab
1119 3156 1302 3214 extra;
1333 3148 1544 3203 fatuum
1569 3149 1772 3221 quippe
1789 3159 1898 3218 est,

321 3244 454 3314 quin
488 3243 676 3311 potius
713 3242 969 3297 insanum
1009 3242 1084 3296 ita
1115 3240 1343 3295 sentire.
1392 3239 1597 3296 Verum
1643 3253 1702 3298 ut
1750 3244 1904 3314 quis-

2008 3139 2149 3194 κατά
2209 3139 2400 3192 τοῦτον
2448 3141 2540 3194 τὸν
2579 3141 2824 3212 τρόπον,
2895 3144 3018 3196 καθ’
3092 3145 3259 3214 ὅνπερ
3307 3144 3374 3200 ἂν
3424 3148 3594 3199 νοοῖτο

2005 3235 2148 3288 καὶὸ
2201 3233 2416 3306 Πατὴρ,
2483 3236 2584 3288 οὐκ
2647 3236 2908 3301 ἐπακτὸν,
2971 3236 3079 3288 οὐδ’
3138 3237 3357 3302 ἔξωθεν,
3395 3237 3593 3307 εὔηθες

322 3348 432 3403 que
460 3343 710 3388 nostrum
745 3333 1028 3402 proprium
1057 3331 1114 3385 in
1151 3345 1212 3386 se
1257 3333 1503 3389 continet
1533 3335 1812 3404 spiritum,
1845 3344 1902 3392 et

2008 3328 2132 3396 γὰρ,
2191 3329 2395 3396 μᾶλλον
2451 3327 2510 3380 δὲ
2564 3329 2795 3398 μανικὸν
2864 3329 2924 3382 τὸ
2973 3329 3116 3384 οὕτω
3166 3333 3382 3400 φρονεῖν
3407 3349 3420 3362 ·
3478 3329 3593 3386 ἀλλ’

320 3435 446 3475 eum
469 3435 538 3474 ex
559 3419 767 3474 intimis
789 3419 1093 3474 visceribus
1117 3419 1264 3474 foras
1284 3419 1533 3488 eﬂ‘undit,
1560 3424 1630 3477 ob
1659 3423 1713 3477 id
1733 3423 1901 3478 etiam

320 3513 578 3566 Christus
623 3513 994 3582 corporaliter
1039 3526 1166 3566 eum
1215 3510 1538 3580 insulllavit,
1583 3516 1902 3581 ostendens,

321 3604 471 3674 quod
501 3604 970 3674 quemadmodum
1001 3619 1068 3659 ex
1096 3619 1191 3660 ore
1225 3605 1463 3661 humano
1509 3609 1759 3677 procedit
1795 3608 1906 3678 Spi-

323 3697 468 3751 ritus
493 3697 876 3766 corporaliter,
911 3697 992 3750 sic
1020 3695 1186 3751 etiam
1225 3713 1292 3752 ex
1320 3698 1648 3762 substantia,
1695 3699 1785 3767 qui
1837 3713 1904 3754 ex

324 3789 446 3859 ipsa
480 3798 585 3850 est,
623 3787 930 3844 edunditur
978 3787 1239 3857 Spiritus,
1291 3797 1352 3844 ut
1381 3790 1552 3843 Deum
1588 3789 1766 3844 decet.
1800 3789 1905 3846 lte-

325 3895 450 3936 rum
495 3880 638 3936 idem
667 3881 724 3934 in
773 3878 1116 3934 orationibus
1163 3879 1466 3936 secundum
1512 3880 1902 3948 interrogatio-

323 3988 451 4028 nem
503 3981 559 4027 et
593 3972 1010 4042 responsionem
1050 3971 1118 4026 ad
1149 3971 1449 4028 Palladium
1484 3983 1665 4040 prope
1698 3971 1904 4041 princi-

323 4064 477 4132 pium
510 4081 524 4118 :
558 4081 576 4114 ι
609 4062 885 4118 Mutabilis
913 4072 1095 4116 autem
1139 4076 1485 4131 nequaquam
1525 4061 1764 4130 Spiritus
1796 4072 1901 4130 est,

322 4155 411 4209 vel
458 4154 504 4208 si
534 4153 639 4209 hoc
665 4153 859 4208 morbo
895 4152 1220 4207 mutationis
1258 4153 1490 4219 laborat,
1525 4153 1580 4208 in
1609 4157 1782 4225 ipsam
1821 4157 1904 4214 di-

321 4247 505 4301 vinam
539 4252 791 4299 naturam
815 4254 1064 4300 recurret
1098 4245 1478 4312 reprehensio.
1505 4245 1788 4317 Siquidem
1820 4259 1904 4307 est

324 4340 424 4395 Dei
453 4348 511 4394 et
536 4338 738 4402 Patris,
773 4338 905 4404 quin
931 4337 1098 4392 etiam
1132 4336 1276 4396 Filii.
1306 4336 1403 4404 qui
1434 4339 1802 4397 essentialiter
1833 4359 1902 4398 ex

2002 3418 2192 3489 ὥσπερ
2261 3422 2354 3472 καὶ
2432 3419 2592 3490 ἡμῶν
2663 3420 2894 3485 ἕκαστος
2959 3421 3020 3474 τὸ
3090 3423 3220 3476 ῐδιον
3290 3425 3348 3475 ὲν
3415 3423 3592 3494 ἐαυτῷ

2003 3514 2221 3581 πνεῦμα
2266 3513 2502 3582 συνέχει,
2539 3514 2630 3566 καὶ
2667 3513 2733 3566 ὲκ
2783 3513 2892 3568 τῶν
2943 3513 3238 3568 ὲνδατάτων
3270 3515 3591 3585 σπλάγχνων

2006 3603 2088 3664 εἰς
2131 3603 2194 3656 τὸ
2243 3602 2348 3667 ἔξω
2387 3603 2645 3674 προχέει’
2673 3603 2762 3656 διά
2799 3621 2880 3656 τοι
2909 3603 3067 3656 τοῦτο
3109 3605 3204 3657 καὶ
3264 3606 3590 3674 σωματικῶς

2005 3692 2137 3746 αὐτὸ
2185 3695 2519 3763 ἐνεφύσησεν
2547 3696 2576 3747 6
2621 3695 2875 3763 Χριστὸς,
2922 3694 3136 3756 δεικνὺς
3165 3695 3248 3749 ὅτι
3297 3695 3591 3767 καθώσπερ

2004 3787 2070 3838 ὲκ
2101 3783 2196 3838 τοῦ
2232 3785 2496 3856 στόματος
2528 3785 2623 3839 τοῦ
2645 3785 2986 3856 ἀνθρωπίνου
3031 3787 3249 3858 πρόεισι
3279 3789 3338 3841 τὸ
3375 3788 3594 3858 πνεῦμα

2006 3875 2358 3946 σωματικῶς,
2417 3874 2560 3928 οῦτω
2619 3875 2713 3928 καὶ
2765 3877 2830 3928 ἐκ
2879 3875 2980 3943 τῆς
3035 3876 3222 3940 οὐσίας
3274 3877 3590 3946 θεοπρεπῶς

2006 3968 2290 4036 προχεῖται
2311 3965 2372 4018 τὸ
2397 3966 2458 4030 ἐξ
2480 3965 2674 4036 αὐτῆς.
2701 3965 2903 4019 ’Πάλιν
2927 3967 2956 4018 6
2986 3966 3147 4030 αὐτὸς
3199 3967 3256 4020 ὲν
3315 3970 3424 4031 τοῖς
3455 3966 3590 4038 πρὸς

2006 4056 2301 4109 Παλλάδιον
2333 4055 2476 4108 κατά
2508 4053 2701 4107 πεῦᾱιν
2731 4055 2825 4107 καὶ
2843 4056 3135 4125 ἀπόκρισιν
3151 4055 3329 4124 λόγοις
3363 4056 3592 4125 ἔγγιστα

2002 4149 2102 4218 τῆς
2131 4147 2307 4217 ἀρχῆς
2327 4161 2341 4176 ⁶
2369 4163 2389 4198 t
2415 4145 2661 4217 Τρεπτὺν
2687 4145 2745 4198 δὲ
2767 4146 2912 4200 οῦτοι
2946 4164 3048 4200 που
3073 4146 3134 4200 τὸ
3157 4149 3380 4218 Πνεῦμά
3407 4150 3552 4202 ἐστιν
3569 4165 3585 4180 ·

2005 4239 2224 4310 ἢεῐπερ
2278 4240 2342 4291 τὸ
2390 4237 2688 4308 τρέπεσθαι
2729 4242 2896 4304 νοσεῖ,
2948 4239 3037 4291 ἐπ’
3093 4240 3263 4311 αὐτὴν
3314 4245 3343 4295 6
3401 4242 3589 4312 μῶμος

2007 4331 2106 4402 τὴν
2138 4330 2286 4384 θείαν
2315 4330 2711 4401 ἀναδραμεῖται
2737 4330 2918 4401 φύσιν,
2966 4333 3124 4404 εἴπερ
3169 4335 3285 4388 ἐστὶ
3319 4333 3412 4388 τοῦ
3453 4334 3587 4387 Θεοῦ

323 4430 616 4494 ambobus,
648 4429 701 4483 id
731 4439 836 4492 est,
880 4443 946 4483 ex
992 4427 1153 4482 Patre
1201 4441 1300 4496 per
1352 4425 1554 4483 Filium
1601 4429 1903 4487 eil'unditur

2008 4423 2101 4477 καὶ
2139 4421 2372 4493 Πατρὸς,
2400 4423 2494 4475 καὶ¹
2525 4421 2633 4494 μὴν
2657 4424 2751 4476 καὶ
2780 4423 2873 4478 τοῦ
2932 4423 3065 4477 Υίοῦ
3091 4425 3153 4477 τὸ
3207 4425 3479 4490 οὐσιωδῶς
3529 4425 3588 4492 ἐξ

325 4521 589 4593 Spiritus.
637 4520 842 4575 lterum
893 4518 1036 4573 idem
1065 4517 1120 4570 in
1159 4516 1388 4584 epistola
1420 4518 1575 4573 tertia
1608 4519 1678 4574 ad
1707 4520 1904 4576 Nesto-

329 4616 495 4682 rium,
527 4614 683 4684 cujus
711 4611 953 4675 initium,
985 4608 1264 4664 Saluatore
1285 4618 1461 4663 nostra
1493 4612 1717 4676 dicente,
1745 4631 1765 4664 ι
1799 4611 1904 4678 Qui

328 4718 474 4762 amat
512 4701 836 4776 patrem,vel
856 4708 1080 4756 matrem
1107 4718 1128 4754 :
1167 4719 1186 4753 ι
1224 4699 1288 4752 Et
1336 4700 1383 4754 si
1437 4701 1584 4754 enim
1631 4702 1684 4756 in
1737 4704 1907 4772 hypo—

327 4798 463 4854 stasi
512 4796 734 4866 propria
759 4803 844 4848 est
877 4793 1136 4863 Spiritus,
1179 4802 1236 4848 et
1266 4791 1429 4846 etiam
1460 4793 1784 4864 intelligitur
1809 4809 1908 4864 per

327 4906 408 4953 se,
439 4899 714 4960 quatenus
740 4894 826 4942 est
873 4883 1133 4954 Spiritus,
1175 4892 1230 4938 et
1266 4899 1374 4939 non
1411 4893 1493 4938 est
1523 4884 1730 4950 Filius;
1766 4883 1909 4939 nihi-

327 4984 569 5038 lominus
600 4994 706 5034 non
741 4987 828 5032 est
879 4976 1092 5030 alienus
1125 4975 1193 5030 ab
1247 4977 1404 5045 ipso;
1461 4975 1700 5045 Spiritus
1757 4977 1905 5032 enim

327 5075 575 5131 veritatis
603 5070 916 5126 nominatus
937 5075 1020 5122 εει
1045 5084 1061 5134 ;
1105 5082 1267 5136 porro
1290 5066 1542 5122 Christus
1571 5075 1656 5122 est
1681 5067 1906 5136 veritas,

327 5168 479 5222 etab
513 5167 630 5235 ipso
663 5162 988 5228 effunditur,
1045 5177 1152 5217 non
1194 5160 1354 5216 aliter
1379 5159 1626 5230 profecto
1667 5169 1832 5231 atque
1875 5177 1906 5215 a

332 5257 442 5311 Deo
465 5265 520 5310 et
546 5255 727 5308 Patre.
766 5273 783 5303 ι

398 5440 553 5506 Quod
585 5439 630 5492 si
662 5439 786 5509 quis
838 5440 944 5495 hoc
981 5439 1101 5495 loco
1139 5438 1398 5510 Spiritum
1447 5438 1651 5494 donum
1686 5435 1909 5492 minime

329 5531 636 5585 subsistens
665 5531 780 5584 vult
820 5545 941 5588 esse
979 5550 994 5586 ε
1041 5547 1230 5587 verum
1281 5532 1519 5601 primum
1561 5531 1784 5599 quidem
1821 5530 1906 5583 vi-

330 5631 547 5676 ventem
619 5623 928 5698 (Spiritum)
982 5635 1037 5681 ct
1089 5627 1480 5683 subsistentem
1540 5623 1700 5690 dixit,
1746 5635 1802 5678 et
1854 5623 1908 5677 in

338 5712 559 5777 urentia
593 5717 870 5780 hvpostasi
904 5734 1045 5782 esse.
1082 5736 1145 5776 ac
1194 5735 1292 5782 per
1322 5735 1402 5776 se.
1449 5717 1656 5775 Deinde
1689 5716 1910 5786 quando

2005 4515 2232 4584 ἀμφοῖν,
2281 4516 2450 4587 ἤγουν
2513 4518 2580 4570 ὲκ
2635 4517 2850 4586 Πατρός
2910 4514 2980 4570 δι’
3011 4515 3164 4582 res,
3225 4519 3588 4591 προχεόμενον

2007 4606 2246 4676 πνεῦμα.
2275 4625 2296 4659 ι
2325 4607 2497 4661 Πάλιν
2525 4610 2554 4661 6
2587 4608 2747 4671 αὐτὸς
2778 4609 2836 4662 ὲν
2860 4611 2925 4680 τῇ
2944 4608 3079 4678 πρὸς
3099 4609 3396 4680 Νεστόριον
3431 4612 3587 4682 τρίτῃ

2006 4698 2168 4754 αὐτοῦ
2203 4699 2486 4772 ἐπιστολῇ,
2527 4695 2596 4772 ἧς
2634 4701 2668 4771 ἡ
2730 4701 2911 4771 ἀρχή·
2949 4699 3063 4755 Τοῦ
3116 4699 3388 4770 Σωτῆρος
3424 4702 3592 4774 ἡμῶν

2005 4789 2315 4860 λέγοντος,
2358 4807 2376 4840 ι
2419 4789 2484 4843 '0
2537 4787 2725 4858 φιλῶν
2775 4791 3026 4859 πατέρα,
3068 4789 3371 4861 ἢμητέρα.
3405 4811 3423 4844 ι
3487 4793 3593 4846 «ΕΙ

2007 4880 2116 4949 γὰρ
2145 4880 2241 4933 καὶ
2273 4879 2423 4934 ἐστιν
2450 4881 2510 4934 ὲν
2547 4867 2845 4935 ὑποστάσει
2873 4881 2937 4934 τὸ
2993 4881 3221 4951 Πνεῦμα
3287 4883 3451 4955 ίδικῇ,
3499 4886 3594 4939 καὶ

2007 4973 2072 5044 δὴ
2104 4973 2429 5026 καὶνοεῖται
2457 4973 2582 5027 καθ’
2605 4972 2788 5038 ἑαυτὸ,
2817 4973 2952 5028 καθὸ
2988 4976 3213 5046 Πνεῦμά
3233 4979 3351 5031 ἐστι
3375 4981 3466 5031 καὶ
3495 4980 3592 5048 οὐχ

2015 5066 2138 5130 re;
2159 5083 2176 5100 '
2213 5065 2329 5121 ἀλλ’
2354 5063 2450 5119 οὐν
2487 5066 2635 5118 ἐστιν
2685 5065 2786 5118 οὐκ
2814 5065 3095 5138 ἀλλότριον
3149 5067 3338 5123 αὐτοῦ.
3367 5070 3592 5140 Πνεῦμα

2009 5150 2119 5231 γὰρ
2153 5159 2416 5230 ἀληθείας
2454 5159 2798 5229 ὠνόμασται,
2830 5161 2928 5215 καὶ
2955 5162 3072 5216 ἔστι
3124 5163 3361 5237 Χριστὸς
3388 5165 3422 5234 ἡ
3458 5164 3590 5234 ἀλή-

2009 5253 2167 5306 θεια⁶
2207 5252 2300 5307 καὶ
2353 5255 2639 5324 προχεῖται
2671 5252 2803 5326 παρ’
2851 5253 3046 5323 αὐτοῦ,
3100 5257 3352 5326 καθάπερ
3401 5256 3591 5328 ἀμέλει

2215 5344 2310 5402 τοῦ
2331 5344 2482 5401 -Θεοῦ
2519 5345 2618 5401 καῖ
2639 5346 2876 5418 Πατρός.
2905 5367 2924 5400 ι

2081 5443 2145 5494 Et
2181 5442 2239 5496 δέ
2278 5459 2365 5504 τις
2403 5439 2637 5494 ἐνταῦθα
2674 5441 2737 5494 τὸ
2778 5441 3000 5512 Πνεῦμα
3063 5442 3308 5512 χάρισμα
3349 5441 3586 5511 βούλιετα⁹

2011 5534 2390 5588 ἀνυπόστατον
2433 5527 2571 5585 εἶναι
2597 5549 2611 5563 ο
2649 5531 2788 5584 ἀλλὰ
2834 5534 3054 5602 πρῶτον
3093 5535 3225 5600 μὲν,
3260 5532 3369 5596 ζῶν
3402 5550 3460 5585 τε
3501 5537 3592 5586 καὶ

2012 5628 2379 5680 δνυπόστατον
2410 5624 2600 5696 εῐρηκε
2621 5666 2637 5692 ,
2673 5624 2769 5678 καὶ
2806 5626 2865 5678 ἐν
2898 5625 3197 5680 ὑποστάσει
3232 5621 3372 5680 εἶναι
3409 5626 3598 5696 ιδικῇ,“

2015 5720 2112 5774 καὶ
2139 5718 2260 5774 καθ’
2286 5717 2449 5774 ἑαυτό
2466 5735 2480 5750 ’
2508 5717 2700 5774 ἔπειτα
2727 5719 2822 5774 καὶ
2843 5720 2932 5774 ὅτε
2960 5718 3286 5786 σωματικῶς
3311 5719 3440 5774 αὐτὸ
3463 5723 3581 5773 ὲνε-
