4036 6436
463 315 572 386 039

1749 319 1906 387 ΠΕΜ
1922 321 2129 384 ETRII
2169 322 2483 383 CYDONIT

3622 317 3736 387 ⁷94⁵6

461 437 630 490 etiam
661 432 930 503 proficisci
983 444 1039 488 et
1079 449 1354 501 emanare,
1398 447 1558 505 atque
1611 438 1812 504 emitti,
1870 447 1925 490 ut
1971 439 2037 490 di-

2154 435 2390 504 εἴρηται,
2427 433 2578 486 οὐδὲν
2615 427 2775 502 ἦττον
2807 433 2904 504 τὴν
2933 431 3168 504 ὕπαρξιν
3196 436 3288 489 τοῦ
3315 437 3442 490 Υἰοῦ
3469 440 3735 510 παρίστη-

463 534 750 591 ctum-est,
793 540 902 578 non
955 525 1139 581 minus
1181 528 1556 581 exsistenliam
1589 528 1711 583 Filii
1767 528 2044 598 exprimit,

463 632 575 671 non
616 632 777 672 secus
803 625 970 685 atque
1023 617 1202 687 ipsum
1251 620 1522 688 generari.
1554 621 1685 685 Quae
1712 635 1842 675 sane
1880 621 2047 674 etiam

460 707 518 762 in
561 707 769 776 Spiritu
811 707 1006 776 aequali
1041 708 1205 762 modo
1253 724 1312 763 se
1355 710 1557 764 habere
1601 709 1897 764 dicendum
1927 720 2044 776 est;

409 799 414 802 ’
461 797 687 867 quando
749 797 866 866 ipse
939 797 1224 869 (Spiritus)
1302 815 1590 869 apparere,
1649 801 1896 870 prodire,
1949 818 2045 856 seu

459 888 760 958 proﬁcisci,
789 898 844 942 et
895 904 1150 944 emanare
1183 906 1213 944 a
1250 891 1386 944 Filio
1421 891 1645 946 dicitur.
1689 893 1917 955 Deinde,
1951 894 2045 964 qni

462 980 761 1034 dictionem
802 980 948 1033 illaut
1003 981 1326 1049 πεφηνέναι,
1370 997 1658 1051 apparere,
1686 984 1848 1038 aliter
1876 985 2047 1038 inter-

455 1083 734 1142 pretatur,
771 1073 977 1126 ninuta
1007 1072 1146 1136 inec,
1192 1083 1356 1141 atque
1401 1075 1630 1142 puerilia
1680 1075 1932 1144 ignorare
1964 1077 2047 1130 vi-

465 1165 646 1228 detur,
679 1163 825 1232 quod
872 1163 1133 1216 nonnulla
1163 1163 1326 1216 verba
1357 1163 1415 1216 in
1459 1166 1712 1232 praesenti
1757 1166 1906 1220 aliud
1967 1165 2046 1219 si-

461 1255 741 1325 gniﬁcant,
776 1257 828 1308 in
863 1254 1156 1322 praeteritis
1191 1255 1448 1324 propriis.
1493 1257 1574 1310 vel
1627 1259 1792 1311 etiam
1845 1257 2047 1312 futuris

457 1347 624 1400 aliam
661 1345 1116 1415 signiﬁcationem
1169 1354 1355 1414 postea
1396 1360 1642 1402 sumunt.
1681 1349 1840 1403 Verbi
1873 1352 2041 1419 gratia

464 1437 710 1506 πράττω,
749 1452 870 1506 ago,
901 1437 958 1490 in
985 1437 1238 1506 pra-senti
1272 1437 1542 1506 signiﬁcat
1593 1438 1790 1504 cilicio,
1833 1439 1928 1494 sed
1985 1441 2048 1494 il-

460 1529 552 1580 lud
589 1528 869 1595 πέπρακα,
912 1529 963 1580 in
1010 1528 1291 1596 prieterito
1353 1530 1577 1598 proprio
1610 1531 1880 1600 signiﬁcat
1911 1548 2045 1584 vcn-

460 1619 595 1683 didi,
624 1618 778 1688 juxta
809 1619 964 1684 illud,
995 1619 1140 1687 quod
1183 1619 1234 1671 in
1290 1617 1534 1674 Ecclesia
1575 1621 1842 1676 Orientali
1897 1623 2047 1677 cani-

462 1721 569 1774 t-ur,
621 1729 638 1761 ι
678 1710 742 1763 Ει
777 1720 837 1764 ut
883 1726 1102 1765 servum
1141 1710 1390 1764 vendidit
1446 1713 1755 1769 Dominum.
1823 1733 1842 1764 ι
1905 1715 2042 1770 Item

459 1803 662 1866 πείθω,
703 1801 930 1865 suadeo,
989 1801 1043 1855 in
1077 1803 1332 1870 prazsenti
1392 1803 1662 1872 signiﬁcat
1711 1805 2039 1873 persuadeo,
2076 1793 2117 1852 Β

459 1895 593 1947 illud
625 1901 806 1948 autem
846 1893 1129 1960 πείθομαι,
1177 1893 1310 1946 mihi
1358 1895 1687 1962 persuadeo,
1754 1897 1808 1948 in
1855 1896 2042 1952 futuro

453 1986 748 2054 πείσομαι,
782 1985 1088 2050 passionem
1113 1985 1358 2049 denotat,
1383 1995 1545 2054 atque
1571 2002 1668 2055 pro
1697 1986 1922 2052 suﬂ'ero,
1952 1998 2036 2041 to-

462 2077 605 2140 lero,
633 2076 812 2146 patior
845 2075 1128 2145 accipitur.
1161 2077 1347 2146 Itaque
1387 2087 1443 2130 et
1483 2080 1714 2131 verbum
1751 2079 1948 2145 φαίνω,
1985 2077 2039 2131 in

457 2169 744 2238 prtesenti,
761 2169 1104 2233 illumino,et
1124 2169 1353 2224 ostendo
1377 2186 1501 2224 cum
1525 2170 1816 2239 signiﬁcet,
1835 2171 1888 2223 in
1907 2187 2044 2240 pne-

458 2260 623 2316 terito
643 2259 961 2326 πεφηνέναι,
983 2273 1121 2324 esse,
1143 2269 1303 2328 atque
1323 2261 1587 2314 exsistere
1611 2262 1711 2316 hoc
1740 2263 1862 2315 loco
1882 2262 2044 2331 signi-
2059 2291 2072 2308 .-

453 2353 621 2416 ticat;
657 2361 716 2404 ut
754 2351 900 2404 dicta
939 2362 1256 2406 sanctorum
1309 2353 1363 2407 in
1423 2353 1663 2407 meditnn
1715 2343 1877 2407 all'ata
1916 2368 2044 2422 pro-

448 2442 610 2506 bant,
648 2440 815 2509 idque
850 2441 1023 2494 series
1064 2441 1335 2495 sermonis
1373 2458 1498 2494 eum
1535 2457 1697 2496 sensu
1747 2444 1904 2497 fateri
1940 2457 2040 2497 nos

455 2533 625 2602 cogit.
654 2531 762 2586 Sed
793 2547 973 2600 neque
1005 2533 1140 2587 illud
1170 2533 1356 2588 dicere
1391 2535 1471 2588 fas
1489 2546 1600 2601 est,
1637 2536 1783 2606 quod
1818 2539 2037 2606 quando

459 2626 698 2697 Spiritus
729 2634 954 2680 sanctus
991 2641 1019 2678 a
1059 2627 1197 2681 Filio
1231 2627 1369 2694 dari,
1397 2641 1453 2684 et
1501 2634 1733 2701 erogari,
1768 2647 1864 2686 seu
1901 2634 2040 2687 mitti

447 2718 682 2784 dicitur,
728 2733 836 2772 non
882 2718 997 2787 ipse
1044 2728 1174 2772 tunc
1210 2719 1516 2775 subsistens
1551 2722 1790 2790 Spiritus
1822 2733 2042 2779 sant-tus

457 2807 758 2873 indicatur,
812 2809 904 2860 sed
946 2808 1092 2861 aliud
1135 2808 1416 2878 quidpiam
1463 2810 1668 2867 nimine
1711 2813 2037 2870 subsistens.

452 2901 588 2955 Nam
624 2899 858 2965 primum
897 2885 1118 2969 quidem
1175 2919 1286 2957 non
1347 2904 1504 2958 multi
1561 2905 1802 2974 Spiritus
1859 2910 2038 2963 sancti

453 2999 602 3044 sunt.
633 2989 846 3042 Etenim
903 2989 1200 3060 Gregorius
1231 2993 1545 3063 Theologus
1575 2995 1630 3048 in
1686 2998 1931 3053 oratione
1967 2999 2037 3054 ad

451 3082 722 3136 lleronem
753 3082 1142 3152 philosophum
1165 3085 1241 3138 ait
1275 3103 1288 3140 :
1327 3103 1344 3136 ι
1388 3085 1624 3141 Delinias
1655 3097 1836 3144 autem
1869 3093 2033 3145 etiam

2140 3105 2196 3157 δὲ
2253 3082 2480 3176 Πνεῦμα
2534 3108 2689 3177 ἅγιον
2739 3082 3016 3182 ’προελθὸν

453 3184 696 3228 nostram
732 3176 990 3242 pietatem
1022 3174 1247 3238 docens,
1283 3185 1342 3229 ut
1390 3192 1559 3232 unum
1604 3177 1772 3233 Deum
1806 3193 2036 3237 noscant

453 3265 756 3334 ingenitum
798 3265 1038 3330 Patrem,
1097 3283 1263 3320 unum
1324 3282 1455 3322 vero
1509 3271 1754 3340 genitum
1807 3273 2032 3340 Filium,

451 3372 625 3411 unum
657 3357 822 3411 etiam
874 3356 1142 3426 Spiritum
1197 3369 1448 3414 sanctum
1489 3376 1556 3416 ex
1595 3363 1758 3418 Patre
1812 3366 2036 3434 prolici-

450 3459 718 3511 srenlem,
746 3463 842 3503 seu
883 3448 1291 3518 procedentem.
1335 3470 1352 3503 ι
1408 3451 1646 3509 Sanctus
1675 3470 1892 3525 quoque
1937 3456 2036 3511 So-

451 3541 744 3611 phronius,
805 3542 1122 3609 patriarcha
1181 3543 1765 3614 Hierosolymitanus,
1813 3548 1867 3600 in
1934 3564 2032 3602 sua

449 3634 807 3688 Confessione
845 3633 990 3699 Ιὶάι-ἰ,
1033 3645 1166 3703 post
1223 3638 1486 3690 nonnulla
1540 3637 1752 3692 infert:
1795 3655 1814 3688 ι
1875 3638 1937 3691 Ει
1974 3639 2029 3692 in

453 3740 624 3779 unum
663 3725 928 3793 Spiritum
977 3735 1250 3780 sanctum.
1307 3748 1325 3779 ι
1386 3728 1452 3782 Et
1480 3737 1606 3781 ante
1649 3729 1747 3784 hos
1805 3745 2034 3799 magnus

447 3816 652 3870 Paulus
708 3817 785 3870 ait
832 3832 906 3870 ει
949 3816 1013 3872 Ει
1051 3834 1194 3872 unus
1240 3818 1478 3888 Spiritus
1533 3829 1753 3875 sanctus
1812 3821 1866 3875 in
1923 3837 2032 3890 quo

444 3913 656 3962 omnia.
715 3926 734 3958 ι
780 3908 984 3964 Deinde
1017 3909 1063 3976 si
1119 3911 1314 3965 demus
1359 3911 1563 3966 multos
1603 3911 1743 3966 alios
1792 3913 2033 3982 Spiritus

446 4000 582 4064 dici,
621 4000 716 4055 sed
759 4001 944 4055 nullus
983 4017 1174 4055 eorum
1233 4003 1436 4057 dicitur
1492 4003 1732 4072 Spiritus
1784 4017 2028 4070 sanetus,

448 4091 534 4145 vel
566 4084 809 4155 divinus,
850 4107 1028 4160 neque
1054 4107 1119 4144 ex
1147 4092 1307 4145 Patre
1337 4093 1665 4161 procedens,
1699 4093 1781 4147 vel
1804 4110 1910 4164 per
1942 4095 2032 4148 Fi-

449 4181 582 4235 lium
645 4181 974 4252 procedens,
1030 4198 1209 4251 neque
1269 4183 1612 4250 subsistens;
1665 4185 1792 4252 quia
1851 4202 2030 4256 neque

448 4271 692 4341 ejusdem
722 4281 951 4334 naturas,
987 4282 1149 4341 atque
1179 4273 1461 4342 dignitatis
1491 4285 1650 4340 sunt;
1688 4276 1784 4330 sed
1817 4287 2029 4333 tantum

447 4365 730 4430 dillcrunl,
774 4375 1040 4431 quantum
1092 4373 1276 4418 creata
1310 4381 1338 4419 a
1378 4377 1650 4422 creatore.
1686 4369 1840 4436 Quod
1880 4374 2027 4426 enim

444 4459 629 4512 nullus
659 4457 801 4511 alius
823 4457 895 4511 sit
923 4457 1182 4526 Spiritus,
1215 4468 1428 4512 constat
1453 4474 1519 4514 ex
1549 4464 1829 4517 communi
1861 4480 2026 4521 sensu

2137 4471 2271 4541 πρὸς
2323 4473 2649 4543 Σεραπίωνα
2693 4455 3084 4554 ἐπιστοὶξῇίῆξ
3132 4486 3350 4558 ἡάρχὴ,

2121 4578 2282 4630 ματα
2315 4562 2425 4631 τῆς
2455 4565 2577 4634 σῆς
2611 4567 2776 4636 ἱερᾶς
2798 4570 3152 4642 διαθέσεως,
3209 4596 3400 4650 φησιν,
3438 4601 3458 4634 ι
3501 4584 3698 4638 Εἴπατε

445 4550 588 4614 lidci,
633 4565 754 4619 qua:
802 4558 913 4603 tres
956 4548 1101 4602 solas
1148 4563 1411 4617 persntnas
1457 4555 1776 4620 ponitessc
1833 4555 2022 4610 Deum.

446 4643 600 4696 Patet
645 4640 810 4694 etiam
863 4655 928 4693 ex
996 4639 1243 4708 ipsismct
1315 4643 1541 4700 sanctis.
1600 4644 1824 4715 Magnus
1877 4648 2026 4702 enim

443 4732 797 4798 Athanasius,
847 4731 902 4785 io
948 4729 1186 4799 Epistola
1214 4732 1282 4785 ad
1324 4733 1700 4804 Serapionem,
1739 4739 1893 4808 cujus
1922 4740 2028 4793 ini-

445 4827 579 4877 timn
627 4842 640 4877 :
686 4823 912 4876 Litteras
939 4823 1080 4876 sacri
1111 4823 1188 4876 tui
1216 4823 1455 4892 affectus,
1490 4827 1567 4881 ait
1599 4845 1612 4881 :
1652 4847 1670 4880 ι
1723 4827 1894 4885 Dicite
1927 4829 2042 4900 igi-

445 4926 534 4969 tur
563 4915 654 4969 ubi
688 4916 739 4968 in
776 4915 1080 4984 Scripturis
1110 4917 1281 4970 sacris
1329 4919 1603 4987 reperitur
1629 4919 1870 4990 Spiritus
1900 4937 2023 4977 san-

442 5020 585 5073 ctus,
623 5006 864 5075 Spiritus
893 5006 1216 5075 simpliciter
1246 5009 1446 5074 dictus,
1487 5011 1607 5066 sine
1650 5013 2022 5068 additamento

446 5101 564 5164 llci,
595 5109 692 5153 aut
730 5100 928 5164 Patris,
983 5110 1078 5154 aut
1124 5116 1301 5169 meus,
1344 5111 1438 5156 aut
1493 5103 1667 5173 ipsius
1702 5104 1932 5172 Christi,
1967 5116 2022 5162 et

444 5193 586 5255 l-‘iiii,
621 5200 715 5244 aut
748 5207 775 5243 a
831 5207 938 5256 me,
990 5192 1093 5246 hoc
1143 5203 1227 5247 est
1257 5210 1286 5246 a
1318 5195 1449 5261 Deo,
1488 5206 1583 5249 aut
1615 5197 1732 5251 sine
1766 5198 2020 5265 articulo,

445 5286 516 5332 ιιι
553 5295 610 5334 ut
642 5299 764 5336 cum
804 5298 917 5336 non
968 5285 1293 5354 simpliciter
1345 5288 1562 5342 dicatur
1617 5287 1873 5358 Spiritus,
1927 5291 2023 5344 sed

443 5373 680 5442 Spiritus
713 5369 826 5437 Dei,
860 5377 944 5429 vel
976 5376 1080 5434 hoc
1122 5378 1324 5446 ipsum,
1375 5381 1618 5448 Spiritus
1647 5393 1894 5448 sanctus,
1931 5393 2025 5437 aut

442 5465 778 5531 l’nraclctns,
803 5479 897 5522 aut
927 5471 1197 5539 veritatis,
1222 5471 1327 5525 hoc
1359 5483 1443 5526 est
1480 5471 1626 5537 Filii,
1655 5477 1749 5543 qui
1779 5477 2023 5545 seipsum

446 5563 692 5616 Lominat
740 5567 1046 5632 veritatem,
1107 5578 1162 5622 et
1211 5585 1320 5622 non
1379 5569 1703 5637 simpliciter
1756 5573 2024 5643 allegctur

441 5667 711 5725 sanctum,
736 5679 856 5717 esse
895 5663 1195 5737 intelligere
1226 5676 1283 5720 ct
1312 5667 1521 5722 sentire
1556 5669 1824 5725 debeatis.
1861 5689 1880 5719 ι

466 5780 468 5782 τ
510 5754 742 5813 Sanctus
795 5776 1014 5832 quoque
1061 5763 1406 5830 Anastasius,
1455 5764 1766 5833 patriarcha
1817 5767 2013 5825 Antio-

2155 540 2258 586 σιν,
2304 523 2492 592 ὥσπερ
2550 524 2644 574 καὶ
2678 523 2810 576 αὐτὸ
2843 524 2903 576 τὸ
2942 526 3266 592 γεννᾶσθαι.
3331 530 3396 580 Ἀ
3427 528 3488 597 δὴ
3519 531 3613 582 καὶ
3639 532 3734 583 ἐπὶ

2149 616 2244 668 τοῦ
2285 615 2602 683 Πνεύματος
2627 615 2716 666 τὸν
2768 614 2883 668 ἴσον
2926 618 3124 686 τρόπον
3156 618 3299 689 ἔχειν
3331 623 3546 692 ῥητέον,
3575 624 3730 677 ἐπει⁵

2144 708 2243 762 δὰν
2269 709 2402 760 αὐτὸ
2450 709 2752 777 πεφηνέναι
2801 710 2893 764 καὶ
2943 714 3192 783 προϊέναι
3244 715 3339 767 καὶ
3404 716 3730 780 ἀναϐλύζειν

2152 799 2303 862 παρὰ
2354 798 2449 851 τοῦ
2487 798 2616 850 Υίοῦ
2666 799 2906 868 λέγεται.
2945 803 3163 857 Ἔπειθ’
3210 805 3238 857 6
3271 805 3373 874 τὴν
3423 805 3566 872 λέξιν
3600 807 3733 875 seq.

2151 890 2417 961 γούμενος
2471 893 2686 959 ἀγνοεῖν
2718 893 2862 946 ἔοικε
2893 895 2960 948 τὰ
2995 897 3168 965 μικρὰ
3209 901 3362 950 ταυτὶ
3405 902 3498 952 καὶ
3531 901 3732 954 παιδα-

2151 983 2340 1050 ριώδη,
2372 983 2454 1034 ὅτι
2483 983 2605 1035 τινα
2645 983 2754 1036 τῶν
2799 986 3062 1055 ῥημάτων
3093 988 3187 1040 ιπι
3242 989 3352 1042 τῶν
3410 991 3729 1046 ἐνεστώτων

2150 1073 2276 1125 ἄλλο
2311 1073 2672 1141 σημαίνοντα,
2708 1075 2802 1126 ἐπὶ
2834 1075 2945 1129 τῶν
2993 1077 3140 1130 ίδίων
3195 1083 3637 1151 παρῳχημένων,

2150 1166 2241 1218 καὶ
2301 1166 2607 1236 μελλόντων
2681 1168 2888 1237 ἑτέραν,
2940 1171 3220 1238 σημασίαν
3297 1173 3727 1244 μεταλαμϐάνει.

2147 1253 2296 1322 Οἷον,
2329 1260 2552 1327 πράττω
2583 1261 2680 1330 μὲν
2706 1261 2801 1313 ἐπὶ
2828 1261 3126 1325 ἐνεστῶτος
3146 1264 3297 1333 δηλοῖ
3321 1265 3380 1318 τὺ
3408 1267 3639 1338 ὲνεργῶ,
3663 1270 3728 1322 τὸ

2145 1351 2202 1403 δὲ
2236 1352 2496 1420 πέπρακα
2528 1352 2622 1405 ἐπὶ
2640 1353 2736 1406 τοῦ
2771 1354 2902 1407 ἰδίου
2933 1357 3345 1425 παρακειμένου
3376 1359 3436 1410 τὸ
3463 1359 3725 1431 ὲπὼὶησιι

2149 1443 2430 1510 σημαίνει,
2461 1444 2538 1507 ὡς
2564 1444 2680 1514 ἔχει
2729 1446 2790 1498 τὸ
2821 1445 3183 1515 ψαλλόμενον,
3232 1467 3250 1500 t
3292 1450 3403 1504 Kal
3430 1449 3504 1514 ὡς
3535 1451 3724 1507 δοῦλον

2147 1537 2397 1606 πέπρακε
2424 1539 2514 1589 τὸν
2544 1539 2771 1607 Κύριον.
2811 1559 2830 1590 ι
2866 1540 2973 1592 Καὶ
3025 1541 3197 1594 πείθω
3230 1543 3333 1610 μὲν
3369 1543 3464 1595 ἐπὶ
3488 1546 3720 1599 ἐνεστῶ-

2145 1645 2235 1691 τος
2280 1629 2340 1680 τὸ
2401 1631 2718 1683 καταπείθω
2768 1633 3071 1701 σημαίνει,
3117 1633 3258 1687 τὸδὲ
3309 1634 3566 1704 πείθομαι
3627 1639 3720 1691 ἐπὶ

2149 1721 2436 1790 μέλλοντος
2481 1724 2577 1776 ἐπὶ
2610 1723 2816 1788 πάθους
2848 1727 2968 1778 ἀντὶ
3021 1727 3116 1779 τοῦ
3150 1729 3413 1797 ὑπομενῶ
3440 1729 3712 1798 λαμϐάνε-

2145 1831 2256 1868 ται.
2309 1816 2472 1870 Ὥστε
2522 1818 2618 1871 καὶ
2653 1819 2714 1872 τὸ
2766 1819 2943 1888 φαίνω
2974 1821 3126 1890 ῥῆμα
3159 1821 3220 1874 τὸ
3248 1822 3453 1892 λάμπω
3489 1826 3572 1876 καὶ
3600 1825 3709 1876 65i-

2147 1923 2312 1976 κνυμι
2334 1907 2529 1977 δηλοῦν
2558 1910 2652 1963 ἐπὶ
2673 1911 3098 1974 ὲνεστῶτος,ὲπὶ
3129 1911 3222 1966 τοῦ
3254 1915 3550 1985 πεφηνέναι
3575 1934 3711 1986 παρ-

2147 2002 2434 2069 ῳχημένου
2473 2002 2533 2054 τὸ
2567 1999 2705 2057 εἶναι
2738 2004 2832 2058 καὶ
2863 2005 3128 2076 ὑπάρχειν
3161 2007 3394 2061 ἐνταῦθα
3434 2013 3712 2080 σημαίνειν

2144 2090 2217 2154 ὡς
2245 2092 2301 2144 αἱ
2332 2094 2521 2163 ῥήσεις
2547 2097 2824 2149 ἐκκεινται
2849 2098 2957 2152 τῶν
2993 2099 3185 2168 ἁγίων,
3226 2102 3322 2153 καὶ
3345 2102 3376 2169 ἡ
3403 2101 3717 2173 σύμφρασις

2145 2186 2285 2254 μετὰ
2316 2184 2412 2252 τῆς
2463 2187 2673 2250 ἑννοίας
2705 2188 2862 2240 τοῦτο
2914 2193 3346 2259 καταναγκάζει.
3412 2195 3574 2249 Ἀλλὰ
3611 2201 3714 2267 μὴν

2143 2278 2263 2330 οὐδὲ
2290 2277 2437 2330 τοῦτ’
2466 2279 2646 2346 ἔξεστι
2678 2280 2884 2348 λέγειν,
2949 2283 3026 2346 ὡς
3057 2285 3278 2338 ἐπειδὰν
3310 2286 3370 2338 τὸ
3405 2289 3627 2358 Πνεῦμα
3661 2292 3715 2342 τὺ

2131 2367 2297 2436 ’ἅγιον
2335 2371 2487 2440 παρᾶ
2537 2371 2634 2424 τοῦ
2691 2372 2822 2426 Υίοῦ
2881 2375 3206 2448 δίδοτθαι,ἢ
3270 2381 3713 2451 χορηγεῖσθαι,ἥ

2145 2462 2459 2530 πέμπεσθαι
2493 2463 2731 2532 λέγεται,
2769 2468 2870 2520 οὐκ
2916 2468 3050 2521 αὐτὸ
3084 2471 3385 2538 τηνικαῦτα
3416 2472 3478 2525 τὸ
3527 2473 3717 2526 ἐνιδπό-

2150 2541 2342 2604 σῖτατον
2381 2553 2606 2622 Πνεῦμα
2624 2553 2778 2623 ἅγιον
2807 2557 3088 2626 δηλοῦται,
3124 2560 3240 2614 ἀλλ’
3273 2563 3461 2632 ἔτερόν
3511 2583 3563 2617 τι
3592 2567 3717 2619 ἀνυ-

2145 2645 2432 2702 πόστατον.
2458 2646 2680 2716 Πρῶτον
2718 2651 2815 2718 μὲν
2841 2651 2952 2720 γὰρ
2978 2653 3038 2705 οὐ
3073 2653 3240 2708 πολλὰ
3273 2657 3564 2726 Πνεύματα
3587 2659 3718 2724 ἆγιά

2142 2736 2302 2788 εἰσιν.
2353 2737 2422 2789 "0
2447 2755 2507 2788 τε
2558 2740 2666 2810 γὰρ
2715 2742 3016 2813 Γρηγόριος
3041 2747 3068 2798 6
3091 2746 3359 2816 Θεολόγος
3394 2751 3452 2802 ἐν
3473 2751 3551 2820 τῷ
3579 2754 3717 2820 πρὸς

2144 2826 2370 2898 Ἥρωνα
2403 2832 2495 2881 τὸν
2530 2834 2819 2901 φιλόσοφον
2855 2837 3021 2904 φησίν
3049 2855 3061 2869 ’
3093 2855 3113 2890 ι
3165 2839 3378 2910 Ὀρίζου
3405 2841 3460 2894 δὲ
3493 2843 3584 2896 καὶ
3614 2846 3714 2916 τὴν

2142 2919 2418 2991 ἡμετέραν
2450 2925 2734 2978 εὐσέϐειαν
2763 2927 3030 2982 διδάσκων
3060 2929 3157 2984 ἕνα
3191 2933 3291 3001 μὲν
3319 2935 3516 2989 εἰδέναι
3575 2938 3711 2990 Θεὸν

2140 3013 2433 3084 ἀγέννητον
2461 3016 2551 3067 τὸν
2591 3018 2828 3089 Πατέρα,
2860 3020 2960 3074 ’ἐνα
2985 3023 3041 3076 δὲ
3068 3027 3329 3096 γεννητὸν
3359 3028 3450 3081 τὸν
3479 3029 3622 3096 Υίὸν,
3655 3032 3714 3084 ἓν

3069 3120 3132 3171 ὲκ
3161 3119 3254 3172 τοῦ
3303 3123 3514 3191 Harpe;
3549 3123 3581 3192 ἢ
3613 3126 3713 3177 καὶ

2141 3201 2329 3268 προῖόν
2362 3217 2374 3230 ·
2411 3220 2429 3251 ι
2466 3202 2492 3253 ὃ
2522 3219 2578 3254 τε
2621 3202 2761 3267 θεῖος
2791 3206 3098 3277 Σωφρόνιος
3143 3214 3489 3284 πατριάρχης
3548 3217 3713 3286 Ἰερο-

2140 3287 2390 3356 σολύμων
2439 3291 2498 3340 ἐν
2530 3293 2596 3360 τῇ
2631 3295 2729 3360 τῆς
2779 3293 3019 3359 πίστεως
3069 3298 3332 3370 ὁμολογίᾳ
3361 3303 3526 3356 αὑτοῦ
3573 3308 3716 3373 μετά

2136 3389 2260 3426 τινα
2292 3375 2486 3443 ἐπάγει
2520 3394 2534 3408 ο
2577 3396 2596 3428 ι
2631 3380 2740 3431 Καὶ
2784 3383 2862 3444 είς
2897 3382 2956 3435 ἓν
2988 3385 3212 3456 Πνεῦμα
3245 3391 3420 3456 ἅγιον.
3454 3409 3474 3443 ο
3521 3394 3628 3462 Πρὸ
3655 3396 3714 3446 δὲ

2135 3465 2340 3518 τούτων
2375 3469 2471 3520 καὶ
2501 3471 2529 3521 6
2560 3470 2732 3538 μέγας
2767 3473 2975 3536 Παῦλος
3013 3481 3166 3546 φησὶ,
3205 3499 3224 3531 ι
3261 3483 3367 3538 Καὶ
3396 3483 3454 3535 ἓν
3489 3485 3713 3556 Πνεῦμα

2133 3557 2310 3626 ἅγιον,
2342 3560 2400 3612 ἐν
2436 3553 2480 3628 ᾧ
2514 3562 2583 3614 τὰ
2618 3564 2816 3617 πάντα.
2845 3585 2868 3617 ἰ
2921 3568 3152 3624 Ἔπειτα
3179 3575 3226 3626 εί
3257 3577 3350 3627 καὶ
3376 3577 3596 3646 δοίημεν
3622 3553 3715 3630 λέν

2135 3649 2328 3716 γεσθαι
2345 3653 2439 3704 xal
2462 3651 2598 3706 ἄλλα
2639 3654 2953 3725 Πνεύματα,
2982 3661 3096 3714 ἀλλ’
3125 3665 3278 3717 οὐδὲν
3299 3667 3519 3721 ἐκείνων
3544 3671 3713 3723 Πνεῦ-

2138 3755 2216 3807 μα
2256 3739 2419 3808 ἆγιον
2451 3741 2693 3811 λέγεται,
2725 3747 2756 3816 ἢ
2789 3750 2884 3801 καὶ
2918 3751 3084 3817 θεῖον,
3112 3755 3222 3808 οὐδ’
3273 3758 3334 3810 ἐκ
3375 3758 3466 3811 τοῦ
3496 3763 3708 3833 Πατρὶς

2135 3830 2591 3901 ἐκπορευόμενον,
2626 3836 2657 3906 ἢ
2693 3837 2782 3890 διὰ
2810 3840 2902 3892 τοῦ
2946 3843 3078 3896 Υίυῦ
3109 3848 3566 3920 ἐκπορευόμενον,
3599 3830 3710 3908 οὐδ’

2133 3921 2540 3978 ὲνυπόστατονο
2595 3929 2828 4000 ἐπείπερ
2861 3932 2923 3984 οὗ
2982 3935 3082 4004 τῆς
3130 3938 3302 4006 αὐτῆς
3350 3941 3566 4008 φύσεως
3597 3947 3708 3998 οὐδ’

2133 4013 2290 4081 ἀξίας
2309 4029 2322 4044 ⁶
2359 4017 2497 4070 ἀλλὰ
2527 4017 2773 4090 διαφέρει
2807 4024 3080 4091 τοσοῦτον,
3113 4030 3237 4083 ὅσον
3265 4033 3358 4086 τοῦ
3386 4039 3609 4105 ποιητοῦ
3634 4043 3705 4093 τὰ

2135 4108 2435 4176 ποιήματα.
2465 4109 2587 4164 Ὅτι
2624 4113 2724 4182 μὲν
2753 4115 2861 4185 γὰρ
2892 4117 3044 4172 οὐδὲν
3077 4121 3287 4192 ἕτερον,
3323 4126 3482 4196 δῆλον
3507 4132 3571 4184 ὲκ
3606 4133 3706 4202 τῆς

2133 4197 2318 4267 κοινῆς
2342 4199 2551 4288 ἐννοίας
2586 4202 2689 4272 τῆς
2720 4206 2981 4273 πίστεως,
3013 4210 3047 4279 ἢ
3080 4213 3207 4282 τρία
3249 4217 3390 4285 μόνα
3437 4197 3704 4288 πρόσωπα

2131 4290 2347 4356 τίθησιν
2378 4287 2518 4346 εἶναι
2575 4295 2666 4346 τὸν
2722 4295 2855 4350 Θεόν
2888 4315 2904 4331 ο
2937 4304 3169 4373 φανερὸν
3212 4307 3268 4360 δὲ
3299 4312 3392 4363 καὶ
3417 4313 3565 4384 παρὰ
3596 4317 3704 4368 τῶν

2129 4381 2304 4478 ἁγίων
2363 4384 2570 4439 αὐτῶν.
2631 4387 2693 4440 ’0
2733 4391 2843 4458 γὰρ
2902 4393 3080 4478 μέγας
3138 4397 3459 4464 Ἀθανάσιος
3498 4381 3572 4457 ’ὲν
3635 4410 3700 4478 τῇ

3408 4491 3483 4545 Τὰ
3520 4494 3697 4560 γράμ-

2127 4651 2258 4744 γοῦν
2286 4655 2340 4706 εῐ
2368 4673 2472 4708 που
2520 4659 2620 4726 τῆς
2653 4660 2880 4732 Γραφῆς
2929 4665 3246 4734 εὑρίσκεται
3297 4672 3358 4724 τὸ
3389 4673 3610 4744 Πνεῦμα
3643 4679 3700 4728 τὸ

2125 4743 2282 4810 ἅγιον
2318 4745 2504 4808 ἁπλῶς
2548 4749 2841 4818 εἰρημένον
2895 4751 3146 4821 Πνεῦμα,
3175 4759 3346 4828 χωρὶς
3382 4743 3695 4832 προσθήκης

2123 4835 2218 4888 τοῦ
2259 4836 2516 4906 λέγεσθαι
2545 4839 2576 4908 ἧ
2611 4840 2704 4893 τοῦ
2741 4842 2900 4910 Θεοῦ,
2925 4844 2956 4914 ἢ
2982 4845 3076 4898 τοῦ
3108 4849 3341 4919 Πατρὸς,
3374 4851 3514 4923 ἣότι
3543 4855 3689 4923 ἐμοῦ,

2130 4929 2162 4999 ἢ
2201 4930 2367 4984 αὐτοῦ
2394 4933 2486 4983 τοῦ
2548 4934 2785 5003 Χριστοῦ
2825 4939 2918 4990 καὶ
2955 4940 3050 4994 τοῦ
3091 4943 3244 5009 Υἰοῦ,
3297 4946 3327 5014 ἤ
3367 4949 3495 5017 παρ’
3544 4951 3695 5019 ἐμοῦ,

2131 5022 2157 5072 ὃ
2179 5024 2296 5074 ἐστι
2331 5026 2483 5092 παρὰ
2538 5026 2632 5077 τοῦ
2665 5027 2822 5092 Θεοῦ,
2861 5029 2893 5100 ἣ
2935 5034 3075 5100 μετὰ
3105 5034 3201 5087 τοῦ
3254 5037 3482 5106 ἄρθρου,
3519 5041 3602 5094 ἵνα
3627 5046 3698 5111 μὴ

2122 5111 2311 5174 ἁπλῶς
2345 5114 2568 5182 λέγηται
2605 5117 2852 5187 Πνεῦμα,
2889 5122 3028 5176 ἀλλὰ
3062 5126 3120 5177 τὸ
3166 5126 3389 5197 Πνεῦμα
3417 5131 3512 5184 τοῦ
3539 5132 3695 5196 Θεοῦ,

2123 5203 2157 5272 ἢ
2189 5205 2319 5256 αὐτὸ
2367 5207 2526 5259 τοῦτο
2557 5209 2616 5258 τὸ
2659 5211 2972 5288 Πνεῦμαητὸ
3047 5215 3224 5283 ἅγιον,
3257 5219 3289 5288 ἦ
3322 5222 3694 5292 Παράκλητᾳιι,

2124 5297 2157 5366 ἢ
2187 5298 2468 5369 ἀληθείας,
2500 5302 2527 5352 ὅ
2558 5303 2676 5355 ἐστι
2705 5306 2799 5358 τοῦ
2833 5309 2964 5361 Υἰοῦ
3018 5311 3112 5363 τοῦ
3152 5313 3424 5381 λέγοντος,
3467 5336 3484 5368 ι
3558 5317 3695 5382 Ἐγώ

2125 5387 2243 5457 εἰμι
2305 5391 2338 5458 ἡ
2389 5389 2656 5460 ἀλήθεια,
2699 5413 2716 5444 ι
2792 5397 2877 5450 ἵνα
2948 5401 3282 5466 ἀκούσαντες
3369 5407 3444 5476 μὴ
3512 5408 3699 5470 ἁπλῶς

2130 5478 2356 5549 Πνεῦμα
2388 5481 2726 5555 ὑπονοήσητε
2769 5484 2911 5543 εἶναι
2945 5493 3004 5544 τὸ
3036 5493 3261 5566 Πνεῦμα
3285 5497 3343 5548 τὸ
3389 5498 3562 5563 ἆγιον.

2082 5572 2200 5630 haec
2258 5592 2365 5631 vox
2422 5577 2681 5648 Spiritus,
2722 5586 2816 5639 sed
2842 5601 2967 5642 cum
3007 5589 3402 5660 additamcuto,
3432 5593 3696 5664 Spiritum

2193 5771 2303 5826 Kal
2337 5774 2364 5826 6
2402 5773 2542 5838 θεῖος
2589 5774 2646 5828 δὲ
2694 5777 3048 5846 Ἀναστάσιος
3092 5786 3440 5858 πατριάρχης
3487 5787 3697 5841 Ἀντιο-
