4036 6448
391 325 493 399 9ίὶ

1311 325 1409 392 DE
1451 325 1976 392 PROCESSIONE
2013 321 2380 384 SPIRITUS
2420 312 2717 378 SANCTI.

3536 306 3661 372 ΜΞ
3722 335 3729 340 ’

388 451 541 523 χείας
582 449 644 503 ἐν
688 447 765 521 τῷ
813 445 1128 518 δογματικῳ
1179 444 1343 499 αὑτοῦ
1402 444 1569 515 λόγῳ,
1614 433 1677 493 οὗ
1723 444 1757 510 ἠ
1795 439 2013 509 ἀρχὴιί

2117 448 2305 496 tenus,
2332 432 2387 485 in
2424 445 2524 485 sua
2553 427 2861 499 dogmatica
2892 424 3164 490 oratione,
3195 426 3352 496 cujus
3382 424 3639 480 initium:

397 545 509 597 Τὸν
572 542 704 610 περὶ
759 540 870 611 τῆς
930 539 1141 610 ὑγιοῦς
1190 536 1362 607 ἡμῶν
1421 537 1684 599 πίστεως
1751 534 1960 602 λόγον,

396 634 536 705 μετά
573 632 744 687 πολλὰ
772 634 928 702 φησὶ,
960 652 979 685 ι
1010 629 1231 700 Πνεῦμα
1263 629 1321 682 δὲ
1348 628 1506 696 ἅγιον
1541 627 1681 687 ὅλως
1707 622 1852 677 οὓτω
1878 622 1964 674 λει-

394 727 628 794 γύμενον
676 725 775 795 οὐχ
819 723 1093 795 εὑρήσεις.
1144 720 1371 790 Πνεῦμα
1428 719 1510 779 δὲ,
1558 716 1703 771 καθά
1758 713 1973 782 φθάσας

397 818 555 887 ἔφην,
607 816 829 884 λέγεται
858 819 887 869 6
924 814 1081 879 Θεὸς,
1113 814 1210 867 καὶ
1263 812 1419 880 ἅγιος
1448 811 1477 863 6
1503 808 1667 870 056;.
1720 803 1974 860 Συντιθὲ-

402 924 540 977 μενα
597 908 654 961 δὲ
699 907 867 977 ἄμφω
918 906 990 958 τὰ
1040 905 1286 975 ὀνόματα
1337 901 1415 970 τῷ
1466 900 1612 961 ίδίως
1657 895 1979 965 καλουμένῳ

404 993 629 1063 Πνεῦμα
687 994 843 1061 ἅγιον
908 993 1184 1064 ἁρμόζειο
1240 990 1568 1056 καθάπερή
1620 986 1715 1040 τοῦ
1762 985 1980 1054 Πατρὸς

405 1086 692 1152 ἐπίκλησις
722 1084 801 1155 τῷ
833 1085 1011 1154 αἰτίῳ,
1043 1085 1137 1137 καὶ
1170 1085 1204 1154 ἡ
1253 1081 1348 1135 τοῦ
1397 1078 1527 1133 Υἱοῦ
1556 1077 1635 1147 τῷ
1656 1077 1878 1145 ἀμέσως
1916 1076 1982 1126 ἐκ

404 1175 499 1229 τοῦ
527 1176 727 1232 αἰτίου.
763 1194 781 1226 ι
834 1175 995 1228 Ἀλλὰ
1033 1174 1129 1227 καὶ
1159 1176 1187 1227 6
1221 1174 1366 1236 θεῖος
1393 1171 1785 1241 Χρυσόστομος
1823 1169 1880 1220 ἐν
1912 1167 1981 1237 τῇ

411 1268 658 1337 περὶτοῦ
698 1266 853 1332 ἁγίου
880 1265 1201 1332 Πνεύματος
1234 1265 1445 1335 ὁμιλίᾳ,
1474 1256 1542 1334 ἧς
1567 1264 1598 1330 ὴ
1632 1258 1798 1332 ἀρχὴ,
1834 1258 1984 1324 Χθὲς

408 1358 587 1428 ἡμῖν,
636 1354 684 1413 ὦ
729 1360 1146 1427 φιλόχριστοι,
1202 1358 1376 1427 φησί·
1430 1374 1449 1408 ι
1510 1356 1699 1408 Ταῦτα
1753 1355 1822 1408 τὰ
1870 1352 1989 1406 ὀνό-

416 1465 565 1518 ματα
600 1450 698 1520 τῆς
751 1449 1033 1517 ἁφράστου
1072 1447 1288 1515 φύσεως
1337 1445 1431 1500 τοῦ
1470 1445 1628 1513 ἁγίου
1665 1441 1989 1511 Πνεῦματός

413 1541 521 1595 τίσι
545 1560 558 1572 ·
598 1538 1007 1608 Πνεῦμαβεοῦ,
1044 1537 1271 1609 Πνεῦμα
1310 1536 1370 1590 τὸ
1408 1539 1473 1590 ἐκ
1502 1536 1598 1589 τοῦ
1630 1534 1789 1599 Θεοῦ,
1823 1531 1994 1586 Πνεῦ·

418 1649 496 1702 μα
532 1630 764 1700 Κυρίου,
788 1628 1017 1699 Πνεῦμα
1042 1629 1275 1699 Πατρὸς,
1312 1626 1540 1697 Πνεῦμα
1579 1624 1736 1693 Υίοῦ,
1769 1621 1994 1692 Πνεῦμα

416 1722 680 1794 Χριστοῦ,
736 1722 964 1793 Πνεῦμα
1019 1721 1117 1777 τοῦ
1188 1723 1508 1792 ἐγείραντος
1570 1721 1663 1773 τὸν
1721 1717 1991 1789 Χριστὸν,

2070 532 2376 588 Orationem
2426 531 2491 583 de
2542 540 2687 582 recta
2720 527 2826 593 ﬁde
2865 535 3079 586 nostra,
3110 533 3233 594 post
3267 525 3436 579 multa
3471 524 3642 580 dicit:

2078 644 2097 677 ι
2142 624 2407 694 Spiritum
2447 636 2578 677 vero
2627 627 2878 674 sanctum
2913 618 3137 684 omnino
3169 616 3250 672 sic
3282 616 3489 671 dictum
3535 633 3647 671 non

2073 714 2350 785 reperies;
2412 712 2656 783 Spiritus
2695 722 2906 773 autem,
2950 718 3014 763 ut
3054 717 3215 763 antea
3266 707 3417 772 dixi,
3450 708 3653 763 dicitur

2076 807 2248 868 Deus,
2296 815 2355 860 et
2401 814 2626 859 sanctus
2653 815 2872 871 quoque
2913 800 3122 854 dicitur
3152 799 3327 863 Deus,
3359 800 3656 870 conjuncta

2079 912 2210 951 vero
2234 897 2400 951 simul
2435 895 2598 950 ambo
2624 892 2870 956 nomina,
2897 893 2948 946 ei
2982 892 3074 962 qui
3109 890 3461 961 peculiariter
3495 906 3660 945 voca-

2081 997 2172 1042 tur
2211 987 2453 1057 Spiritus
2504 995 2745 1051 sanctus,
2772 984 3153 1038 conveniunt:
3192 984 3657 1052 quemadmodum

2082 1080 2377 1150 appellatio
2441 1076 2619 1131 Patris
2663 1079 2889 1146 jeausaa,
2961 1085 3016 1130 et
3070 1076 3192 1130 Filii
3255 1078 3548 1146 appellatio
3609 1078 3661 1131 ei

2087 1158 2368 1234 convenit,
2400 1169 2491 1238 qui
2529 1168 2840 1223 immediate
2866 1168 2937 1222 sit
2965 1183 3030 1221 ex
3062 1182 3247 1222 causa.
3284 1184 3305 1219 ι

2159 1259 2264 1314 Sed
2301 1267 2357 1313 et
2391 1258 2554 1311 divus
2595 1257 3042 1326 Chrysostomus,
3075 1256 3129 1309 in
3174 1254 3401 1309 ltomilia
3440 1255 3509 1309 de
3541 1255 3665 1325 Spi-

2091 1350 2201 1404 ritu
2235 1362 2447 1411 sancto,
2482 1349 2639 1419 cujus
2674 1348 2915 1410 initium,
2949 1346 3076 1400 Heri
3124 1349 3287 1413 nobis,
3336 1362 3365 1399 ο
3402 1356 3671 1400 amators

2093 1440 2315 1505 Christi,
2340 1442 2423 1496 ait
2450 1460 2463 1494 :
2495 1462 2512 1492 ι
2539 1438 2664 1494 Haec
2690 1439 2910 1493 nomina
2945 1438 3235 1492 inetl‘abiiis
3260 1450 3468 1492 natura:
3495 1440 3671 1493 sancti

2095 1532 2332 1601 Spiritus
2365 1539 2535 1584 sunt:
2564 1528 2812 1598 Spiritus
2853 1527 2972 1589 Dei,
3011 1527 3250 1596 Spiritus
3276 1529 3373 1596 qui
3420 1543 3489 1582 ex
3538 1527 3670 1587 Deo.

2097 1622 2337 1693 Spiritus
2393 1622 2645 1688 Domini,
2680 1620 2921 1690 Spiritus
2966 1621 3182 1684 Patris,
3223 1619 3469 1689 Spiritus
3514 1620 3673 1688 Filii,

2100 1716 2342 1785 Spiritus
2400 1715 2646 1780 Christi,
2710 1714 2949 1783 Spiritus
3004 1713 3160 1783 ejus,
3229 1712 3323 1781 qui
3387 1712 3677 1768 suscitavit

419 1815 644 1886 Πνεῦμα
667 1816 835 1886 ζωῆς,
873 1815 1101 1885 Πνεῦμα
1129 1816 1416 1885 ἀληθείας.
1453 1835 1472 1868 ι
1513 1815 1574 1868 Ei
1604 1813 1785 1868 τοίνυν
1817 1811 1877 1865 τὸ
1906 1808 1997 1862 16-

2117 1804 2653 1874 Shristum,Spiritus
2681 1805 2827 1870 vitae,
2842 1804 3080 1873 Spiritus
3111 1802 3384 1857 veritatis.
3420 1802 3475 1857 Si
3512 1803 3677 1873 igitur

420 1908 614 1977 γεσθαι
661 1907 887 1977 Πνεῦμα
943 1907 1099 1974 Υδοῦ,
1135 1910 1231 1962 καὶ
1281 1906 1507 1977 Πνεῦμα
1558 1904 1842 1975 ἀληθείας,
1893 1901 1993 1955 αὖ·

427 2005 525 2075 τὴν
551 2004 651 2074 τὴν
681 2002 846 2071 φύσιν
871 1999 968 2054 τοῦ
1004 2001 1163 2068 ἀγίου
1203 1999 1527 2069 Πνεύματος
1574 1997 1858 2067 σημαίνει,
1891 2011 2000 2063 φα-

427 2097 580 2167 νερὸν
604 2097 741 2167 ὅπερ
768 2096 1009 2163 ἐλέγετο,
1035 2094 1112 2157 ὠς
1141 2093 1362 2147 ἐπειδὰν
1385 2092 1444 2145 τὸ
1475 2090 1700 2160 Πνεῦμα
1724 2089 1819 2141 τοῦ
1846 2087 1996 2150 Υίοῦ,

427 2189 522 2242 καὶ
552 2187 613 2241 τὸ
650 2186 878 2256 Πνεῦμα
907 2186 1006 2256 τῆς
1045 2184 1308 2255 ἀληθείας
1340 2185 1475 2255 παρ’
1520 2180 1688 2237 αὑτοῦ
1728 2179 1824 2234 τοῦ
1865 2178 1996 2232 Υίοῦ

423 2278 855 2334 ἀποστέλλεσθαι
896 2278 1137 2346 λέγεται,
1170 2277 1307 2330 αὐτὸ
1344 2275 1406 2329 τὸ
1459 2275 1704 2329 ἐνούσιον
1733 2275 1828 2328 καὶ
1874 2274 2002 2325 ἐνυ-

429 2374 698 2428 πόστατον
746 2371 892 2425 θεῖον
942 2369 1168 2438 Πνεῦμα
1219 2370 1249 2422 6
1295 2369 1672 2440 Παράκλητος,
1724 2370 1752 2421 6
1802 2366 1867 2419 ἐκ
1904 2363 2000 2419 τοῦ

431 2465 645 2536 Πατρὸς
680 2463 770 2517 διά
804 2463 900 2517 τοῦ
936 2460 1067 2516 Υίοῦ
1093 2461 1533 2533 ἐκπορευόμενος
1582 2460 1723 2517 κατά
1744 2460 1846 2528 τὴν
1887 2457 1997 2510 τῶν

431 2559 602 2628 ἀγίων
633 2558 934 2627 θεολογίαν,
958 2557 1023 2609 οὐ
1050 2557 1232 2626 μέντοι
1258 2554 1507 2627 χάρισμά
1528 2570 1583 2606 τι
1606 2553 2002 2616 ἀνυπόστατον,

428 2653 506 2717 ὥς
542 2668 687 2715 τινες
747 2652 970 2714 οἴονται,
1012 2648 1288 2720 δηλοῦται.
1340 2646 1406 2701 Εἰ
1449 2647 1507 2701 δὲ
1552 2647 1716 2700 πάλιν
1771 2646 1799 2700 6
1860 2645 2006 2708 θεῖος

431 2746 820 2816 Χρυσόστομος
842 2745 901 2797 ἐν
926 2743 1039 2804 τοῖς
1061 2743 1245 2804 αὐτοῖς
1265 2741 1436 2808 λέγει,
1462 2739 1664 2792 «Ὅταν
1684 2737 1741 2790 δὲ
1766 2736 2013 2808 ἀκούσῃς

434 2832 883 2899 ἀποστέλλεσθαι,
918 2832 992 2903 μὴ
1021 2831 1122 2899 τὴν
1148 2830 1382 2900 θεότητα
1424 2828 1664 2900 ἐκλάὅῃς
1719 2828 2001 2899 εἰρῆσθαι,

433 2929 568 2992 Θεὸς
599 2927 710 2996 γὰρ
733 2928 833 2979 οὐκ
864 2923 1257 2978 ἀποστέλλεται
1294 2940 1316 2974 s
1363 2922 1516 2975 οὐδὲν
1542 2921 1619 2992 τῷ
1648 2921 1792 2989 λόγῳ
1822 2921 2014 2990 προσί-

439 3037 653 3082 σταται,
684 3018 790 3071 οὐδ’
820 3018 980 3080 αὑτὸς
1022 3018 1174 3069 ἐστιν
1220 3013 1401 3084 ἐαυτῷ
1432 3015 1678 3076 ἐναντίος
1715 3027 1728 3041 ·
1780 3013 1875 3065 καὶ
1902 3012 2012 3080 γὰρ

439 3111 576 3167 καθὸ
599 3111 731 3173 Θεὸς
754 3108 909 3162 οὐδὲν
940 3106 1335 3161 ἀποστέλλεται
1369 3108 1481 3158 τῶν
1532 3102 1862 3172 προσώπων,
1892 3102 2016 3155 οὐδὲ

440 3203 578 3258 καθὸ
628 3202 790 3256 οὐσία
833 3201 928 3254 καὶ
977 3199 1204 3269 θεότης·
1236 3198 1381 3251 οὕτω
1434 3196 1547 3266 γὰρ
1589 3196 1656 3248 ἂν
1697 3190 1809 3248 εἶεν
1873 3193 2014 3248 θεῶν

442 3295 647 3363 πλῆθος
690 3291 1134 3348 ἀποστελλόντων
1206 3289 1303 3343 καὶ
1358 3286 1866 3356 ἀποστελλομένων,
1922 3284 2019 3339 καὶ

440 3389 550 3442 τῶν
608 3388 708 3459 μὲν
735 3386 961 3458 κυρίων,
994 3385 1103 3437 τῶν
1151 3382 1207 3436 δέ
1228 3381 1458 3444 δούλων,
1498 3379 1531 3450 ἢ
1565 3381 1662 3432 καὶ
1705 3376 1814 3431 τῶν
1836 3377 2019 3431 αὐτῶν

445 3479 683 3549 ἐκάτερα
714 3494 729 3509 ·
771 3478 832 3530 οὐ
859 3476 968 3547 γὰρ
994 3476 1061 3529 ἂν
1092 3475 1178 3544 εἴη
1208 3472 1415 3542 κυρίως
1441 3471 1597 3535 Θεὸς,
1625 3471 1692 3525 ἂν
1723 3470 1861 3523 καθὸ
1887 3469 2020 3532 Θεὸς

448 3567 874 3625 ἀποστέλλεσθαι
923 3568 1186 3636 λέγηται·
1219 3565 1343 3619 καθ’
1379 3565 1440 3618 ὃν
1497 3564 1565 3632 δὴ
1608 3564 1768 3631 λόγον
1815 3563 2022 3630 ὁμοίως

448 3662 571 3714 οὐδὲ
603 3660 739 3714 καθὸ
760 3659 908 3727 εΘεὸς
943 3660 970 3709 6
1003 3657 1189 3726 Πατὴρ
1216 3654 1384 3724 γεννᾷ
1414 3654 1505 3705 τὸν
1532 3651 1681 3715 ΐίὸν,
1715 3650 1841 3703 οὐδέ
1880 3650 1912 3715 ή
1934 3647 2023 3700 οὐ·

449 3754 540 3807 σία
564 3749 759 3819 λέγοιτ’
789 3751 856 3804 ἂν
887 3748 1074 3813 ἁπλῶς
1111 3748 1309 3817 γεννᾷν
1333 3745 1524 3798 οὐσίαν
1560 3759 1574 3773 ·
1604 3742 1795 3796 εἵπετο
1822 3741 1934 3808 γάρ
1957 3737 2025 3792 ἂν

449 3849 485 3917 ἢ
517 3849 668 3916 τρεῖς
703 3839 843 3897 εἶναι
903 3841 1168 3912 πατέρας,
1200 3841 1234 3909 ἢ
1263 3840 1414 3909 τρεῖς
1468 3836 1659 3898 οὐσίας
1689 3833 1812 3888 καθ’
1854 3832 2026 3894 αὑτὰς

450 3936 852 4007 θεωρουμένας.
908 3933 1321 4003 μεμερισμένας
1387 3928 1485 3981 καὶ
1529 3923 2027 3996 ἀπεσχοινισμένας

455 4030 701 4099 ἀλλήλων
737 4043 752 4057 ⁸
786 4026 921 4079 ἀλλὰ
955 4024 1091 4077 καθὸ
1120 4022 1411 4092 πρόσωπον
1439 4019 1662 4087 λέγεται
1690 4014 2023 4069 ἀποστέλλεο

457 4125 618 4178 σθαι·
658 4121 849 4191 ὥσπερ
886 4119 987 4171 καὶ⁸
1016 4115 1155 4169 καθὸ
1197 4114 1297 4185 μὲν
1352 4112 1568 4181 Πατὴρ,
1602 4111 1631 4162 6
1664 4109 1858 4175 Πατὴρ
1904 4121 2033 4171 γεν-

459 4217 545 4286 νᾷ,
578 4213 714 4269 καθὸ
763 4212 819 4265 δὲ
862 4209 1010 4273 Υίὸς,
1042 4208 1070 4260 6
1111 4207 1241 4267 Υίὸς
1289 4204 1568 4272 γεννᾶται,
1612 4198 1854 4266 δηλονότι
1887 4194 2031 4248 κατά

458 4318 557 4373 τας
582 4308 689 4361 τῶν
728 4304 1081 4360 ὑποστάσεων
1112 4300 1405 4370 ἰδιότητας,
1438 4295 1535 4348 καὶ
1572 4293 1670 4354 τὰς
1723 4288 1906 4343 αὐτῶν
1935 4305 2033 4354 ση-

464 4402 687 4473 μασίας,
716 4399 811 4453 καὶ
844 4397 988 4451 κατὰ
1014 4395 1115 4464 τὴν
1143 4392 1280 4462 πρὸς
1331 4388 1540 4459 ἄλληλα
1578 4385 1734 4449 τάξιν
1760 4381 1876 4473 τῶν
1915 4395 2031 4473 sot-

459 4492 633 4546 ούτων
674 4494 784 4553 τοῖς
815 4486 1126 4559 προσώποις
1156 4479 1566 4549 ἀποδιδομένων
1627 4472 1850 4532 οἰκείως
1884 4469 2026 4540 μετά

463 4584 560 4653 τῆς
593 4581 736 4635 κατά
761 4580 860 4648 τὴν
885 4577 1075 4631 οὐσίαν
1117 4574 1467 4643 ταυτότητος.

539 4674 752 4728 Οὔκουν
794 4676 823 4726 6
865 4673 1021 4738 ἆγιος
1052 4666 1190 4738 πρὸς
1218 4664 1395 4719 ταῦτα
1435 4660 1580 4730 δρῶν
1603 4659 1784 4713 ἐκεῖνο
1824 4653 2046 4723 ἀπέφη-

468 4785 581 4833 σεν,
610 4766 746 4819 ἀλλὰ
768 4763 924 4818 τοῦτο
961 4763 1061 4832 μὲν
1084 4760 1252 4822 τιθεὶς
1280 4753 1552 4824 πολλαχοῦ
1581 4751 1859 4820 φαίνεται,
1893 4747 2041 4798 ἐκεῖ-

468 4877 528 4913 νο
556 4860 617 4912 δὲ
659 4858 992 4926 ἀποφάσκει,
1038 4853 1125 4907 ἵνα
1157 4850 1234 4922 μὴ
1256 4850 1349 4903 δύο
1380 4848 1494 4900 θεοὶ
1530 4842 1666 4898 καθὸ
1715 4841 1829 4894 θεοὶ
1851 4839 2040 4910 διῃρη-

473 4951 624 5022 μένοι
662 4953 893 5013 νοοῐντο,
933 4950 961 4999 6
997 4947 1098 5015 μὲν
1168 4948 1421 5012 πέμπων,
1456 4941 1484 4993 6
1537 4937 1596 4990 δὲ
1655 4935 2036 5022 πεμπόμενος.

483 5042 749 5111 Ἐπείπερ
778 5043 808 5094 6
839 5040 1078 5108 πέμπων
1121 5033 1219 5088 τοῦ
1271 5032 1632 5101 πεμπομένου
1680 5025 1825 5080 θέλει
1880 5021 2047 5091 χωρί-

472 5137 685 5203 ζεσθαι,
724 5135 821 5188 καὶ
858 5130 1031 5193 οὕτως
1072 5132 1100 5183 6
1145 5129 1244 5198 μὲν
1278 5126 1503 5195 Κύριος,
1550 5122 1579 5175 6
1610 5120 1665 5173 δὲ
1693 5117 1884 5178 δοῦλος
1907 5131 1921 5146 ·
1951 5113 2049 5166 καὶ

469 5229 566 5283 δύο
623 5228 902 5296 θεότητες,
938 5223 1036 5276 καὶ
1058 5219 1112 5271 εί
1141 5236 1194 5271 τι
1243 5215 1372 5270 ἄλλο
1407 5213 1516 5265 τῶν
1549 5208 1772 5263 ἀτόπων
1824 5206 2046 5255 ἕπεται.

478 5321 689 5381 ’Ἄλλως
718 5292 780 5370 τέ
800 5315 917 5378 πῶς
946 5313 1014 5367 ἄν
1040 5314 1068 5366 6
1088 5312 1244 5378 ἅγιος
1265 5306 1357 5360 τὸν
1388 5292 1746 5373 Παρακλητον
1776 5292 2046 5348 αποστέλ-

474 5411 663 5464 λεσθαι
704 5407 855 5476 παρά
883 5405 979 5459 τοῦ
1026 5401 1156 5455 Υἰοῦ
1186 5397 1569 5468 ἀπηρνήσατο,
1625 5392 1762 5444 ὅπου
1789 5403 1853 5454 γε
1887 5383 2051 5445 αὐτὸς

475 5504 506 5556 ὁ
542 5502 745 5573 Κύριος
777 5473 914 5569 ιρησὶ
953 5496 1083 5565 περὶ
1112 5490 1309 5547 ἑαυτοῦ
1339 5485 1668 5558 διαρρήδην,
1710 5498 1729 5531 ι
1773 5480 1963 5573 "03w-
1993 5473 2050 5526 δὲ

476 5596 610 5666 ἔλθη
693 5566 1071 5663 Παρακλητος,
1101 5586 1161 5639 ὃν
1184 5582 1295 5651 ἐγὼ
1323 5580 1528 5647 πέμψω
1551 5576 1704 5643 ὑμῖν,
1732 5573 1794 5624 τὸ
1821 5566 2054 5666 Πνεῦμα

477 5663 907 5755 τῆςῄἀληθείας,
936 5681 967 5735 ὃ
1003 5680 1154 5752 παρὰ
1225 5675 1320 5730 τοῦ
1365 5671 1576 5741 Πατρὸς
1637 5663 2049 5755 ἐκπορεύεται,

477 5750 627 5851 Πλὴν
660 5750 822 5847 είψμὴ
860 5775 1008 5847 λέγει
1036 5750 1119 5835 τις
1150 5768 1248 5822 καὶ
1276 5765 1439 5821 αὑτὸν
1469 5763 1564 5816 τὸν
1600 5755 1959 5831 Παρακλητον
1993 5750 2054 5804 τὸ

2097 1899 2206 1954 dici
2264 1897 2531 1967 Spiritum
2590 1896 2712 1952 Filii
2764 1905 2820 1950 et
2875 1896 3142 1965 Spiritum
3194 1896 3447 1951 veritatis
3504 1896 3679 1965 ipsam

2097 2000 2353 2046 naturam
2379 1990 2626 2060 Spiritus
2653 1989 2827 2044 sancti
2857 1989 3151 2058 signiticm,
3178 1998 3325 2058 patet
3356 1988 3500 2057 quod
3530 1988 3683 2042 dice—

2098 2080 2287 2154 batur,
2316 2077 2575 2133 nimirum
2607 2075 2833 2147 quando
2867 2075 3106 2146 Spiritus
3157 2077 3304 2141 Filii,
3335 2085 3391 2131 rt
3441 2078 3681 2146 Spiritus

2100 2169 2354 2226 veritatis
2388 2171 2458 2226 ab
2491 2171 2611 2240 ipso
2655 2169 2799 2224 Filio
2837 2168 2983 2223 mitti
3023 2168 3253 2233 dicitur,
3279 2169 3395 2239 ipse
3422 2169 3683 2225 substan-

2103 2262 2268 2325 tialis,
2304 2271 2471 2332 atque
2501 2263 2810 2317 subsistens
2838 2260 3063 2316 divinus
3091 2261 3357 2331 Spiritus,
3390 2263 3482 2332 qui
3518 2262 3685 2317 Para-

2104 2357 2281 2412 cietus
2319 2365 2432 2418 est,
2463 2358 2556 2425 qui
2588 2372 2654 2410 ex
2702 2357 2995 2425 Patre‘per
3030 2355 3229 2409 Filium
3266 2357 3553 2424 procedit,
3584 2372 3687 2412 se-

2106 2448 2353 2503 cundum
2389 2448 2721 2517 theologiam
2745 2455 3089 2510 sanctorum,
3121 2462 3233 2501 non
3259 2457 3444 2502 autem
3478 2448 3684 2501 donum

2108 2539 2341 2610 aliquod
2403 2538 2822 2594 subsistentiatn
2868 2554 2978 2593 non
3030 2538 3274 2602 habens,
3325 2550 3385 2594 ut
3437 2543 3690 2595 nonnulli

2111 2641 2326 2704 putant,
2348 2630 2713 2703 signiﬁcatur.
2744 2649 2762 2682 ι
2788 2629 2943 2696 Quod
2978 2632 3023 2684 si
3056 2631 3249 2686 rursus
3277 2631 3437 2687 divus
3456 2632 3694 2704 Chryso-

2111 2734 2323 2779 stomus
2346 2723 2399 2777 in
2423 2721 2617 2777 iisdem
2636 2722 2871 2776 asserit:
2901 2738 2918 2772 ι
2943 2720 3176 2787 Quando
3196 2736 3326 2776 vero
3349 2723 3509 2778 audis
3530 2724 3694 2785 mitti,

2113 2830 2183 2870 ne
2216 2815 2480 2871 Deitatem
2517 2813 2789 2878 intelligas
2822 2812 2960 2879 dici,
2996 2812 3141 2867 Deus
3177 2813 3326 2867 enim
3366 2830 3476 2869 non
3516 2816 3698 2869 mitti-

2112 2915 2225 2971 tur,
2271 2926 2290 2959 ι
2331 2906 2471 2960 nihil
2516 2905 2715 2959 rationi
2749 2904 3095 2969 adversatur,
3119 2920 3300 2974 neque
3325 2905 3429 2960 sibi
3472 2905 3589 2974 ipse
3615 2916 3700 2961 est

2114 2999 2450 3053 contrarius.
2472 2997 2689 3051 Etenim
2714 3004 2987 3066 quatenus
3009 2996 3153 3050 Deus
3172 3003 3277 3061 est,
3294 2995 3442 3050 nulla
3463 3011 3699 3066 persona

2118 3091 2587 3159 mittitur.Neqne
2619 3098 2889 3158 quatenus
2920 3098 3007 3142 est
3042 3089 3373 3155 substantia,
3397 3097 3453 3143 et
3477 3089 3698 3154 Deitas;

2120 3185 2202 3239 sic
2230 3183 2383 3238 enim
2434 3189 2582 3236 esset
2626 3179 2923 3235 multitudo
2968 3180 3201 3235 deorum
3254 3181 3614 3243 mittentium,
3642 3194 3703 3236 et

2122 3274 2440 3335 missorum,
2491 3281 2549 3326 et
2597 3286 2789 3326 eorum
2839 3273 2934 3341 qui
2982 3280 3168 3327 essent
3216 3272 3456 3337 Domini,
3501 3283 3560 3329 et
3605 3275 3702 3343 qui

2127 3366 2295 3427 servi,
2318 3365 2403 3419 vel
2428 3363 2769 3427 earumdem,
2795 3364 2890 3433 qui
2918 3373 3105 3418 essent
3128 3370 3382 3433 utraque.
3414 3364 3531 3420 Non
3553 3366 3702 3419 enim

2121 3465 2267 3510 esset
2302 3459 2525 3524 prppria
2560 3454 2725 3519 Deus,
2756 3452 2801 3507 si
2829 3465 3108 3522 quatenus
3133 3453 3285 3508 Deus
3313 3453 3455 3508 mitti
3493 3455 3706 3508 dicere-

2123 3559 2233 3602 tur.
2267 3547 2431 3603 Juxta
2473 3561 2634 3615 quam
2672 3547 2941 3600 rationein
2992 3560 3172 3614 neque
3222 3545 3386 3600 Pater
3430 3555 3706 3615 quatenus

2122 3652 2210 3694 est
2237 3641 2380 3694 Deus
2402 3647 2632 3709 generat
2672 3638 2893 3703 Filium,
2924 3652 3106 3706 neque
3151 3637 3459 3693 substantia
3492 3637 3708 3692 dicetur

2126 3734 2453 3804 simpliciter
2476 3747 2742 3802 generare
2771 3729 3137 3785 substantiam
3160 3746 3176 3782 :
3205 3738 3534 3797 sequeretur
3558 3729 3707 3782 enim

2129 3829 2213 3882 τοι
2264 3836 2379 3881 tres
2424 3840 2548 3880 esse
2598 3834 2803 3893 patres,
2850 3822 2939 3876 vel
2986 3832 3099 3876 tres
3131 3820 3471 3875 substantias
3517 3835 3616 3889 per
3648 3836 3709 3874 se

2132 3916 2533 3976 consideratas,
2560 3913 2786 3978 divisas,
2823 3922 2988 3981 atque
3019 3912 3089 3964 ab
3122 3910 3361 3965 invicem
3396 3912 3707 3980 sejunctas;

2130 4011 2225 4064 sed
2259 4016 2532 4076 quatenus
2579 4014 2665 4058 est
2719 4018 2951 4072 persona
2987 4002 3129 4056 mitti
3171 4000 3400 4056 dicitur.
3435 4000 3712 4067 Quemad-

2132 4100 2358 4155 modum
2403 4099 2570 4152 etiatn
2606 4107 2882 4165 quatenus
2912 4104 2999 4148 est
3028 4094 3210 4157 Pater,
3245 4093 3410 4147 Pat'cr
3438 4104 3707 4163 generat;

2132 4201 2409 4262 quatenus
2432 4204 2565 4244 vero
2595 4197 2682 4244 est
2712 4186 2905 4250 Filius,
2934 4185 3108 4240 Filius
3140 4195 3435 4255 generatur
3463 4202 3478 4249 ;
3515 4186 3711 4242 videli-

2134 4294 2223 4341 cet
2266 4282 2571 4338 secundum
2611 4279 2982 4351 proprietates
3014 4278 3407 4350 ltypostaseon,
3437 4286 3494 4332 et
3520 4293 3711 4334 earum

2134 4372 2659 4444 signiﬁcationes,et
2685 4370 2990 4425 secundum
3020 4368 3269 4423 ordinem
3299 4369 3514 4431 talium,
3544 4384 3708 4439 quem

2141 4468 2345 4523 habent
2393 4464 2463 4519 ad
2512 4464 2798 4519 invicem:
2848 4477 2972 4531 quae
3027 4460 3276 4530 personis
3327 4460 3548 4530 proprie
3605 4477 3712 4515 una

2142 4577 2266 4617 cum
2294 4559 2584 4615 identitate
2608 4555 2912 4612 secundum
2944 4552 3306 4610 substantiam
3339 4554 3715 4622 assignantur.

2211 4648 2332 4702 Non
2377 4646 2544 4716 igitur
2571 4653 2796 4700 sanctus
2847 4643 2913 4698 ad
2947 4644 3060 4699 haec
3095 4642 3400 4711 respiciens
3438 4642 3572 4697 illud
3621 4658 3719 4697 ne-

2141 4740 2309 4808 gavit,
2361 4734 2455 4790 sed
2508 4734 2612 4789 hoc
2653 4733 2840 4788 multis
2885 4733 2938 4787 in
2981 4732 3120 4787 locis
3147 4730 3448 4787 aﬂirmasse
3479 4741 3725 4796 constat,-

2145 4827 2280 4882 illud
2320 4836 2504 4881 autem
2544 4833 2728 4895 negat,
2758 4839 2826 4878 ne
2857 4823 2967 4877 duo
2995 4823 3094 4888 dii,
3123 4830 3399 4892 quatenus
3443 4822 3522 4878 dii
3552 4823 3721 4877 divisi

2145 4920 2551 4991 intelligantur;
2581 4917 2669 4971 ltic
2693 4916 2916 4985 quidem
2946 4917 3193 4982 mittens,
3221 4914 3311 4970 ille
3338 4931 3466 4970 vero
3493 4916 3716 4972 mis.~us.

2145 5011 2418 5078 Quoniam
2448 5009 2543 5079 qui
2598 5008 2766 5062 mittit
2812 5007 2883 5061 ab
2931 5021 2998 5061 eo
3038 5007 3133 5076 qui
3195 5000 3435 5061 mittitur
3476 5008 3719 5075 separari

2148 5106 2312 5161 solet,
2349 5110 2403 5155 et
2443 5101 2525 5156 sic
2557 5114 2701 5153 unus
2733 5098 2955 5166 quidem
2986 5098 3251 5153 Dominus
3285 5109 3391 5160 est,
3423 5097 3563 5152 alter
3591 5113 3723 5153 vero

2146 5207 2381 5258 servus;
2411 5201 2467 5245 et
2505 5190 2626 5247 duae
2673 5188 2934 5253 Deitates,
2969 5203 3029 5242 ac
3064 5188 3108 5243 si
3156 5186 3288 5257 quid
3345 5186 3491 5242 aliud
3523 5189 3720 5243 incon—

2151 5285 2379 5340 veniens
2411 5282 2682 5353 sequitur.
2699 5280 2953 5350 Alioquin
2975 5278 3255 5349 quomodo
3287 5290 3511 5333 sant-tus
3531 5280 3724 5333 ductor

2149 5377 2492 5433 Paracletum
2537 5374 2681 5428 mitti
2729 5389 2760 5427 a
2792 5373 2931 5427 Filio
2964 5381 3240 5442 negasset,
3277 5385 3402 5425 cum
3454 5369 3722 5422 Dominus

2150 5472 2267 5541 ipse
2308 5471 2374 5524 de
2402 5484 2460 5523 se
2496 5467 2564 5521 ad
2594 5468 2817 5521 verbum
2852 5465 3037 5519 dicat:
3068 5481 3087 5513 ι
3127 5463 3262 5516 Cum
3304 5471 3485 5517 autem
3514 5462 3727 5513 venerit
3839 5483 3848 5491 -

2150 5561 2487 5623 Paracletus,
2520 5574 2686 5628 quem
2725 5571 2826 5626 ego
2854 5556 3066 5610 mittam
3105 5554 3261 5608 vobis
3290 5550 3555 5620 Spiritum
3583 5563 3697 5600 veri
3722 5574 3729 5581 -

2156 5655 2309 5716 tatis,
2341 5653 2434 5721 qui
2482 5666 2510 5703 a
2551 5650 2710 5703 Patre
2741 5645 3037 5718 procedit?
3071 5643 3183 5698 Nisi
3234 5640 3372 5695 forte
3402 5638 3526 5707 quis
3561 5636 3729 5692 etiam

2154 5753 2333 5820 ipsum
2376 5741 2726 5799 Paracletunt
2784 5739 3048 5810 Spiritutu
3079 5730 3356 5797 veritatis,
3394 5744 3555 5784 unam
3588 5726 3732 5781 divi-
