4036 6470
278 350 287 356 ·
340 329 451 394 943

1628 328 2008 388 ῸΕΜΕΤΙῖΠ
2051 327 2359 388 CYDONII

3488 313 3616 386 9H

341 460 472 498 nam
505 443 792 497 Trinitatis
827 456 1116 512 personam
1150 455 1338 497 carere
1365 441 1722 497 subsistentia
1740 443 1910 497 dicat.

2020 443 2241 512 Πνεῦμα
2269 444 2366 509 τῆς
2397 439 2650 511 ἀληθείας
2682 440 2740 492 τὸ
2770 443 2868 510 τῆς
2899 438 3126 509 Τριὰδος
3159 437 3216 489 ἓν
3248 435 3390 488 θεῖον
3424 435 3598 503 πρόσ-

346 536 619 590 Creterum
653 537 755 589 hoc
787 544 1155 604 prmterquam
1185 535 1330 605 quod
1366 535 1438 587 sit
1468 536 1718 604 impium,
1759 535 1923 588 etiam

350 628 584 684 multum
609 627 858 682 stultitia:
881 627 1066 686 habet.
1101 627 1215 680 [mo
1241 625 1665 698 Chrysoslomus
1689 641 1922 696 praesen-

349 730 461 775 tem
512 721 794 774 veritatem
849 720 1006 774 valde
1060 719 1351 774 conﬁrmat
1401 719 1456 772 in
1509 719 1656 773 hom.
1717 719 1819 781 59,
1868 718 1921 771 in

347 813 764 883 Expositionem
814 813 1023 880 Evang.
1074 811 1378 867 secundum
1429 810 1720 873 Joannem,
1765 810 1922 878 quasi

347 919 376 957 a
407 904 690 958 contrario
710 919 1020 957 sermonem
1049 917 1408 973 componens,
1430 902 1528 954 ait:
1555 920 1572 952 ι
1602 901 1668 956 Et
1692 916 1925 970 quomo-

347 995 420 1054 lo,
455 994 656 1063 inquit,
693 992 942 1062 ejusdem
1000 993 1317 1047 substantia)
1355 1002 1461 1056 est,
1493 992 1589 1060 qui
1639 991 1828 1048 mittit.
1867 1001 1924 1044 et

343 1091 439 1156 qui
467 1085 771 1141 mittitur?»
805 1094 860 1140 et
887 1085 1205 1156 subjungit:
1237 1084 1480 1139 «Rursus
1511 1084 1577 1137 ad
1616 1099 1704 1138 res
1734 1083 1925 1136 huma-

345 1193 447 1233 nas
468 1177 728 1232 deorsum
752 1192 1062 1232 sermonem
1084 1176 1281 1241 trahis,
1305 1184 1360 1229 et
1380 1192 1487 1230 non
1511 1175 1774 1236 intelligis
1807 1174 1922 1228 lucc

342 1271 524 1327 omnia
561 1272 697 1325 nihil
725 1271 796 1326 ob
826 1271 973 1325 aliud
1006 1271 1152 1326 dicta
1184 1285 1328 1332 esse,
1353 1283 1516 1338 quam
1543 1277 1602 1322 ut
1630 1280 1924 1323 noscamus

340 1376 587 1424 causam,
621 1375 800 1429 neque
829 1360 885 1414 in
918 1358 1139 1413 Sabellii
1169 1359 1424 1413 morbum
1449 1357 1778 1412 incidamus.
1807 1374 1824 1407 ι
1861 1356 1921 1409 In

341 1455 432 1508 his
479 1453 590 1508 duo
621 1452 870 1522 quaedam
920 1451 1289 1521 colliguntur:
1326 1456 1593 1519 primum,
1628 1449 1771 1519 quod
1824 1447 1921 1518 qui

342 1547 535 1611 mittit,
563 1545 806 1600 essentia
841 1545 1148 1599 subsistens
1175 1551 1280 1606 est,
1321 1543 1518 1614 ει,ηηί
1563 1542 1802 1596 mittitur
1844 1540 1921 1594 si-

343 1638 586 1694 militer:
639 1637 890 1707 ejusdem
941 1637 1090 1690 enim
1139 1635 1461 1690 substantia:
1520 1649 1642 1688 esse
1704 1633 1918 1698 ambos,

342 1749 570 1803 prorsus
594 1732 870 1787 concedit.
899 1730 1168 1791 Alterum,
1195 1727 1340 1799 quod
1375 1729 1514 1782 mitti
1547 1727 1769 1796 quidem
1800 1735 1917 1781 tum

341 1825 751 1881 distinctionem
794 1823 1109 1878 divinarum
1136 1835 1494 1890 personarum
1535 1819 1763 1883 indicat,
1802 1827 1916 1872 tum

341 1936 563 1976 causam
601 1918 892 1988 exprimit:
949 1934 967 1968 ι
1021 1915 1139 1970 Non
1176 1917 1246 1970 ob
1292 1915 1464 1980 aliud,
1516 1915 1718 1984 inquit,
1771 1913 1916 1968 mitti

343 2015 550 2068 dictum
586 2021 690 2075 est,
729 2011 823 2066 sed
858 2019 916 2064 ut
949 2024 1170 2063 causam
1221 2021 1601 2077 agnoscamus,
1631 2015 1688 2061 et
1714 2006 1770 2060 in
1815 2005 1919 2060 Sa-

341 2106 491 2161 bellii
521 2104 771 2158 morbum
802 2117 910 2155 non
944 2099 1266 2154 incidamus.
1305 2117 1324 2150 ι
1365 2098 1420 2152 Si
1469 2097 1634 2167 igitur
1676 2097 1916 2162 mittere,

343 2210 408 2248 ac
439 2193 580 2247 mitti
627 2207 874 2252 causam,
901 2199 958 2244 et
991 2198 1277 2244 causatum
1311 2188 1538 2250 indicat,
1579 2203 1608 2240 a
1654 2187 1796 2242 Filio
1822 2203 1920 2242 au-

343 2297 453 2341 tem
504 2285 741 2339 mittitur
791 2282 1034 2352 Spiritus
1072 2291 1320 2346 sanctus,
1370 2281 1565 2349 liquet.
1612 2279 1919 2334 secundum

342 2377 532 2430 divum
573 2374 1052 2444 Chryaostomum,
1086 2371 1286 2426 Filium
1319 2386 1540 2424 causam
1586 2385 1709 2424 esse
1755 2369 1922 2439 Spiri-

343 2482 434 2526 tus
483 2469 702 2531 sancti;
755 2467 822 2520 ad
885 2466 1029 2520 hanc
1085 2466 1234 2520 enim
1281 2462 1734 2531 consequentiam
1782 2463 1920 2516 nihil

340 2557 546 2610 obstat.
587 2553 680 2607 Sic
713 2551 914 2608 veritas
951 2552 1116 2606 etiam
1169 2567 1234 2605 ex
1286 2551 1372 2603 his
1420 2551 1623 2619 quibus
1671 2551 1919 2605 nonnulli

341 2661 462 2700 eam
493 2646 731 2699 lacerare
758 2644 968 2706 volunt,
1003 2643 1204 2696 clarius
1226 2642 1508 2706 elucescit,
1552 2649 1716 2711 atque
1745 2651 1920 2696 totum

342 2738 480 2802 ipsis
517 2738 569 2791 in
617 2734 956 2790 contrarium
997 2734 1253 2789 vertitur.
1286 2733 1442 2799 Quod
1491 2741 1675 2787 autem
1720 2742 1921 2802 praeter

343 2847 515 2886 unum
556 2829 822 2898 Spiritum
849 2835 1100 2881 sanctum
1130 2826 1495 2891 Paracletum,
1528 2826 1796 2895 Spiritum
1830 2842 1924 2882 ve-

341 2927 546 2989 ritatis,
583 2923 738 2978 multi
771 2923 862 2976 alii
895 2922 1027 2976 dicti
1055 2921 1294 2990 Spiritus
1320 2930 1534 2974 tantum
1567 2922 1636 2976 ab
1664 2937 1731 2976 eo
1763 2922 1921 2976 diffe—

343 3025 488 3080 rant,
523 3025 788 3085 quantum
821 3024 1004 3069 creata
1031 3029 1058 3068 a
1083 3013 1364 3079 Creatore,
1396 3026 1545 3081 pate.
1580 3029 1647 3068 ex
1689 3014 1772 3068 his
1799 3029 1920 3084 qua:

1947 1786 1994 1845 Β

2026 553 2174 589 ωπον
2219 536 2472 588 άνούσιον
2523 529 2680 587 εἶναι.
2731 533 2888 586 Ἀλλὰ
2923 533 3081 586 τοῦτο
3123 530 3262 602 μετὰ
3311 529 3411 594 τῆς
3465 530 3594 580 ἀσε-

2027 629 2178 690 ϐείας
2234 628 2370 680 πολὺ
2397 628 2492 680 καὶ
2515 626 2576 678 τὸ
2609 626 2839 694 ἀνόητον
2894 625 3030 694 ἔχει.
3065 623 3282 677 Μᾶλλον
3315 621 3416 690 μὲν
3447 616 3538 674 οῦν
3563 620 3593 670 ὀ

2027 721 2168 782 θεῖος
2193 719 2582 790 Χρυσόστομος
2627 721 2722 773 καὶ
2758 718 2962 788 πολλὴν
2986 719 3052 786 τῇ
3085 715 3340 786 παρούσῃ
3367 714 3596 786 ἀληθείᾳ

2025 815 2121 881 τὴν
2162 811 2318 880 ίσχὺν
2361 810 2597 866 δίδωσιν.
2641 811 2733 865 Ἐν
2791 810 2901 880 γὰρ
2940 812 3004 878 τῇ
3043 808 3120 862 λθ¹
3151 808 3341 878 ὁμιλίᾳ
3388 808 3486 875 τῆς
3512 810 3595 868 εἰς

2025 906 2082 957 τὸ
2110 906 2250 958 κατὰ
2287 904 2548 974 Ἰωάννην
2574 905 2908 974 ἐξηγήσεως,
2947 898 3060 956 οἷον
3080 902 3188 955 ἀπὸ
3216 902 3312 956 τοῦ
3352 902 3595 955 ἐναντίου

2024 995 2294 1062 τὸνλόγον
2322 995 2700 1064 σχηματίζων,
2740 995 2909 1063 φησί·
2943 1015 2960 1046 ι
3000 995 3112 1048 Καὶ
3138 994 3278 1057 πῶς,
3314 994 3465 1064 φησι,
3497 996 3598 1060 τῆς

2024 1085 2196 1154 αὐτῆς
2229 1086 2416 1149 οὐσίας
2471 1089 2498 1139 6
2527 1087 2765 1156 πέμπων
2792 1087 2886 1138 καὶ
2929 1085 2959 1138 6
3005 1086 3362 1152 πεμπόμενος
3394 1102 3408 1150 ;
3444 1103 3462 1134 ι
3503 1084 3600 1135 καὶ

2023 1181 2219 1247 ἐπάγει
2257 1193 2271 1207 ⁸
2307 1200 2325 1232 ι
2355 1179 2522 1234 Πάλιν
2555 1181 2649 1233 ἐπὶ
2675 1181 2740 1232 τὰ
2775 1178 3100 1249 ἀνθρώπινα
3131 1177 3466 1247 καταφέρεις
3505 1177 3598 1230 τὸν

2023 1272 2200 1339 λόγον,
2236 1272 2332 1326 καὶ
2376 1273 2475 1325 οὐκ
2499 1273 2723 1336 ἐννοεῖς,
2757 1270 2841 1324 ὅτι
2893 1269 3066 1322 ταῦτα
3132 1269 3311 1321 πάντα
3345 1269 3412 1320 δι’
3438 1269 3596 1321 οὐδὲν

2021 1362 2209 1431 ἓτερον
2238 1363 2475 1433 εἴρηται,
2501 1362 2616 1414 ἀλλ’
2655 1361 2742 1414 ἵνα
2767 1360 2864 1411 καὶ
2889 1356 2980 1410 τὸν
3007 1357 3187 1410 αἴτιον
3211 1357 3465 1425 εἰδῶμεν,
3501 1357 3596 1408 καὶ

2023 1453 2102 1513 είς
2133 1453 2234 1520 τὴν
2259 1451 2353 1504 τοῦ
2386 1449 2680 1503 Σαϐελλίου
2713 1449 2787 1520 μὴ
2815 1449 3218 1516 καταπέσωμεν
3241 1446 3417 1501 νόσον.
3454 1463 3473 1497 ι
3505 1447 3596 1498 Ἐν

2021 1543 2230 1606 τούτοις
2256 1542 2350 1596 δύο
2379 1542 2503 1597 τινὰ
2543 1541 2867 1609 συνάγονται
2886 1557 2901 1572 ·
2937 1539 3157 1609 πρῶτον
3189 1539 3272 1591 ὅτι
3299 1540 3327 1590 ὁ
3359 1538 3594 1606 πέμπων

2022 1636 2180 1689 οὐσία
2217 1635 2586 1697 ἐνυπόστατός
2624 1636 2762 1697 ἐστι,
2822 1634 2916 1687 καὶ
2964 1635 2992 1685 6
3031 1633 3384 1702 πεμπόμενος
3413 1630 3594 1682 ὡσαύ-

2024 1745 2130 1790 τως
2154 1744 2170 1759 °
2203 1729 2300 1797 τῆς
2333 1726 2440 1796 γὰρ
2473 1727 2645 1796 αὐτῆς
2683 1727 2870 1788 οὐσίας
2900 1725 3073 1794 ἄμφω
3099 1725 3195 1777 καὶ
3223 1723 3363 1776 πάνυ
3404 1723 3592 1790 ὁμολοα

2022 1821 2141 1888 γεῖ·
2171 1818 2427 1889 δεύτερον
2459 1819 2541 1871 ὅτι
2584 1817 2647 1870 τὸ
2681 1816 2999 1885 πέμπεσθαι
3045 1817 3166 1884 ἄμα
3206 1813 3308 1884 μὲν
3338 1814 3436 1883 τὴν
3482 1813 3590 1865 διά-

2022 1929 2206 1984 κρισιν
2236 1911 2346 1963 τῶν
2387 1910 2547 1962 θείων
2595 1910 2851 1980 ἐμφαίνει
2883 1905 3212 1976 προσώπων,
3247 1905 3364 1974 ἅμα
3415 1904 3472 1958 δὲ
3501 1907 3588 1957 καὶ

2019 2007 2113 2058 τὸν
2135 2005 2307 2058 αἴτιον
2324 2003 2677 2075 παρίστησιν,
2715 2021 2733 2052 ι
2753 2000 2830 2053 Δι’
2857 1999 3012 2053 οὐδὲν
3030 1997 3159 2066 γὰρ,
3192 1999 3378 2067 φησὶν,
3409 1997 3592 2063 ἕτερον

2022 2097 2081 2149 τὸ
2105 2095 2424 2166 πέμπεσθαι
2457 2095 2696 2165 είρηται,
2728 2092 2847 2145 ἀλλ’
2869 2093 2956 2144 ἵνα
2993 2091 3088 2142 καὶ
3117 2091 3210 2143 τὸν
3242 2091 3417 2144 αἴτιον
3443 2091 3595 2142 εἰδῶ-

2026 2206 2147 2259 μεν,
2166 2190 2271 2248 ,καὶ
2314 2188 2396 2248 είς
2443 2187 2542 2257 τὴν
2575 2186 2668 2238 τοῦ
2706 2185 2997 2238 Σαϐελλίου
3063 2184 3137 2255 μὴ
3190 2185 3598 2254 καταπέσωμεν

2023 2281 2196 2336 νόσον.
2233 2281 2296 2332 Εἰ
2335 2279 2514 2332 τοίνυν
2562 2278 2624 2331 τὸ
2663 2279 2908 2348 πέμπειν
2943 2279 3037 2332 καὶ
3071 2278 3388 2346 πέμπεσθαι
3416 2277 3476 2330 τὸ
3505 2276 3595 2329 αῖ-

2022 2389 2135 2424 τιον
2165 2373 2258 2424 καὶ
2305 2369 2364 2422 τὸ
2407 2369 2651 2424 αίτιατὺν
2684 2371 2966 2440 ἐμφαίνει,
3009 2370 3159 2440 παρὰ
3213 2369 3270 2422 δὲ
3315 2369 3407 2422 τοῦ
3463 2371 3594 2423 Tini

2022 2464 2304 2532 πέμπεται
2357 2463 2416 2514 τὸ
2451 2461 2678 2530 Πνεῦμα
2729 2460 2793 2514 τὸ
2826 2462 3007 2528 ἅγιον,
3053 2460 3277 2532 εὔδηλον
3325 2461 3466 2516 κατὰ
3505 2462 3596 2514 τὸν

2022 2556 2167 2609 θεῖον
2214 2554 2624 2624 Χρυσόστομον,
2669 2555 2753 2608 ὅτι
2813 2556 2842 2608 6
2883 2554 3011 2615 Υἱὸς
3057 2555 3232 2615 αἴτιος
3283 2553 3379 2608 τοῦ
3435 2555 3596 2623 ἁγίου

2023 2647 2342 2716 Πνεῦματός
2392 2649 2551 2699 ἐστι’
2586 2646 2720 2716 πρὸς
2756 2647 2864 2716 γὰρ
2891 2646 2953 2700 τὸ
2982 2646 3252 2715 ἑπόμενον
3299 2645 3458 2700 τοῦτο
3499 2647 3593 2698 οὐ-

2021 2739 2108 2791 δὲν
2150 2740 2532 2809 προσίσταται.
2554 2738 2745 2802 Οὕτως
2789 2743 2823 2812 ὴ
2855 2741 3087 2810 ἀλήθεια
3133 2741 3226 2793 καὶ
3259 2742 3318 2805 ἐξ
3346 2735 3422 2794 ὧν
3451 2751 3594 2803 τινες

2022 2830 2189 2902 αὐτὴν
2238 2830 2520 2899 βούλονται
2558 2832 2893 2902 σπαράττειν
2933 2833 3320 2904 λαμπρότερον
3366 2833 3591 2898 διαλάμ-

2026 2937 2138 2985 πει,
2175 2924 2268 2976 καὶ
2321 2923 2430 2975 πᾶν
2484 2922 2668 2986 αὐτοῖς
2723 2925 2805 2987 εἰς
2851 2925 3162 2978 τοὺνάντιον
3221 2923 3581 2994 περιίσταται.

2025 3011 2145 3064 Ὅτι
2171 3011 2316 3064 δὲτὰ
2345 3013 2494 3083 παρὰ
2521 3013 2579 3066 τὸ
2613 3012 2671 3065 ἓν
2710 3012 2866 3080 ἅγιον
2907 3014 3131 3082 Πνεῦμα
3163 3014 3254 3068 τὸν
3300 3015 3589 3085 Παράκλη-

345 3111 511 3164 tradit
543 3108 842 3178 Gregorius
873 3107 1186 3177 Theologus
1219 3107 1272 3160 in
1324 3107 1574 3162 oratione
1606 3108 1673 3161 de
1708 3108 1914 3177 Spiritu

2022 3124 2132 3172 τον,
2172 3109 2233 3160 τὺ
2264 3107 2492 3178 Πνεῦμα
2523 3110 2622 3177 τῆς
2673 3108 2956 3178 ἀληθείας,
3005 3110 3179 3163 πολλὰ
3228 3111 3393 3181 ἕτερα
3436 3112 3592 3180 λεγό-

341 3211 572 3268 sancto;
605 3201 682 3254 ait
730 3202 877 3254 enim
913 3218 926 3253 :
985 3216 1004 3250 ι
1057 3199 1300 3268 Spiritus
1334 3199 1538 3254 dicitur
1579 3199 1914 3268 adoptionis,

338 3295 636 3359 libertatis,
679 3293 918 3363 Spiritus
951 3292 1277 3362 prudentiae,
1324 3291 1565 3362 Spiritus
1609 3295 1914 3362 sapientiae,

338 3386 584 3450 consilii,
629 3383 995 3447 fortitudinis,
1033 3384 1387 3453 COgnitionis,
1430 3385 1672 3454 pietatis,
1703 3386 1918 3441 timoris

343 3477 460 3532 Dei.
499 3477 714 3531 Etenim
756 3478 955 3530 horum
987 3476 1233 3529 omnium
1276 3476 1518 3532 eﬂiciens
1560 3486 1668 3531 est.
1707 3495 1726 3527 ι
1763 3476 1914 3542 Quo-

340 3572 487 3625 niam
521 3570 688 3638 igitur
719 3570 764 3624 is
789 3571 983 3625 doctor
1025 3569 1182 3632 dicit,
1221 3568 1485 3638 Spiritum
1521 3576 1770 3623 sanctum
1805 3567 1918 3622 elli-

340 3665 576 3718 cientem
633 3675 754 3716 esse
805 3661 1004 3716 horum
1063 3663 1480 3721 charismatum.
1532 3671 1746 3715 constat
1802 3659 1917 3716 11330

339 3761 526 3808 creata
565 3766 709 3806 esse.
741 3752 825 3805 Ab
854 3745 1125 3822 ejusmodi
1169 3761 1351 3806 autent
1389 3750 1705 3804 nominatur
1741 3747 1915 3816 Spiri-

345 3855 434 3899 tus
473 3853 699 3898 sanctus
727 3843 924 3898 iisdem
957 3844 1276 3898 nominibus
1330 3839 1799 3911 quemadmodum
1859 3849 1916 3894 et

341 3937 523 4003 opifex
555 3939 623 3990 ab
664 3935 900 4004 Opiliciis
930 3936 1262 4004 appellatur,
1293 3944 1350 3988 et
1379 3932 1473 4000 qui
1515 3941 1600 3986 est
1626 3931 1819 3985 artifex
1847 3931 1915 3986 ab

340 4027 678 4090 arti-ﬁciatis,
715 4037 770 4082 et
814 4027 868 4079 in
919 4040 1133 4080 summa
1166 4041 1196 4078 a
1242 4024 1483 4076 causatis
1507 4031 1781 4076 causator.
1825 4020 1912 4074 ld-

338 4125 490 4176 cireo
513 4130 570 4173 et
596 4120 945 4188 cpi-rationes
971 4117 1164 4171 beatus
1193 4116 1393 4168 Paulus
1421 4115 1653 4178 vocavit,
1686 4112 1913 4171 dicens:

343 4234 362 4266 ι
402 4214 471 4268 Ει
520 4213 823 4267 divisiones
868 4209 1251 4279 operationum
1312 4216 1473 4267 sunt,
1526 4207 1669 4259 idem
1729 4216 1912 4260 autem

341 4307 504 4370 Deus,
549 4304 640 4374 qui
676 4312 932 4372 opt-ratur
972 4303 1156 4354 omnia
1213 4300 1268 4354 in
1322 4298 1597 4354 omnibus.
1645 4318 1660 4348 ι
1720 4300 1915 4354 Dicere

335 4399 505 4468 igitur
553 4396 904 4466 operationes
958 4394 1252 4459 increatas,
1297 4393 1524 4461 perinde
1589 4405 1709 4459 est,
1759 4411 1822 4449 ac
1866 4394 1914 4449 si

335 4493 463 4559 quis
497 4490 661 4560 digna
696 4497 916 4544 censeat
943 4488 1165 4542 nomine
1205 4487 1510 4541 conditoris
1540 4500 1605 4541 ea
1634 4503 1756 4557 quae
1787 4496 1915 4544 sunt

337 4580 583 4635 condita.

2025 3216 2163 3268 μενα
2199 3201 2492 3269 πνεύματα
2540 3202 2795 3255 τοσοῦτον
2829 3204 2994 3256 αὐτοῦ
3025 3205 3290 3275 διαφέρει,
3345 3207 3469 3258 ὅσον
3495 3205 3592 3258 τοῦ

2020 3288 2248 3357 ποιητοῦ
2279 3292 2348 3345 τὰ
2380 3294 2682 3362 ποιήματα,
2703 3294 2859 3364 δῆλον
2887 3297 2953 3348 ὲκ
2978 3295 3088 3349 τῶν
3123 3299 3425 3367 εἰρημένων
3453 3298 3594 3367 Γρηο

2017 3383 2189 3454 γορίῳ
2216 3383 2291 3447 τῷ
2320 3383 2567 3454 Θεολόγῳ
2597 3387 2654 3438 ὲν
2681 3387 2756 3456 τῷ
2782 3388 2910 3457 περὶ
2945 3388 3038 3440 τοῦ
3079 3389 3233 3456 ἁγίου
3276 3389 3592 3459 Πνεῦματος

2017 3473 2182 3544 λόγῳ.
2214 3475 2352 3544 Φησὶ
2384 3477 2514 3545 γὰρ,
2557 3495 2575 3528 ι
2610 3477 2834 3546 Πνεῦμα
2872 3479 3088 3545 λέγεται
3123 3480 3411 3545 υἱοθεσίας,
3441 3481 3590 3534 ἐλευ-

2017 3564 2227 3632 θερίας,
2267 3567 2492 3636 Πνεῦμα
2524 3569 2816 3633 συνέσεως,
2852 3571 3076 3639 Πνεῦμα
3124 3571 3336 3639 σοφίας,
3369 3572 3587 3643 βουλῆς,

2019 3655 2222 3726 ἰσχύος,
2277 3659 2552 3725 γνώσεως,
2581 3660 2880 3725 εὐσεϐείας,
2935 3662 3102 3736 φόϐου
3131 3663 3290 3721 Θεοῦ.
3340 3665 3447 3718 Καὶ
3477 3663 3587 3732 γὰρ

2015 3748 2300 3817 ποιητικὸν
2335 3751 2537 3802 τούτων
2563 3753 2844 3809 ἁπάντων.
2869 3771 2890 3805 ι
2935 3754 3086 3806 Ἐπεὶ
3107 3754 3284 3807 τοίνυν
3316 3755 3376 3807 τὸ
3417 3755 3588 3808 Πνεῦ-

2019 3857 2098 3910 μα
2123 3843 2183 3893 τὸ
2210 3841 2366 3908 ἅγιον
2414 3845 2696 3912 ποιητικὸν
2729 3845 2839 3898 τῶν
2900 3847 3259 3915 χαρισμάτων
3310 3847 3519 3901 τούτων
3559 3851 3588 3900 6

2015 3933 2337 3996 διδάσκαλος
2362 3933 2534 4001 λέγει,
2575 3935 2754 4003 δῆλον,
2790 3936 2866 3998 ὡς
2903 3938 3076 3990 ταῦτα
3111 3938 3219 3990 τῶν
3255 3940 3589 4009 ποιημάτιον

2017 4024 2182 4078 ἐστίν.
2227 4023 2584 4094 Ὀνομάζεται
2612 4027 2668 4080 δὲ
2697 4029 2806 4080 ἀπὸ
2833 4029 2941 4080 τῶν
2977 4029 3238 4082 τοιούτων
3265 4033 3377 4089 τοῖς
3403 4031 3586 4093 αὐτοῖς

2013 4116 2244 4184 ὀνόμασι
2269 4117 2362 4169 καὶ
2394 4116 2454 4169 τὸ
2479 4120 2742 4186 πανάγιον
2775 4119 3021 4188 Πνεῦμα,
3057 4121 3310 4187 καθάπερ
3357 4124 3448 4176 καὶ
3495 4123 3592 4190 δησ-

2019 4209 2280 4279 μιουργὸς
2333 4211 2440 4262 ἀπὸ
2490 4212 2599 4262 τῶν
2643 4210 3146 4280 δημιουργημάτων
3183 4214 3447 4276 καλεῖται,
3496 4214 3592 4265 καὶ

2013 4301 2122 4352 ἀπὸ
2163 4303 2272 4352 τῶν
2322 4302 2598 4371 τεχηητῶν
2644 4305 2966 4372 ὀτεχνίτης,
3003 4306 3098 4358 καὶ
3153 4305 3287 4367 ὅλως
3330 4305 3437 4358 ἀπὸ
3479 4305 3587 4357 τῶν

2021 4395 2285 4448 α.τιατῶν
2319 4398 2346 4448 6
2371 4396 2540 4457 αἴτιος
2575 4411 2589 4424 ·
2629 4395 2711 4448 διὸ
2741 4398 2833 4448 καὶ
2858 4399 3210 4467 ἐνεργήματα
3238 4402 3270 4451 6
3321 4400 3586 4468 μακάριος

2019 4485 2210 4555 εἴρηκε
2241 4485 2472 4550 Παῦλος,
2502 4485 2694 4549 εἰπὼν,
2729 4508 2747 4538 ι
2787 4488 2897 4540 Καὶ
2934 4487 3227 4558 διαιρέσεις
3280 4491 3588 4558 ἐνεργημά-

2019 4594 2130 4629 των
2165 4578 2327 4643 εἰσὶν,
2372 4580 2400 4630 6
2425 4578 2480 4630 δὲ
2513 4580 2675 4641 αὐτὸς
2703 4579 2835 4642 Θεὸς
2881 4581 2910 4631 6
2939 4579 3178 4649 ἐνεργῶν
3207 4581 3276 4632 τὰ
3326 4583 3500 4632 πάντα
3531 4585 3586 4631 ἐν

341 4677 494 4728 πᾶσι.
538 4694 556 4726 ι
613 4675 686 4726 Τὸ
744 4674 875 4742 γοῦν
920 4673 990 4726 τὰ
1041 4673 1399 4742 ἐνεργήματα
1459 4672 1690 4726 ἄκτιστα
1737 4674 1915 4741 λέγειν
1954 4674 2068 4727 ίσον
2108 4673 2227 4727 ἐστὶ
2261 4675 2340 4744 τῷ
2387 4677 2453 4729 τὰ
2503 4675 2965 4747 δημιουργήματα
3017 4676 3115 4746 τῆς
3170 4677 3265 4730 τοῦ
3328 4677 3589 4733 ἁκτίστου

339 4769 718 4841 προσηγορίας
753 4769 963 4833 ἀξιοῦν.

409 4866 658 4932 Denique
699 4863 1004 4916 absurdum
1054 4871 1139 4917 est
1192 4862 1398 4927 dicere,
1436 4864 1487 4917 in
1526 4865 1633 4918 Deo
1682 4879 1802 4918 esse
1837 4864 1918 4918 in~

337 4965 518 5009 creata
547 4955 860 5018 consilium,
893 4955 979 5008 vel
1017 4965 1248 5009 metum.
1291 4956 1390 5010 Ubi
1419 4958 1564 5010 enim
1595 4958 1910 5022 consilium,

340 5049 416 5102 ibi
453 5048 704 5101 defectus
735 5047 1067 5116 cognitionis
1114 5048 1518 5109 consideratur.
1552 5051 1690 5103 nihil
1729 5060 1909 5104 autem

341 5141 447 5193 lulc
479 5139 533 5192 in
564 5139 674 5191 Deo
703 5147 785 5192 est
815 5154 830 5199 ;
865 5139 1066 5208 quippe
1094 5139 1326 5209 ipsamet
1351 5142 1638 5210 sapientia,
1672 5151 1728 5195 et
1760 5143 1911 5213 ipsa-

343 5241 451 5284 tnct
487 5231 730 5300 cognitio
779 5243 886 5297 est,
938 5234 1120 5286 sciens
1169 5235 1351 5286 omnia
1405 5243 1697 5302 antequam
1757 5239 1905 5287 liant.

339 5322 607 5376 Similiter
636 5337 814 5392 neque
851 5324 1014 5377 titttor
1063 5342 1181 5378 esse
1226 5335 1424 5394 potest,
1461 5327 1718 5394 quoniam
1769 5327 1913 5378 Dens

337 5415 642 5480 praesertim
693 5415 761 5468 ab
813 5425 1020 5470 aeterno
1082 5417 1352 5470 neminem
1418 5419 1590 5470 timet.
1643 5418 1700 5472 In
1752 5419 1909 5473 nobis

339 5520 470 5558 vero
519 5518 603 5560 est
650 5510 834 5574 passio
871 5511 1113 5562 animum
1163 5523 1412 5563 nostrum
1463 5512 1528 5564 ad
1581 5512 1911 5579 perfectiora

336 5604 597 5664 evettens,
622 5611 676 5655 et
702 5602 808 5656 vim
845 5603 1051 5656 habens
1076 5619 1200 5657 cum
1233 5604 1576 5672 perﬁciendi.
1604 5604 1704 5670 Qui
1750 5605 1914 5657 timor

336 5688 518 5742 dictus
538 5702 620 5745 est
643 5696 1060 5765 στοιχειωτικδς,
1079 5696 1184 5750 hoc
1214 5704 1300 5749 est
1324 5699 1476 5766 quasi
1509 5697 1788 5761 elementi,
1814 5712 1911 5750 seu

335 5782 595 5851 principii
627 5788 890 5843 rationem
922 5788 1200 5854 obtinens,
1225 5788 1373 5852 iuxta
1410 5789 1542 5842 illud
1570 5787 1866 5857 Scripturzu
1894 5808 1907 5842 :

2091 4866 2327 4919 ’Λτοπον
2360 4866 2414 4918 δὲ
2450 4869 2547 4920 καὶ
2577 4865 2756 4930 ἄλλως
2793 4867 2890 4936 τὴν
2919 4865 3118 4936 βουλὴν
3151 4867 3184 4937 ἢ
3213 4867 3304 4919 τὸν
3334 4867 3498 4934 φοϐον
3532 4869 3594 4918 ὲν

2015 4956 2092 5026 τῷ
2124 4956 2244 5026 Θεῷ
2295 4957 2474 5022 λέγειν
2509 4955 2656 5011 εἶναι
2709 4958 2967 5011 ἄκτιστα.
3017 4958 3186 5010 Ἔνθα
3242 4959 3352 5028 γὰρ
3403 4955 3590 5028 βουλὴ,

2013 5050 2128 5100 ἐκεῖ
2187 5051 2278 5102 καὶ
2308 5049 2485 5101 ἔνδεια
2523 5049 2810 5118 θεωρεῖται
2875 5047 3149 5115 γνώσεως.
3212 5048 3304 5118 Τῷ
3358 5049 3416 5101 δὲ
3471 5049 3588 5116 Θεῴ

2011 5141 2167 5193 οὐδὲν
2199 5140 2440 5193 τοιοῦτόν
2470 5141 2620 5192 ἔστιν
2653 5155 2668 5168 °
2722 5140 3020 5208 αὑτοσοίρία
3053 5143 3158 5210 γάρ
3191 5142 3328 5204 ἐστι,
3357 5142 3452 5193 καὶ
3488 5143 3587 5196 αὑ·

2021 5236 2307 5301 τογνὼσις,
2352 5235 2508 5296 εἰδὼς
2538 5238 2714 5286 πάντα
2744 5235 2873 5298 πρὶν
2904 5239 3178 5301 γενήσεως
3210 5235 3413 5288 αὐτῶν.
3455 5237 3581 5286 Ὡσ-

2023 5325 2198 5386 αύτως
2241 5328 2362 5378 οὐδὲ
2417 5325 2583 5393 φόϐος
2637 5329 2702 5378 ἂν
2737 5326 2856 5393 εῐηι
2883 5325 3112 5396 ἐπείπερ
3161 5329 3188 5377 6
3233 5326 3366 5387 Θεὸς
3398 5325 3586 5378 οὐδένα

2023 5423 2115 5469 καὶ
2149 5435 2315 5468 tam:
2350 5418 2412 5481 ἐξ
2439 5418 2604 5470 ἀϊδίου
2639 5417 2906 5485 φοϐεῖται.
2948 5419 3036 5470 Ἐν
3069 5418 3202 5488 ἡμῖν
3229 5419 3286 5470 δὲ
3319 5418 3438 5470 ἔστι
3481 5421 3586 5469 πά-

2013 5513 2104 5573 θος
2149 5511 2496 5577 ἀναγωγικὸν
2544 5511 2676 5578 πρὸς
2706 5510 2775 5562 τὰ
2833 5509 3139 5579 τελεώτερα
3171 5510 3273 5579 τῆς
3305 5510 3580 5579 ἡμετέρας

2011 5604 2208 5672 ψυχῆς,
2241 5604 2335 5654 καὶ
2362 5601 2706 5654 τελειωτικὸν
2737 5601 2912 5670 αὐτῆς
2933 5618 2946 5631 ·
2974 5603 3109 5656 καθὸ
3169 5604 3264 5656 καὶ
3296 5619 3577 5668 στοιχειω-

2011 5696 2158 5757 τικὸς
2189 5699 2216 5747 6
2260 5696 2424 5762 φόϐος
2476 5694 2694 5761 εἴρηται
2756 5694 2876 5746 κατ’
2950 5697 3131 5749 ἐκεῖνο
3180 5699 3286 5767 τῆς
3333 5693 3580 5765 Γραφῆς,

2019 5808 2034 5838 ι
2062 5789 2230 5857 Ἀρχὴ
2266 5792 2456 5853 enata;
2485 5785 2648 5855 φόϐος
2680 5786 2910 5859 Κυρίου,
2948 5807 2966 5840 ι
3005 5789 3064 5842 ὃν
3093 5791 3220 5859 ὑμῖν
3249 5793 3277 5843 6
3315 5791 3445 5853 Θεδς
3482 5805 3583 5861 Xa.-
