4036 6446
426 432 535 499 915

1343 440 1442 504 DE
1480 443 2007 510 PROCESSIONE
2044 452 2404 517 SPiRiTUS
2447 458 2737 525 SANCTI.
2841 458 2850 466 ’

3559 459 3669 530 946

426 547 657 615 ρὲζεται.
725 548 913 621 ὥσπερ
956 554 1051 605 καὶ
1097 552 1267 608 τᾶλλα
1320 556 1499 612 πάντα
1531 575 1545 591 ”
1581 561 1641 612 τὺ
1674 560 1781 633 γὰρ
1828 559 1993 629 εἶναι,

2101 584 2120 618 ι
2164 569 2384 629 lnitium
2435 578 2717 647 sapientiae
2754 579 2915 635 timor
2954 581 3193 647 Domini,
3232 601 3252 637 ι
3295 596 3459 652 quem
3512 585 3674 643 nobis

424 638 520 689 καὶ
551 638 611 691 τὸ
641 635 698 693 εὖ
746 636 887 696 εἶναι
925 646 1056 714 παρ’
1108 645 1297 700 αὑτοῦ.
1359 649 1451 702 Διὸ
1497 653 1593 704 καὶ
1616 653 1792 707 πάντα
1832 657 1993 726 χάρι-

422 745 514 791 τες
565 731 795 796 εἰκότως
855 735 922 787 ἂν
971 736 1234 806 λέγοιντο,
1299 742 1394 795 καὶ
1456 744 1591 796 αὐτὸ
1642 747 1704 799 τὸ
1781 748 1840 812 ἐξ
1892 751 1993 804 οὐκ

421 819 591 873 ὄντων
639 824 932 890 γενέσθαιο
979 829 1211 901 ἐπείπερ
1285 832 1386 887 οὐκ
1429 832 1612 905 ἔργων
1666 842 1999 911 προϋπηργ-

424 914 602 980 μένων
666 914 869 986 ταύτην
916 918 1184 992 ἐλάϐομεν
1216 923 1312 995 την
1365 927 1637 997 ἀμοιϐήν..

507 1182 666 1237 ’Λλλὰ
697 1184 804 1256 μὴν
834 1188 929 1240 καῖ
959 1189 986 1240 ό
1020 1187 1161 1252 θεῖος
1193 1192 1443 1265 Μάξιμος
1488 1196 1547 1249 ὲν
1593 1199 1875 1269 κεφαλαίῳ
1916 1172 2017 1254 λθ¹⁵

420 1274 519 1343 τῆς
572 1273 614 1328 ε’
668 1282 716 1345 ρ’
764 1277 872 1331 τῶν
922 1278 1259 1348 Θεολογικῶν
1293 1302 1495 1354 φησιν·
1564 1306 1583 1340 ι
1644 1290 1802 1345 Ἐστι
1841 1291 1897 1345 δὲ
1937 1293 1997 1346 τὸ

425 1365 524 1431 μὲν
568 1365 792 1436 Πνεῦμα
831 1369 924 1421 τοῦ
960 1371 1127 1436 φόϐου
1181 1373 1275 1427 τοῦ
1316 1375 1451 1430 Θεοῦ
1489 1381 1521 1448 ἡ
1562 1396 1672 1433 των
1716 1383 1839 1435 κατ’
1868 1384 2001 1452 ἀρε-

420 1457 522 1528 τὴν
551 1459 828 1528 ἐνέργεια,
858 1464 1045 1516 κακῶν
1075 1466 1273 1536 ἀποχή.
1308 1467 1383 1523 Τὸ
1427 1470 1657 1542 Πνεῦμα
1681 1473 1779 1542 τῆς
1812 1475 1998 1544 ἰσχύος

424 1551 573 1603 ἐστὶν
625 1553 657 1622 ἡ
713 1554 850 1623 πρὸς
906 1557 1192 1626 ἐνέργειαν
1242 1562 1338 1615 καὶ
1389 1563 1589 1633 πρᾶξιν
1631 1565 1741 1619 τῶν
1770 1568 1997 1623 ἐντολῶν

424 1644 704 1711 πρόθυμος
753 1646 895 1716 ὁρμή
929 1665 987 1700 τε
1031 1649 1127 1707 καὶΙ
1173 1650 1408 1722 κίνησις.
1449 1654 1523 1707 Τὸ
1548 1654 1605 1707 δὲ
1642 1655 1866 1727 Πνεῦμα
1896 1659 1999 1728 τῆς

425 1733 620 1802 βουλῆς
641 1736 791 1788 ἐστιν
816 1737 976 1805 ὴὲξις
995 1739 1094 1809 τῆς
1114 1741 1460 1813 διακρίσεως.
1482 1745 1555 1798 Τὸ
1576 1747 1634 1801 δὲ
1658 1748 1883 1820 Πνεῦμα
1897 1750 1998 1820 τῆς

422 1821 737 1891 ἐπιστήμης
793 1826 941 1878 ἐστὶν
987 1828 1022 1897 ή
1061 1830 1169 1883 τῶν
1202 1831 1325 1885 κατ’
1357 1834 1560 1904 ἀρετὴν
1605 1837 1705 1906 τῆς
1742 1838 1996 1908 πράξεως

422 1913 642 1982 τρόπων
692 1913 944 1981 ἄπτωτος
993 1921 1219 1991 εῖδησις.
1256 1925 1329 1977 Τὸ
1362 1926 1420 1979 δὲ
1453 1926 1676 2000 Πνεῦμα
1708 1930 1809 2000 τῆς
1849 1917 1993 2000 γνῶς
2028 1909 2070 1965 Β

428 2003 562 2068 σεὼς
586 2007 737 2059 ἐστιν
768 2008 929 2076 ήτῶν
960 2012 1018 2062 ἐν
1047 2016 1167 2076 ταῖς
1198 2015 1442 2081 ἐντολαῖς
1463 2019 1639 2087 λόγων
1674 2022 1991 2093 περίληψις.

429 2097 648 2167 Πνεῦμα
683 2099 739 2152 δὲ
767 2101 1036 2167 συνέσεώς
1071 2107 1276 2179 ἐστινὴ
1311 2110 1447 2181 πρὸς
1474 2113 1602 2179 τοὺς
1630 2116 1869 2182 τρόπους
1900 2120 1995 2171 καὶ

424 2191 549 2257 τοὺς
579 2193 771 2262 λόγους
799 2195 906 2252 τῶν
952 2199 1164 2271 ἀρετῶν
1195 2204 1621 2273 συγκατάθεσις,
1655 2208 1688 2278 ἢ
1729 2211 1995 2278 κυριώτε-

428 2301 519 2351 ρον
546 2285 753 2355 εἰπεῖν,
777 2290 1161 2361 μεταποίησις.
1201 2295 1424 2367 Πνεῦμα
1460 2298 1516 2350 δὲ
1556 2300 1750 2368 σοφίας
1777 2302 1924 2356 ἐστὶν
1957 2307 1990 2372 ή

424 2376 561 2444 πρὸς
585 2376 685 2446 τὴν
717 2379 900 2433 αἰτίαν
929 2381 1038 2434 τῶν
1071 2383 1129 2436 ὲν
1163 2387 1281 2447 ταῖς
1334 2385 1577 2453 ἐντολαῖς
1614 2406 1994 2458 πνευματικῶ-

424 2466 796 2535 τέρωνλόγων
823 2470 1090 2540 ἀνάληψις
1119 2491 1177 2526 τε
1211 2474 1306 2527 καὶ
1345 2474 1559 2539 ἓνωσις.
1598 2496 1618 2529 ι

509 2556 881 2625 Ἀλογὼτατον
905 2561 1083 2615 τοίνυν
1110 2563 1208 2634 τὴν
1243 2565 1351 2619 τῶν
1383 2567 1617 2620 ἐντολῶν
1647 2569 1866 2640 πρᾶξιν,
1899 2573 1995 2626 καὶ

421 2644 522 2716 τὴν
565 2646 675 2701 τῶν
713 2648 886 2717 λόγων
926 2651 1034 2705 τῶν
1074 2653 1288 2724 ἀρετῶν
1336 2659 1722 2730 μεταποίησιν,
1766 2663 1862 2714 καὶ
1894 2662 1994 2733 τὴν

424 2739 560 2808 πρὸς
589 2741 654 2792 τὰ
687 2742 829 2795 καλᾶ
862 2744 1147 2816 πρόθυμον
1173 2748 1352 2819 ὁρμήν
1386 2767 1445 2802 τε
1496 2752 1591 2804 καὶ
1633 2752 1868 2825 κίνησιν,
1899 2756 1995 2810 καὶ

418 2831 558 2892 ὅλως
599 2833 777 2888 πᾶσαν
809 2834 1047 2905 δύναμιν
1102 2839 1198 2892 καὶ
1240 2841 1355 2906 ἕξιν
1407 2843 1502 2895 καὶ
1547 2842 1862 2916 τελειότητα
1892 2847 1995 2918 τῆς

380 2919 770 2998 ⁸ἀνθρωπίνης
796 2928 976 3000 ψυχῆς
1009 2932 1242 2988 ἄκτιστα
1271 2937 1329 2988 ἐν
1367 2935 1442 3008 τῷ
1472 2936 1589 3008 Θεῷ
1615 2938 1798 3007 λέγειν
1832 2937 1992 2995 εἶναι.

435 3016 526 3081 Ἐξ
586 3007 647 3068 οὗ
699 3017 835 3090 πρὸς
886 3018 1102 3085 πολλοῖς
1142 3024 1250 3099 τῶν
1291 3007 1577 3094 ἑπομένων
1628 3029 1845 3083 ἀτόπων
1899 3030 1996 3084 καὶ

419 3105 579 3158 τοῦτο
630 3110 946 3180 περιφανῶς
985 3111 1196 3180 ἕψεται,
1245 3113 1309 3168 τὸ
1357 3118 1422 3187 τῇ
1466 3117 1604 3188 αὐτῇ
1656 3120 1857 3186 γνώσει
1896 3120 1991 3174 καὶ

2102 661 2247 720 Deus
2278 666 2510 737 largitur
2547 669 2691 725 sicut
2723 682 2918 728 caetera
2966 674 3184 728 omnia:
3228 687 3354 729 esse
3405 674 3553 729 enim
3575 717 3589 741 ,
3624 689 3683 733 et

2102 754 2243 809 bene
2270 770 2391 811 esse
2432 759 2501 814 ab
2535 758 2654 828 ipso
2685 769 2791 817 est.
2825 761 3097 828 Quocirca
3137 765 3307 818 etiam
3336 763 3520 819 omnia
3549 765 3676 834 jure

2098 847 2308 917 optimo
2347 851 2535 917 gratio
2583 852 2689 907 dici
2738 862 2984 923 possent,
3019 855 3193 911 etiam
3223 855 3399 925 ipsum
3448 872 3515 911 ex
3565 872 3674 910 non

2097 939 2321 994 cutibus
2352 942 2469 997 fieri
2495 961 2513 995 :
2562 944 2727 1001 nullis
2781 945 2926 1001 enim
2959 947 3283 1016 praemissis,
3319 956 3375 1003 el
3422 951 3677 1016 praaexsi-

2097 1030 2377 1086 stentibus
2398 1032 2612 1089 meritis
2649 1033 2755 1090 hoc
2789 1038 3099 1106 recepimus
3130 1046 3387 1108 tanquam
3429 1039 3675 1095 retribu-

2101 1121 2329 1176 tionem.

2168 1204 2273 1267 sed
2305 1214 2453 1270 enim
2501 1217 2665 1271 etiam
2715 1219 2876 1274 divus
2922 1220 3215 1287 Maximus,
3246 1222 3305 1277 in
3356 1224 3534 1294 capite
3576 1223 3669 1288 59,

2100 1301 2306 1372 quintae
2334 1308 2598 1363 centuria:
2631 1308 3114 1382 Theologicorum,
3145 1313 3257 1368 ait:
3305 1332 3324 1366 ι
3362 1314 3458 1370 Est
3484 1324 3671 1371 autem

2098 1393 2338 1467 Spiritus
2371 1400 2593 1469 quidem
2647 1402 2859 1460 timoris
2904 1405 3024 1471 Dei,
3072 1407 3321 1476 operatio
3367 1411 3669 1465 secundum

2100 1487 2356 1542 virtutem
2387 1490 2715 1548 abstinendo
2753 1511 2785 1549 a
2826 1496 3004 1552 malis.
3037 1496 3279 1567 Spiritus
3308 1499 3670 1563 fortitudinis,

2099 1589 2387 1650 promptus
2417 1583 2586 1638 animi
2612 1584 2869 1655 impetus,
2887 1599 2945 1644 et
2969 1599 3152 1645 mutus
3177 1591 3245 1646 ad
3270 1594 3670 1662 operationem.

2097 1677 2154 1723 et
2212 1672 2426 1739 praxim
2474 1673 2881 1729 mandatorum.
2937 1678 3176 1747 Spiritus
3223 1690 3408 1735 autem
3453 1683 3669 1741 consilii

2098 1768 2183 1813 est
2212 1760 2433 1817 habitus
2458 1762 2826 1820 discretionis.
2860 1766 3103 1836 Spiritus
3129 1784 3261 1826 vero
3313 1773 3559 1827 scientiae
3585 1783 3671 1828 est

2101 1851 2341 1919 cognitio
2374 1852 2527 1908 firma
2553 1854 2700 1909 circa
2734 1871 2913 1911 mores
2942 1857 2995 1911 in
3024 1859 3333 1917 actionibus
3371 1863 3662 1920 virtutum.

2101 1941 2338 2012 Spiritus
2372 1954 2555 2001 autem
2619 1946 2950 2016 cognitionis
2994 1958 3079 2005 est
3124 1954 3547 2022 comprehensio
3582 1973 3672 2010 ra~

2105 2034 2339 2099 tionum,
2370 2051 2494 2105 quae
2525 2037 2808 2093 servandae
2835 2048 2965 2094 sunt
3001 2040 3056 2093 in
3095 2042 3388 2099 mandatis.
3434 2043 3673 2115 Spiritus

2102 2135 2284 2183 autem
2330 2129 2643 2197 prudentiae
2695 2131 2763 2185 ad
2811 2145 2993 2186 mores
3031 2140 3087 2188 et
3130 2134 3371 2192 rationes
3407 2138 3669 2193 virtutum
3707 2171 3728 2186 .

2101 2220 2616 2290 comprobatio,seu
2642 2222 2811 2293 magis
2835 2224 3052 2294 pr0prie
3080 2222 3266 2282 dicere
3289 2231 3669 2285 commutatio.

2103 2308 2340 2380 Spiritus
2362 2321 2543 2368 autem
2565 2315 2847 2382 sapientiae
2866 2323 2950 2369 est
2975 2314 3226 2372 reductio
3251 2327 3308 2372 et
3353 2321 3671 2389 conjunctio

2101 2400 2430 2471 spiritalium
2462 2403 2737 2457 rationum
2781 2405 2924 2460 circa
2969 2408 3225 2462 mandata
3273 2409 3342 2464 ad
3392 2412 3669 2484 (primam)

2102 2505 2342 2549 causam.
2377 2512 2398 2546 ι

2174 2584 2781 2645 Irrationabilissimum
2816 2590 2981 2661 igitur
3010 2601 3115 2657 est,
3144 2594 3417 2650 actionem
3451 2598 3675 2651 manda-

2101 2686 2307 2745 torum,
2334 2688 2390 2735 et
2420 2681 2781 2736 mutationem
2816 2683 3114 2748 rationum,
3148 2700 3272 2755 quae
3298 2695 3427 2741 sunt
3454 2689 3511 2741 in
3542 2688 3675 2743 acti-

2100 2770 2206 2825 bus
2226 2772 2517 2839 virtutum,
2543 2781 2600 2828 et
2622 2773 2688 2828 ad
2711 2773 2943 2829 honesta
2970 2786 3279 2846 promptam
3311 2777 3672 2843 alacritatem,

2100 2872 2157 2919 et
2185 2871 2419 2929 motum,
2449 2872 2505 2920 et
2555 2865 2611 2919 in
2644 2880 2858 2922 summa
2885 2882 3104 2923 omnem
3140 2869 3463 2938 potentiam,
3495 2879 3550 2924 et
3576 2870 3673 2925 ha-

2103 2953 2301 3021 bitum,
2329 2963 2385 3010 et
2437 2957 2838 3028 perfectionem
2870 2958 3095 3014 humani
3127 2960 3295 3015 animi
3339 2960 3584 3017 incrcata
3618 2962 3670 3015 in

2101 3045 2212 3101 Deo
2251 3046 2437 3102 dicere
2487 3062 2631 3103 esse.
2672 3048 2755 3103 Ex
2788 3063 2899 3119 quo
2945 3058 3146 3119 praeter
3199 3049 3368 3103 multa
3413 3049 3671 3115 absurda,

2102 3151 2224 3205 quae
2282 3147 2613 3207 sequuntur,
2654 3137 2788 3191 illud
2829 3137 2995 3191 etiam
3041 3135 3346 3193 clarissime
3391 3145 3671 3207 sequetur,

422 3199 700 3317 ἐξιστήμῃ
734 3203 828 3256 καὶ
876 3202 1023 3274 ἰσχύϊ
1050 3205 1141 3258 τὸν
1176 3205 1310 3260 Θεὸν
1343 3209 1573 3263 δυνατόν
1594 3228 1655 3262 τε
1693 3213 1790 3267 καὶ
1831 3215 1995 3284 σοφὸν

422 3306 443 3317 ρ
475 3308 558 3317 ..-.
587 3292 678 3317 ..-ι
713 3292 858 3317 .r...1r-
908 3293 1011 3317 υιι
1045 3297 1158 3317 ι--ι
1186 3290 1254 3317 zu
1423 3299 1441 3317 ς
1524 3300 1537 3317 ρ
1766 3305 1778 3317 .
1856 3306 1868 3317 .
1950 3309 1962 3317 .

2102 3199 2292 3278 eadem
2324 3199 2659 3295 cognitione,
2687 3240 2753 3281 ac
2777 3227 3027 3291 scientia,
3056 3236 3111 3281 et
3140 3226 3464 3282 fortitudine
3498 3228 3677 3289 Deum

422 3283 562 3342 εἶναι
587 3284 685 3346 καῖ
713 3292 880 3362 ἡμᾶς.
906 3293 1020 3349 Καὶ
1042 3297 1164 3350 ἐπεὶ
1181 3290 1255 3351 ὧν
1281 3300 1340 3351 αἱ
1360 3299 1702 3371 τελειότητες
1726 3305 1781 3356 αἱ
1812 3283 1995 3372 αὑταὶ,

2099 3332 2220 3373 esse
2258 3326 2561 3389 patentem,
2600 3334 2665 3374 ac
2695 3318 3000 3390 sapientem
3036 3328 3093 3374 et
3141 3335 3262 3375 nos.
3312 3320 3382 3375 Et
3410 3321 3670 3390 quoniam

422 3384 518 3435 καὶ
555 3383 585 3454 ἡ
623 3384 847 3457 οὐσίαή
889 3387 1048 3459 αὐτὴ,
1099 3388 1313 3445 ἔσονται
1352 3393 1446 3446 καὶ
1498 3395 1546 3448 οἱ
1597 3395 1876 3465 ἄνθρωποι
1918 3395 1998 3466 τῷ

422 3472 544 3544 Θεῴ
595 3474 720 3528 κατ’
751 3478 943 3533 οὐσίαν
998 3481 1049 3532 οἱ
1114 3481 1272 3535 αὐτοὶ
1328 3484 1423 3537 καὶ
1484 3485 1763 3559 ὁμοούσιοι
1820 3487 1994 3558 αὐτῷ.

421 3564 594 3621 Τοῦτο
648 3569 750 3637 μὲν
805 3568 898 3623 οὖν
944 3571 1020 3634 ὡς
1073 3572 1268 3640 ἄλογον
1316 3576 1595 3642 παντελῶς
1642 3578 1995 3651 ἀπερῤίφθω.

435 3658 556 3713 Ἐπὶ
584 3661 641 3714 δὲ
671 3661 732 3714 τὸ
759 3661 1125 3735 προκείμενον
1160 3666 1319 3720 ἰτέον.

501 3840 622 3897 Ἔτι
671 3845 730 3897 ὲν
763 3847 876 3909 τοῖς
911 3847 1250 3917 Πρακτικοῖς
1294 3849 1393 3920 τῆς
1425 3852 1482 3903 ὲν
1526 3852 1736 3925 Νικαίᾳ
1773 3854 2001 3926 πρώτης

426 3936 662 4003 συνόδου,
698 3940 756 3992 ἐν
785 3934 865 4002 οἷς
890 3934 1041 3994 εἷπον
1088 3944 1138 3996 οἱ
1192 3943 1431 4014 Πατέρες
1478 3945 1618 4017 πρὸς
1656 3945 1750 4000 τὸν
1781 3946 1998 4014 φιλόσοο

425 4046 524 4096 φον
583 4030 672 4085 διὰ
738 4031 832 4085 τοῦ
891 4035 1194 4089 ἐπισκόπου
1235 4036 1537 4099 Λεοντίου,
1595 4055 1614 4090 ι
1655 4038 1885 4108 Εἴρηται
1928 4040 1997 4117 *τὸ

427 4117 650 4182 Πθεῦμα
690 4121 1146 4190 ἐκπορευόμενον·
1161 4124 1263 4193 μὲν
1300 4126 1365 4177 ὲκ
1389 4125 1484 4177 τοῦ
1514 4125 1746 4195 Πατρδς,
1780 4126 1912 4185 ἴδιον
1938 4128 1995 4181 δὲ

425 4206 514 4259 τοῦ
549 4208 704 4272 Υἰοῦ,
746 4210 840 4263 καὶ
869 4208 929 4275 ἐξ
959 4212 1124 4265 αὑτοῦ
1157 4213 1485 4277 ἀναϐλύζον.
1518 4233 1538 4266 ›

497 4300 669 4355 Ἔτιό
693 4301 863 4371 μέγας
905 4302 1222 4367 Ἀθανάσιος
1254 4304 1417 4374 ἐνδτῷ
1442 4307 1570 4376 περὶ
1600 4307 1697 4379 τῆς
1726 4308 1994 4381 ὲνσάρκου
2042 4356 2048 4361 .

422 4394 734 4463 οἰκονομίας
782 4393 877 4449 τοῦ
927 4395 1062 4449 Θεοῦ
1099 4396 1278 4469 Λόγῳ,
1302 4391 1363 4452 οὗ
1392 4400 1423 4471 ἡ
1455 4399 1619 4470 ἀρχὴ,
1661 4403 1726 4454 Οἱ
1754 4401 1997 4455 κακοτέ-

422 4503 580 4554 χνως
618 4485 724 4554 τὰς
774 4489 939 4555 θείας
978 4488 1222 4558 Γραφὰς
1254 4490 1625 4562 βουλόμενοι
1668 4493 1856 4559 νοεῖν,
1891 4512 1998 4568 φη-
2041 4516 2061 4537 ι

2100 3423 2335 3476 quorum
2378 3407 2744 3478 perfectiones
2790 3416 2922 3463 sunt
2969 3407 3198 3476 eaedem,
3244 3410 3437 3464 eadem
3466 3404 3570 3467 'cst
3618 3418 3675 3486 et

2099 3500 2362 3565 essentia,
2399 3509 2566 3554 erunt
2596 3499 2853 3556 homines
2887 3500 3195 3556 secundum
3256 3499 3553 3557 essentiam
3599 3501 3673 3555 ii-

2099 3589 2223 3646 dem
2257 3605 2382 3645 cum
2418 3590 2552 3659 Deo,
2581 3598 2637 3646 et
2668 3591 3169 3647 consubstantiales
3199 3591 3326 3660 ipsi.
3358 3590 3474 3646 Hoc
3505 3590 3677 3661 igitur

2101 3690 2359 3750 tanquam
2390 3680 2704 3737 irrationale
2743 3680 2964 3753 penitus
2992 3680 3309 3753 abjiciatur.
3343 3681 3425 3736 Ad
3475 3695 3675 3751 propo-

2099 3771 2265 3837 situm
2301 3782 2484 3825 autem
2521 3771 2865 3825 redeundum
2892 3779 2997 3827 est.

2170 3864 2440 3918 Praeterea
2472 3863 2526 3916 in
2568 3862 2782 3917 actibus
2809 3861 2998 3931 prima).
3025 3860 3260 3917 Nicaeus».
3287 3862 3503 3933 synodi,
3523 3862 3579 3916 in
3605 3862 3676 3917 iis

2097 3969 2220 4024 qua:
2288 3953 2689 4023 responderunt
2715 3952 2928 4022 ‘Patres
2998 3951 3068 4006 ad
3120 3951 3510 4022 philosOphum
3575 3969 3674 4022 per

2097 4043 2390 4111 Leontium
2421 4046 2766 4114 episcopum,
2791 4045 2972 4101 dictus
2995 4054 3080 4100 est
3108 4042 3346 4115 Spiritus
3368 4046 3675 4115 procedens

2097 4137 2320 4208 quidem
2363 4153 2427 4192 ex
2461 4137 2644 4206 Patre,
2692 4139 2951 4208 proprius
2974 4145 3159 4194 autem
3196 4137 3342 4203 Filii,
3372 4146 3428 4192 et
3456 4137 3525 4194 ab
3553 4138 3673 4209 ipso

2097 4244 2384 4286 emanans.

2169 4322 2442 4378 Praeterea
2497 4337 2732 4392 magnus
2776 4321 3146 4387 Athanasius,
3193 4320 3248 4376 in
3300 4319 3551 4377 oratione
3608 4321 3673 4376 de

2097 4412 2476 4469 incarnatione
2507 4413 2672 4470 Verbi
2723 4411 2859 4480 Dei,
2893 4413 3051 4485 cujus
3100 4410 3321 4467 initium
3350 4427 3367 4467 :
3402 4409 3507 4475 Qui
3550 4427 3672 4479 per-

2097 4522 2243 4562 uerse
2285 4507 2494 4561 divinas
2534 4504 2840 4574 Scripturas
2903 4503 3199 4575 intelligere
3257 4503 3479 4568 uolunt,
3554 4505 3671 4560 ait:

424 4580 530 4644 σὶν,
568 4597 595 4631 ιι
628 4580 805 4645 Αὐτὸς
862 4581 993 4635 αὐτὸ
1045 4580 1253 4636 ἄνωθεν
1310 4581 1559 4653 ἔπεμπεν
1604 4584 1678 4648 ὡς
1712 4585 1864 4669 Θεὸς,
1900 4588 1999 4643 καὶ

2105 4617 2125 4650 ι
2163 4598 2284 4669 Ipse
2355 4599 2535 4669 ipsum
2586 4597 2918 4668 (Spiritum)
2970 4610 3206 4665 superne
3253 4595 3562 4660 emittebat,
3616 4606 3675 4651 ut

419 4672 585 4736 αὐτὸς
635 4674 766 4727 αὐτὸ
799 4674 1044 4729 κάτωθεν
1089 4674 1379 4746 ὑπεδέχετο
1430 4674 1505 4738 ὡς
1552 4675 1863 4749 ἄνθρωπος.
1907 4679 1996 4746 Ἐξ

419 4765 586 4818 αὑτοῦ
615 4763 708 4818 οὖν
738 4768 817 4827 εἰς
847 4767 1011 4821 αὑτὸν
1045 4769 1266 4840 κατῄει,
1311 4773 1376 4824 ὲκ
1402 4771 1502 4840 τῆς
1545 4771 1801 4844 θεότητος
1830 4773 1995 4827 αὐτοῦ

420 4861 499 4922 εἰς
532 4859 632 4929 τὴν
660 4858 1058 4932 ἁνθρωπῦτητα
1094 4861 1282 4915 αὑτοῦ.
1320 4882 1338 4915 ι

494 4947 619 5001 Ἔτι
652 4948 680 4999 ὁ
710 4947 852 5010 θεῖος
883 4948 1270 5020 Χρυσόστομος
1301 4950 1361 5004 ὲν
1388 4952 1465 5021 τῷ
1494 4951 1640 5021 λόγῳ
1674 4952 1752 5020 τῷ
1787 4954 1866 5017 εἱς
1895 4956 1997 5024 τὴν

422 5038 840 5109 ὲνανθρώπησιν
893 5038 989 5092 τοῦ
1029 5038 1237 5110 Κυρίου
1276 5042 1435 5113 ήμῶν
1498 5042 1673 5113 Ἰησοῦ
1730 5044 1992 5114 Χριστοῦ,

421 5132 515 5184 καὶ
545 5135 626 5193 εις
651 5132 735 5196 τὸ,
762 5130 1033 5200 Ἑκάστῳ
1050 5133 1287 5203 κλίματι
1317 5135 1791 5203 ἐφειστήκεισαν
1819 5137 1994 5208 ἄγγει

420 5227 539 5291 λοι,
590 5216 653 5277 οὗ
704 5225 737 5295 ἠ
778 5224 956 5296 ἀρχὴ,
1008 5223 1236 5292 Ὄντως
1283 5226 1556 5296 ἐπεφάνη
1593 5227 1739 5299 ἡμῖν
1798 5229 1836 5296 ὴ
1890 5230 1996 5285 τοῦ

422 5317 572 5371 Θεοῦ
600 5315 794 5387 χάρις,
827 5317 1013 5386 φησὶν,
1052 5342 1070 5370 ι
1108 5316 1312 5372 Ἦλθεν
1334 5321 1362 5372 ὁ
1388 5319 1626 5389 Χριστὸς
1658 5319 1794 5390 πρὸς
1824 5323 1993 5390 ἡμᾶς,

425 5408 623 5461 ἔδωκεν
651 5411 784 5481 ἡμῖν
810 5409 873 5462 τὸ
920 5408 980 5476 ἐξ
1004 5408 1174 5464 αὑτοῦ
1203 5409 1450 5481 Πνεῦμα,
1481 5411 1577 5465 καὶ
1611 5411 1905 5466 ἀνελάϐετο
1936 5415 1996 5466 τὸ

423 5500 694 5571 ἡμέτερον
721 5500 901 5571 σῶμα.
944 5521 962 5553 ι
1466 5532 1499 5559 ο

496 5594 617 5648 Ἔτι
659 5596 688 5647 ὁ
754 5596 911 5666 ἆγιος
969 5596 1323 5659 Ἀναστάσιος
1380 5595 1731 5668 πατριάρχης
1793 5602 1997 5653 Ἀντιο·

423 5684 574 5753 χεξας
606 5688 663 5739 ὲν
705 5686 782 5757 τῷ
810 5687 946 5755 περὶ
980 5687 1098 5741 τῶν
1139 5687 1269 5742 καθ’
1311 5686 1470 5758 ἡμᾶς
1504 5689 1695 5757 ὀρθῶν·
1723 5686 1834 5757 τῆς
1871 5689 1994 5743 Ἐκι

423 5773 687 5843 πλησίας
738 5774 1067 5847 δογμάτων,
1124 5771 1184 5832 οὗ
1232 5780 1264 5848 ἡ
1320 5779 1483 5851 ἁρχὴ,
1533 5780 1641 5833 τὸν
1699 5781 1829 5848 περὶ
1887 5780 1996 5849 τῆς

426 5865 633 5935 ὑγιοῦς
669 5867 835 5937 ἡμῶν
864 5871 1126 5935 πίστεως
1155 5874 1361 5941 λόγον,
1395 5870 1557 5942 φησιν
1597 5892 1613 5924 ι
1663 5872 1766 5924 Τοῦ
1802 5873 1856 5928 δὲ
1894 5873 1996 5926 σώ-

2096 4689 2262 4755 Deus,
2309 4696 2365 4743 et
2412 4686 2529 4757 ipse
2562 4686 2739 4756 ipsum
2774 4685 2987 4741 inferne
3018 4684 3321 4755 recipiebat
3359 4694 3417 4740 ut
3460 4685 3669 4751 homo;

2096 4797 2164 4836 ex
2196 4782 2315 4851 ipso
2349 4779 2515 4850 igitur
2546 4780 2600 4833 in
2640 4778 2817 4848 ipsum
2847 4775 3243 4841 descendebat,
3283 4790 3351 4831 ex
3381 4774 3672 4832 divinitate

2097 4874 2271 4944 ipsius
2302 4872 2371 4928 ad
2404 4873 2524 4943 ejus
2555 4871 2977 4937 humanitatem.
3017 4889 3051 4923 ι

2168 4967 2443 5021 Pmterea
2473 4963 2925 5035 ChrysOs-totnus,
2957 4962 3210 5018 oratione
3242 4962 3295 5016 in
3327 4962 3677 5018 humanatio—

2099 5073 2223 5113 nem
2251 5057 2467 5112 Domini
2500 5056 2673 5110 nostri
2712 5053 2841 5109 .icsu
2868 5054 3099 5117 Christi,
3121 5062 3181 5111 et
3210 5053 3362 5122 Quod
3392 5056 3675 5126 unituique

2097 5149 2302 5203 elimati
2324 5149 2548 5219 prasini
2578 5147 2776 5217 angeli,
2801 5147 2961 5217 cujus
2991 5146 3209 5202 initium
3240 5163 3253 5198 :
3283 5145 3478 5201 Revera
3503 5165 3677 5218 appa—

2098 5242 2208 5295 ruit
2252 5241 2344 5295 Dei
2370 5241 2547 5311 grazia
2582 5256 2600 5294 :
2650 5258 2668 5291 ι
2709 5239 2890 5302 Venit,
2934 5238 3132 5309 inquit,
3162 5237 3422 5294 Christus
3447 5238 3514 5293 ad
3552 5255 3671 5301 nos,

2099 5332 2259 5389 dedit
2280 5332 2438 5386 nobis
2470 5331 2757 5401 Spiritum,
2787 5331 2879 5402 qui
2911 5347 2978 5385 ex
3012 5330 3132 5401 ipso
3160 5339 3267 5398 est,
3305 5339 3469 5402 atque
3494 5346 3674 5387 susce-

2099 5423 2179 5495 pit
2222 5436 2469 5479 nostrum
2504 5438 2725 5495 corpus.
2763 5442 2785 5475 ι

2168 5597 2441 5651 Praeterea
2471 5605 2694 5649 sanctus
2725 5594 3066 5660 Anastasius,
3088 5595 3468 5651 Antiochcnus
3499 5595 3674 5663 patri-

2099 5689 2287 5751 archa,
2326 5687 2379 5739 in
2411 5686 2555 5740 libro
2583 5686 2659 5740 De
2694 5688 2847 5740 rectis
2890 5694 3084 5741 nostris
3111 5686 3381 5758 religionis
3411 5686 3674 5756 dogmati-

2099 5780 2194 5834 bus
2245 5778 2651 5841 ecetesiasticis,
2720 5779 2878 5850 cujus
2940 5778 3198 5834 initium:
3242 5779 3549 5836 Orationem
3612 5780 3673 5832 de

2102 5883 2243 5929 recta
2292 5878 2474 5926 nostra
2518 5869 2645 5939 ﬁde,
2687 5870 2802 5926 ait:
2852 5889 2867 5923 ι
2907 5871 3170 5940 Corporis
3203 5880 3387 5929 autem
3413 5856 3675 5949 proprie-
