4036 6446
407 439 522 507 94Ί
1693 455 2079 519 DEMETRII
2121 459 2437 525 CYDONII
3568 474 3675 540 958

406 572 526 620 tate
556 570 801 634 accepta,
830 564 982 620 velut
1011 568 1285 639 exemplo,
1326 580 1571 628 mutuam
1600 574 1993 632 cohaerentiam

2103 597 2274 649 ματος
2328 582 2387 635 τὸ
2447 583 2645 653 ἰδίωμα
2693 581 2951 648 λαϐόντες
2993 585 3069 648 ὡς
3123 586 3479 658 παράδειγμα
3509 630 3524 654 ,
3570 592 3677 658 τὴν

410 656 730 711 divinorum
778 662 1293 727 repraesentavimus
1325 678 1425 733 per
1453 666 1829 721 membrorum
1862 684 1993 723 ana-

2100 674 2463 746 ἀλληλουχίαν
2490 677 2598 729 τῶν
2632 676 2793 731 θείων
2822 656 3255 750 παρεστήσαμεν
3296 681 3385 734 διὰ
3408 656 3519 750 τῆς
3563 656 3676 735 τῶν

408 749 610 820 iogiam
630 759 688 802 et
718 750 1161 810 similitudinem.
1196 754 1307 811 Hac
1336 759 1481 814 enim
1523 764 1737 817 ratione
1774 771 1831 817 et
1862 761 1991 834 Spi-

2100 767 2284 835 μελῶν
2318 768 2610 833 ἀναλογίας
2657 785 2715 825 τε
2769 769 2866 822 καὶ
2918 769 3192 832 εἰκασίας.
3228 767 3412 842 Ταύτῃ
3440 772 3548 842 γὰρ
3578 773 3677 826 καὶ

410 842 553 896 ritus
595 842 710 897 oris
751 844 899 913 ejus,
932 845 1141 902 scilicet
1176 850 1294 911 Dei.
1325 849 1564 920 Spiritus
1598 865 1823 910 sanctus
1849 856 1992 911 dici-

2100 858 2320 927 Πνεῦμα
2376 861 2650 929 στόματος
2690 859 2882 926 αὐτοῦ,
2937 861 3185 931 δηλονότι
3244 863 3341 917 τοῦ
3401 865 3560 926 Θεοῦ,
3613 865 3676 917 τὸ

411 942 525 997 tur,
561 950 686 990 cum
727 936 800 992 sit
830 952 896 991 os
929 939 1267 1010 unigenitus.
1309 944 1375 997 Et
1404 943 1645 1014 Spiritus
1702 963 1895 1002 rursus
1922 964 1990 1003 ex

2100 946 2323 1016 Πνεῦμα
2358 948 2418 1000 τὸ
2445 949 2603 1015 ἅγιον
2643 948 2884 1017 λέγεται,
2933 949 3201 1017 στόματος
3239 950 3391 1010 ὄντος
3429 950 3523 1003 τοῦ
3555 953 3675 1005 Mo-

412 1026 532 1094 ipso
563 1026 892 1096 procedens,
925 1039 982 1084 et
1011 1031 1213 1087 missus
1257 1051 1366 1089 non
1403 1036 1580 1090 solum
1606 1053 1637 1092 a
1665 1036 1854 1105 Patre,
1894 1041 1988 1093 sed

2100 1041 2372 1108 νογενοῦς.
2403 1041 2516 1094 Καὶ
2557 1040 2783 1111 Πνεῦμα
2808 1041 2971 1096 πάλιν
3004 1043 3063 1108 ἐξ
3091 1041 3258 1095 αὐτοῦ
3298 1044 3677 1114 ἐκπορευόμε-

409 1129 468 1171 et
496 1134 526 1173 a
568 1119 727 1174 Filio.
766 1140 785 1173 ›
822 1122 887 1176 Ει
916 1133 1039 1191 post
1082 1124 1344 1181 nonnulla
1381 1144 1395 1182 :
1444 1148 1463 1179 ι
1503 1128 1778 1186 Caeterum
1805 1132 1990 1185 Domi-

2100 1148 2208 1194 νον,
2240 1132 2330 1191 καὶ
2358 1132 2828 1203 ἀποστελλόμενον
2854 1134 2913 1187 οὐ
2943 1137 3105 1205 μόνον
3134 1136 3288 1204 παρά
3310 1135 3405 1191 τοῦ
3439 1138 3677 1207 Πατρός,

409 1224 519 1265 nus
544 1211 848 1269 ostendens
900 1214 1082 1284 ipsum
1126 1234 1155 1270 a
1188 1232 1248 1271 se
1279 1218 1465 1291 (Filio)
1492 1222 1781 1282 exsistere.
1815 1222 1994 1277 insuf-

413 1299 553 1356 llans
601 1303 910 1373 discipulis,
939 1306 1163 1362 aiebat:
1201 1327 1220 1360 t
1265 1311 1516 1381 Accipite
1564 1312 1829 1382 Spiritum
1862 1330 1989 1369 san-

411 1403 584 1447 ctum.
630 1413 649 1446 ι
682 1395 749 1449 Et
780 1397 942 1466 paulo
975 1409 1136 1468 post:
1176 1419 1197 1451 ι
1222 1401 1436 1455 Etenim
1464 1405 1696 1473 apostoli
1728 1408 1992 1475 rogando,

411 1500 477 1539 ac
516 1486 682 1540 veluti
734 1488 964 1543 Domino
993 1492 1378 1560 supplicando,
1417 1494 1683 1564 Spiritum
1713 1505 1991 1563 sanctum,

412 1588 474 1631 ut
500 1579 772 1648 quispiam
803 1583 1026 1650 dixerit,
1047 1586 1100 1638 in
1127 1600 1222 1640 eos
1245 1587 1550 1642 habitatum
1593 1589 1989 1656 immittebant,

412 1671 509 1738 qui
560 1672 684 1743 ejus
732 1674 975 1730 adventu
1028 1676 1179 1747 digni
1237 1689 1434 1745 erant;
1481 1690 1539 1735 at
1579 1697 1712 1737 vero
1738 1683 1993 1739 Salvator

412 1773 604 1818 noster
631 1780 699 1818 ex
731 1780 810 1832 se,
847 1776 1107 1837 tanquam
1132 1786 1195 1824 ex
1227 1772 1488 1829 thesauro
1518 1776 1781 1845 quodam,
1806 1778 1989 1847 ipsum

2092 1220 2232 1274 ἀλλὰ
2263 1221 2355 1275 καὶ
2379 1223 2531 1301 παρά
2553 1224 2649 1276 τοῦ
2673 1223 2827 1278 Υίοῦ.
2856 1244 2874 1277 ι
2909 1227 3020 1279 Καὶ
3040 1227 3181 1296 μετά
3208 1245 3352 1290 τινα,
3381 1246 3400 1279 t
3433 1228 3542 1280 Kal.
3567 1229 3680 1296 μὴν

2094 1309 2123 1361 6
2160 1309 2367 1379 Κύριος
2404 1311 2621 1374 δεικνὺς
2657 1312 2792 1368 αὐτὸ
2842 1312 2902 1378 ἐξ
2947 1313 3147 1368 ἑαυτοῦ
3180 1315 3471 1385 ὑπάρχειν,
3500 1318 3677 1386 ἐμφυ-

2097 1404 2206 1457 σῶν
2234 1406 2348 1467 τοτς
2380 1405 2653 1474 μαθηταῖς
2684 1405 2860 1473 ἔλεγε,
2895 1424 2914 1458 t
2951 1406 3163 1460 Λάϐετε
3203 1408 3427 1477 Πνεῦμα
3452 1408 3625 1475 ἅγιον.
3650 1427 3669 1459 ι

2096 1498 2207 1550 Καὶ
2241 1497 2361 1564 μετ’
2392 1497 2570 1564 ὀλίγα,
2615 1515 2632 1546 t
2676 1500 2739 1555 Ol
2784 1499 2885 1567 μὲν
2922 1499 3033 1570 γὰρ
3067 1498 3364 1557 ἀπόστολοι
3396 1500 3668 1569 δεόμενοι.

2095 1590 2190 1642 καὶ
2220 1583 2307 1641 οἷα
2335 1588 2577 1660 δεσπότῃ
2604 1589 3003 1654 λιτανεύοντες,
3038 1592 3150 1655 τοῖς
3200 1590 3372 1656 ἀξίοις
3410 1591 3509 1661 τῆς
3544 1592 3674 1651 tau-

2093 1679 2188 1733 τοῦ
2241 1682 2644 1752 ἐπιφοιτήσεωε
2697 1679 3017 1748 είσοίκιζον,
3059 1683 3134 1745 ὡς
3169 1681 3237 1736 ἂν
3296 1683 3442 1739 εἴποι
3474 1698 3577 1747 τις,
3611 1685 3672 1736 τὸ

2093 1773 2318 1842 Πνεῦμα
2357 1774 2417 1828 τὸ
2466 1775 2620 1843 ἆγιον
2672 1792 2685 1803 ·
2727 1778 2755 1828 ό
2805 1775 2863 1828 δὲ
2914 1776 3108 1846 Σωτὴρ
3158 1774 3317 1847 ἡμῶν
3369 1774 3429 1840 ἐξ
3481 1775 3661 1828 ἑαυτοῦ

415 1853 484 1908 iis
503 1856 803 1912 exhibebat
824 1860 920 1929 qui
937 1860 1014 1915 ‘ob
1040 1863 1457 1918 sanctimoniam
1496 1868 1626 1920 vitae
1648 1868 1782 1922 satis
1805 1867 1989 1925 idonei

2100 1864 2169 1928 ὥς
2190 1867 2299 1921 ἀπό
2328 1881 2474 1930 τινος
2510 1866 2788 1937 Θησαυροῦ
2824 1872 3087 1939 παρεῖχεν
3120 1868 3254 1927 αὐτὸ
3290 1870 3404 1931 τοῖς
3432 1868 3520 1923 διὰ
3551 1868 3666 1937 βίου

415 1947 743 2003 evasissent.
784 1969 802 2002 ι
835 1950 895 2004 in
938 1951 1133 2007 eodem
1175 1954 1361 2009 libro:
1402 1975 1421 2007 ‹
1470 1957 1709 2026 Spiritus
1768 1970 1993 2014 sanctus

2100 1956 2451 2029 καθαρότητα
2510 1930 2828 2030 γενομένοις
2890 1930 3120 2023 ἱκανοῖς.
3165 1979 3185 2012 ι
3256 1959 3347 2013 Ἐν
3380 1959 3458 2029 τῷ
3502 1930 3665 2028 αῦτῷ,

413 2039 659 2106 Spiritus
722 2044 838 2096 oris
890 2044 987 2099 Dei
1038 2054 1165 2111 est;
1217 2063 1279 2101 os
1331 2049 1536 2120 quippe
1588 2051 1765 2106 Patris
1823 2052 1993 2106 Filius

2103 2065 2122 2100 t
2163 2047 2236 2100 Τὸ
2272 2047 2495 2117 Πνεῦμα
2534 2050 2594 2102 τὸ
2634 2049 2788 2118 ἆγιον
2838 2048 3067 2119 Πνεῦμα
3113 2049 3381 2120 στόματος
3413 2049 3506 2104 τοῦ
3537 2050 3672 2110 Θεοῦ

310 2162 327 2178 ο
412 2141 519 2189 cst.
559 2150 578 2184 ι
610 2134 824 2190 Rursus
858 2138 911 2190 hi
946 2137 1142 2192 eodem
1172 2153 1186 2191 :
1229 2159 1247 2191 ι
1297 2139 1538 2209 Spiritus
1565 2153 1813 2210 sanctus,
1848 2145 1993 2200 veri-

2100 2141 2461 2211 χρηματίζειο
2505 2141 2681 2208 στόμα
2732 2142 2842 2215 γὰρ
2896 2142 3111 2213 Πατρδς
3155 2145 3185 2197 ὁ
3230 2142 3379 2206 Υἱός,
3426 2161 3445 2194 ι
3507 2144 3677 2199 Πάλιν

417 2227 545 2281 tatis
569 2228 808 2297 Spiritus
829 2241 936 2297 est,
962 2230 1008 2286 is
1031 2242 1215 2287 autem
1246 2249 1276 2288 a
1303 2234 1462 2291 Patre
1492 2237 1767 2311 procedit,
1794 2240 1994 2317 accipit

412 2334 545 2375 vero
574 2336 603 2375 a
640 2319 800 2377 Filio.
837 2343 858 2376 ι

482 2504 711 2575 Magnus
738 2506 1095 2574 Athanasius,
1138 2511 1195 2566 in
1238 2510 1470 2580 epistola
1503 2512 1572 2567 ad
1610 2513 1990 2583 Serapionem.

423 2597 584 2666 cujus
610 2598 826 2652 initium
850 2598 1100 2655 :Littera'
1131 2603 1207 2655 tui
1235 2608 1440 2657 sacrati
1467 2605 1704 2675 nﬂ‘ectus,
1732 2607 1840 2661 ait:
1875 2626 1892 2659 t
1930 2609 1995 2662 Et

414 2686 588 2740 Filius
616 2687 838 2757 quidem
887 2689 1068 2755 inquit
1098 2709 1113 2745 :
1145 2709 1163 2743 t
1190 2690 1324 2757 Quae
1353 2693 1538 2747 audivi
1573 2709 1604 2747 a
1652 2695 1836 2756 Patre,
1876 2696 1994 2751 haec

413 2788 469 2832 rt
496 2779 699 2848 loquor
719 2780 773 2834 in
807 2781 1131 2842 mundum.»
1165 2782 1405 2853 Spiritus
1430 2796 1614 2840 autem
1639 2802 1707 2841 ex
1735 2787 1869 2841 Filio
1901 2803 1993 2843 ac-

413 2869 553 2938 cipit
584 2888 600 2924 :
637 2872 743 2926 «De
769 2888 894 2927 meo
929 2874 1100 2937 enim,
1144 2874 1348 2942 inquit,
1385 2877 1644 2946 accipiet,
1684 2887 1742 2932 et
1778 2893 1997 2933 annun-

421 2964 819 3020 tiabitvobis.»
858 2968 927 3021 Et
962 2982 1169 3022 rursus
1194 2968 1249 3022 in
1276 2969 1468 3025 eadem
1506 2972 1738 3041 epistola
1773 2989 1787 3025 :
1828 2971 1993 3028 tCum

413 3058 562 3112 enim
597 3074 742 3114 unus
776 3060 848 3114 sit
881 3059 1071 3125 Filius,
1111 3049 1296 3114 vivum
1334 3059 1600 3128 Verbum,
1636 3080 1799 3119 unam
1825 3068 1991 3122 etiam

412 3158 631 3218 oportet
659 3165 782 3205 esse
820 3151 1117 3220 perfectam
1151 3160 1207 3205 et
1239 3150 1458 3222 plenam
1486 3154 1991 3223 sanctiﬁcatrieem,

2098 2234 2155 2286 ἐν
2184 2234 2354 2302 αὐτῷ,
2390 2254 2408 2286 t
2458 2234 2533 2287 Τὸ
2563 2229 2787 2304 Πνεῦμα
2830 2234 2893 2287 τὸ
2944 2234 3101 2304 ἆγιον
3148 2234 3409 2305 ἀληθείας
3450 2236 3669 2306 Πνεῦμά

2096 2327 2236 2378 ἐστι.
2270 2324 2444 2379 Τοῦτο
2475 2327 2533 2383 δὲ
2576 2327 2729 2397 παρά
2762 2327 2861 2397 μὲν
2893 2325 2985 2381 τοῦ
3032 2328 3246 2401 Πατρός
3294 2328 3670 2400 ἐκπορεύεται,

2095 2415 2364 2487 λαμϐάνει
2390 2417 2447 2472 δὲ
2477 2418 2627 2490 παρά
2667 2418 2763 2476 τοῦ
2794 2419 2948 2473 Υίοῦ.
2980 2438 2997 2471 ι

2181 2508 2243 2561 '0
2284 2510 2457 2579 μέγας
2502 2509 2825 2575 Ἀοανάσιος
2851 2514 2907 2564 ἐν
2942 2515 3010 2587 τῇ
3045 2512 3178 2583 πρὸς
3205 2513 3529 2583 Σεραπίωνα
3558 2515 3676 2566 ἐπι-

2099 2597 2288 2681 στολῇι
2337 2594 2463 2673 ἦῖή
2512 2601 2681 2673 ἀρχὴν
2714 2600 2794 2657 Τὰ
2829 2602 3144 2673 Τράμματα
3194 2602 3305 2670 τῆς
3353 2603 3474 2668 σῆς
3515 2602 3676 2670 ἱερᾶς

2097 2687 2440 2755 διαθέσεως,
2498 2691 2655 2761 φησὶ,
2720 2693 2859 2747 (Καὶ
2894 2693 2921 2744 ό
2963 2693 3061 2761 μὲν
3123 2692 3251 2756 Υἱὸς
3311 2696 3498 2764 φησὶν,
3526 2712 3546 2745 t
3588 2695 3677 2752 ’Δ

2098 2778 2309 2847 ἥκουσα
2341 2778 2495 2850 παρὰ
2531 2779 2626 2841 τοῦ
2674 2781 2908 2852 Πατρός,
2952 2783 3125 2836 ταῦτα
3166 2783 3260 2845 καὶ
3288 2783 3435 2836 λαλῶ
3479 2785 3557 2845 είς
3583 2784 3678 2843 τὸν

2099 2868 2346 2937 κόσμον
2389 2887 2408 2919 ι
2462 2869 2522 2923 τὸ
2572 2870 2629 2929 δὲ
2679 2871 2903 2947 Πνεῦμα
2942 2873 3008 2924 ἐκ
3052 2872 3146 2926 τοῦ
3193 2872 3325 2926 Υἱνλῦ
3384 2873 3673 2943 λαμϐάνει.

2106 2974 2125 3007 t
2174 2954 2268 3008 Ἐκ
2308 2956 2403 3008 τοῦ
2436 2956 2573 3026 ἐμοῦ
2607 2958 2745 3027 γὰρ,
2773 2961 2932 3029 φησὶ,
2963 2960 3221 3031 λήψεται,
3248 2962 3345 3014 καὶ
3384 2961 3679 3029 ἀναγγελεῖ

2100 3049 2249 3117 ὑμῖν.
2295 3067 2313 3099 ι
2356 3049 2469 3103 Καὶ
2493 3050 2656 3107 πάλιν
2686 3053 2812 3129 ἐντῇ
2852 3053 2988 3122 αὐτῇ
3006 3069 3020 3084 ·
3059 3071 3078 3106 ‹
3101 3052 3250 3115 Ἐνὸς
3274 3053 3384 3125 γάρ
3408 3055 3559 3117 όντος
3580 3052 3680 3107 τοῦ

2101 3142 2235 3196 Υἱοῦ
2269 3141 2363 3194 τοῦ
2396 3140 2599 3204 ζῶντος
2630 3141 2839 3208 Λόγου,
2879 3142 3007 3210 μίαν
3048 3138 3189 3197 εἴναι
3219 3143 3301 3197 δεῖ
3334 3144 3544 3197 τελείαν
3580 3144 3679 3201 καὶ

413 3251 583 3311 atque
608 3240 1062 3298 illuminatricem
1098 3246 1291 3311 vitam,
1322 3245 1677 3303 exsistcutem
1711 3251 1990 3319 operatio-

2104 3236 2284 3306 πλήρη
2312 3236 2411 3305 τὴν
2444 3235 2774 3313 ἁγιαστικὴν
2808 3236 2902 3293 καὶ
2934 3235 3274 3306 φωτιστικὴν
3308 3235 3474 3306 ζωὴν,
3510 3234 3681 3289 οὖσαν

416 3348 544 3387 ιιετιι
576 3335 714 3404 ejus,
749 3346 913 3403 atque
946 3336 1317 3407 largitionem,
1378 3354 1502 3407 qua:
1553 3356 1685 3395 sane
1731 3357 1796 3396 ex
1834 3342 1996 3399 Patre

411 3419 616 3473 dicitur
643 3421 942 3489 procedere
966 3439 981 3487 ;
1011 3425 1269 3494 quoniam
1300 3441 1365 3480 ex
1386 3425 1590 3494 Verbo,
1610 3430 1756 3497 quod
1784 3445 1905 3484 esse
1927 3445 1997 3485 ex

413 3511 574 3565 Patre
604 3520 837 3575 constat,
860 3512 1065 3579 elucet,
1088 3515 1459 3587 mittiturque,
1487 3533 1553 3573 ac
1576 3518 1759 3573 datur.
1792 3519 1993 3587 ildcm,

415 3603 469 3655 iu
501 3604 753 3657 oratione
787 3603 949 3658 tertia
1004 3615 1198 3661 contra
1227 3608 1465 3664 Arianos
1494 3628 1507 3663 :
1550 3629 1569 3661 t
1604 3610 1722 3665 Non
1756 3609 1994 3679 Spiritus

414 3693 707 3764 conjungit
732 3694 976 3749 Verbum
1005 3712 1129 3751 cum
1160 3697 1323 3755 Patre
1343 3740 1359 3768 ,
1413 3699 1508 3756 sed
1542 3703 1727 3770 potius
1756 3698 1997 3772 Spiritus

415 3786 577 3842 ismd‘
597 3801 628 3840 a
658 3786 838 3842 Verbo
870 3788 1090 3867 accipit.
1138 3811 1159 3844 ο

486 3962 723 4020 Sanctus
747 3964 987 4037 Cyrillus
1038 3967 1092 4021 in
1155 3966 1293 4021 illud
1324 3987 1337 4022 :
1370 3965 1474 4022 Ιίίε
1505 3982 1588 4021 me
1622 3965 1948 4035 rlariﬁcabit
1976 3987 1989 4021 :

421 4059 625 4133 tlgitur
651 4060 878 4113 omnino
902 4059 1394 4129 irreprehensiblle
1449 4068 1555 4129 est,
1616 4071 1782 4131 atque
1839 4072 1995 4116 extra

413 4166 582 4206 omne
612 4151 950 4216 convictum,
987 4150 1035 4205 si
1067 4149 1286 4205 dicatur
1321 4149 1562 4221 Spiritus
1606 4152 1725 4223 ejus
1786 4153 1992 4224 aliquid

420 4245 672 4315 accipere
708 4244 777 4299 ab
792 4244 1113 4316 Unigenito.
1181 4242 1399 4299 Etenim
1436 4260 1536 4314 per
1558 4245 1737 4316 ipsum
1770 4257 1993 4301 natura-

418 4342 544 4397 liter
576 4336 902 4409 procedens,
937 4345 997 4391 ut
1027 4335 1290 4406 proprius
1320 4335 1495 4405 ipsius
1539 4352 1649 4392 una
1709 4353 1835 4393 cum
1882 4353 1999 4393 om-

414 4432 602 4494 nibus,
629 4443 752 4498 quae
784 4427 971 4491 habet,
1028 4426 1273 4497 perfecte
1311 4429 1565 4497 accipere
1618 4429 1825 4486 dicitur
1875 4447 1998 4501 qua:

414 4536 543 4580 sunt
586 4525 761 4595 ejus.)
817 4522 966 4575 ldem
1022 4521 1074 4573 in
1116 4520 1311 4590 quinto
1358 4521 1516 4594 libro
1566 4523 1636 4577 ad
1665 4522 1941 4578 Hermiam
1973 4540 1992 4578 :

2100 3330 2384 3399 ἐνέργειαν
2419 3327 2581 3380 αὐτοῦ
2638 3310 2743 3380 καῖ
2767 3327 2998 3397 δωρεὰν,
3052 3327 3177 3406 ητις
3231 3345 3295 3396 γε
3350 3331 3413 3382 ἐκ
3463 3328 3679 3400 Πατρδς

2099 3418 2320 3487 λέγεται
2345 3416 2747 3488 ἐκπορεύεσθαι
2768 3431 2783 3446 ·
2828 3415 3019 3487 ἐπειδὴ
3069 3416 3222 3484 παρά
3248 3414 3341 3471 τοῦ
3378 3414 3551 3482 Λόγου
3579 3414 3679 3467 τοῦ

2100 3512 2165 3563 ἐκ
2218 3509 2430 3578 Πατρδς
2464 3507 2901 3578 ὁμολογουμένου
2935 3506 3234 3578 ἐκλάμπει,
3270 3508 3365 3570 κα).
3401 3505 3677 3568 ἀποστέλ-

2100 3602 2276 3663 λεται,
2307 3600 2404 3653 καὶ
2433 3599 2653 3653 δίδοται.
2690 3617 2709 3649 ι
2759 3598 2820 3651 Ὀ
2867 3599 3030 3661 αὐτὸς
3065 3601 3124 3652 ἐν
3153 3598 3230 3669 τῷ
3280 3598 3424 3661 κατά
3461 3597 3682 3668 ’Δρεια-

2102 3694 2209 3747 νῶν
2244 3694 2438 3764 τρίτῳ,
2478 3714 2495 3745 t
2536 3692 2609 3746 Οὐ
2644 3692 2704 3745 τὺ
2736 3690 2960 3759 Πνεῦμα
2997 3674 3259 3745 συνάπτει
3290 3691 3382 3744 τὸν
3406 3689 3565 3758 λόγον
3596 3689 3683 3761 τῷ

2102 3787 2276 3854 Πατρὶ
2303 3825 2319 3849 ,
2372 3785 2509 3838 ἀλλά
2547 3784 2747 3854 μᾶλλον
2802 3784 2864 3837 τὸ
2908 3782 3135 3852 Πνεῦμα
3172 3783 3323 3861 παρὰ
3357 3782 3447 3836 τοῦ
3491 3781 3673 3851 Λόγου

2101 3876 2259 3931 τοῦτο
2284 3877 2351 3929 λα
2359 3875 2573 3945 μσάνει.
2607 3893 2627 3927 ι

2184 3965 2245 4021 Ὃ
2283 3968 2425 4030 θεῖος
2460 3966 2728 4039 Κύριλλος
2766 3968 2847 4030 εἱς
2873 3967 2956 4034 τὸ,
2976 3966 3236 4034 Ἐκεῖνος
3262 3965 3368 4038 ἐμὲ
3404 3965 3674 4035 δοξάσει,

2106 4079 2124 4111 t
2149 4061 2591 4131 Ἀκατηγόρητον
2621 4054 2715 4113 οῦν
2740 4059 3044 4125 παντελῶς,
3063 4061 3157 4112 καὶ
3175 4059 3439 4128 λοιδορίας
3458 4058 3677 4127 ἀπάσης

2099 4152 2204 4218 ἔξω
2234 4151 2476 4206 κείσεται
2519 4154 2575 4203 τὸ
2598 4151 2785 4203 λαϐεῖν
2815 4150 3072 4219 λέγεσθαί
3106 4168 3158 4204 τι
3188 4151 3341 4223 παρὰ
3370 4149 3462 4204 τοῦ
3497 4150 3678 4203 Μονο-

2099 4246 2295 4316 γενοῦς
2330 4246 2386 4297 τὸ
2413 4243 2640 4315 Πνεῦμα
2666 4242 2857 4298 αὐτοῦ.
2902 4245 3101 4315 Προῖὸν
3144 4246 3251 4315 γὰρ
3279 4242 3348 4296 δι’
3375 4243 3539 4302 αὐτοῦ
3569 4260 3676 4311 φυ-

2100 4342 2290 4405 σικῶς,
2336 4339 2413 4402 ὠς
2456 4338 2589 4391 ἴδιον
2620 4336 2788 4391 αὐτοῦ
2833 4339 2973 4409 μετά
3024 4338 3243 4395 πάντων
3292 4331 3368 4391 ὧν
3418 4335 3549 4407 ἔχει,
3585 4352 3676 4387 τε-

2097 4432 2256 4491 λείως
2281 4431 2583 4502 λαμϐἀνειν
2612 4430 2832 4501 λέγεται
2853 4431 2923 4483 τὰ
2953 4430 3141 4487 αὑτοῦ.
3169 4450 3188 4481 ι
3236 4430 3295 4485 '0
3323 4431 3484 4501 αὐτὸς
3514 4432 3567 4481 ἐν
3594 4427 3677 4497 τῷ

2099 4525 2142 4577 ε’
2169 4525 2277 4578 τῶν
2305 4524 2456 4592 πρὸς
2492 4521 2795 4593 Ἑρμείαν,
2839 4540 2857 4572 t
2900 4521 2972 4573 Τὸ
3006 4520 3229 4592 Πνεῦμα
3253 4523 3315 4575 τὸ
3351 4521 3672 4589 ἀγιονοίον-

420 4615 692 4684 «Spiritus
718 4624 965 4676 sanctus,
996 4612 1153 4682 quasi
1186 4612 1438 4682 quaedam
1469 4614 1735 4668 naturalis
1754 4615 1993 4684 qualitas

2100 4613 2148 4664 εί
2201 4627 2286 4674 τις
2344 4610 2552 4680 φυσικὴ
2608 4609 2836 4679 ποιότης
2883 4608 2985 4678 τῆς
3027 4609 3191 4676 ἁγίας
3238 4626 3294 4662 τε
3347 4610 3469 4663 κα).¹
3509 4609 3675 4677 coci};

416 4718 503 4761 est
528 4717 733 4760 sancta:
788 4712 846 4759 ct
899 4703 1164 4774 sapientis
1192 4703 1441 4767 Deitatis,
1497 4719 1620 4773 qua:
1666 4704 1719 4758 in
1748 4705 1908 4759 Patre
1937 4713 1996 4761 et

353 4777 364 4787 ’
420 4799 561 4853 Filio
618 4795 1022 4850 consideratur.
1064 4814 1082 4846 ι
1113 4794 1261 4850 ldem
1303 4795 1358 4849 in
1401 4796 1556 4851 libris
1593 4795 1661 4850 ad
1692 4796 1993 4852 eumdem:

423 4912 438 4940 ε
469 4890 710 4960 Spiritus
740 4899 964 4942 sanctus
994 4889 1142 4942 velut
1172 4889 1418 4959 operatio
1447 4888 1694 4957 quaedam
1728 4889 1998 4945 naturalis

415 4993 471 5035 et
507 4982 650 5042 viva,
682 4988 868 5048 atque.
909 4989 967 5034 ut
1004 4981 1075 5034 ita
1102 4979 1306 5047 dicam,
1333 4982 1572 5053 qualitas
1604 4981 1834 5037 Deitatis
1868 4982 1994 5036 Filii

416 5083 521 5134 cst,
556 5081 612 5125 et
647 5080 906 5139 tanquam
939 5071 1160 5140 quidem
1214 5088 1407 5143 vapor,
1473 5089 1571 5129 seu
1627 5076 1865 5145 qualitas
1910 5086 1997 5132 est

416 5176 446 5217 ε
466 5163 739 5217 abstantia:
768 5162 972 5218 Patris.
1000 5188 1019 5216 ι
1044 5165 1190 5219 Idem
1227 5165 1277 5219 in
1315 5165 1488 5221 illud:
1520 5166 1639 5222 Non
1660 5170 1799 5221 enim
1818 5168 1997 5238 loque-

418 5266 505 5309 tur
536 5274 568 5309 a
594 5256 908 5324 semetipso:
947 5256 1094 5311 «Non
1129 5259 1276 5312 enim
1312 5259 1555 5329 Spiritus
1584 5269 1810 5316 sanctus
1861 5262 1995 5315 alie-

380 5387 395 5395 -
420 5364 524 5405 nus
554 5349 878 5421 intelligitur
939 5368 969 5407 a
1008 5352 1313 5407 substantia
1352 5352 1633 5424 Unigeniti
1658 5395 1674 5418 ,
1741 5355 1996 5427 procedit

418 5454 602 5498 autem
635 5444 961 5500 naturaliter
1005 5460 1069 5499 ex
1092 5447 1229 5515 ipsa.
1252 5445 1400 5499 Nihil
1418 5445 1565 5500 aliud
1592 5455 1790 5514 praeter
1813 5446 1992 5517 ipsum

420 5533 823 5605 (Unigcnilum)
848 5537 1119 5593 exsistens
1149 5545 1419 5607 quantum
1448 5547 1663 5606 spectat
1687 5537 1754 5592 ad
1787 5537 1994 5593 identi.

374 5624 379 5629 ’
418 5633 582 5679 tatem
617 5633 859 5695 naturze;
923 5628 1173 5699 quamvis
1231 5631 1396 5684 etiam
1434 5628 1776 5701 intelligatur
1807 5646 1905 5700 per
1932 5645 1992 5689 se

418 5716 744 5774 subsistens.
762 5737 780 5771 ι

491 5805 728 5866 Sanctus
760 5812 1107 5883 Epiphanius
1141 5817 1194 5870 in
1221 5815 1487 5869 Ancoralo
1514 5815 1591 5868 ait
1629 5833 1642 5869 :
1687 5833 1704 5865 t
1751 5814 1994 5884 Spiritus

417 5895 1016 5976 incomprehensibilis,
1075 5925 1184 5965 non
1239 5909 1451 5964 alienus
1486 5925 1512 5963 a
1540 5908 1701 5964 Patre
1731 5917 1785 5965 ct
1828 5908 1990 5976 Filio,

2107 4703 2359 4773 θεότητός
2386 4705 2525 4766 ἐστι,
2560 4702 2661 4773 τῆς
2690 4704 2750 4755 ἐν
2791 4704 2965 4772 [Ιατρὶ
3009 4703 3102 4755 καὶ
3149 4701 3265 4771 Υἱῷ
3294 4702 3606 4771 ωουμένης.
3647 4718 3664 4751 ι

2115 4798 2177 4851 '0
2211 4797 2373 4859 αὐτὸς
2423 4796 2481 4848 ἐν
2528 4798 2640 4858 τοῖς
2684 4795 2821 4865 πρὸς
2861 4794 3143 4865 Ἑρμείαν,
3181 4812 3200 4845 t
3237 4795 3310 4847 Τὸ
3361 4794 3584 4862 Πνεῦμα
3618 4794 3670 4845 τὸ

2105 4891 2262 4957 ἆγιον
2288 4888 2365 4952 ὡς
2396 4889 2651 4959 ἐνέργειά
2679 4904 2763 4953 τς
2795 4886 3000 4961 φυσικὴ
3029 4890 3119 4939 καὶ
3146 4885 3316 4950 ζῶσα,
3353 4889 3445 4938 xxi
3478 4885 3545 4937 ἵν’
3585 4885 3669 4938 οῦ-

2104 5003 2213 5047 τως
2239 4983 2400 5049 εἴπω,
2436 4982 2655 5051 ποιότης
2692 4984 2792 5053 τῆς
2827 4982 3081 5048 θεότητος
3116 4982 3208 5035 τοῦ
3248 4982 3377 5035 Υἰοῦ
3416 4983 3553 5045 ἐστι,
3586 4984 3675 5035 καὶ

2104 5077 2295 5149 ὥσπερ
2327 5095 2412 5141 τις
2459 5078 2626 5145 ἀτμὶς
2683 5076 2716 5147 ἦ
2768 5076 2991 5145 ποιότης
3047 5075 3163 5128 ἐστὶ
3211 5077 3311 5146 τῆς
3365 5076 3553 5139 οὐσίας
3583 5073 3674 5127 τοῦ

2105 5171 2339 5242 Πατρός.
2381 5189 2399 5220 ι
2447 5167 2506 5223 Ὅ
2544 5168 2706 5231 αὐτὸς
2752 5169 2833 5233 εἰς
2879 5169 2961 5232 τὸ,
3011 5171 3093 5223 Οὐ
3145 5168 3255 5235 γὰρ
3289 5167 3675 5245 λαλήσειάρ*

2105 5261 2350 5325 ἑαυτοῦ,
2406 5280 2423 5312 t
2462 5262 2536 5314 Οὐ
2568 5261 2675 5331 γὰρ
2724 5260 3009 5331 ἀλλότριον
3042 5262 3139 5331 τῆς
3185 5260 3280 5313 τοῦ
3342 5260 3675 5333 Μονογενοῦς

2103 5354 2294 5417 οὐσίας
2317 5350 2406 5407 ’τὸ
2462 5351 2616 5419 ἆγιον
2650 5354 2852 5417 νοεῖται
2887 5352 3131 5422 Πνεῦμα.
3175 5353 3402 5425 Πρόεισι
3432 5353 3487 5405 δὲ
3522 5368 3677 5420 φυσι-

2103 5448 2216 5511 κῶς
2270 5447 2328 5512 ἐξ
2375 5447 2568 5516 αὐτῆς,
2604 5445 2758 5499 οὐδὲν
2807 5445 2997 5517 ἕτερον
3050 5445 3185 5515 παρ’
3230 5445 3395 5498 αὑτὸν
3436 5447 3678 5527 ὑπάρχον

2103 5543 2227 5595 ὅσον
2262 5541 2343 5603 εἰς
2368 5532 2678 5610 ταυτότήτα
2707 5538 2946 5609 φύσεως,
2974 5539 3024 5592 εί
3053 5542 3146 5592 καὶ
3182 5540 3353 5599 νοοῖτο
3381 5536 3680 5605 ἰδιοσυστά-

2104 5655 2229 5702 τως.
2249 5652 2269 5697 η

2184 5818 2243 5870 .0
2276 5815 2431 5880 6.7m,-
2495 5813 2813 5882 ~Emtpdtv.o;
2860 5814 2918 5867 ἐν
2970 5814 3046 5881 τῷ
3097 5811 3443 5881 καλουμένῳ
3475 5813 3683 5880 Ἀγκυ,

2099 5906 2264 5985 ρωτῷ
2295 5908 2451 5975 φησὶ,
2492 5926 2509 5959 t
2558 5905 2631 5958 Τὸ
2682 5905 2907 5976 Πνεῦμα
2941 5902 3342 5973 ἀκατάληπτον,
3392 5906 3492 5958 οὐκ
3526 5903 3674 5957 ἁλλός
