4036 6452
406 422 515 483 953

1328 425 1426 484 DE
1465 423 1987 485 PROCESSIONE
2027 427 2392 490 SPIRlTUS
2433 427 2728 491 SANCTL

3549 437 3658 501 954

402 541 499 604 τὴν
551 537 714 604 ἁγίαν
767 537 998 607 Τριάδα,
1047 539 1289 591 τουτέστι
1346 541 1436 592 τὸν
1487 541 1706 611 Πατέρα
1755 542 1847 595 καὶ
1897 541 1968 593 τὸι

2094 543 2334 610 Patrem,
2367 555 2424 599 et
2453 546 2676 613 Filium,
2731 556 2787 602 et
2823 547 3094 619 Spiritum
3149 558 3421 619 sanctum,
3490 571 3657 610 unum

405 631 529 683 Υἰὸν
561 631 657 683 καὶ
681 630 740 682 τὸ
771 628 926 697 ἅγιον
964 631 1208 700 Πνεῦμα,
1241 631 1340 683 ἕνα
1371 631 1504 684 Θεὸν
1542 633 1976 698 παντοδύναμον,

402 722 532 791 μιᾶς
577 720 785 783 οὐσίας,
825 723 954 790 μιᾶς
1002 722 1311 792 ὑπάρξεως,
1367 725 1500 792 μιᾶς
1567 723 1840 788 ἐξουσίας,
1888 724 1980 791 δη-

403 812 667 882 μιουργὸν
697 813 917 868 πάντων
944 815 1052 868 τῶν
1091 815 1430 885 κτισμάτων,
1463 815 1522 879 ἐξ
1561 811 1622 870 οῦ
1668 816 1736 870 τά
1781 807 2005 881 πάντα,’

401 908 427 958 δ
455 903 471 927 ο
539 901 566 923 τ’
653 907 686 959 ὰ
797 907 807 921 ι
851 924 878 938 _
973 907 992 934 ι
1067 898 1094 920 1'
1162 907 1195 959 ὰ
1429 925 1443 939 ⁸
1565 925 1592 936 _
1775 908 1787 923 ν
1964 908 1977 925 ι

435 927 451 959 ι
507 925 569 960 ου
619 925 648 960 τ
740 925 940 972 πανια,
973 924 1157 972 ενῳτ
1233 908 1411 960 πάντα
1477 906 1699 977 Ιιαιέρα
1735 925 1836 960 ουκ
1884 910 1962 976 ἀφ

403 999 616 1067 ἑτέρου,
651 999 781 1051 Υίὸν
822 1001 887 1052 ἐκ
931 998 1024 1050 τοῦ
1080 998 1288 1068 [ἰατρὸς
1334 998 1615 1067 γεννητὸν,
1665 997 1801 1050 Θεὸν
1847 997 1978 1068 άληο

403 1089 547 1142 θινὸν
582 1091 646 1143 ἐκ
698 1072 830 1142 Θεοῦ
875 1089 1158 1159 ἀληθινοῦ,
1193 1089 1307 1157 φῶς
1359 1089 1614 1158 ἀληθινὸν
1685 1090 1749 1140 ἐκ
1801 1087 1978 1156 φωτὸς

400 1181 657 1249 ἀληθινοῦ
688 1195 702 1210 ⁸
741 1181 803 1234 οὐ
841 1180 950 1251 μὴν
976 1179 1070 1234 δύο
1104 1179 1280 1246 φῶτα,
1322 1179 1437 1232 ἀλλ’
1484 1178 1541 1232 ἒν
1582 1179 1718 1249 φῶς,
1753 1179 1977 1248 Πνεῦμα

401 1275 558 1339 ἇγιον
610 1271 761 1341 παρὰ
794 1269 1010 1340 Πατρὸς
1067 1271 1162 1322 καὶ
1192 1269 1322 1324 Υἱοῦ
1371 1269 1570 1338 ἐπίσης
1604 1269 1975 1337 ἐκπορευόμε-

403 1378 512 1424 νον,
549 1361 833 1430 ὁμοιιύσιον
884 1360 979 1412 καὶ
1016 1359 1284 1412 συναῖδιον
1332 1358 1507 1424 Πατρὶ
1553 1357 1647 1409 καὶ
1684 1355 1819 1423 mp.
1863 1355 1974 1408 lla.-

400 1456 504 1524 τὴρ
534 1456 590 1506 ὲν
631 1451 810 1522 ἐαυτῷ
854 1451 1068 1520 πλήρης
1110 1451 1267 1518 Θεὸς,
1299 1450 1424 1513 Υἱὸς
1472 1450 1688 1518 πλήρης
1733 1447 1882 1508 Θεὸς.
1911 1449 1974 1498 ἐκ

399 1545 494 1599 τοῦ
531 1545 743 1615 Πατρὶς
770 1544 1075 1612 γεννηθεὶς,
1107 1539 1334 1608 Πνεῦμα
1383 1541 1541 1609 ἅγιον
1580 1538 1796 1609 πλήρης
1841 1537 1974 1600 Θεὸς

399 1645 550 1712 παρᾶ
582 1641 796 1711 Πατρὸς
839 1640 934 1693 καὶ
965 1638 1095 1691 Υίοῦ
1133 1638 1594 1708 ἐκπορευόμενον.
1631 1637 1705 1688 Οὐ
1736 1637 1888 1704 τρεῖς
1917 1632 1972 1686 δέ

398 1752 578 1804 φαμεν
603 1733 795 1798 Θεοὺς,
819 1733 940 1785 ἀλλ’
964 1731 1059 1784 ἕνα
1091 1730 1224 1784 Θεὸν
1251 1732 1692 1798 παντοκράτορα,
1720 1726 1969 1789 αἰώνιον,

402 1827 664 1895 ἀόρατον,
717 1824 1133 1894 ἀμετάϐλητον,
1181 1822 1301 1876 ὅλον
1355 1821 1632 1889 πανταχοῦ
1696 1817 1970 1887 παρόντα,

2085 637 2257 690 Deum
2324 639 2785 707 omnipotentem,
2858 642 3020 697 unius
3063 643 3387 698 substantiae
3422 688 3436 708 ,
3497 649 3661 704 unius

2081 727 2360 791 essentiae,
2423 731 2589 785 unius
2651 733 2986 800 potestatis,
3047 745 3356 790 creatorem
3411 740 3657 793 omnium

2082 829 2484 886 creaturarum,
2513 838 2543 877 a
2569 837 2679 894 quo
2703 824 2910 888 omnia,
2931 841 3028 894 per
3056 843 3218 896 quem
3237 828 3442 892 omnia,
3469 832 3519 883 in
3549 848 3659 899 quo

2082 913 2288 967 omnia.
2317 912 2534 968 Patrem
2569 931 2598 969 a
2631 917 2956 984 semetipso,
2992 933 3097 970 non
3131 919 3200 972 ab
3225 921 3352 974 alio.
3400 921 3598 976 Ριιίιιιη
3628 940 3656 976 a

2081 1003 2242 1058 Patre
2272 1007 2540 1076 genitum,
2573 1007 2742 1062 Deum
2771 1025 2962 1063 verum
2995 1010 3064 1064 de
3095 1011 3208 1064 Deo
3268 1029 3421 1076 vero,
3473 1015 3654 1068 lumen

2082 1111 2277 1151 verum
2315 1097 2383 1152 de
2411 1098 2622 1154 lumine
2645 1116 2799 1164 vero,
2855 1117 2965 1155 non
3037 1110 3218 1156 tamen
3281 1105 3391 1158 duo
3423 1105 3650 1169 lumina,

2078 1189 2172 1243 sed
2205 1204 2373 1244 unum
2437 1191 2647 1245 lumen.
2699 1192 2968 1261 Spiritum
3025 1204 3274 1248 sanctum
3327 1210 3356 1248 a
3391 1197 3551 1250 Patre
3597 1209 3655 1251 et

2078 1277 2217 1335 Filio
2273 1283 2560 1352 aequaliter
2620 1285 3046 1353 procedentem;
3091 1290 3650 1351 consubstantialem,

2075 1382 2404 1428 coaeteruum
2429 1375 2576 1430 Patri
2608 1388 2663 1430 et
2691 1376 2861 1430 Filio:
2896 1377 3060 1429 Pater
3088 1390 3174 1432 est
3208 1380 3404 1446 plenus
3431 1380 3572 1433 Deus
3599 1379 3652 1432 in

2076 1480 2155 1519 se.
2194 1462 2364 1520 Filius
2386 1476 2471 1520 est
2498 1466 2692 1536 plenus
2725 1468 2869 1520 Deus
2899 1484 2928 1520 a
2953 1468 3113 1522 Patre
3141 1470 3380 1535 genitus.
3414 1471 3654 1539 Spiritus

2076 1566 2302 1612 sanctus
2329 1558 2524 1626 plenus
2552 1559 2701 1614 Deus
2737 1576 2766 1613 a
2798 1553 2958 1616 Patre
3019 1571 3074 1616 et
3127 1561 3269 1616 Filio
3323 1564 3650 1632 procedens.

2075 1649 2194 1704 Non
2255 1660 2434 1705 tamen
2494 1662 2604 1706 tres
2637 1650 2772 1708 deos
2827 1653 3092 1716 dicimus,
3146 1654 3240 1708 sed
3279 1671 3445 1708 unum
3480 1656 3650 1709 Deum

2076 1743 2533 1811 omnipotentem,
2566 1754 2854 1809 aeternum,
2899 1746 3260 1810 invisibilem,
3289 1747 3655 1801 incommuta-

2077 1831 2264 1895 bilem,
2293 1833 2388 1902 qui
2431 1841 2580 1887 totus
2621 1835 2823 1904 ubique
2847 1844 2932 1889 est
2955 1851 3214 1904 prmseus,
3246 1852 3354 1890 non
3391 1854 3490 1906 per
3517 1854 3646 1906 par-

399 1918 499 1969 οὺκ
528 1917 606 1976 εἰς
641 1914 780 1982 μέρη
825 1913 1230 1982 διαιρούμενον,
1269 1912 1382 1964 ἀλλ’
1418 1912 1538 1962 ὅλον
1591 1913 1648 1960 ὲν
1690 1910 1872 1970 πᾶσιν,
1908 1907 1968 1959 οὐ

2080 1933 2161 1976 tes
2189 1923 2421 1983 divisus.
2454 1924 2547 1977 sed
2577 1935 2750 1980 totum
2789 1927 2844 1980 in
2872 1927 3152 1991 omnibus,
3216 1943 3326 1980 non
3379 1928 3649 1993 localiter,

402 2008 664 2069 τοπικῶς,
699 2006 836 2058 άλλά
874 2005 1015 2057 κατὰ
1064 2004 1328 2072 δύναμινο
1384 2002 1441 2065 ὃς
1483 2001 1862 2070 ἀμετάϐλητος
1896 1993 1970 2050 ῶν

401 2099 581 2151 ἔκτισε
622 2097 693 2150 τά
740 2095 1076 2166 μεταϐλητὰ,
1118 2096 1214 2147 καὶ
1245 2094 1312 2147 τὰ
1352 2093 1646 2146 κτισθέντα
1687 2089 1930 2160 κυϐερνᾷ
1955 2104 1969 2120 ο

397 2192 486 2245 ἀεὶ
520 2191 697 2260 μένων
756 2190 894 2257 ὅπερ
933 2187 1077 2240 ἐστίν
1100 2203 1112 2217 ⁸
1152 2181 1197 2254 ᾧ
1225 2185 1573 2257 συμϐεϐηκὸς
1620 2182 1882 2236 ἀδύνατόν
1920 2199 1970 2234 τι

399 2286 652 2352 παρεῖναι
677 2299 691 2313 ⁸
737 2285 803 2352 τῇ
835 2282 944 2350 γὰρ
999 2280 1143 2350 ἁπλῇ
1175 2280 1273 2348 τῆς
1309 2279 1560 2348 θεότητος
1597 2275 1759 2345 φύσει
1797 2292 1969 2345 προσο

397 2375 616 2445 τεθῆναί
682 2392 736 2427 τι
796 2373 829 2445 ἢ
898 2372 1266 2442 ἀφαιρεθῆναι
1327 2373 1651 2440 ἀμήχανον
1701 2369 1788 2422 ἀεὶ
1860 2368 1968 2435 γάρ

401 2471 545 2522 ἐστιν
573 2468 712 2536 ὅπερ
738 2466 887 2518 ἐστίν
910 2482 924 2496 ο
965 2457 1010 2532 ᾧ
1055 2464 1188 2517 ίδιόν
1229 2466 1399 2525 ἐστιν,
1435 2457 1478 2528 ᾧ
1508 2461 1678 2514 ἀΐδιόν
1727 2461 1896 2517 ἐστιν.
1925 2449 1970 2526 ᾧ

399 2559 588 2614 ταυτὸν
617 2560 734 2611 ἐστι
767 2559 828 2610 τὸ
862 2552 1004 2610 εἶναι
1039 2557 1135 2609 καὶ
1173 2555 1272 2625 ζῇν
1324 2555 1419 2611 καὶ
1447 2557 1589 2608 νοεῖν
1610 2566 1625 2582 ⁸
1661 2553 1758 2604 καὶ
1792 2549 1970 2604 ταῦτα

394 2651 462 2704 τά
493 2654 618 2720 τρία
647 2645 727 2713 εἷς
762 2649 915 2713 Θεὸς,
954 2650 1050 2702 καὶ
1088 2641 1167 2709 εἷς
1199 2647 1330 2710 Θεὸς
1365 2645 1544 2699 ταῦτα
1584 2646 1647 2698 τὰ
1683 2644 1834 2712 τρία.
1873 2662 1891 2694 ι

465 2745 547 2799 Τὰ
572 2745 670 2814 μὲν
706 2742 858 2811 παρὰ
888 2742 997 2794 τῶν
1041 2740 1215 2809 ἁγίων
1245 2739 1510 2800 τοσαῦτα,
1541 2738 1638 2790 καὶ
1679 2735 1824 2788 οὕτω
1867 2752 1970 2804 φειδ

393 2839 544 2907 νερὰ,
583 2838 681 2889 καὶ
720 2837 784 2888 ὲκ
817 2834 1028 2888 πολλῶν
1071 2832 1228 2900 ὀλίγα
1272 2828 1672 2897 συνειλεγμένα
1700 2844 1711 2855 ·
1749 2827 1968 2888 πάντως

390 2930 450 2982 δὲ
500 2929 559 2982 οὑ
594 2928 674 2980 δεῖ
720 2927 812 2980 καὶ⁵
857 2925 1022 2994 ἕτερα
1064 2925 1171 2976 τῶν
1211 2921 1390 2976 αὐτῶν
1439 2919 1839 2991 προσεπάγειν,
1872 2915 1967 2986 δηδ

391 3020 584 3075 λοῦντα
614 3020 688 3082 ὡς
720 3019 831 3087 ἄρα
853 3017 913 3070 τὸ
942 3015 1166 3084 Πνεῦμα
1209 3015 1270 3066 τὸ
1302 3014 1459 3082 ἅγιον
1508 3014 1571 3066 ἐκ
1611 3011 1706 3066 τοῦ
1751 3011 1966 3079 Πατρὸς

387 3119 476 3172 διὰ
503 3117 596 3170 τοῦ
633 3115 765 3170 Υἰοῦ
822 3111 1224 3181 ἐκπορεύεσθαί
1275 3126 1428 3178 φασι,
1470 3105 1631 3160 τοῦτο
1674 3105 1774 3174 μὲν
1824 3120 1967 3156 παν-

387 3210 552 3280 δή).ου
608 3209 745 3261 πᾶσι
796 3205 984 3276 σχεδὸν
1037 3201 1272 3272 ταυτησὶ
1321 3200 1422 3268 τῆς
1474 3198 1802 3266 ἀποφάσεως
1854 3196 1965 3250 τῶν

387 3303 728 3358 διδασκάλων
785 3299 979 3368 οὔσης,
1013 3297 1175 3350 τοῦτο
1223 3296 1280 3348 δὲ
1338 3295 1436 3348 καὶ
1492 3292 1601 3346 τῶν
1651 3289 1965 3360 εἰρημένων

392 3399 594 3461 ἱκανῶς
622 3395 938 3466 ἀρκούντων
970 3393 1084 3455 τοῖς
1114 3391 1292 3458 φίλοις
1319 3390 1418 3458 τῆς
1448 3385 1730 3457 ἀληθείας.
1766 3384 1962 3437 Καίτοι

387 3507 454 3559 τε
501 3493 551 3543 εἰ
606 3489 774 3560 μηδὲν
820 3485 1046 3540 ἐκείνων
1076 3482 1284 3554 εἴρητο,
1317 3481 1378 3546 ἐξ
1433 3475 1507 3534 ὧν
1549 3480 1610 3532 τὸ
1664 3478 1818 3546 παρὰ
1865 3475 1962 3530 τοῦ

391 3583 546 3648 Υίοῦ,
581 3583 674 3635 καὶ
706 3583 772 3633 ὲκ
821 3577 918 3631 τοῦ
956 3575 1086 3629 Υίοῦ
1140 3573 1397 3642 καθαρῶς
1450 3572 1544 3624 καὶ
1599 3570 1687 3622 διὰ
1749 3568 1962 3621 πολλῶν

391 3678 606 3745 ἔχομεν,
647 3674 798 3726 τουτὶ
831 3672 928 3724 καὶ
963 3670 1124 3736 μόνον
1157 3666 1344 3738 ῥηθὲν,
1384 3667 1458 3724 ὡς
1514 3664 1573 3715 τὸ
1629 3661 1857 3731 Πνεῦμα
1903 3661 1965 3714 τὸ

389 3768 544 3835 ἅγιον
601 3765 666 3816 ἐκ
720 3761 813 3814 τοῦ
869 3758 1087 3830 [ἰατρὸς
1137 3756 1224 3810 διὰ
1267 3754 1360 3808 τοῦ
1394 3751 1526 3806 Υἱοῦ
1577 3751 1675 3822 τὴν
1728 3749 1963 3820 ὓπαρξιν

388 3859 537 3928 ἔχει,
599 3855 782 3916 αὐτοῖς
836 3869 898 3903 τε
953 3850 1022 3903 ἂν
1074 3851 1187 3912 τοῖς
1244 3845 1592 3907 διδασκάλοις
1651 3842 1964 3913 ἀρκούντως

389 3948 556 4022 εἶχεν,
582 3951 612 4003 ὃ
635 3950 732 4004 καὶ
764 3948 1027 4017 πρότερον
1060 3945 1296 4014 εἴρηται,
1323 3943 1455 4010 περὶ
1482 3938 1582 4008 τῆς
1615 3936 1966 4006 ὑπαρκτικῆς

390 4046 618 4114 προόδου
648 4040 1055 4110 διαλεγομένοις
1100 4035 1196 4090 τοῦ
1242 4033 1475 4102 Πατρὸς,
1510 4033 1620 4094 τοῖς
1648 4047 1706 4082 τε
1739 4027 1966 4097 ζητοῦσι

390 4135 488 4204 τὴν
529 4133 790 4204 ἀλήθειαν
840 4129 995 4182 οὐδὲν
1045 4127 1210 4180 πλέον
1258 4123 1431 4178 ἐνέδει
1455 4141 1468 4154 θ
1507 4121 1542 4190 ἦ
1578 4137 1637 4172 τε
1672 4121 1779 4190 γὰρ
1811 4117 1967 4182 τάξις

393 4226 750 4296 ὁμολογεῖται,
786 4223 912 4275 ὅσον
972 4221 1096 4290 ἥκει
1141 4217 1221 4278 είς
1276 4216 1378 4286 τὴν
1433 4211 1552 4276 διὰ,
1602 4211 1638 4281 ἢ
1705 4227 1764 4263 τε
1815 4209 1967 4262 αἰτία.

395 4317 530 4388 μετὰ
563 4319 661 4385 τῆς
714 4311 1059 4382 ζητουμένης
1107 4307 1306 4372 λέξεως
1361 4304 1463 4373 τῆς
1492 4301 1821 4373 ,δηλωτικῆς
1867 4299 1966 4369 τῆς

393 4408 682 4478 ὑπάρξεως
731 4403 825 4458 τοῦ
860 4401 1181 4470 Πνεῦματος
1223 4397 1455 4468 φανερά.
1482 4395 1556 4449 Οὐ
1607 4395 1716 4462 γὰρ
1749 4392 1882 4445 ἄλλο
1909 4406 1964 4443 τι

390 4499 622 4552 ἐνταῦθα
655 4497 717 4550 τὸ
748 4492 1147 4564 ἐκπορεύεσθαι
1179 4488 1457 4558 ἐμφαίνει,
1482 4487 1514 4555 ἢ
1541 4487 1626 4539 ὅτι
1657 4484 1719 4538 τὸ
1739 4483 1964 4550 Πνεῦμα

2075 2013 2170 2066 sed
2185 2015 2615 2081 $otentialitcr;
2660 2017 2752 2085 qui
2797 2017 2915 2071 sine
2947 2020 3378 2072 commutatione
3410 2017 3493 2072 sui
3527 2035 3652 2073 mu-

2075 2105 2261 2160 tabilia
2290 2107 2522 2170 creavit,
2542 2117 2600 2162 et
2629 2119 2814 2162 creata
2835 2109 3104 2178 gubernat
3131 2127 3146 2174 ;
3180 2125 3402 2176 semper
3425 2125 3654 2163 manens

2072 2196 2217 2264 quod
2264 2208 2384 2260 est;
2442 2197 2532 2252 cui
2592 2198 2726 2252 nihil
2787 2199 3044 2254 accidens
3091 2215 3216 2255 esse
3241 2203 3466 2269 poterit,
3521 2201 3650 2268 quia

2072 2288 2306 2358 sitnplici
2347 2289 2662 2344 Divinitatis
2697 2298 2911 2344 naturae
2947 2291 3085 2344 nihil
3138 2292 3292 2355 addi,
3341 2292 3426 2345 vel
3478 2292 3650 2344 minui

2071 2387 2280 2448 potest;
2313 2381 2442 2449 quia
2473 2395 2690 2449 semper
2722 2389 2827 2447 est,
2863 2382 3012 2451 quod
3039 2390 3161 2447 est;
3215 2382 3304 2436 cui
3365 2382 3650 2450 proprium

2069 2478 2174 2534 est,
2194 2469 2281 2524 cui
2305 2471 2700 2539 sempiternum
2724 2480 2831 2535 est,
2859 2472 2946 2526 cui
2971 2473 3114 2526 idem
3144 2481 3247 2536 est,
3267 2488 3414 2537 esse,
3439 2475 3650 2537 vivere,

2069 2570 2125 2616 et
2156 2562 2478 2631 intelligere.
2509 2564 2568 2616 Et
2606 2563 2721 2618 haec
2747 2565 2848 2619 tria
2875 2581 3020 2620 unus
3044 2565 3210 2631 Deus,
3248 2574 3304 2620 et
3331 2581 3477 2620 unus
3505 2566 3650 2620 Deus

2071 2655 2187 2712 haec
2216 2657 2376 2710 tria.»

2141 2755 2298 2812 Dicta
2357 2757 2525 2826 igitur
2574 2767 2894 2814 sanctorum
2953 2769 3032 2815 tut
3085 2769 3239 2824 sunt,
3301 2770 3469 2829 atque
3514 2760 3654 2815 adeo

2069 2851 2237 2916 clara,
2256 2867 2320 2905 ex
2348 2852 2718 2922 plurimisque
2742 2867 2912 2922 pauca
2941 2853 3190 2916 collecta,
3221 2855 3446 2906 omnino
3469 2864 3650 2907 autem

2067 2960 2246 3014 neque
2273 2959 2413 3016 opus
2441 2957 2544 3008 est,
2585 2946 2689 3000 alia
2736 2946 2899 3000 etiam
2953 2947 3245 3009 adducere,
3291 2963 3412 3017 qua:
3482 2946 3652 3015 signi-

2068 3036 2432 3101 ﬁcent,quod
2470 3038 2733 3092 nimirum
2773 3038 3013 3107 Spiritus
3069 3049 3295 3091 sanctus
3361 3053 3427 3092 ex
3481 3037 3644 3092 Patre

2071 3144 2173 3198 per
2233 3128 2431 3183 Filium
2496 3132 2784 3199 procedat,
2842 3139 2956 3183 tum
3021 3131 3168 3199 quod
3221 3130 3340 3184 haec
3373 3131 3650 3183 sententia

2067 3220 2356 3276 doctorum
2411 3221 2584 3275 ferme
2614 3221 2874 3276 omnibus
2899 3222 2972 3277 sit
2995 3221 3325 3285 manifesta;
3355 3233 3468 3275 tum
3484 3222 3649 3299 etiam

2070 3312 2217 3382 quod
2241 3327 2306 3368 ea
2338 3329 2461 3383 qum
2493 3315 2642 3368 dicta
2689 3322 2840 3378 sunt,
2901 3327 3088 3368 verum
3149 3313 3466 3367 amantibus
3499 3325 3652 3366 com-

2070 3405 2232 3460 mode
2263 3405 2561 3460 sulltciant.
2595 3405 2869 3472 Quamvis
2933 3404 2978 3460 si
3020 3405 3156 3459 nihil
3210 3420 3405 3458 eorum
3444 3406 3650 3459 dictum

2069 3507 2234 3555 esset.
2261 3506 2330 3550 ex
2355 3497 2561 3565 quibus
2590 3497 2725 3550 illud
2758 3511 2787 3550 a
2812 3492 2976 3559 Filio,
3003 3505 3059 3550 et
3088 3510 3153 3549 ex
3194 3495 3353 3561 Filio,
3387 3496 3558 3557 clare,
3591 3509 3652 3550 ac

2072 3587 2257 3641 multis
2308 3588 2600 3650 habemus,
2663 3603 2846 3642 nonne
2907 3587 3012 3640 hoc
3071 3587 3157 3640 vel
3197 3587 3376 3640 solum
3441 3587 3650 3640 dictum

2071 3679 2216 3746 quod
2242 3679 2479 3748 Spiritus
2505 3690 2725 3735 sanctus
2751 3695 2816 3734 ex
2843 3678 3002 3734 Patre
3031 3695 3125 3748 per
3155 3677 3351 3733 Filium
3378 3680 3654 3734 cxsisten-

2073 3771 2203 3824 tiam
2237 3771 2456 3834 habeat,
2489 3781 2601 3824 tum
2634 3760 2767 3840 ipsis
2823 3770 3147 3824 doctoribus
3196 3771 3264 3824 de
3300 3771 3654 3839 processione

2071 3861 2415 3916 substantlali
2467 3862 2644 3916 Patris
2689 3860 3116 3922 disserentibus,
3169 3861 3306 3916 satis
3359 3870 3530 3921 esset,
3593 3869 3654 3913 ut

2071 3961 2229 4006 antea
2263 3953 2468 4007 dictum
2495 3960 2600 4012 est,
2657 3961 2770 4005 tum
2821 3951 3010 4019 iis_qui
3052 3961 3310 4019 quaerunt
3346 3953 3648 4006 veritatem

2074 4041 2209 4095 nihil
2245 4041 2484 4110 amplius
2515 4040 2661 4095 foret
2692 4039 2877 4110 opus!
2907 4039 3177 4110 siquidem
3205 4051 3261 4096 et
3283 4041 3419 4095 ordo
3444 4042 3497 4095 in
3521 4057 3652 4095 con-

2073 4133 2218 4186 fosso
2253 4141 2357 4194 est,
2395 4133 2541 4200 quod
2577 4144 2789 4201 speetat
2815 4135 2882 4187 ad
2939 4134 3411 4204 praepositionem,
3455 4149 3572 4202 per,
3598 4141 3653 4186 et

2072 4236 2236 4276 causa
2263 4221 2552 4277 manifesta
2592 4231 2678 4277 est
2703 4239 2811 4277 una
2840 4238 2967 4278 cum
3001 4221 3266 4288 dictione,
3299 4238 3462 4292 quam
3504 4239 3656 4291 qna:-

2076 4323 2225 4375 runt,
2279 4328 2403 4382 qum
2453 4313 2727 4383 signiﬁcet
2776 4315 3172 4368 exsistentiam
3221 4315 3484 4383 Spiritus.
3537 4313 3652 4368 Non

2073 4405 2221 4461 enim
2258 4410 2363 4460 hoc
2397 4405 2522 4458 loco
2548 4405 2834 4475 quidpiam
2883 4407 3034 4461 aliud
3078 4406 3286 4461 indicat
3333 4407 3654 4483 procedere,

2076 4513 2242 4567 quam
2272 4497 2541 4566 Spiritum
2587 4505 2839 4551 sanctum
2883 4513 2951 4551 ex
2986 4498 3146 4552 Patre
3198 4513 3297 4567 per
3330 4495 3526 4550 Filium
3558 4509 3656 4565 per

387 4593 452 4645 τὸ
479 4592 636 4657 ἆγιον
678 4591 742 4642 ὲκ
777 4585 874 4640 τοῦ
909 4584 1118 4654 [ἰατρὸς
1148 4582 1238 4634 διά
1273 4580 1369 4633 τοῦ
1412 4579 1542 4632 Υἱοῦ
1599 4573 1954 4646 ὲκπορευτῶς

2077 4588 2299 4644 modum
2342 4587 2712 4658 processionis
2731 4588 3108 4642 exsistentiam
3140 4589 3360 4642 habere.
3385 4586 3498 4641 Nisi
3525 4587 3655 4656 quis

389 4684 490 4755 τὴν
516 4679 746 4747 ὓπαρξιν
775 4678 924 4748 ἔχει*
956 4677 1005 4729 ei
1036 4675 1110 4745 μή
1144 4691 1227 4737 τις
1250 4672 1527 4726 διακονίαν
1564 4669 1664 4740 τὴν
1692 4667 1789 4723 διὰ
1815 4668 1964 4737 λέγει

391 4776 666 4848 παριστᾷν
697 4788 712 4803 ⁶
754 4772 782 4825 ὃ
809 4770 1117 4840 περιφανής
1149 4769 1266 4820 ἐστι
1314 4765 1448 4835 πρὸς
1495 4765 1595 4826 τὰς
1634 4765 1807 4832 ἀρχάς
1866 4763 1965 4832 τῆς

393 4867 632 4928 πίστεως
659 4863 874 4926 καὶτὰς
901 4861 1206 4928 ἀποφάσεις
1231 4855 1341 4910 τῶν
1371 4855 1638 4923 θεολόγων
1660 4853 1960 4920 ἀντιλογία.

391 4959 467 5013 Οὐ
501 4957 607 5028 γὰρ
641 4957 708 5011 ἂν
739 4951 1016 5015 οὑσιωδῶς
1071 4951 1192 5004 οὐδὲ
1229 4949 1478 5018 φυσικῶς
1529 4947 1620 5000 διὰ
1687 4947 1781 5000 τοῦ
1833 4945 1965 4999 Tia?)

392 5103 537 5169 quod
615 5104 659 5157 is
711 5101 992 5171 scripserit
1052 5099 1262 5164 aliquot
1320 5097 1493 5171 libros
1539 5096 1620 5171 _de
1663 5095 1964 5171 _Trinitate.

402 5166 602 5229 Fabius
644 5166 1082 5234 Bcnevblentius,
1133 5170 1416 5231 Senensis,
1459 5168 1550 5235 qui
1583 5166 1826 5236 quinque
1869 5181 1966 5220 ra-

399 5245 510 5312 pita
553 5243 817 5299 Gennadii
872 5257 970 5310 pro
1019 5239 1338 5312 defensioue
1390 5237 1631 5312 concilii_
1666 5236 1966 5289 Florentini

398 5307 589 5368 Latina
617 5315 767 5376 fecit,
798 5327 851 5365 in
873 5307 982 5364 illis
1012 5310 1243 5368 similem
1277 5308 1462 5362 locum
1512 5307 1814 5374 explicans.
1841 5320 1966 5360 cum

395 5383 608 5438 videret
634 5383 778 5452 apud
828 5381 1180 5452 S.7llilarium
1231 5378 1632 5452 Pictaviensem
1671 5376 1806 5452 nihil
1857 5377 1966 5452 tale

393 5454 645 5521 reperiri,
671 5445 862 5521 'posuit
891 5451 944 5503 in
979 5451 1226 5521 margine
1274 5448 1509 5521 alterum
1550 5445 1835 5521 Hilarium,
1872 5445 1965 5521 qui

393 5515 567 5590 primo
608 5515 839 5577 concilio
890 5515 1125 5590 Niczeno'
1153 5517 1497 5590 interfuerit;
1546 5515 1637 5568 sed
1673 5531 1850 5581 neque
1885 5515 1961 5568 ibi

395 5587 670 5662 reperitur
697 5593 872 5664 ullus,
895 5591 988 5664 qui
1025 5589 1127 5643 hoc
1161 5587 1383 5664 notitiae
1424 5593 1672 5664 vocetur,
1723 5594 1782 5638 ut
1835 5599 1966 5638 con-

392 5657 502 5716 stat
525 5677 556 5715 e
585 5657 1078 5730 subscriptionibus
1103 5657 1344 5730 concilii,
1365 5657 1623 5730 quamvis
1641 5670 1749 5708 non
1774 5671 1965 5730 omnes

392 5742 627 5786 exstent.
645 5725 814 5786 Certe
835 5730 1025 5785 debuit
1061 5725 1484 5782 Benevolentius
1510 5725 1757 5779 indicare
1785 5726 1962 5786 nobis,

395 5803 485 5857 ubi
547 5801 808 5871 repererit
841 5801 1005 5871 hunc
1045 5800 1229 5871 tictum
1284 5796 1570 5871 Hilarium.
1618 5795 1727 5871 Ego
1770 5809 1968 5848 censeo

394 5866 809 5929 Benedictinum
837 5870 1172 5925 Breviarium
1188 5882 1312 5925 csse
1327 5869 1531 5934 verius,
1557 5881 1683 5922 cum
1708 5866 1824 5921 haec
1842 5881 1972 5922 con-

2073 4673 2222 4729 dicat
2283 4675 2732 4744 prapositionem
2767 4691 2857 4746 per
2890 4677 3264 4731 ministerium
3324 4677 3651 4746 designare;

2069 4765 2215 4835 quod
2249 4765 2318 4820 ad
2351 4766 2617 4836 principia
2666 4767 2812 4832 ﬁdei,
2859 4778 2916 4822 et
2938 4770 3241 4824 sententias
3272 4770 3652 4839 theologorum

2072 4855 2364 4912 manifesta
2393 4866 2480 4912 est
2507 4858 2897 4912 contradictio.
2951 4858 3070 4913 Non
3130 4860 3278 4914 enim
3317 4861 3658 4916 substantia~

2033 4982 2035 4984 -
2065 4948 2218 5014 liter,
2248 4963 2428 5020 neque
2458 4950 2788 5004 naturaliter
2830 4965 2930 5022 per
2958 4949 3161 5008 Filium
3193 4953 3476 5010 diceretur
3508 4970 3642 5025 pros

2059 5098 2294 5169 junctim
2350 5107 2406 5155 et
2443 5098 2761 5170 continuata
2788 5100 3042 5156 oratione
3071 5100 3218 5170 apud
3252 5100 3354 5156 hos
3384 5101 3646 5156 doctores

2065 5179 2124 5223 et
2177 5181 2433 5224 auctores
2503 5169 2729 5224 minim‘e
2785 5169 3170 5240 reperiantur,
3235 5179 3298 5225 ut
3365 5181 3655 5239 propterea

2067 5239 2231 5292 etiam
2263 5251 2520 5308 quartum
2568 5239 2908 5294 Breviarium
2956 5241 3232 5294 neminem
3275 5241 3408 5294 citet
3455 5249 3646 5294 aucto-

2069 5324 2207 5370 rem,
2239 5323 2364 5362 cum
2398 5310 2603 5364 nullius
2633 5310 2817 5364 omnia
2849 5311 2979 5371 sint,
3023 5311 3118 5364 sed
3147 5309 3253 5363 alia
3296 5309 3441 5378 apud
3489 5311 3650 5372 alios,

2066 5389 2123 5432 et
2151 5379 2469 5448 singillatim
2504 5379 2661 5434 illud.
2723 5396 2829 5434 non
2867 5379 3040 5434 dividi
3092 5381 3263 5434 Deum
3313 5395 3408 5448 per
3442 5387 3650 5448 partes,

2069 5456 2126 5502 et
2162 5450 2263 5501 tria
2295 5464 2417 5503 esse
2443 5465 2610 5503 unum
2648 5449 2840 5515 Deum,
2875 5459 2930 5503 et
2963 5466 3128 5503 unum
3161 5448 3329 5502 Deum
3357 5450 3454 5502 tria
3479 5465 3493 5506 ;
3523 5449 3650 5501 item

2067 5533 2177 5570 non
2209 5519 2318 5571 duo
2351 5519 2581 5582 lumina,
2619 5520 2714 5574 sed
2752 5534 2924 5573 unum
2961 5519 3146 5574 lumen
3179 5533 3437 5587 expresse
3469 5517 3655 5584 legau-

2068 5595 2157 5658 tur
2188 5589 2240 5642 in
2270 5588 2534 5658 Gregorio
2567 5589 2916 5644 Nazianqu
2942 5597 3085 5642 orat.
3113 5589 3187 5641 De
3211 5587 3415 5648 Spiritu
3441 5593 3651 5648 sancto,

2068 5657 2160 5711 ubi
2223 5658 2322 5711 tria
2368 5657 2860 5728 s’ubintelliguntur
2897 5659 3192 5728 πρόσωπα,
3248 5659 3353 5728 hoc
3395 5665 3503 5728 est,
3540 5663 3655 5728 tres

2068 5741 2332 5794 personre.
2397 5723 2836 5783 Commeuiorata
2885 5723 3160 5782 Breviaria
3241 5726 3287 5780 si
3339 5725 3466 5795 quis
3516 5723 3654 5778 velit

2070 5797 2186 5850 suis
2244 5798 2419 5851 oculis
2476 5798 2732 5855 lustrare.
2767 5798 2926 5851 adeat
2982 5794 3368 5851 bibliothecam
3424 5794 3652 5850 Patrum

2076 5867 2370 5923 Societatis
2401 5865 2528 5924 .lcsu
2556 5868 2610 5922 in
2647 5867 2877 5938 Collegia
2911 5868 3160 5922 Romano
3192 5869 3245 5920 in
3272 5865 3441 5926 Urbe.
