4036 6488
398 463 504 525 955

1662 463 2044 524 ΒΕΜΕΤῙΠΙ
2086 464 2399 526 ΕΥΟΟΝΙΙ

3543 454 3662 518 956

401 571 594 632 tieiset,
625 581 788 641 atque
816 587 960 637 esse,
1010 589 1073 627 ac
1111 573 1434 643 procederet,
1499 572 1821 642 babercque
1880 587 1975 626 ex-

2113 573 2306 640 λέγετο
2337 573 2615 640 προϊέναι,
2644 572 2737 624 καὶ
2779 567 2941 631 εἶναι,
2983 569 3077 621 καὶ
3111 565 3526 637 ἐκπορεύεσθαι,
3557 567 3655 618 καὶ

402 663 731 725 sistentiam,
766 673 824 718 et
847 665 899 718 id
927 666 1166 734 generis.
1196 665 1390 734 Neque
1411 665 1719 719 secundum
1777 664 1977 716 servile

402 755 774 810 ministerium
798 771 918 809 eSSe
938 772 1034 825 per
1057 757 1234 825 ipsum
1263 765 1546 824 negarent.
1572 756 1761 824 Neque
1784 756 1976 808 eodem

406 847 570 898 modo
601 845 772 900 Filius
830 847 1036 917 habere
1085 848 1372 916 Spiritum,
1428 847 1895 915 quemadmodum
1923 853 1980 898 et

407 939 592 1001 Pater,
636 950 846 993 tantum
895 955 1022 994 cum
1074 941 1458 1006 explicatione,
1501 955 1607 1007 qua
1660 939 1866 992 dicitur
1912 953 1977 992 ex

405 1029 570 1083 Patre
598 1046 693 1098 per
718 1031 920 1084 Filium
952 1031 1272 1099 procedere.
1342 1031 1594 1100 Cumque
1646 1030 1817 1084 multa
1870 1030 1976 1083 alia

407 1120 738 1178 redundent,
773 1137 842 1175 ex
891 1123 1362 1190 superabundanti
1401 1123 1842 1175 demonstratum
1895 1130 1980 1174 est

409 1209 476 1262 iis
500 1211 593 1277 qui
613 1211 768 1264 valde
791 1213 1237 1274 contendunt,ex
1262 1213 1420 1265 Patre
1445 1212 1692 1280 Filioque
1715 1211 1976 1280 Spiritum

408 1313 656 1355 sanctum
687 1303 1006 1371 procedere.
1043 1304 1175 1368 Qua:
1203 1305 1350 1358 enim
1380 1313 1636 1373 quaerunt
1669 1305 1736 1358 ad
1775 1305 1981 1357 docen-

404 1392 538 1445 dum
574 1393 678 1445 hoc
708 1403 762 1445 et
792 1394 1287 1448 demonstrandum
1346 1395 1533 1448 multis
1572 1411 1634 1447 ex
1665 1395 1803 1448 locis
1853 1395 1982 1448 hinc

409 1485 536 1537 inde
575 1485 884 1552 colligendo
918 1485 1167 1539 invenire
1202 1498 1450 1555 possent,
1504 1498 1717 1540 tantum
1771 1486 1817 1539 si
1847 1503 1982 1540 con-

409 1575 658 1629 tenlione
707 1575 976 1639 detracta,
1026 1587 1191 1644 atque
1243 1593 1271 1630 a
1325 1585 1573 1646 tempore
1609 1587 1760 1641 nata,
1809 1579 1977 1632 animi

407 1667 885 1736 prmoccupatione
933 1677 1235 1736 amputata.
1285 1683 1410 1722 cum
1460 1669 1730 1724 charitate
1771 1687 1982 1739 quaere-

408 1765 562 1819 rent;
623 1771 842 1810 servum
899 1758 1045 1810 enim
1080 1759 1299 1813 Domini
1352 1776 1461 1813 non
1513 1770 1731 1829 oportet
1778 1762 1982 1832 litigio-

407 1857 552 1907 sum,
587 1844 681 1897 sed
716 1845 904 1899 mitem
932 1861 1076 1913 esse,
1108 1848 1426 1914 docibilem,
1455 1859 1512 1905 et
1536 1859 1809 1921 quotquot
1833 1853 1982 1923 Apo-

409 1929 584 1982 stolus
613 1931 798 1986 infert.

481 2019 637 2084 Quod
681 2032 862 2078 autem
917 2025 1070 2080 citati
1118 2027 1372 2082 doctores
1419 2028 1525 2084 [ide
1557 2030 1668 2085 sint
1695 2031 1880 2100 digni?
1899 2040 1991 2085 est

409 2113 634 2182 quidem
688 2116 791 2172 hoc
829 2133 1017 2171 verum
1046 2158 1060 2181 ,
1093 2135 1216 2174 cum
1249 2135 1314 2174 ex
1346 2123 1624 2176 communi
1669 2138 1942 2178 consensu
1971 2163 1987 2189 ,

410 2222 574 2278 quem
616 2208 684 2262 de
727 2210 861 2279 ipsis
892 2211 1178 2277 habemus,
1217 2221 1330 2266 tum
1370 2214 1578 2268 clarum
1607 2225 1691 2269 est
1716 2231 1750 2270 a
1779 2228 1988 2284 sancta,

413 2310 472 2355 ct
511 2303 850 2356 (eculneniea
879 2303 1070 2372 quinta
1114 2306 1323 2375 synodo
1355 2307 1406 2360 is
1442 2322 1541 2361 sua
1568 2311 1732 2364 tertia
1777 2313 1993 2369 actione

416 2394 882 2461 circamedium;
924 2412 1046 2464 qua:
1078 2398 1157 2452 sic
1191 2399 1355 2454 habet
1392 2402 1460 2454 ad
1512 2403 1742 2456 verbum
1779 2422 1792 2456 :
1832 2423 1850 2455 ι
1899 2407 1997 2460 Sc-

417 2485 647 2554 quimur
687 2487 740 2539 in
783 2490 1042 2543 omnibus
1087 2502 1309 2546 sanctos
1347 2494 1560 2557 Patres,
1601 2505 1764 2564 atque
1800 2499 1992 2552 doct-o-

421 2591 514 2630 res
550 2578 808 2632 Ecclesia:
832 2617 848 2641 ,
885 2581 1240 2634 Athanasium
1269 2623 1284 2645 ,
1345 2583 1614 2638 Hilarium
1639 2626 1652 2647 ,
1708 2588 1994 2653 Basilium,

417 2667 743 2737 Gregorium
776 2669 1135 2741 Theologum,
1171 2674 1494 2742 Gregorium
1524 2675 1998 2748 Nyssenum,Am-

422 2760 708 2824 hrosium,
767 2763 1176 2830 Augustinum,
1239 2765 1650 2835 Theophilum,
1725 2769 1996 2827 Joannem

417 2854 1128 2926 Constantinopolitanqu,
1183 2859 1482 2931 Cyrillum,
1541 2863 1814 2928 Leonem,
1871 2869 2000 2922 Pro-

419 2947 602 3011 clum,
655 2953 710 2999 et
745 2948 1045 3016 recipimus
1082 2966 1145 3004 ea
1195 2953 1378 3005 omnia
1427 2969 1550 3021 quae
1590 2954 1658 3008 de
1695 2965 1840 3010 recta
1874 2959 1997 3024 lide,

422 3046 590 3104 atque
652 3039 703 3091 in
765 3042 1283 3096 condemnationem
1342 3044 1730 3101 haereticorum
1763 3050 1832 3102 ab
1867 3050 2002 3118 ipsis

420 3127 568 3181 edita
599 3140 744 3182 sunt.
781 3130 1102 3200 Recipimus
1149 3150 1368 3204 quoque
1406 3137 1548 3192 alios
1576 3150 1794 3194 sanctos
1828 3153 1883 3196 et
1913 3158 2002 3195 or-

425 3219 697 3275 thodoxos
748 3222 955 3284 Patres,
986 3225 1079 3294 qui
1127 3226 1181 3278 in
1213 3226 1454 3282 Ecclesia
1493 3230 1585 3282 Dei
1629 3230 1792 3286 ﬁdem
1822 3234 2005 3286 Ortho-
2027 3255 2072 3317 ρ

423 3313 619 3366 doxani
652 3331 828 3385 usque
878 3316 945 3370 ad
985 3318 1148 3371 linem
1199 3320 1760 3388 irreprehensibiliter
1805 3324 2002 3394 pradi-

424 3415 660 3471 carunt;
701 3406 795 3459 sed
827 3416 880 3459 et
911 3406 965 3459 in
997 3416 1144 3462 tomo
1176 3411 1460 3479 synodico,
1491 3429 1654 3483 quem
1683 3415 1915 3470 recitant
1944 3416 2002 3469 in

424 3495 698 3560 ccclesiis,
739 3498 1090 3552 anathemate
1139 3502 1530 3570 percutiuntur
1583 3514 1854 3574 quotquot
1895 3522 2005 3560 non

431 3583 709 3653 recipiunt
757 3587 1081 3641 nominatim
1137 3601 1599 3647 commemoratos
1646 3593 1920 3658 doctores,
1951 3605 2008 3650 et

429 3679 618 3729 Ulllllla
677 3677 898 3731 illorum
941 3681 1146 3750 scripta
1203 3697 1310 3737 non
1344 3685 1695 3738 conﬁtentur.
1738 3684 2005 3740 Peculiari

432 3785 563 3824 vero
598 3771 808 3824 ratione
857 3782 1106 3827 sanctum
1137 3775 1502 3844 Augustinum
1550 3788 1911 3832 sacrosancta:
1953 3792 2011 3833 et

431 3863 787 3918 meumenicze
826 3866 1044 3936 synodi,
1087 3868 1244 3922 tertia
1271 3908 1285 3933 ,
1315 3877 1491 3934 sexta,
1521 3877 1577 3923 et
1615 3867 1849 3938 septima
1879 3883 2012 3939 pra:-

432 3953 834 4010 stantissimuut
869 3957 1128 4012 Ecclesia:
1183 3958 1500 4026 doctorem,
1533 3970 1588 4013 et
1639 3969 1885 4014 sanctum
1917 3960 2012 4014 de-

435 4049 800 4110 nuntiarunt,
863 4059 922 4103 ut
953 4061 1173 4106 constat
1209 4067 1278 4105 ex
1324 4052 1476 4106 Actis
1528 4051 1793 4120 ipsarum.
1836 4070 1854 4101 ι
1889 4052 2010 4107 Jatu

434 4157 566 4195 vero
627 4143 694 4196 de
769 4145 1029 4210 praedicto
1083 4152 1273 4199 sancto
1328 4145 1618 4198 Anastasio
1663 4146 2010 4199 Antiocheno

435 4243 592 4288 sexta
652 4236 898 4304 synodus
952 4236 1069 4290 haec
1119 4244 1514 4290 commemorat
1559 4253 1575 4290 ζ
1619 4253 1640 4286 ι
1696 4237 2013 4306 Recipimus

435 4336 684 4380 sanctum
717 4327 1087 4392 Anastasinm,
1120 4328 1215 4396 qui
1241 4328 1541 4382 orthodoxe
1567 4343 1886 4398 responsum
1921 4330 2015 4383 de—

437 4415 520 4469 dit
567 4432 666 4486 pro
701 4426 852 4470 tomo
882 4419 1058 4472 sancti
1103 4417 1306 4471 Leonis
1331 4431 1384 4471 et
1431 4418 1616 4488 inclyti
1660 4435 1830 4489 papae.
1887 4439 1906 4470 ι
1948 4419 2015 4474 Ει

443 4522 631 4560 rursus
670 4525 684 4560 :
731 4527 748 4557 α
784 4498 1048 4560 Sanctum
1077 4516 1235 4561 vocat
1257 4516 1404 4562 totus
1425 4508 1622 4563 Oriens
1652 4511 1799 4563 hunc
1815 4518 2015 4563 sanctae

2081 665 2182 733 τὴν
2232 664 2468 732 ὕπαρξιν
2522 665 2692 731 ἔχειν,
2747 666 2840 717 καὶ
2879 663 2976 714 ὅσα
3032 661 3258 713 τοιαῦτα
3290 674 3306 690 ο
3358 659 3478 712 οὐδὲ
3530 660 3658 713 καθ’

2045 821 2064 835 .
2083 754 2432 824 ὑπουργικὴν
2461 753 2740 806 διακονίαν
2776 752 2912 805 εἶναι
2944 752 3016 803 δι’
3042 750 3208 803 αὐτοῦ
3243 747 3622 818 ἀπηγορεύετο
3640 765 3656 780 ο

2079 847 2202 900 οὐδὲ
2232 847 2330 900 τὸν
2359 848 2524 899 αὐτὸν
2555 848 2760 916 τρόπον
2792 847 2819 898 ὁ
2852 847 2977 908 Υίδς
3004 843 3148 914 ἔχειν
3178 843 3237 895 τδ
3271 843 3512 910 Πνεῦμα,
3543 842 3660 894 ὥσ-

2083 956 2190 1006 περ
2219 939 2313 990 καὶ
2361 938 2389 988 ὁ
2433 939 2647 1008 Πατὴρ,
2709 939 2850 1006 πλὴν
2915 938 3053 1004 μετά
3103 937 3205 1002 τῆς
3256 935 3320 987 ἐκ
3348 933 3559 1000 [Ἰατρὸς
3585 933 3658 986 δι’

2083 1030 2215 1084 Υἱοῦ
2247 1029 2646 1100 ἐκπορεύεσθαι
2691 1028 2961 1096 λεγούσης
2997 1028 3350 1095 ἀποφάσεως.
3390 1027 3497 1078 Καὶ
3528 1025 3664 1078 πολ-

2079 1122 2188 1174 λῶν
2220 1122 2397 1176 ἄλλων
2443 1120 2811 1191 ἐπιρρεόντων
2843 1121 2910 1172 ὲκ
2938 1120 3259 1187 περιουσίας
3305 1119 3337 1186 ἠ
3384 1118 3666 1182 ἀπόδειξις

2080 1214 2175 1266 τοῦ
2200 1214 2261 1265 τὸ
2289 1211 2510 1282 Πνεῦμα
2543 1214 2601 1265 τδ
2648 1211 2804 1272 ἅγιον
2843 1215 2906 1264 ἐκ
2947 1211 3040 1262 τοῦ
3073 1210 3282 1279 Πατρδς
3309 1208 3440 1261 Υίοῦ
3473 1226 3532 1260 τε
3567 1211 3666 1261 ὲκο

2084 1287 2414 1375 πορεύεσθαι
2452 1304 2590 1374 πρὸς
2642 1304 2764 1363 τοὺς
2800 1302 3008 1370 σφόδρα
3061 1301 3516 1371 φιλονεικοῦντας.
3553 1303 3664 1352 Δύ-

2082 1414 2266 1450 ναιντο
2304 1397 2412 1465 γὰρ
2441 1396 2504 1450 ἂν
2534 1396 2569 1449 ἃ.
2601 1393 2827 1465 ζητοῦσι
2859 1393 2994 1463 πρὸς
3025 1395 3127 1461 τὴν
3158 1392 3348 1445 τούτου
3379 1391 3668 1460 παράσταη

2084 1507 2168 1542 σιν
2207 1489 2332 1543 ἄλλο
2377 1489 2606 1554 ῥέλλοθεν
2642 1487 2974 1556 πολλαχόθεν
3015 1487 3216 1554 εὖρεῖν,
3267 1486 3423 1553 μόνον
3459 1484 3524 1536 ἂν
3557 1485 3662 1552 τὴν

2083 1581 2414 1649 φιλονεικίαν
2456 1581 2859 1651 περιελόμενοι,
2905 1581 2999 1632 καὶ
3050 1581 3149 1650 τὴν
3177 1578 3284 1631 ἀπὸ
3343 1577 3434 1630 τοῦ
3464 1577 3662 1645 χρόνου

2085 1669 2397 1739 παράλογον
2437 1669 2712 1739 πρόληψιν
2741 1667 2952 1737 ζητῶσι
3001 1668 3136 1734 μετὰ
3165 1667 3387 1735 ἀγάπης
3413 1683 3428 1696 ·
3470 1664 3658 1717 δοῦλον

2084 1760 2193 1829 γὰρ
2235 1759 2521 1828 Κυρίου-ού
2554 1759 2636 1812 δεῖ
2690 1757 2985 1828 μάχεσθαι,
3037 1757 3150 1810 ἀλλ’
3185 1758 3345 1825 ήπιον
3390 1752 3526 1810 εἶναι
3577 1756 3655 1808 δι-

2083 1853 2363 1917 δακτικὸν,
2395 1856 2486 1905 καὶ
2516 1855 2620 1906 ὅσα
2661 1853 2700 1904 δ’
2730 1851 3056 1913 Ἀπόστολος
3085 1850 3359 1920 ἐπιφέρει.

2164 2031 2285 2083 Ὅτι
2324 2029 2384 2082 δὲ
2428 2030 2488 2082 οί·
2533 2028 3005 2099 προκομισθέντες
3044 2025 3353 2081 διδάσκαλοι
3379 2026 3438 2077 τὸ
3460 2024 3678 2090 ἀξιόπι-

2095 2140 2219 2175 στον
2275 2121 2517 2192 ἔχουσιν,
2555 2121 2673 2175 ἔστι
2733 2123 2832 2191 μὲν
2868 2123 2960 2174 καί
3009 2120 3163 2188 παρὰ
3211 2119 3308 2188 τῆς
3363 2117 3574 2184 κοινῆς,
3605 2119 3671 2186 ἦν

2094 2217 2289 2286 ἔχομεν
2345 2218 2473 2287 περὶ
2528 2216 2708 2269 αὐτῶν
2753 2215 2984 2277 ἐννοίας,
3017 2212 3174 2281 δῆλον
3225 2211 3280 2263 δὲ
3329 2211 3420 2262 καὶ
3459 2212 3523 2261 ὲκ
3576 2211 3659 2275 τῆς

2095 2311 2256 2377 ἁγίας
2291 2308 2386 2362 καὶ
2413 2308 2798 2376 οίκουμενικῆς
2831 2307 3096 2374 πέμπτης
3129 2302 3378 2365 συνόδου,
3428 2303 3538 2354 ἀπὸ
3572 2303 3661 2368 τῆς

2095 2398 2146 2468 γ’
2176 2399 2426 2468 πράξεως
2473 2397 2643 2464 αὐτῆς
2694 2396 2823 2466 περὶ
2870 2395 2932 2447 τὸ
2977 2395 3158 2462 μέσον·
3198 2393 3370 2461 αὐτῆς
3407 2389 3550 2444 οὕτω
3585 2390 3670 2441 λε-

2096 2492 2333 2560 γούσηςο
2372 2508 2389 2540 ι
2435 2488 2870 2556 Ἀκολουθοῦμεν
2906 2489 2964 2538 ὲν
2991 2486 3162 2540 ἅπασι
3207 2489 3321 2546 τοῖς
3351 2483 3518 2544 θείοις
3556 2485 3669 2535 Πα-

2096 2581 2257 2651 τράσι
2285 2581 2378 2633 καὶ
2404 2583 2516 2642 τοῖς
2554 2580 2899 2640 διδασκάλοις
2922 2580 3022 2646 τῆς
3059 2576 3411 2644 Ἐκκλησίας,
3444 2572 3681 2626 Ἀθανα-.

2101 2674 2219 2742 σίῳ,
2274 2668 2512 2743 Ἱλαρίῳ,
2569 2671 2865 2740 Βασιλείῳ,
2914 2670 3208 2740 Γρηγορίῳ
3263 2667 3342 2736 τῷ
3397 2665 3668 2734 Θεολόγῳε

2101 2763 2387 2832 Γρηγορίῳ
2454 2761 2534 2830 τῷ
2584 2761 2830 2829 Νύσσης,
2899 2760 3232 2831 Ἀμῦροσὲῳ,
3301 2756 3690 2825 Αιύγοι.ισ··.ςένῳ,⁵

2099 2855 2343 2922 Θεοφίλῳ
2368 2892 2381 2916 ,
2436 2852 2530 2905 καὶ
2590 2852 2811 2922 Ἰωάννῃ
2870 2851 2951 2920 τῷ
3023 2847 3666 2907 Κωνσταντινουττόλεως,

2100 2945 2379 3016 Κυρίλλῳ,
2423 2946 2634 3006 Λέοντι,
2663 2945 2890 3014 Πρόκλῳ
2909 2959 2924 2974 ο
2952 2946 3041 2996 καὶ
3070 2941 3349 3013 δεχόμεθα
3381 2939 3555 2992 πάντα
3602 2936 3679 2990 τὰ

2103 3039 2236 3110 παρ’
2274 3038 2454 3092 αὐτῶν
2496 3035 2625 3108 περὶ
2651 3040 2750 3106 τῆς
2783 3037 2950 3108 ὀρθῆς
2981 3037 3243 3096 πίστεως,
3271 3035 3366 3087 καὶ
3396 3033 3474 3096 εἰς
3507 3032 3678 3084 κατὰ·

2102 3146 2283 3200 κρισιν
2333 3129 2441 3180 τῶν
2481 3129 2776 3198 αἱρετικῶν
2829 3128 3141 3180 ἐκτεθέντα.
3193 3126 3470 3196 Δεχόμεθα
3491 3126 3549 3178 δὲ
3574 3125 3684 3177 καὶ·

2103 3222 2230 3282 τοὺς
2259 3219 2450 3282 ἄλλους
2472 3221 2664 3286 ἁγίους
2694 3220 2791 3272 καὶ
2820 3219 3143 3289 όρθόδοξους
3179 3220 3430 3287 Πατέρας
3453 3218 3580 3278 τοὺς
3615 3218 3690 3268 tv

2104 3315 2170 3381 τῇ
2201 3310 2335 3381 ἁγίᾳ
2367 3309 2457 3361 τοῦ
2508 3307 2643 3360 Θεοῦ
2693 3308 3003 3378 Ἐκκλησία·
3037 3307 3135 3377 τὴν
3161 3307 3445 3377 ὀρθόδοξον
3494 3307 3684 3358 πίστιν

2109 3404 2272 3472 μέχρι
2321 3402 2512 3464 τέλους
2558 3400 2898 3470 ἀδιασλήτως
2948 3400 3315 3470 κηρύξαντας.
3379 3397 3542 3451 Ἀλλὰ
3582 3397 3690 3450 καὶ»

2105 3497 2161 3548 ἐν
2189 3495 2267 3564 τῷ
2300 3494 2580 3564 λεγομένῳ
2615 3494 2888 3562 Συνοδικῷ
2939 3493 3246 3562 ἁνωθέματι
3283 3491 3693 3546 ὑποϐάλλονται·

2105 3589 2219 3642 ὅσοι
2251 3588 2326 3659 μὴ
2356 3586 2473 3640 κατ’
2499 3585 2671 3655 ὄνομα
2701 3588 2827 3648 τοὺς
2844 3584 3176 3656 εἰρημένους
3206 3584 3562 3644 διδασκάλους
3591 3583 3692 3636 δει

2107 3679 2354 3748 χόμενοι,
2412 3679 2474 3730 οὐ
2520 3679 2699 3731 πάντα
2740 3675 2808 3728 τὰ
2859 3676 2991 3744 παρ’
3037 3675 3263 3728 ἐκείνων
3301 3675 3680 3745 ὁμολογοῦσιν.

2120 3770 2289 3832 ’ῑδίως
2319 3769 2374 3822 δὲ
2400 3771 2493 3822 τὸν
2521 3771 2678 3837 ἅγιον
2716 3768 3083 3837 Αύγουστῖνον
3112 3769 3349 3835 αίνᾶγιαι
3383 3769 3477 3822 καὶ
3503 3771 3691 3823 οἰκου-

2113 3863 2332 3930 μενικαὶ
2380 3859 2608 3925 σύνοδοι,
2711 3874 2773 3912 τε
2824 3859 2986 3928 τρίτη
3034 3859 3132 3912 καὶ
3162 3859 3294 3928 ἕκτη
3329 3861 3423 3913 καὶ
3453 3861 3684 3931 ἑϐδόμη,

2113 3951 2443 4022 ὲξοχώτατον
2487 3953 2813 4006 διδάσκοι).ον
2862 3951 2960 4021 τῆς
3036 3951 3368 4020 Ἐκκλησίας
3405 3955 3500 4006 καὶ
3528 3952 3694 4023 ἁγιονι

2111 4045 2478 4114 ἐπεκήρυξαν,
2527 4043 2601 4107 ὼς
2627 4044 2742 4097 ἔστι
2770 4043 2930 4114 δῆλον
2964 4046 3024 4096 ἐν
3070 4047 3185 4108 τοῖς
3219 4046 3556 4114 Πρακτικοῖς
3590 4048 3698 4098 a0-

2110 4135 2242 4188 τῶν.
2283 4135 2394 4186 Καὶ
2416 4134 2480 4203 δὴ
2511 4135 2606 4188 καὶ
2632 4132 2870 4202 περὶτοῦ
2903 4133 3310 4202 προειρημένου
3357 4133 3514 4186 θείου.
3533 4136 3692 4187 Ἀναο

2114 4231 2340 4284 στααίου
2415 4230 2748 4300 Ἀντιοχείας
2793 4230 2828 4298 ἡ
2881 4228 3014 4296 ἕκτη
3057 4227 3276 4290 σύνοδος
3319 4230 3446 4282 τάδε
3509 4232 3644 4299 φησί
3672 4247 3698 4267 κ

2122 4342 2141 4375 ι
2177 4322 2456 4392 Δεχόμεθα
2499 4327 2589 4376 τὸν
2647 4323 2706 4374 ὲν
2747 4321 2923 4390 ἁγίοις
2994 4323 3353 4376 Ἀναστάσιαν
3389 4323 3694 4390 ὀρθοδόξως

2114 4417 2600 4484 ἀπολογησάμενον
2637 4415 2779 4485 ὑπὲρ
2808 4415 2901 4467 τοῦ
2933 4414 3104 4483 τόμου
3130 4415 3224 4467 τοῦ
3271 4416 3429 4484 ἁγίου
3460 4416 3692 4480 Λέοντος

2119 4512 2212 4563 καὶ
2248 4509 2495 4579 ἀοιδίμου
2535 4500 2725 4562 πάπαζ
2748 4526 2775 4558 ι
2805 4508 2916 4560 Καὶ
2955 4507 3141 4572 πάλιν,
3181 4525 3210 4559 ι-
3242 4508 3436 4576 ’Δγιον
3481 4511 3694 4562 ἀποκα-

439 4598 721 4652 ΠιθῖΠΟϊίιὲ
744 4599 1117 4666 Auastasium,
1154 4599 1248 4668 qui
1276 4599 1379 4654 fuit
1408 4602 1852 4671 archiepiscOpus
1892 4604 2002 4656 An-

2116 4602 2198 4654 λεῐ
2225 4592 2376 4654 πᾶσα
2408 4602 2440 4670 ὴ
2475 4599 2708 4668 ἀνατολὴ
2738 4599 2928 4652 τοῦτον
2975 4599 3079 4652 τὸν
3117 4598 3222 4668 τῆς
3263 4599 3417 4661 ὁσίας
3463 4602 3689 4670 μνήμης

442 4689 680 4756 tiochiae,
709 4698 764 4744 ct
795 4690 890 4759 qui
925 4706 1052 4744 eum
1107 4707 1214 4745 non
1247 4692 1484 4762 recipit,
1527 4694 1669 4747 Deus
1699 4694 2016 4748 anathema-

447 4784 600 4836 tizet.
628 4800 646 4832 ι
681 4780 949 4847 Quoniam
991 4797 1126 4836 vero
1151 4784 1374 4852 quidam
1405 4800 1471 4838 ex
1507 4785 1726 4852 scriptis
1761 4784 2015 4838 Theodo-

446 4871 547 4924 reti
586 4882 777 4924 contra
812 4881 1064 4926 sanctum
1107 4873 1369 4945 Cyrillum
1433 4876 1487 4930 in
1541 4877 2015 4931 conlirn’iationem

447 4963 532 5016 sui
565 4962 770 5015 erroris
801 4965 1064 5017 nonnulla
1095 4969 1428 5034 producunt,
1467 4967 1724 5020 noverint
1749 4975 2019 5029 sanctam,

445 5062 502 5107 et
548 5055 945 5107 mcumenicam
987 5064 1196 5111 sextam
1245 5041 1513 5128 synodum
1570 5057 1714 5110 inter
1742 5057 1845 5109 alia
1900 5073 2019 5126 qua:

445 5157 636 5201 contra
673 5146 1084 5202 Theodoretum
1127 5149 1392 5217 decrevit,
1433 5150 1547 5204 haec
1607 5153 1772 5205 etiam
1824 5150 2020 5205 decer-

449 5256 599 5305 nere,
630 5239 684 5293 in
718 5240 751 5294 9
792 5256 912 5309 cap.
963 5243 1260 5296 Auctorum
1302 5244 1421 5313 ejus
1459 5261 1473 5296 2
1509 5261 1527 5294 ι
1573 5242 1628 5299 Si
1669 5242 1794 5311 quis
1819 5243 2020 5314 scripta

448 5329 785 5383 Theodoreti
836 5341 1024 5386 contra
1067 5342 1269 5387 rectam
1303 5333 1465 5387 Iidem
1496 5333 1672 5387 sancti
1707 5333 1916 5403 Cyrilli,
1965 5342 2022 5388 et

445 5421 732 5488 epistolam
787 5436 909 5490 quae
945 5424 1252 5491 appellatur
1283 5424 1420 5488 lbaz,
1459 5433 1621 5494 atque
1671 5424 2020 5481 Theodorum

448 5511 942 5580 Mepsuestcnsem,
978 5515 1208 5584 ejusque
1253 5516 1455 5585 scripta
1506 5533 1618 5572 non
1657 5518 2022 5572 anathemati-

451 5614 557 5666 zat,
586 5613 641 5658 ct
695 5605 739 5658 si
777 5608 900 5674 quis
941 5622 1048 5660 non
1102 5608 1295 5674 recipit
1341 5593 1563 5678 scripta~
1600 5609 1774 5664 sancti
1812 5609 2022 5680 Cyrilli,

453 5698 754 5761 praesertim
799 5716 920 5768 qua:
951 5711 1144 5754 contra
1197 5701 1546 5755 Theodorum
1600 5712 1655 5755 et
1707 5699 2024 5755 Theodore—

459 5792 572 5837 tum
608 5827 618 5852 ,
653 5801 708 5842 et
773 5793 1087 5859 Andream,
1146 5794 1572 5863 Nestoriumque
1595 5837 1607 5859 ,
1657 5802 1820 5860 atque
1846 5809 1939 5847 eos
1973 5803 2028 5847 ct

462 5893 906 5956 unumquemque
971 5887 1215 5957 ipsorum
1271 5889 1363 5958 qui
1419 5888 1617 5942 similia
1667 5887 1798 5957 ipsis
1841 5902 2027 5941 scitsc-

2119 4694 2493 4758 ’Ᾱναστάσιον,
2537 4692 2627 4746 τὸν
2659 4693 2956 4762 γενόμενον
3009 4692 3448 4762 ἀρχιιεπίσκοπον
3488 4695 3692 4746 Ἀντιο-

2119 4787 2294 4857 χείας,
2333 4787 2427 4839 καὶ
2455 4786 2546 4838 τὸν
2577 4785 2652 4854 μὴ
2679 4784 2969 4854 δεχόμενον
2994 4784 3158 4836 αὑτὸν
3201 4786 3228 4837 ὁ
3254 4785 3386 4855 Θεὸς
3423 4785 3694 4856 ἁναθεμα‹

2117 4878 2286 4930 τίσαι.
2321 4895 2341 4928 ι
2389 4876 2544 4929 Ἐπεὶ
2585 4875 2643 4927 δέ
2669 4892 2816 4938 τινες
2851 4877 2915 4927 ἐκ
2965 4875 3075 4928 τῶν
3102 4876 3258 4943 παρὰ.
3285 4876 3379 4928 τοῦ
3415 4877 3688 4948 Θεοδωρή-

2117 4984 2211 5019 του
2268 4966 2408 5020 κατὰ
2459 4964 2568 5018 τῶν
2596 4965 2689 5018 τοῦ
2730 4965 2888 5032 ἁγίου
2937 4965 3209 5034 Κυρίλλο)
3265 4969 3695 5036 συγγραφέντων

2121 5059 2202 5120 εἰς
2230 5057 2490 5110 σύστασιν
2544 5058 2644 5125 τῆς
2693 5056 2900 5109 ἑαυτῶν
2952 5056 3166 5126 πλάνης
3227 5058 3515 5126 κομίζουσί
3547 5077 3690 5126 τινα,

2126 5149 2448 5220 μαθέτωσαν
2476 5149 2620 5211 ὅπως
2649 5150 2682 5218 ἡ
2713 5150 2841 5217 ἁγία
2879 5150 2974 5201 ml.
3004 5150 3360 5220 οἰκούμενικὴ
3393 5152 3527 5220 ἕκτη
3562 5153 3691 5204 σύνα-

2122 5242 2236 5305 οδος
2268 5243 2404 5312 πρὸς
2446 5244 2556 5304 τοῖς
2606 5241 2808 5306 ἄλλοις,
2839 5239 2876 5294 ἃ
2908 5241 3051 5293 κατὰ
3074 5240 3166 5293 τοῦ
3191 5227 3538 5310 Θεοδωρήτου
3563 5245 3695 5294 ἀπε-

2124 5335 2353 5404 φήνατο,
2385 5334 2476 5384 καὶ
2500 5331 2625 5384 τάδε
2653 5332 2824 5401 φησιν
2847 5333 2906 5384 ὲν
2948 5332 2992 5384 θ’
3029 5330 3333 5402 κεφαλαίῳ.
3357 5333 3468 5386 τῶν
3510 5335 3692 5403 Ηρακ-

2124 5427 2292 5481 τικῶν
2345 5424 2514 5493 αὐτῆς
2544 5441 2557 5454 ·
2599 5443 2617 5475 ι
2647 5425 2712 5477 Εἴ
2749 5441 2830 5487 τις
2865 5426 2966 5477 οὐκ
3007 5423 3398 5492 ἀναθεματίζει
3443 5424 3512 5479 τὰ
3566 5442 3698 5492 συγ-

2125 5520 2432 5587 γράμματα
2473 5515 2845 5586 Θεοδωρήτου,
2870 5515 2939 5570 τὰ
2976 5515 3116 5569 κατὰ
3141 5516 3237 5585 τῆς
3261 5517 3426 5587 ὀρθῆς
3464 5518 3696 5579 πίστεως

2127 5610 2222 5664 τοῦ
2253 5609 2410 5677 ἁγίου
2445 5609 2736 5678 Κυρίλλου,
2771 5609 2866 5660 καὶ
2891 5606 2992 5677 τὴν
3021 5607 3321 5676 λεγομένην
3362 5607 3510 5660 Ἶϐιν
3575 5610 3697 5661 ἐπι-

2131 5701 2347 5770 στολὴν,
2384 5702 2478 5754 καὶ
2503 5699 2774 5769 Θεόδωρον
2805 5703 2895 5750 τὸν
2927 5697 3322 5767 Μόψουεστίας,
3347 5699 3440 5751 καὶ
3473 5699 3539 5751 τὰ
3573 5717 3699 5768 συγ.

2129 5792 2431 5862 γράμματα
2471 5789 2660 5855 αὑτοῦ,
2727 5791 2820 5844 καὶ
2850 5790 2902 5842 εἴ
2941 5806 3024 5853 τις
3072 5790 3131 5842 οὐ
3190 5789 3404 5860 δέχεται
3449 5792 3516 5844 τὰ
3574 5809 3702 5859 συ,-

2133 5887 2438 5957 γράμματα
2464 5885 2554 5938 τοῦ
2571 5884 2723 5952 ἁγίου
2757 5882 3047 5954 Κυρί).λου,
3085 5883 3176 5936 καὶ
3203 5883 3434 5952 μάλιστα
3470 5886 3534 5938 τὰ
3561 5886 3698 5937 κλτὰ
