  <div class='ocr_page' id='page_1' title='image "/cluster/home/n/w/nwhite01/storage/ocr_20150623/154:no.2/coo.31924054870591/484.png"; bbox 0 0 4036 6470; ppageno 0'>
   <div class='ocr_carea' id='block_1_1' title="bbox 270 457 376 522">
    <p class='ocr_par' dir='ltr' id='par_1_1' title="bbox 270 457 376 522">
     <span class='ocr_line' id='line_1_1' title="bbox 270 457 376 522; baseline 0.019 -3"><span class='ocrx_word' id='word_1_1' title='bbox 270 457 376 522; x_wconf 74' lang='grc'><strong>957</strong></span> 
     </span>
    </p>
   </div>
   <div class='ocr_carea' id='block_1_2' title="bbox 1194 461 2603 525">
    <p class='ocr_par' dir='ltr' id='par_1_2' title="bbox 1194 461 2603 525">
     <span class='ocr_line' id='line_1_2' title="bbox 1194 461 2603 525; baseline 0.001 -3"><span class='ocrx_word' id='word_1_2' title='bbox 1194 461 1292 522; x_wconf 89' lang='lat' dir='ltr'><strong>DE</strong></span> <span class='ocrx_word' id='word_1_3' title='bbox 1337 461 1861 523; x_wconf 82' lang='lat' dir='ltr'><strong>PROCESSIONE</strong></span> <span class='ocrx_word' id='word_1_4' title='bbox 1904 462 2268 525; x_wconf 79' lang='lat' dir='ltr'><strong>SPIRITUS</strong></span> <span class='ocrx_word' id='word_1_5' title='bbox 2308 463 2603 524; x_wconf 72' lang='lat' dir='ltr'><strong>SANCTI.</strong></span> 
     </span>
    </p>
   </div>
   <div class='ocr_carea' id='block_1_3' title="bbox 3422 468 3533 529">
    <p class='ocr_par' dir='ltr' id='par_1_3' title="bbox 3422 468 3533 529">
     <span class='ocr_line' id='line_1_3' title="bbox 3422 468 3533 529; baseline 0 0"><span class='ocrx_word' id='word_1_6' title='bbox 3422 468 3533 529; x_wconf 81' lang='lat'><strong>958</strong></span> 
     </span>
    </p>
   </div>
   <div class='ocr_carea' id='block_1_4' title="bbox 273 570 1881 644">
    <p class='ocr_par' dir='ltr' id='par_1_4' title="bbox 273 570 1864 644">
     <span class='ocr_line' id='line_1_4' title="bbox 273 570 1864 644; baseline 0 -19"><span class='ocrx_word' id='word_1_7' title='bbox 273 572 552 643; x_wconf 81' lang='grc' dir='ltr'><strong>Θεοδώρου</strong></span> <span class='ocrx_word' id='word_1_8' title='bbox 573 571 665 625; x_wconf 74' lang='grc' dir='ltr'><strong>καὶ</strong></span> <span class='ocrx_word' id='word_1_9' title='bbox 676 570 1026 644; x_wconf 82' lang='grc' dir='ltr'>Θεοδωρήτου</span> <span class='ocrx_word' id='word_1_10' title='bbox 1050 574 1147 628; x_wconf 67' lang='grc' dir='ltr'>καὶ</span> <span class='ocrx_word' id='word_1_11' title='bbox 1160 574 1416 644; x_wconf 81' lang='grc' dir='ltr'><strong>Ἀνδρέου</strong></span> <span class='ocrx_word' id='word_1_12' title='bbox 1436 576 1532 628; x_wconf 72' lang='grc' dir='ltr'><strong>καὶ</strong></span> <span class='ocrx_word' id='word_1_13' title='bbox 1542 574 1864 643; x_wconf 80' lang='grc' dir='ltr'>Νεστορίου,</span> 
     </span>
    </p>
   </div>
   <div class='ocr_carea' id='block_1_5' title="bbox 1986 570 3621 644">
    <p class='ocr_par' dir='ltr' id='par_1_5' title="bbox 1986 574 3621 641">
     <span class='ocr_line' id='line_1_5' title="bbox 1986 574 3621 641; baseline 0.003 -13"><span class='ocrx_word' id='word_1_14' title='bbox 1986 583 2123 641; x_wconf 84' lang='lat' dir='ltr'><strong>runt,</strong></span> <span class='ocrx_word' id='word_1_15' title='bbox 2151 590 2246 629; x_wconf 88' lang='lat' dir='ltr'><strong>seu</strong></span> <span class='ocrx_word' id='word_1_16' title='bbox 2278 576 2569 641; x_wconf 88' lang='lat' dir='ltr'><strong>sentiunt,</strong></span> <span class='ocrx_word' id='word_1_17' title='bbox 2622 574 2912 631; x_wconf 81' lang='lat' dir='ltr'><strong>anathema</strong></span> <span class='ocrx_word' id='word_1_18' title='bbox 2950 585 3088 631; x_wconf 88' lang='lat' dir='ltr'><strong>esto.</strong></span> <span class='ocrx_word' id='word_1_19' title='bbox 3121 594 3140 627; x_wconf 73' lang='grc' dir='ltr'><strong>ι</strong></span> <span class='ocrx_word' id='word_1_20' title='bbox 3175 577 3376 632; x_wconf 80' lang='lat' dir='ltr'><strong>Eadem</strong></span> <span class='ocrx_word' id='word_1_21' title='bbox 3425 595 3560 633; x_wconf 82' lang='lat' dir='ltr'><strong>vero</strong></span> <span class='ocrx_word' id='word_1_22' title='bbox 3616 578 3621 589; x_wconf 77' lang='lat'><strong>‘</strong></span> 
     </span>
    </p>
   </div>
   <div class='ocr_carea' id='block_1_6' title="bbox 273 663 1862 735">
    <p class='ocr_par' dir='ltr' id='par_1_6' title="bbox 273 663 1862 735">
     <span class='ocr_line' id='line_1_6' title="bbox 273 663 1862 735; baseline 0 -17"><span class='ocrx_word' id='word_1_23' title='bbox 273 663 501 718; x_wconf 76' lang='grc' dir='ltr'>καὶτῶν</span> <span class='ocrx_word' id='word_1_24' title='bbox 529 664 596 717; x_wconf 77' lang='grc' dir='ltr'>τὰ</span> <span class='ocrx_word' id='word_1_25' title='bbox 629 664 789 735; x_wconf 83' lang='grc' dir='ltr'>ὃμοια</span> <span class='ocrx_word' id='word_1_26' title='bbox 819 666 1001 729; x_wconf 80' lang='grc' dir='ltr'>αὐτοῖς</span> <span class='ocrx_word' id='word_1_27' title='bbox 1034 667 1129 718; x_wconf 75' lang='grc' dir='ltr'><strong>καὶ</strong></span> <span class='ocrx_word' id='word_1_28' title='bbox 1152 666 1272 729; x_wconf 75' lang='grc' dir='ltr'>ἐνὸς</span> <span class='ocrx_word' id='word_1_29' title='bbox 1297 666 1478 719; x_wconf 80' lang='grc' dir='ltr'>αὐτῶν</span> <span class='ocrx_word' id='word_1_30' title='bbox 1517 667 1862 735; x_wconf 72' lang='grc' dir='ltr'>πεφρονηκόο</span> 
     </span>
    </p>
   </div>
   <div class='ocr_carea' id='block_1_7' title="bbox 273 755 1862 826">
    <p class='ocr_par' dir='ltr' id='par_1_7' title="bbox 273 755 1862 826">
     <span class='ocr_line' id='line_1_7' title="bbox 273 755 1862 826; baseline 0 -18"><span class='ocrx_word' id='word_1_31' title='bbox 273 773 409 821; x_wconf 81' lang='grc' dir='ltr'>των,</span> <span class='ocrx_word' id='word_1_32' title='bbox 432 756 467 826; x_wconf 79' lang='grc' dir='ltr'>ἢ</span> <span class='ocrx_word' id='word_1_33' title='bbox 506 757 870 826; x_wconf 83' lang='grc' dir='ltr'><strong>φρονούντων,</strong></span> <span class='ocrx_word' id='word_1_34' title='bbox 905 757 1161 826; x_wconf 78' lang='grc' dir='ltr'><strong>ἀνάθεμα</strong></span> <span class='ocrx_word' id='word_1_35' title='bbox 1186 756 1351 811; x_wconf 73' lang='grc' dir='ltr'>ἔστω.</span> <span class='ocrx_word' id='word_1_36' title='bbox 1385 757 1467 812; x_wconf 87' lang='grc' dir='ltr'><strong>Τά</strong></span> <span class='ocrx_word' id='word_1_37' title='bbox 1490 758 1536 811; x_wconf 78' lang='grc' dir='ltr'>δ’</span> <span class='ocrx_word' id='word_1_38' title='bbox 1564 755 1703 811; x_wconf 76' lang='grc' dir='ltr'>αὐτὰ</span> <span class='ocrx_word' id='word_1_39' title='bbox 1731 757 1862 826; x_wconf 75' lang='grc' dir='ltr'>περὶ</span> 
     </span>
    </p>
   </div>
   <div class='ocr_carea' id='block_1_8' title="bbox 1971 665 3558 738">
    <p class='ocr_par' dir='ltr' id='par_1_8' title="bbox 1971 665 3558 738">
     <span class='ocr_line' id='line_1_8' title="bbox 1971 665 3558 738; baseline 0.002 -18"><span class='ocrx_word' id='word_1_40' title='bbox 1971 666 2038 720; x_wconf 91' lang='lat' dir='ltr'><strong>de</strong></span> <span class='ocrx_word' id='word_1_41' title='bbox 2079 666 2201 734; x_wconf 91' lang='lat' dir='ltr'><strong>ipso</strong></span> <span class='ocrx_word' id='word_1_42' title='bbox 2234 674 2289 719; x_wconf 84' lang='lat' dir='ltr'><strong>et</strong></span> <span class='ocrx_word' id='word_1_43' title='bbox 2343 665 2398 720; x_wconf 92' lang='lat' dir='ltr'><strong>in</strong></span> <span class='ocrx_word' id='word_1_44' title='bbox 2433 666 2588 721; x_wconf 86' lang='lat' dir='ltr'><strong>Actis</strong></span> <span class='ocrx_word' id='word_1_45' title='bbox 2633 676 2837 722; x_wconf 74' lang='lat' dir='ltr'><strong>sancta:</strong></span> <span class='ocrx_word' id='word_1_46' title='bbox 2872 675 2930 722; x_wconf 88' lang='lat' dir='ltr'><strong>et</strong></span> <span class='ocrx_word' id='word_1_47' title='bbox 2959 668 3316 723; x_wconf 69' lang='lat' dir='ltr'><strong>mcumenicat</strong></span> <span class='ocrx_word' id='word_1_48' title='bbox 3350 667 3558 738; x_wconf 74' lang='lat' dir='ltr'><strong>quinta:</strong></span> 
     </span>
    </p>
   </div>
   <div class='ocr_carea' id='block_1_9' title="bbox 1970 756 2887 828">
    <p class='ocr_par' dir='ltr' id='par_1_9' title="bbox 1970 756 2887 828">
     <span class='ocr_line' id='line_1_9' title="bbox 1970 756 2887 828; baseline 0 -16"><span class='ocrx_word' id='word_1_49' title='bbox 1970 756 2166 828; x_wconf 86' lang='lat' dir='ltr'><strong>synodi</strong></span> <span class='ocrx_word' id='word_1_50' title='bbox 2204 756 2432 811; x_wconf 86' lang='lat' dir='ltr'><strong>uberius</strong></span> <span class='ocrx_word' id='word_1_51' title='bbox 2454 757 2708 814; x_wconf 82' lang='lat' dir='ltr'><strong>invenire</strong></span> <span class='ocrx_word' id='word_1_52' title='bbox 2732 757 2887 813; x_wconf 87' lang='lat' dir='ltr'><strong>licet.</strong></span> 
     </span>
    </p>
   </div>
   <div class='ocr_carea' id='block_1_10' title="bbox 275 848 3553 922">
    <p class='ocr_par' dir='ltr' id='par_1_10' title="bbox 275 848 3553 922">
     <span class='ocr_line' id='line_1_10' title="bbox 275 848 3553 922; baseline 0 -19"><span class='ocrx_word' id='word_1_53' title='bbox 275 849 445 903; x_wconf 69' lang='grc' dir='ltr'>αὑτοῦ</span> <span class='ocrx_word' id='word_1_54' title='bbox 508 848 606 903; x_wconf 74' lang='grc' dir='ltr'>καὶ</span> <span class='ocrx_word' id='word_1_55' title='bbox 653 849 762 903; x_wconf 80' lang='grc' dir='ltr'><strong>ἀπὸ</strong></span> <span class='ocrx_word' id='word_1_56' title='bbox 803 850 914 913; x_wconf 75' lang='grc' dir='ltr'>τῶν</span> <span class='ocrx_word' id='word_1_57' title='bbox 956 849 1285 921; x_wconf 83' lang='grc' dir='ltr'>Πρακτικῶν</span> <span class='ocrx_word' id='word_1_58' title='bbox 1344 852 1434 921; x_wconf 68' lang='grc' dir='ltr'>τῆς</span> <span class='ocrx_word' id='word_1_59' title='bbox 1493 849 1655 918; x_wconf 80' lang='grc' dir='ltr'>ἁγίας</span> <span class='ocrx_word' id='word_1_60' title='bbox 1696 851 1791 904; x_wconf 76' lang='grc' dir='ltr'><strong>καὶ</strong></span> <span class='ocrx_word' id='word_1_61' title='bbox 1849 848 2235 920; x_wconf 80' lang='grc' dir='ltr'>οίκουμενικῆς</span> <span class='ocrx_word' id='word_1_62' title='bbox 2317 850 2578 921; x_wconf 80' lang='grc' dir='ltr'><strong>πέμπτης</strong></span> <span class='ocrx_word' id='word_1_63' title='bbox 2646 851 2867 905; x_wconf 83' lang='grc' dir='ltr'>συνόδου</span> <span class='ocrx_word' id='word_1_64' title='bbox 2940 850 3091 906; x_wconf 82' lang='grc' dir='ltr'>ἔστιν</span> <span class='ocrx_word' id='word_1_65' title='bbox 3172 851 3553 922; x_wconf 69' lang='grc' dir='ltr'>ἀφθονώτερον</span> 
     </span>
    </p>
   </div>
   <div class='ocr_carea' id='block_1_11' title="bbox 280 942 483 1014">
    <p class='ocr_par' dir='ltr' id='par_1_11' title="bbox 280 942 483 1014">
     <span class='ocr_line' id='line_1_11' title="bbox 280 942 483 1014; baseline -0.02 -15"><span class='ocrx_word' id='word_1_66' title='bbox 280 942 483 1014; x_wconf 75' lang='grc' dir='ltr'>εὑρεῖν.</span> 
     </span>
    </p>
   </div>
   <div class='ocr_carea' id='block_1_12' title="bbox 802 1060 1231 1117">
    <p class='ocr_par' dir='ltr' id='par_1_12' title="bbox 802 1060 1231 1117">
     <span class='ocr_line' id='line_1_12' title="bbox 802 1060 1231 1117; baseline 0.009 -4"><span class='ocrx_word' id='word_1_67' title='bbox 802 1092 809 1099; x_wconf 88' lang='grc'><strong>-</strong></span> <span class='ocrx_word' id='word_1_68' title='bbox 878 1060 1104 1115; x_wconf 69' lang='grc' dir='ltr'><strong>ΚΕΦΑΛ</strong></span> <span class='ocrx_word' id='word_1_69' title='bbox 1134 1062 1231 1117; x_wconf 77' lang='lat' dir='ltr'><strong>II&quot;.</strong></span> 
     </span>
    </p>
   </div>
   <div class='ocr_carea' id='block_1_13' title="bbox 368 1151 1861 1293">
    <p class='ocr_par' dir='ltr' id='par_1_13' title="bbox 368 1151 1861 1293">
     <span class='ocr_line' id='line_1_13' title="bbox 368 1151 1861 1277; baseline -0.001 -70"><span class='ocrx_word' id='word_1_70' title='bbox 368 1151 831 1222; x_wconf 79' lang='grc' dir='ltr'>Ἐπισυνατωτὴ</span> <span class='ocrx_word' id='word_1_71' title='bbox 897 1153 1042 1277; x_wconf 52' lang='lat' dir='ltr'><strong>sig-6</strong></span> <span class='ocrx_word' id='word_1_72' title='bbox 1076 1153 1412 1222; x_wconf 72' lang='grc' dir='ltr'><strong>εἰρημένων</strong></span> <span class='ocrx_word' id='word_1_73' title='bbox 1453 1153 1608 1223; x_wconf 80' lang='grc' dir='ltr'>μετὰ</span> <span class='ocrx_word' id='word_1_74' title='bbox 1670 1153 1800 1207; x_wconf 78' lang='grc' dir='ltr'>ἐπι·</span> <span class='ocrx_word' id='word_1_75' title='bbox 1856 1154 1861 1160; x_wconf 86' lang='grc'><em>’</em></span> 
     </span>
     <span class='ocr_line' id='line_1_14' title="bbox 1043 1241 1175 1293; baseline 0 -15"><span class='ocrx_word' id='word_1_76' title='bbox 1043 1241 1175 1293; x_wconf 80' lang='grc' dir='ltr'>γον.</span> 
     </span>
    </p>
   </div>
   <div class='ocr_carea' id='block_1_14' title="bbox 353 1330 1862 1403">
    <p class='ocr_par' dir='ltr' id='par_1_14' title="bbox 353 1330 1862 1403">
     <span class='ocr_line' id='line_1_15' title="bbox 353 1330 1862 1403; baseline 0.004 -20"><span class='ocrx_word' id='word_1_77' title='bbox 353 1330 434 1383; x_wconf 74' lang='grc' dir='ltr'>Τὰ</span> <span class='ocrx_word' id='word_1_78' title='bbox 468 1330 569 1399; x_wconf 75' lang='grc' dir='ltr'>μὲν</span> <span class='ocrx_word' id='word_1_79' title='bbox 593 1331 687 1385; x_wconf 81' lang='grc' dir='ltr'><strong>οὖν</strong></span> <span class='ocrx_word' id='word_1_80' title='bbox 735 1332 865 1402; x_wconf 75' lang='grc' dir='ltr'>περὶ</span> <span class='ocrx_word' id='word_1_81' title='bbox 894 1334 1104 1386; x_wconf 88' lang='grc' dir='ltr'>τούτων</span> <span class='ocrx_word' id='word_1_82' title='bbox 1126 1334 1307 1403; x_wconf 74' lang='grc' dir='ltr'>ἀρκεῖ.</span> <span class='ocrx_word' id='word_1_83' title='bbox 1345 1333 1621 1403; x_wconf 82' lang='grc' dir='ltr'><strong>Βούλομαι</strong></span> <span class='ocrx_word' id='word_1_84' title='bbox 1646 1336 1702 1388; x_wconf 77' lang='grc' dir='ltr'>δὲ</span> <span class='ocrx_word' id='word_1_85' title='bbox 1730 1337 1862 1389; x_wconf 84' lang='grc' dir='ltr'>ἀνα-</span> 
     </span>
    </p>
   </div>
   <div class='ocr_carea' id='block_1_15' title="bbox 284 1422 1866 1495">
    <p class='ocr_par' dir='ltr' id='par_1_15' title="bbox 284 1422 1866 1495">
     <span class='ocr_line' id='line_1_16' title="bbox 284 1422 1866 1495; baseline 0.003 -20"><span class='ocrx_word' id='word_1_86' title='bbox 284 1422 465 1475; x_wconf 76' lang='grc' dir='ltr'>λαϐὼν</span> <span class='ocrx_word' id='word_1_87' title='bbox 497 1423 557 1489; x_wconf 80' lang='grc' dir='ltr'><strong>ἐξ</strong></span> <span class='ocrx_word' id='word_1_88' title='bbox 594 1423 770 1492; x_wconf 81' lang='grc' dir='ltr'>ἀρχῆς</span> <span class='ocrx_word' id='word_1_89' title='bbox 821 1423 1248 1491; x_wconf 69' lang='grc' dir='ltr'><strong>συλλογίσασθαι</strong></span> <span class='ocrx_word' id='word_1_90' title='bbox 1297 1425 1366 1479; x_wconf 80' lang='grc' dir='ltr'><strong>τά</strong></span> <span class='ocrx_word' id='word_1_91' title='bbox 1419 1428 1715 1495; x_wconf 79' lang='grc' dir='ltr'>εἰρημένα.</span> <span class='ocrx_word' id='word_1_92' title='bbox 1769 1429 1866 1480; x_wconf 78' lang='grc' dir='ltr'><strong>Δέο</strong></span> 
     </span>
    </p>
   </div>
   <div class='ocr_carea' id='block_1_16' title="bbox 281 1511 1867 1583">
    <p class='ocr_par' dir='ltr' id='par_1_16' title="bbox 281 1511 1867 1583">
     <span class='ocr_line' id='line_1_17' title="bbox 281 1511 1867 1583; baseline 0.004 -19"><span class='ocrx_word' id='word_1_93' title='bbox 281 1512 495 1564; x_wconf 79' lang='grc' dir='ltr'>δεικται</span> <span class='ocrx_word' id='word_1_94' title='bbox 543 1511 766 1580; x_wconf 85' lang='grc' dir='ltr'>πρῶτον</span> <span class='ocrx_word' id='word_1_95' title='bbox 813 1515 930 1577; x_wconf 81' lang='grc' dir='ltr'>τοῖς</span> <span class='ocrx_word' id='word_1_96' title='bbox 969 1515 1035 1566; x_wconf 83' lang='grc' dir='ltr'><strong>ἐκ</strong></span> <span class='ocrx_word' id='word_1_97' title='bbox 1066 1514 1169 1583; x_wconf 83' lang='grc' dir='ltr'><strong>τῆς</strong></span> <span class='ocrx_word' id='word_1_98' title='bbox 1203 1515 1394 1579; x_wconf 86' lang='grc' dir='ltr'>ούσίσς</span> <span class='ocrx_word' id='word_1_99' title='bbox 1421 1517 1515 1569; x_wconf 87' lang='grc' dir='ltr'><strong>τοῦ</strong></span> <span class='ocrx_word' id='word_1_100' title='bbox 1548 1517 1763 1582; x_wconf 83' lang='grc' dir='ltr'>Πατρδς</span> <span class='ocrx_word' id='word_1_101' title='bbox 1789 1515 1867 1570; x_wconf 82' lang='grc' dir='ltr'><strong>εἶ-</strong></span> 
     </span>
    </p>
   </div>
   <div class='ocr_carea' id='block_1_17' title="bbox 283 1604 1868 1683">
    <p class='ocr_par' dir='ltr' id='par_1_17' title="bbox 283 1604 1868 1683">
     <span class='ocr_line' id='line_1_18' title="bbox 283 1604 1868 1683; baseline 0.004 -26"><span class='ocrx_word' id='word_1_102' title='bbox 283 1623 375 1658; x_wconf 84' lang='grc' dir='ltr'><strong>ναι</strong></span> <span class='ocrx_word' id='word_1_103' title='bbox 406 1604 500 1657; x_wconf 73' lang='grc' dir='ltr'>τὸν</span> <span class='ocrx_word' id='word_1_104' title='bbox 533 1604 664 1657; x_wconf 82' lang='grc' dir='ltr'>Υίδν</span> <span class='ocrx_word' id='word_1_105' title='bbox 702 1605 1057 1674; x_wconf 78' lang='grc' dir='ltr'>ἀρνουμένοις</span> <span class='ocrx_word' id='word_1_106' title='bbox 1089 1606 1261 1660; x_wconf 80' lang='grc' dir='ltr'>πολλά</span> <span class='ocrx_word' id='word_1_107' title='bbox 1286 1609 1353 1661; x_wconf 71' lang='grc' dir='ltr'>τὰ</span> <span class='ocrx_word' id='word_1_108' title='bbox 1385 1609 1564 1663; x_wconf 81' lang='grc' dir='ltr'>ἄτοπα</span> <span class='ocrx_word' id='word_1_109' title='bbox 1595 1604 1832 1683; x_wconf 70' lang='grc' dir='ltr'>ἕπεσθαι</span> <span class='ocrx_word' id='word_1_110' title='bbox 1852 1628 1868 1642; x_wconf 77' lang='grc' dir='ltr'><strong>ο</strong></span> 
     </span>
    </p>
   </div>
   <div class='ocr_carea' id='block_1_18' title="bbox 283 1696 1872 1769">
    <p class='ocr_par' dir='ltr' id='par_1_18' title="bbox 283 1696 1872 1769">
     <span class='ocr_line' id='line_1_19' title="bbox 283 1696 1872 1769; baseline 0.003 -19"><span class='ocrx_word' id='word_1_111' title='bbox 283 1697 539 1767; x_wconf 72' lang='grc' dir='ltr'>δεύτερον</span> <span class='ocrx_word' id='word_1_112' title='bbox 593 1697 736 1751; x_wconf 90' lang='grc' dir='ltr'><strong>κατά</strong></span> <span class='ocrx_word' id='word_1_113' title='bbox 780 1696 904 1751; x_wconf 84' lang='grc' dir='ltr'>τίνα</span> <span class='ocrx_word' id='word_1_114' title='bbox 952 1700 1053 1768; x_wconf 78' lang='grc' dir='ltr'>τὴν</span> <span class='ocrx_word' id='word_1_115' title='bbox 1088 1699 1298 1755; x_wconf 74' lang='grc' dir='ltr'>ἔννοιαν</span> <span class='ocrx_word' id='word_1_116' title='bbox 1331 1702 1462 1756; x_wconf 81' lang='grc' dir='ltr'>ἄλλο</span> <span class='ocrx_word' id='word_1_117' title='bbox 1513 1703 1725 1769; x_wconf 81' lang='grc' dir='ltr'>οὐσίαν,</span> <span class='ocrx_word' id='word_1_118' title='bbox 1774 1705 1872 1757; x_wconf 64' lang='grc' dir='ltr'><strong>καὶ¹</strong></span> 
     </span>
    </p>
   </div>
   <div class='ocr_carea' id='block_1_19' title="bbox 2561 1059 2964 1117">
    <p class='ocr_par' dir='ltr' id='par_1_19' title="bbox 2561 1059 2964 1117">
     <span class='ocr_line' id='line_1_20' title="bbox 2561 1059 2964 1117; baseline -0.002 -1"><span class='ocrx_word' id='word_1_119' title='bbox 2561 1061 2788 1117; x_wconf 79' lang='lat' dir='ltr'><strong>CAPUT</strong></span> <span class='ocrx_word' id='word_1_120' title='bbox 2824 1059 2964 1115; x_wconf 78' lang='lat' dir='ltr'><strong>XIII.</strong></span> 
     </span>
    </p>
   </div>
   <div class='ocr_carea' id='block_1_20' title="bbox 2094 1150 3427 1224">
    <p class='ocr_par' dir='ltr' id='par_1_20' title="bbox 2094 1150 3427 1224">
     <span class='ocr_line' id='line_1_21' title="bbox 2094 1150 3427 1224; baseline 0.002 -18"><span class='ocrx_word' id='word_1_121' title='bbox 2094 1150 2276 1207; x_wconf 73' lang='lat' dir='ltr'><strong>Breuis</strong></span> <span class='ocrx_word' id='word_1_122' title='bbox 2310 1153 2553 1224; x_wconf 73' lang='lat' dir='ltr'><strong>repetitio</strong></span> <span class='ocrx_word' id='word_1_123' title='bbox 2585 1171 2787 1214; x_wconf 85' lang='lat' dir='ltr'><strong>eorum.</strong></span> <span class='ocrx_word' id='word_1_124' title='bbox 2818 1170 2937 1224; x_wconf 66' lang='lat' dir='ltr'><strong>qua</strong></span> <span class='ocrx_word' id='word_1_125' title='bbox 2958 1154 3099 1209; x_wconf 83' lang='lat' dir='ltr'><strong>dicta</strong></span> <span class='ocrx_word' id='word_1_126' title='bbox 3125 1164 3274 1222; x_wconf 80' lang='lat' dir='ltr'><strong>sunt,</strong></span> <span class='ocrx_word' id='word_1_127' title='bbox 3309 1172 3427 1209; x_wconf 84' lang='lat' dir='ltr'><strong>cum</strong></span> 
     </span>
    </p>
   </div>
   <div class='ocr_carea' id='block_1_21' title="bbox 2651 1224 2876 1296">
    <p class='ocr_par' dir='ltr' id='par_1_21' title="bbox 2651 1224 2876 1296">
     <span class='ocr_line' id='line_1_22' title="bbox 2651 1224 2876 1296; baseline 0 -17"><span class='ocrx_word' id='word_1_128' title='bbox 2651 1224 2876 1296; x_wconf 77' lang='lat' dir='ltr'><strong>epilogo.</strong></span> 
     </span>
    </p>
   </div>
   <div class='ocr_carea' id='block_1_22' title="bbox 2033 1349 3549 1421">
    <p class='ocr_par' dir='ltr' id='par_1_22' title="bbox 2033 1349 3549 1421">
     <span class='ocr_line' id='line_1_23' title="bbox 2033 1349 3549 1421; baseline 0.003 -18"><span class='ocrx_word' id='word_1_129' title='bbox 2033 1349 2166 1417; x_wconf 73' lang='lat' dir='ltr'><strong>Qum</strong></span> <span class='ocrx_word' id='word_1_130' title='bbox 2202 1350 2372 1421; x_wconf 83' lang='lat' dir='ltr'><strong>igitur</strong></span> <span class='ocrx_word' id='word_1_131' title='bbox 2396 1352 2670 1407; x_wconf 86' lang='lat' dir='ltr'><strong>recensita</strong></span> <span class='ocrx_word' id='word_1_132' title='bbox 2700 1361 2833 1406; x_wconf 88' lang='lat' dir='ltr'><strong>sunt</strong></span> <span class='ocrx_word' id='word_1_133' title='bbox 2860 1352 2926 1407; x_wconf 89' lang='lat' dir='ltr'><strong>de</strong></span> <span class='ocrx_word' id='word_1_134' title='bbox 2957 1352 3046 1407; x_wconf 86' lang='lat' dir='ltr'><strong>bis</strong></span> <span class='ocrx_word' id='word_1_135' title='bbox 3088 1352 3382 1407; x_wconf 73' lang='lat' dir='ltr'><strong>sufﬁciant.</strong></span> <span class='ocrx_word' id='word_1_136' title='bbox 3416 1352 3549 1407; x_wconf 82' lang='lat' dir='ltr'><strong>Volo</strong></span> 
     </span>
    </p>
   </div>
   <div class='ocr_carea' id='block_1_23' title="bbox 1965 1443 3553 1515">
    <p class='ocr_par' dir='ltr' id='par_1_23' title="bbox 1965 1443 3553 1515">
     <span class='ocr_line' id='line_1_24' title="bbox 1965 1443 3553 1515; baseline 0.002 -20"><span class='ocrx_word' id='word_1_137' title='bbox 1965 1452 2152 1496; x_wconf 78' lang='lat' dir='ltr'><strong>autem</strong></span> <span class='ocrx_word' id='word_1_138' title='bbox 2188 1458 2217 1496; x_wconf 90' lang='lat' dir='ltr'><strong>a</strong></span> <span class='ocrx_word' id='word_1_139' title='bbox 2256 1443 2531 1512; x_wconf 86' lang='lat' dir='ltr'><strong>principio</strong></span> <span class='ocrx_word' id='word_1_140' title='bbox 2580 1445 2974 1499; x_wconf 87' lang='lat' dir='ltr'><strong>rcassumendo</strong></span> <span class='ocrx_word' id='word_1_141' title='bbox 3022 1462 3142 1515; x_wconf 69' lang='lat' dir='ltr'><strong>qua:</strong></span> <span class='ocrx_word' id='word_1_142' title='bbox 3174 1446 3318 1500; x_wconf 87' lang='lat' dir='ltr'><strong>dicta</strong></span> <span class='ocrx_word' id='word_1_143' title='bbox 3378 1457 3509 1499; x_wconf 86' lang='lat' dir='ltr'><strong>sunt</strong></span> <span class='ocrx_word' id='word_1_144' title='bbox 3537 1485 3553 1507; x_wconf 91' lang='lat'><strong>,</strong></span> 
     </span>
    </p>
   </div>
   <div class='ocr_carea' id='block_1_24' title="bbox 1967 1534 3546 1607">
    <p class='ocr_par' dir='ltr' id='par_1_24' title="bbox 1967 1534 3546 1607">
     <span class='ocr_line' id='line_1_25' title="bbox 1967 1534 3546 1607; baseline 0.001 -17"><span class='ocrx_word' id='word_1_145' title='bbox 1967 1534 2320 1590; x_wconf 71' lang='lat' dir='ltr'><strong>concludere.</strong></span> <span class='ocrx_word' id='word_1_146' title='bbox 2356 1536 2562 1599; x_wconf 83' lang='lat' dir='ltr'><strong>Primo,</strong></span> <span class='ocrx_word' id='word_1_147' title='bbox 2597 1546 2880 1591; x_wconf 84' lang='lat' dir='ltr'><strong>ostensum</strong></span> <span class='ocrx_word' id='word_1_148' title='bbox 2913 1547 2999 1592; x_wconf 85' lang='lat' dir='ltr'><strong>est</strong></span> <span class='ocrx_word' id='word_1_149' title='bbox 3036 1552 3152 1603; x_wconf 82' lang='lat' dir='ltr'><strong>eos,</strong></span> <span class='ocrx_word' id='word_1_150' title='bbox 3187 1538 3279 1607; x_wconf 89' lang='lat' dir='ltr'><strong>qui</strong></span> <span class='ocrx_word' id='word_1_151' title='bbox 3313 1554 3379 1591; x_wconf 80' lang='lat' dir='ltr'><strong>ex</strong></span> <span class='ocrx_word' id='word_1_152' title='bbox 3414 1538 3546 1592; x_wconf 82' lang='lat' dir='ltr'><strong>sub-</strong></span> 
     </span>
    </p>
   </div>
   <div class='ocr_carea' id='block_1_25' title="bbox 1967 1625 3542 1705">
    <p class='ocr_par' dir='ltr' id='par_1_25' title="bbox 1967 1625 3542 1705">
     <span class='ocr_line' id='line_1_26' title="bbox 1967 1625 3542 1705; baseline 0 -24"><span class='ocrx_word' id='word_1_153' title='bbox 1967 1627 2168 1681; x_wconf 88' lang='lat' dir='ltr'><strong>stantia</strong></span> <span class='ocrx_word' id='word_1_154' title='bbox 2214 1626 2392 1681; x_wconf 91' lang='lat' dir='ltr'><strong>Patris</strong></span> <span class='ocrx_word' id='word_1_155' title='bbox 2433 1641 2557 1681; x_wconf 87' lang='lat' dir='ltr'><strong>esse</strong></span> <span class='ocrx_word' id='word_1_156' title='bbox 2598 1625 2796 1681; x_wconf 85' lang='lat' dir='ltr'><strong>Filium</strong></span> <span class='ocrx_word' id='word_1_157' title='bbox 2846 1635 3070 1705; x_wconf 82' lang='lat' dir='ltr'><strong>negant,</strong></span> <span class='ocrx_word' id='word_1_158' title='bbox 3102 1628 3270 1681; x_wconf 87' lang='lat' dir='ltr'><strong>multa</strong></span> <span class='ocrx_word' id='word_1_159' title='bbox 3301 1627 3542 1682; x_wconf 86' lang='lat' dir='ltr'><strong>absurda</strong></span> 
     </span>
    </p>
   </div>
   <div class='ocr_carea' id='block_1_26' title="bbox 1969 1717 3560 1788">
    <p class='ocr_par' dir='ltr' id='par_1_26' title="bbox 1969 1717 3560 1788">
     <span class='ocr_line' id='line_1_27' title="bbox 1969 1717 3560 1788; baseline -0.001 -13"><span class='ocrx_word' id='word_1_160' title='bbox 1969 1717 2145 1788; x_wconf 83' lang='lat' dir='ltr'><strong>sequi.</strong></span> <span class='ocrx_word' id='word_1_161' title='bbox 2185 1717 2482 1784; x_wconf 83' lang='lat' dir='ltr'><strong>Secundo,</strong></span> <span class='ocrx_word' id='word_1_162' title='bbox 2517 1734 2626 1788; x_wconf 90' lang='lat' dir='ltr'><strong>quo</strong></span> <span class='ocrx_word' id='word_1_163' title='bbox 2681 1733 2844 1773; x_wconf 90' lang='lat' dir='ltr'><strong>sensu</strong></span> <span class='ocrx_word' id='word_1_164' title='bbox 2878 1719 3026 1774; x_wconf 83' lang='lat' dir='ltr'><strong>aliud</strong></span> <span class='ocrx_word' id='word_1_165' title='bbox 3077 1718 3468 1784; x_wconf 75' lang='lat' dir='ltr'><strong>substantiam,</strong></span> <span class='ocrx_word' id='word_1_166' title='bbox 3502 1727 3560 1772; x_wconf 90' lang='lat' dir='ltr'><strong>et</strong></span> 
     </span>
    </p>
   </div>
   <div class='ocr_carea' id='block_1_27' title="bbox 285 1790 1881 1889">
    <p class='ocr_par' dir='ltr' id='par_1_27' title="bbox 285 1790 1866 1865">
     <span class='ocr_line' id='line_1_28' title="bbox 285 1790 1866 1865; baseline 0.001 -20"><span class='ocrx_word' id='word_1_167' title='bbox 285 1791 416 1845; x_wconf 74' lang='grc' dir='ltr'>ἄλλο</span> <span class='ocrx_word' id='word_1_168' title='bbox 445 1790 745 1844; x_wconf 74' lang='grc' dir='ltr'>ὑπόστασιν</span> <span class='ocrx_word' id='word_1_169' title='bbox 775 1790 825 1843; x_wconf 83' lang='lat' dir='ltr'><strong>ol</strong></span> <span class='ocrx_word' id='word_1_170' title='bbox 876 1790 1116 1859; x_wconf 83' lang='grc' dir='ltr'>θεολόγοι</span> <span class='ocrx_word' id='word_1_171' title='bbox 1150 1797 1316 1861; x_wconf 74' lang='grc' dir='ltr'>φασὶν</span> <span class='ocrx_word' id='word_1_172' title='bbox 1332 1795 1426 1847; x_wconf 75' lang='grc' dir='ltr'><strong>ἐπὶ</strong></span> <span class='ocrx_word' id='word_1_173' title='bbox 1454 1794 1596 1848; x_wconf 83' lang='grc' dir='ltr'>Θεοῦ</span> <span class='ocrx_word' id='word_1_174' title='bbox 1620 1810 1636 1824; x_wconf 86' lang='grc'><strong>·</strong></span> <span class='ocrx_word' id='word_1_175' title='bbox 1682 1795 1866 1865; x_wconf 85' lang='grc' dir='ltr'>τρίτον</span> 
     </span>
    </p>
   </div>
   <div class='ocr_carea' id='block_1_28' title="bbox 1986 1790 3557 1889">
    <p class='ocr_par' dir='ltr' id='par_1_28' title="bbox 1986 1807 3557 1879">
     <span class='ocr_line' id='line_1_29' title="bbox 1986 1807 3557 1879; baseline -0.002 -17"><span class='ocrx_word' id='word_1_176' title='bbox 1986 1809 2115 1862; x_wconf 80' lang='lat' dir='ltr'><strong>iliud</strong></span> <span class='ocrx_word' id='word_1_177' title='bbox 2154 1809 2489 1879; x_wconf 74' lang='lat' dir='ltr'><strong>hyposutsim</strong></span> <span class='ocrx_word' id='word_1_178' title='bbox 2522 1808 2578 1861; x_wconf 90' lang='lat' dir='ltr'><strong>in</strong></span> <span class='ocrx_word' id='word_1_179' title='bbox 2612 1809 2726 1862; x_wconf 90' lang='lat' dir='ltr'><strong>Deo</strong></span> <span class='ocrx_word' id='word_1_180' title='bbox 2758 1808 2995 1879; x_wconf 82' lang='lat' dir='ltr'><strong>theologi</strong></span> <span class='ocrx_word' id='word_1_181' title='bbox 3026 1819 3302 1864; x_wconf 85' lang='lat' dir='ltr'><strong>asseram.</strong></span> <span class='ocrx_word' id='word_1_182' title='bbox 3345 1807 3557 1869; x_wconf 85' lang='lat' dir='ltr'><strong>Tertio,</strong></span> 
     </span>
    </p>
   </div>
   <div class='ocr_carea' id='block_1_29' title="bbox 286 1883 1881 1975">
    <p class='ocr_par' dir='ltr' id='par_1_29' title="bbox 286 1883 1871 1958">
     <span class='ocr_line' id='line_1_30' title="bbox 286 1883 1871 1958; baseline 0.003 -22"><span class='ocrx_word' id='word_1_183' title='bbox 286 1883 449 1938; x_wconf 76' lang='grc' dir='ltr'>οὐσία</span> <span class='ocrx_word' id='word_1_184' title='bbox 478 1884 575 1938; x_wconf 77' lang='grc' dir='ltr'>καὶ</span> <span class='ocrx_word' id='word_1_185' title='bbox 611 1884 915 1948; x_wconf 79' lang='grc' dir='ltr'>ὑπόστασις</span> <span class='ocrx_word' id='word_1_186' title='bbox 972 1886 1069 1941; x_wconf 76' lang='grc' dir='ltr'>καὶ</span> <span class='ocrx_word' id='word_1_187' title='bbox 1106 1888 1304 1958; x_wconf 75' lang='grc' dir='ltr'>ἰδιότης</span> <span class='ocrx_word' id='word_1_188' title='bbox 1348 1890 1442 1942; x_wconf 70' lang='grc' dir='ltr'><strong>ἐπὶ</strong></span> <span class='ocrx_word' id='word_1_189' title='bbox 1485 1888 1621 1943; x_wconf 83' lang='grc' dir='ltr'>Θεοῦ</span> <span class='ocrx_word' id='word_1_190' title='bbox 1670 1887 1871 1942; x_wconf 84' lang='grc' dir='ltr'>ταυτόν</span> 
     </span>
    </p>
   </div>
   <div class='ocr_carea' id='block_1_30' title="bbox 1986 1883 3560 1975">
    <p class='ocr_par' dir='ltr' id='par_1_30' title="bbox 1986 1898 3560 1975">
     <span class='ocr_line' id='line_1_31' title="bbox 1986 1898 3560 1975; baseline -0.003 -19"><span class='ocrx_word' id='word_1_191' title='bbox 1986 1901 2305 1963; x_wconf 69' lang='lat' dir='ltr'><strong>substantia,</strong></span> <span class='ocrx_word' id='word_1_192' title='bbox 2332 1908 2390 1955; x_wconf 91' lang='lat' dir='ltr'><strong>et</strong></span> <span class='ocrx_word' id='word_1_193' title='bbox 2435 1900 2771 1975; x_wconf 80' lang='lat' dir='ltr'><strong>ltypostasis.</strong></span> <span class='ocrx_word' id='word_1_194' title='bbox 2810 1909 2980 1970; x_wconf 90' lang='lat' dir='ltr'><strong>atque</strong></span> <span class='ocrx_word' id='word_1_195' title='bbox 3015 1901 3322 1969; x_wconf 85' lang='lat' dir='ltr'><strong>proprietas</strong></span> <span class='ocrx_word' id='word_1_196' title='bbox 3348 1899 3405 1953; x_wconf 89' lang='lat' dir='ltr'><strong>in</strong></span> <span class='ocrx_word' id='word_1_197' title='bbox 3447 1898 3560 1952; x_wconf 84' lang='lat' dir='ltr'><strong>Deo</strong></span> 
     </span>
    </p>
   </div>
   <div class='ocr_carea' id='block_1_31' title="bbox 289 1976 1871 2048">
    <p class='ocr_par' dir='ltr' id='par_1_31' title="bbox 289 1976 1871 2048">
     <span class='ocr_line' id='line_1_32' title="bbox 289 1976 1871 2048; baseline 0.003 -20"><span class='ocrx_word' id='word_1_198' title='bbox 289 1979 440 2030; x_wconf 86' lang='grc' dir='ltr'>ἐστιν</span> <span class='ocrx_word' id='word_1_199' title='bbox 481 1976 620 2030; x_wconf 85' lang='grc' dir='ltr'><strong>κατά</strong></span> <span class='ocrx_word' id='word_1_200' title='bbox 651 1976 715 2029; x_wconf 82' lang='grc' dir='ltr'><strong>τὸ</strong></span> <span class='ocrx_word' id='word_1_201' title='bbox 755 1978 992 2046; x_wconf 76' lang='grc' dir='ltr'>πρᾶγμα</span> <span class='ocrx_word' id='word_1_202' title='bbox 1023 1993 1038 2007; x_wconf 88' lang='grc'><strong>·</strong></span> <span class='ocrx_word' id='word_1_203' title='bbox 1106 1977 1371 2048; x_wconf 83' lang='grc' dir='ltr'>τέταρτον</span> <span class='ocrx_word' id='word_1_204' title='bbox 1419 1979 1502 2033; x_wconf 77' lang='grc' dir='ltr'>ὅτι</span> <span class='ocrx_word' id='word_1_205' title='bbox 1547 1981 1596 2033; x_wconf 82' lang='grc' dir='ltr'>εἰ</span> <span class='ocrx_word' id='word_1_206' title='bbox 1636 1980 1731 2033; x_wconf 71' lang='grc' dir='ltr'><strong>καὶ</strong></span> <span class='ocrx_word' id='word_1_207' title='bbox 1764 1996 1871 2032; x_wconf 77' lang='grc' dir='ltr'>πα-</span> 
     </span>
    </p>
   </div>
   <div class='ocr_carea' id='block_1_32' title="bbox 236 2068 1868 2141">
    <p class='ocr_par' dir='ltr' id='par_1_32' title="bbox 236 2068 1868 2141">
     <span class='ocr_line' id='line_1_33' title="bbox 236 2068 1868 2141; baseline 0.004 -21"><span class='ocrx_word' id='word_1_208' title='bbox 236 2075 242 2080; x_wconf 85' lang='grc'><em>’</em></span> <span class='ocrx_word' id='word_1_209' title='bbox 291 2070 490 2138; x_wconf 77' lang='grc' dir='ltr'>τρότης</span> <span class='ocrx_word' id='word_1_210' title='bbox 517 2068 672 2134; x_wconf 66' lang='grc' dir='ltr'>οὐσία</span> <span class='ocrx_word' id='word_1_211' title='bbox 713 2071 808 2122; x_wconf 73' lang='grc' dir='ltr'><strong>καὶ</strong></span> <span class='ocrx_word' id='word_1_212' title='bbox 847 2070 1117 2140; x_wconf 72' lang='grc' dir='ltr'>ὴυὶότης,</span> <span class='ocrx_word' id='word_1_213' title='bbox 1169 2071 1230 2124; x_wconf 85' lang='grc' dir='ltr'><strong>ού</strong></span> <span class='ocrx_word' id='word_1_214' title='bbox 1270 2071 1359 2124; x_wconf 79' lang='grc' dir='ltr'>διὰ</span> <span class='ocrx_word' id='word_1_215' title='bbox 1390 2070 1549 2124; x_wconf 85' lang='grc' dir='ltr'>τοῦτο</span> <span class='ocrx_word' id='word_1_216' title='bbox 1594 2071 1653 2136; x_wconf 78' lang='grc' dir='ltr'><strong>ἐξ</strong></span> <span class='ocrx_word' id='word_1_217' title='bbox 1693 2073 1868 2141; x_wconf 77' lang='grc' dir='ltr'>ἀνάγ-</span> 
     </span>
    </p>
   </div>
   <div class='ocr_carea' id='block_1_33' title="bbox 290 2156 1873 2233">
    <p class='ocr_par' dir='ltr' id='par_1_33' title="bbox 290 2156 1873 2233">
     <span class='ocr_line' id='line_1_34' title="bbox 290 2156 1873 2233; baseline 0.003 -21"><span class='ocrx_word' id='word_1_218' title='bbox 290 2177 397 2227; x_wconf 74' lang='grc' dir='ltr'><strong>κης</strong></span> <span class='ocrx_word' id='word_1_219' title='bbox 435 2159 627 2213; x_wconf 76' lang='grc' dir='ltr'>ἕπεται</span> <span class='ocrx_word' id='word_1_220' title='bbox 671 2160 766 2214; x_wconf 68' lang='grc' dir='ltr'>τὸν</span> <span class='ocrx_word' id='word_1_221' title='bbox 801 2161 928 2213; x_wconf 82' lang='grc' dir='ltr'>Υίδν</span> <span class='ocrx_word' id='word_1_222' title='bbox 973 2156 1113 2216; x_wconf 77' lang='grc' dir='ltr'>εἶναι</span> <span class='ocrx_word' id='word_1_223' title='bbox 1169 2162 1476 2233; x_wconf 81' lang='grc' dir='ltr'>Πατέρα,ἢ</span> <span class='ocrx_word' id='word_1_224' title='bbox 1522 2164 1613 2217; x_wconf 79' lang='grc' dir='ltr'><strong>τὸν</strong></span> <span class='ocrx_word' id='word_1_225' title='bbox 1650 2165 1873 2232; x_wconf 80' lang='grc' dir='ltr'>Πατέρα</span> 
     </span>
    </p>
   </div>
   <div class='ocr_carea' id='block_1_34' title="bbox 291 2252 1873 2327">
    <p class='ocr_par' dir='ltr' id='par_1_34' title="bbox 291 2252 1873 2327">
     <span class='ocr_line' id='line_1_35' title="bbox 291 2252 1873 2327; baseline 0.001 -21"><span class='ocrx_word' id='word_1_226' title='bbox 291 2254 423 2307; x_wconf 82' lang='grc' dir='ltr'>Υίόν</span> <span class='ocrx_word' id='word_1_227' title='bbox 456 2270 472 2285; x_wconf 88' lang='grc'><strong>·</strong></span> <span class='ocrx_word' id='word_1_228' title='bbox 520 2253 794 2324; x_wconf 84' lang='grc' dir='ltr'>πέμπτον,</span> <span class='ocrx_word' id='word_1_229' title='bbox 856 2254 939 2307; x_wconf 84' lang='grc' dir='ltr'>ὅτι</span> <span class='ocrx_word' id='word_1_230' title='bbox 975 2257 1024 2308; x_wconf 81' lang='lat' dir='ltr'><strong>oi</strong></span> <span class='ocrx_word' id='word_1_231' title='bbox 1071 2255 1349 2322; x_wconf 82' lang='grc' dir='ltr'>λέγοντες,</span> <span class='ocrx_word' id='word_1_232' title='bbox 1390 2252 1577 2327; x_wconf 84' lang='grc' dir='ltr'>ὥσπερ</span> <span class='ocrx_word' id='word_1_233' title='bbox 1630 2254 1692 2306; x_wconf 78' lang='grc' dir='ltr'>τὸ</span> <span class='ocrx_word' id='word_1_234' title='bbox 1741 2255 1873 2308; x_wconf 82' lang='grc' dir='ltr'>ἀλλο</span> 
     </span>
    </p>
   </div>
   <div class='ocr_carea' id='block_1_35' title="bbox 291 2340 1876 2418">
    <p class='ocr_par' dir='ltr' id='par_1_35' title="bbox 291 2340 1876 2418">
     <span class='ocr_line' id='line_1_36' title="bbox 291 2340 1876 2418; baseline 0 -19"><span class='ocrx_word' id='word_1_235' title='bbox 291 2340 433 2400; x_wconf 73' lang='grc' dir='ltr'>εἶναι</span> <span class='ocrx_word' id='word_1_236' title='bbox 469 2346 793 2411; x_wconf 78' lang='grc' dir='ltr'>ὑπόστασιν,</span> <span class='ocrx_word' id='word_1_237' title='bbox 828 2347 924 2399; x_wconf 74' lang='grc' dir='ltr'><strong>καὶ</strong></span> <span class='ocrx_word' id='word_1_238' title='bbox 953 2346 1080 2398; x_wconf 77' lang='grc' dir='ltr'>ἄλλο</span> <span class='ocrx_word' id='word_1_239' title='bbox 1112 2347 1326 2411; x_wconf 80' lang='grc' dir='ltr'>οὐσίαν,</span> <span class='ocrx_word' id='word_1_240' title='bbox 1362 2350 1455 2400; x_wconf 72' lang='grc' dir='ltr'><strong>καὶ</strong></span> <span class='ocrx_word' id='word_1_241' title='bbox 1501 2347 1630 2401; x_wconf 82' lang='grc' dir='ltr'>ἄλλο</span> <span class='ocrx_word' id='word_1_242' title='bbox 1672 2347 1876 2418; x_wconf 80' lang='grc' dir='ltr'>πατρό-</span> 
     </span>
    </p>
   </div>
   <div class='ocr_carea' id='block_1_36' title="bbox 301 2438 1876 2507">
    <p class='ocr_par' dir='ltr' id='par_1_36' title="bbox 301 2438 1876 2507">
     <span class='ocr_line' id='line_1_37' title="bbox 301 2438 1876 2507; baseline 0 -16"><span class='ocrx_word' id='word_1_243' title='bbox 301 2457 441 2507; x_wconf 77' lang='grc' dir='ltr'>τητα</span> <span class='ocrx_word' id='word_1_244' title='bbox 464 2441 559 2492; x_wconf 62' lang='lat' dir='ltr'><strong>Eni.</strong></span> <span class='ocrx_word' id='word_1_245' title='bbox 593 2439 730 2492; x_wconf 86' lang='grc' dir='ltr'>Θεοῦ</span> <span class='ocrx_word' id='word_1_246' title='bbox 758 2438 1013 2491; x_wconf 88' lang='grc' dir='ltr'>σύνθεσιν</span> <span class='ocrx_word' id='word_1_247' title='bbox 1051 2439 1112 2492; x_wconf 89' lang='grc' dir='ltr'><strong>ού</strong></span> <span class='ocrx_word' id='word_1_248' title='bbox 1150 2442 1317 2504; x_wconf 79' lang='grc' dir='ltr'>ποιεί,</span> <span class='ocrx_word' id='word_1_249' title='bbox 1357 2439 1501 2494; x_wconf 74' lang='grc' dir='ltr'>οὕτω</span> <span class='ocrx_word' id='word_1_250' title='bbox 1540 2440 1639 2494; x_wconf 83' lang='grc' dir='ltr'><strong>καί</strong></span> <span class='ocrx_word' id='word_1_251' title='bbox 1665 2458 1786 2493; x_wconf 87' lang='grc' dir='ltr'>τινα</span> <span class='ocrx_word' id='word_1_252' title='bbox 1815 2442 1876 2492; x_wconf 83' lang='grc' dir='ltr'><strong>ἐν</strong></span> 
     </span>
    </p>
   </div>
   <div class='ocr_carea' id='block_1_37' title="bbox 222 2529 1878 2607">
    <p class='ocr_par' dir='ltr' id='par_1_37' title="bbox 222 2529 1878 2607">
     <span class='ocr_line' id='line_1_38' title="bbox 222 2529 1878 2607; baseline 0.002 -24"><span class='ocrx_word' id='word_1_253' title='bbox 222 2546 225 2547; x_wconf 60' lang='grc'><strong><em>⁷</em></strong></span> <span class='ocrx_word' id='word_1_254' title='bbox 294 2535 359 2600; x_wconf 76' lang='grc' dir='ltr'><strong>τῇ</strong></span> <span class='ocrx_word' id='word_1_255' title='bbox 395 2531 551 2607; x_wconf 74' lang='grc' dir='ltr'>οὐσίᾳ</span> <span class='ocrx_word' id='word_1_256' title='bbox 580 2531 679 2583; x_wconf 89' lang='grc' dir='ltr'><strong>τοῦ</strong></span> <span class='ocrx_word' id='word_1_257' title='bbox 711 2529 849 2607; x_wconf 71' lang='grc' dir='ltr'>Θεοῦ</span> <span class='ocrx_word' id='word_1_258' title='bbox 882 2529 1162 2601; x_wconf 85' lang='grc' dir='ltr'>λεγόμενα</span> <span class='ocrx_word' id='word_1_259' title='bbox 1190 2530 1530 2598; x_wconf 82' lang='grc' dir='ltr'>ὑφίστασθαι</span> <span class='ocrx_word' id='word_1_260' title='bbox 1561 2548 1878 2602; x_wconf 86' lang='grc' dir='ltr'>πραγματι-</span> 
     </span>
    </p>
   </div>
   <div class='ocr_carea' id='block_1_38' title="bbox 293 2603 1877 2693">
    <p class='ocr_par' dir='ltr' id='par_1_38' title="bbox 293 2603 1877 2693">
     <span class='ocr_line' id='line_1_39' title="bbox 293 2603 1877 2693; baseline 0.001 -19"><span class='ocrx_word' id='word_1_261' title='bbox 293 2622 407 2684; x_wconf 51' lang='lat' dir='ltr'><strong>sui;</strong></span> <span class='ocrx_word' id='word_1_262' title='bbox 443 2603 545 2688; x_wconf 74' lang='grc' dir='ltr'>τῆς</span> <span class='ocrx_word' id='word_1_263' title='bbox 578 2603 925 2684; x_wconf 50' lang='grc' dir='ltr'>ούσίαςθκαὶ</span> <span class='ocrx_word' id='word_1_264' title='bbox 952 2621 1203 2691; x_wconf 83' lang='grc' dir='ltr'>ἀλλήλων</span> <span class='ocrx_word' id='word_1_265' title='bbox 1263 2618 1594 2693; x_wconf 71' lang='grc' dir='ltr'>διαφέροντα</span> <span class='ocrx_word' id='word_1_266' title='bbox 1623 2621 1877 2676; x_wconf 85' lang='grc' dir='ltr'>σύνθεσιν</span> 
     </span>
    </p>
   </div>
   <div class='ocr_carea' id='block_1_39' title="bbox 290 2713 1876 2786">
    <p class='ocr_par' dir='ltr' id='par_1_39' title="bbox 290 2713 1876 2786">
     <span class='ocr_line' id='line_1_40' title="bbox 290 2713 1876 2786; baseline 0 -19"><span class='ocrx_word' id='word_1_267' title='bbox 290 2715 354 2767; x_wconf 79' lang='grc' dir='ltr'><strong>ού</strong></span> <span class='ocrx_word' id='word_1_268' title='bbox 391 2717 558 2777; x_wconf 83' lang='grc' dir='ltr'>ποιεῖ,</span> <span class='ocrx_word' id='word_1_269' title='bbox 594 2713 898 2786; x_wconf 70' lang='grc' dir='ltr'>παράλογοί</span> <span class='ocrx_word' id='word_1_270' title='bbox 932 2716 1093 2768; x_wconf 88' lang='grc' dir='ltr'>είσιν.</span> <span class='ocrx_word' id='word_1_271' title='bbox 1137 2715 1363 2779; x_wconf 82' lang='grc' dir='ltr'>Ἕκτον,</span> <span class='ocrx_word' id='word_1_272' title='bbox 1411 2716 1493 2768; x_wconf 86' lang='grc' dir='ltr'>ὄτι</span> <span class='ocrx_word' id='word_1_273' title='bbox 1532 2715 1583 2768; x_wconf 81' lang='lat' dir='ltr'><strong>oi</strong></span> <span class='ocrx_word' id='word_1_274' title='bbox 1613 2715 1712 2785; x_wconf 83' lang='grc' dir='ltr'>τῆς</span> <span class='ocrx_word' id='word_1_275' title='bbox 1744 2714 1876 2767; x_wconf 82' lang='grc' dir='ltr'><strong>Ἐκ-</strong></span> 
     </span>
    </p>
   </div>
   <div class='ocr_carea' id='block_1_40' title="bbox 294 2788 1880 2879">
    <p class='ocr_par' dir='ltr' id='par_1_40' title="bbox 294 2788 1880 2879">
     <span class='ocr_line' id='line_1_41' title="bbox 294 2788 1880 2879; baseline 0.001 -19"><span class='ocrx_word' id='word_1_276' title='bbox 294 2807 527 2877; x_wconf 73' lang='grc' dir='ltr'>κ).ησίας</span> <span class='ocrx_word' id='word_1_277' title='bbox 558 2806 874 2862; x_wconf 82' lang='grc' dir='ltr'>διδάσκαλοι</span> <span class='ocrx_word' id='word_1_278' title='bbox 900 2807 995 2860; x_wconf 76' lang='grc' dir='ltr'>τὸν</span> <span class='ocrx_word' id='word_1_279' title='bbox 1032 2807 1163 2861; x_wconf 77' lang='grc' dir='ltr'>Υίδν</span> <span class='ocrx_word' id='word_1_280' title='bbox 1189 2808 1252 2860; x_wconf 77' lang='grc' dir='ltr'><strong>ἐκ</strong></span> <span class='ocrx_word' id='word_1_281' title='bbox 1281 2810 1378 2879; x_wconf 81' lang='grc' dir='ltr'>τῆς</span> <span class='ocrx_word' id='word_1_282' title='bbox 1409 2788 1600 2870; x_wconf 65' lang='grc' dir='ltr'>οὐσίας</span> <span class='ocrx_word' id='word_1_283' title='bbox 1636 2805 1729 2861; x_wconf 84' lang='grc' dir='ltr'><strong>τοῦ</strong></span> <span class='ocrx_word' id='word_1_284' title='bbox 1763 2808 1880 2861; x_wconf 80' lang='grc' dir='ltr'>Πα-</span> 
     </span>
    </p>
   </div>
   <div class='ocr_carea' id='block_1_41' title="bbox 293 2894 1883 2969">
    <p class='ocr_par' dir='ltr' id='par_1_41' title="bbox 293 2894 1883 2969">
     <span class='ocr_line' id='line_1_42' title="bbox 293 2894 1883 2969; baseline 0.002 -19"><span class='ocrx_word' id='word_1_285' title='bbox 293 2900 423 2969; x_wconf 79' lang='grc' dir='ltr'>τρὸς</span> <span class='ocrx_word' id='word_1_286' title='bbox 455 2894 596 2954; x_wconf 72' lang='grc' dir='ltr'>εἶναι</span> <span class='ocrx_word' id='word_1_287' title='bbox 625 2898 990 2968; x_wconf 82' lang='grc' dir='ltr'>θεολογοῦσιν’</span> <span class='ocrx_word' id='word_1_288' title='bbox 1026 2899 1276 2969; x_wconf 80' lang='grc' dir='ltr'>ἐύδομον,</span> <span class='ocrx_word' id='word_1_289' title='bbox 1299 2899 1383 2953; x_wconf 81' lang='grc' dir='ltr'><strong>ὅτι</strong></span> <span class='ocrx_word' id='word_1_290' title='bbox 1403 2900 1454 2952; x_wconf 91' lang='grc' dir='ltr'><strong>οί</strong></span> <span class='ocrx_word' id='word_1_291' title='bbox 1476 2900 1542 2952; x_wconf 82' lang='grc' dir='ltr'><strong>ἐκ</strong></span> <span class='ocrx_word' id='word_1_292' title='bbox 1563 2901 1665 2968; x_wconf 80' lang='grc' dir='ltr'>τῆς</span> <span class='ocrx_word' id='word_1_293' title='bbox 1690 2899 1883 2964; x_wconf 80' lang='grc' dir='ltr'>οὐσίας</span> 
     </span>
    </p>
   </div>
   <div class='ocr_carea' id='block_1_42' title="bbox 223 2986 1883 3060">
    <p class='ocr_par' dir='ltr' id='par_1_42' title="bbox 223 2986 1883 3060">
     <span class='ocr_line' id='line_1_43' title="bbox 223 2986 1883 3060; baseline 0.004 -23"><span class='ocrx_word' id='word_1_294' title='bbox 223 3024 237 3037; x_wconf 82' lang='grc'><strong>.</strong></span> <span class='ocrx_word' id='word_1_295' title='bbox 296 2986 438 3041; x_wconf 76' lang='grc' dir='ltr'>εἶναι</span> <span class='ocrx_word' id='word_1_296' title='bbox 469 2989 502 3059; x_wconf 82' lang='grc' dir='ltr'><strong>ἢ</strong></span> <span class='ocrx_word' id='word_1_297' title='bbox 530 2989 824 3056; x_wconf 79' lang='grc' dir='ltr'>γεννᾶσθαι</span> <span class='ocrx_word' id='word_1_298' title='bbox 844 2991 936 3043; x_wconf 73' lang='grc' dir='ltr'>τὸν</span> <span class='ocrx_word' id='word_1_299' title='bbox 964 2989 1092 3043; x_wconf 77' lang='grc' dir='ltr'>Υίὸν</span> <span class='ocrx_word' id='word_1_300' title='bbox 1116 2989 1441 3060; x_wconf 79' lang='grc' dir='ltr'>ἀρνούμενοι</span> <span class='ocrx_word' id='word_1_301' title='bbox 1472 2990 1570 3053; x_wconf 68' lang='grc' dir='ltr'>τὰς</span> <span class='ocrx_word' id='word_1_302' title='bbox 1592 2989 1764 3060; x_wconf 82' lang='grc' dir='ltr'>ἀρχὰς</span> <span class='ocrx_word' id='word_1_303' title='bbox 1781 2992 1883 3060; x_wconf 81' lang='grc' dir='ltr'>τῆς</span> 
     </span>
    </p>
   </div>
   <div class='ocr_carea' id='block_1_43' title="bbox 296 3080 1882 3153">
    <p class='ocr_par' dir='ltr' id='par_1_43' title="bbox 296 3080 1882 3153">
     <span class='ocr_line' id='line_1_44' title="bbox 296 3080 1882 3153; baseline 0.001 -20"><span class='ocrx_word' id='word_1_304' title='bbox 296 3080 551 3143; x_wconf 79' lang='grc' dir='ltr'>πίστεως·</span> <span class='ocrx_word' id='word_1_305' title='bbox 577 3080 887 3151; x_wconf 86' lang='grc' dir='ltr'>ἀναιροῦσι,</span> <span class='ocrx_word' id='word_1_306' title='bbox 931 3082 1026 3134; x_wconf 73' lang='grc' dir='ltr'><strong>καὶ</strong></span> <span class='ocrx_word' id='word_1_307' title='bbox 1053 3083 1166 3144; x_wconf 80' lang='grc' dir='ltr'>τοῖς</span> <span class='ocrx_word' id='word_1_308' title='bbox 1194 3081 1532 3145; x_wconf 83' lang='grc' dir='ltr'>διδάσκαλοις</span> <span class='ocrx_word' id='word_1_309' title='bbox 1572 3081 1838 3153; x_wconf 82' lang='grc' dir='ltr'>μάχονται</span> <span class='ocrx_word' id='word_1_310' title='bbox 1865 3097 1882 3113; x_wconf 74' lang='grc'><strong><em>⁸</em></strong></span> 
     </span>
    </p>
   </div>
   <div class='ocr_carea' id='block_1_44' title="bbox 1973 1987 3560 2059">
    <p class='ocr_par' dir='ltr' id='par_1_44' title="bbox 1973 1987 3560 2059">
     <span class='ocr_line' id='line_1_45' title="bbox 1973 1987 3560 2059; baseline -0.005 -11"><span class='ocrx_word' id='word_1_311' title='bbox 1973 1991 2275 2048; x_wconf 83' lang='lat' dir='ltr'><strong>secundum</strong></span> <span class='ocrx_word' id='word_1_312' title='bbox 2308 2007 2424 2046; x_wconf 92' lang='lat' dir='ltr'><strong>rem</strong></span> <span class='ocrx_word' id='word_1_313' title='bbox 2453 1991 2595 2045; x_wconf 86' lang='lat' dir='ltr'><strong>idem</strong></span> <span class='ocrx_word' id='word_1_314' title='bbox 2624 2002 2728 2046; x_wconf 89' lang='lat' dir='ltr'><strong>est.</strong></span> <span class='ocrx_word' id='word_1_315' title='bbox 2767 1989 2992 2057; x_wconf 84' lang='lat' dir='ltr'><strong>Quarto,</strong></span> <span class='ocrx_word' id='word_1_316' title='bbox 3027 1988 3282 2059; x_wconf 89' lang='lat' dir='ltr'><strong>quamvis</strong></span> <span class='ocrx_word' id='word_1_317' title='bbox 3313 1987 3560 2059; x_wconf 89' lang='lat' dir='ltr'><strong>paterni-</strong></span> 
     </span>
    </p>
   </div>
   <div class='ocr_carea' id='block_1_45' title="bbox 1978 2068 3565 2150">
    <p class='ocr_par' dir='ltr' id='par_1_45' title="bbox 1978 2068 3565 2150">
     <span class='ocr_line' id='line_1_46' title="bbox 1978 2068 3565 2150; baseline -0.006 -11"><span class='ocrx_word' id='word_1_318' title='bbox 1978 2095 2063 2140; x_wconf 90' lang='lat' dir='ltr'><strong>tas</strong></span> <span class='ocrx_word' id='word_1_319' title='bbox 2091 2093 2148 2138; x_wconf 91' lang='lat' dir='ltr'><strong>et</strong></span> <span class='ocrx_word' id='word_1_320' title='bbox 2186 2082 2379 2138; x_wconf 91' lang='lat' dir='ltr'><strong>ﬁliatio</strong></span> <span class='ocrx_word' id='word_1_321' title='bbox 2418 2082 2491 2137; x_wconf 89' lang='lat' dir='ltr'><strong>sit</strong></span> <span class='ocrx_word' id='word_1_322' title='bbox 2531 2068 2872 2146; x_wconf 63' lang='lat' dir='ltr'><strong>substantia,</strong></span> <span class='ocrx_word' id='word_1_323' title='bbox 2900 2096 3011 2135; x_wconf 92' lang='lat' dir='ltr'><strong>non</strong></span> <span class='ocrx_word' id='word_1_324' title='bbox 3043 2089 3334 2150; x_wconf 81' lang='lat' dir='ltr'><strong>propterea</strong></span> <span class='ocrx_word' id='word_1_325' title='bbox 3369 2094 3565 2135; x_wconf 84' lang='lat' dir='ltr'><strong>neces-</strong></span> 
     </span>
    </p>
   </div>
   <div class='ocr_carea' id='block_1_46' title="bbox 1977 2170 3565 2244">
    <p class='ocr_par' dir='ltr' id='par_1_46' title="bbox 1977 2170 3565 2244">
     <span class='ocr_line' id='line_1_47' title="bbox 1977 2170 3565 2244; baseline -0.005 -12"><span class='ocrx_word' id='word_1_326' title='bbox 1977 2176 2125 2232; x_wconf 89' lang='lat' dir='ltr'><strong>sario</strong></span> <span class='ocrx_word' id='word_1_327' title='bbox 2160 2174 2414 2244; x_wconf 89' lang='lat' dir='ltr'><strong>sequitur</strong></span> <span class='ocrx_word' id='word_1_328' title='bbox 2441 2173 2641 2229; x_wconf 85' lang='lat' dir='ltr'><strong>Filium</strong></span> <span class='ocrx_word' id='word_1_329' title='bbox 2672 2188 2793 2228; x_wconf 92' lang='lat' dir='ltr'><strong>esse</strong></span> <span class='ocrx_word' id='word_1_330' title='bbox 2818 2173 3062 2236; x_wconf 88' lang='lat' dir='ltr'><strong>Patrem,</strong></span> <span class='ocrx_word' id='word_1_331' title='bbox 3096 2172 3183 2226; x_wconf 87' lang='lat' dir='ltr'><strong>vel</strong></span> <span class='ocrx_word' id='word_1_332' title='bbox 3214 2172 3430 2226; x_wconf 84' lang='lat' dir='ltr'><strong>Patrem</strong></span> <span class='ocrx_word' id='word_1_333' title='bbox 3481 2170 3565 2225; x_wconf 78' lang='lat' dir='ltr'><strong>Fi-</strong></span> 
     </span>
    </p>
   </div>
   <div class='ocr_carea' id='block_1_47' title="bbox 1976 2260 3561 2335">
    <p class='ocr_par' dir='ltr' id='par_1_47' title="bbox 1976 2260 3561 2335">
     <span class='ocr_line' id='line_1_48' title="bbox 1976 2260 3561 2335; baseline -0.005 -13"><span class='ocrx_word' id='word_1_334' title='bbox 1976 2270 2137 2324; x_wconf 90' lang='lat' dir='ltr'><strong>lium.</strong></span> <span class='ocrx_word' id='word_1_335' title='bbox 2186 2265 2394 2333; x_wconf 88' lang='lat' dir='ltr'><strong>Quinto</strong></span> <span class='ocrx_word' id='word_1_336' title='bbox 2420 2308 2434 2331; x_wconf 91' lang='lat'><strong>,</strong></span> <span class='ocrx_word' id='word_1_337' title='bbox 2468 2265 2561 2335; x_wconf 87' lang='lat' dir='ltr'><strong>qui</strong></span> <span class='ocrx_word' id='word_1_338' title='bbox 2605 2272 2863 2319; x_wconf 88' lang='lat' dir='ltr'><strong>asserunt</strong></span> <span class='ocrx_word' id='word_1_339' title='bbox 2904 2261 3363 2333; x_wconf 86' lang='lat' dir='ltr'><strong>quemadmodum</strong></span> <span class='ocrx_word' id='word_1_340' title='bbox 3410 2260 3561 2315; x_wconf 87' lang='lat' dir='ltr'><strong>aliud</strong></span> 
     </span>
    </p>
   </div>
   <div class='ocr_carea' id='block_1_48' title="bbox 1977 2351 3556 2427">
    <p class='ocr_par' dir='ltr' id='par_1_48' title="bbox 1977 2351 3556 2427">
     <span class='ocr_line' id='line_1_49' title="bbox 1977 2351 3556 2427; baseline -0.004 -15"><span class='ocrx_word' id='word_1_341' title='bbox 1977 2373 2101 2413; x_wconf 89' lang='lat' dir='ltr'><strong>esse</strong></span> <span class='ocrx_word' id='word_1_342' title='bbox 2159 2356 2526 2427; x_wconf 68' lang='lat' dir='ltr'><strong>bypostasim,</strong></span> <span class='ocrx_word' id='word_1_343' title='bbox 2558 2363 2612 2409; x_wconf 90' lang='lat' dir='ltr'><strong>et</strong></span> <span class='ocrx_word' id='word_1_344' title='bbox 2666 2354 2813 2408; x_wconf 91' lang='lat' dir='ltr'><strong>aliud</strong></span> <span class='ocrx_word' id='word_1_345' title='bbox 2866 2353 3253 2416; x_wconf 89' lang='lat' dir='ltr'><strong>substantiam,</strong></span> <span class='ocrx_word' id='word_1_346' title='bbox 3293 2362 3350 2406; x_wconf 89' lang='lat' dir='ltr'><strong>et</strong></span> <span class='ocrx_word' id='word_1_347' title='bbox 3407 2351 3556 2406; x_wconf 87' lang='lat' dir='ltr'><strong>aliud</strong></span> 
     </span>
    </p>
   </div>
   <div class='ocr_carea' id='block_1_49' title="bbox 1978 2440 3563 2515">
    <p class='ocr_par' dir='ltr' id='par_1_49' title="bbox 1978 2440 3563 2515">
     <span class='ocr_line' id='line_1_50' title="bbox 1978 2440 3563 2515; baseline -0.003 -16"><span class='ocrx_word' id='word_1_348' title='bbox 1978 2446 2375 2515; x_wconf 85' lang='lat' dir='ltr'><strong>paternitalem</strong></span> <span class='ocrx_word' id='word_1_349' title='bbox 2416 2444 2470 2498; x_wconf 92' lang='lat' dir='ltr'><strong>in</strong></span> <span class='ocrx_word' id='word_1_350' title='bbox 2506 2445 2618 2499; x_wconf 90' lang='lat' dir='ltr'><strong>Deo</strong></span> <span class='ocrx_word' id='word_1_351' title='bbox 2650 2442 3108 2512; x_wconf 70' lang='lat' dir='ltr'><strong>compositionem</strong></span> <span class='ocrx_word' id='word_1_352' title='bbox 3139 2456 3247 2495; x_wconf 86' lang='lat' dir='ltr'><strong>non</strong></span> <span class='ocrx_word' id='word_1_353' title='bbox 3279 2441 3411 2494; x_wconf 82' lang='lat' dir='ltr'><strong>facit</strong></span> <span class='ocrx_word' id='word_1_354' title='bbox 3443 2458 3459 2495; x_wconf 89' lang='lat'><strong>:</strong></span> <span class='ocrx_word' id='word_1_355' title='bbox 3490 2440 3563 2495; x_wconf 86' lang='lat' dir='ltr'><strong>ita</strong></span> 
     </span>
    </p>
   </div>
   <div class='ocr_carea' id='block_1_50' title="bbox 1978 2527 3568 2604">
    <p class='ocr_par' dir='ltr' id='par_1_50' title="bbox 1978 2527 3568 2604">
     <span class='ocr_line' id='line_1_51' title="bbox 1978 2527 3568 2604; baseline -0.005 -12"><span class='ocrx_word' id='word_1_356' title='bbox 1978 2538 2145 2592; x_wconf 88' lang='lat' dir='ltr'><strong>etiam</strong></span> <span class='ocrx_word' id='word_1_357' title='bbox 2205 2535 2474 2590; x_wconf 83' lang='lat' dir='ltr'><strong>nonnulla</strong></span> <span class='ocrx_word' id='word_1_358' title='bbox 2508 2575 2523 2600; x_wconf 95' lang='lat'><strong>,</strong></span> <span class='ocrx_word' id='word_1_359' title='bbox 2557 2550 2677 2604; x_wconf 68' lang='lat' dir='ltr'><strong>qua:</strong></span> <span class='ocrx_word' id='word_1_360' title='bbox 2723 2535 2776 2587; x_wconf 91' lang='lat' dir='ltr'><strong>in</strong></span> <span class='ocrx_word' id='word_1_361' title='bbox 2817 2527 3123 2588; x_wconf 83' lang='lat' dir='ltr'><strong>substantia</strong></span> <span class='ocrx_word' id='word_1_362' title='bbox 3162 2532 3258 2587; x_wconf 85' lang='lat' dir='ltr'><strong>Dei</strong></span> <span class='ocrx_word' id='word_1_363' title='bbox 3304 2533 3568 2586; x_wconf 85' lang='lat' dir='ltr'><strong>dicuntur</strong></span> 
     </span>
    </p>
   </div>
   <div class='ocr_carea' id='block_1_51' title="bbox 1979 2623 3568 2696">
    <p class='ocr_par' dir='ltr' id='par_1_51' title="bbox 1979 2623 3568 2696">
     <span class='ocr_line' id='line_1_52' title="bbox 1979 2623 3568 2696; baseline -0.004 -13"><span class='ocrx_word' id='word_1_364' title='bbox 1979 2628 2306 2692; x_wconf 87' lang='lat' dir='ltr'><strong>subsistere,</strong></span> <span class='ocrx_word' id='word_1_365' title='bbox 2334 2642 2568 2696; x_wconf 65' lang='lat' dir='ltr'><strong>quaeque</strong></span> <span class='ocrx_word' id='word_1_366' title='bbox 2600 2625 2830 2680; x_wconf 86' lang='lat' dir='ltr'><strong>rcaliter</strong></span> <span class='ocrx_word' id='word_1_367' title='bbox 2855 2625 2921 2679; x_wconf 86' lang='lat' dir='ltr'><strong>ab</strong></span> <span class='ocrx_word' id='word_1_368' title='bbox 2947 2623 3187 2679; x_wconf 82' lang='lat' dir='ltr'><strong>essentia</strong></span> <span class='ocrx_word' id='word_1_369' title='bbox 3212 2661 3228 2684; x_wconf 89' lang='lat'><strong>,</strong></span> <span class='ocrx_word' id='word_1_370' title='bbox 3259 2632 3314 2676; x_wconf 87' lang='lat' dir='ltr'><strong>et</strong></span> <span class='ocrx_word' id='word_1_371' title='bbox 3345 2623 3489 2676; x_wconf 89' lang='lat' dir='ltr'><strong>inter</strong></span> <span class='ocrx_word' id='word_1_372' title='bbox 3507 2637 3568 2676; x_wconf 88' lang='lat' dir='ltr'><strong>se</strong></span> 
     </span>
    </p>
   </div>
   <div class='ocr_carea' id='block_1_52' title="bbox 1980 2713 3573 2788">
    <p class='ocr_par' dir='ltr' id='par_1_52' title="bbox 1980 2713 3573 2788">
     <span class='ocr_line' id='line_1_53' title="bbox 1980 2713 3573 2788; baseline -0.004 -14"><span class='ocrx_word' id='word_1_373' title='bbox 1980 2718 2268 2783; x_wconf 77' lang='lat' dir='ltr'><strong>diﬂ‘erunt,</strong></span> <span class='ocrx_word' id='word_1_374' title='bbox 2308 2718 2773 2788; x_wconf 86' lang='lat' dir='ltr'><strong>compositionem</strong></span> <span class='ocrx_word' id='word_1_375' title='bbox 2808 2732 2920 2771; x_wconf 87' lang='lat' dir='ltr'><strong>non</strong></span> <span class='ocrx_word' id='word_1_376' title='bbox 2955 2715 3139 2770; x_wconf 79' lang='lat' dir='ltr'><strong>facere</strong></span> <span class='ocrx_word' id='word_1_377' title='bbox 3165 2754 3180 2780; x_wconf 93' lang='lat'><strong>,</strong></span> <span class='ocrx_word' id='word_1_378' title='bbox 3218 2713 3573 2768; x_wconf 85' lang='lat' dir='ltr'><strong>irrationales</strong></span> 
     </span>
    </p>
   </div>
   <div class='ocr_carea' id='block_1_53' title="bbox 1980 2804 3570 2874">
    <p class='ocr_par' dir='ltr' id='par_1_53' title="bbox 1980 2804 3570 2874">
     <span class='ocr_line' id='line_1_54' title="bbox 1980 2804 3570 2874; baseline -0.006 -6"><span class='ocrx_word' id='word_1_379' title='bbox 1980 2822 2130 2869; x_wconf 87' lang='lat' dir='ltr'><strong>sunt.</strong></span> <span class='ocrx_word' id='word_1_380' title='bbox 2151 2811 2339 2874; x_wconf 78' lang='lat' dir='ltr'><strong>Sexto,</strong></span> <span class='ocrx_word' id='word_1_381' title='bbox 2367 2809 2626 2865; x_wconf 85' lang='lat' dir='ltr'><strong>doctores</strong></span> <span class='ocrx_word' id='word_1_382' title='bbox 2658 2808 2923 2864; x_wconf 65' lang='lat' dir='ltr'><strong>Ecclesiae</strong></span> <span class='ocrx_word' id='word_1_383' title='bbox 2950 2808 3153 2862; x_wconf 87' lang='lat' dir='ltr'><strong>Filium</strong></span> <span class='ocrx_word' id='word_1_384' title='bbox 3175 2821 3240 2861; x_wconf 80' lang='lat' dir='ltr'><strong>ex</strong></span> <span class='ocrx_word' id='word_1_385' title='bbox 3262 2804 3570 2862; x_wconf 80' lang='lat' dir='ltr'><strong>substantia</strong></span> 
     </span>
    </p>
   </div>
   <div class='ocr_carea' id='block_1_54' title="bbox 1982 2894 3569 2969">
    <p class='ocr_par' dir='ltr' id='par_1_54' title="bbox 1982 2894 3569 2969">
     <span class='ocr_line' id='line_1_55' title="bbox 1982 2894 3569 2969; baseline -0.008 -11"><span class='ocrx_word' id='word_1_386' title='bbox 1982 2902 2165 2958; x_wconf 79' lang='lat' dir='ltr'><strong>Patris</strong></span> <span class='ocrx_word' id='word_1_387' title='bbox 2222 2915 2347 2956; x_wconf 90' lang='lat' dir='ltr'><strong>esse</strong></span> <span class='ocrx_word' id='word_1_388' title='bbox 2405 2900 2710 2969; x_wconf 79' lang='lat' dir='ltr'><strong>tlteologice</strong></span> <span class='ocrx_word' id='word_1_389' title='bbox 2759 2906 3037 2953; x_wconf 82' lang='lat' dir='ltr'><strong>asserunt.</strong></span> <span class='ocrx_word' id='word_1_390' title='bbox 3075 2895 3351 2964; x_wconf 87' lang='lat' dir='ltr'><strong>Septimo,</strong></span> <span class='ocrx_word' id='word_1_391' title='bbox 3379 2894 3471 2963; x_wconf 92' lang='lat' dir='ltr'><strong>qui</strong></span> <span class='ocrx_word' id='word_1_392' title='bbox 3502 2909 3569 2946; x_wconf 65' lang='lat' dir='ltr'><strong>ea</strong></span> 
     </span>
    </p>
   </div>
   <div class='ocr_carea' id='block_1_55' title="bbox 1983 2985 3568 3063">
    <p class='ocr_par' dir='ltr' id='par_1_55' title="bbox 1983 2985 3568 3063">
     <span class='ocr_line' id='line_1_56' title="bbox 1983 2985 3568 3063; baseline -0.008 -13"><span class='ocrx_word' id='word_1_393' title='bbox 1983 2995 2291 3051; x_wconf 83' lang='lat' dir='ltr'><strong>substantia</strong></span> <span class='ocrx_word' id='word_1_394' title='bbox 2330 3008 2478 3057; x_wconf 87' lang='lat' dir='ltr'><strong>esse,</strong></span> <span class='ocrx_word' id='word_1_395' title='bbox 2512 2992 2596 3047; x_wconf 79' lang='lat' dir='ltr'><strong>vel</strong></span> <span class='ocrx_word' id='word_1_396' title='bbox 2630 2991 2879 3063; x_wconf 83' lang='lat' dir='ltr'><strong>generari</strong></span> <span class='ocrx_word' id='word_1_397' title='bbox 2934 2989 3134 3044; x_wconf 83' lang='lat' dir='ltr'><strong>Filium</strong></span> <span class='ocrx_word' id='word_1_398' title='bbox 3171 2994 3395 3055; x_wconf 75' lang='lat' dir='ltr'><strong>negant,</strong></span> <span class='ocrx_word' id='word_1_399' title='bbox 3447 2985 3568 3039; x_wconf 78' lang='lat' dir='ltr'><strong>ﬁdei</strong></span> 
     </span>
    </p>
   </div>
   <div class='ocr_carea' id='block_1_56' title="bbox 1984 3075 3570 3158">
    <p class='ocr_par' dir='ltr' id='par_1_56' title="bbox 1984 3075 3570 3158">
     <span class='ocr_line' id='line_1_57' title="bbox 1984 3075 3570 3158; baseline -0.008 -18"><span class='ocrx_word' id='word_1_400' title='bbox 1984 3086 2254 3158; x_wconf 89' lang='lat' dir='ltr'><strong>principia</strong></span> <span class='ocrx_word' id='word_1_401' title='bbox 2281 3087 2500 3141; x_wconf 87' lang='lat' dir='ltr'><strong>tollunt.</strong></span> <span class='ocrx_word' id='word_1_402' title='bbox 2520 3092 2579 3139; x_wconf 92' lang='lat' dir='ltr'><strong>et</strong></span> <span class='ocrx_word' id='word_1_403' title='bbox 2597 3082 2919 3138; x_wconf 83' lang='lat' dir='ltr'><strong>doctoribus</strong></span> <span class='ocrx_word' id='word_1_404' title='bbox 2939 3081 3321 3135; x_wconf 85' lang='lat' dir='ltr'><strong>adversantur.</strong></span> <span class='ocrx_word' id='word_1_405' title='bbox 3338 3075 3570 3143; x_wconf 85' lang='lat' dir='ltr'><strong>Octavo,</strong></span> 
     </span>
    </p>
   </div>
   <div class='ocr_carea' id='block_1_57' title="bbox 294 3169 1881 3251">
    <p class='ocr_par' dir='ltr' id='par_1_57' title="bbox 294 3172 1877 3244">
     <span class='ocr_line' id='line_1_58' title="bbox 294 3172 1877 3244; baseline 0 -17"><span class='ocrx_word' id='word_1_406' title='bbox 294 3173 510 3241; x_wconf 65' lang='grc' dir='ltr'>ιγδοον,</span> <span class='ocrx_word' id='word_1_407' title='bbox 542 3172 666 3225; x_wconf 87' lang='grc' dir='ltr'>τίνα</span> <span class='ocrx_word' id='word_1_408' title='bbox 699 3173 830 3225; x_wconf 80' lang='grc' dir='ltr'>ποτὲ</span> <span class='ocrx_word' id='word_1_409' title='bbox 850 3174 951 3242; x_wconf 77' lang='grc' dir='ltr'>τῆς</span> <span class='ocrx_word' id='word_1_410' title='bbox 977 3173 1195 3244; x_wconf 81' lang='grc' dir='ltr'>ἀπάτης</span> <span class='ocrx_word' id='word_1_411' title='bbox 1232 3175 1419 3238; x_wconf 84' lang='grc' dir='ltr'>αὐτοῖς</span> <span class='ocrx_word' id='word_1_412' title='bbox 1443 3176 1593 3228; x_wconf 75' lang='grc' dir='ltr'>αἴτια</span> <span class='ocrx_word' id='word_1_413' title='bbox 1625 3175 1877 3242; x_wconf 75' lang='grc' dir='ltr'>ἐγένετοο</span> 
     </span>
    </p>
   </div>
   <div class='ocr_carea' id='block_1_58' title="bbox 1986 3169 3570 3251">
    <p class='ocr_par' dir='ltr' id='par_1_58' title="bbox 1986 3169 3570 3251">
     <span class='ocr_line' id='line_1_59' title="bbox 1986 3169 3570 3251; baseline -0.008 -17"><span class='ocrx_word' id='word_1_414' title='bbox 1986 3195 2108 3251; x_wconf 81' lang='lat' dir='ltr'><strong>quae</strong></span> <span class='ocrx_word' id='word_1_415' title='bbox 2132 3179 2353 3234; x_wconf 87' lang='lat' dir='ltr'><strong>tandem</strong></span> <span class='ocrx_word' id='word_1_416' title='bbox 2378 3177 2586 3232; x_wconf 88' lang='lat' dir='ltr'><strong>erroris</strong></span> <span class='ocrx_word' id='word_1_417' title='bbox 2615 3175 2701 3230; x_wconf 88' lang='lat' dir='ltr'><strong>sui</strong></span> <span class='ocrx_word' id='word_1_418' title='bbox 2729 3174 2935 3229; x_wconf 74' lang='lat' dir='ltr'><strong>fuerint</strong></span> <span class='ocrx_word' id='word_1_419' title='bbox 2959 3186 3161 3227; x_wconf 72' lang='lat' dir='ltr'><strong>causae.</strong></span> <span class='ocrx_word' id='word_1_420' title='bbox 3196 3169 3354 3224; x_wconf 90' lang='lat' dir='ltr'><strong>Nono</strong></span> <span class='ocrx_word' id='word_1_421' title='bbox 3374 3207 3390 3230; x_wconf 86' lang='lat'><strong>,</strong></span> <span class='ocrx_word' id='word_1_422' title='bbox 3424 3170 3570 3235; x_wconf 83' lang='lat' dir='ltr'><strong>quod</strong></span> 
     </span>
    </p>
   </div>
   <div class='ocr_carea' id='block_1_59' title="bbox 296 3263 1880 3334">
    <p class='ocr_par' dir='ltr' id='par_1_59' title="bbox 296 3263 1880 3334">
     <span class='ocr_line' id='line_1_60' title="bbox 296 3263 1880 3334; baseline -0.003 -12"><span class='ocrx_word' id='word_1_423' title='bbox 296 3265 542 3328; x_wconf 71' lang='grc' dir='ltr'>ἔννατον,</span> <span class='ocrx_word' id='word_1_424' title='bbox 589 3264 672 3319; x_wconf 85' lang='grc' dir='ltr'>ὅτι</span> <span class='ocrx_word' id='word_1_425' title='bbox 720 3263 785 3317; x_wconf 72' lang='grc' dir='ltr'><strong>τὸ</strong></span> <span class='ocrx_word' id='word_1_426' title='bbox 834 3263 1148 3317; x_wconf 79' lang='grc' dir='ltr'>ἐνίστασθαι</span> <span class='ocrx_word' id='word_1_427' title='bbox 1196 3265 1338 3332; x_wconf 78' lang='grc' dir='ltr'>πρὸς</span> <span class='ocrx_word' id='word_1_428' title='bbox 1384 3265 1512 3329; x_wconf 80' lang='grc' dir='ltr'>τοὺς</span> <span class='ocrx_word' id='word_1_429' title='bbox 1548 3265 1611 3318; x_wconf 80' lang='grc' dir='ltr'>τὸ</span> <span class='ocrx_word' id='word_1_430' title='bbox 1649 3263 1880 3334; x_wconf 83' lang='grc' dir='ltr'>Πνεῦμα</span> 
     </span>
    </p>
   </div>
   <div class='ocr_carea' id='block_1_60' title="bbox 295 3336 1881 3429">
    <p class='ocr_par' dir='ltr' id='par_1_60' title="bbox 295 3336 1881 3429">
     <span class='ocr_line' id='line_1_61' title="bbox 295 3336 1881 3429; baseline -0.001 -17"><span class='ocrx_word' id='word_1_431' title='bbox 295 3360 359 3412; x_wconf 82' lang='grc' dir='ltr'>τὸ</span> <span class='ocrx_word' id='word_1_432' title='bbox 391 3359 549 3427; x_wconf 76' lang='grc' dir='ltr'>ἅγιον</span> <span class='ocrx_word' id='word_1_433' title='bbox 591 3358 658 3412; x_wconf 78' lang='grc' dir='ltr'><strong>ἐκ</strong></span> <span class='ocrx_word' id='word_1_434' title='bbox 685 3357 781 3411; x_wconf 84' lang='grc' dir='ltr'><strong>τοῦ</strong></span> <span class='ocrx_word' id='word_1_435' title='bbox 813 3336 1028 3429; x_wconf 56' lang='grc' dir='ltr'>Πατρὶς</span> <span class='ocrx_word' id='word_1_436' title='bbox 1060 3359 1157 3411; x_wconf 73' lang='grc' dir='ltr'><strong>καὶ</strong></span> <span class='ocrx_word' id='word_1_437' title='bbox 1190 3355 1320 3411; x_wconf 81' lang='grc' dir='ltr'>Υἱοῦ</span> <span class='ocrx_word' id='word_1_438' title='bbox 1360 3357 1765 3428; x_wconf 77' lang='grc' dir='ltr'>ἐκπορεύεσθαι</span> <span class='ocrx_word' id='word_1_439' title='bbox 1792 3358 1881 3411; x_wconf 87' lang='grc' dir='ltr'>λέ-</span> 
     </span>
    </p>
   </div>
   <div class='ocr_carea' id='block_1_61' title="bbox 296 3450 1879 3522">
    <p class='ocr_par' dir='ltr' id='par_1_61' title="bbox 296 3450 1879 3522">
     <span class='ocr_line' id='line_1_62' title="bbox 296 3450 1879 3522; baseline -0.001 -17"><span class='ocrx_word' id='word_1_440' title='bbox 296 3469 495 3521; x_wconf 87' lang='grc' dir='ltr'>γοντας</span> <span class='ocrx_word' id='word_1_441' title='bbox 530 3450 814 3522; x_wconf 76' lang='grc' dir='ltr'>ἠνάγκασε</span> <span class='ocrx_word' id='word_1_442' title='bbox 864 3451 941 3521; x_wconf 78' lang='grc' dir='ltr'>μὴ</span> <span class='ocrx_word' id='word_1_443' title='bbox 975 3450 1262 3520; x_wconf 81' lang='grc' dir='ltr'>ὁμολογεῖν</span> <span class='ocrx_word' id='word_1_444' title='bbox 1313 3452 1380 3504; x_wconf 85' lang='grc' dir='ltr'><strong>ἐκ</strong></span> <span class='ocrx_word' id='word_1_445' title='bbox 1426 3451 1528 3521; x_wconf 82' lang='grc' dir='ltr'>τῆς</span> <span class='ocrx_word' id='word_1_446' title='bbox 1557 3452 1746 3515; x_wconf 72' lang='grc' dir='ltr'>οὐσίας</span> <span class='ocrx_word' id='word_1_447' title='bbox 1784 3453 1879 3504; x_wconf 85' lang='grc' dir='ltr'><strong>τοῦ</strong></span> 
     </span>
    </p>
   </div>
   <div class='ocr_carea' id='block_1_62' title="bbox 300 3539 1881 3615">
    <p class='ocr_par' dir='ltr' id='par_1_62' title="bbox 300 3539 1881 3615">
     <span class='ocr_line' id='line_1_63' title="bbox 300 3539 1881 3615; baseline -0.003 -16"><span class='ocrx_word' id='word_1_448' title='bbox 300 3545 519 3615; x_wconf 81' lang='grc' dir='ltr'>Πατρὺς</span> <span class='ocrx_word' id='word_1_449' title='bbox 560 3539 699 3598; x_wconf 73' lang='grc' dir='ltr'>εἶναι</span> <span class='ocrx_word' id='word_1_450' title='bbox 735 3543 831 3597; x_wconf 74' lang='grc' dir='ltr'>τὸν</span> <span class='ocrx_word' id='word_1_451' title='bbox 885 3541 1014 3596; x_wconf 81' lang='grc' dir='ltr'>Υίόν</span> <span class='ocrx_word' id='word_1_452' title='bbox 1037 3558 1052 3573; x_wconf 87' lang='grc'><strong>·</strong></span> <span class='ocrx_word' id='word_1_453' title='bbox 1082 3542 1334 3608; x_wconf 80' lang='grc' dir='ltr'>δέκατον,</span> <span class='ocrx_word' id='word_1_454' title='bbox 1396 3542 1550 3606; x_wconf 81' lang='grc' dir='ltr'>τίνας</span> <span class='ocrx_word' id='word_1_455' title='bbox 1613 3541 1747 3595; x_wconf 84' lang='grc' dir='ltr'><strong>ποτέ</strong></span> <span class='ocrx_word' id='word_1_456' title='bbox 1781 3542 1881 3606; x_wconf 77' lang='grc' dir='ltr'>τὰς</span> 
     </span>
    </p>
   </div>
   <div class='ocr_carea' id='block_1_63' title="bbox 302 3634 1882 3706">
    <p class='ocr_par' dir='ltr' id='par_1_63' title="bbox 302 3634 1882 3706">
     <span class='ocr_line' id='line_1_64' title="bbox 302 3634 1882 3706; baseline -0.003 -15"><span class='ocrx_word' id='word_1_457' title='bbox 302 3637 569 3700; x_wconf 74' lang='grc' dir='ltr'>δοκούσας</span> <span class='ocrx_word' id='word_1_458' title='bbox 595 3636 903 3699; x_wconf 80' lang='grc' dir='ltr'>ἀντιθέσεις</span> <span class='ocrx_word' id='word_1_459' title='bbox 933 3635 1304 3706; x_wconf 85' lang='grc' dir='ltr'>καιριωτέρας</span> <span class='ocrx_word' id='word_1_460' title='bbox 1322 3636 1436 3697; x_wconf 78' lang='grc' dir='ltr'>τοῖς</span> <span class='ocrx_word' id='word_1_461' title='bbox 1453 3637 1517 3688; x_wconf 76' lang='grc' dir='ltr'><strong>ἐκ</strong></span> <span class='ocrx_word' id='word_1_462' title='bbox 1542 3634 1637 3688; x_wconf 86' lang='grc' dir='ltr'><strong>τοῦ</strong></span> <span class='ocrx_word' id='word_1_463' title='bbox 1666 3635 1882 3706; x_wconf 75' lang='grc' dir='ltr'>Πατρός</span> 
     </span>
    </p>
   </div>
   <div class='ocr_carea' id='block_1_64' title="bbox 306 3728 1885 3799">
    <p class='ocr_par' dir='ltr' id='par_1_64' title="bbox 306 3728 1885 3799">
     <span class='ocr_line' id='line_1_65' title="bbox 306 3728 1885 3799; baseline -0.003 -12"><span class='ocrx_word' id='word_1_464' title='bbox 306 3734 404 3787; x_wconf 74' lang='grc' dir='ltr'>καὶ</span> <span class='ocrx_word' id='word_1_465' title='bbox 454 3731 587 3784; x_wconf 74' lang='lat' dir='ltr'><strong>Tia-3</strong></span> <span class='ocrx_word' id='word_1_466' title='bbox 651 3728 1058 3799; x_wconf 73' lang='grc' dir='ltr'>ἐκπορεύεσθαι</span> <span class='ocrx_word' id='word_1_467' title='bbox 1114 3728 1371 3797; x_wconf 82' lang='grc' dir='ltr'>λέγουσιν</span> <span class='ocrx_word' id='word_1_468' title='bbox 1416 3728 1687 3795; x_wconf 73' lang='grc' dir='ltr'>ἐπάγουσι</span> <span class='ocrx_word' id='word_1_469' title='bbox 1717 3746 1732 3761; x_wconf 80' lang='grc' dir='ltr'><strong>ο</strong></span> <span class='ocrx_word' id='word_1_470' title='bbox 1786 3729 1885 3784; x_wconf 80' lang='grc' dir='ltr'><strong>καὶ</strong></span> 
     </span>
    </p>
   </div>
   <div class='ocr_carea' id='block_1_65' title="bbox 304 3819 1884 3896">
    <p class='ocr_par' dir='ltr' id='par_1_65' title="bbox 304 3819 1884 3896">
     <span class='ocr_line' id='line_1_66' title="bbox 304 3819 1884 3896; baseline -0.003 -20"><span class='ocrx_word' id='word_1_471' title='bbox 304 3823 525 3896; x_wconf 83' lang='grc' dir='ltr'>πρῶτον</span> <span class='ocrx_word' id='word_1_472' title='bbox 547 3824 604 3877; x_wconf 79' lang='lat' dir='ltr'><strong>ai</strong></span> <span class='ocrx_word' id='word_1_473' title='bbox 635 3821 744 3876; x_wconf 79' lang='grc' dir='ltr'><strong>ἀπὸ</strong></span> <span class='ocrx_word' id='word_1_474' title='bbox 795 3821 895 3891; x_wconf 83' lang='grc' dir='ltr'>τῆς</span> <span class='ocrx_word' id='word_1_475' title='bbox 924 3821 1368 3890; x_wconf 84' lang='grc' dir='ltr'>ὁμοουσιότητος,</span> <span class='ocrx_word' id='word_1_476' title='bbox 1406 3825 1503 3873; x_wconf 81' lang='grc' dir='ltr'>καὶ</span> <span class='ocrx_word' id='word_1_477' title='bbox 1532 3820 1719 3884; x_wconf 84' lang='grc' dir='ltr'>λύσεις</span> <span class='ocrx_word' id='word_1_478' title='bbox 1772 3819 1884 3873; x_wconf 85' lang='grc' dir='ltr'><strong>τῶν</strong></span> 
     </span>
    </p>
   </div>
   <div class='ocr_carea' id='block_1_66' title="bbox 302 3912 1885 3984">
    <p class='ocr_par' dir='ltr' id='par_1_66' title="bbox 302 3912 1885 3984">
     <span class='ocr_line' id='line_1_67' title="bbox 302 3912 1885 3984; baseline -0.002 -15"><span class='ocrx_word' id='word_1_479' title='bbox 302 3918 598 3977; x_wconf 78' lang='grc' dir='ltr'>τοιούτων·</span> <span class='ocrx_word' id='word_1_480' title='bbox 637 3914 948 3982; x_wconf 78' lang='grc' dir='ltr'>ἑνδέκατον,</span> <span class='ocrx_word' id='word_1_481' title='bbox 984 3915 1069 3967; x_wconf 81' lang='grc' dir='ltr'>ὅτι</span> <span class='ocrx_word' id='word_1_482' title='bbox 1100 3915 1197 3967; x_wconf 71' lang='grc' dir='ltr'><strong>καὶ</strong></span> <span class='ocrx_word' id='word_1_483' title='bbox 1223 3913 1420 3984; x_wconf 78' lang='grc' dir='ltr'>ἑτέραν</span> <span class='ocrx_word' id='word_1_484' title='bbox 1449 3912 1724 3967; x_wconf 83' lang='grc' dir='ltr'>ἀντίθεσιν</span> <span class='ocrx_word' id='word_1_485' title='bbox 1770 3915 1885 3976; x_wconf 83' lang='grc' dir='ltr'>τοῖς</span> 
     </span>
    </p>
   </div>
   <div class='ocr_carea' id='block_1_67' title="bbox 305 4004 1888 4078">
    <p class='ocr_par' dir='ltr' id='par_1_67' title="bbox 305 4004 1888 4078">
     <span class='ocr_line' id='line_1_68' title="bbox 305 4004 1888 4078; baseline -0.003 -16"><span class='ocrx_word' id='word_1_486' title='bbox 305 4011 489 4073; x_wconf 71' lang='grc' dir='ltr'>αὐτοῖς</span> <span class='ocrx_word' id='word_1_487' title='bbox 532 4008 837 4078; x_wconf 75' lang='grc' dir='ltr'>ἐπάγουσι,</span> <span class='ocrx_word' id='word_1_488' title='bbox 872 4008 972 4077; x_wconf 79' lang='grc' dir='ltr'>τὴν</span> <span class='ocrx_word' id='word_1_489' title='bbox 1001 4006 1112 4065; x_wconf 80' lang='grc' dir='ltr'><strong>ἀπὸ</strong></span> <span class='ocrx_word' id='word_1_490' title='bbox 1144 4006 1254 4060; x_wconf 80' lang='grc' dir='ltr'>τῶν</span> <span class='ocrx_word' id='word_1_491' title='bbox 1280 4005 1375 4060; x_wconf 88' lang='grc' dir='ltr'><strong>δύο</strong></span> <span class='ocrx_word' id='word_1_492' title='bbox 1409 4004 1617 4077; x_wconf 85' lang='grc' dir='ltr'>ἀρχῶν,</span> <span class='ocrx_word' id='word_1_493' title='bbox 1665 4005 1765 4058; x_wconf 75' lang='grc' dir='ltr'><strong>καὶ</strong></span> <span class='ocrx_word' id='word_1_494' title='bbox 1792 4004 1888 4058; x_wconf 82' lang='grc' dir='ltr'>λύ-</span> 
     </span>
    </p>
   </div>
   <div class='ocr_carea' id='block_1_68' title="bbox 310 4100 1885 4173">
    <p class='ocr_par' dir='ltr' id='par_1_68' title="bbox 310 4100 1885 4173">
     <span class='ocr_line' id='line_1_69' title="bbox 310 4100 1885 4173; baseline -0.003 -14"><span class='ocrx_word' id='word_1_495' title='bbox 310 4122 395 4166; x_wconf 89' lang='grc' dir='ltr'><strong>σις</strong></span> <span class='ocrx_word' id='word_1_496' title='bbox 451 4103 625 4173; x_wconf 76' lang='grc' dir='ltr'>αὐτῆς</span> <span class='ocrx_word' id='word_1_497' title='bbox 657 4122 671 4135; x_wconf 82' lang='lat'><strong>-</strong></span> <span class='ocrx_word' id='word_1_498' title='bbox 729 4102 1058 4165; x_wconf 78' lang='grc' dir='ltr'>δωδέκατον,</span> <span class='ocrx_word' id='word_1_499' title='bbox 1089 4103 1174 4155; x_wconf 87' lang='grc' dir='ltr'><strong>ὅτι</strong></span> <span class='ocrx_word' id='word_1_500' title='bbox 1204 4103 1256 4155; x_wconf 88' lang='grc' dir='ltr'>οἱ</span> <span class='ocrx_word' id='word_1_501' title='bbox 1288 4102 1438 4170; x_wconf 69' lang='grc' dir='ltr'>ἅγιοι</span> <span class='ocrx_word' id='word_1_502' title='bbox 1471 4101 1535 4154; x_wconf 82' lang='grc' dir='ltr'><strong>ἐκ</strong></span> <span class='ocrx_word' id='word_1_503' title='bbox 1561 4100 1658 4166; x_wconf 83' lang='grc' dir='ltr'>τῆς</span> <span class='ocrx_word' id='word_1_504' title='bbox 1694 4100 1885 4162; x_wconf 74' lang='grc' dir='ltr'>οὐσίας</span> 
     </span>
    </p>
   </div>
   <div class='ocr_carea' id='block_1_69' title="bbox 308 4188 1885 4267">
    <p class='ocr_par' dir='ltr' id='par_1_69' title="bbox 308 4188 1885 4267">
     <span class='ocr_line' id='line_1_70' title="bbox 308 4188 1885 4267; baseline -0.005 -18"><span class='ocrx_word' id='word_1_505' title='bbox 308 4195 404 4260; x_wconf 56' lang='grc' dir='ltr'><strong>⁶τοῦ</strong></span> <span class='ocrx_word' id='word_1_506' title='bbox 441 4195 653 4267; x_wconf 69' lang='grc' dir='ltr'>Πατρδς</span> <span class='ocrx_word' id='word_1_507' title='bbox 699 4194 796 4251; x_wconf 75' lang='grc' dir='ltr'><strong>καὶ</strong></span> <span class='ocrx_word' id='word_1_508' title='bbox 846 4188 939 4255; x_wconf 74' lang='grc' dir='ltr'><strong>τοῦ</strong></span> <span class='ocrx_word' id='word_1_509' title='bbox 984 4190 1112 4246; x_wconf 82' lang='grc' dir='ltr'>Υίοῦ</span> <span class='ocrx_word' id='word_1_510' title='bbox 1149 4191 1209 4245; x_wconf 79' lang='grc' dir='ltr'><strong>τὸ</strong></span> <span class='ocrx_word' id='word_1_511' title='bbox 1250 4191 1478 4262; x_wconf 80' lang='grc' dir='ltr'>Πνεῦμα</span> <span class='ocrx_word' id='word_1_512' title='bbox 1545 4189 1885 4257; x_wconf 82' lang='grc' dir='ltr'>θεολογοῦσι,</span> 
     </span>
    </p>
   </div>
   <div class='ocr_carea' id='block_1_70' title="bbox 309 4280 1886 4352">
    <p class='ocr_par' dir='ltr' id='par_1_70' title="bbox 309 4280 1886 4352">
     <span class='ocr_line' id='line_1_71' title="bbox 309 4280 1886 4352; baseline -0.006 -11"><span class='ocrx_word' id='word_1_513' title='bbox 309 4289 405 4349; x_wconf 72' lang='grc' dir='ltr'>καὶ</span> <span class='ocrx_word' id='word_1_514' title='bbox 435 4290 497 4341; x_wconf 83' lang='grc' dir='ltr'><strong>ἐκ</strong></span> <span class='ocrx_word' id='word_1_515' title='bbox 529 4285 627 4341; x_wconf 87' lang='grc' dir='ltr'><strong>τοῦ</strong></span> <span class='ocrx_word' id='word_1_516' title='bbox 660 4284 794 4345; x_wconf 81' lang='grc' dir='ltr'>Υἱοῦ</span> <span class='ocrx_word' id='word_1_517' title='bbox 830 4280 996 4348; x_wconf 76' lang='grc' dir='ltr'>εἶναι,</span> <span class='ocrx_word' id='word_1_518' title='bbox 1026 4283 1118 4337; x_wconf 73' lang='grc' dir='ltr'><strong>καὶ</strong></span> <span class='ocrx_word' id='word_1_519' title='bbox 1149 4284 1441 4352; x_wconf 73' lang='grc' dir='ltr'>ὑπάρχειν,</span> <span class='ocrx_word' id='word_1_520' title='bbox 1468 4282 1562 4335; x_wconf 79' lang='grc' dir='ltr'>καὶ</span> <span class='ocrx_word' id='word_1_521' title='bbox 1608 4281 1886 4351; x_wconf 77' lang='grc' dir='ltr'>προϊέναι,</span> 
     </span>
    </p>
   </div>
   <div class='ocr_carea' id='block_1_71' title="bbox 309 4371 1887 4447">
    <p class='ocr_par' dir='ltr' id='par_1_71' title="bbox 309 4371 1887 4447">
     <span class='ocr_line' id='line_1_72' title="bbox 309 4371 1887 4447; baseline -0.007 -13"><span class='ocrx_word' id='word_1_522' title='bbox 309 4380 404 4446; x_wconf 74' lang='grc' dir='ltr'><strong>καὶ</strong></span> <span class='ocrx_word' id='word_1_523' title='bbox 429 4377 778 4447; x_wconf 72' lang='grc' dir='ltr'>ἀναϐλύζειν,</span> <span class='ocrx_word' id='word_1_524' title='bbox 814 4377 909 4437; x_wconf 59' lang='grc' dir='ltr'><strong>καὶ</strong></span> <span class='ocrx_word' id='word_1_525' title='bbox 957 4372 1357 4446; x_wconf 78' lang='grc' dir='ltr'>ἐκπορεύεσθαι</span> <span class='ocrx_word' id='word_1_526' title='bbox 1379 4390 1392 4405; x_wconf 88' lang='grc'><strong>·</strong></span> <span class='ocrx_word' id='word_1_527' title='bbox 1427 4376 1524 4429; x_wconf 71' lang='grc' dir='ltr'><strong>καὶ</strong></span> <span class='ocrx_word' id='word_1_528' title='bbox 1569 4371 1887 4425; x_wconf 78' lang='grc' dir='ltr'>τελευταῖον</span> 
     </span>
    </p>
   </div>
   <div class='ocr_carea' id='block_1_72' title="bbox 306 4461 1886 4536">
    <p class='ocr_par' dir='ltr' id='par_1_72' title="bbox 306 4461 1886 4536">
     <span class='ocr_line' id='line_1_73' title="bbox 306 4461 1886 4536; baseline -0.006 -10"><span class='ocrx_word' id='word_1_529' title='bbox 306 4472 404 4535; x_wconf 75' lang='grc' dir='ltr'><strong>ἐπὶ</strong></span> <span class='ocrx_word' id='word_1_530' title='bbox 429 4471 562 4524; x_wconf 79' lang='grc' dir='ltr'>πᾶσι</span> <span class='ocrx_word' id='word_1_531' title='bbox 582 4469 644 4523; x_wconf 70' lang='grc' dir='ltr'>τὸ</span> <span class='ocrx_word' id='word_1_532' title='bbox 675 4468 1120 4535; x_wconf 80' lang='grc' dir='ltr'>ἐπισυναγωγεῖν</span> <span class='ocrx_word' id='word_1_533' title='bbox 1145 4464 1214 4517; x_wconf 74' lang='grc' dir='ltr'>τὰ</span> <span class='ocrx_word' id='word_1_534' title='bbox 1252 4463 1547 4536; x_wconf 81' lang='grc' dir='ltr'>εἰρημένα.</span> <span class='ocrx_word' id='word_1_535' title='bbox 1594 4461 1886 4517; x_wconf 84' lang='grc' dir='ltr'>Κάνταῦθα</span> 
     </span>
    </p>
   </div>
   <div class='ocr_carea' id='block_1_73' title="bbox 306 4555 1888 4635">
    <p class='ocr_par' dir='ltr' id='par_1_73' title="bbox 306 4555 1888 4635">
     <span class='ocr_line' id='line_1_74' title="bbox 306 4555 1888 4635; baseline -0.003 -20"><span class='ocrx_word' id='word_1_536' title='bbox 306 4562 373 4635; x_wconf 77' lang='grc' dir='ltr'>δὴ</span> <span class='ocrx_word' id='word_1_537' title='bbox 437 4564 612 4632; x_wconf 81' lang='grc' dir='ltr'>πέρας</span> <span class='ocrx_word' id='word_1_538' title='bbox 656 4563 684 4616; x_wconf 89' lang='grc' dir='ltr'><strong>ό</strong></span> <span class='ocrx_word' id='word_1_539' title='bbox 718 4560 878 4629; x_wconf 81' lang='grc' dir='ltr'>λόγος</span> <span class='ocrx_word' id='word_1_540' title='bbox 941 4557 1136 4630; x_wconf 74' lang='grc' dir='ltr'><strong>ἐχέτω²</strong></span> <span class='ocrx_word' id='word_1_541' title='bbox 1187 4556 1308 4609; x_wconf 76' lang='grc' dir='ltr'>ἐπεὶ</span> <span class='ocrx_word' id='word_1_542' title='bbox 1354 4556 1451 4610; x_wconf 73' lang='grc' dir='ltr'><strong>καὶ</strong></span> <span class='ocrx_word' id='word_1_543' title='bbox 1487 4555 1652 4628; x_wconf 81' lang='grc' dir='ltr'>μέχρι</span> <span class='ocrx_word' id='word_1_544' title='bbox 1696 4555 1888 4611; x_wconf 77' lang='grc' dir='ltr'>τούτου</span> 
     </span>
    </p>
   </div>
   <div class='ocr_carea' id='block_1_74' title="bbox 312 4645 1891 4725">
    <p class='ocr_par' dir='ltr' id='par_1_74' title="bbox 312 4645 1891 4725">
     <span class='ocr_line' id='line_1_75' title="bbox 312 4645 1891 4725; baseline -0.006 -16"><span class='ocrx_word' id='word_1_545' title='bbox 312 4655 515 4719; x_wconf 73' lang='grc' dir='ltr'>σκοπὸς</span> <span class='ocrx_word' id='word_1_546' title='bbox 538 4650 606 4725; x_wconf 78' lang='grc' dir='ltr'>ἦν</span> <span class='ocrx_word' id='word_1_547' title='bbox 634 4652 806 4723; x_wconf 71' lang='grc' dir='ltr'>αὐτῷ,</span> <span class='ocrx_word' id='word_1_548' title='bbox 835 4650 898 4704; x_wconf 82' lang='grc' dir='ltr'><strong>Εἰ</strong></span> <span class='ocrx_word' id='word_1_549' title='bbox 933 4650 1033 4721; x_wconf 80' lang='grc' dir='ltr'>μὲν</span> <span class='ocrx_word' id='word_1_550' title='bbox 1065 4645 1157 4704; x_wconf 71' lang='grc' dir='ltr'><strong>οὖν</strong></span> <span class='ocrx_word' id='word_1_551' title='bbox 1191 4649 1284 4708; x_wconf 61' lang='grc' dir='ltr'><strong>καὶ</strong></span> <span class='ocrx_word' id='word_1_552' title='bbox 1311 4648 1374 4703; x_wconf 83' lang='grc' dir='ltr'><strong>τὸ</strong></span> <span class='ocrx_word' id='word_1_553' title='bbox 1408 4650 1690 4720; x_wconf 81' lang='grc' dir='ltr'>προσῆκον</span> <span class='ocrx_word' id='word_1_554' title='bbox 1732 4647 1891 4700; x_wconf 85' lang='grc' dir='ltr'>ἀπεί-</span> 
     </span>
    </p>
   </div>
   <div class='ocr_carea' id='block_1_75' title="bbox 308 4740 1891 4819">
    <p class='ocr_par' dir='ltr' id='par_1_75' title="bbox 308 4740 1891 4819">
     <span class='ocr_line' id='line_1_76' title="bbox 308 4740 1891 4819; baseline -0.008 -16"><span class='ocrx_word' id='word_1_555' title='bbox 308 4750 449 4819; x_wconf 81' lang='grc' dir='ltr'>ληφε</span> <span class='ocrx_word' id='word_1_556' title='bbox 491 4747 689 4816; x_wconf 80' lang='grc' dir='ltr'>πέρας,</span> <span class='ocrx_word' id='word_1_557' title='bbox 733 4745 829 4798; x_wconf 73' lang='grc' dir='ltr'>καὶ</span> <span class='ocrx_word' id='word_1_558' title='bbox 877 4743 966 4797; x_wconf 74' lang='grc' dir='ltr'>διὰ</span> <span class='ocrx_word' id='word_1_559' title='bbox 1027 4742 1252 4797; x_wconf 83' lang='grc' dir='ltr'>πάντων</span> <span class='ocrx_word' id='word_1_560' title='bbox 1314 4741 1580 4811; x_wconf 82' lang='grc' dir='ltr'>γενναίως</span> <span class='ocrx_word' id='word_1_561' title='bbox 1610 4740 1671 4793; x_wconf 83' lang='grc' dir='ltr'>τὸ</span> <span class='ocrx_word' id='word_1_562' title='bbox 1715 4740 1891 4811; x_wconf 73' lang='grc' dir='ltr'>παρόν</span> 
     </span>
    </p>
   </div>
   <div class='ocr_carea' id='block_1_76' title="bbox 309 4832 1892 4911">
    <p class='ocr_par' dir='ltr' id='par_1_76' title="bbox 309 4832 1892 4911">
     <span class='ocr_line' id='line_1_77' title="bbox 309 4832 1892 4911; baseline -0.006 -18"><span class='ocrx_word' id='word_1_563' title='bbox 309 4839 679 4910; x_wconf 76' lang='grc' dir='ltr'>ἀπείργασται</span> <span class='ocrx_word' id='word_1_564' title='bbox 744 4836 1104 4911; x_wconf 75' lang='grc' dir='ltr'>σύγγραμμα,</span> <span class='ocrx_word' id='word_1_565' title='bbox 1137 4832 1215 4902; x_wconf 83' lang='grc' dir='ltr'>τῷ</span> <span class='ocrx_word' id='word_1_566' title='bbox 1262 4832 1381 4903; x_wconf 83' lang='grc' dir='ltr'>Θεῷ</span> <span class='ocrx_word' id='word_1_567' title='bbox 1437 4833 1619 4904; x_wconf 83' lang='grc' dir='ltr'>χάρις,</span> <span class='ocrx_word' id='word_1_568' title='bbox 1665 4832 1744 4904; x_wconf 83' lang='grc' dir='ltr'><strong>τῷ</strong></span> <span class='ocrx_word' id='word_1_569' title='bbox 1799 4834 1892 4885; x_wconf 72' lang='grc' dir='ltr'><strong>καὶ</strong></span> 
     </span>
    </p>
   </div>
   <div class='ocr_carea' id='block_1_77' title="bbox 312 4925 1892 5001">
    <p class='ocr_par' dir='ltr' id='par_1_77' title="bbox 312 4925 1892 5001">
     <span class='ocr_line' id='line_1_78' title="bbox 312 4925 1892 5001; baseline -0.007 -14"><span class='ocrx_word' id='word_1_570' title='bbox 312 4937 428 4998; x_wconf 81' lang='grc' dir='ltr'>τοῖς</span> <span class='ocrx_word' id='word_1_571' title='bbox 480 4931 700 4994; x_wconf 54' lang='lat' dir='ltr'><strong>dicunt;</strong></span> <span class='ocrx_word' id='word_1_572' title='bbox 725 4930 934 4993; x_wconf 83' lang='grc' dir='ltr'>λαλεῖν,</span> <span class='ocrx_word' id='word_1_573' title='bbox 994 4931 1091 4983; x_wconf 74' lang='grc' dir='ltr'><strong>καὶ</strong></span> <span class='ocrx_word' id='word_1_574' title='bbox 1123 4930 1237 4990; x_wconf 82' lang='grc' dir='ltr'>τοῖς</span> <span class='ocrx_word' id='word_1_575' title='bbox 1282 4928 1491 5001; x_wconf 75' lang='grc' dir='ltr'>κωφοῖς</span> <span class='ocrx_word' id='word_1_576' title='bbox 1530 4925 1754 4978; x_wconf 78' lang='grc' dir='ltr'>ἀκούειν</span> <span class='ocrx_word' id='word_1_577' title='bbox 1787 4943 1892 4994; x_wconf 81' lang='grc' dir='ltr'><strong>χα-</strong></span> 
     </span>
    </p>
   </div>
   <div class='ocr_carea' id='block_1_78' title="bbox 318 5012 1890 5098">
    <p class='ocr_par' dir='ltr' id='par_1_78' title="bbox 318 5012 1890 5098">
     <span class='ocr_line' id='line_1_79' title="bbox 318 5012 1890 5098; baseline -0.006 -19"><span class='ocrx_word' id='word_1_578' title='bbox 318 5027 587 5098; x_wconf 78' lang='grc' dir='ltr'>ριζομένῳ</span> <span class='ocrx_word' id='word_1_579' title='bbox 613 5041 629 5057; x_wconf 75' lang='grc'><strong>⁸</strong></span> <span class='ocrx_word' id='word_1_580' title='bbox 661 5025 711 5078; x_wconf 79' lang='grc' dir='ltr'><strong>εί</strong></span> <span class='ocrx_word' id='word_1_581' title='bbox 741 5023 798 5091; x_wconf 79' lang='grc' dir='ltr'>δὲ</span> <span class='ocrx_word' id='word_1_582' title='bbox 843 5021 938 5092; x_wconf 84' lang='grc' dir='ltr'>μὴ,</span> <span class='ocrx_word' id='word_1_583' title='bbox 982 5022 1034 5074; x_wconf 77' lang='grc' dir='ltr'><strong>εί</strong></span> <span class='ocrx_word' id='word_1_584' title='bbox 1064 5039 1116 5073; x_wconf 83' lang='grc' dir='ltr'><strong>τι</strong></span> <span class='ocrx_word' id='word_1_585' title='bbox 1151 5020 1250 5073; x_wconf 67' lang='grc' dir='ltr'>καὶ</span> <span class='ocrx_word' id='word_1_586' title='bbox 1286 5018 1511 5082; x_wconf 78' lang='grc' dir='ltr'>ἀσθενὲς</span> <span class='ocrx_word' id='word_1_587' title='bbox 1549 5012 1691 5071; x_wconf 76' lang='grc' dir='ltr'>εἶναι</span> <span class='ocrx_word' id='word_1_588' title='bbox 1723 5017 1890 5081; x_wconf 76' lang='grc' dir='ltr'>δοκεῖ,</span> 
     </span>
    </p>
   </div>
   <div class='ocr_carea' id='block_1_79' title="bbox 320 5108 1892 5188">
    <p class='ocr_par' dir='ltr' id='par_1_79' title="bbox 320 5108 1892 5188">
     <span class='ocr_line' id='line_1_80' title="bbox 320 5108 1892 5188; baseline -0.008 -15"><span class='ocrx_word' id='word_1_589' title='bbox 320 5121 395 5188; x_wconf 77' lang='grc' dir='ltr'>μὴ</span> <span class='ocrx_word' id='word_1_590' title='bbox 425 5120 560 5183; x_wconf 80' lang='grc' dir='ltr'><strong>τοῖς¹</strong></span> <span class='ocrx_word' id='word_1_591' title='bbox 595 5116 724 5186; x_wconf 78' lang='grc' dir='ltr'>περὶ</span> <span class='ocrx_word' id='word_1_592' title='bbox 754 5108 830 5170; x_wconf 83' lang='grc' dir='ltr'>ὧν</span> <span class='ocrx_word' id='word_1_593' title='bbox 859 5115 888 5167; x_wconf 80' lang='grc' dir='ltr'>ὁ</span> <span class='ocrx_word' id='word_1_594' title='bbox 920 5113 1080 5181; x_wconf 82' lang='grc' dir='ltr'>λόγος</span> <span class='ocrx_word' id='word_1_595' title='bbox 1118 5112 1336 5181; x_wconf 79' lang='grc' dir='ltr'>γέγονε,</span> <span class='ocrx_word' id='word_1_596' title='bbox 1406 5110 1618 5180; x_wconf 79' lang='grc' dir='ltr'>προύλή</span> <span class='ocrx_word' id='word_1_597' title='bbox 1629 5127 1785 5179; x_wconf 90' lang='grc' dir='ltr'>μασι,</span> <span class='ocrx_word' id='word_1_598' title='bbox 1814 5109 1892 5179; x_wconf 79' lang='grc' dir='ltr'>τῷ</span> 
     </span>
    </p>
   </div>
   <div class='ocr_carea' id='block_1_80' title="bbox 314 5198 1892 5279">
    <p class='ocr_par' dir='ltr' id='par_1_80' title="bbox 314 5198 1892 5279">
     <span class='ocr_line' id='line_1_81' title="bbox 314 5198 1892 5279; baseline -0.008 -15"><span class='ocrx_word' id='word_1_599' title='bbox 314 5212 373 5264; x_wconf 79' lang='grc' dir='ltr'><strong>δὲ</strong></span> <span class='ocrx_word' id='word_1_600' title='bbox 405 5208 747 5279; x_wconf 39' lang='grc' dir='ltr'>εἰρηκότιιτὸ</span> <span class='ocrx_word' id='word_1_601' title='bbox 772 5205 1021 5258; x_wconf 76' lang='grc' dir='ltr'>ἐλλεῖπον</span> <span class='ocrx_word' id='word_1_602' title='bbox 1065 5201 1427 5263; x_wconf 84' lang='grc' dir='ltr'>ἀνατιθέσθω.</span> <span class='ocrx_word' id='word_1_603' title='bbox 1477 5198 1647 5269; x_wconf 76' lang='grc' dir='ltr'>Οἶμαι</span> <span class='ocrx_word' id='word_1_604' title='bbox 1706 5202 1892 5271; x_wconf 83' lang='grc' dir='ltr'>μέντοι</span> 
     </span>
    </p>
   </div>
   <div class='ocr_carea' id='block_1_81' title="bbox 317 5292 1894 5367">
    <p class='ocr_par' dir='ltr' id='par_1_81' title="bbox 317 5292 1894 5367">
     <span class='ocr_line' id='line_1_82' title="bbox 317 5292 1894 5367; baseline -0.006 -13"><span class='ocrx_word' id='word_1_605' title='bbox 317 5302 408 5356; x_wconf 76' lang='grc' dir='ltr'>διὰ</span> <span class='ocrx_word' id='word_1_606' title='bbox 436 5302 496 5354; x_wconf 73' lang='grc' dir='ltr'><strong>τδ</strong></span> <span class='ocrx_word' id='word_1_607' title='bbox 536 5300 648 5354; x_wconf 82' lang='grc' dir='ltr'>τῶν</span> <span class='ocrx_word' id='word_1_608' title='bbox 702 5297 1081 5367; x_wconf 78' lang='grc' dir='ltr'>προτεθέντων</span> <span class='ocrx_word' id='word_1_609' title='bbox 1133 5294 1212 5364; x_wconf 81' lang='grc' dir='ltr'><strong>τῷ</strong></span> <span class='ocrx_word' id='word_1_610' title='bbox 1245 5294 1391 5365; x_wconf 80' lang='grc' dir='ltr'>λόγῳ</span> <span class='ocrx_word' id='word_1_611' title='bbox 1445 5292 1646 5362; x_wconf 77' lang='grc' dir='ltr'>ἀληθὲς</span> <span class='ocrx_word' id='word_1_612' title='bbox 1700 5293 1796 5345; x_wconf 71' lang='grc' dir='ltr'>καὶ</span> <span class='ocrx_word' id='word_1_613' title='bbox 1826 5292 1894 5345; x_wconf 81' lang='grc' dir='ltr'>τὰ</span> 
     </span>
    </p>
   </div>
   <div class='ocr_carea' id='block_1_82' title="bbox 320 5383 1890 5462">
    <p class='ocr_par' dir='ltr' id='par_1_82' title="bbox 320 5383 1890 5462">
     <span class='ocr_line' id='line_1_83' title="bbox 320 5383 1890 5462; baseline -0.007 -17"><span class='ocrx_word' id='word_1_614' title='bbox 320 5391 588 5462; x_wconf 77' lang='grc' dir='ltr'>εἰρημένα</span> <span class='ocrx_word' id='word_1_615' title='bbox 627 5390 767 5444; x_wconf 87' lang='grc' dir='ltr'><strong>καλά</strong></span> <span class='ocrx_word' id='word_1_616' title='bbox 797 5389 891 5442; x_wconf 76' lang='grc' dir='ltr'><strong>καὶ</strong></span> <span class='ocrx_word' id='word_1_617' title='bbox 922 5386 1268 5456; x_wconf 81' lang='grc' dir='ltr'>ἀληθέστατα</span> <span class='ocrx_word' id='word_1_618' title='bbox 1300 5387 1365 5456; x_wconf 77' lang='grc' dir='ltr'>τῇ</span> <span class='ocrx_word' id='word_1_619' title='bbox 1407 5383 1502 5437; x_wconf 82' lang='grc' dir='ltr'><strong>τοῦ</strong></span> <span class='ocrx_word' id='word_1_620' title='bbox 1537 5383 1674 5436; x_wconf 84' lang='grc' dir='ltr'>Θεοῦ</span> <span class='ocrx_word' id='word_1_621' title='bbox 1702 5383 1890 5453; x_wconf 82' lang='grc' dir='ltr'>χάριτι</span> 
     </span>
    </p>
   </div>
   <div class='ocr_carea' id='block_1_83' title="bbox 319 5474 1892 5552">
    <p class='ocr_par' dir='ltr' id='par_1_83' title="bbox 319 5474 1892 5552">
     <span class='ocr_line' id='line_1_84' title="bbox 319 5474 1892 5552; baseline -0.008 -15"><span class='ocrx_word' id='word_1_622' title='bbox 319 5482 513 5548; x_wconf 72' lang='grc' dir='ltr'>δόξειν.</span> <span class='ocrx_word' id='word_1_623' title='bbox 548 5480 696 5552; x_wconf 81' lang='grc' dir='ltr'>Πλὴν</span> <span class='ocrx_word' id='word_1_624' title='bbox 727 5480 781 5533; x_wconf 79' lang='grc' dir='ltr'><strong>εί</strong></span> <span class='ocrx_word' id='word_1_625' title='bbox 810 5496 896 5542; x_wconf 89' lang='grc' dir='ltr'><strong>τις</strong></span> <span class='ocrx_word' id='word_1_626' title='bbox 925 5478 992 5532; x_wconf 80' lang='grc' dir='ltr'>δι’</span> <span class='ocrx_word' id='word_1_627' title='bbox 1014 5478 1308 5548; x_wconf 82' lang='grc' dir='ltr'>ἀγροικίαν</span> <span class='ocrx_word' id='word_1_628' title='bbox 1340 5477 1435 5528; x_wconf 79' lang='grc' dir='ltr'><strong>καὶ</strong></span> <span class='ocrx_word' id='word_1_629' title='bbox 1480 5474 1892 5545; x_wconf 75' lang='grc' dir='ltr'>βαρϐαρότητα,</span> 
     </span>
    </p>
   </div>
   <div class='ocr_carea' id='block_1_84' title="bbox 322 5564 1898 5644">
    <p class='ocr_par' dir='ltr' id='par_1_84' title="bbox 322 5564 1898 5644">
     <span class='ocr_line' id='line_1_85' title="bbox 322 5564 1898 5644; baseline -0.007 -17"><span class='ocrx_word' id='word_1_630' title='bbox 322 5574 357 5643; x_wconf 79' lang='grc' dir='ltr'>ἢ</span> <span class='ocrx_word' id='word_1_631' title='bbox 413 5574 684 5644; x_wconf 85' lang='grc' dir='ltr'>πονηρίαν</span> <span class='ocrx_word' id='word_1_632' title='bbox 736 5570 834 5624; x_wconf 75' lang='grc' dir='ltr'><strong>καὶ</strong></span> <span class='ocrx_word' id='word_1_633' title='bbox 864 5568 1121 5623; x_wconf 78' lang='grc' dir='ltr'>ἀσέϐειαν</span> <span class='ocrx_word' id='word_1_634' title='bbox 1153 5569 1332 5639; x_wconf 72' lang='grc' dir='ltr'>ψυχῆς</span> <span class='ocrx_word' id='word_1_635' title='bbox 1363 5564 1688 5637; x_wconf 82' lang='grc' dir='ltr'>βουλόμενος</span> <span class='ocrx_word' id='word_1_636' title='bbox 1744 5564 1898 5632; x_wconf 68' lang='grc' dir='ltr'>παρὰ</span> 
     </span>
    </p>
   </div>
   <div class='ocr_carea' id='block_1_85' title="bbox 323 5656 1895 5734">
    <p class='ocr_par' dir='ltr' id='par_1_85' title="bbox 323 5656 1895 5734">
     <span class='ocr_line' id='line_1_86' title="bbox 323 5656 1895 5734; baseline -0.008 -13"><span class='ocrx_word' id='word_1_637' title='bbox 323 5670 438 5731; x_wconf 77' lang='grc' dir='ltr'>τοῖς</span> <span class='ocrx_word' id='word_1_638' title='bbox 469 5666 720 5734; x_wconf 78' lang='grc' dir='ltr'>ἀνοήτοις</span> <span class='ocrx_word' id='word_1_639' title='bbox 751 5659 894 5717; x_wconf 87' lang='grc' dir='ltr'>εἶναί</span> <span class='ocrx_word' id='word_1_640' title='bbox 926 5678 980 5715; x_wconf 91' lang='grc' dir='ltr'><strong>τι</strong></span> <span class='ocrx_word' id='word_1_641' title='bbox 1010 5661 1189 5715; x_wconf 86' lang='grc' dir='ltr'>δοκεῖν</span> <span class='ocrx_word' id='word_1_642' title='bbox 1220 5660 1425 5732; x_wconf 73' lang='grc' dir='ltr'>σφόδρα</span> <span class='ocrx_word' id='word_1_643' title='bbox 1457 5659 1601 5714; x_wconf 77' lang='grc' dir='ltr'>κατὰ</span> <span class='ocrx_word' id='word_1_644' title='bbox 1629 5656 1732 5729; x_wconf 80' lang='grc' dir='ltr'>τῆς</span> <span class='ocrx_word' id='word_1_645' title='bbox 1761 5656 1895 5725; x_wconf 86' lang='grc' dir='ltr'>ἀλη-</span> 
     </span>
    </p>
   </div>
   <div class='ocr_carea' id='block_1_86' title="bbox 327 5753 1189 5841">
    <p class='ocr_par' dir='ltr' id='par_1_86' title="bbox 327 5753 1189 5841">
     <span class='ocr_line' id='line_1_87' title="bbox 327 5753 1189 5841; baseline -0.023 -15"><span class='ocrx_word' id='word_1_646' title='bbox 327 5759 478 5827; x_wconf 64' lang='grc' dir='ltr'>θείας</span> <span class='ocrx_word' id='word_1_647' title='bbox 503 5757 880 5841; x_wconf 73' lang='grc' dir='ltr'>ἀναισχυντεῖν</span> <span class='ocrx_word' id='word_1_648' title='bbox 924 5753 1189 5825; x_wconf 79' lang='grc' dir='ltr'>βούλοιτο.</span> 
     </span>
    </p>
   </div>
   <div class='ocr_carea' id='block_1_87' title="bbox 1982 3257 3571 3343">
    <p class='ocr_par' dir='ltr' id='par_1_87' title="bbox 1982 3257 3571 3343">
     <span class='ocr_line' id='line_1_88' title="bbox 1982 3257 3571 3343; baseline -0.013 -14"><span class='ocrx_word' id='word_1_649' title='bbox 1982 3287 2296 3343; x_wconf 79' lang='lat' dir='ltr'><strong>repugnare</strong></span> <span class='ocrx_word' id='word_1_650' title='bbox 2321 3270 2389 3324; x_wconf 88' lang='lat' dir='ltr'><strong>iis</strong></span> <span class='ocrx_word' id='word_1_651' title='bbox 2421 3269 2515 3340; x_wconf 87' lang='lat' dir='ltr'><strong>qui</strong></span> <span class='ocrx_word' id='word_1_652' title='bbox 2540 3267 2808 3336; x_wconf 88' lang='lat' dir='ltr'><strong>Spiritum</strong></span> <span class='ocrx_word' id='word_1_653' title='bbox 2836 3272 3087 3320; x_wconf 86' lang='lat' dir='ltr'><strong>sanetqu</strong></span> <span class='ocrx_word' id='word_1_654' title='bbox 3107 3277 3177 3317; x_wconf 79' lang='lat' dir='ltr'><strong>ex</strong></span> <span class='ocrx_word' id='word_1_655' title='bbox 3202 3259 3365 3314; x_wconf 84' lang='lat' dir='ltr'><strong>Patre</strong></span> <span class='ocrx_word' id='word_1_656' title='bbox 3402 3257 3571 3312; x_wconf 87' lang='lat' dir='ltr'><strong>Filio-</strong></span> 
     </span>
    </p>
   </div>
   <div class='ocr_carea' id='block_1_88' title="bbox 1981 3348 3568 3436">
    <p class='ocr_par' dir='ltr' id='par_1_88' title="bbox 1981 3348 3568 3436">
     <span class='ocr_line' id='line_1_89' title="bbox 1981 3348 3568 3436; baseline -0.013 -15"><span class='ocrx_word' id='word_1_657' title='bbox 1981 3381 2090 3436; x_wconf 90' lang='lat' dir='ltr'><strong>que</strong></span> <span class='ocrx_word' id='word_1_658' title='bbox 2124 3361 2423 3434; x_wconf 82' lang='lat' dir='ltr'><strong>procedere</strong></span> <span class='ocrx_word' id='word_1_659' title='bbox 2473 3369 2769 3422; x_wconf 88' lang='lat' dir='ltr'><strong>asserunt,</strong></span> <span class='ocrx_word' id='word_1_660' title='bbox 2804 3356 3022 3426; x_wconf 77' lang='lat' dir='ltr'><strong>coegit,</strong></span> <span class='ocrx_word' id='word_1_661' title='bbox 3055 3367 3166 3407; x_wconf 84' lang='lat' dir='ltr'><strong>non</strong></span> <span class='ocrx_word' id='word_1_662' title='bbox 3214 3348 3469 3406; x_wconf 84' lang='lat' dir='ltr'><strong>conﬁteri</strong></span> <span class='ocrx_word' id='word_1_663' title='bbox 3501 3363 3568 3402; x_wconf 79' lang='lat' dir='ltr'><strong>ex</strong></span> 
     </span>
    </p>
   </div>
   <div class='ocr_carea' id='block_1_89' title="bbox 1981 3446 3575 3514">
    <p class='ocr_par' dir='ltr' id='par_1_89' title="bbox 1981 3446 3575 3514">
     <span class='ocr_line' id='line_1_90' title="bbox 1981 3446 3575 3514; baseline -0.012 0"><span class='ocrx_word' id='word_1_664' title='bbox 1981 3459 2292 3514; x_wconf 81' lang='lat' dir='ltr'><strong>substantia</strong></span> <span class='ocrx_word' id='word_1_665' title='bbox 2328 3454 2510 3510; x_wconf 69' lang='lat' dir='ltr'><strong>Patris</strong></span> <span class='ocrx_word' id='word_1_666' title='bbox 2549 3468 2673 3508; x_wconf 87' lang='lat' dir='ltr'><strong>esse</strong></span> <span class='ocrx_word' id='word_1_667' title='bbox 2718 3451 2943 3505; x_wconf 86' lang='lat' dir='ltr'><strong>Filium.</strong></span> <span class='ocrx_word' id='word_1_668' title='bbox 2982 3446 3232 3510; x_wconf 88' lang='lat' dir='ltr'><strong>Decimo,</strong></span> <span class='ocrx_word' id='word_1_669' title='bbox 3282 3459 3423 3512; x_wconf 88' lang='lat' dir='ltr'><strong>quas</strong></span> <span class='ocrx_word' id='word_1_670' title='bbox 3452 3450 3575 3496; x_wconf 87' lang='lat' dir='ltr'><strong>tau-</strong></span> 
     </span>
    </p>
   </div>
   <div class='ocr_carea' id='block_1_90' title="bbox 1982 3533 3575 3615">
    <p class='ocr_par' dir='ltr' id='par_1_90' title="bbox 1982 3533 3575 3615">
     <span class='ocr_line' id='line_1_91' title="bbox 1982 3533 3575 3615; baseline -0.01 -12"><span class='ocrx_word' id='word_1_671' title='bbox 1982 3547 2110 3603; x_wconf 89' lang='lat' dir='ltr'><strong>dem</strong></span> <span class='ocrx_word' id='word_1_672' title='bbox 2166 3544 2534 3615; x_wconf 74' lang='lat' dir='ltr'><strong>obiectiones,</strong></span> <span class='ocrx_word' id='word_1_673' title='bbox 2588 3558 2711 3613; x_wconf 66' lang='lat' dir='ltr'><strong>qua:</strong></span> <span class='ocrx_word' id='word_1_674' title='bbox 2766 3541 3030 3596; x_wconf 87' lang='lat' dir='ltr'><strong>videntur</strong></span> <span class='ocrx_word' id='word_1_675' title='bbox 3088 3534 3400 3607; x_wconf 68' lang='lat' dir='ltr'><strong>praecipuae,</strong></span> <span class='ocrx_word' id='word_1_676' title='bbox 3434 3533 3575 3587; x_wconf 77' lang='lat' dir='ltr'><strong>infe-</strong></span> 
     </span>
    </p>
   </div>
   <div class='ocr_carea' id='block_1_91' title="bbox 1983 3625 3575 3707">
    <p class='ocr_par' dir='ltr' id='par_1_91' title="bbox 1983 3625 3575 3707">
     <span class='ocr_line' id='line_1_92' title="bbox 1983 3625 3575 3707; baseline -0.011 -12"><span class='ocrx_word' id='word_1_677' title='bbox 1983 3648 2108 3695; x_wconf 86' lang='lat' dir='ltr'><strong>rant</strong></span> <span class='ocrx_word' id='word_1_678' title='bbox 2159 3638 2229 3693; x_wconf 88' lang='lat' dir='ltr'><strong>iis</strong></span> <span class='ocrx_word' id='word_1_679' title='bbox 2274 3638 2366 3707; x_wconf 87' lang='lat' dir='ltr'><strong>qui</strong></span> <span class='ocrx_word' id='word_1_680' title='bbox 2400 3636 2667 3707; x_wconf 89' lang='lat' dir='ltr'><strong>Spiritum</strong></span> <span class='ocrx_word' id='word_1_681' title='bbox 2714 3642 2965 3689; x_wconf 80' lang='lat' dir='ltr'><strong>sanctum</strong></span> <span class='ocrx_word' id='word_1_682' title='bbox 3003 3646 3071 3687; x_wconf 79' lang='lat' dir='ltr'><strong>ex</strong></span> <span class='ocrx_word' id='word_1_683' title='bbox 3116 3629 3277 3705; x_wconf 85' lang='lat' dir='ltr'><strong>Patre</strong></span> <span class='ocrx_word' id='word_1_684' title='bbox 3322 3625 3575 3695; x_wconf 70' lang='lat' dir='ltr'><strong>Filioque</strong></span> 
     </span>
    </p>
   </div>
   <div class='ocr_carea' id='block_1_92' title="bbox 1985 3718 3574 3802">
    <p class='ocr_par' dir='ltr' id='par_1_92' title="bbox 1985 3718 3574 3802">
     <span class='ocr_line' id='line_1_93' title="bbox 1985 3718 3574 3802; baseline -0.011 -14"><span class='ocrx_word' id='word_1_685' title='bbox 1985 3721 2283 3802; x_wconf 77' lang='lat' dir='ltr'><strong>procedere</strong></span> <span class='ocrx_word' id='word_1_686' title='bbox 2329 3731 2521 3793; x_wconf 88' lang='lat' dir='ltr'><strong>aiunt;</strong></span> <span class='ocrx_word' id='word_1_687' title='bbox 2551 3735 2609 3783; x_wconf 87' lang='lat' dir='ltr'><strong>et</strong></span> <span class='ocrx_word' id='word_1_688' title='bbox 2650 3726 2915 3797; x_wconf 87' lang='lat' dir='ltr'><strong>primum,</strong></span> <span class='ocrx_word' id='word_1_689' title='bbox 2953 3738 3075 3789; x_wconf 75' lang='lat' dir='ltr'><strong>qua:</strong></span> <span class='ocrx_word' id='word_1_690' title='bbox 3121 3736 3151 3775; x_wconf 91' lang='lat' dir='ltr'><strong>a</strong></span> <span class='ocrx_word' id='word_1_691' title='bbox 3203 3718 3574 3776; x_wconf 79' lang='lat' dir='ltr'><strong>consubstan-</strong></span> 
     </span>
    </p>
   </div>
   <div class='ocr_carea' id='block_1_93' title="bbox 1988 3808 3576 3883">
    <p class='ocr_par' dir='ltr' id='par_1_93' title="bbox 1988 3808 3576 3883">
     <span class='ocr_line' id='line_1_94' title="bbox 1988 3808 3576 3883; baseline -0.011 -2"><span class='ocrx_word' id='word_1_692' title='bbox 1988 3826 2221 3881; x_wconf 87' lang='lat' dir='ltr'><strong>tialitate</strong></span> <span class='ocrx_word' id='word_1_693' title='bbox 2285 3823 2604 3883; x_wconf 79' lang='lat' dir='ltr'><strong>ducuntur,</strong></span> <span class='ocrx_word' id='word_1_694' title='bbox 2659 3828 2718 3874; x_wconf 92' lang='lat' dir='ltr'><strong>et</strong></span> <span class='ocrx_word' id='word_1_695' title='bbox 2766 3817 3067 3875; x_wconf 84' lang='lat' dir='ltr'><strong>solutiones</strong></span> <span class='ocrx_word' id='word_1_696' title='bbox 3118 3826 3333 3868; x_wconf 88' lang='lat' dir='ltr'><strong>earum.</strong></span> <span class='ocrx_word' id='word_1_697' title='bbox 3389 3808 3576 3867; x_wconf 81' lang='lat' dir='ltr'><strong>Unde-</strong></span> 
     </span>
    </p>
   </div>
   <div class='ocr_carea' id='block_1_94' title="bbox 1987 3899 3577 3987">
    <p class='ocr_par' dir='ltr' id='par_1_94' title="bbox 1987 3899 3577 3987">
     <span class='ocr_line' id='line_1_95' title="bbox 1987 3899 3577 3987; baseline -0.011 -16"><span class='ocrx_word' id='word_1_698' title='bbox 1987 3918 2159 3982; x_wconf 89' lang='lat' dir='ltr'><strong>cimo,</strong></span> <span class='ocrx_word' id='word_1_699' title='bbox 2191 3916 2339 3987; x_wconf 88' lang='lat' dir='ltr'><strong>quod</strong></span> <span class='ocrx_word' id='word_1_700' title='bbox 2392 3925 2451 3971; x_wconf 84' lang='lat' dir='ltr'><strong>et</strong></span> <span class='ocrx_word' id='word_1_701' title='bbox 2505 3913 2735 3969; x_wconf 87' lang='lat' dir='ltr'><strong>alteram</strong></span> <span class='ocrx_word' id='word_1_702' title='bbox 2790 3907 3158 3980; x_wconf 79' lang='lat' dir='ltr'><strong>objectiouem</strong></span> <span class='ocrx_word' id='word_1_703' title='bbox 3227 3901 3424 3958; x_wconf 90' lang='lat' dir='ltr'><strong>iisdem</strong></span> <span class='ocrx_word' id='word_1_704' title='bbox 3489 3899 3577 3955; x_wconf 91' lang='lat' dir='ltr'><strong>in-</strong></span> 
     </span>
    </p>
   </div>
   <div class='ocr_carea' id='block_1_95' title="bbox 1990 3990 3573 4075">
    <p class='ocr_par' dir='ltr' id='par_1_95' title="bbox 1990 3990 3573 4075">
     <span class='ocr_line' id='line_1_96' title="bbox 1990 3990 3573 4075; baseline -0.011 -15"><span class='ocrx_word' id='word_1_705' title='bbox 1990 4007 2201 4068; x_wconf 80' lang='lat' dir='ltr'><strong>ferunt,</strong></span> <span class='ocrx_word' id='word_1_706' title='bbox 2247 4020 2370 4075; x_wconf 70' lang='lat' dir='ltr'><strong>qure</strong></span> <span class='ocrx_word' id='word_1_707' title='bbox 2435 4018 2468 4057; x_wconf 85' lang='lat' dir='ltr'><strong>a</strong></span> <span class='ocrx_word' id='word_1_708' title='bbox 2525 4004 2736 4057; x_wconf 75' lang='lat' dir='ltr'><strong>duobus</strong></span> <span class='ocrx_word' id='word_1_709' title='bbox 2758 3996 3066 4073; x_wconf 86' lang='lat' dir='ltr'><strong>principiis,</strong></span> <span class='ocrx_word' id='word_1_710' title='bbox 3106 4001 3163 4049; x_wconf 89' lang='lat' dir='ltr'><strong>et</strong></span> <span class='ocrx_word' id='word_1_711' title='bbox 3203 3993 3324 4063; x_wconf 83' lang='lat' dir='ltr'><strong>ejus</strong></span> <span class='ocrx_word' id='word_1_712' title='bbox 3350 3990 3573 4046; x_wconf 84' lang='lat' dir='ltr'><strong>solutio.</strong></span> 
     </span>
    </p>
   </div>
   <div class='ocr_carea' id='block_1_96' title="bbox 1989 4081 3578 4164">
    <p class='ocr_par' dir='ltr' id='par_1_96' title="bbox 1989 4081 3578 4164">
     <span class='ocr_line' id='line_1_97' title="bbox 1989 4081 3578 4164; baseline -0.012 -10"><span class='ocrx_word' id='word_1_713' title='bbox 1989 4097 2363 4159; x_wconf 87' lang='lat' dir='ltr'><strong>Duodecimo,</strong></span> <span class='ocrx_word' id='word_1_714' title='bbox 2399 4093 2545 4164; x_wconf 91' lang='lat' dir='ltr'><strong>quod</strong></span> <span class='ocrx_word' id='word_1_715' title='bbox 2610 4090 2786 4147; x_wconf 85' lang='lat' dir='ltr'><strong>sancti</strong></span> <span class='ocrx_word' id='word_1_716' title='bbox 2820 4104 2888 4144; x_wconf 77' lang='lat' dir='ltr'><strong>ex</strong></span> <span class='ocrx_word' id='word_1_717' title='bbox 2938 4083 3248 4142; x_wconf 84' lang='lat' dir='ltr'><strong>substantia</strong></span> <span class='ocrx_word' id='word_1_718' title='bbox 3279 4081 3465 4137; x_wconf 88' lang='lat' dir='ltr'><strong>Patris</strong></span> <span class='ocrx_word' id='word_1_719' title='bbox 3518 4090 3578 4135; x_wconf 89' lang='lat' dir='ltr'><strong>et</strong></span> 
     </span>
    </p>
   </div>
   <div class='ocr_carea' id='block_1_97' title="bbox 1989 4176 3578 4259">
    <p class='ocr_par' dir='ltr' id='par_1_97' title="bbox 1989 4176 3578 4259">
     <span class='ocr_line' id='line_1_98' title="bbox 1989 4176 3578 4259; baseline -0.013 -14"><span class='ocrx_word' id='word_1_720' title='bbox 1989 4189 2116 4245; x_wconf 90' lang='lat' dir='ltr'><strong>Filii</strong></span> <span class='ocrx_word' id='word_1_721' title='bbox 2176 4187 2443 4259; x_wconf 85' lang='lat' dir='ltr'><strong>Spiritum</strong></span> <span class='ocrx_word' id='word_1_722' title='bbox 2479 4181 2786 4251; x_wconf 77' lang='lat' dir='ltr'><strong>theologice</strong></span> <span class='ocrx_word' id='word_1_723' title='bbox 2841 4176 3318 4250; x_wconf 78' lang='lat' dir='ltr'><strong>phil030pltantur</strong></span> <span class='ocrx_word' id='word_1_724' title='bbox 3364 4190 3379 4228; x_wconf 89' lang='lat'><strong>:</strong></span> <span class='ocrx_word' id='word_1_725' title='bbox 3421 4180 3477 4227; x_wconf 92' lang='lat' dir='ltr'><strong>et</strong></span> <span class='ocrx_word' id='word_1_726' title='bbox 3509 4186 3578 4225; x_wconf 78' lang='lat' dir='ltr'><strong>ex</strong></span> 
     </span>
    </p>
   </div>
   <div class='ocr_carea' id='block_1_98' title="bbox 1991 4264 3575 4344">
    <p class='ocr_par' dir='ltr' id='par_1_98' title="bbox 1991 4264 3575 4344">
     <span class='ocr_line' id='line_1_99' title="bbox 1991 4264 3575 4344; baseline -0.014 -8"><span class='ocrx_word' id='word_1_727' title='bbox 1991 4280 2133 4336; x_wconf 83' lang='lat' dir='ltr'><strong>Filio</strong></span> <span class='ocrx_word' id='word_1_728' title='bbox 2195 4293 2359 4342; x_wconf 88' lang='lat' dir='ltr'><strong>esse,</strong></span> <span class='ocrx_word' id='word_1_729' title='bbox 2410 4283 2577 4344; x_wconf 89' lang='lat' dir='ltr'><strong>atque</strong></span> <span class='ocrx_word' id='word_1_730' title='bbox 2628 4272 2918 4335; x_wconf 79' lang='lat' dir='ltr'><strong>exsistere,</strong></span> <span class='ocrx_word' id='word_1_731' title='bbox 2964 4264 3353 4334; x_wconf 86' lang='lat' dir='ltr'><strong>proﬁciscique</strong></span> <span class='ocrx_word' id='word_1_732' title='bbox 3406 4271 3575 4331; x_wconf 87' lang='lat' dir='ltr'><strong>atque</strong></span> 
     </span>
    </p>
   </div>
   <div class='ocr_carea' id='block_1_99' title="bbox 1990 4352 3580 4434">
    <p class='ocr_par' dir='ltr' id='par_1_99' title="bbox 1990 4352 3580 4434">
     <span class='ocr_line' id='line_1_100' title="bbox 1990 4352 3580 4434; baseline -0.012 -11"><span class='ocrx_word' id='word_1_733' title='bbox 1990 4383 2271 4433; x_wconf 89' lang='lat' dir='ltr'><strong>emanare,</strong></span> <span class='ocrx_word' id='word_1_734' title='bbox 2334 4366 2465 4420; x_wconf 87' lang='lat' dir='ltr'><strong>item</strong></span> <span class='ocrx_word' id='word_1_735' title='bbox 2512 4362 2834 4434; x_wconf 84' lang='lat' dir='ltr'><strong>procedere.</strong></span> <span class='ocrx_word' id='word_1_736' title='bbox 2889 4358 3097 4414; x_wconf 89' lang='lat' dir='ltr'><strong>Ultimo</strong></span> <span class='ocrx_word' id='word_1_737' title='bbox 3145 4372 3268 4425; x_wconf 69' lang='lat' dir='ltr'><strong>cap.</strong></span> <span class='ocrx_word' id='word_1_738' title='bbox 3322 4352 3580 4422; x_wconf 86' lang='lat' dir='ltr'><strong>repetitio</strong></span> 
     </span>
    </p>
   </div>
   <div class='ocr_carea' id='block_1_100' title="bbox 1992 4444 3578 4531">
    <p class='ocr_par' dir='ltr' id='par_1_100' title="bbox 1992 4444 3578 4531">
     <span class='ocr_line' id='line_1_101' title="bbox 1992 4444 3578 4531; baseline -0.013 -15"><span class='ocrx_word' id='word_1_739' title='bbox 1992 4459 2388 4531; x_wconf 65' lang='lat' dir='ltr'><strong>praedictorum</strong></span> <span class='ocrx_word' id='word_1_740' title='bbox 2415 4456 2680 4527; x_wconf 87' lang='lat' dir='ltr'><strong>capitum.</strong></span> <span class='ocrx_word' id='word_1_741' title='bbox 2707 4455 2885 4523; x_wconf 86' lang='lat' dir='ltr'><strong>Atque</strong></span> <span class='ocrx_word' id='word_1_742' title='bbox 2912 4452 3020 4506; x_wconf 85' lang='lat' dir='ltr'><strong>hoc</strong></span> <span class='ocrx_word' id='word_1_743' title='bbox 3039 4450 3162 4504; x_wconf 91' lang='lat' dir='ltr'><strong>loco</strong></span> <span class='ocrx_word' id='word_1_744' title='bbox 3196 4448 3356 4501; x_wconf 88' lang='lat' dir='ltr'><strong>ﬁnem</strong></span> <span class='ocrx_word' id='word_1_745' title='bbox 3381 4444 3578 4500; x_wconf 85' lang='lat' dir='ltr'><strong>sortia-</strong></span> 
     </span>
    </p>
   </div>
   <div class='ocr_carea' id='block_1_101' title="bbox 1995 4540 3576 4620">
    <p class='ocr_par' dir='ltr' id='par_1_101' title="bbox 1995 4540 3576 4620">
     <span class='ocr_line' id='line_1_102' title="bbox 1995 4540 3576 4620; baseline -0.009 -16"><span class='ocrx_word' id='word_1_746' title='bbox 1995 4562 2084 4607; x_wconf 89' lang='lat' dir='ltr'><strong>tur</strong></span> <span class='ocrx_word' id='word_1_747' title='bbox 2112 4552 2324 4615; x_wconf 82' lang='lat' dir='ltr'><strong>oratio;</strong></span> <span class='ocrx_word' id='word_1_748' title='bbox 2355 4548 2617 4620; x_wconf 88' lang='lat' dir='ltr'><strong>quoniam</strong></span> <span class='ocrx_word' id='word_1_749' title='bbox 2644 4556 2702 4600; x_wconf 89' lang='lat' dir='ltr'><strong>et</strong></span> <span class='ocrx_word' id='word_1_750' title='bbox 2746 4544 3037 4613; x_wconf 88' lang='lat' dir='ltr'><strong>hucusque</strong></span> <span class='ocrx_word' id='word_1_751' title='bbox 3069 4540 3173 4611; x_wconf 88' lang='lat' dir='ltr'><strong>ipsi</strong></span> <span class='ocrx_word' id='word_1_752' title='bbox 3210 4551 3410 4606; x_wconf 72' lang='lat' dir='ltr'><strong>scapus</strong></span> <span class='ocrx_word' id='word_1_753' title='bbox 3434 4542 3576 4589; x_wconf 85' lang='lat' dir='ltr'><strong>erat.</strong></span> 
     </span>
    </p>
   </div>
   <div class='ocr_carea' id='block_1_102' title="bbox 1992 4626 3577 4715">
    <p class='ocr_par' dir='ltr' id='par_1_102' title="bbox 1992 4626 3577 4715">
     <span class='ocr_line' id='line_1_103' title="bbox 1992 4626 3577 4715; baseline -0.015 -15"><span class='ocrx_word' id='word_1_754' title='bbox 1992 4644 2050 4700; x_wconf 91' lang='lat' dir='ltr'><strong>Si</strong></span> <span class='ocrx_word' id='word_1_755' title='bbox 2080 4644 2247 4715; x_wconf 84' lang='lat' dir='ltr'><strong>igitur</strong></span> <span class='ocrx_word' id='word_1_756' title='bbox 2280 4639 2704 4697; x_wconf 86' lang='lat' dir='ltr'><strong>convenientem</strong></span> <span class='ocrx_word' id='word_1_757' title='bbox 2741 4635 2905 4697; x_wconf 88' lang='lat' dir='ltr'><strong>ﬁnem</strong></span> <span class='ocrx_word' id='word_1_758' title='bbox 2939 4641 3189 4688; x_wconf 86' lang='lat' dir='ltr'><strong>assecuta</strong></span> <span class='ocrx_word' id='word_1_759' title='bbox 3225 4636 3311 4683; x_wconf 80' lang='lat' dir='ltr'><strong>est</strong></span> <span class='ocrx_word' id='word_1_760' title='bbox 3354 4626 3533 4682; x_wconf 87' lang='lat' dir='ltr'><strong>oratio</strong></span> <span class='ocrx_word' id='word_1_761' title='bbox 3558 4664 3577 4687; x_wconf 92' lang='lat'><strong>,</strong></span> 
     </span>
    </p>
   </div>
   <div class='ocr_carea' id='block_1_103' title="bbox 1989 4715 3580 4805">
    <p class='ocr_par' dir='ltr' id='par_1_103' title="bbox 1989 4715 3580 4805">
     <span class='ocr_line' id='line_1_104' title="bbox 1989 4715 3580 4805; baseline -0.014 -16"><span class='ocrx_word' id='word_1_762' title='bbox 1989 4743 2154 4805; x_wconf 87' lang='lat' dir='ltr'><strong>atque</strong></span> <span class='ocrx_word' id='word_1_763' title='bbox 2178 4748 2274 4804; x_wconf 90' lang='lat' dir='ltr'><strong>per</strong></span> <span class='ocrx_word' id='word_1_764' title='bbox 2296 4729 2479 4785; x_wconf 91' lang='lat' dir='ltr'><strong>omnia</strong></span> <span class='ocrx_word' id='word_1_765' title='bbox 2507 4736 2730 4784; x_wconf 87' lang='lat' dir='ltr'><strong>strenue</strong></span> <span class='ocrx_word' id='word_1_766' title='bbox 2755 4739 2999 4796; x_wconf 68' lang='lat' dir='ltr'><strong>praesens</strong></span> <span class='ocrx_word' id='word_1_767' title='bbox 3029 4722 3290 4777; x_wconf 83' lang='lat' dir='ltr'><strong>volumen</strong></span> <span class='ocrx_word' id='word_1_768' title='bbox 3318 4715 3580 4781; x_wconf 87' lang='lat' dir='ltr'><strong>absolvit,</strong></span> 
     </span>
    </p>
   </div>
   <div class='ocr_carea' id='block_1_104' title="bbox 1995 4808 3580 4896">
    <p class='ocr_par' dir='ltr' id='par_1_104' title="bbox 1995 4808 3580 4896">
     <span class='ocr_line' id='line_1_105' title="bbox 1995 4808 3580 4896; baseline -0.015 -12"><span class='ocrx_word' id='word_1_769' title='bbox 1995 4828 2108 4884; x_wconf 86' lang='lat' dir='ltr'><strong>Deo</strong></span> <span class='ocrx_word' id='word_1_770' title='bbox 2140 4826 2213 4881; x_wconf 90' lang='lat' dir='ltr'><strong>sit</strong></span> <span class='ocrx_word' id='word_1_771' title='bbox 2244 4823 2444 4896; x_wconf 80' lang='lat' dir='ltr'><strong>gratia,</strong></span> <span class='ocrx_word' id='word_1_772' title='bbox 2476 4821 2572 4892; x_wconf 90' lang='lat' dir='ltr'><strong>qul</strong></span> <span class='ocrx_word' id='word_1_773' title='bbox 2605 4828 2661 4875; x_wconf 91' lang='lat' dir='ltr'><strong>et</strong></span> <span class='ocrx_word' id='word_1_774' title='bbox 2684 4818 2855 4873; x_wconf 90' lang='lat' dir='ltr'><strong>mutis</strong></span> <span class='ocrx_word' id='word_1_775' title='bbox 2889 4814 3063 4886; x_wconf 87' lang='lat' dir='ltr'><strong>loqui,</strong></span> <span class='ocrx_word' id='word_1_776' title='bbox 3100 4822 3154 4868; x_wconf 87' lang='lat' dir='ltr'><strong>et</strong></span> <span class='ocrx_word' id='word_1_777' title='bbox 3185 4810 3368 4867; x_wconf 82' lang='lat' dir='ltr'><strong>surdis</strong></span> <span class='ocrx_word' id='word_1_778' title='bbox 3388 4808 3580 4864; x_wconf 87' lang='lat' dir='ltr'><strong>audire</strong></span> 
     </span>
    </p>
   </div>
   <div class='ocr_carea' id='block_1_105' title="bbox 1994 4904 3581 4989">
    <p class='ocr_par' dir='ltr' id='par_1_105' title="bbox 1994 4904 3581 4989">
     <span class='ocr_line' id='line_1_106' title="bbox 1994 4904 3581 4989; baseline -0.013 -14"><span class='ocrx_word' id='word_1_779' title='bbox 1994 4918 2256 4989; x_wconf 81' lang='lat' dir='ltr'><strong>largitur;</strong></span> <span class='ocrx_word' id='word_1_780' title='bbox 2286 4915 2369 4971; x_wconf 90' lang='lat' dir='ltr'><strong>sin</strong></span> <span class='ocrx_word' id='word_1_781' title='bbox 2395 4913 2600 4978; x_wconf 87' lang='lat' dir='ltr'><strong>minus,</strong></span> <span class='ocrx_word' id='word_1_782' title='bbox 2628 4912 2673 4966; x_wconf 90' lang='lat' dir='ltr'><strong>si</strong></span> <span class='ocrx_word' id='word_1_783' title='bbox 2710 4911 2843 4983; x_wconf 83' lang='lat' dir='ltr'><strong>quid</strong></span> <span class='ocrx_word' id='word_1_784' title='bbox 2881 4909 3047 4964; x_wconf 87' lang='lat' dir='ltr'><strong>etiam</strong></span> <span class='ocrx_word' id='word_1_785' title='bbox 3080 4904 3417 4961; x_wconf 87' lang='lat' dir='ltr'><strong>imbecillum</strong></span> <span class='ocrx_word' id='word_1_786' title='bbox 3455 4917 3581 4956; x_wconf 85' lang='lat' dir='ltr'><strong>esse</strong></span> 
     </span>
    </p>
   </div>
   <div class='ocr_carea' id='block_1_106' title="bbox 1995 4996 3581 5078">
    <p class='ocr_par' dir='ltr' id='par_1_106' title="bbox 1995 4996 3581 5078">
     <span class='ocr_line' id='line_1_107' title="bbox 1995 4996 3581 5078; baseline -0.011 -11"><span class='ocrx_word' id='word_1_787' title='bbox 1995 5013 2237 5072; x_wconf 87' lang='lat' dir='ltr'><strong>videtur,</strong></span> <span class='ocrx_word' id='word_1_788' title='bbox 2275 5024 2382 5064; x_wconf 93' lang='lat' dir='ltr'><strong>non</strong></span> <span class='ocrx_word' id='word_1_789' title='bbox 2413 5006 2817 5078; x_wconf 71' lang='lat' dir='ltr'><strong>quaestionibus</strong></span> <span class='ocrx_word' id='word_1_790' title='bbox 2842 5046 2858 5070; x_wconf 92' lang='lat'><strong>,</strong></span> <span class='ocrx_word' id='word_1_791' title='bbox 2904 5003 2972 5057; x_wconf 91' lang='lat' dir='ltr'><strong>de</strong></span> <span class='ocrx_word' id='word_1_792' title='bbox 3005 4999 3208 5071; x_wconf 89' lang='lat' dir='ltr'><strong>quibus</strong></span> <span class='ocrx_word' id='word_1_793' title='bbox 3237 5012 3422 5053; x_wconf 89' lang='lat' dir='ltr'><strong>sermo</strong></span> <span class='ocrx_word' id='word_1_794' title='bbox 3451 4996 3581 5050; x_wconf 84' lang='lat' dir='ltr'><strong>bac-</strong></span> 
     </span>
    </p>
   </div>
   <div class='ocr_carea' id='block_1_107' title="bbox 2000 5088 3585 5170">
    <p class='ocr_par' dir='ltr' id='par_1_107' title="bbox 2000 5088 3585 5170">
     <span class='ocr_line' id='line_1_108' title="bbox 2000 5088 3585 5170; baseline -0.01 -8"><span class='ocrx_word' id='word_1_795' title='bbox 2000 5116 2160 5162; x_wconf 89' lang='lat' dir='ltr'><strong>tenus</strong></span> <span class='ocrx_word' id='word_1_796' title='bbox 2181 5102 2308 5170; x_wconf 76' lang='lat' dir='ltr'><strong>fuit,</strong></span> <span class='ocrx_word' id='word_1_797' title='bbox 2340 5104 2437 5158; x_wconf 87' lang='lat' dir='ltr'><strong>sed</strong></span> <span class='ocrx_word' id='word_1_798' title='bbox 2456 5098 2749 5156; x_wconf 85' lang='lat' dir='ltr'><strong>disserenti</strong></span> <span class='ocrx_word' id='word_1_799' title='bbox 2777 5095 3028 5152; x_wconf 79' lang='lat' dir='ltr'><strong>defectus</strong></span> <span class='ocrx_word' id='word_1_800' title='bbox 3050 5093 3409 5148; x_wconf 88' lang='lat' dir='ltr'><strong>attribuatur.</strong></span> <span class='ocrx_word' id='word_1_801' title='bbox 3438 5088 3585 5146; x_wconf 81' lang='lat' dir='ltr'><strong>Puto</strong></span> 
     </span>
    </p>
   </div>
   <div class='ocr_carea' id='block_1_108' title="bbox 2001 5181 3581 5264">
    <p class='ocr_par' dir='ltr' id='par_1_108' title="bbox 2001 5181 3581 5264">
     <span class='ocr_line' id='line_1_109' title="bbox 2001 5181 3581 5264; baseline -0.011 -14"><span class='ocrx_word' id='word_1_802' title='bbox 2001 5207 2181 5251; x_wconf 83' lang='lat' dir='ltr'><strong>tamen</strong></span> <span class='ocrx_word' id='word_1_803' title='bbox 2216 5194 2345 5264; x_wconf 87' lang='lat' dir='ltr'><strong>quia</strong></span> <span class='ocrx_word' id='word_1_804' title='bbox 2370 5207 2497 5247; x_wconf 89' lang='lat' dir='ltr'><strong>vera</strong></span> <span class='ocrx_word' id='word_1_805' title='bbox 2542 5198 2695 5255; x_wconf 88' lang='lat' dir='ltr'><strong>sunt,</strong></span> <span class='ocrx_word' id='word_1_806' title='bbox 2720 5202 2843 5258; x_wconf 76' lang='lat' dir='ltr'><strong>qua:</strong></span> <span class='ocrx_word' id='word_1_807' title='bbox 2873 5185 3125 5240; x_wconf 86' lang='lat' dir='ltr'><strong>oratione</strong></span> <span class='ocrx_word' id='word_1_808' title='bbox 3158 5181 3581 5254; x_wconf 86' lang='lat' dir='ltr'><strong>pr0posuimus,</strong></span> 
     </span>
    </p>
   </div>
   <div class='ocr_carea' id='block_1_109' title="bbox 1998 5273 3584 5358">
    <p class='ocr_par' dir='ltr' id='par_1_109' title="bbox 1998 5273 3584 5358">
     <span class='ocr_line' id='line_1_110' title="bbox 1998 5273 3584 5358; baseline -0.012 -15"><span class='ocrx_word' id='word_1_809' title='bbox 1998 5290 2118 5343; x_wconf 79' lang='lat' dir='ltr'><strong>fore</strong></span> <span class='ocrx_word' id='word_1_810' title='bbox 2154 5303 2249 5358; x_wconf 86' lang='lat' dir='ltr'><strong>per</strong></span> <span class='ocrx_word' id='word_1_811' title='bbox 2278 5287 2376 5342; x_wconf 88' lang='lat' dir='ltr'><strong>Dei</strong></span> <span class='ocrx_word' id='word_1_812' title='bbox 2403 5283 2633 5356; x_wconf 81' lang='lat' dir='ltr'><strong>gratiam</strong></span> <span class='ocrx_word' id='word_1_813' title='bbox 2668 5291 2729 5335; x_wconf 91' lang='lat' dir='ltr'><strong>ut</strong></span> <span class='ocrx_word' id='word_1_814' title='bbox 2758 5281 2926 5335; x_wconf 87' lang='lat' dir='ltr'><strong>etiam</strong></span> <span class='ocrx_word' id='word_1_815' title='bbox 2969 5285 3156 5332; x_wconf 90' lang='lat' dir='ltr'><strong>nostra</strong></span> <span class='ocrx_word' id='word_1_816' title='bbox 3192 5274 3339 5329; x_wconf 88' lang='lat' dir='ltr'><strong>dicta</strong></span> <span class='ocrx_word' id='word_1_817' title='bbox 3363 5273 3503 5327; x_wconf 90' lang='lat' dir='ltr'><strong>bona</strong></span> <span class='ocrx_word' id='word_1_818' title='bbox 3526 5281 3584 5326; x_wconf 87' lang='lat' dir='ltr'><strong>et</strong></span> 
     </span>
    </p>
   </div>
   <div class='ocr_carea' id='block_1_110' title="bbox 1998 5365 3584 5440">
    <p class='ocr_par' dir='ltr' id='par_1_110' title="bbox 1998 5365 3584 5440">
     <span class='ocr_line' id='line_1_111' title="bbox 1998 5365 3584 5440; baseline -0.01 -9"><span class='ocrx_word' id='word_1_819' title='bbox 1998 5377 2284 5433; x_wconf 85' lang='lat' dir='ltr'><strong>verissima</strong></span> <span class='ocrx_word' id='word_1_820' title='bbox 2316 5383 2667 5432; x_wconf 84' lang='lat' dir='ltr'><strong>censeantur.</strong></span> <span class='ocrx_word' id='word_1_821' title='bbox 2686 5371 2801 5427; x_wconf 88' lang='lat' dir='ltr'><strong>Nisi</strong></span> <span class='ocrx_word' id='word_1_822' title='bbox 2834 5369 2956 5440; x_wconf 87' lang='lat' dir='ltr'><strong>quis</strong></span> <span class='ocrx_word' id='word_1_823' title='bbox 2988 5369 3059 5424; x_wconf 93' lang='lat' dir='ltr'><strong>ob</strong></span> <span class='ocrx_word' id='word_1_824' title='bbox 3087 5365 3475 5429; x_wconf 86' lang='lat' dir='ltr'><strong>rusticitatem,</strong></span> <span class='ocrx_word' id='word_1_825' title='bbox 3500 5372 3584 5416; x_wconf 88' lang='lat' dir='ltr'><strong>at-</strong></span> 
     </span>
    </p>
   </div>
   <div class='ocr_carea' id='block_1_111' title="bbox 1999 5456 3573 5539">
    <p class='ocr_par' dir='ltr' id='par_1_111' title="bbox 1999 5456 3573 5539">
     <span class='ocr_line' id='line_1_112' title="bbox 1999 5456 3573 5539; baseline -0.01 -16"><span class='ocrx_word' id='word_1_826' title='bbox 1999 5482 2107 5539; x_wconf 91' lang='lat' dir='ltr'><strong>que</strong></span> <span class='ocrx_word' id='word_1_827' title='bbox 2144 5467 2483 5531; x_wconf 81' lang='lat' dir='ltr'><strong>barbariem,</strong></span> <span class='ocrx_word' id='word_1_828' title='bbox 2520 5481 2617 5520; x_wconf 90' lang='lat' dir='ltr'><strong>seu</strong></span> <span class='ocrx_word' id='word_1_829' title='bbox 2658 5464 2953 5527; x_wconf 88' lang='lat' dir='ltr'><strong>malitiam,</strong></span> <span class='ocrx_word' id='word_1_830' title='bbox 3001 5458 3281 5528; x_wconf 89' lang='lat' dir='ltr'><strong>animique</strong></span> <span class='ocrx_word' id='word_1_831' title='bbox 3320 5456 3573 5526; x_wconf 86' lang='lat' dir='ltr'><strong>impieta-</strong></span> 
     </span>
    </p>
   </div>
   <div class='ocr_carea' id='block_1_112' title="bbox 2002 5552 3581 5623">
    <p class='ocr_par' dir='ltr' id='par_1_112' title="bbox 2002 5552 3581 5623">
     <span class='ocr_line' id='line_1_113' title="bbox 2002 5552 3581 5623; baseline -0.008 -7"><span class='ocrx_word' id='word_1_832' title='bbox 2002 5573 2113 5616; x_wconf 88' lang='lat' dir='ltr'><strong>tem</strong></span> <span class='ocrx_word' id='word_1_833' title='bbox 2146 5560 2308 5615; x_wconf 86' lang='lat' dir='ltr'><strong>valde</strong></span> <span class='ocrx_word' id='word_1_834' title='bbox 2373 5569 2568 5615; x_wconf 88' lang='lat' dir='ltr'><strong>contra</strong></span> <span class='ocrx_word' id='word_1_835' title='bbox 2620 5559 2909 5613; x_wconf 85' lang='lat' dir='ltr'><strong>veritatem</strong></span> <span class='ocrx_word' id='word_1_836' title='bbox 2955 5556 3091 5611; x_wconf 88' lang='lat' dir='ltr'><strong>velit</strong></span> <span class='ocrx_word' id='word_1_837' title='bbox 3132 5552 3481 5623; x_wconf 88' lang='lat' dir='ltr'><strong>impudenter</strong></span> <span class='ocrx_word' id='word_1_838' title='bbox 3523 5565 3581 5604; x_wconf 82' lang='lat' dir='ltr'><strong>se</strong></span> 
     </span>
    </p>
   </div>
   <div class='ocr_carea' id='block_1_113' title="bbox 2000 5640 3579 5725">
    <p class='ocr_par' dir='ltr' id='par_1_113' title="bbox 2000 5640 3579 5725">
     <span class='ocr_line' id='line_1_114' title="bbox 2000 5640 3579 5725; baseline -0.009 -16"><span class='ocrx_word' id='word_1_839' title='bbox 2000 5668 2215 5725; x_wconf 70' lang='lat' dir='ltr'><strong>gerere,</strong></span> <span class='ocrx_word' id='word_1_840' title='bbox 2247 5654 2495 5721; x_wconf 58' lang='lat' dir='ltr'><strong>studens,</strong></span> <span class='ocrx_word' id='word_1_841' title='bbox 2549 5660 2610 5707; x_wconf 92' lang='lat' dir='ltr'><strong>ut</strong></span> <span class='ocrx_word' id='word_1_842' title='bbox 2659 5650 2807 5722; x_wconf 88' lang='lat' dir='ltr'><strong>apud</strong></span> <span class='ocrx_word' id='word_1_843' title='bbox 2864 5649 3065 5706; x_wconf 90' lang='lat' dir='ltr'><strong>stultos</strong></span> <span class='ocrx_word' id='word_1_844' title='bbox 3094 5644 3303 5717; x_wconf 88' lang='lat' dir='ltr'><strong>aliquid</strong></span> <span class='ocrx_word' id='word_1_845' title='bbox 3334 5656 3455 5699; x_wconf 80' lang='lat' dir='ltr'><strong>esse</strong></span> <span class='ocrx_word' id='word_1_846' title='bbox 3495 5640 3579 5696; x_wconf 88' lang='lat' dir='ltr'><strong>vi-</strong></span> 
     </span>
    </p>
   </div>
   <div class='ocr_carea' id='block_1_114' title="bbox 2002 5742 3017 5802">
    <p class='ocr_par' dir='ltr' id='par_1_114' title="bbox 2002 5742 3017 5802">
     <span class='ocr_line' id='line_1_115' title="bbox 2002 5742 3017 5802; baseline -0.006 -1"><span class='ocrx_word' id='word_1_847' title='bbox 2002 5746 2218 5802; x_wconf 87' lang='lat' dir='ltr'><strong>deatur.</strong></span> <span class='ocrx_word' id='word_1_848' title='bbox 3002 5742 3017 5755; x_wconf 87' lang='lat'>&#39;</span> 
     </span>
    </p>
   </div>
  </div>
