4068 6486
485 467 594 530 cs9
1131 467 1135 471 ·
1298 520 1305 523 .
1344 416 1361 435 ⁴
1754 458 2134 521 canaram
2174 455 2488 520 CYDONII
3638 447 3770 513 esu

1515 813 2111 905 DEMETBII
2198 766 2714 904 CYDONll

1839 1016 1930 1074 AD
1959 1010 2395 1070 BARLAAMUM

1085 1180 1478 1245 EPISTULA
1576 1174 1679 1240 DE
1768 1174 2319 1239 PROCESSlONE
2411 1172 2769 1235 SPIRITUS
2848 1167 3143 1234 SANC'IT

1205 1325 1354 1388 (Vide
1377 1324 1512 1376 inter
1538 1329 1737 1375 mutuas
1763 1319 2000 1372 Barlaami
2029 1319 2363 1372 eltDemelrii
2386 1319 2625 1382 epistolas
2645 1315 3032 1382 inlBarlamo.)

496 1503 3759 1557 Μ

1823 1680 2401 1772 MONITUM

567 1889 647 1948 ΙΝ
690 1884 1167 1947 ΟΒΑἸἸΟΝΕΜ
1213 1876 1608 1943 DEMETRII
1645 1872 1975 1937 CYDO‘NH
2019 1871 2126 1931 DE
2165 1868 2707 1931 ADMITT'ENDO
2755 1868 3241 1932 LA'l‘iNORUM
3282 1869 3666 1932 SUBSIDIO.

1657 2026 1933 2091 (muneris.
1964 2027 2162 2075 Auctar.
2194 2035 2327 2081 nom,
2364 2023 2483 2070 tom.
2518 2017 2606 2081 ll.)

560 2306 636 2362 De
662 2303 943 2361 Demetrio
978 2302 1229 2375 Cydonio
1254 2303 1309 2357 in
1343 2300 1463 2360 haec
1495 2302 1668 2357 verba
1700 2299 2034 2357 Possevinus
2065 2316 2132 2356 ex
2160 2300 2525 2357 Volateranno
2570 2318 2585 2355 :
2621 2301 2921 2358 Demetrius
2948 2299 3218 2373 Cydonius
3252 2286 3753 2366 Thessalonicensis,

480 2405 563 2460 vir
594 2402 775 2458 doctus
797 2418 944 2472 teque
977 2416 1041 2454 ac
1064 2408 1304 2462 sanctus,
1339 2396 1525 2453 Graeca
1591 2398 1896 2470 Latinoque
1923 2398 2173 2468 facundia
2217 2398 2493 2466 prwditus,
2542 2410 2605 2451 ea:
2641 2398 2818 2466 patria
2861 2398 3131 2459 decedens,
3190 2394 3547 2451 Mediolanum
3592 2398 3755 2462 venit,

481 2500 575 2554 ubi
624 2500 817 2553 litteris
847 2497 1060 2553 Latinis
1103 2510 1165 2551 ac
1201 2494 1477 2564 theologia:
1533 2511 1752 2566 operam
1801 2495 1964 2549 dedit.
2017 2493 2075 2550 S.
2110 2494 2319 2548 Thomce
2357 2495 2638 2566 Aquinatis
2673 2492 2831 2548 libros
2861 2494 2917 2546 in
2964 2491 3208 2548 Graecum
3246 2508 3546 2547 sermonem
3576 2495 3757 2559 uertit,

480 2611 605 2665 qua
648 2595 816 2651 versis
863 2594 1118 2662 hodieque
1164 2593 1221 2647 in
1270 2590 1396 2646 bibl.
1443 2590 1715 2646 Vaticana
1748 2592 2005 2645 cernitur.
2056 2589 2278 2660 Scripsit
2324 2601 2375 2647 et
2420 2603 2611 2647 contra
2657 2593 2973 2646 Eunomium
3014 2591 3078 2643 de
3128 2588 3422 2645 Dior‘nltate
3461 2587 3613 2650 Filii,
3643 2598 3762 2643 etc.

483 2691 677 2747 Exstat
703 2691 828 2761 ejus
861 2688 1039 2745 oratio
1068 2687 1297 2743 Basilcae
1325 2687 1494 2752 edita,
1548 2686 1618 2742 de
1680 2686 1792 2741 vita
1822 2696 1879 2742 et
1929 2694 2126 2741 morte.
2164 2685 2376 2742 Habent
2419 2690 2578 2756 plura
2607 2687 2726 2759 ejus
2765 2687 3226 2745 bibliothecarum
3277 2687 3506 2742 indices.
3564 2686 3639 2739 Ex
3686 2684 3765 2741 iis

486 2802 595 2842 una
617 2786 737 2841 haec
771 2785 908 2841 mihi
938 2785 1117 2841 oratio
1164 2784 1442 2854 praecipua
1469 2783 1585 2838 visa
1618 2791 1723 2848 est,
1781 2798 1845 2839 ac
1891 2798 2015 2837 meo
2061 2782 2313 2839 instituto
2350 2794 2659 2854 Opportuna
2686 2800 2796 2856 qua
2844 2784 3110 2853 deinceps
3150 2799 3181 2838 a
3221 2782 3471 2841 Matiucle
3500 2780 3763 2851 praeclare

485 2885 749 2939 illustrari
791 2884 1074 2939 videretur
1109 2881 1340 2938 historia
1370 2878 1580 2937 Graeca.
1615 2881 1730 2936 Nee
1766 2881 1916 2937 enim
1958 2881 2198 2939 Joannes
2229 2883 2548 2953 imperator,
2585 2898 2703 2953 quo
2731 2885 2962 2940 Bonnam
2994 2882 3241 2953 profecto
3282 2881 3591 2938 Demetrius
3652 2878 3762 2933 ista

482 2976 687 3043 oravit,
724 2972 866 3033 alius
896 2977 1150 3032 videatur
1183 2991 1348 3046 quam
1389 2973 1634 3031 Joannes
1684 2975 1951 3032 Manuelis
1994 2976 2158 3040 filius,
2206 2992 2369 3047 quem
2412 2977 2571 3032 et-in
2610 2979 2939 3048 liungariam
2972 2977 3278 3047 profectum
3323 2975 3526 3031 auxilia
3568 2986 3761 3028 corro-
3812 3015 3817 3019 .

483 3079 745 3141 gaturum
781 3071 952 3126 habet
984 3069 1222 3126 Franzes
1245 3085 1298 3125 c.
1325 3069 1391 3124 ﬂ
1423 3084 1439 3124 :
1468 3068 1565 3124 Die
1597 3068 1666 3122 i5
1706 3068 1983 3125 Novembr.
2012 3084 2142 3125 ann.
2167 3070 2330 3135 6932,
2364 3069 2563 3126 Christi
2586 3070 2744 3137 ΝΜ,
2768 3072 3063 3141 imperator
3082 3070 3318 3126 Joannes
3343 3071 3399 3123 in
3428 3067 3763 3137 Παυςανίαν

487 3164 728 3228 transiit,
758 3165 927 3234 fratre
950 3179 1046 3216 suo
1072 3160 1426 3217 Constantino
1451 3158 1675 3231 despota
1709 3163 1977 3225 instituto,
2034 3170 2085 3216 et
2133 3179 2230 3234 pro
2273 3179 2329 3217 se
2362 3164 2416 3218 in
2462 3164 2588 3218 urbe
2618 3163 2823 3219 relicto.
2859 3162 3030 3230 Quam
3060 3163 3181 3233 ejus
3231 3161 3620 3232 profectionem
3655 3169 3771 3216 nec

487 3255 801 3312 Demetrius
834 3255 984 3311 silet.
1017 3252 1152 3310 Orat
1182 3255 1286 3309 ista
1319 3268 1445 3310 cum
1471 3255 1584 3326 jam
1636 3255 1833 3322 Graeci,
1867 3255 2128 3312 omnibus
2172 3270 2311 3326 pene
2357 3255 2597 3324 amissis,
2647 3255 2738 3312 vix
2784 3256 2975 3311 urbem
3012 3256 3220 3311 salvam
3261 3255 3549 3309 haberent.
3577 3253 3761 3324 Argu-

486 3359 676 3403 mento
708 3356 890 3403 autem
919 3357 1068 3413 sunt,
1108 3362 1236 3401 cum
1304 3348 1570 3403 Demetrii
1623 3346 1794 3403 animi
1850 3348 1907 3404 in
1946 3348 2174 3405 Latinos
2213 3348 2613 3419 propensioris,
2652 3358 2770 3404 tum
2822 3349 3114 3418 iniquioris
3161 3351 3215 3404 iu
3251 3348 3473 3404 eosdem
3520 3348 3763 3418 plurium

485 3440 829 3505 Graecorum,
859 3456 999 3511 quos
1024 3440 1062 3495 ii
1100 3440 1243 3495 ultro
1275 3455 1471 3496 eorum
1507 3456 1675 3496 causa
1707 3441 1976 3498 adeuntes
2009 3442 2275 3511 pericula,
2305 3443 2379 3497 ita
2404 3457 2546 3514 aegre
2575 3443 2935 3498 admitterent
2969 3460 2984 3497 :
3021 3443 3177 3498 velut
3226 3439 3554 3505 Turcorum,
3594 3456 3757 3510 quam

478 3537 808 3593 Latinorum
837 3539 1028 3608 iugum
1072 3538 1251 3593 levius
1280 3538 1568 3595 haberent.
1612 3539 1818 3598 Pratter
1845 3539 1953 3593 alia
2002 3538 2265 3595 Demetrii
2311 3550 2666 3595 monumenta
2715 3550 2898 3596 exstat
2928 3540 3100 3609 Regio
3151 3539 3341 3595 codice
3393 3537 3756 3606 prolixissima

488 3629 679 3684 Oratio
709 3630 802 3693 Et;
827 3629 920 3684 τὸν
945 3630 1400 3701 Εὑαγγελισμόνο
1430 3646 1538 3703 qua
1562 3631 1679 3688 fere
1705 3633 1890 3686 omnia
1930 3633 2234 3701 spectantia
2284 3633 2352 3688 ad
2401 3632 2641 3688 hominis
2691 3633 2904 3703 lapsum
2947 3647 3013 3687 ac
3060 3631 3461 3702 reparationem
3513 3631 3761 3685 luculen-

493 3722 703 3777 tissime
751 3732 951 3779 tractat
999 3738 1065 3778 ac
1108 3724 1428 3794 exsequitur
1476 3725 1872 3793 cougruentias
1918 3725 2216 3793 adducens,
2275 3727 2471 3796 quales
2525 3726 2641 3781 fere
2692 3726 2754 3780 D.
2818 3727 3058 3782 Thomas
3137 3741 3196 3780 tu
3250 3722 3481 3780 Summa:
3527 3741 3579 3793 p.
3630 3723 3760 3794 Ejus

493 3818 656 3875 titulo
713 3819 787 3876 ita
849 3827 936 3877 est
988 3821 1236 3876 additum
1292 3839 1307 3877 :
1352 3823 1429 3875 Οὐ
1480 3822 1587 3893 μὴν
1629 3820 1719 3873 ἐπ’
1760 3821 2063 3892 ἐκκλησίας

2153 3823 2656 3893 ναγινωσκόμενος,
2726 3823 2814 3878 διὰ
2873 3824 2936 3876 τὸ
2998 3825 3065 3894 τῇ
3132 3822 3393 3893 καθολικῇ
3464 3821 3758 3891 Ἐκκλησιᾳ

476 3918 1005 3989 ’ἀποδοκιμασθῆναι
1029 3936 1045 3952 ο
1083 3917 1251 3974 Haud
1311 3928 1488 3973 tamen
1513 3932 1687 3971 sermo
1713 3916 1810 3971 iste
1840 3917 2038 3990 legitur
2066 3921 2122 3973 in
2155 3920 2374 3975 ecclesia
2412 3922 2552 3991 quod
2578 3920 2892 3988 reprobatus
2921 3920 3083 3990 fuerit
3109 3920 3172 3973 ab
3211 3918 3445 3973 Ecclesia
3476 3916 3752 3971 catholica.

495 4015 624 4086 Legi
654 4030 776 4086 ego,
806 4030 908 4071 nec
941 4014 1149 4086 aliquid
1185 4015 1241 4069 in
1278 4030 1389 4086 quo
1412 4013 1604 4073 minus
1629 4012 1836 4070 Graecis
1863 4031 1927 4070 ac
1951 4016 2155 4072 nostris
2184 4018 2499 4084 conveniat,
2528 4018 2734 4073 oﬂ‘emli
2761 4035 2775 4072 :
2805 4033 2980 4088 eoque
3020 4017 3276 4073 existimo
3327 4012 3673 4085 reprobatum
3700 4013 3753 4067 in

495 4113 682 4169 odium
713 4113 977 4176 auctoris.
1010 4126 1174 4183 quem
1200 4110 1349 4166 velut
1384 4111 1766 4182 Λατινὸφρσνα
1818 4111 1992 4169 Graeci
2050 4115 2385 4170 schismatici
2426 4115 2553 4170 odio
2606 4124 3092 4184 prosequerentur.
3124 4113 3336 4171 'Exstat
3383 4125 3513 4166 sane
3558 4109 3754 4163 ibidem

496 4211 616 4283 ejus
656 4209 722 4264 ad
756 4209 1236 4279 archiepiscopum
1279 4200 1832 4263 Thessalonicensem
1866 4208 2221 4266 Theodorum
2272 4211 2501 4267 Glabam
2551 4212 2673 4266 fusa
2726 4213 2858 4267 satis
2901 4210 3154 4281 epistola,
3199 4224 3307 4279 qua
3360 4224 3417 4263 se
3451 4213 3664 4278 purgat,
3694 4219 3758 4258 ac

494 4306 748 4378 queritur
772 4304 840 4359 de
870 4300 1110 4359 sinistris
1160 4303 1325 4359 abeo
1379 4304 1587 4374 sparsis
1649 4306 1989 4372 rumoribus,
2044 4320 2107 4361 ac
2138 4307 2343 4378 quibus
2395 4308 2710 4364 traduceret
2742 4306 2893 4362 velut
2955 4305 3317 4368 btereticum;
3365 4313 3675 4374 promptum
3700 4316 3761 4357 se

493 4401 683 4457 doceri
716 4400 1052 4471 signiﬁcans,
1087 4411 1147 4456 ut
1177 4398 1268 4454 ille
1322 4401 1548 4456 meliora
1595 4403 1914 4459 ostenderet
1960 4419 2024 4460 ac
2066 4405 2356 4475 probaret;
2412 4405 2555 4460 haud
2603 4422 2734 4461 vero
2770 4418 3080 4468 cessurum,
3120 4410 3182 4457 ut
3245 4400 3508 4457 nonnulla
3541 4407 3757 4472 patrum

496 4493 711 4566 p0puli,
754 4493 990 4563 huiusve
1021 4502 1115 4547 aut
1144 4492 1292 4547 illius
1324 4493 1676 4562 auctoritate,
1707 4505 1802 4551 aut
1829 4497 1995 4552 etiam
2026 4499 2429 4569 experimento,
2455 4498 2538 4553 vel
2579 4514 2744 4554 sensu
2788 4498 2974 4568 aliquo
3023 4506 3303 4566 premeret
3336 4513 3350 4550 :
3379 4492 3578 4565 quibus
3603 4492 3762 4562 plane

502 4586 759 4647 Ecclesiae
787 4604 920 4655 suae,
953 4604 1116 4660 quam
1151 4587 1446 4645 schismate
1482 4588 1712 4647 divisam
1752 4603 1962 4661 nosset,
1995 4610 2098 4650 nec
2144 4596 2416 4667 dOgmatis
2461 4596 2723 4673 omnino”
2746 4609 2957 4658 sanam,
3012 4592 3401 4649 auctoritatem
3446 4589 3643 4654 elevat,
3697 4602 3762 4643 ac

472 4697 730 4759 Osuorum
760 4682 936 4750 carpit
971 4681 1381 4751 credulitatem,
1408 4685 1502 4754 qui
1531 4684 1909 4742 schismaticis
1966 4703 2031 4744 ac
2070 4688 2346 4745 haereticis
2392 4688 2671 4759 magistris
2723 4689 2861 4744 adeo
2897 4687 3163 4753 tribuant,
3211 4692 3266 4740 et
3314 4683 3453 4738 nihil
3505 4692 3757 4753 praeterea

500 4776 776 4845 reliquum
805 4774 973 4830 velint
1008 4774 1076 4829 ad
1115 4776 1404 4831 veritatem
1436 4776 1824 4849 indagandum.
1862 4780 2037 4848 Quam
2071 4798 2202 4854 ergo
2242 4783 2447 4839 Graecis
2497 4783 2867 4838 schismaticis
2900 4780 3125 4864 deonii
3164 4779 3430 4834 invidiosa
3480 4774 3747 4832 memoris.

501 4875 615 4923 tam
656 4865 864 4920 Latinis
894 4864 1220 4922 orthodoxis
1264 4879 1417 4939 grata
1466 4870 1665 4926 debeat
1713 4888 1836 4927 CSse
1886 4889 1951 4928 ac
2000 4891 2187 4941 sacra;
2240 4876 2420 4946 sitque
2474 4876 2645 4946 magis
2699 4891 2730 4930 e
2789 4892 2845 4930 re
2878 4863 3190 4930 Christiana
3227 4872 3349 4943 ejus
3383 4869 3589 4940 publici
3627 4863 3746 4939 juris

502 4968 862 5014 monumenta
896 4959 1101 5027 facere,
1128 4972 1293 5032 quam
1327 4964 1413 5019 vel
1450 4963 1754 5035 Philothei,
1788 4967 1873 5022 vel
1908 4966 2192 5035 Cabasilze,
2236 4979 2332 5025 aut
2376 4970 2607 5024 aliorum
2652 4969 2967 5039 aequalium,
3013 4983 3151 5039 quos
3181 4962 3593 5035 nihiledonio
3625 4973 3759 5032 pra:-

502 5054 802 5111 stantiores
829 5054 1079 5114 doctrina
1110 5069 1208 5118 aut
1236 5061 1681 5135 eloquii_nitore.
1715 5065 2003 5122 erroribus
2031 5065 2086 5121 in
2117 5065 2223 5122 ﬁde
2263 5081 2391 5123 cum
2421 5065 2719 5124 schismate
2747 5066 2980 5122 iniectos
3004 5066 3203 5137 liquet.
