  <div class='ocr_page' id='page_1' title='image "/cluster/home/n/w/nwhite01/storage/ocr_20150623/154:no.2/coo.31924054870591/487.png"; bbox 0 0 4068 6452; ppageno 0'>
   <div class='ocr_carea' id='block_1_1' title="bbox 1792 346 2533 413">
    <p class='ocr_par' dir='ltr' id='par_1_1' title="bbox 1792 346 2533 413">
     <span class='ocr_line' id='line_1_1' title="bbox 1792 346 2533 413; baseline -0.007 0"><span class='ocrx_word' id='word_1_1' title='bbox 1792 347 2178 413; x_wconf 78' lang='lat' dir='ltr'><strong>DEMETRU</strong></span> <span class='ocrx_word' id='word_1_2' title='bbox 2217 346 2533 410; x_wconf 77' lang='lat' dir='ltr'><strong>CYDONII</strong></span> 
     </span>
    </p>
   </div>
   <div class='ocr_carea' id='block_1_2' title="bbox 3677 352 3785 415">
    <p class='ocr_par' dir='ltr' id='par_1_2' title="bbox 3677 352 3785 415">
     <span class='ocr_line' id='line_1_2' title="bbox 3677 352 3785 415; baseline -0.009 0"><span class='ocrx_word' id='word_1_3' title='bbox 3677 352 3785 415; x_wconf 64' lang='grc' dir='ltr'><strong>σοι</strong></span> 
     </span>
    </p>
   </div>
   <div class='ocr_carea' id='block_1_3' title="bbox 522 452 2110 534">
    <p class='ocr_par' dir='ltr' id='par_1_3' title="bbox 522 460 2110 534">
     <span class='ocr_line' id='line_1_3' title="bbox 522 460 2110 534; baseline -0.007 -14"><span class='ocrx_word' id='word_1_4' title='bbox 522 467 696 521; x_wconf 83' lang='lat' dir='ltr'><strong>velint</strong></span> <span class='ocrx_word' id='word_1_5' title='bbox 737 464 843 519; x_wconf 83' lang='lat' dir='ltr'><strong>sibi</strong></span> <span class='ocrx_word' id='word_1_6' title='bbox 883 462 1247 534; x_wconf 83' lang='lat' dir='ltr'><strong>propositum.</strong></span> <span class='ocrx_word' id='word_1_7' title='bbox 1280 460 1555 527; x_wconf 81' lang='lat' dir='ltr'><strong>Quosdam</strong></span> <span class='ocrx_word' id='word_1_8' title='bbox 1609 474 1775 530; x_wconf 86' lang='lat' dir='ltr'><strong>porro</strong></span> <span class='ocrx_word' id='word_1_9' title='bbox 1822 460 2110 529; x_wconf 72' lang='lat' dir='ltr'><strong>oportebat</strong></span> 
     </span>
    </p>
   </div>
   <div class='ocr_carea' id='block_1_4' title="bbox 2213 452 3794 534">
    <p class='ocr_par' dir='ltr' id='par_1_4' title="bbox 2216 452 3794 532">
     <span class='ocr_line' id='line_1_4' title="bbox 2216 452 3794 532; baseline 0.003 -23"><span class='ocrx_word' id='word_1_10' title='bbox 2216 455 2350 509; x_wconf 82' lang='grc' dir='ltr'>ἄλλα</span> <span class='ocrx_word' id='word_1_11' title='bbox 2405 458 2608 526; x_wconf 82' lang='grc' dir='ltr'>μᾶλλον</span> <span class='ocrx_word' id='word_1_12' title='bbox 2656 457 2689 529; x_wconf 79' lang='grc' dir='ltr'>ἢ</span> <span class='ocrx_word' id='word_1_13' title='bbox 2751 452 2815 510; x_wconf 75' lang='grc' dir='ltr'>τὸ</span> <span class='ocrx_word' id='word_1_14' title='bbox 2877 453 3029 529; x_wconf 78' lang='grc' dir='ltr'>κοινῇ</span> <span class='ocrx_word' id='word_1_15' title='bbox 3093 454 3334 512; x_wconf 76' lang='grc' dir='ltr'><strong>συνοῖσον</strong></span> <span class='ocrx_word' id='word_1_16' title='bbox 3409 467 3794 532; x_wconf 64' lang='grc' dir='ltr'>σκοπουμένων</span> 
     </span>
    </p>
   </div>
   <div class='ocr_carea' id='block_1_5' title="bbox 521 552 2108 625">
    <p class='ocr_par' dir='ltr' id='par_1_5' title="bbox 521 552 2108 625">
     <span class='ocr_line' id='line_1_5' title="bbox 521 552 2108 625; baseline -0.008 -14"><span class='ocrx_word' id='word_1_17' title='bbox 521 571 643 611; x_wconf 80' lang='lat' dir='ltr'><strong>esse</strong></span> <span class='ocrx_word' id='word_1_18' title='bbox 667 597 681 620; x_wconf 93' lang='lat'><strong>,</strong></span> <span class='ocrx_word' id='word_1_19' title='bbox 713 556 810 625; x_wconf 88' lang='lat' dir='ltr'><strong>qui</strong></span> <span class='ocrx_word' id='word_1_20' title='bbox 842 568 947 625; x_wconf 92' lang='lat' dir='ltr'><strong>pro</strong></span> <span class='ocrx_word' id='word_1_21' title='bbox 990 553 1264 608; x_wconf 80' lang='lat' dir='ltr'><strong>universis</strong></span> <span class='ocrx_word' id='word_1_22' title='bbox 1291 552 1598 606; x_wconf 78' lang='lat' dir='ltr'><strong>consulturi</strong></span> <span class='ocrx_word' id='word_1_23' title='bbox 1627 559 1813 605; x_wconf 83' lang='lat' dir='ltr'><strong>essent</strong></span> <span class='ocrx_word' id='word_1_24' title='bbox 1835 589 1851 611; x_wconf 90' lang='lat'><strong>,</strong></span> <span class='ocrx_word' id='word_1_25' title='bbox 1887 563 1951 602; x_wconf 84' lang='lat' dir='ltr'><strong>ac</strong></span> <span class='ocrx_word' id='word_1_26' title='bbox 1978 562 2108 617; x_wconf 86' lang='lat' dir='ltr'><strong>pro-</strong></span> 
     </span>
    </p>
   </div>
   <div class='ocr_carea' id='block_1_6' title="bbox 523 640 2107 718">
    <p class='ocr_par' dir='ltr' id='par_1_6' title="bbox 523 640 2107 718">
     <span class='ocr_line' id='line_1_6' title="bbox 523 640 2107 718; baseline -0.002 -20"><span class='ocrx_word' id='word_1_27' title='bbox 523 649 661 718; x_wconf 77' lang='lat' dir='ltr'><strong>priis</strong></span> <span class='ocrx_word' id='word_1_28' title='bbox 712 648 963 716; x_wconf 88' lang='lat' dir='ltr'><strong>ipsorum</strong></span> <span class='ocrx_word' id='word_1_29' title='bbox 1026 643 1334 701; x_wconf 86' lang='lat' dir='ltr'><strong>commodis</strong></span> <span class='ocrx_word' id='word_1_30' title='bbox 1395 657 1742 698; x_wconf 90' lang='lat' dir='ltr'><strong>communem</strong></span> <span class='ocrx_word' id='word_1_31' title='bbox 1815 640 2107 696; x_wconf 71' lang='lat' dir='ltr'><strong>utilitatem</strong></span> 
     </span>
    </p>
   </div>
   <div class='ocr_carea' id='block_1_7' title="bbox 523 728 1989 808">
    <p class='ocr_par' dir='ltr' id='par_1_7' title="bbox 523 728 1989 808">
     <span class='ocr_line' id='line_1_7' title="bbox 523 728 1989 808; baseline 0 -17"><span class='ocrx_word' id='word_1_32' title='bbox 523 740 828 808; x_wconf 80' lang='lat' dir='ltr'><strong>pra-laturi.</strong></span> <span class='ocrx_word' id='word_1_33' title='bbox 1984 728 1989 733; x_wconf 62' lang='grc'><em>’</em></span> 
     </span>
    </p>
   </div>
   <div class='ocr_carea' id='block_1_8' title="bbox 598 825 2109 902">
    <p class='ocr_par' dir='ltr' id='par_1_8' title="bbox 598 825 2109 902">
     <span class='ocr_line' id='line_1_8' title="bbox 598 825 2109 902; baseline -0.004 -17"><span class='ocrx_word' id='word_1_34' title='bbox 598 831 757 886; x_wconf 90' lang='lat' dir='ltr'><strong>llune</strong></span> <span class='ocrx_word' id='word_1_35' title='bbox 788 846 919 902; x_wconf 82' lang='lat' dir='ltr'><strong>ergo</strong></span> <span class='ocrx_word' id='word_1_36' title='bbox 952 844 1051 885; x_wconf 85' lang='lat' dir='ltr'><strong>vos</strong></span> <span class='ocrx_word' id='word_1_37' title='bbox 1083 829 1304 884; x_wconf 85' lang='lat' dir='ltr'><strong>modum</strong></span> <span class='ocrx_word' id='word_1_38' title='bbox 1335 827 1543 882; x_wconf 80' lang='lat' dir='ltr'><strong>habere</strong></span> <span class='ocrx_word' id='word_1_39' title='bbox 1572 826 1868 892; x_wconf 76' lang='lat' dir='ltr'><strong>convenit,</strong></span> <span class='ocrx_word' id='word_1_40' title='bbox 1909 838 1975 880; x_wconf 89' lang='lat' dir='ltr'><strong>ac</strong></span> <span class='ocrx_word' id='word_1_41' title='bbox 2025 825 2109 879; x_wconf 86' lang='lat' dir='ltr'><strong>in-</strong></span> 
     </span>
    </p>
   </div>
   <div class='ocr_carea' id='block_1_9' title="bbox 521 917 2107 991">
    <p class='ocr_par' dir='ltr' id='par_1_9' title="bbox 521 917 2107 991">
     <span class='ocr_line' id='line_1_9' title="bbox 521 917 2107 991; baseline -0.004 -13"><span class='ocrx_word' id='word_1_42' title='bbox 521 924 837 979; x_wconf 84' lang='lat' dir='ltr'><strong>cidentibus</strong></span> <span class='ocrx_word' id='word_1_43' title='bbox 895 921 1061 977; x_wconf 86' lang='lat' dir='ltr'><strong>rebus</strong></span> <span class='ocrx_word' id='word_1_44' title='bbox 1113 937 1239 976; x_wconf 88' lang='lat' dir='ltr'><strong>cum</strong></span> <span class='ocrx_word' id='word_1_45' title='bbox 1284 922 1495 991; x_wconf 87' lang='lat' dir='ltr'><strong>judicio</strong></span> <span class='ocrx_word' id='word_1_46' title='bbox 1545 921 1644 974; x_wconf 91' lang='lat' dir='ltr'><strong>uti.</strong></span> <span class='ocrx_word' id='word_1_47' title='bbox 1687 918 1742 974; x_wconf 90' lang='lat' dir='ltr'><strong>Si</strong></span> <span class='ocrx_word' id='word_1_48' title='bbox 1782 917 1910 988; x_wconf 83' lang='lat' dir='ltr'><strong>quis</strong></span> <span class='ocrx_word' id='word_1_49' title='bbox 1955 918 2107 972; x_wconf 88' lang='lat' dir='ltr'><strong>enim</strong></span> 
     </span>
    </p>
   </div>
   <div class='ocr_carea' id='block_1_10' title="bbox 526 1008 2108 1085">
    <p class='ocr_par' dir='ltr' id='par_1_10' title="bbox 526 1008 2108 1085">
     <span class='ocr_line' id='line_1_10' title="bbox 526 1008 2108 1085; baseline -0.003 -17"><span class='ocrx_word' id='word_1_50' title='bbox 526 1014 812 1085; x_wconf 88' lang='lat' dir='ltr'><strong>optionem</strong></span> <span class='ocrx_word' id='word_1_51' title='bbox 842 1013 1109 1077; x_wconf 76' lang='lat' dir='ltr'><strong>dedisset,</strong></span> <span class='ocrx_word' id='word_1_52' title='bbox 1145 1013 1588 1082; x_wconf 78' lang='lat' dir='ltr'><strong>habuissetisque</strong></span> <span class='ocrx_word' id='word_1_53' title='bbox 1618 1010 1932 1081; x_wconf 79' lang='lat' dir='ltr'><strong>eligendum</strong></span> <span class='ocrx_word' id='word_1_54' title='bbox 1961 1008 2108 1080; x_wconf 86' lang='lat' dir='ltr'><strong>quod</strong></span> 
     </span>
    </p>
   </div>
   <div class='ocr_carea' id='block_1_11' title="bbox 525 1103 2106 1177">
    <p class='ocr_par' dir='ltr' id='par_1_11' title="bbox 525 1103 2106 1177">
     <span class='ocr_line' id='line_1_11' title="bbox 525 1103 2106 1177; baseline -0.001 -19"><span class='ocrx_word' id='word_1_55' title='bbox 525 1108 834 1170; x_wconf 75' lang='lat' dir='ltr'><strong>videretur,</strong></span> <span class='ocrx_word' id='word_1_56' title='bbox 864 1122 1057 1161; x_wconf 90' lang='lat' dir='ltr'><strong>omnes</strong></span> <span class='ocrx_word' id='word_1_57' title='bbox 1089 1116 1239 1176; x_wconf 85' lang='lat' dir='ltr'><strong>puto,</strong></span> <span class='ocrx_word' id='word_1_58' title='bbox 1272 1122 1384 1177; x_wconf 70' lang='lat' dir='ltr'><strong>prae</strong></span> <span class='ocrx_word' id='word_1_59' title='bbox 1413 1105 1754 1176; x_wconf 79' lang='lat' dir='ltr'><strong>parentibus,</strong></span> <span class='ocrx_word' id='word_1_60' title='bbox 1781 1103 2106 1173; x_wconf 76' lang='lat' dir='ltr'><strong>amicisque,</strong></span> 
     </span>
    </p>
   </div>
   <div class='ocr_carea' id='block_1_12' title="bbox 523 1194 2109 1268">
    <p class='ocr_par' dir='ltr' id='par_1_12' title="bbox 523 1194 2109 1268">
     <span class='ocr_line' id='line_1_12' title="bbox 523 1194 2109 1268; baseline -0.003 -17"><span class='ocrx_word' id='word_1_61' title='bbox 523 1212 588 1251; x_wconf 89' lang='lat' dir='ltr'><strong>ac</strong></span> <span class='ocrx_word' id='word_1_62' title='bbox 610 1199 877 1268; x_wconf 81' lang='lat' dir='ltr'><strong>cognatis,</strong></span> <span class='ocrx_word' id='word_1_63' title='bbox 911 1198 1277 1253; x_wconf 79' lang='lat' dir='ltr'><strong>Barbarorum</strong></span> <span class='ocrx_word' id='word_1_64' title='bbox 1304 1198 1637 1253; x_wconf 86' lang='lat' dir='ltr'><strong>deletionem</strong></span> <span class='ocrx_word' id='word_1_65' title='bbox 1661 1196 1827 1251; x_wconf 88' lang='lat' dir='ltr'><strong>eratis</strong></span> <span class='ocrx_word' id='word_1_66' title='bbox 1854 1194 2109 1261; x_wconf 89' lang='lat' dir='ltr'><strong>electuri,</strong></span> 
     </span>
    </p>
   </div>
   <div class='ocr_carea' id='block_1_13' title="bbox 522 1288 2109 1361">
    <p class='ocr_par' dir='ltr' id='par_1_13' title="bbox 522 1288 2109 1361">
     <span class='ocr_line' id='line_1_13' title="bbox 522 1288 2109 1361; baseline -0.001 -18"><span class='ocrx_word' id='word_1_67' title='bbox 522 1306 633 1359; x_wconf 90' lang='lat' dir='ltr'><strong>qua</strong></span> <span class='ocrx_word' id='word_1_68' title='bbox 667 1290 933 1344; x_wconf 88' lang='lat' dir='ltr'><strong>nimirum</strong></span> <span class='ocrx_word' id='word_1_69' title='bbox 967 1290 1110 1345; x_wconf 84' lang='lat' dir='ltr'><strong>nihil</strong></span> <span class='ocrx_word' id='word_1_70' title='bbox 1164 1290 1249 1344; x_wconf 88' lang='lat' dir='ltr'><strong>vel</strong></span> <span class='ocrx_word' id='word_1_71' title='bbox 1301 1290 1509 1361; x_wconf 86' lang='lat' dir='ltr'><strong>justius</strong></span> <span class='ocrx_word' id='word_1_72' title='bbox 1551 1290 1672 1356; x_wconf 90' lang='lat' dir='ltr'><strong>sit,</strong></span> <span class='ocrx_word' id='word_1_73' title='bbox 1707 1297 1803 1342; x_wconf 88' lang='lat' dir='ltr'><strong>aut</strong></span> <span class='ocrx_word' id='word_1_74' title='bbox 1829 1288 2109 1342; x_wconf 78' lang='lat' dir='ltr'><strong>universis</strong></span> 
     </span>
    </p>
   </div>
   <div class='ocr_carea' id='block_1_14' title="bbox 527 1377 2110 1452">
    <p class='ocr_par' dir='ltr' id='par_1_14' title="bbox 527 1377 2110 1452">
     <span class='ocr_line' id='line_1_14' title="bbox 527 1377 2110 1452; baseline -0.003 -18"><span class='ocrx_word' id='word_1_75' title='bbox 527 1381 703 1452; x_wconf 84' lang='lat' dir='ltr'><strong>magis</strong></span> <span class='ocrx_word' id='word_1_76' title='bbox 736 1391 1053 1451; x_wconf 85' lang='lat' dir='ltr'><strong>acceptum.</strong></span> <span class='ocrx_word' id='word_1_77' title='bbox 1089 1380 1232 1446; x_wconf 90' lang='lat' dir='ltr'><strong>Quid</strong></span> <span class='ocrx_word' id='word_1_78' title='bbox 1287 1380 1439 1436; x_wconf 90' lang='lat' dir='ltr'><strong>enim</strong></span> <span class='ocrx_word' id='word_1_79' title='bbox 1475 1381 1511 1435; x_wconf 91' lang='lat' dir='ltr'><strong>ii</strong></span> <span class='ocrx_word' id='word_1_80' title='bbox 1552 1396 1660 1434; x_wconf 88' lang='lat' dir='ltr'><strong>non</strong></span> <span class='ocrx_word' id='word_1_81' title='bbox 1699 1378 1913 1449; x_wconf 71' lang='lat' dir='ltr'><strong>injuria:</strong></span> <span class='ocrx_word' id='word_1_82' title='bbox 1946 1377 2110 1432; x_wconf 84' lang='lat' dir='ltr'><strong>nobis</strong></span> 
     </span>
    </p>
   </div>
   <div class='ocr_carea' id='block_1_15' title="bbox 522 1466 2109 1541">
    <p class='ocr_par' dir='ltr' id='par_1_15' title="bbox 522 1466 2109 1541">
     <span class='ocr_line' id='line_1_15' title="bbox 522 1466 2109 1541; baseline -0.003 -15"><span class='ocrx_word' id='word_1_83' title='bbox 522 1473 872 1533; x_wconf 89' lang='lat' dir='ltr'><strong>intulerunt,</strong></span> <span class='ocrx_word' id='word_1_84' title='bbox 912 1479 1009 1525; x_wconf 83' lang='lat' dir='ltr'><strong>aut</strong></span> <span class='ocrx_word' id='word_1_85' title='bbox 1060 1486 1172 1541; x_wconf 90' lang='lat' dir='ltr'><strong>quo</strong></span> <span class='ocrx_word' id='word_1_86' title='bbox 1202 1487 1232 1525; x_wconf 86' lang='lat' dir='ltr'><strong>a</strong></span> <span class='ocrx_word' id='word_1_87' title='bbox 1272 1470 1434 1525; x_wconf 85' lang='lat' dir='ltr'><strong>nobis</strong></span> <span class='ocrx_word' id='word_1_88' title='bbox 1471 1470 1744 1540; x_wconf 90' lang='lat' dir='ltr'><strong>supplicio</strong></span> <span class='ocrx_word' id='word_1_89' title='bbox 1801 1466 1940 1522; x_wconf 72' lang='lat' dir='ltr'><strong>allici</strong></span> <span class='ocrx_word' id='word_1_90' title='bbox 1995 1481 2109 1521; x_wconf 82' lang='lat' dir='ltr'><strong>non</strong></span> 
     </span>
    </p>
   </div>
   <div class='ocr_carea' id='block_1_16' title="bbox 520 1558 2108 1633">
    <p class='ocr_par' dir='ltr' id='par_1_16' title="bbox 520 1558 2108 1633">
     <span class='ocr_line' id='line_1_16' title="bbox 520 1558 2108 1633; baseline -0.003 -16"><span class='ocrx_word' id='word_1_91' title='bbox 520 1565 849 1618; x_wconf 78' lang='lat' dir='ltr'><strong>tuerentur?</strong></span> <span class='ocrx_word' id='word_1_92' title='bbox 882 1563 1168 1633; x_wconf 89' lang='lat' dir='ltr'><strong>Siquidem</strong></span> <span class='ocrx_word' id='word_1_93' title='bbox 1205 1563 1352 1618; x_wconf 81' lang='lat' dir='ltr'><strong>enim</strong></span> <span class='ocrx_word' id='word_1_94' title='bbox 1397 1576 1430 1617; x_wconf 72' lang='grc' dir='ltr'><strong>ο</strong></span> <span class='ocrx_word' id='word_1_95' title='bbox 1476 1560 1588 1616; x_wconf 82' lang='lat' dir='ltr'><strong>Deo</strong></span> <span class='ocrx_word' id='word_1_96' title='bbox 1641 1576 1709 1615; x_wconf 76' lang='lat' dir='ltr'><strong>ac</strong></span> <span class='ocrx_word' id='word_1_97' title='bbox 1739 1558 2004 1630; x_wconf 80' lang='lat' dir='ltr'><strong>religione</strong></span> <span class='ocrx_word' id='word_1_98' title='bbox 2050 1559 2108 1614; x_wconf 92' lang='lat' dir='ltr'><strong>in</strong></span> 
     </span>
    </p>
   </div>
   <div class='ocr_carea' id='block_1_17' title="bbox 521 1652 2109 1725">
    <p class='ocr_par' dir='ltr' id='par_1_17' title="bbox 521 1652 2109 1725">
     <span class='ocr_line' id='line_1_17' title="bbox 521 1652 2109 1725; baseline -0.002 -16"><span class='ocrx_word' id='word_1_99' title='bbox 521 1655 695 1710; x_wconf 89' lang='lat' dir='ltr'><strong>Deum</strong></span> <span class='ocrx_word' id='word_1_100' title='bbox 733 1657 1104 1713; x_wconf 89' lang='lat' dir='ltr'><strong>inchoandum</strong></span> <span class='ocrx_word' id='word_1_101' title='bbox 1149 1655 1256 1722; x_wconf 83' lang='lat' dir='ltr'><strong>sit,</strong></span> <span class='ocrx_word' id='word_1_102' title='bbox 1312 1653 1459 1725; x_wconf 85' lang='lat' dir='ltr'><strong>quod</strong></span> <span class='ocrx_word' id='word_1_103' title='bbox 1512 1663 1568 1708; x_wconf 88' lang='lat' dir='ltr'><strong>ct</strong></span> <span class='ocrx_word' id='word_1_104' title='bbox 1600 1652 1885 1708; x_wconf 75' lang='lat' dir='ltr'><strong>hominum</strong></span> <span class='ocrx_word' id='word_1_105' title='bbox 1933 1662 2109 1722; x_wconf 84' lang='lat' dir='ltr'><strong>genus</strong></span> 
     </span>
    </p>
   </div>
   <div class='ocr_carea' id='block_1_18' title="bbox 522 1742 2111 1818">
    <p class='ocr_par' dir='ltr' id='par_1_18' title="bbox 522 1742 2111 1818">
     <span class='ocr_line' id='line_1_18' title="bbox 522 1742 2111 1818; baseline -0.003 -18"><span class='ocrx_word' id='word_1_106' title='bbox 522 1747 751 1803; x_wconf 89' lang='lat' dir='ltr'><strong>charius</strong></span> <span class='ocrx_word' id='word_1_107' title='bbox 781 1749 979 1813; x_wconf 78' lang='lat' dir='ltr'><strong>habet,</strong></span> <span class='ocrx_word' id='word_1_108' title='bbox 1034 1749 1310 1818; x_wconf 84' lang='lat' dir='ltr'><strong>nobisque</strong></span> <span class='ocrx_word' id='word_1_109' title='bbox 1344 1747 1607 1817; x_wconf 83' lang='lat' dir='ltr'><strong>peculiari</strong></span> <span class='ocrx_word' id='word_1_110' title='bbox 1659 1744 1963 1799; x_wconf 82' lang='lat' dir='ltr'><strong>ambitione</strong></span> <span class='ocrx_word' id='word_1_111' title='bbox 1987 1742 2111 1797; x_wconf 91' lang='lat' dir='ltr'><strong>uni—</strong></span> 
     </span>
    </p>
   </div>
   <div class='ocr_carea' id='block_1_19' title="bbox 2212 545 3791 624">
    <p class='ocr_par' dir='ltr' id='par_1_19' title="bbox 2212 545 3791 624">
     <span class='ocr_line' id='line_1_19' title="bbox 2212 545 3791 624; baseline 0.004 -22"><span class='ocrx_word' id='word_1_112' title='bbox 2212 551 2351 603; x_wconf 72' lang='grc' dir='ltr'>ἐστί.</span> <span class='ocrx_word' id='word_1_113' title='bbox 2405 550 2561 620; x_wconf 78' lang='grc' dir='ltr'><strong>Χρῆν</strong></span> <span class='ocrx_word' id='word_1_114' title='bbox 2591 552 2648 605; x_wconf 84' lang='grc' dir='ltr'><em>δέ</em></span> <span class='ocrx_word' id='word_1_115' title='bbox 2686 568 2838 613; x_wconf 86' lang='grc' dir='ltr'>τινας</span> <span class='ocrx_word' id='word_1_116' title='bbox 2866 545 3009 604; x_wconf 76' lang='grc' dir='ltr'>εἶναι</span> <span class='ocrx_word' id='word_1_117' title='bbox 3036 552 3164 614; x_wconf 77' lang='grc' dir='ltr'>τοὺς</span> <span class='ocrx_word' id='word_1_118' title='bbox 3202 553 3347 623; x_wconf 74' lang='grc' dir='ltr'>ὑπὲρ</span> <span class='ocrx_word' id='word_1_119' title='bbox 3364 552 3475 607; x_wconf 85' lang='grc' dir='ltr'><strong>τῶν</strong></span> <span class='ocrx_word' id='word_1_120' title='bbox 3503 554 3639 608; x_wconf 81' lang='grc' dir='ltr'>ὅλων</span> <span class='ocrx_word' id='word_1_121' title='bbox 3660 555 3791 624; x_wconf 57' lang='lat' dir='ltr'><strong>pou-</strong></span> 
     </span>
    </p>
   </div>
   <div class='ocr_carea' id='block_1_20' title="bbox 2211 646 3796 722">
    <p class='ocr_par' dir='ltr' id='par_1_20' title="bbox 2211 646 3796 722">
     <span class='ocr_line' id='line_1_20' title="bbox 2211 646 3796 722; baseline 0.003 -24"><span class='ocrx_word' id='word_1_122' title='bbox 2211 646 2594 715; x_wconf 78' lang='grc' dir='ltr'>λευσομένους,</span> <span class='ocrx_word' id='word_1_123' title='bbox 2639 648 2876 703; x_wconf 76' lang='grc' dir='ltr'>καὶτῶν</span> <span class='ocrx_word' id='word_1_124' title='bbox 2923 647 3070 702; x_wconf 76' lang='grc' dir='ltr'>ίδίων</span> <span class='ocrx_word' id='word_1_125' title='bbox 3124 648 3448 715; x_wconf 80' lang='grc' dir='ltr'><strong>πλεονεξιῶν</strong></span> <span class='ocrx_word' id='word_1_126' title='bbox 3484 653 3585 721; x_wconf 79' lang='grc' dir='ltr'>τὴν</span> <span class='ocrx_word' id='word_1_127' title='bbox 3609 652 3796 722; x_wconf 79' lang='grc' dir='ltr'>κοινὴν</span> 
     </span>
    </p>
   </div>
   <div class='ocr_carea' id='block_1_21' title="bbox 2211 737 2983 812">
    <p class='ocr_par' dir='ltr' id='par_1_21' title="bbox 2211 737 2983 812">
     <span class='ocr_line' id='line_1_21' title="bbox 2211 737 2983 812; baseline 0.005 -21"><span class='ocrx_word' id='word_1_128' title='bbox 2211 737 2491 807; x_wconf 76' lang='grc' dir='ltr'>ὠφέλειαν</span> <span class='ocrx_word' id='word_1_129' title='bbox 2517 741 2983 812; x_wconf 81' lang='grc' dir='ltr'>προτιμήσοντας.</span> 
     </span>
    </p>
   </div>
   <div class='ocr_carea' id='block_1_22' title="bbox 2285 830 3797 903">
    <p class='ocr_par' dir='ltr' id='par_1_22' title="bbox 2285 830 3797 903">
     <span class='ocr_line' id='line_1_22' title="bbox 2285 830 3797 903; baseline 0.001 -21"><span class='ocrx_word' id='word_1_130' title='bbox 2285 830 2524 893; x_wconf 76' lang='grc' dir='ltr'><strong>Τούτους</strong></span> <span class='ocrx_word' id='word_1_131' title='bbox 2549 830 2734 884; x_wconf 82' lang='grc' dir='ltr'>τοίνυν</span> <span class='ocrx_word' id='word_1_132' title='bbox 2763 831 2909 901; x_wconf 75' lang='grc' dir='ltr'>ὑμᾶς</span> <span class='ocrx_word' id='word_1_133' title='bbox 2948 831 3187 901; x_wconf 82' lang='grc' dir='ltr'>φανῆναι</span> <span class='ocrx_word' id='word_1_134' title='bbox 3212 833 3502 903; x_wconf 72' lang='grc' dir='ltr'>προσήκει,</span> <span class='ocrx_word' id='word_1_135' title='bbox 3559 832 3650 884; x_wconf 74' lang='grc' dir='ltr'>καὶ</span> <span class='ocrx_word' id='word_1_136' title='bbox 3679 832 3797 895; x_wconf 74' lang='grc' dir='ltr'>τοῖς</span> 
     </span>
    </p>
   </div>
   <div class='ocr_carea' id='block_1_23' title="bbox 2212 922 3798 995">
    <p class='ocr_par' dir='ltr' id='par_1_23' title="bbox 2212 922 3798 995">
     <span class='ocr_line' id='line_1_23' title="bbox 2212 922 3798 995; baseline 0 -21"><span class='ocrx_word' id='word_1_137' title='bbox 2212 922 2516 991; x_wconf 75' lang='grc' dir='ltr'><strong>ἐμπεσοῦσι</strong></span> <span class='ocrx_word' id='word_1_138' title='bbox 2567 927 2858 995; x_wconf 76' lang='grc' dir='ltr'>πράγμασι</span> <span class='ocrx_word' id='word_1_139' title='bbox 2907 925 3221 995; x_wconf 71' lang='grc' dir='ltr'>χρήσασθαι</span> <span class='ocrx_word' id='word_1_140' title='bbox 3278 926 3415 995; x_wconf 83' lang='grc' dir='ltr'>μετὰ</span> <span class='ocrx_word' id='word_1_141' title='bbox 3441 924 3554 979; x_wconf 81' lang='grc' dir='ltr'>νοῦ.</span> <span class='ocrx_word' id='word_1_142' title='bbox 3629 924 3798 991; x_wconf 81' lang='grc' dir='ltr'>Ὑμῖν</span> 
     </span>
    </p>
   </div>
   <div class='ocr_carea' id='block_1_24' title="bbox 2212 1008 3797 1087">
    <p class='ocr_par' dir='ltr' id='par_1_24' title="bbox 2212 1008 3797 1087">
     <span class='ocr_line' id='line_1_24' title="bbox 2212 1008 3797 1087; baseline 0.002 -22"><span class='ocrx_word' id='word_1_143' title='bbox 2212 1014 2323 1084; x_wconf 73' lang='grc' dir='ltr'><strong>γὰρ</strong></span> <span class='ocrx_word' id='word_1_144' title='bbox 2357 1017 2411 1067; x_wconf 83' lang='grc' dir='ltr'>εῐ</span> <span class='ocrx_word' id='word_1_145' title='bbox 2442 1031 2525 1077; x_wconf 88' lang='grc' dir='ltr'><strong>τις</strong></span> <span class='ocrx_word' id='word_1_146' title='bbox 2557 1014 2770 1086; x_wconf 83' lang='grc' dir='ltr'>αἵρεσιν</span> <span class='ocrx_word' id='word_1_147' title='bbox 2799 1008 3106 1087; x_wconf 68' lang='grc' dir='ltr'>προὺθηκε,</span> <span class='ocrx_word' id='word_1_148' title='bbox 3172 1021 3266 1070; x_wconf 82' lang='grc' dir='ltr'>καὶ</span> <span class='ocrx_word' id='word_1_149' title='bbox 3299 1017 3407 1069; x_wconf 79' lang='grc' dir='ltr'>ἔδει</span> <span class='ocrx_word' id='word_1_150' title='bbox 3432 1019 3499 1070; x_wconf 80' lang='grc' dir='ltr'><strong>τὰ</strong></span> <span class='ocrx_word' id='word_1_151' title='bbox 3530 1014 3797 1070; x_wconf 52' lang='grc' dir='ltr'>δοκοῦντα</span> 
     </span>
    </p>
   </div>
   <div class='ocr_carea' id='block_1_25' title="bbox 2212 1104 3799 1179">
    <p class='ocr_par' dir='ltr' id='par_1_25' title="bbox 2212 1104 3799 1179">
     <span class='ocr_line' id='line_1_25' title="bbox 2212 1104 3799 1179; baseline 0.002 -20"><span class='ocrx_word' id='word_1_152' title='bbox 2212 1105 2453 1171; x_wconf 75' lang='grc' dir='ltr'><strong>ἑλέσθαι,</strong></span> <span class='ocrx_word' id='word_1_153' title='bbox 2494 1108 2703 1171; x_wconf 79' lang='grc' dir='ltr'><strong>πάντας</strong></span> <span class='ocrx_word' id='word_1_154' title='bbox 2727 1109 2794 1163; x_wconf 80' lang='grc' dir='ltr'>ἂν</span> <span class='ocrx_word' id='word_1_155' title='bbox 2815 1104 2995 1179; x_wconf 78' lang='grc' dir='ltr'>οἶμαι,</span> <span class='ocrx_word' id='word_1_156' title='bbox 3028 1110 3121 1162; x_wconf 78' lang='grc' dir='ltr'>καὶ</span> <span class='ocrx_word' id='word_1_157' title='bbox 3160 1109 3265 1177; x_wconf 79' lang='grc' dir='ltr'>πρὸ</span> <span class='ocrx_word' id='word_1_158' title='bbox 3291 1109 3401 1162; x_wconf 84' lang='grc' dir='ltr'><strong>τῶν</strong></span> <span class='ocrx_word' id='word_1_159' title='bbox 3446 1106 3667 1176; x_wconf 71' lang='grc' dir='ltr'>γονέων,</span> <span class='ocrx_word' id='word_1_160' title='bbox 3697 1111 3799 1162; x_wconf 74' lang='grc' dir='ltr'>καὶ</span> 
     </span>
    </p>
   </div>
   <div class='ocr_carea' id='block_1_26' title="bbox 2212 1199 3800 1271">
    <p class='ocr_par' dir='ltr' id='par_1_26' title="bbox 2212 1199 3800 1271">
     <span class='ocr_line' id='line_1_26' title="bbox 2212 1199 3800 1271; baseline 0.001 -20"><span class='ocrx_word' id='word_1_161' title='bbox 2212 1199 2404 1267; x_wconf 76' lang='grc' dir='ltr'>φίλων,</span> <span class='ocrx_word' id='word_1_162' title='bbox 2439 1201 2532 1253; x_wconf 77' lang='grc' dir='ltr'>καὶ</span> <span class='ocrx_word' id='word_1_163' title='bbox 2556 1201 2859 1268; x_wconf 61' lang='grc' dir='ltr'>συγγενῶν,</span> <span class='ocrx_word' id='word_1_164' title='bbox 2888 1204 2990 1270; x_wconf 75' lang='grc' dir='ltr'>τὴν</span> <span class='ocrx_word' id='word_1_165' title='bbox 3030 1201 3139 1254; x_wconf 80' lang='grc' dir='ltr'><strong>τῶν</strong></span> <span class='ocrx_word' id='word_1_166' title='bbox 3168 1202 3468 1271; x_wconf 74' lang='grc' dir='ltr'>Βαρϐάρων</span> <span class='ocrx_word' id='word_1_167' title='bbox 3517 1201 3800 1254; x_wconf 74' lang='grc' dir='ltr'>ἀπώλειαν</span> 
     </span>
    </p>
   </div>
   <div class='ocr_carea' id='block_1_27' title="bbox 2210 1288 3787 1365">
    <p class='ocr_par' dir='ltr' id='par_1_27' title="bbox 2210 1288 3787 1365">
     <span class='ocr_line' id='line_1_27' title="bbox 2210 1288 3787 1365; baseline 0.001 -19"><span class='ocrx_word' id='word_1_168' title='bbox 2210 1288 2493 1359; x_wconf 71' lang='grc' dir='ltr'>εὔξασθαι,</span> <span class='ocrx_word' id='word_1_169' title='bbox 2524 1288 2602 1356; x_wconf 84' lang='grc' dir='ltr'>ὡς</span> <span class='ocrx_word' id='word_1_170' title='bbox 2637 1292 2829 1348; x_wconf 82' lang='grc' dir='ltr'>τούτου</span> <span class='ocrx_word' id='word_1_171' title='bbox 2881 1294 3049 1365; x_wconf 84' lang='grc' dir='ltr'>μηδὲν</span> <span class='ocrx_word' id='word_1_172' title='bbox 3076 1293 3201 1347; x_wconf 76' lang='grc' dir='ltr'>οὔτε</span> <span class='ocrx_word' id='word_1_173' title='bbox 3243 1294 3601 1364; x_wconf 81' lang='grc' dir='ltr'>δικαιότερον,</span> <span class='ocrx_word' id='word_1_174' title='bbox 3662 1292 3787 1347; x_wconf 76' lang='grc' dir='ltr'>οὔθ’</span> 
     </span>
    </p>
   </div>
   <div class='ocr_carea' id='block_1_28' title="bbox 2209 1385 3798 1458">
    <p class='ocr_par' dir='ltr' id='par_1_28' title="bbox 2209 1385 3798 1458">
     <span class='ocr_line' id='line_1_28' title="bbox 2209 1385 3798 1458; baseline -0.001 -20"><span class='ocrx_word' id='word_1_175' title='bbox 2209 1386 2422 1439; x_wconf 76' lang='grc' dir='ltr'>ἅπασιν</span> <span class='ocrx_word' id='word_1_176' title='bbox 2454 1385 2607 1455; x_wconf 74' lang='grc' dir='ltr'>ἥδιον</span> <span class='ocrx_word' id='word_1_177' title='bbox 2630 1385 2712 1439; x_wconf 74' lang='grc' dir='ltr'>εν.</span> <span class='ocrx_word' id='word_1_178' title='bbox 2747 1386 2814 1440; x_wconf 87' lang='grc' dir='ltr'>Τί</span> <span class='ocrx_word' id='word_1_179' title='bbox 2844 1387 2956 1455; x_wconf 86' lang='grc' dir='ltr'><strong>γὰρ</strong></span> <span class='ocrx_word' id='word_1_180' title='bbox 2985 1387 3131 1457; x_wconf 76' lang='grc' dir='ltr'>ἡμᾶς</span> <span class='ocrx_word' id='word_1_181' title='bbox 3159 1386 3260 1439; x_wconf 72' lang='grc' dir='ltr'>οὐκ</span> <span class='ocrx_word' id='word_1_182' title='bbox 3308 1386 3631 1458; x_wconf 76' lang='grc' dir='ltr'><strong>ἠδικήκασιν</strong></span> <span class='ocrx_word' id='word_1_183' title='bbox 3693 1387 3798 1441; x_wconf 70' lang='grc' dir='ltr'><strong>ἁν-</strong></span> 
     </span>
    </p>
   </div>
   <div class='ocr_carea' id='block_1_29' title="bbox 2210 1476 3793 1549">
    <p class='ocr_par' dir='ltr' id='par_1_29' title="bbox 2210 1476 3793 1549">
     <span class='ocr_line' id='line_1_29' title="bbox 2210 1476 3793 1549; baseline -0.001 -18"><span class='ocrx_word' id='word_1_184' title='bbox 2210 1476 2444 1549; x_wconf 77' lang='grc' dir='ltr'>θρωποι,</span> <span class='ocrx_word' id='word_1_185' title='bbox 2493 1478 2695 1549; x_wconf 80' lang='grc' dir='ltr'>ῆτίνος</span> <span class='ocrx_word' id='word_1_186' title='bbox 2751 1479 2864 1535; x_wconf 77' lang='grc' dir='ltr'>οὑκ,</span> <span class='ocrx_word' id='word_1_187' title='bbox 2903 1478 3046 1546; x_wconf 76' lang='grc' dir='ltr'>ἄξιοι</span> <span class='ocrx_word' id='word_1_188' title='bbox 3087 1478 3413 1544; x_wconf 76' lang='grc' dir='ltr'>κολάζεσθαι</span> <span class='ocrx_word' id='word_1_189' title='bbox 3439 1478 3570 1546; x_wconf 80' lang='grc' dir='ltr'>παρ’</span> <span class='ocrx_word' id='word_1_190' title='bbox 3598 1478 3793 1549; x_wconf 73' lang='grc' dir='ltr'>ήμῶυς</span> 
     </span>
    </p>
   </div>
   <div class='ocr_carea' id='block_1_30' title="bbox 2178 1569 3795 1642">
    <p class='ocr_par' dir='ltr' id='par_1_30' title="bbox 2178 1569 3795 1642">
     <span class='ocr_line' id='line_1_30' title="bbox 2178 1569 3795 1642; baseline -0.001 -17"><span class='ocrx_word' id='word_1_191' title='bbox 2178 1584 2185 1591; x_wconf 90' lang='grc'><strong><em>“</em></strong></span> <span class='ocrx_word' id='word_1_192' title='bbox 2210 1570 2339 1625; x_wconf 68' lang='lat' dir='ltr'><strong>Ehe</strong></span> <span class='ocrx_word' id='word_1_193' title='bbox 2366 1570 2477 1641; x_wconf 69' lang='grc' dir='ltr'><strong>γὰρ</strong></span> <span class='ocrx_word' id='word_1_194' title='bbox 2510 1570 2621 1624; x_wconf 73' lang='grc' dir='ltr'><strong>ἀπὸ</strong></span> <span class='ocrx_word' id='word_1_195' title='bbox 2642 1569 2788 1625; x_wconf 76' lang='grc' dir='ltr'>Θεοῦ</span> <span class='ocrx_word' id='word_1_196' title='bbox 2818 1570 2915 1625; x_wconf 75' lang='grc' dir='ltr'>καὶ</span> <span class='ocrx_word' id='word_1_197' title='bbox 2944 1572 3044 1637; x_wconf 84' lang='grc' dir='ltr'>τῆς</span> <span class='ocrx_word' id='word_1_198' title='bbox 3078 1574 3209 1642; x_wconf 76' lang='grc' dir='ltr'>περὶ</span> <span class='ocrx_word' id='word_1_199' title='bbox 3255 1571 3447 1625; x_wconf 82' lang='grc' dir='ltr'>τούτου</span> <span class='ocrx_word' id='word_1_200' title='bbox 3499 1571 3795 1640; x_wconf 71' lang='grc' dir='ltr'><strong>θρησκείας</strong></span> 
     </span>
    </p>
   </div>
   <div class='ocr_carea' id='block_1_31' title="bbox 2212 1658 3794 1733">
    <p class='ocr_par' dir='ltr' id='par_1_31' title="bbox 2212 1658 3794 1733">
     <span class='ocr_line' id='line_1_31' title="bbox 2212 1658 3794 1733; baseline -0.002 -15"><span class='ocrx_word' id='word_1_201' title='bbox 2212 1663 2483 1729; x_wconf 79' lang='grc' dir='ltr'>ἄρξασθαι</span> <span class='ocrx_word' id='word_1_202' title='bbox 2510 1662 2614 1729; x_wconf 86' lang='grc' dir='ltr'>δεῖ,</span> <span class='ocrx_word' id='word_1_203' title='bbox 2640 1658 2670 1717; x_wconf 78' lang='grc' dir='ltr'><strong><em>ὃ</em></strong></span> <span class='ocrx_word' id='word_1_204' title='bbox 2698 1663 2792 1716; x_wconf 78' lang='grc' dir='ltr'>καὶ</span> <span class='ocrx_word' id='word_1_205' title='bbox 2837 1665 2904 1733; x_wconf 79' lang='grc' dir='ltr'><strong>τῇ</strong></span> <span class='ocrx_word' id='word_1_206' title='bbox 2938 1663 3100 1732; x_wconf 81' lang='grc' dir='ltr'>φύσει</span> <span class='ocrx_word' id='word_1_207' title='bbox 3146 1662 3495 1733; x_wconf 81' lang='grc' dir='ltr'>τιμιώτερον,</span> <span class='ocrx_word' id='word_1_208' title='bbox 3527 1663 3621 1716; x_wconf 70' lang='grc' dir='ltr'>καὶ</span> <span class='ocrx_word' id='word_1_209' title='bbox 3659 1664 3794 1732; x_wconf 67' lang='grc' dir='ltr'>ἡμῖν</span> 
     </span>
    </p>
   </div>
   <div class='ocr_carea' id='block_1_32' title="bbox 2216 1754 3793 1824">
    <p class='ocr_par' dir='ltr' id='par_1_32' title="bbox 2216 1754 3793 1824">
     <span class='ocr_line' id='line_1_32' title="bbox 2216 1754 3793 1824; baseline -0.004 -15"><span class='ocrx_word' id='word_1_210' title='bbox 2216 1755 2363 1819; x_wconf 77' lang='grc' dir='ltr'>ίδῐως</span> <span class='ocrx_word' id='word_1_211' title='bbox 2423 1754 2654 1815; x_wconf 85' lang='grc' dir='ltr'>πάντων.</span> <span class='ocrx_word' id='word_1_212' title='bbox 2699 1755 2888 1816; x_wconf 85' lang='grc' dir='ltr'>ἁπλῶς</span> <span class='ocrx_word' id='word_1_213' title='bbox 2926 1754 3574 1824; x_wconf 81' lang='grc' dir='ltr'>-περισπουδαστότατον,</span> <span class='ocrx_word' id='word_1_214' title='bbox 3629 1756 3793 1805; x_wconf 75' lang='grc' dir='ltr'>τίνων</span> 
     </span>
    </p>
   </div>
   <div class='ocr_carea' id='block_1_33' title="bbox 520 1818 2110 1920">
    <p class='ocr_par' dir='ltr' id='par_1_33' title="bbox 520 1836 2106 1910">
     <span class='ocr_line' id='line_1_33' title="bbox 520 1836 2106 1910; baseline -0.002 -17"><span class='ocrx_word' id='word_1_215' title='bbox 520 1841 701 1894; x_wconf 83' lang='lat' dir='ltr'><strong>versis</strong></span> <span class='ocrx_word' id='word_1_216' title='bbox 731 1843 959 1895; x_wconf 81' lang='lat' dir='ltr'><strong>omnino</strong></span> <span class='ocrx_word' id='word_1_217' title='bbox 987 1840 1350 1910; x_wconf 74' lang='lat' dir='ltr'><strong>expetibllius</strong></span> <span class='ocrx_word' id='word_1_218' title='bbox 1371 1849 1478 1906; x_wconf 89' lang='lat' dir='ltr'><strong>est,</strong></span> <span class='ocrx_word' id='word_1_219' title='bbox 1505 1851 1873 1909; x_wconf 90' lang='lat' dir='ltr'><strong>quorumnam</strong></span> <span class='ocrx_word' id='word_1_220' title='bbox 1909 1836 2106 1906; x_wconf 86' lang='lat' dir='ltr'><strong>impie-</strong></span> 
     </span>
    </p>
   </div>
   <div class='ocr_carea' id='block_1_34' title="bbox 2213 1818 3797 1920">
    <p class='ocr_par' dir='ltr' id='par_1_34' title="bbox 2213 1818 3797 1920">
     <span class='ocr_line' id='line_1_34' title="bbox 2213 1818 3797 1920; baseline -0.004 -16"><span class='ocrx_word' id='word_1_221' title='bbox 2213 1818 2468 1904; x_wconf 70' lang='grc' dir='ltr'>ἀσέϐειαν</span> <span class='ocrx_word' id='word_1_222' title='bbox 2488 1851 2557 1920; x_wconf 76' lang='grc' dir='ltr'>τῇ</span> <span class='ocrx_word' id='word_1_223' title='bbox 2580 1848 2791 1903; x_wconf 83' lang='grc' dir='ltr'>τούτων</span> <span class='ocrx_word' id='word_1_224' title='bbox 2841 1848 2960 1902; x_wconf 78' lang='grc' dir='ltr'>ἐστι</span> <span class='ocrx_word' id='word_1_225' title='bbox 2989 1818 3392 1918; x_wconf 71' lang='grc' dir='ltr'>παραϐάλλεινς</span> <span class='ocrx_word' id='word_1_226' title='bbox 3449 1843 3622 1900; x_wconf 80' lang='grc' dir='ltr'>Τίνων</span> <span class='ocrx_word' id='word_1_227' title='bbox 3665 1845 3710 1898; x_wconf 76' lang='grc' dir='ltr'>δ’</span> <span class='ocrx_word' id='word_1_228' title='bbox 3742 1847 3797 1898; x_wconf 85' lang='lat' dir='ltr'><strong>oi</strong></span> 
     </span>
    </p>
   </div>
   <div class='ocr_carea' id='block_1_35' title="bbox 523 1929 2106 2004">
    <p class='ocr_par' dir='ltr' id='par_1_35' title="bbox 523 1929 2106 2004">
     <span class='ocr_line' id='line_1_35' title="bbox 523 1929 2106 2004; baseline -0.003 -18"><span class='ocrx_word' id='word_1_229' title='bbox 523 1940 613 1989; x_wconf 80' lang='lat' dir='ltr'><strong>tas</strong></span> <span class='ocrx_word' id='word_1_230' title='bbox 643 1948 767 1988; x_wconf 89' lang='lat' dir='ltr'><strong>cum</strong></span> <span class='ocrx_word' id='word_1_231' title='bbox 801 1949 994 1988; x_wconf 77' lang='lat' dir='ltr'><strong>eorum</strong></span> <span class='ocrx_word' id='word_1_232' title='bbox 1034 1935 1207 2003; x_wconf 80' lang='lat' dir='ltr'><strong>possit</strong></span> <span class='ocrx_word' id='word_1_233' title='bbox 1237 1933 1519 2004; x_wconf 81' lang='lat' dir='ltr'><strong>impietate</strong></span> <span class='ocrx_word' id='word_1_234' title='bbox 1546 1930 1825 1987; x_wconf 77' lang='lat' dir='ltr'><strong>conferri?</strong></span> <span class='ocrx_word' id='word_1_235' title='bbox 1860 1929 2106 1995; x_wconf 82' lang='lat' dir='ltr'><strong>Quorum</strong></span> 
     </span>
    </p>
   </div>
   <div class='ocr_carea' id='block_1_36' title="bbox 515 2023 2107 2097">
    <p class='ocr_par' dir='ltr' id='par_1_36' title="bbox 515 2023 2107 2097">
     <span class='ocr_line' id='line_1_36' title="bbox 515 2023 2107 2097; baseline -0.002 -19"><span class='ocrx_word' id='word_1_236' title='bbox 515 2026 668 2079; x_wconf 87' lang='lat' dir='ltr'><strong>circa</strong></span> <span class='ocrx_word' id='word_1_237' title='bbox 707 2027 756 2080; x_wconf 91' lang='lat' dir='ltr'><strong>id</strong></span> <span class='ocrx_word' id='word_1_238' title='bbox 792 2029 938 2097; x_wconf 87' lang='lat' dir='ltr'><strong>quod</strong></span> <span class='ocrx_word' id='word_1_239' title='bbox 972 2025 1336 2096; x_wconf 65' lang='lat' dir='ltr'><strong>praastabilius</strong></span> <span class='ocrx_word' id='word_1_240' title='bbox 1356 2025 1454 2090; x_wconf 82' lang='lat' dir='ltr'><strong>sit.</strong></span> <span class='ocrx_word' id='word_1_241' title='bbox 1479 2023 1860 2095; x_wconf 80' lang='lat' dir='ltr'><strong>cogitationes,</strong></span> <span class='ocrx_word' id='word_1_242' title='bbox 1891 2030 1985 2076; x_wconf 88' lang='lat' dir='ltr'><strong>aut</strong></span> <span class='ocrx_word' id='word_1_243' title='bbox 2012 2026 2107 2075; x_wconf 85' lang='lat' dir='ltr'><strong>ab-</strong></span> 
     </span>
    </p>
   </div>
   <div class='ocr_carea' id='block_1_37' title="bbox 516 2112 2108 2188">
    <p class='ocr_par' dir='ltr' id='par_1_37' title="bbox 516 2112 2108 2188">
     <span class='ocr_line' id='line_1_37' title="bbox 516 2112 2108 2188; baseline -0.002 -18"><span class='ocrx_word' id='word_1_244' title='bbox 516 2132 668 2172; x_wconf 67' lang='lat' dir='ltr'><strong>sona:</strong></span> <span class='ocrx_word' id='word_1_245' title='bbox 694 2119 887 2188; x_wconf 84' lang='lat' dir='ltr'><strong>magis,</strong></span> <span class='ocrx_word' id='word_1_246' title='bbox 922 2128 1017 2173; x_wconf 90' lang='lat' dir='ltr'><strong>aut</strong></span> <span class='ocrx_word' id='word_1_247' title='bbox 1047 2119 1194 2174; x_wconf 87' lang='lat' dir='ltr'><strong>veris</strong></span> <span class='ocrx_word' id='word_1_248' title='bbox 1221 2118 1460 2188; x_wconf 80' lang='lat' dir='ltr'><strong>amplius</strong></span> <span class='ocrx_word' id='word_1_249' title='bbox 1505 2132 1572 2171; x_wconf 86' lang='lat' dir='ltr'><strong>ac</strong></span> <span class='ocrx_word' id='word_1_250' title='bbox 1594 2114 1755 2171; x_wconf 89' lang='lat' dir='ltr'><strong>nobis</strong></span> <span class='ocrx_word' id='word_1_251' title='bbox 1770 2114 2061 2169; x_wconf 77' lang='lat' dir='ltr'><strong>contraria:</strong></span> <span class='ocrx_word' id='word_1_252' title='bbox 2084 2112 2108 2167; x_wconf 66' lang='grc' dir='ltr'><em>ἲ</em></span> 
     </span>
    </p>
   </div>
   <div class='ocr_carea' id='block_1_38' title="bbox 518 2207 2136 2293">
    <p class='ocr_par' dir='ltr' id='par_1_38' title="bbox 518 2207 2136 2293">
     <span class='ocr_line' id='line_1_38' title="bbox 518 2207 2136 2293; baseline -0.002 -28"><span class='ocrx_word' id='word_1_253' title='bbox 518 2212 678 2278; x_wconf 82' lang='lat' dir='ltr'><strong>Quod</strong></span> <span class='ocrx_word' id='word_1_254' title='bbox 714 2213 759 2266; x_wconf 90' lang='lat' dir='ltr'><strong>si</strong></span> <span class='ocrx_word' id='word_1_255' title='bbox 793 2213 921 2281; x_wconf 90' lang='lat' dir='ltr'><strong>quis</strong></span> <span class='ocrx_word' id='word_1_256' title='bbox 954 2228 1148 2266; x_wconf 84' lang='lat' dir='ltr'><strong>eorum</strong></span> <span class='ocrx_word' id='word_1_257' title='bbox 1177 2221 1500 2293; x_wconf 78' lang='lat' dir='ltr'><strong>consuetam</strong></span> <span class='ocrx_word' id='word_1_258' title='bbox 1542 2209 1763 2265; x_wconf 81' lang='lat' dir='ltr'><strong>vivendi</strong></span> <span class='ocrx_word' id='word_1_259' title='bbox 1795 2207 2067 2263; x_wconf 87' lang='lat' dir='ltr'><strong>rationem</strong></span> <span class='ocrx_word' id='word_1_260' title='bbox 2088 2246 2105 2270; x_wconf 88' lang='lat'><strong>,</strong></span> <span class='ocrx_word' id='word_1_261' title='bbox 2132 2280 2136 2285; x_wconf 10' lang='grc' dir='ltr'><em>ἡ</em></span> 
     </span>
    </p>
   </div>
   <div class='ocr_carea' id='block_1_39' title="bbox 520 2302 2106 2377">
    <p class='ocr_par' dir='ltr' id='par_1_39' title="bbox 520 2302 2106 2377">
     <span class='ocr_line' id='line_1_39' title="bbox 520 2302 2106 2377; baseline -0.002 -17"><span class='ocrx_word' id='word_1_262' title='bbox 520 2321 589 2360; x_wconf 89' lang='lat' dir='ltr'><strong>ac</strong></span> <span class='ocrx_word' id='word_1_263' title='bbox 635 2307 740 2360; x_wconf 86' lang='lat' dir='ltr'><strong>alia</strong></span> <span class='ocrx_word' id='word_1_264' title='bbox 777 2317 997 2377; x_wconf 82' lang='lat' dir='ltr'><strong>reputet</strong></span> <span class='ocrx_word' id='word_1_265' title='bbox 1021 2347 1037 2370; x_wconf 97' lang='lat'><strong>,</strong></span> <span class='ocrx_word' id='word_1_266' title='bbox 1088 2307 1249 2374; x_wconf 86' lang='lat' dir='ltr'><strong>plena</strong></span> <span class='ocrx_word' id='word_1_267' title='bbox 1281 2306 1470 2359; x_wconf 87' lang='lat' dir='ltr'><strong>omnia</strong></span> <span class='ocrx_word' id='word_1_268' title='bbox 1501 2303 1914 2359; x_wconf 88' lang='lat' dir='ltr'><strong>abominatione</strong></span> <span class='ocrx_word' id='word_1_269' title='bbox 1954 2302 2106 2357; x_wconf 77' lang='lat' dir='ltr'><strong>inre-</strong></span> 
     </span>
    </p>
   </div>
   <div class='ocr_carea' id='block_1_40' title="bbox 515 2395 2106 2467">
    <p class='ocr_par' dir='ltr' id='par_1_40' title="bbox 515 2395 2106 2467">
     <span class='ocr_line' id='line_1_40' title="bbox 515 2395 2106 2467; baseline 0 -18"><span class='ocrx_word' id='word_1_270' title='bbox 515 2398 664 2463; x_wconf 85' lang='lat' dir='ltr'><strong>nict;</strong></span> <span class='ocrx_word' id='word_1_271' title='bbox 691 2412 867 2467; x_wconf 83' lang='lat' dir='ltr'><strong>eaque</strong></span> <span class='ocrx_word' id='word_1_272' title='bbox 899 2397 952 2449; x_wconf 90' lang='lat' dir='ltr'><strong>id</strong></span> <span class='ocrx_word' id='word_1_273' title='bbox 984 2396 1399 2466; x_wconf 81' lang='lat' dir='ltr'><strong>exsuperantia,</strong></span> <span class='ocrx_word' id='word_1_274' title='bbox 1428 2404 1488 2449; x_wconf 89' lang='lat' dir='ltr'><strong>ut</strong></span> <span class='ocrx_word' id='word_1_275' title='bbox 1525 2404 1582 2450; x_wconf 88' lang='lat' dir='ltr'><strong>et</strong></span> <span class='ocrx_word' id='word_1_276' title='bbox 1613 2395 1955 2464; x_wconf 78' lang='lat' dir='ltr'><strong>argumentis</strong></span> <span class='ocrx_word' id='word_1_277' title='bbox 1980 2411 2106 2465; x_wconf 85' lang='lat' dir='ltr'><strong>pro-</strong></span> 
     </span>
    </p>
   </div>
   <div class='ocr_carea' id='block_1_41' title="bbox 516 2484 2108 2557">
    <p class='ocr_par' dir='ltr' id='par_1_41' title="bbox 516 2484 2108 2557">
     <span class='ocr_line' id='line_1_41' title="bbox 516 2484 2108 2557; baseline -0.002 -16"><span class='ocrx_word' id='word_1_278' title='bbox 516 2487 674 2551; x_wconf 87' lang='lat' dir='ltr'><strong>bare,</strong></span> <span class='ocrx_word' id='word_1_279' title='bbox 712 2487 930 2557; x_wconf 85' lang='lat' dir='ltr'><strong>turpius</strong></span> <span class='ocrx_word' id='word_1_280' title='bbox 954 2487 1087 2556; x_wconf 89' lang='lat' dir='ltr'><strong>quid</strong></span> <span class='ocrx_word' id='word_1_281' title='bbox 1131 2486 1405 2540; x_wconf 86' lang='lat' dir='ltr'><strong>videatur.</strong></span> <span class='ocrx_word' id='word_1_282' title='bbox 1448 2484 1770 2545; x_wconf 83' lang='lat' dir='ltr'><strong>Enimvero,</strong></span> <span class='ocrx_word' id='word_1_283' title='bbox 1815 2493 1987 2538; x_wconf 83' lang='lat' dir='ltr'><strong>totum</strong></span> <span class='ocrx_word' id='word_1_284' title='bbox 2035 2485 2108 2538; x_wconf 86' lang='lat' dir='ltr'><strong>sit</strong></span> 
     </span>
    </p>
   </div>
   <div class='ocr_carea' id='block_1_42' title="bbox 518 2574 2107 2647">
    <p class='ocr_par' dir='ltr' id='par_1_42' title="bbox 518 2574 2107 2647">
     <span class='ocr_line' id='line_1_42' title="bbox 518 2574 2107 2647; baseline -0.002 -15"><span class='ocrx_word' id='word_1_285' title='bbox 518 2578 899 2632; x_wconf 86' lang='lat' dir='ltr'><strong>necessarium</strong></span> <span class='ocrx_word' id='word_1_286' title='bbox 958 2586 1181 2647; x_wconf 84' lang='lat' dir='ltr'><strong>tempus</strong></span> <span class='ocrx_word' id='word_1_287' title='bbox 1209 2615 1225 2640; x_wconf 91' lang='lat'><strong>,</strong></span> <span class='ocrx_word' id='word_1_288' title='bbox 1285 2584 1545 2630; x_wconf 80' lang='lat' dir='ltr'><strong>accurate</strong></span> <span class='ocrx_word' id='word_1_289' title='bbox 1587 2574 1807 2629; x_wconf 89' lang='lat' dir='ltr'><strong>dicturo</strong></span> <span class='ocrx_word' id='word_1_290' title='bbox 1827 2584 1851 2636; x_wconf 82' lang='lat'><strong>,‘</strong></span> <span class='ocrx_word' id='word_1_291' title='bbox 1883 2574 2107 2644; x_wconf 85' lang='lat' dir='ltr'><strong>quantis</strong></span> 
     </span>
    </p>
   </div>
   <div class='ocr_carea' id='block_1_43' title="bbox 517 2667 2108 2736">
    <p class='ocr_par' dir='ltr' id='par_1_43' title="bbox 517 2667 2108 2736">
     <span class='ocr_line' id='line_1_43' title="bbox 517 2667 2108 2736; baseline -0.003 -12"><span class='ocrx_word' id='word_1_292' title='bbox 517 2667 678 2724; x_wconf 86' lang='lat' dir='ltr'><strong>malis</strong></span> <span class='ocrx_word' id='word_1_293' title='bbox 730 2669 800 2723; x_wconf 89' lang='lat' dir='ltr'><strong>ab</strong></span> <span class='ocrx_word' id='word_1_294' title='bbox 827 2684 1021 2723; x_wconf 88' lang='lat' dir='ltr'><strong>eorum</strong></span> <span class='ocrx_word' id='word_1_295' title='bbox 1059 2669 1248 2736; x_wconf 88' lang='lat' dir='ltr'><strong>iniqua</strong></span> <span class='ocrx_word' id='word_1_296' title='bbox 1281 2667 1500 2721; x_wconf 88' lang='lat' dir='ltr'><strong>actione</strong></span> <span class='ocrx_word' id='word_1_297' title='bbox 1534 2682 1633 2736; x_wconf 88' lang='lat' dir='ltr'><strong>per</strong></span> <span class='ocrx_word' id='word_1_298' title='bbox 1669 2677 1886 2736; x_wconf 83' lang='lat' dir='ltr'><strong>tempus</strong></span> <span class='ocrx_word' id='word_1_299' title='bbox 1921 2675 2108 2721; x_wconf 87' lang='lat' dir='ltr'><strong>actum</strong></span> 
     </span>
    </p>
   </div>
   <div class='ocr_carea' id='block_1_44' title="bbox 519 2758 2106 2830">
    <p class='ocr_par' dir='ltr' id='par_1_44' title="bbox 519 2758 2106 2830">
     <span class='ocr_line' id='line_1_44' title="bbox 519 2758 2106 2830; baseline -0.004 -13"><span class='ocrx_word' id='word_1_300' title='bbox 519 2762 605 2817; x_wconf 82' lang='lat' dir='ltr'><strong>usi</strong></span> <span class='ocrx_word' id='word_1_301' title='bbox 633 2761 830 2825; x_wconf 88' lang='lat' dir='ltr'><strong>simus,</strong></span> <span class='ocrx_word' id='word_1_302' title='bbox 869 2775 933 2814; x_wconf 84' lang='lat' dir='ltr'><strong>ac</strong></span> <span class='ocrx_word' id='word_1_303' title='bbox 957 2760 1174 2830; x_wconf 83' lang='lat' dir='ltr'><strong>quantis</strong></span> <span class='ocrx_word' id='word_1_304' title='bbox 1204 2774 1353 2814; x_wconf 90' lang='lat' dir='ltr'><strong>nunc</strong></span> <span class='ocrx_word' id='word_1_305' title='bbox 1390 2758 1655 2828; x_wconf 83' lang='lat' dir='ltr'><strong>temporis</strong></span> <span class='ocrx_word' id='word_1_306' title='bbox 1694 2767 2004 2813; x_wconf 89' lang='lat' dir='ltr'><strong>teneamur.</strong></span> <span class='ocrx_word' id='word_1_307' title='bbox 2041 2758 2106 2813; x_wconf 87' lang='lat' dir='ltr'><strong>ili</strong></span> 
     </span>
    </p>
   </div>
   <div class='ocr_carea' id='block_1_45' title="bbox 522 2850 2111 2912">
    <p class='ocr_par' dir='ltr' id='par_1_45' title="bbox 522 2850 2111 2912">
     <span class='ocr_line' id='line_1_45' title="bbox 522 2850 2111 2912; baseline -0.005 0"><span class='ocrx_word' id='word_1_308' title='bbox 522 2854 676 2912; x_wconf 89' lang='lat' dir='ltr'><strong>enim</strong></span> <span class='ocrx_word' id='word_1_309' title='bbox 715 2854 833 2908; x_wconf 85' lang='lat' dir='ltr'><strong>lere</strong></span> <span class='ocrx_word' id='word_1_310' title='bbox 861 2853 965 2908; x_wconf 92' lang='lat' dir='ltr'><strong>soli</strong></span> <span class='ocrx_word' id='word_1_311' title='bbox 997 2851 1268 2906; x_wconf 88' lang='lat' dir='ltr'><strong>malorum</strong></span> <span class='ocrx_word' id='word_1_312' title='bbox 1307 2862 1623 2906; x_wconf 88' lang='lat' dir='ltr'><strong>nostrorum</strong></span> <span class='ocrx_word' id='word_1_313' title='bbox 1676 2860 1936 2907; x_wconf 88' lang='lat' dir='ltr'><strong>auctores</strong></span> <span class='ocrx_word' id='word_1_314' title='bbox 1968 2850 2111 2904; x_wconf 80' lang='lat' dir='ltr'><strong>exsi-</strong></span> 
     </span>
    </p>
   </div>
   <div class='ocr_carea' id='block_1_46' title="bbox 517 2944 2108 3016">
    <p class='ocr_par' dir='ltr' id='par_1_46' title="bbox 517 2944 2108 3016">
     <span class='ocr_line' id='line_1_46' title="bbox 517 2944 2108 3016; baseline -0.004 -12"><span class='ocrx_word' id='word_1_315' title='bbox 517 2956 697 3012; x_wconf 78' lang='lat' dir='ltr'><strong>Stunt,</strong></span> <span class='ocrx_word' id='word_1_316' title='bbox 732 2962 797 3002; x_wconf 89' lang='lat' dir='ltr'><strong>ac</strong></span> <span class='ocrx_word' id='word_1_317' title='bbox 840 2946 1045 3016; x_wconf 84' lang='lat' dir='ltr'><strong>quibus</strong></span> <span class='ocrx_word' id='word_1_318' title='bbox 1094 2945 1294 3000; x_wconf 89' lang='lat' dir='ltr'><strong>merito</strong></span> <span class='ocrx_word' id='word_1_319' title='bbox 1344 2945 1629 3001; x_wconf 77' lang='lat' dir='ltr'><strong>calamitas</strong></span> <span class='ocrx_word' id='word_1_320' title='bbox 1670 2954 1858 3000; x_wconf 90' lang='lat' dir='ltr'><strong>nostra</strong></span> <span class='ocrx_word' id='word_1_321' title='bbox 1908 2944 2108 2999; x_wconf 81' lang='lat' dir='ltr'><strong>ascribi</strong></span> 
     </span>
    </p>
   </div>
   <div class='ocr_carea' id='block_1_47' title="bbox 518 3038 2109 3113">
    <p class='ocr_par' dir='ltr' id='par_1_47' title="bbox 518 3038 2109 3113">
     <span class='ocr_line' id='line_1_47' title="bbox 518 3038 2109 3113; baseline -0.004 -16"><span class='ocrx_word' id='word_1_322' title='bbox 518 3041 714 3113; x_wconf 86' lang='lat' dir='ltr'><strong>possit.</strong></span> <span class='ocrx_word' id='word_1_323' title='bbox 748 3040 937 3095; x_wconf 85' lang='lat' dir='ltr'><strong>Dicam</strong></span> <span class='ocrx_word' id='word_1_324' title='bbox 969 3053 1102 3093; x_wconf 79' lang='lat' dir='ltr'><strong>vero</strong></span> <span class='ocrx_word' id='word_1_325' title='bbox 1130 3053 1243 3093; x_wconf 90' lang='lat' dir='ltr'><strong>non</strong></span> <span class='ocrx_word' id='word_1_326' title='bbox 1271 3048 1483 3105; x_wconf 86' lang='lat' dir='ltr'><strong>vetera,</strong></span> <span class='ocrx_word' id='word_1_327' title='bbox 1509 3053 1612 3093; x_wconf 87' lang='lat' dir='ltr'><strong>nec</strong></span> <span class='ocrx_word' id='word_1_328' title='bbox 1640 3038 1799 3109; x_wconf 87' lang='lat' dir='ltr'><strong>siqua</strong></span> <span class='ocrx_word' id='word_1_329' title='bbox 1826 3039 1909 3093; x_wconf 87' lang='lat' dir='ltr'><strong>vel</strong></span> <span class='ocrx_word' id='word_1_330' title='bbox 1936 3039 2109 3108; x_wconf 89' lang='lat' dir='ltr'><strong>scrip-</strong></span> 
     </span>
    </p>
   </div>
   <div class='ocr_carea' id='block_1_48' title="bbox 2212 1940 3798 2013">
    <p class='ocr_par' dir='ltr' id='par_1_48' title="bbox 2212 1940 3798 2013">
     <span class='ocr_line' id='line_1_48' title="bbox 2212 1940 3798 2013; baseline -0.003 -16"><span class='ocrx_word' id='word_1_331' title='bbox 2212 1942 2460 2013; x_wconf 74' lang='grc' dir='ltr'>περὶτοῦ</span> <span class='ocrx_word' id='word_1_332' title='bbox 2489 1941 2802 2013; x_wconf 81' lang='grc' dir='ltr'>κρείττονος</span> <span class='ocrx_word' id='word_1_333' title='bbox 2828 1941 3084 2011; x_wconf 58' lang='grc' dir='ltr'><strong>λογισμοὶ⁵</strong></span> <span class='ocrx_word' id='word_1_334' title='bbox 3135 1942 3168 2012; x_wconf 79' lang='grc' dir='ltr'>ἢ</span> <span class='ocrx_word' id='word_1_335' title='bbox 3203 1941 3544 2011; x_wconf 78' lang='grc' dir='ltr'>ἀτοπώτεροι</span> <span class='ocrx_word' id='word_1_336' title='bbox 3594 1940 3628 2010; x_wconf 77' lang='grc' dir='ltr'>ἢ</span> <span class='ocrx_word' id='word_1_337' title='bbox 3676 1941 3798 2003; x_wconf 74' lang='grc' dir='ltr'>τιῖς</span> 
     </span>
    </p>
   </div>
   <div class='ocr_carea' id='block_1_49' title="bbox 2209 2032 3795 2106">
    <p class='ocr_par' dir='ltr' id='par_1_49' title="bbox 2209 2032 3795 2106">
     <span class='ocr_line' id='line_1_49' title="bbox 2209 2032 3795 2106; baseline -0.003 -17"><span class='ocrx_word' id='word_1_338' title='bbox 2209 2034 2440 2104; x_wconf 81' lang='grc' dir='ltr'>ἀληθέσι</span> <span class='ocrx_word' id='word_1_339' title='bbox 2467 2034 2668 2106; x_wconf 84' lang='grc' dir='ltr'>μᾶλλον</span> <span class='ocrx_word' id='word_1_340' title='bbox 2694 2036 2787 2088; x_wconf 73' lang='grc' dir='ltr'>καὶ</span> <span class='ocrx_word' id='word_1_341' title='bbox 2813 2035 2948 2105; x_wconf 74' lang='grc' dir='ltr'>ἡμῖν</span> <span class='ocrx_word' id='word_1_342' title='bbox 2978 2034 3245 2097; x_wconf 71' lang='grc' dir='ltr'>ἐναντίοις</span> <span class='ocrx_word' id='word_1_343' title='bbox 3283 2033 3407 2086; x_wconf 78' lang='grc' dir='ltr'>Εἴτε</span> <span class='ocrx_word' id='word_1_344' title='bbox 3429 2050 3513 2096; x_wconf 87' lang='grc' dir='ltr'><strong>τις</strong></span> <span class='ocrx_word' id='word_1_345' title='bbox 3535 2032 3632 2102; x_wconf 77' lang='grc' dir='ltr'>τὴν</span> <span class='ocrx_word' id='word_1_346' title='bbox 3655 2032 3795 2085; x_wconf 82' lang='grc' dir='ltr'>καθ-</span> 
     </span>
    </p>
   </div>
   <div class='ocr_carea' id='block_1_50' title="bbox 2208 2124 3786 2199">
    <p class='ocr_par' dir='ltr' id='par_1_50' title="bbox 2208 2124 3786 2199">
     <span class='ocr_line' id='line_1_50' title="bbox 2208 2124 3786 2199; baseline -0.001 -17"><span class='ocrx_word' id='word_1_347' title='bbox 2208 2128 2427 2199; x_wconf 81' lang='grc' dir='ltr'>ημέραν</span> <span class='ocrx_word' id='word_1_348' title='bbox 2491 2126 2671 2180; x_wconf 82' lang='grc' dir='ltr'>αὐτῶν</span> <span class='ocrx_word' id='word_1_349' title='bbox 2728 2127 2960 2188; x_wconf 88' lang='grc' dir='ltr'>δίαιταν,</span> <span class='ocrx_word' id='word_1_350' title='bbox 3016 2127 3112 2178; x_wconf 76' lang='grc' dir='ltr'>καὶ</span> <span class='ocrx_word' id='word_1_351' title='bbox 3172 2125 3340 2181; x_wconf 70' lang='grc' dir='ltr'>τᾶλλα</span> <span class='ocrx_word' id='word_1_352' title='bbox 3390 2124 3786 2192; x_wconf 80' lang='grc' dir='ltr'>άναλογίσαιτο.</span> 
     </span>
    </p>
   </div>
   <div class='ocr_carea' id='block_1_51' title="bbox 2209 2215 3780 2291">
    <p class='ocr_par' dir='ltr' id='par_1_51' title="bbox 2209 2215 3780 2291">
     <span class='ocr_line' id='line_1_51' title="bbox 2209 2215 3780 2291; baseline -0.004 -18"><span class='ocrx_word' id='word_1_353' title='bbox 2209 2221 2389 2275; x_wconf 88' lang='grc' dir='ltr'>πάντα</span> <span class='ocrx_word' id='word_1_354' title='bbox 2426 2218 2714 2291; x_wconf 76' lang='grc' dir='ltr'><strong>βδελυρίας</strong></span> <span class='ocrx_word' id='word_1_355' title='bbox 2747 2218 2971 2290; x_wconf 77' lang='grc' dir='ltr'>εὑρήσει</span> <span class='ocrx_word' id='word_1_356' title='bbox 3004 2219 3198 2286; x_wconf 88' lang='grc' dir='ltr'>μεστά·</span> <span class='ocrx_word' id='word_1_357' title='bbox 3230 2219 3328 2272; x_wconf 77' lang='grc' dir='ltr'>καὶ</span> <span class='ocrx_word' id='word_1_358' title='bbox 3360 2215 3635 2278; x_wconf 76' lang='grc' dir='ltr'>τοσοῦτον,</span> <span class='ocrx_word' id='word_1_359' title='bbox 3660 2215 3780 2268; x_wconf 80' lang='grc' dir='ltr'>ὥστ’</span> 
     </span>
    </p>
   </div>
   <div class='ocr_carea' id='block_1_52' title="bbox 2208 2308 3780 2384">
    <p class='ocr_par' dir='ltr' id='par_1_52' title="bbox 2208 2308 3780 2384">
     <span class='ocr_line' id='line_1_52' title="bbox 2208 2308 3780 2384; baseline -0.001 -17"><span class='ocrx_word' id='word_1_360' title='bbox 2208 2313 2422 2383; x_wconf 82' lang='grc' dir='ltr'>αἴσχιον</span> <span class='ocrx_word' id='word_1_361' title='bbox 2451 2308 2593 2364; x_wconf 83' lang='grc' dir='ltr'>εἶναι</span> <span class='ocrx_word' id='word_1_362' title='bbox 2624 2311 2719 2365; x_wconf 79' lang='grc' dir='ltr'>καὶ</span> <span class='ocrx_word' id='word_1_363' title='bbox 2747 2309 2847 2384; x_wconf 73' lang='grc' dir='ltr'>τὴν</span> <span class='ocrx_word' id='word_1_364' title='bbox 2882 2312 2992 2363; x_wconf 76' lang='grc' dir='ltr'>ἀπὸ</span> <span class='ocrx_word' id='word_1_365' title='bbox 3044 2311 3152 2363; x_wconf 87' lang='grc' dir='ltr'><strong>τῶν</strong></span> <span class='ocrx_word' id='word_1_366' title='bbox 3202 2310 3439 2380; x_wconf 72' lang='grc' dir='ltr'>ἐλέγχων</span> <span class='ocrx_word' id='word_1_367' title='bbox 3494 2309 3780 2374; x_wconf 65' lang='grc' dir='ltr'>ἀπόδειξιν.</span> 
     </span>
    </p>
   </div>
   <div class='ocr_carea' id='block_1_53' title="bbox 2222 2400 3788 2477">
    <p class='ocr_par' dir='ltr' id='par_1_53' title="bbox 2222 2400 3788 2477">
     <span class='ocr_line' id='line_1_53' title="bbox 2222 2400 3788 2477; baseline -0.004 -17"><span class='ocrx_word' id='word_1_368' title='bbox 2222 2406 2385 2460; x_wconf 81' lang='grc' dir='ltr'>’Δλλὰ</span> <span class='ocrx_word' id='word_1_369' title='bbox 2421 2406 2529 2477; x_wconf 78' lang='grc' dir='ltr'>μὴν</span> <span class='ocrx_word' id='word_1_370' title='bbox 2555 2404 2651 2458; x_wconf 79' lang='grc' dir='ltr'><strong>τοῦ</strong></span> <span class='ocrx_word' id='word_1_371' title='bbox 2682 2404 2888 2468; x_wconf 67' lang='grc' dir='ltr'>παντός</span> <span class='ocrx_word' id='word_1_372' title='bbox 2913 2404 3111 2475; x_wconf 78' lang='grc' dir='ltr'>χρόνου</span> <span class='ocrx_word' id='word_1_373' title='bbox 3135 2404 3218 2458; x_wconf 87' lang='grc' dir='ltr'><strong>δεῖ</strong></span> <span class='ocrx_word' id='word_1_374' title='bbox 3241 2404 3320 2474; x_wconf 79' lang='grc' dir='ltr'>τῷ</span> <span class='ocrx_word' id='word_1_375' title='bbox 3375 2403 3621 2472; x_wconf 75' lang='grc' dir='ltr'>μέλλοντι</span> <span class='ocrx_word' id='word_1_376' title='bbox 3672 2400 3788 2470; x_wconf 79' lang='grc' dir='ltr'>μετ’</span> 
     </span>
    </p>
   </div>
   <div class='ocr_carea' id='block_1_54' title="bbox 2210 2493 3791 2570">
    <p class='ocr_par' dir='ltr' id='par_1_54' title="bbox 2210 2493 3791 2570">
     <span class='ocr_line' id='line_1_54' title="bbox 2210 2493 3791 2570; baseline -0.004 -19"><span class='ocrx_word' id='word_1_377' title='bbox 2210 2497 2504 2570; x_wconf 73' lang='grc' dir='ltr'>ἀκριϐείας</span> <span class='ocrx_word' id='word_1_378' title='bbox 2526 2498 2695 2567; x_wconf 72' lang='grc' dir='ltr'>ἐρεῖν,</span> <span class='ocrx_word' id='word_1_379' title='bbox 2718 2498 2866 2559; x_wconf 80' lang='grc' dir='ltr'>ὅσοις</span> <span class='ocrx_word' id='word_1_380' title='bbox 2890 2498 2991 2567; x_wconf 84' lang='grc' dir='ltr'>μὲν</span> <span class='ocrx_word' id='word_1_381' title='bbox 3046 2498 3237 2555; x_wconf 78' lang='grc' dir='ltr'>κακοῖς</span> <span class='ocrx_word' id='word_1_382' title='bbox 3289 2495 3379 2549; x_wconf 81' lang='grc' dir='ltr'><strong>διὰ</strong></span> <span class='ocrx_word' id='word_1_383' title='bbox 3408 2496 3530 2567; x_wconf 78' lang='grc' dir='ltr'>’τὴν</span> <span class='ocrx_word' id='word_1_384' title='bbox 3583 2493 3791 2547; x_wconf 74' lang='grc' dir='ltr'>τούτων</span> 
     </span>
    </p>
   </div>
   <div class='ocr_carea' id='block_1_55' title="bbox 2212 2574 3795 2659">
    <p class='ocr_par' dir='ltr' id='par_1_55' title="bbox 2212 2574 3795 2659">
     <span class='ocr_line' id='line_1_55' title="bbox 2212 2574 3795 2659; baseline -0.004 -18"><span class='ocrx_word' id='word_1_385' title='bbox 2212 2588 2529 2653; x_wconf 76' lang='grc' dir='ltr'>πλεονεξίαν</span> <span class='ocrx_word' id='word_1_386' title='bbox 2559 2590 2922 2659; x_wconf 76' lang='grc' dir='ltr'>ἐχρησάμεθα</span> <span class='ocrx_word' id='word_1_387' title='bbox 2948 2588 3039 2643; x_wconf 72' lang='grc' dir='ltr'>τὸν</span> <span class='ocrx_word' id='word_1_388' title='bbox 3064 2574 3379 2658; x_wconf 77' lang='grc' dir='ltr'>ἔμπροσθεν</span> <span class='ocrx_word' id='word_1_389' title='bbox 3409 2587 3618 2658; x_wconf 88' lang='grc' dir='ltr'>χρόνον,</span> <span class='ocrx_word' id='word_1_390' title='bbox 3648 2585 3795 2638; x_wconf 82' lang='grc' dir='ltr'>ὅσων</span> 
     </span>
    </p>
   </div>
   <div class='ocr_carea' id='block_1_56' title="bbox 2209 2680 3795 2756">
    <p class='ocr_par' dir='ltr' id='par_1_56' title="bbox 2209 2680 3795 2756">
     <span class='ocr_line' id='line_1_56' title="bbox 2209 2680 3795 2756; baseline -0.003 -18"><span class='ocrx_word' id='word_1_391' title='bbox 2209 2686 2266 2738; x_wconf 76' lang='grc' dir='ltr'>δὲ</span> <span class='ocrx_word' id='word_1_392' title='bbox 2294 2685 2393 2739; x_wconf 81' lang='grc' dir='ltr'>νῦν</span> <span class='ocrx_word' id='word_1_393' title='bbox 2433 2684 2769 2756; x_wconf 79' lang='grc' dir='ltr'>ἀνεχόμεθα.</span> <span class='ocrx_word' id='word_1_394' title='bbox 2803 2680 2965 2739; x_wconf 78' lang='grc' dir='ltr'>Οὗτοι</span> <span class='ocrx_word' id='word_1_395' title='bbox 2996 2685 3108 2756; x_wconf 82' lang='grc' dir='ltr'><strong>γὰρ</strong></span> <span class='ocrx_word' id='word_1_396' title='bbox 3133 2685 3286 2755; x_wconf 81' lang='grc' dir='ltr'>μόνοι</span> <span class='ocrx_word' id='word_1_397' title='bbox 3317 2683 3504 2752; x_wconf 72' lang='grc' dir='ltr'>σχεδὸν</span> <span class='ocrx_word' id='word_1_398' title='bbox 3524 2681 3631 2734; x_wconf 86' lang='grc' dir='ltr'><strong>τῶν</strong></span> <span class='ocrx_word' id='word_1_399' title='bbox 3654 2682 3795 2750; x_wconf 70' lang='grc' dir='ltr'>ἡμει</span> 
     </span>
    </p>
   </div>
   <div class='ocr_carea' id='block_1_57' title="bbox 2210 2768 3770 2846">
    <p class='ocr_par' dir='ltr' id='par_1_57' title="bbox 2210 2768 3770 2846">
     <span class='ocr_line' id='line_1_57' title="bbox 2210 2768 3770 2846; baseline -0.004 -18"><span class='ocrx_word' id='word_1_400' title='bbox 2210 2779 2265 2828; x_wconf 83' lang='grc' dir='ltr'><em>τέ</em></span> <span class='ocrx_word' id='word_1_401' title='bbox 2277 2794 2387 2846; x_wconf 86' lang='grc' dir='ltr'><strong>ρων</strong></span> <span class='ocrx_word' id='word_1_402' title='bbox 2415 2776 2602 2830; x_wconf 81' lang='grc' dir='ltr'>κακῶν</span> <span class='ocrx_word' id='word_1_403' title='bbox 2627 2777 2769 2830; x_wconf 88' lang='grc' dir='ltr'>είσιν</span> <span class='ocrx_word' id='word_1_404' title='bbox 2796 2777 3131 2843; x_wconf 77' lang='grc' dir='ltr'>αἰτιώτατοι,</span> <span class='ocrx_word' id='word_1_405' title='bbox 3161 2777 3253 2829; x_wconf 81' lang='grc' dir='ltr'>καὶ</span> <span class='ocrx_word' id='word_1_406' title='bbox 3276 2768 3358 2838; x_wconf 79' lang='grc' dir='ltr'><strong>οῖς</strong></span> <span class='ocrx_word' id='word_1_407' title='bbox 3387 2774 3458 2828; x_wconf 71' lang='grc' dir='ltr'>τὰ</span> <span class='ocrx_word' id='word_1_408' title='bbox 3511 2771 3612 2836; x_wconf 81' lang='grc' dir='ltr'>τῆς</span> <span class='ocrx_word' id='word_1_409' title='bbox 3658 2772 3770 2841; x_wconf 81' lang='grc' dir='ltr'>ήμε</span> 
     </span>
    </p>
   </div>
   <div class='ocr_carea' id='block_1_58' title="bbox 2212 2865 3796 2942">
    <p class='ocr_par' dir='ltr' id='par_1_58' title="bbox 2212 2865 3796 2942">
     <span class='ocr_line' id='line_1_58' title="bbox 2212 2865 3796 2942; baseline -0.004 -17"><span class='ocrx_word' id='word_1_410' title='bbox 2212 2875 2375 2940; x_wconf 79' lang='grc' dir='ltr'>τέρας</span> <span class='ocrx_word' id='word_1_411' title='bbox 2405 2872 2694 2942; x_wconf 82' lang='grc' dir='ltr'>συμφορᾶς</span> <span class='ocrx_word' id='word_1_412' title='bbox 2721 2870 2949 2933; x_wconf 85' lang='grc' dir='ltr'>δικαίως</span> <span class='ocrx_word' id='word_1_413' title='bbox 2977 2871 3043 2925; x_wconf 82' lang='grc' dir='ltr'>ἄν</span> <span class='ocrx_word' id='word_1_414' title='bbox 3069 2886 3155 2933; x_wconf 88' lang='grc' dir='ltr'><strong>τις</strong></span> <span class='ocrx_word' id='word_1_415' title='bbox 3175 2868 3473 2937; x_wconf 88' lang='grc' dir='ltr'>λογίσαιτο.</span> <span class='ocrx_word' id='word_1_416' title='bbox 3539 2866 3680 2935; x_wconf 83' lang='grc' dir='ltr'><strong>Ἐρῶ</strong></span> <span class='ocrx_word' id='word_1_417' title='bbox 3733 2865 3796 2918; x_wconf 72' lang='grc' dir='ltr'>δὲ</span> 
     </span>
    </p>
   </div>
   <div class='ocr_carea' id='block_1_59' title="bbox 2213 2958 3796 3033">
    <p class='ocr_par' dir='ltr' id='par_1_59' title="bbox 2213 2958 3796 3033">
     <span class='ocr_line' id='line_1_59' title="bbox 2213 2958 3796 3033; baseline -0.003 -16"><span class='ocrx_word' id='word_1_418' title='bbox 2213 2964 2276 3017; x_wconf 82' lang='grc' dir='ltr'><strong>οὑ</strong></span> <span class='ocrx_word' id='word_1_419' title='bbox 2311 2964 2539 3028; x_wconf 84' lang='grc' dir='ltr'>παλαιὰ,</span> <span class='ocrx_word' id='word_1_420' title='bbox 2573 2963 2686 3017; x_wconf 77' lang='grc' dir='ltr'>οὐδ’</span> <span class='ocrx_word' id='word_1_421' title='bbox 2717 2963 2818 3016; x_wconf 81' lang='grc' dir='ltr'>ὅσα</span> <span class='ocrx_word' id='word_1_422' title='bbox 2847 2962 2957 3015; x_wconf 88' lang='grc' dir='ltr'><strong>τῶν</strong></span> <span class='ocrx_word' id='word_1_423' title='bbox 2991 2962 3354 3033; x_wconf 79' lang='grc' dir='ltr'>ἱστορούντων</span> <span class='ocrx_word' id='word_1_424' title='bbox 3408 2962 3441 3033; x_wconf 80' lang='grc' dir='ltr'>ἢ</span> <span class='ocrx_word' id='word_1_425' title='bbox 3491 2958 3796 3032; x_wconf 75' lang='grc' dir='ltr'>πρεσϐυτέ-</span> 
     </span>
    </p>
   </div>
   <div class='ocr_carea' id='block_1_60' title="bbox 2218 3055 3788 3131">
    <p class='ocr_par' dir='ltr' id='par_1_60' title="bbox 2218 3055 3788 3131">
     <span class='ocr_line' id='line_1_60' title="bbox 2218 3055 3788 3131; baseline -0.003 -18"><span class='ocrx_word' id='word_1_426' title='bbox 2218 3078 2327 3131; x_wconf 87' lang='grc' dir='ltr'><strong>ρων</strong></span> <span class='ocrx_word' id='word_1_427' title='bbox 2366 3060 2685 3130; x_wconf 70' lang='grc' dir='ltr'>ἁκοόομενη</span> <span class='ocrx_word' id='word_1_428' title='bbox 2739 3058 2857 3112; x_wconf 83' lang='grc' dir='ltr'>ἀλλ’</span> <span class='ocrx_word' id='word_1_429' title='bbox 2881 3059 3119 3129; x_wconf 47' lang='grc' dir='ltr'>ὃσα-πρὸ</span> <span class='ocrx_word' id='word_1_430' title='bbox 3140 3057 3550 3129; x_wconf 85' lang='grc' dir='ltr'>τεσσαράκοντα</span> <span class='ocrx_word' id='word_1_431' title='bbox 3579 3055 3788 3111; x_wconf 81' lang='grc' dir='ltr'>τούτων</span> 
     </span>
    </p>
   </div>
   <div class='ocr_carea' id='block_1_61' title="bbox 519 3131 2110 3221">
    <p class='ocr_par' dir='ltr' id='par_1_61' title="bbox 519 3131 2110 3197">
     <span class='ocr_line' id='line_1_61' title="bbox 519 3131 2110 3197; baseline -0.002 -8"><span class='ocrx_word' id='word_1_432' title='bbox 519 3145 701 3189; x_wconf 89' lang='lat' dir='ltr'><strong>torum</strong></span> <span class='ocrx_word' id='word_1_433' title='bbox 755 3132 1152 3197; x_wconf 87' lang='lat' dir='ltr'><strong>monumentis,</strong></span> <span class='ocrx_word' id='word_1_434' title='bbox 1196 3131 1285 3186; x_wconf 90' lang='lat' dir='ltr'><strong>vel</strong></span> <span class='ocrx_word' id='word_1_435' title='bbox 1324 3132 1610 3186; x_wconf 88' lang='lat' dir='ltr'><strong>seniorum</strong></span> <span class='ocrx_word' id='word_1_436' title='bbox 1645 3131 1967 3185; x_wconf 84' lang='lat' dir='ltr'><strong>narratione</strong></span> <span class='ocrx_word' id='word_1_437' title='bbox 2022 3147 2110 3186; x_wconf 90' lang='lat' dir='ltr'><strong>ac-</strong></span> 
     </span>
    </p>
   </div>
   <div class='ocr_carea' id='block_1_62' title="bbox 2213 3131 2906 3221">
    <p class='ocr_par' dir='ltr' id='par_1_62' title="bbox 2218 3150 2906 3221">
     <span class='ocr_line' id='line_1_62' title="bbox 2218 3150 2906 3221; baseline -0.006 -16"><span class='ocrx_word' id='word_1_438' title='bbox 2218 3151 2354 3205; x_wconf 82' lang='grc' dir='ltr'>ὲτῶν</span> <span class='ocrx_word' id='word_1_439' title='bbox 2379 3153 2528 3221; x_wconf 80' lang='grc' dir='ltr'>ἡμᾶς</span> <span class='ocrx_word' id='word_1_440' title='bbox 2552 3150 2906 3221; x_wconf 66' lang='grc' dir='ltr'>ἠδικήκασιν.</span> 
     </span>
    </p>
   </div>
   <div class='ocr_carea' id='block_1_63' title="bbox 515 3224 2111 3297">
    <p class='ocr_par' dir='ltr' id='par_1_63' title="bbox 515 3224 2111 3297">
     <span class='ocr_line' id='line_1_63' title="bbox 515 3224 2111 3297; baseline -0.003 -15"><span class='ocrx_word' id='word_1_441' title='bbox 515 3229 803 3297; x_wconf 86' lang='lat' dir='ltr'><strong>cepimus;</strong></span> <span class='ocrx_word' id='word_1_442' title='bbox 832 3227 928 3281; x_wconf 89' lang='lat' dir='ltr'><strong>sed</strong></span> <span class='ocrx_word' id='word_1_443' title='bbox 958 3242 1022 3281; x_wconf 87' lang='lat' dir='ltr'><strong>ea</strong></span> <span class='ocrx_word' id='word_1_444' title='bbox 1054 3227 1233 3281; x_wconf 90' lang='lat' dir='ltr'><strong>solum</strong></span> <span class='ocrx_word' id='word_1_445' title='bbox 1261 3266 1276 3294; x_wconf 89' lang='lat'><strong>,</strong></span> <span class='ocrx_word' id='word_1_446' title='bbox 1327 3224 1532 3296; x_wconf 85' lang='lat' dir='ltr'><strong>quibus</strong></span> <span class='ocrx_word' id='word_1_447' title='bbox 1560 3225 1598 3279; x_wconf 91' lang='lat' dir='ltr'><strong>ii</strong></span> <span class='ocrx_word' id='word_1_448' title='bbox 1643 3240 1746 3280; x_wconf 85' lang='lat' dir='ltr'><strong>nos</strong></span> <span class='ocrx_word' id='word_1_449' title='bbox 1782 3233 1914 3279; x_wconf 89' lang='lat' dir='ltr'><strong>ante</strong></span> <span class='ocrx_word' id='word_1_450' title='bbox 1946 3224 2111 3280; x_wconf 89' lang='lat' dir='ltr'><strong>hosce</strong></span> 
     </span>
    </p>
   </div>
   <div class='ocr_carea' id='block_1_64' title="bbox 518 3318 1408 3393">
    <p class='ocr_par' dir='ltr' id='par_1_64' title="bbox 518 3318 1408 3393">
     <span class='ocr_line' id='line_1_64' title="bbox 518 3318 1408 3393; baseline -0.002 -17"><span class='ocrx_word' id='word_1_451' title='bbox 518 3322 892 3393; x_wconf 77' lang='lat' dir='ltr'><strong>quadraginta</strong></span> <span class='ocrx_word' id='word_1_452' title='bbox 921 3322 1099 3375; x_wconf 75' lang='lat' dir='ltr'><strong>annos</strong></span> <span class='ocrx_word' id='word_1_453' title='bbox 1125 3318 1408 3374; x_wconf 62' lang='lat' dir='ltr'><strong>laeserunt.</strong></span> 
     </span>
    </p>
   </div>
   <div class='ocr_carea' id='block_1_65' title="bbox 592 3409 2109 3482">
    <p class='ocr_par' dir='ltr' id='par_1_65' title="bbox 592 3409 2109 3482">
     <span class='ocr_line' id='line_1_65' title="bbox 592 3409 2109 3482; baseline -0.001 -18"><span class='ocrx_word' id='word_1_454' title='bbox 592 3415 788 3480; x_wconf 89' lang='lat' dir='ltr'><strong>Itaque</strong></span> <span class='ocrx_word' id='word_1_455' title='bbox 821 3412 1056 3481; x_wconf 89' lang='lat' dir='ltr'><strong>imperio</strong></span> <span class='ocrx_word' id='word_1_456' title='bbox 1090 3409 1528 3465; x_wconf 86' lang='lat' dir='ltr'><strong>dominabamini</strong></span> <span class='ocrx_word' id='word_1_457' title='bbox 1553 3410 1655 3465; x_wconf 89' lang='lat' dir='ltr'><strong>toti</strong></span> <span class='ocrx_word' id='word_1_458' title='bbox 1677 3410 1949 3482; x_wconf 62' lang='lat' dir='ltr'><strong>Bithyniae</strong></span> <span class='ocrx_word' id='word_1_459' title='bbox 1972 3427 1988 3475; x_wconf 91' lang='lat'><strong>;</strong></span> <span class='ocrx_word' id='word_1_460' title='bbox 2012 3409 2109 3463; x_wconf 89' lang='lat' dir='ltr'><strong>toti</strong></span> 
     </span>
    </p>
   </div>
   <div class='ocr_carea' id='block_1_66' title="bbox 517 3501 2115 3574">
    <p class='ocr_par' dir='ltr' id='par_1_66' title="bbox 517 3501 2115 3574">
     <span class='ocr_line' id='line_1_66' title="bbox 517 3501 2115 3574; baseline -0.002 -17"><span class='ocrx_word' id='word_1_461' title='bbox 517 3519 743 3574; x_wconf 85' lang='lat' dir='ltr'><strong>quoque</strong></span> <span class='ocrx_word' id='word_1_462' title='bbox 771 3504 961 3567; x_wconf 85' lang='lat' dir='ltr'><strong>Ioniae,</strong></span> <span class='ocrx_word' id='word_1_463' title='bbox 1002 3502 1199 3566; x_wconf 63' lang='lat' dir='ltr'><strong>Cariae,</strong></span> <span class='ocrx_word' id='word_1_464' title='bbox 1240 3503 1596 3574; x_wconf 68' lang='lat' dir='ltr'><strong>Pamphyliae,</strong></span> <span class='ocrx_word' id='word_1_465' title='bbox 1643 3503 1915 3557; x_wconf 62' lang='lat' dir='ltr'><strong>universa:</strong></span> <span class='ocrx_word' id='word_1_466' title='bbox 1944 3501 2115 3572; x_wconf 84' lang='lat' dir='ltr'><strong>Phry-</strong></span> 
     </span>
    </p>
   </div>
   <div class='ocr_carea' id='block_1_67' title="bbox 518 3591 2114 3666">
    <p class='ocr_par' dir='ltr' id='par_1_67' title="bbox 518 3591 2114 3666">
     <span class='ocr_line' id='line_1_67' title="bbox 518 3591 2114 3666; baseline -0.002 -17"><span class='ocrx_word' id='word_1_467' title='bbox 518 3596 643 3666; x_wconf 72' lang='lat' dir='ltr'><strong>gize,</strong></span> <span class='ocrx_word' id='word_1_468' title='bbox 676 3610 741 3649; x_wconf 89' lang='lat' dir='ltr'><strong>ac</strong></span> <span class='ocrx_word' id='word_1_469' title='bbox 788 3595 885 3650; x_wconf 90' lang='lat' dir='ltr'><strong>toti</strong></span> <span class='ocrx_word' id='word_1_470' title='bbox 932 3611 1098 3665; x_wconf 84' lang='lat' dir='ltr'><strong>quam</strong></span> <span class='ocrx_word' id='word_1_471' title='bbox 1144 3596 1255 3650; x_wconf 91' lang='lat' dir='ltr'><strong>late</strong></span> <span class='ocrx_word' id='word_1_472' title='bbox 1287 3596 1478 3651; x_wconf 89' lang='lat' dir='ltr'><strong>colunt</strong></span> <span class='ocrx_word' id='word_1_473' title='bbox 1521 3594 1926 3665; x_wconf 75' lang='lat' dir='ltr'><strong>Paphlagones.</strong></span> <span class='ocrx_word' id='word_1_474' title='bbox 1977 3591 2114 3647; x_wconf 87' lang='lat' dir='ltr'><strong>Tra-</strong></span> 
     </span>
    </p>
   </div>
   <div class='ocr_carea' id='block_1_68' title="bbox 521 3685 2112 3759">
    <p class='ocr_par' dir='ltr' id='par_1_68' title="bbox 521 3685 2112 3759">
     <span class='ocr_line' id='line_1_68' title="bbox 521 3685 2112 3759; baseline -0.001 -18"><span class='ocrx_word' id='word_1_475' title='bbox 521 3687 904 3759; x_wconf 84' lang='lat' dir='ltr'><strong>pezuntiorum</strong></span> <span class='ocrx_word' id='word_1_476' title='bbox 935 3687 1278 3758; x_wconf 77' lang='lat' dir='ltr'><strong>principibus</strong></span> <span class='ocrx_word' id='word_1_477' title='bbox 1299 3730 1314 3752; x_wconf 93' lang='lat'><strong>,</strong></span> <span class='ocrx_word' id='word_1_478' title='bbox 1342 3703 1535 3743; x_wconf 88' lang='lat' dir='ltr'><strong>eorum</strong></span> <span class='ocrx_word' id='word_1_479' title='bbox 1570 3686 1626 3741; x_wconf 89' lang='lat' dir='ltr'><strong>in</strong></span> <span class='ocrx_word' id='word_1_480' title='bbox 1653 3701 1751 3741; x_wconf 88' lang='lat' dir='ltr'><strong>vos</strong></span> <span class='ocrx_word' id='word_1_481' title='bbox 1780 3685 2112 3740; x_wconf 83' lang='lat' dir='ltr'><strong>benevolen-</strong></span> 
     </span>
    </p>
   </div>
   <div class='ocr_carea' id='block_1_69' title="bbox 524 3776 2112 3851">
    <p class='ocr_par' dir='ltr' id='par_1_69' title="bbox 524 3776 2112 3851">
     <span class='ocr_line' id='line_1_69' title="bbox 524 3776 2112 3851; baseline -0.004 -14"><span class='ocrx_word' id='word_1_482' title='bbox 524 3782 614 3837; x_wconf 77' lang='lat' dir='ltr'><strong>tia:</strong></span> <span class='ocrx_word' id='word_1_483' title='bbox 654 3781 904 3851; x_wconf 67' lang='lat' dir='ltr'><strong>prtemio,</strong></span> <span class='ocrx_word' id='word_1_484' title='bbox 940 3781 1343 3836; x_wconf 75' lang='lat' dir='ltr'><strong>conccsseratis‘</strong></span> <span class='ocrx_word' id='word_1_485' title='bbox 1380 3779 1675 3850; x_wconf 90' lang='lat' dir='ltr'><strong>imperium</strong></span> <span class='ocrx_word' id='word_1_486' title='bbox 1706 3794 1721 3833; x_wconf 90' lang='lat'><strong>:</strong></span> <span class='ocrx_word' id='word_1_487' title='bbox 1747 3776 1934 3831; x_wconf 64' lang='lat' dir='ltr'><strong>multa</strong></span> <span class='ocrx_word' id='word_1_488' title='bbox 1955 3777 2112 3832; x_wconf 84' lang='lat' dir='ltr'><strong>vobis</strong></span> 
     </span>
    </p>
   </div>
   <div class='ocr_carea' id='block_1_70' title="bbox 523 3868 2110 3942">
    <p class='ocr_par' dir='ltr' id='par_1_70' title="bbox 523 3868 2110 3942">
     <span class='ocr_line' id='line_1_70' title="bbox 523 3868 2110 3942; baseline -0.004 -14"><span class='ocrx_word' id='word_1_489' title='bbox 523 3888 589 3928; x_wconf 88' lang='lat' dir='ltr'><strong>ac</strong></span> <span class='ocrx_word' id='word_1_490' title='bbox 622 3872 869 3942; x_wconf 62' lang='lat' dir='ltr'><strong>pulchra:</strong></span> <span class='ocrx_word' id='word_1_491' title='bbox 888 3871 1144 3926; x_wconf 85' lang='lat' dir='ltr'><strong>civitates</strong></span> <span class='ocrx_word' id='word_1_492' title='bbox 1173 3886 1238 3926; x_wconf 88' lang='lat' dir='ltr'><strong>ac</strong></span> <span class='ocrx_word' id='word_1_493' title='bbox 1270 3870 1484 3925; x_wconf 89' lang='lat' dir='ltr'><strong>reditus</strong></span> <span class='ocrx_word' id='word_1_494' title='bbox 1509 3869 1656 3925; x_wconf 88' lang='lat' dir='ltr'><strong>circa</strong></span> <span class='ocrx_word' id='word_1_495' title='bbox 1682 3868 1916 3923; x_wconf 88' lang='lat' dir='ltr'><strong>Pontum</strong></span> <span class='ocrx_word' id='word_1_496' title='bbox 1932 3879 2110 3934; x_wconf 83' lang='lat' dir='ltr'><strong>erant,</strong></span> 
     </span>
    </p>
   </div>
   <div class='ocr_carea' id='block_1_71' title="bbox 525 3961 2111 4034">
    <p class='ocr_par' dir='ltr' id='par_1_71' title="bbox 525 3961 2111 4034">
     <span class='ocr_line' id='line_1_71' title="bbox 525 3961 2111 4034; baseline -0.001 -16"><span class='ocrx_word' id='word_1_497' title='bbox 525 3980 591 4019; x_wconf 78' lang='lat' dir='ltr'><strong>ac</strong></span> <span class='ocrx_word' id='word_1_498' title='bbox 622 3980 797 4034; x_wconf 86' lang='lat' dir='ltr'><strong>usque</strong></span> <span class='ocrx_word' id='word_1_499' title='bbox 830 3963 1145 4029; x_wconf 87' lang='lat' dir='ltr'><strong>Phasidem,</strong></span> <span class='ocrx_word' id='word_1_500' title='bbox 1178 3963 1271 4018; x_wconf 87' lang='lat' dir='ltr'><strong>alii</strong></span> <span class='ocrx_word' id='word_1_501' title='bbox 1295 3961 1520 4033; x_wconf 74' lang='lat' dir='ltr'><strong>quidem</strong></span> <span class='ocrx_word' id='word_1_502' title='bbox 1548 3961 1800 4017; x_wconf 88' lang='lat' dir='ltr'><strong>absolute</strong></span> <span class='ocrx_word' id='word_1_503' title='bbox 1821 3963 2111 4034; x_wconf 86' lang='lat' dir='ltr'><strong>parebant,</strong></span> 
     </span>
    </p>
   </div>
   <div class='ocr_carea' id='block_1_72' title="bbox 520 4053 2112 4118">
    <p class='ocr_par' dir='ltr' id='par_1_72' title="bbox 520 4053 2112 4118">
     <span class='ocr_line' id='line_1_72' title="bbox 520 4053 2112 4118; baseline 0 -7"><span class='ocrx_word' id='word_1_504' title='bbox 520 4056 614 4111; x_wconf 87' lang='lat' dir='ltr'><strong>alii</strong></span> <span class='ocrx_word' id='word_1_505' title='bbox 670 4056 814 4110; x_wconf 84' lang='lat' dir='ltr'><strong>haud</strong></span> <span class='ocrx_word' id='word_1_506' title='bbox 853 4056 960 4110; x_wconf 89' lang='lat' dir='ltr'><strong>sibi</strong></span> <span class='ocrx_word' id='word_1_507' title='bbox 999 4054 1352 4110; x_wconf 87' lang='lat' dir='ltr'><strong>conducibile</strong></span> <span class='ocrx_word' id='word_1_508' title='bbox 1410 4053 1853 4118; x_wconf 88' lang='lat' dir='ltr'><strong>arbitrabantur,</strong></span> <span class='ocrx_word' id='word_1_509' title='bbox 1916 4062 1980 4110; x_wconf 92' lang='lat' dir='ltr'><strong>ut</strong></span> <span class='ocrx_word' id='word_1_510' title='bbox 2040 4070 2112 4111; x_wconf 89' lang='lat' dir='ltr'><strong>ne</strong></span> 
     </span>
    </p>
   </div>
   <div class='ocr_carea' id='block_1_73' title="bbox 521 4144 2111 4205">
    <p class='ocr_par' dir='ltr' id='par_1_73' title="bbox 521 4144 2111 4205">
     <span class='ocr_line' id='line_1_73' title="bbox 521 4144 2111 4205; baseline -0.002 0"><span class='ocrx_word' id='word_1_511' title='bbox 521 4148 682 4205; x_wconf 85' lang='lat' dir='ltr'><strong>vobis</strong></span> <span class='ocrx_word' id='word_1_512' title='bbox 721 4148 880 4203; x_wconf 88' lang='lat' dir='ltr'><strong>amici</strong></span> <span class='ocrx_word' id='word_1_513' title='bbox 910 4162 976 4202; x_wconf 91' lang='lat' dir='ltr'><strong>ac</strong></span> <span class='ocrx_word' id='word_1_514' title='bbox 1004 4146 1144 4202; x_wconf 89' lang='lat' dir='ltr'><strong>socii</strong></span> <span class='ocrx_word' id='word_1_515' title='bbox 1175 4153 1383 4201; x_wconf 85' lang='lat' dir='ltr'><strong>essent.</strong></span> <span class='ocrx_word' id='word_1_516' title='bbox 1412 4144 1565 4201; x_wconf 89' lang='lat' dir='ltr'><strong>Sileo</strong></span> <span class='ocrx_word' id='word_1_517' title='bbox 1599 4154 1782 4202; x_wconf 88' lang='lat' dir='ltr'><strong>autem</strong></span> <span class='ocrx_word' id='word_1_518' title='bbox 1817 4147 2111 4204; x_wconf 86' lang='lat' dir='ltr'><strong>Thraciam</strong></span> 
     </span>
    </p>
   </div>
   <div class='ocr_carea' id='block_1_74' title="bbox 521 4237 2112 4309">
    <p class='ocr_par' dir='ltr' id='par_1_74' title="bbox 521 4237 2112 4309">
     <span class='ocr_line' id='line_1_74' title="bbox 521 4237 2112 4309; baseline 0 -13"><span class='ocrx_word' id='word_1_519' title='bbox 521 4256 588 4296; x_wconf 89' lang='lat' dir='ltr'><strong>ac</strong></span> <span class='ocrx_word' id='word_1_520' title='bbox 611 4239 937 4309; x_wconf 78' lang='lat' dir='ltr'><strong>Rhodopen,</strong></span> <span class='ocrx_word' id='word_1_521' title='bbox 971 4253 1037 4293; x_wconf 86' lang='lat' dir='ltr'><strong>ac</strong></span> <span class='ocrx_word' id='word_1_522' title='bbox 1072 4238 1119 4293; x_wconf 90' lang='lat' dir='ltr'><strong>si</strong></span> <span class='ocrx_word' id='word_1_523' title='bbox 1155 4252 1278 4308; x_wconf 73' lang='lat' dir='ltr'><strong>qua:</strong></span> <span class='ocrx_word' id='word_1_524' title='bbox 1306 4246 1518 4308; x_wconf 80' lang='lat' dir='ltr'><strong>gentes,</strong></span> <span class='ocrx_word' id='word_1_525' title='bbox 1547 4237 1865 4309; x_wconf 89' lang='lat' dir='ltr'><strong>incipiendo</strong></span> <span class='ocrx_word' id='word_1_526' title='bbox 1881 4255 1924 4305; x_wconf 41' lang='lat' dir='ltr'><strong>,a</strong></span> <span class='ocrx_word' id='word_1_527' title='bbox 1955 4257 2112 4296; x_wconf 82' lang='lat' dir='ltr'><strong>mon-</strong></span> 
     </span>
    </p>
   </div>
   <div class='ocr_carea' id='block_1_75' title="bbox 525 4331 2110 4406">
    <p class='ocr_par' dir='ltr' id='par_1_75' title="bbox 525 4331 2110 4406">
     <span class='ocr_line' id='line_1_75' title="bbox 525 4331 2110 4406; baseline 0.001 -17"><span class='ocrx_word' id='word_1_528' title='bbox 525 4336 676 4390; x_wconf 80' lang='lat' dir='ltr'><strong>tibus</strong></span> <span class='ocrx_word' id='word_1_529' title='bbox 729 4333 794 4389; x_wconf 88' lang='lat' dir='ltr'><strong>ad</strong></span> <span class='ocrx_word' id='word_1_530' title='bbox 830 4349 982 4389; x_wconf 87' lang='lat' dir='ltr'><strong>mare</strong></span> <span class='ocrx_word' id='word_1_531' title='bbox 1024 4347 1240 4402; x_wconf 88' lang='lat' dir='ltr'><strong>usque,</strong></span> <span class='ocrx_word' id='word_1_532' title='bbox 1295 4331 1455 4386; x_wconf 86' lang='lat' dir='ltr'><strong>istam</strong></span> <span class='ocrx_word' id='word_1_533' title='bbox 1504 4333 1754 4388; x_wconf 89' lang='lat' dir='ltr'><strong>incolunt</strong></span> <span class='ocrx_word' id='word_1_534' title='bbox 1802 4335 2110 4406; x_wconf 72' lang='lat' dir='ltr'><strong>regionem.</strong></span> 
     </span>
    </p>
   </div>
   <div class='ocr_carea' id='block_1_76' title="bbox 525 4423 2112 4495">
    <p class='ocr_par' dir='ltr' id='par_1_76' title="bbox 525 4423 2112 4495">
     <span class='ocr_line' id='line_1_76' title="bbox 525 4423 2112 4495; baseline 0.002 -14"><span class='ocrx_word' id='word_1_535' title='bbox 525 4427 811 4482; x_wconf 85' lang='lat' dir='ltr'><strong>Thessalia</strong></span> <span class='ocrx_word' id='word_1_536' title='bbox 858 4435 1043 4481; x_wconf 85' lang='lat' dir='ltr'><strong>autem</strong></span> <span class='ocrx_word' id='word_1_537' title='bbox 1091 4440 1159 4479; x_wconf 91' lang='lat' dir='ltr'><strong>ac</strong></span> <span class='ocrx_word' id='word_1_538' title='bbox 1187 4423 1506 4480; x_wconf 80' lang='lat' dir='ltr'><strong>Macedonia</strong></span> <span class='ocrx_word' id='word_1_539' title='bbox 1533 4464 1549 4494; x_wconf 89' lang='lat'><strong>,</strong></span> <span class='ocrx_word' id='word_1_540' title='bbox 1599 4442 1726 4495; x_wconf 67' lang='lat' dir='ltr'><strong>quae</strong></span> <span class='ocrx_word' id='word_1_541' title='bbox 1757 4435 1836 4481; x_wconf 92' lang='lat' dir='ltr'><strong>tot</strong></span> <span class='ocrx_word' id='word_1_542' title='bbox 1869 4427 2112 4484; x_wconf 87' lang='lat' dir='ltr'><strong>habeant</strong></span> 
     </span>
    </p>
   </div>
   <div class='ocr_carea' id='block_1_77' title="bbox 2301 3417 3798 3490">
    <p class='ocr_par' dir='ltr' id='par_1_77' title="bbox 2301 3417 3798 3490">
     <span class='ocr_line' id='line_1_77' title="bbox 2301 3417 3798 3490; baseline 0.003 -20"><span class='ocrx_word' id='word_1_543' title='bbox 2301 3417 2494 3486; x_wconf 82' lang='grc' dir='ltr'>Ὑμεῖς</span> <span class='ocrx_word' id='word_1_544' title='bbox 2516 3417 2696 3471; x_wconf 84' lang='grc' dir='ltr'>τοίνυν</span> <span class='ocrx_word' id='word_1_545' title='bbox 2723 3419 2923 3489; x_wconf 72' lang='grc' dir='ltr'>ἠρχετε</span> <span class='ocrx_word' id='word_1_546' title='bbox 2959 3418 3057 3488; x_wconf 81' lang='grc' dir='ltr'>μὲν</span> <span class='ocrx_word' id='word_1_547' title='bbox 3089 3419 3269 3488; x_wconf 78' lang='grc' dir='ltr'>πάσης</span> <span class='ocrx_word' id='word_1_548' title='bbox 3299 3417 3573 3483; x_wconf 81' lang='grc' dir='ltr'>Βιθυνίας,</span> <span class='ocrx_word' id='word_1_549' title='bbox 3610 3419 3798 3490; x_wconf 70' lang='grc' dir='ltr'>πάσης</span> 
     </span>
    </p>
   </div>
   <div class='ocr_carea' id='block_1_78' title="bbox 2214 3508 3802 3579">
    <p class='ocr_par' dir='ltr' id='par_1_78' title="bbox 2214 3508 3802 3579">
     <span class='ocr_line' id='line_1_78' title="bbox 2214 3508 3802 3579; baseline -0.001 -16"><span class='ocrx_word' id='word_1_550' title='bbox 2214 3509 2271 3563; x_wconf 78' lang='grc' dir='ltr'>δὲ</span> <span class='ocrx_word' id='word_1_551' title='bbox 2304 3509 2535 3572; x_wconf 79' lang='grc' dir='ltr'>Ἰωνίας,</span> <span class='ocrx_word' id='word_1_552' title='bbox 2585 3509 2680 3562; x_wconf 77' lang='grc' dir='ltr'>καὶ</span> <span class='ocrx_word' id='word_1_553' title='bbox 2705 3509 2947 3578; x_wconf 84' lang='grc' dir='ltr'>Καρίας,</span> <span class='ocrx_word' id='word_1_554' title='bbox 2980 3508 3074 3563; x_wconf 80' lang='grc' dir='ltr'>καὶ</span> <span class='ocrx_word' id='word_1_555' title='bbox 3104 3508 3452 3578; x_wconf 78' lang='grc' dir='ltr'>Παμφυλίαςο</span> <span class='ocrx_word' id='word_1_556' title='bbox 3497 3508 3674 3579; x_wconf 81' lang='grc' dir='ltr'>πάσης</span> <span class='ocrx_word' id='word_1_557' title='bbox 3737 3510 3802 3561; x_wconf 77' lang='grc' dir='ltr'>δὲ</span> 
     </span>
    </p>
   </div>
   <div class='ocr_carea' id='block_1_79' title="bbox 2213 3601 3803 3674">
    <p class='ocr_par' dir='ltr' id='par_1_79' title="bbox 2213 3601 3803 3674">
     <span class='ocr_line' id='line_1_79' title="bbox 2213 3601 3803 3674; baseline -0.001 -18"><span class='ocrx_word' id='word_1_558' title='bbox 2213 3602 2482 3674; x_wconf 80' lang='grc' dir='ltr'>Φρυγίας,</span> <span class='ocrx_word' id='word_1_559' title='bbox 2512 3601 2607 3656; x_wconf 80' lang='grc' dir='ltr'>καὶ</span> <span class='ocrx_word' id='word_1_560' title='bbox 2630 3602 2763 3671; x_wconf 82' lang='grc' dir='ltr'>ὅσην</span> <span class='ocrx_word' id='word_1_561' title='bbox 2785 3603 3041 3672; x_wconf 83' lang='grc' dir='ltr'>νέμονται</span> <span class='ocrx_word' id='word_1_562' title='bbox 3076 3602 3446 3670; x_wconf 83' lang='grc' dir='ltr'>Παφλαγόνες.</span> <span class='ocrx_word' id='word_1_563' title='bbox 3502 3603 3710 3657; x_wconf 80' lang='grc' dir='ltr'>Μισθδν</span> <span class='ocrx_word' id='word_1_564' title='bbox 3738 3604 3803 3655; x_wconf 69' lang='grc' dir='ltr'>δὲ</span> 
     </span>
    </p>
   </div>
   <div class='ocr_carea' id='block_1_80' title="bbox 2214 3693 3806 3769">
    <p class='ocr_par' dir='ltr' id='par_1_80' title="bbox 2214 3693 3806 3769">
     <span class='ocr_line' id='line_1_80' title="bbox 2214 3693 3806 3769; baseline -0.001 -21"><span class='ocrx_word' id='word_1_565' title='bbox 2214 3696 2312 3762; x_wconf 82' lang='grc' dir='ltr'>τῆς</span> <span class='ocrx_word' id='word_1_566' title='bbox 2335 3696 2413 3758; x_wconf 88' lang='grc' dir='ltr'><strong>είς</strong></span> <span class='ocrx_word' id='word_1_567' title='bbox 2444 3694 2592 3763; x_wconf 83' lang='grc' dir='ltr'>ὑμᾶς</span> <span class='ocrx_word' id='word_1_568' title='bbox 2624 3693 2839 3757; x_wconf 79' lang='grc' dir='ltr'>εὐνοίας</span> <span class='ocrx_word' id='word_1_569' title='bbox 2869 3694 2964 3746; x_wconf 74' lang='grc' dir='ltr'>καὶ</span> <span class='ocrx_word' id='word_1_570' title='bbox 3019 3696 3133 3758; x_wconf 88' lang='grc' dir='ltr'>τοῖς</span> <span class='ocrx_word' id='word_1_571' title='bbox 3166 3693 3644 3769; x_wconf 25' lang='grc' dir='ltr'>’Τραπεζουντίων</span> <span class='ocrx_word' id='word_1_572' title='bbox 3700 3696 3806 3763; x_wconf 81' lang='grc' dir='ltr'><strong>ἆρ-</strong></span> 
     </span>
    </p>
   </div>
   <div class='ocr_carea' id='block_1_81' title="bbox 2215 3785 3807 3857">
    <p class='ocr_par' dir='ltr' id='par_1_81' title="bbox 2215 3785 3807 3857">
     <span class='ocr_line' id='line_1_81' title="bbox 2215 3785 3807 3857; baseline 0 -18"><span class='ocrx_word' id='word_1_573' title='bbox 2215 3803 2370 3857; x_wconf 87' lang='grc' dir='ltr'>χουσι</span> <span class='ocrx_word' id='word_1_574' title='bbox 2404 3786 2694 3857; x_wconf 85' lang='grc' dir='ltr'>παρείχετε</span> <span class='ocrx_word' id='word_1_575' title='bbox 2736 3787 2835 3854; x_wconf 83' lang='grc' dir='ltr'>τὴν</span> <span class='ocrx_word' id='word_1_576' title='bbox 2866 3785 3065 3855; x_wconf 72' lang='grc' dir='ltr'>ἀρχήν*</span> <span class='ocrx_word' id='word_1_577' title='bbox 3128 3786 3321 3839; x_wconf 75' lang='grc' dir='ltr'>πολλαὶ</span> <span class='ocrx_word' id='word_1_578' title='bbox 3365 3785 3419 3839; x_wconf 83' lang='grc' dir='ltr'>δὲ</span> <span class='ocrx_word' id='word_1_579' title='bbox 3490 3786 3586 3839; x_wconf 76' lang='grc' dir='ltr'><strong>καὶ</strong></span> <span class='ocrx_word' id='word_1_580' title='bbox 3634 3786 3807 3840; x_wconf 77' lang='grc' dir='ltr'>καλαὶ</span> 
     </span>
    </p>
   </div>
   <div class='ocr_carea' id='block_1_82' title="bbox 2218 3872 3808 3949">
    <p class='ocr_par' dir='ltr' id='par_1_82' title="bbox 2218 3872 3808 3949">
     <span class='ocr_line' id='line_1_82' title="bbox 2218 3872 3808 3949; baseline 0.001 -19"><span class='ocrx_word' id='word_1_581' title='bbox 2218 3878 2345 3949; x_wconf 72' lang='grc' dir='ltr'>περὶ</span> <span class='ocrx_word' id='word_1_582' title='bbox 2366 3876 2458 3929; x_wconf 73' lang='grc' dir='ltr'><strong>τὸν</strong></span> <span class='ocrx_word' id='word_1_583' title='bbox 2479 3877 2679 3930; x_wconf 83' lang='grc' dir='ltr'>Πόντον</span> <span class='ocrx_word' id='word_1_584' title='bbox 2709 3876 2836 3946; x_wconf 89' lang='grc' dir='ltr'>ὑμῖν</span> <span class='ocrx_word' id='word_1_585' title='bbox 2851 3872 2991 3948; x_wconf 80' lang='grc' dir='ltr'>ἦσαν</span> <span class='ocrx_word' id='word_1_586' title='bbox 3012 3876 3193 3940; x_wconf 88' lang='grc' dir='ltr'>πόλεις</span> <span class='ocrx_word' id='word_1_587' title='bbox 3220 3894 3275 3930; x_wconf 89' lang='grc' dir='ltr'><strong>τε</strong></span> <span class='ocrx_word' id='word_1_588' title='bbox 3299 3881 3392 3931; x_wconf 69' lang='grc' dir='ltr'>καὶ</span> <span class='ocrx_word' id='word_1_589' title='bbox 3417 3879 3682 3948; x_wconf 72' lang='grc' dir='ltr'>πρόσοδοι.</span> <span class='ocrx_word' id='word_1_590' title='bbox 3704 3880 3808 3932; x_wconf 74' lang='grc' dir='ltr'>καὶ</span> 
     </span>
    </p>
   </div>
   <div class='ocr_carea' id='block_1_83' title="bbox 2216 3967 3804 4042">
    <p class='ocr_par' dir='ltr' id='par_1_83' title="bbox 2216 3967 3804 4042">
     <span class='ocr_line' id='line_1_83' title="bbox 2216 3967 3804 4042; baseline -0.001 -17"><span class='ocrx_word' id='word_1_591' title='bbox 2216 3973 2381 4042; x_wconf 84' lang='grc' dir='ltr'>μέχρι</span> <span class='ocrx_word' id='word_1_592' title='bbox 2407 3970 2632 4033; x_wconf 82' lang='grc' dir='ltr'>Φάσιδος</span> <span class='ocrx_word' id='word_1_593' title='bbox 2661 3971 2711 4022; x_wconf 78' lang='grc' dir='ltr'>οι</span> <span class='ocrx_word' id='word_1_594' title='bbox 2743 3971 2843 4040; x_wconf 84' lang='grc' dir='ltr'>μὲν</span> <span class='ocrx_word' id='word_1_595' title='bbox 2897 3971 3173 4041; x_wconf 80' lang='grc' dir='ltr'>ὑπήκουον</span> <span class='ocrx_word' id='word_1_596' title='bbox 3206 3971 3481 4040; x_wconf 77' lang='grc' dir='ltr'>καθαρῶ,,</span> <span class='ocrx_word' id='word_1_597' title='bbox 3514 3967 3594 4033; x_wconf 75' lang='grc' dir='ltr'>οἷς</span> <span class='ocrx_word' id='word_1_598' title='bbox 3623 3970 3670 4023; x_wconf 85' lang='grc' dir='ltr'>δ’</span> <span class='ocrx_word' id='word_1_599' title='bbox 3697 3974 3804 4024; x_wconf 82' lang='grc' dir='ltr'>οὐκ</span> 
     </span>
    </p>
   </div>
   <div class='ocr_carea' id='block_1_84' title="bbox 2213 4064 3807 4135">
    <p class='ocr_par' dir='ltr' id='par_1_84' title="bbox 2213 4064 3807 4135">
     <span class='ocr_line' id='line_1_84' title="bbox 2213 4064 3807 4135; baseline -0.001 -18"><span class='ocrx_word' id='word_1_600' title='bbox 2213 4065 2388 4118; x_wconf 75' lang='grc' dir='ltr'>ἐδόκει</span> <span class='ocrx_word' id='word_1_601' title='bbox 2418 4064 2785 4134; x_wconf 82' lang='grc' dir='ltr'>λυσιτελήσειν</span> <span class='ocrx_word' id='word_1_602' title='bbox 2814 4066 2875 4117; x_wconf 79' lang='grc' dir='ltr'>τὸ</span> <span class='ocrx_word' id='word_1_603' title='bbox 2905 4065 2979 4133; x_wconf 83' lang='grc' dir='ltr'>μὴ</span> <span class='ocrx_word' id='word_1_604' title='bbox 3003 4064 3187 4134; x_wconf 76' lang='grc' dir='ltr'>φίλους</span> <span class='ocrx_word' id='word_1_605' title='bbox 3208 4064 3335 4134; x_wconf 84' lang='grc' dir='ltr'>ὑμῖν</span> <span class='ocrx_word' id='word_1_606' title='bbox 3365 4066 3455 4117; x_wconf 69' lang='grc' dir='ltr'>καὶ</span> <span class='ocrx_word' id='word_1_607' title='bbox 3481 4066 3704 4135; x_wconf 73' lang='grc' dir='ltr'>συμμάχ</span> <span class='ocrx_word' id='word_1_608' title='bbox 3736 4081 3807 4129; x_wconf 72' lang='grc' dir='ltr'><strong>υς</strong></span> 
     </span>
    </p>
   </div>
   <div class='ocr_carea' id='block_1_85' title="bbox 2216 4155 3807 4228">
    <p class='ocr_par' dir='ltr' id='par_1_85' title="bbox 2216 4155 3807 4228">
     <span class='ocr_line' id='line_1_85' title="bbox 2216 4155 3807 4228; baseline -0.001 -17"><span class='ocrx_word' id='word_1_609' title='bbox 2216 4158 2500 4228; x_wconf 82' lang='grc' dir='ltr'>ὑπάρχειν.</span> <span class='ocrx_word' id='word_1_610' title='bbox 2529 4155 2631 4209; x_wconf 75' lang='grc' dir='ltr'><strong>Καὶ</strong></span> <span class='ocrx_word' id='word_1_611' title='bbox 2663 4158 2853 4209; x_wconf 79' lang='grc' dir='ltr'>σιωπῶ</span> <span class='ocrx_word' id='word_1_612' title='bbox 2884 4156 3106 4227; x_wconf 68' lang='grc' dir='ltr'>Θρᾴκην</span> <span class='ocrx_word' id='word_1_613' title='bbox 3153 4173 3209 4207; x_wconf 83' lang='grc' dir='ltr'><strong>τε</strong></span> <span class='ocrx_word' id='word_1_614' title='bbox 3264 4158 3356 4208; x_wconf 76' lang='grc' dir='ltr'><strong>καὶ</strong></span> <span class='ocrx_word' id='word_1_615' title='bbox 3395 4156 3673 4225; x_wconf 76' lang='grc' dir='ltr'>Ῥοδόπην,</span> <span class='ocrx_word' id='word_1_616' title='bbox 3705 4158 3807 4210; x_wconf 82' lang='grc' dir='ltr'>καὶ</span> 
     </span>
    </p>
   </div>
   <div class='ocr_carea' id='block_1_86' title="bbox 2213 4247 3803 4321">
    <p class='ocr_par' dir='ltr' id='par_1_86' title="bbox 2213 4247 3803 4321">
     <span class='ocr_line' id='line_1_86' title="bbox 2213 4247 3803 4321; baseline -0.001 -18"><span class='ocrx_word' id='word_1_617' title='bbox 2213 4249 2314 4303; x_wconf 85' lang='grc' dir='ltr'>ὅσα</span> <span class='ocrx_word' id='word_1_618' title='bbox 2345 4249 2442 4321; x_wconf 78' lang='grc' dir='ltr'>τὴν</span> <span class='ocrx_word' id='word_1_619' title='bbox 2495 4250 2679 4321; x_wconf 79' lang='grc' dir='ltr'>χώραν</span> <span class='ocrx_word' id='word_1_620' title='bbox 2706 4247 2916 4315; x_wconf 85' lang='grc' dir='ltr'>ταύτην</span> <span class='ocrx_word' id='word_1_621' title='bbox 2944 4248 3072 4318; x_wconf 75' lang='grc' dir='ltr'>ἔθνη</span> <span class='ocrx_word' id='word_1_622' title='bbox 3126 4249 3233 4301; x_wconf 70' lang='grc' dir='ltr'>ἀπδ</span> <span class='ocrx_word' id='word_1_623' title='bbox 3293 4251 3402 4301; x_wconf 80' lang='grc' dir='ltr'><strong>τῶν</strong></span> <span class='ocrx_word' id='word_1_624' title='bbox 3439 4249 3578 4319; x_wconf 85' lang='grc' dir='ltr'>ὀρῶν</span> <span class='ocrx_word' id='word_1_625' title='bbox 3627 4249 3803 4318; x_wconf 80' lang='grc' dir='ltr'>ἀρχό-</span> 
     </span>
    </p>
   </div>
   <div class='ocr_carea' id='block_1_87' title="bbox 2217 4339 3801 4411">
    <p class='ocr_par' dir='ltr' id='par_1_87' title="bbox 2217 4339 3801 4411">
     <span class='ocr_line' id='line_1_87' title="bbox 2217 4339 3801 4411; baseline 0.001 -19"><span class='ocrx_word' id='word_1_626' title='bbox 2217 4358 2356 4411; x_wconf 84' lang='grc' dir='ltr'>μενα</span> <span class='ocrx_word' id='word_1_627' title='bbox 2419 4343 2580 4410; x_wconf 83' lang='grc' dir='ltr'>μέχρι</span> <span class='ocrx_word' id='word_1_628' title='bbox 2614 4343 2711 4410; x_wconf 82' lang='grc' dir='ltr'>τῆς</span> <span class='ocrx_word' id='word_1_629' title='bbox 2760 4339 3029 4407; x_wconf 83' lang='grc' dir='ltr'>θαλάττης</span> <span class='ocrx_word' id='word_1_630' title='bbox 3070 4341 3226 4394; x_wconf 78' lang='grc' dir='ltr'>οἰκεῖ.</span> <span class='ocrx_word' id='word_1_631' title='bbox 3280 4339 3542 4393; x_wconf 86' lang='grc' dir='ltr'>Θετταλία</span> <span class='ocrx_word' id='word_1_632' title='bbox 3595 4339 3651 4392; x_wconf 83' lang='grc' dir='ltr'>δὲ</span> <span class='ocrx_word' id='word_1_633' title='bbox 3700 4342 3801 4394; x_wconf 75' lang='grc' dir='ltr'>καὶ</span> 
     </span>
    </p>
   </div>
   <div class='ocr_carea' id='block_1_88' title="bbox 2218 4430 3801 4515">
    <p class='ocr_par' dir='ltr' id='par_1_88' title="bbox 2218 4430 3801 4515">
     <span class='ocr_line' id='line_1_88' title="bbox 2218 4430 3801 4515; baseline -0.002 -29"><span class='ocrx_word' id='word_1_634' title='bbox 2218 4432 2525 4486; x_wconf 82' lang='grc' dir='ltr'>Μακεδονία</span> <span class='ocrx_word' id='word_1_635' title='bbox 2567 4432 2627 4484; x_wconf 86' lang='grc' dir='ltr'><strong>οὑ</strong></span> <span class='ocrx_word' id='word_1_636' title='bbox 2680 4432 2790 4494; x_wconf 78' lang='grc' dir='ltr'>τοῖς</span> <span class='ocrx_word' id='word_1_637' title='bbox 2823 4431 3110 4501; x_wconf 72' lang='grc' dir='ltr'>ἡμετέροις</span> <span class='ocrx_word' id='word_1_638' title='bbox 3144 4430 3291 4485; x_wconf 74' lang='grc' dir='ltr'>ἔθεσι</span> <span class='ocrx_word' id='word_1_639' title='bbox 3339 4436 3432 4485; x_wconf 75' lang='grc' dir='ltr'>καὶ</span> <span class='ocrx_word' id='word_1_640' title='bbox 3476 4435 3801 4515; x_wconf 64' lang='grc' dir='ltr'>στρατηγοῖς</span> 
     </span>
    </p>
   </div>
   <div class='ocr_carea' id='block_1_89' title="bbox 527 4496 2110 4596">
    <p class='ocr_par' dir='ltr' id='par_1_89' title="bbox 527 4517 2110 4588">
     <span class='ocr_line' id='line_1_89' title="bbox 527 4517 2110 4588; baseline 0.001 -14"><span class='ocrx_word' id='word_1_641' title='bbox 527 4530 714 4587; x_wconf 88' lang='lat' dir='ltr'><strong>urbes,</strong></span> <span class='ocrx_word' id='word_1_642' title='bbox 744 4528 823 4575; x_wconf 89' lang='lat' dir='ltr'><strong>tot</strong></span> <span class='ocrx_word' id='word_1_643' title='bbox 839 4520 1136 4581; x_wconf 72' lang='lat' dir='ltr'><strong>exercitus.</strong></span> <span class='ocrx_word' id='word_1_644' title='bbox 1169 4526 1249 4573; x_wconf 90' lang='lat' dir='ltr'><strong>tot</strong></span> <span class='ocrx_word' id='word_1_645' title='bbox 1277 4517 1530 4588; x_wconf 87' lang='lat' dir='ltr'><strong>populos,</strong></span> <span class='ocrx_word' id='word_1_646' title='bbox 1564 4533 1748 4572; x_wconf 89' lang='lat' dir='ltr'><strong>nonne</strong></span> <span class='ocrx_word' id='word_1_647' title='bbox 1776 4520 1977 4574; x_wconf 86' lang='lat' dir='ltr'><strong>vestris</strong></span> <span class='ocrx_word' id='word_1_648' title='bbox 1994 4537 2110 4575; x_wconf 89' lang='lat' dir='ltr'><strong>mo-</strong></span> 
     </span>
    </p>
   </div>
   <div class='ocr_carea' id='block_1_90' title="bbox 2213 4496 3797 4596">
    <p class='ocr_par' dir='ltr' id='par_1_90' title="bbox 2224 4496 3797 4596">
     <span class='ocr_line' id='line_1_90' title="bbox 2224 4496 3797 4596; baseline -0.001 -18"><span class='ocrx_word' id='word_1_649' title='bbox 2224 4523 2541 4596; x_wconf 81' lang='grc' dir='ltr'>διῳκοῦντο,</span> <span class='ocrx_word' id='word_1_650' title='bbox 2582 4527 2854 4585; x_wconf 77' lang='grc' dir='ltr'>τοσαύτας</span> <span class='ocrx_word' id='word_1_651' title='bbox 2908 4524 3007 4593; x_wconf 77' lang='grc' dir='ltr'>μὲν</span> <span class='ocrx_word' id='word_1_652' title='bbox 3053 4522 3274 4592; x_wconf 79' lang='grc' dir='ltr'>ἔχουσαι</span> <span class='ocrx_word' id='word_1_653' title='bbox 3333 4496 3536 4587; x_wconf 46' lang='grc' dir='ltr'>πόλεις,</span> <span class='ocrx_word' id='word_1_654' title='bbox 3564 4524 3797 4577; x_wconf 75' lang='grc' dir='ltr'>τοσαῦτα</span> 
     </span>
    </p>
   </div>
   <div class='ocr_carea' id='block_1_91' title="bbox 527 4607 2113 4681">
    <p class='ocr_par' dir='ltr' id='par_1_91' title="bbox 527 4607 2113 4681">
     <span class='ocr_line' id='line_1_91' title="bbox 527 4607 2113 4681; baseline 0.001 -17"><span class='ocrx_word' id='word_1_655' title='bbox 527 4613 684 4666; x_wconf 84' lang='lat' dir='ltr'><strong>rinus</strong></span> <span class='ocrx_word' id='word_1_656' title='bbox 716 4626 781 4665; x_wconf 87' lang='lat' dir='ltr'><strong>ac</strong></span> <span class='ocrx_word' id='word_1_657' title='bbox 811 4608 1145 4680; x_wconf 68' lang='lat' dir='ltr'><strong>praetoribus</strong></span> <span class='ocrx_word' id='word_1_658' title='bbox 1177 4607 1557 4679; x_wconf 83' lang='lat' dir='ltr'><strong>regebantur?</strong></span> <span class='ocrx_word' id='word_1_659' title='bbox 1578 4607 1752 4663; x_wconf 89' lang='lat' dir='ltr'><strong>Porro</strong></span> <span class='ocrx_word' id='word_1_660' title='bbox 1774 4609 1863 4664; x_wconf 86' lang='lat' dir='ltr'><strong>his</strong></span> <span class='ocrx_word' id='word_1_661' title='bbox 1890 4625 2113 4681; x_wconf 88' lang='lat' dir='ltr'><strong>quoque</strong></span> 
     </span>
    </p>
   </div>
   <div class='ocr_carea' id='block_1_92' title="bbox 529 4700 2112 4773">
    <p class='ocr_par' dir='ltr' id='par_1_92' title="bbox 529 4700 2112 4773">
     <span class='ocr_line' id='line_1_92' title="bbox 529 4700 2112 4773; baseline 0 -16"><span class='ocrx_word' id='word_1_662' title='bbox 529 4703 735 4758; x_wconf 72' lang='lat' dir='ltr'><strong>finibus</strong></span> <span class='ocrx_word' id='word_1_663' title='bbox 787 4701 1031 4770; x_wconf 66' lang='lat' dir='ltr'><strong>Epirotae</strong></span> <span class='ocrx_word' id='word_1_664' title='bbox 1085 4700 1260 4755; x_wconf 86' lang='lat' dir='ltr'><strong>clausi</strong></span> <span class='ocrx_word' id='word_1_665' title='bbox 1304 4708 1512 4756; x_wconf 86' lang='lat' dir='ltr'><strong>erant:</strong></span> <span class='ocrx_word' id='word_1_666' title='bbox 1554 4715 1860 4771; x_wconf 85' lang='lat' dir='ltr'><strong>magnaque</strong></span> <span class='ocrx_word' id='word_1_667' title='bbox 1911 4713 2068 4773; x_wconf 87' lang='lat' dir='ltr'><strong>parte</strong></span> <span class='ocrx_word' id='word_1_668' title='bbox 2094 4741 2112 4768; x_wconf 96' lang='lat'><strong>,</strong></span> 
     </span>
    </p>
   </div>
   <div class='ocr_carea' id='block_1_93' title="bbox 529 4793 2112 4868">
    <p class='ocr_par' dir='ltr' id='par_1_93' title="bbox 529 4793 2112 4868">
     <span class='ocr_line' id='line_1_93' title="bbox 529 4793 2112 4868; baseline 0.002 -20"><span class='ocrx_word' id='word_1_669' title='bbox 529 4794 722 4849; x_wconf 81' lang='lat' dir='ltr'><strong>dextra</strong></span> <span class='ocrx_word' id='word_1_670' title='bbox 750 4793 907 4848; x_wconf 76' lang='lat' dir='ltr'><strong>sinus</strong></span> <span class='ocrx_word' id='word_1_671' title='bbox 945 4793 1091 4847; x_wconf 91' lang='lat' dir='ltr'><strong>solos</strong></span> <span class='ocrx_word' id='word_1_672' title='bbox 1113 4807 1214 4847; x_wconf 78' lang='lat' dir='ltr'><strong>vos</strong></span> <span class='ocrx_word' id='word_1_673' title='bbox 1241 4807 1308 4848; x_wconf 79' lang='lat' dir='ltr'><strong>ex</strong></span> <span class='ocrx_word' id='word_1_674' title='bbox 1340 4794 1613 4849; x_wconf 79' lang='lat' dir='ltr'><strong>universis</strong></span> <span class='ocrx_word' id='word_1_675' title='bbox 1652 4795 1903 4851; x_wconf 87' lang='lat' dir='ltr'><strong>dominos</strong></span> <span class='ocrx_word' id='word_1_676' title='bbox 1939 4813 2112 4868; x_wconf 81' lang='lat' dir='ltr'><strong>agno-</strong></span> 
     </span>
    </p>
   </div>
   <div class='ocr_carea' id='block_1_94' title="bbox 430 4885 2112 4958">
    <p class='ocr_par' dir='ltr' id='par_1_94' title="bbox 430 4885 2112 4958">
     <span class='ocr_line' id='line_1_94' title="bbox 430 4885 2112 4958; baseline 0.001 -15"><span class='ocrx_word' id='word_1_677' title='bbox 430 4896 433 4899; x_wconf 84' lang='lat'>&#39;</span> <span class='ocrx_word' id='word_1_678' title='bbox 529 4890 775 4943; x_wconf 72' lang='lat' dir='ltr'><strong>sec-bant.</strong></span> <span class='ocrx_word' id='word_1_679' title='bbox 807 4886 913 4941; x_wconf 86' lang='lat' dir='ltr'><strong>Sed</strong></span> <span class='ocrx_word' id='word_1_680' title='bbox 935 4896 992 4941; x_wconf 91' lang='lat' dir='ltr'><strong>et</strong></span> <span class='ocrx_word' id='word_1_681' title='bbox 1031 4885 1470 4956; x_wconf 86' lang='lat' dir='ltr'><strong>Peloponnesus,</strong></span> <span class='ocrx_word' id='word_1_682' title='bbox 1503 4902 1625 4957; x_wconf 77' lang='lat' dir='ltr'><strong>qua:</strong></span> <span class='ocrx_word' id='word_1_683' title='bbox 1653 4887 1767 4942; x_wconf 90' lang='lat' dir='ltr'><strong>sola</strong></span> <span class='ocrx_word' id='word_1_684' title='bbox 1785 4888 1853 4942; x_wconf 88' lang='lat' dir='ltr'><strong>ad</strong></span> <span class='ocrx_word' id='word_1_685' title='bbox 1885 4890 2112 4958; x_wconf 76' lang='lat' dir='ltr'><strong>gloriam</strong></span> 
     </span>
    </p>
   </div>
   <div class='ocr_carea' id='block_1_95' title="bbox 528 4975 2112 5052">
    <p class='ocr_par' dir='ltr' id='par_1_95' title="bbox 528 4975 2112 5052">
     <span class='ocr_line' id='line_1_95' title="bbox 528 4975 2112 5052; baseline 0.001 -18"><span class='ocrx_word' id='word_1_686' title='bbox 528 4981 757 5035; x_wconf 82' lang='lat' dir='ltr'><strong>dumino</strong></span> <span class='ocrx_word' id='word_1_687' title='bbox 801 4979 1067 5045; x_wconf 78' lang='lat' dir='ltr'><strong>suillciat,</strong></span> <span class='ocrx_word' id='word_1_688' title='bbox 1119 4990 1180 5034; x_wconf 90' lang='lat' dir='ltr'><strong>ut</strong></span> <span class='ocrx_word' id='word_1_689' title='bbox 1214 4975 1341 5049; x_wconf 67' lang='lat' dir='ltr'><strong>Quis</strong></span> <span class='ocrx_word' id='word_1_690' title='bbox 1388 4981 1510 5052; x_wconf 82' lang='lat' dir='ltr'><strong>ejus</strong></span> <span class='ocrx_word' id='word_1_691' title='bbox 1563 4980 1857 5049; x_wconf 89' lang='lat' dir='ltr'><strong>imperium</strong></span> <span class='ocrx_word' id='word_1_692' title='bbox 1906 4990 2112 5046; x_wconf 80' lang='lat' dir='ltr'><strong>teneat,</strong></span> 
     </span>
    </p>
   </div>
   <div class='ocr_carea' id='block_1_96' title="bbox 530 5071 2115 5127">
    <p class='ocr_par' dir='ltr' id='par_1_96' title="bbox 530 5071 2115 5127">
     <span class='ocr_line' id='line_1_96' title="bbox 530 5071 2115 5127; baseline 0 0"><span class='ocrx_word' id='word_1_693' title='bbox 530 5090 658 5127; x_wconf 86' lang='lat' dir='ltr'><strong>cum</strong></span> <span class='ocrx_word' id='word_1_694' title='bbox 694 5072 825 5126; x_wconf 89' lang='lat' dir='ltr'><strong>aliis</strong></span> <span class='ocrx_word' id='word_1_695' title='bbox 861 5071 1114 5127; x_wconf 81' lang='lat' dir='ltr'><strong>servivit.</strong></span> <span class='ocrx_word' id='word_1_696' title='bbox 1148 5072 1275 5127; x_wconf 87' lang='lat' dir='ltr'><strong>Fuit</strong></span> <span class='ocrx_word' id='word_1_697' title='bbox 1306 5080 1363 5126; x_wconf 89' lang='lat' dir='ltr'><strong>ct</strong></span> <span class='ocrx_word' id='word_1_698' title='bbox 1397 5071 1544 5126; x_wconf 89' lang='lat' dir='ltr'><strong>aliud</strong></span> <span class='ocrx_word' id='word_1_699' title='bbox 1576 5071 1715 5126; x_wconf 89' lang='lat' dir='ltr'><strong>nihil</strong></span> <span class='ocrx_word' id='word_1_700' title='bbox 1761 5073 1830 5127; x_wconf 90' lang='lat' dir='ltr'><strong>iis</strong></span> <span class='ocrx_word' id='word_1_701' title='bbox 1867 5072 2115 5127; x_wconf 77' lang='lat' dir='ltr'><strong>deterius</strong></span> 
     </span>
    </p>
   </div>
   <div class='ocr_carea' id='block_1_97' title="bbox 531 5161 2115 5233">
    <p class='ocr_par' dir='ltr' id='par_1_97' title="bbox 531 5161 2115 5233">
     <span class='ocr_line' id='line_1_97' title="bbox 531 5161 2115 5233; baseline 0 -17"><span class='ocrx_word' id='word_1_702' title='bbox 531 5162 826 5233; x_wconf 83' lang='lat' dir='ltr'><strong>imperium</strong></span> <span class='ocrx_word' id='word_1_703' title='bbox 852 5201 866 5226; x_wconf 92' lang='lat'><strong>,</strong></span> <span class='ocrx_word' id='word_1_704' title='bbox 901 5161 968 5217; x_wconf 87' lang='lat' dir='ltr'><strong>ad</strong></span> <span class='ocrx_word' id='word_1_705' title='bbox 1002 5178 1175 5218; x_wconf 88' lang='lat' dir='ltr'><strong>mare.</strong></span> <span class='ocrx_word' id='word_1_706' title='bbox 1208 5163 1254 5215; x_wconf 79' lang='grc' dir='ltr'><strong>Δ</strong></span> <span class='ocrx_word' id='word_1_707' title='bbox 1280 5162 1624 5217; x_wconf 85' lang='lat' dir='ltr'><strong>Chelidoniis</strong></span> <span class='ocrx_word' id='word_1_708' title='bbox 1667 5163 1814 5218; x_wconf 88' lang='lat' dir='ltr'><strong>enim</strong></span> <span class='ocrx_word' id='word_1_709' title='bbox 1841 5168 1908 5218; x_wconf 88' lang='lat' dir='ltr'><strong>ad</strong></span> <span class='ocrx_word' id='word_1_710' title='bbox 1938 5180 2115 5232; x_wconf 85' lang='lat' dir='ltr'><strong>usque</strong></span> 
     </span>
    </p>
   </div>
   <div class='ocr_carea' id='block_1_98' title="bbox 529 5256 2118 5327">
    <p class='ocr_par' dir='ltr' id='par_1_98' title="bbox 529 5256 2118 5327">
     <span class='ocr_line' id='line_1_98' title="bbox 529 5256 2118 5327; baseline 0.001 -17"><span class='ocrx_word' id='word_1_711' title='bbox 529 5256 734 5311; x_wconf 78' lang='lat' dir='ltr'><strong>Sicilia:</strong></span> <span class='ocrx_word' id='word_1_712' title='bbox 763 5256 963 5309; x_wconf 83' lang='lat' dir='ltr'><strong>fretum</strong></span> <span class='ocrx_word' id='word_1_713' title='bbox 1004 5257 1153 5311; x_wconf 91' lang='lat' dir='ltr'><strong>nulla</strong></span> <span class='ocrx_word' id='word_1_714' title='bbox 1182 5271 1409 5327; x_wconf 86' lang='lat' dir='ltr'><strong>prorsus</strong></span> <span class='ocrx_word' id='word_1_715' title='bbox 1448 5256 1630 5310; x_wconf 88' lang='lat' dir='ltr'><strong>insula</strong></span> <span class='ocrx_word' id='word_1_716' title='bbox 1690 5264 1815 5310; x_wconf 89' lang='lat' dir='ltr'><strong>erat</strong></span> <span class='ocrx_word' id='word_1_717' title='bbox 1861 5272 1973 5311; x_wconf 89' lang='lat' dir='ltr'><strong>non</strong></span> <span class='ocrx_word' id='word_1_718' title='bbox 2023 5273 2118 5311; x_wconf 79' lang='lat' dir='ltr'><strong>ve—</strong></span> 
     </span>
    </p>
   </div>
   <div class='ocr_carea' id='block_1_99' title="bbox 530 5348 2114 5419">
    <p class='ocr_par' dir='ltr' id='par_1_99' title="bbox 530 5348 2114 5419">
     <span class='ocr_line' id='line_1_99' title="bbox 530 5348 2114 5419; baseline 0.001 -17"><span class='ocrx_word' id='word_1_719' title='bbox 530 5357 661 5402; x_wconf 78' lang='lat' dir='ltr'><strong>stra:</strong></span> <span class='ocrx_word' id='word_1_720' title='bbox 697 5348 946 5403; x_wconf 87' lang='lat' dir='ltr'><strong>ditionis.</strong></span> <span class='ocrx_word' id='word_1_721' title='bbox 992 5350 1172 5419; x_wconf 81' lang='lat' dir='ltr'><strong>Atque</strong></span> <span class='ocrx_word' id='word_1_722' title='bbox 1200 5359 1261 5402; x_wconf 89' lang='lat' dir='ltr'><strong>ut</strong></span> <span class='ocrx_word' id='word_1_723' title='bbox 1292 5349 1464 5403; x_wconf 84' lang='lat' dir='ltr'><strong>verbo</strong></span> <span class='ocrx_word' id='word_1_724' title='bbox 1514 5349 1720 5410; x_wconf 87' lang='lat' dir='ltr'><strong>dicam,</strong></span> <span class='ocrx_word' id='word_1_725' title='bbox 1767 5348 1916 5418; x_wconf 92' lang='lat' dir='ltr'><strong>quod</strong></span> <span class='ocrx_word' id='word_1_726' title='bbox 1961 5349 2114 5403; x_wconf 86' lang='lat' dir='ltr'><strong>orbis</strong></span> 
     </span>
    </p>
   </div>
   <div class='ocr_carea' id='block_1_100' title="bbox 530 5439 2113 5512">
    <p class='ocr_par' dir='ltr' id='par_1_100' title="bbox 530 5439 2113 5512">
     <span class='ocr_line' id='line_1_100' title="bbox 530 5439 2113 5512; baseline 0.003 -21"><span class='ocrx_word' id='word_1_727' title='bbox 530 5439 803 5508; x_wconf 82' lang='lat' dir='ltr'><strong>Optimum</strong></span> <span class='ocrx_word' id='word_1_728' title='bbox 862 5441 1070 5507; x_wconf 87' lang='lat' dir='ltr'><strong>habet,</strong></span> <span class='ocrx_word' id='word_1_729' title='bbox 1126 5456 1191 5497; x_wconf 88' lang='lat' dir='ltr'><strong>ac</strong></span> <span class='ocrx_word' id='word_1_730' title='bbox 1233 5443 1499 5512; x_wconf 90' lang='lat' dir='ltr'><strong>utrinque</strong></span> <span class='ocrx_word' id='word_1_731' title='bbox 1548 5442 1680 5495; x_wconf 83' lang='lat' dir='ltr'><strong>anni</strong></span> <span class='ocrx_word' id='word_1_732' title='bbox 1728 5451 2113 5511; x_wconf 87' lang='lat' dir='ltr'><strong>tempestatum</strong></span> 
     </span>
    </p>
   </div>
   <div class='ocr_carea' id='block_1_101' title="bbox 533 5529 2115 5605">
    <p class='ocr_par' dir='ltr' id='par_1_101' title="bbox 533 5529 2115 5605">
     <span class='ocr_line' id='line_1_101' title="bbox 533 5529 2115 5605; baseline 0.004 -23"><span class='ocrx_word' id='word_1_733' title='bbox 533 5529 911 5601; x_wconf 85' lang='lat' dir='ltr'><strong>intemperiem</strong></span> <span class='ocrx_word' id='word_1_734' title='bbox 959 5534 1141 5605; x_wconf 76' lang='lat' dir='ltr'><strong>fugit:</strong></span> <span class='ocrx_word' id='word_1_735' title='bbox 1173 5543 1342 5604; x_wconf 86' lang='lat' dir='ltr'><strong>atque</strong></span> <span class='ocrx_word' id='word_1_736' title='bbox 1395 5536 1463 5588; x_wconf 87' lang='lat' dir='ltr'><strong>ad</strong></span> <span class='ocrx_word' id='word_1_737' title='bbox 1513 5534 1732 5605; x_wconf 81' lang='lat' dir='ltr'><strong>frugum</strong></span> <span class='ocrx_word' id='word_1_738' title='bbox 1769 5535 1991 5604; x_wconf 80' lang='lat' dir='ltr'><strong>quidem</strong></span> <span class='ocrx_word' id='word_1_739' title='bbox 2022 5549 2115 5589; x_wconf 55' lang='lat' dir='ltr'><strong>co.</strong></span> 
     </span>
    </p>
   </div>
   <div class='ocr_carea' id='block_1_102' title="bbox 533 5624 2115 5696">
    <p class='ocr_par' dir='ltr' id='par_1_102' title="bbox 533 5624 2115 5696">
     <span class='ocr_line' id='line_1_102' title="bbox 533 5624 2115 5696; baseline 0.003 -19"><span class='ocrx_word' id='word_1_740' title='bbox 533 5624 680 5692; x_wconf 87' lang='lat' dir='ltr'><strong>piant</strong></span> <span class='ocrx_word' id='word_1_741' title='bbox 743 5627 1031 5683; x_wconf 89' lang='lat' dir='ltr'><strong>robustum</strong></span> <span class='ocrx_word' id='word_1_742' title='bbox 1064 5637 1172 5692; x_wconf 89' lang='lat' dir='ltr'><strong>est,</strong></span> <span class='ocrx_word' id='word_1_743' title='bbox 1213 5638 1380 5696; x_wconf 88' lang='lat' dir='ltr'><strong>atque</strong></span> <span class='ocrx_word' id='word_1_744' title='bbox 1427 5625 1495 5680; x_wconf 88' lang='lat' dir='ltr'><strong>ad</strong></span> <span class='ocrx_word' id='word_1_745' title='bbox 1529 5627 1681 5681; x_wconf 83' lang='lat' dir='ltr'><strong>acies</strong></span> <span class='ocrx_word' id='word_1_746' title='bbox 1731 5644 1795 5681; x_wconf 87' lang='lat' dir='ltr'><strong>ac</strong></span> <span class='ocrx_word' id='word_1_747' title='bbox 1838 5628 2115 5682; x_wconf 75' lang='lat' dir='ltr'><strong>exercitus</strong></span> 
     </span>
    </p>
   </div>
   <div class='ocr_carea' id='block_1_103' title="bbox 532 5718 2111 5790">
    <p class='ocr_par' dir='ltr' id='par_1_103' title="bbox 532 5718 2111 5790">
     <span class='ocr_line' id='line_1_103' title="bbox 532 5718 2111 5790; baseline 0.002 -21"><span class='ocrx_word' id='word_1_748' title='bbox 532 5730 947 5788; x_wconf 86' lang='lat' dir='ltr'><strong>comparatum;</strong></span> <span class='ocrx_word' id='word_1_749' title='bbox 1011 5721 1272 5790; x_wconf 82' lang='lat' dir='ltr'><strong>quodque</strong></span> <span class='ocrx_word' id='word_1_750' title='bbox 1342 5718 1682 5788; x_wconf 87' lang='lat' dir='ltr'><strong>pecuniariis</strong></span> <span class='ocrx_word' id='word_1_751' title='bbox 1736 5719 2111 5779; x_wconf 83' lang='lat' dir='ltr'><strong>obventibus,</strong></span> 
     </span>
    </p>
   </div>
   <div class='ocr_carea' id='block_1_104' title="bbox 533 5809 2114 5880">
    <p class='ocr_par' dir='ltr' id='par_1_104' title="bbox 533 5809 2114 5880">
     <span class='ocr_line' id='line_1_104' title="bbox 533 5809 2114 5880; baseline 0.003 -18"><span class='ocrx_word' id='word_1_752' title='bbox 533 5809 764 5867; x_wconf 77' lang='lat' dir='ltr'><strong>fontium</strong></span> <span class='ocrx_word' id='word_1_753' title='bbox 816 5814 1122 5869; x_wconf 84' lang='lat' dir='ltr'><strong>ubertatem</strong></span> <span class='ocrx_word' id='word_1_754' title='bbox 1155 5812 1374 5869; x_wconf 86' lang='lat' dir='ltr'><strong>vincere</strong></span> <span class='ocrx_word' id='word_1_755' title='bbox 1411 5812 1679 5880; x_wconf 75' lang='lat' dir='ltr'><strong>videatur,</strong></span> <span class='ocrx_word' id='word_1_756' title='bbox 1723 5812 1778 5866; x_wconf 91' lang='lat' dir='ltr'><strong>id</strong></span> <span class='ocrx_word' id='word_1_757' title='bbox 1815 5820 1985 5865; x_wconf 88' lang='lat' dir='ltr'><strong>totum</strong></span> <span class='ocrx_word' id='word_1_758' title='bbox 2018 5828 2114 5866; x_wconf 82' lang='lat' dir='ltr'><strong>no—</strong></span> 
     </span>
    </p>
   </div>
   <div class='ocr_carea' id='block_1_105' title="bbox 2214 4609 3793 4685">
    <p class='ocr_par' dir='ltr' id='par_1_105' title="bbox 2214 4609 3793 4685">
     <span class='ocr_line' id='line_1_105' title="bbox 2214 4609 3793 4685; baseline -0.001 -16"><span class='ocrx_word' id='word_1_759' title='bbox 2214 4617 2271 4669; x_wconf 83' lang='grc' dir='ltr'>δὲ</span> <span class='ocrx_word' id='word_1_760' title='bbox 2322 4609 2731 4685; x_wconf 81' lang='grc' dir='ltr'>στρατεύματοῖ,</span> <span class='ocrx_word' id='word_1_761' title='bbox 2779 4613 3016 4667; x_wconf 80' lang='grc' dir='ltr'>τοσαῦτα</span> <span class='ocrx_word' id='word_1_762' title='bbox 3062 4616 3120 4668; x_wconf 85' lang='grc' dir='ltr'>δὲ</span> <span class='ocrx_word' id='word_1_763' title='bbox 3180 4615 3336 4684; x_wconf 75' lang='grc' dir='ltr'>ἐθνης</span> <span class='ocrx_word' id='word_1_764' title='bbox 3390 4616 3536 4669; x_wconf 83' lang='grc' dir='ltr'>Εἷσω</span> <span class='ocrx_word' id='word_1_765' title='bbox 3588 4617 3644 4668; x_wconf 84' lang='grc' dir='ltr'>δὲ</span> <span class='ocrx_word' id='word_1_766' title='bbox 3689 4616 3793 4668; x_wconf 83' lang='grc' dir='ltr'><strong>τῶν</strong></span> 
     </span>
    </p>
   </div>
   <div class='ocr_carea' id='block_1_106' title="bbox 2215 4703 3789 4782">
    <p class='ocr_par' dir='ltr' id='par_1_106' title="bbox 2215 4703 3789 4782">
     <span class='ocr_line' id='line_1_106' title="bbox 2215 4703 3789 4782; baseline -0.003 -19"><span class='ocrx_word' id='word_1_767' title='bbox 2215 4710 2358 4782; x_wconf 71' lang='grc' dir='ltr'>ὅρων</span> <span class='ocrx_word' id='word_1_768' title='bbox 2380 4708 2582 4762; x_wconf 76' lang='grc' dir='ltr'>τούτων</span> <span class='ocrx_word' id='word_1_769' title='bbox 2612 4703 2752 4778; x_wconf 77' lang='grc' dir='ltr'>ἦσαν</span> <span class='ocrx_word' id='word_1_770' title='bbox 2773 4709 2869 4761; x_wconf 77' lang='grc' dir='ltr'><strong>καὶ</strong></span> <span class='ocrx_word' id='word_1_771' title='bbox 2911 4709 3265 4778; x_wconf 72' lang='grc' dir='ltr'>Ἠπειρῶταιο</span> <span class='ocrx_word' id='word_1_772' title='bbox 3297 4711 3389 4761; x_wconf 77' lang='grc' dir='ltr'>καὶ</span> <span class='ocrx_word' id='word_1_773' title='bbox 3416 4709 3549 4763; x_wconf 73' lang='grc' dir='ltr'>ὅλως</span> <span class='ocrx_word' id='word_1_774' title='bbox 3584 4711 3711 4761; x_wconf 83' lang='grc' dir='ltr'>είσπ</span> <span class='ocrx_word' id='word_1_775' title='bbox 3740 4711 3789 4760; x_wconf 79' lang='grc' dir='ltr'><strong>ἑ-</strong></span> 
     </span>
    </p>
   </div>
   <div class='ocr_carea' id='block_1_107' title="bbox 2214 4801 3778 4870">
    <p class='ocr_par' dir='ltr' id='par_1_107' title="bbox 2214 4801 3778 4870">
     <span class='ocr_line' id='line_1_107' title="bbox 2214 4801 3778 4870; baseline -0.005 -13"><span class='ocrx_word' id='word_1_776' title='bbox 2214 4821 2329 4857; x_wconf 88' lang='grc' dir='ltr'>οντι</span> <span class='ocrx_word' id='word_1_777' title='bbox 2352 4803 2419 4856; x_wconf 85' lang='grc' dir='ltr'>τὰ</span> <span class='ocrx_word' id='word_1_778' title='bbox 2453 4801 2605 4868; x_wconf 69' lang='grc' dir='ltr'>δεξιὰ</span> <span class='ocrx_word' id='word_1_779' title='bbox 2633 4801 2726 4854; x_wconf 78' lang='grc' dir='ltr'><strong>τοῦ</strong></span> <span class='ocrx_word' id='word_1_780' title='bbox 2758 4802 2985 4866; x_wconf 82' lang='grc' dir='ltr'>κόλπου,</span> <span class='ocrx_word' id='word_1_781' title='bbox 3026 4803 3223 4870; x_wconf 86' lang='grc' dir='ltr'>μόνους</span> <span class='ocrx_word' id='word_1_782' title='bbox 3260 4801 3402 4870; x_wconf 81' lang='grc' dir='ltr'>ὑμᾶς</span> <span class='ocrx_word' id='word_1_783' title='bbox 3456 4802 3512 4867; x_wconf 67' lang='grc' dir='ltr'>ἐξ</span> <span class='ocrx_word' id='word_1_784' title='bbox 3544 4802 3778 4855; x_wconf 69' lang='grc' dir='ltr'>ἁπάνεων</span> 
     </span>
    </p>
   </div>
   <div class='ocr_carea' id='block_1_108' title="bbox 2215 4890 3779 4967">
    <p class='ocr_par' dir='ltr' id='par_1_108' title="bbox 2215 4890 3779 4967">
     <span class='ocr_line' id='line_1_108' title="bbox 2215 4890 3779 4967; baseline -0.004 -20"><span class='ocrx_word' id='word_1_785' title='bbox 2215 4895 2411 4967; x_wconf 70' lang='grc' dir='ltr'>ᾔδεσαν</span> <span class='ocrx_word' id='word_1_786' title='bbox 2437 4893 2720 4954; x_wconf 79' lang='grc' dir='ltr'>δεσπότας.</span> <span class='ocrx_word' id='word_1_787' title='bbox 2756 4893 3160 4964; x_wconf 83' lang='grc' dir='ltr'>Πελοπόννησος</span> <span class='ocrx_word' id='word_1_788' title='bbox 3206 4891 3251 4946; x_wconf 81' lang='grc' dir='ltr'>δ’</span> <span class='ocrx_word' id='word_1_789' title='bbox 3278 4893 3343 4945; x_wconf 83' lang='grc' dir='ltr'>ἂν</span> <span class='ocrx_word' id='word_1_790' title='bbox 3372 4894 3526 4963; x_wconf 75' lang='grc' dir='ltr'>ἱκανὴ</span> <span class='ocrx_word' id='word_1_791' title='bbox 3559 4896 3689 4962; x_wconf 77' lang='grc' dir='ltr'>μόνη</span> <span class='ocrx_word' id='word_1_792' title='bbox 3708 4890 3779 4959; x_wconf 74' lang='grc' dir='ltr'>τῷ</span> 
     </span>
    </p>
   </div>
   <div class='ocr_carea' id='block_1_109' title="bbox 2215 4984 3793 5056">
    <p class='ocr_par' dir='ltr' id='par_1_109' title="bbox 2215 4984 3793 5056">
     <span class='ocr_line' id='line_1_109' title="bbox 2215 4984 3793 5056; baseline -0.002 -16"><span class='ocrx_word' id='word_1_793' title='bbox 2215 4986 2448 5056; x_wconf 80' lang='grc' dir='ltr'>δεσπότῃ</span> <span class='ocrx_word' id='word_1_794' title='bbox 2502 4984 2768 5055; x_wconf 83' lang='grc' dir='ltr'>γενομένη</span> <span class='ocrx_word' id='word_1_795' title='bbox 2819 4985 2957 5054; x_wconf 71' lang='grc' dir='ltr'>πρὸς</span> <span class='ocrx_word' id='word_1_796' title='bbox 2993 4985 3172 5050; x_wconf 82' lang='grc' dir='ltr'>δόξαν,</span> <span class='ocrx_word' id='word_1_797' title='bbox 3225 4985 3278 5037; x_wconf 77' lang='grc' dir='ltr'>εἴ</span> <span class='ocrx_word' id='word_1_798' title='bbox 3318 5003 3401 5047; x_wconf 88' lang='grc' dir='ltr'><strong>τις</strong></span> <span class='ocrx_word' id='word_1_799' title='bbox 3452 4988 3580 5054; x_wconf 83' lang='grc' dir='ltr'>μιᾶς</span> <span class='ocrx_word' id='word_1_800' title='bbox 3632 4986 3793 5052; x_wconf 68' lang='grc' dir='ltr'>αὐτῆς</span> 
     </span>
    </p>
   </div>
   <div class='ocr_carea' id='block_1_110' title="bbox 2215 5071 3800 5147">
    <p class='ocr_par' dir='ltr' id='par_1_110' title="bbox 2215 5071 3800 5147">
     <span class='ocr_line' id='line_1_110' title="bbox 2215 5071 3800 5147; baseline -0.001 -19"><span class='ocrx_word' id='word_1_801' title='bbox 2215 5071 2377 5147; x_wconf 77' lang='grc' dir='ltr'>ἦρχε,</span> <span class='ocrx_word' id='word_1_802' title='bbox 2424 5076 2564 5143; x_wconf 81' lang='grc' dir='ltr'>μετὰ</span> <span class='ocrx_word' id='word_1_803' title='bbox 2601 5074 2713 5125; x_wconf 87' lang='grc' dir='ltr'><strong>τῶν</strong></span> <span class='ocrx_word' id='word_1_804' title='bbox 2735 5071 2910 5126; x_wconf 75' lang='grc' dir='ltr'>ἄλλων</span> <span class='ocrx_word' id='word_1_805' title='bbox 2939 5074 3273 5128; x_wconf 77' lang='grc' dir='ltr'>ἐδούλευσεν.</span> <span class='ocrx_word' id='word_1_806' title='bbox 3328 5075 3521 5144; x_wconf 81' lang='grc' dir='ltr'>Ἑτέρα</span> <span class='ocrx_word' id='word_1_807' title='bbox 3572 5076 3629 5129; x_wconf 80' lang='grc' dir='ltr'>δὲ</span> <span class='ocrx_word' id='word_1_808' title='bbox 3672 5076 3800 5129; x_wconf 65' lang='grc' dir='ltr'>τού.-</span> 
     </span>
    </p>
   </div>
   <div class='ocr_carea' id='block_1_111' title="bbox 2216 5164 3800 5237">
    <p class='ocr_par' dir='ltr' id='par_1_111' title="bbox 2216 5164 3800 5237">
     <span class='ocr_line' id='line_1_111' title="bbox 2216 5164 3800 5237; baseline 0.003 -19"><span class='ocrx_word' id='word_1_809' title='bbox 2216 5183 2326 5218; x_wconf 87' lang='grc' dir='ltr'><strong>των</strong></span> <span class='ocrx_word' id='word_1_810' title='bbox 2378 5167 2481 5218; x_wconf 82' lang='grc' dir='ltr'>οὐκ</span> <span class='ocrx_word' id='word_1_811' title='bbox 2529 5164 2765 5218; x_wconf 74' lang='grc' dir='ltr'>ἐλάττων</span> <span class='ocrx_word' id='word_1_812' title='bbox 2819 5165 2984 5236; x_wconf 83' lang='grc' dir='ltr'>ἀρχὴ.</span> <span class='ocrx_word' id='word_1_813' title='bbox 3036 5166 3178 5220; x_wconf 83' lang='grc' dir='ltr'>κατὰ</span> <span class='ocrx_word' id='word_1_814' title='bbox 3234 5167 3502 5221; x_wconf 81' lang='grc' dir='ltr'>θάλατταν</span> <span class='ocrx_word' id='word_1_815' title='bbox 3558 5168 3800 5237; x_wconf 72' lang='grc' dir='ltr'>ὑπῆρχεν</span> 
     </span>
    </p>
   </div>
   <div class='ocr_carea' id='block_1_112' title="bbox 2218 5257 3798 5330">
    <p class='ocr_par' dir='ltr' id='par_1_112' title="bbox 2218 5257 3798 5330">
     <span class='ocr_line' id='line_1_112' title="bbox 2218 5257 3798 5330; baseline 0 -17"><span class='ocrx_word' id='word_1_816' title='bbox 2218 5259 2369 5325; x_wconf 83' lang='grc' dir='ltr'>ὑμῖν.</span> <span class='ocrx_word' id='word_1_817' title='bbox 2400 5259 2522 5310; x_wconf 82' lang='grc' dir='ltr'>Τῶν</span> <span class='ocrx_word' id='word_1_818' title='bbox 2546 5258 2655 5328; x_wconf 86' lang='grc' dir='ltr'><strong>γὰρ</strong></span> <span class='ocrx_word' id='word_1_819' title='bbox 2682 5257 2790 5311; x_wconf 83' lang='grc' dir='ltr'><strong>ἀπὸ</strong></span> <span class='ocrx_word' id='word_1_820' title='bbox 2824 5259 3157 5312; x_wconf 81' lang='grc' dir='ltr'>Χελιδονέων</span> <span class='ocrx_word' id='word_1_821' title='bbox 3205 5261 3371 5330; x_wconf 84' lang='grc' dir='ltr'>μέχρι</span> <span class='ocrx_word' id='word_1_822' title='bbox 3424 5261 3514 5314; x_wconf 82' lang='grc' dir='ltr'>τοῦ</span> <span class='ocrx_word' id='word_1_823' title='bbox 3551 5261 3798 5323; x_wconf 80' lang='grc' dir='ltr'>Σικελίας</span> 
     </span>
    </p>
   </div>
   <div class='ocr_carea' id='block_1_113' title="bbox 2217 5349 3801 5423">
    <p class='ocr_par' dir='ltr' id='par_1_113' title="bbox 2217 5349 3801 5423">
     <span class='ocr_line' id='line_1_113' title="bbox 2217 5349 3801 5423; baseline 0.001 -19"><span class='ocrx_word' id='word_1_824' title='bbox 2217 5349 2465 5421; x_wconf 72' lang='grc' dir='ltr'>πορθμοῦ</span> <span class='ocrx_word' id='word_1_825' title='bbox 2513 5351 2704 5403; x_wconf 84' lang='grc' dir='ltr'>πασῶν</span> <span class='ocrx_word' id='word_1_826' title='bbox 2758 5352 2938 5423; x_wconf 86' lang='grc' dir='ltr'>νήσων</span> <span class='ocrx_word' id='word_1_827' title='bbox 2969 5352 3193 5420; x_wconf 80' lang='grc' dir='ltr'>οὐδεμία</span> <span class='ocrx_word' id='word_1_828' title='bbox 3233 5353 3332 5423; x_wconf 72' lang='grc' dir='ltr'>τὴν</span> <span class='ocrx_word' id='word_1_829' title='bbox 3381 5354 3649 5423; x_wconf 77' lang='grc' dir='ltr'>ὑμετέραν</span> <span class='ocrx_word' id='word_1_830' title='bbox 3680 5352 3801 5417; x_wconf 72' lang='grc' dir='ltr'>ιξε-</span> 
     </span>
    </p>
   </div>
   <div class='ocr_carea' id='block_1_114' title="bbox 2217 5443 3798 5515">
    <p class='ocr_par' dir='ltr' id='par_1_114' title="bbox 2217 5443 3798 5515">
     <span class='ocr_line' id='line_1_114' title="bbox 2217 5443 3798 5515; baseline 0.002 -20"><span class='ocrx_word' id='word_1_831' title='bbox 2217 5460 2358 5512; x_wconf 82' lang='grc' dir='ltr'>φυγε</span> <span class='ocrx_word' id='word_1_832' title='bbox 2381 5443 2634 5512; x_wconf 84' lang='grc' dir='ltr'>δύναμιν.</span> <span class='ocrx_word' id='word_1_833' title='bbox 2672 5445 2953 5497; x_wconf 84' lang='grc' dir='ltr'>Συνελόντι</span> <span class='ocrx_word' id='word_1_834' title='bbox 2975 5443 3021 5496; x_wconf 73' lang='grc' dir='ltr'>δ’</span> <span class='ocrx_word' id='word_1_835' title='bbox 3044 5448 3239 5510; x_wconf 78' lang='grc' dir='ltr'>εἰπεῖν,</span> <span class='ocrx_word' id='word_1_836' title='bbox 3264 5446 3325 5497; x_wconf 81' lang='grc' dir='ltr'>τὸ</span> <span class='ocrx_word' id='word_1_837' title='bbox 3351 5448 3447 5515; x_wconf 77' lang='grc' dir='ltr'>τῆς</span> <span class='ocrx_word' id='word_1_838' title='bbox 3474 5446 3798 5515; x_wconf 70' lang='grc' dir='ltr'>οἰκουμένης</span> 
     </span>
    </p>
   </div>
   <div class='ocr_carea' id='block_1_115' title="bbox 2216 5534 3801 5606">
    <p class='ocr_par' dir='ltr' id='par_1_115' title="bbox 2216 5534 3801 5606">
     <span class='ocr_line' id='line_1_115' title="bbox 2216 5534 3801 5606; baseline -0.001 -18"><span class='ocrx_word' id='word_1_839' title='bbox 2216 5534 2457 5601; x_wconf 80' lang='grc' dir='ltr'>ἄριστον,</span> <span class='ocrx_word' id='word_1_840' title='bbox 2492 5534 2583 5584; x_wconf 71' lang='grc' dir='ltr'>καὶ</span> <span class='ocrx_word' id='word_1_841' title='bbox 2607 5536 2704 5593; x_wconf 79' lang='grc' dir='ltr'>τὰς</span> <span class='ocrx_word' id='word_1_842' title='bbox 2766 5534 2849 5600; x_wconf 75' lang='grc' dir='ltr'><strong>ἐφ’</strong></span> <span class='ocrx_word' id='word_1_843' title='bbox 2883 5534 3121 5604; x_wconf 80' lang='grc' dir='ltr'>ἑκάτερα</span> <span class='ocrx_word' id='word_1_844' title='bbox 3167 5536 3276 5589; x_wconf 88' lang='grc' dir='ltr'><strong>τῶν</strong></span> <span class='ocrx_word' id='word_1_845' title='bbox 3312 5535 3473 5606; x_wconf 83' lang='grc' dir='ltr'>ὡρῶν</span> <span class='ocrx_word' id='word_1_846' title='bbox 3533 5537 3801 5606; x_wconf 84' lang='grc' dir='ltr'>ἀμετρίας</span> 
     </span>
    </p>
   </div>
   <div class='ocr_carea' id='block_1_116' title="bbox 2216 5623 3795 5700">
    <p class='ocr_par' dir='ltr' id='par_1_116' title="bbox 2216 5623 3795 5700">
     <span class='ocr_line' id='line_1_116' title="bbox 2216 5623 3795 5700; baseline 0.003 -26"><span class='ocrx_word' id='word_1_847' title='bbox 2216 5623 2506 5692; x_wconf 68' lang='grc' dir='ltr'>ὲκιρεῦγον,</span> <span class='ocrx_word' id='word_1_848' title='bbox 2551 5624 2646 5675; x_wconf 75' lang='grc' dir='ltr'>καὶ</span> <span class='ocrx_word' id='word_1_849' title='bbox 2676 5628 2814 5694; x_wconf 80' lang='grc' dir='ltr'>πρὸς</span> <span class='ocrx_word' id='word_1_850' title='bbox 2869 5627 2969 5695; x_wconf 84' lang='grc' dir='ltr'>μὲν</span> <span class='ocrx_word' id='word_1_851' title='bbox 2997 5627 3224 5698; x_wconf 86' lang='grc' dir='ltr'>καρπῶν</span> <span class='ocrx_word' id='word_1_852' title='bbox 3257 5630 3429 5699; x_wconf 75' lang='grc' dir='ltr'>φοράν</span> <span class='ocrx_word' id='word_1_853' title='bbox 3461 5630 3795 5700; x_wconf 70' lang='grc' dir='ltr'>ἐρρωμένον,</span> 
     </span>
    </p>
   </div>
   <div class='ocr_carea' id='block_1_117' title="bbox 2225 5716 3802 5791">
    <p class='ocr_par' dir='ltr' id='par_1_117' title="bbox 2225 5716 3802 5791">
     <span class='ocr_line' id='line_1_117' title="bbox 2225 5716 3802 5791; baseline 0.002 -22"><span class='ocrx_word' id='word_1_854' title='bbox 2225 5718 2351 5787; x_wconf 73' lang='grc' dir='ltr'>πρὸς</span> <span class='ocrx_word' id='word_1_855' title='bbox 2384 5716 2440 5768; x_wconf 83' lang='grc' dir='ltr'>δὲ</span> <span class='ocrx_word' id='word_1_856' title='bbox 2495 5719 2777 5783; x_wconf 79' lang='grc' dir='ltr'>συντάξεις</span> <span class='ocrx_word' id='word_1_857' title='bbox 2834 5718 2930 5772; x_wconf 79' lang='grc' dir='ltr'>καὶ</span> <span class='ocrx_word' id='word_1_858' title='bbox 2978 5731 3237 5788; x_wconf 74' lang='grc' dir='ltr'>στρατιάς</span> <span class='ocrx_word' id='word_1_859' title='bbox 3283 5722 3605 5791; x_wconf 77' lang='grc' dir='ltr'>ἐπιτήδειον,</span> <span class='ocrx_word' id='word_1_860' title='bbox 3684 5725 3802 5779; x_wconf 80' lang='grc' dir='ltr'>τοῖς</span> 
     </span>
    </p>
   </div>
   <div class='ocr_carea' id='block_1_118' title="bbox 2216 5810 3803 5884">
    <p class='ocr_par' dir='ltr' id='par_1_118' title="bbox 2216 5810 3803 5884">
     <span class='ocr_line' id='line_1_118' title="bbox 2216 5810 3803 5884; baseline 0.001 -21"><span class='ocrx_word' id='word_1_861' title='bbox 2216 5810 2272 5863; x_wconf 78' lang='grc' dir='ltr'>δὲ</span> <span class='ocrx_word' id='word_1_862' title='bbox 2305 5813 2431 5881; x_wconf 70' lang='grc' dir='ltr'>περὶ</span> <span class='ocrx_word' id='word_1_863' title='bbox 2459 5810 2519 5861; x_wconf 60' lang='grc' dir='ltr'>τὰ</span> <span class='ocrx_word' id='word_1_864' title='bbox 2550 5810 2811 5879; x_wconf 78' lang='grc' dir='ltr'>χρήματα</span> <span class='ocrx_word' id='word_1_865' title='bbox 2840 5811 3045 5883; x_wconf 84' lang='grc' dir='ltr'>πόροις,</span> <span class='ocrx_word' id='word_1_866' title='bbox 3084 5813 3217 5883; x_wconf 70' lang='grc' dir='ltr'>πρὸς</span> <span class='ocrx_word' id='word_1_867' title='bbox 3264 5814 3361 5884; x_wconf 77' lang='grc' dir='ltr'>τὴν</span> <span class='ocrx_word' id='word_1_868' title='bbox 3395 5812 3654 5883; x_wconf 56' lang='grc' dir='ltr'>ἀφθονίαν</span> <span class='ocrx_word' id='word_1_869' title='bbox 3686 5813 3803 5865; x_wconf 82' lang='grc' dir='ltr'><strong>τῶν</strong></span> 
     </span>
    </p>
   </div>
  </div>
