4068 6468
356 372 466 441 965

1281 374 1569 435 ORATIO
1609 371 1760 435 PRO
1800 369 2163 433 SUBSIDIO
2207 367 2681 432 LATINORUM.

2164 148 2197 159 ι

3505 365 3613 430 9ΰϐ

358 485 554 555 πηγῶν
593 484 995 557 ἁμιλλώμενον,
1029 482 1175 537 τοῦθ’
1210 484 1342 552 ἡμῖν
1368 482 1556 552 ὥσπερ
1589 483 1862 553 dipteri/tv
1884 497 1937 532 τι

2045 478 2128 532 bis
2158 493 2257 533 ceu
2310 478 2668 532 honoratium
2710 494 2737 530 a
2780 476 3124 547 providentia
3152 486 3429 532 scrvatum
3455 489 3609 534 erat:

356 577 508 643 παρὰ
535 575 636 646 τῆς
663 577 920 645 προνοίας
947 574 1196 646 ἐξῄρητοθ
1226 573 1287 639 ἐξ
1315 569 1390 629 ὧν
1412 573 1665 626 ἁπάντων
1688 570 1946 625 ἀδύνατον

361 668 461 735 μὲν
488 666 590 730 τὰς
615 665 859 729 δι’έτους
898 666 1207 736 φερομένας
1242 665 1323 733 τῷ
1357 662 1596 733 ταμιείῳ
1648 660 1947 731 προσόδους

356 756 867 828 ἁπαριθμήσασθαι*
897 757 1135 827 χαλεπὸν
1158 756 1216 810 et
1270 753 1646 827 ἐξηγήσασθαι
1677 752 1804 815 τοὺς
1848 768 1947 805 κα-

356 850 622 917 ταλόγους
676 849 786 902 τῶν
846 847 1295 919 στρατευμάτων·
1356 846 1520 915 ἔργον
1579 844 1638 898 δὲ
1700 844 1826 905 τοὺς
1883 843 1945 895 ού

356 943 546 1013 χρείας
574 941 749 1011 μόνον,
796 941 933 995 ἀλλὰ
960 941 1055 994 καὶ
1118 938 1393 1009 θαύματος
1430 937 1592 992 ἕνεκα
1640 935 1946 1005 πανταχόσε

360 1036 751 1101 πεμπομένους
774 1031 1108 1093 ἀποστόλους
1171 1032 1369 1084 εἰπεῖν.
1436 1030 1786 1096 Πεντήκοντα
1834 1028 1946 1097 γὰρ

350 1145 391 1179 -κ
406 1130 452 1178 2t
499 1125 694 1176 ἑκατὸν
726 1125 802 1186 ὡς
823 1122 1010 1176 ἀκούω
1042 1125 1297 1193 τριήρεσι
1329 1123 1572 1191 μακραῖς
1605 1118 1823 1172 ιπλεϊτε
1844 1117 1945 1186 τὴν

359 1217 656 1281 θάλασσαν,
704 1212 792 1277 αἷς
840 1214 1057 1276 οὐδενὸς
1098 1214 1264 1266 ἐνέδει
1313 1210 1425 1264 τῶν
1470 1210 1571 1264 ὅσα
1609 1209 1692 1263 δεῖ
1720 1210 1946 1278 προσεῖ-

356 1326 446 1363 ναι
512 1311 630 1371 ταῖς
670 1306 853 1367 καλῶς
903 1306 1264 1376 μαχομέναις.
1308 1305 1383 1358 Τὸ
1437 1303 1495 1357 δὲ
1534 1305 1636 1372 τὴν
1665 1302 1943 1373 ἡμετέραν

361 1396 538 1467 ἀρχὴν
591 1397 649 1463 ἐξ
682 1395 914 1468 ούρανοῦ
971 1395 1138 1447 ποθεν
1166 1395 1326 1465 ήκειν
1354 1393 1551 1459 δοκεῖν,
1610 1391 1707 1446 καὶ
1754 1390 1944 1460 ῶσπερ

358 1489 572 1541 ἐκεῖθεν
604 1487 797 1556 σαφῶς
836 1483 1284 1556 χειροτονηθείσῃ
1323 1482 1533 1547 πάντας
1581 1482 1754 1536 εεκειν
1781 1480 1941 1552 αὐτῇ,

354 1583 455 1632 καὶ
485 1579 620 1648 πρὸς
648 1578 774 1640 τοὺς
793 1576 998 1645 ταύτης
1024 1575 1225 1645 νόμους
1260 1576 1329 1628 τά
1352 1574 1533 1628 αὐτῶν
1567 1573 1776 1635 πάντας
1806 1571 1934 1625 καθ-

361 1671 632 1735 ίστασθαι,
663 1668 841 1739 πολλῷ
871 1668 1195 1738 σεμνότερον
1230 1668 1383 1738 ἡμῖν.

431 1762 537 1814 ’1ὀῦ
574 1763 639 1831 δὴ
665 1762 825 1830 χάριν
854 1762 1027 1814 ταῦτα
1061 1760 1240 1814 πάντα
1277 1758 1691 1830 άφηγησάμηνς
1723 1758 1802 1812 Οὐ
1833 1747 1941 1828 γὰρ

363 1854 429 1906 ἵν’
450 1853 561 1921 ἐγὼ
597 1855 697 1923 μὲν
724 1852 1012 1922 τηνάλλως
1047 1851 1308 1905 ἀναλώσω
1340 1853 1431 1904 τὸν
1463 1851 1677 1923 χρόνονο
1714 1850 1860 1920 -ύμᾶς
1888 1850 1945 1903 δὲ

358 1949 427 2015 τῇ
486 1945 595 1999 τῶν
649 1945 830 1999 οὐκέτ’
859 1944 1029 1998 ὄντων
1089 1944 1314 2011 ἀγαθῶν
1375 1944 1627 2015 διηγήσει
1694 1942 1942 2011 λυπήσω⁶

363 2038 485 2091 ἀλλ’
509 2038 594 2090 ἴνα
625 2040 844 2108 πρῶτον
871 2037 971 2106 μὲν
1006 2036 1083 2106 μὴ
1111 2036 1522 2105 καταπίπτητε,
1584 2033 1710 2105 μηδ’
1733 2036 1948 2105 ἀμήχα-

362 2150 454 2185 νον
481 2132 738 2201 νομίζητε
769 2134 908 2199 πρὸς
929 2129 1028 2201 τὴν
1050 2128 1305 2183 εἰωθυῖαν
1337 2130 1467 2199 ὑμῖν
1520 2126 1692 2198 τύχην
1741 2128 1948 2181 ἐπανα-

363 2225 656 2293 στρέφεινο
688 2225 800 2284 τοῖς
835 2223 947 2291 γὰρ
1004 2221 1253 2274 εἰωθόσιν
1308 2221 1521 2289 ἄρχειν,
1568 2219 1663 2271 καί
1710 2217 1946 2272 τοσαῦτα

352 2314 541 2382 ἀγαθὰ
569 2315 963 2384 κτησαμένοις,
988 2315 1085 2368 καὶ
1118 2308 1201 2376 οἷς
1244 2313 1516 2381 τοσαύτην
1577 2309 1947 2382 ἀνδραγαθίαν

364 2407 559 2468 πάντες
589 2407 861 2471 συνίσασι,
890 2408 1113 2477 ῥᾷστον,
1150 2404 1220 2459 ἂν
1260 2404 1357 2475 τῆς
1384 2403 1585 2471 πολλῆς
1624 2403 1828 2472 ταύτης
1852 2403 1947 2455 καὶ

365 2499 661 2569 ἀδιηγήτου
685 2498 944 2569 βλακείας
982 2498 1278 2566 ἀφέλωσιν,
1306 2499 1450 2551 ὅσων
1508 2496 1803 2566 πρότερον,
1852 2511 1947 2548 τοο

362 2593 569 2645 σούτων
602 2590 698 2644 νῦν
743 2590 1073 2645 ἐπιτάττειν·
1136 2589 1328 2644 ἔπειτα
1384 2587 1518 2659 παρ’
1566 2589 1695 2659 ὑμῖν
1761 2587 1948 2650 αὐτοῖς

348 2687 540 2755 -εἰδῆτε
559 2685 813 2755 βεϐαίως,
846 2686 921 2748 ὡς
956 2685 1117 2739 πάντ’
1144 2686 1327 2737 ἐκεῖνα
1358 2684 1421 2735 ὲκ
1449 2682 1651 2734 τούτων
1679 2679 1946 2750 βιασαμέ-

360 2796 469 2832 νων
494 2776 974 2848 ἀπεστερήθημεν·
1003 2776 1100 2829 καὶ
1133 2773 1284 2827 οὐδέν
1316 2773 1466 2825 ἐστιν
1499 2772 1636 2842 ὅπερ
1659 2772 1788 2840 ύμῖν
1816 2771 1949 2824 ὑπο-

359 2867 639 2921 λέλειπται
663 2866 752 2919 διᾶ
779 2867 878 2935 τὴν
919 2863 1125 2918 τούτων
1152 2862 1501 2927 πλεονεξίαν.
1562 2863 1675 2931 Τὴν
1705 2860 1806 2930 μὲν
1834 2859 1946 2930 γὰρ

362 2959 455 3027 ἀφ’
502 2954 899 3027 Ἑλλησπόντου
934 2952 1192 3022 καὶπρὸς
1238 2951 1525 3016 ἀνατολὰς,
1579 2954 1672 3004 καὶ
1703 2951 1827 3003 ὅσον
1853 2952 1949 3018 μές

363 3064 456 3118 χρι
481 3048 588 3098 τῶν
615 3044 714 3114 τῆς
758 3043 1047 3113 Ἀρμενίας
1073 3042 1216 3113 ὀρῶν
1263 3042 1657 3112 ἑκαρπούμεθα
1688 3042 1810 3109 γῆν,
1839 3040 1946 3091 πᾶα

365 3154 465 3190 σαν
493 3134 652 3205 ἡμῶν
679 3132 1024 3201 ἀφελόμενοι,
1059 3133 1155 3193 τὰς
1188 3131 1286 3200 μὲν
1336 3129 1522 3193 πόλεις
1574 3130 1943 3197 κατέσκαψαν,
1972 3164 2015 3221 C

365 3228 489 3299 ἱερὰ
511 3227 568 3280 δὲ
596 3225 889 3293 ἐσύλησαν,
919 3221 1231 3294 ἀνέρρηξαν
1274 3221 1330 3275 δὲ
1373 3221 1567 3291 θήκας,
1592 3221 1836 3288 αἱμάτων
1887 3220 1943 3273 δὲ

364 3322 460 3374 καὶ
486 3317 696 3386 νεκρῶν
730 3316 909 3368 πάντα
935 3314 1258 3383 ἐνέπλησαν·
1291 3312 1400 3364 τῶν
1428 3312 1477 3363 δ’
1502 3314 1803 3380 οἰκητόρων
1826 3313 1946 3373 ταῖς

362 3413 468 3483 μὲν
490 3411 684 3479 ψυχαῖς
706 3406 1067 3476 ἐλυμήναντο,
1092 3405 1183 3457 τὸν
1218 3404 1316 3473 μὲν
1345 3404 1519 3473 άληθῆ
1543 3403 1674 3455 Θεὸν
1705 3402 1967 3485 ἀνιαγκάο.

364 3521 558 3565 σαντες
586 3504 871 3571 ἀγνοῆσαι,
901 3498 1012 3551 τῶν
1036 3497 1092 3549 δὲ
1135 3496 1267 3568 παρ’
1300 3497 1485 3560 αὐτοῖς
1518 3494 1945 3566 μεταδεδωκότες

366 3593 581 3664 μιαρῶν
612 3598 950 3661 μυστηρίων*
979 3590 1090 3652 τοίς
1118 3588 1175 3641 δὲ
1202 3582 1448 3657 σώμασιν
1479 3585 1564 3655 ἐφ’
1597 3584 1774 3655 ὕϐρει,
1799 3584 1900 3653 ιρεῡ
1928 3580 1947 3635 ι·

369 3687 797 3759 κατεχρήσαντο·
835 3682 1017 3752 πάσης
1048 3680 1123 3734 ’δὲ
1169 3680 1267 3751 τῆς
1309 3678 1496 3742 οὐσίας
1537 3677 1943 3746 γυμνώσαντες,

367 3779 464 3834 καὶ
494 3780 591 3847 τήν
610 3776 923 3845 ἐλευθερίαν
975 3773 1471 3844 προσαφελόμενοι,
1520 3772 1716 3825 είδωλα
1743 3769 1948 3831 δούλων

365 3868 661 3923 κατέλιπον
697 3864 923 3932 ἀσθενῆ,
942 3865 1077 3933 πρὸς
1104 3866 1199 3926 τὰς
1229 3862 1436 3925 οἰκείας
1465 3862 1727 3932 εὐπορίας
1759 3864 1854 3913 καὶ
1877 3863 1944 3931 τῇ

369 3960 781 4031 περιλειφθείσῃ
805 3956 1033 4024 δυνάμει
1066 3958 1179 4018 τοῖς
1228 3953 1599 4025 ταλαιπώροις
1649 3953 1944 4023 χρώμενοι.

367 4057 482 4107 Οὐκ
506 4053 706 4123 ἢρκεσε
734 4053 792 4103 δὲ
824 4049 1007 4111 αὐτοῖς
1037 4046 1272 4099 ἐνταῦθά
1288 4063 1389 4098 που
1417 4047 1612 4114 στῆσαι
1638 4046 1737 4113 τὴν
1766 4044 1943 4113 ὓϐριψ

366 4146 504 4201 ἀλλὰ
531 4146 623 4196 τὸν
661 4142 1054 4211 Ἑλλήσποντον
1081 4139 1391 4200 διαϐάντες,
1422 4135 1518 4197 τὰς
1550 4136 1807 4188 ἐπέκεινα
1850 4135 1948 4189 πότ

369 4237 481 4298 λεις
510 4233 784 4288 δουλεύειν
841 4231 1182 4301 ἠνάγκασανο
1245 4229 1342 4281 καὶ
1393 4227 1487 4280 νῦν
1544 4227 1946 4296 ἀσφαλέστερον

368 4322 515 4380 οὗτοι
568 4326 602 4396 ἢ
636 4328 901 4394 πρότερον
934 4324 1095 4393 ἡμεῖς
1128 4319 1225 4382 τὴν
1249 4317 1472 4390 Θρᾴκην
1502 4317 1767 4369 οἰκοῦσιν.
1797 4316 1858 4368 Εἰ
1885 4317 1945 4369 δὲ

366 4421 461 4474 καί
481 4436 531 4472 τι
569 4420 668 4489 τῆς
714 4416 989 4488 ⁴ἡμετέροις
1022 4414 1195 4485 ἀρχῆς
1226 4412 1449 4472 τούτους
1506 4409 1752 4477 διέφυγε,
1784 4405 1944 4475 τυχὸν

369 4515 470 4585 μὲν
495 4515 772 4578 ἐλπίζουσι
796 4512 889 4565 καὶ
915 4509 1071 4563 τοῦτο
1103 4505 1536 4578 προσλήψεσθαι.

437 4607 584 4675 Πλὴν
618 4606 653 4674 ή
682 4605 819 4675 πρὸς
848 4601 1071 4665 τούτους
1105 4602 1137 4670 ἡ
1149 4599 1264 4670 μῶν
1301 4598 1550 4668 ἀσχολία,
1604 4599 1696 4652 καὶ
1756 4600 1816 4652 τὸ
1874 4600 1953 4669 μὴ

364 4698 625 4756 δύνασθαι
647 4699 759 4758 τοῖς
796 4692 1172 4764 ἐπιχειροῦσιν
1203 4690 1308 4745 ὑπὸ
1328 4691 1530 4744 τούτων
1554 4691 1949 4761 κωλυομένους,

365 4795 443 4857 ὡς
474 4790 665 4862 ἐχρῆν,
697 4788 1098 4849 ἁντεπεςιέναι,
1133 4783 1271 4854 μηδὲ
1306 4783 1444 4852 πρὸς
1480 4783 1707 4845 τούτους
1757 4800 1818 4835 τε
1850 4784 1950 4836 κά-

366 4889 579 4949 κείνους
618 4886 832 4954 ἀρκεῖν,
893 4880 1122 4940 πολλοὺς
1184 4878 1318 4947 ήμῑν
1376 4876 1562 4941 κύκλῳ
1616 4877 1948 4947 περιέστησε

2048 584 2115 624 ex
2144 568 2347 638 quibus
2367 570 2626 624 oumibus
2651 568 3074 624 innumerabilia
3113 584 3234 636 quae
3264 569 3485 624 tributis
3517 586 3617 625 an-

2048 662 2179 718 nuis
2222 662 2421 718 aerario
2470 663 2847 729 inferrentur;
2897 679 3060 733 grave
3109 671 3227 717 erat
3270 665 3616 719 exercituum

2046 767 2382 822 percensere
2408 754 2724 824 catalogos;
2755 755 2989 808 arduutn
3016 754 3224 820 dicere,
3258 770 3395 825 quas
3417 760 3618 811 nedum

2050 845 2362 900 necessaria
2393 844 2576 914 aliqua
2630 846 2880 909 ratione,
2934 846 3027 901 sed
3067 855 3125 901 et
3165 848 3233 900 ad
3291 847 3618 902 miraculum

2048 936 2297 1006 undique
2327 936 2530 993 classes
2569 936 2881 991 mittet-etis.
2922 936 3059 991 Nam
3092 946 3151 991 ut
3177 938 3373 1005 audio,
3397 950 3617 994 centum

2048 1029 2447 1099 quinquaginta
2508 1027 2718 1098 magnis
2765 1027 3086 1083 triremibus
3126 1028 3203 1099 (l)
3231 1068 3247 1093 ,
3301 1033 3621 1086 necessario

2049 1120 2202 1173 omni
2232 1130 2542 1174 commeatu
2588 1122 2757 1189 probe
2787 1127 2854 1176 ad
2894 1120 3099 1175 bellum
3131 1122 3431 1187 instructis,
3469 1141 3622 1182 mare

2048 1211 2414 1282 navigabatis.
2471 1210 2629 1279 Quod
2685 1220 2875 1267 autem
2939 1212 3232 1281 imperium
3291 1224 3542 1270 nostrum
3588 1233 3623 1271 e

2047 1301 2190 1356 caelo
2221 1302 2436 1356 tandem
2478 1300 2668 1355 venire
2719 1299 3023 1364 videretur,
3096 1301 3261 1370 eique
3299 1316 3491 1356 omnes
3517 1317 3620 1357 ceu

2048 1391 2231 1462 palam
2263 1391 2486 1447 ctelitus
2528 1390 2784 1446 instituto
2836 1390 3120 1458 cederent,
3155 1407 3221 1448 ac
3263 1391 3504 1448 universi
3553 1394 3623 1448 ad

2045 1485 2170 1555 ejus
2193 1485 2340 1555 leges
2366 1499 2465 1539 sua
2498 1491 2911 1554 componerent,
2937 1491 3046 1540 hoc
3074 1484 3356 1541 enimvero
3396 1485 3626 1554 amplio-

2047 1590 2163 1631 rem
2185 1578 2349 1632 nohis
2379 1575 2724 1631 honestatem
2756 1576 3014 1632 addebat.
3066 1578 3069 1581 “

2116 1760 2389 1824 Quorsum
2411 1771 2540 1811 vero
2564 1756 2748 1811 omnia
2778 1756 2877 1813 ista
2916 1757 3149 1812 disserui
3180 1757 3203 1811 ?
3232 1756 3346 1812 Non
3381 1758 3527 1813 enim
3565 1768 3626 1816 ut

1977 1829 2017 1885 Β
2050 1850 2167 1919 ipse
2187 1848 2413 1918 quidem
2459 1848 2665 1903 frustra
2698 1859 2869 1903 teram
2916 1829 3166 1917 tempus;
3218 1863 3318 1904 vos
3346 1864 3477 1904 vero
3518 1849 3622 1905 bo-

2045 1955 2242 1994 norum
2291 1955 2416 2010 quas
2455 1938 2677 1995 fuerunt
2711 1940 3079 2009 percensione
3102 1940 3324 1997 tristitia
3350 1940 3621 2009 alliciam;

2047 2032 2142 2088 sed
2177 2032 2418 2102 primum
2446 2041 2505 2087 ut
2545 2031 2842 2087 ue‘animis
2864 2032 3190 2098 concidatis,
3216 2048 3357 2088 neve
3399 2043 3623 2105 repute-

2049 2124 2119 2178 tis
2172 2123 2515 2193 impossibile
2569 2123 2772 2178 reverti
2814 2123 2880 2177 ad
2928 2123 3168 2194 priorem
3221 2124 3518 2179 fortunam.
3554 2124 3625 2179 lis

2045 2215 2192 2271 enim
2224 2215 2320 2286 qui
2352 2215 2589 2287 imperio
2617 2224 2745 2271 sunt
2772 2217 3003 2281 assueti,
3055 2226 3319 2288 tantaque
3358 2218 3624 2288 possede-

2050 2319 2178 2362 runt
2209 2307 2380 2373 bona,
2412 2321 2477 2362 ac
2515 2308 2721 2378 quibus
2745 2324 2929 2363 rerum
2956 2309 3094 2363 adeo
3118 2309 3335 2364 fortiter
3350 2318 3626 2380 gestarum

2047 2415 2243 2456 omnes
2292 2400 2504 2457 conscii
2548 2411 2699 2468 sunt,
2731 2402 3048 2456 facillimum
3090 2411 3195 2465 est,
3227 2402 3389 2456 modo
3415 2411 3625 2457 tantum

2046 2494 2274 2549 multam
2306 2494 2453 2548 illam
2476 2508 2541 2549 ac
2572 2494 2996 2550 inenarrabilem
3027 2495 3282 2550 inertiam
3310 2494 3565 2551 auferant
3596 2537 3612 2559 ,

2049 2595 2110 2640 ut
2137 2601 2301 2656 quam
2340 2587 2495 2652 olim,
2524 2596 2635 2642 tam
2658 2601 2877 2657 quoque
2905 2603 3049 2643 nunc
3075 2587 3379 2642 dominium
3412 2599 3629 2657 protra-

2048 2679 2202 2735 bant.
2232 2678 2444 2734 Deinde
2481 2678 2636 2732 firma
2669 2679 2813 2749 apud
2853 2694 2954 2733 vos
3008 2681 3270 2733 memoria
3305 2682 3525 2745 tenetis,
3557 2681 3627 2737 iis

2048 2787 2149 2827 nos
2202 2772 2465 2827 omnibus
2500 2770 2718 2824 illorum
2764 2771 3024 2826 violentia
3065 2786 3189 2826 esse
3224 2773 3490 2842 privatos,
3519 2787 3627 2830 uec

2048 2863 2347 2934 quidquam
2391 2863 2549 2917 vobis
2580 2861 2649 2917 ab
2679 2876 2871 2917 eorum
2932 2862 3118 2932 iniqua
3175 2863 3459 2918 invasione
3494 2864 3624 2920 reli-

2049 2972 2220 3025 quum
2258 2970 2402 3011 esse.
2424 2954 2567 3010 Sane
2597 2971 2704 3025 qua
2734 2953 2804 3008 ab
2831 2953 3204 3024 Hellesponto,
3240 2964 3296 3009 et
3320 2954 3388 3010 ad
3415 2954 3626 3011 .Oricn-

2052 3061 2184 3110 tvm,
2214 3063 2496 3118 quamque
2530 3048 2640 3102 late
2664 3046 2731 3102 ad
2765 3062 2938 3117 usque
2967 3055 3180 3102 tuontes
3206 3048 3478 3103 Armenia;
3507 3058 3628 3102 ten-

2052 3140 2226 3206 d.tur,
2259 3150 2407 3194 terra
2447 3138 2791 3205 frucbamur,
2840 3139 3150 3193 uttiversam
3180 3138 3342 3193 nobis
3372 3138 3631 3193 auferen-

2052 3244 2154 3296 tes,
2216 3231 2384 3286 urbes
2435 3230 2658 3300 quidem
2708 3228 2955 3285 funditus
3006 3238 3362 3295 everterunt;
3397 3230 3621 3300 spoliati

2047 3335 2177 3380 sunt
2228 3324 2451 3394 templa,
2485 3324 2736 3394 sepulcra
2779 3324 3140 3394 effregerunt,
3173 3324 3533 3396 sanguinibus
3564 3338 3630 3381 ac
3735 3390 3753 3403 ο

2048 3417 2414 3471 cadaveribus
2445 3416 2626 3470 omnia
2659 3416 3026 3485 impleverunt
3064 3432 3079 3470 :
3114 3417 3259 3485 quod
3297 3425 3480 3471 autem
3506 3431 3632 3487 spe-

2047 3516 2160 3561 ctat
2215 3505 2283 3559 ad
2321 3505 2550 3571 incolas,
2595 3506 2809 3561 animos
2850 3506 3075 3575 quidem
3119 3516 3528 3576 corruperunt,
3558 3507 3627 3563 ad

2046 3598 2162 3652 veri
2217 3598 2313 3652 Dei
2358 3597 2757 3664 ignorationem
2800 3606 3098 3665 cogentes,
3129 3596 3361 3667 suisque
3397 3612 3494 3652 eos
3523 3598 3632 3652 im-

2048 3690 2352 3759 pertientes
2389 3690 2622 3758 impuris
2665 3688 2977 3760 mySIeriis;
3027 3690 3356 3759 corporibus
3402 3691 3630 3753 autem,

2050 3781 2155 3836 heu
2182 3785 2195 3836 ι
2227 3793 2419 3851 stupro
2441 3781 2596 3836 abusi
2629 3791 2778 3845 sunt,
2811 3783 2905 3836 sed
2936 3789 2994 3836 et
3022 3783 3170 3836 omni
3200 3782 3504 3837 substantia
3527 3797 3632 3836 uu-

2048 3872 2267 3939 dantes,
2299 3889 2363 3927 ac
2392 3872 2612 3927 abunde
2637 3872 2943 3926 libertatem
2975 3873 3250 3938 tollentes,
3277 3871 3492 3927 infirma
3513 3888 3633 3928 ser-

2048 3982 2246 4021 Vnrum
2271 3966 2561 4021 simulacra
2579 3966 2942 4033 reliquerunt,
2962 3970 3078 4019 suis
3098 3966 3338 4036 ipsorum
3363 3966 3632 4036 augendis

2048 4058 2400 4113 facultatibus
2436 4058 2623 4110 relicta
2644 4057 2858 4112 miseris
2877 4065 3096 4110 utentes
3122 4058 3346 4111 virtute.
3364 4057 3477 4112 Nec
3499 4074 3633 4113 vero

2051 4149 2140 4204 his
2185 4148 2441 4203 terminis
2469 4148 2727 4218 injuriam
2764 4148 2962 4203 sistere
2986 4148 3121 4202 satis
3144 4148 3628 4219 habuerunt,quin

2050 4242 2406 4312 Hellesponto
2437 4240 2793 4305 transmisso,
2824 4240 3117 4295 ulteriores
3146 4242 3309 4296 urbes
3329 4252 3631 4312 coegerunt

2047 4350 2163 4389 scrx
2178 4335 2257 4387 ire
2280 4351 2294 4394 ;
2317 4333 2489 4386 tutius
2513 4331 2695 4395 modo,
2717 4347 2880 4401 quam
2905 4346 3006 4386 nos
3017 4331 3147 4385 olim
3164 4332 3450 4388 Thraciam
3475 4333 3628 4388 inco-

2072 4437 2249 4480 cntcs.
2267 4424 2420 4489 Quod
2449 4424 2494 4477 si
2519 4424 2681 4479 ctiam
2704 4440 2799 4479 eos
2818 4423 3020 4493 aliquid
3039 4424 3233 4494 effugit
3259 4424 3471 4492 imperii
3502 4441 3629 4479 nos-

1971 4518 2017 4574 ο
2048 4517 2280 4579 tri,illud
2298 4515 2657 4570 nihilominus
2672 4529 2794 4570 sese
2808 4514 3027 4570 cumulo
3044 4526 3370 4586 accepturos
3381 4526 3624 4586 sperant.

2127 4611 2423 4673 Cancrum,
2458 4608 2588 4663 dum
2615 4590 3008 4663 interimbello
3045 4610 3098 4664 in
3138 4625 3234 4675 eos
3267 4625 3626 4682 occupamur,

2059 4717 2162 4757 nec
2217 4702 2286 4757 iis
2331 4700 2787 4770 impedientibus,
2816 4699 2983 4770 justis
3025 4701 3199 4771 copiis
3240 4701 3502 4756 adversus
3530 4718 3627 4758 eos

2057 4796 2151 4864 qui
2209 4792 2604 4863 aggrediuntur
2659 4792 2810 4846 exire
2856 4807 3179 4862 possumus,
3213 4809 3514 4865 sumnsqne
3555 4795 3623 4849 ad

2050 4898 2313 4946 utrosque
2339 4884 2609 4953 impares,
2643 4884 2812 4938 mulza
2837 4883 2994 4938 nobis
3030 4885 3458 4955 circumquaque
3482 4887 3625 4942 bella

366 4982 658 5050 πολέμους·
694 4977 838 5030 ὥστε
863 4973 931 5026 τὰ
968 4972 1067 5043 μὲν
1097 4970 1189 5024 ὑπ’
1215 4970 1418 5055 αὐτῶν,
1459 4971 1528 5023 τὰ
1568 4969 1625 5022 δὲ
1653 4969 1720 5022 δι’
1750 4971 1947 5034 αὐτοὺς

2048 4985 2457 5033 concreverunt
2488 4994 2502 5030 :
2533 4985 2597 5031 ut
2644 4976 2747 5030 alia
2795 4975 3018 5046 quidem
3049 4976 3399 5034 amiserimus
3430 4980 3497 5034 iis
3525 4996 3627 5034 au-

365 5070 719 5144 ἁφῃρήμεθα.
752 5069 826 5121 Τὸ
868 5066 924 5119 δὲ
954 5065 1133 5118 πάντα
1188 5062 1452 5133 δυστυχία
1503 5062 1692 5127 νικῶν,
1755 5063 1851 5115 καὶ
1904 5057 1947 5130 ᾧ

2047 5068 2383 5133 fetentibus,
2410 5067 2515 5122 alia
2548 5076 2775 5137 propter
2807 5068 2946 5122 illos.
2984 5067 3142 5134 Quod
3192 5080 3374 5123 autem
3422 5071 3622 5125 malam

369 5165 539 5237 μηδὲν
568 5164 687 5216 ἐστι
706 5158 1035 5230 παραθεῖναι
1067 5154 1176 5208 τῶν
1207 5155 1266 5209 έν
1302 5155 1377 5225 τῷ
1423 5154 1477 5226 sit
1497 5173 1550 5224 ρ,
1615 5155 1673 5206 αί
1706 5155 1947 5225 καθημέ-

2049 5175 2270 5215 onmem
2324 5160 2600 5215 fortunam
2650 5168 2920 5229 superat,
2954 5175 3020 5216 ac
3067 5160 3157 5215 cui
3212 5161 3351 5216 nihil
3402 5162 3458 5216 in
3512 5164 3624 5217 vita

1653 5273 1761 5352 Fr.
1797 5274 2163 5338 Combeﬁsii
2197 5286 2384 5339 notae.

437 5385 513 5457 (l)
552 5385 685 5439 Erat
729 5383 821 5437 illa
880 5391 1010 5436 tunc
1054 5377 1368 5457 Griecorutn
1417 5376 1657 5446 potentia
1727 5388 1943 5457 specta:

368 5448 521 5512 bilis.
551 5457 802 5511 Decrevit
828 5463 1093 5504 numerus
1123 5448 1214 5501 ille
1244 5455 1578 5507 triremium,
1610 5462 1675 5500 ac
1698 5463 1838 5516 pene
1869 5451 1939 5502 ad

368 5527 601 5581 nihilum
654 5525 909 5579 redactus
966 5527 1070 5584 est,
1133 5532 1257 5572 cum
1319 5517 1547 5571 Michael
1607 5517 1943 5588 Palatologus

366 5598 728 5667 quorumdam
755 5593 1010 5647 suasione
1038 5588 1183 5641 velut
1208 5587 1390 5667 studio
1422 5588 1681 5667 parcendi
1710 5587 1944 5667 sumpti-

368 5657 493 5731 bus,
550 5681 613 5719 ac
667 5677 852 5718 earum
902 5671 1169 5729 expensas
1218 5657 1942 5731 in_aarariutn___inferendi,

371 5726 541 5791 stulto
570 5733 820 5794 consilio.
858 5726 1004 5800 quod
1051 5733 1240 5800 narrat
1286 5726 1539 5789 Frauzes,
1592 5726 1686 5781 lib.
1717 5744 1754 5791 t,
1780 5742 1852 5800 Ac,
1888 5730 1943 5792 9,

372 5808 676 5864 triremium
707 5798 894 5859 curaui
918 5799 1141 5871 abjecit.
1178 5798 1408 5853 Praestat
1431 5809 1580 5852 certe
1610 5798 1944 5867 respublica,

2042 5396 2260 5454 omnem
2312 5381 2439 5454 belii
2485 5390 2805 5454 apparatum
2857 5390 3000 5436 terra
3048 5383 3317 5453 marique,
3362 5382 3623 5452 virosque

2041 5453 2192 5505 omni
2228 5453 2435 5523 militia
2484 5452 2801 5514 exercitus,
2855 5468 3018 5521 quam
3078 5452 3275 5507 multas
3336 5464 3625 5523 congestas

2042 5522 2324 5591 pecunias,
2377 5522 2430 5575 in
2483 5533 2740 5591 promptu
2798 5536 3016 5591 semper
3064 5523 3273 5577 habens
3322 5539 3336 5575 :
3390 5539 3622 5591 quarunt

2043 5596 2125 5645 vel
2156 5608 2342 5646 rumor
2375 5592 2585 5646 hoswm
2634 5600 2894 5660 provocet
2945 5606 3008 5645 ac
3054 5593 3322 5653 stimulet,
3378 5608 3488 5659 quo
3534 5593 3623 5646 sui

2042 5676 2137 5715 eas
2179 5662 2549 5732 jurisifaciat.
2600 5660 2791 5717 Simile
2843 5661 2976 5730 quid
3043 5670 3231 5716 narrat
3295 5661 3514 5717 Nicetas
3569 5661 3627 5716 itt

2042 5731 2287 5788 Manuele
2316 5731 2618 5788 Comneno.
