4068 6450
393 396 503 459 969

1217 412 1224 422 -
1313 392 1602 456 ORATIO
1645 390 1796 453 PRO
1838 366 2200 450 SUBSlDlO
2250 385 2732 448 LATINORUM-

3561 390 3667 456 970
3719 439 3753 482 η.

395 499 524 585 χρη
575 507 945 578 παραϐάλλειν
993 507 1190 580 φθορᾷο
1254 473 1414 579 έῖπερ
1447 504 1710 578 ούκλσον
1769 505 1987 560 πάντων

2112 500 2316 572 [uidem
2353 501 2499 555 haud
2528 513 2745 570 aequum
2783 499 3057 566 videatur,
3082 501 3149 557 ab
3179 505 3434 561 omnibus
3467 511 3672 577 pariter

393 598 530 672 ὁμοῦ
555 598 666 654 τῶν
708 598 909 664 ἔξωθεν
959 598 1182 668 ἀγαθῶν
1235 601 1327 654 καὶ
1353 598 1490 653 Θεοῦ
1523 598 1881 669 χωρισθῆναι·
1919 589 1982 650 οὗ

395 693 565 767 χωρὶς
597 693 750 745 οὐδέν
785 692 939 745 ἐστιν
984 693 1203 761 ἐλπίσαι
1234 693 1343 748 τῶν
1383 690 1627 761 ἀγαθῶν.

469 785 534 838 Ei
590 776 774 836 τοίνυν
843 785 908 836 ἐκ
986 785 1207 838 πάντων
1265 786 1565 853 ἀναγκαῖον
1622 782 1866 852 γίνεσθαι
1929 781 1990 833 τὸ

398 875 724 947 ἀμύνεσθαι,
787 877 836 929 εί
897 875 997 947 μὲν
1025 878 1119 930 καὶ
1169 878 1334 948 ἡμεῖς
1373 877 1496 930 καθ’
1529 876 1756 940 ἑαυτοὺς
1785 876 1990 946 αὐτάρ·

398 987 514 1033 κεις
538 971 676 1040 πρὸς
706 973 798 1023 τὸν
852 970 1088 1039 πόλεμον
1111 965 1276 1041 ἦμεν,
1328 971 1472 1025 τοῦτ’
1523 970 1590 1024 ἂν
1643 965 1712 1042 ἦν
1768 969 1989 1039 ἄριστον

398 1063 496 1117 καὶ
523 1064 661 1133 πρὸς
692 1062 874 1128 δόξαν,
923 1064 1020 1115 καὶ
1091 1064 1231 1133 πρὸς
1286 1065 1347 1118 τὸ
1405 1065 1480 1135 μὴ
1541 1063 1832 1135 πόρρωθεν
1893 1064 1993 1131 τὴν

321 1190 324 1192 ν
401 1151 721 1220 συμμαχίαν
789 1150 1144 1225 ἀθροίζοντας
1199 1154 1432 1223 πρᾶγμα
1498 1152 1665 1225 ἔχειν’
1721 1153 1841 1206 ἐπεὶ
1889 1154 1991 1222 δ”ή

399 1234 724 1312 καθημέραν
747 1224 1018 1313 ῥᾳστώνη,
1079 1245 1175 1298 καὶ
1196 1245 1256 1296 τὸ
1273 1244 1370 1308 τὰς
1397 1224 1677 1315 παρούσας
1698 1245 1863 1317 τύχας
1892 1262 1998 1315 μη-

400 1332 595 1386 δέποτε
634 1334 1032 1404 προσδοκῆσαι,
1073 1336 1156 1398 εὶς
1192 1335 1383 1390 τοῦτον
1413 1339 1556 1391 κατά
1590 1339 1793 1408 μικρὸν
1822 1338 1998 1416 προή-

404 1441 583 1493 γαγον
629 1426 784 1496 ἡμᾶς
835 1426 927 1480 τὸν
963 1429 1210 1499 κρημνόν
1253 1443 1268 1458 ·
1299 1431 1519 1494 πάντως
1562 1431 1684 1485 οὐδέ
1740 1433 1824 1485 διὰ
1886 1433 1998 1485 τῶν

385 1517 657 1588 ’μάντεων
703 1519 901 1591 ἑτέραν
935 1522 1042 1590 χρὴ
1069 1521 1443 1592 προσδοκῆσαι
1475 1524 1683 1596 φωνὴν,
1718 1523 1750 1594 ἢ
1780 1522 1857 1588 ὡς
1879 1526 2000 1577 ἐτέ-

408 1628 532 1680 ρους
564 1611 629 1683 δὴ
661 1612 870 1678 καλεῖν,
901 1612 1030 1678 τοὺς
1077 1614 1178 1685 τὴν
1208 1615 1355 1686 ὑπὲρ
1383 1618 1414 1686 ἡ
1426 1618 1542 1687 μῶν
1591 1618 2001 1688 ἀπαιτήσοντας

403 1702 582 1774 δίκην·
615 1705 740 1758 ἐπεὶ
769 1705 974 1776 ταύτην
1003 1709 1152 1778 ήμᾶς
1175 1709 1273 1779 τὴν
1316 1708 1570 1780 δύναμιν,
1636 1713 1668 1781 ή
1698 1711 1808 1765 τῶν
1865 1709 2002 1781 βαρ-

408 1793 590 1864 ϐάρων
640 1796 851 1851 τούτων
895 1798 1147 1864 ἐπίθεσις
1181 1802 1278 1854 καὶ
1336 1800 1622 1868 πλεονεξία
1686 1803 1998 1874 παρείλετο.

408 1888 720 1959 Σκέψασθαι
750 1890 837 1962 δὴ,
864 1891 1026 1966 τίνων
1050 1891 1132 1944 δεῖ
1155 1895 1270 1956 τοῖς
1309 1896 1444 1966 ήμῖν
1476 1895 1842 1950 συνδιοίσουσι
1906 1897 1997 1950 τὸν

411 1981 646 2051 πόλεμον
668 1981 878 2046 τοῦτον,
906 1982 974 2036 ἵν’
995 1965 1270 2052 ἐντεῦθεν,
1301 1965 1456 2051 τίνας
1481 1986 1700 2042 ἑλέσθαι
1734 1989 1835 2053 δεῖ,
1862 1987 1999 2056 γνὼ-

416 2087 574 2140 ριμον
603 2072 739 2142 ήμῖν
765 2075 1040 2146 καταστῇ.

481 2163 690 2218 Οὐκοῦν
739 2164 981 2237 ἀνάγκη,
1041 2167 1260 2240 πρῶτον
1305 2170 1406 2240 μὲν
1432 2169 1535 2240 τῆς
1566 2173 1697 2242 περὶ
1739 2174 1800 2226 τὸ
1831 2174 1992 2229 Θείον

408 2255 568 2325 δόξης
617 2258 749 2327 ήμῖν
796 2261 1103 2314 κοινωνεῖν.
1146 2260 1456 2331 Ἀμήχανον
1507 2264 1614 2334 γὰρ
1675 2266 1806 2330 τοὺς
1868 2269 2000 2338 περὶ

409 2347 568 2402 τοῦτο
593 2351 713 2413 ταῖς
736 2349 988 2421 γνώμαις
1015 2351 1404 2424 διῃρημένους,
1433 2352 1469 2406 ἀ
1512 2354 1831 2425 τῶνφίλων
1858 2359 1995 2422 ἐστὶ,

411 2439 566 2492 ταῦτ’
596 2439 815 2495 ἐλπίσαι
869 2443 1003 2496 ποτὲ
1031 2445 1166 2515 παρ’
1193 2444 1465 2516 ἀλλήλων.
1503 2448 1739 2502 Ἔπειτα
1784 2451 1878 2504 καὶ
1910 2449 2002 2504 ἀλ-

2090 592 2334 648 externis
2377 591 2540 646 bonis
2565 631 2580 656 ,
2613 601 2779 662 alque
2828 607 2858 645 a
2891 593 3001 647 Deo
3033 608 3310 665 segregem
3363 597 3479 653 ﬁeri
3505 642 3520 667 ,
3552 602 3673 658 sine

2090 699 2225 755 quo,
2254 684 2389 738 nihil
2412 683 2540 738 licet
2569 699 2794 753 sperare
2821 684 2948 739 boni

2160 777 2296 832 Cum
2327 778 2516 847 itaque
2551 777 2687 831 ultio
2730 778 3098 849 undequaque
3127 785 3433 839 necessaria
3463 785 3567 852 sit,
3598 787 3676 842 si-

2093 870 2318 940 quidem
2357 870 2461 940 ipsi
2513 885 2541 924 a
2571 871 2732 926 nobis
2765 873 2898 925 satis
2932 873 3000 926 ad
3051 874 3258 928 bellum
3306 876 3674 945 haberemus,

2094 971 2239 1017 esset
2268 963 2321 1016 id
2347 963 2571 1033 quidem
2602 964 2904 1038 optimum,
2937 981 3059 1018 cum
3082 967 3148 1021 ad
3171 969 3422 1038 gloriam,
3462 976 3576 1027 tum
3607 989 3676 1028 ne

2099 1053 2393 1108 auxiliares
2419 1036 2808 1125 eopiaz‘procul
2832 1056 3019 1113 labore
3045 1063 3446 1131 congreganda:
3468 1078 3673 1120 essent.

2100 1143 2178 1198 Ex
2206 1157 2316 1214 quo
2375 1155 2555 1199 tamen
2590 1145 2911 1214 quotidiana
2951 1149 3077 1203 vitae
3113 1150 3329 1219 laxitas,
3369 1157 3683 1222 przesentis-

2100 1252 2208 1305 que
2243 1236 2480 1291 fortuna:
2508 1253 2721 1291 summa
2752 1238 3003 1307 quaedam
3039 1241 3454 1312 incxspeetatio,
3491 1261 3557 1300 eo
3581 1263 3682 1301 nos

2107 1327 2374 1398 paulatim
2410 1329 2702 1399 praecipitii
2746 1332 3017 1398 provexit,
3045 1331 3189 1387 haud
3217 1334 3376 1388 aliam
3403 1335 3564 1406 plane
3594 1339 3679 1391 vel

2102 1435 2132 1474 ιι
2193 1419 2413 1474 vatibus
2452 1419 2723 1476 habemus
2780 1425 3203 1492 exspectandam
3240 1441 3460 1494 vocem,
3517 1445 3682 1498 quam

2103 1512 2241 1568 alios
2272 1513 2624 1569 advocandos
2645 1529 2790 1579 esse,
2823 1516 2918 1585 qui
2959 1527 3202 1570 nostram
3235 1519 3573 1575 ulciscantur
3600 1522 3685 1577 in-

2097 1606 2330 1677 juriam;
2361 1605 2633 1675 siquidem
2665 1605 2719 1660 id
2745 1608 2902 1663 nobis
2929 1607 3208 1665 facultatis
3240 1610 3556 1682 ademptum
3590 1625 3678 1669 est

2104 1711 2202 1766 per
2229 1696 2595 1775 Barbarorum
2624 1698 3039 1770 impressionem
3066 1716 3129 1756 ac
3166 1701 3410 1773 iniquam
3435 1706 3685 1761 vexatio-

2105 1803 2254 1843 nem.
2316 1788 2797 1846 Considerandum
2867 1793 3056 1863 itaque
3113 1811 3382 1866 quosnam
3435 1807 3688 1868 oporteat

2105 1896 2248 1947 esse,
2282 1881 2378 1953 qui
2410 1884 2513 1938 hoc
2541 1882 2686 1938 bello
2718 1883 2851 1938 socii
2881 1885 3199 1957 depugnare
3222 1888 3482 1955 habeant,
3509 1899 3567 1944 ut
3593 1904 3685 1954 eo,

2103 1975 2326 2045 quinam
2366 1977 2478 2031 sint
2503 1977 2740 2049 eligendi
2768 1980 3121 2051 perspicuum
3148 1981 3258 2038 fiat.

2172 2159 2314 2214 Ante
2355 2159 2538 2214 omnia
2597 2159 2764 2228 igitur
2793 2161 3039 2230 {necesse
3079 2164 3168 2228 sit,
3205 2175 3265 2220 ut
3307 2166 3450 2221 idem
3497 2171 3690 2226 nobis-

2103 2266 2229 2307 cum
2269 2250 2337 2305 de
2404 2251 2516 2306 Deo
2545 2252 2808 2306 sentiant.
2841 2251 3057 2324 Quippe
3091 2255 3207 2309 fieri
3249 2259 3466 2328 nequit,
3503 2271 3564 2316 ut
3594 2266 3689 2332 qui

2104 2343 2209 2400 hac
2239 2352 2395 2414 parte
2426 2344 2625 2398 animis
2651 2343 2815 2399 divisi
2862 2356 3010 2414 sunt,
3047 2364 3168 2418 quae
3201 2360 3334 2406 sunt
3363 2354 3690 2422 amicorum,

2108 2447 2299 2492 mutuo
2332 2437 2439 2492 sibi
2487 2453 2729 2506 unquam
2760 2439 3071 2508 praestanda
3107 2455 3351 2512 sperent.
3385 2445 3527 2502 Tum
3561 2465 3692 2504 vero

413 2532 520 2594 λω;
558 2534 690 2604 ἡμῖν
723 2534 959 2600 οἰκείους
991 2536 1090 2591 καὶ
1123 2539 1380 2609 συνήθεις
1429 2540 1700 2612 ὑπάρχειν
1721 2559 1734 2573 ·
1769 2542 1915 2612 λέγω
1945 2544 2002 2597 δὲ

2112 2539 2167 2582 ιιι
2196 2536 2254 2582 et
2289 2530 2426 2583 alias
2477 2532 2780 2586 necessarii
2811 2532 2945 2599 sint,
2972 2549 3036 2588 ac
3087 2537 3419 2606 quibuscum
3457 2558 3696 2598 consue-

413 2627 599 2686 κοινάς
628 2625 751 2680 ποθ’
781 2629 913 2699 ήμῖν
944 2630 1220 2695 κάκείνοις
1283 2631 1540 2700 γενέσθαι
1579 2637 1870 2705 στρατείας
1904 2640 1998 2690 καὶ

2112 2621 2383 2687 verimus;
2419 2630 2477 2676 ut
2512 2622 2760 2692 inquam,
2793 2627 3185 2684 communibus
3225 2633 3502 2700 quondam
3535 2636 3695 2692 bellis

411 2717 732 2789 διοικήσεις,
761 2721 854 2774 καὶ
880 2722 978 2786 τὰς
1007 2723 1176 2787 ἄλλας
1200 2727 1488 2794 ἐπιμιξίας
1513 2744 1525 2758 ·
1560 2729 1654 2780 καὶ
1694 2729 1834 2793 ὅλως
1861 2725 2003 2784 εἷναί

2112 2724 2171 2769 a’c
2206 2713 2788 2772 administrationibus
2853 2716 3028 2774 functi
3076 2721 3273 2791 simus,
3325 2740 3389 2781 ac
3439 2728 3564 2786 aliis
3609 2733 3696 2789 usi

413 2824 467 2859 τι
501 2811 595 2860 καὶ
630 2811 898 2883 πρότερον
925 2813 986 2867 τὸ
1022 2815 1277 2884 συνάγον.
1324 2817 1420 2882 Τίς
1450 2819 1562 2890 γὰρ
1593 2820 1659 2874 ἂν
1689 2821 2002 2874 πιστεύσειε

2112 2807 2495 2874 commerciis;
2550 2822 2615 2862 ac
2669 2809 2898 2865 omnino
2947 2813 3155 2882 aliquid
3214 2818 3444 2875 exsistat
3469 2839 3697 2880 necesse

414 2902 524 2964 τοῖς
549 2901 812 2972 μηδέποτ’
838 2905 1102 2978 ἀλλήλους
1126 2909 1416 2976 ἐγνωκόσι,
1435 2911 1708 2982 τοσαύτην
1734 2915 1919 2978 αὐτοῖς
1943 2917 2006 2967 ἐκ

2112 2899 2202 2965 sit,
2234 2898 2384 2968 quod
2436 2911 2492 2954 et
2525 2901 2679 2969 prius
2725 2904 2940 2957 animos
2991 2903 3324 2968 devinxerit.
3358 2911 3493 2977 Quis
3545 2917 3696 2971 enim

416 2994 644 3066 πρώτης
701 2997 884 3066 φιλίαν
921 3001 1356 3072 ἐγγενήσεσθαι,
1408 3003 1541 3058 ὥσθ’
1589 3005 1732 3076 ὑπὲρ
1754 3005 2005 3078 ἀλλήλων

2112 2991 2335 3046 inducat
2371 2991 2430 3046 in
2482 2993 2752 3060 animum,
2781 2993 3052 3052 hactenus
3083 2999 3231 3054 inter
3276 3017 3335 3057 se
3365 3005 3566 3074 ignotis
3599 3009 3699 3064 ho-
3778 3034 3783 3038 -

417 3088 692 3158 αἱρεῖσθαι
723 3090 1061 3146 κινδυνεύειν
1109 3093 1138 3146 ὃ
1185 3096 1310 3166 μηδ’
1341 3097 1480 3169 ὑπὲρ
1511 3097 1624 3152 τῶν
1653 3100 2006 3171 συνηθεστά-

2112 3081 2376 3150 minibus,
2411 3093 2615 3138 tantam
2670 3102 2698 3140 a
2729 3086 2909 3155 prima
2947 3093 3340 3160 congressione
3372 3098 3696 3156 coalituram

414 3194 524 3233 των
558 3183 676 3235 ἐστὶ
707 3183 908 3253 ῥᾳδίως
949 3185 1323 3258 προσδοκῆσαι
1380 3191 1533 3245 ποτέ.
1571 3190 1736 3244 Ἀλλά
1767 3193 1876 3264 μὴν
1910 3195 2005 3247 καὶ¹

2112 3176 2434 3241 amicitiam,
2470 3187 2652 3233 utnec
2683 3194 2784 3249 pro
2828 3195 2886 3234 se
2916 3192 3110 3239 mutuo
3152 3189 3396 3255 pericula
3420 3193 3573 3248 adire
3605 3193 3700 3250 dc-

421 3273 637 3345 πλήθει,
669 3277 762 3358 καί
790 3279 985 3351 τόλμῃ,
1024 3280 1123 3333 καὶ
1155 3283 1490 3353 φρονήμασι,
1527 3286 1621 3338 καὶ
1650 3288 1714 3358 τῇ
1750 3289 1877 3358 περὶ
1905 3287 2006 3352 τὰς

423 3366 602 3435 μάχας
626 3353 890 3442 ἐμπειρίᾳ
909 3371 993 3424 δεῖ
1022 3373 1149 3435 τοὺς
1184 3376 1532 3446 συμμάχους,
1563 3377 1672 3431 τῶν
1689 3353 2006 3450 ’,βαρδάρων

424 3459 700 3530 προέχειν,
741 3464 790 3515 εί
824 3464 1072 3531 μέλλοιεν
1109 3468 1236 3530 τοὺς
1271 3471 1327 3522 ἐν
1350 3474 1417 3541 τῇ
1448 3472 1626 3541 οἰκείᾳ
1659 3475 2009 3542 μαχομένους

420 3552 576 3606 αὐτοὶ
607 3555 785 3626 νικᾷν,
818 3555 968 3621 ὄντες
999 3557 1163 3628 ξένοι,
1195 3562 1292 3615 καὶ
1323 3563 1624 3632 τρέπεσθαι
1657 3567 1784 3628 τοὺς
1818 3566 2008 3620 εἰωθό-

421 3661 520 3708 τας
552 3649 811 3718 κρατεῖνο
846 3650 940 3703 καὶ
987 3651 1126 3720 πρός
1153 3670 1217 3722 γε
1265 3655 1346 3707 ἔτι
1379 3656 1454 3726 μὴ
1479 3655 1690 3726 ταύτην
1720 3656 1903 3721 αὐτοῖς
1932 3654 2010 3712 εἶ-

422 3753 512 3792 ναι
548 3739 775 3810 πρώτην
818 3743 919 3811 τῆς
975 3744 1112 3815 πρὸς
1164 3748 1290 3810 τοὺς
1331 3748 1631 3820 πολεμίους
1679 3752 2008 3822 συμπλοκῆς

422 3830 522 3901 τὴν
545 3833 744 3904 ἀρχήν.
766 3834 931 3889 Ἀλλά
957 3837 1053 3891 καὶ
1080 3839 1350 3911 πρότερον
1384 3837 1526 3896 εἶναι
1557 3845 1766 3899 τούτων
1825 3863 2014 3899 πεπει-

427 3926 717 3997 ραμένους,
756 3930 850 3982 καὶ
878 3931 948 3984 τὰ
980 3930 1263 4001 φθάσαντα
1291 3936 1696 4008 κατορθώματα
1728 3941 1827 4009 τῆς
1856 3938 2012 3993 ὓστε-

428 4036 522 4088 ρον
549 4019 819 4091 ἐσομένης
854 4023 1010 4093 νίκης
1045 4025 1305 4097 ἐνέχυρον
1350 4025 1512 4085 εἶναι.
1551 4033 1661 4101 Τῆς
1697 4031 1753 4083 δὲ
1793 4031 2013 4103 βεϐαιό-

427 4127 613 4181 τητος,
662 4116 759 4166 καὶ
803 4115 896 4168 τοῦ
931 4115 1006 4188 μὴ
1043 4117 1151 4170 τῶν
1184 4120 1244 4182 ἐξ
1277 4120 1454 4191 ἀρχῆς
1486 4124 1848 4193 ἐγνωσμένων
1878 4124 2006 4192 άφί-

433 4205 684 4281 στασθαι,
716 4207 818 4261 οὐκ
839 4204 937 4262 οἷδ’
969 4210 1022 4263 εῐ
1040 4229 1124 4272 τις
1160 4211 1297 4278 πρὸς
1314 4215 1404 4269 τὸν
1432 4215 1674 4285 πόλεμον
1711 4219 2010 4284 ἀναγκαιο-

429 4295 592 4368 τέραν
627 4298 938 4354 συντέλειαν
977 4303 1216 4373 ἡγεῖται.
1273 4305 1360 4368 Ὠς
1392 4307 1453 4359 τό
1481 4324 1543 4376 γε
1595 4309 1757 4378 ἔργον
1791 4309 2010 4380 ἁψαμέ-

430 4401 552 4450 νους
589 4388 846 4442 ἀπειπεῖν
881 4390 989 4461 πρὸ
1043 4393 1137 4445 τοῦ
1174 4393 1362 4458 τέλους
1387 4395 1539 4448 οὐδὲν
1565 4397 1752 4467 ἕτερόν
1781 4399 2010 4469 ἐστιν,ῆ

431 4476 571 4544 σφᾶς
597 4476 796 4540 αὐτοὺς
825 4477 1160 4546 προδιδόναι,
1191 4481 1286 4534 καὶ
1338 4482 1460 4535 καθ’
1496 4485 1656 4553 ήμῶν
1689 4487 1817 4548 τοὺς
1858 4487 2016 4539 πολε·

2115 3277 2351 3324 trectent
2371 3271 2559 3340 ;.quod
2584 3272 2674 3326 vix
2720 3272 2920 3343 aliquis
2949 3291 3055 3345 pro.
3087 3281 3322 3334 maxime
3367 3287 3700 3341 necessariis

2115 3378 2352 3432 unquam
2407 3362 2567 3419 facile
2617 3376 2924 3436 exspectet.
2972 3369 3116 3436 Quin
3167 3381 3222 3425 et
3251 3374 3606 3434 multitudine
3645 3394 3702 3435 et

2115 3457 2343 3510 audacia
2375 3459 2708 3530 animisque,
2741 3476 2807 3517 ac
2849 3464 2928 3518 rei
2980 3463 3190 3520 bellicae
3221 3468 3420 3536 peritia
3448 3471 3703 3529 Barbaris

2115 3559 2378 3618 praestare
2414 3561 2656 3620 oportet,
2693 3567 2753 3608 ut
2787 3555 2890 3625 ipsi
2924 3559 3225 3628 peregrini,
3253 3559 3308 3614 in
3333 3577 3429 3616 sua
3458 3564 3701 3632 ipsorum

2114 3641 2338 3711 regione
2394 3655 2708 3716 pugnantes
2749 3648 2875 3703 illos
2929 3650 3130 3705 victuri
3166 3652 3296 3719 sint,
3337 3670 3402 3710 ac
3457 3657 3708 3714 victoriis

2116 3745 2370 3792 assuetos
2421 3736 2476 3792 in
2529 3737 2712 3809 fugam
2775 3743 3010 3797 versuri.
3041 3744 3123 3798 Ad
3186 3746 3303 3801 haec
3354 3749 3482 3803 item
3523 3759 3586 3804 ut
3634 3767 3704 3806 ne

2119 3827 2360 3898 primum
2416 3826 2550 3882 illud
2601 3829 2674 3884 sit
2722 3832 3130 3900 congressionis
3187 3835 3458 3891 adversus
3517 3838 3708 3895 hostes

2120 3919 2378 3982 initium;
2416 3919 2510 3973 sed
2544 3926 2600 3973 et
2625 3920 2736 3989 jam
2774 3921 2961 3974 talium
3014 3923 3322 3992 perieulum
3359 3925 3615 3995 fecerint,
3641 3946 3706 3984 ac

2118 4012 2325 4080 quibus
2375 4011 2581 4080 prioria
2616 4010 2879 4078 facinora,
2907 4012 3104 4068 futurae
3149 4017 3394 4072 victorie
3436 4020 3706 4076 exsistant

2118 4103 2337 4172 pignus.
2389 4104 2713 4158 Constantia
2770 4115 2979 4172 autem,
3040 4117 3097 4162 et
3152 4118 3212 4162 ut
3252 4125 3320 4164 ne
3377 4112 3548 4166 abiis
3585 4130 3707 4183 quae

2119 4192 2282 4248 initio
2317 4195 2431 4250 visa
2480 4209 2630 4260 sunt.
2695 4198 3040 4264 recedamus,
3083 4201 3231 4256 haud
3291 4204 3419 4258 novi
3473 4220 3542 4259 an
3582 4206 3708 4275 quis

2118 4283 2250 4350 quid
2288 4287 2659 4343 necessarium
2687 4288 2864 4360 magis
2886 4291 3165 4346 existimet
3195 4292 3263 4347 ad
3291 4291 3420 4347 belli
3454 4310 3711 4350 consum-

2120 4375 2440 4431 mationem.
2490 4377 2666 4449 Atque
2729 4381 2888 4448 adeo,
2949 4393 3006 4437 ut
3065 4400 3180 4439 rem
3241 4386 3538 4454 auspicati,
3580 4396 3709 4444 ante

2121 4465 2286 4522 finem
2343 4469 2589 4523 animum
2664 4471 3144 4542 deSpondeamus,
3200 4477 3344 4532 haud
3411 4477 3560 4532 aliud
3616 4478 3707 4546 sit,

433 4569 590 4639 μίους
620 4571 1116 4642 προσπαροξύνειν.
1154 4574 1262 4626 Καὶ
1292 4574 1398 4646 μὴν
1429 4575 1583 4628 οὐδέν
1615 4580 1763 4642 ἐστιν
1792 4580 1873 4642 είς
1903 4580 1931 4632 ὃ
1957 4598 2006 4633 τι

2119 4575 2286 4629 quam
2322 4571 2382 4616 ut
2406 4577 2508 4617 nos
2545 4563 2648 4632 ipsi
2681 4565 3002 4634 prodamus,
3037 4568 3333 4639 hostesque
3357 4570 3413 4625 in
3449 4584 3550 4625 nos
3580 4570 3711 4625 irri-

428 4662 634 4717 τούτων
683 4664 900 4737 ἑκάστῳ
968 4666 1309 4737 χρησόμεθα,
1372 4671 1673 4739 χρημάτων
1725 4673 2011 4725 ἀπόντων·

434 4754 636 4823 μᾶλλον
666 4756 762 4822 ,δὲ
817 4757 892 4827 μὴ
957 4757 1227 4811 πλείστων
1294 4760 1601 4830 παρόντων.
1673 4761 1845 4818 Τοῦτο
1907 4765 2016 4834 γάρ

433 4845 605 4909 ἐστιν,
675 4836 738 4897 οὗ
787 4845 977 4915 σχεδδν
1033 4845 1252 4900 πάντων
1319 4848 1556 4917 μάλιστα
1622 4849 1740 4914 δεῖ,
1796 4854 1888 4904 καὶ
1943 4845 2017 4904 ὧν

433 4938 535 4990 οὐκ
565 4936 817 5007 ἀφθόνως
864 4940 1256 5011 ἐπιρρεόντων,
1307 4942 1522 5013 ἀνάγκη
1578 4943 1694 5014 μετ’
1753 4943 2018 5014 αἰσχύνης

435 5032 758 5101 ἀναχωρεῖν.
784 5032 876 5082 Δεῖ
909 5031 973 5100 δὴ
1014 5033 1286 5086 πλουσίων
1325 5035 1459 5104 ἡμῖν
1492 5037 1587 5087 καὶ
1619 5037 2016 5107 μεγαλοψύχων

437 5121 766 5193 συμμάχων,
823 5122 884 5173 οὑ
931 5121 998 5174 τὰ
1027 5122 1166 5175 ὅπλα
1201 5123 1383 5193 μόνον,
1415 5124 1552 5178 ἀλλά
1582 5127 1677 5178 καὶ
1719 5127 1843 5187 τοὺς
1876 5127 2017 5180 οἴκοι

439 5212 750 5283 θησωροὺς
792 5212 931 5281 ὑπὲρ
958 5213 1116 5282 ήμῶν
1167 5215 1470 5283 τιθεμένων
1496 5231 1510 5246 °
1547 5217 1643 5270 καὶ
1673 5215 1828 5292 ταῦθ’
1863 5217 2019 5286 ὑμῶν

352 5333 359 5340 κ
441 5305 565 5376 μηδ’
597 5305 956 5375 ὀϐολὸν.μήτε
1005 5306 1322 5376 δυναμένων
1364 5309 1490 5378 μήτ’
1513 5309 1646 5371 ἴσως
1679 5308 2021 5379 βουλομένων

438 5399 580 5470 ὑπὲρ
616 5398 726 5450 τῶν
770 5397 1116 5468 πραγμάτων
1169 5399 1436 5469 προέσθαι
1458 5415 1472 5430 ⁸
1505 5401 1718 5454 τοσοῦτ’
1750 5403 2020 5471 ἀπεσχόν-

439 5508 550 5544 των
582 5490 810 5560 μισθοὺς
853 5489 1092 5553 τελέσαι,
1136 5491 1232 5544 καὶ
1279 5491 1375 5560 τὴν
1429 5493 1598 5563 ἀλλην
1629 5495 1725 5547 τοῦ
1775 5494 2016 5565 πολέμου

439 5586 790 5654 κατασκευὴν
812 5583 1148 5655 ἐκπορίζειν.

520 5680 585 5732 Ἃ
618 5679 718 5746 μὲν
746 5677 928 5730 τοίνυν
965 5678 1092 5739 τοὺς
1125 5678 1259 5747 ἡμῖν
1297 5680 1838 5751 συνεπιληψομένους
1875 5682 2020 5752 ἔχειν

443 5769 727 5837 προσήκει,
755 5766 848 5818 καὶ
890 5765 1162 5834 μεθ’,οἵων
1193 5767 1302 5820 τῶν
1333 5786 1391 5822 τε
1419 5769 1590 5840 τύχης
1618 5771 1712 5823 καὶ
1737 5770 1844 5821 τῶν
1867 5770 2020 5839 παρά

441 5860 543 5928 τῆς
595 5851 796 5928 ἀρετῆς
847 5855 1090 5924 ἀγαθῶν,
1157 5858 1302 5928 ὑπὲρ
1363 5860 1522 5931 ἡμῶν
1587 5861 2014 5926 κινδυνεύσουσι,

684 5953 954 6012 ΡΑΤκοι..
988 5952 1105 6013 Gn.
1147 5950 1276 6012 'CLl
1291 5953 1358 6015 V.

2125 4659 2322 4707 tentus.
2361 4653 2430 4706 At
2459 4669 2641 4724 neque
2670 4657 2914 4726 suppetit
2952 4674 3063 4728 quo
3105 4659 3299 4714 horum
3327 4677 3550 4731 quoque
3587 4672 3709 4716 uta-

2122 4760 2267 4810 mur,
2327 4747 2372 4801 si
2437 4751 2686 4817 pecuniae
2743 4751 2945 4816 desint,
2981 4754 3093 4808 imo
3152 4755 3260 4810 nisi
3297 4755 3480 4810 adsint
3538 4761 3710 4812 multa

2121 4837 2312 4906 copia;
2366 4838 2472 4893 hoc
2533 4841 2681 4893 enim
2741 4851 2828 4896 est
2886 4858 2996 4912 quo
3041 4844 3434 4899 fereomnium
3471 4847 3712 4901 maxime
3771 4882 3774 4886 -

2123 4947 2263 5002 opus
2293 4942 2414 5000 est,
2452 4950 2515 4989 ac
2545 4937 2746 5005 quibus
2798 4953 2910 4992 non
2943 4939 3165 4994 abunde
3197 4928 3584 5006 atlluentibus,
3618 4960 3714 4999 ne-

2120 5041 2275 5080 cesse
2335 5027 2408 5081 sit
2474 5029 2738 5083 confusos
2793 5031 3072 5087 recedere.
3123 5033 3313 5103 Itaque
3365 5037 3714 5093 necessarios

2124 5116 2393 5172 habemus
2449 5118 2650 5174 divites
2700 5134 2765 5174 ac
2817 5122 3143 5192 magniﬁcos
3197 5124 3559 5192 auxiliarios,
3618 5142 3712 5196 qui

2122 5209 2328 5264 nedum
2361 5225 2535 5276 arma,
2559 5213 2652 5267 sed
2689 5225 2743 5268 et
2767 5213 3058 5269 thesauros
3099 5215 3246 5271 domi
3282 5217 3557 5286 repositos
3587 5233 3716 5288 pro-

2122 5313 2246 5371 pter
2269 5318 2390 5378 nos,
2420 5315 2628 5373 ponant
2665 5324 2678 5360 :
2719 5307 2882 5377 idque
2911 5323 3035 5362 eum
3070 5323 3189 5375 vos,
3217 5325 3284 5364 ne
3340 5309 3560 5365 obolum
3587 5311 3714 5379 qui-

2123 5393 2245 5447 dem
2302 5395 2562 5464 possitis,
2611 5411 2675 5450 ac
2737 5396 3122 5453 forte-nolitis
3173 5400 3494 5469 reipublic-23
3549 5415 3713 5454 causa

2121 5483 2446 5552 effundere;
2486 5494 2697 5540 tantum
2728 5487 2901 5550 abest,
2939 5497 2998 5542 ut
3031 5489 3246 5544 solvere
3287 5487 3620 5551 mercedem,
3651 5504 3715 5543 ac

2123 5579 2396 5647 reliquum
2439 5579 2566 5633 belli
2609 5590 2931 5649 apparatum
2962 5593 3245 5648 praestare.

2196 5670 2321 5726 Haec
2372 5672 2658 5728 enimvero
2717 5675 2920 5743 quibus
2977 5684 3202 5729 ornatos
3255 5682 3508 5742 oporteat
3569 5687 3713 5739 esse,

2123 5767 2215 5837 qui
2258 5765 2418 5822 nobis
2449 5768 2560 5821 sint
2620 5767 2842 5822 allaturi
2876 5783 3058 5837 opem,
3110 5783 3283 5836 eaque
3315 5769 3432 5820 fere
3467 5782 3571 5836 qua
3596 5766 3712 5819 for-

2125 5869 2293 5926 tunaa,
2353 5874 2461 5928 qua
2511 5858 2731 5914 virtutis
2799 5861 2964 5926 bona,
3011 5859 3345 5930 quibuscum
3395 5873 3494 5928 pro
3554 5859 3716 5915 nobis

3312 5954 3384 6012 31
