4068 6492
359 378 455 436 9H

1639 371 2020 431 DELETIUI
2061 371 2374 435 CYDONII

3531 381 3638 445 972

273 477 288 493 ’
354 493 595 547 debeant
649 490 804 545 adire
840 489 1110 559 pericula.
1147 487 1253 541 Sed
1289 495 1345 540 et
1399 486 1527 550 alia,
1559 495 1618 539 ut
1659 485 1788 555 quis
1822 483 1947 538 dili-

2057 487 2245 558 σχεδὸν
2275 488 2616 546 ταῦτ’ἐστίν.
2661 491 2813 546 Ἐστι
2869 492 2926 546 δὲ
2957 491 3052 546 καὶ
3083 494 3218 549 ἄλλα
3249 493 3358 549 τῶν
3406 495 3632 566 ἀκριϐέ-

358 585 580 654 gentius
605 581 864 636 adhibeat
893 580 1165 642 animum,
1209 579 1383 648 possit
1427 577 1630 632 dicere.
1663 575 1945 642 Quosnam

359 677 529 748 igitur
562 674 726 730 nobis
752 675 886 728 tales
932 674 1181 728 subsidio
1213 671 1606 727 accersemus?
1639 669 1944 736 Quosnam,

342 770 608 822 omnium
648 775 746 822 aut
801 767 1045 836 plurium
1099 781 1231 836 ergo
1283 765 1512 818 idoneos
1567 761 1945 830 antagonistas

355 862 783 931 reputabimus?
838 860 1181 928 Quibusnam
1241 858 1367 914 freti
1415 871 1518 912 nos
1563 856 1712 927 ipsos
1745 854 1942 910 crede-

355 955 523 1011 mus?
577 956 632 1011 Si
687 955 912 1025 quidem
969 954 1114 1008 enim
1175 952 1226 1006 vi
1289 950 1666 1006 calamitatum
1697 947 1945 1020 perculsi

355 1049 586 1104 mnnino
614 1047 920 1102 defecimus
964 1045 1184 1111 animis,
1222 1043 1360 1099 alios
1391 1057 1622 1113 prorsus
1663 1048 1948 1108 exSpectat
1984 1046 1986 1048 '

355 1154 592 1212 tempus.
620 1143 789 1211 inque
845 1139 1095 1194 ordinem
1143 1137 1305 1194 nobis
1353 1151 1660 1208 congruum
1696 1141 1855 1190 vocat
1882 1149 1947 1189 ac

357 1237 526 1303 tingit.
564 1234 730 1288 Forte
755 1233 956 1303 aliquis
987 1231 1228 1302 Scythas
1253 1229 1424 1296 dicat,
1456 1229 1550 1298 qui
1586 1243 1688 1283 nec
1710 1228 1946 1297 amplius

360 1329 712 1392 consistunt;
762 1327 970 1396 quique
1017 1325 1402 1391 nihilominus,
1431 1332 1491 1376 nt
1527 1322 1765 1392 possint,
1797 1319 1942 1375 haud

353 1440 486 1479 sane
512 1423 718 1486 velint;
756 1435 935 1488 neque
967 1427 1026 1474 ut
1073 1418 1269 1482 velint,
1303 1416 1454 1470 vires
1503 1415 1612 1470 sint
1653 1412 1897 1467 habituri
1927 1455 1942 1479 ,

353 1533 416 1572 ac
446 1517 647 1586 quibus
702 1513 892 1569 auxilii
932 1511 1269 1574 mercedem,
1303 1524 1371 1563 ne
1405 1508 1555 1577 ipsos
1614 1517 1835 1560 nostros
1868 1505 1946 1558 la-

353 1609 510 1679 pides
562 1608 618 1663 in
660 1619 955 1679 argentum
992 1612 1236 1682 mutatos
1271 1601 1406 1657 satis
1452 1613 1573 1657 esse
1613 1597 1943 1668 patavcrim.

350 1703 495 1768 Quin
574 1700 743 1755 audio
797 1700 867 1753 ab
923 1699 992 1753 iis
1041 1697 1323 1767 primum,
1363 1701 1638 1748 vastatum
1702 1703 1823 1744 esse
1880 1702 1945 1742 ac

350 1797 660 1852 desolatum
700 1804 953 1847 nostrum
987 1789 1189 1845 solum.
1228 1788 1434 1842 Eorum
1466 1784 1614 1840 enim
1645 1797 1742 1852 per
1768 1786 1943 1836 annos

351 1889 598 1961 singulos
637 1885 880 1941 millenis
944 1885 1143 1939 turmis
1195 1880 1718 1942 ineursiones,cum
1773 1874 1944 1930 urbes

350 1981 676 2037 hominibus
700 1994 902 2035 vacuas
927 1976 1320 2038 reddidissent,
1354 1990 1420 2028 ac
1461 1973 1818 2028 Tartarorum
1847 1985 1942 2025 so-

351 2075 572 2131 litudini
609 2075 818 2130 similes
864 2072 1205 2135 effecissent,
1243 2069 1440 2122 Turcis
1492 2066 1725 2121 liberam
1771 2063 1946 2120 facul-

352 2183 520 2228 tatem
562 2169 840 2232 fecerunt,
893 2174 954 2221 ut
975 2179 1170 2220 eorum
1224 2160 1488 2232 reliquias
1541 2173 1942 2230 persequeren-

351 2277 443 2322 tur
464 2307 480 2332 ,
507 2280 572 2320 ac
600 2265 644 2320 si
676 2275 884 2333 magna:
925 2259 1108 2314 febres
1153 2271 1217 2311 ac
1247 2255 1425 2320 tabes,
1457 2263 1692 2308 mortem
1717 2260 1942 2307 antece-

349 2357 506 2410 dant.
535 2355 810 2407 Prazterea
841 2349 968 2420 quis
991 2363 1087 2404 eos
1141 2345 1543 2403 conciliaturus
1582 2351 1688 2409 est,
1715 2357 1780 2398 ac
1818 2356 1944 2396 sua-

351 2464 516 2505 surus
544 2455 605 2500 ut
643 2442 908 2500 oblivioni
937 2439 1182 2505 traditis;
1204 2438 1412 2510 quibus
1453 2451 1513 2493 se
1547 2447 1742 2492 mutuo
1781 2434 1941 2490 malis

349 2539 624 2604 aﬂiciunt,
646 2535 822 2591 nostri
850 2547 1015 2589 causa
1039 2531 1374 2588 conveniant
1401 2528 1472 2584 ad
1494 2525 1944 2584 deliberandum?

349 2636 459 2691 Aut
494 2646 627 2701 ergo
675 2626 1048 2683 seditionibus
1105 2622 1306 2685 divisi.
1356 2637 1429 2677 ne
1473 2635 1533 2676 se
1586 2618 1687 2688 ipsi
1717 2619 1942 2689 quidem

345 2730 546 2802 juvare
597 2728 882 2795 poterunt,
920 2729 1018 2774 aut
1085 2724 1381 2786 antequam
1429 2713 1656 2770 omnino
1708 2727 1943 2768 concor-

350 2823 496 2877 diam
531 2819 740 2883 ineant,
775 2814 828 2868 in
866 2828 968 2867 nos
1012 2817 1262 2866 moturos
1288 2817 1617 2878 exspectare
1651 2805 1944 2862 debemus.

355 2911 464 2971 Sed
496 2923 551 2968 et
608 2910 697 2965 his
729 2906 997 2974 exceptis,
1041 2919 1109 2960 ne
1146 2910 1367 2958 nostras
1400 2897 1622 2973 quidem
1655 2899 1942 2955 calamita-

358 3021 463 3074 tes,
493 3021 685 3061 eorum
744 3001 908 3056 video
955 3005 1374 3068 exspectaturas
1411 2993 1702 3050 auxilium.
1754 2990 1942 3059 Quan-

352 3117 519 3175 quam
547 3101 693 3153 ehim
727 3110 875 3151 nunc
911 3093 1034 3164 ipso
1059 3089 1151 3146 die
1199 3089 1410 3145 electos
1436 3087 1644 3166 legatos
1667 3083 1940 3154 proﬁcisci

2053 600 2244 653 στερον
2288 585 2670 656 προσεχόντων
2708 589 2820 650 τοῖς
2881 588 3208 657 πράγμασιν
3241 589 3306 643 ἂν
3345 590 3635 660 εἰρημένα.

2048 676 2215 741 Τίνας
2241 678 2423 731 τοίνυν
2446 678 2729 743 τοιούτους
2757 680 2894 751 ὑπὲρ
2919 681 3028 734 τῶν
3059 683 3345 751 ἡμετέρων
3374 686 3637 754 πραγμά-

2047 787 2157 823 των
2188 771 2526 841 καλέσομεν;
2579 775 2747 836 Τίνας
2790 776 3012 830 πάντων
3061 777 3094 846 ἢ
3128 777 3236 830 τῶν
3269 794 3333 845 γε
3368 777 3636 831 πλείστων

2047 862 2210 917 ἓνεκα
2237 863 2536 934 νομιοῦμεν
2562 863 2862 936 ἀξιόχρεως
2893 867 3302 937 ἀνταγωνιστάς
3329 886 3343 935 ;
3384 868 3503 921 Τίσι
3527 868 3636 938 χρὴ

2048 955 2391 1027 θαρροῦντας
2421 958 2572 1028 ἡμᾶς
2621 959 2818 1024 αὐτοὺς
2851 961 3216 1030 ἐγχειρίζειν;
3250 962 3310 1014 El
3341 961 3447 1030 γὰρ
3467 963 3633 1030 ἡμεῖς

2047 1048 2236 1114 ἁπλῶς
2253 1050 2390 1120 πρὸς
2410 1053 2510 1114 τάς
2525 1056 2811 1124 συμφοράς
2837 1053 3286 1122 καταπλαγέντες
3311 1053 3499 1124 ἐξέστη
3509 1071 3635 1124 μεν,

2048 1139 2268 1204 πάντως
2307 1141 2531 1212 ἐτέρους
2586 1145 2614 1197 ὁ
2668 1143 2860 1214 καιρὸς
2897 1145 3210 1216 περιμένει,
3253 1144 3347 1198 καὶ
3393 1147 3474 1207 εἰς
3531 1145 3636 1212 τὴν

2048 1233 2180 1302 ἡμῖν
2237 1236 2628 1306 προσήκουσαν
2667 1237 2823 1303 τάξιν
2874 1238 3054 1292 καλεῖ.
3114 1236 3333 1296 Σκύθας
3368 1253 3450 1300 τις
3501 1237 3634 1300 ίσως

2048 1325 2186 1396 ἐρεῖ,
2220 1326 2348 1390 τοὺς
2371 1328 2553 1382 οὐκέτ’
2581 1328 2766 1396 ὂντας,
2801 1330 2898 1384 καὶ
2927 1331 3056 1392 τοὺς
3101 1329 3203 1400 οὐχ
3231 1325 3415 1400 ἦττον,
3463 1330 3512 1382 εί
3543 1329 3633 1383 δύο

2047 1437 2253 1488 ναιντο,
2291 1423 2368 1493 μὴ
2403 1420 2869 1494 βουλησομένους,
2922 1423 2954 1494 ἦ
3000 1424 3076 1496 μὴ
3133 1424 3552 1494 δυνησομένους,
3583 1426 3637 1478 εί

2049 1512 2347 1584 βούλοιντο,
2377 1516 2473 1569 καὶ
2503 1511 2585 1580 οἷς
2617 1517 2714 1587 τῆς
2742 1517 2999 1589 βοηθείας
3033 1515 3248 1587 μισθὸν,
3280 1517 3390 1570 οὐδ’
3415 1516 3482 1570 ἀν
3507 1517 3639 1578 τοὺς

2050 1608 2183 1678 παρ’
2216 1609 2350 1679 ἡμῖν
2385 1609 2565 1673 λίθους
2597 1610 3102 1682 ἐξαργυρισθέντας
3128 1611 3362 1682 ἀρκέσαι
3395 1610 3635 1681 νομίζω;

2062 1698 2208 1753 Ἀλλ’
2232 1699 2336 1753 ὑπὸ
2369 1702 2576 1755 τούτων
2627 1702 2847 1772 πρῶτον
2882 1701 3070 1756 ἀκούω
3124 1703 3225 1772 τὴν
3254 1703 3439 1774 χώραν
3478 1703 3638 1773 ἡμῶν

2052 1787 2357 1843 ἀνάστατον
2398 1791 2749 1860 γεγενῆσθαι.
2780 1793 2848 1847 Δί
2874 1793 2984 1863 γὰρ
3008 1792 3118 1846 τῶν
3145 1795 3276 1862 παρ’
3306 1794 3489 1856 αὐτοῖς
3531 1811 3638 1863 μυ-

2050 1880 2297 1951 ριάρχων
2328 1881 2459 1957 καθ’.
2505 1882 2742 1937 ἕκαστον
2787 1884 2908 1947 ἔτος
2942 1885 3192 1954 ἐμϐολαὶ,
3235 1886 3506 1954 σωμάτων
3536 1887 3636 1949 τὰς

2047 1972 2232 2033 πόλεις
2265 1971 2597 2040 κενῶσασαι,
2631 1975 2726 2028 καὶ
2775 1977 2876 2044 τὴν
2913 1976 3139 2030 Σκυθῶν
3170 1977 3406 2048 ἐρημίαν
3439 1979 3632 2042 αὐταῖς

2047 2061 2399 2132 περιθεῖσαι,
2451 2064 2793 2135 παρέσχοντο
2824 2070 2938 2130 τοῖς
2987 2067 3253 2136 Τούρκοι;
3283 2069 3468 2122 ἄδειαν
3520 2073 3635 2133 τοῖς

2049 2156 2276 2211 ἐκείνων
2324 2156 2598 2226 λειψάνοις
2642 2159 2994 2224 ἐπεξελθεῖν·
3039 2161 3232 2232 ὥσπερ
3264 2162 3518 2233 σώματος
3551 2181 3636 2216 τε-

2046 2247 2267 2316 λευτῆς.
2318 2250 2574 2320 πυρετῶν
2633 2254 2950 2326 μεγάλωνῆ
3005 2255 3178 2325 φθόης
3237 2257 3628 2327 ἡγησαμένων.

2053 2341 2264 2405 Ἀλλως
2297 2359 2356 2396 τε
2388 2343 2469 2408 τίς
2499 2344 2528 2397 ὁ
2561 2343 2865 2410 διαλλαξων
2904 2347 3125 2412 αὐτοὺς,
3169 2349 3264 2403 καὶ
3295 2349 3522 2414 πείσων,
3559 2347 3635 2405 ῶν

2046 2437 2311 2506 ἀλλήλους
2371 2436 2696 2502 κακίζουσιν
2759 2439 3232 2512 ἐπιλαθομένους,
3297 2443 3436 2514 ὑπὲρ
3475 2446 3632 2515 ἡμῶν

2049 2529 2402 2594 συνελθόντας
2461 2530 2862 2602 βουλεύεσθαι;
2914 2536 2986 2588 Ἢ
3015 2534 3198 2590 τοίνυν
3251 2539 3632 2602 στασιάζοντες

2046 2619 2158 2674 οὐδ’
2187 2621 2372 2684 αὐτοῖς
2415 2622 2606 2688 ἕξουσι
2643 2624 2888 2696 βοηθεῖν,
2937 2626 3136 2698 ἣπρὶν
3187 2629 3449 2700 καθαρῶς
3502 2632 3633 2697 ὀμο-

2046 2714 2261 2783 νοῆσαι,
2287 2714 2372 2782 ἐφ’
2400 2717 2550 2785 ἡμᾶς
2572 2717 2770 2782 αὐτοὺς
2801 2718 2956 2794 ἥξειν
2980 2721 3084 2788 χρὴ
3114 2720 3438 2792 προσδοκᾷν.
3457 2721 3634 2791 Χωρὶς

2045 2807 2103 2860 δὲ
2138 2808 2346 2862 τούτων
2397 2810 2521 2863 οὐδὲ
2552 2811 2653 2872 τὰς
2704 2811 2982 2882 ἡμετέρας
3022 2815 3316 2884 συμφορὰς
3362 2815 3461 2886 τὴν
3507 2817 3638 2885 παρ’

2049 2903 2276 2956 ἐκείνων
2305 2902 2560 2973 βοήθειαν
2618 2905 3000 2972 ἀναμενούσας
3037 2909 3169 2977 ὁρῶ.
3209 2907 3271 2961 Εἰ
3303 2911 3411 2979 γὰρ
3457 2911 3630 2982 cson-

2007 3003 2010 3006 ’
2052 2997 2222 3066 μερὶν
2253 2996 2384 3060 τοὺς
2431 2997 2694 3067 πρέσϐεις
2734 3001 3213 3069 χειροτονήσαντες
3243 3003 3629 3073 ἀναγκάζομεν

2048 3089 2274 3156 ἐξιέναι,
2327 3090 2484 3160 μόλις
2533 3091 2616 3156 είς
2641 3091 2868 3166 τούπιὸν
2907 3093 3028 3155 ἔτος
3054 3093 3331 3164 ἀρξόμεθα
3374 3097 3474 3164 τὴν
3502 3115 3637 3166 συμ-

351 3160 764 3262 compellimus,
810 3187 903 3240 vix
938 3197 1085 3238 anno
1132 3179 1387 3252 sequenti
1435 3160 1712 3247 incepturi
1752 3188 1945 3229 sumus

2057 3183 2258 3253 μαχίαν
2307 3183 2573 3249 ἐλπίζειν.
2614 3160 2778 3255 Ἡμῖν
2805 3187 2851 3241 δ’
2894 3187 2963 3240 ἂν
3004 3160 3312 3258 μήντούτου
3353 3160 3447 3242 τού
3479 3160 3638 3261 μετοα

355 3293 678 3357 exspectare
731 3277 1025 3334 auxilitum.
1071 3275 1168 3329 Sin
1218 3281 1403 3328 autem
1444 3271 1590 3326 Deus
1644 3269 1815 3322 hocce
1848 3280 1948 3320 au-

359 3394 552 3436 tumno
585 3374 849 3432 auxilium
881 3385 993 3425 non
1018 3369 1221 3433 mittat,
1249 3365 1406 3420 scitis
1427 3376 1620 3418 omnes
1651 3361 1706 3415 in
1729 3369 1948 3430 quanta:
1983 3361 1987 3365 ’

353 3469 702 3542 tempestatis
739 3465 1032 3536 procinctu
1077 3462 1270 3516 simus.
1300 3459 1506 3520 Taceo,
1537 3454 1687 3526 quod
1723 3453 1945 3531 nec.illi

354 3580 597 3636 unquam
633 3557 940 3616 adducendi
973 3563 1125 3620 sunt,
1150 3561 1210 3608 ut
1238 3552 1408 3607 velint
1436 3551 1489 3603 in
1515 3549 1726 3604 Turcos
1743 3547 1946 3603 bellum

355 3659 642 3728 suscipere
667 3694 681 3717 ,
707 3650 963 3706 homines
996 3645 1174 3716 impii,
1209 3645 1428 3715 piorum
1463 3657 1656 3706 causa,
1683 3640 1950 3694 adversus

354 3767 454 3807 eos
482 3748 686 3820 quibus
727 3742 866 3797 mala
892 3739 1086 3795 eadem
1120 3735 1434 3792 communia
1466 3735 1597 3788 sint.

429 3843 723 3896 Enimvero
763 3835 913 3891 dicat
945 3830 1175 3888 forsitan
1205 3826 1386 3883 obiter
1435 3823 1710 3896 quispiam
1739 3823 1949 3892 :Quid-

357 3952 489 3992 nam
522 3934 575 3988 in
608 3929 772 4002 Mysis
807 3943 871 3983 ac
904 3922 1145 3981 Tribalis
1172 3919 1388 3977 causari
1419 3918 1648 3982 habeas,
1674 3916 1952 3972 similibus

351 4029 527 4086 nobis
577 4021 922 4087 hominibus,
954 4033 1019 4073 ac
1067 4017 1182 4074 Deo
1234 4012 1494 4079 addictis,
1532 4011 1752 4083 quique
1809 4010 1954 4066 mul-

357 4137 415 4181 ta
443 4121 732 4177 nobiscum
766 4114 955 4170 multis
989 4109 1379 4168 occasionibus
1395 4105 1616 4178 negotia
1653 4104 1949 4176 gesserint,

361 4232 467 4272 nec
507 4214 619 4269 sint
656 4209 852 4283 procul
887 4206 1090 4270 dissiti,
1122 4212 1184 4260 ut
1239 4201 1475 4258 multum
1505 4199 1701 4270 legatis
1736 4208 1966 4269 tempus

359 4309 572 4368 mutuis
611 4301 1070 4378 responsionibus
1120 4295 1511 4354 insumendum
1543 4293 1654 4350 sit?
1685 4292 1951 4366 Equidem

354 4403 504 4460 nihil
533 4410 727 4457 contra
774 4406 1136 4466 opponerem,
1189 4403 1480 4458 essemque
1529 4386 1710 4442 libens
1748 4393 1806 4441 et
1834 4385 1953 4456 ipse

354 4508 710 4555 assensurus,
746 4498 804 4544 ut
834 4485 993 4552 viris,
1035 4499 1142 4538 una
1178 4495 1305 4536 cum
1335 4480 1564 4550 pietate,
1603 4492 1668 4533 ac
1705 4491 1775 4531 eo
1803 4475 1951 4546 quod

2050 3273 2240 3344 πώρου
2285 3273 2546 3344 βοήθειαν
2577 3277 2605 3328 ό
2636 3275 2771 3341 Θεὸς
2797 3277 3110 3348 ἐπιπέμψῃ,
3146 3277 3260 3331 ῐστε
3292 3282 3491 3343 πάντες
3524 3278 3636 3334 οἷον

2049 3366 2445 3437 προσδοκῶμεν
2495 3368 2765 3438 χειμῶνι.
2807 3371 2920 3424 Καὶ
2947 3372 3275 3442 παραλείπω
3318 3374 3378 3427 τὸ
3410 3374 3533 3444 μηδ’
3569 3374 3636 3428 ἄν

2049 3458 2169 3511 ποτ’
2195 3459 2440 3523 ἐκείνους
2474 3461 2616 3532 ὑπὲρ
2646 3461 2807 3534 ἡμῶν
2839 3463 3164 3534 προελέσθαι
3193 3465 3497 3537 πολεμῆσαι
3523 3470 3634 3530 τοῖς
3693 3463 3698 3466 ’

2050 3549 2352 3623 Τούρκοιςο
2399 3553 2724 3624 ἀνθρώπους
2774 3557 2993 3622 ἀσεϐεῖς
3051 3559 3192 3629 ὑπὲρ
3231 3558 3472 3612 εὐσεϐῶν
3523 3563 3636 3624 τοῖς

2049 3642 2160 3696 τῶν
2190 3643 2394 3714 ὁμοίων
2426 3647 2610 3710 αὐτοῖς
2635 3651 3071 3720 κεκοινωνηκόσι
3103 3653 3310 3706 κακῶν.

2123 3823 2191 3877 Τί
2218 3824 2264 3878 δ’
2299 3825 2368 3882 ἂν
2413 3828 2558 3900 ἔχοις
2610 3830 2833 3895 Μυσοὺς
2893 3833 2990 3888 καὶ
3027 3833 3336 3904 Τριϐαλοὺς
3365 3838 3633 3904 αίτιᾶσαι,

2053 3918 2346 3989 παρελθών
2389 3939 2474 3984 τις
2504 3919 2635 3987 ἴσως
2663 3924 2800 3994 ἐρεῖ,
2847 3919 3172 3995 ἀνθρώπους
3222 3929 3442 3998 ὁμοίους
3479 3931 3634 4001 ἡμῖν,

2052 4011 2149 4064 καὶ
2181 4010 2261 4082 τῷ
2299 4011 2420 4082 Θεῷ
2450 4017 2912 4087 προσκειμένους,
2947 4019 3040 4072 καὶ
3080 4019 3292 4074 πολλῶν
3333 4022 3392 4075 ἐν
3422 4021 3638 4086 πολλοῖς

2053 4103 2268 4170 καιροῖς
2299 4104 2645 4174 πραγμάτων
2678 4107 3149 4178 κεκοινωνηκότας
3177 4110 3334 4180 ἡμῖν,
3365 4111 3462 4164 καὶ
3501 4111 3638 4182 μηδέ

2054 4195 2248 4264 πόρρω
2279 4195 2698 4266 διῳκισμένους,
2745 4194 2886 4250 ὥστε
2928 4198 3125 4267 χρόνου
3186 4200 3299 4256 δεῖν
3347 4204 3461 4274 τοῖς
3509 4202 3640 4272 παρ’

2055 4285 2303 4356 ἀλλήλων
2338 4288 2606 4358 πρέσϐεσι
2639 4289 2776 4358 πρὸς
2823 4290 2921 4351 τὰς
2955 4291 3314 4362 ἀποκρίσεις;
3347 4294 3517 4348 Οὐδὲν
3546 4290 3647 4356 sle

2056 4395 2158 4432 πον
2209 4381 2296 4444 ἂν,
2324 4380 2463 4435 ἀλλὰ
2489 4383 2582 4436 καὶ
2615 4382 2778 4445 αὐτὸς
2819 4384 2886 4438 ἂν
2928 4387 3218 4450 συνεῖπον,
3273 4388 3322 4441 εί
3374 4387 3515 4456 μετά
3536 4387 3640 4457 τῆς

2056 4474 2361 4539 εὐσεϐείας,
2399 4476 2495 4530 καὶ
2524 4475 2619 4530 τοῦ
2652 4478 2963 4547 γνωρίμους
2987 4479 3120 4548 ἡμῖν
3149 4475 3318 4545 εῖναι,
3353 4482 3449 4534 καὶ
3471 4480 3638 4535 τᾶλλα

365 4597 529 4644 notos
585 4584 908 4642 habeamus,
937 4577 1152 4646 reliqua
1204 4547 1730 4645 suppeterent,qnae
1774 4569 1842 4624 iis
1870 4568 1946 4622 in-

2057 4569 2172 4628 τοῖς
2217 4568 2442 4636 ἀνδράσι
2503 4568 2736 4638 προσῆν,
2787 4567 2861 4622 ὧν
2902 4573 3150 4639 μετεῖναι
3195 4571 3308 4625 δεῖν
3355 4573 3469 4636 τοῖς
3501 4573 3640 4644 ὑπὲρ

364 4684 498 4743 sint,
531 4679 770 4734 diximus
813 4679 1092 4746 oportere,
1124 4668 1219 4734 qui
1293 4683 1392 4738 pro
1442 4665 1606 4720 nobis
1658 4659 1952 4732 pugnaturi

363 4782 514 4832 sunt.
543 4771 686 4828 Sane
735 4767 962 4839 quidem
1016 4766 1138 4836 pios
1184 4770 1406 4833 oportet
1464 4775 1529 4814 ac
1583 4756 1772 4811 fideles
1804 4769 1950 4820 esse,

322 4870 460 4939 qui
501 4863 704 4920 bellum
762 4858 963 4915 sociale
1001 4854 1194 4911 inituri
1240 4863 1404 4917 sunt,
1455 4864 1621 4922 quam
1655 4858 1715 4903 ut
1765 4847 1950 4901 dotem

360 4956 628 5024 excipias,
662 4953 841 5024 majus
891 4950 959 5005 ab
986 4949 1070 5004 eis
1117 4947 1380 5002 damnum
1425 4943 1671 4999 futurum
1705 4955 1953 5010 pronun-

363 5053 465 5115 tio,
491 5064 657 5121 quam
711 5047 756 5100 si
807 5045 989 5116 palam
1053 5042 1240 5097 hostes
1291 5037 1621 5095 exstiterint.
1648 5034 1795 5091 Satis
1820 5048 1954 5088 vero

362 5162 486 5202 esse
510 5145 767 5198 virtutem
802 5141 869 5194 ad
921 5137 1138 5210 negotia
1190 5134 1492 5206 proposita,
1522 5131 1668 5188 haud
1708 5144 1949 5199 unquam

364 5240 570 5305 dicam,
603 5232 710 5288 nisi
755 5230 880 5302 quis
928 5229 1037 5285 Deo
1067 5229 1429 5284 constitutum
1461 5224 1616 5287 velit,
1648 5220 1952 5278 utiusolita

363 5344 466 5381 nos
497 5325 712 5380 ratione
741 5336 805 5376 ac
835 5319 1086 5392 prodigio
1117 5319 1300 5373 salvos
1321 5315 1524 5370 faciat:
1554 5313 1688 5383 quin
1722 5323 1949 5367 necesse

367 5420 604 5488 atiirmo,
631 5425 694 5472 ut
720 5415 1019 5489 quidquam
1052 5413 1287 5466 velimus
1341 5410 1523 5466 socios
1546 5408 1766 5479 juvare,
1790 5420 1950 5460 com-

365 5520 607 5562 meatum
643 5503 812 5560 alium
847 5505 913 5558 ad
975 5501 1176 5557 bellum
1226 5512 1542 5570 suppetere.
1580 5497 1737 5552 Nunc
1767 5509 1948 5554 autem

356 5613 550 5652 earum
591 5597 838 5667 gentium
878 5604 1258 5666 paupertatem
1305 5591 1661 5662 conspicitis,
1687 5601 1856 5659 utque
1880 5605 1952 5644 ne

360 5683 595 5761 apud'se
619 5689 842 5760 quidem
891 5689 1212 5745 sedentibus
1245 5703 1312 5742 ac
1339 5687 1564 5756 quietis,
1601 5683 1952 5739 necessarius

361 5789 703 5836 commeatus
751 5782 862 5836 sit:
892 5789 949 5835 ut
991 5780 1122 5835 item
1158 5779 1264 5834 levi
1304 5776 1596 5832 occasione
1645 5774 1807 5830 facile
1841 5775 1951 5828 sol-

359 5882 491 5930 vant
527 5886 649 5943 (tua:
678 5873 792 5929 visa
842 5880 1023 5941 erant,
1067 5870 1296 5944 ipsaque
1333 5869 1470 5926 adeo
1515 5868 1561 5924 si
1598 5883 1708 5938 qua
1739 5869 1950 5940 jureju-

2057 4661 2216 4732 ὴμῶν
2263 4661 2689 4732 ἀγωνιουμένοις
2739 4662 3021 4734 ἐλέγομεν.
3076 4663 3332 4727 Εὑσεὸεῖς
3390 4664 3491 4736 μὲν
3529 4665 3640 4736 γάρ

2057 4752 2198 4808 εἶναι
2223 4755 2304 4808 δεῖ
2335 4755 2463 4819 τοὺς
2495 4756 2618 4826 μεθ’
2647 4757 2804 4827 ἡμῶν
2839 4757 3349 4828 παραταξομένους,
3382 4761 3477 4812 καὶ
3521 4759 3643 4813 τού-

2055 4865 2148 4901 του
2175 4848 2348 4919 χωρὶς
2377 4848 2551 4918 μείζω
2578 4851 2721 4918 φημὶ
2746 4849 2848 4920 τὴν
2879 4852 3012 4921 παρ’
3041 4850 3224 4904 αὐτῶν
3262 4851 3482 4905 ἔσεσθαι
3511 4850 3642 4922 βλά·

2056 4938 2242 5011 ﬁrmi}
2291 4940 2340 4992 εί
2368 4940 2622 5011 φανερῶς
2669 4940 2997 5011 ἐπολέμουν.
3043 4943 3260 5012 Ἀρκεῖν
3299 4941 3358 4996 δέ
3389 4944 3527 5015 πρὸς
3571 4943 3642 4998 τὰ

2057 5032 2306 5100 παρόντα
2339 5029 2437 5102 τὴν
2467 5031 2672 5102 ἀρετὴν
2700 5031 2907 5104 ταύτην
2935 5033 3038 5086 οὐκ
3069 5035 3136 5086 ἂν
3163 5032 3401 5106 εἴποιμι,
3433 5035 3537 5098 ἕως
3571 5035 3639 5089 ἂν

2059 5125 2137 5194 μὴ
2172 5123 2325 5194 παρὰ
2377 5124 2538 5190 δόξαν
2591 5127 2618 5178 ὁ
2652 5123 2788 5187 Θεὸς
2841 5127 2994 5194 ἡμᾶς
3042 5126 3238 5189 σώζειν
3277 5126 3477 5200 ἐθέλῃο
3525 5127 3639 5182 ἀλλ’

2055 5217 2294 5287 ἀνάγκη,
2353 5217 2452 5270 καὶ
2499 5215 2636 5271 ἄλλα
2670 5215 2842 5270 πολλά
2884 5219 3022 5286 πρὸς
3079 5219 3171 5271 τὸν
3209 5218 3448 5290 πόλεμον
3493 5219 3639 5290 ἔχειν
3679 5289 3681 5292 γ

2017 5309 2534 5381 ιπλεονεκτήματα,
2579 5311 2626 5362 εί
2667 5309 2913 5382 μέλλοιεν
2945 5311 3179 5381 ὠφελεῖν
3230 5313 3355 5376 τοὺς
3414 5313 3637 5383 συμμά‹

2054 5419 2204 5472 κους.
2240 5401 2379 5456 Νυνὶ
2405 5404 2448 5456 δ’
2482 5405 2642 5473 ὁρᾶτε
2674 5405 2774 5473 τὴν
2799 5405 2910 5458 τῶν
2942 5405 3113 5460 ἐθνῶν
3169 5406 3374 5460 τούτων
3423 5407 3638 5475 πενίαν,

2055 5497 2149 5548 καὶ
2185 5496 2258 5557 ὡς
2294 5495 2404 5549 οὐδ’
2434 5496 2600 5549 αὑτοῦ
2643 5514 2746 5550 που
2789 5498 3122 5568 καθημένοις
3175 5497 3339 5566 ἀρκεῖ
3365 5497 3430 5550 τὰ
3477 5499 3634 5552 ὄνταο

2054 5590 2152 5640 καὶ
2182 5587 2256 5648 ῶς
2293 5589 2466 5658 μικρᾷ
2498 5591 2770 5656 προφάσει
2803 5589 2948 5643 λύειν
2965 5591 3066 5644 οὐκ
3090 5591 3309 5644 ὀκνοῦσι
3374 5593 3441 5646 τὰ
3473 5596 3636 5660 ἐγνωο

2057 5681 2264 5750 σμὲνα·
2305 5681 2506 5748 μᾶλλον
2531 5682 2588 5734 δὲ
2619 5685 2686 5735 τά
2725 5686 3124 5754 ὀμωμοσμένα.
3167 5685 3528 5756 ’Υπερορίους
3578 5687 3636 5738 δὲ

2058 5780 2348 5850 στρατείας
2370 5779 2450 5840 τίς
2475 5780 2616 5849 ἔγνω
2642 5782 2860 5844 τούτους
2886 5782 3394 5852 εστρατευμένουςς
3433 5784 3634 5852 μᾶλλον

2054 5871 2111 5926 δὲ
2142 5872 2224 5936 τίς
2255 5874 2391 5937 ὅλως
2426 5875 2606 5927 αὐτῶν
2651 5892 2781 5929 ποτε
2811 5878 3002 5946 μνήμη
3051 5874 3274 5945 γέγονεν
3309 5881 3366 5929 ἐν
3396 5877 3473 5947 τῷ
3499 5875 3631 5945 βιῳ;
