4068 6458
383 452 490 516 θ’73

1386 436 1682 511 ORATIO
1716 449 1866 510 PRO
1911 447 2276 510 SUBSIDIO
2316 444 2800 508 LATINORUM.

3557 439 3663 498 974

381 545 438 630 et
465 590 553 642 γε,
593 573 643 623 εἰ
675 571 750 642 μὴ
788 571 882 625 καὶ
937 569 1093 624 αὐτοὶ⁷
1124 570 1244 631 ταῖς
1298 567 1601 639 ἡμετέραις
1657 557 1966 638 συμφοραῖς

2089 566 2244 621 'ando
2296 564 2666 619 ﬁrmaverant.
2691 561 2771 617 Ad
2831 570 3088 616 externas
3139 567 3322 614 autem
3359 560 3667 629 expeditio-2

315 691 328 701 ο
386 667 793 736 ἀπεχρήσαντο,
827 665 925 716 καὶ⁸
948 663 1047 733 τὴν
1078 660 1213 732 πρὸς
1251 661 1378 725 τοὺς
1412 660 1722 731 βαρϐάρους
1747 660 1970 723 τούτους

387 758 646 829 ἀσχολίαν
672 754 988 820 πλεονεξίας
1029 751 1221 822 καιρὸν
1254 751 1622 822 ἡγησάμενοι,
1657 751 1828 805 πολλὰ
1860 750 1971 804 τῶν

382 848 668 920 ἡμετέρων
723 846 1110 914 παρέσπασαν,
1167 844 1262 898 καὶ
1289 843 1384 896 νῦν
1415 843 1503 906 ἂν,
1536 841 1726 912 ῶσπερ
1765 845 1859 896 καὶ
1911 845 1972 896 τὸ

381 942 668 1013 πρότερον,
700 938 804 991 ὑπὸ
833 939 925 992 τὸν
959 937 1229 1007 ἡμέτερον
1250 935 1416 1003 ζυγὸν
1445 931 1583 998 ἔζων
1605 951 1617 963 ο
1647 936 1744 988 καὶ
1771 934 1969 987 δεσπό-

379 1053 478 1098 τας
514 1035 663 1103 ἡμᾶς
695 1033 835 1102 μετὰ
870 1029 978 1083 τῶν
1009 1029 1188 1084 ἄλλων
1216 1027 1417 1099 ᾔδεσαν
1473 1027 1564 1079 καὶ
1601 1024 1787 1080 αὐτοί·
1826 1025 1854 1078 ὃ
1877 1025 1973 1078 καὶ

385 1127 587 1198 μᾶλλον
608 1124 939 1189 δεδοικότας,
967 1121 1030 1174 οὔ
1060 1121 1191 1174 ποτέ
1229 1136 1372 1190 φημι
1415 1118 1643 1182 τούτους
1685 1118 1970 1186 λυσιτελή-

306 1209 326 1216 ’
384 1237 500 1274 σειν
535 1219 693 1289 ἡμῖν.
728 1215 907 1270 ¹’ἰσασι
947 1214 1079 1284 γὰρ,
1110 1214 1178 1267 ἂν
1199 1212 1269 1267 τὰ
1302 1213 1486 1266 δίκαια
1525 1212 1737 1282 κρίνειν
1772 1210 1972 1264 ἐθέλω-

385 1329 492 1380 σιν,
520 1311 597 1374 ὼς
643 1308 818 1363 πολλὰ
870 1307 978 1361 τῶν
1029 1307 1319 1378 ἡμετέρων
1347 1305 1654 1376 κατέσχον,
1707 1304 1818 1356 τῶν
1867 1319 1976 1356 κω-

380 1405 618 1459 λυόντων
648 1402 750 1456 ούκ
774 1401 945 1454 ὅντων
966 1415 983 1432 ·
1014 1393 1089 1454 ὧν
1120 1399 1256 1470 πρὸς
1289 1398 1485 1463 ἄλλους
1512 1397 1610 1469 μὲν
1639 1396 1797 1468 ήμῶν
1827 1394 1977 1465 ἑχόν-

383 1515 493 1553 των
518 1497 612 1549 τὸν
642 1493 790 1560 νοῦν,
824 1493 1004 1563 κύριοι
1043 1492 1360 1560 νομίζουσιν
1383 1491 1602 1545 ἔσεσθαι
1633 1507 1646 1520 ·
1700 1488 1975 1543 ἀναπνεύ-

385 1610 513 1646 σασι
536 1591 616 1653 δὲ,
651 1590 801 1643 πᾶσα
827 1585 1043 1656 ἀνάγκη
1072 1585 1105 1657 ἢ
1140 1585 1460 1649 ἀποδοῦναι,
1491 1585 1524 1653 ἢ
1550 1583 1709 1636 τοῦτο
1737 1582 1814 1651 μὴ
1848 1581 1975 1650 βου-

383 1683 664 1751 λομένους,
717 1681 1026 1752 πράγματα
1056 1677 1224 1748 ἔχειν,
1276 1677 1373 1730 καὶ
1423 1675 1662 1740 πόλεμον
1690 1673 1974 1741 δέξασθαι,

2077 673 2196 724 nes,
2221 657 2346 728 quis
2393 671 2492 712 eos
2552 655 2704 710 novit
2750 653 3052 710 eduxisse?
3081 652 3216 721 quin
3247 650 3492 716 omnino,
3543 665 3666 720 quae

2075 764 2270 805 eorum
2300 763 2541 817 unquam
2593 745 2860 801 memoria
2919 743 3024 798 fuit
3065 743 3120 797 in
3172 741 3419 798 seculo?
3448 741 3539 810 qui
3583 740 3668 794 ni-

2077 839 2436 903 mirum,.nisi
2469 850 2524 894 et
2561 839 2670 908 ipsi
2726 837 2930 892 nostris
2985 835 3299 890 infortuniis
3353 834 3536 896 abusi,
3571 849 3670 886 no-

2077 941 2359 1002 stramque
2431 946 2555 985 cum
2634 929 2889 984 Barbaris
2945 929 3403 998 occupationem,
3449 926 3667 996 injuriae

2081 1035 2295 1093 tempus
2342 1027 2468 1086 rati,
2523 1023 2690 1076 multa
2743 1038 2774 1076 e
2816 1021 3022 1076 nostris
3072 1020 3668 1084 abstraxissent,nunc

2077 1133 2320 1189 quoque.
2361 1118 2437 1170 uti
2473 1117 2650 1186 prius,
2684 1123 2874 1169 nostro
2923 1115 3330 1183 viverentjugo
3383 1111 3663 1180 mancipa—

2079 1212 2156 1278 ti,
2185 1226 2394 1281 nosque
2446 1210 2723 1272 dominos,
2758 1222 2867 1261 una
2923 1223 3048 1260 cum
3085 1207 3228 1271 aliis,
3276 1207 3381 1274 ipsi
3441 1219 3663 1274 quoque

2077 1303 2307 1368 scirent,
2343 1317 2483 1372 quos
2503 1316 2600 1355 eos
2658 1299 2842 1368 potius
2875 1307 3203 1363 metuentes,
3238 1295 3378 1350 haud
3423 1309 3665 1362 unquam

2077 1395 2286 1450 nostris
2337 1394 2504 1448 rebus
2539 1392 2713 1446 dicam
2775 1390 3144 1445 consulturos.
3182 1387 3378 1442 Sciunt
3410 1386 3557 1440 enim
3608 1393 3668 1438 ut

2072 1487 2220 1559 justa
2241 1485 2492 1557 judicare
2523 1483 2716 1545 velint,
2761 1479 2933 1534 multa
2973 1495 3004 1534 e
3035 1479 3239 1534 nostris
3271 1477 3474 1549 injuria
3500 1490 3670 1530 occu-

2079 1596 2259 1650 passe.
2293 1595 2418 1633 cum
2453 1577 2587 1631 nulli
2623 1583 2807 1631 essent
2842 1576 2932 1645 qui
2983 1573 3341 1644 prohiberent
3373 1589 3387 1625 :
3430 1585 3666 1639 quorum

2080 1688 2140 1728 se
2197 1671 2453 1727 dominos
2507 1669 2623 1724 fore
2678 1668 3038 1734 arbitrantur,
3091 1667 3222 1722 dum
3287 1666 3392 1736 ipsi
3445 1664 3668 1719 interim

385 1775 637 1845 καὶπερὶ
675 1773 784 1825 τῶν
814 1772 876 1837 ἐξ
921 1771 1096 1842 ἀρχῆς
1128 1768 1564 1832 κινδυνεύοντας.
1601 1765 1816 1820 Οὔκουν
1854 1764 1979 1835 βού-

2089 1765 2206 1820 aliis
2256 1762 2600 1818 intendimus
2646 1761 2912 1814 animum.
2969 1759 3062 1814 Sin
3144 1769 3328 1813 autem
3392 1757 3670 1826 respirare

385 1868 547 1923 λοιντ’
579 1868 647 1921 ἂν
693 1867 774 1930 εἰς
825 1865 928 1929 τὰς
975 1863 1147 1934 τύχης
1200 1863 1426 1934 ἀδηλίας
1485 1861 1819 1932 ἐμπίπτειν·
1885 1857 1978 1912 καὶ

2089 1855 2390 1924 contingat,
2444 1850 2819 1906 necessarium
2863 1848 3110 1915 omnino,
3157 1855 3218 1903 ut
3268 1855 3363 1903 aut
3405 1846 3670 1908 reddant,

387 1961 563 2031 παρὸν
587 1957 914 2028 κερδαίνειν,
941 1955 1362 2025 ἀναγκασθῆναί
1395 1971 1528 2007 ποτε
1581 1952 1678 2006 καὶ
1705 1949 1815 2005 τῶν
1842 1949 1987 2003 ἰδίων

2093 1956 2186 2002 aut
2216 1945 2320 2034 nisi
2358 1942 2540 2002 velint.
2583 1942 2800 2011 negotia
2850 1941 3110 2004 habeant,
3141 1955 3206 1995 ac
3253 1939 3458 1994 bellum
3501 1937 3678 1992 susci-

390 2050 746 2122 ἀφίστασθαι.
793 2046 956 2102 Ἀλλά
981 2047 1080 2118 τὴν
1110 2048 1392 2118 ἡμετέραν
1439 2045 1830 2116 κακοπραγίαν
1862 2045 1975 2096 τεῖ-

388 2163 479 2216 χος
513 2144 695 2207 αὐτοῖς
726 2137 865 2217 εἰναι
896 2139 1201 2212 νομίζουσι,
1231 2139 1369 2210 πρὸς
1402 2140 1463 2192 τὸ
1499 2139 1575 2210 μή
1601 2154 1655 2190 τι
1682 2136 1878 2189 παθεῖν
1909 2133 1975 2215 ἀν

389 2238 607 2301 αὐτοὺς,
645 2236 711 2291 ἄν
734 2233 856 2288 ποτ’
889 2235 1207 2303 ἀνενεγκεῖν
1230 2233 1576 2303 δυνηθῶμεν.
1610 2230 1734 2293 Πῶς
1760 2228 1854 2282 οὖν
1879 2227 1976 2291 τὰς

394 2330 684 2404 παρούσας
715 2328 888 2399 τύχας
941 2324 1461 2394 συνεπικουφιοῦσιν
1517 2325 1671 2396 ἡμῖν,
1704 2321 1763 2374 οἴ
1798 2320 1851 2390 γ’
1886 2321 1975 2374 ἀεὶ

389 2421 595 2482 ταύτας
619 2415 880 2484 αὔξεσθαι
914 2409 1154 2488 συνεχῶς
1186 2412 1422 2480 εὔξαιντ’
1459 2413 1564 2478 ἀν;

2083 2027 2257 2108 ρίιιηί,
2277 2030 2535 2103 idemque
2560 2043 2722 2102 atque
2753 2047 2784 2085 a
2819 2031 3090 2100 principio
3124 2029 3431 2100 periculum
3457 2027 3675 2082 adeant.

2085 2127 2243 2183 llaud
2275 2143 2405 2197 ergo
2444 2129 2659 2180 incerta
2683 2125 2921 2178 fortuna:
2960 2131 3174 2178 tentare
3211 2121 3385 2176 velint
3415 2161 3428 2182 ,
3466 2133 3529 2174 ac
3548 2133 3672 2173 cum

2087 2219 2229 2276 lucri
2299 2216 2520 2274 occasio
2573 2223 2854 2286 suppetat,
2900 2215 3021 2286 cogi
3077 2213 3408 2284 quandoque
3467 2219 3528 2265 ut
3578 2225 3678 2264 sua

2083 2314 2189 2385 ipsi
2231 2311 2569 2367 dimiserint.
2629 2308 2774 2375 Quin
2843 2323 3026 2362 rerum
3094 2313 3408 2361 nostrarum
3477 2303 3677 2356 malam

2081 2406 2282 2470 aleam,
2316 2404 2460 2458 muri
2515 2403 2654 2458 loco
2685 2400 2790 2457 sibi
2843 2401 3073 2466 ducunt,
3102 2410 3161 2454 ut
3210 2413 3280 2452 ne
3341 2395 3475 2467 quid
3515 2394 3670 2463 mali,

395 2515 438 2568 si
483 2513 710 2585 quando
741 2510 904 2567 nobis
956 2484 1187 2563 facultas
1226 2504 1543 2577 emergendi
1583 2504 1699 2570 ﬁat,
1762 2501 2060 2571 accipiant.
2101 2496 2205 2564 Qui
2239 2512 2370 2568 ergo
2415 2493 2669 2567 praesenti
2720 2491 2955 2546 fortunae
3013 2493 3256 2546 levamen
3294 2488 3406 2543 sint
3439 2484 3678 2548 allaturi,

392 2610 591 2681 quibus
619 2607 917 2677 semper‘in
942 2604 1084 2660 votis
1119 2603 1194 2658 sit
1225 2588 1582 2657 utI'continue
1613 2596 1888 2669 augeant?

464 2707 578 2761 Καὶ
614 2706 696 2759 ὅτι
721 2703 874 2757 ταῦτ’
903 2704 1005 2756 οὐκ
1036 2704 1101 2755 ὲκ
1132 2697 1410 2770 λογισμῶν
1468 2697 1631 2769 μόνον
1663 2692 1979 2766 συμϐαίνει,

405 2799 542 2853 ἀλλά
589 2799 684 2853 καὶ
729 2798 865 2868 πρὸς
898 2795 1039 2850 αὑτά
1083 2795 1150 2849 τὰ
1197 2793 1502 2865 πράγματα
1552 2788 1981 2851 ἀποϐλέπουσιν,

397 2891 574 2958 ἔξεστι
612 2892 725 2953 τοῖς
781 2888 1098 2959 εἰρημένοις
1132 2867 1526 2940 συντίθεσθαι,
1563 2877 1981 2950 Ἀναμνὴσθητε

401 2984 492 3038 διὰ
514 2985 696 3037 πόσων
712 2980 1020 3052 πρεσϐειῶν
1045 2979 1180 3051 πρδς
1206 2977 1554 3049 ἀμφοτέρους
1583 2973 1829 3044 περὶτῆς
1849 2984 1984 3039 συμ-

357 3089 360 3092 ’
401 3076 605 3149 μαχίας
659 3075 995 3146 διειλέχθήτε
1052 3072 1282 3141 ταύτης.
1335 3070 1571 3130 ποσάκις
1627 3064 1826 3128 αὐτοὺς
1893 3063 1986 3116 καὶ
2056 3120 2062 3126 _

399 3170 682 3235 εὐσεϐείας
716 3170 813 3223 καὶ
850 3167 1048 3222 κοινῶν
1077 3165 1261 3235 ἱερῶν,
1292 3165 1386 3218 καὶ
1416 3164 1517 3234 τῆς
1544 3160 1710 3231 ἄλλης
1743 3157 1982 3228 ἀνεμνήο

2161 2687 2318 2756 Quod
2347 2695 2533 2743 autem
2564 2685 2666 2739 ista
2700 2700 2808 2738 non
2834 2699 2864 2737 a
2907 2683 3040 2737 solis
3071 2678 3500 2751 cogitationibus
3533 2678 3682 2732 acci-

2090 2781 2244 2841 dant,
2277 2779 2375 2834 sed
2414 2789 2471 2834 et
2513 2778 2662 2849 ipsas
2699 2792 2787 2830 res
2837 2781 3106 2845 spectent,
3145 2787 3211 2826 ex
3267 2769 3511 2840 praefatis
3553 2767 3685 2822 licet
3747 2767 3763 2782 ’

2091 2875 2387 2931 coniicere.
2420 2873 2691 2928 Memores
2737 2872 2892 2934 estis,
2941 2876 3076 2939 quot
3118 2869 3182 2922 ad
3219 2878 3483 2934 utrosque
3513 2864 3684 2919 desti-

2092 2969 2242 3022 natis
2281 2967 2496 3037 legatis,
2530 2965 2600 3020 de
2635 2965 2740 3020 hac
2788 2963 2918 3019 belli
2968 2961 3233 3042 societate
3283 2958 3452 3013 locuti
3508 2957 3682 3012 estis?

2092 3059 2319 3126 Quoties
2349 3057 2431 3113 eis
2483 3066 2540 3112 et
2588 3057 2875 3125 pietatem,
2909 3065 2966 3108 et
2998 3068 3152 3108 sacra
3185 3051 3523 3113 communia,
3552 3049 3687 3104 reli-

2090 3166 2308 3220 quaque
2339 3147 2694 3209 commercia,
2746 3145 2800 3197 in
2834 3142 3161 3198 memoriam
3209 3140 3554 3196 revocastis?
3582 3139 3684 3193 Er-

404 3256 534 3320 σατε
566 3233 874 3325 κοινωνίας.
906 3258 1035 3331 'Ap’
1055 3233 1148 3313 οὖν
1174 3257 1506 3330 ἐκινήθησαν
1527 3271 1540 3286 ·
1577 3254 1610 3324 ἢ
1650 3251 1758 3306 τῶν
1785 3249 1985 3322 ἡμετέ-

2097 3256 2236 3312 gone
2271 3249 2565 3310 propterea
2614 3239 2750 3291 moti
2802 3246 2932 3290 sunt
2958 3276 2973 3300 ,
3011 3246 3106 3289 aut
3137 3233 3318 3303 siquid
3351 3251 3448 3304 per
3480 3235 3588 3287 vim
3614 3234 3685 3287 lio

405 3379 515 3432 ρων
557 3359 711 3429 γοῦν,
744 3358 795 3410 εί
823 3375 876 3410 τι
905 3354 1200 3427 βιάσασθαι
1234 3349 1338 3406 οἷοί
1369 3352 1416 3403 τ’
1449 3346 1614 3421 ἦσαν,
1641 3345 1981 3416 ἀπέσχοντο;

406 3453 514 3506 Καὶ
549 3452 656 3524 μὴν
697 3449 854 3520 ἡμῶν
883 3449 986 3500 ὑπὸ
1017 3446 1113 3499 τοῦ
1145 3446 1280 3516 πρὸς
1311 3443 1437 3505 τοὺς
1471 3440 1786 3513 βαρϐάρους
1819 3454 1990 3490 καται-

404 3547 756 3616 κλυζομὲνων
785 3543 1045 3613 πολέμου,
1076 3541 1172 3594 καὶ
1197 3537 1467 3607 τοσαύτης
1497 3533 1807 3606 τραγῳδίας
1837 3531 1991 3602 ἡμᾶς

406 3638 804 3714 περιεστώσης,
852 3633 1116 3707 Τριϐαλοὶ
1143 3633 1242 3696 τὰς
1285 3632 1386 3704 μὲν
1435 3629 1546 3683 τῶν
1585 3631 1643 3681 ἐν
1675 3625 1990 3694 Μακεδονίᾳ

332 3773 338 3779 .
406 3732 615 3787 πόλεων
665 3725 974 3799 περιιόντες
1006 3724 1282 3797 ὑπήγοντο
1302 3735 1317 3750 ·
1347 3719 1448 3783 τὰς
1474 3718 1555 3782 δὲ,
1599 3713 1989 3786 στρατεύματα

405 3823 892 3895 περικαθίζοντες,
962 3819 1056 3872 καὶ
1129 3816 1505 3890 μηχανήματα
1577 3811 1988 3882 προσάγοντες,

406 3917 601 3987 ᾕρουν·
637 3916 735 3975 τὰς
763 3911 820 3964 δὲ
853 3909 952 3964 καὶ
979 3907 1125 3980 λιμῴ
1175 3908 1611 3978 παρεστήσαντο.
1642 3901 1754 3970 Τὴν
1787 3899 1850 3987 δὲ.⁴
1875 3899 1993 3987 Μυ-

409 3981 521 4058 σῶν
557 4001 821 4074 ὠμότητα
862 3997 1100 4069 χαλεπὸν
1129 3996 1302 4066 ἑτέρῳ
1325 4010 1402 4063 τῳ
1433 3989 1778 4063 παραϐαλεῖν
1799 4003 1812 4019 ·
1842 3981 1898 4039 οἵ
1920 4001 1991 4074 ,γε

326 4086 336 4095 ’
409 4095 508 4159 τὰς
547 4071 957 4163 χειμαζομένας
1006 4085 1117 4139 τῶν
1177 4082 1467 4154 ἡμετέρων
1524 4078 1734 4131 πόλεων
1781 4071 1992 4129 τοσοῦτ’

411 4189 635 4258 ἀπεῖχον
657 4182 896 4252 ἀνέχειν,
924 4177 1066 4232 ὥστε
1098 4177 1196 4237 τὰς
1226 4175 1328 4244 μὲν
1355 4171 1646 4258 ἔπραττον,
1681 4168 1830 4258 ὅπως
1861 4165 1990 4258 ρᾷον

409 4252 732 4336 ἁλώσονται,
765 4267 924 4322 τοῦτο
958 4267 1066 4336 γὰρ
1093 4264 1279 4324 αὐτοῖς
1314 4260 1568 4330 ἠδύνατο,
1592 4257 1652 4310 τδ
1677 4255 1815 4327 μήτε
1841 4252 1991 4305 σίτου

417 4365 760 4440 μεταδιδόναι
789 4359 1015 4420 ταύταις
1048 4353 1372 4417 πεινώσαις,
1408 4350 1609 4414 αὐτοὺς
1636 4350 1695 4402 ὲν
1733 4346 1993 4416 ἀφθόνοις

413 4463 738 4531 διάγοντας·
771 4454 870 4518 τὰς
911 4451 956 4505 δ’
1001 4448 1177 4514 αὐτοὶ,
1234 4444 1627 4515 στρατεύματα
1681 4441 1994 4510 πέμποντες

414 4557 510 4611 «tat
569 4547 908 4623 στρατηγοὺς
965 4542 1224 4607 οἰκείους,
1264 4536 1604 4606 ἀνέστησαν·
1649 4534 1744 4587 καὶ
1787 4531 1858 4586 τά
1892 4531 1993 4600 μὲν

2091 3333 2205 3386 cuit
2246 3344 2442 3385 nocere
2470 3369 2484 3394 ,
2538 3343 2569 3382 a
2619 3325 2824 3381 nostris
2869 3323 3298 3379 abstinuerunt?
3364 3323 3684 3378 Enimvero.

2093 3426 2384 3480 barbarico
2409 3422 2626 3478 obrutis
2661 3421 2827 3486 bello,
2854 3435 2918 3473 ac
2945 3435 3069 3473 cum
3105 3429 3254 3473 tanta
3287 3433 3388 3472 nos
3417 3417 3686 3471 malorum

2091 3518 2476 3573 circumstaret
2525 3509 3067 3582 tragcedia,Tribali,
3105 3509 3240 3563 alias
3299 3509 3522 3578 quidem
3583 3508 3690 3561 cir-

2093 3616 2422 3664 cumeuntes
2456 3604 2787 3661 Macedoniae
2816 3603 2979 3657 urbes
3014 3601 3326 3656 defectione
3363 3600 3688 3665 tentabant;

2091 3700 2226 3755 alias
2260 3697 2499 3754 admotis
2546 3694 2883 3752 exercitibus
2913 3709 2977 3748 ac
3020 3693 3287 3747 n-achinis
3326 3693 3686 3762 occupatam,

2034 3790 2043 3799 ’
2096 3793 2235 3848 alias
2258 3793 2496 3862 denique
2516 3793 2568 3845 in
2599 3789 2759 3844 famis
2785 3786 3065 3856 angustias
3086 3787 3391 3841 mittebant.
3411 3785 3690 3856 Mysorum

2093 3895 2277 3941 autem
2311 3882 2718 3948 crudelitatem,
2741 3881 2830 3934 vix
2863 3881 3068 3934 habeas
3103 3879 3192 3934 cui
3213 3877 3306 3932 alii
3332 3892 3690 3946 comparave-

2097 3979 2192 4034 ris.
2229 3978 2464 4032 Tantum
2495 3975 2658 4046 plane
2688 3975 2900 4037 aberat,
2926 3983 2986 4026 ut
3021 3987 3090 4026 ne
3118 3972 3337 4042 jactatis
3363 3981 3688 4040 tempestate

2096 4069 2302 4126 nostris
2323 4067 2554 4122 urbibus
2575 4063 2834 4136 praesidio
2859 4073 3065 4131 essent,
3087 4074 3144 4117 ut
3164 4063 3299 4119 alias
3321 4062 3690 4133 quidem,qno

2093 4159 2257 4216 facile
2301 4164 2656 4228 caperentur,
2701 4155 3031 4208 venderent.
3081 4153 3193 4207 Hoc
3222 4154 3370 4207 enim
3400 4153 3468 4206 iis
3499 4169 3689 4224 prom-

2095 4259 2252 4320 ptum
2313 4255 2449 4304 erat.
2486 4245 2634 4316 quod
2667 4244 2812 4298 fame
2869 4241 3075 4314 pressis
3117 4243 3486 4298 necessariam
3517 4259 3691 4298 anno-

2096 4353 2245 4405 nam,
2282 4345 2592 4392 commeatu
2631 4335 2734 4405 ipsi
2793 4333 3102 4400 aiiluentes,
3143 4349 3252 4388 non
3308 4334 3688 4402 impertirent,

2096 4430 2233 4486 alias
2291 4428 2514 4484 sibimet
2567 4427 2671 4498 ipsi
2722 4426 3002 4482 submisso
3078 4426 3252 4481 milite
3297 4441 3371 4481 ac
3429 4425 3685 4492 ducibus,

2099 4522 2353 4594 proprias
2405 4529 2752 4585 assererent,
2777 4535 2840 4574 ac
2871 4517 3098 4588 quidem
3137 4534 3236 4588 per
3271 4533 3329 4572 se
3361 4518 3466 4588 ipsi
3501 4533 3690 4573 muros

412 4647 568 4718 τείχη
590 4610 658 4698 δί’
687 4610 898 4696 ἑαυτῶν
932 4633 1082 4707 εἶχον
1109 4675 1124 4701 ,
1164 4633 1256 4687 καὶ
1300 4627 1544 4702 φρουράς
1572 4627 1760 4689 αὐτοῖς
1783 4626 1987 4688 οἰκείας

2099 4616 2378 4680 tenebant,
2417 4628 2480 4669 ac
2523 4613 2746 4683 propria
2800 4611 3212 4694 constituebant
3248 4610 3546 4682 praesidiai,
3587 4612 3660 4666 mi

416 4740 856 4814 ὲγκαθίστασαν·
906 4734 1032 4795 τοὺς
1061 4729 1121 4784 δὲ
1161 4725 1547 4795 ταλαιπώρους
1581 4724 1876 4794 οἰκήτορας
1911 4720 2000 4774 ἀεὶ

415 4810 804 4889 δουλεύσοντας
852 4824 1066 4894 ἀπῆγον
1096 4818 1174 4881 εἰς
1197 4817 1297 4886 τὴν
1338 4813 1539 4868 αὐτῶν.
1577 4814 1690 4867 Καὶ
1723 4810 1820 4864 νῦν
1853 4811 2001 4880 ὁμωο

373 4975 376 4980 ,
419 4924 622 4993 νύμους
678 4917 777 4988 μὲν
839 4915 958 4976 ταῖς
1015 4908 1316 4982 ἡμετέραις
1366 4904 1591 4959 πόλεσιν
1628 4901 1797 4966 ἄλλας
1851 4895 1999 4954 οὗτοι

354 5063 358 5067 .
421 5011 702 5074 συνοικίας
735 5009 827 5060 ἐπὶ
857 5007 956 5076 τῆς
993 5001 1172 5058 αὐτῶν
1213 5000 1422 5070 ᾤκισαν
1455 4996 1522 5050 δι’
1551 4994 1729 5050 αὐτῶν
1751 5009 1767 5022 ·
1800 4994 2000 5062 φόρους

420 5106 475 5159 δὲ
505 5102 798 5164 τοσούτους
828 5097 1172 5163 ὲκλέγουσιν,
1211 5093 1356 5144 ὅσων
1386 5089 1499 5143 οὐδ’
1532 5089 1598 5141 ἂν
1613 5087 1674 5139 τὸ
1706 5083 2002 5138 πολλοστὸν

421 5192 743 5266 εἰσέπραξεν
789 5193 824 5261 ἡ
868 5187 978 5241 τῶν
1019 5183 1314 5256 βαρϐάρων
1357 5177 1746 5250 ἀπανθρωπία.
1808 5177 2001 5231 Καίτοι

419 5286 594 5357 ταῦτα
624 5283 931 5348 ποιοῦντες,
978 5281 1080 5350 οὐχ
1105 5279 1254 5347 ἡμᾶς
1288 5276 1386 5346 μὲν
1414 5274 1663 5342 ἠδίκουν,
1708 5270 1893 5332 αὐτοῖς
1945 5268 2003 5323 δὲ

425 5381 748 5436 συνοίσοντα
808 5372 1194 5428 ἐϐουλεύοντο·
1257 5369 1392 5422 ἀλλά
1423 5364 1680 5420 τοσοῦτον
1725 5361 1820 5416 τοῦ
1866 5362 2003 5432 πρδς

423 5476 570 5547 ἡμᾶς
601 5471 790 5543 μίσους
823 5467 1005 5529 αὐτοῖς
1034 5463 1253 5533 περιῆν,
1302 5458 1432 5513 ὥσθ’
1467 5457 1608 5527 ὑπὲρ
1636 5454 1730 5507 τοῦ
1767 5455 1835 5507 τὰ
1866 5455 2004 5526 ὴμέ-

423 5546 557 5641 τερα
584 5565 789 5621 κακοῦν
814 5557 1049 5634 ᾑροῦντο
1087 5557 1182 5608 καὶ
1208 5553 1364 5607 αὐτοὶ
1403 5551 1470 5604 τὰ
1491 5551 1665 5604 οἰκεῖα
1693 5546 2004 5617 προσαπολ-

421 5664 601 5716 levat.
641 5659 897 5727 'A;'Y&p
947 5651 1228 5725 ἡμετέρας
1280 5647 1438 5702 αὐτ).
1485 5641 1739 5714 διιρκιζον
1793 5642 1999 5706 πόλεις,

421 5750 582 5810 αὗται
616 5755 684 5824 τῇ
734 5732 940 5815 τούτων
973 5746 1095 5800 ἀντὶ
1123 5743 1338 5813 τείχους
1385 5739 1671 5808 ἐγίγνοντο
1691 5753 1706 5767 ·
1763 5737 1859 5789 καὶ
1889 5737 2002 5798 τοῖς

423 5846 720 5918 βαρϐάροις
774 5839 1032 5911 ἀσχολίαν
1082 5837 1466 5906 παρέχουσαι,
1525 5831 1741 5902 μέλλειν
1781 5829 2002 5883 ἐποίουν

424 5942 610 6002 αὐτοῖς
647 5937 707 5990 τὸ
742 5935 931 6000 κακὸν,
955 5927 1078 5986 ἀντὶ
1120 5929 1216 5982 τοῦ
1249 5925 1728 5998 παρεῖναι.,Δῆλον
1749 5921 1840 5976 δέ·
1877 5920 1996 5976 τού.

2102 4722 2256 4764 scros
2316 4714 2500 4761 autem
2563 4705 2803 4770 incolas,
2866 4712 3149 4774 perpetuae
3210 4705 3343 4774 jugo
3404 4703 3691 4759 servitutis

2103 4803 2376 4870 addictos,
2411 4819 2441 4857 a
2482 4801 2660 4872 patria
2711 4799 3083 4855 abducebant’.
3120 4799 3226 4854 Sed
3265 4809 3320 4854 et
3375 4799 3560 4864 modo,
3587 4815 3688 4852 no-

2102 4897 2230 4951 stris
2281 4893 2612 4966 cognomina
2667 4891 2900 4946 urbibus
2937 4888 3138 4961 oppida
3166 4891 3222 4944 in
3267 4890 3383 4946 suis
3415 4889 3518 4960 ipsi
3545 4889 3692 4944 sedi-

2104 4988 2210 5043 bus
2239 5003 2337 5058 per
2373 5001 2469 5041 eos
2499 4991 2929 5050 exstruxerunt,
2957 4992 3180 5052 tamque
3225 4983 3489 5037 immensa
3523 4982 3694 5037 vecti-

2104 5083 2246 5153 galia
2299 5080 2586 5149 colligunt,
2626 5086 2686 5133 ut
2739 5093 2810 5133 ne
2852 5077 3139 5146 exigendis
3186 5077 3554 5132 Barbarorum
3594 5079 3696 5128 iu-

2104 5159 2352 5228 manitas'
2381 5171 2571 5226 multis
2617 5170 2872 5242 partibus
2905 5168 2973 5224 ad
3029 5184 3093 5223 ea
3157 5169 3403 5224 accedat.
3447 5167 3691 5223 Tameni

2107 5266 2225 5322 haec
2256 5274 2507 5335 agentes,
2555 5263 2701 5318 haud
2766 5265 2841 5318 ita
2883 5263 3181 5330 habebant,
3217 5274 3274 5316 ut
3324 5278 3426 5316 nos
3466 5260 3690 5331 quidem

2107 5358 2395 5422 laederent,
2432 5356 2538 5412 sibi
2573 5365 2754 5411 autem
2789 5357 2937 5427 quod
2968 5372 2998 5412 e
3025 5372 3083 5412 re
3110 5365 3258 5411 esset
3285 5355 3643 5411 consulerent
3678 5376 3688 5406 :

2105 5452 2240 5520 quin
2287 5451 2400 5505 imo
2429 5465 2493 5504 ea
2544 5449 2600 5504 in
2637 5465 2740 5505 nos
2794 5449 3112 5504 ferebantur
3137 5449 3249 5504 odii
3281 5447 3691 5518 exsuperantiz,

2109 5555 2169 5600 ut
2192 5544 2359 5599 modo
2388 5552 2654 5598 nocerent
2682 5543 2908 5606 nostris,
2943 5560 3040 5598 Stin
3082 5544 3184 5608 ipsi
3218 5542 3454 5596 libentes
3485 5541 3644 5609 parit-
3669 5557 3694 5590 ι-

2061 5625 2090 5668 ·’
2107 5637 2426 5707 perderent.
2453 5633 2600 5701 Quas
2653 5635 2802 5689 enim
2849 5634 2924 5688 illi
2975 5641 3195 5688 nostras
3227 5632 3566 5702 dissiparth
3598 5645 3694 5686 ur-

2108 5731 2226 5795 bes,
2257 5745 2448 5785 eorum
2481 5727 2709 5784 sedibus
2741 5729 2883 5782 muri
2916 5728 3037 5782 loco
3087 5736 3244 5781 erant
3266 5767 3279 5791 ,
3315 5725 3694 5792 Barbarosqttc

2107 5831 2467 5892 occupantes,
2518 5819 2766 5875 futurum
2813 5821 2916 5882 eis,
2972 5820 3094 5872 loco
3146 5817 3430 5887 praesentis
3489 5817 3694 5870 malum

2108 5919 2405 5975 faciebant.
2462 5920 2538 5973 Ac
2600 5917 2776 5986 liquet
2836 5934 2850 5970 :
2913 5914 2981 5969 iis
3031 5915 3175 5969 cnim
3228 5912 3547 5981 detractis,
3584 5913 3696 5985 iam
