4068 6484
399 419 506 477 9:75

1649 408 2029 470 DEMETRII
2092 408 2404 472 CYDONII

3577 409 3680 474 976

401 527 626 600 quidem
661 523 966 581 Trinabum
1027 521 1304 590 muniunt,
1337 521 1556 592 aliaque
1585 523 1827 580 obsessa:
1871 524 1989 583 urbi

2100 541 2207 578 των
2237 523 2345 594 γάρ
2369 521 2796 596 καθῃρημένων,
2817 520 3085 593 Τρίναϐον
3113 522 3210 592 μὲν
3235 521 3336 594 ήδη
3359 522 3678 593 τειχίζουσι,

399 620 663 692 praesidio
714 620 904 674 futura
932 617 1226 681 inducunt,
1259 615 1340 669 sic
1389 614 1604 685 liquido
1635 618 1780 686 quod
1815 617 1991 673 inter-

394 718 542 786 jacet
570 714 847 782 Mysorum
873 719 958 766 est
996 709 1210 779 pratda,
1259 706 1484 761 Barbari
1520 716 1732 772 autem,
1758 708 1992 765 liberius

399 824 597 863 eorum
657 805 922 860 invadent
969 816 1164 866 terras,
1198 817 1362 872 quam
1392 802 1577 857 colant
1615 817 1779 865 suas,
1808 819 1994 859 nunc-

401 917 509 972 que
552 900 687 956 alias
743 899 846 968 ipsi
912 904 1166 968 quaerunt
1213 895 1392 962 sedes,
1441 903 1703 965 tanquam
1731 881 1883 950 'nihil
1921 895 1991 951 ab

405 985 650 1052 hostium
676 995 899 1050 sedibus
928 1007 1057 1047 suas
1085 991 1311 1046 differre
1340 989 1592 1046 credant.

472 1180 657 1232 Hosne
677 1189 830 1246 ergo,
862 1188 993 1242 rogo
1021 1180 1093 1237 te,
1127 1171 1255 1226 belli
1287 1172 1468 1228 socios
1499 1170 1748 1226 vocaturi
1775 1185 1991 1238 sumus,

397 1260 598 1341 quibus
646 1269 689 1323 si
736 1265 868 1336 quid
902 1265 1062 1319 nobis
1104 1263 1393 1318 infortunii
1435 1264 1665 1329 accidat,
1699 1262 1992 1318 connnodo

395 1364 468 1416 sit
506 1376 823 1421 cessurum,
866 1372 1115 1428 quosque
1170 1356 1330 1411 malis
1380 1354 1610 1418 nostris,
1639 1370 1833 1409 omnes
1864 1369 1993 1425 pro-

394 1467 583 1512 vectos
639 1453 853 1510 sciant?
901 1452 1176 1508 Craterum
1240 1450 1372 1520 quid
1420 1465 1485 1504 ea
1529 1449 1683 1504 dixi?
1737 1448 1992 1517 Optimus

392 1551 540 1604 enim
589 1555 780 1601 noster
833 1529 1159 1614 imperator,
1185 1553 1310 1614 post
1345 1536 1549 1598 multas
1586 1541 1889 1612 legationes
1927 1556 1993 1596 ac

392 1642 626 1698 collatus
654 1654 964 1702 sermones,
1000 1638 1206 1708 quibus
1261 1637 1315 1690 in
1368 1636 1496 1690 belli
1533 1636 1857 1692 societatem
1894 1635 1992 1688 ad-

391 1731 677 1788 ducendos
709 1729 988 1801 sperabat,
1036 1729 1216 1798 ipsum
1261 1727 1456 1789 filium,
1491 1727 1711 1796 imperii
1740 1725 1990 1780 futurum

389 1839 799 1887 successorem,
825 1821 893 1876 ad
930 1822 1247 1894 nuptiarum
1296 1819 1502 1874 foedera
1553 1833 1678 1873 cum
1715 1817 1987 1888 principis

2100 618 2196 670 καὶ
2221 617 2370 672 τᾶλλ’
2409 609 2484 672 ὧν
2538 617 2620 670 δεῖ
2656 618 2767 679 τοῖς
2809 615 3316 686 πολιορκουμένοις,
3364 615 3677 684 εἰσάγουσιο

2097 707 2274 772 οὕτως
2304 710 2566 779 ἄντικρυς
2583 708 2790 763 Μυσῶν
2818 707 2936 760 λεία
2960 707 3022 760 τὸ
3047 707 3277 777 μεταξύ.
3303 708 3364 761 Ol
3393 706 3447 760 δὲ
3479 707 3683 777 βάρϐα-

2101 818 2182 872 ροι
2223 802 2362 871 μετα
2403 800 2647 866 πλείονος
2678 801 2862 855 ἐπίασι
2886 801 2984 874 τὴν
3018 801 3222 865 αὐτῶν,
3281 800 3558 870 ἢόίκοῦσι
3581 801 3681 872 τὴν

2098 895 2280 948 αὐτῶν
2302 911 2316 926 ·
2359 897 2460 973 καὶ,
2488 894 2583 949 νῦν
2615 895 2785 966 ἄλλην
2822 893 3079 965 ζητοῦσιν
3119 895 3188 965 ἢν
3227 895 3509 964 οἰκήσουσι
3538 892 3679 964 γῆν*

2095 988 2170 1051 ὡς
2202 988 2304 1057 τήν
2347 1005 2412 1057 γε
2449 988 2588 1043 ίδίαν
2635 988 2788 1042 οὐδὲν
2825 987 2927 1059 τῆς
2961 987 3230 1057 πολεμίας
3283 987 3682 1041 πεπιστεύκασι

2096 1079 2413 1150 διαφέρειν.-

2167 1174 2404 1238 Τούτους
2425 1176 2626 1240 τοίνυν,
2657 1176 2780 1229 εἰπέ
2837 1192 2948 1245 μοι,
2984 1174 3288 1244 καλέσομεν
3337 1173 3683 1242 συμμάχους,

2095 1263 2197 1333 οἷς,
2217 1269 2283 1322 ἄν
2310 1285 2362 1320 τι
2397 1269 2742 1340 πταίσωμεν,
2763 1267 2984 1338 εὕρημα
3007 1269 3243 1336 γίνεται,
3277 1265 3370 1318 καὶ
3392 1265 3484 1328 οὒς
3512 1265 3686 1320 ἃπαν-

2095 1378 2183 1424 τες
2216 1363 2401 1416 ῐσασιν
2461 1363 2526 1415 ὲκ
2557 1362 2666 1416 τῶν
2714 1362 3006 1433 ἡμετέρων
3063 1360 3250 1414 κακῶν
3297 1360 3681 1430 ηὑξημένους;

2097 1454 2291 1508 Καίτοι
2325 1453 2378 1506 τί
2405 1453 2579 1509 ταῦτα
2607 1448 2794 1520 εἷπον;
2850 1454 2910 1506 '0
2938 1453 3047 1523 γὰρ
3077 1454 3256 1506 πάντα
3289 1454 3508 1524 ἄριστος
3533 1451 3685 1522 βασι.

2095 1547 2244 1611 λεὺς,
2269 1550 2296 1600 ό
2323 1548 2618 1618 ἡμέτερος,
2643 1547 2808 1617 λέγω,
2841 1549 2980 1616 μετὰ
3019 1547 3220 1610 πολλὰς
3255 1546 3555 1619 πρεσϐείας
3585 1547 3684 1601 καὶ

2095 1639 2311 1718 λόγους,
2341 1635 2420 1703 οἷς
2446 1640 2679 1711 ήλπισεν
2711 1642 2908 1705 αὐτοὺς
2934 1643 3014 1704 είς
3038 1645 3138 1712 τὴν
3168 1640 3492 1718 συμμαχίαν
3517 1657 3684 1709 προσ-

2082 1732 2344 1800 ·άξεσθαι,
2365 1733 2462 1786 καὶ
2488 1733 2580 1786 τὸν
2611 1733 2727 1787 υἱὸν
2745 1731 2913 1787 αὐτοῦ
2939 1732 3031 1786 τὸν
3073 1733 3193 1804 μετ’
3224 1717 3387 1786 αὑτὸν
3433 1732 3679 1803 βασιλέα,

2095 1826 2194 1897 τὴν
2230 1826 2506 1898 θυγατέρα
2538 1826 2633 1879 τοῦ
2663 1826 2868 1880 Μυσῶν
2891 1826 3152 1897 ἄρχοντος
3185 1825 3467 1896 ἠνάγκασε
3498 1827 3686 1894 γυναῖ-

391 1920 664 1990 Mysorum
714 1916 858 1980 lilia,
905 1925 1105 1984 putans
1162 1914 1243 1968 sic
1306 1911 1726 1982 pelliciendum,
1784 1909 1986 1980 adegit.

2095 1939 2164 1973 κα
2193 1921 2399 1986 λαϐεῖν,
2432 1919 2608 1990 ταύτῃ
2639 1920 2844 1989 μᾶλλον
2857 1919 3109 1990 οἰόμενος
3141 1919 3304 1974 αὑτὸν
3330 1919 3680 1988 ἐφέλκεσθαι.

390 2013 558 2081 Atqui
595 2011 782 2067 sciunt
820 2023 1036 2070 omnes,
1086 2023 1248 2075 quam
1288 2007 1394 2060 hoc
1443 2005 1786 2076 conjugium,
1812 2005 1989 2074 impe-

389 2108 561 2176 ratori
648 2103 874 2173 quidem
943 2101 1204 2157 dedecori
1285 2099 1491 2166 fuerit,
1542 2115 1605 2155 ac
1657 2099 1987 2170 abjectioni,

391 2215 670 2270 quamque
703 2197 782 2252 illi
817 2195 1006 2266 gloriae
1037 2211 1100 2250 ac
1146 2188 1453 2264 splendori.
1489 2193 1705 2263 Ergone
1736 2200 1884 2248 tanta
1922 2191 1991 2247 ab

391 2293 726 2364 imperatore
753 2290 931 2360 gratia
964 2287 1177 2354 donati,
1205 2286 1429 2342 reveriti
1462 2295 1591 2341 sunt
1632 2285 1988 2352 beneficium,

390 2401 457 2440 ac
483 2385 566 2440 vel
602 2383 897 2438 minimum
951 2381 1086 2452 quid
1135 2381 1202 2434 ad
1243 2377 1717 2434 remunerationis
1749 2378 1990 2449 speciem

391 2480 651 2534 conferre
683 2474 1037 2545 cogitarunt?
1069 2471 1225 2527 Haud
1263 2472 1426 2541 plane
1458 2490 1470 2525 :
1510 2471 1726 2526 tametsi
1751 2470 1990 2526 necdum

391 2571 684 2627 conciliata
718 2567 1004 2633 affinitate,
1034 2567 1219 2620 omnia
1258 2566 1698 2636 pollicebantur:
1729 2580 1794 2620 ac
1825 2573 1991 2634 quot-

393 2671 528 2732 quot
564 2659 832 2730 promissa
874 2656 1221 2712 [innantibus
1261 2671 1457 2718 eorum
1496 2654 1862 2710 sacramentis
1897 2653 1994 2708 ad-

392 2753 661 2808 hibebant
709 2750 979 2814 animum,
1010 2750 1280 2819 optimum
1318 2747 1509 2802 iniisse
1563 2747 1857 2802 consilium
1893 2748 1994 2801 im-

392 2854 710 2915 peratorem
765 2841 1126 2914 afﬁrmarent.
1174 2840 1475 2895 Enimvero
1513 2855 1636 2894 cum
1692 2841 1993 2896 necessitas

392 2942 639 2996 vocaret,
698 2946 768 2985 ne
826 2930 1034 2991 navim,
1097 2945 1168 2983 ne
1225 2931 1492 2999 equitem,
1554 2945 1624 2984 ne
1683 2930 1992 3000 simplicem

392 3018 650 3089 ntilite‘m,
684 3033 752 3072 ne
791 3033 959 3072 unum
1015 3016 1240 3071 obolum
1300 3018 1652 3086 protulerunt
1694 3035 1707 3069 :
1750 3021 1884 3089 quin
1919 3020 1992 3073 ita

391 3113 448 3168 in
484 3082 646 3166 tinctu
679 3126 853 3181 usque
903 3109 1152 3179 improbe
1181 3108 1285 3164 sibi
1327 3109 1601 3179 agendum
1632 3117 1989 3179 putaverunt,

392 3217 455 3264 ut
509 3223 633 3262 cum
693 3207 992 3276 imperator
1065 3203 1120 3257 in
1185 3203 1463 3274 Illyricum
1521 3217 1585 3256 ac
1650 3203 1988 3258 Pannoniam

389 3297 663 3372 proficisci
693 3299 1051 3362 decrevisset,
1103 3298 1327 3367 ipseque
1364 3312 1464 3367 per
1510 3296 1660 3352 viros
1719 3295 1987 3354 inducere

297 3401 303 3408 ‘
390 3401 454 3446 ut
506 3389 840 3445 vindicando
898 3389 1100 3443 auxilia
1177 3389 1406 3456 darent;
1471 3391 1712 3459 primum
1762 3390 1986 3461 quidem

390 3482 470 3536 illi
508 3481 645 3534 nihil
679 3496 788 3534 non
820 3480 1117 3545 moverint,
1149 3479 1352 3550 quibus
1382 3481 1451 3535 ab
1480 3482 1750 3552 ejusmodi
1777 3483 1986 3551 Optimo

387 3574 626 3629 consilio
683 3575 1079 3627 retrahendum
1141 3585 1430 3641 sperarent
1469 3590 1484 3628 :
1519 3573 1614 3627 ubi
1667 3580 1850 3627 autem
1885 3574 1989 3627 mi-

387 3667 540 3721 nime
603 3657 1012 3736 persuasissent
1061 3666 1362 3720 annuerint
1394 3658 1668 3736 quidem,
1719 3680 1784 3719 ac
1841 3675 1987 3721 recte

385 3757 598 3812 habere
633 3755 780 3826 quod
809 3757 1119 3810 consultum
1161 3766 1310 3812 esset
1339 3754 1466 3810 fassi
1499 3754 1648 3820 sint;
1685 3769 1850 3826 quam
1874 3756 1988 3810 cito

393 3864 578 3906 tamen
645 3866 784 3922 quas
836 3849 965 3906 inde
1027 3849 1278 3905 licuisset
1337 3848 1707 3903 adducentem
1777 3848 1984 3917 copias,

391 3943 597 3998 reverti
634 3942 988 4008 monuerint;
1018 3941 1166 4011 quod
1201 3939 1477 4009 reliquum
1525 3937 1810 3993 videretur
1832 3938 1986 4009 adje-

365 4047 582 4092 cturos
611 4051 690 4099 se.
724 4051 789 4091 ac
827 4036 1040 4090 alacres
1074 4032 1266 4089 sociali
1303 4032 1448 4087 bello
1481 4030 1721 4097 futuros,
1753 4032 1986 4103 ejusque

390 4129 567 4197 gratia
617 4128 757 4182 nihil
809 4143 918 4182 non
957 4126 1270 4182 molituros.
1295 4126 1476 4195 Atque
1504 4124 1623 4180 haec
1655 4125 1876 4197 quidem
1909 4127 1987 4181 illi

376 4221 814 4291 ,_pollicebantur.
851 4221 992 4276 Nunt
1021 4213 1212 4275 autem
1243 4219 1428 4275 verbis
1461 4234 1550 4276 res
1575 4219 1984 4290 responderint.

381 4322 544 4368 certo
575 4329 740 4368 nosse
775 4313 925 4376 licet,
950 4328 1016 4366 ex
1052 4311 1121 4367 iis
1148 4325 1268 4381 qua:
1293 4311 1634 4368 acciderunt.
1661 4309 1802 4368 Olim
1833 4311 1982 4366 enim

389 4406 620 4461 Barbari
651 4407 909 4462 veniente
960 4405 1292 4474 imperatore
1323 4420 1519 4475 paruas
1547 4405 1847 4471 dedissent,
1877 4406 1982 4462 nisi

391 4498 475 4554 illi
509 4497 676 4551 sociis
729 4512 795 4552 ac
842 4493 1322 4551 commilitonibus
1353 4495 1472 4548 vias
1521 4493 1982 4558 interclusissent,

2096 2012 2280 2067 Καίτοι
2320 2013 2523 2075 πάντες
2558 2013 2763 2079 ἴσασιν,
2795 2014 2928 2085 ὅσην
2969 2013 2997 2066 ὁ
3031 2013 3210 2082 γάμος
3240 2007 3394 2075 οὗτος
3423 2012 3500 2081 τῷ
3530 2012 3682 2081 βασι-

2094 2105 2177 2156 λεῖ
2205 2105 2305 2173 μὲν
2330 2105 2553 2172 ἀδοξίαν
2587 2105 2682 2158 καὶ
2705 2103 3308 2175 ταπεινότητα,ὲκείνῳ
3338 2103 3396 2156 δὲ
3429 2103 3682 2158 εὔκλειαν

2095 2196 2349 2266 ἤνεγκεν.
2383 2191 2513 2266 Ἆρ’
2543 2195 2637 2249 οὖν
2668 2195 2929 2266 τοιαύτης
2967 2196 3153 2259 αὐτοῖς
3175 2197 3398 2266 χάριτος
3418 2198 3512 2251 τοῦ
3533 2195 3676 2264 βασι-

2095 2288 2229 2352 λέως
2269 2289 2640 2362 ὑπάρξαντος,
2671 2288 3023 2360 ᾐσχύνθησαν
3055 2288 3154 2356 τὴν
3190 2289 3534 2358 εὐεργεσίαν,
3588 2288 3677 2342 καί

2093 2396 2145 2432 τι
2176 2381 2274 2432 καὶ
2300 2380 2432 2448 παρ’
2482 2380 2663 2433 αὐτῶν
2707 2379 2897 2450 σχῆμα
2935 2377 3066 2448 γοῦν
3095 2378 3335 2449 ἀμοιϐῆς
3375 2378 3497 2449 ἔχον
3527 2380 3680 2447 γενέο

2097 2470 2224 2524 σθαι
2278 2471 2670 2543 διενοήθησαν;
2709 2470 2998 2540 Οὐδαμῶς.
3062 2472 3256 2524 Καίτοι
3295 2470 3399 2542 πρὸ
3433 2471 3534 2540 τῆς
3580 2488 3678 2539 κη-

2095 2567 2243 2630 δείας
2273 2567 2436 2620 πάνθ’
2485 2563 2851 2636 ὑπισχνοῦντο
2873 2580 2886 2594 °
2935 2565 3029 2618 καὶ
3062 2564 3263 2626 πάντες
3293 2565 3375 2628 είς
3418 2562 3507 2628 οὓς
3540 2564 3676 2634 ὑπὲρ

2095 2659 2305 2713 τούτων
2356 2657 2618 2728 ὤμνυσαν
2676 2657 2877 2726 ὅρκους
2927 2655 3186 2727 ὁρῶντες,
3216 2655 3398 2720 καλῶς
3441 2655 3678 2725 ἔφασκον

2099 2749 2486 2822 βεϐουλεῦσθαι
2510 2749 2603 2802 τὸν
2637 2747 2886 2817 βασιλέα.
2931 2747 3092 2802 Ἀλλὰ
3122 2749 3222 2817 τῆς
3253 2749 3444 2819 χρείας
3488 2746 3678 2802 καλού-

2100 2859 2220 2911 σης,
2265 2841 2324 2893 οὐ
2376 2838 2546 2906 ναῦν,
2577 2839 2679 2906 οὐχ
2714 2838 2911 2903 ἱππέα,
2948 2836 3045 2908 οὐχ
3091 2837 3320 2906 ὁπλίτην
3363 2836 3541 2907 ψιλὸν,
3579 2838 3680 2892 οὐκ

2095 2931 2282 2985 ὀϐολὸν
2313 2931 2410 2984 ἕνα
2443 2931 2694 3001 προεῖντο
2719 2943 2734 2958 ο
2763 2928 2879 2982 ἀλλ’
2909 2927 3055 2982 οὕτω
3082 2929 3173 2984 διὰ
3201 2929 3389 2992 τέλους
3423 2931 3675 2999 ἀγνωμοο

2095 3029 2207 3080 νεῖν
2236 3023 2404 3096 ᾤοντο
2433 3023 2565 3087 δεῖν,
2591 3022 2668 3086 ὼς
2717 3024 2813 3076 καὶ
2842 3023 2938 3075 τοῦ
2971 3021 3240 3092 βασιλέως
3267 3022 3354 3075 ἐπ’
3382 3022 3678 3092 Ἰλλυριοὺς

2095 3120 2189 3172 καὶ
2248 3119 2482 3179 Παίονας
2517 3115 2822 3186 ἀποδημεῖν
2858 3116 3182 3184 ἐγνωκότος,
3241 3117 3336 3169 καὶ
3369 3115 3437 3169 δι’
3483 3115 3675 3170 ἑαυτοῦ

2099 3209 2309 3262 πείθειν
2350 3206 2761 3278 ἐπιχειροῦντος
2793 3205 3027 3276 ἀμύνειν
3066 3205 3238 3276 αὐτῷ,
3272 3207 3422 3259 αὐτοὶ
3460 3205 3677 3276 πρῶτον

2095 3303 2196 3375 μὲν
2231 3301 2390 3355 πάντ’
2423 3301 2673 3362 ἐκίνουν,
2693 3299 2760 3352 δι’
2793 3294 2868 3353 ὧν
2895 3297 3124 3369 ήλπιζον
3153 3297 3318 3352 αὑτὸν
3346 3299 3677 3370 ἀποστήσειν

2089 3397 2198 3449 τῶν
2233 3394 2415 3458 καλῶς
2450 3393 2809 3461 ἐγνωσμένων
2834 3410 2846 3424 ·
2900 3391 2975 3455 ὡς
3004 3391 3047 3444 δ’
3083 3392 3184 3445 οὐκ
3223 3392 3460 3470 ἔπειθον,
3495 3393 3671 3447 ἐνδόν-

2089 3505 2201 3554 τες,
2235 3488 2331 3542 ita!
2363 3485 2545 3549 καλῶς
2576 3485 2721 3554 ἔχειν
2755 3483 3005 3546 είπόντες
3024 3484 3092 3538 τά
3131 3484 3551 3554 βεϐουλευμένα,
3577 3488 3676 3556 τὴν

2088 3578 2351 3647 ταχίστην
2391 3575 2756 3645 ἀναστρέφειν
2795 3571 3094 3643 παρῄνουν,
3155 3574 3288 3644 ὅσην
3343 3574 3409 3627 ἂν
3453 3574 3676 3644 δύνηται

2089 3670 2323 3739 δύναμιν
2355 3667 2698 3738 ἐπαγόμενον
2718 3682 2731 3696 ⁸
2775 3667 2876 3736 τὴν
2902 3665 2958 3718 δὲ
2991 3665 3187 3737 λοιπὴν
3219 3666 3552 3738 προσθήσειν
3579 3669 3678 3724 αύ-

2090 3765 2239 3827 τοὺς,
2272 3764 2366 3816 καὶ
2412 3759 3005 3832 συμπροθυμήσεσθαι,
3069 3762 3168 3814 καὶ
3212 3761 3389 3816 πάντα
3445 3764 3676 3833 πράξειν

2091 3855 2232 3926 ὑπὲρ
2263 3855 2452 3910 αὐτοῦ.
2509 3854 2698 3910 Ταῦτα
2735 3853 2832 3924 μὲν
2875 3847 3014 3924 ἦσαν
3050 3855 3107 3907 ὲν
3152 3847 3234 3916 οἷς
3281 3855 3672 3925 ὑπισχνοῦντοο

2090 3951 2139 4003 εί
2166 3949 2211 4002 δ’
2242 3945 2322 4012 οἷς
2350 3948 2559 4016 ἔλεγον,
2593 3947 2778 4002 καὶτὰ
2809 3948 2919 4001 ἀπὸ
2948 3945 3055 3999 τῶν
3079 3947 3423 4017 πραγμάτων
3455 3949 3675 4019 συνέϐη,

2090 4039 2300 4108 ἔξεστιν
2335 4041 2398 4092 ὲκ
2429 4039 2538 4092 τῶν
2557 4034 2880 4092 ἀποϐάντων
2905 4038 3001 4109 τὴν
3021 4038 3331 4110 μαρτυρίαν
3353 4039 3673 4109 λαμϐάνειν.

2091 4134 2268 4189 Πάλαι
2299 4132 2407 4204 γάρ
2427 4133 2491 4186 ἂν
2520 4131 2677 4201 δίκην
2703 4130 2893 4184 ἔδοσαν
2924 4132 2973 4183 οἱ
2995 4131 3263 4202 βάρϐαροι
3291 4131 3385 4185 τοῦ
3412 4133 3676 4202 βασιλέως

2091 4224 2360 4287 ἐλθόντος,
2398 4224 2448 4274 εί
2485 4220 2560 4292 μὴ
2612 4223 2725 4283 τοῖς
2780 4221 3093 4290 συμμάχοις
3149 4214 3297 4276 οὗτοι
3343 4221 3440 4288 τὰς
3473 4222 3674 4286 διόδους

2092 4314 2451 4378 ἀπέκλεισαν,
2510 4313 2603 4366 καὶ
2655 4313 2782 4374 τοὺς
2841 4312 3155 4384 βαρϐάρους
3189 4315 3325 4384 ἡμῖν
3359 4314 3454 4368 τοῦ
3484 4315 3676 4386 θέρους

2090 4407 2395 4478 ἐπήγαγον,
2418 4404 2608 4463 οὐδένα
2642 4403 2830 4458 λοιπὸν
2854 4404 3117 4468 δεδιότας.
3147 4405 3303 4458 Ὤστ’
3332 4408 3387 4460 εί
3404 4425 3486 4470 τις
3503 4407 3674 4478 ,ἄχθε-

2089 4515 2180 4550 ται
2214 4497 2325 4558 τοῖς
2357 4497 2622 4566 παροῦσι,
2664 4496 2878 4560 τούτοις
2937 4497 3038 4566 τὴν
3103 4498 3287 4550 αἰτίαν
3330 4499 3438 4552 τῶν
3489 4501 3676 4553 κακῶν

390 4589 560 4658 inque
620 4602 722 4642 nos
777 4597 988 4652 aestate,
1043 4585 1184 4640 nihil
1238 4587 1350 4656 jam
1412 4587 1668 4641 timentes
1703 4584 1988 4646 «Barbaros

2093 4588 2413 4658 λογιζέσθω.
2455 4589 2539 4652 Ὡς
2567 4589 2622 4642 εί
2651 4589 2702 4657 γ’
2733 4590 2995 4660 ἐμμένειν
3041 4584 3188 4643 οὗτοι
3219 4594 3330 4655 τοῖς
3362 4591 3676 4663 ὑπεσχημὲο

389 4682 774 4737 immisissent.
798 4679 1168 4748 Quamobrem
1196 4679 1242 4735 si
1279 4680 1404 4752 quis
1442 4695 1625 4735 rerum
1661 4688 1986 4750 praesentem

389 4786 596 4832 statum
641 4775 878 4830 moleste
933 4773 1123 4839 habet,
1159 4775 1429 4830 malorum
1465 4775 1547 4829 eis
1586 4773 1822 4843 imputet
1859 4788 1990 4827 cau-

390 4882 531 4921 sam.
557 4867 739 4936 Atque
774 4864 938 4929 adeo,
975 4865 1130 4919 utilli
1165 4865 1472 4920 voluissent
1501 4865 1787 4936 promissis
1817 4875 1986 4928 stare,

389 4973 502 5012 non
543 4955 719 5012 modis
743 4955 1002 5012 omnibus
1035 4972 1123 5012 res
1150 4957 1491 5012 confundere
1517 4972 1579 5011 ac
1606 4957 1986 5027 pessumdare,

389 5050 523 5104 olim
565 5064 668 5104 nos
712 5063 742 5103 a
787 5047 1161 5103 Barbarorum
1214 5050 1418 5120 injuria
1472 5048 1636 5104 liberi
1673 5063 1985 5119 ageremus,

392 5143 653 5214 omnique
685 5141 1084 5212 tranquillitate
1124 5141 1290 5198 urbes
1323 5142 1716 5197 iucolercmus.

459 5234 595 5301 Quis
647 5249 802 5304 ergo,
836 5233 940 5288 nisi
991 5232 1220 5287 insanus
1272 5243 1379 5296 est.
1416 5235 1502 5288 vel
1544 5233 1825 5288 modicum
1854 5233 1988 5303 quid

390 5329 459 5384 ab
497 5329 608 5384 illis
651 5327 981 5398 speraverit,
1012 5327 1216 5397 quibus
1251 5336 1439 5382 nostra
1495 5329 1658 5392 mala,
1691 5343 1788 5383 sua
1840 5329 1992 5399 ipso-

392 5439 516 5476 rum
576 5423 753 5477 salute
805 5421 1207 5476 cbariora.sint
1257 5435 1322 5475 ac
1357 5421 1664 5476 studiosius
1721 5421 1989 5491 quaesita?

392 5515 678 5587 Siquidem
711 5531 844 5586 ergo
897 5524 958 5569 ut
1012 5514 1244 5586 Scythas
1273 5514 1436 5570 nobis
1467 5515 1834 5570 auxiliaturos
1860 5532 1988 5586 spe-

390 5628 600 5678 remus,
633 5627 838 5666 vanum
873 5618 988 5677 est;
1024 5620 1083 5665 ut
1127 5609 1380 5665 Tribalos
1412 5609 1746 5674 ridiculum;
1784 5619 1844 5664 ut
1875 5611 2011 5682 Myl

390 5719 482 5760 sos
509 5705 646 5759 nihil
673 5703 740 5759 ad
769 5719 921 5774 Spem
956 5704 1306 5758 commodum
1329 5743 1343 5767 ,
1376 5702 1554 5756 nostri
1588 5717 1722 5757 vero
1750 5718 1986 5772 quorum

390 5797 606 5868 pridem
642 5796 818 5851 virtus
863 5797 1078 5853 defecta
1111 5795 1208 5859 sit,
1238 5795 1388 5848 nulla
1426 5794 1567 5848 ratio
1596 5794 1849 5850 habenda
1880 5804 1985 5862 est,

395 5905 568 5964 quem
609 5893 866 5964 praesenti
899 5891 1165 5962 deinceps
1212 5888 1436 5960 negotio
1465 5888 1852 5945 auxiliatorem
1889 5904 1986 5945 vo-
2015 5967 2032 5982 _

2093 4699 2202 4746 νοις
2237 4681 2544 4744 ἐϐούλοντο,
2599 4683 2694 4734 καὶ
2745 4684 2821 4754 μὴ
2851 4684 3028 4737 πάντα
3057 4683 3258 4754 τρόπον
3316 4688 3540 4755 συγχεῖν
3583 4687 3674 4740 καὶ

2092 4778 2434 4848 διαφθείρειν
2472 4776 2540 4828 τὰ
2573 4776 2898 4846 πράγματα,
2931 4777 3098 4830 πάλαι
3131 4777 3198 4831 ἂν
3249 4779 3409 4848 ἡμεῖς
3440 4778 3539 4847 τῆς
3569 4779 3673 4831 τῶν

2095 4868 2392 4940 βαρϐάρων
2425 4866 2638 4934 ὕϐρεως
2682 4869 3081 4939 ἀπηλλάγμεθα
3102 4907 3118 4935 ,
3149 4870 3244 4922 καὶ
3296 4869 3417 4939 μεθ’
3445 4869 3671 4943 ἡσυχίας
3697 4893 3700 4895 λ

2091 4963 2191 5027 τὰς
2221 4961 2408 5025 πόλεις
2443 4959 2720 5032 ᾠκοῦμεν.

2164 5240 2260 5302 Τίς
2286 5235 2402 5303 οὖν,
2436 5237 2593 5301 εἴτις
2626 5235 2703 5307 μὴ
2756 5238 3028 5308 μαίνοιτο,
3061 5234 3284 5307 μέτριον
3327 5235 3393 5288 άν
3439 5251 3493 5286 τι
3519 5233 3671 5303 παρά

2091 5331 2300 5385 τούτων
2353 5329 2595 5396 ἐλπίσας,
2647 5323 2728 5392 οἷς
2777 5329 2848 5382 τὰ
2882 5329 3124 5399 ἡμέτερα
3179 5327 3322 5381 κακά
3360 5329 3462 5398 τῆς
3494 5325 3673 5380 αὐτῶν

2093 5425 2372 5494 σωτηρίας
2396 5423 2599 5494 μᾶλλον
2624 5421 3018 5490 σπουδάζεταις
3050 5422 3264 5475 Ὀὐκοῦν
3297 5424 3345 5474 εί
3373 5421 3434 5474 τὸ
3460 5421 3672 5483 Σκύθας

2095 5520 2190 5589 μὲν
2219 5520 2349 5588 ἡμῖν
2377 5518 2595 5588 βοηθεῖν
2626 5517 2817 5583 ἕωλον,
2850 5519 3026 5586 γέλως
3063 5516 3119 5568 δὲ
3150 5517 3180 5586 ἡ
3207 5514 3497 5586 Τριϐαλῶν
3535 5530 3675 5583 συμ-

2094 5611 2289 5680 μαχία,
2346 5610 2648 5662 ἀνέλπιστα
2693 5608 2749 5660 δὲ
2804 5609 2873 5662 τά
2904 5607 3132 5674 Μυσῶν,
3187 5609 3334 5678 ἡμᾶς
3373 5607 3417 5658 δ’
3445 5603 3511 5661 αὖ
3551 5604 3675 5659 οὐδὲ

2093 5701 2551 5774 προσλογίζεσθαι
2575 5703 2680 5772 χρὴ
2708 5702 2878 5756 πάλαι
2905 5701 3276 5772 ἀπειρηκότας
3300 5716 3313 5729 ·
3350 5699 3470 5753 τίνα
3489 5697 3676 5751 λοιπὸν

2091 5795 2396 5864 καλέσομεν
2419 5794 2710 5864 σύμμαχον
2739 5796 2924 5848 intra
2954 5798 3231 5865 παρόντα;
3283 5793 3357 5846 Οὐ
3375 5793 3483 5862 γὰρ
3503 5790 3674 5862 δήπου
3761 5838 3776 5849 .

2093 5888 2466 5959 Μασσαγέτας
2501 5887 2810 5961 ἀξιώσομεν
2841 5889 2983 5960 δεῦρ’
3016 5888 3195 5959 ήκειν,
3239 5886 3674 5958 μετασχήσοντας
