  <div class='ocr_page' id='page_1' title='image "/cluster/home/n/w/nwhite01/storage/ocr_20150623/154:no.2/coo.31924054870591/494.png"; bbox 0 0 4068 6450; ppageno 0'>
   <div class='ocr_carea' id='block_1_1' title="bbox 349 411 455 474">
    <p class='ocr_par' dir='ltr' id='par_1_1' title="bbox 349 411 455 474">
     <span class='ocr_line' id='line_1_1' title="bbox 349 411 455 474; baseline -0.009 0"><span class='ocrx_word' id='word_1_1' title='bbox 349 411 455 474; x_wconf 68' lang='grc' dir='ltr'>9Ὶί</span> 
     </span>
    </p>
   </div>
   <div class='ocr_carea' id='block_1_2' title="bbox 1297 404 2688 483">
    <p class='ocr_par' dir='ltr' id='par_1_2' title="bbox 1297 404 2688 483">
     <span class='ocr_line' id='line_1_2' title="bbox 1297 404 2688 483; baseline 0 -5"><span class='ocrx_word' id='word_1_2' title='bbox 1297 404 1585 480; x_wconf 79' lang='lat' dir='ltr'><strong>ORATIO</strong></span> <span class='ocrx_word' id='word_1_3' title='bbox 1622 421 1771 480; x_wconf 77' lang='grc' dir='ltr'><strong>Ριιο</strong></span> <span class='ocrx_word' id='word_1_4' title='bbox 1812 422 2172 483; x_wconf 81' lang='lat' dir='ltr'><strong>suusmm</strong></span> <span class='ocrx_word' id='word_1_5' title='bbox 2213 420 2688 483; x_wconf 72' lang='lat' dir='ltr'><strong>LATINORUM.</strong></span> 
     </span>
    </p>
   </div>
   <div class='ocr_carea' id='block_1_3' title="bbox 3511 423 3649 487">
    <p class='ocr_par' dir='ltr' id='par_1_3' title="bbox 3511 423 3649 487">
     <span class='ocr_line' id='line_1_3' title="bbox 3511 423 3649 487; baseline 0.007 -1"><span class='ocrx_word' id='word_1_6' title='bbox 3511 423 3626 487; x_wconf 82' lang='lat'><strong>978</strong></span> <span class='ocrx_word' id='word_1_7' title='bbox 3639 451 3649 458; x_wconf 89' lang='grc'><strong>·</strong></span> 
     </span>
    </p>
   </div>
   <div class='ocr_carea' id='block_1_4' title="bbox 345 521 1926 601">
    <p class='ocr_par' dir='ltr' id='par_1_4' title="bbox 345 521 1926 598">
     <span class='ocr_line' id='line_1_4' title="bbox 345 521 1926 598; baseline 0.001 -20"><span class='ocrx_word' id='word_1_8' title='bbox 345 523 442 578; x_wconf 83' lang='grc' dir='ltr'><strong>τοῦ</strong></span> <span class='ocrx_word' id='word_1_9' title='bbox 473 521 714 593; x_wconf 79' lang='grc' dir='ltr'>πολέμου</span> <span class='ocrx_word' id='word_1_10' title='bbox 733 541 745 556; x_wconf 76' lang='grc' dir='ltr'><strong>ο</strong></span> <span class='ocrx_word' id='word_1_11' title='bbox 777 526 809 596; x_wconf 77' lang='grc' dir='ltr'>ἢ</span> <span class='ocrx_word' id='word_1_12' title='bbox 839 525 974 595; x_wconf 76' lang='grc' dir='ltr'>πρὸς</span> <span class='ocrx_word' id='word_1_13' title='bbox 996 527 1123 591; x_wconf 82' lang='grc' dir='ltr'>τοὺς</span> <span class='ocrx_word' id='word_1_14' title='bbox 1152 527 1250 598; x_wconf 80' lang='grc' dir='ltr'><strong>τὴν</strong></span> <span class='ocrx_word' id='word_1_15' title='bbox 1274 529 1378 594; x_wconf 78' lang='grc' dir='ltr'>ἔξω</span> <span class='ocrx_word' id='word_1_16' title='bbox 1405 527 1626 598; x_wconf 80' lang='grc' dir='ltr'><strong>Στηλῶν</strong></span> <span class='ocrx_word' id='word_1_17' title='bbox 1657 528 1926 582; x_wconf 85' lang='grc' dir='ltr'>θάλατταν</span> 
     </span>
    </p>
   </div>
   <div class='ocr_carea' id='block_1_5' title="bbox 2032 521 3626 601">
    <p class='ocr_par' dir='ltr' id='par_1_5' title="bbox 2035 529 3626 601">
     <span class='ocr_line' id='line_1_5' title="bbox 2035 529 3626 601; baseline -0.001 -17"><span class='ocrx_word' id='word_1_18' title='bbox 2035 532 2388 586; x_wconf 78' lang='lat' dir='ltr'><strong>caverimus?</strong></span> <span class='ocrx_word' id='word_1_19' title='bbox 2413 533 2553 587; x_wconf 91' lang='lat' dir='ltr'><strong>Num</strong></span> <span class='ocrx_word' id='word_1_20' title='bbox 2589 532 2723 585; x_wconf 81' lang='lat' dir='ltr'><strong>forte</strong></span> <span class='ocrx_word' id='word_1_21' title='bbox 2751 532 3078 601; x_wconf 62' lang='lat' dir='ltr'><strong>Mausagetas</strong></span> <span class='ocrx_word' id='word_1_22' title='bbox 3106 529 3212 584; x_wconf 90' lang='lat' dir='ltr'><strong>huc</strong></span> <span class='ocrx_word' id='word_1_23' title='bbox 3240 529 3432 584; x_wconf 83' lang='lat' dir='ltr'><strong>adesse</strong></span> <span class='ocrx_word' id='word_1_24' title='bbox 3464 547 3626 600; x_wconf 68' lang='grc' dir='ltr'>νοεο-</span> 
     </span>
    </p>
   </div>
   <div class='ocr_carea' id='block_1_6' title="bbox 347 617 1920 694">
    <p class='ocr_par' dir='ltr' id='par_1_6' title="bbox 347 617 1920 694">
     <span class='ocr_line' id='line_1_6' title="bbox 347 617 1920 694; baseline 0.003 -22"><span class='ocrx_word' id='word_1_25' title='bbox 347 617 630 680; x_wconf 84' lang='grc' dir='ltr'>οίκοῦντας</span> <span class='ocrx_word' id='word_1_26' title='bbox 661 619 954 691; x_wconf 71' lang='grc' dir='ltr'>πέμψομεν</span> <span class='ocrx_word' id='word_1_27' title='bbox 994 622 1288 693; x_wconf 84' lang='grc' dir='ltr'>πρέσϐεις;</span> <span class='ocrx_word' id='word_1_28' title='bbox 1341 623 1656 694; x_wconf 84' lang='grc' dir='ltr'>Συμϐούλου</span> <span class='ocrx_word' id='word_1_29' title='bbox 1690 622 1734 676; x_wconf 83' lang='grc' dir='ltr'>δ’</span> <span class='ocrx_word' id='word_1_30' title='bbox 1781 621 1920 676; x_wconf 84' lang='grc' dir='ltr'>εῖναι</span> 
     </span>
    </p>
   </div>
   <div class='ocr_carea' id='block_1_7' title="bbox 347 710 1928 787">
    <p class='ocr_par' dir='ltr' id='par_1_7' title="bbox 347 710 1928 787">
     <span class='ocr_line' id='line_1_7' title="bbox 347 710 1928 787; baseline 0.003 -24"><span class='ocrx_word' id='word_1_31' title='bbox 347 711 410 763; x_wconf 87' lang='grc' dir='ltr'><strong>ού</strong></span> <span class='ocrx_word' id='word_1_32' title='bbox 457 711 572 774; x_wconf 92' lang='grc' dir='ltr'>τοῖς</span> <span class='ocrx_word' id='word_1_33' title='bbox 629 710 728 781; x_wconf 65' lang='grc' dir='ltr'>μὲν</span> <span class='ocrx_word' id='word_1_34' title='bbox 763 712 856 766; x_wconf 80' lang='grc' dir='ltr'>ὑπ’</span> <span class='ocrx_word' id='word_1_35' title='bbox 883 714 1059 768; x_wconf 74' lang='grc' dir='ltr'>ἄλλων</span> <span class='ocrx_word' id='word_1_36' title='bbox 1093 715 1412 785; x_wconf 78' lang='grc' dir='ltr'><strong>λεγομένοις</strong></span> <span class='ocrx_word' id='word_1_37' title='bbox 1451 719 1733 787; x_wconf 74' lang='grc' dir='ltr'>ἐπιτιμᾷν,</span> <span class='ocrx_word' id='word_1_38' title='bbox 1764 717 1928 768; x_wconf 76' lang='grc' dir='ltr'>αὑτὸν</span> 
     </span>
    </p>
   </div>
   <div class='ocr_carea' id='block_1_8' title="bbox 345 801 1920 876">
    <p class='ocr_par' dir='ltr' id='par_1_8' title="bbox 345 801 1920 876">
     <span class='ocr_line' id='line_1_8' title="bbox 345 801 1920 876; baseline 0.001 -20"><span class='ocrx_word' id='word_1_39' title='bbox 345 802 393 856; x_wconf 83' lang='grc' dir='ltr'>δ’</span> <span class='ocrx_word' id='word_1_40' title='bbox 421 801 459 858; x_wconf 69' lang='grc' dir='ltr'>ἃ</span> <span class='ocrx_word' id='word_1_41' title='bbox 511 805 750 858; x_wconf 76' lang='grc' dir='ltr'><strong>συνοίσει</strong></span> <span class='ocrx_word' id='word_1_42' title='bbox 799 805 874 876; x_wconf 83' lang='grc' dir='ltr'><strong>μὴ</strong></span> <span class='ocrx_word' id='word_1_43' title='bbox 917 806 1135 872; x_wconf 82' lang='grc' dir='ltr'>λέγειν’</span> <span class='ocrx_word' id='word_1_44' title='bbox 1181 806 1299 862; x_wconf 82' lang='grc' dir='ltr'>ἀλλ’</span> <span class='ocrx_word' id='word_1_45' title='bbox 1342 809 1668 862; x_wconf 81' lang='grc' dir='ltr'><strong>ἀντειπόντα</strong></span> <span class='ocrx_word' id='word_1_46' title='bbox 1713 808 1827 869; x_wconf 87' lang='grc' dir='ltr'>τοῖς</span> <span class='ocrx_word' id='word_1_47' title='bbox 1859 808 1920 859; x_wconf 85' lang='grc' dir='ltr'><strong>ού</strong></span> 
     </span>
    </p>
   </div>
   <div class='ocr_carea' id='block_1_9' title="bbox 347 895 1924 971">
    <p class='ocr_par' dir='ltr' id='par_1_9' title="bbox 347 895 1924 971">
     <span class='ocr_line' id='line_1_9' title="bbox 347 895 1924 971; baseline 0.003 -23"><span class='ocrx_word' id='word_1_48' title='bbox 347 895 532 960; x_wconf 87' lang='grc' dir='ltr'>καλῶς</span> <span class='ocrx_word' id='word_1_49' title='bbox 560 897 811 951; x_wconf 85' lang='grc' dir='ltr'>δοκοῦσιν</span> <span class='ocrx_word' id='word_1_50' title='bbox 858 899 1114 970; x_wconf 75' lang='grc' dir='ltr'>εἰρῆσθαι</span> <span class='ocrx_word' id='word_1_51' title='bbox 1162 901 1450 971; x_wconf 89' lang='grc' dir='ltr'>πρότερον,</span> <span class='ocrx_word' id='word_1_52' title='bbox 1501 901 1664 954; x_wconf 81' lang='grc' dir='ltr'>αὑτὸν</span> <span class='ocrx_word' id='word_1_53' title='bbox 1695 899 1924 968; x_wconf 74' lang='grc' dir='ltr'>ὕστερον</span> 
     </span>
    </p>
   </div>
   <div class='ocr_carea' id='block_1_10' title="bbox 344 986 1928 1062">
    <p class='ocr_par' dir='ltr' id='par_1_10' title="bbox 344 986 1928 1062">
     <span class='ocr_line' id='line_1_10' title="bbox 344 986 1928 1062; baseline 0.003 -24"><span class='ocrx_word' id='word_1_54' title='bbox 344 989 410 1058; x_wconf 80' lang='grc' dir='ltr'>τῇ</span> <span class='ocrx_word' id='word_1_55' title='bbox 437 986 633 1060; x_wconf 76' lang='grc' dir='ltr'>γνώμῃ</span> <span class='ocrx_word' id='word_1_56' title='bbox 664 992 912 1059; x_wconf 81' lang='grc' dir='ltr'><strong>κρατεῖν.</strong></span> <span class='ocrx_word' id='word_1_57' title='bbox 938 991 1136 1044; x_wconf 81' lang='grc' dir='ltr'><strong>Καίτοι</strong></span> <span class='ocrx_word' id='word_1_58' title='bbox 1177 993 1501 1062; x_wconf 83' lang='grc' dir='ltr'>ἀντεροῦσιν</span> <span class='ocrx_word' id='word_1_59' title='bbox 1537 992 1585 1042; x_wconf 84' lang='grc' dir='ltr'>οῖ</span> <span class='ocrx_word' id='word_1_60' title='bbox 1617 991 1784 1061; x_wconf 79' lang='grc' dir='ltr'>μηδὲν</span> <span class='ocrx_word' id='word_1_61' title='bbox 1810 991 1928 1044; x_wconf 74' lang='grc' dir='ltr'>ἓτε-</span> 
     </span>
    </p>
   </div>
   <div class='ocr_carea' id='block_1_11' title="bbox 349 1081 1926 1154">
    <p class='ocr_par' dir='ltr' id='par_1_11' title="bbox 349 1081 1926 1154">
     <span class='ocr_line' id='line_1_11' title="bbox 349 1081 1926 1154; baseline 0.003 -24"><span class='ocrx_word' id='word_1_62' title='bbox 349 1095 440 1149; x_wconf 83' lang='grc' dir='ltr'><strong>ρον</strong></span> <span class='ocrx_word' id='word_1_63' title='bbox 478 1081 536 1133; x_wconf 78' lang='grc' dir='ltr'>ἐν</span> <span class='ocrx_word' id='word_1_64' title='bbox 591 1083 656 1152; x_wconf 79' lang='grc' dir='ltr'>τῇ</span> <span class='ocrx_word' id='word_1_65' title='bbox 710 1083 865 1135; x_wconf 86' lang='grc' dir='ltr'>πόλει</span> <span class='ocrx_word' id='word_1_66' title='bbox 896 1083 1285 1154; x_wconf 89' lang='grc' dir='ltr'>συμϐουλεύειν</span> <span class='ocrx_word' id='word_1_67' title='bbox 1321 1083 1669 1148; x_wconf 81' lang='grc' dir='ltr'>σκοποῦντες,</span> <span class='ocrx_word' id='word_1_68' title='bbox 1711 1084 1744 1154; x_wconf 78' lang='grc' dir='ltr'>ἢ</span> <span class='ocrx_word' id='word_1_69' title='bbox 1778 1085 1926 1145; x_wconf 81' lang='grc' dir='ltr'>ὅπως</span> 
     </span>
    </p>
   </div>
   <div class='ocr_carea' id='block_1_12' title="bbox 343 1172 1804 1247">
    <p class='ocr_par' dir='ltr' id='par_1_12' title="bbox 343 1172 1804 1247">
     <span class='ocr_line' id='line_1_12' title="bbox 343 1172 1804 1247; baseline 0.004 -23"><span class='ocrx_word' id='word_1_70' title='bbox 343 1172 455 1234; x_wconf 90' lang='grc' dir='ltr'>τοῖς</span> <span class='ocrx_word' id='word_1_71' title='bbox 481 1173 556 1243; x_wconf 84' lang='grc' dir='ltr'>μὴ</span> <span class='ocrx_word' id='word_1_72' title='bbox 591 1174 658 1228; x_wconf 77' lang='grc' dir='ltr'>τὰ</span> <span class='ocrx_word' id='word_1_73' title='bbox 696 1174 940 1229; x_wconf 81' lang='grc' dir='ltr'><strong>δοκοῦντ’</strong></span> <span class='ocrx_word' id='word_1_74' title='bbox 972 1178 1155 1240; x_wconf 79' lang='grc' dir='ltr'>αὐτοῖς</span> <span class='ocrx_word' id='word_1_75' title='bbox 1186 1178 1438 1244; x_wconf 87' lang='grc' dir='ltr'>λέγουσιν</span> <span class='ocrx_word' id='word_1_76' title='bbox 1461 1175 1804 1247; x_wconf 85' lang='grc' dir='ltr'>ἀντεροῦσιν.</span> 
     </span>
    </p>
   </div>
   <div class='ocr_carea' id='block_1_13' title="bbox 2032 621 3620 691">
    <p class='ocr_par' dir='ltr' id='par_1_13' title="bbox 2032 621 3620 691">
     <span class='ocr_line' id='line_1_13' title="bbox 2032 621 3620 691; baseline 0 -15"><span class='ocrx_word' id='word_1_77' title='bbox 2032 623 2237 684; x_wconf 88' lang='lat' dir='ltr'><strong>bimus,</strong></span> <span class='ocrx_word' id='word_1_78' title='bbox 2269 624 2435 691; x_wconf 90' lang='lat' dir='ltr'><strong>inque</strong></span> <span class='ocrx_word' id='word_1_79' title='bbox 2489 625 2615 679; x_wconf 89' lang='lat' dir='ltr'><strong>belli</strong></span> <span class='ocrx_word' id='word_1_80' title='bbox 2663 625 2979 679; x_wconf 88' lang='lat' dir='ltr'><strong>societatem</strong></span> <span class='ocrx_word' id='word_1_81' title='bbox 3013 621 3251 678; x_wconf 86' lang='lat' dir='ltr'><strong>venire?</strong></span> <span class='ocrx_word' id='word_1_82' title='bbox 3284 621 3366 676; x_wconf 87' lang='lat' dir='ltr'><strong>vel</strong></span> <span class='ocrx_word' id='word_1_83' title='bbox 3394 622 3620 676; x_wconf 87' lang='lat' dir='ltr'><strong>nuntios</strong></span> 
     </span>
    </p>
   </div>
   <div class='ocr_carea' id='block_1_14' title="bbox 2038 713 3622 784">
    <p class='ocr_par' dir='ltr' id='par_1_14' title="bbox 2038 713 3622 784">
     <span class='ocr_line' id='line_1_14' title="bbox 2038 713 3622 784; baseline -0.001 -17"><span class='ocrx_word' id='word_1_84' title='bbox 2038 715 2104 768; x_wconf 88' lang='lat' dir='ltr'><strong>ad</strong></span> <span class='ocrx_word' id='word_1_85' title='bbox 2139 730 2236 768; x_wconf 93' lang='lat' dir='ltr'><strong>eos</strong></span> <span class='ocrx_word' id='word_1_86' title='bbox 2281 716 2585 779; x_wconf 79' lang='lat' dir='ltr'><strong>mittemus,</strong></span> <span class='ocrx_word' id='word_1_87' title='bbox 2618 717 2712 784; x_wconf 85' lang='lat' dir='ltr'><strong>qui</strong></span> <span class='ocrx_word' id='word_1_88' title='bbox 2771 715 2982 769; x_wconf 86' lang='lat' dir='ltr'><strong>insulas</strong></span> <span class='ocrx_word' id='word_1_89' title='bbox 3017 729 3082 769; x_wconf 89' lang='lat' dir='ltr'><strong>ac</strong></span> <span class='ocrx_word' id='word_1_90' title='bbox 3121 729 3271 768; x_wconf 89' lang='lat' dir='ltr'><strong>mare</strong></span> <span class='ocrx_word' id='word_1_91' title='bbox 3321 723 3472 766; x_wconf 87' lang='lat' dir='ltr'><strong>extra</strong></span> <span class='ocrx_word' id='word_1_92' title='bbox 3512 713 3622 767; x_wconf 82' lang='lat' dir='ltr'><strong>Co-</strong></span> 
     </span>
    </p>
   </div>
   <div class='ocr_carea' id='block_1_15' title="bbox 2031 804 3616 865">
    <p class='ocr_par' dir='ltr' id='par_1_15' title="bbox 2031 804 3616 865">
     <span class='ocr_line' id='line_1_15' title="bbox 2031 804 3616 865; baseline 0 -9"><span class='ocrx_word' id='word_1_93' title='bbox 2031 805 2250 859; x_wconf 88' lang='lat' dir='ltr'><strong>lumnas</strong></span> <span class='ocrx_word' id='word_1_94' title='bbox 2308 805 2596 860; x_wconf 87' lang='lat' dir='ltr'><strong>habitant?</strong></span> <span class='ocrx_word' id='word_1_95' title='bbox 2632 808 2802 860; x_wconf 85' lang='lat' dir='ltr'><strong>Porro</strong></span> <span class='ocrx_word' id='word_1_96' title='bbox 2835 817 3014 859; x_wconf 88' lang='lat' dir='ltr'><strong>autem</strong></span> <span class='ocrx_word' id='word_1_97' title='bbox 3056 804 3356 860; x_wconf 77' lang='lat' dir='ltr'><strong>consiliarii</strong></span> <span class='ocrx_word' id='word_1_98' title='bbox 3392 804 3482 865; x_wconf 90' lang='lat' dir='ltr'><strong>sit,</strong></span> <span class='ocrx_word' id='word_1_99' title='bbox 3505 819 3616 856; x_wconf 90' lang='lat' dir='ltr'><strong>nou</strong></span> 
     </span>
    </p>
   </div>
   <div class='ocr_carea' id='block_1_16' title="bbox 2044 893 3616 966">
    <p class='ocr_par' dir='ltr' id='par_1_16' title="bbox 2044 893 3616 966">
     <span class='ocr_line' id='line_1_16' title="bbox 2044 893 3616 966; baseline -0.004 -15"><span class='ocrx_word' id='word_1_100' title='bbox 2044 905 2106 951; x_wconf 90' lang='lat' dir='ltr'><strong>ut</strong></span> <span class='ocrx_word' id='word_1_101' title='bbox 2135 897 2202 950; x_wconf 85' lang='lat' dir='ltr'><strong>ab</strong></span> <span class='ocrx_word' id='word_1_102' title='bbox 2225 896 2347 952; x_wconf 86' lang='lat' dir='ltr'><strong>aliis</strong></span> <span class='ocrx_word' id='word_1_103' title='bbox 2374 897 2516 950; x_wconf 85' lang='lat' dir='ltr'><strong>dicta</strong></span> <span class='ocrx_word' id='word_1_104' title='bbox 2545 898 2957 966; x_wconf 79' lang='lat' dir='ltr'><strong>vituperaverit,</strong></span> <span class='ocrx_word' id='word_1_105' title='bbox 2991 897 3130 952; x_wconf 89' lang='lat' dir='ltr'><strong>nihil</strong></span> <span class='ocrx_word' id='word_1_106' title='bbox 3163 911 3295 951; x_wconf 87' lang='lat' dir='ltr'><strong>vero</strong></span> <span class='ocrx_word' id='word_1_107' title='bbox 3320 897 3445 965; x_wconf 88' lang='lat' dir='ltr'><strong>ipse</strong></span> <span class='ocrx_word' id='word_1_108' title='bbox 3469 893 3616 962; x_wconf 87' lang='lat' dir='ltr'><strong>quod</strong></span> 
     </span>
    </p>
   </div>
   <div class='ocr_carea' id='block_1_17' title="bbox 2031 988 3619 1057">
    <p class='ocr_par' dir='ltr' id='par_1_17' title="bbox 2031 988 3619 1057">
     <span class='ocr_line' id='line_1_17' title="bbox 2031 988 3619 1057; baseline -0.005 -11"><span class='ocrx_word' id='word_1_109' title='bbox 2031 1006 2063 1046; x_wconf 89' lang='lat' dir='ltr'><strong>e</strong></span> <span class='ocrx_word' id='word_1_110' title='bbox 2133 1005 2189 1044; x_wconf 93' lang='lat' dir='ltr'><strong>re</strong></span> <span class='ocrx_word' id='word_1_111' title='bbox 2242 990 2333 1051; x_wconf 89' lang='lat' dir='ltr'><strong>sit,</strong></span> <span class='ocrx_word' id='word_1_112' title='bbox 2393 1006 2457 1045; x_wconf 91' lang='lat' dir='ltr'><strong>ac</strong></span> <span class='ocrx_word' id='word_1_113' title='bbox 2529 990 2877 1044; x_wconf 87' lang='lat' dir='ltr'><strong>conducibile</strong></span> <span class='ocrx_word' id='word_1_114' title='bbox 2927 991 3148 1053; x_wconf 83' lang='lat' dir='ltr'><strong>dixerit,</strong></span> <span class='ocrx_word' id='word_1_115' title='bbox 3178 989 3272 1044; x_wconf 89' lang='lat' dir='ltr'><strong>sed</strong></span> <span class='ocrx_word' id='word_1_116' title='bbox 3333 988 3522 1057; x_wconf 80' lang='lat' dir='ltr'><strong>magis,</strong></span> <span class='ocrx_word' id='word_1_117' title='bbox 3559 995 3619 1038; x_wconf 90' lang='lat' dir='ltr'><strong>ut</strong></span> 
     </span>
    </p>
   </div>
   <div class='ocr_carea' id='block_1_18' title="bbox 2034 1078 3618 1152">
    <p class='ocr_par' dir='ltr' id='par_1_18' title="bbox 2034 1078 3618 1152">
     <span class='ocr_line' id='line_1_18' title="bbox 2034 1078 3618 1152; baseline -0.003 -17"><span class='ocrx_word' id='word_1_118' title='bbox 2034 1085 2191 1151; x_wconf 79' lang='lat' dir='ltr'><strong>prius</strong></span> <span class='ocrx_word' id='word_1_119' title='bbox 2243 1082 2495 1136; x_wconf 82' lang='lat' dir='ltr'><strong>refutatis</strong></span> <span class='ocrx_word' id='word_1_120' title='bbox 2529 1098 2650 1152; x_wconf 67' lang='lat' dir='ltr'><strong>qua:</strong></span> <span class='ocrx_word' id='word_1_121' title='bbox 2686 1098 2795 1136; x_wconf 89' lang='lat' dir='ltr'><strong>non</strong></span> <span class='ocrx_word' id='word_1_122' title='bbox 2833 1083 2974 1138; x_wconf 87' lang='lat' dir='ltr'><strong>bene</strong></span> <span class='ocrx_word' id='word_1_123' title='bbox 3007 1081 3152 1137; x_wconf 91' lang='lat' dir='ltr'><strong>dicta</strong></span> <span class='ocrx_word' id='word_1_124' title='bbox 3193 1081 3473 1140; x_wconf 84' lang='lat' dir='ltr'><strong>videntur,</strong></span> <span class='ocrx_word' id='word_1_125' title='bbox 3500 1078 3618 1146; x_wconf 89' lang='lat' dir='ltr'><strong>ipse</strong></span> 
     </span>
    </p>
   </div>
   <div class='ocr_carea' id='block_1_19' title="bbox 2035 1155 3620 1245">
    <p class='ocr_par' dir='ltr' id='par_1_19' title="bbox 2035 1155 3620 1245">
     <span class='ocr_line' id='line_1_19' title="bbox 2035 1155 3620 1245; baseline -0.002 -18"><span class='ocrx_word' id='word_1_126' title='bbox 2035 1175 2386 1245; x_wconf 88' lang='lat' dir='ltr'><strong>postmodum</strong></span> <span class='ocrx_word' id='word_1_127' title='bbox 2449 1177 2722 1230; x_wconf 89' lang='lat' dir='ltr'><strong>sententia</strong></span> <span class='ocrx_word' id='word_1_128' title='bbox 2776 1155 3120 1245; x_wconf 58' lang='lat' dir='ltr'><strong>superai&#39;erit</strong></span> <span class='ocrx_word' id='word_1_129' title='bbox 3163 1190 3178 1228; x_wconf 89' lang='lat'><strong>:</strong></span> <span class='ocrx_word' id='word_1_130' title='bbox 3233 1171 3447 1226; x_wconf 85' lang='lat' dir='ltr'><strong>tametsi</strong></span> <span class='ocrx_word' id='word_1_131' title='bbox 3489 1177 3620 1224; x_wconf 87' lang='lat' dir='ltr'><strong>sunt</strong></span> 
     </span>
    </p>
   </div>
   <div class='ocr_carea' id='block_1_20' title="bbox 342 1264 3623 1339">
    <p class='ocr_par' dir='ltr' id='par_1_20' title="bbox 342 1264 3623 1339">
     <span class='ocr_line' id='line_1_20' title="bbox 342 1264 3623 1339; baseline -0.003 -16"><span class='ocrx_word' id='word_1_132' title='bbox 342 1266 766 1334; x_wconf 87' lang='lat' dir='ltr'><strong>contradicturi,</strong></span> <span class='ocrx_word' id='word_1_133' title='bbox 792 1270 886 1339; x_wconf 87' lang='lat' dir='ltr'><strong>qui</strong></span> <span class='ocrx_word' id='word_1_134' title='bbox 921 1270 1059 1325; x_wconf 89' lang='lat' dir='ltr'><strong>nihil</strong></span> <span class='ocrx_word' id='word_1_135' title='bbox 1094 1272 1240 1326; x_wconf 83' lang='lat' dir='ltr'><strong>aliud</strong></span> <span class='ocrx_word' id='word_1_136' title='bbox 1277 1271 1331 1326; x_wconf 93' lang='lat' dir='ltr'><strong>in</strong></span> <span class='ocrx_word' id='word_1_137' title='bbox 1360 1271 1586 1326; x_wconf 88' lang='lat' dir='ltr'><strong>civitate</strong></span> <span class='ocrx_word' id='word_1_138' title='bbox 1620 1269 1933 1324; x_wconf 87' lang='lat' dir='ltr'><strong>deliberant</strong></span> <span class='ocrx_word' id='word_1_139' title='bbox 1972 1280 2036 1321; x_wconf 88' lang='lat' dir='ltr'><strong>ac</strong></span> <span class='ocrx_word' id='word_1_140' title='bbox 2102 1265 2318 1320; x_wconf 90' lang='lat' dir='ltr'><strong>consilii</strong></span> <span class='ocrx_word' id='word_1_141' title='bbox 2355 1266 2568 1332; x_wconf 87' lang='lat' dir='ltr'><strong>ineunt,</strong></span> <span class='ocrx_word' id='word_1_142' title='bbox 2631 1281 2795 1336; x_wconf 89' lang='lat' dir='ltr'><strong>quam</strong></span> <span class='ocrx_word' id='word_1_143' title='bbox 2829 1274 2888 1319; x_wconf 91' lang='lat' dir='ltr'><strong>ut</strong></span> <span class='ocrx_word' id='word_1_144' title='bbox 2931 1266 3018 1331; x_wconf 89' lang='lat' dir='ltr'><strong>iis,</strong></span> <span class='ocrx_word' id='word_1_145' title='bbox 3047 1265 3139 1335; x_wconf 88' lang='lat' dir='ltr'><strong>qui</strong></span> <span class='ocrx_word' id='word_1_146' title='bbox 3182 1267 3362 1320; x_wconf 90' lang='lat' dir='ltr'><strong>minus</strong></span> <span class='ocrx_word' id='word_1_147' title='bbox 3395 1264 3623 1334; x_wconf 75' lang='lat' dir='ltr'><strong>placen-</strong></span> 
     </span>
    </p>
   </div>
   <div class='ocr_carea' id='block_1_21' title="bbox 344 1357 1147 1426">
    <p class='ocr_par' dir='ltr' id='par_1_21' title="bbox 344 1357 1147 1426">
     <span class='ocr_line' id='line_1_21' title="bbox 344 1357 1147 1426; baseline 0.005 -13"><span class='ocrx_word' id='word_1_148' title='bbox 344 1357 416 1413; x_wconf 85' lang='lat' dir='ltr'><strong>tia</strong></span> <span class='ocrx_word' id='word_1_149' title='bbox 445 1357 708 1426; x_wconf 82' lang='lat' dir='ltr'><strong>dixerint,</strong></span> <span class='ocrx_word' id='word_1_150' title='bbox 737 1364 1147 1417; x_wconf 88' lang='lat' dir='ltr'><strong>contradicant.</strong></span> 
     </span>
    </p>
   </div>
   <div class='ocr_carea' id='block_1_22' title="bbox 423 1451 1924 1533">
    <p class='ocr_par' dir='ltr' id='par_1_22' title="bbox 423 1451 1924 1533">
     <span class='ocr_line' id='line_1_22' title="bbox 423 1451 1924 1533; baseline 0.003 -27"><span class='ocrx_word' id='word_1_151' title='bbox 423 1451 568 1521; x_wconf 86' lang='grc' dir='ltr'>Ἐγὼ</span> <span class='ocrx_word' id='word_1_152' title='bbox 601 1453 658 1508; x_wconf 82' lang='grc' dir='ltr'>δὲ</span> <span class='ocrx_word' id='word_1_153' title='bbox 690 1456 910 1526; x_wconf 84' lang='grc' dir='ltr'>πρῶτον</span> <span class='ocrx_word' id='word_1_154' title='bbox 942 1457 1065 1529; x_wconf 79' lang='grc' dir='ltr'>μὲν,</span> <span class='ocrx_word' id='word_1_155' title='bbox 1089 1452 1134 1512; x_wconf 81' lang='grc' dir='ltr'><strong>ὦ</strong></span> <span class='ocrx_word' id='word_1_156' title='bbox 1165 1460 1382 1533; x_wconf 80' lang='grc' dir='ltr'>ἄνδρες,</span> <span class='ocrx_word' id='word_1_157' title='bbox 1411 1453 1709 1529; x_wconf 77' lang='grc' dir='ltr'>ἀξιώσαιμ’</span> <span class='ocrx_word' id='word_1_158' title='bbox 1726 1458 1924 1520; x_wconf 77' lang='grc' dir='ltr'>αὐτοὺς</span> 
     </span>
    </p>
   </div>
   <div class='ocr_carea' id='block_1_23' title="bbox 337 1534 1925 1621">
    <p class='ocr_par' dir='ltr' id='par_1_23' title="bbox 337 1534 1925 1621">
     <span class='ocr_line' id='line_1_23' title="bbox 337 1534 1925 1621; baseline 0.003 -24"><span class='ocrx_word' id='word_1_159' title='bbox 337 1543 540 1614; x_wconf 81' lang='grc' dir='ltr'>λέγειν,</span> <span class='ocrx_word' id='word_1_160' title='bbox 573 1547 627 1598; x_wconf 86' lang='grc' dir='ltr'><strong>εί</strong></span> <span class='ocrx_word' id='word_1_161' title='bbox 653 1564 708 1601; x_wconf 87' lang='grc' dir='ltr'><strong>τι</strong></span> <span class='ocrx_word' id='word_1_162' title='bbox 754 1551 870 1612; x_wconf 88' lang='grc' dir='ltr'>τοῖς</span> <span class='ocrx_word' id='word_1_163' title='bbox 922 1534 1238 1621; x_wconf 83' lang='grc' dir='ltr'>είρημένοις</span> <span class='ocrx_word' id='word_1_164' title='bbox 1286 1551 1608 1621; x_wconf 72' lang='grc' dir='ltr'>ἐπιτιμῶσι,</span> <span class='ocrx_word' id='word_1_165' title='bbox 1666 1553 1764 1606; x_wconf 75' lang='grc' dir='ltr'>καὶ</span> <span class='ocrx_word' id='word_1_166' title='bbox 1812 1552 1925 1603; x_wconf 83' lang='grc' dir='ltr'>δει-</span> 
     </span>
    </p>
   </div>
   <div class='ocr_carea' id='block_1_24' title="bbox 337 1634 1928 1714">
    <p class='ocr_par' dir='ltr' id='par_1_24' title="bbox 337 1634 1928 1714">
     <span class='ocr_line' id='line_1_24' title="bbox 337 1634 1928 1714; baseline 0.006 -27"><span class='ocrx_word' id='word_1_167' title='bbox 337 1634 523 1688; x_wconf 90' lang='grc' dir='ltr'>κνύειν</span> <span class='ocrx_word' id='word_1_168' title='bbox 551 1635 583 1707; x_wconf 82' lang='grc' dir='ltr'>ἢ</span> <span class='ocrx_word' id='word_1_169' title='bbox 615 1637 691 1702; x_wconf 85' lang='grc' dir='ltr'><strong>ῶς</strong></span> <span class='ocrx_word' id='word_1_170' title='bbox 721 1637 818 1710; x_wconf 83' lang='grc' dir='ltr'>οὐχ</span> <span class='ocrx_word' id='word_1_171' title='bbox 845 1639 1076 1694; x_wconf 80' lang='grc' dir='ltr'>ἕκαστον</span> <span class='ocrx_word' id='word_1_172' title='bbox 1100 1642 1208 1695; x_wconf 91' lang='grc' dir='ltr'><strong>τῶν</strong></span> <span class='ocrx_word' id='word_1_173' title='bbox 1227 1641 1726 1714; x_wconf 76' lang='grc' dir='ltr'>ἀπηριθιμημένων</span> <span class='ocrx_word' id='word_1_174' title='bbox 1763 1659 1928 1713; x_wconf 87' lang='grc' dir='ltr'>προσ-</span> 
     </span>
    </p>
   </div>
   <div class='ocr_carea' id='block_1_25' title="bbox 337 1725 1925 1805">
    <p class='ocr_par' dir='ltr' id='par_1_25' title="bbox 337 1725 1925 1805">
     <span class='ocr_line' id='line_1_25' title="bbox 337 1725 1925 1805; baseline 0.008 -28"><span class='ocrx_word' id='word_1_175' title='bbox 337 1725 476 1778; x_wconf 78' lang='grc' dir='ltr'>εῖναι</span> <span class='ocrx_word' id='word_1_176' title='bbox 523 1727 604 1780; x_wconf 92' lang='grc' dir='ltr'><strong>δεῖ</strong></span> <span class='ocrx_word' id='word_1_177' title='bbox 642 1730 755 1793; x_wconf 89' lang='grc' dir='ltr'>τοῖς</span> <span class='ocrx_word' id='word_1_178' title='bbox 819 1731 951 1800; x_wconf 79' lang='grc' dir='ltr'>ἡμῖν</span> <span class='ocrx_word' id='word_1_179' title='bbox 996 1734 1493 1805; x_wconf 81' lang='grc' dir='ltr'>συμμαχήσουσινο</span> <span class='ocrx_word' id='word_1_180' title='bbox 1547 1734 1580 1804; x_wconf 83' lang='grc' dir='ltr'>ἢ</span> <span class='ocrx_word' id='word_1_181' title='bbox 1627 1731 1739 1802; x_wconf 78' lang='grc' dir='ltr'><strong>ἐγὼ</strong></span> <span class='ocrx_word' id='word_1_182' title='bbox 1796 1733 1925 1789; x_wconf 77' lang='grc' dir='ltr'>τοὺς</span> 
     </span>
    </p>
   </div>
   <div class='ocr_carea' id='block_1_26' title="bbox 341 1818 1920 1896">
    <p class='ocr_par' dir='ltr' id='par_1_26' title="bbox 341 1818 1920 1896">
     <span class='ocr_line' id='line_1_26' title="bbox 341 1818 1920 1896; baseline 0.01 -25"><span class='ocrx_word' id='word_1_183' title='bbox 341 1818 431 1872; x_wconf 71' lang='grc' dir='ltr'><strong>ὑπ’</strong></span> <span class='ocrx_word' id='word_1_184' title='bbox 468 1820 651 1874; x_wconf 84' lang='grc' dir='ltr'>αὐτῶν</span> <span class='ocrx_word' id='word_1_185' title='bbox 689 1820 1021 1892; x_wconf 80' lang='grc' dir='ltr'>λεγομένους</span> <span class='ocrx_word' id='word_1_186' title='bbox 1077 1825 1425 1895; x_wconf 78' lang='grc' dir='ltr'>συκοφαντῶ,</span> <span class='ocrx_word' id='word_1_187' title='bbox 1467 1825 1564 1879; x_wconf 73' lang='grc' dir='ltr'><strong>καὶ</strong></span> <span class='ocrx_word' id='word_1_188' title='bbox 1614 1824 1920 1896; x_wconf 79' lang='grc' dir='ltr'>χρησίμους</span> 
     </span>
    </p>
   </div>
   <div class='ocr_carea' id='block_1_27' title="bbox 339 1913 1922 1989">
    <p class='ocr_par' dir='ltr' id='par_1_27' title="bbox 339 1913 1922 1989">
     <span class='ocr_line' id='line_1_27' title="bbox 339 1913 1922 1989; baseline 0.005 -25"><span class='ocrx_word' id='word_1_189' title='bbox 339 1913 631 1982; x_wconf 78' lang='grc' dir='ltr'>ἐσομένους</span> <span class='ocrx_word' id='word_1_190' title='bbox 657 1918 722 1986; x_wconf 83' lang='grc' dir='ltr'><strong>τῇ</strong></span> <span class='ocrx_word' id='word_1_191' title='bbox 761 1916 938 1980; x_wconf 86' lang='grc' dir='ltr'>πόλει,</span> <span class='ocrx_word' id='word_1_192' title='bbox 981 1921 1254 1988; x_wconf 81' lang='grc' dir='ltr'>πονηροὺς</span> <span class='ocrx_word' id='word_1_193' title='bbox 1296 1919 1600 1989; x_wconf 89' lang='grc' dir='ltr'>ἀποφαίνω.</span> <span class='ocrx_word' id='word_1_194' title='bbox 1639 1919 1701 1971; x_wconf 85' lang='grc' dir='ltr'>Εί</span> <span class='ocrx_word' id='word_1_195' title='bbox 1724 1919 1780 1972; x_wconf 85' lang='grc' dir='ltr'>δὲ</span> <span class='ocrx_word' id='word_1_196' title='bbox 1815 1936 1922 1986; x_wconf 83' lang='grc' dir='ltr'>μη-</span> 
     </span>
    </p>
   </div>
   <div class='ocr_carea' id='block_1_28' title="bbox 337 1999 1918 2077">
    <p class='ocr_par' dir='ltr' id='par_1_28' title="bbox 337 1999 1918 2077">
     <span class='ocr_line' id='line_1_28' title="bbox 337 1999 1918 2077; baseline 0.003 -25"><span class='ocrx_word' id='word_1_197' title='bbox 337 1999 558 2069; x_wconf 83' lang='grc' dir='ltr'>δέτερον</span> <span class='ocrx_word' id='word_1_198' title='bbox 596 2005 772 2057; x_wconf 91' lang='grc' dir='ltr'>ποιεῖν</span> <span class='ocrx_word' id='word_1_199' title='bbox 804 2004 1178 2076; x_wconf 68' lang='grc' dir='ltr'>ἐθελήσουσιν,</span> <span class='ocrx_word' id='word_1_200' title='bbox 1232 2008 1370 2077; x_wconf 83' lang='grc' dir='ltr'>ὅπερ</span> <span class='ocrx_word' id='word_1_201' title='bbox 1410 2009 1542 2076; x_wconf 78' lang='grc' dir='ltr'>ἡμῖν</span> <span class='ocrx_word' id='word_1_202' title='bbox 1575 2005 1918 2074; x_wconf 81' lang='grc' dir='ltr'>ἐγκαλοῦσιν,</span> 
     </span>
    </p>
   </div>
   <div class='ocr_carea' id='block_1_29' title="bbox 339 2091 1922 2164">
    <p class='ocr_par' dir='ltr' id='par_1_29' title="bbox 339 2091 1922 2164">
     <span class='ocr_line' id='line_1_29' title="bbox 339 2091 1922 2164; baseline 0.003 -22"><span class='ocrx_word' id='word_1_203' title='bbox 339 2091 494 2144; x_wconf 72' lang='grc' dir='ltr'>αὐτοὶ</span> <span class='ocrx_word' id='word_1_204' title='bbox 540 2093 806 2164; x_wconf 80' lang='grc' dir='ltr'>πρότερον</span> <span class='ocrx_word' id='word_1_205' title='bbox 841 2094 1145 2159; x_wconf 86' lang='grc' dir='ltr'>πείσονται,</span> <span class='ocrx_word' id='word_1_206' title='bbox 1187 2097 1282 2149; x_wconf 77' lang='grc' dir='ltr'><strong>καὶ</strong></span> <span class='ocrx_word' id='word_1_207' title='bbox 1318 2095 1564 2160; x_wconf 80' lang='grc' dir='ltr'>δόξουσιν</span> <span class='ocrx_word' id='word_1_208' title='bbox 1599 2097 1732 2164; x_wconf 82' lang='grc' dir='ltr'>ἡμῖν</span> <span class='ocrx_word' id='word_1_209' title='bbox 1771 2097 1922 2147; x_wconf 80' lang='grc' dir='ltr'>ἀντι-</span> 
     </span>
    </p>
   </div>
   <div class='ocr_carea' id='block_1_30' title="bbox 337 2183 1924 2258">
    <p class='ocr_par' dir='ltr' id='par_1_30' title="bbox 337 2183 1924 2258">
     <span class='ocr_line' id='line_1_30' title="bbox 337 2183 1924 2258; baseline 0.001 -22"><span class='ocrx_word' id='word_1_210' title='bbox 337 2183 540 2252; x_wconf 79' lang='grc' dir='ltr'>λέγειν,</span> <span class='ocrx_word' id='word_1_211' title='bbox 600 2185 862 2255; x_wconf 79' lang='grc' dir='ltr'>οὐδεμίαν</span> <span class='ocrx_word' id='word_1_212' title='bbox 918 2187 1076 2250; x_wconf 72' lang='grc' dir='ltr'>αὐτοὶ</span> <span class='ocrx_word' id='word_1_213' title='bbox 1115 2187 1344 2258; x_wconf 79' lang='grc' dir='ltr'>γνώμην</span> <span class='ocrx_word' id='word_1_214' title='bbox 1390 2185 1759 2256; x_wconf 72' lang='grc' dir='ltr'>εἰσφέροντες.</span> <span class='ocrx_word' id='word_1_215' title='bbox 1788 2183 1924 2238; x_wconf 85' lang='grc' dir='ltr'>Είδ⁹</span> 
     </span>
    </p>
   </div>
   <div class='ocr_carea' id='block_1_31' title="bbox 337 2277 1922 2350">
    <p class='ocr_par' dir='ltr' id='par_1_31' title="bbox 337 2277 1922 2350">
     <span class='ocr_line' id='line_1_31' title="bbox 337 2277 1922 2350; baseline 0 -20"><span class='ocrx_word' id='word_1_216' title='bbox 337 2279 625 2348; x_wconf 84' lang='grc' dir='ltr'>ἀμφότερα</span> <span class='ocrx_word' id='word_1_217' title='bbox 644 2277 825 2342; x_wconf 88' lang='grc' dir='ltr'>καλῶς</span> <span class='ocrx_word' id='word_1_218' title='bbox 847 2280 1064 2350; x_wconf 73' lang='grc' dir='ltr'>εἴρηται</span> <span class='ocrx_word' id='word_1_219' title='bbox 1091 2280 1223 2350; x_wconf 85' lang='grc' dir='ltr'>παρ’</span> <span class='ocrx_word' id='word_1_220' title='bbox 1244 2281 1273 2348; x_wconf 81' lang='grc' dir='ltr'>ἡ</span> <span class='ocrx_word' id='word_1_221' title='bbox 1282 2280 1422 2349; x_wconf 84' lang='grc' dir='ltr'>μῶν,</span> <span class='ocrx_word' id='word_1_222' title='bbox 1437 2279 1685 2332; x_wconf 88' lang='grc' dir='ltr'>λείπεται</span> <span class='ocrx_word' id='word_1_223' title='bbox 1700 2279 1922 2332; x_wconf 79' lang='grc' dir='ltr'>σκοπεῖν</span> 
     </span>
    </p>
   </div>
   <div class='ocr_carea' id='block_1_32' title="bbox 337 2367 1922 2440">
    <p class='ocr_par' dir='ltr' id='par_1_32' title="bbox 337 2367 1922 2440">
     <span class='ocr_line' id='line_1_32' title="bbox 337 2367 1922 2440; baseline 0.002 -21"><span class='ocrx_word' id='word_1_224' title='bbox 337 2367 394 2420; x_wconf 78' lang='grc' dir='ltr'>ἐν</span> <span class='ocrx_word' id='word_1_225' title='bbox 423 2368 613 2439; x_wconf 80' lang='grc' dir='ltr'>κοινῷ,</span> <span class='ocrx_word' id='word_1_226' title='bbox 648 2369 792 2431; x_wconf 90' lang='grc' dir='ltr'>τίνες</span> <span class='ocrx_word' id='word_1_227' title='bbox 834 2369 884 2421; x_wconf 86' lang='grc' dir='ltr'>οῖ</span> <span class='ocrx_word' id='word_1_228' title='bbox 915 2371 1054 2440; x_wconf 85' lang='grc' dir='ltr'>πρὸς</span> <span class='ocrx_word' id='word_1_229' title='bbox 1085 2371 1154 2424; x_wconf 83' lang='grc' dir='ltr'>τὰ</span> <span class='ocrx_word' id='word_1_230' title='bbox 1200 2371 1446 2440; x_wconf 90' lang='grc' dir='ltr'>παρόντα</span> <span class='ocrx_word' id='word_1_231' title='bbox 1486 2373 1550 2440; x_wconf 82' lang='grc' dir='ltr'><strong>τῇ</strong></span> <span class='ocrx_word' id='word_1_232' title='bbox 1587 2369 1744 2422; x_wconf 87' lang='grc' dir='ltr'>πόλει</span> <span class='ocrx_word' id='word_1_233' title='bbox 1774 2367 1922 2422; x_wconf 89' lang='grc' dir='ltr'>λυσι-</span> 
     </span>
    </p>
   </div>
   <div class='ocr_carea' id='block_1_33' title="bbox 336 2459 1922 2534">
    <p class='ocr_par' dir='ltr' id='par_1_33' title="bbox 336 2459 1922 2534">
     <span class='ocr_line' id='line_1_33' title="bbox 336 2459 1922 2534; baseline 0.003 -24"><span class='ocrx_word' id='word_1_234' title='bbox 336 2459 676 2530; x_wconf 83' lang='grc' dir='ltr'>τελήσοντες.</span> <span class='ocrx_word' id='word_1_235' title='bbox 715 2462 791 2514; x_wconf 86' lang='grc' dir='ltr'>Ού</span> <span class='ocrx_word' id='word_1_236' title='bbox 838 2461 946 2532; x_wconf 80' lang='grc' dir='ltr'>μὴν</span> <span class='ocrx_word' id='word_1_237' title='bbox 973 2463 1092 2516; x_wconf 84' lang='grc' dir='ltr'>ἀλλ’</span> <span class='ocrx_word' id='word_1_238' title='bbox 1139 2462 1226 2516; x_wconf 81' lang='grc' dir='ltr'>ἵνα</span> <span class='ocrx_word' id='word_1_239' title='bbox 1271 2464 1346 2534; x_wconf 78' lang='grc' dir='ltr'>μὴ</span> <span class='ocrx_word' id='word_1_240' title='bbox 1385 2461 1528 2516; x_wconf 82' lang='grc' dir='ltr'>δοκῶ</span> <span class='ocrx_word' id='word_1_241' title='bbox 1562 2462 1720 2529; x_wconf 88' lang='grc' dir='ltr'>λόγον</span> <span class='ocrx_word' id='word_1_242' title='bbox 1745 2460 1922 2521; x_wconf 78' lang='grc' dir='ltr'>ἄλλως</span> 
     </span>
    </p>
   </div>
   <div class='ocr_carea' id='block_1_34' title="bbox 340 2549 1922 2626">
    <p class='ocr_par' dir='ltr' id='par_1_34' title="bbox 340 2549 1922 2626">
     <span class='ocr_line' id='line_1_34' title="bbox 340 2549 1922 2626; baseline 0.001 -22"><span class='ocrx_word' id='word_1_243' title='bbox 340 2551 500 2621; x_wconf 86' lang='grc' dir='ltr'>μόνον</span> <span class='ocrx_word' id='word_1_244' title='bbox 527 2549 668 2606; x_wconf 75' lang='grc' dir='ltr'>εἶναι</span> <span class='ocrx_word' id='word_1_245' title='bbox 697 2555 766 2607; x_wconf 78' lang='grc' dir='ltr'>τὰ</span> <span class='ocrx_word' id='word_1_246' title='bbox 797 2554 930 2626; x_wconf 84' lang='grc' dir='ltr'>παρ’</span> <span class='ocrx_word' id='word_1_247' title='bbox 958 2555 1136 2626; x_wconf 85' lang='grc' dir='ltr'>ήμῶν,</span> <span class='ocrx_word' id='word_1_248' title='bbox 1170 2555 1279 2609; x_wconf 87' lang='grc' dir='ltr'><strong>τῶν</strong></span> <span class='ocrx_word' id='word_1_249' title='bbox 1320 2556 1374 2608; x_wconf 81' lang='grc' dir='ltr'>δὲ</span> <span class='ocrx_word' id='word_1_250' title='bbox 1408 2553 1754 2626; x_wconf 85' lang='grc' dir='ltr'>πραγμάτων</span> <span class='ocrx_word' id='word_1_251' title='bbox 1780 2553 1922 2607; x_wconf 78' lang='grc' dir='ltr'>ἑκὼν</span> 
     </span>
    </p>
   </div>
   <div class='ocr_carea' id='block_1_35' title="bbox 333 2639 1922 2715">
    <p class='ocr_par' dir='ltr' id='par_1_35' title="bbox 333 2639 1922 2715">
     <span class='ocr_line' id='line_1_35' title="bbox 333 2639 1922 2715; baseline 0.003 -23"><span class='ocrx_word' id='word_1_252' title='bbox 333 2639 402 2692; x_wconf 84' lang='grc' dir='ltr'>δι’</span> <span class='ocrx_word' id='word_1_253' title='bbox 433 2643 674 2709; x_wconf 82' lang='grc' dir='ltr'>ἀπορίαν</span> <span class='ocrx_word' id='word_1_254' title='bbox 699 2643 1060 2711; x_wconf 84' lang='grc' dir='ltr'>ἀφίστασθαι,</span> <span class='ocrx_word' id='word_1_255' title='bbox 1093 2645 1202 2715; x_wconf 83' lang='grc' dir='ltr'><strong>ὲρῶ</strong></span> <span class='ocrx_word' id='word_1_256' title='bbox 1225 2643 1293 2697; x_wconf 78' lang='grc' dir='ltr'>τὰ</span> <span class='ocrx_word' id='word_1_257' title='bbox 1323 2643 1618 2697; x_wconf 86' lang='grc' dir='ltr'>δοκοῦντα·</span> <span class='ocrx_word' id='word_1_258' title='bbox 1666 2644 1922 2697; x_wconf 85' lang='grc' dir='ltr'>τοσοῦτον</span> 
     </span>
    </p>
   </div>
   <div class='ocr_carea' id='block_1_36' title="bbox 337 2731 1923 2808">
    <p class='ocr_par' dir='ltr' id='par_1_36' title="bbox 337 2731 1923 2808">
     <span class='ocr_line' id='line_1_36' title="bbox 337 2731 1923 2808; baseline 0.004 -24"><span class='ocrx_word' id='word_1_259' title='bbox 337 2731 494 2802; x_wconf 82' lang='grc' dir='ltr'>ήμῶν</span> <span class='ocrx_word' id='word_1_260' title='bbox 528 2732 766 2803; x_wconf 73' lang='grc' dir='ltr'>δεηθεὶς,</span> <span class='ocrx_word' id='word_1_261' title='bbox 799 2735 873 2806; x_wconf 81' lang='grc' dir='ltr'>μὴ</span> <span class='ocrx_word' id='word_1_262' title='bbox 912 2737 1178 2808; x_wconf 82' lang='grc' dir='ltr'>πρότερον</span> <span class='ocrx_word' id='word_1_263' title='bbox 1210 2736 1483 2807; x_wconf 88' lang='grc' dir='ltr'>θορυϐεῖν,</span> <span class='ocrx_word' id='word_1_264' title='bbox 1511 2735 1568 2790; x_wconf 87' lang='grc' dir='ltr'><strong>εῖ</strong></span> <span class='ocrx_word' id='word_1_265' title='bbox 1593 2754 1646 2790; x_wconf 88' lang='grc' dir='ltr'><strong>τι</strong></span> <span class='ocrx_word' id='word_1_266' title='bbox 1681 2737 1836 2808; x_wconf 80' lang='grc' dir='ltr'>παρὰ</span> <span class='ocrx_word' id='word_1_267' title='bbox 1863 2739 1923 2790; x_wconf 74' lang='grc' dir='ltr'><strong>τδ</strong></span> 
     </span>
    </p>
   </div>
   <div class='ocr_carea' id='block_1_37' title="bbox 333 2823 1921 2899">
    <p class='ocr_par' dir='ltr' id='par_1_37' title="bbox 333 2823 1921 2899">
     <span class='ocr_line' id='line_1_37' title="bbox 333 2823 1921 2899; baseline 0.003 -23"><span class='ocrx_word' id='word_1_268' title='bbox 333 2823 526 2877; x_wconf 85' lang='grc' dir='ltr'>δοκοῦν</span> <span class='ocrx_word' id='word_1_269' title='bbox 557 2825 688 2896; x_wconf 79' lang='grc' dir='ltr'>ὑμῖν</span> <span class='ocrx_word' id='word_1_270' title='bbox 739 2829 771 2897; x_wconf 81' lang='grc' dir='ltr'><strong>ἡ</strong></span> <span class='ocrx_word' id='word_1_271' title='bbox 808 2827 1092 2899; x_wconf 85' lang='grc' dir='ltr'>συμϐουλὴ</span> <span class='ocrx_word' id='word_1_272' title='bbox 1142 2827 1415 2898; x_wconf 79' lang='grc' dir='ltr'>περιέξει·</span> <span class='ocrx_word' id='word_1_273' title='bbox 1453 2827 1570 2883; x_wconf 83' lang='grc' dir='ltr'>ἀλλ’</span> <span class='ocrx_word' id='word_1_274' title='bbox 1605 2829 1921 2898; x_wconf 80' lang='grc' dir='ltr'>ἀνασχομέ-</span> 
     </span>
    </p>
   </div>
   <div class='ocr_carea' id='block_1_38' title="bbox 335 2917 1922 2989">
    <p class='ocr_par' dir='ltr' id='par_1_38' title="bbox 335 2917 1922 2989">
     <span class='ocr_line' id='line_1_38' title="bbox 335 2917 1922 2989; baseline 0 -19"><span class='ocrx_word' id='word_1_275' title='bbox 335 2931 461 2981; x_wconf 87' lang='grc' dir='ltr'>νους</span> <span class='ocrx_word' id='word_1_276' title='bbox 495 2917 604 2972; x_wconf 86' lang='grc' dir='ltr'><strong>τῶν</strong></span> <span class='ocrx_word' id='word_1_277' title='bbox 635 2918 862 2980; x_wconf 84' lang='grc' dir='ltr'>λοιπῶν,</span> <span class='ocrx_word' id='word_1_278' title='bbox 896 2919 1019 2972; x_wconf 87' lang='grc' dir='ltr'>τότε</span> <span class='ocrx_word' id='word_1_279' title='bbox 1067 2919 1099 2989; x_wconf 78' lang='grc' dir='ltr'>ἢ</span> <span class='ocrx_word' id='word_1_280' title='bbox 1135 2917 1448 2984; x_wconf 83' lang='grc' dir='ltr'>συνθέσθαι,</span> <span class='ocrx_word' id='word_1_281' title='bbox 1496 2918 1528 2988; x_wconf 86' lang='grc' dir='ltr'><strong>ῆ</strong></span> <span class='ocrx_word' id='word_1_282' title='bbox 1563 2920 1675 2980; x_wconf 89' lang='grc' dir='ltr'>τοῖς</span> <span class='ocrx_word' id='word_1_283' title='bbox 1705 2922 1922 2989; x_wconf 86' lang='grc' dir='ltr'>καιροῖς</span> 
     </span>
    </p>
   </div>
   <div class='ocr_carea' id='block_1_39' title="bbox 236 3008 1921 3089">
    <p class='ocr_par' dir='ltr' id='par_1_39' title="bbox 236 3008 1921 3089">
     <span class='ocr_line' id='line_1_39' title="bbox 236 3008 1921 3089; baseline -0.001 -26"><span class='ocrx_word' id='word_1_284' title='bbox 236 3075 256 3089; x_wconf 47' lang='grc' dir='ltr'><strong>ο</strong></span> <span class='ocrx_word' id='word_1_285' title='bbox 335 3008 470 3064; x_wconf 78' lang='grc' dir='ltr'>ἄλλο</span> <span class='ocrx_word' id='word_1_286' title='bbox 507 3028 558 3063; x_wconf 91' lang='grc' dir='ltr'><strong>τι</strong></span> <span class='ocrx_word' id='word_1_287' title='bbox 607 3010 1026 3083; x_wconf 84' lang='grc' dir='ltr'>χρησιμώτερον</span> <span class='ocrx_word' id='word_1_288' title='bbox 1073 3011 1414 3081; x_wconf 69' lang='grc' dir='ltr'>ἐξευρίσκειν</span> <span class='ocrx_word' id='word_1_289' title='bbox 1444 3010 1766 3080; x_wconf 78' lang='grc' dir='ltr'>πειρᾶσθαι.</span> <span class='ocrx_word' id='word_1_290' title='bbox 1806 3009 1921 3062; x_wconf 85' lang='grc' dir='ltr'>Οὐκ</span> 
     </span>
    </p>
   </div>
   <div class='ocr_carea' id='block_1_40' title="bbox 335 3096 1915 3174">
    <p class='ocr_par' dir='ltr' id='par_1_40' title="bbox 335 3096 1915 3174">
     <span class='ocr_line' id='line_1_40' title="bbox 335 3096 1915 3174; baseline -0.001 -18"><span class='ocrx_word' id='word_1_291' title='bbox 335 3103 542 3174; x_wconf 79' lang='grc' dir='ltr'>ἀπορίᾳ</span> <span class='ocrx_word' id='word_1_292' title='bbox 579 3104 888 3174; x_wconf 88' lang='grc' dir='ltr'>συμμάχων</span> <span class='ocrx_word' id='word_1_293' title='bbox 943 3105 1037 3156; x_wconf 76' lang='grc' dir='ltr'><strong>ἐπὶ</strong></span> <span class='ocrx_word' id='word_1_294' title='bbox 1086 3102 1234 3157; x_wconf 85' lang='grc' dir='ltr'>τοῦτ’</span> <span class='ocrx_word' id='word_1_295' title='bbox 1285 3102 1590 3172; x_wconf 81' lang='grc' dir='ltr'>ἀφίγμεθα,</span> <span class='ocrx_word' id='word_1_296' title='bbox 1619 3096 1664 3156; x_wconf 82' lang='grc' dir='ltr'><strong>ὦ</strong></span> <span class='ocrx_word' id='word_1_297' title='bbox 1703 3102 1915 3172; x_wconf 75' lang='grc' dir='ltr'>ἄνδρες,</span> 
     </span>
    </p>
   </div>
   <div class='ocr_carea' id='block_1_41' title="bbox 2105 1453 3619 1523">
    <p class='ocr_par' dir='ltr' id='par_1_41' title="bbox 2105 1453 3619 1523">
     <span class='ocr_line' id='line_1_41' title="bbox 2105 1453 3619 1523; baseline -0.003 -14"><span class='ocrx_word' id='word_1_298' title='bbox 2105 1455 2220 1523; x_wconf 80' lang='lat' dir='ltr'><strong>Ego</strong></span> <span class='ocrx_word' id='word_1_299' title='bbox 2255 1462 2463 1517; x_wconf 86' lang='lat' dir='ltr'><strong>autem,</strong></span> <span class='ocrx_word' id='word_1_300' title='bbox 2497 1455 2797 1517; x_wconf 88' lang='lat' dir='ltr'><strong>auditores,</strong></span> <span class='ocrx_word' id='word_1_301' title='bbox 2814 1469 2910 1508; x_wconf 89' lang='lat' dir='ltr'><strong>eos</strong></span> <span class='ocrx_word' id='word_1_302' title='bbox 2942 1453 3180 1523; x_wconf 87' lang='lat' dir='ltr'><strong>primum</strong></span> <span class='ocrx_word' id='word_1_303' title='bbox 3213 1453 3432 1508; x_wconf 84' lang='lat' dir='ltr'><strong>edicere</strong></span> <span class='ocrx_word' id='word_1_304' title='bbox 3461 1467 3619 1520; x_wconf 79' lang='lat' dir='ltr'><strong>roga-</strong></span> 
     </span>
    </p>
   </div>
   <div class='ocr_carea' id='block_1_42' title="bbox 2029 1543 3616 1614">
    <p class='ocr_par' dir='ltr' id='par_1_42' title="bbox 2029 1543 3616 1614">
     <span class='ocr_line' id='line_1_42' title="bbox 2029 1543 3616 1614; baseline -0.003 -14"><span class='ocrx_word' id='word_1_305' title='bbox 2029 1547 2224 1611; x_wconf 86' lang='lat' dir='ltr'><strong>verim,</strong></span> <span class='ocrx_word' id='word_1_306' title='bbox 2260 1562 2391 1599; x_wconf 88' lang='lat' dir='ltr'><strong>num</strong></span> <span class='ocrx_word' id='word_1_307' title='bbox 2427 1545 2557 1614; x_wconf 92' lang='lat' dir='ltr'><strong>quid</strong></span> <span class='ocrx_word' id='word_1_308' title='bbox 2592 1546 2645 1598; x_wconf 91' lang='lat' dir='ltr'><strong>in</strong></span> <span class='ocrx_word' id='word_1_309' title='bbox 2677 1543 2919 1614; x_wconf 63' lang='lat' dir='ltr'><strong>praefatis</strong></span> <span class='ocrx_word' id='word_1_310' title='bbox 2957 1543 3478 1613; x_wconf 83' lang='lat' dir='ltr'><strong>reprehendendum</strong></span> <span class='ocrx_word' id='word_1_311' title='bbox 3513 1543 3616 1596; x_wconf 82' lang='lat' dir='ltr'><strong>ha-</strong></span> 
     </span>
    </p>
   </div>
   <div class='ocr_carea' id='block_1_43' title="bbox 2027 1639 3618 1713">
    <p class='ocr_par' dir='ltr' id='par_1_43' title="bbox 2027 1639 3618 1713">
     <span class='ocr_line' id='line_1_43' title="bbox 2027 1639 3618 1713; baseline -0.003 -15"><span class='ocrx_word' id='word_1_312' title='bbox 2027 1645 2212 1710; x_wconf 86' lang='lat' dir='ltr'><strong>beant,</strong></span> <span class='ocrx_word' id='word_1_313' title='bbox 2244 1645 2666 1713; x_wconf 87' lang='lat' dir='ltr'><strong>ostendantque,</strong></span> <span class='ocrx_word' id='word_1_314' title='bbox 2699 1650 2794 1695; x_wconf 89' lang='lat' dir='ltr'><strong>aut</strong></span> <span class='ocrx_word' id='word_1_315' title='bbox 2842 1657 2949 1695; x_wconf 93' lang='lat' dir='ltr'><strong>non</strong></span> <span class='ocrx_word' id='word_1_316' title='bbox 2997 1655 3221 1696; x_wconf 80' lang='lat' dir='ltr'><strong>necesse</strong></span> <span class='ocrx_word' id='word_1_317' title='bbox 3258 1653 3380 1694; x_wconf 88' lang='lat' dir='ltr'><strong>esse</strong></span> <span class='ocrx_word' id='word_1_318' title='bbox 3412 1647 3470 1692; x_wconf 89' lang='lat' dir='ltr'><strong>ut</strong></span> <span class='ocrx_word' id='word_1_319' title='bbox 3501 1639 3618 1694; x_wconf 83' lang='lat' dir='ltr'><strong>haec</strong></span> 
     </span>
    </p>
   </div>
   <div class='ocr_carea' id='block_1_44' title="bbox 2031 1728 3614 1798">
    <p class='ocr_par' dir='ltr' id='par_1_44' title="bbox 2031 1728 3614 1798">
     <span class='ocr_line' id='line_1_44' title="bbox 2031 1728 3614 1798; baseline -0.004 -11"><span class='ocrx_word' id='word_1_320' title='bbox 2031 1735 2217 1788; x_wconf 86' lang='lat' dir='ltr'><strong>omnia</strong></span> <span class='ocrx_word' id='word_1_321' title='bbox 2271 1736 2474 1798; x_wconf 84' lang='lat' dir='ltr'><strong>adsint,</strong></span> <span class='ocrx_word' id='word_1_322' title='bbox 2529 1734 2662 1796; x_wconf 77' lang='lat' dir='ltr'><strong>belli,</strong></span> <span class='ocrx_word' id='word_1_323' title='bbox 2701 1733 2860 1787; x_wconf 89' lang='lat' dir='ltr'><strong>nobis</strong></span> <span class='ocrx_word' id='word_1_324' title='bbox 2898 1731 3094 1787; x_wconf 77' lang='lat' dir='ltr'><strong>futuris</strong></span> <span class='ocrx_word' id='word_1_325' title='bbox 3145 1731 3344 1794; x_wconf 87' lang='lat' dir='ltr'><strong>sociis,</strong></span> <span class='ocrx_word' id='word_1_326' title='bbox 3373 1728 3458 1783; x_wconf 89' lang='lat' dir='ltr'><strong>vel</strong></span> <span class='ocrx_word' id='word_1_327' title='bbox 3490 1742 3614 1798; x_wconf 84' lang='lat' dir='ltr'><strong>ego,</strong></span> 
     </span>
    </p>
   </div>
   <div class='ocr_carea' id='block_1_45' title="bbox 1959 1822 3616 1917">
    <p class='ocr_par' dir='ltr' id='par_1_45' title="bbox 1959 1822 3616 1917">
     <span class='ocr_line' id='line_1_45' title="bbox 1959 1822 3616 1917; baseline -0.004 -34"><span class='ocrx_word' id='word_1_328' title='bbox 1959 1864 2000 1917; x_wconf 70' lang='grc' dir='ltr'><strong><em>Β</em></strong></span> <span class='ocrx_word' id='word_1_329' title='bbox 2032 1844 2175 1897; x_wconf 88' lang='lat' dir='ltr'><strong>quos</strong></span> <span class='ocrx_word' id='word_1_330' title='bbox 2207 1829 2283 1882; x_wconf 91' lang='lat' dir='ltr'><strong>illi</strong></span> <span class='ocrx_word' id='word_1_331' title='bbox 2317 1828 2558 1883; x_wconf 81' lang='lat' dir='ltr'><strong>dixerint</strong></span> <span class='ocrx_word' id='word_1_332' title='bbox 2583 1829 2637 1880; x_wconf 92' lang='lat' dir='ltr'><strong>in</strong></span> <span class='ocrx_word' id='word_1_333' title='bbox 2668 1827 2881 1882; x_wconf 89' lang='lat' dir='ltr'><strong>crimen</strong></span> <span class='ocrx_word' id='word_1_334' title='bbox 2905 1825 3141 1892; x_wconf 87' lang='lat' dir='ltr'><strong>vocabo,</strong></span> <span class='ocrx_word' id='word_1_335' title='bbox 3185 1823 3417 1891; x_wconf 87' lang='lat' dir='ltr'><strong>urbique</strong></span> <span class='ocrx_word' id='word_1_336' title='bbox 3449 1822 3616 1876; x_wconf 89' lang='lat' dir='ltr'><strong>utiles</strong></span> 
     </span>
    </p>
   </div>
   <div class='ocr_carea' id='block_1_46' title="bbox 2029 1917 3620 1990">
    <p class='ocr_par' dir='ltr' id='par_1_46' title="bbox 2029 1917 3620 1990">
     <span class='ocr_line' id='line_1_46' title="bbox 2029 1917 3620 1990; baseline -0.006 -14"><span class='ocrx_word' id='word_1_337' title='bbox 2029 1921 2402 1977; x_wconf 81' lang='lat' dir='ltr'><strong>existimatos.</strong></span> <span class='ocrx_word' id='word_1_338' title='bbox 2432 1921 2607 1975; x_wconf 89' lang='lat' dir='ltr'><strong>malos</strong></span> <span class='ocrx_word' id='word_1_339' title='bbox 2658 1918 3058 1990; x_wconf 85' lang='lat' dir='ltr'><strong>pronuntiabo.</strong></span> <span class='ocrx_word' id='word_1_340' title='bbox 3116 1917 3213 1971; x_wconf 91' lang='lat' dir='ltr'><strong>Sin</strong></span> <span class='ocrx_word' id='word_1_341' title='bbox 3266 1925 3446 1969; x_wconf 91' lang='lat' dir='ltr'><strong>autem</strong></span> <span class='ocrx_word' id='word_1_342' title='bbox 3479 1931 3620 1970; x_wconf 89' lang='lat' dir='ltr'><strong>neu-</strong></span> 
     </span>
    </p>
   </div>
   <div class='ocr_carea' id='block_1_47' title="bbox 2025 2003 3614 2079">
    <p class='ocr_par' dir='ltr' id='par_1_47' title="bbox 2025 2003 3614 2079">
     <span class='ocr_line' id='line_1_47' title="bbox 2025 2003 3614 2079; baseline -0.006 -14"><span class='ocrx_word' id='word_1_343' title='bbox 2025 2021 2170 2066; x_wconf 76' lang='lat' dir='ltr'><strong>trum</strong></span> <span class='ocrx_word' id='word_1_344' title='bbox 2229 2008 2403 2064; x_wconf 88' lang='lat' dir='ltr'><strong>velint</strong></span> <span class='ocrx_word' id='word_1_345' title='bbox 2456 2017 2738 2079; x_wconf 66' lang='lat' dir='ltr'><strong>praestare,</strong></span> <span class='ocrx_word' id='word_1_346' title='bbox 2790 2009 2893 2077; x_wconf 86' lang='lat' dir='ltr'><strong>ipsi</strong></span> <span class='ocrx_word' id='word_1_347' title='bbox 2948 2006 3105 2077; x_wconf 88' lang='lat' dir='ltr'><strong>prius</strong></span> <span class='ocrx_word' id='word_1_348' title='bbox 3163 2017 3328 2059; x_wconf 88' lang='lat' dir='ltr'><strong>causa</strong></span> <span class='ocrx_word' id='word_1_349' title='bbox 3394 2003 3614 2068; x_wconf 85' lang='lat' dir='ltr'><strong>cadent,</strong></span> 
     </span>
    </p>
   </div>
   <div class='ocr_carea' id='block_1_48' title="bbox 2023 2092 3615 2168">
    <p class='ocr_par' dir='ltr' id='par_1_48' title="bbox 2023 2092 3615 2168">
     <span class='ocr_line' id='line_1_48' title="bbox 2023 2092 3615 2168; baseline -0.003 -15"><span class='ocrx_word' id='word_1_350' title='bbox 2023 2099 2472 2168; x_wconf 89' lang='lat' dir='ltr'><strong>videbunturque</strong></span> <span class='ocrx_word' id='word_1_351' title='bbox 2530 2097 2690 2152; x_wconf 78' lang='lat' dir='ltr'><strong>nobis</strong></span> <span class='ocrx_word' id='word_1_352' title='bbox 2746 2095 3151 2162; x_wconf 87' lang='lat' dir='ltr'><strong>contradicere,</strong></span> <span class='ocrx_word' id='word_1_353' title='bbox 3213 2105 3338 2146; x_wconf 88' lang='lat' dir='ltr'><strong>cum</strong></span> <span class='ocrx_word' id='word_1_354' title='bbox 3409 2092 3615 2158; x_wconf 82' lang='lat' dir='ltr'><strong>nullam</strong></span> 
     </span>
    </p>
   </div>
   <div class='ocr_carea' id='block_1_49' title="bbox 2024 2186 3614 2261">
    <p class='ocr_par' dir='ltr' id='par_1_49' title="bbox 2024 2186 3614 2261">
     <span class='ocr_line' id='line_1_49' title="bbox 2024 2186 3614 2261; baseline -0.004 -19"><span class='ocrx_word' id='word_1_355' title='bbox 2024 2189 2124 2261; x_wconf 89' lang='lat' dir='ltr'><strong>ipsi</strong></span> <span class='ocrx_word' id='word_1_356' title='bbox 2151 2190 2476 2245; x_wconf 84' lang='lat' dir='ltr'><strong>sententiam</strong></span> <span class='ocrx_word' id='word_1_357' title='bbox 2508 2187 2768 2251; x_wconf 56' lang='lat' dir='ltr'><strong>inierant.</strong></span> <span class='ocrx_word' id='word_1_358' title='bbox 2792 2186 2948 2253; x_wconf 83' lang='lat' dir='ltr'><strong>Quod</strong></span> <span class='ocrx_word' id='word_1_359' title='bbox 2969 2186 3013 2240; x_wconf 87' lang='lat' dir='ltr'><strong>si</strong></span> <span class='ocrx_word' id='word_1_360' title='bbox 3034 2187 3177 2240; x_wconf 88' lang='lat' dir='ltr'><strong>bene</strong></span> <span class='ocrx_word' id='word_1_361' title='bbox 3194 2195 3248 2240; x_wconf 85' lang='lat' dir='ltr'><strong>et</strong></span> <span class='ocrx_word' id='word_1_362' title='bbox 3273 2195 3330 2240; x_wconf 87' lang='lat' dir='ltr'><strong>ut</strong></span> <span class='ocrx_word' id='word_1_363' title='bbox 3358 2198 3456 2254; x_wconf 86' lang='lat' dir='ltr'><strong>par</strong></span> <span class='ocrx_word' id='word_1_364' title='bbox 3470 2191 3614 2246; x_wconf 83' lang='lat' dir='ltr'><strong>erat,</strong></span> 
     </span>
    </p>
   </div>
   <div class='ocr_carea' id='block_1_50' title="bbox 2023 2268 3618 2351">
    <p class='ocr_par' dir='ltr' id='par_1_50' title="bbox 2023 2268 3618 2351">
     <span class='ocr_line' id='line_1_50' title="bbox 2023 2268 3618 2351; baseline -0.006 -13"><span class='ocrx_word' id='word_1_365' title='bbox 2023 2292 2252 2351; x_wconf 83' lang='lat' dir='ltr'><strong>utraque</strong></span> <span class='ocrx_word' id='word_1_366' title='bbox 2270 2282 2530 2344; x_wconf 84' lang='lat' dir='ltr'><strong>diximus,</strong></span> <span class='ocrx_word' id='word_1_367' title='bbox 2557 2268 2828 2349; x_wconf 89' lang='lat' dir='ltr'><strong>reliquum</strong></span> <span class='ocrx_word' id='word_1_368' title='bbox 2846 2278 3218 2333; x_wconf 91' lang='lat' dir='ltr'><strong>estcommuni</strong></span> <span class='ocrx_word' id='word_1_369' title='bbox 3251 2277 3618 2333; x_wconf 86' lang='lat' dir='ltr'><strong>deliberemus</strong></span> 
     </span>
    </p>
   </div>
   <div class='ocr_carea' id='block_1_51' title="bbox 2021 2367 3617 2442">
    <p class='ocr_par' dir='ltr' id='par_1_51' title="bbox 2021 2367 3617 2442">
     <span class='ocr_line' id='line_1_51' title="bbox 2021 2367 3617 2442; baseline -0.004 -14"><span class='ocrx_word' id='word_1_370' title='bbox 2021 2374 2274 2434; x_wconf 84' lang='lat' dir='ltr'><strong>consilio,</strong></span> <span class='ocrx_word' id='word_1_371' title='bbox 2304 2373 2530 2442; x_wconf 82' lang='lat' dir='ltr'><strong>quinam</strong></span> <span class='ocrx_word' id='word_1_372' title='bbox 2588 2386 2772 2426; x_wconf 87' lang='lat' dir='ltr'><strong>rerum</strong></span> <span class='ocrx_word' id='word_1_373' title='bbox 2808 2372 3062 2438; x_wconf 67' lang='lat' dir='ltr'><strong>praesenti</strong></span> <span class='ocrx_word' id='word_1_374' title='bbox 3091 2379 3260 2432; x_wconf 90' lang='lat' dir='ltr'><strong>statu,</strong></span> <span class='ocrx_word' id='word_1_375' title='bbox 3299 2368 3472 2423; x_wconf 80' lang='lat' dir='ltr'><strong>futuri</strong></span> <span class='ocrx_word' id='word_1_376' title='bbox 3504 2367 3617 2423; x_wconf 86' lang='lat' dir='ltr'><strong>sint</strong></span> 
     </span>
    </p>
   </div>
   <div class='ocr_carea' id='block_1_52' title="bbox 2023 2463 3612 2530">
    <p class='ocr_par' dir='ltr' id='par_1_52' title="bbox 2023 2463 3612 2530">
     <span class='ocr_line' id='line_1_52' title="bbox 2023 2463 3612 2530; baseline -0.005 -10"><span class='ocrx_word' id='word_1_377' title='bbox 2023 2465 2147 2520; x_wconf 81' lang='lat' dir='ltr'><strong>urbi</strong></span> <span class='ocrx_word' id='word_1_378' title='bbox 2186 2464 2368 2520; x_wconf 88' lang='lat' dir='ltr'><strong>utiles.</strong></span> <span class='ocrx_word' id='word_1_379' title='bbox 2407 2463 2733 2530; x_wconf 86' lang='lat' dir='ltr'><strong>Enimvero,</strong></span> <span class='ocrx_word' id='word_1_380' title='bbox 2785 2472 2846 2517; x_wconf 91' lang='lat' dir='ltr'><strong>ut</strong></span> <span class='ocrx_word' id='word_1_381' title='bbox 2876 2478 2944 2517; x_wconf 88' lang='lat' dir='ltr'><strong>ne</strong></span> <span class='ocrx_word' id='word_1_382' title='bbox 2981 2463 3190 2516; x_wconf 87' lang='lat' dir='ltr'><strong>uudmn</strong></span> <span class='ocrx_word' id='word_1_383' title='bbox 3240 2469 3446 2515; x_wconf 89' lang='lat' dir='ltr'><strong>temere</strong></span> <span class='ocrx_word' id='word_1_384' title='bbox 3493 2475 3612 2514; x_wconf 85' lang='lat' dir='ltr'><strong>ser-</strong></span> 
     </span>
    </p>
   </div>
   <div class='ocr_carea' id='block_1_53' title="bbox 2028 2550 3648 2626">
    <p class='ocr_par' dir='ltr' id='par_1_53' title="bbox 2028 2550 3648 2626">
     <span class='ocr_line' id='line_1_53' title="bbox 2028 2550 3648 2626; baseline -0.003 -17"><span class='ocrx_word' id='word_1_385' title='bbox 2028 2570 2249 2609; x_wconf 89' lang='lat' dir='ltr'><strong>monem</strong></span> <span class='ocrx_word' id='word_1_386' title='bbox 2313 2555 2536 2610; x_wconf 86' lang='lat' dir='ltr'><strong>cll‘ulire</strong></span> <span class='ocrx_word' id='word_1_387' title='bbox 2593 2555 2828 2620; x_wconf 87' lang='lat' dir='ltr'><strong>videar,</strong></span> <span class='ocrx_word' id='word_1_388' title='bbox 2887 2554 3177 2621; x_wconf 85' lang='lat' dir='ltr'><strong>libensque</strong></span> <span class='ocrx_word' id='word_1_389' title='bbox 3234 2567 3348 2621; x_wconf 72' lang='lat' dir='ltr'><strong>prae</strong></span> <span class='ocrx_word' id='word_1_390' title='bbox 3397 2550 3648 2626; x_wconf 22' lang='lat' dir='ltr'><strong>consilii“</strong></span> 
     </span>
    </p>
   </div>
   <div class='ocr_carea' id='block_1_54' title="bbox 2027 2641 3613 2718">
    <p class='ocr_par' dir='ltr' id='par_1_54' title="bbox 2027 2641 3613 2718">
     <span class='ocr_line' id='line_1_54' title="bbox 2027 2641 3613 2718; baseline -0.004 -18"><span class='ocrx_word' id='word_1_391' title='bbox 2027 2647 2210 2718; x_wconf 89' lang='lat' dir='ltr'><strong>in0pia</strong></span> <span class='ocrx_word' id='word_1_392' title='bbox 2241 2665 2270 2703; x_wconf 91' lang='lat' dir='ltr'><strong>a</strong></span> <span class='ocrx_word' id='word_1_393' title='bbox 2300 2647 2468 2704; x_wconf 86' lang='lat' dir='ltr'><strong>rebus</strong></span> <span class='ocrx_word' id='word_1_394' title='bbox 2522 2656 2726 2702; x_wconf 89' lang='lat' dir='ltr'><strong>memet</strong></span> <span class='ocrx_word' id='word_1_395' title='bbox 2759 2644 3107 2709; x_wconf 82' lang='lat' dir='ltr'><strong>abstrahere,</strong></span> <span class='ocrx_word' id='word_1_396' title='bbox 3149 2644 3326 2698; x_wconf 89' lang='lat' dir='ltr'><strong>dicam</strong></span> <span class='ocrx_word' id='word_1_397' title='bbox 3356 2658 3479 2712; x_wconf 64' lang='lat' dir='ltr'><strong>qum</strong></span> <span class='ocrx_word' id='word_1_398' title='bbox 3523 2641 3613 2695; x_wconf 83' lang='lat' dir='ltr'><strong>vi-</strong></span> 
     </span>
    </p>
   </div>
   <div class='ocr_carea' id='block_1_55' title="bbox 2027 2734 3614 2810">
    <p class='ocr_par' dir='ltr' id='par_1_55' title="bbox 2027 2734 3614 2810">
     <span class='ocr_line' id='line_1_55' title="bbox 2027 2734 3614 2810; baseline -0.005 -14"><span class='ocrx_word' id='word_1_399' title='bbox 2027 2743 2253 2804; x_wconf 91' lang='lat' dir='ltr'><strong>dentur,</strong></span> <span class='ocrx_word' id='word_1_400' title='bbox 2295 2743 2399 2797; x_wconf 91' lang='lat' dir='ltr'><strong>hoc</strong></span> <span class='ocrx_word' id='word_1_401' title='bbox 2441 2749 2652 2796; x_wconf 86' lang='lat' dir='ltr'><strong>tantum</strong></span> <span class='ocrx_word' id='word_1_402' title='bbox 2716 2755 2937 2810; x_wconf 81' lang='lat' dir='ltr'><strong>rogans,</strong></span> <span class='ocrx_word' id='word_1_403' title='bbox 2989 2747 3047 2792; x_wconf 91' lang='lat' dir='ltr'><strong>ut</strong></span> <span class='ocrx_word' id='word_1_404' title='bbox 3087 2736 3270 2806; x_wconf 89' lang='lat' dir='ltr'><strong>siquid</strong></span> <span class='ocrx_word' id='word_1_405' title='bbox 3323 2734 3614 2790; x_wconf 84' lang='lat' dir='ltr'><strong>consilium</strong></span> 
     </span>
    </p>
   </div>
   <div class='ocr_carea' id='block_1_56' title="bbox 2027 2827 3616 2900">
    <p class='ocr_par' dir='ltr' id='par_1_56' title="bbox 2027 2827 3616 2900">
     <span class='ocr_line' id='line_1_56' title="bbox 2027 2827 3616 2900; baseline -0.006 -10"><span class='ocrx_word' id='word_1_406' title='bbox 2027 2851 2054 2890; x_wconf 90' lang='lat' dir='ltr'><strong>a</strong></span> <span class='ocrx_word' id='word_1_407' title='bbox 2093 2843 2278 2890; x_wconf 88' lang='lat' dir='ltr'><strong>vestro</strong></span> <span class='ocrx_word' id='word_1_408' title='bbox 2313 2834 2554 2889; x_wconf 89' lang='lat' dir='ltr'><strong>alienum</strong></span> <span class='ocrx_word' id='word_1_409' title='bbox 2589 2848 2755 2887; x_wconf 90' lang='lat' dir='ltr'><strong>sensu</strong></span> <span class='ocrx_word' id='word_1_410' title='bbox 2812 2831 3234 2900; x_wconf 83' lang='lat' dir='ltr'><strong>complectatur.</strong></span> <span class='ocrx_word' id='word_1_411' title='bbox 3290 2842 3400 2882; x_wconf 92' lang='lat' dir='ltr'><strong>non</strong></span> <span class='ocrx_word' id='word_1_412' title='bbox 3461 2827 3616 2895; x_wconf 90' lang='lat' dir='ltr'><strong>prius</strong></span> 
     </span>
    </p>
   </div>
   <div class='ocr_carea' id='block_1_57' title="bbox 2027 2921 3616 2993">
    <p class='ocr_par' dir='ltr' id='par_1_57' title="bbox 2027 2921 3616 2993">
     <span class='ocr_line' id='line_1_57' title="bbox 2027 2921 3616 2993; baseline -0.006 -11"><span class='ocrx_word' id='word_1_413' title='bbox 2027 2927 2324 2982; x_wconf 92' lang='lat' dir='ltr'><strong>tumultum</strong></span> <span class='ocrx_word' id='word_1_414' title='bbox 2359 2927 2554 2982; x_wconf 89' lang='lat' dir='ltr'><strong>cieatis</strong></span> <span class='ocrx_word' id='word_1_415' title='bbox 2584 2965 2600 2989; x_wconf 94' lang='lat'><strong>,</strong></span> <span class='ocrx_word' id='word_1_416' title='bbox 2637 2924 2732 2980; x_wconf 90' lang='lat' dir='ltr'><strong>sed</strong></span> <span class='ocrx_word' id='word_1_417' title='bbox 2766 2922 3097 2993; x_wconf 78' lang='lat' dir='ltr'><strong>exspectetis</strong></span> <span class='ocrx_word' id='word_1_418' title='bbox 3125 2921 3360 2989; x_wconf 88' lang='lat' dir='ltr'><strong>reliqua,</strong></span> <span class='ocrx_word' id='word_1_419' title='bbox 3390 2926 3616 2986; x_wconf 90' lang='lat' dir='ltr'><strong>tumque</strong></span> 
     </span>
    </p>
   </div>
   <div class='ocr_carea' id='block_1_58' title="bbox 2023 3011 3614 3088">
    <p class='ocr_par' dir='ltr' id='par_1_58' title="bbox 2023 3011 3614 3088">
     <span class='ocr_line' id='line_1_58' title="bbox 2023 3011 3614 3088; baseline -0.007 -15"><span class='ocrx_word' id='word_1_420' title='bbox 2023 3020 2110 3073; x_wconf 86' lang='lat' dir='ltr'><strong>vel</strong></span> <span class='ocrx_word' id='word_1_421' title='bbox 2146 3018 2438 3088; x_wconf 72' lang='lat' dir='ltr'><strong>prtebealis</strong></span> <span class='ocrx_word' id='word_1_422' title='bbox 2498 3032 2809 3081; x_wconf 88' lang='lat' dir='ltr'><strong>assensum,</strong></span> <span class='ocrx_word' id='word_1_423' title='bbox 2844 3017 2928 3070; x_wconf 89' lang='lat' dir='ltr'><strong>vel</strong></span> <span class='ocrx_word' id='word_1_424' title='bbox 2980 3013 3128 3070; x_wconf 89' lang='lat' dir='ltr'><strong>aliud</strong></span> <span class='ocrx_word' id='word_1_425' title='bbox 3165 3011 3446 3082; x_wconf 89' lang='lat' dir='ltr'><strong>quidpiam</strong></span> <span class='ocrx_word' id='word_1_426' title='bbox 3483 3024 3614 3064; x_wconf 63' lang='lat' dir='ltr'><strong>con-</strong></span> 
     </span>
    </p>
   </div>
   <div class='ocr_carea' id='block_1_59' title="bbox 2027 3103 3618 3181">
    <p class='ocr_par' dir='ltr' id='par_1_59' title="bbox 2027 3103 3618 3181">
     <span class='ocr_line' id='line_1_59' title="bbox 2027 3103 3618 3181; baseline -0.004 -19"><span class='ocrx_word' id='word_1_427' title='bbox 2027 3127 2222 3179; x_wconf 79' lang='lat' dir='ltr'><strong>gruum</strong></span> <span class='ocrx_word' id='word_1_428' title='bbox 2275 3111 2449 3181; x_wconf 80' lang='lat' dir='ltr'><strong>magis</strong></span> <span class='ocrx_word' id='word_1_429' title='bbox 2508 3109 2851 3179; x_wconf 87' lang='lat' dir='ltr'><strong>temporibus</strong></span> <span class='ocrx_word' id='word_1_430' title='bbox 2903 3106 3155 3162; x_wconf 90' lang='lat' dir='ltr'><strong>invenire</strong></span> <span class='ocrx_word' id='word_1_431' title='bbox 3217 3104 3458 3161; x_wconf 88' lang='lat' dir='ltr'><strong>tentetis.</strong></span> <span class='ocrx_word' id='word_1_432' title='bbox 3491 3103 3618 3158; x_wconf 84' lang='lat' dir='ltr'><strong>Non</strong></span> 
     </span>
    </p>
   </div>
   <div class='ocr_carea' id='block_1_60' title="bbox 335 3189 1926 3268">
    <p class='ocr_par' dir='ltr' id='par_1_60' title="bbox 335 3195 1922 3268">
     <span class='ocr_line' id='line_1_60' title="bbox 335 3195 1922 3268; baseline -0.003 -17"><span class='ocrx_word' id='word_1_433' title='bbox 335 3195 425 3251; x_wconf 74' lang='grc' dir='ltr'><strong>οῦο</strong></span> <span class='ocrx_word' id='word_1_434' title='bbox 455 3197 573 3250; x_wconf 82' lang='grc' dir='ltr'>ἀλλ’</span> <span class='ocrx_word' id='word_1_435' title='bbox 625 3196 790 3268; x_wconf 67' lang='grc' dir='ltr'>ἔτερα</span> <span class='ocrx_word' id='word_1_436' title='bbox 828 3197 936 3249; x_wconf 90' lang='grc' dir='ltr'><strong>τῶν</strong></span> <span class='ocrx_word' id='word_1_437' title='bbox 968 3197 1258 3268; x_wconf 83' lang='grc' dir='ltr'>παρόντων</span> <span class='ocrx_word' id='word_1_438' title='bbox 1297 3195 1484 3250; x_wconf 86' lang='grc' dir='ltr'>κακῶν</span> <span class='ocrx_word' id='word_1_439' title='bbox 1531 3195 1662 3266; x_wconf 87' lang='grc' dir='ltr'>ήμῖν</span> <span class='ocrx_word' id='word_1_440' title='bbox 1698 3195 1922 3263; x_wconf 84' lang='grc' dir='ltr'>γέγονεν</span> 
     </span>
    </p>
   </div>
   <div class='ocr_carea' id='block_1_61' title="bbox 2032 3189 3614 3268">
    <p class='ocr_par' dir='ltr' id='par_1_61' title="bbox 2032 3189 3614 3264">
     <span class='ocr_line' id='line_1_61' title="bbox 2032 3189 3614 3264; baseline -0.005 -8"><span class='ocrx_word' id='word_1_441' title='bbox 2032 3202 2157 3257; x_wconf 90' lang='lat' dir='ltr'><strong>belli</strong></span> <span class='ocrx_word' id='word_1_442' title='bbox 2211 3201 2490 3256; x_wconf 90' lang='lat' dir='ltr'><strong>sociorum</strong></span> <span class='ocrx_word' id='word_1_443' title='bbox 2541 3201 2782 3264; x_wconf 83' lang='lat' dir='ltr'><strong>defectu,</strong></span> <span class='ocrx_word' id='word_1_444' title='bbox 2817 3189 3123 3264; x_wconf 84' lang='lat' dir='ltr'><strong>auditores,</strong></span> <span class='ocrx_word' id='word_1_445' title='bbox 3162 3197 3216 3252; x_wconf 91' lang='lat' dir='ltr'><strong>in</strong></span> <span class='ocrx_word' id='word_1_446' title='bbox 3245 3211 3372 3250; x_wconf 91' lang='lat' dir='ltr'><strong>eum</strong></span> <span class='ocrx_word' id='word_1_447' title='bbox 3407 3202 3614 3249; x_wconf 69' lang='lat' dir='ltr'><strong>statum</strong></span> 
     </span>
    </p>
   </div>
   <div class='ocr_carea' id='block_1_62' title="bbox 340 3287 1920 3360">
    <p class='ocr_par' dir='ltr' id='par_1_62' title="bbox 340 3287 1920 3360">
     <span class='ocr_line' id='line_1_62' title="bbox 340 3287 1920 3360; baseline -0.001 -18"><span class='ocrx_word' id='word_1_448' title='bbox 340 3289 492 3342; x_wconf 82' lang='grc' dir='ltr'>αἴτια</span> <span class='ocrx_word' id='word_1_449' title='bbox 515 3305 531 3320; x_wconf 76' lang='grc' dir='ltr'>ο</span> <span class='ocrx_word' id='word_1_450' title='bbox 557 3289 592 3342; x_wconf 73' lang='grc' dir='ltr'>ὃ.</span> <span class='ocrx_word' id='word_1_451' title='bbox 624 3289 724 3358; x_wconf 83' lang='grc' dir='ltr'><strong>τῆς</strong></span> <span class='ocrx_word' id='word_1_452' title='bbox 765 3289 1044 3352; x_wconf 81' lang='grc' dir='ltr'>πολιτείας</span> <span class='ocrx_word' id='word_1_453' title='bbox 1085 3287 1466 3360; x_wconf 80' lang='grc' dir='ltr'>κρατήσαντα,</span> <span class='ocrx_word' id='word_1_454' title='bbox 1491 3289 1588 3340; x_wconf 77' lang='grc' dir='ltr'><strong>καὶ</strong></span> <span class='ocrx_word' id='word_1_455' title='bbox 1607 3288 1920 3357; x_wconf 85' lang='grc' dir='ltr'>συμμαχεῖν</span> 
     </span>
    </p>
   </div>
   <div class='ocr_carea' id='block_1_63' title="bbox 337 3377 1923 3451">
    <p class='ocr_par' dir='ltr' id='par_1_63' title="bbox 337 3377 1923 3451">
     <span class='ocr_line' id='line_1_63' title="bbox 337 3377 1923 3451; baseline -0.003 -18"><span class='ocrx_word' id='word_1_456' title='bbox 337 3380 670 3451; x_wconf 85' lang='grc' dir='ltr'>δυναμένους</span> <span class='ocrx_word' id='word_1_457' title='bbox 696 3380 905 3449; x_wconf 82' lang='grc' dir='ltr'>ἑτέροις</span> <span class='ocrx_word' id='word_1_458' title='bbox 939 3381 1111 3450; x_wconf 75' lang='grc' dir='ltr'>ἡμᾶς,</span> <span class='ocrx_word' id='word_1_459' title='bbox 1142 3379 1237 3442; x_wconf 84' lang='grc' dir='ltr'><strong>νῦν</strong></span> <span class='ocrx_word' id='word_1_460' title='bbox 1260 3381 1385 3442; x_wconf 80' lang='grc' dir='ltr'>τοὺς</span> <span class='ocrx_word' id='word_1_461' title='bbox 1427 3377 1795 3448; x_wconf 86' lang='grc' dir='ltr'>βοηθήσοντας</span> <span class='ocrx_word' id='word_1_462' title='bbox 1826 3393 1923 3429; x_wconf 87' lang='grc' dir='ltr'>πε-</span> 
     </span>
    </p>
   </div>
   <div class='ocr_carea' id='block_1_64' title="bbox 342 3471 1922 3544">
    <p class='ocr_par' dir='ltr' id='par_1_64' title="bbox 342 3471 1922 3544">
     <span class='ocr_line' id='line_1_64' title="bbox 342 3471 1922 3544; baseline -0.003 -16"><span class='ocrx_word' id='word_1_463' title='bbox 342 3473 579 3544; x_wconf 88' lang='grc' dir='ltr'>ριιόντας</span> <span class='ocrx_word' id='word_1_464' title='bbox 613 3473 917 3542; x_wconf 77' lang='grc' dir='ltr'>ἀναγκάζει</span> <span class='ocrx_word' id='word_1_465' title='bbox 969 3473 1176 3544; x_wconf 79' lang='grc' dir='ltr'>ζητεῖν.</span> <span class='ocrx_word' id='word_1_466' title='bbox 1229 3471 1522 3542; x_wconf 89' lang='grc' dir='ltr'>Σύμμαχοι</span> <span class='ocrx_word' id='word_1_467' title='bbox 1559 3471 1604 3524; x_wconf 88' lang='grc' dir='ltr'>δ’</span> <span class='ocrx_word' id='word_1_468' title='bbox 1633 3472 1766 3542; x_wconf 86' lang='grc' dir='ltr'>ήμῖν</span> <span class='ocrx_word' id='word_1_469' title='bbox 1812 3471 1922 3523; x_wconf 87' lang='grc' dir='ltr'>είσι</span> 
     </span>
    </p>
   </div>
   <div class='ocr_carea' id='block_1_65' title="bbox 339 3563 1921 3634">
    <p class='ocr_par' dir='ltr' id='par_1_65' title="bbox 339 3563 1921 3634">
     <span class='ocr_line' id='line_1_65' title="bbox 339 3563 1921 3634; baseline -0.003 -13"><span class='ocrx_word' id='word_1_470' title='bbox 339 3567 436 3621; x_wconf 78' lang='grc' dir='ltr'>καὶ</span> <span class='ocrx_word' id='word_1_471' title='bbox 459 3567 646 3620; x_wconf 77' lang='grc' dir='ltr'>πολλοὶ</span> <span class='ocrx_word' id='word_1_472' title='bbox 674 3569 772 3622; x_wconf 84' lang='grc' dir='ltr'><strong>καὶ</strong></span> <span class='ocrx_word' id='word_1_473' title='bbox 824 3565 981 3621; x_wconf 76' lang='grc' dir='ltr'>καλοὶ</span> <span class='ocrx_word' id='word_1_474' title='bbox 1015 3567 1112 3618; x_wconf 78' lang='grc' dir='ltr'><strong>καὶ</strong></span> <span class='ocrx_word' id='word_1_475' title='bbox 1163 3564 1418 3618; x_wconf 89' lang='grc' dir='ltr'>τοσοῦτον</span> <span class='ocrx_word' id='word_1_476' title='bbox 1465 3564 1761 3634; x_wconf 83' lang='grc' dir='ltr'>ἀχθόμενοι</span> <span class='ocrx_word' id='word_1_477' title='bbox 1806 3563 1921 3626; x_wconf 89' lang='grc' dir='ltr'>τοῖς</span> 
     </span>
    </p>
   </div>
   <div class='ocr_carea' id='block_1_66' title="bbox 338 3649 1922 3733">
    <p class='ocr_par' dir='ltr' id='par_1_66' title="bbox 338 3649 1922 3733">
     <span class='ocr_line' id='line_1_66' title="bbox 338 3649 1922 3733; baseline -0.001 -20"><span class='ocrx_word' id='word_1_478' title='bbox 338 3661 629 3733; x_wconf 78' lang='grc' dir='ltr'>ἡμετέροις</span> <span class='ocrx_word' id='word_1_479' title='bbox 652 3663 866 3728; x_wconf 85' lang='grc' dir='ltr'>κακοῖς,</span> <span class='ocrx_word' id='word_1_480' title='bbox 893 3662 1017 3715; x_wconf 81' lang='grc' dir='ltr'>ὅσον</span> <span class='ocrx_word' id='word_1_481' title='bbox 1039 3661 1183 3730; x_wconf 80' lang='grc' dir='ltr'>ἡμᾶς</span> <span class='ocrx_word' id='word_1_482' title='bbox 1206 3659 1374 3728; x_wconf 78' lang='grc' dir='ltr'>ἔγωγ’</span> <span class='ocrx_word' id='word_1_483' title='bbox 1397 3659 1462 3712; x_wconf 86' lang='grc' dir='ltr'><strong>ἂν</strong></span> <span class='ocrx_word' id='word_1_484' title='bbox 1493 3657 1765 3728; x_wconf 78' lang='grc' dir='ltr'>εὐξαίμην</span> <span class='ocrx_word' id='word_1_485' title='bbox 1791 3649 1922 3727; x_wconf 79' lang='grc' dir='ltr'>ὑμῖν</span> 
     </span>
    </p>
   </div>
   <div class='ocr_carea' id='block_1_67' title="bbox 341 3749 1921 3822">
    <p class='ocr_par' dir='ltr' id='par_1_67' title="bbox 341 3749 1921 3822">
     <span class='ocr_line' id='line_1_67' title="bbox 341 3749 1921 3822; baseline -0.002 -17"><span class='ocrx_word' id='word_1_486' title='bbox 341 3754 529 3816; x_wconf 84' lang='grc' dir='ltr'>αὐτοῖς</span> <span class='ocrx_word' id='word_1_487' title='bbox 559 3752 867 3822; x_wconf 87' lang='grc' dir='ltr'>συναλγεῖν.</span> <span class='ocrx_word' id='word_1_488' title='bbox 927 3751 1084 3806; x_wconf 84' lang='grc' dir='ltr'>Εἴπω</span> <span class='ocrx_word' id='word_1_489' title='bbox 1117 3752 1268 3815; x_wconf 86' lang='grc' dir='ltr'>τίνας</span> <span class='ocrx_word' id='word_1_490' title='bbox 1291 3769 1308 3786; x_wconf 78' lang='grc' dir='ltr'>ο</span> <span class='ocrx_word' id='word_1_491' title='bbox 1352 3751 1627 3815; x_wconf 87' lang='grc' dir='ltr'>κελεύετε,</span> <span class='ocrx_word' id='word_1_492' title='bbox 1687 3751 1782 3805; x_wconf 75' lang='grc' dir='ltr'>καὶ</span> <span class='ocrx_word' id='word_1_493' title='bbox 1819 3749 1921 3804; x_wconf 85' lang='grc' dir='ltr'>οὐκ</span> 
     </span>
    </p>
   </div>
   <div class='ocr_carea' id='block_1_68' title="bbox 337 3851 633 3918">
    <p class='ocr_par' dir='ltr' id='par_1_68' title="bbox 337 3851 633 3918">
     <span class='ocr_line' id='line_1_68' title="bbox 337 3851 633 3918; baseline 0.007 -16"><span class='ocrx_word' id='word_1_494' title='bbox 337 3851 633 3918; x_wconf 80' lang='grc' dir='ltr'>ὀργιεῖσθε.</span> 
     </span>
    </p>
   </div>
   <div class='ocr_carea' id='block_1_69' title="bbox 2029 3284 3616 3361">
    <p class='ocr_par' dir='ltr' id='par_1_69' title="bbox 2029 3284 3616 3361">
     <span class='ocr_line' id='line_1_69' title="bbox 2029 3284 3616 3361; baseline -0.004 -14"><span class='ocrx_word' id='word_1_495' title='bbox 2029 3293 2237 3348; x_wconf 88' lang='lat' dir='ltr'><strong>redacti</strong></span> <span class='ocrx_word' id='word_1_496' title='bbox 2269 3309 2481 3349; x_wconf 91' lang='lat' dir='ltr'><strong>sumus.</strong></span> <span class='ocrx_word' id='word_1_497' title='bbox 2515 3293 2736 3348; x_wconf 84' lang='lat' dir='ltr'><strong>Minime</strong></span> <span class='ocrx_word' id='word_1_498' title='bbox 2769 3290 3013 3361; x_wconf 83' lang='lat' dir='ltr'><strong>gentium</strong></span> <span class='ocrx_word' id='word_1_499' title='bbox 3047 3304 3284 3356; x_wconf 84' lang='lat' dir='ltr'><strong>;,verum</strong></span> <span class='ocrx_word' id='word_1_500' title='bbox 3316 3287 3422 3342; x_wconf 89' lang='lat' dir='ltr'><strong>alia</strong></span> <span class='ocrx_word' id='word_1_501' title='bbox 3452 3284 3616 3340; x_wconf 79' lang='lat' dir='ltr'><strong>nobis</strong></span> 
     </span>
    </p>
   </div>
   <div class='ocr_carea' id='block_1_70' title="bbox 2031 3381 3613 3450">
    <p class='ocr_par' dir='ltr' id='par_1_70' title="bbox 2031 3381 3613 3450">
     <span class='ocr_line' id='line_1_70' title="bbox 2031 3381 3613 3450; baseline -0.007 -8"><span class='ocrx_word' id='word_1_502' title='bbox 2031 3397 2093 3443; x_wconf 89' lang='lat' dir='ltr'><strong>ut</strong></span> <span class='ocrx_word' id='word_1_503' title='bbox 2124 3388 2178 3441; x_wconf 94' lang='lat' dir='ltr'><strong>in</strong></span> <span class='ocrx_word' id='word_1_504' title='bbox 2209 3387 2326 3443; x_wconf 84' lang='lat' dir='ltr'><strong>haec</strong></span> <span class='ocrx_word' id='word_1_505' title='bbox 2365 3389 2506 3442; x_wconf 89' lang='lat' dir='ltr'><strong>mala</strong></span> <span class='ocrx_word' id='word_1_506' title='bbox 2535 3385 2937 3450; x_wconf 90' lang='lat' dir='ltr'><strong>iucideremus,</strong></span> <span class='ocrx_word' id='word_1_507' title='bbox 2966 3385 3021 3438; x_wconf 89' lang='lat' dir='ltr'><strong>in</strong></span> <span class='ocrx_word' id='word_1_508' title='bbox 3053 3398 3218 3438; x_wconf 89' lang='lat' dir='ltr'><strong>causa</strong></span> <span class='ocrx_word' id='word_1_509' title='bbox 3247 3381 3613 3442; x_wconf 81' lang='lat' dir='ltr'><strong>exstiterunt,</strong></span> 
     </span>
    </p>
   </div>
   <div class='ocr_carea' id='block_1_71' title="bbox 2029 3474 3616 3548">
    <p class='ocr_par' dir='ltr' id='par_1_71' title="bbox 2029 3474 3616 3548">
     <span class='ocr_line' id='line_1_71' title="bbox 2029 3474 3616 3548; baseline -0.009 -11"><span class='ocrx_word' id='word_1_510' title='bbox 2029 3494 2206 3548; x_wconf 88' lang='lat' dir='ltr'><strong>eaque</strong></span> <span class='ocrx_word' id='word_1_511' title='bbox 2236 3479 2562 3547; x_wconf 88' lang='lat' dir='ltr'><strong>occupantia</strong></span> <span class='ocrx_word' id='word_1_512' title='bbox 2592 3477 3010 3548; x_wconf 78' lang='lat' dir='ltr'><strong>rempublicam,</strong></span> <span class='ocrx_word' id='word_1_513' title='bbox 3035 3489 3161 3530; x_wconf 91' lang='lat' dir='ltr'><strong>cum</strong></span> <span class='ocrx_word' id='word_1_514' title='bbox 3188 3474 3322 3529; x_wconf 85' lang='lat' dir='ltr'><strong>tales</strong></span> <span class='ocrx_word' id='word_1_515' title='bbox 3345 3484 3616 3536; x_wconf 85' lang='lat' dir='ltr'><strong>essemus,</strong></span> 
     </span>
    </p>
   </div>
   <div class='ocr_carea' id='block_1_72' title="bbox 2031 3569 3620 3643">
    <p class='ocr_par' dir='ltr' id='par_1_72' title="bbox 2031 3569 3620 3643">
     <span class='ocr_line' id='line_1_72' title="bbox 2031 3569 3620 3643; baseline -0.008 -15"><span class='ocrx_word' id='word_1_516' title='bbox 2031 3571 2126 3643; x_wconf 86' lang='lat' dir='ltr'><strong>qui</strong></span> <span class='ocrx_word' id='word_1_517' title='bbox 2183 3571 2313 3627; x_wconf 78' lang='lat' dir='ltr'><strong>belli</strong></span> <span class='ocrx_word' id='word_1_518' title='bbox 2360 3571 2495 3627; x_wconf 90' lang='lat' dir='ltr'><strong>socii</strong></span> <span class='ocrx_word' id='word_1_519' title='bbox 2547 3571 2670 3626; x_wconf 90' lang='lat' dir='ltr'><strong>aliis</strong></span> <span class='ocrx_word' id='word_1_520' title='bbox 2727 3569 2976 3625; x_wconf 83' lang='lat' dir='ltr'><strong>auxiliari</strong></span> <span class='ocrx_word' id='word_1_521' title='bbox 3029 3579 3340 3636; x_wconf 88' lang='lat' dir='ltr'><strong>possemus,</strong></span> <span class='ocrx_word' id='word_1_522' title='bbox 3392 3577 3460 3617; x_wconf 93' lang='lat' dir='ltr'><strong>eo</strong></span> <span class='ocrx_word' id='word_1_523' title='bbox 3515 3575 3620 3616; x_wconf 84' lang='lat' dir='ltr'><strong>nos</strong></span> 
     </span>
    </p>
   </div>
   <div class='ocr_carea' id='block_1_73' title="bbox 2032 3659 3620 3735">
    <p class='ocr_par' dir='ltr' id='par_1_73' title="bbox 2032 3659 3620 3735">
     <span class='ocr_line' id='line_1_73' title="bbox 2032 3659 3620 3735; baseline -0.008 -15"><span class='ocrx_word' id='word_1_524' title='bbox 2032 3664 2373 3735; x_wconf 84' lang='lat' dir='ltr'><strong>compulere,</strong></span> <span class='ocrx_word' id='word_1_525' title='bbox 2420 3670 2481 3717; x_wconf 87' lang='lat' dir='ltr'><strong>ut</strong></span> <span class='ocrx_word' id='word_1_526' title='bbox 2510 3663 2680 3718; x_wconf 84' lang='lat' dir='ltr'><strong>omni</strong></span> <span class='ocrx_word' id='word_1_527' title='bbox 2710 3670 2868 3731; x_wconf 87' lang='lat' dir='ltr'><strong>parte</strong></span> <span class='ocrx_word' id='word_1_528' title='bbox 2895 3659 3211 3715; x_wconf 80' lang='lat' dir='ltr'><strong>auxiliarios</strong></span> <span class='ocrx_word' id='word_1_529' title='bbox 3238 3669 3486 3726; x_wconf 85' lang='lat' dir='ltr'><strong>quaerere</strong></span> <span class='ocrx_word' id='word_1_530' title='bbox 3520 3666 3620 3708; x_wconf 80' lang='lat' dir='ltr'><strong>ne-</strong></span> 
     </span>
    </p>
   </div>
   <div class='ocr_carea' id='block_1_74' title="bbox 2031 3741 3622 3810">
    <p class='ocr_par' dir='ltr' id='par_1_74' title="bbox 2031 3741 3622 3810">
     <span class='ocr_line' id='line_1_74' title="bbox 2031 3741 3622 3810; baseline -0.008 -2"><span class='ocrx_word' id='word_1_531' title='bbox 2031 3767 2250 3810; x_wconf 89' lang='lat' dir='ltr'><strong>cessum</strong></span> <span class='ocrx_word' id='word_1_532' title='bbox 2289 3753 2614 3808; x_wconf 87' lang='lat' dir='ltr'><strong>habeamus.</strong></span> <span class='ocrx_word' id='word_1_533' title='bbox 2666 3751 2841 3806; x_wconf 88' lang='lat' dir='ltr'><strong>Porro</strong></span> <span class='ocrx_word' id='word_1_534' title='bbox 2898 3750 3061 3805; x_wconf 90' lang='lat' dir='ltr'><strong>nobis</strong></span> <span class='ocrx_word' id='word_1_535' title='bbox 3117 3758 3248 3803; x_wconf 89' lang='lat' dir='ltr'><strong>sunt</strong></span> <span class='ocrx_word' id='word_1_536' title='bbox 3280 3745 3411 3800; x_wconf 90' lang='lat' dir='ltr'><strong>belli</strong></span> <span class='ocrx_word' id='word_1_537' title='bbox 3455 3741 3622 3809; x_wconf 83' lang='lat' dir='ltr'><strong>socii,</strong></span> 
     </span>
    </p>
   </div>
   <div class='ocr_carea' id='block_1_75' title="bbox 2031 3837 3615 3916">
    <p class='ocr_par' dir='ltr' id='par_1_75' title="bbox 2031 3837 3615 3916">
     <span class='ocr_line' id='line_1_75' title="bbox 2031 3837 3615 3916; baseline -0.008 -17"><span class='ocrx_word' id='word_1_538' title='bbox 2031 3845 2182 3916; x_wconf 87' lang='lat' dir='ltr'><strong>iique</strong></span> <span class='ocrx_word' id='word_1_539' title='bbox 2213 3843 2372 3899; x_wconf 89' lang='lat' dir='ltr'><strong>multi</strong></span> <span class='ocrx_word' id='word_1_540' title='bbox 2406 3857 2469 3897; x_wconf 88' lang='lat' dir='ltr'><strong>ac</strong></span> <span class='ocrx_word' id='word_1_541' title='bbox 2502 3843 2655 3908; x_wconf 92' lang='lat' dir='ltr'><strong>boni,</strong></span> <span class='ocrx_word' id='word_1_542' title='bbox 2681 3844 2887 3912; x_wconf 88' lang='lat' dir='ltr'><strong>quique</strong></span> <span class='ocrx_word' id='word_1_543' title='bbox 2932 3841 3074 3894; x_wconf 89' lang='lat' dir='ltr'><strong>adeo</strong></span> <span class='ocrx_word' id='word_1_544' title='bbox 3099 3849 3284 3893; x_wconf 90' lang='lat' dir='ltr'><strong>nostra</strong></span> <span class='ocrx_word' id='word_1_545' title='bbox 3317 3837 3458 3890; x_wconf 90' lang='lat' dir='ltr'><strong>mala</strong></span> <span class='ocrx_word' id='word_1_546' title='bbox 3491 3849 3615 3888; x_wconf 81' lang='lat' dir='ltr'><strong>mo-</strong></span> 
     </span>
    </p>
   </div>
   <div class='ocr_carea' id='block_1_76' title="bbox 337 3925 3624 4014">
    <p class='ocr_par' dir='ltr' id='par_1_76' title="bbox 337 3925 3624 4014">
     <span class='ocr_line' id='line_1_76' title="bbox 337 3925 3624 4014; baseline -0.007 -11"><span class='ocrx_word' id='word_1_547' title='bbox 337 3946 479 4003; x_wconf 86' lang='lat' dir='ltr'><strong>leste</strong></span> <span class='ocrx_word' id='word_1_548' title='bbox 506 3945 708 4009; x_wconf 81' lang='lat' dir='ltr'><strong>ferant,</strong></span> <span class='ocrx_word' id='word_1_549' title='bbox 735 3951 797 3999; x_wconf 89' lang='lat' dir='ltr'><strong>ut</strong></span> <span class='ocrx_word' id='word_1_550' title='bbox 828 3943 910 3999; x_wconf 89' lang='lat' dir='ltr'><strong>sic</strong></span> <span class='ocrx_word' id='word_1_551' title='bbox 954 3957 1060 4007; x_wconf 84' lang='lat' dir='ltr'><strong>nos</strong></span> <span class='ocrx_word' id='word_1_552' title='bbox 1085 3942 1202 4014; x_wconf 90' lang='lat' dir='ltr'><strong>ipse</strong></span> <span class='ocrx_word' id='word_1_553' title='bbox 1231 3951 1415 4012; x_wconf 90' lang='lat' dir='ltr'><strong>optem</strong></span> <span class='ocrx_word' id='word_1_554' title='bbox 1447 3948 1636 3998; x_wconf 87' lang='lat' dir='ltr'><strong>nostra</strong></span> <span class='ocrx_word' id='word_1_555' title='bbox 1701 3939 1874 4007; x_wconf 85' lang='lat' dir='ltr'><strong>ferre,</strong></span> <span class='ocrx_word' id='word_1_556' title='bbox 1938 3951 2005 3993; x_wconf 90' lang='lat' dir='ltr'><strong>ac</strong></span> <span class='ocrx_word' id='word_1_557' title='bbox 2040 3937 2204 3993; x_wconf 87' lang='lat' dir='ltr'><strong>nobis</strong></span> <span class='ocrx_word' id='word_1_558' title='bbox 2239 3935 2559 3990; x_wconf 90' lang='lat' dir='ltr'><strong>condolere.</strong></span> <span class='ocrx_word' id='word_1_559' title='bbox 2605 3935 2795 3989; x_wconf 80' lang='lat' dir='ltr'><strong>Dicam</strong></span> <span class='ocrx_word' id='word_1_560' title='bbox 2851 3932 3126 3998; x_wconf 86' lang='lat' dir='ltr'><strong>homines,</strong></span> <span class='ocrx_word' id='word_1_561' title='bbox 3165 3930 3374 4000; x_wconf 79' lang='lat' dir='ltr'><strong>iubete,</strong></span> <span class='ocrx_word' id='word_1_562' title='bbox 3407 3941 3472 3982; x_wconf 91' lang='lat' dir='ltr'><strong>ac</strong></span> <span class='ocrx_word' id='word_1_563' title='bbox 3505 3925 3624 3996; x_wconf 76' lang='lat' dir='ltr'><strong>iras</strong></span> 
     </span>
    </p>
   </div>
   <div class='ocr_carea' id='block_1_77' title="bbox 338 4038 638 4094">
    <p class='ocr_par' dir='ltr' id='par_1_77' title="bbox 338 4038 638 4094">
     <span class='ocr_line' id='line_1_77' title="bbox 338 4038 638 4094; baseline -0.01 0"><span class='ocrx_word' id='word_1_564' title='bbox 338 4038 638 4094; x_wconf 88' lang='lat' dir='ltr'><strong>continete.</strong></span> 
     </span>
    </p>
   </div>
   <div class='ocr_carea' id='block_1_78' title="bbox 411 4122 1934 4202">
    <p class='ocr_par' dir='ltr' id='par_1_78' title="bbox 411 4122 1934 4202">
     <span class='ocr_line' id='line_1_78' title="bbox 411 4122 1934 4202; baseline -0.007 -16"><span class='ocrx_word' id='word_1_565' title='bbox 411 4132 548 4195; x_wconf 80' lang='grc' dir='ltr'>Τοὺς</span> <span class='ocrx_word' id='word_1_566' title='bbox 573 4130 666 4186; x_wconf 91' lang='grc' dir='ltr'><strong>νῦν</strong></span> <span class='ocrx_word' id='word_1_567' title='bbox 693 4131 928 4202; x_wconf 74' lang='grc' dir='ltr'>ἥκοντας</span> <span class='ocrx_word' id='word_1_568' title='bbox 969 4127 1276 4197; x_wconf 82' lang='grc' dir='ltr'>Ῥωμαίους</span> <span class='ocrx_word' id='word_1_569' title='bbox 1301 4127 1457 4196; x_wconf 79' lang='grc' dir='ltr'>,φημὶ</span> <span class='ocrx_word' id='word_1_570' title='bbox 1506 4125 1601 4179; x_wconf 77' lang='grc' dir='ltr'>καὶ</span> <span class='ocrx_word' id='word_1_571' title='bbox 1655 4124 1724 4177; x_wconf 88' lang='grc' dir='ltr'><strong>τά</strong></span> <span class='ocrx_word' id='word_1_572' title='bbox 1765 4122 1934 4176; x_wconf 66' lang='grc' dir='ltr'>εχει.</span> 
     </span>
    </p>
   </div>
   <div class='ocr_carea' id='block_1_79' title="bbox 2110 4119 3618 4188">
    <p class='ocr_par' dir='ltr' id='par_1_79' title="bbox 2110 4119 3618 4188">
     <span class='ocr_line' id='line_1_79' title="bbox 2110 4119 3618 4188; baseline -0.007 -9"><span class='ocrx_word' id='word_1_573' title='bbox 2110 4121 2411 4179; x_wconf 82' lang='lat' dir='ltr'><strong>Venientes</strong></span> <span class='ocrx_word' id='word_1_574' title='bbox 2454 4137 2604 4177; x_wconf 91' lang='lat' dir='ltr'><strong>nunc</strong></span> <span class='ocrx_word' id='word_1_575' title='bbox 2637 4123 2925 4176; x_wconf 82' lang='lat' dir='ltr'><strong>Romanos</strong></span> <span class='ocrx_word' id='word_1_576' title='bbox 2966 4119 3091 4174; x_wconf 91' lang='lat' dir='ltr'><strong>dico</strong></span> <span class='ocrx_word' id='word_1_577' title='bbox 3125 4132 3430 4188; x_wconf 89' lang='lat' dir='ltr'><strong>eorumque</strong></span> <span class='ocrx_word' id='word_1_578' title='bbox 3463 4130 3618 4171; x_wconf 86' lang='lat' dir='ltr'><strong>arma</strong></span> 
     </span>
    </p>
   </div>
   <div class='ocr_carea' id='block_1_80' title="bbox 342 4208 1926 4303">
    <p class='ocr_par' dir='ltr' id='par_1_80' title="bbox 342 4215 1926 4303">
     <span class='ocr_line' id='line_1_80' title="bbox 342 4215 1926 4303; baseline -0.009 -23"><span class='ocrx_word' id='word_1_579' title='bbox 342 4243 450 4281; x_wconf 88' lang='grc' dir='ltr'><strong>νων</strong></span> <span class='ocrx_word' id='word_1_580' title='bbox 476 4227 636 4290; x_wconf 81' lang='grc' dir='ltr'>ὅπλα,</span> <span class='ocrx_word' id='word_1_581' title='bbox 663 4225 755 4278; x_wconf 81' lang='grc' dir='ltr'>καὶ</span> <span class='ocrx_word' id='word_1_582' title='bbox 779 4223 880 4292; x_wconf 80' lang='grc' dir='ltr'><strong>τὴν</strong></span> <span class='ocrx_word' id='word_1_583' title='bbox 905 4220 1130 4290; x_wconf 80' lang='grc' dir='ltr'>ἀνδρίαν</span> <span class='ocrx_word' id='word_1_584' title='bbox 1155 4235 1170 4250; x_wconf 76' lang='grc' dir='ltr'>ο</span> <span class='ocrx_word' id='word_1_585' title='bbox 1200 4219 1228 4271; x_wconf 85' lang='grc' dir='ltr'><strong>ὃ</strong></span> <span class='ocrx_word' id='word_1_586' title='bbox 1287 4219 1385 4303; x_wconf 57' lang='grc' dir='ltr'><strong>καί</strong></span> <span class='ocrx_word' id='word_1_587' title='bbox 1420 4215 1690 4285; x_wconf 79' lang='grc' dir='ltr'>θαυμάζω</span> <span class='ocrx_word' id='word_1_588' title='bbox 1735 4216 1781 4266; x_wconf 84' lang='grc' dir='ltr'><strong>εί</strong></span> <span class='ocrx_word' id='word_1_589' title='bbox 1835 4215 1926 4267; x_wconf 74' lang='grc' dir='ltr'>καὶ</span> 
     </span>
    </p>
   </div>
   <div class='ocr_carea' id='block_1_81' title="bbox 2032 4208 3624 4303">
    <p class='ocr_par' dir='ltr' id='par_1_81' title="bbox 2037 4208 3624 4282">
     <span class='ocr_line' id='line_1_81' title="bbox 2037 4208 3624 4282; baseline -0.003 -15"><span class='ocrx_word' id='word_1_590' title='bbox 2037 4228 2104 4268; x_wconf 88' lang='lat' dir='ltr'><strong>ac</strong></span> <span class='ocrx_word' id='word_1_591' title='bbox 2130 4212 2548 4269; x_wconf 80' lang='lat' dir='ltr'><strong>fortitudinem:</strong></span> <span class='ocrx_word' id='word_1_592' title='bbox 2576 4227 2640 4267; x_wconf 89' lang='lat' dir='ltr'><strong>ac</strong></span> <span class='ocrx_word' id='word_1_593' title='bbox 2667 4214 2890 4277; x_wconf 91' lang='lat' dir='ltr'><strong>mirum,</strong></span> <span class='ocrx_word' id='word_1_594' title='bbox 2919 4213 2976 4267; x_wconf 91' lang='lat' dir='ltr'><strong>ui</strong></span> <span class='ocrx_word' id='word_1_595' title='bbox 3005 4213 3182 4282; x_wconf 90' lang='lat' dir='ltr'><strong>ipsum</strong></span> <span class='ocrx_word' id='word_1_596' title='bbox 3213 4224 3435 4273; x_wconf 89' lang='lat' dir='ltr'><strong>nomen,</strong></span> <span class='ocrx_word' id='word_1_597' title='bbox 3469 4208 3624 4262; x_wconf 86' lang='lat' dir='ltr'><strong>viros-</strong></span> 
     </span>
    </p>
   </div>
   <div class='ocr_carea' id='block_1_82' title="bbox 341 4303 1926 4387">
    <p class='ocr_par' dir='ltr' id='par_1_82' title="bbox 341 4303 1926 4387">
     <span class='ocr_line' id='line_1_82' title="bbox 341 4303 1926 4387; baseline -0.011 -14"><span class='ocrx_word' id='word_1_598' title='bbox 341 4317 585 4387; x_wconf 60' lang='grc' dir='ltr'>τοῦνομα</span> <span class='ocrx_word' id='word_1_599' title='bbox 634 4315 765 4385; x_wconf 89' lang='grc' dir='ltr'>γοῦν</span> <span class='ocrx_word' id='word_1_600' title='bbox 829 4314 926 4384; x_wconf 84' lang='grc' dir='ltr'><strong>οὐχ</strong></span> <span class='ocrx_word' id='word_1_601' title='bbox 961 4312 1176 4372; x_wconf 55' lang='grc' dir='ltr'>,ἱκανὸν</span> <span class='ocrx_word' id='word_1_602' title='bbox 1231 4310 1361 4380; x_wconf 79' lang='grc' dir='ltr'>ὑμῖν</span> <span class='ocrx_word' id='word_1_603' title='bbox 1412 4307 1750 4361; x_wconf 85' lang='grc' dir='ltr'>διαλλάττειν</span> <span class='ocrx_word' id='word_1_604' title='bbox 1804 4303 1926 4366; x_wconf 83' lang='grc' dir='ltr'>τοὺς</span> 
     </span>
    </p>
   </div>
   <div class='ocr_carea' id='block_1_83' title="bbox 2032 4303 3627 4387">
    <p class='ocr_par' dir='ltr' id='par_1_83' title="bbox 2035 4303 3627 4374">
     <span class='ocr_line' id='line_1_83' title="bbox 2035 4303 3627 4374; baseline -0.004 -15"><span class='ocrx_word' id='word_1_605' title='bbox 2035 4305 2195 4360; x_wconf 87' lang='lat' dir='ltr'><strong>vobis</strong></span> <span class='ocrx_word' id='word_1_606' title='bbox 2226 4305 2504 4361; x_wconf 89' lang='lat' dir='ltr'><strong>conciliet.</strong></span> <span class='ocrx_word' id='word_1_607' title='bbox 2532 4307 2765 4361; x_wconf 87' lang='lat' dir='ltr'><strong>Pensate</strong></span> <span class='ocrx_word' id='word_1_608' title='bbox 2786 4320 2939 4374; x_wconf 73' lang='lat' dir='ltr'><strong>ergo,</strong></span> <span class='ocrx_word' id='word_1_609' title='bbox 2970 4320 3099 4359; x_wconf 91' lang='lat' dir='ltr'><strong>num</strong></span> <span class='ocrx_word' id='word_1_610' title='bbox 3120 4303 3251 4374; x_wconf 90' lang='lat' dir='ltr'><strong>quid</strong></span> <span class='ocrx_word' id='word_1_611' title='bbox 3276 4315 3470 4356; x_wconf 92' lang='lat' dir='ltr'><strong>eorum</strong></span> <span class='ocrx_word' id='word_1_612' title='bbox 3495 4315 3627 4370; x_wconf 53' lang='lat' dir='ltr'><strong>quae</strong></span> 
     </span>
    </p>
   </div>
   <div class='ocr_carea' id='block_1_84' title="bbox 344 4391 1926 4478">
    <p class='ocr_par' dir='ltr' id='par_1_84' title="bbox 344 4395 1926 4478">
     <span class='ocr_line' id='line_1_84' title="bbox 344 4395 1926 4478; baseline -0.013 -12"><span class='ocrx_word' id='word_1_613' title='bbox 344 4409 568 4478; x_wconf 76' lang='grc' dir='ltr'>ἄνδρας.</span> <span class='ocrx_word' id='word_1_614' title='bbox 600 4406 880 4478; x_wconf 78' lang='grc' dir='ltr'>Σκέψασθε</span> <span class='ocrx_word' id='word_1_615' title='bbox 904 4403 1106 4468; x_wconf 87' lang='grc' dir='ltr'>τοίνυν,</span> <span class='ocrx_word' id='word_1_616' title='bbox 1127 4403 1174 4453; x_wconf 89' lang='grc' dir='ltr'>εἰ</span> <span class='ocrx_word' id='word_1_617' title='bbox 1205 4401 1349 4463; x_wconf 89' lang='grc' dir='ltr'>τίνος</span> <span class='ocrx_word' id='word_1_618' title='bbox 1379 4398 1490 4452; x_wconf 91' lang='grc' dir='ltr'><strong>τῶν</strong></span> <span class='ocrx_word' id='word_1_619' title='bbox 1509 4395 1926 4467; x_wconf 80' lang='grc' dir='ltr'>προειρημένων</span> 
     </span>
    </p>
   </div>
   <div class='ocr_carea' id='block_1_85' title="bbox 2032 4391 3629 4478">
    <p class='ocr_par' dir='ltr' id='par_1_85' title="bbox 2037 4391 3629 4466">
     <span class='ocr_line' id='line_1_85' title="bbox 2037 4391 3629 4466; baseline -0.003 -16"><span class='ocrx_word' id='word_1_620' title='bbox 2037 4395 2417 4466; x_wconf 66' lang='lat' dir='ltr'><strong>praediximus,</strong></span> <span class='ocrx_word' id='word_1_621' title='bbox 2474 4397 2603 4451; x_wconf 87' lang='lat' dir='ltr'><strong>belli</strong></span> <span class='ocrx_word' id='word_1_622' title='bbox 2638 4397 2799 4450; x_wconf 89' lang='lat' dir='ltr'><strong>nobis</strong></span> <span class='ocrx_word' id='word_1_623' title='bbox 2832 4395 3000 4451; x_wconf 87' lang='lat' dir='ltr'><strong>sociis</strong></span> <span class='ocrx_word' id='word_1_624' title='bbox 3044 4395 3222 4458; x_wconf 89' lang='lat' dir='ltr'><strong>desit;</strong></span> <span class='ocrx_word' id='word_1_625' title='bbox 3267 4392 3402 4462; x_wconf 91' lang='lat' dir='ltr'><strong>quin</strong></span> <span class='ocrx_word' id='word_1_626' title='bbox 3437 4391 3629 4462; x_wconf 82' lang='lat' dir='ltr'><strong>potius</strong></span> 
     </span>
    </p>
   </div>
   <div class='ocr_carea' id='block_1_86' title="bbox 345 4483 1926 4569">
    <p class='ocr_par' dir='ltr' id='par_1_86' title="bbox 345 4483 1926 4569">
     <span class='ocr_line' id='line_1_86' title="bbox 345 4483 1926 4569; baseline -0.015 -10"><span class='ocrx_word' id='word_1_627' title='bbox 345 4505 488 4560; x_wconf 79' lang='grc' dir='ltr'>ἐνδεῖ</span> <span class='ocrx_word' id='word_1_628' title='bbox 514 4503 623 4564; x_wconf 87' lang='grc' dir='ltr'>τοῖς</span> <span class='ocrx_word' id='word_1_629' title='bbox 667 4497 977 4569; x_wconf 82' lang='grc' dir='ltr'>συμμάχοις</span> <span class='ocrx_word' id='word_1_630' title='bbox 1031 4495 1186 4563; x_wconf 82' lang='grc' dir='ltr'>ἡμῖν,</span> <span class='ocrx_word' id='word_1_631' title='bbox 1245 4490 1446 4561; x_wconf 79' lang='grc' dir='ltr'>μᾶλλον</span> <span class='ocrx_word' id='word_1_632' title='bbox 1473 4489 1518 4542; x_wconf 82' lang='grc' dir='ltr'>δ’</span> <span class='ocrx_word' id='word_1_633' title='bbox 1551 4489 1601 4540; x_wconf 86' lang='grc' dir='ltr'><strong>εί</strong></span> <span class='ocrx_word' id='word_1_634' title='bbox 1659 4487 1734 4557; x_wconf 77' lang='grc' dir='ltr'>μὴ</span> <span class='ocrx_word' id='word_1_635' title='bbox 1794 4483 1926 4553; x_wconf 80' lang='grc' dir='ltr'>πρὸς</span> 
     </span>
    </p>
   </div>
   <div class='ocr_carea' id='block_1_87' title="bbox 2032 4483 3620 4569">
    <p class='ocr_par' dir='ltr' id='par_1_87' title="bbox 2038 4483 3620 4558">
     <span class='ocr_line' id='line_1_87' title="bbox 2038 4483 3620 4558; baseline -0.003 -16"><span class='ocrx_word' id='word_1_636' title='bbox 2038 4504 2170 4542; x_wconf 94' lang='lat' dir='ltr'><strong>num</strong></span> <span class='ocrx_word' id='word_1_637' title='bbox 2205 4487 2423 4542; x_wconf 87' lang='lat' dir='ltr'><strong>abunde</strong></span> <span class='ocrx_word' id='word_1_638' title='bbox 2445 4489 2727 4554; x_wconf 90' lang='lat' dir='ltr'><strong>omnibus,</strong></span> <span class='ocrx_word' id='word_1_639' title='bbox 2761 4488 2961 4558; x_wconf 89' lang='lat' dir='ltr'><strong>quibus</strong></span> <span class='ocrx_word' id='word_1_640' title='bbox 2988 4485 3116 4556; x_wconf 90' lang='lat' dir='ltr'><strong>quis</strong></span> <span class='ocrx_word' id='word_1_641' title='bbox 3139 4483 3452 4545; x_wconf 88' lang='lat' dir='ltr'><strong>auxilietur,</strong></span> <span class='ocrx_word' id='word_1_642' title='bbox 3483 4497 3620 4552; x_wconf 71' lang='lat' dir='ltr'><strong>prae-</strong></span> 
     </span>
    </p>
   </div>
   <div class='ocr_carea' id='block_1_88' title="bbox 346 4569 1926 4664">
    <p class='ocr_par' dir='ltr' id='par_1_88' title="bbox 346 4577 1926 4664">
     <span class='ocr_line' id='line_1_88' title="bbox 346 4577 1926 4664; baseline -0.013 -13"><span class='ocrx_word' id='word_1_643' title='bbox 346 4597 527 4654; x_wconf 73' lang='grc' dir='ltr'>πάντα</span> <span class='ocrx_word' id='word_1_644' title='bbox 565 4593 705 4664; x_wconf 86' lang='grc' dir='ltr'>μετὰ</span> <span class='ocrx_word' id='word_1_645' title='bbox 738 4589 831 4644; x_wconf 88' lang='grc' dir='ltr'><strong>τοῦ</strong></span> <span class='ocrx_word' id='word_1_646' title='bbox 892 4585 1178 4659; x_wconf 87' lang='grc' dir='ltr'>περιόντος</span> <span class='ocrx_word' id='word_1_647' title='bbox 1231 4581 1516 4653; x_wconf 85' lang='grc' dir='ltr'>ἀρκοῦσιν.</span> <span class='ocrx_word' id='word_1_648' title='bbox 1547 4577 1759 4633; x_wconf 86' lang='grc' dir='ltr'>Οὐκοῦν</span> <span class='ocrx_word' id='word_1_649' title='bbox 1805 4577 1926 4631; x_wconf 80' lang='grc' dir='ltr'>ὅθεν</span> 
     </span>
    </p>
   </div>
   <div class='ocr_carea' id='block_1_89' title="bbox 2032 4569 3615 4664">
    <p class='ocr_par' dir='ltr' id='par_1_89' title="bbox 2038 4574 3615 4648">
     <span class='ocr_line' id='line_1_89' title="bbox 2038 4574 3615 4648; baseline -0.004 -17"><span class='ocrx_word' id='word_1_650' title='bbox 2038 4576 2141 4648; x_wconf 83' lang='lat' dir='ltr'><strong>diti</strong></span> <span class='ocrx_word' id='word_1_651' title='bbox 2185 4577 2317 4632; x_wconf 87' lang='lat' dir='ltr'><strong>sint.</strong></span> <span class='ocrx_word' id='word_1_652' title='bbox 2354 4577 2542 4646; x_wconf 78' lang='lat' dir='ltr'><strong>Itaque</strong></span> <span class='ocrx_word' id='word_1_653' title='bbox 2576 4575 2724 4631; x_wconf 90' lang='lat' dir='ltr'><strong>unde</strong></span> <span class='ocrx_word' id='word_1_654' title='bbox 2752 4576 2892 4646; x_wconf 61' lang='lat' dir='ltr'><strong>coepi</strong></span> <span class='ocrx_word' id='word_1_655' title='bbox 2914 4619 2928 4642; x_wconf 91' lang='lat'><strong>,</strong></span> <span class='ocrx_word' id='word_1_656' title='bbox 2959 4591 2989 4630; x_wconf 89' lang='lat' dir='ltr'><strong>a</strong></span> <span class='ocrx_word' id='word_1_657' title='bbox 3020 4574 3326 4640; x_wconf 90' lang='lat' dir='ltr'><strong>communi,</strong></span> <span class='ocrx_word' id='word_1_658' title='bbox 3366 4575 3615 4642; x_wconf 87' lang='lat' dir='ltr'><strong>inquam,</strong></span> 
     </span>
    </p>
   </div>
   <div class='ocr_carea' id='block_1_90' title="bbox 346 4669 1927 4762">
    <p class='ocr_par' dir='ltr' id='par_1_90' title="bbox 346 4669 1927 4762">
     <span class='ocr_line' id='line_1_90' title="bbox 346 4669 1927 4762; baseline -0.014 -17"><span class='ocrx_word' id='word_1_659' title='bbox 346 4690 627 4762; x_wconf 75' lang='grc' dir='ltr'>ἠρξάμην,</span> <span class='ocrx_word' id='word_1_660' title='bbox 654 4687 762 4740; x_wconf 85' lang='grc' dir='ltr'><strong>ἀπὸ</strong></span> <span class='ocrx_word' id='word_1_661' title='bbox 826 4678 921 4737; x_wconf 88' lang='grc' dir='ltr'><strong>τοῦ</strong></span> <span class='ocrx_word' id='word_1_662' title='bbox 981 4677 1162 4735; x_wconf 90' lang='grc' dir='ltr'>κοινοῦ</span> <span class='ocrx_word' id='word_1_663' title='bbox 1207 4676 1449 4747; x_wconf 83' lang='grc' dir='ltr'>δηλονότι</span> <span class='ocrx_word' id='word_1_664' title='bbox 1507 4669 1927 4762; x_wconf 82' lang='grc' dir='ltr'>προσρήματος,</span> 
     </span>
    </p>
   </div>
   <div class='ocr_carea' id='block_1_91' title="bbox 348 4761 1931 4852">
    <p class='ocr_par' dir='ltr' id='par_1_91' title="bbox 348 4761 1931 4852">
     <span class='ocr_line' id='line_1_91' title="bbox 348 4761 1931 4852; baseline -0.015 -16"><span class='ocrx_word' id='word_1_665' title='bbox 348 4761 652 4852; x_wconf 83' lang='grc' dir='ltr'>ποιήσομαι</span> <span class='ocrx_word' id='word_1_666' title='bbox 681 4778 782 4848; x_wconf 83' lang='grc' dir='ltr'><strong>τὴν</strong></span> <span class='ocrx_word' id='word_1_667' title='bbox 807 4774 1007 4846; x_wconf 86' lang='grc' dir='ltr'>ἀρχήν.</span> <span class='ocrx_word' id='word_1_668' title='bbox 1067 4770 1221 4832; x_wconf 85' lang='grc' dir='ltr'>Τίνες</span> <span class='ocrx_word' id='word_1_669' title='bbox 1278 4767 1572 4836; x_wconf 84' lang='grc' dir='ltr'>Ῥωμαίοις</span> <span class='ocrx_word' id='word_1_670' title='bbox 1638 4761 1931 4833; x_wconf 83' lang='grc' dir='ltr'>Ῥωμαίων</span> 
     </span>
    </p>
   </div>
   <div class='ocr_carea' id='block_1_92' title="bbox 347 4855 1932 4944">
    <p class='ocr_par' dir='ltr' id='par_1_92' title="bbox 347 4855 1932 4944">
     <span class='ocr_line' id='line_1_92' title="bbox 347 4855 1932 4944; baseline -0.015 -14"><span class='ocrx_word' id='word_1_671' title='bbox 347 4876 669 4944; x_wconf 79' lang='grc' dir='ltr'>οἰκειότεροι</span> <span class='ocrx_word' id='word_1_672' title='bbox 726 4869 1039 4938; x_wconf 81' lang='grc' dir='ltr'>σύμμαχοις</span> <span class='ocrx_word' id='word_1_673' title='bbox 1076 4864 1109 4935; x_wconf 81' lang='grc' dir='ltr'>ἢ</span> <span class='ocrx_word' id='word_1_674' title='bbox 1145 4863 1288 4922; x_wconf 73' lang='grc' dir='ltr'>τίνες</span> <span class='ocrx_word' id='word_1_675' title='bbox 1327 4857 1766 4926; x_wconf 78' lang='grc' dir='ltr'>ἀξιοπιστότεροι</span> <span class='ocrx_word' id='word_1_676' title='bbox 1823 4855 1932 4908; x_wconf 86' lang='grc' dir='ltr'><strong>τῶν</strong></span> 
     </span>
    </p>
   </div>
   <div class='ocr_carea' id='block_1_93' title="bbox 347 4946 1934 5038">
    <p class='ocr_par' dir='ltr' id='par_1_93' title="bbox 347 4946 1934 5038">
     <span class='ocr_line' id='line_1_93' title="bbox 347 4946 1934 5038; baseline -0.015 -17"><span class='ocrx_word' id='word_1_677' title='bbox 347 4967 450 5038; x_wconf 81' lang='grc' dir='ltr'><strong>τὴν</strong></span> <span class='ocrx_word' id='word_1_678' title='bbox 479 4964 650 5034; x_wconf 78' lang='grc' dir='ltr'>αὐτὴν</span> <span class='ocrx_word' id='word_1_679' title='bbox 677 4961 910 5033; x_wconf 76' lang='grc' dir='ltr'>ἐχόντων</span> <span class='ocrx_word' id='word_1_680' title='bbox 955 4954 1217 5024; x_wconf 80' lang='grc' dir='ltr'>πατρίδα;</span> <span class='ocrx_word' id='word_1_681' title='bbox 1259 4953 1325 5004; x_wconf 85' lang='grc' dir='ltr'><strong>Ἦ</strong></span> <span class='ocrx_word' id='word_1_682' title='bbox 1364 4951 1470 5020; x_wconf 83' lang='grc' dir='ltr'>γὰρ</span> <span class='ocrx_word' id='word_1_683' title='bbox 1523 4949 1747 5003; x_wconf 81' lang='grc' dir='ltr'>ἐκείνων</span> <span class='ocrx_word' id='word_1_684' title='bbox 1780 4946 1934 5009; x_wconf 84' lang='grc' dir='ltr'>πόλις</span> 
     </span>
    </p>
   </div>
   <div class='ocr_carea' id='block_1_94' title="bbox 351 5038 1936 5129">
    <p class='ocr_par' dir='ltr' id='par_1_94' title="bbox 351 5038 1936 5129">
     <span class='ocr_line' id='line_1_94' title="bbox 351 5038 1936 5129; baseline -0.016 -16"><span class='ocrx_word' id='word_1_685' title='bbox 351 5059 454 5129; x_wconf 80' lang='grc' dir='ltr'>τῆς</span> <span class='ocrx_word' id='word_1_686' title='bbox 478 5055 754 5129; x_wconf 82' lang='grc' dir='ltr'>ἡμετέρας</span> <span class='ocrx_word' id='word_1_687' title='bbox 780 5049 1113 5124; x_wconf 87' lang='grc' dir='ltr'>μητρόπολις</span> <span class='ocrx_word' id='word_1_688' title='bbox 1145 5048 1338 5116; x_wconf 83' lang='grc' dir='ltr'>γέγονε</span> <span class='ocrx_word' id='word_1_689' title='bbox 1361 5060 1378 5078; x_wconf 78' lang='grc' dir='ltr'><strong>ο</strong></span> <span class='ocrx_word' id='word_1_690' title='bbox 1410 5043 1506 5097; x_wconf 68' lang='grc' dir='ltr'><strong>καὶ</strong></span> <span class='ocrx_word' id='word_1_691' title='bbox 1541 5044 1654 5102; x_wconf 89' lang='grc' dir='ltr'>τοῖς</span> <span class='ocrx_word' id='word_1_692' title='bbox 1684 5038 1936 5100; x_wconf 84' lang='grc' dir='ltr'>ἀποίκοις</span> 
     </span>
    </p>
   </div>
   <div class='ocr_carea' id='block_1_95' title="bbox 352 5133 1935 5222">
    <p class='ocr_par' dir='ltr' id='par_1_95' title="bbox 352 5133 1935 5222">
     <span class='ocr_line' id='line_1_95' title="bbox 352 5133 1935 5222; baseline -0.017 -14"><span class='ocrx_word' id='word_1_693' title='bbox 352 5151 736 5222; x_wconf 83' lang='grc' dir='ltr'>κοινωνήσασα</span> <span class='ocrx_word' id='word_1_694' title='bbox 763 5145 859 5214; x_wconf 83' lang='grc' dir='ltr'>τῆς</span> <span class='ocrx_word' id='word_1_695' title='bbox 886 5139 1224 5210; x_wconf 70' lang='grc' dir='ltr'>ἐπωνυμίας,</span> <span class='ocrx_word' id='word_1_696' title='bbox 1257 5135 1440 5203; x_wconf 80' lang='grc' dir='ltr'>ἐκείνη</span> <span class='ocrx_word' id='word_1_697' title='bbox 1485 5133 1582 5204; x_wconf 84' lang='grc' dir='ltr'><strong>μὲν</strong></span> <span class='ocrx_word' id='word_1_698' title='bbox 1629 5133 1816 5202; x_wconf 83' lang='grc' dir='ltr'>ὥσπερ</span> <span class='ocrx_word' id='word_1_699' title='bbox 1851 5145 1935 5192; x_wconf 88' lang='grc' dir='ltr'><strong>τις</strong></span> 
     </span>
    </p>
   </div>
   <div class='ocr_carea' id='block_1_96' title="bbox 354 5223 1936 5316">
    <p class='ocr_par' dir='ltr' id='par_1_96' title="bbox 354 5223 1936 5316">
     <span class='ocr_line' id='line_1_96' title="bbox 354 5223 1936 5316; baseline -0.016 -17"><span class='ocrx_word' id='word_1_700' title='bbox 354 5244 620 5316; x_wconf 85' lang='grc' dir='ltr'>πρόϐολος</span> <span class='ocrx_word' id='word_1_701' title='bbox 679 5240 894 5311; x_wconf 76' lang='grc' dir='ltr'>ἔμεινεν</span> <span class='ocrx_word' id='word_1_702' title='bbox 920 5236 1013 5289; x_wconf 78' lang='grc' dir='ltr'>ἐπὶ</span> <span class='ocrx_word' id='word_1_703' title='bbox 1067 5231 1167 5300; x_wconf 78' lang='grc' dir='ltr'><strong>τῆς</strong></span> <span class='ocrx_word' id='word_1_704' title='bbox 1226 5230 1503 5298; x_wconf 77' lang='grc' dir='ltr'>ἑσπέρας·</span> <span class='ocrx_word' id='word_1_705' title='bbox 1539 5226 1685 5294; x_wconf 83' lang='grc' dir='ltr'>ἡμᾶς</span> <span class='ocrx_word' id='word_1_706' title='bbox 1728 5223 1785 5276; x_wconf 84' lang='grc' dir='ltr'>δὲ</span> <span class='ocrx_word' id='word_1_707' title='bbox 1835 5223 1936 5291; x_wconf 78' lang='grc' dir='ltr'>τῆς</span> 
     </span>
    </p>
   </div>
   <div class='ocr_carea' id='block_1_97' title="bbox 368 5317 1938 5405">
    <p class='ocr_par' dir='ltr' id='par_1_97' title="bbox 368 5317 1938 5405">
     <span class='ocr_line' id='line_1_97' title="bbox 368 5317 1938 5405; baseline -0.017 -11"><span class='ocrx_word' id='word_1_708' title='bbox 368 5338 554 5400; x_wconf 78' lang='grc' dir='ltr'>Ἀσίας</span> <span class='ocrx_word' id='word_1_709' title='bbox 588 5332 962 5405; x_wconf 75' lang='grc' dir='ltr'>ἡγησομένους</span> <span class='ocrx_word' id='word_1_710' title='bbox 988 5323 1296 5394; x_wconf 65' lang='grc' dir='ltr'>ἐξέπεμψεν</span> <span class='ocrx_word' id='word_1_711' title='bbox 1317 5339 1331 5353; x_wconf 76' lang='grc' dir='ltr'>ο</span> <span class='ocrx_word' id='word_1_712' title='bbox 1355 5317 1487 5374; x_wconf 84' lang='grc' dir='ltr'>ὥσθ’</span> <span class='ocrx_word' id='word_1_713' title='bbox 1514 5320 1608 5373; x_wconf 71' lang='grc' dir='ltr'>ἕνα</span> <span class='ocrx_word' id='word_1_714' title='bbox 1642 5317 1740 5387; x_wconf 83' lang='grc' dir='ltr'>μὲν</span> <span class='ocrx_word' id='word_1_715' title='bbox 1766 5317 1938 5386; x_wconf 80' lang='grc' dir='ltr'>δῆμον</span> 
     </span>
    </p>
   </div>
   <div class='ocr_carea' id='block_1_98' title="bbox 357 5407 1936 5500">
    <p class='ocr_par' dir='ltr' id='par_1_98' title="bbox 357 5407 1936 5500">
     <span class='ocr_line' id='line_1_98' title="bbox 357 5407 1936 5500; baseline -0.013 -22"><span class='ocrx_word' id='word_1_716' title='bbox 357 5428 508 5500; x_wconf 75' lang='grc' dir='ltr'>ἡμᾶς</span> <span class='ocrx_word' id='word_1_717' title='bbox 541 5443 600 5478; x_wconf 89' lang='grc' dir='ltr'><strong>τε</strong></span> <span class='ocrx_word' id='word_1_718' title='bbox 631 5423 920 5483; x_wconf 83' lang='grc' dir='ltr'>κάκείνους</span> <span class='ocrx_word' id='word_1_719' title='bbox 947 5417 1144 5478; x_wconf 86' lang='grc' dir='ltr'>δοκεῖν,</span> <span class='ocrx_word' id='word_1_720' title='bbox 1181 5411 1309 5484; x_wconf 89' lang='grc' dir='ltr'>μίαν</span> <span class='ocrx_word' id='word_1_721' title='bbox 1333 5411 1390 5464; x_wconf 77' lang='grc' dir='ltr'>δὲ</span> <span class='ocrx_word' id='word_1_722' title='bbox 1414 5409 1567 5463; x_wconf 85' lang='grc' dir='ltr'>πόλιν</span> <span class='ocrx_word' id='word_1_723' title='bbox 1598 5407 1936 5478; x_wconf 81' lang='grc' dir='ltr'>ἀμφοτέρας,</span> 
     </span>
    </p>
   </div>
   <div class='ocr_carea' id='block_1_99' title="bbox 359 5497 1934 5580">
    <p class='ocr_par' dir='ltr' id='par_1_99' title="bbox 359 5497 1934 5580">
     <span class='ocr_line' id='line_1_99' title="bbox 359 5497 1934 5580; baseline -0.015 -9"><span class='ocrx_word' id='word_1_724' title='bbox 359 5497 419 5572; x_wconf 76' lang='grc' dir='ltr'>ὲν</span> <span class='ocrx_word' id='word_1_725' title='bbox 455 5515 684 5570; x_wconf 82' lang='grc' dir='ltr'>ἀποίκου</span> <span class='ocrx_word' id='word_1_726' title='bbox 708 5512 802 5566; x_wconf 58' lang='grc' dir='ltr'><strong>καὶ⁵</strong></span> <span class='ocrx_word' id='word_1_727' title='bbox 834 5505 1220 5580; x_wconf 85' lang='grc' dir='ltr'>μητροπόλεως</span> <span class='ocrx_word' id='word_1_728' title='bbox 1261 5500 1502 5569; x_wconf 84' lang='grc' dir='ltr'>σχήματι</span> <span class='ocrx_word' id='word_1_729' title='bbox 1559 5497 1899 5563; x_wconf 82' lang='grc' dir='ltr'>τεταγμένας</span> <span class='ocrx_word' id='word_1_730' title='bbox 1921 5512 1934 5527; x_wconf 73' lang='grc' dir='ltr'><strong>ο</strong></span> 
     </span>
    </p>
   </div>
   <div class='ocr_carea' id='block_1_100' title="bbox 314 5583 1941 5678">
    <p class='ocr_par' dir='ltr' id='par_1_100' title="bbox 314 5583 1941 5678">
     <span class='ocr_line' id='line_1_100' title="bbox 314 5583 1941 5678; baseline -0.015 -18"><span class='ocrx_word' id='word_1_731' title='bbox 314 5591 316 5594; x_wconf 32' lang='grc'><em>’</em></span> <span class='ocrx_word' id='word_1_732' title='bbox 363 5605 534 5678; x_wconf 81' lang='grc' dir='ltr'>μηδὲν</span> <span class='ocrx_word' id='word_1_733' title='bbox 599 5601 657 5656; x_wconf 80' lang='grc' dir='ltr'>δὲ</span> <span class='ocrx_word' id='word_1_734' title='bbox 716 5598 936 5654; x_wconf 74' lang='grc' dir='ltr'>εἶναιτὸ</span> <span class='ocrx_word' id='word_1_735' title='bbox 986 5590 1248 5663; x_wconf 87' lang='grc' dir='ltr'>διαιροῦν,</span> <span class='ocrx_word' id='word_1_736' title='bbox 1310 5587 1448 5658; x_wconf 83' lang='grc' dir='ltr'>πλὴν</span> <span class='ocrx_word' id='word_1_737' title='bbox 1497 5585 1621 5678; x_wconf 74' lang='grc' dir='ltr'>ϐσον</span> <span class='ocrx_word' id='word_1_738' title='bbox 1678 5583 1776 5655; x_wconf 82' lang='grc' dir='ltr'><strong>τὴν</strong></span> <span class='ocrx_word' id='word_1_739' title='bbox 1842 5585 1941 5653; x_wconf 84' lang='grc' dir='ltr'>μὲν</span> 
     </span>
    </p>
   </div>
   <div class='ocr_carea' id='block_1_101' title="bbox 374 5675 1941 5766">
    <p class='ocr_par' dir='ltr' id='par_1_101' title="bbox 374 5675 1941 5766">
     <span class='ocr_line' id='line_1_101' title="bbox 374 5675 1941 5766; baseline -0.016 -13"><span class='ocrx_word' id='word_1_740' title='bbox 374 5675 655 5766; x_wconf 77' lang='grc' dir='ltr'>Ῥωμύλος</span> <span class='ocrx_word' id='word_1_741' title='bbox 683 5692 938 5763; x_wconf 77' lang='grc' dir='ltr'>ἱδρύσατο</span> <span class='ocrx_word' id='word_1_742' title='bbox 961 5706 976 5721; x_wconf 78' lang='grc' dir='ltr'><strong>ο</strong></span> <span class='ocrx_word' id='word_1_743' title='bbox 1006 5685 1108 5756; x_wconf 82' lang='grc' dir='ltr'>τὴν</span> <span class='ocrx_word' id='word_1_744' title='bbox 1129 5684 1173 5737; x_wconf 86' lang='grc' dir='ltr'>δ’</span> <span class='ocrx_word' id='word_1_745' title='bbox 1195 5685 1223 5736; x_wconf 86' lang='grc' dir='ltr'>ὁ</span> <span class='ocrx_word' id='word_1_746' title='bbox 1272 5681 1370 5750; x_wconf 83' lang='grc' dir='ltr'>τὴν</span> <span class='ocrx_word' id='word_1_747' title='bbox 1405 5677 1615 5731; x_wconf 75' lang='grc' dir='ltr'>ἐκείνου</span> <span class='ocrx_word' id='word_1_748' title='bbox 1665 5675 1941 5745; x_wconf 83' lang='grc' dir='ltr'>βασιλείαν</span> 
     </span>
    </p>
   </div>
   <div class='ocr_carea' id='block_1_102' title="bbox 363 5767 1942 5857">
    <p class='ocr_par' dir='ltr' id='par_1_102' title="bbox 363 5767 1942 5857">
     <span class='ocr_line' id='line_1_102' title="bbox 363 5767 1942 5857; baseline -0.013 -14"><span class='ocrx_word' id='word_1_749' title='bbox 363 5787 748 5857; x_wconf 84' lang='grc' dir='ltr'>διαδεξάμενος</span> <span class='ocrx_word' id='word_1_750' title='bbox 779 5781 947 5853; x_wconf 72' lang='grc' dir='ltr'>ἔπηξε</span> <span class='ocrx_word' id='word_1_751' title='bbox 978 5775 1410 5834; x_wconf 85' lang='grc' dir='ltr'>Κωνσταντῖνος.</span> <span class='ocrx_word' id='word_1_752' title='bbox 1448 5769 1610 5822; x_wconf 83' lang='grc' dir='ltr'>Ἀλλὰ</span> <span class='ocrx_word' id='word_1_753' title='bbox 1644 5768 1753 5838; x_wconf 84' lang='grc' dir='ltr'><strong>μὴν</strong></span> <span class='ocrx_word' id='word_1_754' title='bbox 1783 5767 1942 5822; x_wconf 81' lang='grc' dir='ltr'>αὐτόν</span> 
     </span>
    </p>
   </div>
   <div class='ocr_carea' id='block_1_103' title="bbox 331 5860 1938 5945">
    <p class='ocr_par' dir='ltr' id='par_1_103' title="bbox 331 5860 1938 5945">
     <span class='ocr_line' id='line_1_103' title="bbox 331 5860 1938 5945; baseline -0.016 -7"><span class='ocrx_word' id='word_1_755' title='bbox 331 5860 425 5937; x_wconf 68' lang='grc' dir='ltr'><strong>⁵τε</strong></span> <span class='ocrx_word' id='word_1_756' title='bbox 453 5881 882 5945; x_wconf 67' lang='grc' dir='ltr'>Κωνσταντῖνον,</span> <span class='ocrx_word' id='word_1_757' title='bbox 921 5873 981 5932; x_wconf 75' lang='grc' dir='ltr'>οῦ</span> <span class='ocrx_word' id='word_1_758' title='bbox 1045 5873 1218 5929; x_wconf 78' lang='grc' dir='ltr'>πάντα</span> <span class='ocrx_word' id='word_1_759' title='bbox 1263 5868 1332 5922; x_wconf 80' lang='grc' dir='ltr'>τὰ</span> <span class='ocrx_word' id='word_1_760' title='bbox 1386 5865 1628 5936; x_wconf 80' lang='grc' dir='ltr'>ἡμέτερα</span> <span class='ocrx_word' id='word_1_761' title='bbox 1685 5863 1938 5934; x_wconf 72' lang='grc' dir='ltr'>ἢρτηται,</span> 
     </span>
    </p>
   </div>
   <div class='ocr_carea' id='block_1_104' title="bbox 2040 4665 3628 4738">
    <p class='ocr_par' dir='ltr' id='par_1_104' title="bbox 2040 4665 3628 4738">
     <span class='ocr_line' id='line_1_104' title="bbox 2040 4665 3628 4738; baseline -0.003 -15"><span class='ocrx_word' id='word_1_762' title='bbox 2040 4669 2430 4738; x_wconf 85' lang='lat' dir='ltr'><strong>appellatione,</strong></span> <span class='ocrx_word' id='word_1_763' title='bbox 2459 4668 2589 4723; x_wconf 88' lang='lat' dir='ltr'><strong>inde</strong></span> <span class='ocrx_word' id='word_1_764' title='bbox 2619 4669 2814 4722; x_wconf 83' lang='lat' dir='ltr'><strong>ducam</strong></span> <span class='ocrx_word' id='word_1_765' title='bbox 2843 4667 3151 4722; x_wconf 84' lang='lat' dir='ltr'><strong>exordium.</strong></span> <span class='ocrx_word' id='word_1_766' title='bbox 3199 4665 3476 4732; x_wconf 85' lang='lat' dir='ltr'><strong>Quosnam</strong></span> <span class='ocrx_word' id='word_1_767' title='bbox 3509 4665 3628 4719; x_wconf 74' lang='lat' dir='ltr'><strong>Ro—</strong></span> 
     </span>
    </p>
   </div>
   <div class='ocr_carea' id='block_1_105' title="bbox 2041 4757 3628 4829">
    <p class='ocr_par' dir='ltr' id='par_1_105' title="bbox 2041 4757 3628 4829">
     <span class='ocr_line' id='line_1_105' title="bbox 2041 4757 3628 4829; baseline -0.002 -15"><span class='ocrx_word' id='word_1_768' title='bbox 2041 4761 2190 4814; x_wconf 88' lang='lat' dir='ltr'><strong>mani</strong></span> <span class='ocrx_word' id='word_1_769' title='bbox 2241 4760 2506 4815; x_wconf 82' lang='lat' dir='ltr'><strong>Romanis</strong></span> <span class='ocrx_word' id='word_1_770' title='bbox 2541 4759 2714 4829; x_wconf 75' lang='lat' dir='ltr'><strong>magis</strong></span> <span class='ocrx_word' id='word_1_771' title='bbox 2739 4757 3086 4814; x_wconf 86' lang='lat' dir='ltr'><strong>necessarios</strong></span> <span class='ocrx_word' id='word_1_772' title='bbox 3135 4758 3316 4813; x_wconf 88' lang='lat' dir='ltr'><strong>socios</strong></span> <span class='ocrx_word' id='word_1_773' title='bbox 3348 4757 3628 4812; x_wconf 74' lang='lat' dir='ltr'><strong>habeant?</strong></span> 
     </span>
    </p>
   </div>
   <div class='ocr_carea' id='block_1_106' title="bbox 2035 4849 3629 4931">
    <p class='ocr_par' dir='ltr' id='par_1_106' title="bbox 2035 4849 3629 4931">
     <span class='ocr_line' id='line_1_106' title="bbox 2035 4849 3629 4931; baseline -0.003 -24"><span class='ocrx_word' id='word_1_774' title='bbox 2035 4852 2324 4918; x_wconf 76' lang='lat' dir='ltr'><strong>Quosnam</strong></span> <span class='ocrx_word' id='word_1_775' title='bbox 2378 4867 2514 4906; x_wconf 89' lang='lat' dir='ltr'><strong>vero</strong></span> <span class='ocrx_word' id='word_1_776' title='bbox 2554 4851 2622 4905; x_wconf 86' lang='lat' dir='ltr'><strong>ad</strong></span> <span class='ocrx_word' id='word_1_777' title='bbox 2649 4849 2812 4904; x_wconf 77' lang='lat' dir='ltr'><strong>[idem</strong></span> <span class='ocrx_word' id='word_1_778' title='bbox 2847 4850 3301 4931; x_wconf 69' lang='lat' dir='ltr'><strong>comparatiores,</strong></span> <span class='ocrx_word' id='word_1_779' title='bbox 3325 4864 3491 4907; x_wconf 83' lang='lat' dir='ltr'><strong>uuam</strong></span> <span class='ocrx_word' id='word_1_780' title='bbox 3524 4849 3629 4918; x_wconf 13' lang='lat' dir='ltr'><strong>quia</strong></span> 
     </span>
    </p>
   </div>
   <div class='ocr_carea' id='block_1_107' title="bbox 2043 4941 3620 5014">
    <p class='ocr_par' dir='ltr' id='par_1_107' title="bbox 2043 4941 3620 5014">
     <span class='ocr_line' id='line_1_107' title="bbox 2043 4941 3620 5014; baseline -0.004 -14"><span class='ocrx_word' id='word_1_781' title='bbox 2043 4947 2250 5002; x_wconf 81' lang='lat' dir='ltr'><strong>habent</strong></span> <span class='ocrx_word' id='word_1_782' title='bbox 2279 4944 2530 5000; x_wconf 88' lang='lat' dir='ltr'><strong>eamdem</strong></span> <span class='ocrx_word' id='word_1_783' title='bbox 2575 4943 2846 5014; x_wconf 77' lang='lat' dir='ltr'><strong>patriam?</strong></span> <span class='ocrx_word' id='word_1_784' title='bbox 2883 4941 3084 4996; x_wconf 84' lang='lat' dir='ltr'><strong>Eorum</strong></span> <span class='ocrx_word' id='word_1_785' title='bbox 3116 4955 3356 5010; x_wconf 86' lang='lat' dir='ltr'><strong>namque</strong></span> <span class='ocrx_word' id='word_1_786' title='bbox 3404 4942 3620 5007; x_wconf 74' lang='lat' dir='ltr'><strong>civitas,</strong></span> 
     </span>
    </p>
   </div>
   <div class='ocr_carea' id='block_1_108' title="bbox 2044 5033 3633 5105">
    <p class='ocr_par' dir='ltr' id='par_1_108' title="bbox 2044 5033 3633 5105">
     <span class='ocr_line' id='line_1_108' title="bbox 2044 5033 3633 5105; baseline -0.003 -14"><span class='ocrx_word' id='word_1_787' title='bbox 2044 5047 2248 5093; x_wconf 85' lang='lat' dir='ltr'><strong>nostrae</strong></span> <span class='ocrx_word' id='word_1_788' title='bbox 2278 5035 2600 5105; x_wconf 82' lang='lat' dir='ltr'><strong>metropolis</strong></span> <span class='ocrx_word' id='word_1_789' title='bbox 2629 5044 2752 5099; x_wconf 92' lang='lat' dir='ltr'><strong>est;</strong></span> <span class='ocrx_word' id='word_1_790' title='bbox 2787 5049 3024 5103; x_wconf 90' lang='lat' dir='ltr'><strong>cumque</strong></span> <span class='ocrx_word' id='word_1_791' title='bbox 3063 5033 3295 5087; x_wconf 75' lang='lat' dir='ltr'><strong>colouize</strong></span> <span class='ocrx_word' id='word_1_792' title='bbox 3329 5048 3633 5087; x_wconf 89' lang='lat' dir='ltr'><strong>commune-</strong></span> 
     </span>
    </p>
   </div>
   <div class='ocr_carea' id='block_1_109' title="bbox 2043 5125 3629 5200">
    <p class='ocr_par' dir='ltr' id='par_1_109' title="bbox 2043 5125 3629 5200">
     <span class='ocr_line' id='line_1_109' title="bbox 2043 5125 3629 5200; baseline -0.004 -15"><span class='ocrx_word' id='word_1_793' title='bbox 2043 5129 2381 5200; x_wconf 84' lang='lat' dir='ltr'><strong>impertisset</strong></span> <span class='ocrx_word' id='word_1_794' title='bbox 2419 5143 2647 5194; x_wconf 88' lang='lat' dir='ltr'><strong>nomen,</strong></span> <span class='ocrx_word' id='word_1_795' title='bbox 2695 5128 2818 5198; x_wconf 73' lang='lat' dir='ltr'><strong>ipsa</strong></span> <span class='ocrx_word' id='word_1_796' title='bbox 2854 5126 3078 5196; x_wconf 89' lang='lat' dir='ltr'><strong>quidem</strong></span> <span class='ocrx_word' id='word_1_797' title='bbox 3130 5125 3282 5182; x_wconf 87' lang='lat' dir='ltr'><strong>velut</strong></span> <span class='ocrx_word' id='word_1_798' title='bbox 3313 5141 3629 5196; x_wconf 80' lang='lat' dir='ltr'><strong>propugna-</strong></span> 
     </span>
    </p>
   </div>
   <div class='ocr_carea' id='block_1_110' title="bbox 2045 5216 3630 5287">
    <p class='ocr_par' dir='ltr' id='par_1_110' title="bbox 2045 5216 3630 5287">
     <span class='ocr_line' id='line_1_110' title="bbox 2045 5216 3630 5287; baseline -0.004 -9"><span class='ocrx_word' id='word_1_799' title='bbox 2045 5223 2232 5278; x_wconf 91' lang='lat' dir='ltr'><strong>culum</strong></span> <span class='ocrx_word' id='word_1_800' title='bbox 2250 5222 2305 5275; x_wconf 90' lang='lat' dir='ltr'><strong>in</strong></span> <span class='ocrx_word' id='word_1_801' title='bbox 2328 5220 2626 5276; x_wconf 88' lang='lat' dir='ltr'><strong>Occidente</strong></span> <span class='ocrx_word' id='word_1_802' title='bbox 2649 5220 2888 5284; x_wconf 87' lang='lat' dir='ltr'><strong>mansit;</strong></span> <span class='ocrx_word' id='word_1_803' title='bbox 2911 5233 3015 5272; x_wconf 89' lang='lat' dir='ltr'><strong>nos</strong></span> <span class='ocrx_word' id='word_1_804' title='bbox 3031 5232 3186 5281; x_wconf 85' lang='lat' dir='ltr'><strong>vero,</strong></span> <span class='ocrx_word' id='word_1_805' title='bbox 3209 5217 3303 5287; x_wconf 90' lang='lat' dir='ltr'><strong>qui</strong></span> <span class='ocrx_word' id='word_1_806' title='bbox 3328 5216 3471 5271; x_wconf 69' lang='lat' dir='ltr'><strong>Asiae</strong></span> <span class='ocrx_word' id='word_1_807' title='bbox 3485 5231 3630 5284; x_wconf 69' lang='lat' dir='ltr'><strong>prte-</strong></span> 
     </span>
    </p>
   </div>
   <div class='ocr_carea' id='block_1_111' title="bbox 2045 5306 3623 5376">
    <p class='ocr_par' dir='ltr' id='par_1_111' title="bbox 2045 5306 3623 5376">
     <span class='ocr_line' id='line_1_111' title="bbox 2045 5306 3623 5376; baseline -0.003 -11"><span class='ocrx_word' id='word_1_808' title='bbox 2045 5323 2314 5376; x_wconf 77' lang='lat' dir='ltr'><strong>essenius,</strong></span> <span class='ocrx_word' id='word_1_809' title='bbox 2363 5308 2567 5373; x_wconf 90' lang='lat' dir='ltr'><strong>emisit,</strong></span> <span class='ocrx_word' id='word_1_810' title='bbox 2599 5317 2662 5361; x_wconf 93' lang='lat' dir='ltr'><strong>ut</strong></span> <span class='ocrx_word' id='word_1_811' title='bbox 2691 5307 2849 5376; x_wconf 89' lang='lat' dir='ltr'><strong>plane</strong></span> <span class='ocrx_word' id='word_1_812' title='bbox 2896 5307 3139 5376; x_wconf 83' lang='lat' dir='ltr'><strong>utrique,</strong></span> <span class='ocrx_word' id='word_1_813' title='bbox 3186 5321 3330 5360; x_wconf 86' lang='lat' dir='ltr'><strong>unus</strong></span> <span class='ocrx_word' id='word_1_814' title='bbox 3364 5306 3623 5374; x_wconf 89' lang='lat' dir='ltr'><strong>idemque</strong></span> 
     </span>
    </p>
   </div>
   <div class='ocr_carea' id='block_1_112' title="bbox 2045 5396 3623 5473">
    <p class='ocr_par' dir='ltr' id='par_1_112' title="bbox 2045 5396 3623 5473">
     <span class='ocr_line' id='line_1_112' title="bbox 2045 5396 3623 5473; baseline -0.005 -16"><span class='ocrx_word' id='word_1_815' title='bbox 2045 5403 2286 5473; x_wconf 88' lang='lat' dir='ltr'><strong>populus</strong></span> <span class='ocrx_word' id='word_1_816' title='bbox 2332 5400 2660 5463; x_wconf 87' lang='lat' dir='ltr'><strong>videamur;</strong></span> <span class='ocrx_word' id='word_1_817' title='bbox 2713 5399 3000 5467; x_wconf 64' lang='lat' dir='ltr'><strong>ambaeque</strong></span> <span class='ocrx_word' id='word_1_818' title='bbox 3039 5397 3205 5452; x_wconf 85' lang='lat' dir='ltr'><strong>urbes</strong></span> <span class='ocrx_word' id='word_1_819' title='bbox 3243 5396 3377 5451; x_wconf 89' lang='lat' dir='ltr'><strong>urbs</strong></span> <span class='ocrx_word' id='word_1_820' title='bbox 3407 5396 3623 5457; x_wconf 88' lang='lat' dir='ltr'><strong>eadem,</strong></span> 
     </span>
    </p>
   </div>
   <div class='ocr_carea' id='block_1_113' title="bbox 2049 5487 3628 5563">
    <p class='ocr_par' dir='ltr' id='par_1_113' title="bbox 2049 5487 3628 5563">
     <span class='ocr_line' id='line_1_113' title="bbox 2049 5487 3628 5563; baseline -0.004 -17"><span class='ocrx_word' id='word_1_821' title='bbox 2049 5510 2148 5563; x_wconf 90' lang='lat' dir='ltr'><strong>pro</strong></span> <span class='ocrx_word' id='word_1_822' title='bbox 2196 5493 2428 5548; x_wconf 71' lang='lat' dir='ltr'><strong>coloniae</strong></span> <span class='ocrx_word' id='word_1_823' title='bbox 2474 5507 2540 5548; x_wconf 89' lang='lat' dir='ltr'><strong>ac</strong></span> <span class='ocrx_word' id='word_1_824' title='bbox 2594 5490 2914 5561; x_wconf 90' lang='lat' dir='ltr'><strong>metropolis</strong></span> <span class='ocrx_word' id='word_1_825' title='bbox 2963 5489 3210 5544; x_wconf 86' lang='lat' dir='ltr'><strong>ratione:</strong></span> <span class='ocrx_word' id='word_1_826' title='bbox 3259 5487 3508 5556; x_wconf 90' lang='lat' dir='ltr'><strong>nihilque</strong></span> <span class='ocrx_word' id='word_1_827' title='bbox 3555 5490 3628 5541; x_wconf 79' lang='lat' dir='ltr'><strong>sit</strong></span> 
     </span>
    </p>
   </div>
   <div class='ocr_carea' id='block_1_114' title="bbox 2048 5576 3625 5656">
    <p class='ocr_par' dir='ltr' id='par_1_114' title="bbox 2048 5576 3625 5656">
     <span class='ocr_line' id='line_1_114' title="bbox 2048 5576 3625 5656; baseline -0.007 -16"><span class='ocrx_word' id='word_1_828' title='bbox 2048 5585 2194 5656; x_wconf 93' lang='lat' dir='ltr'><strong>quod</strong></span> <span class='ocrx_word' id='word_1_829' title='bbox 2231 5585 2558 5655; x_wconf 79' lang='lat' dir='ltr'><strong>distinguat.</strong></span> <span class='ocrx_word' id='word_1_830' title='bbox 2608 5591 2838 5654; x_wconf 82' lang='lat' dir='ltr'><strong>excepto</strong></span> <span class='ocrx_word' id='word_1_831' title='bbox 2871 5590 2932 5636; x_wconf 90' lang='lat' dir='ltr'><strong>ut</strong></span> <span class='ocrx_word' id='word_1_832' title='bbox 2965 5583 3193 5637; x_wconf 88' lang='lat' dir='ltr'><strong>alteram</strong></span> <span class='ocrx_word' id='word_1_833' title='bbox 3240 5577 3464 5648; x_wconf 92' lang='lat' dir='ltr'><strong>quidem</strong></span> <span class='ocrx_word' id='word_1_834' title='bbox 3515 5576 3625 5630; x_wconf 81' lang='lat' dir='ltr'><strong>Ro-</strong></span> 
     </span>
    </p>
   </div>
   <div class='ocr_carea' id='block_1_115' title="bbox 2049 5668 3624 5744">
    <p class='ocr_par' dir='ltr' id='par_1_115' title="bbox 2049 5668 3624 5744">
     <span class='ocr_line' id='line_1_115' title="bbox 2049 5668 3624 5744; baseline -0.007 -11"><span class='ocrx_word' id='word_1_835' title='bbox 2049 5678 2236 5733; x_wconf 90' lang='lat' dir='ltr'><strong>mulus</strong></span> <span class='ocrx_word' id='word_1_836' title='bbox 2268 5675 2622 5744; x_wconf 79' lang='lat' dir='ltr'><strong>fundaverit;</strong></span> <span class='ocrx_word' id='word_1_837' title='bbox 2652 5677 2882 5730; x_wconf 90' lang='lat' dir='ltr'><strong>alteram</strong></span> <span class='ocrx_word' id='word_1_838' title='bbox 2921 5689 3072 5738; x_wconf 85' lang='lat' dir='ltr'><strong>vero,</strong></span> <span class='ocrx_word' id='word_1_839' title='bbox 3104 5673 3223 5743; x_wconf 84' lang='lat' dir='ltr'><strong>ejus</strong></span> <span class='ocrx_word' id='word_1_840' title='bbox 3251 5668 3466 5738; x_wconf 89' lang='lat' dir='ltr'><strong>imperii</strong></span> <span class='ocrx_word' id='word_1_841' title='bbox 3495 5683 3624 5722; x_wconf 78' lang='lat' dir='ltr'><strong>suc-</strong></span> 
     </span>
    </p>
   </div>
   <div class='ocr_carea' id='block_1_116' title="bbox 2051 5761 3628 5829">
    <p class='ocr_par' dir='ltr' id='par_1_116' title="bbox 2051 5761 3628 5829">
     <span class='ocr_line' id='line_1_116' title="bbox 2051 5761 3628 5829; baseline -0.01 -3"><span class='ocrx_word' id='word_1_842' title='bbox 2051 5778 2238 5827; x_wconf 86' lang='lat' dir='ltr'><strong>cessor</strong></span> <span class='ocrx_word' id='word_1_843' title='bbox 2281 5767 2682 5826; x_wconf 87' lang='lat' dir='ltr'><strong>Constantinus</strong></span> <span class='ocrx_word' id='word_1_844' title='bbox 2715 5765 3048 5822; x_wconf 87' lang='lat' dir='ltr'><strong>condiderit.</strong></span> <span class='ocrx_word' id='word_1_845' title='bbox 3081 5762 3222 5829; x_wconf 85' lang='lat' dir='ltr'><strong>Quin</strong></span> <span class='ocrx_word' id='word_1_846' title='bbox 3271 5769 3330 5816; x_wconf 89' lang='lat' dir='ltr'><strong>et</strong></span> <span class='ocrx_word' id='word_1_847' title='bbox 3357 5761 3628 5815; x_wconf 71' lang='lat' dir='ltr'><strong>Constan—</strong></span> 
     </span>
    </p>
   </div>
   <div class='ocr_carea' id='block_1_117' title="bbox 2055 5851 3637 5931">
    <p class='ocr_par' dir='ltr' id='par_1_117' title="bbox 2055 5851 3637 5931">
     <span class='ocr_line' id='line_1_117' title="bbox 2055 5851 3637 5931; baseline -0.01 -13"><span class='ocrx_word' id='word_1_848' title='bbox 2055 5863 2229 5918; x_wconf 91' lang='lat' dir='ltr'><strong>tinum</strong></span> <span class='ocrx_word' id='word_1_849' title='bbox 2277 5877 2304 5917; x_wconf 84' lang='lat' dir='ltr'><strong>a</strong></span> <span class='ocrx_word' id='word_1_850' title='bbox 2345 5875 2453 5931; x_wconf 91' lang='lat' dir='ltr'><strong>quo</strong></span> <span class='ocrx_word' id='word_1_851' title='bbox 2499 5859 2682 5915; x_wconf 87' lang='lat' dir='ltr'><strong>omnia</strong></span> <span class='ocrx_word' id='word_1_852' title='bbox 2715 5867 2902 5915; x_wconf 86' lang='lat' dir='ltr'><strong>nostra</strong></span> <span class='ocrx_word' id='word_1_853' title='bbox 2936 5855 3196 5928; x_wconf 85' lang='lat' dir='ltr'><strong>pendent,</strong></span> <span class='ocrx_word' id='word_1_854' title='bbox 3228 5851 3408 5908; x_wconf 90' lang='lat' dir='ltr'><strong>sciunt</strong></span> <span class='ocrx_word' id='word_1_855' title='bbox 3434 5861 3637 5906; x_wconf 83' lang='lat' dir='ltr'><strong>omnes</strong></span> 
     </span>
    </p>
   </div>
  </div>
