4068 6484
462 384 568 451 sm
1706 379 2087 443 DEMETBII
2131 377 2442 457 cvnoxu
2970 365 2979 374 ‘
3393 436 3401 442 _
3610 348 3751 442 'gso
3807 365 3817 373 ‘

465 485 782 555 Romanum
810 496 1115 561 exstitisse,
1148 512 1210 552 ac
1238 511 1403 567 quam
1431 496 1683 552 condidit
1710 495 1929 558 urbem,
1966 508 2054 569 pa-

2176 491 2450 562 Ῥωμαῖον
2472 491 2620 545 ἴσασι
2641 489 2864 555 πάντες,
2883 488 2979 546 καὶ⁵
2990 492 3057 563 τῇ
3076 490 3174 562 τῆς
3197 489 3455 562 πατρίδος
3475 489 3753 562 ἐπωνυμίᾳ

469 593 590 648 tria:
637 606 947 662 cognomen
990 591 1353 656 tribuentem,
1387 589 1715 646 bonorasse.
1750 587 1865 644 Hoc
1910 586 2054 642 enim

2163 585 2232 656 ἢν
2254 585 2449 655 ἀνίστη
2479 584 2635 640 πόλιν
2664 586 3023 656 τετιμηκότα.
3055 584 3213 640 Οὕτω
3237 584 3346 655 γὰρ
3376 583 3626 638 ἐϐούλετο
3667 583 3754 637 διὰ

468 685 752 741 universis
784 684 1064 749 studebat,
1119 692 1181 738 ut
1217 681 1432 751 ambas,
1476 691 1537 736 ut
1570 681 1646 736 ita
1664 680 1882 751 dicam,
1913 677 2054 732 velut

2165 679 2409 744 πάντων,
2430 672 2544 732 οἷόν
2563 677 2613 731 τ’
2628 677 2828 744 εἰπεῖν,
2845 675 3162 748 ἀμφοτέρας
3179 693 3242 730 κε
3250 676 3414 747 ρᾶσαι
3432 674 3531 739 τὰς
3549 674 3751 738 πόλεις’

468 777 859 832 eommisceret
896 774 1098 831 urbes:
1137 783 1197 831 ut
1221 776 1426 829 nedum
1459 788 1628 827 unum
1662 749 1845 842 ipsum
1873 769 2054 824 amba-

2163 765 2296 820 ὥστ’
2328 765 2389 820 οὐ
2418 765 2578 834 μόνον
2607 765 2772 821 αὐτὸν
2803 768 2899 821 ἕνα
2926 765 3057 824 ὄντα
3087 766 3393 837 βασιλεύειν
3431 767 3754 838 ἀμφοτέρων

468 856 579 924 bus
602 847 877 939 imperare
896 866 1043 922 haud
1068 866 1202 922 satis
1222 865 1614 927 arbitraretur,
1639 872 1810 933 utque
1837 861 1890 917 in
1916 872 2054 917 utra-

2165 859 2373 931 ἀρκοῦν
2404 860 2813 929 ὑπελάμϐανεν,
2840 861 2940 915 καὶ
2997 860 3129 932 παρ’
3164 860 3408 932 ἑκατέρᾳ
3464 861 3556 914 τὸν
3604 859 3747 931 βασί-

465 976 573 1032 que
622 959 840 1030 imperii
892 958 1080 1014 sedem
1127 965 1396 1027 poneret;
1435 955 1541 1010 nisi
1589 953 1811 1010 abunde
1864 950 2054 1007 iisdem

2166 954 2315 1010 λειον
2348 953 2677 1024 ἱδρύσασθαι
2704 954 2916 1026 θρόνον,
2937 953 3053 1007 ἀλλ’
3075 956 3124 1010 εί
3147 953 3224 1026 μὴ
3259 955 3355 1008 καὶ
3409 955 3525 1018 τοῖς
3571 953 3756 1017 αὐτοῖς

465 1053 637 1108 urbes
666 1050 989 1108 nominibus
1027 1059 1413 1113 censerentur,
1444 1064 1556 1119 quo
1599 1048 1690 1102 vix
1725 1062 1837 1101 non
1863 1045 2054 1111 ambae,

2165 1049 2434 1120 ὀνόμασιν
2462 1048 2518 1101 αἱ
2550 1046 2737 1112 πόλεις
2768 1046 3144 1118 σημαίνοιντο,
3172 1045 3310 1118 πρὸς
3358 1044 3418 1099 τὸ
3479 1044 3612 1115 μίαν
3648 1045 3756 1114 άμ-

462 1161 572 1200 κιια
606 1146 803 1202 civitas
846 1141 1218 1201 essent.Mox
1258 1158 1390 1213 ergo
1435 1157 1500 1199 ac
1542 1157 1665 1197 eam
1696 1138 2057 1206 condidisset,

469 1253 578 1292 una
609 1252 737 1292 cum
767 1236 1014 1295 nominis
1045 1236 1442 1307 appellatione,
1475 1235 1663 1289 Roma!
1685 1232 1852 1288 etiam
1879 1230 2062 1301 digni-

459 1339 544 1384 tas
578 1329 632 1383 in
662 1329 858 1385 urbem
910 1328 1060 1384 illata
1092 1336 1208 1393 est;
1260 1337 1603 1399 senatusque
1638 1327 1924 1382 Romanus
1954 1325 2062 1381 huc

461 1422 873 1493 commigravit,
930 1437 1132 1478 novam
1189 1420 1422 1476 Romam
1478 1421 1802 1483 bonestans,
1852 1417 2061 1489 quique

463 1514 993 1584 commigraverant,
1028 1515 1297 1586 majorum
1329 1524 1646 1569 nostrorum
1682 1522 1942 1584 parentes
1965 1527 2065 1569 etv

461 1605 530 1661 sti
541 1615 750 1661 terunt.

534 1699 779 1768 ldipsum
807 1714 944 1765 vero
976 1698 1124 1769 quod
1162 1700 1361 1755 attinet
1395 1698 1465 1754 ad
1498 1698 1898 1768 imperatorum
1929 1713 2059 1771 pro-

459 1790 544 1845 les
570 1790 925 1857 serVabatur,
974 1791 1245 1861 urbisque
1287 1791 1545 1846 conditor
1574 1791 1716 1861 apud
1746 1806 1870 1856 nos,
1918 1792 2061 1846 ﬁlios

460 1898 540 1952 pr.
563 1884 811 1951 c-eabat,
842 1882 1013 1953 inque
1035 1897 1098 1938 ea
1127 1883 1254 1939 illos
1280 1883 1652 1953 constituens,
1682 1884 1776 1955 qui
1806 1884 1929 1957 ejus
1957 1883 2081 1938 ἕως·

459 1975 618 2045 perio
668 1975 981 2030 successuri
1035 1988 1194 2029 erant
1242 1975 1536 2045 imperium
1602 1977 1686 2031 eis
1742 1992 1867 2032 cum
1919 1978 2059 2033 urbe

463 2065 751 2121 tradebat:
792 2066 1057 2123 Rom‘anis
1105 2068 1483 2122 Romanorum
1520 2079 1740 2139 sceptra
1792 2069 1847 2125 in
1880 2087 2057 2127 aevum

403 2154 410 2160 ’
461 2159 822 2224 tenentibus;
878 2162 1021 2230 quos
1051 2160 1243 2215 favens
1276 2170 1527 2240 tempus,
1570 2162 1639 2216 ad
1680 2171 1924 2219 nostram
1966 2180 2060 2220 uso

455 2265 568 2321 que
594 2256 822 2307 natalem
853 2250 1144 2322 provexit;
1175 2260 1344 2321 atque
1380 2254 1598 2312 utinam.
1622 2265 1917 2311 conservet
1944 2256 2058 2312 de-

458 2348 652 2415 inceps
707 2345 1028 2401 immortale
1076 2360 1274 2415 genus.
1316 2346 1388 2400 At
1427 2362 1531 2401 nec
1561 2347 1685 2403 aliis
1741 2358 1874 2404 tunc
1929 2358 2052 2405 ute-

457 2434 657 2494 bamur
706 2438 1043 2493 divinorum
1081 2438 1441 2506 doctoribus;
1495 2442 1630 2511 quin
1668 2442 1835 2497 iidem
1871 2443 2053 2510 nobis,

454 2539 573 2585 tum
625 2531 965 2605 reipublicae,
1014 2541 1133 2587 tum
1167 2547 1455 2587 sacrorum
1486 2549 1552 2588 ac
1598 2535 1881 2606 religionis
1912 2553 2053 2607 pras-

457 2621 604 2677 sides
635 2631 820 2688 erant,
852 2623 1100 2692 quandiu
1132 2624 1373 2679 necdum
1410 2625 1548 2680 scita
1597 2626 1689 2681 illa
1720 2639 2055 2698 versutaque

456 2711 603 2782 apud
624 2727 823 2768 omnes
846 2712 1099 2783 vigebant
1127 2730 1143 2779 ;
1166 2713 1261 2770 sed
1296 2714 1516 2770 tandem
1543 2715 1669 2771 linis
1696 2717 1901 2787 aliquis
1923 2734 2054 2774 con-

456 2802 724 2861 tendendi
754 2817 898 2861 erat.
927 2805 1216 2876 Siquidem
1252 2822 1387 2879 ergo
1410 2808 1700 2879 multiplex
1729 2810 2051 2865 communio

454 2905 705 2952 mutuam
748 2896 939 2953 dolere
972 2899 1147 2954 vicem
1186 2898 1667 2955 communicantes
1707 2898 1929 2965 edicit:
1959 2916 2051 2956 ea-

453 2988 692 3060 demque
713 3000 773 3044 ut
797 2990 1081 3054 fortiores,
1110 2990 1574 3048 imbecillioribus
1604 2993 1943 3048 anxilientur
1967 2994 2049 3048 in-

2166 1144 2404 1217 φοτέρας
2430 1139 2570 1196 εἶναι
2603 1141 2703 1204 τὰς
2734 1140 2917 1204 πόλεις
2944 1140 3045 1221 οὐκ
3065 1140 3246 1209 ὀλίγον
3268 1138 3456 1193 ἐνδεῖν.
3490 1138 3642 1208 ’Δμα
3691 1154 3752 1191 τε

2162 1228 2258 1287 οὖν
2292 1232 2502 1302 ταύτην
2533 1227 2767 1301 ἱδρύετο,
2798 1230 2892 1282 καὶ
2924 1231 2990 1301 τῇ
3029 1228 3181 1283 πόλει
3206 1228 3346 1298 μετὰ
3371 1225 3467 1281 τοῦ
3490 1227 3756 1297 ὀνόματος

2169 1323 2441 1396 τυνεισῄει
2467 1321 2563 1375 καὶ
2610 1320 2672 1374 τὸ
2691 1321 2792 1391 τῆς
2840 1318 3062 1391 Ῥώμης
3126 1318 3558 1391 ἀξίωμαοκαὶή
3620 1316 3754 1373 Ῥω-
3812 1338 3815 1341 -

2166 1416 2344 1488 μαίων
2368 1416 2633 1486 γερουσία
2657 1412 2822 1483 δεῦρο
2849 1411 3159 1484 μετεϐαινε,
3182 1410 3282 1482 τὴν
3302 1410 3431 1466 νέαν
3446 1409 3755 1482 κοσμήσου-

2163 1523 2235 1563 σα
2275 1504 2500 1579 Ῥώμην
2518 1522 2537 1543 ο
2564 1506 2658 1561 καὶ
2678 1506 2730 1561 oi
2760 1503 3132 1576 μεταστάντες
3160 1501 3396 1573 ἐγέννων
3456 1501 3585 1565 τοὺς
3617 1516 3753 1573 προ-

2163 1600 2359 1671 γόνους
2389 1601 2422 1672 ἠ
2430 1598 2571 1669 μῶν.

2240 1693 2315 1746 Τὸ
2345 1691 2391 1746 δ’
2423 1691 2556 1745 αὐτὸ
2600 1689 2697 1745 καὶ
2756 1687 2890 1761 περὶ
2945 1687 3046 1752 τὰς
3103 1685 3215 1741 τῶν
3276 1681 3545 1757 βασιλέων
3591 1683 3753 1753 γονάς

2165 1787 2452 1858 ἐτηρεῖτοο
2500 1784 2596 1839 καὶ
2626 1781 2759 1855 παρ’
2809 1782 2943 1853 ἡμῖν
3009 1782 3039 1836 ὁ
3088 1780 3192 1851 τῆς
3237 1779 3448 1842 πόλεως
3508 1778 3753 1846 οἰκιστὴς
3821 1816 3831 1825 .

2165 1881 2569 1936 ἐπαιδοποιεῖτο
2587 1894 2600 1908 ο
2633 1877 2761 1939 τοὺς
2790 1877 2889 1948 την
2916 1873 3197 1948 βασιλείαν
3225 1871 3394 1933 αὑτοῦ
3442 1869 3753 1940 διαδεξομέ-

2162 1990 2287 2036 νους
2319 1969 2553 2025 ἐνταῦθα
2584 1967 2820 2036 καθίστη
2845 1986 2859 2001 ·
2902 1966 2999 2021 καὶ
3023 1967 3163 2038 μετὰ
3193 1966 3293 2037 τῆς
3328 1964 3536 2028 πόλεως
3578 1963 3754 2033 αὐτῆς

2124 2066 2258 2124 ,καὶ
2310 2063 2411 2135 τὴν
2471 2062 2652 2133 ἀρχὴν
2703 2061 3019 2132 παρεδίδου,
3087 2058 3387 2130 Ῥωμαίοις
3453 2057 3752 2127 Ῥωμαίων

2160 2161 2393 2231 ἄρχουσι
2440 2158 2510 2215 δι’
2560 2158 2801 2221 αίῶνοςν
2846 2154 2967 2222 οὓς,
3002 2153 3065 2209 εὖ
3117 2153 3290 2209 ποιῶν
3331 2152 3595 2225 όχρόνος,
3658 2152 3752 2205 καὶ

2163 2253 2360 2323 μέχρις
2408 2251 2568 2324 ἡμῶν
2617 2249 2927 2305 διεϐίϐασε*
2977 2248 3074 2303 καὶ
3116 2238 3317 2319 ’τηροίη
3369 2263 3435 2316 γε
3483 2245 3547 2298 τὸ
3599 2244 3747 2314 γένος

2158 2347 2453 2405 ἀθάνατον.
2484 2346 2559 2399 Οὐ
2597 2344 2705 2417 μὴν
2736 2342 2845 2398 οὐδ’
2876 2343 3089 2415 ἑτέροις
3119 2338 3414 2413 ἐχρώμεθα
3463 2339 3586 2393 τότε
3642 2338 3746 2393 τῶν

2159 2440 2321 2496 θείων
2341 2440 2638 2511 ἐξηγηταῖς
2666 2454 2681 2470 ο
2707 2436 2823 2490 ἀλλ’
2855 2436 2906 2490 οἱ
2932 2436 3091 2490 αὐτοὶ
3131 2436 3229 2506 τῆς
3254 2451 3316 2488 τε
3360 2431 3636 2495 πολιτείας
3655 2430 3750 2485 καὶ

2157 2535 2431 2606 τῶν,περὶ
2453 2533 2555 2603 τὴν
2583 2531 2870 2587 εὐσέϐειαν
2895 2530 3030 2601 ἡμῖν
3085 2524 3229 2601 ἦσαν
3267 2526 3594 2599 προστάται,
3636 2524 3745 2587 ἕως

2158 2624 2315 2681 οὔπω
2342 2625 2412 2679 τά
2440 2623 2633 2694 κομψὰ
2652 2671 2666 2686 ,
2687 2620 2862 2693 ταῦτα
2915 2621 3073 2691 παρὰ
3124 2620 3295 2674 πᾶσιν
3340 2617 3563 2689 ἐκράτει
3582 2630 3597 2646 ·
3631 2612 3748 2668 ἀλλ’

2155 2714 2226 2790 ἦν
2278 2734 2333 2772 τι
2389 2716 2487 2771 καὶ
2534 2714 2713 2787 πέρας
2772 2713 2874 2782 τῆς
2930 2711 3288 2783 φιλονεικίας.
3313 2708 3526 2765 Οὐκοῦν
3576 2709 3627 2761 εί
3668 2708 3733 2761 τὸ

2159 2811 2331 2867 πολλά
2355 2826 2500 2866 τισιν
2524 2803 2668 2863 εἶναι
2719 2808 2879 2863 κοινά
2931 2806 3219 2875 συναλγεῖν
3272 2805 3530 2875 ἀλλήλοις
3580 2801 3745 2873 πείθῃ

2153 2905 2281 2967 τοὺς
2318 2898 2733 2966 κοινωνοῦντας,
2772 2899 2933 2955 τοῦτο
2970 2899 3033 2953 δέ
3059 2900 3156 2955 καὶ
3201 2898 3329 2962 τοῦς
3368 2894 3747 2967 ἰσχυροτέρως

2153 2994 2388 3066 ἀμύνειν
2453 2993 2633 3049 πείθει
2692 2996 2809 3055 τοῖς
2898 2991 3312 3063 ἀσθενεστέρας
3344 3007 3359 3024 ’
3425 2990 3520 3046 ἐπὶ⁵
3590 2989 3747 3052 τίνας

454 3081 629 3147 ducit,
686 3081 755 3136 ad
808 3097 952 3152 quos
978 3083 1200 3153 justiori
1259 3082 1420 3139 titulo
1457 3084 1844 3155 confugiemus
1896 3085 2047 3140 hisce

2156 3086 2604 3160 καταφευξόμεθα
2632 3087 2992 3157 δικαιότερον,
3013 3086 3236 3151 τούτους
3258 3084 3706 3157 παραδραμόντες
3724 3099 3744 3151 ;

453 3174 717 3230 omissis?
757 3175 901 3229 baud
955 3189 1121 3231 secus
1150 3190 1216 3231 ac
1248 3175 1294 3230 si
1325 3176 1451 3246 quis
1479 3176 1771 3232 lacessitus
1797 3192 1863 3233 ac
1902 3178 2047 3233 male

2156 3176 2540 3247 παραπλήσιον
2592 3174 2786 3242 ὥσπερ
2841 3176 2909 3228 ἂν
2967 3174 3146 3238 εἴτις
3197 3170 3744 3243 προπηλακιζόμενος

453 3265 690 3332 habens,
728 3266 897 3322 alium
923 3281 1089 3337 quem
1122 3268 1402 3337 appellare
1432 3270 1586 3331 velit,
1613 3284 1740 3324 cum
1763 3269 1909 3326 adsit
1935 3287 2049 3323 ma-

2156 3266 2249 3321 καὶ
2271 3266 2459 3329 κακῶς
2488 3266 2732 3337 πάσχων,
2763 3266 2954 3334 ἕτερον
2982 3265 3137 3334 ὴξίου
3173 3264 3378 3327 καλεῖν,
3407 3264 3506 3336 τῆς
3534 3263 3742 3335 μητρὸς

454 3368 560 3418 ter,
611 3356 677 3415 ae'
722 3359 977 3414 auxiliari
1028 3360 1221 3428 possit.
1260 3359 1420 3426 Quod
1476 3369 1661 3415 autem
1703 3360 2049 3431 metropolis,

2156 3359 2309 3432 αὐτῷ
2340 3358 2782 3430 παρισταμένης,
2817 3356 2914 3414 καὶ
2969 3359 3279 3429 δυναμένης
3344 3357 3593 3428 ἀμύνειν.
3622 3357 3744 3411 Ὀτι

453 3451 654 3507 matris
683 3450 892 3505 babcat
925 3451 1107 3506 vicem
1134 3452 1316 3507 ductis
1347 3452 1418 3508 ab
1452 3451 1568 3523 ipsa
1598 3454 1853 3520 coloniis,
1888 3468 2050 3508 nemo

2156 3451 2198 3507 δ’
2230 3453 2266 3520 ἡ
2298 3450 2634 3523 μητρόπολις
2662 3454 2775 3516 τοῖς
2809 3452 3063 3515 ἀποίκοις
3085 3453 3144 3506 ἐν
3173 3450 3386 3523 μητρὸς
3416 3450 3745 3506 καθίσταται

453 3543 658 3605 nescit,
691 3543 799 3599 nisi
837 3543 965 3614 quis
984 3545 1268 3615 propriam
1308 3546 1484 3617 ipsam
1515 3561 1708 3600 vocem
1742 3544 2051 3613 intelligere

2156 3546 2423 3615 σχήματι,
2456 3545 2646 3613 ἀγνοεῖ
2670 3544 2769 3615 μὲν
2795 3544 2994 3609 οὐδεὶς,
3026 3545 3075 3598 εί
3106 3545 3288 3615 μήιτις
3310 3544 3406 3599 καὶ
3452 3546 3549 3613 τῆς
3604 3545 3742 3608 ιδίας

453 3635 615 3690 nolit.
638 3633 957 3692 Ostendunt
988 3652 1120 3693 vero
1145 3652 1209 3693 ac
1241 3638 1501 3708 probant,
1541 3654 1665 3708 quae
1695 3639 2050 3707 metropoles,

2156 3639 2340 3710 φωνῆς
2361 3639 2463 3694 οὐκ
2488 3639 2661 3692 ἐθέλει
2687 3640 2929 3692 συνεῖναι
2958 3678 2973 3703 ,
3005 3637 3230 3708 δηλοῦσι
3260 3638 3320 3692 δὲ
3374 3639 3471 3693 καὶ
3496 3638 3547 3692 oi
3600 3637 3743 3709 ὑπὲρ

452 3729 947 3786 adversus‘omnes
981 3731 1075 3802 qui
1113 3732 1372 3804 iujuriam
1405 3732 1614 3788 vellent
1662 3731 1891 3798 inferre,
1928 3742 2051 3787 tan-

2156 3730 2262 3784 τῶν
2293 3729 2541 3784 ἀποίκων
2569 3729 2708 3801 πρὸς
2740 3730 2950 3794 πάντας
2977 3732 3104 3793 τοὺς
3158 3731 3503 3786 πλεονεκτεῖν
3563 3731 3743 3801 βουλο-

456 3834 625 3889 quam
659 3818 792 3889 ipsa:
814 3829 1233 3890 appeterentur,
1264 3830 1558 3893 gesserunt
1586 3821 1759 3877 bella:
1790 3836 1822 3875 e
1846 3823 2051 3891 quibus

2156 3823 2354 3891 μένους
2380 3822 2491 3876 τῶν
2518 3822 2908 3896 μητροπόλεων
2930 3824 3005 3887 ὡς
3034 3822 3175 3895 ὑπὲρ
3201 3823 3413 3878 ἑαυτῶν
3464 3823 3743 3894 γινόμενοι

373 3981 386 3993 ⁹
455 3911 621 3968 [idem
653 3912 1054 3982 amplissimam
1097 3914 1327 3980 habent,
1380 3914 1725 3982 multamque
1754 3915 2047 3986 scriptorio

2156 3915 2402 3986 πόλεμοι,
2432 3908 2505 3970 ὧν
2531 3914 2957 3985 άξιολογώτατοί
2974 3917 3106 3978 είσι,
3131 3918 3227 3971 καὶ
3248 3916 3450 3987 πολλὴν
3477 3916 3743 3989 εὐπορίαν

453 4004 560 4059 bus
594 4004 845 4071 praebent
890 4015 1155 4077 segetem,
1213 4019 1336 4075 quae
1368 4007 1545 4059 nostri
1578 4018 1745 4058 causa
1779 4008 2049 4062 adversus

2156 4005 2266 4067 τοῖς
2297 4005 2678 4075 συγγράφουσι
2706 4005 3093 4076 παρεχόμενοι,
3111 4006 3160 4058 οἱ
3188 4006 3325 4076 πρὸς
3344 4006 3589 4059 τουτουσὶ
3611 4005 3739 4067 τοὺς

458 4095 736 4152 Barbaros
785 4097 880 4153 isti
930 4112 1411 4155 ronsummavere.
1443 4099 1523 4152 Ac
1570 4112 1704 4153 vero
1757 4098 1952 4163 miror,
1988 4107 2047 4155 ut

2156 4095 2471 4169 βαρϐάρους
2495 4096 2637 4168 ὑπὲρ
2662 4095 2822 4167 ἡμῶν
2851 4095 3061 4159 τούτοις
3102 4096 3478 4167 διηνυσμένοι.
3528 4098 3594 4151 Ὃ
3641 4097 3740 4150 καὶ

452 4202 558 4244 nec
587 4188 785 4244 similis
826 4191 1153 4256 necessitas,
1188 4188 1404 4245 similes
1432 4188 1594 4246 nobis
1622 4190 1803 4248 socios
1833 4191 1889 4246 in
1925 4207 2043 4248 me-

2156 4192 2444 4262 θαυμάζω,
2477 4193 2526 4259 εί
2551 4190 2690 4264 μηδὲ
2711 4174 2890 4260 τδτῆς
2918 4191 3110 4261 χρείας
3161 4191 3351 4259 ὅμοιον
3396 4191 3505 4245 τῶν
3533 4191 3738 4262 ὁμοίων

450 4284 684 4339 moriam
713 4284 965 4341 reducat.
993 4285 1228 4353 Quinam
1246 4285 1397 4340 enim
1424 4285 1516 4340 alii
1544 4286 1612 4341 ad
1632 4301 1805 4358 usque
1829 4286 2042 4359 Syriam

2156 4285 2298 4356 ἡμᾶς
2327 4284 2745 4355 ἀναμιμνήσκει
2802 4282 3134 4355 συμμάχων.
3159 4284 3318 4347 Τίνες
3366 4284 3476 4354 γάρ
3500 4284 3637 4338 είσιν
3682 4284 3737 4338 οε

449 4391 515 4431 ac
534 4375 882 4433 Palaestinam
911 4377 1087 4431 nostri
1118 4391 1284 4432 causa
1321 4375 1592 4432 Barbaros
1621 4390 2043 4449 persequentes,

2156 4376 2319 4448 μέχρι
2370 4374 2574 4447 Συρίας
2637 4376 2733 4430 καὶ
2786 4374 3157 4443 Παλαιστίνης
3212 4375 3359 4448 ὑπὲρ
3408 4375 3564 4447 ὴμῶν
3609 4375 3735 4437 τοὺς

448 4476 676 4522 centum
711 4466 967 4525 millibus
993 4467 1325 4529 cadaverum
1361 4468 1427 4524 ad
1457 4467 1748 4536 Orontem,
1785 4486 2042 4541 campum

2156 4469 2461 4542 βαρϐάρους
2482 4466 2797 4534 διώκοντες,
2827 4469 2924 4521 καὶ
2950 4468 3080 4522 δέκα
3116 4467 3215 4537 μὲν
3246 4468 3472 4539 μυριάσι
3526 4467 3734 4537 νεκρῶν

451 4569 819 4628 operuerunt,
851 4574 917 4616 ac
959 4559 1123 4616 nobis
1156 4561 1349 4632 gratis,
1375 4562 1754 4633 quasﬁablatas
1777 4564 2043 4620 amisera-

2156 4537 2373 4632 λεδ-περὶ
2403 4559 2495 4616 τὸν
2534 4561 2796 4632 Ὀρόντην
2845 4559 3031 4614 πεδίον
3096 4537 3464 4632 καλύψαντες,
3513 4561 3647 4632 ημῖν
3674 4560 3730 4614 δὲ

448 4666 593 4714 mus,
624 4652 797 4708 urbes
832 4652 1234 4710 reddiderunt?
1262 4655 1341 4711 Ac
1392 4656 1616 4728 quidem
1647 4656 1753 4728 ipsi
1796 4641 2043 4714 exantl'a-

2156 4658 2332 4727 προῖκ’
2391 4653 2816 4716 ἀποδεδωκότες,
2875 4652 2942 4718 ἃς
3001 4654 3340 4726 ἀφῃρήμεθα
3390 4654 3607 4719 πόλεις’
3638 4656 3730 4709 καὶ

448 4755 583 4801 runt
614 4744 874 4813 labores;
920 4747 1128 4803 nostris
1165 4763 1297 4804 vero
1344 4748 1575 4807 fruenda
1610 4751 1834 4822 praemia
1869 4751 2041 4805 tradi-

2156 4748 2272 4811 τοὺς
2298 4747 2400 4818 μὲν
2424 4746 2623 4811 πόνους
2649 4746 2831 4800 αὐτῶν
2864 4747 3246 4818 ποιησάμενοι.
3272 4747 3342 4801 τὰ
3371 4747 3416 4801 δ’
3446 4742 3587 4802 ἆθλα
3612 4748 3720 4811 τοῖς

448 4838 687 4901 derunt;
730 4837 1046 4894 libertatem
1094 4841 1303 4911 pariter
1329 4858 1395 4899 ac
1440 4844 1727 4914 pietatem,
1767 4842 2043 4900 universis

2156 4839 2437 4911 ἡμετέροις
2455 4837 2753 4903 δεδοικότες
2777 4838 3131 4911 καρποῦσθαι
3155 4824 3183 4871 ί
3205 4839 3308 4911 τὴν
3339 4838 3387 4895 δ’
3416 4839 3717 4911 ἐλευθερίαν

447 4931 662 5002 Asiam.
690 4929 1069 4987 incolentibus
1099 4931 1326 4998 Graecis,
1383 4950 1484 4992 ceu
1535 4935 1848 5006 fugitivam,
1888 4945 2042 5006 post-

2156 4935 2243 4988 καὶ
2293 4932 2395 5005 τὴν
2439 4934 2749 5001 εὐσέϐειαν,
2783 4936 2920 4989 πᾶσι
2971 4938 3084 5000 τοῖς
3119 4935 3220 5008 τὴν
3254 4936 3439 4991 Ἀσίαν
3490 4937 3721 4991 οἰκοῦσιν

447 5022 667 5078 liminio
717 5023 1085 5092 reducentes;
1135 5026 1302 5098 idque
1352 5043 1480 5085 cum
1529 5028 1801 5085 beneﬁcio
1830 5029 2039 5096 aﬂ‘eeti,

2156 5024 2432 5093 Ἓλλησιν,
2472 5024 2668 5097 ὥσπερ
2710 5027 2831 5080 τινὰ
2883 5027 3105 5096 φυγάδα
3155 5028 3564 5096 καταγαγόντες
3590 5045 3605 5063 ~
3635 5026 3726 5081 καὶ

446 5130 515 5171 ηε
562 5116 768 5186 gratias
809 5118 1034 5188 quidem
1083 5121 1350 5177 beneﬁcis
1372 5129 1649 5199 agerent:
1701 5121 1814 5179 imo
1856 5139 2039 5197 neque

2156 5115 2318 5171 ταῦτα
2354 5119 2466 5171 τῶν
2514 5113 2576 5172 εὖ
2636 5118 2960 5189 πασχόντων
3014 5119 3136 5173 οὐδὲ
3184 5114 3349 5192 χάριν
3407 5121 3592 5184 αὐτοῖς
3628 5123 3726 5190 τῆς

444 5205 592 5262 bello
637 5217 829 5277 petere
886 5221 1231 5273 vererentur,
1289 5212 1581 5283 modisque
1627 5213 1892 5271 omnibus
1939 5229 2039 5271 eos

2156 5210 2471 5279 εὐεργεσίας
2505 5209 2726 5263 εἰδότων
2750 5225 2766 5241 ·
2796 5209 2936 5265 ἀλλὰ
2965 5211 3063 5265 καί⁹
3093 5212 3355 5284 πολεμεῖν
3384 5213 3484 5266 οὐκ
3505 5211 3727 5266 ὀκνούν-

446 5314 668 5368 vexare,
703 5301 799 5372 qui
831 5307 1071 5374 prompti
1100 5316 1290 5375 essent
1318 5305 1508 5362 omnia
1531 5309 1816 5387 laceretut
1842 5324 1912 5365 ne
1934 5323 2039 5366 nos

2156 5319 2273 5368 nov,
2307 5301 2404 5354 καὶ
2439 5301 2620 5356 πάντα
2660 5303 2863 5372 τρόπον
2914 5303 3238 5359 κακούντων
3288 5307 3438 5370 τοὺς,
3474 5306 3613 5377 ὅπερ
3648 5306 3726 5377 μὴ

444 5391 514 5448 ab
552 5391 810 5451 hostibus
843 5398 971 5453 talia
1009 5411 1351 5472 pateremur.

2156 5392 2297 5447 ταῦθ’
2327 5394 2490 5464 ἡμεῖς
2543 5392 2653 5447 ὑπὸ
2706 5394 2817 5449 τῶν
2857 5396 3138 5465 πολεμίων
3170 5398 3499 5470 πεισόμεθα,
3546 5398 3727 5455 πάντα

2144 5488 2321 5540 ποιεῖν
2362 5486 2659 5556 ἑλομένους
2680 5506 2695 5555 ;
3494 5561 3499 5568 _

2213 5580 2286 5635 Ἦ
2312 5581 2462 5641 τίνας
2495 5580 2561 5634 ἄν
2608 5598 2695 5646 τις
2726 5582 2925 5649 ἄλλους
2953 5586 3266 5641 αἰτιάσαιτο
3302 5583 3399 5640 τοῦ
3445 5583 3541 5645 νῦν
3576 5584 3725 5656 ἡμᾶς

2139 5671 2284 5728 εἶναι
2309 5674 2406 5728 καὶ
2431 5674 2685 5729 ὁπωσοῦν
2723 5677 2757 5748 ἢ
2799 5678 2928 5742 τοὺς
2977 5678 3334 5745 ὀκτακοσίους
3373 5681 3638 5744 ἐκείνους,
3671 5678 3727 5733 οἲ

2143 5767 2364 5836 βασιλεί
2398 5784 2508 5822 τινι
2553 5769 2661 5823 τῶν
2712 5772 3006 5842 ἡμετέρων
3042 5774 3427 5846 προσθέμενοι,
3480 5773 3725 5842 σώφρονι

2136 5862 2207 5918 τὰ
2230 5862 2530 5939 πάνταίκαὶ
2559 5861 2702 5930 νοῦν,
2728 5863 2804 5928 ὼς
2828 5864 3025 5935 ἔοικεν,
3057 5867 3255 5940 ἔχοντι,
3282 5868 3437 5922 αὐτοὶ
3468 5867 3567 5940 μὲν
3585 5864 3728 5924 ἀπέ-

515 5573 779 5641 Quisnam
812 5592 944 5633 vero
979 5578 1033 5633 in
1051 5579 1190 5636 alios
1215 5580 1438 5646 referat,
1467 5590 1531 5635 ut
1549 5582 1818 5636 hactenus
1837 5580 2032 5649 simus,

442 5664 633 5737 sicque
679 5678 961 5742 utcunque
998 5672 1323 5741 habeamus,
1362 5684 1732 5745 praeterquam
1766 5675 1823 5729 in
1854 5674 2036 5731 octin-

441 5770 633 5827 gentos
672 5762 821 5830 illos,
853 5765 948 5835 qui
984 5773 1237 5821 nostrum
1264 5765 1488 5821 cuidam
1518 5767 1918 5837 imperatorum
1941 5766 2034 5821 ad-

440 5849 733 5924 haerentes,
759 5854 950 5913 sobrio
983 5856 1083 5923 illi,
1110 5868 1281 5930 utque
1316 5857 1555 5924 videtur,
1595 5858 1853 5930 prudenti
1879 5858 2031 5929 viro;
