4068 6520
387 427 489 496 98'.
1309 427 1598 489 ORATIO
1640 426 1785 488 PRO
1831 430 2195 492 SUBSIDIO
2229 424 2717 525 'LATINORUM.

3552 417 3675 479 9-752.

384 548 571 611 θανον,
599 542 872 598 ἀθάνατον
912 543 969 609 ἐξ
1015 536 1093 599 ὧν
1126 543 1449 613 προείλοντο
1477 543 1636 610 δόξαν
1684 547 1968 617 κτησάμε-

2098 549 2183 619 psi
2221 547 2447 619 quidem
2498 552 2732 600 mortem
2781 542 3060 599 obierunt.
3121 535 3489 592 immortalia
3528 552 3661 605 pro-

330 686 340 697 ,
383 651 506 691 νοιο
535 637 685 707 ἡμᾶς
728 635 786 689 δὲ
822 636 959 706 πρὶς
1016 632 1077 689 τὸ
1110 636 1188 706 μὴ
1241 636 1522 692 δουλεύειν
1576 637 1844 708 αἰσχρῶς,
1878 640 1976 693 καὶ

386 729 613 809 πάντων
625 726 737 780 τῶν
760 729 826 798 τῇ
846 726 986 799 τύχῃ
1009 726 1184 798 ταύτῃ
1209 728 1778 801 συγκεκληρωμὲνων,
1801 730 1977 802 ἀπήλ-

386 820 592 885 λαξαν
624 819 742 883 οὒς,
780 819 882 873 οὐκ
923 816 992 873 ἀν
1018 835 1104 881 τις
1137 821 1397 891 ἁμάρτοι,
1429 821 1677 892 πύργους
1706 822 1807 893 τῆς
1835 825 1975 893 ἠμε-

384 912 552 981 τέρας
580 910 787 966 εἰπών’
820 913 897 975 ὡς
956 914 1007 966 εί
1061 912 1140 984 μὴ
1198 914 1342 984 σφᾶς
1373 913 1572 971 αὐτοὺς
1625 914 1737 968 τότ’
1773 917 1976 969 ἐκείνοι

385 1007 501 1067 τοῖς
550 1003 854 1076 βαρϐάροις
888 1005 1252 1078 ἀντέστησαν,
1305 1007 1417 1061 οὐδ’
1446 1008 1515 1062 ἀν
1565 1002 1635 1080 ἦν
1671 1007 1815 1079 ὑπὲρ
1849 1010 1974 1062 ὅτου

391 1097 489 1152 νῦν
517 1098 626 1151 ἔδει
654 1095 1030 1168 βουλεύεσθαι,
1066 1099 1209 1186 Ἀλλ’
1238 1100 1312 1153 ἐῶ
1342 1100 1503 1155 τοῦτό
1529 1117 1594 1168 γε
1618 1115 1636 1134 ο
1661 1101 1713 1155 οί
1740 1102 1786 1156 δ’
1809 1101 1976 1172 ὀλίγῳ

396 1186 665 1259 πρότερον
686 1186 791 1258 τὴν
805 1186 1066 1259 Σμύρναν
1093 1189 1517 1257 καταλαϐόντες,
1546 1193 1640 1246 καὶ
1666 1194 1758 1247 τὸν
1782 1191 1978 1262 λιμένα

397 1281 496 1350 μὲν
525 1280 921 1351 κατασχόντες,
957 1275 1020 1337 οὒ
1049 1283 1121 1337 τά
1152 1285 1331 1338 πᾶσαν
1359 1284 1458 1357 τήν
1488 1285 1766 1357 ἡμετέραν
1788 1286 1979 1354 ἀοίκηο

387 1390 482 1426 τον
523 1363 868 1445 πεποιηκότα
899 1375 1064 1431 πλοῖα
1102 1377 1211 1432 τῶν
1238 1376 1532 1450 βαρϐάρων
1563 1378 1973 1451 συνηθροίζετο,

385 1462 481 1516 τὸν
510 1463 569 1517 δὲ
599 1464 877 1534 βάρϐαρον
905 1467 1097 1521 αὐτόθι
1127 1459 1265 1537 πρὸς
1285 1471 1401 1534 τοῖς
1428 1470 1635 1542 τείχεσι
1666 1470 1976 1541 μαχόμενον

388 1560 728 1622 κτείναντες,
765 1552 827 1615 οὗ
854 1560 1082 1629 ζῶντος,
1112 1561 1268 1617 οὐδὲν
1294 1563 1408 1618 τῶν
1433 1563 1623 1618 κακῶν
1651 1563 1978 1618 ἀνέλπιστον

385 1644 481 1722 ἦν,
530 1649 702 1704 πόθεν
758 1651 1051 1724 ὡρμῶντο,
1104 1654 1201 1710 καὶ
1248 1656 1360 1710 τίσι
1412 1654 1768 1728 χαριζόμενοι
1819 1655 1980 1711 τοῦτο

389 1741 610 1797 εποίουν
639 1759 655 1808 ;
687 1743 826 1798 Οὔτε
863 1745 969 1818 γάρ
1018 1746 1243 1801 Σκυθῶν
1270 1764 1419 1813 τινες
1466 1747 1500 1821 ἢ
1534 1748 1742 1804 Μυσῶν
1774 1748 1846 1804 τὰ
1872 1766 1982 1804 τοι-

390 1834 535 1889 αὔτα
566 1837 835 1907 ιτόλμων,
867 1838 985 1893 οὔτ’
1012 1840 1197 1906 ἀλλοις
1239 1841 1383 1914 πλὴν
1413 1845 1446 1912 ἡ
1457 1842 1574 1913 μῶν
1611 1841 1978 1914 βοηθήσοντες

389 1924 546 2001 ἧκον.
566 1930 635 1984 Οτ
652 1948 716 1999 γε
737 1934 848 2002 γάρ
869 1932 1116 2000 ἐλθόντες
1136 1937 1200 1990 έκ
1224 1911 1848 1992 τῶνίἊλίπεων-ἐπλεον.
1868 1936 1978 1991 Καὶ
2010 1911 2055 1969 Β

394 2023 421 2075 ὸ
446 2022 554 2074 τῶν
580 2024 908 2094 Σμυρναίων
936 2025 1108 2098 λιμὴν
1141 2027 1256 2082 ίστε
1296 2027 1501 2094 πάντες
1526 2023 1616 2084 οἷα
1647 2031 1814 2084 πᾶσιν
1845 2030 1985 2105 ήμῖν,

395 2114 585 2186 ἤγειρε
619 2117 863 2186 κύματα.
898 2118 1071 2174 Πόσον
1101 2119 1149 2173 δ’
1181 2120 1322 2192 ὑπὲρ
1366 2120 1560 2175 τούτου
1592 2122 1684 2176 καὶ
1710 2120 1982 2193 σωμάτων

395 2208 492 2262 καὶ
523 2209 828 2281 χρημάτων
852 2211 1061 2285 πλῆθος
1089 2212 1186 2266 καὶ
1211 2213 1476 2286 πρότερον
1506 2212 1841 2285 ἀνηλῶσθαι
1889 2214 1982 2269 δο-

403 2303 574 2368 κεῖτε,
591 2305 683 2356 καὶ
699 2302 797 2356 νῦν
818 2305 1147 2363 ἀναλοῦσθαι
1178 2307 1298 2360 κατ’
1323 2307 1477 2372 ἕτος;
1510 2307 1737 2371 Πάντως
1763 2307 1829 2363 ἀν
1853 2307 1981 2382 ἔστη

398 2394 491 2447 καὶ
523 2394 707 2462 πηγὰς
735 2393 858 2465 ἔχον
883 2396 1081 2468 ἀρχήν.
1113 2396 1394 2454 Κάκείνων
1427 2397 1528 2470 μὲν
1551 2400 1602 2454 οι
1631 2398 1868 2456 κίνδυνοι
1891 2401 1986 2456 καὶ

399 2490 466 2537 τά
484 2484 842 2556 ἀναλώματα·
870 2487 1005 2558 ἡμῖν
1019 2487 1077 2541 δὲ
1099 2488 1436 2560 καθημένοις
1452 2490 1522 2542 τὰ
1537 2488 1791 2544 ἐντεῦθεν
1810 2503 1987 2561 προσ-

399 2578 609 2647 γίνεται
640 2579 833 2650 κέρδη.
866 2582 1001 2634 Τίνα
1048 2581 1103 2635 δὲ
1131 2581 1277 2648 λέγω
1318 2573 1528 2647 ταύτας
1560 2581 1682 2635 Τῶν
1708 2570 1990 2652 αἰχμαλῶ-

2079 642 2259 712 posito
2294 640 2578 709 animique
2624 634 2995 709 generositate
3040 629 3270 700 gloriam
3318 641 3675 698 consequena

2079 742 2200 799 tes;
2232 747 2334 787 nos
2362 747 2497 786 vero
2527 745 2653 786 cum
2679 745 2708 783 a
2741 726 2886 798 turpi
2915 724 3201 784 servitute,
3237 730 3349 776 tum
3376 735 3407 774 a
3433 720 3663 790 reliquis

2078 825 2209 880 huic
2237 822 2372 879 sorti
2405 822 2750 891 fortunaeque
2780 820 3113 892 conjunctis,
3147 819 3493 887 liberarunt;
3526 828 3676 881 quos,

2078 930 2208 971 vere
2251 915 2444 987 patrim
2477 922 2681 969 nostra:
2716 911 3126 983 propugnacula
3157 925 3221 965 ac
3253 920 3433 963 turres
3478 905 3664 960 dicas:

2080 1019 2142 1065 ut
2168 1008 2277 1063 nisi
2305 1023 2386 1073 se,
2423 1015 2556 1063 tunc
2585 1006 2662 1061 illi
2695 1005 2953 1060 Barbaris
2983 1002 3340 1075 obiecissent,
3390 1014 3459 1054 ne
3499 988 3665 1051 modo

2080 1099 2304 1170 quidem
2332 1107 2479 1155 esset
2509 1097 2669 1169 cujus
2698 1097 2873 1169 gratia
2904 1082 3362 1151 deliberaremus.
3398 1091 3579 1160 Atque
3610 1087 3665 1142 id

2079 1192 2303 1264 quidem
2337 1190 2513 1258 bene;
2559 1191 2655 1261 qui
2703 1199 2889 1246 autem
2923 1189 3068 1244 haud
3115 1188 3189 1243 ita
3235 1187 3450 1259 pridem
3480 1182 3670 1252 Smyr-

2080 1300 2205 1339 nam
2236 1294 2527 1356 ceperunt,
2553 1298 2618 1339 ac
2646 1291 2866 1354 portum
2903 1282 3125 1353 quidem
3166 1285 3529 1349 occuparunt.
3571 1276 3664 1330 ubi

2081 1376 2152 1433 Ba
2162 1377 2454 1433 rbarorum
2475 1377 2687 1443 classis,
2715 1391 2838 1447 quae
2858 1374 3169 1430 universam
3195 1383 3393 1428 terram
3418 1378 3663 1423 nostram

2080 1472 2450 1539 desolaverat,
2497 1472 2726 1527 collecta
2759 1480 2918 1535 erat;
2967 1470 3280 1538 eodemque
3305 1466 3429 1520 loco
3464 1463 3669 1519 Barba-

2081 1582 2206 1623 rum
2236 1567 2306 1622 ad
2332 1580 2522 1621 muros
2546 1571 2881 1636 pugnantem
2915 1569 3269 1631 peremerunt
3298 1556 3400 1628 (2),
3428 1571 3539 1628 quo
3580 1570 3670 1611 sn-

2082 1660 2335 1732 perstite,
2389 1657 2603 1714 nullum
2650 1665 2772 1712 erat
2822 1655 3092 1710 malorum
3125 1666 3318 1723 genus,
3356 1647 3505 1720 quod
3557 1662 3668 1701 non

2083 1752 2422 1816 immineret,
2452 1750 2727 1805 undenam
2768 1746 2996 1818 profecti
3034 1753 3234 1809 erant,
3275 1744 3329 1797 in
3359 1754 3669 1822 quorumve
3766 1786 3769 1788 .

2083 1847 2344 1918 gratiam,
2386 1859 2503 1900 rem
2553 1839 2824 1913 ejusmodi
2879 1837 3252 1910 prtestabant?
3285 1836 3472 1905 Neque
3520 1831 3670 1886 enim

2085 1936 2303 2009 Scythae
2329 1935 2522 2006 aliqui,
2552 1947 2650 1988 aut
2685 1930 2817 2002 Mysi
2850 1928 2972 1983 talia
3006 1932 3516 1998 praesumpserunt;
3572 1935 3675 2011 nec

2085 2028 2125 2085 ii
2169 2029 2295 2084 aliis
2335 2041 2501 2099 quam
2532 2026 2694 2082 nobis
2724 2023 3007 2095 suppetias
3035 2028 3344 2075 venerunt:
3380 2015 3473 2088 qui
3523 2015 3675 2070 enim

2085 2128 2377 2186 venerant,
2403 2121 2474 2176 ab
2494 2119 2723 2191 Alpibus
2744 2118 3089 2188 navigarunt.
3113 2112 3279 2170 Scitis
3302 2124 3436 2167 vero
3456 2123 3673 2173 omnes,

2086 2224 2326 2288 quantos
2356 2213 2635 2283 universis
2680 2211 2843 2268 nobis
2878 2206 3207 2265 excitaverit
3240 2206 3447 2261 ﬂuctus
3481 2203 3675 2273 Smyro

2090 2323 2174 2363 nae
2223 2315 2441 2378 portus.
2489 2306 2762 2373 Quantam
2812 2318 2945 2358 vero
2998 2301 3120 2373 ejus
3169 2312 3335 2355 causa
3387 2296 3679 2351 hominum
3736 2300 3747 2309 '

2089 2398 2524 2464 multitudinem,
2540 2407 2843 2470 quantasve
2863 2410 3020 2467 opes,
3041 2406 3166 2449 cum
3182 2394 3335 2463 prius
3351 2398 3679 2456 consumpta

2090 2483 2434 2555 existimatis,
2465 2476 2885 2557 etiamnumque
2928 2484 3089 2540 annis
3121 2481 3359 2553 singulis
3383 2474 3681 2535 consumi?

2092 2586 2261 2641 Plane
2308 2583 2543 2640 stitissct
2585 2581 2675 2637 cui
2723 2580 2810 2636 vel
2839 2579 3020 2637 fontes
3068 2578 3290 2634 initium
3320 2572 3572 2629 fuissent.
3605 2570 3685 2626 Ac

398 2687 510 2723 των
536 2673 586 2725 οί
637 2672 966 2742 καθημέραν
1012 2673 1444 2744 ἀνασωζόμενοι,
1475 2676 1570 2742 οὓς
1619 2680 1990 2753 ἀπειρήκασιν

2096 2680 2175 2737 illi
2214 2678 2438 2751 quidem
2472 2676 2739 2748 periculis
2762 2673 3003 2730 defuncti
3031 2680 3183 2739 sunt,
3211 2673 3575 2739 sumptusque
3605 2662 3686 2718 fe~

398 2754 892 2828 ἀριθμοῦντες,·οἷς
906 2761 1080 2816 ταῦτα
1103 2763 1374 2833 ἐμέλησεν
1395 2767 1737 2837 ἀναγράφειν
1757 2782 1774 2800 ο
1805 2770 1861 2823 al
1884 2769 1991 2824 τῶν

2096 2777 2318 2833 cerunt,
2346 2768 2509 2825 nobis
2531 2782 2662 2822 vero
2688 2764 3037 2829 sedentibus,
3060 2777 3184 2835 quae
3206 2760 3334 2817 inde
3360 2768 3488 2816 sunt
3510 2757 3684 2829 lucra,

400 2851 665 2921 ιμπόρων
707 2854 995 2922 ἀναγωγαί
1018 2868 1036 2888 ⁸
1061 2855 1124 2908 τι»
1162 2855 1298 2925 μηδὲ
1331 2857 1435 2926 τῆς
1482 2857 1754 2932 θαλάττης
1808 2861 1993 2932 εἶργε·

2098 2864 2394 2920 accedunt.
2427 2861 2690 2930 Quaenam
2717 2874 2847 2915 vero
2875 2858 2991 2914 haec
3021 2855 3182 2912 dico?
3212 2851 3443 2924 Recepti
3463 2865 3526 2908 ac
3545 2849 3680 2906 salvi

403 2944 529 3002 σθαι
554 2962 570 2977 ο
599 2944 661 2999 τὸ
704 2946 804 3011 τάς
837 2948 1037 3017 νήσους
1083 2947 1160 3018 μὴ
1213 2950 1605 3021 ἀνηρπάσθαι·
1640 2952 1805 3008 πάνθ’
1850 2954 1993 3008 ὅσων

2097 2942 2347 3027 quotidie
2396 2952 2639 3024 captivi,
2689 2950 2891 3022 quibus
2932 2945 3291 3011 numerandis
3342 2959 3411 2999 ne
3448 2940 3687 2997 sullicie-

405 3036 536 3108 πρὶν
568 3038 926 3109 ήνειχόμεθα.
987 3040 1066 3092 Τὰ
1110 3039 1167 3094 δὲ
1203 3041 1340 3112 πρὸς
1376 3042 1592 3119 Ἴμϐρῳ
1641 3045 1776 3118 παρ’
1810 3045 1993 3102 αὐτῶν

2100 3050 2234 3106 baut
2252 3049 2500 3120 quidem,
2549 3044 2643 3117 qui
2681 3041 3096 3117 perscribendis
3116 3054 3341 3110 operam
3364 3037 3642 3109 ponebant
3671 3052 3684 3087 :

404 3129 676 3201 γενόμενα
698 3172 714 3194 ,
757 3130 894 3199 πρὸς
921 3131 1023 3203 τῆς
1048 3130 1308 3203 ἀληθείας
1337 3136 1526 3206 αὐτῆς,
1558 3137 1702 3207 ὑπὲρ
1731 3137 1880 3204 τίνος
1908 3156 1993 3204 τις

2099 3142 2503 3200 mercatoribus
2521 3140 2697 3196 libera
2721 3136 3085 3208 navigatiomt
3116 3149 3183 3189 ne
3200 3131 3338 3188 mari
3371 3144 3683 3190 arceantur,

314 3302 315 3305 η
403 3222 617 3290 νομίσει
655 3222 1014 3294 πεπρᾶχθαι;
1044 3225 1117 3278 Ἦ
1142 3225 1308 3279 κάκεῖ
1332 3227 1461 3289 τοὺς
1502 3227 1822 3300 βαρϐάρους
1855 3232 1993 3303 ὑπὲρ

2101 3245 2163 3291 ιιι
2189 3250 2259 3290 ne
2286 3235 2478 3291 hostes
2505 3230 2797 3301 rapuerint
2827 3228 3057 3290 insulas,
3091 3236 3437 3297 quaecunque
3461 3220 3685 3275 «lemma

403 3316 618 3371 ἑαυτῶν
652 3318 1010 3389 ἀμυνόμενοι,
1045 3317 1114 3373 τά
1137 3319 1347 3374 τοιαῦτ’
1370 3322 1780 3394 ὲπεδείκνυντο;

2097 3329 2254 3402 prius
2285 3325 2432 3398 passi
2469 3339 2682 3381 sumus.
2710 3323 2844 3391 Qua:
2871 3337 3001 3376 vero
3035 3320 3104 3375 ab
3134 3319 3218 3375 eis
3250 3314 3397 3385 apud
3442 3313 3685 3369 Imbrum

404 3418 559 3481 gesta
593 3421 743 3477 sunt,
789 3428 891 3483 per
926 3411 1403 3494 ipsamphtestor
1447 3416 1766 3487 veritatem,
1803 3420 2089 3493 cuiusnam
2164 3421 2291 3492 quis
2358 3420 2532 3493 gratia
2600 3425 2752 3490 gesta
2826 3414 3145 3488 putaverit?
3186 3411 3380 3469 llliene
3443 3421 3686 3479 quoque'

405 3513 469 3559 ut
501 3501 773 3560 Barbaros
807 3508 893 3561 sui
932 3520 1099 3561 causa
1149 3507 1569 3579 ulciscerentur,
1625 3511 1754 3568 talia
1812 3512 2211 3587 designarunt?
2926 3495 2929 3499 ν

486 3594 631 3649 Ἀλλ’
681 3594 797 3650 οὔτ’
848 3599 1047 3651 ἐκεῖνοι
1092 3599 1312 3652 πώποτε
1369 3602 1622 3673 καθῆκαν
1655 3606 1737 3670 εἰς
1782 3607 1874 3659 τὸν
1909 3605 2001 3661 Ἀ-

406 3687 585 3757 δρίαν,
614 3688 669 3742 οῐ
716 3706 779 3758 γε
812 3690 923 3745 οὐδ’
955 3690 1157 3757 ίσασιν,
1184 3694 1299 3748 οὐθ’
1340 3692 1493 3766 εὖροι
1514 3714 1599 3760 τις
1629 3696 1696 3752 ἂν
1735 3697 2000 3755 Ἰταλικὸν

407 3778 748 3851 ἀνδράποδον
793 3781 853 3835 ὲν
899 3781 1111 3856 Ἐφέσῳ
1164 3786 1261 3839 καὶ
1307 3786 1641 3859 Μαγνησίαν
1680 3788 1796 3843 ἀλλ’
1832 3791 1997 3861 ἡμεῖς

407 3872 576 3939 ἐσμὲν
601 3874 650 3927 oi
675 3873 1024 3940 δουλεύοντες
1049 3878 1329 3948 πανταχοῦ
1352 3894 1366 3909 ⁸
1402 3879 1545 3952 ὑπὲρ
1572 3873 1647 3959 tina
1677 3882 1879 3936 ἐκεῖνοι
1905 3899 2002 3938 πα-

408 3965 784 4037 ροξυνθέντες,
830 3969 1043 4039 ὀλίγαις
1084 3971 1373 4043 τριήρεσιν
1411 3973 1869 4044 ἐπιπλεύσαντες,
1899 3993 2001 4031 κα-

407 4058 637 4114 τέλαϐον
671 4060 800 4124 τοὺς
826 4059 1161 4132 βαρϐάρους,
1197 4063 1375 4119 εἴκοσι
1422 4067 1516 4120 καὶ
1560 4066 1757 4122 ὲιιατὸν
1789 4068 2001 4133 πλοίοις

410 4151 977 4225 ἀνδραποδιζομένους
1007 4156 1366 4227 τὴνἿμϐρον.
1390 4156 1525 4212 Οἴαν
1558 4157 1604 4212 δ’
1631 4160 1751 4215 ἐκεῖ
1773 4159 2000 4226 τούτους

413 4243 550 4315 ὑπὲρ
609 4244 768 4316 ήμῶν
819 4244 1111 4317 ἀπῄτησαν
1163 4247 1344 4318 δίκην,
1386 4248 1570 4303 ἴσασιν
1607 4250 1656 4303 oi
1709 4249 1871 4322 μέχρι
1900 4251 1998 4307 νῦν

411 4337 653 4391 ἐκείνων
696 4337 1041 4408 μεμνημένοι
1073 4338 1182 4392 τῶν
1211 4340 1509 4409 ναυαγίων.
1543 4341 1739 4412 Σχεδὸν
1775 4343 1886 4415 γὰρ
1905 4344 2001 4400 οὐδ

409 4429 520 4492 δεῖς
544 4431 664 4484 τότε
686 4431 908 4499 λέγεται
936 4431 1046 4483 τῶν
1070 4430 1368 4503 βαρϐάρων
1387 4433 1698 4503 διαφυγεῖν.
1728 4435 1840 4490 Καὶ
1868 4452 1999 4490 σιω-

409 4523 499 4577 πῶ
528 4516 694 4577 τάὲν
752 4523 1149 4595 Πελοποννήσῳ
1196 4518 1469 4597 λῄστρικὰ
1499 4526 1682 4593 πλοῖα,
1747 4529 1844 4583 καὶ
1886 4528 1998 4585 τῶν

414 4615 712 4688 βαρϐάρων
739 4618 869 4681 τοὺς
915 4615 1104 4671 αὐτόθι
1135 4616 1536 4689 διαφθαρέντας
1558 4660 1575 4685 ,
1618 4620 1715 4673 καὶ
1739 4610 1902 4677 πάλιν
1929 4622 2002 4678 τά

330 4752 335 4757 .
402 4693 554 4780 ’πρὸς
589 4709 879 4782 Θετταλίᾳ,
924 4711 1019 4763 καὶ
1079 4709 1211 4782 ἱερῷ
1258 4709 1400 4780 ὄρει,
1457 4712 1554 4766 καὶ
1588 4710 1998 4786 Ἑλλησπόντῳ,

2180 3607 2480 3663 Enimvero
2519 3618 2699 3675 neque
2725 3602 2804 3658 illi
2830 3618 3072 3674 unquam
3096 3600 3149 3655 in
3175 3598 3517 3656 Adriaticum
3545 3613 3695 3654 mare

2104 3699 2538 3763 descenderunt,
2583 3696 2735 3770 quod
2765 3710 2837 3752 ne
2868 3704 3079 3752 norunt
3120 3692 3384 3767 quidem;
3435 3708 3537 3750 nec
3564 3694 3691 3763 quis

2106 3806 2331 3870 servum
2384 3808 2453 3848 ex
2501 3791 2655 3848 ltalia
2699 3789 2904 3860 Ephesi
2951 3804 3016 3844 ac
3047 3788 3338 3858 Magnesiae
3374 3788 3688 3843 invenerit:

2103 3902 2208 3941 nos
2227 3901 2360 3942 vero
2387 3886 2423 3941 ii
2451 3900 2663 3951 sumus,
2688 3884 2785 3956 qui
2812 3883 3018 3954 ubique
3040 3883 3286 3953 gentium
3311 3881 3456 3937 servi
3474 3896 3688 3943 sumus,

2103 3994 2343 4049 quorum
2402 3978 2480 4035 illi
2516 3992 2681 4034 causa
2728 3975 3068 4039 exacerbati,
3117 3974 3313 4045 paucis
3367 3972 3692 4028 triremibus

2103 4072 2341 4138 advecti,
2389 4071 2658 4128 Barbaros
2705 4077 2998 4141 ceperunt,
3051 4081 3178 4122 cum
3220 4066 3297 4120 illi
3347 4074 3570 4121 centum
3625 4081 3691 4121 ac

2104 4165 2302 4235 viginti
2352 4164 2703 4237 navigiorum
2753 4164 2953 4229 classe,
3007 4160 3253 4217 Imbrum
3288 4158 3688 4230 manciparent.

2103 4258 2280 4325 Quam
2312 4273 2445 4313 vero
2474 4272 2673 4329 graves
2701 4256 2772 4312 ab
2794 4257 2878 4312 eis
2899 4269 3090 4327 ptenas
3118 4266 3219 4309 nos
3242 4251 3573 4308 ulciscentes
3595 4266 3690 4307 ex-

2102 4350 2339 4419 egerint,
2368 4351 2556 4406 sciunt
2594 4348 2689 4421 qui
2729 4349 3001 4403 hactenus
3050 4345 3191 4401 faeta
3241 4344 3354 4400 illic
3402 4343 3688 4415 naufragia

2103 4441 2369 4495 memoria
2409 4440 2673 4496 retinent.
2710 4439 2921 4495 Ferunt
2946 4436 3097 4492 enim
3125 4435 3215 4492 vix
3245 4449 3584 4510 quemquam
3610 4434 3693 4490 ef-

2105 4533 2311 4605 fugisse
2335 4533 2728 4590 Barbarorum.
2758 4532 2912 4589 Sileo
2945 4532 3207 4604 piraticas
3230 4531 3287 4585 in
3309 4528 3701 4601 Peloponneso

2104 4640 2295 4689 naves,
2319 4641 2384 4682 ac
2399 4625 2675 4681 Barbaros
2700 4624 2816 4680 illic
2844 4624 3210 4680 internecioni
3228 4622 3419 4678 datos:
3445 4637 3681 4678 rursum-

2107 4733 2216 4787 que
2243 4727 2395 4788 gesta
2421 4717 2478 4773 in
2506 4716 2813 4784 Thessalia,
2840 4724 3041 4772 monte
3070 4723 3285 4785 sancto,
3321 4713 3691 4785 Hellesponto

413 4803 513 4857 καὶ
542 4801 748 4866 πάσαις
793 4802 1000 4874 νήσοις.
1032 4802 1228 4874 Σχεδὸν
1271 4803 1379 4874 γὰρ
1415 4805 1659 4876 ἑκάστης
1692 4806 1912 4877 ἡμέρας
1943 4806 1993 4861 ἔ-

2104 4826 2171 4867 ae
2199 4810 2461 4866 omnibus
2495 4810 2712 4866 insulis.
2758 4809 2865 4869 Vix
2912 4808 3063 4866 enim
3112 4809 3361 4879 praeterit
3386 4808 3532 4876 dies,
3571 4823 3699 4879 quae

412 4894 573 4965 χουσί
602 4912 656 4948 τι
685 4895 868 4966 λέγειν
903 4893 1049 4948 κατὰ
1080 4894 1190 4948 τῶν
1224 4895 1522 4967 βαρϐάρων
1562 4898 1656 4952 ὑπ’
1690 4897 1871 4954 αὐτῶν
1904 4918 1993 4955 πει

2106 4918 2219 4959 non
2265 4902 2477 4973 aliquid
2510 4902 2568 4957 in
2617 4901 2891 4959 Barbaros
2922 4901 2992 4958 ab
3019 4901 3102 4958 eis
3129 4901 3478 4974 designatum
3530 4899 3696 4955 ferat.

415 4990 756 5061 πραγμένον.
801 4988 991 5052 Οὕτως
1019 4991 1206 5054 αὐτοῖς
1240 4989 1341 5061 μὲν
1373 4989 1433 5045 τὸ
1490 4976 1728 5063 leem
1771 4984 1998 5065 ἦτταδὲ

2109 4995 2203 5051 Sic
2227 4995 2452 5065 quidem
2491 4995 2651 5067 ipsis,
2682 4995 2945 5063 vincere;
2977 4993 3234 5052 Barbaris
3265 5002 3449 5049 autem
3480 4992 3630 5048 vinci
3664 5008 3695 5046 a

1701 5085 1809 5149 Fr.
1844 5085 2216 5153 Combeﬁsii
2245 5095 2435 5152 nota).

496 5205 576 5271 (2)
615 5206 879 5264 Eamdem
910 5208 1326 5264 Cantacuzenus
1358 5207 1648 5263 historiam
1682 5208 1872 5275 refert,
1904 5210 2004 5270 lib.

420 5293 507 5338 Ill,
538 5278 629 5345 ubi
662 5280 893 5334 classem
923 5277 1267 5334 Rhodiorum
1297 5294 1363 5333 ac
1390 5280 1627 5333 aliorum
1653 5278 2005 5345 Latinorum,

420 5344 805 5419 qtiaSinyrna
850 5358 1008 5418 capta
1058 5355 1162 5419 est,
1194 5349 1267 5402 24.
1317 5350 1626 5419 triremium
1685 5353 1858 5406 fuisse
1907 5351 2005 5417 ait,

421 5417 778 5489 celebratque
834 5417 1029 5475 eorum
1101 5418 1426 5473 immensam
1487 5417 1891 5487 fortitudinem,
1948 5431 2009 5477 ut

424 5488 588 5561 ipse_
639 5488 880 5558 praesens
956 5491 1241 5561 Aimeras;
1262 5504 1373 5543 non
1458 5490 1700 5559 potuerit
1789 5500 2006 5561 portum

426 5550 592 5630 t'utari
631 5550 694 5613 ac
726 5563 938 5615 urbem.
993 5559 1110 5613 Non
1154 5550 1329 5627 liﬁnet
1359 5550 1653 5630 quemnam
1705 5550 2008 5617 Barbarum

426 5627 738 5700 Demetrius
771 5630 846 5687 ibi
894 5630 1137 5700 occisum
1184 5629 1353 5700 dicat,
1377 5627 1411 5683 Et
1438 5645 1574 5700 quo
1599 5639 1749 5685 tanta
1805 5631 2010 5688 Graecis

425 5696 744 5771 immineret
805 5698 1114 5771 pernicies;
1153 5699 1290 5771 nihil
1359 5696 1507 5771 enim
1586 5700 2010 5759 Cantacuzenus

425 5768 701 5837 ejusmodi
731 5768 916 5842 habet.
949 5769 1172 5842 Lubens
1204 5769 1445 5842 docerer
1479 5770 1727 5842 iniquem
1772 5771 2013 5842 impera-

430 5846 601 5908 torem
632 5839 944 5908 praecedens
975 5839 1206 5896 historia
1228 5838 1448 5895 .referri
1491 5838 1709 5904 debeat,
1758 5838 1888 5897 vere
1921 5844 2010 5900 illa

430 5906 646 5965 Latinis
682 5926 745 5966 ac
779 5909 1053 5980 Occiduis,
1100 5919 1161 5965 ut
1195 5926 1301 5981 qua
1346 5911 1474 5978 alia,
1521 5911 1778 5981 gloriosa.
1822 5913 1927 5969 Sed
1956 5924 2013 5970 et

2115 5210 2328 5283 reliqua
2371 5210 2424 5268 in
2478 5212 2705 5267 eosdem
2753 5209 2991 5283 subinde
3034 5211 3186 5266 velut
3226 5209 3605 5283 obiter__dicta
3637 5225 3701 5283 ac

2117 5279 2378 5345 indicata,
2418 5283 2647 5339 omnino
2683 5283 2773 5337 illa
2801 5282 3085 5353 praeclara,
3114 5296 3179 5353 ac
3224 5295 3354 5336 vere
3395 5279 3697 5353 Christiani

2117 5354 2360 5422 pectoris
2379 5369 2505 5411 cum
2538 5357 2655 5424 pari
2683 5351 3136 5424 magnanimitate
3165 5352 3399 5424 heroum
3426 5351 3709 5424 majorum

2117 5420 2460 5494 nostrorum,
2480 5420 2751 5494 'q'uorum
2780 5420 2956 5494 'or‘his
3017 5436 3173 5477 sacro
3222 5420 3495 5494 ejusmodi
3520 5420 3524 5421 “
3554 5420 3701 5474 bello

2114 5491 2445 5559 facinorum,
2511 5490 2792 5549 theatrum
2856 5492 2991 5557 fuit,
3051 5490 3388 5562 praemiator.
3442 5490 3585 5562 Deus
3636 5504 3701 5544 ac

2118 5563 2266 5618 coeli.
2290 5565 2512 5621 Utinam
2553 5580 2685 5620 vero
2710 5572 2933 5619 tandem
2984 5559 3303 5631 aliquando,
3335 5576 3400 5615 ac
3429 5559 3510 5631 vel
3552 5573 3700 5623 sero,

2117 5643 2348 5716 nepotes
2380 5651 2445 5691 ac
2469 5635 2589 5703 lilii,
2613 5636 2709 5716 vis
2725 5634 3027 5716 quidquam
3049 5629 3416 5716 generositate
3437 5629 3698 5716 impareS.

2118 5700 2408 5774 ξμξρύλιον,
2481 5700 2591 5774 quo
2658 5700 3226 5774 discordibus'nobis
3281 5700 3547 5755 dilabitur
3614 5715 3706 5774 res

2116 5770 2451 5841 Christiana,
2499 5770 2968 5831 'eonnnutaverint
3007 5770 3062 5827 in
3114 5786 3244 5827 vere
3293 5784 3533 5837 sacrum,
3588 5771 3703 5825 avi-

2120 5851 2284 5914 taque
2316 5848 2517 5929 pietate
2543 5857 2774 5901 matrem
2800 5843 3084 5901 vindicare
3113 5841 3447 5898 studuerint.
