4068 6458
418 369 521 430 9ἳ3

1673 370 2049 433 DEMETBII
2089 339 2400 433 croomt

3588 375 3691 441 98$

430 487 702 556 principio
733 486 951 542 videtur
981 487 1268 560 obtigisse.
1300 490 1412 546 Nec
1440 491 1888 562 congressionem
1927 502 2010 540 as-

2116 491 2229 552 τοῖς
2261 489 2562 562 βαρϐάροις
2591 491 2650 558 ἐξ
2681 492 2858 564 ἀρχῆς
2920 494 3391 564 συγκεκλήρωται.
3445 493 3557 548 Καὶ
3588 494 3688 546 οὐκ

415 579 634 649 signare
663 579 844 646 liceat,
874 597 983 652 qua
1043 598 1152 637 non
1195 585 1432 641 victores
1459 595 1661 656 tropma
1697 584 2000 640 erexeriut.

417 667 714 725 Enimvero
746 687 871 726 cum
908 674 978 727 ab
1009 676 1238 746 antiquo
1275 679 1544 748 coeperint
1575 677 1849 731 Barbaros
1873 691 2002 744 pro-

412 764 571 830 sequi
613 763 763 828 odio,
801 763 1071 820 hactenus
1108 756 1483 837 perseverant,
1517 769 1732 824 utnihil
1757 783 1999 836 unquam

412 851 890 910 hederis-ineundi
935 858 1327 914 meminerint:
1364 869 1530 930 atque
1563 860 1703 914 adeo
1739 876 1826 914 res
1858 860 2004 927 ejus-

416 946 587 1013 modi,
638 947 840 1002 ncdum
889 963 1007 1004 aevo
1059 951 1184 1015 hoc,
1219 953 1458 1006 nominis
1496 953 1575 1006 eis
1603 952 1792 1006 aﬂ‘eret
1835 951 1998 1006 clari-

415 1045 618 1104 tatem;
660 1053 855 1092 verum
897 1040 1059 1094 etiam
1118 1041 1304 1097 futuro
1355 1058 1679 1113 magnorum
1730 1044 1999 1096 honorum

414 1129 582 1184 habet
613 1131 1125 1200 repromissionem.
1159 1133 1347 1204 Atqui,
1389 1136 1515 1206 quis
1543 1135 1752 1190 certius
1779 1133 1998 1204 aliquod

412 1232 800 1291 argumentum
856 1224 1009 1288 velit,
1054 1233 1114 1277 ut
1147 1241 1254 1279 non
1304 1226 1340 1280 ii
1396 1227 1576 1292 facile,
1613 1237 1872 1297 tanquam
1905 1241 2002 1281 co-

389 1312 586 1367 .lorem
618 1315 727 1367 sint
755 1315 1086 1370 sententiam
1118 1318 1407 1382 mutaturi,
1450 1333 1612 1388 quam
1647 1327 1707 1373 ut
1736 1319 2003 1372 diuturno

411 1407 549 1460 adeo
584 1415 832 1476 tempore
867 1408 1136 1462 adversus
1169 1407 1440 1463 Barbaros
1467 1409 1872 1480 depugnantes,
1905 1426 2001 1465 ne-

410 1511 516 1565 que
553 1497 656 1566 ipsi
706 1513 950 1566 unquam
981 1497 1231 1553 inducias
1278 1500 1587 1568 petierint,
1619 1515 1722 1554 nec
1751 1500 2002 1554 hostibus

409 1589 686 1642 voluerint
729 1589 978 1653 concedi,
1018 1598 1276 1660 tanquam
1328 1606 1458 1645 vero
1505 1591 1573 1644 ab
1621 1591 1738 1660 ipsa
1799 1600 2001 1646 natura

413 1682 468 1734 in
500 1696 595 1736 eos
629 1681 832 1736 bellum
873 1681 1241 1752 susceperint,
1275 1683 1352 1737 sic
1381 1697 1572 1738 eorum
1608 1682 1823 1737 ruinam
1863 1684 2000 1739 lucri

410 1774 633 1828 maximi
666 1775 790 1829 loco
828 1774 1031 1829 habent
1059 1775 1081 1827 Τ
1108 1774 1263 1840 Quod
1311 1782 1494 1829 autem
1528 1790 1634 1828 non
1665 1775 1772 1829 nisi
1806 1777 2002 1846 grandi

411 1882 519 1920 aere
545 1866 672 1921 talia
705 1867 994 1938 designare
1028 1867 1330 1935 potuerint,
1365 1867 1636 1922 ridiculus
1665 1868 1764 1922 sim
1793 1877 1853 1922 ut
1875 1883 2000 1938 pro-
2040 1848 2083 1904 Β

412 1959 544 2023 hare
574 1959 924 2012 lentavcrim.
960 1958 1170 2013 Sciunt‘
1187 1973 1319 2013 vero
1346 1959 1440 2028 qui
1472 1960 1692 2014 navales
1721 1961 2007 2016 instruunt

415 2050 629 2120 copias,
683 2049 816 2104 nihil
855 2049 1212 2119 paucioribus
1247 2049 1493 2119 indigere
1531 2051 1597 2104 ad
1637 2060 2005 2106 commeatum

415 2139 564 2196 bello
596 2150 969 2210 comparatam
1005 2141 1211 2204 navim,
1245 2149 1409 2210 atque
1446 2141 1691 2212 indigeat
1734 2133 1840 2196 una
1873 2143 2008 2196 urbs

415 2243 551 2289 tota.
604 2233 710 2288 Tot
744 2249 880 2289 vero
928 2234 1006 2288 illi
1060 2233 1322 2290 continue
1371 2234 1654 2290 instruunt
1685 2235 1908 2302 classes,
1949 2242 2009 2288 ut

412 2326 581 2381 ludus
613 2325 838 2396 quidem
887 2326 1163 2392 videatur,
1203 2342 1368 2396 quam
1403 2326 1574 2381 Graeci
1611 2330 1880 2382 miserunt
1912 2343 2010 2381 ex-

416 2429 718 2489 pugnatum
755 2417 978 2489 Trojam
1009 2437 1022 2473 :
1071 2419 1151 2472 sic
1183 2420 1335 2489 velut
1380 2434 1410 2473 e
1446 2418 1714 2482 fontibus,
1759 2420 2010 2490 pecuniae

413 2512 672 2566 afﬂuunt.
719 2511 835 2567 Nec
865 2512 1172 2565 hominum.
1213 2527 1376 2581 quam
1432 2514 1795 2582 pecuniarum
1831 2513 2012 2567 minor

416 2603 599 2673 copia.
638 2602 747 2656 Per
797 2602 1052 2656 nationes
1091 2601 1266 2667 enim,
1320 2602 1687 2673 sodaliliaque
1737 2619 1801 2658 ac
1835 2604 2012 2659 tribus

417 2702 731 2758 transeunt,
765 2702 826 2748 ut
857 2693 1154 2747 videantur
1178 2693 1356 2764 patria
1389 2694 1577 2749 relicta
1611 2695 1718 2749 alio
1773 2695 2006 2750 commi~

415 2803 596 2860 grare.
629 2786 785 2853 Quod
816 2785 862 2843 si
895 2785 1020 2856 quis
1047 2802 1114 2841 eo
1148 2789 1355 2842 moveri
1395 2788 1567 2853 dicat,
1604 2790 1748 2860 quod
1781 2804 1881 2844 nos
1911 2788 2013 2843 mi.

417 2885 689 2944 serantes,
720 2877 862 2932 mala
909 2884 1094 2931 nostra
1149 2891 1304 2931 suam
1346 2879 1589 2948 ipsorum
1639 2879 2011 2934 calamitatem

416 2968 658 3034 ducant;
687 2967 821 3038 quid
849 2967 935 3022 vel
961 2977 1222 3038 parentes
1252 2968 1582 3037 ampliorum
1608 2969 1669 3044 in
1703 2983 1805 3023 nos
1836 2968 2015 3024 visce~

419 3077 539 3116 rum
592 3060 889 3115 ostendere
947 3060 1199 3114 valeant?
1255 3058 1352 3113 Sin
1409 3073 1617 3125 autem,
1656 3068 1816 3114 tantae
1863 3059 2012 3114 illius

2116 581 2262 638 ἐστιν
2287 585 2377 638 ὅτε
2406 586 2780 656 συμϐαλόντες
2801 588 2901 641 οὐκ
2929 587 3236 656 ἀνέστησαν
3263 586 3514 655 τρόπαια.
3532 584 3690 638 Ἀλλὰ
3777 625 3790 635 .

2116 677 2224 746 μὴν
2248 677 2458 738 ἄνωθεν
2497 678 2592 732 τοῦ
2629 679 2767 751 πρὸς
2807 680 2934 743 τοὺς
2971 679 3286 751 βαρϐάρους
3319 678 3506 750 μίσους
3529 675 3693 745 ἀρξά-

2116 787 2289 840 μενοι,
2321 769 2470 839 δεῦρ’
2491 771 2580 824 ἀεὶ
2607 770 3010 838 διαγεγόνασιν,
3040 769 3163 823 οὐδέ
3193 785 3323 822 ποτε
3362 753 3692 838 μνησθέντες

2115 864 2362 918 σπονδῶν
2384 881 2398 896 ·
2436 864 2514 928 ῶς
2566 863 2716 918 τούτ’
2768 863 2954 928 αὐτοῖς
2987 863 3089 917 οὐκ
3127 860 3361 915 ἐνταῦθα
3413 861 3572 928 μόνον
3603 857 3694 912 εὖ·

2115 957 2304 1012 κλειαν
2332 952 2500 1022 οἷσον,
2534 954 2669 1008 ἀλλά
2712 957 2806 1009 καὶ
2841 954 2979 1024 πρὸς
3003 953 3065 1007 τὸ
3094 953 3290 1023 μέλλον
3333 953 3555 1020 ἀγαθῶν
3593 969 3692 1021 με·

2111 1051 2293 1118 γάλων
2330 1050 2454 1120 ἔχον
2487 1048 2844 1118 ἐπαγγελίαν.
2878 1049 3073 1102 Καίτοι
3105 1046 3190 1109 τίς
3235 1046 3302 1101 ἂν
3348 1045 3475 1100 ἄλλο
3511 1044 3693 1113 μεῖζον

2113 1141 2228 1211 ἔχοι
2268 1141 2574 1211 τεκμήριον,
2600 1139 2696 1193 τοῦ
2747 1140 2876 1203 τοὺς
2907 1125 3106 1207 ἀνδρας
3145 1137 3220 1207 μή
3269 1136 3472 1206 ῥᾴδιον,
3505 1134 3692 1204 ῶσπερ

2113 1237 2326 1307 χροιάς,
2362 1235 2722 1306 μεταϐάλλειν
2754 1233 2854 1294 τὰς
2887 1231 3111 1303 γνώμας
3142 1230 3176 1302 ἢ
3216 1229 3470 1284 τοσοῦτον
3501 1228 3693 1297 χρόνον

2115 1327 2494 1398 πολεμοῦντας
2529 1327 2666 1398 πρὸς
2697 1327 3034 1398 βαρϐάρους,
3065 1326 3270 1395 ἀνοχάς
3319 1323 3448 1393 μήτ’
3495 1322 3694 1383 αὐτοὺς

2111 1423 2353 1491 αἰτῆσαι,
2386 1424 2524 1492 μήτε
2579 1420 2806 1490 θελῆσαι
2845 1418 3030 1473 δοῦναι
3072 1419 3187 1478 τοῖς
3217 1415 3504 1481 πολεμίοις
3529 1429 3544 1445 ο
3577 1412 3692 1467 ἀλλ’

2112 1513 2304 1583 ῶσπερ
2336 1513 2431 1564 καὶ
2475 1511 2573 1580 τὴν
2605 1511 2745 1582 πρὸς
2779 1508 3025 1572 ἐκείνους
3067 1508 3250 1577 μάχην
3280 1505 3420 1576 μετά
3453 1507 3551 1574 τῆς
3593 1507 3696 1572 φύ-

2116 1625 2251 1671 σεως
2282 1606 2630 1676 δεξαμένους,
2681 1605 2826 1657 οὕτω
2855 1603 2954 1675 τὴν
2988 1603 3212 1656 ἐκείνων
3262 1599 3540 1653 ἀπώλειαν
3576 1599 3696 1668 ⁴ἥδι-

2115 1718 2239 1755 στον
2270 1698 2515 1768 νομίζειν
2543 1697 2788 1767 κερδῶν;
2814 1696 2937 1751 Ὀτι
2961 1695 3008 1750 δ’
3037 1694 3138 1750 οὐκ
3160 1693 3286 1749 ἄνευ
3305 1692 3605 1764 χρημάτων
3625 1692 3696 1745 τὰ

2112 1792 2340 1846 τοιαῦτα
2397 1790 2462 1845 ἂν
2492 1788 2865 1860 ἠδυνήθησαν,
2925 1787 3100 1856 γὲλως
3159 1785 3257 1856 μὲν
3306 1783 3695 1839 ἀποδεικνύναι

2111 1882 2444 1956 πειρᾶσθαι*
2485 1883 2632 1936 ίσασι
2657 1881 2715 1936 δέ
2742 1881 2789 1933 οί
2827 1880 2927 1942 τὰς
2954 1877 3223 1941 ναυτικὰς
3251 1877 3511 1943 δυνάμεις
3537 1874 3698 1943 ἐξαρ·

2109 1976 2386 2043 τυόμενοι,
2414 1974 2486 2037 ὡς
2514 1973 2655 2027 ὅσων
2687 1972 2785 2042 μιᾷ
2827 1969 3001 2036 πόλει,
3032 1968 3306 2022 τοσούτων
3343 1968 3424 2020 δεῖ
3469 1967 3564 2018 καὶ
3595 1967 3698 2035 μιᾷ.

2111 2051 2200 2135 νῇἳ
2233 2064 2602 2134 στρατιώτιδι.
2649 2063 3007 2125 ’Λποστὸλους
3060 2061 3102 2114 δ’
3138 2063 3343 2115 ἐκεῖνοι
3396 2058 3695 2122 τοσούτους

2113 2157 2353 2228 συνεχῶς
2404 2157 2782 2227 ἐξαρτύονται,
2823 2154 2900 2218 ὡς
2953 2153 3175 2208 παιδιάν
3233 2169 3358 2206 τινα
3397 2153 3597 2218 δοκεῖν,
3633 2151 3698 2205 δν

2112 2250 2377 2316 ’Έλληνες
2402 2249 2495 2301 ἐπὶ
2525 2248 2729 2319 Τροίαν
2763 2247 3096 2300 ἀπέστειλαν
3119 2264 3132 2278 ο
3165 2245 3310 2299 οὓτω
3355 2244 3426 2298 τὰ
3455 2244 3702 2316 χρήματ’

2111 2345 2297 2406 αὐτοῖς
2323 2342 2516 2412 ῶσπερ
2545 2341 2654 2395 ἀπὸ
2681 2341 2880 2412 πηγῶν
2909 2342 3151 2412 ἐπιρῤιῖ,
3181 2341 3277 2394 καὶ
3307 2338 3401 2392 τοῦ
3427 2339 3536 2390 τῶν
3566 2355 3702 2407 χρη-

2116 2437 2304 2507 μάτων
2336 2435 2578 2505 πλήθους
2634 2434 2732 2504 ούχ
2764 2427 2927 2505 ἦττον
2963 2432 3024 2487 τὸ
3053 2433 3160 2486 τῶν
3217 2419 3511 2500 σωμάτων.
3543 2429 3698 2482 Κατά

2112 2531 2242 2602 ἔθνη
2273 2529 2381 2600 γὰρ
2413 2527 2509 2582 καὶ
2537 2527 2682 2582 κατά
2709 2528 2950 2598 φατρίας
2979 2528 3077 2580 καὶ
3108 2527 3248 2579 κατὰ
3280 2523 3456 2594 φυλὰς
3487 2521 3700 2576 διαϐαί-

2114 2639 2335 2686 νουσιν,
2369 2620 2444 2682 ῶς
2491 2621 2672 2674 δοκεῖν
2712 2619 2906 2674 ἄλλοσε
2959 2615 3387 2688 μετοικίζεσθαι,
3438 2614 3538 2685 τήν
3592 2629 3697 2666 πα-

2113 2713 2270 2783 τρίδα
2306 2711 2735 2774 καταλιπόντας.
2773 2709 2848 2762 Τὸ
2882 2710 2926 2764 δ’
2956 2711 3050 2762 ἐπὶ
3076 2707 3251 2762 ταῦτα
3297 2704 3484 2760 κινοῦν
3513 2705 3560 2758 εί
3598 2703 3700 2772 μὲν

2112 2803 2174 2857 τὸ
2222 2805 2513 2871 συναλγεῖν
2550 2804 2686 2872 ἡμῖν
2726 2801 2871 2855 είποι
2917 2818 3028 2866 τις,
3070 2802 3167 2854 καὶ
3203 2801 3493 2869 συμφορὰν
3525 2798 3698 2849 ποιεῖ-

2118 2894 2242 2947 σθαι
2276 2894 2343 2946 τὰ
2368 2892 2612 2962 ἡμέτερα
2663 2891 2837 2962 πάθη,
2895 2891 2948 2943 τί
2978 2891 3090 2953 τοῖς
3123 2888 3343 2957 γονεῦσι
3377 2887 3506 2956 περὶ
3551 2884 3700 2956 ήμᾶς

2116 2983 2497 3048 ἐπιδείξασθαι
2533 2982 2698 3036 πλέον
2734 2981 3060 3044 κατέλιπον;
3092 2983 3141 3032 εί
3168 2980 3226 3032 δέ
3253 2979 3352 3049 τὴν
3379 2979 3474 3032 ἐπὶ
3491 2975 3698 3038 τούτοις

2115 3078 2275 3144 δόξαν
2301 3072 2462 3130 ἆθλον
2490 3075 2591 3144 τῆς
2640 3074 2913 3142 τοσαύτης
2944 3070 3352 3142 μεγαλοψυχίας
3391 3067 3698 3129 ποιοῦνται,

417 3153 842 3224 magniﬁcentiae
869 3152 1182 3223 praemium,
1210 3167 1376 3224 quam
1414 3151 1541 3206 inde
1572 3163 2009 3222 consequuntur,

2116 3172 2233 3225 πότ’
2267 3171 2333 3224 ἂν
2371 3165 2516 3224 οὗτοι
2545 3167 2758 3239 μικρῶν
2792 3184 2956 3220 τινων
3000 3165 3162 3219 ἕνεκα
3209 3163 3337 3226 τοὺς
3381 3153 3701 3233 συμμάχους

418 3246 648 3317 gloriam
689 3253 962 3316 quaerant,
994 3245 1373 3330 quandonam‘
1399 3245 1434 3299 ii
1469 3244 1654 3299 induci
1683 3245 1916 3314 possint,
1948 3254 2008 3298 ut

2116 3261 2542 3330 ἐγκαταλίποιεν
2571 3275 2586 3291 ⁶
2621 3258 2654 3328 ἢ
2703 3260 2823 3320 πῶς
2849 3257 2950 3310 ούκ
2977 3256 3042 3310 ἂν
3078 3255 3296 3325 βοηθεῖν
3327 3254 3578 3316 ἐκείνοις,
3607 3250 3700 3314 οὓς

419 3339 636 3395 levibus
669 3339 1003 3408 quibusdam
1027 3355 1092 3394 ex
1125 3339 1308 3394 causis
1341 3321 1471 3392 belli
1501 3341 1684 3394 socios
1710 3337 2005 3404 deserant;

422 3433 519 3502 qui
551 3447 684 3486 vero
731 3447 843 3486 non
874 3431 943 3486 iis
988 3432 1100 3486 sint
1149 3431 1488 3493 auxiliaturi,
1520 3445 1756 3500 quorum
1808 3431 2009 3496 salute,

424 3535 635 3580 tantam
677 3522 920 3577 habeant
969 3530 1255 3592 reportare
1292 3521 1564 3592 gloriam?
1613 3519 1709 3574 Sin
1745 3519 2008 3589 denique,

422 3617 570 3688 quod
620 3617 798 3687 majus
859 3615 1160 3686 veriusque
1209 3614 1452 3679 dicatur,
1512 3613 1660 3683 quod
1696 3614 1752 3667 iu
1784 3615 1900 3666 suis
1948 3627 2013 3667 ac

421 3708 772 3776 necessariis,
796 3724 1044 3780 quosque
1065 3717 1125 3763 ut
1141 3724 1239 3764 sua
1266 3708 1509 3778 ipsorum
1529 3707 1776 3762 membra
1793 3714 2012 3772 curent,

426 3801 695 3874 pietatem
737 3801 962 3856 videant
1009 3803 1062 3855 in
1105 3800 1404 3855 discrimen
1447 3799 1672 3862 vocari;
1723 3807 1888 3867 atque
1915 3813 2014 3852 eos

422 3893 519 3964 qui
543 3908 671 3948 cum
708 3893 844 3963 ipsis
870 3907 934 3947 ac
958 3907 1056 3964 per
1084 3893 1233 3963 ipsos
1257 3891 1537 3947 universis
1563 3889 2011 3956 dominabantur,

424 4002 618 4042 eorum
672 3986 976 4056 mancipari
1038 4001 1250 4049 servos,
1308 4000 1448 4054 quos
1499 3983 1654 4053 prius
1689 3982 2016 4038 habuissent

425 4079 702 4149 mancipia
754 4094 853 4149 pro
901 4079 1161 4133 omnibus
1211 4076 1314 4147 ipsi
1368 4077 1626 4130 adierunt
1666 4075 2010 4146 periculum;

429 4187 602 4227 unum
637 4171 774 4226 illud
801 4171 902 4225 sibi
931 4178 1328 4241 proponentes,
1360 4185 1470 4239 quo
1494 4168 1813 4238 religionem
1835 4184 2017 4224 sacra—

428 4264 696 4322 tissimam
719 4263 788 4318 ab
821 4251 1116 4332 impiorum
1144 4259 1343 4331 injuria
1374 4260 1699 4324 liberarent,
1735 4259 2014 4330 quomodo

428 4369 539 4410 non
572 4353 841 4430 eximium
895 4351 1028 4422 quid
1083 4351 1335 4406 videatur
1382 4350 1527 4421 quod
1580 4352 1649 4408 ab
1679 4351 1762 4406 eis
1791 4351 2017 4421 agitur?

429 4447 543 4499 Aut
575 4443 704 4514 quis
737 4441 1012 4496 illustrius
1037 4438 1217 4508 possit
1245 4436 1441 4493 ail‘erre
1470 4438 1691 4507 pietatis
1715 4435 2016 4491 indicium?

2114 3354 2410 3417 σώσαντες,
2442 3350 2714 3420 τοσαύτην
2755 3347 3001 3403 οἴσεσθαι
3038 3347 3292 3417 μέλλουσι
3320 3345 3514 3411 δόξαν;
3575 3345 3626 3398 εί
3652 3344 3700 3398 δ’

2112 3444 2140 3497 ὃ
2177 3444 2364 3514 μεῖξον
2397 3443 2490 3494 καὶ
2533 3432 2902 3510 ἀληθέστερον
2931 3438 3076 3493 εῐποι
3110 3457 3217 3506 τις,
3244 3437 3319 3502 ὡς
3377 3437 3613 3508 ὁρῶντες
3642 3437 3700 3488 ἐν

2115 3539 2225 3596 τοῖς
2247 3533 2469 3596 οἰκείοις
2497 3531 2594 3584 καὶ
2617 3523 2691 3583 ὧν
2719 3531 2794 3593 ὡς
2824 3524 3048 3584 οἰκείων
3079 3529 3261 3599 μελῶν
3295 3527 3573 3597 κήδονται,
3601 3526 3699 3595 τὴν

2113 3623 2397 3678 εὐσέϐειαν
2459 3618 2924 3676 κινδυνεύουσανο
2984 3621 3080 3673 καὶ
3134 3619 3263 3682 τοὺς
3317 3617 3435 3688 μετ’
3498 3615 3698 3680 αὐτῶν,

2113 3718 2214 3771 καὶ
2269 3717 2336 3768 δι’
2390 3714 2571 3769 αὐτῶν
2609 3714 2826 3766 πάντων
2876 3712 3240 3783 κρατοῦντας,
3277 3713 3390 3775 τοῖς
3428 3711 3697 3781 πρότερον

2114 3809 2476 3876 ἀνδραπόδοις
2521 3806 3008 3876 ἀναγκαζομένους
3065 3805 3364 3871 δουλεύειν,
3419 3805 3578 3858 αὐτοὶ
3608 3804 3698 3858 τὸν

2117 3901 2260 3974 ὑπὲρ
2301 3902 2408 3955 τῶν
2444 3901 2581 3954 ὅλων
2608 3899 2927 3966 ἀνεδέξαντο
2973 3897 3219 3951 κίνδυνον
3239 3937 3254 3962 ,
3291 3899 3350 3950 ἓν
3381 3896 3538 3950 τοῦτο
3570 3913 3697 3950 σκο-

2117 3996 2370 4060 ποῦντες,
2405 3995 2557 4056 ὅπως
2593 3993 2697 4063 τὴν
2730 3992 3045 4062 άγιωτάτην
3113 3990 3413 4063 θρησκείαν
3461 3991 3560 4060 τῆς
3590 3988 3697 4042 τῶν

2117 4073 2334 4144 ἀσεϐῶν
2377 4086 2591 4156 ὕϐρεως
2624 4085 2979 4156 ἐξαρπάσωσι
3000 4101 3014 4117 ο
3051 4085 3170 4148 πῶς
3203 4085 3300 4154 οὐχ
3331 4084 3607 4153 ὑπερφυὲς
3638 4081 3698 4136 τὺ

2118 4179 2241 4234 κατ’
2271 4179 2492 4245 αὐτοὺς,
2545 4179 2578 4248 ἢ
2635 4178 2688 4230 τί
2712 4246 2717 4251 1
2742 4194 2828 4239 τις
2870 4177 3254 4248 λαμπρότερον
3284 4175 3561 4236 εὐσεϐείας
3583 4175 3698 4239 ἐξε-

2118 4272 2317 4339 νέγκαι
2349 4270 2655 4340 τεκμήριον
2682 4286 2697 4335 ;
2737 4269 2793 4322 οἵ
2825 4285 2888 4336 γε
2923 4271 3034 4330 τοῖς
3070 4269 3162 4320 τὸν
3194 4267 3431 4338 Χριστὸν
3457 4267 3697 4337 βλασφη-

2124 4359 2308 4432 μοῦσι,
2365 4360 2619 4422 καὶτοῖς
2669 4359 2882 4412 ἐκείνου
2939 4359 3108 4420 θείοις
3171 4359 3354 4426 νόμοις
3415 4358 3515 4425 τήν
3569 4354 3696 4425 παρ’

2125 4457 2342 4516 ἑαυτοῖς
2373 4452 2788 4505 ἀντιτάττουσιν
2817 4451 3071 4520 ἀνομίαν,
3109 4451 3206 4502 καὶ
3249 4451 3364 4512 τοῖς
3397 4449 3492 4501 ἀπ’
3515 4447 3693 4515 -αύτού

430 4535 706 4607 siquidem
765 4528 1284 4602 blasphemantibus
1335 4529 1640 4591 Christum,
1700 4529 2011 4598 divinisque

2123 4541 2490 4610 καλουμένοις
2513 4537 2783 4600 τοσαύτας
2810 4523 3468 4608 περιτιθεῖσινάνάγκας,
3496 4537 3570 4598 ὡς
3598 4537 3696 4588 οὐκ

430 4626 552 4697 ejus
614 4624 828 4693 legibus
862 4637 1016 4677 suam
1063 4620 1311 4690 ipsorum
1361 4619 1775 4691 opponentibus
1809 4619 2014 4688 iniqui-

431 4727 627 4780 tatem,
648 4719 828 4788 inque
859 4699 1038 4769 tantas
1065 4714 1422 4769 necessitates
1454 4713 1631 4769 dictos
1663 4713 1733 4768 ab
1761 4728 1828 4768 eo
1855 4711 2018 4766 Chri-

431 4812 645 4866 stianos
680 4787 1055 4876 mittentibus,
1109 4815 1170 4862 ut
1218 4822 1287 4862 ne
1323 4807 1546 4877 quidem
1595 4787 1800 4876 alioqui
1852 4805 2016 4860 liceat

434 4901 545 4957 vita
577 4900 932 4970 superstitem
967 4915 1113 4963 esse,
1162 4900 1270 4955 nisi
1307 4915 1428 4956 eam
1473 4900 1597 4969 quis
1643 4899 1830 4954 laudet
1883 4913 2011 4954 cor-

435 4993 776 5063 ruptionem,
830 4993 930 5049 soli
983 5008 1041 5048 se
1075 4987 1349 5050 universis
1392 4994 1732 5064 adversaque
1767 4993 1886 5049 acie
1915 4993 2014 5047 ob-

429 5089 707 5157 jecerunt.
744 5085 823 5138 Ac
872 5099 1050 5156 neque
1101 5088 1296 5142 civitas
1325 5097 1444 5153 est;
1500 5103 1610 5141 non
1643 5087 1865 5153 insula;
1903 5101 2014 5142 non

434 5175 752 5239 continens,
788 5176 882 5232 ubi
934 5193 1042 5232 non
1081 5179 1142 5243 ii,
1188 5180 1334 5235 illius
1368 5195 1468 5249 pro
1503 5181 1704 5249 pietate
1742 5180 1843 5234 zeli
1877 5179 2017 5236 assi-

434 5266 546 5319 due
582 5268 868 5334 specimen
914 5265 1099 5332 edant,
1145 5283 1242 5323 eos
1283 5269 1349 5324 ad
1384 5269 1570 5322 ﬂetum
1606 5278 1884 5340 cogentes,
1919 5270 2014 5338 qui

438 5357 692 5412 irrisioni
720 5358 977 5426 pietatem
1009 5361 1234 5416 habent.
1274 5361 1338 5416 Hi
1371 5370 1500 5415 sunt
1525 5362 1618 5428 qui
1651 5362 1704 5415 in
1736 5361 1922 5416 Africa
1953 5377 2018 5415 ac

433 5449 768 5522 Carthagine
792 5468 1081 5509 numerosa
1106 5454 1410 5509 triremium
1435 5455 1631 5518 classe,
1660 5468 1722 5508 ac
1747 5453 2018 5524 pedestri-

433 5539 541 5595 bus
563 5543 738 5612 copiis
757 5544 1121 5603 Barbarorum
1140 5547 1394 5619 injuriam
1423 5546 1686 5601 cohibent
1705 5564 1718 5600 :
1740 5548 1943 5616 quique
1961 5546 2016 5600 in
2056 5578 2067 5589 -

438 5629 739 5707 Egyptum
780 5647 1087 5708 moventes,
1117 5641 1338 5696 illorum
1372 5640 1719 5708 metropolim
1755 5639 1890 5710 igni,
1921 5653 2016 5692 ca-

439 5726 758 5800 daveribus,
812 5746 877 5786 ac
921 5733 1221 5788 ruderibus
1261 5732 1632 5801 repleverint:
1665 5732 1851 5787 Asiam
1883 5747 2014 5786 vero

446 5815 530 5872 sic
576 5821 952 5890 percusserint
999 5821 1428 5892 terruerintque,
1478 5831 1537 5876 ut
1570 5822 1749 5891 magni
1783 5822 2012 5878 aestimet

2121 4634 2244 4688 ἐνὸν
2271 4632 2446 4694 ἄλλως
2477 4630 2600 4702 ζῇν,
2625 4630 2691 4681 ἂν
2727 4629 2802 4698 μή
2835 4646 2919 4690 τις
2955 4630 3173 4697 ἐκείνην
3202 4629 3398 4698 ἐπαινῇ
3449 4627 3543 4698 τὴν
3573 4628 3724 4696 φθοοο

2125 4726 2244 4797 ρὰν,
2272 4722 2424 4791 μόνοι
2453 4723 2619 4774 πᾶσιν
2642 4721 2870 4780 ἑαυτοὺς
2890 4718 3278 4788 ἁντεξήγαγον.
3303 4719 3410 4770 Καὶ
3436 4718 3535 4770 ούκ
3552 4717 3694 4769 ἐστιν

2120 4815 2183 4868 οὐ
2219 4812 2398 4877 πόλις,
2431 4811 2492 4864 ού
2524 4810 2706 4879 νῆσος.
2731 4811 2832 4861 οὐκ
2862 4809 3114 4878 ἤπειρος,
3145 4800 3204 4860 οὗ
3242 4808 3315 4877 μή
3347 4807 3583 4876 συνεχῶς
3612 4798 3694 4859 οὗ-

2121 4923 2202 4960 τοι
2240 4906 2334 4960 τὸν
2368 4904 2508 4974 ὑπὲρ
2561 4906 2660 4973 τῆς
2711 4903 2998 4964 εὐσεϐείας
3048 4901 3450 4954 ἐπιδείκνυνται
3512 4900 3691 4970 ζῆλον,

2121 4998 2337 5053 κλαίειν
2368 4987 2772 5064 ἀναγκάζοντες
2818 4995 2948 5057 τοὺς
3000 4993 3099 5063 τῆς
3145 4993 3426 5054 εὐσεϐείας
3459 5008 3697 5058 καταγε-

2120 5091 2349 5152 λῶντας.
2372 5085 2531 5143 Οὗτοι
2555 5089 2662 5156 γάρ
2687 5089 2828 5139 εἰσιν
2850 5089 2898 5139 οί
2924 5085 3063 5155 πρὸς
3094 5083 3270 5157 Λιϐύῃ
3298 5085 3396 5154 μὲν
3427 5087 3522 5138 καὶ
3552 5086 3699 5150 Καρ-

2123 5183 2308 5253 χηδόνι
2330 5180 2554 5243 πολλαῖς
2579 5180 2836 5249 τριήρεσι
2878 5179 2976 5230 καὶ
3035 5178 3175 5248 πεζῇ
3208 5177 3436 5246 δυνάμει
3466 5179 3561 5247 τὴν
3587 5176 3696 5228 τῶν

2121 5272 2419 5343 βαρϐάρων
2480 5269 2639 5340 ὕϐριν
2706 5270 3078 5340 ἀνείργοντες.
3115 5269 3438 5334 Αἰγυπτίοις
3489 5267 3545 5320 δὲ
3574 5269 3693 5319 ἐπι-

2125 5363 2586 5436 στρατεύσαντες,
2619 5364 2711 5415 καὶ
2741 5362 2842 5428 τὴν
2874 5362 3100 5416 ἐκείνων
3143 5361 3476 5430 μητρόπολιν
3523 5360 3695 5430 πυρὸς

2123 5459 2218 5510 καὶ
2253 5454 2464 5525 νεκρῶν
2517 5455 2612 5506 καὶ
2666 5453 2924 5525 ἐρειπίων
2971 5454 3354 5524 ἐμπλήσαντες
3379 5469 3394 5484 ⁶
3433 5452 3616 5505 Ἀσίαν
3647 5451 3694 5506 δ’

2121 5549 2264 5602 οὓτω
2291 5523 2614 5616 πλήξαντες,
2651 5545 2780 5598 ὥστ’
2809 5523 3030 5616 ἀγᾶᾷν
3065 5548 3112 5598 εἰ
3157 5548 3229 5614 μή
3259 5563 3308 5597 τι
3345 5545 3650 5616 προσπάθοι
3673 5561 3689 5576 ⁶

2119 5643 2247 5703 τοὺς
2289 5639 2336 5692 δ’
2383 5640 2442 5690 ἐν
2479 5637 2860 5710 Ἑλλησπόντῳ
2898 5640 2994 5692 καὶ
3034 5638 3356 5708 Προποντίδι
3409 5625 3502 5702 καὶ
3555 5637 3692 5708 πρὸς

2125 5733 2296 5800 μόνην
2321 5731 2422 5800 τὴν
2453 5729 2623 5800 ἀκοὴν
2643 5732 2740 5801 τῆς
2767 5733 2947 5784 αὐτῶν
2975 5733 3260 5800 δυνάμεως
3289 5732 3695 5798 ἀναγκάζοντες

2121 5823 2388 5894 φρίττειν.
2433 5821 2644 5878 Ἀλλων
2672 5824 2728 5877 δέ
2761 5841 2924 5878 τινων
2950 5823 3091 5892 ὑπὲρ
3124 5824 3213 5876 τὸν
3242 5823 3531 5877 Καύκασον
3562 5843 3691 5894 μαι-
