4068 6500
390 387 495 450 983

1312 393 1599 456 ORATIO
1639 397 1789 458 PRO
1833 398 2198 459 SUBSlDIO
2241 399 2718 462 LATINORUM.

3557 402 3662 462 986

352 580 353 583 η
385 501 648 572 νομένων,
671 503 766 556 καὶ
786 504 864 574 τῷ
895 505 1033 574 πυρὶ
1055 507 1446 577 προσαγόντων
1469 508 1505 562 ἂ
1530 511 1800 582 προσήκει
1825 511 1969 583 Θεῷ,

2081 511 2215 564 nihil
2234 512 2357 564 mali
2385 511 2668 580 amplioris
2688 509 2832 581 pati:
2870 509 2964 581 qui
2991 509 3405 580 Hellespontum
3426 525 3489 564 ac
3529 511 3664 563 Pro-

385 595 576 666 ὦσιτερ
605 597 704 649 οὐκ
735 597 917 662 ἄλλοις
961 598 1104 671 ὑπὲρ
1141 601 1239 670 τῆς
1285 601 1440 665 θείας
1474 603 1634 673 δόξης
1687 605 1964 674 προσῆκον

386 690 744 755 ἀγανακτεῖν,
781 685 926 746 οὗτοι
955 694 1069 756 τοῖς
1105 693 1290 755 ὅπλοις
1319 695 1549 758 ἐκείνοις
1585 697 1964 761 ἐπιπεσόντες,

387 781 486 848 τὴν
525 781 754 838 ἐκείνων
791 784 1024 840 ἔσϐεσαν
1053 785 1304 855 ἀλογίαν,
1338 787 1602 842 ἀποικίαν
1632 805 1692 840 τε
1723 788 1976 858 πέμπον-

387 889 504 938 τες,
555 876 653 928 καὶ
703 877 907 946 νόμους
945 877 1245 946 τιθέμενοι,
1300 882 1394 933 καὶ
1443 882 1625 936 πάντα
1664 878 1868 949 τρόπον
1905 879 1976 933 τὰ

389 965 499 1018 τῶν
528 967 824 1038 βαρϐάρων
853 967 1256 1039 ἐξημεροῦντες
1283 985 1298 1000 ·
1334 970 1508 1033 οὕτως
1545 962 1826 1042 ἀμήχανόν
1853 988 1975 1024 τινα

392 1058 656 1127 φροντίδα
679 1058 738 1113 τὸ
764 1062 918 1114 Θεῖον
938 1062 1078 1132 ὑπὲρ
1107 1063 1390 1125 εὐσεϐείας
1416 1064 1779 1126 ταῖςέκείνων
1811 1062 1975 1132 ἐνῆκε

385 1151 627 1221 ψυχαῖν
687 1153 827 1207 ὥστε
864 1153 1010 1206 τοῦτ’
1065 1156 1252 1218 αὐτοῖς
1285 1151 1425 1208 εἶναι
1481 1155 1618 1224 βίον,
1671 1158 1764 1209 καὶ
1815 1153 1977 1208 τοῦτο

389 1246 636 1310 σκοπεῖν,
664 1245 745 1298 ὅτι
769 1245 895 1310 τοὺς
933 1246 1250 1316 βαρϐάρους
1284 1248 1609 1318 πλήξαντες,
1639 1247 1852 1312 ἀθώους
1873 1246 1975 1314 τῆς

385 1338 613 1390 ἐκείνων
645 1337 856 1408 ὕϐρεως
884 1339 1012 1402 τοὺς
1044 1339 1164 1409 μετ’
1205 1340 1488 1403 εὐσεϐείας
1525 1341 1840 1412 ᾑρημένους
1875 1326 1976 1405 (flii

388 1413 794 1493 ἀποδείξουσίν.
851 1496 854 1498 γ

2074 600 2357 670 pontidem
2389 601 2779 664 incolentibus,
2822 601 3011 655 auditu
3031 602 3147 655 solo
3189 616 3380 655 eorum
3413 603 3660 662 virtutis.

2078 691 2361 746 horrorem
2387 693 2654 762 injiciant.
2683 692 2819 748 Cum
2849 695 3150 748 autem-alii
3178 695 3398 764 quidam
3438 695 3491 748 i-n
3520 696 3666 761 Gau-

2077 782 2188 836 casi
2212 784 2486 837 montanis
2507 783 2700 837 insano
2722 798 2933 848 errore,
2958 785 3066 838 Deo
3088 785 3325 849 debitos,
3355 785 3462 854 igni
3483 784 3669 839 defer-

2078 883 2200 928 rent
2225 873 2492 940 honores,
2531 884 2790 945 tanquam
2825 877 2958 929 nulli
2986 877 3077 930 alii
3109 890 3296 930 essent
3334 877 3535 946 quibus
3564 892 3666 944 pro

2078 965 2174 1019 Dei
2207 965 2377 1034 gloria
2403 964 2795 1032 indignandum
2822 967 3190 1032 incumberet,
3213 968 3481 1036 correptis
3499 967 3669 1020 armis

2092 1059 2145 1110 in
2180 1072 2276 1110 eos
2302 1057 2645 1121 invadentes,
2679 1057 2915 1112 alienam
2945 1074 2975 1112 a
3013 1058 3227 1112 ratione
3255 1073 3446 1112 eorum
3477 1073 3670 1126 super-

2079 1150 2363 1204 stitionem
2395 1149 2817 1211 exstinxerunt;
2851 1150 3138 1204 mittentes
3165 1151 3472 1213 coloniam,
3492 1165 3556 1204 ac
3585 1151 3666 1205 lc-

2080 1241 2241 1309 gibus
2293 1239 2681 1302 informantes.
2722 1241 2987 1310 omnique
3041 1242 3204 1296 modo
3245 1243 3514 1296 Barbaros
3561 1245 3666 1296 de-

2080 1333 2380 1388 linientes:
2443 1333 2523 1388 sic
2567 1334 2712 1388 Deus
2747 1333 3071 1386 immensam
3127 1333 3419 1403 quamdam
3479 1349 3666 1386 curam

2085 1425 2306 1494 pietatis
2335 1440 2467 1496 ergo
2493 1441 2558 1480 ac
2594 1426 2880 1496 religionis
2917 1426 3134 1480 illorum
3175 1426 3373 1480 animis
3403 1425 3665 1484 immisit:

387 1533 449 1580 ut
477 1527 596 1582 haec
627 1541 821 1581 eorum
861 1528 974 1582 vita
1019 1526 1114 1592 sit,
1158 1529 1206 1583 is
1237 1543 1460 1598 scapus,
1502 1535 1562 1582 ut
1591 1523 1972 1594 percutientes
2011 1536 2077 1575 ac
2105 1521 2470 1592 percellentes
2496 1521 2788 1587 Barbaros,
2828 1521 2894 1576 ab
2958 1537 3149 1578 eorum
3215 1520 3417 1591 injuria
3453 1519 3668 1574 incolu-

387 1635 506 1676 mes
538 1631 762 1676 servent
793 1623 1016 1690 pietatis
1041 1623 1305 1678 cultores.

457 1717 696 1778 Τούτους
733 1719 831 1788 μὲν
882 1714 976 1772 οὖν
1004 1721 1108 1773 κᾶν
1168 1719 1244 1792 μὴ
1311 1718 1669 1790 βουλομένους
1717 1719 1812 1772 καὶ
1868 1717 1970 1785 τήν

2150 1715 2262 1769 llos
2306 1731 2438 1769 sane
2491 1715 2705 1769 tametsi
2759 1714 2992 1777 nollent,
3059 1712 3296 1781 bellique
3354 1692 3669 1765 societatem

389 1810 709 1880 συμμαχίαν
770 1811 1222 1883 ἀπαγορεύοντας
1290 1813 1400 1866 ἔδει
1459 1808 1968 1882 προσαναγκάζειν,

2081 1806 2474 1867 detrectarent,
2517 1807 2734 1861 abunde
2781 1820 2880 1859 nos
2913 1813 3195 1874 oporteret
3223 1818 3442 1872 cogere,
3475 1818 3676 1871 rogan-

385 1902 672 1969 δεομένους
701 1904 792 1956 καὶ
839 1904 1086 1975 χρήμαθ’
1127 1905 1617 1976 ὑπισχνουμένους,
1660 1903 1756 1956 καὶ
1799 1904 1980 1954 πάντα

391 1985 701 2053 ποιοῦντας,
747 1989 818 2043 δι’
862 1984 939 2043 ὧν
989 1991 1076 2051 ἂν,
1111 1990 1230 2062 μεθ’
1280 1993 1440 2061 ήμῶν
1499 1993 1690 2057 στῆναι
1747 1988 1972 2048 τούτους

393 2080 704 2149 ἐπείθομεν,
725 2082 935 2136 οὐδέσιν
962 2083 1170 2154 ἐτὲροις
1199 2085 1402 2153 μᾶλλον
1423 2083 1646 2155 θαρρεῖν
1673 2083 1888 2154 ἔχοντες
1912 2084 1978 2135 ἐκ

391 2167 501 2220 τῶν
544 2168 876 2239 εἰρημένων.
919 2171 1074 2224 Ἐπεὶ
1116 2171 1174 2225 δέ
1203 2173 1431 2235 τούτους
1469 2172 1734 2241 ήγγελται
1766 2172 1862 2224 καὶ
1909 2170 1974 2240 δὴ

391 2261 793 2326 παρεῖναι,ικαὶ
837 2260 939 2331 τὴν
986 2263 1310 2333 συμμαχίαν
1342 2264 1476 2335 ήμῖν
1511 2262 1974 2332 ἐπαγγελλόμενοι

387 2351 498 2412 τοῖς
525 2350 702 2403 οὐκέτ’
741 2353 1063 2423 ἀντέχουσιν
1095 2349 1254 2426 ἦκον,
1290 2356 1386 2409 καὶ
1410 2355 1519 2409 τῶν
1542 2355 1808 2417 πολλάκις
1835 2354 1975 2424 ὑπὲρ

390 2439 548 2509 ἡμῶν
603 2441 744 2494 κατὰ
786 2443 896 2496 τῶν
951 2443 1243 2516 βαρϐάρων
1291 2445 1475 2508 αὐτοῖς
1517 2445 1976 2514 ἐπιδεδειγμένων

396 2534 859 2605 ἀναμνησθέντες,
901 2532 1067 2608 ἦλθον
1125 2539 1506 2603 ἀποδώσοντες
1561 2540 1664 2610 μέν
1711 2539 1830 2608 Θεῷ
1875 2540 1975 2608 τὴν

393 2626 721 2694 ἀναγκαίαν,
749 2629 844 2682 καὶ
867 2629 934 2700 ἢν
965 2630 1115 2702 αὐτῷ
1148 2632 1368 2700 μάλιστ’
1390 2632 1626 2701 ὀφείλειν
1658 2630 1975 2702 νομίζουσιν

391 2719 680 2788 είσφοράν,
701 2720 1032 2791 ἀμυνόμενοι
1059 2721 1116 2776 δέ
1153 2725 1248 2778 καὶ
1279 2724 1420 2796 ύπέρ
1469 2725 1648 2793 ἡμῶν,
1686 2724 1781 2787 οὒς
1814 2727 1974 2794 ἡμεῖς

392 2810 492 2880 οὐχ
542 2807 645 2864 οἷοί
694 2812 743 2865 τ’
784 2814 972 2882 ἐσμὲν,
1022 2815 1198 2887 τολμᾷ
1246 2833 1330 2880 τις
1381 2816 1614 2870 ἐνταῦθα
1666 2817 1977 2888 συμϐουλῆς

397 2901 735 2972 μεμνῆσθαι,
769 2905 866 2957 καὶ
891 2906 1153 2975 συνάγειν
1194 2909 1320 2972 τοὺς
1348 2908 1744 2978 σκεψομένους,
1770 2911 1819 2961 εἰ
1858 2908 1976 2961 δέον

393 2995 541 3064 ἡμᾶς
570 2995 892 3067 ἐλευθέρους
926 2994 1104 3070 εἶναι;
1146 3000 1320 3054 Τοῦτο
1370 3001 1481 3072 γὰρ
1505 3002 1765 3069 ἄντικρυς
1794 3003 1977 3064 αὐτοῖς
2023 2999 2026 3001 “

393 3103 539 3157 φημι
600 3088 881 3157 βούλεσθαι
932 3089 1029 3161 τὴν
1092 3092 1246 3162 παρὰ
1309 3093 1498 3162 καιρὸν
1541 3094 1747 3162 ταύτην
1813 3094 1972 3146 εὐλά-

392 3177 564 3244 ϐειαν,
608 3179 641 3249 ἢ
681 3180 884 3249 μᾶλλον
918 3183 1299 3254 ἀναισθησίαν.
1339 3186 1402 3237 Ei
1440 3186 1540 3255 μὲν
1571 3186 1682 3257 γάρ
1723 3185 1756 3256 ἢ
1789 3184 1863 3256 μὴ
1897 3186 1978 3238 δεῖ

395 3269 698 3340 συμμάχων
751 3272 905 3340 ἡμῖν,
944 3272 977 3344 ἢ
1015 3273 1222 3328 τούτων
1277 3275 1408 3346 ἐξῆν
1440 3276 1696 3338 καλλίους
1747 3277 1979 3346 πορίσα-

397 3361 544 3426 σθαι,
578 3363 610 3434 ἢ
640 3365 803 3435 τυχὸν
838 3367 1329 3422 ὁποιουστινασοῦν
1355 3368 1488 3435 γοῦν
1520 3367 1632 3423 οἷόν
1658 3371 1706 3423 τ’
1733 3366 1801 3442 ἦν
1825 3371 1978 3436 ἐξευ-

395 3455 532 3522 ρεῖν,
564 3448 711 3525 εἶχεν
746 3455 812 3510 ἄν
839 3473 960 3510 τινα
996 3457 1156 3525 λόγον
1185 3460 1300 3520 τοῖς
1340 3461 1696 3530 παραπλῆξιν
1727 3463 1760 3532 ή
1798 3462 1978 3515 πάντα

393 3548 595 3614 ἄτοπος
626 3547 767 3620 αὕτη
801 3550 966 3620 βουλή
991 3567 1007 3582 ⁸
1040 3553 1163 3605 ἐπεὶ
1185 3551 1240 3605 δέ
1276 3552 1344 3606 τὰ
1389 3553 1490 3622 μέν
1528 3553 1629 3624 τῆς
1659 3555 1869 3618 πόλεως
1899 3555 1979 3608 οῖ-

393 3651 574 3706 χεται,
612 3640 704 3690 καὶ
734 3638 860 3691 καθ’
891 3639 1121 3703 ἑαυτοὺς
1147 3641 1466 3709 ἀνενεγκεῖν
1493 3643 1845 3712 ἡμᾶς-πάλαι
1869 3643 1979 3696 τῶν

392 3727 676 3782 ἀδυνάτων
715 3729 774 3784 ὃν
795 3731 1072 3800 κέκριται,
1101 3732 1195 3795 οὓς
1225 3734 1269 3786 δ’
1294 3732 1360 3787 ἂν
1385 3735 1729 3814 ἐκαλέσαμεν
1758 3737 1981 3808 συμμά-

2079 1908 2184 1960 tes.
2233 1899 2621 1969 promittentes
2653 1898 2936 1968 pecunias.
2985 1898 3283 1966 omniaque
3325 1905 3671 1965 praestantes,

2078 1992 2281 2062 quibus
2316 1991 2600 2045 nobiscum
2629 1999 2776 2044 stare
2811 1989 3196 2053 suaderemus,
3229 2003 3353 2043 cum
3382 2005 3447 2042 ex
3488 1989 3672 2052 dictis,

2078 2084 2246 2138 nullis
2268 2082 2388 2136 aliis
2419 2082 2649 2151 perinde
2686 2081 2853 2136 fidere
2881 2081 3201 2158 habeamus.
3240 2079 3319 2134 Ex
3349 2096 3459 2150 quo
3489 2089 3673 2134 autem

2079 2174 2244 2232 etiam
2294 2175 2486 2230 adesse
2533 2175 2845 2228 nuntiatum
2887 2183 2992 2236 est,
3042 2172 3279 2242 bellique
3329 2173 3511 2227 socios
3560 2171 3674 2226 fore

2078 2268 2438 2338 spondentes,
2479 2267 2547 2320 iis
2596 2275 2796 2336 praesto
2829 2275 2959 2320 sunt
3006 2265 3097 2335 qui
3155 2264 3394 2318 necdum
3443 2280 3539 2319 eos
3567 2265 3673 2319 sibi

2079 2357 2357 2412 devincire
2390 2355 2688 2411 studebant
2715 2372 2728 2408 :
2761 2364 2926 2423 atque
2957 2354 3012 2407 in
3048 2353 3366 2407 memoriam
3401 2367 3672 2407 revocan-

2079 2460 2163 2506 tes
2185 2465 2308 2519 qnae
2335 2449 2532 2518 smpins
2566 2447 2623 2500 in
2673 2447 2946 2501 Barbaros
2981 2446 3153 2500 nostri
3184 2460 3347 2500 causa
3390 2444 3671 2514 designas-

2079 2550 2221 2605 sent,
2253 2535 2366 2595 Dei)
2397 2539 2617 2608 quidem
2656 2538 2925 2593 reddituri
2951 2544 3245 2603 venerunt,
3273 2535 3670 2596 necessariam,

2079 2648 2141 2688 ac
2170 2633 2328 2702 cujus
2375 2645 2434 2686 se
2479 2631 2716 2684 maxime
2752 2645 2878 2684 reos
2928 2627 3286 2692 arbitrantur,
3318 2626 3673 2690 oblationem,

2078 2738 2174 2779 eos
2201 2731 2385 2778 autem
2437 2728 2662 2792 propter
2704 2735 2804 2774 nos
2851 2719 3044 2782 ulturi,
3086 2734 3228 2788 quos
3277 2718 3436 2772 nobis
3482 2717 3674 2773 ulcisci

2079 2832 2187 2872 non
2220 2817 2378 2881 licet;
2413 2815 2610 2885 quisne
2640 2814 2732 2868 hic
2761 2813 2976 2868 consilii
3007 2814 3172 2867 audet
3209 2812 3548 2876 meminisse,
3585 2814 3674 2867 in-

2081 2925 2190 2981 que
2248 2907 2542 2964 consilium
2609 2920 2806 2976 cogere
2885 2907 3320 2966 deliberaturos,
3379 2913 3519 2959 num'
3573 2921 3677 2959 nos

2079 3008 2335 3068 oporteat
2363 3013 2488 3052 esse
2523 2996 2766 3064 liberos?
2794 2997 3028 3051 Perinde
3053 2997 3200 3050 enim
3229 2996 3367 3052 velle
3392 2997 3674 3062 existimo,

2079 3108 2243 3161 quem
2279 3092 2730 3160 intempestivum
2771 3089 3022 3145 timorem
3062 3097 3392 3159 praetexunt,
3421 3105 3517 3143 seu
3559 3105 3678 3143 ma-

2081 3182 2162 3253 gis
2193 3180 2699 3236 insensibilitatem.
2731 3180 3014 3251 Siquidem
3045 3183 3193 3236 enim
3234 3191 3330 3236 aut
3361 3197 3470 3235 non
3507 3182 3680 3236 habe-

2080 3289 2264 3330 remus
2291 3273 2636 3328 necessarios
2665 3273 2792 3327 belli
2827 3272 3030 3338 socios,
3057 3273 3141 3328 vel
3171 3289 3467 3343 possemus
3487 3274 3680 3329 melio-

2079 3385 2168 3424 res
2193 3369 2278 3423 ltis
2298 3383 2644 3438 comparare,
2667 3382 2730 3422 ae
2758 3372 2900 3421 forte
2922 3369 3060 3422 alios
3083 3367 3371 3436 quospiam
3397 3368 3678 3437 adjutores

2080 3463 2582 3528 invenire-liceret,
2634 3462 2862 3515 haberet
2911 3461 3100 3530 utique
3146 3459 3396 3514 attonitis
3445 3457 3678 3512 rationis

2082 3555 2288 3626 aliquid
2323 3571 2418 3625 per
2447 3555 2631 3609 omnia
2667 3553 2965 3608 absurdum
3013 3553 3340 3619 consilium;
3387 3562 3675 3621 postquam

2080 3663 2212 3703 vero
2243 3645 2484 3702 civitatis
2515 3646 2686 3700 robur
2713 3645 3050 3700 exstinctum
3082 3652 3186 3708 est,
3221 3655 3390 3712 utque
3422 3658 3522 3696 nos
3575 3641 3680 3710 ipsi

2082 3757 2110 3794 a
2161 3739 2322 3796 nobis
2368 3753 2654 3809 emergere
2701 3737 3002 3807 pessimus,
3059 3735 3398 3805 impossibile
3463 3734 3679 3804 pridem

393 3837 541 3891 χους,
573 3812 718 3875 οὗτοι
751 3822 952 3886 πάντες
981 3826 1082 3894 τὴν
1114 3825 1225 3878 τῶν
1261 3812 1538 3896 πολεμίων
1581 3826 1843 3898 εἰλήφασι
1881 3828 1980 3882 τά·

2081 3831 2384 3902 Ῑιιλιίοοιιιηι
2419 3838 2532 3894 est;
2587 3844 2726 3898 quos
2771 3843 2905 3882 vero
2936 3827 3061 3881 belli
3108 3827 3268 3880 nobis
3306 3826 3683 3879 asciveramus

397 3910 481 3975 ξιν
502 3927 517 3941 ⁸
543 3910 687 3966 οὕτω
706 3913 764 3964 ιδ’
794 3914 909 3984 ἔχει
936 3915 1108 3986 τύχης
1137 3918 1207 3976 τὰ
1262 3920 1570 3990 πράγματα
1602 3921 1723 3985 νῦν,
1770 3922 1901 3976 ὥστ’
1932 3923 1986 3977 εἴ

393 4006 654 4074 τιςςὴμᾶς
687 4005 887 4076 ἔροιτο,
921 4008 1094 4062 Τίνων
1142 4010 1268 4064 ἐστέ
1326 4011 1540 4082 κύριρις
1576 4015 1700 4083 μηδ’
1748 4015 1815 4068 ἂν
1851 4015 1983 4068 αὐτὸ

394 4097 660 4168 τοῦδαφος
715 4100 1120 4173 ἀποκρίνασθαι
1152 4102 1343 4156 λοιπον
1392 4105 1661 4175 ὑπάρχειν
1692 4107 1827 4174 ἡμῖν
1850 4121 1864 4136 ⁶
1895 4107 1981 4169 τίς

395 4192 428 4260 ή
479 4191 784 4260 φιλονεικία
829 4193 898 4245 δι’
943 4193 1011 4264 ἢν
1047 4194 1229 4248 πάντα
1263 4195 1694 4261 ἀπολωλεκότες,
1745 4197 1839 4251 νῦν
1887 4198 1982 4252 καὶ

394 4285 500 4341 τῶν
527 4285 760 4341 ἐλπίδων
792 4287 972 4342 αὐτῶν
1005 4287 1404 4346 κινδυνεύομεν
1438 4291 1807 4344 στεοτιθῆναιο

1547 4407 1562 4439 l

2083 3924 2285 3988 socios,
2326 3923 2362 3977 ii
2399 3911 2593 3977 omnes
2624 3905 2868 3974 hostium
2909 3925 3247 3987 acceperunt
3275 3927 3482 3986 partes,
3515 3926 3684 3986 atque

2086 4016 2155 4070 ad
2183 4031 2280 4070 eas
2307 4016 2470 4070 modo
2507 4013 2714 4068 redacti
2751 4026 2943 4066 sumus
2987 4011 3291 4080 angustias,
3339 4019 3398 4063 ut
3445 4024 3683 4078 percon-

2085 4119 2238 4164 tante
2271 4124 2340 4163 ex
2386 4087 2541 4160 nobis
2585 4085 2794 4174 aliquo,
2841 4116 3078 4173 quorum
3120 4101 3328 4156 domini
3383 4101 3577 4167 simus,
3611 4116 3681 4156 ne

2084 4200 2295 4254 nudum
2327 4197 2504 4252 solum
2536 4195 2711 4250 nostri
2741 4192 3001 4261 deinceps
3026 4189 3167 4260 juris
3190 4205 3312 4246 esse
3344 4190 3681 4259 respondere

2084 4291 2360 4360 possimus
2402 4306 2415 4343 :
2454 4303 2704 4358 quaenam
2736 4285 2854 4339 haec
2883 4273 3520 4353 contentio,cnjus'vitio
3559 4297 3681 4337 om~

2083 4381 2250 4435 nibus
2277 4379 2516 4441 amissis.
2553 4378 2726 4448 ipsius
2748 4391 2970 4448 quoque
3007 4391 3154 4432 nune
3189 4376 3504 4431 amittendae
3561 4377 3679 4447 spei

2083 4472 2261 4526 aleam
2285 4470 2553 4526 facimus?

469 4556 538 4610 Ἦ
583 4554 721 4625 πρὸς
753 4553 854 4625 μὲν
879 4555 1007 4619 τοὺς
1033 4554 1213 4619 δεῖνας
1241 4555 1503 4628 πρέσϐεις
1545 4555 1972 4624 ἀποστελοῦμεν,

2150 4559 2492 4632 Num,rogo,
2553 4561 2622 4616 ad
2671 4561 2917 4618 incertos
2961 4561 3225 4633 quosdam
3280 4560 3679 4617 destinabimns
3773 4573 3775 4575 ‘

396 4648 492 4700 καὶ
525 4648 789 4718 χρήματα
822 4649 1095 4719 δώσομεν,
1130 4649 1227 4702 καὶ
1265 4649 1477 4718 γάμους
1527 4648 1979 4718 ὐποσχησόμεθα,

394 4740 491 4793 καὶ
529 4741 659 4804 τοὺς
689 4739 1009 4810 οἰκοτρίϐας
1041 4738 1136 4792 ἐπὶ
1166 4739 1264 4801 τὰς
1313 4739 1640 4810 ὑπερορίους
1688 4741 1981 4809 στρατείας
2011 4803 2023 4815 ⁸

397 4835 701 4903 κινήσομεν
724 4849 740 4863 ⁸
771 4833 900 4895 τοὺς
929 4833 986 4913 δὲ
1020 4837 1225 4904 προῖκα
1273 4836 1586 4902 συμμαχεῖν
1617 4833 1979 4902 βουλομένους

395 4923 868 4994 ἀποπεμψόμεθα,
897 4924 956 4976 τὸ
988 4924 1222 4997 μηδενὸς
1248 4925 1404 4994 ἡμῶν
1431 4925 1641 4978 δεῖσθαι
1675 4925 1860 4995 μόνον,
1901 4926 1978 4990 ὡς

399 5013 602 5079 ἔοικεν,
635 5014 853 5084 ἔχοντες
895 5015 1185 5080 ἐγκαλεῖν
1224 5016 1322 5070 καλ⁵
1372 5019 1498 5080 τοὺς
1532 5019 1632 5088 μὲν
1687 5017 1762 5090 μὴ
1795 5017 1983 5088 βουλο-

403 5107 598 5174 μένους
629 5109 1062 5179 ἐπιχειρήσομεν
1099 5108 1310 5163 πείθειν
1333 5125 1347 5139 ·
1382 5111 1432 5163 εί
1463 5110 1522 5163 δέ
1556 5129 1638 5174 τις
1669 5100 1980 5182 αὐτόματος

399 5193 540 5270 ἧκε,
595 5201 1131 5269 καταφρονήσομενο
1188 5200 1284 5254 καὶ
1336 5201 1413 5271 μὴ
1471 5203 1834 5269 φαινομένους
1882 5205 2017 5272 μὲν·

401 5292 526 5353 τοὺς
572 5292 898 5361 συμμάχους
925 5291 1259 5362 ποθήσομεν,
1295 5294 1576 5362 φανέντων
1606 5294 1663 5346 δέ
1710 5295 1983 5366 ἀμελήσο-

405 5400 505 5453 μεν
528 5400 543 5416 ⁶
594 5385 690 5438 καὶ
722 5383 832 5437 τῶν
864 5383 966 5453 μὲν
1007 5384 1268 5438 κινδύνων
1312 5385 1662 5452 ἐφεστώτων,
1694 5384 1807 5438 θεοί
1835 5404 1981 5450 τινες

402 5471 545 5530 εἶναι
571 5476 820 5548 δόξομεν,
852 5477 951 5530 καὶ
975 5476 1074 5547 τὴν
1105 5477 1362 5547 εὐτυχίαν
1411 5479 1544 5546 ἡμῖν
1580 5479 1849 5532 ἀθάνατον
1884 5497 1982 5533 πε-

404 5568 682 5640 πηγέναι;
717 5568 913 5622 Καίτοι
951 5569 1000 5620 εί
1058 5553 1159 5638 μὲν
1214 5569 1383 5639 μηδὲν
1436 5571 1552 5623 ἐστι
1607 5573 1978 5641 προσδοκῆσαι

403 5661 535 5727 παρ’
564 5661 749 5714 αὐτῶν
781 5660 1068 5731 βλαϐερὸν,
1103 5661 1221 5722 πῶς
1253 5662 1314 5715 οὐ
1348 5663 1501 5733 παρά
1536 5663 1728 5730 καιρὸν
1757 5665 1890 5731 ἡμῖν
1921 5664 1980 5716 τὸ

403 5749 796 5820 βουλεύεσθαι;
827 5753 875 5806 εί
903 5750 950 5806 δ’
993 5751 1199 5822 ὑποψία
1251 5753 1442 5806 κακῶν
1487 5753 1581 5805 ἐπὶ
1636 5754 1783 5807 τοῦθ’
1830 5756 1979 5824 ήμᾶς

402 5843 550 5913 ἄγει,
581 5845 793 5900 εἰπάτω
826 5863 914 5908 τις
960 5844 1019 5898 τὸ
1052 5843 1194 5911 δέος,
1224 5843 1293 5899 δι’
1327 5844 1354 5899 ὃ
1393 5845 1581 5901 παθεῖν
1611 5846 1671 5900 οὐ
1712 5847 1973 5912 δέδοικεν,

2084 4657 2316 4727 legatos,
2353 4655 2720 4724 dabimusque
2771 4655 3056 4724 pecunias,
3088 4669 3152 4708 ac
3189 4654 3408 4722 nuptias
3447 4652 3678 4723 promit-

2087 4758 2287 4814 teinus,
2322 4746 2683 4814 hominesque
2735 4745 2879 4799 domi
2931 4753 3201 4810 assuetos,
3237 4745 3302 4798 ad
3359 4745 3679 4814 peregrinas

2083 4849 2345 4907 extraque
2394 4836 2738 4906 provinciam
2784 4836 3164 4906 expeditiones
3221 4835 3677 4906 provocabimtts;

2083 4944 2180 4984 eos
2229 4937 2412 4983 autem
2463 4928 2558 4998 qui
2613 4942 2672 4981 se
2721 4926 2893 4996 gratis
2922 4927 2978 4981 in
3011 4926 3193 4980 socios
3244 4926 3368 4980 belli
3411 4925 3678 4992 offerunt,

2084 5023 2432 5092 repellemus,
2459 5038 2629 5076 unum
2659 5021 2781 5087 hoc,
2808 5031 2965 5090 puto,
2992 5022 3102 5075 illis
3132 5020 3400 5074 habentes
3431 5022 3674 5075 dandum

2083 5113 2324 5179 crimini,
2366 5115 2511 5182 quod
2549 5112 2714 5167 nullis
2751 5114 2955 5167 nostris
2984 5112 3300 5182 indigeant?
3334 5127 3397 5168 ac
3428 5113 3681 5168 nolentes

2084 5207 2327 5275 quidem,
2363 5204 2644 5260 inﬂectere
2675 5205 3034 5272 conabimur;
3083 5205 3258 5275 siqnis
3307 5215 3490 5260 autem
3532 5206 3679 5260 ultro
3735 5235 3745 5246 ι

2081 5298 2288 5362 veniat,
2319 5307 2776 5364 contemnemus;
2812 5313 2878 5354 ac
2907 5298 3088 5354 socios
3123 5297 3344 5367 quidem
3377 5313 3500 5352 cum
3544 5313 3680 5351 nus-

2083 5403 2244 5456 quam
2296 5397 2578 5459 apparent,
2634 5387 3110 5455 desiderabimus;
3164 5398 3490 5458 apparentes
3545 5403 3680 5441 vero

2082 5491 2146 5531 ac
2179 5493 2300 5531 cum
2337 5479 2606 5541 videmus,
2641 5479 3012 5548 negligemus;
3057 5479 3476 5532 imminentibus
3523 5476 3678 5529 deni-

2083 5587 2190 5638 que
2225 5571 2505 5640 periculis,
2538 5571 2612 5625 dii
2644 5571 2867 5640 quidam
2910 5573 3070 5628 nobis
3108 5573 3441 5632 videbimur,
3482 5570 3677 5623 ﬁxam-

2081 5679 2190 5735 que
2272 5663 2430 5718 nobis
2509 5663 2873 5719 immorta'em
2937 5664 3252 5718 felicitatem
3322 5659 3674 5731 putabimus?

2081 5755 2268 5825 Atqui,
2318 5763 2380 5810 ut
2435 5755 2658 5824 quidem
2713 5755 2846 5809 nihil
2902 5757 2967 5810 ab
3024 5755 3106 5810 eis
3155 5753 3281 5807 mali
3345 5767 3409 5806 ac
3456 5751 3674 5822 injurite

2083 5847 2510 5918 exspectandum
2545 5851 2636 5914 sit,
2678 5845 2956 5916 quomodo
2991 5861 3098 5904 non
3151 5845 3463 5916 importuna
3508 5841 3672 5900 nobis
