4068 6522
398 376 504 434 3.137

1686 377 2069 439 DEMETRII
2111 375 2425 437 CYDONII

3566 383 3678 445 988

395 489 762 546 delli‘ratio?
813 489 895 542 .~in
950 489 1219 546 malm-um
1258 491 1501 563 su-p’cio
1553 507 1655 547 nos
1701 505 1764 545 eo
1814 488 1993 552 ducit.

2110 481 2183 541 ὧν
2222 488 2435 544 δίδοικὲ
2476 488 2664 561 χείρω.
2716 490 2991 562 Ἰσχυρούς
3026 506 3194 562 φησιν
3240 486 3383 546 sliat
3420 491 3546 556 τοὺς
3591 495 3653 545 ὲλ

398 583 545 640 dicat
573 582 703 654 quis
729 592 958 647 metum,
991 585 1148 654 cujus
1176 602 1337 641 causa
1368 602 1474 640 non
1507 587 1716 649 timeat,
1746 586 1815 640 iis
1842 586 1988 640 dcte.

398 675 568 738 riora,
604 690 728 745 qum
778 675 959 732 timet.
994 675 1189 732 Fortes
1236 678 1390 732 aiunt
1415 693 1559 741 esse,
1597 678 1691 747 qui
1733 677 1866 732 socii
1902 692 1994 733 ve-

402 767 586 831 niunt,
635 756 699 819 ac
742 783 979 836 quorum
1022 770 1283 825 omnibus
1315 770 1658 838 generositas
1707 785 1772 825 ac
1813 771 1993 827 virtus

400 869 529 911 nota
561 859 632 913 sit
659 876 674 913 ε
713 859 862 915 velut
891 862 1015 916 data
1040 878 1205 931 opera
1236 862 1572 919 inﬁrmiores
1597 864 1832 936 eligendi
1858 865 1991 931 sint,

398 950 485 1005 vel
522 951 743 1008 timidos
774 958 898 1009 e-se
947 964 1201 1025 oporteat
1242 971 1339 1012 eos
1372 958 1464 1024 qui
1516 968 1647 1013 sunt
1684 974 1786 1030 pm
1834 958 1994 1015 nobis

400 1038 457 1095 in
485 1052 765 1097 certamen
827 1044 1069 1101 venturi.
1100 1045 1172 1102 Ut
1211 1047 1363 1103 enim
1390 1048 1493 1105 hoc
1526 1050 1661 1106 satis
1706 1049 1802 1118 sit,
1826 1066 1996 1121 opor-

406 1140 627 1203 teatque
663 1136 1071 1193 commilitones
1104 1153 1170 1193 ac
1197 1139 1381 1196 socios
1411 1140 1635 1196 timidos
1669 1157 1792 1198 esse
1826 1154 1994 1214 atque

403 1222 731 1290 imbecilles,
761 1227 956 1296 quidni
990 1244 1059 1286 ex
1108 1229 1265 1286 hisce
1308 1232 1658 1299 coturnicum
1699 1234 1992 1302 ultoribus,

404 1314 962 1399 balneatoribusque,
1035 1336 1103 1376 ac
1166 1323 1524 1389 tonsoribus,
1585 1327 1996 1398 conseripsistis

403 1409 729 1473 exercitum,
756 1410 1143 1484 iisqne'cop'lis
1169 1417 1236 1471 ad
1278 1416 1481 1474 bellum
1515 1433 1613 1475 vos
1652 1426 1780 1475 cum
1810 1420 1997 1475 fortis-

405 1500 562 1556 simis
594 1502 956 1570 instruxistis.
1003 1522 1069 1563 ac
1119 1523 1219 1579 per
1257 1524 1354 1566 eos
1396 1513 1755 1569 asserendam
1804 1517 1996 1585 patriae

404 1592 711 1650 libertatem
747 1598 1139 1655 existimastis?
1175 1601 1273 1657 Sin
1319 1612 1505 1660 autem
1549 1605 1729 1660 aliena
1760 1606 1879 1663 base
1925 1608 1996 1664 ab

402 1686 557 1740 omni
591 1687 825 1753 ratione,
855 1706 923 1745 ne
962 1692 1242 1749 sociorum
1275 1697 1500 1765 quidem
1541 1714 1670 1768 spes
1719 1700 1876 1756 nobis
1905 1715 2000 1757 su-

405 1789 591 1847 specta
618 1783 708 1837 sit.
753 1783 927 1839 Porro
958 1785 1137 1843 libens
1168 1790 1439 1847 dicentem
1464 1772 1759 1861 quemdam
1787 1798 1995 1865 audivi,

404 1870 551 1926 haud
589 1873 764 1953 videri
795 1884 999 1945 tutum,
1032 1889 1093 1933 ut
1130 1879 1290 1937 nobis
1333 1880 1655 1940 fortioribus
1681 1886 1846 1943 sociis
1876 1898 2001 1943 uta-

407 1977 554 2028 mur,
609 1967 713 2021 nisi
770 1967 958 2024 hostvs
1011 1968 1263 2029 hostibus
1317 1984 1664 2031 commutare
1716 1979 1950 2035 velimus
1982 1997 2024 2036 :-

401 2072 547 2125 quos
574 2061 837 2129 patimur,
874 2062 1067 2118 iisdem
1110 2067 1473 2122 succeasuris.
1504 2067 1649 2125 Sane
1689 2086 1839 2138 vero,
1873 2075 2003 2129 sub—

409 2148 504 2202 tlc
547 2148 649 2204 hoc
699 2167 882 2207 rerum
914 2152 1169 2222 exau'ien,
1204 2172 1396 2212 eorum
1428 2158 1574 2225 dico,
1609 2161 1702 2230 qui
1725 2162 1836 2233 jam
1873 2162 2001 2219 boni

406 2241 614 2311 aliquid
668 2257 911 2315 sperent,
967 2263 1074 2304 non
1124 2264 1318 2305 eorum
1367 2253 1462 2322 qui
1518 2255 1723 2311 redacti
1770 2258 1882 2312 sint
1934 2259 2003 2315 ad

404 2345 688 2391 extremas
739 2340 1041 2409 angustias,
1091 2343 1284 2412 quales
1332 2360 1435 2399 nos
1489 2346 1727 2417 quisque
1774 2349 2000 2406 dixerit.

407 2424 479 2479 lis
508 2426 657 2480 enim
708 2429 803 2500 qui
850 2430 959 2485 huc
993 2431 1224 2488 fortuna:
1263 2445 1554 2505 venerunt,
1603 2438 1708 2495 hoc
1752 2449 2006 2511 superest

407 2527 470 2570 ut
492 2532 808 2586 Supremum
843 2530 1112 2577 tesseram
1143 2526 1372 2595 jaeiant.
1731 2527 1750 2545 ⁶

481 2608 782 2666 Enimvero
808 2614 933 2682 quis
955 2617 1244 2672 consilium
1272 2620 1377 2675 hoc
1401 2636 1510 2676 non
1529 2622 1802 2695 aanigmati
1825 2626 2005 2684 simile

408 2701 652 2757 dixerit?
680 2706 735 2761 Si
767 2709 990 2777 quidem
1021 2712 1167 2766 enim
1196 2712 1284 2778 iis,
1315 2717 1518 2785 quibus
1553 2726 1814 2789 tanquam
1847 2722 2007 2778 nobis

414 2794 879 2856 imbeciilioribus
930 2816 1124 2859 sumus
1175 2806 1348 2872 usuri,
1402 2810 1670 2865 adversus
1726 2826 1823 2867 eos
1876 2812 2005 2869 belli

409 2888 684 2944 incumbit
736 2893 930 2958 moles,
979 2897 1075 2963 qui
1126 2913 1226 2952 nos
1281 2901 1419 2954 adeo
1464 2901 1677 2957 viribus
1721 2916 2005 2974 superant,

2096 579 2291 643 οόντας
2319 582 2668 652 συμμάχους,
2702 583 2794 636 καὶ
2825 582 3029 652 πολλὴν
3052 583 3280 656 ἀνδρίαν
3320 582 3505 647 αὐτοῖς
3533 582 3700 637 πάν--

2096 690 2189 736 τις
2220 674 2543 729 συνίσασινο
2583 675 2777 746 ὥσπερ
2821 676 3138 747 ἰξεπίτηδες
3179 674 3309 742 τοὺς
3345 676 3678 731 ἀσθενεστά-

2093 782 2223 830 τους
2254 766 2377 822 δέον
2404 767 2705 840 αἱρεῖσθαι,
2731 769 2764 840 ἢ
2799 769 3008 833 δειλοὺς
3029 765 3171 824 εἶναι
3200 770 3327 835 τοὺς
3351 771 3488 841 ὑπὲρ
3511 769 3678 843 ἡμῶν

2094 859 2560 931 ἀγωνιουμένους.
2590 862 2652 916 Εί
2687 863 2797 934 γὰρ
2839 862 2988 917 τοῦτ’
3016 865 3201 935 ἀρκεῖ,
3227 865 3329 919 καὶ·
3359 865 3444 919 δεῖ
3465 864 3675 919 δειλίαν

2095 950 2197 1005 καὶ
2233 949 2524 1006 ἀσθένειαν
2549 955 2838 1021 προσεῖναι
2869 956 2986 1018 τοῖς
3014 955 3309 1026 ἡμετέροις
3338 940 3675 1024 συμμάχοις.

2095 1042 2194 1097 τοῦ
2220 1045 2387 1115 χάριν
2416 1045 2493 1117 μὴ
2525 1045 2652 1109 τοὺς
2673 1046 3116 1118 ὀρτυγοτρόφους
3145 1049 3396 1114 τούτους,
3422 1047 3518 1103 καὶ
3545 1050 3679 1113 τοὺς

2095 1133 2194 1189 ἐπὶ
2219 1136 2330 1191 τῶν
2359 1134 2661 1208 βαλανείων
2706 1140 2803 1195 καὶ
2849 1140 2962 1196 τῶν
3005 1140 3270 1212 κουρείων
3293 1140 3676 1209 ἀθροίσαντες,

2100 1229 2422 1300 στράτευμα
2452 1231 2806 1300 κατελέξατο,
2840 1235 2938 1290 καὶ
2960 1236 3099 1304 μετά
3124 1233 3332 1288 τούτων
3360 1235 3475 1292 τοῖς
3498 1233 3646 1304 ἐρῤω
3664 1264 3677 1272 ο

2100 1322 2460 1388 μινεστάτοις
2493 1323 2753 1394 πολεμεῖν
2803 1308 3247 1394 παρεσκεύασθε,
3283 1324 3380 1377 καὶ
3420 1322 3510 1378 διὰ
3554 1323 3681 1376 τούο

2097 1430 2207 1466 των
2237 1407 2573 1483 ἐλευθεροῦν
2592 1414 2872 1482 ἐγνώκατε
2909 1415 3009 1488 τὴν
3031 1416 3306 1487 πατρίδας
3336 1415 3399 1470 Ei
3419 1415 3476 1470 δι
3504 1416 3680 1470 ταῦτα
3737 1448 3752 1458 -

2098 1505 2254 1576 παρά
2280 1506 2488 1570 πάντας
2513 1506 2633 1561 ἐστὶ
2666 1508 2799 1570 τοὺς
2824 1508 3148 1580 λογισμοὺς,
3184 1506 3311 1579 μηδ’
3336 1510 3371 1579 ἡ
3396 1507 3504 1573 τῶν
3537 1525 3680 1581 συμ-

2102 1590 2292 1668 μάχων
2333 1596 2490 1662 ἐλπὶς
2523 1599 2660 1669 ἡμῖν
2690 1595 2937 1664 ὕποπτος
2978 1599 3145 1654 ιστω.
3169 1600 3376 1672 Χάριεν
3402 1600 3449 1654 δ’
3474 1599 3504 1654 δ
3528 1615 3679 1662 τινος

2099 1691 2314 1759 ηκουσα
2343 1691 2621 1759 λέγοντος,
2672 1694 2751 1757 ὡς
2775 1694 2880 1751 οὐκ
2928 1693 3178 1764 ἀσφαλὲς
3212 1694 3585 1764 ἰσχυροτέροις
3616 1695 3678 1763 ἡ·

2031 1833 2074 1893 Β
2106 1782 2225 1852 μῶν
2249 1784 2491 1854 χρῆσθαι
2532 1789 2871 1858 συμμάχοις.
2914 1788 2968 1842 εί
3016 1788 3093 1858 μὴ
3127 1786 3419 1857 μέλλοιμεν
3448 1785 3678 1893 admit?

2105 1875 2323 1945 ἐχθροῖς
2351 1877 2735 1942 ἀλλάττεσθαι,
2762 1878 2873 1934 τῶν
2893 1878 3064 1934 ὄντων
3086 1879 3215 1943 τοὺς
3240 1876 3680 1947 ὶπιὰντας.’1ζγὼ

2103 1970 2160 2025 δὲ
2191 1971 2366 2025 ταῦτα
2400 1974 2501 2041 μὲν
2538 1973 3018 2044 ἀκρισολογεῖσθαι
3047 1975 3156 2027 τῶν
3184 1974 3288 2045 ἥδη
3307 1990 3357 2028 τι
3385 1973 3479 2027 καὶ
3510 1988 3684 2039 προσ-

2103 2065 2390 2120 δοκώντων
2444 2067 2681 2138 χρηστὸν
2714 2063 2857 2121 εἶναι
2889 2067 3055 2138 φημὶ,
3086 2067 3148 2120 οὐ
3169 2066 3277 2118 τῶν
3305 2067 3386 2129 είς
3416 2067 3522 2119 πᾶν
3545 2065 3680 2119 dm;

2107 2157 2231 2227 ρίας
2268 2159 2536 2227 ήκὸντων,
2573 2158 2718 2222 οἴους
2754 2157 2901 2228 ἡμᾶς
2944 2157 3052 2221 πᾶς
3094 2174 3180 2220 τις
3226 2155 3294 2210 ἂν
3328 2154 3493 2209 εἴποι.
3555 2157 3682 2217 Τοῖς

2105 2251 2218 2322 γὰρ
2248 2250 2485 2305 ἐνταῦθα
2514 2253 2713 2323 ἥκουσι
2735 2252 2905 2323 τύχης
2935 2252 3032 2305 καὶ
3059 2249 3154 2305 τὸν
3198 2249 3427 2321 ἔσχατον
3459 2247 3686 2318 ἀναρῤι-

2106 2361 2212 2399 πτε
2220 2362 2269 2397 ιν
2296 2343 2464 2397 κύϐον
2494 2344 2706 2399 λοιπόν.

2192 2618 2355 2672 Ἀλλά
2385 2615 2494 2688 μὴν
2543 2615 2596 2669 τί
2638 2631 2727 2679 τις
2765 2613 2835 2668 ἂν
2870 2614 3030 2679 λέγοι
3055 2611 3337 2682 διαφέρειν
3362 2609 3688 2685 αἰνίγματος

2108 2710 2320 2781 ταύτην
2349 2709 2450 2781 τὴν
2482 2708 2834 2778 συμϐουλήνς
2866 2707 2928 2760 El
2969 2704 3078 2777 γὰρ
3104 2699 3186 2768 οἷς
3216 2703 3292 2766 ὡς
3319 2702 3479 2774 ἡμῶν
3521 2703 3691 2756 ἀσθε-

2110 2804 2388 2875 νεστέροις
2416 2801 2755 2872 χρησόμεθα,
2783 2791 2930 2853 οὗτοι
2957 2797 3090 2869 πρδς
3111 2797 3235 2860 τοὺς
3265 2794 3517 2848 τοσοῦτον
3539 2795 3693 2863 ίσχυ-

2115 2896 2373 2969 ροτέρους
2404 2895 2563 2967 ἡμῶν
2612 2893 3042 2964 παρατάξονται,
3083 2892 3202 2952 πῶς
3234 2889 3334 2959 οὐχ
3380 2889 3519 2956 ὅπερ
3547 2888 3689 2957 ἔφην

412 2980 692 3049 quomodo
724 2997 833 3038 non
865 2985 919 3039 id
943 2988 1161 3054 accidit,
1187 2990 1335 3059 quod
1362 2990 1512 3061 dixi?
1542 2993 1801 3050 nimirum
1827 2997 2009 3056 simile

2113 2988 2444 3059 συμδαίνεις
2482 2987 2868 3058 παραπλήσιον
2922 2985 3116 3055 ὥσπερ
3151 2983 3221 3038 ἂν
3271 2984 3325 3038 εί
3356 2999 3441 3045 τις
3472 2981 3540 3035 τά
3577 2980 3688 3035 τῶν

410 3071 719 3142 quidpiam,
750 3090 816 3131 ac
863 3076 908 3131 si
940 3079 1067 3147 quis
1104 3080 1318 3136 minora
1354 3083 1688 3151 minoribus,
1717 3089 1913 3157 primis
1944 3107 2010 3148 ac

2113 3081 2416 3135 ἐλαττόνων
2443 3080 2653 3134 ἐλάττω
2684 3079 2858 3149 μείζω
2885 3080 2994 3134 τῶν
3023 3078 3260 3148 ἑξαρχῆς
3284 3074 3460 3146 ἀξιοίη
3489 3074 3687 3129 δοκεῖν.

413 3181 444 3219 a
487 3166 763 3238 princip'o
808 3172 1016 3242 majora
1067 3173 1240 3227 videri
1288 3175 1436 3230 velit.
1471 3177 1527 3232 ld
1576 3162 1862 3238 enimvero
1907 3200 2011 3243 nec

2126 3173 2288 3228 Ἀλλὰ
2321 3171 2482 3226 τοῦτο
2522 3172 2621 3243 μὲν
2654 3170 2779 3225 οὕτε
2819 3171 2923 3239 τὴν
2977 3170 3089 3223 τῶν
3119 3166 3413 3241 βαρϐάρων
3460 3163 3692 3236 δύναμιν

406 3271 609 3313 eorum
659 3270 745 3316 est
793 3264 887 3332 qui
937 3264 1304 3323 Barbarorum
1357 3275 1659 3341 potentiam
1707 3288 2010 3349 spectatam

416 3348 676 3413 habeant.
695 3352 965 3410 adversus
987 3372 1153 3425 quam
1179 3356 1497 3433 indigemus
1520 3369 1798 3425 sociorum
1820 3388 2009 3443 opera,

417 3457 523 3498 nec
557 3446 651 3513 qui
702 3457 969 3513 nostram,
1002 3456 1063 3503 ut
1093 3449 1176 3505 sic
1220 3453 1371 3524 loqui
1418 3457 1602 3527 liceat,
1630 3462 1832 3519 virium
1864 3468 2015 3523 defe-

410 3536 681 3605 ctionem,
716 3554 880 3608 quam
910 3550 1162 3610 oporteat
1195 3542 1525 3606 instaurare.
1568 3553 1625 3608 Si
1653 3557 1779 3624 quis
1811 3559 2016 3615 nihilo-

416 3628 605 3682 minus
636 3633 781 3700 ipsas
806 3646 893 3686 res
921 3632 975 3685 in
1008 3633 1302 3689 consilium
1333 3640 1465 3694 velit
1494 3642 1778 3710 adhibere,
1802 3649 2017 3705 desinet

414 3736 481 3775 ea
518 3737 764 3778 metuere
790 3740 912 3794 quae
962 3735 1169 3780 metum
1205 3746 1313 3782 non
1362 3731 1587 3797 habent,
1631 3752 1733 3792 nec
1770 3742 1967 3796 decent
1997 3759 2012 3797 :

416 3828 487 3869 ac
517 3830 750 3870 securus
782 3819 1068 3873 consistet.
1103 3821 1372 3891 Equidem
1401 3836 1463 3880 ut
1492 3830 1745 3896 pecuniis
1778 3836 2018 3902 promis-

420 3897 530 3972 sis,
561 3906 815 3978 lucrique
850 3909 1153 3979 cupiditate
1195 3931 1390 3971 eorum
1423 3920 1744 3977 attollentes
1778 3897 2015 3993 animos,

421 4000 478 4057 in
525 4001 652 4056 belli
700 4003 1020 4060 societatem
1066 4008 1447 4073 traxissemus,
1493 4011 1602 4064 dici
1653 4026 1859 4083 posset,
1900 4018 2017 4075 fore

404 4108 536 4170 .non
585 4104 874 4149 contentos
922 4099 1420 4166 minoribus,cum
1470 4103 1629 4172 plura
1694 4106 2019 4165 lucrifacere

422 4196 698 4258 possent:
732 4190 817 4242 sin
868 4204 999 4244 vero
1047 4191 1190 4245 adeo
1233 4192 1303 4247 ab
1355 4193 1426 4248 iis
1468 4196 1673 4251 distant
1721 4198 1815 4268 qui
1857 4201 2019 4258 malis

423 4279 596 4336 lucris
632 4296 745 4335 rem
783 4296 984 4345 augere
1015 4282 1259 4349 student,
1291 4295 1352 4340 ut
1392 4301 1491 4341 nec
1534 4289 1834 4345 immensos
1856 4306 2017 4348 vere-

425 4381 593 4427 antur
619 4383 893 4444 sumptus.
927 4374 1240 4444 horumque
1287 4379 1577 4449 perspicue
1627 4380 2022 4439 insensibilita-

430 4475 540 4520 tem
591 4476 884 4529 accusent;
942 4467 1215 4536 siquidem
1270 4470 1457 4524 nullus
1512 4472 1596 4527 eis
1649 4474 2016 4530 maximarum

2046 4514 2098 4576 D

2114 3264 2552 3336 ὲπεσκεμμένων
2585 3264 2725 3331 ἐστὶ,
2758 3264 2894 3336 πρὸς
2925 3264 2993 3335 ἢν
3036 3261 3120 3315 δεῖ
3144 3260 3252 3315 τῶν
3288 3260 3595 3331 συμμάχων
3627 3260 3694 3329 ή-

2118 3362 2233 3432 μῖν,
2263 3360 2391 3414 οὔτε
2419 3359 2521 3430 τὴν
2552 3360 2834 3430 ἡμετέραν
2863 3358 3103 3420 ἔκλυσιν,
3129 3357 3179 3409 εί
3211 3353 3293 3407 δεῖ
3321 3354 3467 3409 τοῦτ’
3494 3355 3692 3416 εἰπεῖν.

2115 3454 2186 3525 ἢν
2222 3451 2644 3524 ἀνακτήσασθαι
2672 3451 2772 3506 δεῖ.
2806 3450 2999 3520 Ὅμως
3032 3449 3085 3502 εί
3116 3463 3202 3512 τις
3231 3449 3345 3511 τοῖς
3374 3448 3694 3519 πράγμασιν

2116 3547 2300 3608 αὐτοῖς
2328 3546 2508 3616 ἀξιοίη
2534 3544 2772 3616 χρῆσθαι
2798 3542 3151 3612 συμϐούλοις.
3179 3540 3449 3594 παύσεται
3475 3540 3544 3593 τὰ
3564 3540 3697 3593 ἀδεᾶ

2116 3641 2308 3701 δεδιὼς
2360 3640 2457 3694 καὶ
2518 3636 2614 3691 τοῦ
2669 3635 3045 3707 προσήκοντος
3098 3633 3202 3699 ἔξω
3248 3635 3351 3703 τῆς
3391 3621 3692 3702 ἀσφαλείας

2120 3731 2400 3802 ἐχόμενος,
2442 3729 2506 3784 Εί
2540 3728 2640 3798 μιν
2665 3725 2776 3798 γὰρ
2812 3726 3059 3797 χρήματ’
3085 3725 3272 3809 αὐτοῖς
3305 3723 3689 3795 ὑποσχόμενοι,

2121 3823 2216 3876 καὶ
2241 3826 2304 3893 τῇ
2338 3820 2435 3876 τοῦ
2465 3822 2693 3890 κέρδους
2727 3819 2996 3891 ἐπιθυμίᾳ
3046 3819 3147 3883 τὰς
3184 3817 3413 3891 γνώμας
3458 3819 3695 3888 ἐπάραν-

2119 3932 2235 3978 τες,
2268 3914 2363 3967 ἐπὶ
2399 3912 2461 3966 τδ
2510 3913 2828 3984 συμμαχεῖν
2870 3911 3262 3981 ὲφειλκόμεθα,
3298 3909 3467 3984 ἦν’ἂν
3512 3909 3695 3977 λέγειν

2119 4009 2195 4071 ὡς
2254 4008 2356 4061 οὐκ
2386 4006 2822 4077 ἀρκεσθήσονται
2855 4006 2969 4068 τοῖς
3029 4003 3334 4069 ἐλάττοσιν,
3365 4001 3487 4067 ἐξὸν
3527 4000 3695 4056 πλείω

2121 4100 2432 4172 κερδαίνειν
2450 4113 2467 4129 ’
2496 4100 2547 4152 εί
2570 4096 2627 4151 δὲ
2649 4096 2863 4151 τοσοῦτ’
2888 4094 3159 4165 ἀνομοίως
3187 4097 3314 4167 ἔχου
3325 4112 3378 4148 σι
3412 4093 3551 4165 πρὸς
3566 4096 3694 4158 τοὺς

2122 4192 2472 4248 πλεονεκτεῖν
2509 4188 2895 4260 βουλομένους,
2927 4187 3056 4242 ὥστ’
3093 4188 3236 4266 εἰσὶν
3260 4188 3311 4242 οί
3340 4188 3441 4260 τὴν
3468 4189 3696 4258 ἄπειρον

2119 4283 2367 4356 δαπάνην
2405 4282 2750 4347 κακίζοντες,
2787 4282 2882 4335 καὶ
2913 4281 3060 4350 σαφῆ
3091 4280 3304 4334 τούτων
3334 4277 3700 4349 κατηγοροῦν-

2120 4394 2215 4441 τες
2266 4375 2369 4446 τὴν
2415 4372 2801 4443 ἀναισθησίαν,
2826 4374 2873 4425 εί
2914 4372 3104 4442 μηδεὶς
3150 4371 3336 4435 αὐτοῖς
3381 4372 3527 4422 ἐστιν
3574 4369 3696 4438 ὅρος

2124 4472 2235 4527 τῶν
2284 4470 2537 4539 ἀκαίρων
2571 4466 2951 4536 ἀναλωμάτων
2974 4479 2989 4493 ο
3046 4464 3168 4527 πῶς
3212 4464 3315 4518 οὐκ
3372 4459 3696 4530 ἀναίσθητον

426 4573 800 4627 expensarum
841 4557 988 4620 ﬁnis.
1029 4560 1308 4629 quomodo
1340 4578 1446 4616 non
1479 4578 1508 4618 a
1544 4579 1710 4620 sensu
1756 4567 2011 4623 abhorret

2124 4565 2265 4636 ὑπὲρ
2293 4562 2389 4616 τοῦ
2415 4560 2526 4615 τῶν
2551 4558 2857 4614 ἐλαττόνων
2889 4556 3031 4627 μετὰ
3059 4555 3170 4607 τῶν
3209 4553 3474 4607 κινδύνων
3515 4552 3697 4620 τυχεῖν

432 4659 497 4706 ιιι
529 4651 743 4705 minora
784 4651 1045 4718 periculis
1083 4642 1708 4724 cnnjuneta‘obtineant,
1743 4661 1895 4727 plura
1924 4676 2020 4717 eos

432 4758 498 4797 ac
535 4744 745 4814 majora
776 4742 1138 4811 profundere.
1172 4762 1296 4816 quae
1325 4750 1546 4811 nemine
1574 4748 1881 4808 lacessente
1922 4767 2022 4808 ne-

433 4835 643 4903 gotium
675 4849 773 4890 sua
802 4835 1159 4904 possideant?
1190 4838 1324 4893 Nam
1360 4834 1553 4911 liquet,
1587 4843 1669 4898 vel
1697 4843 1744 4898 si
1773 4858 1875 4899 nos
1914 4844 2021 4915 ipsi

436 4932 690 4986 mercede
714 4929 1091 4994 redderemus,
1119 4948 1189 4989 ne
1211 4944 1419 5004 partem
1450 4934 1674 5006 quidem
1697 4948 2021 5007 sumptuum

438 5024 632 5079 classis
655 5035 996 5094 recepturos.
1021 5027 1139 5083 Non
1159 5044 1290 5098 ergo
1315 5032 1460 5100 quod
1489 5032 1821 5100 prudentum
1844 5032 1938 5097 sit,
1959 5046 2024 5088 ac

438 5117 627 5173 nescio
642 5134 1007 5188 quarumnam
1040 5124 1415 5191 praestiterunt
1437 5140 1599 5194 opus,
1621 5132 1681 5177 nt
1696 5139 1820 5179 cum
1838 5124 2024 5194 quiete

440 5215 595 5281 plura
624 5216 896 5272 haberent
919 5217 1109 5273 labore
1140 5221 1549 5290 comparandis,
1588 5222 1751 5276 anxie
1782 5230 2028 5290 postmo—

440 5306 572 5362 dum
604 5324 667 5362 ea
699 5310 1037 5379 quaesierint.
1071 5312 1166 5369 Sin
1212 5314 1339 5382 quis
1372 5313 1668 5383 imperare,
1704 5329 1868 5383 quam
1904 5328 2026 5368 esse

443 5401 693 5465 divitem,
728 5405 1093 5473 praestabilius
1124 5421 1190 5460 ac
1236 5408 1541 5476 augustius
1571 5416 1746 5476 putet,
1792 5421 2027 5475 eamque

443 5494 555 5550 iiiis
606 5495 754 5551 dicat
789 5512 1038 5563 cans:im,
1098 5512 1156 5554 ut
1216 5500 1381 5553 anilis
1436 5508 1664 5568 parcant
1716 5496 2025 5566 exprnsis:

446 5586 567 5657 ipse
610 5589 775 5645 etiam
819 5590 1056 5647 hominis
1100 5593 1315 5646 ratione
1372 5590 1583 5661 agentis
1632 5589 2028 5659 Prudentisque

2122 4655 2193 4711 τὰ
2229 4654 2398 4708 πλείω
2429 4654 2600 4723 χωρὶς
2655 4650 3002 4720 πραγμάτων
3038 4646 3361 4719 «pateﬁat;
3397 4644 3568 4715 Δῆλον
3593 4645 3698 4712 γὰρ

2081 4800 2089 4806 ,
2121 4748 2200 4812 ὡς
2230 4746 2343 4801 οὐδ’
2370 4745 2460 4811 ἂν,
2494 4747 2647 4817 ἡμᾶς
2679 4744 3035 4812 ἀποδόμενοις
3067 4740 3234 4810 μέρος
3283 4738 3462 4809 ἔχοιεν
3487 4737 3597 4790 τῶν
3623 4738 3700 4799 είς

2121 4841 2216 4894 τὸν
2246 4839 2548 4894 ἀπόστολον
2577 4837 2767 4890 τοῦτον
2793 4836 3185 4913 ἀνηλωμένων.
3237 4833 3320 4886 οὐ
3354 4832 3536 4885 τοίνυν
3577 4830 3699 4884 νοῦν

2124 4933 2360 5002 ἐχόντων
2382 4970 2399 4995 ,
2430 4930 2548 4984 ἀλλ’
2586 4929 2686 4982 οὐκ
2717 4922 2813 4984 οἶδ’
2853 4920 2995 4981 δτων
3027 4927 3192 4994 ἔργον
3223 4920 3333 4978 εἷεν
3365 4925 3432 4978 ἂν
3482 4925 3702 4991 εἰργασ-

2129 5028 2303 5098 μένοι.
2340 5026 2389 5078 εί
2414 5017 2491 5077 ὧν
2531 5022 2639 5077 ἔδει
2675 5022 2774 5075 σὺν
2807 5020 2956 5090 πόνῳ
2998 5016 3333 5087 κτήσασθαι,
3363 5015 3536 5067 πλείω
3583 5011 3700 5082 μεθ’

2126 5115 2360 5185 ἡσυχίας
2400 5112 2638 5183 ἔχοντες,
2668 5105 2787 5164 εἷτα
2831 5109 3293 5179 περιεργάσαντο.
3334 5103 3396 5156 Et
3430 5102 3488 5155 δέ
3529 5117 3614 5164 τις
3640 5100 3700 5151 τὸ

2125 5210 2320 5282 ἄρχειν
2386 5206 2483 5262 τοῦ
2527 5205 2784 5259 πλουτεῖν
2837 5201 3166 5271 σεμνότερον
3201 5197 3394 5261 οἴεται,
3439 5196 3531 5249 καὶ
3557 5191 3697 5245 τοῦτ’

2127 5304 2313 5365 αὐτοῖς
2346 5301 2523 5355 αῐτιον
2557 5294 2699 5352 εἶναι
2730 5296 2902 5364 λέγοι,
2946 5294 3043 5347 καλ⁸
3079 5288 3440 5361 φειδομένους
3489 5283 3699 5345 οὐδενὸς

2129 5398 2472 5458 ἀναλίσκειν,
2505 5389 2631 5444 νοῦν
2662 5390 2761 5460 μὲν
2799 5388 3017 5458 ἔχοντος
3045 5383 3202 5453 κάγὼ
3237 5379 3470 5452 φήσαιμ’
3500 5377 3566 5430 ἂν
3593 5376 3700 5444 γὰρ

2128 5490 2220 5543 τὸν
2257 5485 2545 5556 λογισμόν.
2578 5485 2690 5553 Τῆς
2731 5498 2792 5534 τε
2840 5480 2950 5548 γὰρ
2983 5480 3117 5548 παρ’
3142 5478 3277 5544 ἡμῖν
3323 5472 3498 5542 ἀρχῆς
3552 5467 3701 5522 οὐδὲν

2134 5581 2459 5652 σεμνότερον
2489 5577 2705 5646 γέγονε.
2758 5575 2867 5628 Καὶ
2903 5571 3113 5631 τούτοις
3159 5569 3224 5622 ἄν
3255 5583 3341 5629 τις
3378 5567 3453 5634 φῇ
3500 5562 3700 5631 φιλοτι·

445 5681 717 5737 rationem
765 5699 886 5740 eam
919 5684 1254 5740 admiserim.
1310 5683 1525 5738 Etenim
1559 5674 1750 5735 nostro
1798 5681 2011 5751 imperii

2138 5678 2269 5745 μίας
2299 5669 2440 5725 εῖναι
2470 5671 2654 5723 πᾶσαν
2677 5667 2779 5737 τὴν
2814 5665 3071 5732 ἄσκησιν,
3103 5662 3204 5713 οὐκ
3235 5659 3299 5712 ἂν
3331 5659 3700 5751 ἁμάρτοιλτῇς

446 5774 587 5830 nihil
613 5778 898 5847 augustius
930 5778 1052 5832 fuit.
1083 5778 1164 5832 Ac
1186 5792 1342 5839 vero,
1374 5785 1435 5829 ut
1465 5775 1589 5844 quis
1616 5774 1863 5827 virorum
1910 5782 2030 5827 stn-

447 5866 599 5923 dium
632 5886 794 5927 omne
842 5871 1164 5928 ambitionis
1201 5870 1365 5931 dirat,
1407 5868 1829 5936 haudquaquam
1873 5880 2027 5921 erra-
2084 5942 2095 5951 _

2134 5767 2244 5821 τῶν
2275 5763 2486 5832 ἀνδρῶν
2517 5762 2779 5822 διανοίας.
2806 5758 2971 5812 Ἀλλὰ
2999 5751 3483 5822 προσενθυμείσθω
3512 5749 3608 5802 καὶ
3628 5746 3699 5806 ὠς

2136 5859 2245 5913 οὐδ’
2292 5857 2471 5911 αὐτῶν
2506 5857 2554 5908 oi
2608 5845 2830 5916 πλςίνυς
2863 5850 3001 5904 ιίσίν
3056 5848 3297 5902 ἰδιῶται*
3332 5844 3448 5898 ἀλλ’
3484 5840 3692 5907 ἑκάστῳ
