4068 6460
393 338 496 401 989

1322 349 1608 411 ORATIO
1647 351 1796 412 PRO
1837 352 2204 416 SUBSIDIO
2247 354 2726 416 LATINORUM.

3554 357 3668 417 9‘3“

393 457 488 510 καὶ
531 458 703 522 οἰκία,
751 460 848 522 καὶ
896 461 1078 524 πόλεις
1127 462 1458 534 ἀρχόμεναι,
1517 466 1614 518 καὶ
1669 465 1844 535 βῆμα,
1878 469 1974 520 καὶ

2085 465 2218 520 verit
2256 466 2324 521 ab
2367 481 2560 520 corum
2593 465 2795 520 mentis
2850 464 3177 534 proposito:
3211 464 3418 534 cogitet
3460 475 3667 527 tamen,

393 548 684 618 πρόσοδοιο
727 553 952 623 καὶ-οὒκ
999 552 1065 608 ἄν
1117 571 1199 618 τις
1231 556 1434 628 ῥᾳδίως
1466 555 1683 611 ἐκλίποι
1733 558 1802 610 τὰ
1835 557 1973 611 οἴκοι

395 643 594 710 σεμνά.

465 918 576 971 Kal.
605 917 742 987 πρός
779 935 842 986 γε
885 919 966 972 ἔτι
999 919 1096 990 ούχ
1128 915 1209 983 εἷς
1236 938 1320 984 τις
1351 922 1483 990 παρ’
1519 923 1704 984 αὐτοῖς
1755 924 1976 978 πάντων

396 1005 580 1074 ἄρχων
629 1009 743 1068 τοῖς
777 1008 958 1071 ἄλλοις
1006 1009 1207 1078 χρῆται
1246 1011 1386 1079 πρὸς
1417 1011 1486 1065 τὰ
1530 1011 1790 1067 δοκοῦντα
1815 1028 1830 1044 ⁶
1859 1015 1975 1068 ἀλλ’

395 1094 516 1146 ἐστι
564 1095 662 1166 μὲν
706 1089 750 1165 ᾧ
781 1099 986 1160 πάντες
1021 1099 1308 1154 ὑπείκουσι
1358 1102 1566 1169 τάξεώς
1617 1121 1764 1167 τινος
1813 1105 1980 1160 ἕνεκα

395 1181 490 1239 καὶ
520 1190 753 1258 κόσμου,
787 1193 878 1244 καὶ
931 1191 1024 1245 τοῦ
1082 1191 1158 1262 μὴ
1190 1193 1497 1265 φύρεσθαι*
1554 1189 1710 1258 οὗτος
1757 1196 1836 1262 δέ,
1867 1197 1978 1251 τῶν

397 1278 626 1347 ἀγώνων
667 1281 962 1350 λυθέντων,
1001 1284 1215 1349 πολλοῖς
1244 1289 1312 1340 ἂν
1346 1287 1583 1358 ἐκσταίη
1615 1288 1726 1342 τῶν
1756 1287 1851 1340 νῦν
1885 1287 1976 1356 ὑφ’

396 1369 580 1433 αὐτὸν,
612 1371 709 1425 καὶ
736 1373 929 1441 γένους
959 1376 1054 1430 καὶ
1097 1377 1422 1448 χρημάτων,
1456 1378 1552 1432 καὶ
1579 1379 1678 1448 τῆς
1725 1379 1814 1432 διὰ
1839 1380 1980 1432 πάνο

396 1483 506 1519 των
539 1465 842 1537 ἁϐρότητος
863 1483 878 1500 ο
917 1469 1015 1522 καὶ
1044 1469 1392 1525 πλεονεκτεῖν
1443 1470 1750 1542 βουληθεὶς,
1781 1473 1882 1527 οὐκ
1913 1471 1982 1527 ἂν

397 1557 510 1630 ἔχοι
547 1560 792 1624 καὶτοὺς
820 1561 1015 1625 ἄλλους
1047 1563 1408 1628 ἐπαινοῦντας
1437 1565 1538 1635 τὴν
1569 1564 1818 1638 γνώμην.
1852 1564 1981 1623 οῠτ⁹

396 1651 490 1705 οῦν
520 1652 730 1715 ἐκεῖνος
759 1655 984 1720 ἀδικῶν,
1014 1657 1222 1720 πάντας
1247 1658 1631 1728 ἀντιλέγοντας
1679 1659 1825 1730 ἐχειν
1854 1661 1983 1730 βου-

395 1745 646 1819 λήσεται,
693 1746 805 1802 οὔτ’
855 1749 1011 1802 αὐτοὶ
1059 1751 1274 1823 μικρῶν
1330 1770 1494 1807 τινων
1524 1755 1712 1808 εἵνεκα
1747 1755 1980 1826 πονηροί

397 1858 542 1903 τινες
570 1842 891 1913 αἱρήσονται
919 1844 1091 1910 δόξαι.
1140 1845 1302 1899 Ἀλλὰ
1339 1847 1448 1918 μὴν
1478 1847 1571 1900 καὶ
1596 1846 1664 1901 τὰ
1688 1847 1798 1902 τῶν
1826 1849 1981 1918 τριή-

404 1949 514 2004 ρων
538 1933 904 2006 πληρώματα,
955 1933 1046 1999 αἷς
1084 1938 1219 2006 πρὸς
1232 1938 1360 2012 οτὴν
1397 1938 1769 2008 μετακομιδὴν
1811 1939 1983 2010 χρῶν-

403 2042 512 2089 ται,
551 2025 607 2090 ἐξ
632 2027 857 2079 ἐκείνων
889 2028 997 2080 εἰσὶ
1019 2027 1126 2080 τῶν
1160 2029 1394 2094 πόλεων,
1427 2024 1502 2084 ὧν
1525 2031 1582 2082 αἱ
1610 2029 1861 2083 ἀποικίαι
1886 2030 1984 2084 καὶ

399 2119 446 2171 οί
467 2117 698 2189 ἔμποροι
720 2121 852 2190 ἡμῖν
879 2137 892 2151 ·
923 2122 1020 2173 καὶ
1049 2121 1254 2187 ἴσασιν,
1281 2123 1356 2185 ώς
1386 2123 1544 2193 ἡμῶν
1567 2122 1980 2194 κρατηθέντων,

402 2208 775 2264 κεκλείσονται
841 2209 940 2280 μὲν
974 2212 1157 2274 αὐτοῖς
1186 2211 1235 2264 οἱ
1290 2211 1512 2281 λιμένες
1536 2227 1550 2241 ⁸
1588 2213 1691 2283 τῆς
1739 2213 1797 2266 δὲ
1836 2231 1980 2278 σιτοτ

400 2299 648 2364 πομπίας
674 2299 860 2370 ἕτερος
889 2299 1078 2370 κύριος
1121 2299 1310 2354 ἔσται’
1347 2303 1442 2354 καὶ
1481 2304 1579 2373 τῆς
1611 2302 1880 2366 ἀτελείας,
1915 2297 1983 2374 ἦς

397 2389 580 2454 αὐτοῖς
614 2379 1087 2465 μεταδεδώκαμεν,
1131 2393 1513 2451 ἐκπεσοῦνται.
1537 2395 1694 2449 Ὠσθ’
1743 2397 1863 2468 ἆμα
1904 2393 1982 2449 ’τε

401 2483 616 2554 ἡπόλις
647 2484 940 2553 ἁλώσεται,
987 2487 1083 2540 καὶ
1133 2482 1280 2542 οὗτοι
1319 2488 1696 2556 δουλεύσουσι,
1736 2491 1833 2544 καὶ
1881 2491 1984 2544 οὐκ

402 2577 469 2632 ἂν
496 2579 694 2646 ἐχοιεν,
719 2578 910 2650 ὥσπερ
937 2581 1107 2652 ἡμᾶς,
1147 2581 1242 2635 καὶ
1267 2581 1493 2646 τούτους
1519 2598 1533 2613 ο
1561 2583 1631 2637 τὰ
1671 2583 1770 2652 μὲν
1801 2582 1986 2651 βιαζὸ-

409 2687 582 2741 μενοι,
625 2671 692 2724 τὰ
714 2670 771 2725 δὲ
811 2671 1092 2735 πείθοντες
1125 2673 1187 2724 ἐκ
1220 2672 1440 2726 πάντων
1471 2673 1750 2734 πλουτεῖν,
1777 2668 1858 2735 οἷς
1879 2672 1987 2742 ἀμ-

404 2765 658 2835 φοτέροις
698 2765 836 2832 πρὸς
866 2765 1015 2836 ἡμᾶς
1053 2766 1141 2818 ἀεὶ
1177 2763 1444 2836 χρῶνται.
1477 2765 1689 2820 Οὔκουν
1721 2765 1985 2836 βούλοιντ’
2020 2820 2023 2824 ,

402 2854 469 2908 ἂν
496 2859 578 2920 εἰς
607 2857 867 2920 τοιαύτας
899 2857 1213 2926 ἀμηχανίας
1267 2858 1598 2928 ἐμπίπτειν·
1629 2857 1746 2911 ἀλλ’
1771 2857 1984 2910 ἐπιοῦσι

401 2949 501 3019 μὲν
537 2952 648 3013 τοῖς
675 2948 970 3020 βαρϐάροις
1011 2951 1106 3003 καὶ
1139 2951 1271 3020 ἡμῖν
1293 2950 1548 3022 βοηθοῦσι
1599 2953 1986 3020 συμπνεύσου-

401 3059 520 3097 σινο
557 3045 605 3095 εί
633 3043 691 3097 δὲ
719 3042 1036 3105 πλεονάζειν
1077 3044 1428 3115 ἐπιχειροῖεν,
1461 3046 1593 3115 ἡμῖν
1627 3043 1829 3114 μᾶλλον
1850 3060 1984 3113 προ·-

403 3134 719 3205 σθήσονται,
752 3135 849 3188 καὶ
887 3133 1004 3203 μεθ’
1043 3135 1200 3206 ἡμῶν
1227 3138 1424 3202 αὐτοὺς
1456 3136 1810 3208 ἀμυνοῦνται.
1830 3135 1987 3189 Ἐπεὶ

403 3227 500 3280 καὶ
529 3227 585 3280 τὸ
610 3227 708 3290 τὰς
733 3228 982 3300 τριήρεις
1011 3229 1194 3292 αὐτοῖς
1219 3231 1548 3298 παρασχεῖν,
1577 3229 1672 3283 καὶ
1697 3229 1795 3298 τῆς
1823 3244 1986 3298 στρα-

399 3317 551 3382 ista;
581 3321 882 3385 κοινωνεῖν,
912 3321 1058 3374 τοῦτ’
1109 3320 1297 3384 αὐτοῖς
1335 3319 1610 3390 βούλεται,
1660 3319 1722 3372 τὸ
1756 3319 1853 3388 τὴν
1889 3319 1988 3388 μὲν

399 3412 558 3466 πόλιν
608 3413 872 3468 κινδύνων
928 3413 1336 3483 ἀπαλλαγῆναι,
1371 3415 1521 3482 ἡμᾶς
1552 3413 1610 3466 δέ
1644 3411 1852 3479 ταύτης
1899 3412 1988 3481 βε-

401 3505 570 3567 ϐαίως
599 3504 814 3576 ἄρχειν.
841 3507 938 3559 καὶ
961 3506 1022 3560 τὸ
1051 3509 1278 3576 ἀρχαῖον
1313 3507 1498 3576 σχῆμα
1534 3509 1646 3570 τοῖς
1698 3505 1987 3575 πράγμασι

401 3597 713 3668 τηρηθῆναι
735 3615 748 3630 ο
779 3599 853 3660 ὼς
877 3596 1020 3652 οὕτω
1059 3599 1111 3667 γ’
1140 3599 1327 3662 αὐτοῖς
1351 3597 1618 3668 ἐσομένης
1652 3597 1858 3661 ἀδείας,
1891 3597 1988 3650 καὶ

403 3689 560 3742 πλεῖν
586 3689 708 3743 ὅποι
739 3708 816 3752 τι;
872 3691 1141 3759 βούλεται,
1175 3692 1271 3746 καὶ
1299 3693 1364 3744 τὰ
1411 3690 1542 3744 ὄντα
1567 3690 1738 3743 πλείω
1788 3689 1984 3742 ποιεῖν.

411 3780 500 3846 Ὠς
527 3779 584 3835 εἴ
607 3781 659 3851 γ’
705 3783 790 3851 ἐφ’
818 3785 963 3852 ἡμᾶς
997 3783 1154 3854 ἥξειν
1202 3783 1402 3846 αὐτοὺς
1441 3782 1723 3848 ὑπενόουν,
1756 3782 1911 3835 αὐτοί
1939 3785 1988 3832 τ’

403 3870 468 3925 ἂν
499 3873 746 3944 φανερῶς
786 3873 1112 3943 ἐπολέμουν,
1145 3876 1241 3927 καὶ
1274 3875 1408 3944 ἡμῖν
1447 3872 1726 3944 παρῄνουν
1775 3871 1984 3939 φυλάτ-

401 3963 614 4018 τεσθαι.
645 3966 709 4016 Ἰί
735 3966 916 4018 τοίνυν
967 3966 1358 4036 μαλακώτερον
1390 3965 1486 4020 τοῦ
1543 3967 1778 4037 δύναμιν
1826 3959 1894 4036 ἦς
1928 3967 1989 4017 τὸ

405 4055 588 4112 πλεῖον
617 4057 738 4128 μεθ’
765 4059 926 4130 ἡμῶν
953 4061 1094 4126 ἐστι,
1129 4059 1364 4116 δεδιέναι
1387 4077 1403 4127 ;
1609 4056 1612 4058 ⁷

472 4337 686 4407 Ὅμως,
746 4337 802 4391 et
825 4353 912 4400 τις
961 4336 1146 4398 αὐτοῖς
1205 4334 1504 4405 πρόσχημα
1561 4335 1659 4405 μὲν
1698 4330 1838 4389 εῖναι
1888 4333 1987 4406 τὴν

402 4427 656 4500 βοήθειαν
694 4427 864 4495 λέγοι,
899 4427 963 4480 τὺ
992 4427 1035 4479 δ’
1067 4425 1288 4497 ἀληθὲς,
1309 4425 1406 4506 τῆς
1439 4427 1612 4496 ἀρχῆς
1644 4425 1988 4494 ἐπιθυμοῦν·

2079 567 2143 612 ut
2170 573 2271 612 nec
2301 572 2493 612 eorum
2526 557 2713 627 plures
2760 557 2986 626 privata:
3033 557 3201 612 sortis
3235 557 3487 612 homines
3520 559 3664 624 sint;

2077 650 2174 705 sed
2205 659 2263 703 ut
2289 649 2492 720 singuli
2523 649 2750 704 domum
2775 649 3035 713 habeant,
3065 648 3449 718 subjectasque
3478 650 3666 712 urbe>,

2077 759 2142 798 ac
2173 743 2438 808 tribunal,
2475 741 2830 810 reditusque;
2883 749 3054 809 utque
3103 756 3214 794 non
3261 740 3421 794 facile
3466 739 3669 810 aliquis

2079 837 2319 900 deserat,
2353 850 2474 904 qua:
2505 835 2650 888 domi
2686 843 2916 902 augusta
2957 848 3021 888 ac
3048 833 3308 902 praeclara
3339 832 3524 887 habet.

2152 929 2423 984 Praeterea
2453 927 2638 981 nullus
2667 925 2866 994 aliquis
2899 924 3043 993 apud
3079 924 3202 979 illos
3233 932 3320 978 est
3345 923 3469 978 aliis
3497 925 3672 992 impc-

2079 1035 2232 1085 rans,
2275 1020 2480 1090 quique
2525 1017 2592 1071 iis
2624 1027 2829 1076 utatur,
2864 1017 2930 1070 ad
2979 1032 3100 1086 quae
3133 1016 3443 1086 placuerit:
3481 1028 3668 1068 verum

2080 1114 2152 1168 sit
2189 1111 2414 1184 quidem
2447 1126 2590 1165 unus
2625 1108 2770 1180 quis,
2804 1109 2892 1163 cui
2937 1107 3149 1162 ordinis
3182 1121 3346 1162 causa
3382 1115 3548 1176 atque
3583 1105 3673 1160 de-

2082 1208 2248 1272 coris,
2284 1216 2340 1263 et
2374 1214 2434 1261 ut
2466 1221 2537 1262 ne
2570 1205 2642 1262 sit
2669 1204 2940 1268 confusio,
2971 1202 3218 1259 universi
3251 1201 3484 1269 subjecti
3511 1201 3622 1255 sint
3653 1215 3670 1256 :

2083 1308 2144 1354 ut
2171 1307 2350 1354 tamen
2393 1298 2590 1353 solutis
2639 1296 3054 1358 certaminibus,
3097 1294 3290 1349 multis
3339 1307 3536 1348 eorum
3577 1290 3678 1360 qui

2081 1404 2230 1444 nunc
2273 1388 2323 1445 ei
2355 1389 2745 1460 subjiciuntur,
2773 1386 2996 1459 generis
3048 1380 3338 1441 nobilitate
3364 1399 3429 1439 ac
3462 1382 3675 1437 divitiis

2081 1483 2264 1547 cedat,
2323 1481 2586 1552 omnique
2639 1480 2748 1534 alio
2806 1479 3099 1548 splendore
3160 1493 3225 1533 ac
3281 1475 3674 1531 ornamentis:

2083 1584 2252 1644 atque
2278 1573 2345 1631 is.
2381 1581 2441 1627 ut
2470 1571 2727 1644 injuriam
2765 1571 2898 1624 velit
2935 1570 3165 1634 inferre,
3193 1569 3340 1623 haud
3369 1567 3507 1622 alios
3540 1580 3673 1636 pro-

2085 1653 2248 1736 positi
2294 1664 2608 1720 laudatores
2645 1663 2920 1718 habuerit.
2969 1661 3079 1717 Nec
3121 1676 3254 1732 ergo
3287 1661 3379 1715 ille
3421 1658 3676 1730 injuriam

2090 1756 2319 1823 faciens,
2386 1757 2679 1812 universos
2745 1754 3192 1811 contradicentes
3248 1751 3382 1807 velit
3439 1750 3677 1817 habere;

2081 1863 2262 1917 neque
2287 1848 2322 1901 ii
2347 1847 2418 1902 ob
2439 1848 2638 1917 exigua
2667 1847 2918 1916 quaedam
2943 1844 3251 1900 commoda.
3277 1843 3427 1913 pravi
3453 1842 3675 1912 quidam

2083 1954 2146 1993 ac
2175 1939 2394 1993 scelesti
2426 1938 2600 1992 videri
2637 1938 2865 2007 eligant.
2907 1936 3051 2002 Quin
3083 1945 3142 1990 et
3178 1934 3381 1990 nautici
3431 1935 3484 1987 in
3518 1933 3680 1988 trire-

2082 2029 2266 2084 mibus
2312 2023 2593 2086 homines.
2642 2028 2845 2098 quibus
2887 2027 2953 2080 ad
2999 2037 3284 2080 vecturam
3322 2034 3576 2089 utuntur,
3611 2038 3678 2077 ex

2083 2121 2194 2176 illis
2221 2129 2352 2176 sunt
2376 2119 2626 2183 urbibus,
2651 2135 2718 2173 ex
2745 2119 2946 2188 quibus
2973 2117 3220 2172 colonias
3250 2133 3314 2171 ac
3343 2124 3681 2170 mercatores

2083 2213 2397 2267 habemus:
2447 2211 2739 2278 sciantque
2788 2210 2905 2262 fore
2959 2216 3017 2262 ut
3051 2207 3212 2261 nobis
3264 2205 3448 2268 victis,
3486 2215 3680 2274 portus

2083 2305 2162 2360 eis
2192 2303 2545 2367 claudantur,
2595 2303 2847 2372 aliusque
2879 2299 3198 2356 emittendae
3233 2313 3463 2353 annona:
3513 2308 3678 2366 atque

2086 2393 2352 2448 frumenti
2385 2393 2641 2447 dominus
2666 2393 2737 2447 sit
2763 2411 2776 2446 :
2815 2401 2982 2460 utque
3019 2389 3424 2444 immunitatem
3452 2404 3483 2442 a
3506 2387 3679 2442 vecti-

2085 2485 2320 2555 galibus,
2352 2499 2516 2554 quam
2569 2484 2651 2538 eis
2703 2483 3101 2545 concessimus,
3143 2482 3399 2536 amittant
3441 2497 3455 2534 :
3514 2490 3680 2547 atque

2085 2579 2226 2634 adeo
2267 2593 2370 2634 nec
2413 2579 2654 2632 futuram
2703 2577 2980 2648 ignorant,
3019 2583 3081 2630 ut
3110 2590 3237 2629 mox
3269 2585 3425 2644 capta
3457 2574 3681 2629 civitate

2086 2669 2347 2726 servituri
2371 2669 2483 2724 sint
2507 2685 2521 2723 :
2553 2684 2655 2723 nec
2680 2669 2827 2722 enim
2856 2668 2930 2722 uti
2960 2681 3062 2721 nos
3088 2668 3169 2720 sic
3196 2665 3320 2720 illos
3347 2664 3681 2728 habuerint;

2086 2780 2194 2834 qua
2227 2763 2378 2819 velut
2421 2763 2497 2827 vi,
2531 2778 2638 2832 qua
2674 2772 2896 2832 sponte,
2931 2777 2999 2818 ex
3034 2761 3297 2816 omnibus
3329 2759 3539 2815 divitiis
3586 2773 3686 2814 au-

2087 2856 2204 2925 geri
2240 2861 2576 2924 quaarentes,
2611 2869 2723 2923 quo
2755 2864 2990 2923 utroque
3042 2854 3095 2907 iu
3131 2868 3232 2907 nos
3261 2868 3481 2921 semper
3515 2860 3686 2907 utun-

2090 2955 2201 3001 tur.
2239 2945 2396 3000 Haud
2444 2959 2599 3015 ergo,
2651 2945 2725 2999 illi
2776 2948 2829 3000 in
2875 2945 3149 3016 ejusmodi
3200 2943 3482 3015 angustias
3514 2943 3686 2998 velint

2041 3031 2062 3050 ”
2089 3041 2336 3104 incidere
2363 3057 2378 3095 τ
2409 3040 2543 3110 quin
2577 3050 2638 3095 ut
2668 3041 2721 3094 in
2751 3041 3025 3096 Barbaros
3053 3040 3278 3110 quidem
3307 3038 3590 3100 invadant,
3619 3052 3685 3094 ac

2089 3138 2248 3193 nobis
2280 3137 2640 3198 auxilientur.
2663 3153 2788 3192 cum
2813 3138 2894 3192 eis
2914 3136 3316 3207 conspirabuut
3341 3154 3354 3189 :
3389 3135 3472 3191 sin
3499 3143 3684 3189 autem

2091 3230 2350 3301 injuriam
2403 3229 2607 3284 inferre
2659 3229 3018 3296 teutaverint,
3054 3229 3215 3283 nobis
3264 3229 3450 3299 potius
3485 3226 3684 3297 adjun-

2087 3331 2308 3393 gentur,
2337 3338 2401 3377 ac
2429 3321 2579 3391 ipsos
2620 3322 2905 3377 nobiscum
2941 3321 3302 3376 ulciscentur.
3336 3321 3470 3374 Nam
3513 3321 3682 3375 etiam
3771 3339 3782 3343 -

2091 3412 2385 3481 praebendo
2420 3413 2694 3484 t_riremes,
2725 3427 2790 3468 ac
2830 3413 2961 3468 belli
3009 3413 3275 3470 societate
3321 3413 3427 3467 hoc
3466 3413 3680 3476 volunt,

2089 3513 2151 3559 nt
2197 3503 2330 3558 urbs
2378 3504 2602 3573 quidem
2651 3520 2679 3557 a
2735 3503 2999 3573 periculis
3041 3504 3345 3571 liberetur,
3396 3518 3496 3558 nos
3552 3517 3685 3556 vero

2091 3595 2309 3650 firmum
2341 3595 2462 3664 ejus
2495 3605 2780 3650 teneamus
2809 3595 3128 3664 imperium,
3159 3609 3360 3665 resque
3399 3594 3683 3660 antiquam

2091 3686 2323 3741 formam
2361 3689 2678 3744 retineant:
2713 3689 2857 3764 quod
2887 3689 2961 3745 ita
2996 3689 3172 3744 libera
3217 3688 3453 3744 facultas
3501 3688 3684 3741 futura

2091 3781 2188 3848 sit,
2215 3790 2276 3837 ut
2317 3798 2427 3852 quo
2461 3782 2653 3846 velint,
2693 3791 2812 3838 tuto
2845 3782 3128 3852 navigent,
3171 3791 3518 3852 augeanlque
3559 3795 3688 3835 suas

2090 3873 2402 3929 facultates.
2445 3874 2816 3940 Quamobrem
2868 3882 2929 3928 ut
2973 3874 3218 3944 suspicio
3260 3881 3410 3929 esset
3463 3887 3685 3927 movere

2092 3967 2216 4021 illos
2249 3967 2539 4021 adversum
2588 3981 2710 4030 nos,
2743 3965 2922 4036 palam
2964 3965 3068 4036 ipsi
3108 3973 3299 4020 contra
3345 3974 3679 4034 pugnarent,

2091 4074 2156 4114 ac
2180 4057 2343 4113 nobis
2394 4057 2708 4122 cavendum
2750 4067 3068 4113 monerent:
3103 4056 3246 4123 Quid
3292 4049 3432 4128 ergo
3463 4055 3684 4111 mollius

2089 4150 2598 4221 eﬂ'eminatiusque.
2625 4166 2790 4220 quam
2825 4158 2886 4205 ut
2910 4149 3171 4204 virtutem
3201 4151 3360 4222 cujus
3393 4148 3680 4204 nobiscum

2089 4255 2218 4311 pars
2245 4240 2479 4295 maxima
2511 4241 2602 4304 sit,
2637 4240 2975 4296 timeamus?

2162 4333 2482 4401 Enimvero,
2509 4346 2569 4389 ut
2597 4334 2724 4405 quis
2749 4335 2832 4391 eis
2870 4335 3137 4390 auxilium
3180 4333 3408 4405 quidem
3448 4334 3680 4404 pra-texi

2090 4426 2260 4493 dicat,
2307 4442 2500 4483 revera
2553 4437 2735 4484 tamen
2783 4427 2974 4482 venire
3024 4426 3332 4498 imperandi
3381 4426 3684 4495 cupiditate

401 4538 500 4583 τας
535 4521 628 4574 καὶ
651 4519 752 4590 τῆς
784 4519 1015 4583 πόλεως,
1040 4517 1298 4591 ἔρχεσθαι
1323 4532 1339 4547 ·
1377 4519 1640 4588 πρότερον
1699 4517 1871 4589 ἐχρῆν
1895 4517 1983 4587 ἐφ,

2091 4519 2380 4590 impulsos,
2423 4527 2482 4575 et
2526 4528 2586 4576 ut
2637 4520 2794 4576 urbis
2841 4518 3146 4590 potiantur,
3187 4520 3479 4590 Oportebat
3523 4521 3682 4591 prius

401 4609 612 4663 ἐαυτῶν
668 4609 1164 4681 βουλευσαμένους,
1210 4611 1308 4664 καὶ
1341 4609 1435 4664 τὸν
1491 4609 1664 4670 δόλον.
1697 4611 1774 4676 ώς
1827 4612 1977 4682 ἐνῆν,

293 4732 312 4747 ο
406 4703 828 4769 συσκιάσαντας,
865 4703 1038 4767 οὕτως
1065 4706 1402 4776 ἐπιχειρεῖνο
1433 4704 1530 4759 νῦν
1568 4705 1613 4759 δ’
1647 4704 1808 4776 ῐσμεν
1848 4707 1982 4770 ὅσας

405 4794 507 4864 μὲν
560 4795 860 4865 πρεσϐείας
933 4800 962 4850 ὁ
1025 4795 1279 4866 βασιλεὺς
1351 4790 1446 4850 ἐπὶ
1521 4798 1696 4852 ταῦτα
1762 4799 1984 4870 κεκίνη-

403 4878 519 4954 κεν,
557 4891 715 4950 ὃσους
745 4889 790 4943 δ’
821 4889 978 4943 αὐτοὶ
1018 4888 1182 4943 πάλιν
1232 4891 1667 4945 ἀνταπέστειλαν
1697 4892 1979 4962 πρέσϐεις,

403 4981 925 5052 παρασκευάζεσθαι
977 4985 1142 5052 σφᾶς,
1176 4984 1272 5039 καὶ
1318 4985 1520 5054 μηκέτι
1556 4984 1849 5055 μελλήσειν
1878 5003 1986 5054 μη-

403 5075 650 5138 νύοντας.
689 5075 854 5128 Ἀλλὰ
889 5077 980 5137 καὶ
1015 5077 1074 5140 ἐξ
1112 5075 1403 5148 Ἰταλίαςὴ
1449 5077 1681 5147 δύναμις
1722 5081 1979 5145 ἐκινεῖτο,

405 5167 498 5220 καὶ
549 5168 670 5220 τότε
717 5167 1084 5237 προύπέμψας
1114 5168 1307 5239 ἄνδρα,
1360 5169 1700 5239 προεροῦντα
1745 5170 1866 5240 μὲν,
1906 5171 1980 5234 ώς

404 5259 506 5330 ἤδη
532 5260 755 5322 τούτους
791 5259 1187 5331 προσδέχεσθαι
1224 5261 1330 5332 χρὴ
1353 5278 1367 5294 ο
1397 5261 1756 5331 φροντιοῦντα
1797 5265 1855 5316 δὲ
1887 5266 1984 5317 καὶ

403 5349 513 5404 τῶν
539 5351 857 5417 ἀναγκαίων
879 5389 894 5414 ,
930 5352 1023 5404 καὶ
1072 5351 1214 5403 ὅσων
1242 5352 1617 5422 στρατεύματι
1653 5352 1752 5408 δεῖ.
1780 5349 1898 5406 Ἶίν.
1927 5353 1984 5406 δὲ

404 5433 556 5504 οὗτος
581 5442 679 5512 ούχ
709 5442 737 5494 ὁ
761 5441 936 5510 τυχών
961 5457 974 5472 ·
1006 5441 1142 5496 ἀλλὰ
1175 5445 1450 5508 κάκείνοις
1479 5447 1705 5508 οἰκεῖος.
1737 5446 1830 5498 καὶ
1851 5445 1982 5510 παρ’

405 5533 536 5603 ἡμῖν
571 5534 764 5605 σοχνὶν
809 5534 1122 5605 διατρίψας,
1169 5538 1264 5591 καὶ
1298 5540 1494 5610 πεῖραν
1528 5538 1742 5602 εὐνοίας
1769 5539 1847 5607 τῷ
1889 5539 1986 5609 βα·-

407 5626 548 5678 σιλεῖ
569 5627 843 5690 δεδωκὼς,
871 5630 968 5682 καὶ
991 5630 1058 5683 δι’
1083 5621 1144 5682 οὗ
1172 5630 1392 5699 μάλισθ’
1417 5633 1444 5684 ὁ
1471 5631 1730 5700 βασιλεὺς
1760 5631 1985 5696 τούτους

408 5714 614 5772 ἐκάλει.
647 5717 708 5770 El
737 5719 917 5773 τοίνυν
972 5722 1092 5791 μετ’
1121 5722 1338 5794 ἀπάτης
1384 5723 1664 5791 ὴόούλονθ’
1694 5726 1828 5794 ἡμῖν
1867 5725 1986 5777 ἐπι-

364 5830 371 5835 -
408 5806 614 5876 θέσθαι,
645 5811 746 5864 τίν’
778 5809 892 5882 εἶχε
924 5813 1081 5883 λόγον
1106 5816 1291 5880 αὐτοῖς
1319 5817 1609 5888 προλέγειν
1637 5819 1733 5888 τὴν
1757 5817 1980 5887 ἔφοδονς

2086 4612 2230 4683 apud
2280 4612 2430 4683 ipsos
2476 4613 2872 4682 deliberantes,
2921 4613 3246 4683 dolumque,
3294 4623 3355 4668 ut
3407 4613 3679 4694 licuisset,

2085 4703 2500 4770 adumbrantes,
2550 4707 2631 4761 sic
2665 4722 2781 4762 rem
2812 4705 3032 4777 aggredi
3063 4723 3077 4760 :
3111 4720 3260 4760 nunc
3289 4721 3423 4760 vero
3471 4704 3681 4760 scimus

2085 4813 2252 4867 quam
2298 4798 2488 4854 multis
2531 4798 2834 4870 imperator
2875 4797 3245 4876 legationibus
3277 4799 3344 4853 ad
3381 4797 3498 4854 hac
3529 4797 3680 4852 viros

2086 4892 2509 4960 provocaverit;
2546 4901 2793 4962 quotque
2829 4891 2906 4945 illi
2953 4891 3199 4945 vicissim
3255 4878 3468 4946 nuntiis
3502 4889 3684 4945 destia

2085 4981 2254 5046 natis,
2293 4981 2566 5034 adornare
2601 4981 2858 5045 classem,
2910 4997 3014 5036 nec
3058 4997 3116 5036 se
3164 4983 3305 5036 ultra
3365 4989 3688 5035 moraturos

2087 5071 2556 5143 significaverint..
2578 5073 2722 5139 Quin
2749 5074 2862 5142 jam
2893 5073 3144 5129 exercitu
3174 5074 3244 5128 ah
3272 5072 3426 5128 Italia
3464 5086 3684 5128 moven~

2087 5177 2161 5233 te,
2198 5166 2301 5221 sub
2336 5167 2515 5236 ipsum
2561 5168 2858 5222 articulum
2903 5167 3093 5220 virum
3145 5169 3553 5236 praemiserunt,
3584 5167 3686 5234 qui

2087 5257 2306 5328 iamjam
2342 5263 2746 5328 exspectandus
2784 5257 3128 5333 praediceret,
3163 5259 3251 5312 cui
3289 5258 3453 5312 etiam
3483 5272 3686 5312 neces-

2087 5353 2360 5404 sariarum
2411 5367 2541 5405 cura
2577 5352 2944 5415 incumberet,
2978 5367 3043 5407 ac
3084 5351 3140 5406 in
3189 5352 3494 5407 exercitum
3529 5365 3682 5404 com-

2090 5454 2304 5498 meatus
2333 5445 2596 5514 provisio.
2639 5446 2690 5499 is
2719 5458 2902 5500 autem
2930 5459 3038 5499 non
3072 5445 3238 5499 homo
3265 5443 3503 5514 vulgaris
3529 5451 3680 5504 erat,

2087 5537 2181 5592 sed
2227 5547 2284 5592 et
2335 5539 2470 5606 ipsis
2525 5539 2830 5602 familiaris,
2885 5554 2950 5593 ac
2999 5539 3318 5606 frequenter
3369 5536 3514 5606 apud
3573 5551 3680 5589 nos

2088 5639 2361 5692 versatus,
2388 5631 2593 5700 quique
2636 5632 2919 5686 bonewila
2952 5631 3152 5686 mentis
3190 5629 3470 5701 Specimen
3503 5629 3677 5696 impe-

2092 5723 2261 5777 ratori
2307 5723 2690 5778 exhibuisset:
2727 5724 2886 5794 cujus
2934 5723 3172 5793 denique
3225 5722 3458 5778 maxime
3503 5735 3673 5788 opcra

2091 5817 2392 5887 imperator
2423 5817 2546 5872 ilfos
2576 5817 2891 5874 advocaret.
2924 5817 3207 5887 Siquidem
3253 5830 3382 5880 ergo
3425 5813 3682 5868 fraudem.
