4068 6524
353 381 448 441 991

1655 385 2033 445 DEMETRII
2076 387 2389 448 CYDUNII

3513 390 3638 452 992.

352 498 550 552 facturi
589 498 892 555 voluissent
930 501 1055 554 inva
1081 501 1217 564 lere,
1255 501 1385 568 quid
1426 502 1658 557 rationis
1691 513 1750 558 nt
1789 505 1944 558 inva-

2075 505 2126 556 )ὑ
2153 505 2259 574 γὰρ
2294 506 2359 576 δὴ
2389 504 2451 559 τό
2485 508 2536 574 γ’
2571 507 2636 561 ἐκ
2676 511 3038 581 προρρήσεως
3080 511 3340 580 πολεμεῖν
3382 512 3618 582 ἀσφαλέ-

354 596 566 648 sionem
599 595 993 664 praedicerent?
1015 596 1124 649 Nec
1155 597 1301 651 enim
1333 597 1438 651 hoc
1472 597 1666 660 tutius,
1702 607 1760 651 ut
1789 598 1948 654 hoste

361 687 692 755 praemonito
735 687 802 742 ad
854 689 1055 742 bellum
1089 689 1414 760 accingaris.
1455 688 1551 744 Sin
1580 701 1761 746 autem
1799 691 1948 762 quis,

263 805 266 808 ~
362 779 584 833 tametsi
632 781 1120 848 praesentientihus
1152 782 1311 836 nobis
1358 781 1496 836 nihil
1540 783 1670 837 inde
1716 784 1953 855 amplius

360 871 478 926 fore
511 871 738 938 dixerit,
771 875 902 942 quid
930 875 1042 944 jam
1089 890 1184 929 eos
1219 875 1455 930 ludenda
1491 874 1677 930 fabula
1717 894 1780 931 ac
1809 880 1956 932 deci-

363 965 566 1034 piendo
594 975 870 1034 spectasse
915 967 1196 1022 dicemus?
1239 969 1342 1023 nisi
1374 970 1500 1039 quis
1534 970 1685 1026 nullo
1717 985 1813 1024 eos
1849 970 1954 1025 line

364 1074 528 1127 agere
556 1058 782 1114 dixerit.
814 1060 1132 1125 Enimvero,
1162 1062 1212 1114 id
1244 1061 1308 1116 de
1334 1063 1538 1118 noslris
1567 1063 1719 1118 hisce
1743 1078 1957 1117 sermo-

369 1151 531 1205 nibus
579 1153 844 1220 probabili
895 1147 1065 1222 magis
1091 1154 1306 1208 ratione
1339 1155 1545 1208 dictum
1589 1157 1862 1218 videatur,
1897 1164 1958 1210 ut

365 1261 462 1298 eos
485 1245 755 1313 jactemus
789 1255 1016 1310 temere,
1049 1247 1374 1316 nullumque
1399 1249 1764 1303 contendendi
1791 1247 1956 1302 linem

366 1337 656 1404 faciamus,
705 1339 798 1408 qui
833 1340 1124 1394 sedeamus
1155 1340 1312 1394 lucro
1345 1340 1696 1408 deputantes,
1735 1348 1792 1392 nt
1824 1341 1957 1409 quid

368 1431 617 1486 Criminis
647 1433 833 1487 studio
861 1433 1183 1499 inferamus,
1222 1443 1281 1487 ut
1311 1434 1435 1503 quis
1464 1434 1603 1488 bene
1635 1434 1786 1489 velit.
1815 1435 1961 1490 Prae-

370 1533 520 1577 terea
561 1540 711 1586 vero,
761 1541 866 1580 non
913 1526 1030 1581 haec
1079 1526 1315 1581 Romani
1363 1543 1392 1581 a
1435 1527 1683 1596 patribus
1731 1526 1957 1592 habent,

369 1632 470 1671 nec
500 1617 581 1671 eis
610 1633 673 1672 ea
705 1617 929 1681 ferenda
988 1628 1084 1672 aut
1125 1626 1354 1684 cognata
1399 1627 1549 1681 sunt,
1587 1615 1769 1685 inquit
1796 1617 1964 1687 juris-

369 1710 814 1764 consultissimns
863 1710 975 1764 ille.
1007 1710 1286 1776 Quosnam
1327 1712 1474 1764 enim
1525 1709 1742 1778 priores
1796 1708 1960 1764 nobis

370 1802 736 1871 decipientes.
772 1804 851 1857 sic
893 1803 961 1858 de
1011 1803 1148 1872 ipsis
1198 1801 1514 1872 suspicandi
1564 1817 1752 1856 ansam
1801 1801 1965 1856 nobis

370 1892 699 1959 praebuere?
745 1892 1059 1959 Enimvero,
1116 1894 1415 1949 multorum
1465 1893 1730 1962 quidem,
1761 1895 1964 1963 rogati,
2000 1889 2017 1913 ¹

373 1987 583 2054 patrias
622 1986 968 2040 vindicarunt
1009 2001 1075 2041 ac
1121 1986 1468 2052 libertatem;
1515 1996 1577 2041 ut
1609 1995 1792 2041 autem
1842 1985 1968 2055 quis

375 2094 570 2132 eorum
607 2093 795 2143 causa,
828 2093 990 2148 quam
1022 2066 1150 2146 spes
1176 2090 1354 2141 erant,
1384 2080 1628 2134 deterior
1656 2080 1965 2145 recesserit,

373 2184 539 2223 nemo
586 2170 856 2225 hactenus
902 2172 1194 2247 ostendere
1247 2171 1442 2242 possit.
1491 2171 1632 2238 Quin
1681 2171 1822 2242 apud
1873 2187 1970 2226 eos

374 2263 515 2318 adeo
543 2263 722 2318 virtus
756 2265 868 2318 haec
901 2280 1110 2319 summa
1146 2273 1231 2319 est
1271 2280 1336 2319 ac
1365 2280 1725 2333 exsuperans,
1762 2277 1822 2320 ut
1866 2279 1970 2319 nec

375 2355 521 2410 desit
559 2357 653 2425 qui
689 2364 744 2411 et
776 2357 888 2426 jam
924 2357 1173 2410 stultitim
1197 2372 1260 2410 ea
1298 2365 1452 2426 parte
1478 2367 1723 2412 accuset.

451 2446 666 2516 Quippe
697 2447 821 2516 quis
863 2446 994 2512 fuit,
1035 2461 1136 2514 pro
1169 2460 1428 2514 agrorum
1461 2445 1663 2500 ﬁnibus
1693 2447 1845 2501 litem
1876 2446 1966 2500 alii

378 2539 684 2606 intentans,
718 2554 781 2592 ac
811 2538 879 2592 de
911 2539 976 2593 iis
1002 2555 1126 2592 cum
1167 2555 1231 2593 eo
1267 2539 1593 2608 digladians.
1649 2539 1752 2594 Ubi
1806 2555 1971 2609 porro

287 2692 290 2698 ν
379 2641 558 2686 morte
587 2631 783 2684 habuit
816 2630 1065 2701 defungi,
1088 2615 1337 2684 “moriens
1369 2632 1502 2701 ipse,
1539 2631 1774 2685 filiorum
1807 2641 1972 2700 atque

382 2722 574 2776 uxoris
620 2731 930 2777 curatorem
986 2723 1243 2777 aemulum
1284 2739 1350 2776 ex
1381 2731 1708 2777 testamento
1739 2725 1974 2794 inscrip-

380 2815 476 2868 sit.
517 2814 596 2867 Ac
624 2813 847 2882 quidem
893 2813 1009 2877 ille,
1043 2815 1388 2869 ei-moriens
1426 2813 1676 2876 conlidit,
1732 2831 1970 2884 quocum

379 2907 578 2962 vivens
607 2923 789 2978 pugna
817 2908 1213 2963 contendisset.
1255 2907 1407 2964 Alter
1429 2917 1612 2962 autem
1645 2908 1810 2963 rebus
1839 2910 1974 2978 ipsis

383 3000 700 3070 opinionem
731 2999 1104 3066 conﬁrmavit,
1151 3000 1438 3069 indignum
1477 3014 1543 3054 ac
1587 3000 1971 3071 turpissimum
2005 3064 2026 3082 '

383 3103 556 3154 ratus,
587 3101 648 3146 ut
675 3092 978 3147 adversarii
1020 3092 1088 3146 de
1123 3092 1242 3162 ipso
1275 3092 1524 3155 meliora,
1559 3109 1722 3164 quam
1755 3093 1869 3162 ipse
1905 3092 1973 3147 de

383 3201 444 3238 se
471 3187 703 3262 sentiret
731 3204 743 3240 :
775 3194 946 3254 utque
997 3185 1108 3240 illis
1143 3186 1544 3240 humanitatem
1589 3186 1851 3256 sull‘ragio
1893 3200 1975 3241 as-
1999 3214 2044 3275 ο

383 3276 724 3337 serenlibus.
768 3277 886 3345 ipse
943 3275 1048 3332 sibi
1112 3277 1458 3331 crudelitatis
1493 3277 1750 3330 conscius
1802 3285 1969 3332 esset.

383 3367 574 3438 l:aque
605 3384 796 3422 eorum
825 3368 1060 3423 laudans
1089 3369 1383 3423 consilium
1425 3369 1521 3438 qui
1561 3371 1682 3436 ejus
1731 3370 1806 3424 illi
1859 3369 1976 3423 ani-

385 3460 462 3528 mi
500 3470 757 3515 auctores
791 3459 1046 3526 fuissent,
1083 3461 1230 3516 haud
1262 3461 1467 3516 frustra
1518 3462 1802 3517 inimicum
1849 3477 1976 3532 spe-

387 3567 566 3618 rasse,
633 3553 798 3607 rebus
856 3554 1260 3623 comprobavit.
1321 3553 1461 3608 Cum
1523 3555 1668 3608 enim
1742 3570 1975 3622 puerum

386 3643 533 3711 apud
567 3659 626 3697 se
685 3645 974 3714 magniﬁce
1022 3643 1299 3708 educavit,
1333 3653 1446 3698 tum
1477 3644 1598 3714 ejus
1638 3646 1978 3714 principatus

387 3749 455 3792 ac
481 3736 848 3804 spectantium
879 3737 944 3790 ad
979 3736 1200 3806 ipsum,
1245 3750 1435 3794 curam
1471 3735 1694 3792 interim
1721 3737 1856 3805 egit,
1883 3736 1980 3790 do-

391 3839 494 3884 nec
527 3827 617 3881 ille
651 3828 774 3896 ejus
806 3828 1145 3894 educatione
1181 3843 1244 3883 ac
1273 3843 1432 3890 cura,
1462 3827 1626 3882 etiam
1683 3835 1838 3896 patre
1875 3827 1981 3880 im-

390 3923 549 3992 perio
581 3922 761 3992 aptior
793 3924 1150 3990 redderetur;
1207 3934 1435 3993 tumque
1491 3921 1678 3977 domui
1716 3921 1979 3991 praefecit,

393 4013 657 4068 idoneum
705 4014 818 4082 jam
867 4015 961 4085 qui
993 4030 1082 4070 res
1116 4015 1452 4070 domesticas
1482 4021 1774 4066 tutaretur.
1807 4012 1981 4067 Caete-

392 4121 513 4158 rum
551 4106 695 4174 quod
739 4105 1003 4176 deinceps
1031 4107 1285 4176 sequitur
1323 4120 1462 4175 quos
1513 4120 1623 4159 non
1663 4106 1883 4160 virtutis
1921 4105 1982 4159 Ii-

391 4195 593 4266 deique
627 4197 762 4252 fines
805 4198 1053 4253 excedit?
1101 4197 1240 4253 Cum
1301 4197 1452 4252 enim
1505 4197 1745 4268 juvenis,
1798 4198 1982 4253 animo

389 4290 625 4358 juvenili
657 4305 723 4345 ac
769 4291 915 4344 artati
968 4304 1215 4356 congruo
1267 4300 1442 4357 esset;
1501 4292 1816 4361 nedumque
1873 4305 1981 4345 non

391 4390 667 4450 quaereret
693 4397 794 4452 pro
825 4381 1111 4436 bcueliciis
1143 4381 1345 4451 quibus
1378 4381 1570 4436 fuisset
1602 4383 1834 4437 aﬂ‘ectus
1855 4398 1983 4450 gra-

394 4474 526 4528 tiam
560 4474 811 4537 reddere,
847 4483 907 4527 ut
952 4473 1063 4543 jam
1114 4488 1336 4542 quoque
1383 4474 1655 4543 correptis
1712 4473 1880 4527 armis
1927 4473 1981 4528 in

2053 615 2267 666 στερον.
2302 599 2362 651 Ei
2395 599 2450 652 δὲ
2479 601 2576 654 καὶ
2595 603 3078 673 προαισθομένοις,
3107 603 3260 656 οὐδὲν
3283 605 3434 660 ἔσται
3465 605 3625 660 πλέον

2052 691 2208 759 ἡμῖν,
2251 691 2415 760 φήσει
2454 709 2560 755 τις,
2595 695 2738 756 τίνος
2764 694 2952 749 λοιπὸν
2995 697 3192 760 αὐτοὺς
3220 685 3454 768 ὲροιῖμεν
3486 699 3628 751 ἀπα-

2051 783 2264 844 τῶντας
2297 783 2686 854 στοχάζεσθαις
2727 788 2777 840 εί
2811 788 2885 858 μή
2918 805 3004 851 τις
3051 791 3185 856 πρὸς
3233 790 3398 859 μηδὲν
3443 790 3626 852 αὑτοῖς

2055 874 2197 927 εἴποι
2231 874 2450 944 βλέπειν
2481 878 2581 940 τὰς
2621 879 2870 949 πράξεις.
2916 881 3080 935 Ἀλλὰ
3114 884 3244 951 περὶ
3283 883 3391 934 τῶν
3431 882 3631 951 ήμετέ-

2060 983 2168 1036 ρων
2203 969 2430 1023 τουτωνὶ
2454 970 2631 1040 λόγων
2661 973 3034 1045 πιθανώτερον
3064 975 3224 1028 τοῦτο
3251 975 3494 1042 δοξάζειν
3514 974 3628 1037 ’ὡς

2057 1059 2182 1129 εἰκῆ
2223 1061 2452 1125 τούτους
2481 1065 2768 1133 ρίπτομεν,
2805 1068 2895 1119 καὶ
2924 1067 3100 1138 πέρας
3156 1069 3289 1138 ἡμῖν
3343 1067 3491 1120 οὐδὲν
3529 1067 3630 1135 τῆς

2059 1153 2416 1221 φιλονεικίας,
2435 1157 2488 1208 οῖ
2508 1173 2567 1225 γε
2593 1158 2886 1228 καθήμεθα
2916 1160 3108 1229 κέρδος
3132 1159 3462 1228 νομίζοντες,
3489 1160 3550 1212 ἄν
3580 1175 3634 1210 τι

2059 1248 2187 1308 τοὺς
2221 1243 2279 1301 εὖ
2313 1251 2489 1302 ποιεῖν
2530 1249 2895 1321 βουλομένους
2938 1251 3338 1322 αίτιασώμεθα.
3370 1251 3554 1320 Χωρὶς
3578 1249 3635 1303 δὲ

2059 1339 2264 1394 τούτων
2294 1343 2394 1396 οὑκ
2443 1336 2511 1414 ἦν
2553 1341 2729 1396 ταῦτα
2783 1343 3082 1413 Ῥωμαίοις
3109 1344 3338 1412 πάτρια,
3371 1340 3480 1394 οὐδ’
3516 1342 3639 1395 ἀνε-

2059 1433 2189 1499 κτὰ,
2217 1434 2327 1488 οὐδ’
2360 1434 2602 1504 ἔμφυτα,
2653 1436 2820 1505 φησιν
2846 1438 2873 1489 6
2913 1433 3148 1504 μάλιστα
3201 1435 3356 1496 εἰδὼς
3398 1432 3638 1503 συμϐου-

2060 1527 2260 1581 λεύειν.
2292 1527 2458 1592 Τίνας
2493 1529 2602 1594 γὰρ
2646 1528 2839 1592 ἄλλους
2887 1529 2994 1600 πρὸ
3037 1528 3195 1598 ἡμῶν
3238 1528 3638 1595 ἀπατήσαντες,

2063 1619 2240 1673 ταῦτα
2261 1622 2542 1690 παρέσχον
2569 1621 2703 1689 ήμῖν
2734 1622 2863 1692 περὶ
2893 1621 3073 1674 αὑτῶν
3099 1618 3429 1673 ὑποπτεύειν
3447 1635 3463 1685 ;
3482 1616 3642 1670 Ἀλλὰ

2069 1716 2177 1783 μὴν
2203 1713 2423 1776 πολλοῖς
2463 1714 2564 1780 μὲν
2594 1713 2809 1768 ἔσωσαν
2839 1714 3083 1784 δεηθεῖσι
3117 1715 3217 1777 τὰς
3253 1711 3518 1781 πατρίδας
3546 1697 3664 1765 καῖ’

2065 1806 2166 1876 τὴν
2198 1805 2514 1875 ἐλευθερίαν
2537 1823 2550 1838 ο
2598 1808 2746 1870 ὅστις
2783 1807 2839 1860 δὲ
2870 1808 2937 1862 δι’
2970 1807 3170 1870 αὐτοὺς
3203 1808 3389 1877 χεῖρον
3418 1803 3524 1856 τῶν
3558 1805 3646 1856 ὲλ-

2069 1897 2238 1951 πίδων
2263 1897 2598 1969 ἀπήλλαξεν,
2635 1899 2736 1950 οὑκ
2767 1899 2834 1953 ἂν
2865 1898 2979 1969 ἔχοι
3009 1917 3094 1963 τις
3150 1899 3312 1968 μέχρι
3351 1895 3508 1967 δεῦρο
3535 1895 3664 1949 δει-’

2070 1988 2283 2042 κνύναι.
2331 1991 2441 2043 Καὶ
2498 1991 2735 2060 τοσαύτη
2800 1990 2931 2060 παρ’
2986 1991 3170 2053 αὑτοῖς
3197 1993 3344 2044 ἐστιν
3383 1987 3476 2052 τῆς
3515 1985 3646 2057 περὶ

2067 2081 2224 2137 ταῦτ’
2260 2083 2467 2154 ἀρετῆς
2515 2086 2548 2154 ή
2605 2085 2904 2156 ὑπερϐολὴ,
2937 2084 3066 2138 ὥστ’
3096 2085 3197 2156 ήδη
3232 2101 3314 2146 τις
3361 2083 3427 2136 ἂν
3466 2074 3658 2135 αὐτῶν

2072 2178 2202 2248 περὶ
2231 2177 2406 2231 ταῦτα
2434 2179 2528 2232 καὶ
2558 2178 2814 2250 εὐήθειαν
2845 2176 3166 2247 καταγνοίη.

2147 2441 2367 2497 Τούτων
2394 2442 2504 2514 γάρ
2534 2443 2683 2496 ἐστιν
2724 2445 2751 2497 6
2793 2443 3028 2511 πόλεμον
3060 2444 3197 2514 πρός
3226 2461 3346 2497 τινα
3375 2443 3502 2511 περὶ
3546 2443 3652 2512 γῆς

2072 2538 2212 2606 ὅρων
2256 2534 2560 2602 ἐξενεγκὼν
2584 2552 2601 2568 '
2635 2536 2759 2588 ἐπεὶ
2805 2535 2850 2589 δ’
2897 2534 3182 2602 ἀποθάνοι,
3215 2536 3311 2604 τῆς
3343 2536 3524 2606 χώρας
3556 2538 3651 2590 καὶ

2073 2629 2165 2683 τοῦ
2195 2628 2386 2692 παιδὸς
2421 2630 2823 2699 ἀποσχόμενος,
2861 2631 2968 2693 ὅτι,
3015 2631 3171 2700 φησι,
3209 2629 3474 2683 τελευτῶν
3498 2633 3524 2683 6
3554 2647 3649 2682 πο-

2073 2720 2282 2791 λέμιος,
2314 2723 2436 2784 ταῖς
2475 2721 2767 2789 διαθήκαις
2799 2722 3005 2775 παίδων
3058 2723 3153 2776 καὶ
3202 2721 3462 2790 γυναικός
3486 2722 3652 2774 αὑτὸν

2074 2811 2417 2882 ἐπιμελητὴν
2476 2812 2825 2882 παρέγραψε.
2879 2813 2990 2867 Καὶ
3024 2815 3052 2866 6
3100 2812 3200 2882 μὲν
3257 2813 3483 2882 ἐθάρρει
3513 2815 3651 2880 μετὰ

2073 2903 2173 2974 τήν
2206 2903 2486 2974 τελευτὴν,
2517 2897 2560 2971 ᾧ
2592 2903 2703 2968 ζῶν
2744 2905 3045 2974 ἐπολέμει·
3082 2894 3121 2958 δ’
3139 2905 3183 2959 δ’
3219 2905 3312 2958 ἐπὶ
3340 2905 3450 2960 τῶν
3477 2922 3653 2974 πραγ-

2077 2997 2266 3064 μάτων
2294 2995 2544 3048 ὲϐεϐαίου
2577 2997 2677 3065 τὴν
2708 2995 2867 3063 δόξαν
2886 3015 2902 3029 ο
2941 2997 3216 3066 αἴσχιστον
3239 2993 3380 3051 εἶναι
3421 2997 3656 3066 νομίζων

2078 3083 2320 3154 βελτίους
2350 3083 2495 3155 ἔχειν
2518 3086 2650 3156 περὶ
2672 3083 2838 3138 αὑτοῦ
2869 3087 2997 3149 τοὺς
3030 3087 3315 3156 δυσμενεῖς
3341 3085 3652 3156 ὑπολήψεις,

2079 3169 2156 3230 ὧν
2185 3175 2347 3241 αὐτὸς
2375 3179 2506 3246 περὶ
2529 3175 2726 3230 ἑαυτοῦ
2757 3193 2772 3211 ·
2796 3179 3085 3241 κάκείνους
3118 3177 3216 3248 μὲν
3245 3177 3656 3248 φιλανθρωπίαν

2079 3271 2230 3340 αὐτῷ
2260 3271 2587 3342 μαρτυρεῖν,
2619 3269 2767 3341 αὑτῷ
2788 3271 2832 3325 δ’
2857 3271 3021 3324 αὑτὸν
3045 3271 3304 3342 ὠμότητα
3335 3270 3652 3325 συνειδέναιέ

2078 3365 2288 3434 Τοιγὰρ
2327 3364 2423 3419 καὶ
2454 3361 2580 3425 τοὺς
2607 3362 2803 3432 ἐκείνῳ
2832 3361 3036 3432 ταύτην
3065 3362 3364 3425 δεδωκότας
3396 3364 3493 3434 τὴν
3523 3362 3658 3430 γνώ-

2082 3476 2188 3528 μην
2216 3456 2318 3527 τῆς
2350 3457 2667 3527 συμϐουλῆς
2699 3454 3020 3518 ἐπαινέσας,
3053 3455 3147 3507 ἐπὶ
3175 3454 3285 3509 τῶν
3311 3447 3655 3524 ’πραγμάτων

2079 3551 2171 3603 καὶ
2189 3549 2352 3612 αὐτὸς
2373 3550 2433 3602 οὑ
2473 3550 2653 3618 μάτην
2679 3546 2954 3618 ὴλπικότα
2987 3547 3080 3600 τὸν
3110 3547 3302 3617 ἐχθρὸν
3328 3546 3618 3600 ἀπεδείκνυ
3637 3560 3655 3578 ο

2081 3645 2177 3696 καὶ
2210 3643 2303 3695 τόν
2345 3659 2406 3695 τε
2449 3640 2618 3694 παῖδα
2669 3639 2890 3710 τρέφων
2939 3641 3076 3709 παρ’
3112 3639 3291 3708 ἑαυτῷ
3340 3637 3656 3707 φιλοτίμως,

2082 3733 2179 3787 καὶ
2204 3733 2305 3802 τῆς
2332 3735 2509 3802 ἀρχῆς
2540 3732 2633 3784 καὶ
2678 3732 2789 3784 τῶν
2819 3731 3016 3802 ἐκείνῳ
3045 3731 3411 3801 διαφερόντων
3463 3731 3658 3800 ἐπιμε-

2080 3825 2341 3894 λούμενος
2390 3825 2686 3892 διεγένετο,
2754 3824 2860 3886 ἓως
2918 3825 3124 3876 ἐκεῖνον
3177 3826 3239 3892 τῇ
3287 3822 3418 3893 παρ’
3463 3823 3656 3876 ἑαυτοῦ

2080 3919 2257 3988 τροφῇ
2293 3918 2385 3970 καὶ
2437 3918 2634 3989 μελέτῃ
2691 3917 2784 3970 καὶ
2817 3915 2912 3969 τοῦ
2949 3916 3154 3985 πατρὸς
3192 3916 3386 3985 βελτίω
3436 3914 3568 3985 πρὸς
3600 3915 3661 3968 τὸ

2083 4011 2271 4080 ἄρχειν
2298 3994 2574 4078 ἀπέδειξε,
2598 4011 2694 4064 καὶ
2722 4009 2843 4063 τότε
2869 4009 2969 4079 τῆς
2995 4010 3202 4072 οἰκείας
3229 4007 3448 4078 ἐφίστη,
3481 4009 3664 4062 ἱκανὸν

2083 4105 2379 4175 γενόμενον
2414 4102 2612 4168 σώζειν
2637 4103 2705 4157 τὰ
2741 4103 2903 4157 οῖκοι.
2939 4103 3012 4154 Τὸ
3041 4102 3087 4154 δ’
3118 4100 3320 4170 ἐφεξῆς
3350 4102 3504 4165 τίνας
3537 4102 3664 4172 ἀρεο

2083 4195 2182 4265 τῆς
2232 4197 2326 4249 καὶ
2361 4180 2603 4259 πίστεως
2651 4194 2962 4265 ὄρουςκοὺχ
3015 4193 3375 4264 ὑπερϐαίνει;
3407 4193 3514 4246 Τοῦ
3559 4195 3666 4263 γὰρ

2083 4288 2206 4340 νέου
2240 4287 2651 4357 συμϐαίνουσαν
2680 4287 2897 4358 ἔχοντος
2937 4288 3031 4340 καὶ
3061 4287 3160 4356 τήν
3187 4285 3414 4357 γνώμην
3455 4290 3518 4357 τῇ
3552 4288 3667 4357 ήλιο

2085 4381 2201 4452 κίᾳ,
2238 4381 2333 4435 καὶ
2381 4379 2594 4434 τοσοῦτ’
2626 4381 2967 4449 ἀποσχόντος
3007 4374 3082 4434 ὧν
3114 4375 3173 4433 εὗ
3208 4380 3466 4432 πεπόνθει
3507 4381 3666 4450 χάριν

2089 4472 2272 4543 ζητεῖν
2298 4472 2616 4536 ἀποδοῦναι,
2646 4472 2776 4534 ὥστ’
2807 4473 2910 4544 ήδη
2941 4474 3036 4526 καὶ
3057 4471 3125 4525 τὰ
3154 4472 3295 4526 ὅπλα
3321 4473 3664 4542 ἁρπάσαντα,

392 4582 518 4620 cum
555 4567 901 4635 procederet,
943 4565 1038 4635 qui
1079 4567 1250 4634 patris
1281 4566 1487 4636 justius
1512 4581 1676 4635 quam
1709 4567 1976 4620 curatoris

2090 4567 2288 4634 χωρεῖν
2313 4565 2408 4618 ἐπὶ
2444 4564 2536 4617 τὸν
2564 4565 2902 4636 δικαιότερον
2925 4564 3005 4616 ἂν
3050 4563 3264 4633 πατέρα
3305 4562 3338 4634 ἢ
3370 4564 3669 4632 ἐπίτροπον

392 4654 642 4707 omnium
669 4653 930 4724 sull‘ragio
964 4670 1166 4709 nomen
1206 4655 1473 4723 referret;
1513 4657 1623 4719 ille,
1665 4670 1766 4710 nec
1799 4655 1982 4710 illatas

393 4761 422 4799 a
454 4755 611 4816 patre
652 4747 886 4816 injurias
927 4747 980 4800 in
1038 4749 1360 4803 memoriam
1415 4748 1716 4810 revocavit,
1770 4762 1871 4802 nec
1924 4747 1980 4801 in

388 4836 612 4904 juvenis
656 4837 748 4891 illa
798 4837 1016 4902 delirio,
1052 4847 1111 4892 ut
1162 4855 1263 4909 par
1297 4849 1436 4906 erat,
1467 4847 1553 4893 est
1585 4839 1980 4904 exacerbatus;

394 4943 499 4984 nec
526 4929 766 5000 denique
793 4932 906 5001 egit
929 4931 1132 5002 gratias
1174 4932 1429 4996 fortunae,
1457 4932 1620 4988 dante
1643 4933 1762 5003 ejus
1789 4946 1980 4986 ansam

395 5021 652 5088 stultitia,
686 5033 749 5077 ut
794 5039 894 5078 sua
940 5025 1055 5094 ipse
1107 5039 1303 5093 eaque,
1338 5040 1436 5094 pro
1471 5025 1673 5094 quibus
1707 5032 1833 5078 ante
1881 5024 1982 5077 de-

395 5107 755 5185 pugnaverat,
791 5118 1095 5187 reciperet;
1134 5120 1268 5189 quin
1317 5120 1450 5183 imo,
1499 5119 1740 5174 mirabili
1791 5113 1984 5172 acces-

395 5212 550 5266 sione
603 5212 935 5282 principium
972 5227 1196 5284 augere,
1245 5213 1390 5267 nulla
1426 5214 1544 5282 ipse
1570 5213 1674 5266 alia
1704 5212 1981 5276 mercede,

395 5319 560 5372 quam
587 5319 782 5358 eorum
822 5304 917 5374 qui
971 5305 1227 5374 injuriam
1279 5305 1474 5359 fecisse
1525 5304 1834 5359 videantur.
1893 5304 1984 5359 Sic

400 5410 532 5450 vero
562 5395 728 5469 etiam
782 5411 904 5465 qua:
947 5398 1119 5466 patris
1144 5397 1417 5452 essent-in
1451 5397 1858 5452 adolescentem
1891 5413 1984 5452 su-

402 5504 596 5558 perare
629 5489 932 5555 contendit,
977 5499 1039 5544 ut
1066 5491 1287 5559 quidem
1341 5500 1566 5560 paterna
1626 5491 1829 5560 majora
1865 5490 1984 5559 pie-

403 5592 512 5646 tate
564 5581 762 5651 ferret;
817 5584 1076 5653 velutque
1140 5600 1240 5652 pro
1297 5582 1456 5654 pueri
1510 5583 1808 5652 petulantia
1859 5599 1988 5637 eru-

399 5673 634 5731 bescens
663 5677 802 5746 ipse,
837 5693 908 5730 ne
943 5677 1070 5753 quis
1111 5679 1232 5747 ejus
1269 5691 1390 5732 eam
1442 5675 1848 5744 improbitatem
1887 5691 1988 5744 pu-

402 5769 646 5833 tavisset,
669 5770 805 5825 alios
835 5769 1061 5826 dicebat
1094 5770 1312 5840 juvenis
1356 5769 1601 5823 animum
1643 5767 1710 5822 ad
1742 5783 1806 5822 ea
1850 5767 1986 5821 inci-

402 5873 515 5917 tare
544 5879 558 5917 :
595 5865 851 5922 monebat
880 5879 1008 5920 vero
1036 5872 1097 5920 ut
1132 5862 1304 5918 malos
1344 5858 1611 5929 ejusmodi
1640 5857 1987 5917 consiliarios

2085 4655 2191 4709 ὑπὸ
2222 4656 2445 4709 πάντων
2476 4655 2746 4726 κληθέντα
2768 4672 2781 4684 ·
2817 4657 3025 4720 ἐκεῖνος
3053 4651 3256 4710 οὗθ’ὦν
3294 4656 3400 4710 ὑπὸ
3427 4656 3522 4709 τοῦ
3559 4675 3667 4710 πα-

2085 4744 2214 4813 τρὸς
2244 4745 2493 4814 ἠδίκητο,
2529 4743 2871 4813 ἀνεμνήσθη,
2921 4744 3043 4797 οὔτε
3077 4745 3214 4815 πρδς
3261 4746 3388 4808 τοὺς
3417 4745 3510 4798 τοῦ
3542 4745 3665 4800 νέου

2087 4837 2312 4908 λήρους,
2353 4837 2428 4899 ὡς
2459 4837 2628 4901 εἰκὸς,
2681 4837 3031 4907 παρωξύνθη,
3063 4836 3188 4890 οὔτε
3220 4839 3286 4906 τῇ
3333 4837 3471 4908 τύχῃ
3505 4838 3667 4923 χάριν

2087 4929 2251 4996 ἔγνω,
2281 4929 2377 5000 τῆς
2413 4930 2625 4982 ἐκείνου
2653 4928 2866 4998 μωρίας
2896 4929 3088 4999 καιρὸν
3124 4930 3550 4999 παρασχομένης
3582 4946 3668 4982 κο-

2091 5022 2354 5092 μίσασθαι
2385 5022 2483 5092 μὲν
2517 5021 2584 5074 τὰ
2612 5021 2790 5074 οἰκεῖα
2835 5022 2928 5074 καὶ
2959 5021 3102 5092 ὑπερ
3130 5014 3206 5076 ὧν
3247 5022 3516 5092 πρότερον
3545 5024 3667 5075 61:0-

2087 5116 2280 5186 λέμει·
2313 5115 2601 5184 θαυμαστῇ
2645 5115 2702 5167 δέ
2735 5131 2845 5166 τινι
2892 5113 3180 5184 προσθήκῃ
3227 5113 3328 5184 τὴν
3355 5113 3529 5182 ἀρχὴν
3572 5113 3666 5166 αὑ-

2089 5207 2275 5275 ξῆσαι,
2327 5206 2709 5276 προσλαϐόντα
2748 5205 2828 5258 τὸί
2865 5205 2974 5259 τῶν
3014 5204 3660 5276 66ptxévat60mdv1ww

2088 5299 2206 5353 ἀλλ’
2247 5297 2394 5352 οὕτω
2445 5297 2542 5350 καὶ
2584 5299 2654 5351 τὰ
2691 5296 2785 5350 τοῦ
2832 5297 3042 5368 πατρὸς
3087 5297 3521 5367 ὑπερϐάλλεσθαι
3553 5299 3661 5360 τοῖς

2089 5394 2168 5453 εἰς
2189 5391 2288 5444 τὸν
2315 5391 2434 5443 νέον
2464 5389 2859 5458 ἐφιλονείκησε,
2907 5389 3038 5442 ὥστ’
3069 5387 3329 5458 ἠνέσχετο
3373 5388 3494 5458 μὲν,
3524 5389 3660 5441 ὅσων

2089 5484 2198 5537 οὐδ’
2221 5483 2287 5537 ἂν
2306 5484 2516 5546 ἐκεῖνος
2533 5500 2548 5516 ο
2581 5481 2773 5552 ὥσπερ
2803 5482 2848 5534 δ’
2876 5482 3016 5552 ὑπὲρ
3045 5475 3122 5535 ὧν
3146 5481 3469 5551 ἠσέλγαινεν
3493 5483 3520 5534 6
3540 5482 3668 5544 παῖς

2089 5578 2506 5648 αἰσχυνόμενος,
2549 5577 2622 5646 μή
2660 5593 2744 5639 τις
2782 5576 2948 5629 αὑτοῦ
2973 5575 3072 5647 τὴν
3105 5575 3503 5644 ἀγνωμοσύνην
3529 5576 3670 5627 ὲκεί-

2091 5690 2188 5741 νην
2215 5671 2433 5743 νομίσῃ,
2459 5668 2654 5731 ἄλλους
2679 5669 2864 5736 ἔλεγεν
2895 5664 3035 5720 εἶναι
3057 5667 3181 5730 τοὺς
3203 5667 3363 5720 αὑτὸν
3387 5667 3480 5719 ἕπὶ
3498 5667 3670 5720 ταῦτα

2094 5763 2458 5832 κεκινηκότας
2483 5777 2498 5792 °
2534 5760 2698 5814 αὐτὸν
2731 5761 2788 5813 δὲ
2816 5760 3050 5830 παρῄνει
3082 5761 3207 5822 τοὺς
3232 5759 3501 5828 πονηροὺς
3537 5775 3670 5826 συμ-

2097 5856 2323 5920 ϐούλους
2363 5856 2695 5928 μισήσαντα,
2744 5851 2854 5907 τῶν
2900 5851 2993 5905 τοῦ
3027 5850 3231 5922 πατρὸς
3273 5849 3549 5920 διαθηκῶν
3576 5850 3666 5902 καὶ
