4068 6462
339 416 444 480 993

1269 419 1554 480 ORATIO
1597 419 1745 482 PRO
1787 419 2150 480 SUBSlDlO
2190 421 2672 482 LATINORUNI-

3499 421 3604 484 99$

335 533 438 600 τῆς
464 525 600 600 παρ’
623 528 776 601 αὐτῷ
804 524 1056 594 παιδείας
1091 530 1434 601 μεμνῆσθαι,
1457 531 1730 604 νουθετεῖν
1765 532 1930 600 ἐγνω-

2037 531 2245 587 hztbens
2278 533 2427 596 odio,
2485 531 2797 587 testamenti
2845 532 3017 602 patris
3080 547 3145 587 ac
3197 549 3420 604 nupera;
3475 538 3621 607 apud

337 623 452 686 κὼς
485 623 688 694 μᾶλλον
715 622 748 694 ἢ
786 623 1069 694 πολεμεῖν.
1106 623 1218 678 Kal.
1245 624 1419 679 πολλά
1460 643 1543 689 τις
1574 625 1640 679 ἂν
1669 625 1784 696 ἔχοι
1815 643 1928 678 τοι-

337 715 479 771 αῦτα
503 718 613 769 τῶν
644 715 856 788 ἀνδρῶν
886 717 1093 770 τούτων
1116 717 1436 788 διηγήματα
1465 718 1665 787 ὶέγειν.
1706 718 1770 772 Ei
1813 719 1926 772 τοί-

337 827 434 862 νυν
463 809 698 870 καὶτοῖς
733 807 953 878 ἐχθροῖς
1008 810 1088 862 ὅτι
1119 811 1295 880 μόνον
1338 811 1524 875 αὐτοῖς
1573 811 1926 877 ἐπίστευσαν,

337 902 552 968 ἀξιοῦσι
587 901 688 972 τὴν
717 902 890 973 ὀργὴν
923 901 1165 971 ἀφιέναι,
1217 905 1332 967 πῶς
1362 905 1424 958 οὐ
1462 904 1673 974 γελοῖον
1700 905 1927 967 τούτους

337 996 607 1058 ἀπίστους
665 994 890 1049 ἔσεσθαι
925 999 1036 1059 τοῖς
1065 996 1240 1066 φίλοις
1267 998 1548 1068 νομίζειν;
1587 1001 1681 1052 καὶ
1732 1000 1779 1052 εί
1815 999 1927 1052 τῶν

303 1153 313 1161 ί
337 1087 545 1142 ἀδικεῖν
568 1089 661 1141 καὶ
691 1091 1054 1158 καταφρονεῖν
1080 1089 1384 1145 δοκούντων
1413 1091 1722 1160 ἀνέχονται,
1748 1089 1802 1145 τί
1826 1092 1927 1144 οὐκ

339 1180 404 1232 ἂν
438 1179 708 1252 πράξαιεν
734 1181 877 1249 ὑπὲρ
906 1181 1015 1233 τῶν
1042 1180 1296 1233 διδόντων
1340 1184 1436 1235 καὶ
1473 1183 1789 1253 δεομένωνς
1833 1183 1927 1238 καὶ

339 1273 389 1324 εί
427 1275 540 1334 τοῖς
586 1271 871 1342 πολεμίοις
924 1273 1024 1336 τὰς
1077 1274 1158 1335 είς
1209 1273 1410 1336 αὐτοὺς
1463 1274 1689 1338 ἐλπίδας
1730 1277 1927 1345 κυρίας

339 1363 550 1430 ἀξιοῦσι
583 1366 783 1430 ποιεῖν,
819 1365 938 1427 πῶς
967 1364 1028 1418 ού
1053 1366 1146 1418 καὶ
1177 1365 1338 1418 πλέον
1367 1383 1419 1418 τι
1461 1369 1600 1438 πρὸς
1629 1366 1756 1430 τοὺς
1793 1385 1925 1436 συγ-

339 1457 518 1523 γενεῖς
559 1455 920 1521 ὲπιδείξονται
945 1475 960 1524 ;

427 1634 592 1690 Ἀλλά
629 1633 738 1706 μὴν
760 1636 788 1689 ὃ
819 1653 877 1688 τε
905 1639 1005 1708 τῆς
1052 1639 1348 1710 στρατείας
1375 1640 1596 1710 ἐκείνης
1625 1607 1930 1712 ἡγούμενος

341 1729 570 1798 ἀνεψιός
611 1731 728 1782 ἐστι
756 1729 833 1800 τῷ
856 1731 991 1800 παρ’
1026 1732 1160 1801 ἡμῖν
1191 1731 1425 1802 βασιλεῖ,
1452 1736 1546 1787 καὶ
1573 1737 1800 1798 πάππος
1824 1736 1932 1806 ἀμ-

339 1822 461 1888 φοῖν
491 1817 558 1893 ἦν
581 1823 609 1875 ὁ
634 1821 714 1892 τῷ
737 1822 838 1893 βίῳ
869 1822 990 1886 δοὺς
1018 1824 1077 1877 τὸ
1105 1824 1426 1895 θαυμαστὸν
1451 1828 1628 1880 ἐκεῖνο
1653 1827 1926 1898 διήγημα.

2031 626 2214 694 ipsum
2252 625 2603 679 educationis
2655 624 3028 690 meminisset;
3069 623 3370 680 admouere
3404 625 3623 693 doetus,

2029 732 2141 770 non
2185 717 2384 771 bellum
2417 717 2646 776 inferre.
2684 717 2977 786 Possitque
3005 715 3128 782 quis
3157 717 3430 788 ejusmodi
3465 721 3624 790 plura

2029 808 2100 861 ab
2129 807 2197 860 iis
2225 817 2376 879 gesta
2417 823 2664 863 narrare.
2694 808 2980 879 Siquidem
3003 823 3134 880 ergo
3154 810 3320 865 etiam
3350 812 3621 880 hostibus,

2029 915 2096 954 co
2122 901 2270 970 quod
2303 900 2436 966 ipsis
2476 900 2802 956 habuissent
2856 901 3042 965 ﬁdem,
3099 902 3463 959 remittendas
3512 906 3628 962 iras

2030 1001 2398 1062 putaverunt;
2455 992 2555 1062 qui
2609 1007 2720 1046 non
2767 991 3085 1056 ridiculum,
3125 1004 3186 1048 ut
3232 993 3393 1050 ﬁdem
3429 1000 3625 1053 amicis

2032 1087 2290 1142 violaturi
2338 1089 2666 1152 credantur;
2719 1103 2958 1159 cumque
3007 1103 3105 1144 eos
3157 1090 3488 1158 sustineant,
3529 1095 3624 1164 qui

2031 1180 2229 1250 injuria
2265 1179 2482 1235 allicere
2527 1195 2593 1234 ac
2630 1189 2988 1235 contemnere
3031 1180 3312 1246 videntur,
3345 1183 3477 1252 quid
3513 1202 3623 1239 nrn

2031 1271 2480 1328 feceriuteorum
2531 1275 2728 1345 gratia,
2764 1275 2859 1342 qui
2905 1283 2960 1329 et
3003 1274 3277 1340 tribuunt,
3320 1286 3370 1331 et
3419 1280 3627 1334 auxilio

2032 1363 2226 1419 adesse
2279 1367 2610 1434 precantur?
2660 1365 2797 1422 Cum
2860 1366 3101 1436 denique
3159 1367 3416 1425 hostibus
3475 1381 3626 1428 ratas

2007 1456 2478 1523 exspectationes
2505 1457 2698 1521 velint,
2733 1459 2828 1527 qui
2866 1473 2976 1511 non
3003 1458 3181 1528 majus
3199 1458 3409 1529 aliquid
3431 1462 3629 1516 adver-

2033 1562 2129 1601 sus
2170 1555 2432 1617 cognatos
2462 1548 2572 1602 sint
2598 1548 2978 1619 designaturi?

2103 1639 2422 1706 Enimvero,
2460 1641 2552 1710 qui
2590 1641 2666 1696 illi
2707 1641 2975 1696 exercitui
3021 1641 3136 1698 dux
3173 1643 3462 1714 praefectus
3516 1655 3622 1709 eat,

2032 1732 2396 1787 consobrinus
2417 1744 2496 1788 εει
2518 1735 2691 1789 nostri
2725 1735 3073 1804 imperatoris
3092 1736 3171 1808 (3)
3197 1754 3212 1790 :
3235 1737 3450 1807 fuitque
3485 1743 3628 1794 utri-

2032 1841 2139 1896 quc
2166 1842 2304 1880 avus
2345 1828 2437 1896 qui
2475 1828 2799 1883 mirabilem
2832 1843 2951 1883 eam
2983 1828 3271 1884 historiam
3303 1831 3506 1887 saeculo
3533 1846 3626 1886 re-

340 1913 464 1976 Πῶς
496 1913 588 1966 οὖν
621 1914 650 1966 ό
685 1915 785 1985 μὲν
819 1914 1073 1980 ἀνέξεται
1099 1917 1196 1970 καὶ⁸
1226 1917 1382 1972 ταῦτ’
1415 1919 1495 1983 είς
1535 1920 1742 1990 ἀρετῆς
1770 1920 1930 1988 λόγον

2033 1917 2212 1986 liquit.
2248 1917 2536 1982 Quomodo
2565 1918 2774 1988 itaque.
2811 1934 2934 1973 cum
2976 1919 3065 1974 ille
3097 1921 3236 1975 adeo
3267 1937 3297 1975 a
3352 1922 3624 1992 majorum

342 2005 454 2093 τῷν
479 2007 762 2076 προγόνων
804 2008 1231 2079 ἀπολειφθῆναι,
1263 2010 1360 2064 καὶ
1398 2012 1497 2082 τὴν
1526 2012 1613 2064 ἑτέ
1627 2029 1735 2082 ρων
1771 2014 1931 2065 πλεο-

343 2097 524 2162 νεξίαν
563 2099 915 2170 μιμήσασθαι
944 2141 964 2184 ,
997 2099 1117 2165 ἐξὸν
1147 2101 1247 2172 τὴν
1301 2103 1510 2156 οἰκείαν
1551 2102 1926 2174 δικαιοσύνην,

341 2192 368 2244 ό
400 2191 446 2243 δ’
481 2191 813 2244 ύποπτεύσει
845 2191 938 2244 τὸν
972 2193 1238 2262 συγγενῆ,
1273 2192 1334 2246 ὃν
1363 2193 1396 2264 ἡ
1431 2195 1690 2248 κοινωνία
1715 2193 1810 2248 τοῦ
1843 2195 1932 2262 γέ-

341 2299 468 2346 νους
530 2284 820 2352 συμφορὰν
879 2281 1186 2352 ἀναγκάζει
1240 2285 1518 2339 ποιεῖσθαι
1567 2286 1638 2340 τὰ
1683 2288 1965 2358 ἡμέτεραο

343 2376 491 2445 πάθη
516 2395 530 2440 ;
559 2377 737 2440 Ὀλως
770 2377 828 2430 δὲ
871 2379 1172 2448 Ῥωμαίοις
1213 2380 1323 2448 πρὸ
1372 2378 1553 2452 πάσης
1598 2379 1766 2452 ἄλλης
1801 2382 1931 2450 ἀρε-

344 2467 440 2537 τῆς
471 2468 506 2539 ἡ
568 2468 924 2540 δικαιοσύνη·
958 2470 1052 2524 καὶ
1098 2469 1353 2540 δηλοῦσιν
1382 2473 1431 2524 oi
1496 2472 1818 2541 νόμοιλκαὶ⁵
1863 2473 1930 2537 ἃς

345 2560 634 2616 ἀπαιτοῦσι
666 2561 823 2626 δίκας
861 2563 986 2626 τοὺς
1012 2563 1218 2616 ἀδικεῖν
1248 2563 1581 2632 ἐγνωκότας.
1613 2565 1686 2616 Τὸ
1728 2565 1771 2618 δ’
1799 2567 1930 2619 ἄπι-

341 2673 466 2710 στον
505 2653 644 2710 εἶναι
695 2656 826 2724 παρ’
876 2655 1082 2720 αὐτοῖς,
1133 2657 1227 2709 καὶ
1260 2656 1378 2726 μετ’
1421 2659 1640 2726 ἀπάτης
1694 2658 1930 2729 χρῆσθαι

338 2751 454 2813 τοῖς
491 2749 764 2820 χρήμασι,
793 2749 937 2811 τίνος
966 2749 1067 2801 οὐκ
1103 2749 1458 2820 αἰσχρότερον
1492 2748 1726 2820 βρόχου;
1759 2751 1814 2802 οῖ
1864 2742 1949 2820 γε’

344 2839 470 2910 μηδ’
496 2841 554 2893 ἐν
585 2842 698 2904 τοῖς
749 2841 894 2911 ὑπὲρ
924 2841 1034 2894 τῶν
1063 2841 1200 2914 ὅλῳν
1236 2841 1516 2912 πολέμοις,
1547 2841 1646 2896 καὶ
1674 2834 1736 2894 οὗ
1775 2843 1930 2912 νόμι-

342 2945 445 2998 μον
475 2929 713 2999 ἀπάταις
739 2929 977 2999 χρῆσθαι
1004 2929 1131 2991 τοὺς
1160 2931 1508 3000 στρατηγοὺς
1537 2932 1633 2985 καὶ
1664 2932 1933 3002 σοφίσμα-

344 3035 434 3072 σιν
454 3059 470 3085 ,
505 3018 612 3072 οὐδ’
643 3022 761 3074 ἐκεῖ
815 3019 1100 3090 βούλονται
1158 3021 1298 3086 μετὰ
1323 3020 1420 3073 τοῦ
1475 3019 1705 3090 ψεύδους
1732 3023 1892 3092 νικᾷν
1913 3037 1928 3052 ³

340 3110 480 3165 ἀλλά
507 3111 866 3180 προειπόντες
899 3111 975 3173 ὠς
1021 3109 1236 3181 ἥξουσι,
1295 3113 1392 3166 καὶ
1430 3112 1558 3175 τοὺς
1599 3112 1802 3176 τόπους
1836 3113 1931 3166 καὶ¹

342 3208 470 3270 τοὺς
512 3207 740 3280 χρόνους
775 3207 1118 3278 κηρύξαντες
1167 3225 1451 3278 αντικρυς,
1484 3205 1658 3271 οὕτως
1692 3209 1772 3272 είς
1827 3211 1930 3279 τὴν

344 3271 958 3372 μάχην-’καθίστανταινο
988 3303 1089 3373 τὴν
1119 3301 1242 3372 μετ’
1283 3271 1486 3374 ἀρετῆς
1515 3295 1688 3374 ἧτταν
1721 3271 1815 3356 τοῦ
1853 3271 1931 3356 νι-
1957 3271 2002 3333 C

342 3395 446 3464 κᾷν
478 3393 720 3463 ἀγεννῶς
755 3394 984 3464 ἀνδράσι
1025 3395 1228 3466 μᾶλλον
1261 3396 1564 3466 προσήκειν
1592 3395 1927 3466 νομίζοντες.

344 3485 473 3540 Πότ’
500 3485 594 3540 οῦν
622 3488 976 3559 ἀπατήσουσι
1009 3487 1451 3560 συμμαχοῦντες,
1478 3488 1532 3542 οἴ
1553 3505 1618 3558 γε
1655 3489 1792 3561 μηδὲ
1820 3506 1928 3558 μα-

340 3581 566 3651 χόμενοι
627 3580 900 3650 χρήσιμον
931 3581 1231 3634 οἴονταιτὸ
1280 3580 1512 3650 ψεῦδο;;
1561 3577 1704 3648 Ἐγὼ
1756 3581 1811 3634 δὲ
1838 3581 1930 3634 καῖ¹

339 3670 498 3725 τοῦτο
532 3669 744 3741 ἀπορῶ,
777 3675 825 3724 εἰ
877 3671 1073 3742 παρὼν
1103 3671 1200 3727 νῦν
1229 3673 1258 3726 ό
1307 3672 1562 3744 βασιλεὺς
1595 3677 1710 3738 τοῖς
1747 3674 1929 3745 πράγ-

343 3779 512 3833 μασιν
567 3763 751 3834 ἑτυχε,
796 3763 919 3817 τίνα
968 3765 1034 3818 ἂν
1064 3761 1220 3820 εἷπον
1254 3767 1302 3819 οἱ
1325 3765 1420 3820 νῦν
1459 3766 1636 3821 ταῦτα
1695 3768 1932 3840 δημηγο-

342 3855 590 3925 ροῦντες.
623 3855 687 3908 Εί
721 3854 820 3925 μὲν
846 3854 956 3927 γὰρ
988 3858 1243 3911 κάκεῖνον
1272 3858 1548 3922 ἐκέλευον,
1578 3857 1672 3922 οὒς
1699 3859 1929 3913 ἐκάλεσε

342 3948 696 4019 συμμάχους,
731 3947 946 4011 τούτοις
997 3947 1201 4002 κλείειν
1229 3949 1330 4014 τάς
1359 3951 1460 4020 τῆς
1489 3951 1700 4015 πόλεως
1729 3953 1927 4016 πύλας,

339 4041 443 4094 οὐκ
473 4035 573 4094 οἶδ’
608 4039 807 4093 ὁπόθεν
856 4038 1007 4111 αὐτῷ
1044 4045 1348 4111 προσήκειν
1395 4041 1558 4096 τοῦτο
1602 4043 1833 4117 τοῦργον
1864 4047 1928 4115 ή-

345 4131 589 4198 γοῦνται.
634 4130 804 4201 Δῆλον
839 4130 950 4200 γὰρ
981 4131 1057 4194 ὡς
1092 4131 1247 4184 οὐδὲν
1298 4128 1375 4186 ὧν
1427 4133 1678 4186 ἐλθοῦσιν
1733 4134 1930 4204 ὑπισχ-

343 4224 507 4288 νεῖτο,
537 4223 782 4293 τηρῆσαι
833 4223 1222 4277 συνεϐούλευον
1257 4223 1323 4276 ἄν
1345 4237 1360 4252 ⁸
1394 4225 1492 4278 καὶ
1520 4224 1678 4278 ταῦτ’
1721 4225 1822 4278 οὐκ
1869 4225 1928 4290 ἐξ

339 4312 617 4384 ἀνάγκης,
648 4313 768 4366 ἀλλ’
799 4313 1059 4384 ἐπίτηδες
1092 4314 1186 4367 ἐπὶ
1207 4313 1306 4383 τὴν
1327 4315 1547 4384 ἀπάτην
1589 4314 1836 4372 ἐλθόντα.
1864 4316 1928 4367 Εἰ

337 4405 398 4458 δὲ
429 4406 684 4477 δέχεσθαι
736 4405 963 4468 τούτους
1003 4405 1302 4477 παρῄνουν,
1347 4406 1465 4470 πῶς
1518 4408 1581 4460 οὑ
1642 4406 1802 4459 τοῦτο
1835 4409 1928 4460 καὶ

338 4494 434 4550 νῦν
466 4497 616 4547 ἴσασι
644 4496 736 4548 τὸν
769 4496 968 4564 καιρὸν
992 4495 1353 4550 ἀπαιτοῦντα.
1382 4497 1456 4549 Οὐ
1501 4496 1610 4567 γὰρ
1646 4496 1818 4566 δήπου
1851 4493 1929 4568 τῷ

2034 2009 2308 2064 sustineat
2341 2009 2575 2064 deﬁcere
2605 2011 2835 2076 virtute,
2883 2025 2948 2066 ac
2990 2011 3223 2066 aliorum
3272 2013 3478 2068 imitari
3519 2014 3628 2069 im-

2033 2101 2262 2169 probam
2297 2101 2654 2173 cupiditatem
2699 2119 2826 2158 cum
2862 2104 3222 2160 domesticam
3251 2106 3416 2162 liceat
3454 2109 3624 2179 justi-

2033 2194 2202 2258 tiam;
2256 2205 2372 2248 tum
2412 2194 2500 2249 hic
2526 2205 2820 2264 cognatum
2847 2207 3169 2267 suspectum
3201 2198 3420 2262 habeat,
3458 2215 3625 2268 qmm

2032 2285 2348 2340 communio
2391 2275 2609 2356 generis
2637 2289 2775 2342 mala
2807 2297 3013 2344 nostra.
3053 2303 3209 2344 suam
3262 2289 3435 2360 ipsius
3481 2291 3630 2347 cala-

2032 2378 2280 2432 mitatem
2350 2376 2555 2434 ducere
2614 2379 3069 2436 facit?0mnino
3125 2390 3308 2436 autem
3370 2383 3628 2452 Romani,

2016 2469 2314 2525 omni-alia
2347 2470 2654 2541 impensius
2695 2473 2923 2534 virtute,
2967 2472 3240 2540 justitiam
3291 2474 3504 2540 colunt,
3563 2489 3628 2529 ac

2037 2572 2312 2618 testantur
2342 2564 2512 2634 leges,
2558 2580 2807 2634 quasque
2854 2566 3084 2636 exigunt
3140 2582 3353 2635 ρωπος,
3402 2565 3472 2621 ab
3535 2567 3625 2630 iis,

2033 2656 2128 2726 qui
2167 2655 2425 2726 injuriam
2463 2657 2694 2712 faciunt.
2734 2658 2922 2712 Datam
2962 2667 3145 2713 autem
3178 2658 3390 2713 violare
3439 2659 3626 2722 ﬁdem,

2033 2749 2316 2818 rebusque
2360 2749 2590 2818 agendis
2623 2749 2950 2820 deceptione
2995 2751 3100 2812 uti.
3128 2766 3238 2819 quo
3281 2766 3390 2804 non
3427 2751 3628 2822 laqueo

2035 2837 2254 2907 turpius
2303 2837 2548 2892 habent?
2591 2840 2687 2908 qui
2739 2854 2919 2910 neque
2963 2839 3020 2894 in
3073 2839 3254 2906 hellis,
3299 2841 3505 2910 quibus
3534 2844 3631 2896 de-

2032 2938 2295 2984 cernatur
2323 2929 2391 2983 de
2422 2945 2605 2984 rerum
2634 2920 2872 2994 summa,
2899 2948 2962 2985 ac
2984 2931 3188 3000 quibus
3233 2932 3352 3002 lege
3400 2947 3628 2987 conces-

2033 3034 2179 3086 sum,
2212 3031 2273 3073 ut
2315 3019 2488 3074 duces
2534 3019 2862 3090 deceptione
2921 3031 3147 3077 utantur
3194 3038 3258 3076 ac
3312 3012 3623 3088 fraudibus,

2035 3111 2382 3166 mendacium
2432 3111 2680 3167 subsidio
2721 3113 3067 3179 adhibentes,
3104 3114 3328 3168 vincere
3381 3115 3552 3168 velint
3609 3134 3627 3171 :

2033 3203 2166 3274 quin
2203 3202 2316 3258 imo
2341 3203 2777 3272 praenuntiantes
2831 3211 2889 3258 ut
2939 3203 3050 3258 sint
3100 3205 3342 3271 venturi,
3397 3206 3626 3274 locaque

2033 3314 2097 3353 ac
2143 3308 2392 3367 tempora
2435 3297 2808 3368 designantes,
2847 3298 2926 3351 sic
2988 3295 3190 3349 bellum
3239 3295 3622 3360 committant;

2031 3391 2230 3447 decere
2260 3391 2432 3461 magis
2456 3391 2606 3444 viros
2637 3388 3039 3454 existimantes,
3073 3404 3197 3443 cum
3226 3390 3429 3443 virtute
3453 3388 3623 3453 vinci,

2031 3461 2196 3551 quam
2240 3481 2434 3552 ignave
2484 3496 2790 3551 parumque
2847 3479 3085 3534 viriliter
3141 3480 3377 3533 victoria
3432 3477 3622 3548 potiri.

2031 3572 2390 3640 Quandonam
2426 3589 2556 3643 ergo
2593 3571 2722 3627 belli
2777 3587 2836 3626 se
2890 3570 3073 3625 socios
3130 3569 3386 3640 professi,
3433 3555 3629 3640 decep-

2034 3667 2144 3720 tur'i
2178 3674 2329 3728 sunt.
2357 3666 2451 3736 qui
2483 3680 2554 3719 ne
2593 3649 2737 3719 bello
2778 3663 3002 3734 quidem
3040 3677 3164 3717 cum
3213 3661 3466 3716 hostibus
3497 3677 3528 3715 e
3561 3677 3621 3716 re

2032 3763 2227 3824 putent
2260 3755 2519 3810 mentiri?
2567 3755 2836 3824 Equidem
2871 3754 2975 3808 hoc
3026 3768 3246 3822 quoque
3284 3766 3494 3821 quaero,
3546 3750 3624 3805 si-

2031 3847 2253 3918 quidem
2289 3848 2405 3916 ipse
2432 3862 2673 3916 praesens
2705 3845 3009 3914 imperator
3039 3845 3422 3898 deliberationi
3462 3843 3626 3898 ades-

2031 3950 2136 4006 set,
2189 3954 2441 4010 quaznam
2488 3937 2735 4007 prreelnri
2801 3937 2857 3990 bi
2929 3953 3077 3990 nunc
3133 3942 3382 3990 oratores
3436 3943 3624 3988 essent

2033 4031 2271 4086 dicturi?
2324 4030 2465 4085 Sane
2515 4039 2576 4082 ut
2615 4038 2672 4082 et
2720 4028 2872 4082 illum
2905 4029 3182 4099 juberent,
3235 4028 3387 4082 urnis
3433 4035 3622 4096 portas

2031 4105 2290 4180 claudere
2331 4123 2421 4188 iis,
2481 4136 2622 4191 quos
2689 4121 2816 4176 belli
2866 4120 3049 4175 socios
3106 4120 3412 4181 ascivisset,
3469 4117 3620 4173 haud

2029 4215 2145 4270 scio
2171 4215 2317 4269 unde
2356 4231 2471 4269 rem
2513 4214 2787 4269 facturum
2822 4223 3037 4284 putent,
3077 4228 3199 4282 qua:
3241 4213 3486 4268 deceret.
3523 4211 3621 4268 Li-

2029 4319 2162 4378 quet
2189 4309 2339 4361 enim
2385 4316 2644 4362 auctores
2672 4306 2812 4371 fore,
2847 4315 2905 4358 ut
2942 4306 3081 4360 nihil
3119 4321 3310 4360 eorum
3344 4321 3618 4369 servare,

2030 4417 2151 4470 quae
2186 4399 2534 4456 venientibus
2572 4409 2717 4454 esset
2776 4399 3077 4468 pollicitus;
3131 4408 3297 4467 atque
3357 4397 3410 4451 id
3461 4399 3614 4453 nulla

2029 4505 2259 4566 cogente
2301 4496 2648 4558 necessitate,
2697 4493 2794 4548 sed
2864 4508 2990 4547 cum
3038 4491 3164 4546 data
3237 4506 3405 4560 opera
3465 4490 3619 4545 frau-

339 4589 442 4658 μὲν
473 4588 687 4658 βασιλεῖ
732 4589 907 4640 ποιεῖν
955 4587 1026 4641 τὰ
1075 4587 1267 4642 δέοντα
1311 4587 1612 4642 δώσουσιν·
1644 4589 1830 4652 αὐτοῖς
1864 4589 1921 4642 δὲ

2029 4588 2155 4645 dem
2197 4589 2422 4644 faceret.
2464 4587 2559 4642 Sin
2597 4596 2780 4642 autem
2825 4596 3117 4641 monerent
3167 4592 3224 4639 ut
3264 4585 3390 4639 illos
3442 4584 3621 4637 susci-

335 4679 638 4749 φυλάξουσι
665 4679 763 4751 τὴν
791 4680 1150 4751 ἀναισθησίαν
1169 4696 1188 4717 ν
1215 4681 1313 4735 καὶ
1334 4681 1454 4734 τότε
1485 4681 1585 4751 μὲν
1608 4680 1917 4752 ἀληθεύειν,
1947 4718 1949 4721 -

334 4773 435 4826 νῦν
465 4775 522 4827 δὲ
583 4773 878 4843 ψεύδεσθαι
937 4775 1188 4844 νομιοῦσι
1235 4775 1554 4846 προσῆκον·
1609 4776 1703 4830 καὶ
1745 4775 1921 4830 ταῦτα

342 4867 510 4938 μηδὲν
537 4868 826 4939 μέλλοντες
853 4869 916 4921 ἐκ
956 4869 1058 4940 τῆς
1111 4867 1396 4940 ἀγχινοίας
1437 4869 1649 4942 ταύτης
1706 4871 1924 4941 κερδαί-

338 4975 474 5017 νειν.

2028 4691 2204 4754 peret,
2245 4684 2340 4752 qui
2389 4697 2501 4736 non
2573 4680 2627 4735 id
2666 4695 2886 4750 quoque
2934 4678 3096 4733 modo
3157 4693 3338 4748 Opera:
3379 4676 3620 4746 pretium

2028 4775 2378 4846 intelligunt?
2425 4774 2538 4829 Nec
2601 4773 2748 4829 enim
2813 4773 2996 4828 daturi
3065 4779 3229 4834 sunt,
3294 4768 3618 4838 Imperatori

2028 4867 2249 4936 quidem
2301 4880 2626 4934 congruere,
2671 4881 2791 4936 qu.e
2839 4864 3103 4925 deceant;
3143 4861 3248 4916 sibi
3281 4871 3466 4916 autem
3505 4877 3624 4914 ser-

2030 4959 2206 5014 vaturi
2232 4958 2714 5014 iuseusibilitatem
2742 4974 2757 5010 :
2786 4972 2848 5010 ac
2879 4966 3012 5011 tunc
3044 4955 3292 5026 quidem,
3326 4954 3616 5009 colendam

2030 5055 2362 5117 veritatem,
2433 5051 2599 5104 modo
2663 5060 2845 5103 autem
2897 5047 3243 5102 mendacium
3309 5045 3620 5116 putabunt;

2031 5146 2218 5218 idque,
2238 5160 2364 5201 cum
2391 5158 2456 5199 ex
2472 5159 2537 5199 ea
2555 5141 2800 5198 versutia
2819 5141 2958 5196 nihil
2981 5141 3053 5196 sit
3073 5139 3210 5194 lucri
3242 5151 3620 5193 accessurum.

1604 5383 1705 5443 Fr.
1747 5377 2112 5442 Combeﬁsii
2148 5387 2336 5441 notae.

409 5558 486 5626 (ὅ)
525 5557 688 5612 Forte
731 5571 798 5610 ex
853 5553 1055 5626 familia
1104 5552 1440 5626 marchionis
1503 5550 1917 5626 Illontisfcrrati,

331 5623 635 5698 cujusililia
677 5627 832 5680 Irene
879 5625 1198 5679 Andronico
1244 5623 1552 5694 Palteologo
1596 5623 1803 5691 nupsit,
1849 5637 1916 5698 ex

334 5695 449 5767 quo
479 5697 621 5750 ﬁlios
652 5707 759 5750 tres
793 5697 1056 5763 suscepit,
1094 5711 1159 5749 ex
1187 5710 1420 5762 quorum
1448 5705 1736 5767 stcttmtate
1771 5695 1918 5767 regia

332 5763 762 5836 Palteologorutn
797 5767 995 5819 domus
1016 5767 1278 5836 deinceps
1310 5773 1605 5836 propagata
1635 5763 1756 5816 fuit.
1791 5763 1913 5836 Vid.

331 5833 658 5906 Gri-gerant,
691 5837 785 5889 lib.
817 5852 866 5889 vt
904 5845 1085 5906 οιΑ-ιι.
1114 5835 1252 5900 Quin
1281 5845 1336 5906 et
1374 5835 1804 5906 Palteologorum
1839 5833 1919 5887 fa-

333 5904 542 5963 miliam
576 5922 644 5962 ex
670 5906 823 5960 Italia
869 5921 929 5961 ac
965 5905 1206 5961 Vtterbio
1260 5905 1492 5960 Etruria:
1543 5904 1765 5959 civitate
1806 5919 1918 5958 non

2020 5549 2250 5620 ignobili
2277 5548 2545 5620 originem
2596 5547 2850 5620 traxisse,
2901 5544 3188 5620 nonnullis
3225 5544 3423 5614 placet,
3466 5544 3613 5620 quod

2023 5614 2186 5674 dvocet
2235 5614 2481 5680 llizarus,
2527 5621 2669 5674 libro
2715 5635 2732 5672 ι
2785 5619 2860 5671 De
2902 5615 3036 5669 bello
3079 5614 3272 5669 Veneto
3307 5631 3325 5667 :
3357 5621 3449 5668 sed
3510 5619 3615 5668 huc

2024 5697 2294 5745 remotius
2331 5691 2594 5754 arbitror,
2644 5704 2808 5757 quam
2846 5698 2907 5742 ttt
2949 5687 3260 5757 Demetrius
3305 5699 3372 5737 eo
3423 5700 3612 5751 resin-—

2022 5762 2186 5824 xerit,
2226 5778 2288 5815 ac
2315 5763 2474 5814 ducis
2529 5754 2848 5813 Latinorum
2900 5755 3131 5812 subsidii
3187 5754 3614 5823 Gru-coruntque

2025 5833 2376 5900 imperatoris
2407 5829 2944 5899 consanguinitatetn
2989 5828 3114 5879 inde
3153 5825 3395 5894 petiem.
