4068 6480
439 445 546 508 933

441 643 632 698 randis
687 641 808 696 istis
853 640 1224 705 consiliariis;
1270 651 1386 696 tum
1441 650 1618 694 ratum
1661 651 1806 703 esto,
1860 641 2044 695 socios

440 737 666 806 quidem
696 734 882 788 omnia
937 733 1265 787 instruxisse
1296 740 1355 786 ut
1390 732 1550 785 nobis
1587 730 1834 786 facerent
1890 731 2042 786 frau-

440 830 602 895 dem;
637 813 788 897 ipsos
813 842 946 881 vero
975 827 1295 896 pros;:icere
1352 825 1499 895 quod
1550 826 1796 879 futurum
1845 828 1937 891 sit,
1978 841 2043 881 ac

440 939 548 990 qua
579 923 788 992 pollent
816 919 1114 990 sapientia.
1163 918 1387 974 illorum
1447 927 1662 973 secreta
1717 919 2038 988 praedicere.

444 1015 581 1070 Illud
613 1031 740 1069 wro
774 1023 986 1067 tantum
1016 1028 1078 1066 ex
1111 1012 1193 1066 eis
1226 1012 1684 1082 percontabimur
1721 1032 1734 1066 :
1766 996 2042 1083 siquidem

442 1112 518 1166 illi
559 1109 831 1164 destinato
881 1105 1077 1161 nuntio
1126 1106 1320 1160 adesse
1353 1120 1412 1162 se
1455 1105 1865 1176 pra'dixissent,
1900 1107 2042 1162 nihil

441 1202 589 1257 aliud
621 1201 962 1271 propositum
1005 1199 1295 1263 habentes,
1326 1214 1490 1268 quam
1523 1208 1582 1252 ut
1619 1197 1827 1253 Christi
1852 1213 1910 1252 se
1945 1199 2043 1253 ho-

434 1298 617 1352 stibus
669 1303 1018 1365 opponerent
1063 1309 1126 1348 ac
1187 1293 1592 1348 ulciscerentur
1643 1304 1860 1348 nostras
1895 1294 2042 1364 inju-

435 1391 582 1456 rias;
625 1389 833 1460 quippe
865 1403 991 1441 cum
1031 1387 1195 1456 legati
1241 1386 1595 1456 imperatoris
1625 1387 1679 1441 id
1721 1386 1790 1441 ab
1835 1387 1918 1442 eis
1956 1402 2039 1441 ro-

436 1491 698 1550 gassent:
729 1481 921 1536 venire
962 1483 1150 1550 itaque
1184 1479 1329 1544 ideo,
1367 1479 1640 1549 cognatis,
1684 1479 1895 1544 amicis,
1940 1495 2042 1550 pa-

439 1577 563 1642 tria,
623 1591 690 1630 ac
728 1573 1076 1630 cliarissimis
1137 1572 1287 1626 domi
1353 1573 1680 1643 pignoribus
1720 1573 1942 1643 spretis,
1983 1583 2045 1628 ut

438 1669 714 1724 Barbaros
741 1669 966 1738 quidem
1012 1669 1154 1723 male
1206 1668 1275 1723 de
1319 1667 1482 1722 nobis
1527 1666 1765 1721 'meritos
1811 1667 2044 1722 ulcisce-

438 1760 656 1825 rentur,
730 1760 963 1831 suisque
1026 1761 1272 1830 ipsorum
1337 1759 1652 1830 sumptibus
1719 1759 2040 1829 imperatori

435 1870 666 1924 regnum
702 1855 1098 1917 restituerent;
1147 1851 1421 1920 siquidem
1455 1866 1588 1922 ergo
1623 1851 1910 1906 venientes
1954 1867 2043 1905 ro-

1739 439 2124 501 DEMETRH
2168 440 2490 502 CYDONII

518 551 717 606 Verum
751 546 796 603 si
831 547 1036 618 placet,
1087 563 1213 602 cum
1269 548 1373 603 alia
1433 547 1804 604 concedamus
1865 549 2116 615 admi—A

2223 551 2418 620 Ὅμως
2450 563 2498 602 ει
2535 539 2706 614 δοκεῖ,
2759 548 2829 602 τά
2881 549 2981 619 μὲν
3040 547 3178 603 ἄλλα
3243 551 3354 614 τοῖς
3402 549 3737 622 θαυμαστοῖς

2146 640 2366 705 τούτοις
2402 639 2827 712 συγχωρῶμεθα
2860 640 3226 712 συμϐούλοις·
3263 643 3360 696 καὶ
3391 643 3593 697 κείσθω
3622 648 3736 708 τοῖς

2149 735 2248 806 μὲν
2276 735 2590 806 συμμάχοις
2615 733 2738 788 καθ’
2764 735 2924 805 ήμῶν
2948 733 3088 805 πρὶς
3117 734 3335 804 ἀπάτην
3370 737 3546 790 πάντα
3579 754 3736 790 συνε-

2147 829 2488 882 σκευιὶσθαι⁹
2522 828 2722 890 αὐτοὺς
2761 829 2819 882 δὲ
2870 823 3213 900 προορᾶσθαι
3285 830 3346 881 τὸ
3389 830 3602 900 μέλλον,
3637 831 3740 884 καὶ

2144 919 2415 972 τάκείνων
2447 920 2739 990 ἀπόρρητα
2795 917 3094 988 προλέγειν
3129 919 3236 971 ὑπὸ
3272 918 3486 986 σοφίας.
3524 919 3740 971 Ἐκεῖνο

2145 1014 2202 1066 δὲ
2245 1013 2409 1084 μόνον
2439 1015 2668 1075 τούτους
2703 1011 2984 1083 ἐρώμεθα.
3043 1012 3104 1065 ΕΞ
3165 1011 3262 1082 μὲν
3316 1011 3547 1080 ἄγγελον
3594 1013 3740 1082 πέμ-

2144 1107 2348 1172 ψαντες
2395 1107 2662 1174 προεῖπον
2715 1103 2788 1167 ὡς
2841 1103 3102 1174 ἥξουσιν,
3139 1103 3306 1158 ἀλλου
3360 1103 3460 1174 μὲν
3517 1103 3737 1165 οὐδενὸς

2147 1197 2538 1268 στοχαζόμενοι
2570 1214 2583 1228 ⁸
2647 1201 2795 1260 ὅπως
2861 1197 2918 1250 δὲ
2977 1199 3141 1266 μόνον
3195 1197 3310 1258 τοῖς
3366 1196 3578 1268 ἐχθροῖς
3635 1194 3736 1249 τοῦ

2147 1292 2394 1363 σταυροῦ
2437 1294 2577 1360 σφᾶς
2615 1292 2816 1354 αὐτοὺς
2855 1291 3228 1358 ἀντιτάξουσι,
3268 1292 3364 1343 καὶ
3409 1290 3561 1360 δίκην
3591 1290 3738 1361 ὑπὲρ

2146 1385 2302 1457 ήμῶν
2360 1387 2732 1456 ἀπαιτήσουσι
2782 1384 3036 1449 τούτοις’
3082 1385 3222 1455 ὑπὲρ
3273 1383 3466 1436 τούτου
3499 1386 3606 1455 γὰρ
3639 1384 3739 1436 καὶ

2145 1478 2272 1536 τοὺς
2331 1477 2604 1547 βασιλέως
2663 1478 2926 1547 πρέσϐεις
2969 1477 3156 1530 αὐτῶν
3206 1477 3499 1548 δεηθῆναι,
3537 1477 3738 1540 αὐτοὺς

2145 1571 2201 1626 δὲ
2234 1572 2518 1641 συγγενῶν
2553 1574 2649 1625 καὶ¹
2696 1572 2871 1642 φίλων
2917 1573 3013 1624 καὶ
3054 1571 3340 1640 πατρίδος,
3377 1571 3472 1624 καὶ
3499 1569 3608 1623 τῶν
3642 1571 3740 1624 ἐπὶ

2144 1666 2247 1736 τῆς
2310 1668 2490 1728 οίκίας
2542 1666 2713 1736 ἡδέων
2771 1665 3159 1736 ἀμελήσαντας
3212 1665 3391 1735 ἥκειν,
3431 1665 3740 1734 ἀμυνουμέ-

2146 1778 2273 1824 νους
2313 1761 2412 1828 μὲν
2454 1761 2598 1831 ὑπὲρ
2635 1761 2796 1830 ἡμῶν
2846 1756 2976 1824 τοὺς
3031 1759 3372 1830 βαρϐάρους,
3414 1760 3738 1830 ἀναλώμασι

2145 1855 2203 1907 δὲ
2238 1854 2391 1917 ἰδίοις
2435 1853 3066 1924 συγκαταστησομένους
3118 1852 3197 1924 τῷ
3253 1852 3465 1924 βασιλεῖ
3497 1853 3592 1924 τὴν
3633 1857 3738 1923 ἀρ-

431 1951 651 2016 garent,
689 1961 798 1999 una
829 1961 928 1999 nos
977 1960 1077 2014 pro
1117 1945 1322 2009 quibus
1356 1945 1632 2010 venirent,
1668 1960 1873 2014 ponere
1905 1961 2040 2014 Ope-

2149 1950 2267 2018 χήνο
2307 1947 2372 2001 ἂν
2419 1947 2511 2001 οὖν
2541 1948 2788 2011 ἐλθόντες
2822 1947 3016 2012 ἀξιῶσι
3053 1946 3496 2016 συνεφάπτεσθαι
3525 1946 3738 2008 τούτοις

440 2056 579 2100 ram,
644 2037 908 2108 quidnam
970 2037 1196 2102 dicturi,
1251 2037 1455 2106 quidve
1530 2037 1704 2092 futuri
1751 2036 2042 2093 essemus?

434 2134 581 2188 Num
625 2131 759 2187 satis
788 2131 961 2206 fuerit
996 2139 1054 2185 ut
1104 2132 1378 2193 dicamus,
1417 2131 1595 2186 vereri
1635 2147 1738 2185 nos
1766 2130 1893 2186 belli
1947 2146 2041 2185 so-

440 2227 722 2290 cietatem,
773 2225 1136 2294 omninoque,
1187 2239 1382 2278 earum
1433 2240 1616 2278 rerum
1652 2224 1900 2299 neglecta
1934 2223 2043 2276 sol—

435 2320 730 2376 licitudine
787 2334 958 2388 reque
1014 2320 1219 2372 in’ecta
1276 2332 1400 2372 esse
1460 2317 1874 2372 recedendum?
1909 2317 2045 2386 Qui-

437 2413 675 2466 busnam
708 2427 842 2464 vero
873 2409 1055 2462 verbis
1083 2425 1178 2464 eas
1203 2409 1554 2478 suspiciones
1585 2409 1708 2462 sitis
1731 2408 2040 2479 probaturi,

436 2507 703 2576 \‘irosque
744 2502 1080 2568 convicturi,
1118 2517 1244 2556 cum
1293 2517 1496 2556 nocere
1545 2516 1611 2555 ac
1654 2491 1912 2572 injuriaiii
1963 2501 2043 2556 fa-

432 2613 567 2652 cere
610 2596 974 2662 meditemur,
1014 2595 1140 2649 belli
1198 2610 1255 2648 se
1300 2595 1482 2648 socios
1517 2594 1821 2648 simulare?
1859 2594 2046 2661 Quan-

439 2690 538 2743 diu
592 2689 742 2742 enim
793 2687 943 2742 nulla
985 2685 1277 2757 perspicua
1325 2678 1650 2757 argumenta
1702 2686 2041 2756 producctis,

435 2781 598 2837 deliri
629 2780 979 2835 viilebimini.
1035 2779 1133 2834 Sin
1176 2779 1368 2834 ~nullis
1433 2779 1857 2848 probationibus
1910 2795 2044 2834 con-
2086 2777 2106 2791 ⁶

435 2876 619 2929 victos
678 2872 1028 2938 remiseritis,
1087 2887 1288 2927 vereor
1352 2889 1421 2929 ne
1479 2872 1743 2928 Barbaris
1801 2874 2044 2940 omissis,

438 2965 732 3037 quibusin
779 2980 877 3020 eos
913 2964 1011 3020 iris
1065 2964 1408 3030 ferebantur,
1468 2965 1522 3020 in
1585 2980 1688 3020 nos
1742 2965 2044 3019 dimittant.

443 3061 629 3116 Palam
659 3060 809 3115 enim
841 3057 1042 3130 injuria
1078 3073 1136 3113 se
1179 3057 1410 3114 aﬂ'ectos
1440 3057 1734 3129 putabunt,
1771 3069 1883 3112 tum
1917 3064 2045 3128 quia

443 3154 624 3207 vocati
656 3163 916 3222 tanquam
951 3152 1160 3221 aliquid
1204 3152 1465 3222 prodesse
1497 3163 1744 3223 possent,
1801 3161 2049 3222 postmo-

435 3247 571 3302 dum
608 3255 668 3300 ut
699 3245 904 3300 nullius
945 3246 1212 3300 momenti
1250 3245 1613 3316 imbellesque
1651 3245 1907 3299 homines
1951 3260 2046 3298 ex-

441 3331 753 3409 pelluntur;
783 3345 898 3391 tum
930 3337 1102 3392 etiam
1151 3335 1300 3406 quod
1357 3337 1482 3390 mali
1539 3338 1788 3406 quidam,
1839 3336 2042 3405 quibus

436 3437 513 3486 sit
546 3435 910 3488 constitutum
963 3430 1185 3494 laedere,
1224 3446 1352 3485 cum
1383 3441 1641 3501 tanquam
1675 3431 1888 3485 amicis
1912 3428 2042 3484 belli

437 3525 694 3580 subsidio
733 3523 1037 3600 venissent,
1087 3524 1418 3578 habeantur.
1475 3523 1748 3593 Deinceps
1788 3538 1920 3592 ergo
1947 3538 2044 3578 ne-

433 3633 596 3672 cesse
625 3617 933 3671 habeamus
963 3633 1197 3686 pugnam
1253 3615 1552 3688 instruere,
1591 3615 1836 3685 bellique
1869 3617 2042 3671 aleam

438 3709 637 3764 subire
671 3729 684 3762 ;
721 3708 856 3778 quin
910 3708 1116 3776 potius,
1177 3706 1448 3778 quidquid
1510 3707 1729 3761 tandem
1807 3707 2043 3776 accidat,

439 3800 766 3855 inevitabile
829 3816 1057 3870 prorsus
1102 3800 1173 3854 ab
1219 3800 1482 3854 omnibus
1528 3799 1864 3868 vituperium
1914 3802 2043 3863 erit,

433 3891 734 3962 Siquidem
774 3891 923 3945 enim
957 3891 1278 3954 vicerimus,
1333 3890 1614 3961 quae-illis
1671 3892 1867 3946 damus
1928 3893 2042 3946 cri-

432 3985 602 4049 ςιυὶιιὶ,
634 3983 690 4038 in
724 4001 827 4040 nos
856 3986 1008 4054 ipsos
1038 3995 1191 4039 certa
1222 3985 1642 4052 explorataque,
1681 3983 1914 4039 victoria
1959 3984 2046 4039 fa-

427 4078 692 4140 ciemus;
731 4077 1160 4146 videbimurque
1203 4091 1270 4130 eo
1299 4090 1526 4131 vocasse
1577 4076 1746 4146 viros,
1780 4092 1892 4148 quo
1921 4094 2044 4148 per-

428 4172 729 4227 »deremus.
786 4171 864 4226 Ea
927 4169 1205 4240 siquidem
1264 4170 1515 4224 omnium
1572 4170 1681 4226 erit
1729 4174 2039 4241 persuasio,

2145 2040 2293 2106 ἡμᾶς
2329 2038 2414 2107 ἐφ’
2449 2033 2529 2102 οἷς
2559 2033 2718 2109 ἧκον,
2773 2039 2825 2091 τί
2891 2038 3150 2109 ἐροῦμεν,
3179 2019 3242 2108 ’ἢ
3297 2037 3348 2091 τί
3401 2037 3735 2106 ποιήσομενς

2161 2123 2410 2200 Ἀρκἐσει
2436 2132 2614 2201 λέγειν
2647 2131 2720 2194 ὼς
2755 2129 3089 2202 ύφορώμεθα
3130 2130 3227 2202 τὴν
3261 2132 3599 2201 συμμαχίαν,
3640 2131 3740 2183 καὶ

2143 2227 2396 2297 δέδιμεν,
2463 2229 2555 2281 καὶ
2633 2227 2715 2281 δεῖ
2777 2227 2998 2289 πάντως
3059 2226 3288 2288 τούτους
3354 2224 3737 2295 ἀμελήσαντας

2145 2323 2465 2392 ἀπράκτους
2534 2322 2891 2390 ἀναχωρεῖν;
2956 2319 3065 2374 Καὶ
3117 2319 3172 2372 τί
3225 2318 3476 2386 λέγοντες
3538 2313 3641 2370 οἷοί
3691 2317 3738 2368 τ’

2146 2414 2334 2468 ἔσεσθε
2392 2416 2493 2478 τὰς
2539 2413 2782 2483 ὑποψίας
2830 2411 3036 2476 ταύτας
3083 2398 3509 2477 ἀποδεικνύναι,
3550 2410 3737 2482 ήτοὺς

2146 2503 2615 2575 ἄνδρας-τούτους
2652 2504 2993 2574 ἐξελέγχειν,
3045 2502 3120 2566 ὡς
3171 2503 3384 2556 ἀδικεῖν
3417 2500 3734 2571 ἐγνωκότες,

2149 2601 2466 2668 συμμαχεῖν
2527 2598 3004 2668 προσποιούνται;
3064 2599 3210 2662 Ἕως
3269 2598 3376 2670 ⁴γὰρ
3445 2596 3510 2650 ἂν
3563 2595 3737 2648 οὐδενὶ

2147 2691 2353 2760 χρῆσθε
2404 2692 2514 2744 τῶν
2571 2691 2825 2762 φανερῶν
2880 2690 3218 2762 τεκμηρίων,
3251 2689 3534 2760 ληρήσετε.
3587 2689 3646 2740 Εἰ
3689 2685 3736 2740 δ’

2145 2781 2388 2852 ἐλέγχων
2421 2784 2592 2854 χωρίς
2618 2782 3040 2853 ἀποπέμψεσθε,
3069 2783 3286 2838 δέδοικα
3322 2785 3398 2855 μὴ
3440 2783 3564 2846 τοὺς
3599 2781 3734 2853 βαρο

2149 2874 2354 2944 ϐάρους
2388 2875 2638 2942 ἀφέντες,
2691 2876 2777 2945 ἐφ’
2811 2877 2962 2948 ἡμᾶς
2990 2876 3175 2945 ἀφῶσι
3221 2877 3320 2948 τὴν
3365 2873 3485 2929 κατ’
3513 2875 3736 2928 ἐκείνων

2149 2967 2348 3037 ὀργήν.
2393 2965 2753 3038 Ὕϐρίζεσθαι
2814 2970 2926 3039 γὰρ
2980 2967 3242 3039 ἄντικρυς
3285 2967 3520 3032 δόξουσιο
3579 2966 3740 3022 τοῦ-ο

2151 3058 2274 3126 μὲν,
2311 3059 2357 3109 εί
2385 3058 2681 3129 κληθέντες
2711 3057 2788 3123 ὥς
2808 3077 2860 3113 τι
2887 3061 3178 3130 δυνάμενοι
3203 3059 3526 3124 λυσιτελεῖν,
3561 3056 3736 3112 ἔπειθ’

2149 3151 2224 3213 ὼς
2254 3150 2470 3214 ούδένες
2505 3152 2842 3205 ὲλαύνοιντο·
2875 3153 3035 3205 τοῦτο
3057 3152 3101 3205 δ’
3126 3155 3175 3206 εἰ
3209 3153 3302 3205 καὶ
3336 3150 3561 3222 πονηροί
3595 3169 3738 3215 τινες

2149 3245 2414 3310 δόξουσιν,
2454 3246 2662 3299 ἀδικεῖν
2696 3246 3028 3314 ἐγνωκότες,
3058 3238 3144 3308 οἷς
3174 3246 3248 3308 ὡς
3279 3245 3452 3314 φίλοις
3480 3243 3739 3312 ἀφίκοντο

2154 3338 2545 3411 βοηθήσοντες.
2572 3338 2985 3393 Λοιπὸνντοίνυν
3020 3345 3097 3402 είς
3135 3341 3320 3412 μάχην
3350 3339 3736 3402 καθίστασθαι,

2152 3434 2249 3485 καὶ
2305 3435 2430 3496 ταῖς
2483 3433 2579 3486 τοῦ
2632 3433 2877 3505 πολέμου
2930 3433 3128 3506 τύχαις
3173 3436 3400 3498 ἑαυτοὺς
3432 3436 3737 3488 ύποθείναιο

2155 3527 2362 3595 μᾶλλον
2407 3526 2453 3580 δ’
2485 3528 2751 3598 ὁπότερον
2788 3531 2854 3582 ἐν
2884 3529 3024 3600 τύχῃ
3061 3530 3298 3599 συμϐὰν,
3343 3530 3585 3600 ἄφυκτον
3608 3531 3738 3600 ἡμῖν

2150 3621 2250 3691 τὴν
2281 3621 2624 3691 κατηγορίαν
2673 3621 2826 3692 παρά
2871 3623 3090 3676 πάντων
3127 3623 3407 3692 γενέσθαι.
3444 3624 3741 3694 ιΙεριγενό-

2157 3729 2310 3780 μενοι
2348 3721 2479 3784 γᾴρ,
2505 3713 2541 3768 ἃ
2573 3713 2786 3777 τούτοις
2826 3715 3191 3785 ἐγκαλοῦμεν,
3225 3716 3350 3769 καθ’
3375 3717 3533 3786 ἡμῶν
3558 3717 3741 3771 αὐτῶν

2157 3802 2356 3872 βιϐαια
2393 3808 2458 3876 τῇ
2489 3807 2616 3878 νίκῃ
2647 3810 2970 3878 ποιήσομεν,
3006 3812 3100 3861 καὶ
3131 3807 3358 3878 δόξομεν
3376 3809 3504 3873 τοὺς
3540 3811 3741 3879 ἄνδρας

2155 3897 2247 3948 ἐπὶ
2305 3893 2384 3967 τῷ
2439 3899 2837 3969 διεφθαρκέναι
2887 3901 3144 3956 καλέσαι.
3195 3901 3370 3956 Τοῦτο
3428 3904 3536 3971 γὰρ
3587 3904 3742 3974 παρὰ

2155 3988 2290 4042 πᾶσι
2328 3990 2623 4064 κρατήσει,
2656 3993 2764 4054 ἓως
2803 3991 2869 4046 ἂν
2904 3994 3058 4046 οὐδὲν
3087 3994 3613 4065 ἔχωμενὲγκαλεῖν.
3642 3997 3740 4048 Ἂν

2151 4079 2208 4133 δὲ
2241 4081 2559 4153 σφαλῶμεν,
2597 4084 2823 4137 πάντων
2861 4085 2999 4156 ὁμοῦ
3031 4086 3144 4140 τῶν
3180 4087 3473 4159 χειρίστων
3503 4090 3598 4142 καὶ
3626 4088 3739 4141 τῶν

2153 4176 2452 4247 αἰσχίστων
2492 4178 3005 4270 κληρονομήσομεν.

426 4265 695 4338 .quandiu
780 4263 923 4318 nihil
996 4271 1256 4333 suppetet
1308 4261 1456 4332 quod
1489 4259 1495 4316 ;
1526 4278 1876 4320 accusemus.
1928 4263 2025 4320 Sin
2072 4280 2256 4324 autem
2307 4285 2423 4326 rem
2486 4271 2631 4328 male
2683 4259 2962 4344 geramus,
3012 4289 3248 4345 pessima
3302 4291 3488 4332 omnia
3539 4277 3742 4348 turpis-

427 4361 696 4430 ssimaque
727 4360 938 4429 pariter
967 4357 1292 4413 sortiemur.

517 4451 678 4522 Quod
705 4468 837 4508 vero
865 4452 984 4507 haec
1010 4453 1197 4522 potius
1242 4465 1345 4506 nos
1390 4462 1675 4517 maneant,
1726 4463 1788 4508 ut
1821 4465 2047 4510 conten-

2223 4459 2347 4516 Ὅτι
2376 4459 2434 4516 δὲ
2469 4459 2647 4517 ταῦτα
2678 4462 2885 4532 μᾶλλον
2915 4463 3065 4534 ήμᾶς
3092 4466 3584 4536 φιλονεικήσαντας
3607 4467 3739 4520 ἀνα-

429 4551 583 4606 ~dere
640 4548 896 4613 relimus,
965 4546 1092 4601 inde
1145 4546 1343 4618 liquet,
1390 4546 1540 4619 quod
1605 4562 1674 4602 ne
1731 4548 2047 4604 meminisse

2156 4553 2332 4624 μένει,
2353 4553 2517 4624 δῆλον
2561 4553 2623 4620 ἐξ
2651 4549 2730 4610 ὧν
2756 4555 2880 4610 οὐδὲ
2919 4556 3012 4610 τοῦ
3052 4557 3302 4630 φρίττειν
3331 4558 3525 4630 χωρὶς,
3559 4558 3737 4623 ἔξεστι

447 4640 673 4713 quidem
731 4655 1028 4711 possumus
1092 4639 1305 4708 absque
1365 4640 1616 4704 horrore,
1684 4653 1876 4693 eorum
1927 4654 2050 4709 qua:

444 4747 638 4803 postea
661 4732 848 4787 futura
879 4732 1007 4786 sint.
1042 4730 1216 4787 Nemo
1244 4733 1448 4804 quippe
1477 4733 1614 4788 adeo
1642 4734 2045 4800 contentiosus,

445 4837 513 4879 ut
547 4825 679 4879 belii
717 4824 896 4877 aleam
930 4825 1272 4879 tentantibus
1305 4825 1593 4881 ferendum
1635 4826 1844 4896 aliquid
1886 4842 2050 4882 even-

449 4925 639 4968 turum
678 4926 882 4983 speret.
925 4915 982 4969 id
1022 4917 1169 4970 enim
1219 4925 1432 4987 stupor.
1489 4927 1549 4971 ut
1589 4918 1894 4987 cogitantes
1947 4917 2051 4973 Ge-

446 5006 750 5063 nuensium
781 5009 1056 5074 triremes,
1089 5019 1260 5079 utque
1298 5021 1429 5064 tunc
1463 5027 1572 5065 non
1614 5011 1887 5065 fuerimus
1921 5012 2055 5066 sub-

443 5102 644 5166 mersi,
681 5116 829 5155 nunc
852 5117 1072 5172 quoque
1099 5107 1388 5157 restitutos
1416 5118 1725 5172 speremus.
1757 5120 1864 5157 non
1887 5105 2052 5158 simul

451 5204 783 5264 reputantes
867 5194 1200 5250 Venetorum
1280 5196 1508 5263 milites,
1596 5196 2054 5267 Arragonumque

2151 4645 2260 4696 τῶν
2300 4645 2442 4715 μετά
2468 4644 2647 4700 ταῦτα
2689 4647 3028 4718 μεμνῆσθαιι
3065 4647 3257 4712 Οὐδεὶς
3289 4650 3398 4718 γάρ
3429 4652 3545 4704 ἐστι
3574 4651 3736 4723 μέχρι

2149 4739 2412 4797 τοσούτου
2466 4740 2799 4809 φιλόνεικος,
2855 4740 2912 4804 ὃς
2961 4741 3353 4813 πολεμούντων
3407 4743 3638 4798 ἀνεκτόν
3683 4763 3732 4798 τι

2153 4830 2543 4902 συμϐήσεσθαι
2579 4833 2912 4906 προσδοκᾷν.
2944 4834 3309 4906 Παραπληξία
3343 4837 3453 4906 γὰρ
3492 4838 3592 4900 τὰς
3629 4838 3727 4890 τῶν

2151 4924 2490 4979 Γενουϐίσων
2537 4925 2982 4997 ἐνθυμουμένους
3048 4933 3336 5000 τριήρεις,
3395 4931 3493 4984 καὶ
3542 4931 3619 4994 ὡς
3675 4931 3733 4984 ού

2152 5008 2461 5083 κατ’έδυμεν
2515 5015 2638 5068 τότε
2665 5033 2678 5046 ·
2717 5019 2813 5068 καὶ
2864 5016 2962 5070 νῦν
2998 5017 3351 5089 ἀντισχήσειν
3397 5016 3732 5082 ἐλπίζοντας,

2157 5109 2232 5177 μὴ
2281 5109 2376 5159 καὶ
2423 5108 2548 5166 τοὺς
2578 5108 2688 5160 τῶν
2728 5109 3002 5162 Βενετιῶν
3057 5111 3402 5182 στρατιώτας
3440 5110 3739 5179 προσενθυ-

2157 5198 2379 5268 μεῖσθαι
2405 5200 2505 5270 (ι),
2538 5204 2634 5254 καὶ
2666 5201 2766 5273 τὴν
2797 5201 2909 5257 τῶν
2954 5202 3324 5276 ’Δρῤαγώνων
3369 5204 3611 5274 ἀνδρίαν·
3639 5201 3738 5255 καὶ

1753 5406 1859 5467 Fr.
1897 5405 2269 5469 Combefisii
2302 5415 2490 5468 noue.

512 5621 600 5693 μ)
639 5622 967 5695 Perstringit
1001 5623 1204 5679 bellum
1231 5625 1377 5694 quod
1418 5623 1614 5682 multis
1671 5631 1861 5679 narrat
1892 5623 2039 5678 Can-

443 5703 774 5760 tacuzenus,
810 5695 908 5749 lib.
941 5710 1016 5762 tv,
1050 5695 1210 5764 cujus
1240 5696 1380 5751 male
1421 5701 1556 5766 gesti
1587 5696 1790 5752 Grzecis
1825 5695 2042 5766 culpam

445 5781 669 5818 otnnem
723 5765 779 5819 in
823 5765 1109 5821 Nicolaum
1152 5764 1503 5822 Venetiarum
1534 5770 1732 5821 ducem
1773 5764 2044 5831 refundit,

449 5836 902 5918 periculosiorem
989 5838 1296 5918 hominem,
1382 5851 1734 5908 pugnamque
1776 5836 2046 5918 .quandiu

450 5907 611 5963 licuit
641 5908 1068 5966 detrectantem.
1117 5907 1809 5981 Acceperunt"Arragonii
1877 5908 2047 5960 maxi-
2083 5921 2090 5928 θ

2148 5639 2291 5695 mam
2336 5624 2552 5679 cladem
2582 5625 2772 5695 praelio
2809 5626 2879 5682 ad
2925 5627 3172 5684 Galatam
3215 5626 3528 5691 commisso,
3556 5635 3614 5682 et
3641 5628 3736 5686 ubi

2144 5694 2755 5772 Genuenses‘insecnti,
2813 5699 2869 5772 in
2913 5698 3669 5772 locaAasperajncidissent,
3705 5717 3737 5754 ει

2145 5767 2353 5834 quibus
2386 5767 2492 5848 sibi
2519 5766 2776 5848 Romani,
2815 5769 2870 5824 id
2893 5781 3001 5839 est,
3027 5766 3228 5838 Graici,
3261 5769 3563 5841 Venetique
3589 5771 3739 5827 loco-

2148 5851 2270 5891 rum
2303 5841 2600 5908 peritiores
2627 5841 2925 5897 cavissent.
