4068 6456
492 419 600 481 929

1778 406 2160 472 ΟΕΜΕἸἪΙΙ
2203 408 2520 469 CYDONII

3631 406 3770 470 1000

493 531 760 586 secuturi.
816 527 1052 594 Quinam
1112 535 1299 582 autem
1332 526 1498 581 etiam
1553 527 1881 580 vocantibus
1929 523 2090 578 nobis

2212 525 2248 575 ῑὲ
2285 524 2380 578 καὶ
2424 522 2684 576 καλοῦσιν
2734 523 2868 591 ήμῖν
2899 521 3332 582 ὑπακούσονται,
3378 521 3514 590 μήτε
3541 520 3774 589 μισθοὺς

497 621 610 675 sint
637 636 847 675 morem
880 618 1113 690 gesturi,
1151 634 1274 674 cum
1321 634 1500 687 neque
1547 617 1857 672 mercedem
1899 631 2094 684 exspe-

497 724 671 780 ctent,
711 713 1044 782 videantque
1090 713 1214 767 illos
1254 711 1450 766 heroas
1489 727 1518 765 a
1573 710 1735 765 nobis
1781 709 1980 778 injuria
2013 707 2094 760 af-

498 807 704 869 fectos;
749 821 910 875 quos,
943 804 987 860 si
1019 804 1204 858 nullus
1255 804 1448 858 titulus
1501 804 1640 858 alius
1683 803 1848 869 foret,
1896 802 1979 855 vel
2025 816 2093 855 eo

498 903 723 955 nomine
755 898 902 967 quod
945 908 1141 967 sponte
1173 897 1483 962 venientes,
1518 897 1883 951 immortalem
1915 898 2092 950 virtu-

504 993 571 1046 tis
602 993 916 1046 columnam
948 991 1246 1053 erexerint,
1281 991 1465 1044 colere
1501 1004 1563 1044 ac
1603 990 1833 1044 adorare
1874 998 2096 1056 Oporte-

501 1093 606 1137 ret.
661 1081 940 1150 Quidquid
1000 1081 1150 1134 enim
1207 1079 1477 1134 adversus
1532 1080 1654 1133 illos
1703 1079 2095 1134 tentavcrimus

501 1177 709 1236 dicere,
752 1189 818 1228 ex
858 1173 928 1226 iis
978 1187 1212 1242 quorum
1267 1187 1462 1227 onmes
1510 1172 1620 1226 illis
1681 1170 1886 1226 conscii
1943 1181 2093 1233 sunt,

501 1281 659 1336 nugae
690 1279 755 1318 ac
803 1264 996 1318 inanes
1027 1263 1453 1318 criminationes
1485 1263 1826 1317 videbuntur
1861 1277 1876 1315 :
1917 1263 2093 1317 omni.

502 1357 712 1427 busque
747 1355 1087 1425 ﬂagellorum
1130 1356 1378 1417 omnium
1417 1355 1496 1411 rei
1546 1356 1895 1422 habebimur,
1945 1356 2094 1410 insa-

504 1449 632 1514 nia:,
664 1448 916 1502 criminis
971 1447 1119 1514 falsi,
1181 1447 1332 1516 doli,_
1371 1448 1622 1518 ignavize,
1687 1449 2019 1519 proditionis
2079 1467 2093 1503 :

498 1542 717 1610 eritque
751 1555 978 1595 necesse
1005 1540 1165 1610 proni
1194 1539 1454 1595 cadentes
1483 1541 1670 1609 hostes
1717 1541 2094 1596 Obsecremus.

565 1635 672 1702 Qui
713 1651 824 1689 non
862 1649 994 1704 ergo
1027 1633 1428 1703 turpissimum,
1466 1642 1525 1688 ut
1564 1651 1688 1689 cum
1713 1636 1868 1704 bene
1902 1635 2091 1689 omnia

498 1727 928 1797 suscipientibus
970 1727 1132 1781 nobis
1161 1727 1310 1780 viros
1352 1727 1556 1782 habere
1607 1729 1845 1798 possint,
1895 1729 1963 1783 iis
2007 1745 2095 1783 re-

499 1819 706 1884 missis,
749 1820 910 1874 malis
935 1821 1196 1874 omnibus
1226 1820 1496 1889 implicari
1543 1822 1799 1876 malimus
1828 1839 1844 1887 ;
1874 1839 1936 1877 ac
1970 1838 2094 1876 cum

497 1909 681 1979 probi,
712 1909 988 1978 gratique,
1031 1909 1171 1964 lucri
1200 1911 1408 1980 aliquid
1458 1913 1737 1982 possimus
1785 1912 1986 1977 facere,
2021 1915 2100 1984 ja-

497 2012 710 2056 cturam
741 2002 1009 2072 improbis
1061 2003 1405 2077 ingratisque
1433 2007 1787 2074 conjunctam
1825 2007 2096 2071 moribus,

499 2097 784 2164 utiliorem
816 2107 1098 2166 putemus.
1130 2099 1472 2168 omninoque
1507 2099 1633 2152 data
1667 2115 1831 2170 opera
1868 2109 2100 2154 conten-

498 2189 718 2257 damus,
772 2199 833 2244 ut
885 2198 1010 2244 vota
1059 2200 1248 2246 nostra
1305 2191 1372 2245 ad
1411 2192 1629 2246 consilii
1673 2192 1914 2262 inopiam
1951 2193 2100 2248 redi-

497 2301 734 2356 gamus;
789 2285 939 2340 velut
992 2289 1286 2341 timeamus
1347 2301 1416 2342 ne
1467 2288 1741 2343 bcnelicio
1795 2288 2103 2342 nescientes

503 2379 844 2444 aﬂiciamur;
892 2381 1110 2435 tametsi
1154 2381 1298 2434 haud
1343 2382 1418 2435 ita
1470 2382 1686 2451 pridem
1722 2398 1858 2452 quos
1897 2384 2102 2450 justius

499 2471 798 2526 debuimus
825 2470 1031 2526 habere
1068 2483 1382 2540 suspectos,
1423 2461 1754 2529 necessitate
1787 2475 2102 2544 suscepturi

503 2565 700 2618 simus.
750 2563 1051 2627 Postquam
1095 2565 1244 2618 enim
1279 2566 1582 2636 imperator
1621 2581 1874 2621 reversus
1915 2566 2100 2632 fuerit,

503 2655 717 2709 utinam
768 2669 923 2716 vero,
972 2671 1006 2710 ο
1056 2655 1342 2722 Salvator,
1393 2659 1558 2712 citius
1620 2659 1850 2714 charum
1915 2660 2099 2733 omni—

504 2745 611 2800 bus
657 2755 822 2815 caput
868 2745 1032 2800 liccat
1060 2746 1288 2801 videre!
1323 2748 1486 2816 eique
1529 2747 1785 2804 Paeonum
1827 2749 2104 2822 exercitus

504 2851 693 2890 comes
739 2837 978 2902 venerit,
1045 2853 1189 2907 quos
1247 2839 1435 2894 uniltis
1488 2841 1862 2907 sermonibus,
1918 2841 2107 2907 multis

503 2929 742 2999 opibus,
798 2930 1056 3000 pluribus
1116 2933 1360 3001 denique
1421 2933 1707 2989 laboribus
1765 2949 2103 3002 persuasos,

505 3022 671 3076 nobis
708 3023 961 3076 subsidio
995 3023 1215 3078 futuros
1243 3025 1512 3086 adducit;
1544 3027 1956 3096 przemissisque
1986 3027 2109 3096 qui-

504 3114 788 3181 busdam,
839 3131 1122 3171 reversum
1186 3134 1244 3172 se
1305 3119 1684 3184 nuntiavcrit,
1755 3119 2106 3190 faustumque

507 3207 783 3262 adventus
858 3210 1136 3264 sociorum
1201 3211 1458 3265 nuntium
1515 3211 1914 3277 destinaverit,
1972 3213 2103 3282 quid
2137 3242 2177 3297 ο

509 3309 642 3352 tunc
687 3299 986 3354 admodum
1040 3301 1130 3357 isti
1177 3303 1383 3366 securi,
1424 3317 1490 3358 ac
1544 3304 1800 3358 timentes
1849 3304 2107 3365 umbras.

507 3390 710 3443 dicturi
747 3391 902 3445 sint?
949 3391 1114 3447 Plane
1147 3404 1207 3447 ut
1237 3409 1301 3448 ea
1336 3395 1449 3463 ipsa
1483 3393 1760 3463 placeant,
1791 3381 1913 3464 qua:
1941 3396 2107 3449 modo

507 3479 754 3549 placent,
783 3481 997 3551 jussuri
1028 3491 1158 3536 sunt
1188 3497 1254 3537 ne
1285 3484 1508 3552 quidem
1544 3485 1931 3556 imperatorem
1963 3487 2108 3542 intra

511 3575 716 3626 maznia
749 3574 919 3643 recipi
947 3584 1228 3644 oportere.
1259 3576 1549 3641 Quomodo
1589 3587 1774 3633 autem
1805 3594 1913 3632 non
1946 3578 2107 3648 pejus

509 3665 721 3734 aliquid
765 3664 967 3720 facturi
1019 3682 1253 3733 sumus,
1313 3683 1507 3722 eorum
1562 3685 1684 3738 quae
1734 3669 1838 3723 sub
1889 3669 2108 3739 triginta

516 3758 764 3827 tyrannis
798 3759 1032 3814 Athenis
1069 3759 1416 3822 acciderunt,
1452 3769 1536 3814 tot
1571 3761 1730 3816 nobis
1759 3762 2111 3832 surgentibus

515 3846 809 3920 tyrannis?
856 3850 970 3905 Nec
1027 3852 1174 3905 enim
1231 3851 1394 3908 video
1447 3860 1506 3905 ut
1553 3851 1669 3906 haec
1728 3853 1878 3907 aliud
1923 3853 2110 3908 vocari

513 3944 746 4011 possint,
779 3959 943 4013 quam
977 3943 1274 4013 perspicua
1303 3943 1570 4012 tyrannis.
1605 3943 1896 4010 Quomodo
1924 3957 2110 4000 autem

512 4035 683 4088 etiam
721 4035 925 4104 populo
969 4034 1262 4097 suadeant,
1299 4047 1358 4088 ut
1399 4050 1590 4088 eorum
1628 4036 1764 4090 socii
1810 4037 2120 4091 elliciantur

516 4125 930 4196 improbitatis?
955 4125 1150 4196 Liquet
1184 4127 1332 4179 enim
1365 4126 1500 4180 nihil
1530 4142 1654 4181 esse
1681 4127 1826 4197 quod
1861 4144 1968 4184 non
1999 4130 2121 4184 uni-

517 4221 659 4273 versi
708 4219 950 4274 libentes
983 4219 1183 4283 ferant,
1219 4234 1281 4272 ea
1322 4219 1498 4273 solum
1546 4221 1760 4276 ratione
1795 4233 1855 4277 ut
1896 4223 2119 4278 videant

518 4323 908 4366 revertentem.
945 4309 1054 4366 Sed
1086 4320 1141 4364 et
1191 4310 1378 4374 modo,
1430 4311 1564 4381 ipsis
1598 4312 1680 4366 eis
1711 4312 1818 4368 hoc
1854 4314 2117 4383 periculis

2196 619 2636 692 προσδοκῶντες,
2672 620 2768 672 καὶ
2794 619 2924 681 τοὺς
2951 618 3139 689 ἥρωας
3164 617 3401 679 ἐκείνους
3422 614 3654 686 δρῶντες
3680 613 3771 681 ὑφ’

2194 714 2356 783 ήμῶν
2418 731 2483 764 πε
2502 711 2966 783 ριυόρισμένους;
3007 707 3101 770 οὒς
3157 709 3254 760 καὶ
3311 707 3536 777 μηδενὸς
3581 705 3770 766 ἄλλου,

2195 805 2294 859 τοῦ
2341 808 2391 874 γ’
2428 806 2659 868 ἑκόντας
2709 803 2917 868 ἐλθεῖν,
2959 802 3162 872 στήλην
3193 801 3457 854 ἀθάνατον
3499 797 3777 869 στησαμέ-

2197 915 2344 961 νους,
2384 897 2539 950 θύειν
2575 897 2684 950 ἔδει
2721 896 2819 948 καλ⁸
2866 896 3218 966 προσκυνεῖν.
3244 891 3384 947 Ὅσα
3413 891 3520 962 γὰρ
3553 889 3620 943 ἀν
3653 891 3774 942 κατ’

2196 989 2425 1041 ἐκείνων
2482 988 2666 1054 λέγειν
2736 985 3108 1055 ἐπιχειρῶμεν
3141 1023 3157 1048 ,
3213 982 3249 1037 ἀ
3308 983 3509 1042 πάντες
3562 979 3779 1040 τούτοις

2199 1081 2538 1142 συνίστασιν,
2575 1079 2736 1133 ὕθλον
2765 1077 3044 1142 ἀποδείξει
3065 1077 3161 1129 καὶ
3189 1076 3255 1129 τὸ
3293 1075 3480 1146 μηδέν’
3517 1074 3613 1126 καὶ
3641 1073 3779 1125 πᾶσι

2198 1176 2419 1228 πάντων
2469 1174 2578 1226 τῶν
2639 1172 2924 1242 μαστίγων
2984 1171 3138 1233 δίκας
3182 1170 3530 1238 ὀφλήσομεν·
3566 1166 3776 1231 ἀνοίαξ.

2195 1267 2572 1339 ψευδολογίας,
2603 1267 2756 1321 δόλου
2785 1303 2801 1330 ,
2839 1266 3068 1331 δειλίας,
3114 1264 3405 1333 προδοσίας
3455 1262 3549 1314 καὶ
3572 1260 3781 1331 δεήσει,

2199 1361 2428 1430 πρηνεῖς
2472 1358 2767 1426 πεσόντας,
2807 1357 2934 1420 τοὺς
2975 1355 3205 1427 ἐχθροὺς
3235 1352 3522 1407 ἱκετεύειν.
3554 1397 3564 1408 .

2270 1626 2397 1688 Πῶς
2439 1622 2533 1678 οῦν
2582 1625 2684 1678 οὐκ
2715 1623 3023 1693 αἴσχιστον,
3055 1620 3175 1688 ἐξὸν
3209 1617 3386 1672 πάντα
3432 1615 3609 1680 καλῶς
3637 1612 3786 1684 ἔχειν

2200 1721 2333 1788 ἡμῖν
2384 1718 2708 1786 δεξαμένοις
2765 1717 2895 1779 τοὺς
2953 1714 3178 1782 ἄνδρας,
3215 1711 3432 1764 ἑλέσθαι
3465 1710 3630 1762 πᾶσιν
3669 1707 3785 1759 ἐνέο

2202 1813 2395 1883 χεσθαι
2439 1814 2556 1874 τοῖς
2597 1811 2790 1872 κακοῖς
2833 1805 3346 1876 ἀποπεμψαμένους
3371 1845 3385 1868 ,
3420 1803 3515 1856 καὶ
3549 1801 3780 1870 δυναμέ-

2206 1923 2330 1968 νους
2369 1903 2485 1974 μετ’
2515 1902 2942 1972 εὐγνωμοσύνης
2993 1898 3328 1968 κερδαίνειν,
3365 1897 3464 1966 τὴν
3497 1894 3614 1964 μετ’
3644 1895 3785 1962 ἀχα-

2206 2001 2418 2070 ριστίας
2455 1998 2662 2068 ζημίαν
2717 1994 3174 2063 λυσιτελεστέραν
3203 1989 3479 2063 ήγεῖσθαι’
3516 1987 3612 2041 καὶ
3643 1986 3784 2048 ὅλως

2203 2094 2537 2162 φιλονεικεῖν
2571 2090 2892 2160 ἐξεπίτηδες
2924 2089 3076 2150 ὅπως
3110 2087 3192 2148 είς
3253 2084 3459 2153 ἄπορον
3511 2080 3792 2150 τρέψομεν

2201 2187 2303 2248 τὰς
2338 2184 2622 2256 ἡμετέρας
2659 2182 2869 2253 εὑχάς;
2905 2179 3100 2250 ὥσπερ
3126 2176 3431 2238 δεδοικότες
3481 2171 3553 2243 μὴ
3594 2172 3792 2226 λάθω-

2209 2294 2311 2346 μεν
2343 2271 2402 2330 εὖ
2449 2273 2722 2336 παθόντες
2747 2289 2763 2305 ο
2806 2273 2988 2327 καίτοι
3025 2272 3164 2341 μετά
3208 2267 3406 2338 μικρὸν
3441 2267 3566 2327 τοὺς
3584 2263 3792 2317 δικαιό-

2203 2385 2361 2438 τερον
2395 2367 2460 2421 ἂν
2488 2365 2942 2427 ὑποπτευθέντας
2983 2363 3236 2431 ἀνάγκην
3263 2360 3478 2430 ἔχοντες
3506 2355 3788 2423 δέξασθαι.

2208 2459 2376 2512 Ὅθεν
2421 2457 2531 2526 γάρ
2581 2460 2608 2510 ὁ
2667 2456 2768 2527 μὲν
2824 2454 3080 2526 βασιλεὺς
3121 2451 3424 2522 ἐπανέλθῃ,
3455 2451 3553 2503 καὶ
3578 2449 3793 2517 γένοιτο

2207 2553 2424 2613 θᾶττον,
2452 2543 2497 2603 ὦ
2531 2549 2741 2620 Σῶτερ,
2791 2548 2894 2620 τὴν
2950 2548 3086 2600 πᾶσι
3131 2545 3294 2614 φίλην
3328 2543 3455 2606 ἰδεῖν
3500 2539 3744 2610 κεφαλήν
3770 2553 3788 2571 ·

2205 2645 2406 2712 ἕπηται
2454 2641 2500 2696 δ’
2535 2641 2688 2713 αὐτῷ
2738 2641 2972 2711 στρατὸς
3011 2638 3282 2699 Παιόνων.
3324 2635 3419 2700 οὒς
3447 2636 3655 2698 πολλοῖς
3687 2637 3794 2705 μὲν

2207 2739 2428 2804 λόγοις,
2481 2736 2698 2798 πολλοῖς
2756 2735 2814 2788 δὲ
2867 2736 3166 2804 χρήμασι,
3225 2731 3440 2784 πλείοσι
3495 2731 3552 2784 δὲ
3604 2730 3796 2791 πόνοις

2207 2833 2355 2895 ἄγων
2377 2825 2512 2902 ἧκεν
2555 2829 2697 2896 ὑπὲρ
2727 2827 2906 2898 ήμῶνο
2950 2811 3068 2880 καί
3101 2843 3256 2882 τινας
3288 2823 3642 2894 προπέμψας,
3681 2823 3794 2894 μή·

2209 2923 2310 2995 νύῃ
2348 2925 2446 2992 μὲν
2476 2922 2577 2991 τὴν
2609 2921 2897 2983 ἐπάνοδον,
2936 2919 3359 2988 εύαγγελίζηται
3384 2917 3439 2970 δὲ
3470 2921 3796 2987 συμμάχους

2207 3019 2366 3090 ἥκειν
2399 3017 2542 3089 ὑπὲρ
2585 3017 2765 3087 ἡμῶνο
2797 3015 2850 3068 τί
2897 3015 3016 3068 τότ’
3043 3013 3264 3082 ἐροῦσιν
3295 3016 3342 3065 oi
3373 3013 3496 3066 λίαν
3527 3011 3793 3080 ἀσφαλεῖς

2209 3109 2377 3174 οῦτοι,
2410 3111 2510 3164 καὶ
2545 3108 2645 3171 τὰς
2675 3108 2837 3170 σκιάς
2871 3106 3210 3169 δεδοικότες;
3245 3105 3308 3157 Ei
3350 3105 3450 3174 μὲν
3489 3103 3594 3173 γὰρ
3619 3102 3654 3156 ἃ.
3693 3102 3792 3157 νῦν

2212 3209 2309 3262 καὶ
2345 3204 2470 3257 τότε
2510 3202 2722 3263 τούτοις
2761 3199 3013 3269 ἀρέσκοι,
3056 3197 3411 3252 κελεύσουσιν
3443 3198 3573 3249 εῐσω
3596 3195 3796 3265 τειχῶν

2216 3303 2291 3372 μὴ
2333 3298 2585 3370 δέχεσθαι
2632 3297 2725 3350 τὸν
2778 3296 3028 3366 βασιλέα.
3076 3295 3187 3348 Καὶ
3219 3295 3339 3358 πῶς
3369 3295 3430 3347 οὐ
3461 3295 3641 3362 χεῖρον
3684 3293 3795 3344 τῶν

2219 3395 2313 3446 ἐπὶ
2343 3392 2643 3463 τριάκοντα
2676 3388 3008 3457 συμϐάντων
3035 3387 3300 3461 Ἀθήνῃσι
3334 3385 3632 3456 πράξομεν,
3661 3401 3792 3436 τοσ-

2213 3487 2388 3538 ούτων
2459 3485 2592 3553 ἡμῖν
2656 3481 3012 3551 ἀναφυέντων
3062 3481 3380 3550 τυράννων;
3420 3479 3462 3531 Τ
3468 3478 3484 3530 ί
3521 3493 3648 3530 ποτε
3685 3476 3795 3545 γὰρ

2213 3579 2402 3647 ἕτερον
2448 3576 2482 3647 ἢ
2535 3576 2830 3647 τυραννίδα
2885 3575 3031 3643 σαφῆ
3074 3579 3183 3644 χρὴ
3229 3572 3406 3628 ταῦτα
3448 3570 3652 3636 καλεῖν,
3687 3569 3796 3636 ἐγώ

2215 3691 2279 3740 γε
2305 3673 2403 3742 οὐχ
2439 3669 2572 3741 ὀρῷ.
2608 3670 2735 3732 Πῶς
2778 3669 2836 3722 δὲ
2877 3670 2973 3721 καὶ¹
3023 3669 3115 3721 τὸν
3143 3668 3318 3736 δῆμον
3358 3668 3608 3719 πείσουσι
3639 3661 3800 3734 μετέρ

2219 3785 2334 3836 χειν
2370 3767 2554 3826 αὐτοῖς
2581 3764 2680 3832 τῆς
2705 3763 3157 3831 ἁγνωμοσύνη;;·
3187 3761 3349 3830 δῆλον
3383 3761 3492 3831 γὰρ
3523 3761 3598 3820 ὡς
3629 3764 3786 3820 πάντ’

2220 3858 2284 3910 ἂν
2329 3855 2572 3918 ἅπαντες
2616 3854 2844 3908 πάθοιεν
2880 3853 3020 3923 ὑπὲρ
3067 3853 3162 3906 τοῦ
3213 3854 3378 3921 μόνον
3411 3854 3541 3906 ἰδεῖν
3587 3857 3795 3925 ἐπανή-

2220 3965 2412 4002 κοντα.
2474 3947 2585 4000 Καὶ
2643 3947 2707 3999 τό
2758 3962 2823 4013 γε
2873 3945 2990 4010 νῦν,
3038 3947 3132 3998 καὶ
3175 3946 3357 3998 αὐτῶν
3403 3947 3508 3999 τῶν
3541 3947 3800 4002 κινδύνων

2217 4041 2410 4094 δοκοῦν
2446 4039 2632 4102 αὐτοῖς
2663 4037 3094 4106 ἐπαχθέστερον,
3125 4036 3273 4089 τοῦτ’
3301 4037 3469 4089 ἐστίν’
3493 4038 3575 4090 ὅτι
3610 4041 3800 4110 πόρρω

2216 4132 2326 4183 τῶν
2363 4129 2663 4198 ὀφθαλμῶν
2693 4127 2872 4180 αὐτῶν
2903 4126 3194 4198 διατρίϐει.
3221 4127 3483 4182 Γενέσθαι
3512 4132 3619 4198 γὰρ
3650 4131 3800 4181 ἀντι-

2218 4224 2514 4293 φάρμακον
2559 4221 2674 4282 τοῖς
2721 4216 2964 4288 παροῦσι
3011 4220 3206 4282 κακοῖς
3247 4223 3348 4290 τὴν
3395 4221 3603 4274 ἐκείνου
3636 4237 3803 4274 πεπι.

2220 4313 2486 4368 στεύκασι
2527 4311 2861 4381 παρουσίαν.

518 4405 806 4459 molestius
891 4405 1137 4470 videtur,
1191 4405 1337 4475 quod
1388 4403 1433 4460 is
1491 4419 1776 4474 moretur,
1836 4409 1906 4464 ab
1959 4425 2151 4465 eormn
2186 4411 2351 4480 longe
2403 4406 2579 4462 oculis
2629 4406 2861 4476 positus.
2950 4404 3164 4478 Quippe
3209 4422 3532 4484 persuasum
3579 4408 3804 4475 habent,

517 4497 636 4552 fore
685 4506 744 4551 ut
785 4497 1148 4566 praesentibus
1187 4500 1344 4554 malis
1387 4501 1503 4572 ejus
1554 4501 1844 4570 praesentia
1889 4503 2192 4557 remedium
2223 4502 2313 4557 sit.

592 4589 670 4642 Ad
720 4589 838 4644 haec
879 4599 1102 4657 autem,
1153 4609 1518 4661 quorumnam
1572 4595 1870 4650 criminum
1920 4611 2114 4658 reum,
2153 4603 2196 4656 D

519 4680 711 4750 grandi
761 4681 898 4736 adeo
949 4698 1111 4752 poena
1154 4685 1429 4753 punient?
1473 4686 1629 4753 Quod
1681 4687 1863 4742 media
1910 4688 2113 4756 hieme,

521 4773 768 4827 Omnium
798 4790 925 4842 spes
955 4776 1209 4831 vincente
1255 4787 1455 4834 conatu
1490 4779 1542 4834 in
1574 4780 1807 4834 Pontum
1847 4781 2069 4836 solverit
2099 4798 2114 4845 ;

523 4861 726 4915 Istrum
784 4864 853 4917 ab
903 4875 1136 4936 utraque
1184 4868 1302 4937 ripa
1353 4870 1715 4939 navigaverit,
1751 4886 1860 4924 non
1906 4883 1965 4925 ut
1994 4873 2117 4926 navi

523 4953 779 5024 superior
827 4955 1087 5023 ferretur,
1123 4958 1219 5012 sed
1261 4959 1411 5014 velut
1455 4961 1689 5016 latentes
1712 4962 1977 5032 quasdam
2015 4963 2118 5018 sub

522 5047 681 5116 aquis
715 5059 919 5117 petras,
950 5051 1030 5104 sic
1059 5067 1182 5106 oras
1211 5052 1454 5110 ﬂuiuinis
1487 5054 1716 5125 legeret.
1747 5054 1910 5110 Venit
1934 5065 2118 5111 autem

521 5154 647 5192 cum
680 5140 874 5210 paucis
896 5158 1075 5212 eoque
1107 5144 1396 5212 comitatu,
1424 5157 1503 5211 ut,
1537 5162 1639 5201 nec
1664 5150 1800 5202 satis
1827 5148 1894 5201 ad
1923 5164 2122 5204 mensze

523 5231 861 5290 instruenda:
902 5237 1272 5293 ministerium
1325 5239 1530 5296 habere
1584 5242 1948 5297 viderentur:
2009 5244 2124 5299 bel-

523 5324 642 5380 luas
698 5330 871 5398 magis
919 5346 1083 5400 quam
1147 5331 1404 5387 homines
1456 5344 1770 5404 rogaturus,
1833 5337 2123 5408 nostrique

525 5431 692 5500 causa
727 5437 994 5477 suasurus
1029 5439 1178 5477 arma
1207 5425 1514 5494 corripere,
1555 5442 1617 5480 ac
1649 5427 1801 5480 adire
1835 5429 2077 5496 pericula
2107 5445 2122 5493 ;

522 5512 784 5566 nimirum
831 5515 1047 5569 alienos
1082 5516 1333 5572 homines
1367 5533 1466 5587 pro
1510 5531 1694 5574 nostra
1737 5521 1984 5590 ipsorum
2036 5539 2128 5576 sa-

522 5603 656 5661 lme.
701 5608 866 5678 quue
896 5609 1033 5664 adeo
1079 5621 1139 5665 ut
1186 5627 1502 5681 quanquam
1538 5629 1646 5666 non
1702 5614 1982 5681 dou-inus,
2029 5617 2124 5672 sed

525 5700 702 5755 malus
755 5703 977 5771 quidam
1027 5719 1091 5758 ac
1141 5704 1315 5758 hostis
1364 5705 1519 5773 prius
1568 5707 1862 5770 exsistens,
1919 5717 2128 5763 mutato

527 5791 730 5847 deinde
783 5796 1040 5857 consilio,
1100 5796 1274 5850 nostri
1332 5811 1499 5850 causa
1561 5807 1712 5853 tanta
1764 5793 2150 5870 designasset,'

525 5889 779 5943 coronari
827 5897 1131 5960 Oportcrct,
1181 5889 1555 5959 oumihusque
1605 5899 1720 5946 tum
1753 5890 1968 5957 vivum,
2013 5901 2128 5946 tum

2297 4597 2465 4647 ’Δνευ
2498 4591 2554 4644 δέ
2591 4590 2799 4645 τούτων
2839 4589 2936 4643 καὶ
2966 4570 3132 4642 τίνων
3167 4590 3586 4660 ἁμαρτημάτων
3613 4591 3807 4644 τοσαύ-

2219 4703 2319 4753 την
2377 4682 2540 4736 αὑτὸν
2591 4682 2963 4749 ἀπαιτήσουσι
3011 4678 3205 4746 δίκηνς
3239 4678 3361 4732 ’Ότι
3410 4680 3679 4748 χειμῶνος
3717 4697 3805 4750 με-

2221 4777 2442 4837 σοῦντος
2503 4772 2752 4842 ὑπερϐὰς
2810 4773 2911 4834 τὰς
2957 4769 3215 4824 ἀπάντων
3275 4771 3536 4834 ἐλπίδας,
3575 4773 3793 4842 ἀνήγετο

2224 4872 2322 4940 μὲν
2362 4870 2443 4934 είς
2480 4867 2577 4920 τὸν
2609 4867 2832 4920 Πόντονο
2866 4866 3090 4918 ἀνέπλει
3129 4866 3186 4918 δὲ
3232 4865 3323 4919 τὸν
3359 4866 3593 4935 Ἴστρον,
3620 4865 3798 4920 eme.

2225 4965 2402 5033 ρωθεν
2431 4962 2530 5031 οὐχ
2572 4958 2925 5028 ὑπερπλὲων,
2959 4959 3096 5012 ἀλλὰ
3139 4960 3476 5028 παραπλέων
3503 4960 3694 5030 ὥσπερ
3722 4977 3805 5010 τι·

2224 5057 2323 5119 νὰς
2373 5054 2614 5122 ὑφάλους
2645 5055 2743 5114 τὰς
2780 5051 2970 5121 ὄχθας.
3001 5047 3143 5104 Ἦκε
3199 5053 3253 5104 δὲ
3303 5052 3420 5122 μετ’
3453 5052 3672 5120 ὀλίγων,
3714 5051 3811 5102 καὶ

2222 5147 2273 5200 οἳ
2339 5147 2462 5218 μηδ’
2525 5145 2592 5199 ἂν
2650 5144 2959 5198 δειπνοῦντι
3016 5145 3370 5214 παρεστῶτες
3427 5146 3616 5213 ἀρκεῖν
3675 5142 3811 5212 πρός

2226 5241 2507 5293 διακονίαν
2535 5239 2778 5304 ἐδόκουν,
2813 5238 3022 5308 θηρίων
3079 5238 3281 5308 μᾶλλον
3327 5240 3675 5307 δεησόμενος,
3709 5237 3812 5290 οὐκ

2226 5331 2555 5401 ἀνθρώπων
2593 5331 2690 5384 καὶ
2714 5329 2920 5382 πείσων
2952 5331 3096 5401 ὑπὲρ
3129 5330 3284 5399 ήμῶν
3316 5331 3558 5400 ἁρπάσαι
3579 5333 3648 5384 τὰ
3669 5330 3814 5382 ὅπλα

2231 5427 2328 5478 καὶ
2359 5424 2720 5488 κινδυνεύειν,
2757 5425 3294 5509 ἁ).λοτρίους.ὅντας,
3332 5423 3473 5493 ὑπὲρ
3514 5423 3614 5493 τῆς
3655 5423 3813 5490 ἡμῶν

2229 5519 2593 5590 ἐλευθερίας;
2628 5519 2898 5572 Τοσοῦτον
2931 5519 3031 5588 μὲν
3058 5513 3173 5581 οὖν,
3209 5519 3258 5569 εί
3305 5519 3399 5570 καὶ
3436 5519 3510 5587 μὴ
3544 5516 3812 5584 δεσπότης

2233 5615 2537 5683 ἐτύγχανεν
2568 5611 2668 5676 ὢν,
2704 5615 2942 5682 πονηρὸς
2988 5613 3048 5664 δέ
3097 5629 3184 5676 τις
3230 5611 3498 5681 πρότερον
3531 5611 3624 5662 καὶ
3659 5609 3818 5662 πολέα

2237 5725 2379 5778 μιος.
2414 5704 2548 5759 Εἶτα
2597 5706 2922 5776 μεταῦαλὼν
2955 5703 3218 5766 τοιούτοις
3252 5705 3448 5755 ἐαυτὸν
3483 5701 3624 5770 ὑπὲρ
3657 5698 3817 5769 ήμῶν

2234 5800 2492 5866 ἐξεδίδου,
2527 5798 2831 5868 στεφανοῦν
2859 5799 3051 5868 ἐχρῆν,
3085 5797 3181 5849 καὶ
3222 5798 3443 5848 πάντων
3473 5795 3622 5864 αὐτῷ
3653 5809 3818 5860 μετα-

2235 5893 2440 5947 διδόναι
2470 5893 2650 5962 γερῶν
2680 5933 2694 5960 ,
2725 5892 2822 5946 καὶ
2854 5890 3016 5955 ζῶντι
3064 5891 3160 5944 καὶ
3202 5887 3613 5958 τελευτήσαντι.
3658 5884 3716 5940 Ei
3749 5884 3804 5937 δέ
