4068 6456
486 436 615 500 1001

1392 445 1676 508 ORATIO
1714 444 1869 506 PRO
1906 445 2269 521 SUBSlDIQ
2313 450 2795 512 LATINURUM.

3581 424 3743 532 1002.

482 551 576 602 aut
612 549 754 604 τοῦτ’
801 549 876 605 ὢν
934 557 992 604 τὸ
1044 555 1307 622 μέγιστον
1358 558 1455 608 καὶ
1500 557 1798 620 θειότατον,
1835 560 1928 612 καὶ
1955 576 2042 610 πα-

2160 559 2477 615 defunctum
2523 563 2762 631 praemiis
2803 562 3093 622 honorare.
3143 567 3240 623 Sin
3285 581 3490 640 autem,
3525 588 3649 631 cum
3675 585 3738 634 et

481 646 656 713 τρῷον
693 646 833 714 ἔχων
872 646 1077 714 σχῆμα,
1112 645 1287 698 ¹ἔπειθ’
1321 646 1459 718 ὑπὲρ
1485 649 1644 717 ήμῶν
1678 649 1889 704 δεῖσθαι
1925 649 2054 712 τοὺς

482 735 794 803 βιρϐἀρους
859 737 964 788 οὐκ
1011 735 1199 789 ὤκνει·
1252 737 1443 791 τούτου
1483 739 1615 808 γὰρ,
1644 739 1835 792 τούτου
1893 740 2053 808 μόνον

481 829 591 880 οὐδ’
623 828 687 880 ἂν
724 827 912 897 ἕτερον
944 829 1352 901 ἐπαχθέστερον
1394 829 1558 883 πάθοι
1607 830 1746 901 ἀνὴρ
1776 831 2052 894 τοσούτοις

481 917 688 980 εἰωθὼς
721 920 1050 974 ἐπιτάττειν·
1088 921 1205 983 πῶς
1245 922 1307 973 ού
1349 921 1804 992 παρελευσόμεθα
1833 923 1929 974 καὶ
1955 922 2054 991 τὴν

479 1011 588 1062 τῶν
644 1011 938 1080 βαρϐάρων
987 1011 1274 1081 ὠμότητα,
1310 1015 1360 1064 εἰ
1412 1012 1657 1081 βελτίους
1702 1016 1760 1065 ἐν
1821 1012 2054 1078 ἐκείνοις

480 1103 640 1172 ἔσχεν
667 1103 909 1166 ἐλπίδας.
943 1101 1020 1158 ὧν
1066 1106 1226 1173 ἡμεῖς
1256 1104 1637 1173 ἐπιδειξόμεθα
1671 1105 1831 1170 τότε;
1887 1104 2055 1158 Ἐκεῖ·

478 1209 602 1254 νους
633 1193 730 1262 μὲν
755 1191 867 1261 γὰρ
911 1192 1100 1260 φίλους
1130 1193 1272 1258 ἐξειν
1311 1194 1580 1261 ἐνόμισεν,
1610 1191 1750 1246 ὥστε
1787 1195 1882 1247 καὶ
1916 1211 2055 1263 συμ-

480 1284 680 1351 μαχεῖν
714 1298 728 1311 '
765 1283 900 1350 ἡμῖν
942 1283 998 1334 δὲ
1047 1281 1224 1350 δεινήν
1257 1300 1376 1336 τινα
1411 1284 1510 1348 τὴν
1541 1282 1742 1352 ἔχθραν
1771 1285 1839 1336 τὰ
1881 1301 2053 1352 πρατ-

476 1373 682 1443 τόμενα
738 1375 1103 1444 μαρτυρήσει.
1167 1375 1230 1428 Ei
1296 1375 1342 1426 δ’
1395 1374 1613 1437 ἀσεϐεῖς
1669 1376 1766 1428 καὶ
1823 1376 2052 1444 μιαροὺς

476 1467 818 1536 ἡγησάμενοι
853 1467 984 1531 τοὺς
1029 1466 1150 1520 τότε
1197 1464 1354 1518 ταῦτ’
1390 1465 1458 1519 ἂν
1496 1466 1878 1534 τολμήσοντας
1914 1485 2052 1535 συμ-

477 1557 776 1622 ϐουλεύειν,
823 1558 940 1627 μετ’
989 1556 1269 1628 εὐφημίας
1315 1558 1411 1609 καὶ
1461 1557 1693 1626 κρότων,
1753 1557 1939 1629 ὥσπερ
1976 1557 2051 1610 δί-

476 1667 652 1716 καιον,
686 1651 1035 1720 ἐπανήκοντα
1073 1650 1166 1703 τὸν
1209 1649 1433 1719 βασιλέα
1467 1650 1782 1718 δεχοίμεθα,
1819 1650 2052 1722 πότερον

477 1742 574 1795 καὶ
617 1741 745 1804 τοὺς
777 1742 1104 1812 συμμάχους
1153 1741 1520 1795 συνεισελθεῖν
1569 1742 1721 1812 αὐτῷ
1761 1744 2050 1812 συγχωρή-

479 1849 675 1900 σομεν
721 1833 753 1901 ἢ
816 1836 956 1903 πρὸς
999 1833 1099 1901 μέν
1148 1833 1357 1886 ἐκεῖνον
1410 1832 2048 1904 φιλανθρωπευσόμεθα,

477 1925 705 1978 ἐκείνων
743 1926 799 1978 δὲ
843 1927 906 1978 τὸ
947 1925 1129 1978 πεδίον
1159 1925 1334 1989 ἔσται,
1369 1927 1464 1977 καὶ
1495 1926 1528 1993 ἡ
1559 1926 1923 1995 ταλαιπωρία,
1949 1926 2047 1977 καὶ

477 2017 748 2085 στήσομεν
795 2019 923 2079 τοὺς
974 2018 1258 2086 εἴρξοντας
1313 2015 1512 2078 αὐτοὺς
1561 2015 1669 2069 τῶν
1720 2016 1941 2076 πυλῶνι
1984 2017 2044 2069 El

479 2105 577 2174 μὲν
621 2104 731 2176 γὰρ
772 2107 902 2174 πρὶν
936 2106 1112 2159 ἐλθεῖν
1160 2105 1543 2176 ὁμονοοῦντας,
1575 2105 1810 2176 ἐνταῦθα
1851 2107 2045 2175 ἀφικο-

478 2172 673 2267 μένους
700 2172 929 2260 ταύτοὺς
980 2172 1339 2268 διαιρήσομεν
1364 2212 1376 2226 ο
1420 2172 1535 2251 καῖ
1587 2199 1616 2250 6
1659 2172 1800 2266 μὲν⁸
1821 2197 1878 2250 ἐν
1903 2172 2044 2262 *τοῖς

475 2286 724 2339 εἰωθόσιν
779 2286 853 2350 ὡς
889 2286 1157 2356 ἡμέτερος
1190 2286 1343 2339 ἔσται
1373 2327 1388 2352 ,
1433 2287 1559 2350 τοὺς
1612 2287 1656 2341 δ’
1697 2288 1774 2349 ὡς
1813 2286 2043 2357 ἐχθροὺς

475 2375 831 2448 ύποψόμεθα,
879 2380 972 2431 καὶ
1011 2379 1150 2447 μήτε
1199 2379 1421 2448 στέγης,
1482 2380 1621 2448 μήτε
1650 2379 1786 2432 ντῶν
1841 2381 1904 2432 ἐκ
1948 2381 2048 2448 τῆς

472 2469 679 2539 ἀγορᾶς
715 2469 899 2533 αὐτοῖς
941 2467 1333 2539 μεταδώσομεν
1365 2486 1378 2499 ’
1437 2471 1539 2523 οὐκ
1583 2467 1700 2523 οἶδα
1731 2470 1890 2523 τίνων
1939 2487 2048 2523 τοις

473 2559 644 2628 αύτης
706 2558 994 2630 ἀρξάντων
1068 2559 1510 2630 ἀπανθρωπίας,
1589 2560 1833 2623 ἐκείνους
1897 2561 2046 2631 ἡμᾶς

475 2649 672 2716 ζηλοῦν
718 2650 968 2721 δόξομεν.
1008 2649 1224 2703 Ἐπειτ’
1283 2650 1393 2704 οὐδ’
1435 2653 1462 2705 6
1497 2650 1870 2723 βασιλεὺς,ἢν
1914 2654 2047 2720 ἐφυ-

474 2740 691 2806 λάξαντ’
728 2743 795 2796 ἂν
833 2744 1036 2806 πάντες
1091 2743 1542 2814 εὐγνωμοσύνην,
1597 2743 1806 2814 ταύτην
1867 2743 2046 2813 ἐαυτῷ

475 2836 778 2904 προσήκειν
831 2835 1104 2904 ἡγήσεται
1126 2851 1142 2866 ο
1199 2835 1296 2888 καὶ
1324 2833 1419 2898 οὓς
1455 2834 1806 2906 θαυμασταῖς
1838 2835 2049 2887 ἐλπίσιν

475 2927 684 2995 ἐπάρας
725 2925 872 2996 δεῦρ’
923 2927 1122 2995 ἤγαγε,
1186 2928 1411 2990 τούτους
1467 2927 1727 2997 ἐξαίφνης
1768 2928 2053 2980 ἀπολιπεῖν

479 3018 766 3088 μονονουχὶ
810 3020 946 3071 πᾶσι
985 3019 1349 3090 κηρύξοντας,
1399 3018 1474 3082 ὡς
1531 3021 1600 3072 τὰ
1644 3017 1737 3072 τοῦ
1784 3019 2052 3087 βασιλέως

474 3109 626 3162 οὐδὲν
656 3109 744 3179 ἄρ’
767 3106 857 3180 ἦν,
887 3110 1026 3180 πλὴν
1057 3111 1267 3180 ἀπάτη.

2157 649 2455 704 maximum
2518 651 2652 705 illud
2704 668 2769 706 ac
2823 653 3226 710 divinissimum
3281 671 3446 724 esset,
3497 663 3733 735 jureque

2154 750 2382 809 paterno
2408 741 2694 811 imperium
2729 753 2960 811 teneret,
2991 749 3163 802 nostri
3193 753 3539 818 postmodum
3566 769 3732 811 causa

2157 847 2224 887 ne
2251 832 2522 888 Barbaros
2574 835 2794 904 qu'dem
2836 838 3024 892 renuit
3069 839 3404 909 obsecrare;
3455 860 3580 900 nam
3626 847 3734 902 hac

2155 921 2270 990 ipsa
2323 937 2404 986 re,
2458 921 2596 976 nihil
2649 924 2944 994 quidquam
3005 928 3287 984 molestius
3324 932 3558 997 accidat,
3613 935 3732 992 viro

2159 1020 2266 1066 tam
2311 1013 2500 1070 multis
2536 1014 2698 1069 solito
2741 1015 3050 1087 imperare:
3097 1023 3374 1088 quomodo
3403 1024 3588 1094 itaque
3617 1041 3730 1082 non

2156 1103 2327 1173 ipsam
2363 1105 2727 1161 Barbarorum
2757 1124 2946 1163 sumus
2975 1115 3285 1180 superaturi
3320 1116 3730 1178 crudelitatem.
3799 1182 3805 1187 _

2157 1196 2425 1264 siquidem
2461 1199 2686 1264 meliora
2735 1200 2824 1255 ille
2853 1203 2921 1256 de
2953 1203 3061 1258 illis
3110 1207 3376 1274 speravit,
3427 1224 3592 1277 quam
3625 1208 3732 1279 ipsi

2157 1294 2285 1340 tunc
2330 1287 2502 1342 simus
2545 1288 2869 1345 exhibituri.
2927 1292 3144 1348 Putavit
3191 1297 3421 1366 quidem
3470 1299 3550 1354 sic
3608 1301 3733 1356 illos

2153 1376 2359 1434 amicos
2413 1377 2554 1443 fore,
2587 1388 2648 1434 ιιι
2696 1391 2766 1437 et-
2804 1382 2933 1438 belli
2977 1385 3295 1440 societatem
3353 1389 3594 1456 inirent;
3627 1405 3730 1448 nos

2153 1483 2289 1523 vero
2316 1469 2386 1524 iis
2418 1485 2540 1539 quae
2570 1471 2998 1542 designabimus,
3033 1491 3195 1545 grave
3233 1479 3506 1547 quoddam
3537 1483 3728 1538 odium

2153 1560 2422 1630 prodituri
2454 1578 2666 1618 sumus.
2697 1564 2793 1620 Sin
2821 1582 2952 1621 vero
2981 1567 3179 1638 impios
3211 1585 3277 1625 ac
3308 1573 3604 1629 sceleratos
3633 1590 3730 1631 eos

2153 1655 2432 1718 arbitrari,
2475 1655 2568 1723 qui
2631 1665 2759 1711 tunc
2805 1658 3073 1728 ejusmodi
3119 1661 3325 1730 aliquid
3372 1662 3578 1719 fuerint
3608 1667 3731 1723 ausi

2153 1744 2464 1810 consulere,
2520 1746 2778 1802 laudibus
2826 1763 2890 1804 ac
2942 1747 3156 1819 plausu,
3192 1753 3269 1808 uti
3319 1752 3480 1824 plane
3527 1757 3729 1812 merito

2156 1833 2333 1896 decet,
2362 1845 2728 1892 revertentem
2762 1838 3146 1908 imperatorem
3178 1857 3369 1899 sumus
3393 1848 3726 1916 suscepturi.

2153 1941 2338 1980 nonne
2367 1935 2424 1981 et
2469 1927 2652 1983 socios
2693 1943 2798 1982 una
2832 1944 2954 1984 cum
2990 1945 3056 1985 eo
3103 1933 3318 2002 ingredi
3368 1935 3560 1991 urbem
3599 1953 3732 2006 per-

2154 2015 2472 2084 mittemus;
2512 2033 2578 2072 an
2623 2020 2808 2088 potius
2837 2021 3176 2078 humanitate
3201 2024 3256 2079 in
3287 2040 3412 2081 eum
3445 2030 3550 2092 usi,
3578 2044 3729 2086 cam-

2153 2121 2280 2174 pum
2304 2107 2411 2162 illis
2437 2123 2498 2164 ac
2523 2111 2798 2166 miseriam
2831 2112 3226 2182 relinquemus,
3257 2116 3728 2192 praeﬁciemusquo

2152 2199 2247 2267 qui
2293 2209 2480 2268 portas
2527 2201 2594 2256 ad
2638 2217 2732 2257 eos
2780 2205 3047 2260 arcendos
3084 2208 3439 2264 custodiant?
3478 2209 3635 2277 Quod
3677 2213 3726 2269 si

2151 2289 2453 2344 concordes
2501 2291 2622 2346 illos
2664 2293 2980 2364 priusquam
3027 2296 3429 2366 ingrediantur,
3474 2301 3566 2356 ubi
3611 2303 3724 2373 jam

2152 2387 2422 2446 venerint,
2445 2382 2822 2440 discernamus
2847 2428 2861 2452 ,
2890 2401 2954 2441 ac
2974 2387 3090 2456 ipse
3113 2388 3336 2458 quidem
3365 2391 3513 2448 velut
3538 2403 3724 2450 noster

2149 2487 2214 2526 ac
2253 2473 2612 2539 domesticus,
2675 2489 2971 2534 consuetos
3033 2480 3232 2536 habeat
3283 2483 3555 2550 honores;
3605 2486 3728 2543 illas

2150 2570 2331 2618 autem
2381 2580 2482 2619 ceu
2549 2566 2755 2631 hostes,
2809 2579 3096 2636 suspectos
3133 2571 3469 2639 habeamus,
3518 2591 3728 2648 eosque

2149 2666 2327 2721 neque
2383 2663 2546 2716 tecto,
2615 2670 2792 2725 neque
2849 2656 2971 2712 foro
3028 2658 3336 2716 donandos-
3369 2663 3728 2730 arbitremur,

2149 2742 2294 2796 haud
2349 2745 2510 2813 plane
2554 2745 2706 2812 novi,
2763 2747 2894 2816 quid
2943 2747 3068 2804 illos
3114 2749 3168 2804 in
3205 2753 3363 2818 nobis
3409 2753 3729 2813 laudaturos

2149 2845 2428 2904 putemus,
2476 2837 2568 2905 qui
2603 2837 2672 2892 ab
2705 2838 3046 2896 immanitate
3092 2842 3364 2912 ejusmodi
3419 2847 3722 2904 ordiamur.

2149 2926 2420 2981 Praeterea
2453 2942 2524 2983 nc
2577 2929 2690 2998 ipse
2731 2930 2952 2998 quidem
2990 2933 3310 3001 imperator,
3346 2952 3508 3005 quam
3532 2953 3726 2996 omnes

2150 3019 2496 3074 servaverint
2528 3021 2986 3086 benevolentiam,
3023 3025 3126 3078 sibi
3149 3041 3447 3097 congruam
3477 3032 3724 3098 putabit;

2153 3120 2320 3180 utque
2347 3127 2442 3167 eos
2465 3129 2604 3182 quos
2632 3114 2938 3184 magniﬁcis
2971 3117 3452 3176 sollicitationibus
3481 3122 3533 3175 in
3569 3138 3722 3194 spem

475 3204 714 3274 erigens,
757 3206 868 3261 huc
912 3205 1150 3270 duxerit,
1192 3207 1374 3263 statim
1404 3207 1772 3278 derelinquat,
1815 3208 1906 3261 vix
1965 3219 2076 3260 non
2115 3206 2319 3275 ubique
2355 3209 2599 3276 gentium
2639 3207 3054 3278 praedicaturos,
3121 3210 3462 3280 imperatoris
3493 3229 3722 3272 omnem

473 3297 918 3366 negotiationem,
954 3297 1160 3352 fraudis
1191 3299 1406 3354 larvam
1438 3300 1629 3354 fuisse.

545 3397 654 3449 Καὶ
693 3398 800 3466 μὴν
835 3396 947 3449 οὐδ’
993 3390 1068 3450 ὧν
1133 3396 1297 3451 εἵνεκ’
1329 3398 1834 3466 άναισχυντήσομεν
1887 3394 2040 3468 εὖροι

2217 3395 2359 3451 Sane
2415 3411 2483 3451 ne
2533 3414 2767 3468 quorum
2813 3401 3038 3470 quidem
3071 3406 3245 3472 gratia
3295 3406 3719 3476 proterviamus.

472 3501 556 3548 τις
590 3486 678 3540 ἄν.
719 3487 784 3539 Ei
823 3487 923 3557 μὲν
969 3487 1079 3556 γὰρ
1123 3487 1219 3541 τοῦ
1255 3488 1520 3557 πολέμου,
1548 3488 1645 3542 καὶ
1688 3489 1906 3543 πάντων
1932 3487 2043 3542 τῶν

473 3575 638 3630 εἵνεκ’
662 3578 859 3642 αὐτοὺς
895 3577 1040 3649 δεῦρ’
1068 3579 1353 3650 ἠγάγομεν
1386 3579 1837 3650 ἐξειργασμένων
1883 3581 2040 3650 ἡμῖν.

473 3669 600 3730 τοὺς
651 3667 976 3738 συμμάχους
1025 3669 1289 3740 ἠξιοῦμεν
1336 3671 1796 3742 προπηλακίζειν,
1845 3673 1946 3725 οὐκ
1977 3671 2043 3726 ἂν

471 3759 728 3813 τοσοῦτον
758 3755 874 3830 εἶχε
931 3761 1179 3816 κίνδυνον
1244 3765 1278 3833 ἡ
1345 3763 1678 3834 ἀχαριστία·
1715 3766 1766 3817 εἰ
1820 3764 1877 3817 δὲ
1935 3763 2044 3818 τῶν

471 3851 676 3920 ὁμοίων
735 3852 1059 3921 ἐφεστώτων
1117 3856 1329 3920 κακῶν,
1396 3856 1667 3926 ἀνομοίως
1716 3857 1877 3926 ἡμεῖς
1930 3857 2043 3918 τοῖς

473 3943 647 4010 φίλοις
679 3945 978 4008 καλοῦντες
1004 3947 1102 4000 καὶ
1133 3948 1416 4016 δεχόμενοι
1451 3947 1908 4019 προσφερόμεθα,
1943 3951 2042 4018 οὐχ

470 4034 580 4106 ὁρῶ
617 4037 714 4100 τὰς
744 4036 965 4101 ἐλπίδας
998 4038 1098 4109 τῆς
1120 4041 1380 4110 τοιαύτης
1410 4040 1789 4111 καινοτομίας.
1826 4041 1902 4094 Οὐ
1932 4041 2041 4110 γὰρ

473 4123 562 4178 ῖνα
617 4125 778 4193 μόνον
821 4124 986 4180 δεινοί
1040 4144 1188 4188 τινες
1239 4131 1571 4198 κακουργεῖν
1601 4130 1697 4183 καὶ
1727 4128 2042 4196 φενακίζειν

469 4214 738 4286 δοκῶμεν,
776 4217 1258 4288 περιεργαζόμεθα
1280 4219 1493 4285 ταῦτα;
1529 4221 1692 4272 ’Λνευ
1725 4220 1782 4272 δέ
1809 4220 2040 4286 τούτων,

469 4303 522 4356 τί
560 4305 680 4358 ποτ’
708 4305 907 4369 αὐτοὺς
953 4307 1399 4376 ἐξαπατηθέντας
1459 4309 1553 4361 καὶ
1597 4307 1810 4375 γέλωτα
1871 4309 2040 4361 πᾶσιν

469 4388 768 4458 διρλοντας,
815 4393 998 4446 οἴεσθε
1041 4392 1300 4462 δράσειν;
1335 4394 1720 4461 Καθεδεῖσθαι,
1763 4397 1859 4448 καὶ
1909 4396 2036 4466 παρ’

470 4483 685 4545 ἑαυτοῖς
736 4482 880 4546 ἕξειν
914 4483 992 4536 τὼ
1041 4485 1210 4555 χεῖρε,
1245 4484 1340 4538 καὶ¹
1373 4485 1666 4556 δεήσεσθαι
1702 4485 2037 4556 συγγνώμην

468 4573 654 4636 αὐτοῖς
696 4575 864 4646 ἔχειν,
907 4569 983 4630 ὧν
1020 4577 1425 4647 ἐξηπάτηνται;
1480 4578 1596 4650 Ούχ
1643 4578 1786 4632 οὕτω
1817 4580 2035 4648 φιλοσο-

469 4665 590 4730 φεῖν
615 4663 916 4733 ἐγνώκασι,
953 4669 1051 4720 καὶ
1100 4664 1277 4736 θυμοῦ
1317 4673 1563 4738 κρατεῖν.
1619 4671 1823 4724 Λοιπὸν
1855 4672 2034 4724 τοίνυν

2146 3487 2302 3543 facile
2345 3491 2468 3559 quis
2524 3492 2789 3546 inveniat.
2845 3493 2980 3549 Nam
3039 3509 3098 3550 ut
3161 3499 3307 3556 bello
3358 3500 3601 3570 quidem,
3655 3516 3722 3557 ac

2145 3593 2380 3649 quorum
2437 3596 2598 3636 causa
2650 3584 2830 3638 socios
2882 3586 3230 3656 adduximus,
3289 3590 3584 3655 confectis,
3636 3593 3724 3648 eis

2145 3671 2412 3727 vellemus
2447 3673 2698 3739 illudere,
2745 3676 3134 3741 haudtantum
3174 3682 3372 3753 ingrati
3413 3683 3506 3740 illa
3548 3685 3719 3740 animi

2144 3763 2296 3820 labes
2324 3767 2632 3836 periculum
2667 3769 2914 3824 haberet.
2951 3772 3046 3826 Sin
3073 3782 3253 3830 autem
3283 3775 3474 3831 iisdem
3505 3779 3718 3834 instan-
3745 3768 3747 3770 ’

2147 3856 2294 3911 tibus
2333 3858 2514 3921 malis,
2540 3859 2644 3914 alia
2677 3861 2892 3930 aliaque
2925 3863 3138 3920 ratione
3166 3867 3427 3923 vocandis
3450 3883 3516 3923 ac
3538 3871 3719 3925 susci-

2143 3949 2360 4018 piendis
2387 3952 2579 4007 amicis
2606 3953 2892 4018 habemus,
2917 3971 3024 4010 non
3055 3956 3217 4012 video
3243 3959 3375 4028 quid
3403 3975 3464 4015 ea
3498 3963 3715 4019 novitas

2142 4040 2257 4108 spei
2290 4041 2507 4098 habeat.
2544 4043 2683 4096 Num
2721 4045 2866 4099 enim
2902 4047 3079 4101 solum
3114 4058 3173 4103 ut
3217 4051 3448 4106 subtiles
3486 4054 3713 4121 quidam

2143 4133 2473 4186 consuendis
2511 4133 2799 4191 fraudibus
2843 4151 2908 4192 ac
2943 4137 3126 4194 dando
3172 4141 3338 4198 verba
3383 4145 3710 4213 videamur,

2142 4221 2221 4276 sic
2271 4222 2373 4276 ista
2417 4225 2576 4279 anxie
2623 4225 2878 4296 agimus?
2923 4229 3216 4296 Praeterea,
3271 4235 3406 4305 quid
3450 4237 3712 4310 deceptos

2141 4310 2286 4376 illos,
2329 4314 2689 4386 omniumque
2731 4318 2905 4374 factos
2935 4320 3195 4390 fabulam,
3226 4327 3567 4394 praestituros
3607 4347 3712 4402 pu-

2141 4405 2305 4461 tatis?
2344 4407 2480 4463 Fors
2520 4425 2791 4481 sessuros,
2835 4429 2900 4469 ac
2931 4417 3072 4484 apud
3120 4433 3180 4474 se
3213 4421 3556 4481 cohibituros
3587 4443 3710 4483 ma-

2141 4512 2269 4560 nus,
2298 4502 2622 4570 veniamque
2668 4519 2766 4573 pro
2793 4506 2986 4561 fraude
3026 4508 3156 4577 ipsis
3193 4509 3336 4566 facta
3377 4520 3712 4585 rogaturos?

2139 4586 2337 4642 Verum
2367 4590 2509 4646 haud
2545 4593 2622 4646 illi
2659 4594 2731 4648 ita
2769 4597 3143 4668 philosophari
3176 4613 3474 4670 noverunt,
3519 4622 3586 4661 ac
3614 4609 3712 4664 irae
3769 4588 3806 4658 τί

2138 4675 2430 4734 dominari.
2489 4682 2752 4752 Superest
2803 4699 3045 4756 ergo-ut
3103 4690 3179 4744 illi
3233 4694 3456 4760 quidem
3519 4713 3709 4754 muros
3768 4699 3772 4762 ξ

469 4753 717 4816 ἐκείνους
759 4756 859 4824 μὶν
889 4757 998 4808 τῶν
1029 4773 1089 4809 τε
1116 4757 1315 4826 τειχῶν
1362 4758 1678 4828 πειρᾶσθαι,
1724 4763 1819 4815 καὶ
1861 4778 2036 4832 μηχα-

2146 4775 2372 4835 tentent,
2409 4781 2574 4841 atque
2603 4774 2684 4828 eis
2721 4775 3049 4834 admoveant
3091 4783 3409 4852 machinas;
3446 4803 3548 4844 nos
3576 4806 3710 4846 vero

470 4843 690 4912 νήματα
747 4843 959 4906 τούτοις
1017 4845 1356 4915 προσάγειν,
1398 4845 1547 4914 ἡμᾶς
1601 4846 1658 4899 δὲ
1709 4847 2032 4917 ἀντέχεσθαι

467 4935 576 4986 τῶν
625 4936 690 4988 ἐκ
740 4939 838 5006 τῆς
873 4937 1193 5004 πολιορκίας
1223 4937 1430 4991 κακῶν.
1480 4938 1659 4991 ’Ἄνευ⁸
1694 4939 1801 5007 γὰρ
1828 4939 2033 4994 τούτων

469 5027 605 5096 πρὸς
633 5027 786 5080 οὐδὲν
823 5008 1009 5098 ἕτερον
1052 5030 1244 5098 ἀρκεῖν
1287 5046 1384 5098 μοι
1435 5028 1663 5083 δοκεῖτε.
1692 5029 1751 5082 Ei
1795 5031 1852 5083 δὲ
1883 5029 2030 5085 τοῦθ’

470 5115 602 5184 ἡμῖν
623 5114 883 5183 φορητὸν,
915 5116 967 5167 τί
995 5117 1106 5177 τοῖς
1131 5115 1406 5184 πανταχοῦ
1437 5115 1755 5184 δυναμένοις
1774 5117 2032 5186 πρέσϐεις

465 5203 604 5272 ὑπὲρ
640 5203 959 5273 συμμαχίας
1008 5205 1320 5274 πέμποντες
1356 5206 1623 5276 ἐνοχλεῖτε
1653 5247 1666 5271 ,
1702 5207 1818 5270 ἐξὸν
1865 5225 2034 5260 κατα-

467 5296 818 5354 κλεισθέντας
857 5295 967 5348 ὑπὸ
998 5297 1106 5348 τῶν
1147 5297 1440 5366 βαρβάρων
1481 5297 1923 5368 πολιορκεῖσθαιβ
1951 5299 2028 5355 Οὐ

466 5383 573 5453 γὰρ
603 5383 778 5452 ἔγωγε
812 5385 923 5453 ὁρῶ
983 5386 1144 5439 τίνων
1175 5388 1322 5456 ἡμᾶς
1345 5386 1750 5451 ἀπαλλάξουσιν
1786 5389 2028 5452 ἐλθόντες

471 5475 520 5526 οἱ
551 5472 851 5545 σύμμαχοι,
887 5477 1043 5530 ὁπόθ’
1077 5479 1294 5540 ἐκόντες
1351 5479 1594 5549 αἱρεῖσθε
1647 5481 1713 5532 τὰ
1752 5481 2027 5551 χείριστα.

470 5564 656 5626 Οὕτως
675 5566 774 5619 οὐκ
813 5565 965 5620 ἔστιν
1000 5568 1183 5638 εὑρεῖν
1215 5570 1355 5640 ὺπέρ
1390 5570 1514 5623 ὅτου
1556 5573 1683 5636 τοὺς
1715 5573 1853 5637 μετὰ
1881 5573 2032 5641 βασι-

468 5651 605 5718 λέως
630 5655 859 5723 ἥξοντας
888 5659 949 5710 οὐ
978 5659 1359 5729 προσδέξεσθε.
1398 5662 1459 5715 Εἰ
1500 5664 1544 5716 δ’
1577 5665 1896 5734 ἀνθρώπινα
1938 5668 2032 5719 καὶ

467 5743 650 5797 δίκαια
713 5748 1104 5818 λογισάμενοι,
1150 5753 1451 5820 στεφανοῦν
1509 5755 1609 5823 μὲν
1667 5757 1854 5810 εἵνεκα
1921 5760 2030 5814 τῶν

471 5833 614 5905 ὑπὲρ
651 5839 807 5905 ἡμῶν
857 5843 1252 5910 πεπονημένων
1289 5845 1381 5896 τδν
1423 5845 1648 5914 βασιλέα
1679 5847 2028 5920 βουλήσεσθε,

704 5938 972 6004 ΡΑτιιοι..
1012 5943 1127 6004 Gn.
1170 5941 1361 6007 CLIV.

2139 4860 2376 4916 obsessae
2397 4863 2549 4919 urbis
2593 4866 2834 4924 feramus
2869 4869 3237 4927 incommoda.
3273 4875 3508 4947 insuper
3537 4883 3707 4949 enim,

2140 4952 2276 5006 nihil
2320 4969 2417 5009 vos
2464 4957 2609 5011 aliud
2645 4974 2804 5026 posse
2847 4963 3120 5019 existimo.
3170 4967 3326 5034 Quod
3363 4971 3410 5024 si
3456 4988 3519 5027 ea
3554 4975 3711 5032 vobis

2139 5057 2227 5130 res
2264 5041 2500 5130 ferenda
2561 5047 2798 5114 videtur,
2839 5061 2896 5104 ut
2953 5054 3084 5122 quid
3133 5057 3339 5127 ubique
3394 5064 3710 5130 potentibus

2137 5127 2474 5184 destinantes
2512 5133 2716 5201 legatos
2761 5136 2854 5203 qui
2899 5140 2951 5189 in
2995 5138 3123 5193 belli
3178 5127 3496 5200 societatem
3543 5148 3705 5204 indu-

2139 5228 2282 5282 cant,
2323 5223 2600 5290 negotium
2642 5223 2843 5293 facitis,
2884 5221 3009 5284 c'um
3059 5230 3218 5288 liceat
3246 5235 3398 5290 urbis
3432 5239 3707 5295 moenibus

2139 5311 2426 5366 conclusos
2493 5313 2859 5373 Barbarorum
2928 5321 3218 5380 obsidione
3279 5329 3496 5395 premi?
3549 5331 3706 5387 Haud

2137 5401 2283 5454 enim
2329 5418 2459 5458 sane
2500 5406 2697 5471 video,
2748 5425 2858 5480 quo
2893 5427 2994 5468 nos
3046 5415 3191 5469 malo
3246 5418 3528 5474 venientes
3570 5423 3706 5477 socii

2135 5491 2372 5547 liberare
2401 5494 2658 5562 habeant,
2691 5515 2817 5556 cum
2846 5515 3044 5571 sponte
3067 5507 3323 5574 pessima
3363 5511 3701 5578 praeoptetis.

2137 5581 2315 5651 Atque
2340 5586 2476 5640 adeo
2501 5589 2640 5644 nihil
2669 5605 2847 5650 causae
2880 5594 2984 5648 erit
3011 5609 3112 5649 cur
3141 5607 3406 5652 venturos
3435 5613 3558 5652 cum
3595 5601 3706 5656 lm-

2138 5685 2388 5742 peratore
2419 5695 2526 5734 non
2569 5684 2901 5754 suscipiatis.
2939 5687 3032 5742 Sin
3084 5699 3265 5743 autem
3292 5706 3414 5759 quae
3470 5691 3708 5747 humana

2137 5774 2266 5820 sunt
2306 5783 2367 5823 ac
2406 5771 2546 5839 juris
2586 5777 2906 5845 cogitantes,
2951 5767 3338 5851 imperatorem
3377 5783 3598 5849 quidem
3635 5786 3709 5839 ob

2137 5869 2425 5930 susceptos
2468 5865 2644 5920 nostri
2683 5880 2848 5924 causa
2879 5869 3095 5926 labores
3125 5873 3506 5928 coronandum
3548 5883 3710 5944 puta-

3271 5968 3352 6026 32
