  <div class='ocr_page' id='page_1' title='image "/cluster/home/n/w/nwhite01/storage/ocr_20150623/154:no.2/coo.31924054870591/507.png"; bbox 0 0 4068 6454; ppageno 0'>
   <div class='ocr_carea' id='block_1_1' title="bbox 346 441 484 511">
    <p class='ocr_par' dir='ltr' id='par_1_1' title="bbox 346 441 484 511">
     <span class='ocr_line' id='line_1_1' title="bbox 346 441 484 511; baseline -0.065 0"><span class='ocrx_word' id='word_1_1' title='bbox 346 441 484 511; x_wconf 71' lang='grc'><strong>1603</strong></span> 
     </span>
    </p>
   </div>
   <div class='ocr_carea' id='block_1_2' title="bbox 1611 437 2358 502">
    <p class='ocr_par' dir='ltr' id='par_1_2' title="bbox 1611 437 2358 502">
     <span class='ocr_line' id='line_1_2' title="bbox 1611 437 2358 502; baseline -0.001 -3"><span class='ocrx_word' id='word_1_2' title='bbox 1611 437 2005 500; x_wconf 71' lang='grc' dir='ltr'><strong>’ΒΕΜΕΤΒΙΙ</strong></span> <span class='ocrx_word' id='word_1_3' title='bbox 2047 437 2358 502; x_wconf 77' lang='lat' dir='ltr'><strong>CYDONil</strong></span> 
     </span>
    </p>
   </div>
   <div class='ocr_carea' id='block_1_3' title="bbox 3367 436 3597 500">
    <p class='ocr_par' dir='ltr' id='par_1_3' title="bbox 3367 436 3597 500">
     <span class='ocr_line' id='line_1_3' title="bbox 3367 436 3597 500; baseline 0.004 -2"><span class='ocrx_word' id='word_1_4' title='bbox 3367 482 3370 484; x_wconf 60' lang='grc' dir='ltr'><strong><em>η</em></strong></span> <span class='ocrx_word' id='word_1_5' title='bbox 3452 436 3597 500; x_wconf 66' lang='grc' dir='ltr'><strong>Ϊθυῖ</strong></span> 
     </span>
    </p>
   </div>
   <div class='ocr_carea' id='block_1_4' title="bbox 342 551 1920 636">
    <p class='ocr_par' dir='ltr' id='par_1_4' title="bbox 342 556 1920 629">
     <span class='ocr_line' id='line_1_4' title="bbox 342 556 1920 629; baseline -0.003 -17"><span class='ocrx_word' id='word_1_6' title='bbox 342 559 496 623; x_wconf 92' lang='lat' dir='ltr'><strong>bitis,</strong></span> <span class='ocrx_word' id='word_1_7' title='bbox 531 568 851 629; x_wconf 75' lang='lat' dir='ltr'><strong>portasque,</strong></span> <span class='ocrx_word' id='word_1_8' title='bbox 902 573 1027 614; x_wconf 91' lang='lat' dir='ltr'><strong>cum</strong></span> <span class='ocrx_word' id='word_1_9' title='bbox 1077 573 1144 614; x_wconf 90' lang='lat' dir='ltr'><strong>eo</strong></span> <span class='ocrx_word' id='word_1_10' title='bbox 1175 557 1526 614; x_wconf 82' lang='lat' dir='ltr'><strong>venientibus</strong></span> <span class='ocrx_word' id='word_1_11' title='bbox 1578 556 1747 612; x_wconf 80' lang='lat' dir='ltr'><strong>sociis</strong></span> <span class='ocrx_word' id='word_1_12' title='bbox 1789 569 1920 626; x_wconf 86' lang='lat' dir='ltr'><strong>ape-</strong></span> 
     </span>
    </p>
   </div>
   <div class='ocr_carea' id='block_1_5' title="bbox 2023 551 3598 636">
    <p class='ocr_par' dir='ltr' id='par_1_5' title="bbox 2027 551 3598 624">
     <span class='ocr_line' id='line_1_5' title="bbox 2027 551 3598 624; baseline -0.006 -15"><span class='ocrx_word' id='word_1_13' title='bbox 2027 555 2271 620; x_wconf 80' lang='grc' dir='ltr'>ἀνοίξετε</span> <span class='ocrx_word' id='word_1_14' title='bbox 2306 555 2362 608; x_wconf 84' lang='grc' dir='ltr'>δὲ</span> <span class='ocrx_word' id='word_1_15' title='bbox 2388 555 2494 616; x_wconf 62' lang='grc' dir='ltr'>τοῖς</span> <span class='ocrx_word' id='word_1_16' title='bbox 2532 553 2652 624; x_wconf 82' lang='grc' dir='ltr'>μετ’</span> <span class='ocrx_word' id='word_1_17' title='bbox 2687 553 2900 607; x_wconf 77' lang='grc' dir='ltr'>ἐκείνου</span> <span class='ocrx_word' id='word_1_18' title='bbox 2935 551 3237 620; x_wconf 67' lang='grc' dir='ltr'>συμμάχοις</span> <span class='ocrx_word' id='word_1_19' title='bbox 3269 552 3365 613; x_wconf 66' lang='grc' dir='ltr'><strong>τὰς</strong></span> <span class='ocrx_word' id='word_1_20' title='bbox 3407 552 3598 612; x_wconf 73' lang='grc' dir='ltr'>πύλας,</span> 
     </span>
    </p>
   </div>
   <div class='ocr_carea' id='block_1_6' title="bbox 342 647 1922 720">
    <p class='ocr_par' dir='ltr' id='par_1_6' title="bbox 342 647 1922 720">
     <span class='ocr_line' id='line_1_6' title="bbox 342 647 1922 720; baseline -0.003 -16"><span class='ocrx_word' id='word_1_21' title='bbox 342 653 520 714; x_wconf 85' lang='lat' dir='ltr'><strong>rietis,</strong></span> <span class='ocrx_word' id='word_1_22' title='bbox 545 650 674 720; x_wconf 87' lang='lat' dir='ltr'><strong>quid</strong></span> <span class='ocrx_word' id='word_1_23' title='bbox 705 660 852 705; x_wconf 92' lang='lat' dir='ltr'><strong>vetat</strong></span> <span class='ocrx_word' id='word_1_24' title='bbox 884 660 944 705; x_wconf 91' lang='lat' dir='ltr'><strong>ut</strong></span> <span class='ocrx_word' id='word_1_25' title='bbox 970 666 1039 706; x_wconf 91' lang='lat' dir='ltr'><strong>ne</strong></span> <span class='ocrx_word' id='word_1_26' title='bbox 1068 666 1167 720; x_wconf 91' lang='lat' dir='ltr'><strong>pro</strong></span> <span class='ocrx_word' id='word_1_27' title='bbox 1200 650 1319 705; x_wconf 92' lang='lat' dir='ltr'><strong>istis</strong></span> <span class='ocrx_word' id='word_1_28' title='bbox 1349 651 1538 705; x_wconf 89' lang='lat' dir='ltr'><strong>eadem</strong></span> <span class='ocrx_word' id='word_1_29' title='bbox 1572 647 1922 704; x_wconf 82' lang='lat' dir='ltr'><strong>decernatis‘l</strong></span> 
     </span>
    </p>
   </div>
   <div class='ocr_carea' id='block_1_7' title="bbox 340 739 1922 811">
    <p class='ocr_par' dir='ltr' id='par_1_7' title="bbox 340 739 1922 811">
     <span class='ocr_line' id='line_1_7' title="bbox 340 739 1922 811; baseline 0 -17"><span class='ocrx_word' id='word_1_30' title='bbox 340 741 452 795; x_wconf 82' lang='lat' dir='ltr'><strong>Nec</strong></span> <span class='ocrx_word' id='word_1_31' title='bbox 488 744 637 794; x_wconf 90' lang='lat' dir='ltr'><strong>enim</strong></span> <span class='ocrx_word' id='word_1_32' title='bbox 669 757 850 811; x_wconf 66' lang='lat' dir='ltr'><strong>operte</strong></span> <span class='ocrx_word' id='word_1_33' title='bbox 883 741 1143 811; x_wconf 91' lang='lat' dir='ltr'><strong>pretium,</strong></span> <span class='ocrx_word' id='word_1_34' title='bbox 1179 750 1241 796; x_wconf 89' lang='lat' dir='ltr'><strong>ut</strong></span> <span class='ocrx_word' id='word_1_35' title='bbox 1285 741 1656 795; x_wconf 83' lang='lat' dir='ltr'><strong>Romanorum</strong></span> <span class='ocrx_word' id='word_1_36' title='bbox 1699 739 1922 809; x_wconf 86' lang='lat' dir='ltr'><strong>quidem</strong></span> 
     </span>
    </p>
   </div>
   <div class='ocr_carea' id='block_1_8' title="bbox 339 831 1921 897">
    <p class='ocr_par' dir='ltr' id='par_1_8' title="bbox 339 831 1921 897">
     <span class='ocr_line' id='line_1_8' title="bbox 339 831 1921 897; baseline 0.001 -13"><span class='ocrx_word' id='word_1_37' title='bbox 339 831 622 887; x_wconf 87' lang='lat' dir='ltr'><strong>leuitatem</strong></span> <span class='ocrx_word' id='word_1_38' title='bbox 653 833 931 897; x_wconf 82' lang='lat' dir='ltr'><strong>caveatis;</strong></span> <span class='ocrx_word' id='word_1_39' title='bbox 1003 833 1261 888; x_wconf 76' lang='lat' dir='ltr'><strong>Paeonum</strong></span> <span class='ocrx_word' id='word_1_40' title='bbox 1314 842 1496 888; x_wconf 87' lang='lat' dir='ltr'><strong>autem</strong></span> <span class='ocrx_word' id='word_1_41' title='bbox 1541 832 1921 888; x_wconf 81' lang='lat' dir='ltr'><strong>crudelitatem</strong></span> 
     </span>
    </p>
   </div>
   <div class='ocr_carea' id='block_1_9' title="bbox 340 924 1922 995">
    <p class='ocr_par' dir='ltr' id='par_1_9' title="bbox 340 924 1922 995">
     <span class='ocr_line' id='line_1_9' title="bbox 340 924 1922 995; baseline 0.001 -18"><span class='ocrx_word' id='word_1_42' title='bbox 340 940 411 979; x_wconf 87' lang='lat' dir='ltr'><strong>ne</strong></span> <span class='ocrx_word' id='word_1_43' title='bbox 469 935 781 994; x_wconf 82' lang='lat' dir='ltr'><strong>suspectam</strong></span> <span class='ocrx_word' id='word_1_44' title='bbox 828 925 1047 995; x_wconf 87' lang='lat' dir='ltr'><strong>quidem</strong></span> <span class='ocrx_word' id='word_1_45' title='bbox 1103 925 1392 981; x_wconf 80' lang='lat' dir='ltr'><strong>habeatis:</strong></span> <span class='ocrx_word' id='word_1_46' title='bbox 1447 933 1618 994; x_wconf 90' lang='lat' dir='ltr'><strong>utque</strong></span> <span class='ocrx_word' id='word_1_47' title='bbox 1671 941 1767 980; x_wconf 90' lang='lat' dir='ltr'><strong>eos</strong></span> <span class='ocrx_word' id='word_1_48' title='bbox 1827 924 1922 993; x_wconf 92' lang='lat' dir='ltr'><strong>qui</strong></span> 
     </span>
    </p>
   </div>
   <div class='ocr_carea' id='block_1_10' title="bbox 341 1015 1924 1086">
    <p class='ocr_par' dir='ltr' id='par_1_10' title="bbox 341 1015 1924 1086">
     <span class='ocr_line' id='line_1_10' title="bbox 341 1015 1924 1086; baseline 0.001 -16"><span class='ocrx_word' id='word_1_49' title='bbox 341 1016 530 1084; x_wconf 83' lang='lat' dir='ltr'><strong>gloriae</strong></span> <span class='ocrx_word' id='word_1_50' title='bbox 554 1017 738 1072; x_wconf 86' lang='lat' dir='ltr'><strong>studio</strong></span> <span class='ocrx_word' id='word_1_51' title='bbox 768 1032 866 1072; x_wconf 92' lang='lat' dir='ltr'><strong>sua</strong></span> <span class='ocrx_word' id='word_1_52' title='bbox 904 1015 1270 1086; x_wconf 76' lang='lat' dir='ltr'><strong>profundunt,</strong></span> <span class='ocrx_word' id='word_1_53' title='bbox 1303 1026 1494 1072; x_wconf 87' lang='lat' dir='ltr'><strong>nostra</strong></span> <span class='ocrx_word' id='word_1_54' title='bbox 1525 1017 1924 1086; x_wconf 86' lang='lat' dir='ltr'><strong>concupituros</strong></span> 
     </span>
    </p>
   </div>
   <div class='ocr_carea' id='block_1_11' title="bbox 287 1107 1924 1176">
    <p class='ocr_par' dir='ltr' id='par_1_11' title="bbox 287 1107 1924 1176">
     <span class='ocr_line' id='line_1_11' title="bbox 287 1107 1924 1176; baseline 0 -14"><span class='ocrx_word' id='word_1_55' title='bbox 287 1166 290 1168; x_wconf 18' lang='grc' dir='ltr'>γ</span> <span class='ocrx_word' id='word_1_56' title='bbox 340 1107 730 1174; x_wconf 73' lang='lat' dir='ltr'><strong>arbitremini;</strong></span> <span class='ocrx_word' id='word_1_57' title='bbox 779 1122 874 1162; x_wconf 89' lang='lat' dir='ltr'><strong>eos</strong></span> <span class='ocrx_word' id='word_1_58' title='bbox 920 1116 1104 1162; x_wconf 88' lang='lat' dir='ltr'><strong>autem</strong></span> <span class='ocrx_word' id='word_1_59' title='bbox 1162 1108 1253 1176; x_wconf 90' lang='lat' dir='ltr'><strong>qui</strong></span> <span class='ocrx_word' id='word_1_60' title='bbox 1307 1108 1613 1163; x_wconf 87' lang='lat' dir='ltr'><strong>latrociniis</strong></span> <span class='ocrx_word' id='word_1_61' title='bbox 1669 1121 1734 1162; x_wconf 89' lang='lat' dir='ltr'><strong>ac</strong></span> <span class='ocrx_word' id='word_1_62' title='bbox 1775 1107 1924 1162; x_wconf 82' lang='lat' dir='ltr'><strong>furto</strong></span> 
     </span>
    </p>
   </div>
   <div class='ocr_carea' id='block_1_12' title="bbox 338 1199 1924 1270">
    <p class='ocr_par' dir='ltr' id='par_1_12' title="bbox 338 1199 1924 1270">
     <span class='ocr_line' id='line_1_12' title="bbox 338 1199 1924 1270; baseline 0 -17"><span class='ocrx_word' id='word_1_63' title='bbox 338 1201 552 1263; x_wconf 78' lang='lat' dir='ltr'><strong>vivunt,</strong></span> <span class='ocrx_word' id='word_1_64' title='bbox 608 1216 639 1255; x_wconf 90' lang='lat' dir='ltr'><strong>a</strong></span> <span class='ocrx_word' id='word_1_65' title='bbox 701 1215 797 1255; x_wconf 91' lang='lat' dir='ltr'><strong>sua</strong></span> <span class='ocrx_word' id='word_1_66' title='bbox 833 1209 1061 1270; x_wconf 90' lang='lat' dir='ltr'><strong>repente</strong></span> <span class='ocrx_word' id='word_1_67' title='bbox 1106 1211 1422 1256; x_wconf 84' lang='lat' dir='ltr'><strong>ecssaturos</strong></span> <span class='ocrx_word' id='word_1_68' title='bbox 1473 1208 1613 1255; x_wconf 88' lang='lat' dir='ltr'><strong>arte.</strong></span> <span class='ocrx_word' id='word_1_69' title='bbox 1663 1199 1823 1266; x_wconf 83' lang='lat' dir='ltr'><strong>Quod</strong></span> <span class='ocrx_word' id='word_1_70' title='bbox 1877 1199 1924 1254; x_wconf 88' lang='lat' dir='ltr'><strong>si</strong></span> 
     </span>
    </p>
   </div>
   <div class='ocr_carea' id='block_1_13' title="bbox 338 1291 1926 1360">
    <p class='ocr_par' dir='ltr' id='par_1_13' title="bbox 338 1291 1926 1360">
     <span class='ocr_line' id='line_1_13' title="bbox 338 1291 1926 1360; baseline -0.001 -14"><span class='ocrx_word' id='word_1_71' title='bbox 338 1293 486 1346; x_wconf 87' lang='lat' dir='ltr'><strong>mille</strong></span> <span class='ocrx_word' id='word_1_72' title='bbox 518 1291 636 1346; x_wconf 88' lang='lat' dir='ltr'><strong>istis</strong></span> <span class='ocrx_word' id='word_1_73' title='bbox 679 1291 1023 1346; x_wconf 88' lang='lat' dir='ltr'><strong>commisceri</strong></span> <span class='ocrx_word' id='word_1_74' title='bbox 1071 1291 1444 1357; x_wconf 84' lang='lat' dir='ltr'><strong>formidabile,</strong></span> <span class='ocrx_word' id='word_1_75' title='bbox 1513 1292 1607 1360; x_wconf 91' lang='lat' dir='ltr'><strong>qui</strong></span> <span class='ocrx_word' id='word_1_76' title='bbox 1649 1306 1756 1345; x_wconf 81' lang='lat' dir='ltr'><strong>non</strong></span> <span class='ocrx_word' id='word_1_77' title='bbox 1804 1305 1926 1360; x_wconf 85' lang='lat' dir='ltr'><strong>per-</strong></span> 
     </span>
    </p>
   </div>
   <div class='ocr_carea' id='block_1_14' title="bbox 338 1383 1924 1454">
    <p class='ocr_par' dir='ltr' id='par_1_14' title="bbox 338 1383 1924 1454">
     <span class='ocr_line' id='line_1_14' title="bbox 338 1383 1924 1454; baseline -0.001 -16"><span class='ocrx_word' id='word_1_78' title='bbox 338 1385 527 1453; x_wconf 88' lang='lat' dir='ltr'><strong>spicue</strong></span> <span class='ocrx_word' id='word_1_79' title='bbox 556 1385 759 1438; x_wconf 89' lang='lat' dir='ltr'><strong>malum</strong></span> <span class='ocrx_word' id='word_1_80' title='bbox 806 1383 981 1454; x_wconf 85' lang='lat' dir='ltr'><strong>majus</strong></span> <span class='ocrx_word' id='word_1_81' title='bbox 1016 1383 1072 1438; x_wconf 92' lang='lat' dir='ltr'><strong>in</strong></span> <span class='ocrx_word' id='word_1_82' title='bbox 1109 1384 1304 1454; x_wconf 86' lang='lat' dir='ltr'><strong>viginti</strong></span> <span class='ocrx_word' id='word_1_83' title='bbox 1345 1384 1643 1439; x_wconf 85' lang='lat' dir='ltr'><strong>millibus?</strong></span> <span class='ocrx_word' id='word_1_84' title='bbox 1673 1383 1924 1452; x_wconf 66' lang='lat' dir='ltr'><strong>Cumque</strong></span> 
     </span>
    </p>
   </div>
   <div class='ocr_carea' id='block_1_15' title="bbox 337 1473 1924 1544">
    <p class='ocr_par' dir='ltr' id='par_1_15' title="bbox 337 1473 1924 1544">
     <span class='ocr_line' id='line_1_15' title="bbox 337 1473 1924 1544; baseline 0 -16"><span class='ocrx_word' id='word_1_85' title='bbox 337 1489 434 1529; x_wconf 91' lang='lat' dir='ltr'><strong>eos</strong></span> <span class='ocrx_word' id='word_1_86' title='bbox 487 1473 580 1544; x_wconf 87' lang='lat' dir='ltr'><strong>qui</strong></span> <span class='ocrx_word' id='word_1_87' title='bbox 632 1473 777 1528; x_wconf 90' lang='lat' dir='ltr'><strong>ultro</strong></span> <span class='ocrx_word' id='word_1_88' title='bbox 825 1474 1075 1538; x_wconf 90' lang='lat' dir='ltr'><strong>veniunt,</strong></span> <span class='ocrx_word' id='word_1_89' title='bbox 1127 1473 1272 1528; x_wconf 86' lang='lat' dir='ltr'><strong>haud</strong></span> <span class='ocrx_word' id='word_1_90' title='bbox 1310 1481 1442 1528; x_wconf 83' lang='lat' dir='ltr'><strong>tutae</strong></span> <span class='ocrx_word' id='word_1_91' title='bbox 1499 1474 1750 1528; x_wconf 88' lang='lat' dir='ltr'><strong>homines</strong></span> <span class='ocrx_word' id='word_1_92' title='bbox 1799 1473 1924 1528; x_wconf 78' lang='lat' dir='ltr'><strong>ﬁdei</strong></span> 
     </span>
    </p>
   </div>
   <div class='ocr_carea' id='block_1_16' title="bbox 337 1563 1926 1635">
    <p class='ocr_par' dir='ltr' id='par_1_16' title="bbox 337 1563 1926 1635">
     <span class='ocr_line' id='line_1_16' title="bbox 337 1563 1926 1635; baseline -0.001 -15"><span class='ocrx_word' id='word_1_93' title='bbox 337 1580 670 1631; x_wconf 89' lang='lat' dir='ltr'><strong>asseramus,</strong></span> <span class='ocrx_word' id='word_1_94' title='bbox 694 1573 898 1634; x_wconf 87' lang='lat' dir='ltr'><strong>quanta</strong></span> <span class='ocrx_word' id='word_1_95' title='bbox 923 1563 978 1618; x_wconf 92' lang='lat' dir='ltr'><strong>in</strong></span> <span class='ocrx_word' id='word_1_96' title='bbox 1005 1564 1112 1620; x_wconf 87' lang='lat' dir='ltr'><strong>illis</strong></span> <span class='ocrx_word' id='word_1_97' title='bbox 1137 1567 1407 1620; x_wconf 87' lang='lat' dir='ltr'><strong>securitas</strong></span> <span class='ocrx_word' id='word_1_98' title='bbox 1429 1580 1570 1635; x_wconf 92' lang='lat' dir='ltr'><strong>quos</strong></span> <span class='ocrx_word' id='word_1_99' title='bbox 1593 1579 1691 1635; x_wconf 89' lang='lat' dir='ltr'><strong>per</strong></span> <span class='ocrx_word' id='word_1_100' title='bbox 1716 1564 1926 1634; x_wconf 82' lang='lat' dir='ltr'><strong>legatus</strong></span> 
     </span>
    </p>
   </div>
   <div class='ocr_carea' id='block_1_17' title="bbox 337 1657 671 1712">
    <p class='ocr_par' dir='ltr' id='par_1_17' title="bbox 337 1657 671 1712">
     <span class='ocr_line' id='line_1_17' title="bbox 337 1657 671 1712; baseline 0.003 -1"><span class='ocrx_word' id='word_1_101' title='bbox 337 1657 671 1712; x_wconf 84' lang='lat' dir='ltr'><strong>ascivimus?</strong></span> 
     </span>
    </p>
   </div>
   <div class='ocr_carea' id='block_1_18' title="bbox 411 1748 1919 1818">
    <p class='ocr_par' dir='ltr' id='par_1_18' title="bbox 411 1748 1919 1818">
     <span class='ocr_line' id='line_1_18' title="bbox 411 1748 1919 1818; baseline 0.005 -22"><span class='ocrx_word' id='word_1_102' title='bbox 411 1748 610 1802; x_wconf 87' lang='lat' dir='ltr'><strong>Verum</strong></span> <span class='ocrx_word' id='word_1_103' title='bbox 664 1749 782 1818; x_wconf 91' lang='lat' dir='ltr'><strong>ipsa</strong></span> <span class='ocrx_word' id='word_1_104' title='bbox 835 1763 1055 1818; x_wconf 88' lang='lat' dir='ltr'><strong>quoque</strong></span> <span class='ocrx_word' id='word_1_105' title='bbox 1103 1748 1302 1803; x_wconf 89' lang='lat' dir='ltr'><strong>horum</strong></span> <span class='ocrx_word' id='word_1_106' title='bbox 1355 1750 1615 1818; x_wconf 82' lang='lat' dir='ltr'><strong>cogitatio</strong></span> <span class='ocrx_word' id='word_1_107' title='bbox 1662 1750 1919 1806; x_wconf 80' lang='lat' dir='ltr'><strong>ridicula.</strong></span> 
     </span>
    </p>
   </div>
   <div class='ocr_carea' id='block_1_19' title="bbox 339 1840 1924 1910">
    <p class='ocr_par' dir='ltr' id='par_1_19' title="bbox 339 1840 1924 1910">
     <span class='ocr_line' id='line_1_19' title="bbox 339 1840 1924 1910; baseline 0.003 -18"><span class='ocrx_word' id='word_1_108' title='bbox 339 1840 425 1894; x_wconf 89' lang='lat' dir='ltr'><strong>Sit</strong></span> <span class='ocrx_word' id='word_1_109' title='bbox 455 1856 586 1894; x_wconf 79' lang='lat' dir='ltr'><strong>vero</strong></span> <span class='ocrx_word' id='word_1_110' title='bbox 625 1843 960 1908; x_wconf 89' lang='lat' dir='ltr'><strong>sapientum,</strong></span> <span class='ocrx_word' id='word_1_111' title='bbox 990 1854 1054 1894; x_wconf 90' lang='lat' dir='ltr'><strong>ac</strong></span> <span class='ocrx_word' id='word_1_112' title='bbox 1081 1841 1205 1895; x_wconf 88' lang='lat' dir='ltr'><strong>talis</strong></span> <span class='ocrx_word' id='word_1_113' title='bbox 1229 1841 1402 1905; x_wconf 88' lang='lat' dir='ltr'><strong>urbis,</strong></span> <span class='ocrx_word' id='word_1_114' title='bbox 1439 1852 1643 1910; x_wconf 89' lang='lat' dir='ltr'><strong>quanta</strong></span> <span class='ocrx_word' id='word_1_115' title='bbox 1677 1842 1794 1897; x_wconf 69' lang='lat' dir='ltr'><strong>haec</strong></span> <span class='ocrx_word' id='word_1_116' title='bbox 1823 1858 1924 1896; x_wconf 90' lang='lat' dir='ltr'><strong>no-</strong></span> 
     </span>
    </p>
   </div>
   <div class='ocr_carea' id='block_1_20' title="bbox 342 1931 1923 2006">
    <p class='ocr_par' dir='ltr' id='par_1_20' title="bbox 342 1931 1923 2006">
     <span class='ocr_line' id='line_1_20' title="bbox 342 1931 1923 2006; baseline 0.003 -21"><span class='ocrx_word' id='word_1_117' title='bbox 342 1945 454 1986; x_wconf 89' lang='lat' dir='ltr'><strong>stra</strong></span> <span class='ocrx_word' id='word_1_118' title='bbox 481 1931 706 1993; x_wconf 89' lang='lat' dir='ltr'><strong>civium,</strong></span> <span class='ocrx_word' id='word_1_119' title='bbox 732 1942 792 1986; x_wconf 91' lang='lat' dir='ltr'><strong>ut</strong></span> <span class='ocrx_word' id='word_1_120' title='bbox 813 1947 904 1986; x_wconf 90' lang='lat' dir='ltr'><strong>eos</strong></span> <span class='ocrx_word' id='word_1_121' title='bbox 919 1931 1013 2002; x_wconf 92' lang='lat' dir='ltr'><strong>qui</strong></span> <span class='ocrx_word' id='word_1_122' title='bbox 1047 1931 1148 1987; x_wconf 91' lang='lat' dir='ltr'><strong>ista</strong></span> <span class='ocrx_word' id='word_1_123' title='bbox 1174 1932 1388 1995; x_wconf 91' lang='lat' dir='ltr'><strong>dicunt,</strong></span> <span class='ocrx_word' id='word_1_124' title='bbox 1416 1934 1657 1989; x_wconf 89' lang='lat' dir='ltr'><strong>ellebore</strong></span> <span class='ocrx_word' id='word_1_125' title='bbox 1679 1934 1923 2006; x_wconf 79' lang='lat' dir='ltr'><strong>indigere</strong></span> 
     </span>
    </p>
   </div>
   <div class='ocr_carea' id='block_1_21' title="bbox 345 2023 1922 2095">
    <p class='ocr_par' dir='ltr' id='par_1_21' title="bbox 345 2023 1922 2095">
     <span class='ocr_line' id='line_1_21' title="bbox 345 2023 1922 2095; baseline 0.006 -23"><span class='ocrx_word' id='word_1_126' title='bbox 345 2032 580 2090; x_wconf 78' lang='lat' dir='ltr'><strong>putent;</strong></span> <span class='ocrx_word' id='word_1_127' title='bbox 615 2032 787 2091; x_wconf 90' lang='lat' dir='ltr'><strong>utque</strong></span> <span class='ocrx_word' id='word_1_128' title='bbox 827 2023 1101 2093; x_wconf 85' lang='lat' dir='ltr'><strong>ejusmodi</strong></span> <span class='ocrx_word' id='word_1_129' title='bbox 1149 2025 1416 2092; x_wconf 87' lang='lat' dir='ltr'><strong>consiliis,</strong></span> <span class='ocrx_word' id='word_1_130' title='bbox 1465 2026 1512 2080; x_wconf 89' lang='lat' dir='ltr'><strong>si</strong></span> <span class='ocrx_word' id='word_1_131' title='bbox 1567 2027 1693 2095; x_wconf 91' lang='lat' dir='ltr'><strong>quis</strong></span> <span class='ocrx_word' id='word_1_132' title='bbox 1732 2037 1922 2082; x_wconf 88' lang='lat' dir='ltr'><strong>noster</strong></span> 
     </span>
    </p>
   </div>
   <div class='ocr_carea' id='block_1_22' title="bbox 342 2114 1921 2188">
    <p class='ocr_par' dir='ltr' id='par_1_22' title="bbox 342 2114 1921 2188">
     <span class='ocr_line' id='line_1_22' title="bbox 342 2114 1921 2188; baseline 0.003 -20"><span class='ocrx_word' id='word_1_133' title='bbox 342 2115 519 2170; x_wconf 87' lang='lat' dir='ltr'><strong>hostis</strong></span> <span class='ocrx_word' id='word_1_134' title='bbox 546 2115 639 2180; x_wconf 91' lang='lat' dir='ltr'><strong>sit,</strong></span> <span class='ocrx_word' id='word_1_135' title='bbox 671 2114 845 2184; x_wconf 75' lang='lat' dir='ltr'><strong>magis</strong></span> <span class='ocrx_word' id='word_1_136' title='bbox 876 2117 1270 2170; x_wconf 87' lang='lat' dir='ltr'><strong>obsecuturum</strong></span> <span class='ocrx_word' id='word_1_137' title='bbox 1295 2125 1526 2188; x_wconf 82' lang='lat' dir='ltr'><strong>optent;</strong></span> <span class='ocrx_word' id='word_1_138' title='bbox 1570 2118 1719 2186; x_wconf 89' lang='lat' dir='ltr'><strong>ipsos</strong></span> <span class='ocrx_word' id='word_1_139' title='bbox 1765 2134 1921 2183; x_wconf 89' lang='lat' dir='ltr'><strong>vero,</strong></span> 
     </span>
    </p>
   </div>
   <div class='ocr_carea' id='block_1_23' title="bbox 339 2207 1925 2280">
    <p class='ocr_par' dir='ltr' id='par_1_23' title="bbox 339 2207 1925 2280">
     <span class='ocr_line' id='line_1_23' title="bbox 339 2207 1925 2280; baseline 0.003 -20"><span class='ocrx_word' id='word_1_140' title='bbox 339 2207 701 2277; x_wconf 73' lang='lat' dir='ltr'><strong>cogitationes</strong></span> <span class='ocrx_word' id='word_1_141' title='bbox 741 2222 862 2276; x_wconf 62' lang='lat' dir='ltr'><strong>quae</strong></span> <span class='ocrx_word' id='word_1_142' title='bbox 895 2207 1148 2272; x_wconf 90' lang='lat' dir='ltr'><strong>deceant,</strong></span> <span class='ocrx_word' id='word_1_143' title='bbox 1197 2214 1562 2274; x_wconf 89' lang='lat' dir='ltr'><strong>assumentes,</strong></span> <span class='ocrx_word' id='word_1_144' title='bbox 1606 2226 1714 2263; x_wconf 91' lang='lat' dir='ltr'><strong>non</strong></span> <span class='ocrx_word' id='word_1_145' title='bbox 1770 2211 1925 2280; x_wconf 81' lang='lat' dir='ltr'><strong>quie-</strong></span> 
     </span>
    </p>
   </div>
   <div class='ocr_carea' id='block_1_24' title="bbox 337 2298 1921 2367">
    <p class='ocr_par' dir='ltr' id='par_1_24' title="bbox 337 2298 1921 2367">
     <span class='ocr_line' id='line_1_24' title="bbox 337 2298 1921 2367; baseline 0.001 -14"><span class='ocrx_word' id='word_1_146' title='bbox 337 2313 493 2353; x_wconf 83' lang='lat' dir='ltr'><strong>scere</strong></span> <span class='ocrx_word' id='word_1_147' title='bbox 520 2315 536 2363; x_wconf 90' lang='lat'><strong>;</strong></span> <span class='ocrx_word' id='word_1_148' title='bbox 561 2313 662 2351; x_wconf 89' lang='lat' dir='ltr'><strong>nec</strong></span> <span class='ocrx_word' id='word_1_149' title='bbox 685 2306 890 2352; x_wconf 87' lang='lat' dir='ltr'><strong>temere</strong></span> <span class='ocrx_word' id='word_1_150' title='bbox 931 2298 1439 2356; x_wconf 84' lang='lat' dir='ltr'><strong>contradicentibus</strong></span> <span class='ocrx_word' id='word_1_151' title='bbox 1469 2301 1598 2354; x_wconf 89' lang='lat' dir='ltr'><strong>dare</strong></span> <span class='ocrx_word' id='word_1_152' title='bbox 1617 2302 1921 2367; x_wconf 82' lang='lat' dir='ltr'><strong>licentiam,</strong></span> 
     </span>
    </p>
   </div>
   <div class='ocr_carea' id='block_1_25' title="bbox 337 2389 1922 2462">
    <p class='ocr_par' dir='ltr' id='par_1_25' title="bbox 337 2389 1922 2462">
     <span class='ocr_line' id='line_1_25' title="bbox 337 2389 1922 2462; baseline 0.001 -20"><span class='ocrx_word' id='word_1_153' title='bbox 337 2389 431 2456; x_wconf 74' lang='lat' dir='ltr'><strong>qui</strong></span> <span class='ocrx_word' id='word_1_154' title='bbox 469 2389 658 2444; x_wconf 90' lang='lat' dir='ltr'><strong>nescio</strong></span> <span class='ocrx_word' id='word_1_155' title='bbox 705 2404 940 2457; x_wconf 92' lang='lat' dir='ltr'><strong>quorum</strong></span> <span class='ocrx_word' id='word_1_156' title='bbox 971 2389 1411 2444; x_wconf 86' lang='lat' dir='ltr'><strong>benevolentiam</strong></span> <span class='ocrx_word' id='word_1_157' title='bbox 1459 2391 1609 2445; x_wconf 87' lang='lat' dir='ltr'><strong>inani</strong></span> <span class='ocrx_word' id='word_1_158' title='bbox 1650 2392 1744 2446; x_wconf 90' lang='lat' dir='ltr'><strong>illa</strong></span> <span class='ocrx_word' id='word_1_159' title='bbox 1797 2409 1922 2462; x_wconf 83' lang='lat' dir='ltr'><strong>gar-</strong></span> 
     </span>
    </p>
   </div>
   <div class='ocr_carea' id='block_1_26' title="bbox 339 2481 1925 2551">
    <p class='ocr_par' dir='ltr' id='par_1_26' title="bbox 339 2481 1925 2551">
     <span class='ocr_line' id='line_1_26' title="bbox 339 2481 1925 2551; baseline 0.002 -16"><span class='ocrx_word' id='word_1_160' title='bbox 339 2481 564 2537; x_wconf 79' lang='lat' dir='ltr'><strong>rulitate</strong></span> <span class='ocrx_word' id='word_1_161' title='bbox 600 2489 824 2551; x_wconf 87' lang='lat' dir='ltr'><strong>captent</strong></span> <span class='ocrx_word' id='word_1_162' title='bbox 874 2498 888 2533; x_wconf 87' lang='lat'><strong>:</strong></span> <span class='ocrx_word' id='word_1_163' title='bbox 933 2481 1066 2549; x_wconf 92' lang='lat' dir='ltr'><strong>quin</strong></span> <span class='ocrx_word' id='word_1_164' title='bbox 1115 2481 1202 2535; x_wconf 87' lang='lat' dir='ltr'><strong>vel</strong></span> <span class='ocrx_word' id='word_1_165' title='bbox 1267 2483 1442 2550; x_wconf 90' lang='lat' dir='ltr'><strong>ipsum</strong></span> <span class='ocrx_word' id='word_1_166' title='bbox 1511 2483 1925 2538; x_wconf 73' lang='lat' dir='ltr'><strong>deliberationis</strong></span> 
     </span>
    </p>
   </div>
   <div class='ocr_carea' id='block_1_27' title="bbox 340 2570 1922 2644">
    <p class='ocr_par' dir='ltr' id='par_1_27' title="bbox 340 2570 1922 2644">
     <span class='ocr_line' id='line_1_27' title="bbox 340 2570 1922 2644; baseline 0.002 -18"><span class='ocrx_word' id='word_1_167' title='bbox 340 2583 560 2643; x_wconf 86' lang='lat' dir='ltr'><strong>tempus</strong></span> <span class='ocrx_word' id='word_1_168' title='bbox 614 2574 846 2644; x_wconf 66' lang='lat' dir='ltr'><strong>jactura:</strong></span> <span class='ocrx_word' id='word_1_169' title='bbox 879 2570 1221 2640; x_wconf 85' lang='lat' dir='ltr'><strong>deputantes,</strong></span> <span class='ocrx_word' id='word_1_170' title='bbox 1257 2573 1421 2628; x_wconf 83' lang='lat' dir='ltr'><strong>hosce</strong></span> <span class='ocrx_word' id='word_1_171' title='bbox 1471 2576 1774 2644; x_wconf 84' lang='lat' dir='ltr'><strong>suscipere,</strong></span> <span class='ocrx_word' id='word_1_172' title='bbox 1823 2590 1922 2630; x_wconf 87' lang='lat' dir='ltr'><strong>ceu</strong></span> 
     </span>
    </p>
   </div>
   <div class='ocr_carea' id='block_1_28' title="bbox 338 2663 1921 2735">
    <p class='ocr_par' dir='ltr' id='par_1_28' title="bbox 338 2663 1921 2735">
     <span class='ocr_line' id='line_1_28' title="bbox 338 2663 1921 2735; baseline 0.001 -17"><span class='ocrx_word' id='word_1_173' title='bbox 338 2667 492 2719; x_wconf 78' lang='lat' dir='ltr'><strong>viros</strong></span> <span class='ocrx_word' id='word_1_174' title='bbox 541 2680 572 2718; x_wconf 91' lang='lat' dir='ltr'><strong>a</strong></span> <span class='ocrx_word' id='word_1_175' title='bbox 622 2667 783 2733; x_wconf 88' lang='lat' dir='ltr'><strong>longo</strong></span> <span class='ocrx_word' id='word_1_176' title='bbox 833 2663 944 2732; x_wconf 89' lang='lat' dir='ltr'><strong>jam</strong></span> <span class='ocrx_word' id='word_1_177' title='bbox 987 2673 1256 2733; x_wconf 88' lang='lat' dir='ltr'><strong>tempore,</strong></span> <span class='ocrx_word' id='word_1_178' title='bbox 1297 2681 1324 2718; x_wconf 95' lang='lat' dir='ltr'><strong>a</strong></span> <span class='ocrx_word' id='word_1_179' title='bbox 1374 2667 1722 2735; x_wconf 85' lang='lat' dir='ltr'><strong>parentibus,</strong></span> <span class='ocrx_word' id='word_1_180' title='bbox 1777 2667 1921 2730; x_wconf 83' lang='lat' dir='ltr'><strong>ﬁliis,</strong></span> 
     </span>
    </p>
   </div>
   <div class='ocr_carea' id='block_1_29' title="bbox 338 2754 1924 2828">
    <p class='ocr_par' dir='ltr' id='par_1_29' title="bbox 338 2754 1924 2828">
     <span class='ocr_line' id='line_1_29' title="bbox 338 2754 1924 2828; baseline 0.003 -20"><span class='ocrx_word' id='word_1_181' title='bbox 338 2756 559 2824; x_wconf 67' lang='lat' dir='ltr'><strong>altaque</strong></span> <span class='ocrx_word' id='word_1_182' title='bbox 594 2754 806 2807; x_wconf 90' lang='lat' dir='ltr'><strong>ratione</strong></span> <span class='ocrx_word' id='word_1_183' title='bbox 840 2754 1076 2807; x_wconf 78' lang='lat' dir='ltr'><strong>maxime</strong></span> <span class='ocrx_word' id='word_1_184' title='bbox 1125 2756 1454 2810; x_wconf 66' lang='lat' dir='ltr'><strong>necvssariis</strong></span> <span class='ocrx_word' id='word_1_185' title='bbox 1483 2758 1754 2813; x_wconf 75' lang='lat' dir='ltr'><strong>absentes.</strong></span> <span class='ocrx_word' id='word_1_186' title='bbox 1795 2775 1924 2828; x_wconf 87' lang='lat' dir='ltr'><strong>pro-</strong></span> 
     </span>
    </p>
   </div>
   <div class='ocr_carea' id='block_1_30' title="bbox 340 2843 1924 2919">
    <p class='ocr_par' dir='ltr' id='par_1_30' title="bbox 340 2843 1924 2919">
     <span class='ocr_line' id='line_1_30' title="bbox 340 2843 1924 2919; baseline 0.005 -23"><span class='ocrx_word' id='word_1_187' title='bbox 340 2861 448 2914; x_wconf 87' lang='lat' dir='ltr'><strong>que</strong></span> <span class='ocrx_word' id='word_1_188' title='bbox 502 2859 691 2898; x_wconf 89' lang='lat' dir='ltr'><strong>eornm</strong></span> <span class='ocrx_word' id='word_1_189' title='bbox 745 2843 912 2897; x_wconf 91' lang='lat' dir='ltr'><strong>animi</strong></span> <span class='ocrx_word' id='word_1_190' title='bbox 946 2844 1254 2910; x_wconf 83' lang='lat' dir='ltr'><strong>alacritate,</strong></span> <span class='ocrx_word' id='word_1_191' title='bbox 1308 2848 1666 2916; x_wconf 70' lang='lat' dir='ltr'><strong>previdt-nliw</strong></span> <span class='ocrx_word' id='word_1_192' title='bbox 1720 2854 1924 2919; x_wconf 82' lang='lat' dir='ltr'><strong>gratias</strong></span> 
     </span>
    </p>
   </div>
   <div class='ocr_carea' id='block_1_31' title="bbox 338 2934 1921 3009">
    <p class='ocr_par' dir='ltr' id='par_1_31' title="bbox 338 2934 1921 3009">
     <span class='ocr_line' id='line_1_31' title="bbox 338 2934 1921 3009; baseline 0.006 -22"><span class='ocrx_word' id='word_1_193' title='bbox 338 2950 520 3004; x_wconf 79' lang='lat' dir='ltr'><strong>agere,</strong></span> <span class='ocrx_word' id='word_1_194' title='bbox 552 2936 599 2989; x_wconf 90' lang='lat' dir='ltr'><strong>ei</strong></span> <span class='ocrx_word' id='word_1_195' title='bbox 635 2935 811 3005; x_wconf 84' lang='lat' dir='ltr'><strong>palam</strong></span> <span class='ocrx_word' id='word_1_196' title='bbox 855 2934 1051 2989; x_wconf 85' lang='lat' dir='ltr'><strong>horum</strong></span> <span class='ocrx_word' id='word_1_197' title='bbox 1107 2938 1405 2991; x_wconf 85' lang='lat' dir='ltr'><strong>adventum</strong></span> <span class='ocrx_word' id='word_1_198' title='bbox 1448 2951 1728 3009; x_wconf 68' lang='lat' dir='ltr'><strong>accrptum</strong></span> <span class='ocrx_word' id='word_1_199' title='bbox 1779 2944 1921 2997; x_wconf 76' lang='lat' dir='ltr'><strong>refe-</strong></span> 
     </span>
    </p>
   </div>
   <div class='ocr_carea' id='block_1_32' title="bbox 342 3023 1918 3096">
    <p class='ocr_par' dir='ltr' id='par_1_32' title="bbox 342 3023 1918 3096">
     <span class='ocr_line' id='line_1_32' title="bbox 342 3023 1918 3096; baseline 0.006 -21"><span class='ocrx_word' id='word_1_200' title='bbox 342 3034 562 3085; x_wconf 78' lang='lat' dir='ltr'><strong>rentes;</strong></span> <span class='ocrx_word' id='word_1_201' title='bbox 594 3037 703 3075; x_wconf 91' lang='lat' dir='ltr'><strong>non</strong></span> <span class='ocrx_word' id='word_1_202' title='bbox 736 3031 964 3091; x_wconf 83' lang='lat' dir='ltr'><strong>propter</strong></span> <span class='ocrx_word' id='word_1_203' title='bbox 995 3023 1244 3092; x_wconf 73' lang='lat' dir='ltr'><strong>qumdam</strong></span> <span class='ocrx_word' id='word_1_204' title='bbox 1279 3025 1440 3089; x_wconf 77' lang='lat' dir='ltr'><strong>levia,</strong></span> <span class='ocrx_word' id='word_1_205' title='bbox 1473 3041 1702 3096; x_wconf 63' lang='lat' dir='ltr'><strong>qua&#39;que</strong></span> <span class='ocrx_word' id='word_1_206' title='bbox 1735 3029 1918 3086; x_wconf 70' lang='lat' dir='ltr'><strong>forsan</strong></span> 
     </span>
    </p>
   </div>
   <div class='ocr_carea' id='block_1_33' title="bbox 337 3114 1918 3190">
    <p class='ocr_par' dir='ltr' id='par_1_33' title="bbox 337 3114 1918 3190">
     <span class='ocr_line' id='line_1_33' title="bbox 337 3114 1918 3190; baseline 0.004 -21"><span class='ocrx_word' id='word_1_207' title='bbox 337 3115 685 3182; x_wconf 74' lang='lat' dir='ltr'><strong>contingant,</strong></span> <span class='ocrx_word' id='word_1_208' title='bbox 729 3114 871 3168; x_wconf 75' lang='lat' dir='ltr'><strong>forte</strong></span> <span class='ocrx_word' id='word_1_209' title='bbox 919 3130 1029 3168; x_wconf 93' lang='lat' dir='ltr'><strong>non</strong></span> <span class='ocrx_word' id='word_1_210' title='bbox 1083 3116 1431 3186; x_wconf 77' lang='lat' dir='ltr'><strong>contingent,</strong></span> <span class='ocrx_word' id='word_1_211' title='bbox 1483 3119 1658 3187; x_wconf 82' lang='lat' dir='ltr'><strong>ipsius</strong></span> <span class='ocrx_word' id='word_1_212' title='bbox 1697 3137 1918 3190; x_wconf 86' lang='lat' dir='ltr'><strong>quoque</strong></span> 
     </span>
    </p>
   </div>
   <div class='ocr_carea' id='block_1_34' title="bbox 2024 642 3600 714">
    <p class='ocr_par' dir='ltr' id='par_1_34' title="bbox 2024 642 3600 714">
     <span class='ocr_line' id='line_1_34' title="bbox 2024 642 3600 714; baseline -0.003 -14"><span class='ocrx_word' id='word_1_213' title='bbox 2024 647 2082 699; x_wconf 89' lang='grc' dir='ltr'><strong>τί</strong></span> <span class='ocrx_word' id='word_1_214' title='bbox 2120 647 2321 700; x_wconf 76' lang='grc' dir='ltr'>κωλύει</span> <span class='ocrx_word' id='word_1_215' title='bbox 2350 645 2528 699; x_wconf 79' lang='grc' dir='ltr'>ταῦτα</span> <span class='ocrx_word' id='word_1_216' title='bbox 2559 647 2654 698; x_wconf 71' lang='grc' dir='ltr'>καὶ</span> <span class='ocrx_word' id='word_1_217' title='bbox 2700 646 2830 714; x_wconf 79' lang='grc' dir='ltr'>περὶ</span> <span class='ocrx_word' id='word_1_218' title='bbox 2860 645 3070 696; x_wconf 85' lang='grc' dir='ltr'>τούτων</span> <span class='ocrx_word' id='word_1_219' title='bbox 3117 642 3450 709; x_wconf 73' lang='grc' dir='ltr'>ψηφίζεσθαι</span> <span class='ocrx_word' id='word_1_220' title='bbox 3478 658 3491 705; x_wconf 88' lang='lat'><strong>;</strong></span> <span class='ocrx_word' id='word_1_221' title='bbox 3525 643 3600 695; x_wconf 79' lang='grc' dir='ltr'><strong>Οὐ</strong></span> 
     </span>
    </p>
   </div>
   <div class='ocr_carea' id='block_1_35' title="bbox 2025 735 3599 811">
    <p class='ocr_par' dir='ltr' id='par_1_35' title="bbox 2025 735 3599 811">
     <span class='ocr_line' id='line_1_35' title="bbox 2025 735 3599 811; baseline -0.006 -18"><span class='ocrx_word' id='word_1_222' title='bbox 2025 740 2136 811; x_wconf 81' lang='grc' dir='ltr'>γὰρ</span> <span class='ocrx_word' id='word_1_223' title='bbox 2168 740 2343 810; x_wconf 80' lang='grc' dir='ltr'><strong>δήπου</strong></span> <span class='ocrx_word' id='word_1_224' title='bbox 2394 737 2494 807; x_wconf 84' lang='grc' dir='ltr'>τὴν</span> <span class='ocrx_word' id='word_1_225' title='bbox 2550 739 2650 805; x_wconf 78' lang='grc' dir='ltr'>μὲν</span> <span class='ocrx_word' id='word_1_226' title='bbox 2684 739 2793 790; x_wconf 90' lang='grc' dir='ltr'><strong>τῶν</strong></span> <span class='ocrx_word' id='word_1_227' title='bbox 2835 735 3470 805; x_wconf 79' lang='grc' dir='ltr'>Ῥωμαίων-ἡμερότητα</span> <span class='ocrx_word' id='word_1_228' title='bbox 3502 752 3599 798; x_wconf 60' lang='lat' dir='ltr'><strong>gau-</strong></span> 
     </span>
    </p>
   </div>
   <div class='ocr_carea' id='block_1_36' title="bbox 2025 825 3599 899">
    <p class='ocr_par' dir='ltr' id='par_1_36' title="bbox 2025 825 3599 899">
     <span class='ocr_line' id='line_1_36' title="bbox 2025 825 3599 899; baseline -0.004 -15"><span class='ocrx_word' id='word_1_229' title='bbox 2025 831 2319 885; x_wconf 82' lang='grc' dir='ltr'>λάττεσθαι</span> <span class='ocrx_word' id='word_1_230' title='bbox 2346 831 2446 895; x_wconf 89' lang='grc' dir='ltr'>δεῖ,</span> <span class='ocrx_word' id='word_1_231' title='bbox 2479 830 2579 899; x_wconf 84' lang='grc' dir='ltr'>τὴν</span> <span class='ocrx_word' id='word_1_232' title='bbox 2608 831 2666 882; x_wconf 83' lang='grc' dir='ltr'>δὲ</span> <span class='ocrx_word' id='word_1_233' title='bbox 2693 830 2939 882; x_wconf 70' lang='grc' dir='ltr'>Παιόνων</span> <span class='ocrx_word' id='word_1_234' title='bbox 2970 827 3232 896; x_wconf 81' lang='grc' dir='ltr'>ὠμότητα</span> <span class='ocrx_word' id='word_1_235' title='bbox 3290 825 3425 894; x_wconf 82' lang='grc' dir='ltr'><strong>μηδέ</strong></span> <span class='ocrx_word' id='word_1_236' title='bbox 3469 826 3599 878; x_wconf 66' lang='lat' dir='ltr'><strong>tine-</strong></span> 
     </span>
    </p>
   </div>
   <div class='ocr_carea' id='block_1_37' title="bbox 2028 906 3596 989">
    <p class='ocr_par' dir='ltr' id='par_1_37' title="bbox 2028 906 3596 989">
     <span class='ocr_line' id='line_1_37' title="bbox 2028 906 3596 989; baseline -0.006 -13"><span class='ocrx_word' id='word_1_237' title='bbox 2028 922 2280 976; x_wconf 85' lang='grc' dir='ltr'>πτεύειν·</span> <span class='ocrx_word' id='word_1_238' title='bbox 2319 924 2412 974; x_wconf 74' lang='grc' dir='ltr'>καὶ</span> <span class='ocrx_word' id='word_1_239' title='bbox 2441 921 2566 982; x_wconf 79' lang='grc' dir='ltr'>τοὺς</span> <span class='ocrx_word' id='word_1_240' title='bbox 2589 921 2687 989; x_wconf 81' lang='grc' dir='ltr'>μὲν</span> <span class='ocrx_word' id='word_1_241' title='bbox 2713 906 2853 986; x_wconf 82' lang='grc' dir='ltr'>ύπὲρ</span> <span class='ocrx_word' id='word_1_242' title='bbox 2887 919 3044 987; x_wconf 76' lang='grc' dir='ltr'>δόξης</span> <span class='ocrx_word' id='word_1_243' title='bbox 3077 916 3434 986; x_wconf 74' lang='grc' dir='ltr'><strong>προϊεμένους</strong></span> <span class='ocrx_word' id='word_1_244' title='bbox 3473 917 3596 967; x_wconf 82' lang='grc' dir='ltr'>ἐπι-</span> 
     </span>
    </p>
   </div>
   <div class='ocr_carea' id='block_1_38' title="bbox 2027 1002 3598 1082">
    <p class='ocr_par' dir='ltr' id='par_1_38' title="bbox 2027 1002 3598 1082">
     <span class='ocr_line' id='line_1_38' title="bbox 2027 1002 3598 1082; baseline -0.004 -17"><span class='ocrx_word' id='word_1_245' title='bbox 2027 1012 2273 1082; x_wconf 72' lang='grc' dir='ltr'>θυμῆσαι</span> <span class='ocrx_word' id='word_1_246' title='bbox 2341 1011 2566 1080; x_wconf 85' lang='grc' dir='ltr'><strong>νομίσαι</strong></span> <span class='ocrx_word' id='word_1_247' title='bbox 2619 1009 2729 1062; x_wconf 89' lang='grc' dir='ltr'><strong>τῶν</strong></span> <span class='ocrx_word' id='word_1_248' title='bbox 2781 1009 3090 1078; x_wconf 74' lang='grc' dir='ltr'>ἡμετέρων,</span> <span class='ocrx_word' id='word_1_249' title='bbox 3146 1008 3271 1071; x_wconf 76' lang='grc' dir='ltr'>τοὺς</span> <span class='ocrx_word' id='word_1_250' title='bbox 3324 1005 3368 1058; x_wconf 80' lang='grc' dir='ltr'>δ’</span> <span class='ocrx_word' id='word_1_251' title='bbox 3419 1006 3476 1072; x_wconf 81' lang='grc' dir='ltr'><strong>ἐξ</strong></span> <span class='ocrx_word' id='word_1_252' title='bbox 3523 1002 3598 1059; x_wconf 84' lang='grc' dir='ltr'>ὦν</span> 
     </span>
    </p>
   </div>
   <div class='ocr_carea' id='block_1_39' title="bbox 2025 1098 3595 1177">
    <p class='ocr_par' dir='ltr' id='par_1_39' title="bbox 2025 1098 3595 1177">
     <span class='ocr_line' id='line_1_39' title="bbox 2025 1098 3595 1177; baseline -0.004 -21"><span class='ocrx_word' id='word_1_253' title='bbox 2025 1103 2350 1177; x_wconf 78' lang='grc' dir='ltr'>λῃστεύουσι</span> <span class='ocrx_word' id='word_1_254' title='bbox 2381 1103 2474 1155; x_wconf 78' lang='grc' dir='ltr'><strong>καὶ</strong></span> <span class='ocrx_word' id='word_1_255' title='bbox 2508 1103 2832 1156; x_wconf 82' lang='grc' dir='ltr'>κλέπτουσιν</span> <span class='ocrx_word' id='word_1_256' title='bbox 2896 1100 3003 1152; x_wconf 79' lang='grc' dir='ltr'><strong>ἀπὸ</strong></span> <span class='ocrx_word' id='word_1_257' title='bbox 3053 1098 3261 1153; x_wconf 84' lang='grc' dir='ltr'>τούτων</span> <span class='ocrx_word' id='word_1_258' title='bbox 3290 1098 3595 1165; x_wconf 74' lang='grc' dir='ltr'><strong>διάγοντας,</strong></span> 
     </span>
    </p>
   </div>
   <div class='ocr_carea' id='block_1_40' title="bbox 2025 1190 3598 1263">
    <p class='ocr_par' dir='ltr' id='par_1_40' title="bbox 2025 1190 3598 1263">
     <span class='ocr_line' id='line_1_40' title="bbox 2025 1190 3598 1263; baseline -0.004 -15"><span class='ocrx_word' id='word_1_259' title='bbox 2025 1198 2248 1257; x_wconf 88' lang='grc' dir='ltr'>τούτους</span> <span class='ocrx_word' id='word_1_260' title='bbox 2281 1194 2538 1263; x_wconf 71' lang='grc' dir='ltr'>ἐξαίιρνης</span> <span class='ocrx_word' id='word_1_261' title='bbox 2591 1191 2938 1261; x_wconf 82' lang='grc' dir='ltr'><strong>ἀποσχέσθαι</strong></span> <span class='ocrx_word' id='word_1_262' title='bbox 3011 1191 3113 1260; x_wconf 81' lang='grc' dir='ltr'>τῆς</span> <span class='ocrx_word' id='word_1_263' title='bbox 3155 1192 3374 1262; x_wconf 76' lang='grc' dir='ltr'>τέχνης.</span> <span class='ocrx_word' id='word_1_264' title='bbox 3428 1190 3488 1244; x_wconf 84' lang='lat' dir='ltr'><strong>El</strong></span> <span class='ocrx_word' id='word_1_265' title='bbox 3540 1190 3598 1242; x_wconf 80' lang='grc' dir='ltr'><strong>δέ</strong></span> 
     </span>
    </p>
   </div>
   <div class='ocr_carea' id='block_1_41' title="bbox 2026 1282 3602 1356">
    <p class='ocr_par' dir='ltr' id='par_1_41' title="bbox 2026 1282 3602 1356">
     <span class='ocr_line' id='line_1_41' title="bbox 2026 1282 3602 1356; baseline -0.004 -16"><span class='ocrx_word' id='word_1_266' title='bbox 2026 1287 2220 1356; x_wconf 80' lang='grc' dir='ltr'>χιλίοις</span> <span class='ocrx_word' id='word_1_267' title='bbox 2247 1286 2462 1348; x_wconf 81' lang='grc' dir='ltr'><strong>τούτοις</strong></span> <span class='ocrx_word' id='word_1_268' title='bbox 2510 1283 2919 1354; x_wconf 80' lang='grc' dir='ltr'><strong>ἀναμίγνυσθαι</strong></span> <span class='ocrx_word' id='word_1_269' title='bbox 2954 1282 3208 1352; x_wconf 78' lang='grc' dir='ltr'>φοόερὺν,</span> <span class='ocrx_word' id='word_1_270' title='bbox 3249 1282 3364 1343; x_wconf 81' lang='grc' dir='ltr'><strong>πῶς</strong></span> <span class='ocrx_word' id='word_1_271' title='bbox 3401 1282 3463 1334; x_wconf 82' lang='grc' dir='ltr'><strong>οὐ</strong></span> <span class='ocrx_word' id='word_1_272' title='bbox 3502 1299 3602 1349; x_wconf 61' lang='grc' dir='ltr'><strong>φα-</strong></span> 
     </span>
    </p>
   </div>
   <div class='ocr_carea' id='block_1_42' title="bbox 2024 1374 3610 1448">
    <p class='ocr_par' dir='ltr' id='par_1_42' title="bbox 2024 1374 3610 1448">
     <span class='ocr_line' id='line_1_42' title="bbox 2024 1374 3610 1448; baseline -0.004 -15"><span class='ocrx_word' id='word_1_273' title='bbox 2024 1379 2330 1448; x_wconf 84' lang='grc' dir='ltr'>νερώτερον</span> <span class='ocrx_word' id='word_1_274' title='bbox 2378 1378 2439 1430; x_wconf 84' lang='grc' dir='ltr'><strong>τδ</strong></span> <span class='ocrx_word' id='word_1_275' title='bbox 2495 1379 2664 1429; x_wconf 65' lang='grc' dir='ltr'>κακὴν</span> <span class='ocrx_word' id='word_1_276' title='bbox 2715 1379 2774 1430; x_wconf 89' lang='grc' dir='ltr'><strong>ἐν</strong></span> <span class='ocrx_word' id='word_1_277' title='bbox 2823 1379 2938 1440; x_wconf 90' lang='grc' dir='ltr'>τοῖς</span> <span class='ocrx_word' id='word_1_278' title='bbox 2983 1376 3332 1445; x_wconf 87' lang='grc' dir='ltr'>δισμυρίοις;</span> <span class='ocrx_word' id='word_1_279' title='bbox 3371 1375 3478 1427; x_wconf 75' lang='grc' dir='ltr'><strong>Καὶ</strong></span> <span class='ocrx_word' id='word_1_280' title='bbox 3513 1374 3610 1427; x_wconf 78' lang='grc' dir='ltr'><strong>ὅτε</strong></span> 
     </span>
    </p>
   </div>
   <div class='ocr_carea' id='block_1_43' title="bbox 2025 1464 3600 1536">
    <p class='ocr_par' dir='ltr' id='par_1_43' title="bbox 2025 1464 3600 1536">
     <span class='ocr_line' id='line_1_43' title="bbox 2025 1464 3600 1536; baseline -0.004 -11"><span class='ocrx_word' id='word_1_281' title='bbox 2025 1475 2150 1534; x_wconf 72' lang='grc' dir='ltr'>τοὺς</span> <span class='ocrx_word' id='word_1_282' title='bbox 2195 1472 2421 1534; x_wconf 66' lang='grc' dir='ltr'>ἑκόντας</span> <span class='ocrx_word' id='word_1_283' title='bbox 2451 1470 2708 1532; x_wconf 77' lang='grc' dir='ltr'><strong>ἐλθόντας</strong></span> <span class='ocrx_word' id='word_1_284' title='bbox 2748 1469 3012 1526; x_wconf 75' lang='grc' dir='ltr'>ἀπίστους</span> <span class='ocrx_word' id='word_1_285' title='bbox 3039 1464 3180 1520; x_wconf 82' lang='grc' dir='ltr'>εἶναι</span> <span class='ocrx_word' id='word_1_286' title='bbox 3211 1466 3508 1536; x_wconf 83' lang='grc' dir='ltr'>κυροῦμεν,</span> <span class='ocrx_word' id='word_1_287' title='bbox 3547 1467 3600 1518; x_wconf 87' lang='grc' dir='ltr'><strong>τί</strong></span> 
     </span>
    </p>
   </div>
   <div class='ocr_carea' id='block_1_44' title="bbox 2025 1559 3598 1638">
    <p class='ocr_par' dir='ltr' id='par_1_44' title="bbox 2025 1559 3598 1638">
     <span class='ocr_line' id='line_1_44' title="bbox 2025 1559 3598 1638; baseline -0.009 -15"><span class='ocrx_word' id='word_1_288' title='bbox 2025 1567 2134 1638; x_wconf 78' lang='grc' dir='ltr'>χρὴ</span> <span class='ocrx_word' id='word_1_289' title='bbox 2166 1566 2392 1637; x_wconf 73' lang='grc' dir='ltr'>θαρρεῖν</span> <span class='ocrx_word' id='word_1_290' title='bbox 2423 1565 2553 1635; x_wconf 77' lang='grc' dir='ltr'>περὶ</span> <span class='ocrx_word' id='word_1_291' title='bbox 2593 1563 2701 1617; x_wconf 86' lang='grc' dir='ltr'><strong>τῶν</strong></span> <span class='ocrx_word' id='word_1_292' title='bbox 2735 1563 2876 1633; x_wconf 84' lang='grc' dir='ltr'><strong>μετά</strong></span> <span class='ocrx_word' id='word_1_293' title='bbox 2918 1562 3221 1631; x_wconf 81' lang='grc' dir='ltr'>πρεσὸείας</span> <span class='ocrx_word' id='word_1_294' title='bbox 3258 1559 3598 1628; x_wconf 80' lang='grc' dir='ltr'>κληθέντων;</span> 
     </span>
    </p>
   </div>
   <div class='ocr_carea' id='block_1_45' title="bbox 2107 1741 3602 1816">
    <p class='ocr_par' dir='ltr' id='par_1_45' title="bbox 2107 1741 3602 1816">
     <span class='ocr_line' id='line_1_45' title="bbox 2107 1741 3602 1816; baseline -0.01 -11"><span class='ocrx_word' id='word_1_295' title='bbox 2107 1750 2270 1804; x_wconf 78' lang='grc' dir='ltr'>Ἀλλὰ</span> <span class='ocrx_word' id='word_1_296' title='bbox 2300 1747 2472 1802; x_wconf 82' lang='grc' dir='ltr'>ταῦτα</span> <span class='ocrx_word' id='word_1_297' title='bbox 2499 1746 2596 1816; x_wconf 81' lang='grc' dir='ltr'>μὲν</span> <span class='ocrx_word' id='word_1_298' title='bbox 2625 1745 2718 1799; x_wconf 75' lang='grc' dir='ltr'>καὶ</span> <span class='ocrx_word' id='word_1_299' title='bbox 2735 1745 2895 1814; x_wconf 88' lang='grc' dir='ltr'>μόνον</span> <span class='ocrx_word' id='word_1_300' title='bbox 2920 1741 3232 1811; x_wconf 80' lang='grc' dir='ltr'>λογίζεσθαι</span> <span class='ocrx_word' id='word_1_301' title='bbox 3262 1742 3432 1810; x_wconf 80' lang='grc' dir='ltr'><strong>γέλως</strong></span> <span class='ocrx_word' id='word_1_302' title='bbox 3457 1757 3470 1772; x_wconf 77' lang='grc' dir='ltr'><strong><em>ο</em></strong></span> <span class='ocrx_word' id='word_1_303' title='bbox 3501 1758 3602 1793; x_wconf 84' lang='grc' dir='ltr'>σω-</span> 
     </span>
    </p>
   </div>
   <div class='ocr_carea' id='block_1_46' title="bbox 2028 1834 3603 1914">
    <p class='ocr_par' dir='ltr' id='par_1_46' title="bbox 2028 1834 3603 1914">
     <span class='ocr_line' id='line_1_46' title="bbox 2028 1834 3603 1914; baseline -0.009 -18"><span class='ocrx_word' id='word_1_304' title='bbox 2028 1841 2370 1914; x_wconf 82' lang='grc' dir='ltr'>φρονούντων</span> <span class='ocrx_word' id='word_1_305' title='bbox 2395 1840 2439 1892; x_wconf 84' lang='grc' dir='ltr'>δ⁹</span> <span class='ocrx_word' id='word_1_306' title='bbox 2461 1840 2528 1893; x_wconf 83' lang='grc' dir='ltr'><strong>ἂν</strong></span> <span class='ocrx_word' id='word_1_307' title='bbox 2558 1836 2670 1905; x_wconf 80' lang='grc' dir='ltr'>εἴη,</span> <span class='ocrx_word' id='word_1_308' title='bbox 2705 1838 2799 1888; x_wconf 76' lang='grc' dir='ltr'><strong>καὶ</strong></span> <span class='ocrx_word' id='word_1_309' title='bbox 2821 1835 3077 1902; x_wconf 88' lang='grc' dir='ltr'>τοιαύτην</span> <span class='ocrx_word' id='word_1_310' title='bbox 3102 1835 3222 1886; x_wconf 82' lang='grc' dir='ltr'>οἵαν</span> <span class='ocrx_word' id='word_1_311' title='bbox 3259 1835 3420 1902; x_wconf 81' lang='grc' dir='ltr'>ἡμεῖς</span> <span class='ocrx_word' id='word_1_312' title='bbox 3449 1834 3603 1884; x_wconf 84' lang='grc' dir='ltr'>πόλιν</span> 
     </span>
    </p>
   </div>
   <div class='ocr_carea' id='block_1_47' title="bbox 2027 1925 3597 1999">
    <p class='ocr_par' dir='ltr' id='par_1_47' title="bbox 2027 1925 3597 1999">
     <span class='ocr_line' id='line_1_47' title="bbox 2027 1925 3597 1999; baseline -0.01 -9"><span class='ocrx_word' id='word_1_313' title='bbox 2027 1935 2340 1994; x_wconf 83' lang='grc' dir='ltr'>οἰκούντων,</span> <span class='ocrx_word' id='word_1_314' title='bbox 2369 1934 2492 1993; x_wconf 76' lang='grc' dir='ltr'>τοὺς</span> <span class='ocrx_word' id='word_1_315' title='bbox 2523 1931 2621 1999; x_wconf 76' lang='grc' dir='ltr'><strong>μὲν</strong></span> <span class='ocrx_word' id='word_1_316' title='bbox 2650 1927 2821 1982; x_wconf 74' lang='grc' dir='ltr'>ταῦτα</span> <span class='ocrx_word' id='word_1_317' title='bbox 2851 1926 3113 1993; x_wconf 80' lang='grc' dir='ltr'>λέγοντας</span> <span class='ocrx_word' id='word_1_318' title='bbox 3163 1925 3448 1995; x_wconf 61' lang='grc' dir='ltr'>ἐλλεϐόρου</span> <span class='ocrx_word' id='word_1_319' title='bbox 3491 1925 3597 1977; x_wconf 63' lang='grc' dir='ltr'>δεῖ-</span> 
     </span>
    </p>
   </div>
   <div class='ocr_carea' id='block_1_48' title="bbox 2028 2015 3602 2095">
    <p class='ocr_par' dir='ltr' id='par_1_48' title="bbox 2028 2015 3602 2095">
     <span class='ocr_line' id='line_1_48' title="bbox 2028 2015 3602 2095; baseline -0.01 -14"><span class='ocrx_word' id='word_1_320' title='bbox 2028 2029 2152 2081; x_wconf 87' lang='grc' dir='ltr'>σθαι</span> <span class='ocrx_word' id='word_1_321' title='bbox 2184 2025 2428 2095; x_wconf 74' lang='grc' dir='ltr'>νομίζειν</span> <span class='ocrx_word' id='word_1_322' title='bbox 2456 2037 2468 2051; x_wconf 89' lang='lat'><strong>&#39;</strong></span> <span class='ocrx_word' id='word_1_323' title='bbox 2511 2022 2607 2076; x_wconf 76' lang='grc' dir='ltr'><strong>καὶ</strong></span> <span class='ocrx_word' id='word_1_324' title='bbox 2639 2024 2757 2084; x_wconf 87' lang='grc' dir='ltr'>ταῖς</span> <span class='ocrx_word' id='word_1_325' title='bbox 2790 2017 3122 2087; x_wconf 78' lang='grc' dir='ltr'>συμϐουλαῖς</span> <span class='ocrx_word' id='word_1_326' title='bbox 3151 2018 3400 2080; x_wconf 81' lang='grc' dir='ltr'>ταύταις,</span> <span class='ocrx_word' id='word_1_327' title='bbox 3424 2015 3491 2068; x_wconf 78' lang='grc' dir='ltr'><strong>-εἴ</strong></span> <span class='ocrx_word' id='word_1_328' title='bbox 3517 2031 3602 2077; x_wconf 73' lang='grc' dir='ltr'><strong>τις</strong></span> 
     </span>
    </p>
   </div>
   <div class='ocr_carea' id='block_1_49' title="bbox 2027 2109 3600 2201">
    <p class='ocr_par' dir='ltr' id='par_1_49' title="bbox 2027 2109 3600 2201">
     <span class='ocr_line' id='line_1_49' title="bbox 2027 2109 3600 2201; baseline -0.008 -29"><span class='ocrx_word' id='word_1_329' title='bbox 2027 2120 2217 2189; x_wconf 72' lang='grc' dir='ltr'>ἐχθρδς</span> <span class='ocrx_word' id='word_1_330' title='bbox 2245 2119 2376 2201; x_wconf 45' lang='grc' dir='ltr'>ἡμῖν</span> <span class='ocrx_word' id='word_1_331' title='bbox 2405 2116 2513 2183; x_wconf 75' lang='grc' dir='ltr'>εἴη,</span> <span class='ocrx_word' id='word_1_332' title='bbox 2545 2115 2745 2185; x_wconf 83' lang='grc' dir='ltr'>μᾶλλον</span> <span class='ocrx_word' id='word_1_333' title='bbox 2774 2113 3031 2185; x_wconf 72' lang='grc' dir='ltr'>εὔχεσθαι</span> <span class='ocrx_word' id='word_1_334' title='bbox 3061 2111 3375 2164; x_wconf 67' lang='grc' dir='ltr'>πείθεσθαι·</span> <span class='ocrx_word' id='word_1_335' title='bbox 3407 2109 3600 2168; x_wconf 67' lang='grc' dir='ltr'>αὐτοὺς</span> 
     </span>
    </p>
   </div>
   <div class='ocr_carea' id='block_1_50' title="bbox 2025 2199 3602 2280">
    <p class='ocr_par' dir='ltr' id='par_1_50' title="bbox 2025 2199 3602 2280">
     <span class='ocr_line' id='line_1_50' title="bbox 2025 2199 3602 2280; baseline -0.009 -16"><span class='ocrx_word' id='word_1_336' title='bbox 2025 2213 2101 2274; x_wconf 74' lang='grc' dir='ltr'>δὲ,</span> <span class='ocrx_word' id='word_1_337' title='bbox 2127 2211 2237 2263; x_wconf 88' lang='grc' dir='ltr'><strong>τῶν</strong></span> <span class='ocrx_word' id='word_1_338' title='bbox 2261 2199 2652 2280; x_wconf 79' lang='grc' dir='ltr'>προσηκόντων</span> <span class='ocrx_word' id='word_1_339' title='bbox 2684 2207 2966 2274; x_wconf 82' lang='grc' dir='ltr'>λογισμῶν</span> <span class='ocrx_word' id='word_1_340' title='bbox 2996 2203 3329 2272; x_wconf 66' lang='grc' dir='ltr'>ἁψαμένους,</span> <span class='ocrx_word' id='word_1_341' title='bbox 3372 2201 3445 2271; x_wconf 80' lang='grc' dir='ltr'>μὴ</span> <span class='ocrx_word' id='word_1_342' title='bbox 3478 2199 3602 2269; x_wconf 68' lang='grc' dir='ltr'>στῆ-</span> 
     </span>
    </p>
   </div>
   <div class='ocr_carea' id='block_1_51' title="bbox 2025 2295 3598 2374">
    <p class='ocr_par' dir='ltr' id='par_1_51' title="bbox 2025 2295 3598 2374">
     <span class='ocr_line' id='line_1_51' title="bbox 2025 2295 3598 2374; baseline -0.01 -16"><span class='ocrx_word' id='word_1_343' title='bbox 2025 2323 2134 2369; x_wconf 79' lang='grc' dir='ltr'>ναι,</span> <span class='ocrx_word' id='word_1_344' title='bbox 2164 2305 2298 2374; x_wconf 85' lang='grc' dir='ltr'>μηδὲ</span> <span class='ocrx_word' id='word_1_345' title='bbox 2323 2303 2432 2364; x_wconf 83' lang='grc' dir='ltr'>τοῖς</span> <span class='ocrx_word' id='word_1_346' title='bbox 2451 2299 2963 2368; x_wconf 84' lang='grc' dir='ltr'>ἀντιλέγουσινείκῆ</span> <span class='ocrx_word' id='word_1_347' title='bbox 2979 2299 3240 2367; x_wconf 79' lang='grc' dir='ltr'>φλυαρεῖν</span> <span class='ocrx_word' id='word_1_348' title='bbox 3264 2295 3598 2364; x_wconf 84' lang='grc' dir='ltr'>ἐπιτρέπειν,</span> 
     </span>
    </p>
   </div>
   <div class='ocr_carea' id='block_1_52' title="bbox 2023 2384 3604 2460">
    <p class='ocr_par' dir='ltr' id='par_1_52' title="bbox 2023 2384 3604 2460">
     <span class='ocr_line' id='line_1_52' title="bbox 2023 2384 3604 2460; baseline -0.009 -12"><span class='ocrx_word' id='word_1_349' title='bbox 2023 2397 2125 2448; x_wconf 82' lang='grc' dir='ltr'><strong>οὐκ</strong></span> <span class='ocrx_word' id='word_1_350' title='bbox 2151 2390 2246 2448; x_wconf 80' lang='grc' dir='ltr'>οἶδ’</span> <span class='ocrx_word' id='word_1_351' title='bbox 2271 2388 2512 2448; x_wconf 82' lang='grc' dir='ltr'>ὧντινων</span> <span class='ocrx_word' id='word_1_352' title='bbox 2537 2391 2751 2445; x_wconf 74' lang='grc' dir='ltr'>εὖνοιαν</span> <span class='ocrx_word' id='word_1_353' title='bbox 2775 2393 2840 2459; x_wconf 83' lang='grc' dir='ltr'>τῇ</span> <span class='ocrx_word' id='word_1_354' title='bbox 2871 2390 3154 2460; x_wconf 78' lang='grc' dir='ltr'>κενολογὶᾳ</span> <span class='ocrx_word' id='word_1_355' title='bbox 3176 2385 3349 2456; x_wconf 83' lang='grc' dir='ltr'>ταύτῃ</span> <span class='ocrx_word' id='word_1_356' title='bbox 3382 2384 3575 2453; x_wconf 80' lang='grc' dir='ltr'>ποριζο</span> <span class='ocrx_word' id='word_1_357' title='bbox 3593 2411 3604 2424; x_wconf 88' lang='lat'><strong>-</strong></span> 
     </span>
    </p>
   </div>
   <div class='ocr_carea' id='block_1_53' title="bbox 2029 2478 3600 2557">
    <p class='ocr_par' dir='ltr' id='par_1_53' title="bbox 2029 2478 3600 2557">
     <span class='ocr_line' id='line_1_53' title="bbox 2029 2478 3600 2557; baseline -0.01 -16"><span class='ocrx_word' id='word_1_358' title='bbox 2029 2489 2246 2557; x_wconf 83' lang='grc' dir='ltr'>μένοις·</span> <span class='ocrx_word' id='word_1_359' title='bbox 2295 2487 2430 2539; x_wconf 84' lang='grc' dir='ltr'><strong>άλλά</strong></span> <span class='ocrx_word' id='word_1_360' title='bbox 2467 2487 2559 2537; x_wconf 67' lang='grc' dir='ltr'>καὶ</span> <span class='ocrx_word' id='word_1_361' title='bbox 2595 2485 2755 2536; x_wconf 73' lang='grc' dir='ltr'>αὐτὸν</span> <span class='ocrx_word' id='word_1_362' title='bbox 2792 2484 2883 2536; x_wconf 63' lang='grc' dir='ltr'><strong>τὸν</strong></span> <span class='ocrx_word' id='word_1_363' title='bbox 2923 2483 3087 2552; x_wconf 84' lang='grc' dir='ltr'>μέχρι</span> <span class='ocrx_word' id='word_1_364' title='bbox 3144 2481 3244 2547; x_wconf 85' lang='grc' dir='ltr'>τῆς</span> <span class='ocrx_word' id='word_1_365' title='bbox 3294 2478 3600 2548; x_wconf 64' lang='grc' dir='ltr'>σομϐουλῆς</span> 
     </span>
    </p>
   </div>
   <div class='ocr_carea' id='block_1_54' title="bbox 2024 2565 3599 2648">
    <p class='ocr_par' dir='ltr' id='par_1_54' title="bbox 2024 2565 3599 2648">
     <span class='ocr_line' id='line_1_54' title="bbox 2024 2565 3599 2648; baseline -0.009 -18"><span class='ocrx_word' id='word_1_366' title='bbox 2024 2580 2216 2648; x_wconf 84' lang='grc' dir='ltr'>χρόνον</span> <span class='ocrx_word' id='word_1_367' title='bbox 2247 2576 2453 2644; x_wconf 78' lang='grc' dir='ltr'>ζημίαν</span> <span class='ocrx_word' id='word_1_368' title='bbox 2489 2574 2906 2642; x_wconf 75' lang='grc' dir='ltr'>λογισαμένους,</span> <span class='ocrx_word' id='word_1_369' title='bbox 2947 2571 3202 2639; x_wconf 80' lang='grc' dir='ltr'>δέχεσθαι</span> <span class='ocrx_word' id='word_1_370' title='bbox 3237 2569 3460 2630; x_wconf 83' lang='grc' dir='ltr'>τούτους</span> <span class='ocrx_word' id='word_1_371' title='bbox 3489 2565 3599 2618; x_wconf 80' lang='grc' dir='ltr'>ῶσ-</span> 
     </span>
    </p>
   </div>
   <div class='ocr_carea' id='block_1_55' title="bbox 2025 2660 3601 2736">
    <p class='ocr_par' dir='ltr' id='par_1_55' title="bbox 2025 2660 3601 2736">
     <span class='ocr_line' id='line_1_55' title="bbox 2025 2660 3601 2736; baseline -0.008 -14"><span class='ocrx_word' id='word_1_372' title='bbox 2025 2685 2132 2736; x_wconf 89' lang='grc' dir='ltr'><strong>περ</strong></span> <span class='ocrx_word' id='word_1_373' title='bbox 2160 2669 2266 2721; x_wconf 86' lang='grc' dir='ltr'><strong>τῶν</strong></span> <span class='ocrx_word' id='word_1_374' title='bbox 2290 2668 2494 2734; x_wconf 83' lang='grc' dir='ltr'>γονέων</span> <span class='ocrx_word' id='word_1_375' title='bbox 2520 2667 2551 2735; x_wconf 83' lang='grc' dir='ltr'>ἢ</span> <span class='ocrx_word' id='word_1_376' title='bbox 2587 2665 2695 2718; x_wconf 85' lang='grc' dir='ltr'><strong>τῶν</strong></span> <span class='ocrx_word' id='word_1_377' title='bbox 2718 2664 2902 2728; x_wconf 79' lang='grc' dir='ltr'>υἱέων,</span> <span class='ocrx_word' id='word_1_378' title='bbox 2935 2664 2967 2732; x_wconf 82' lang='grc' dir='ltr'>ἦ</span> <span class='ocrx_word' id='word_1_379' title='bbox 2997 2661 3104 2714; x_wconf 85' lang='grc' dir='ltr'><strong>τῶν</strong></span> <span class='ocrx_word' id='word_1_380' title='bbox 3133 2660 3307 2723; x_wconf 80' lang='grc' dir='ltr'>ἄλλως</span> <span class='ocrx_word' id='word_1_381' title='bbox 3333 2660 3601 2714; x_wconf 77' lang='grc' dir='ltr'>οἰκειοτά-</span> 
     </span>
    </p>
   </div>
   <div class='ocr_carea' id='block_1_56' title="bbox 2023 2750 3599 2826">
    <p class='ocr_par' dir='ltr' id='par_1_56' title="bbox 2023 2750 3599 2826">
     <span class='ocr_line' id='line_1_56' title="bbox 2023 2750 3599 2826; baseline -0.006 -15"><span class='ocrx_word' id='word_1_382' title='bbox 2023 2777 2153 2820; x_wconf 82' lang='grc' dir='ltr'>τιυν,</span> <span class='ocrx_word' id='word_1_383' title='bbox 2179 2759 2270 2813; x_wconf 77' lang='grc' dir='ltr'><strong>τὸν</strong></span> <span class='ocrx_word' id='word_1_384' title='bbox 2292 2757 2460 2810; x_wconf 59' lang='grc' dir='ltr'>πολὺν</span> <span class='ocrx_word' id='word_1_385' title='bbox 2485 2756 2682 2826; x_wconf 75' lang='grc' dir='ltr'>χρόνον</span> <span class='ocrx_word' id='word_1_386' title='bbox 2709 2754 3149 2823; x_wconf 73' lang='grc' dir='ltr'>ἀποδημοῦντας,</span> <span class='ocrx_word' id='word_1_387' title='bbox 3179 2755 3271 2805; x_wconf 65' lang='grc' dir='ltr'><strong>καὶ</strong></span> <span class='ocrx_word' id='word_1_388' title='bbox 3296 2755 3395 2820; x_wconf 78' lang='grc' dir='ltr'>τῆς</span> <span class='ocrx_word' id='word_1_389' title='bbox 3423 2750 3599 2804; x_wconf 85' lang='grc' dir='ltr'>αὐτῶν</span> 
     </span>
    </p>
   </div>
   <div class='ocr_carea' id='block_1_57' title="bbox 2025 2841 3596 2921">
    <p class='ocr_par' dir='ltr' id='par_1_57' title="bbox 2025 2841 3596 2921">
     <span class='ocr_line' id='line_1_57' title="bbox 2025 2841 3596 2921; baseline -0.007 -18"><span class='ocrx_word' id='word_1_390' title='bbox 2025 2851 2334 2921; x_wconf 83' lang='grc' dir='ltr'>προθυμίας</span> <span class='ocrx_word' id='word_1_391' title='bbox 2380 2849 2610 2917; x_wconf 86' lang='grc' dir='ltr'>χάριτας</span> <span class='ocrx_word' id='word_1_392' title='bbox 2671 2846 2958 2914; x_wconf 79' lang='grc' dir='ltr'>ὁμολογεῖν</span> <span class='ocrx_word' id='word_1_393' title='bbox 3005 2847 3071 2914; x_wconf 80' lang='grc' dir='ltr'>τῇ</span> <span class='ocrx_word' id='word_1_394' title='bbox 3124 2843 3369 2914; x_wconf 71' lang='grc' dir='ltr'>προνοίᾳ,</span> <span class='ocrx_word' id='word_1_395' title='bbox 3416 2841 3596 2912; x_wconf 82' lang='grc' dir='ltr'>ἐκείνῃ</span> 
     </span>
    </p>
   </div>
   <div class='ocr_carea' id='block_1_58' title="bbox 2026 2932 3596 3009">
    <p class='ocr_par' dir='ltr' id='par_1_58' title="bbox 2026 2932 3596 3009">
     <span class='ocr_line' id='line_1_58' title="bbox 2026 2932 3596 3009; baseline -0.006 -16"><span class='ocrx_word' id='word_1_396' title='bbox 2026 2941 2212 3009; x_wconf 67' lang='grc' dir='ltr'>σαφῶς</span> <span class='ocrx_word' id='word_1_397' title='bbox 2245 2939 2600 3000; x_wconf 84' lang='grc' dir='ltr'>ἀνατιθέντας</span> <span class='ocrx_word' id='word_1_398' title='bbox 2635 2938 2733 3005; x_wconf 79' lang='grc' dir='ltr'><strong>τὴν</strong></span> <span class='ocrx_word' id='word_1_399' title='bbox 2779 2935 2958 2988; x_wconf 79' lang='grc' dir='ltr'>αὐτῶν</span> <span class='ocrx_word' id='word_1_400' title='bbox 2997 2933 3305 3004; x_wconf 82' lang='grc' dir='ltr'>παρουσίαν</span> <span class='ocrx_word' id='word_1_401' title='bbox 3328 2949 3344 2963; x_wconf 74' lang='grc'><strong>⁸</strong></span> <span class='ocrx_word' id='word_1_402' title='bbox 3380 2933 3474 2986; x_wconf 81' lang='grc' dir='ltr'>καὶ</span> <span class='ocrx_word' id='word_1_403' title='bbox 3521 2932 3596 3001; x_wconf 80' lang='grc' dir='ltr'>μὴ</span> 
     </span>
    </p>
   </div>
   <div class='ocr_carea' id='block_1_59' title="bbox 2027 3025 3594 3104">
    <p class='ocr_par' dir='ltr' id='par_1_59' title="bbox 2027 3025 3594 3104">
     <span class='ocr_line' id='line_1_59' title="bbox 2027 3025 3594 3104; baseline -0.006 -19"><span class='ocrx_word' id='word_1_404' title='bbox 2027 3035 2236 3104; x_wconf 80' lang='grc' dir='ltr'>μικρῶν</span> <span class='ocrx_word' id='word_1_405' title='bbox 2252 3051 2410 3085; x_wconf 88' lang='grc' dir='ltr'>τινων</span> <span class='ocrx_word' id='word_1_406' title='bbox 2445 3032 2626 3082; x_wconf 82' lang='grc' dir='ltr'>εἵνεκα</span> <span class='ocrx_word' id='word_1_407' title='bbox 2661 3031 2791 3091; x_wconf 76' lang='grc' dir='ltr'>ἴσως</span> <span class='ocrx_word' id='word_1_408' title='bbox 2839 3029 2936 3096; x_wconf 79' lang='grc' dir='ltr'><strong>μὲν</strong></span> <span class='ocrx_word' id='word_1_409' title='bbox 2971 3027 3429 3096; x_wconf 75' lang='grc' dir='ltr'>συμϐησομένων,</span> <span class='ocrx_word' id='word_1_410' title='bbox 3467 3025 3594 3087; x_wconf 79' lang='grc' dir='ltr'>ἴσως</span> 
     </span>
    </p>
   </div>
   <div class='ocr_carea' id='block_1_60' title="bbox 2022 3117 3597 3195">
    <p class='ocr_par' dir='ltr' id='par_1_60' title="bbox 2022 3117 3597 3195">
     <span class='ocr_line' id='line_1_60' title="bbox 2022 3117 3597 3195; baseline -0.006 -17"><span class='ocrx_word' id='word_1_411' title='bbox 2022 3127 2077 3178; x_wconf 79' lang='grc' dir='ltr'><strong>δε</strong></span> <span class='ocrx_word' id='word_1_412' title='bbox 2131 3128 2224 3195; x_wconf 79' lang='grc' dir='ltr'><strong>μὴ,</strong></span> <span class='ocrx_word' id='word_1_413' title='bbox 2265 3124 2606 3194; x_wconf 74' lang='grc' dir='ltr'>ζημιωθῆναι</span> <span class='ocrx_word' id='word_1_414' title='bbox 2656 3121 2749 3173; x_wconf 76' lang='grc' dir='ltr'><strong>καὶ</strong></span> <span class='ocrx_word' id='word_1_415' title='bbox 2789 3121 2887 3190; x_wconf 80' lang='grc' dir='ltr'>τὴν</span> <span class='ocrx_word' id='word_1_416' title='bbox 2920 3118 3257 3188; x_wconf 85' lang='grc' dir='ltr'>ἐλευθερίαν·</span> <span class='ocrx_word' id='word_1_417' title='bbox 3303 3117 3390 3169; x_wconf 74' lang='grc' dir='ltr'><strong>ἵνα</strong></span> <span class='ocrx_word' id='word_1_418' title='bbox 3432 3117 3597 3186; x_wconf 73' lang='grc' dir='ltr'>μηδὲν</span> 
     </span>
    </p>
   </div>
   <div class='ocr_carea' id='block_1_61' title="bbox 337 3206 1920 3284">
    <p class='ocr_par' dir='ltr' id='par_1_61' title="bbox 337 3206 1917 3280">
     <span class='ocr_line' id='line_1_61' title="bbox 337 3206 1917 3280; baseline 0.005 -20"><span class='ocrx_word' id='word_1_419' title='bbox 337 3208 608 3260; x_wconf 74' lang='lat' dir='ltr'><strong>libertatis</strong></span> <span class='ocrx_word' id='word_1_420' title='bbox 644 3206 906 3273; x_wconf 86' lang='lat' dir='ltr'><strong>iacturam</strong></span> <span class='ocrx_word' id='word_1_421' title='bbox 961 3207 1177 3272; x_wconf 76' lang='lat' dir='ltr'><strong>facere;</strong></span> <span class='ocrx_word' id='word_1_422' title='bbox 1213 3218 1372 3263; x_wconf 89' lang='lat' dir='ltr'><strong>utne</strong></span> <span class='ocrx_word' id='word_1_423' title='bbox 1422 3211 1722 3280; x_wconf 83' lang='lat' dir='ltr'><strong>quidquam</strong></span> <span class='ocrx_word' id='word_1_424' title='bbox 1770 3213 1917 3268; x_wconf 76' lang='lat' dir='ltr'><strong>aliud</strong></span> 
     </span>
    </p>
   </div>
   <div class='ocr_carea' id='block_1_62' title="bbox 2023 3206 3599 3284">
    <p class='ocr_par' dir='ltr' id='par_1_62' title="bbox 2026 3207 3599 3284">
     <span class='ocr_line' id='line_1_62' title="bbox 2026 3207 3599 3284; baseline -0.007 -13"><span class='ocrx_word' id='word_1_425' title='bbox 2026 3218 2153 3272; x_wconf 77' lang='grc' dir='ltr'>ἄλλο</span> <span class='ocrx_word' id='word_1_426' title='bbox 2191 3217 2334 3284; x_wconf 83' lang='grc' dir='ltr'>λέγω</span> <span class='ocrx_word' id='word_1_427' title='bbox 2364 3216 2471 3268; x_wconf 89' lang='grc' dir='ltr'><strong>τῶν</strong></span> <span class='ocrx_word' id='word_1_428' title='bbox 2510 3215 2603 3266; x_wconf 75' lang='grc' dir='ltr'>νῦν</span> <span class='ocrx_word' id='word_1_429' title='bbox 2649 3213 2752 3265; x_wconf 60' lang='grc' dir='ltr'><strong>ύπδ</strong></span> <span class='ocrx_word' id='word_1_430' title='bbox 2787 3213 3023 3274; x_wconf 85' lang='grc' dir='ltr'>πάντων,</span> <span class='ocrx_word' id='word_1_431' title='bbox 3058 3211 3154 3262; x_wconf 72' lang='grc' dir='ltr'><strong>καὶ</strong></span> <span class='ocrx_word' id='word_1_432' title='bbox 3187 3208 3366 3262; x_wconf 79' lang='grc' dir='ltr'>αὐτῶν</span> <span class='ocrx_word' id='word_1_433' title='bbox 3407 3209 3462 3262; x_wconf 78' lang='grc' dir='ltr'>δὲ</span> <span class='ocrx_word' id='word_1_434' title='bbox 3489 3207 3599 3260; x_wconf 71' lang='grc' dir='ltr'><strong>τῶν</strong></span> 
     </span>
    </p>
   </div>
   <div class='ocr_carea' id='block_1_63' title="bbox 338 3299 1917 3366">
    <p class='ocr_par' dir='ltr' id='par_1_63' title="bbox 338 3299 1917 3366">
     <span class='ocr_line' id='line_1_63' title="bbox 338 3299 1917 3366; baseline 0.006 -18"><span class='ocrx_word' id='word_1_435' title='bbox 338 3300 539 3362; x_wconf 78' lang='lat' dir='ltr'><strong>dicam,</strong></span> <span class='ocrx_word' id='word_1_436' title='bbox 599 3312 792 3351; x_wconf 91' lang='lat' dir='ltr'><strong>eorum</strong></span> <span class='ocrx_word' id='word_1_437' title='bbox 845 3313 965 3366; x_wconf 71' lang='lat' dir='ltr'><strong>qute</strong></span> <span class='ocrx_word' id='word_1_438' title='bbox 1017 3299 1295 3354; x_wconf 72' lang='lat' dir='ltr'><strong>universis</strong></span> <span class='ocrx_word' id='word_1_439' title='bbox 1349 3301 1609 3356; x_wconf 74' lang='lat' dir='ltr'><strong>timentur</strong></span> <span class='ocrx_word' id='word_1_440' title='bbox 1663 3304 1811 3359; x_wconf 88' lang='lat' dir='ltr'><strong>velut</strong></span> <span class='ocrx_word' id='word_1_441' title='bbox 1863 3305 1917 3359; x_wconf 92' lang='lat' dir='ltr'><strong>iu</strong></span> 
     </span>
    </p>
   </div>
   <div class='ocr_carea' id='block_1_64' title="bbox 344 3389 1915 3464">
    <p class='ocr_par' dir='ltr' id='par_1_64' title="bbox 344 3389 1915 3464">
     <span class='ocr_line' id='line_1_64' title="bbox 344 3389 1915 3464; baseline 0.004 -21"><span class='ocrx_word' id='word_1_442' title='bbox 344 3389 656 3458; x_wconf 70' lang='lat' dir='ltr'><strong>procinctu,</strong></span> <span class='ocrx_word' id='word_1_443' title='bbox 684 3399 849 3458; x_wconf 87' lang='lat' dir='ltr'><strong>atque</strong></span> <span class='ocrx_word' id='word_1_444' title='bbox 877 3389 1012 3444; x_wconf 85' lang='lat' dir='ltr'><strong>adeo</strong></span> <span class='ocrx_word' id='word_1_445' title='bbox 1038 3389 1141 3443; x_wconf 87' lang='lat' dir='ltr'><strong>illis</strong></span> <span class='ocrx_word' id='word_1_446' title='bbox 1166 3391 1298 3460; x_wconf 87' lang='lat' dir='ltr'><strong>ipsis</strong></span> <span class='ocrx_word' id='word_1_447' title='bbox 1315 3392 1405 3460; x_wconf 90' lang='lat' dir='ltr'><strong>qui</strong></span> <span class='ocrx_word' id='word_1_448' title='bbox 1439 3393 1523 3445; x_wconf 62' lang='lat' dir='ltr'><strong>his</strong></span> <span class='ocrx_word' id='word_1_449' title='bbox 1542 3394 1915 3464; x_wconf 77' lang='lat' dir='ltr'><strong>indignantur.</strong></span> 
     </span>
    </p>
   </div>
   <div class='ocr_carea' id='block_1_65' title="bbox 338 3481 1922 3555">
    <p class='ocr_par' dir='ltr' id='par_1_65' title="bbox 338 3481 1922 3555">
     <span class='ocr_line' id='line_1_65' title="bbox 338 3481 1922 3555; baseline 0.007 -27"><span class='ocrx_word' id='word_1_450' title='bbox 338 3481 584 3550; x_wconf 62' lang='grc' dir='ltr'>ϐοείαιιο</span> <span class='ocrx_word' id='word_1_451' title='bbox 623 3481 768 3534; x_wconf 89' lang='lat' dir='ltr'><strong>enim</strong></span> <span class='ocrx_word' id='word_1_452' title='bbox 802 3496 912 3550; x_wconf 90' lang='lat' dir='ltr'><strong>quo</strong></span> <span class='ocrx_word' id='word_1_453' title='bbox 946 3481 1176 3535; x_wconf 67' lang='lat' dir='ltr'><strong>fortunae</strong></span> <span class='ocrx_word' id='word_1_454' title='bbox 1219 3483 1422 3537; x_wconf 82' lang='lat' dir='ltr'><strong>redacti</strong></span> <span class='ocrx_word' id='word_1_455' title='bbox 1460 3486 1675 3550; x_wconf 90' lang='lat' dir='ltr'><strong>simus;</strong></span> <span class='ocrx_word' id='word_1_456' title='bbox 1721 3487 1922 3555; x_wconf 81' lang='lat' dir='ltr'><strong>quidve</strong></span> 
     </span>
    </p>
   </div>
   <div class='ocr_carea' id='block_1_66' title="bbox 339 3575 1921 3644">
    <p class='ocr_par' dir='ltr' id='par_1_66' title="bbox 339 3575 1921 3644">
     <span class='ocr_line' id='line_1_66' title="bbox 339 3575 1921 3644; baseline 0.002 -16"><span class='ocrx_word' id='word_1_457' title='bbox 339 3575 621 3643; x_wconf 73' lang='lat' dir='ltr'><strong>possimus</strong></span> <span class='ocrx_word' id='word_1_458' title='bbox 655 3589 897 3641; x_wconf 80' lang='lat' dir='ltr'><strong>sperare,</strong></span> <span class='ocrx_word' id='word_1_459' title='bbox 931 3584 989 3626; x_wconf 89' lang='lat' dir='ltr'><strong>ut</strong></span> <span class='ocrx_word' id='word_1_460' title='bbox 1042 3575 1175 3629; x_wconf 89' lang='lat' dir='ltr'><strong>istos</strong></span> <span class='ocrx_word' id='word_1_461' title='bbox 1226 3575 1625 3632; x_wconf 90' lang='lat' dir='ltr'><strong>dimiserimus.</strong></span> <span class='ocrx_word' id='word_1_462' title='bbox 1676 3579 1921 3644; x_wconf 83' lang='lat' dir='ltr'><strong>Quorum</strong></span> 
     </span>
    </p>
   </div>
   <div class='ocr_carea' id='block_1_67' title="bbox 338 3663 1924 3736">
    <p class='ocr_par' dir='ltr' id='par_1_67' title="bbox 338 3663 1924 3736">
     <span class='ocr_line' id='line_1_67' title="bbox 338 3663 1924 3736; baseline 0.004 -20"><span class='ocrx_word' id='word_1_463' title='bbox 338 3665 470 3718; x_wconf 64' lang='lat' dir='ltr'><strong>olim</strong></span> <span class='ocrx_word' id='word_1_464' title='bbox 509 3663 726 3732; x_wconf 87' lang='lat' dir='ltr'><strong>imperii</strong></span> <span class='ocrx_word' id='word_1_465' title='bbox 779 3663 938 3727; x_wconf 82' lang='lat' dir='ltr'><strong>ﬁnes,</strong></span> <span class='ocrx_word' id='word_1_466' title='bbox 975 3664 1072 3733; x_wconf 89' lang='lat' dir='ltr'><strong>ipsi</strong></span> <span class='ocrx_word' id='word_1_467' title='bbox 1110 3676 1270 3721; x_wconf 76' lang='lat' dir='ltr'><strong>erant</strong></span> <span class='ocrx_word' id='word_1_468' title='bbox 1321 3668 1414 3736; x_wconf 90' lang='lat' dir='ltr'><strong>qui</strong></span> <span class='ocrx_word' id='word_1_469' title='bbox 1448 3668 1621 3731; x_wconf 87' lang='lat' dir='ltr'><strong>orbis,</strong></span> <span class='ocrx_word' id='word_1_470' title='bbox 1654 3685 1799 3723; x_wconf 90' lang='lat' dir='ltr'><strong>nunc</strong></span> <span class='ocrx_word' id='word_1_471' title='bbox 1837 3684 1924 3723; x_wconf 89' lang='lat' dir='ltr'><strong>se-</strong></span> 
     </span>
    </p>
   </div>
   <div class='ocr_carea' id='block_1_68' title="bbox 347 3753 1918 3826">
    <p class='ocr_par' dir='ltr' id='par_1_68' title="bbox 347 3753 1918 3826">
     <span class='ocr_line' id='line_1_68' title="bbox 347 3753 1918 3826; baseline 0.003 -18"><span class='ocrx_word' id='word_1_472' title='bbox 347 3755 539 3808; x_wconf 60' lang='lat' dir='ltr'><strong>demus</strong></span> <span class='ocrx_word' id='word_1_473' title='bbox 565 3753 882 3808; x_wconf 83' lang='lat' dir='ltr'><strong>felicitatem</strong></span> <span class='ocrx_word' id='word_1_474' title='bbox 914 3763 1256 3824; x_wconf 83' lang='lat' dir='ltr'><strong>reputantes,</strong></span> <span class='ocrx_word' id='word_1_475' title='bbox 1281 3768 1341 3811; x_wconf 93' lang='lat' dir='ltr'><strong>ut</strong></span> <span class='ocrx_word' id='word_1_476' title='bbox 1367 3759 1489 3826; x_wconf 90' lang='lat' dir='ltr'><strong>quis</strong></span> <span class='ocrx_word' id='word_1_477' title='bbox 1517 3758 1663 3811; x_wconf 86' lang='lat' dir='ltr'><strong>sinat</strong></span> <span class='ocrx_word' id='word_1_478' title='bbox 1690 3759 1918 3814; x_wconf 85' lang='lat' dir='ltr'><strong>servire.</strong></span> 
     </span>
    </p>
   </div>
   <div class='ocr_carea' id='block_1_69' title="bbox 339 3846 1919 3917">
    <p class='ocr_par' dir='ltr' id='par_1_69' title="bbox 339 3846 1919 3917">
     <span class='ocr_line' id='line_1_69' title="bbox 339 3846 1919 3917; baseline 0 -15"><span class='ocrx_word' id='word_1_479' title='bbox 339 3846 483 3902; x_wconf 88' lang='lat' dir='ltr'><strong>Urbs</strong></span> <span class='ocrx_word' id='word_1_480' title='bbox 511 3862 643 3902; x_wconf 85' lang='lat' dir='ltr'><strong>vero</strong></span> <span class='ocrx_word' id='word_1_481' title='bbox 673 3849 836 3917; x_wconf 80' lang='lat' dir='ltr'><strong>longe</strong></span> <span class='ocrx_word' id='word_1_482' title='bbox 867 3849 1246 3904; x_wconf 86' lang='lat' dir='ltr'><strong>universarum</strong></span> <span class='ocrx_word' id='word_1_483' title='bbox 1281 3851 1384 3905; x_wconf 85' lang='lat' dir='ltr'><strong>sub</strong></span> <span class='ocrx_word' id='word_1_484' title='bbox 1411 3851 1552 3904; x_wconf 67' lang='lat' dir='ltr'><strong>caelo</strong></span> <span class='ocrx_word' id='word_1_485' title='bbox 1582 3850 1919 3917; x_wconf 86' lang='lat' dir='ltr'><strong>beatissima,</strong></span> 
     </span>
    </p>
   </div>
   <div class='ocr_carea' id='block_1_70' title="bbox 338 3940 1922 4009">
    <p class='ocr_par' dir='ltr' id='par_1_70' title="bbox 338 3940 1922 4009">
     <span class='ocr_line' id='line_1_70' title="bbox 338 3940 1922 4009; baseline 0 -16"><span class='ocrx_word' id='word_1_486' title='bbox 338 3954 615 4008; x_wconf 82' lang='lat' dir='ltr'><strong>quamque</strong></span> <span class='ocrx_word' id='word_1_487' title='bbox 659 3954 872 4006; x_wconf 76' lang='lat' dir='ltr'><strong>omnes,</strong></span> <span class='ocrx_word' id='word_1_488' title='bbox 921 3941 1223 4009; x_wconf 79' lang='lat' dir='ltr'><strong>gratiarum</strong></span> <span class='ocrx_word' id='word_1_489' title='bbox 1270 3955 1334 3994; x_wconf 92' lang='lat' dir='ltr'><strong>ac</strong></span> <span class='ocrx_word' id='word_1_490' title='bbox 1394 3940 1680 3994; x_wconf 77' lang='lat' dir='ltr'><strong>recreandi</strong></span> <span class='ocrx_word' id='word_1_491' title='bbox 1736 3955 1922 4006; x_wconf 89' lang='lat' dir='ltr'><strong>causa,</strong></span> 
     </span>
    </p>
   </div>
   <div class='ocr_carea' id='block_1_71' title="bbox 340 4028 1922 4097">
    <p class='ocr_par' dir='ltr' id='par_1_71' title="bbox 340 4028 1922 4097">
     <span class='ocr_line' id='line_1_71' title="bbox 340 4028 1922 4097; baseline 0.001 -15"><span class='ocrx_word' id='word_1_492' title='bbox 340 4029 696 4097; x_wconf 76' lang='lat' dir='ltr'><strong>muniticique</strong></span> <span class='ocrx_word' id='word_1_493' title='bbox 750 4029 935 4084; x_wconf 90' lang='lat' dir='ltr'><strong>omnis</strong></span> <span class='ocrx_word' id='word_1_494' title='bbox 963 4039 1214 4091; x_wconf 87' lang='lat' dir='ltr'><strong>ornatus,</strong></span> <span class='ocrx_word' id='word_1_495' title='bbox 1249 4028 1495 4089; x_wconf 83' lang='lat' dir='ltr'><strong>adibant.</strong></span> <span class='ocrx_word' id='word_1_496' title='bbox 1535 4045 1684 4084; x_wconf 92' lang='lat' dir='ltr'><strong>nunc</strong></span> <span class='ocrx_word' id='word_1_497' title='bbox 1729 4031 1922 4084; x_wconf 87' lang='lat' dir='ltr'><strong>incolis</strong></span> 
     </span>
    </p>
   </div>
   <div class='ocr_carea' id='block_1_72' title="bbox 340 4119 1918 4191">
    <p class='ocr_par' dir='ltr' id='par_1_72' title="bbox 340 4119 1918 4191">
     <span class='ocr_line' id='line_1_72' title="bbox 340 4119 1918 4191; baseline -0.001 -16"><span class='ocrx_word' id='word_1_498' title='bbox 340 4124 480 4175; x_wconf 80' lang='lat' dir='ltr'><strong>facta</strong></span> <span class='ocrx_word' id='word_1_499' title='bbox 509 4128 597 4176; x_wconf 88' lang='lat' dir='ltr'><strong>est</strong></span> <span class='ocrx_word' id='word_1_500' title='bbox 619 4134 833 4174; x_wconf 86' lang='lat' dir='ltr'><strong>carcer.</strong></span> <span class='ocrx_word' id='word_1_501' title='bbox 865 4119 1248 4190; x_wconf 87' lang='lat' dir='ltr'><strong>Undcquaque</strong></span> <span class='ocrx_word' id='word_1_502' title='bbox 1278 4119 1447 4175; x_wconf 89' lang='lat' dir='ltr'><strong>habet</strong></span> <span class='ocrx_word' id='word_1_503' title='bbox 1470 4121 1682 4176; x_wconf 79' lang='lat' dir='ltr'><strong>clauses</strong></span> <span class='ocrx_word' id='word_1_504' title='bbox 1711 4130 1918 4191; x_wconf 90' lang='lat' dir='ltr'><strong>portas,</strong></span> 
     </span>
    </p>
   </div>
   <div class='ocr_carea' id='block_1_73' title="bbox 339 4211 1917 4282">
    <p class='ocr_par' dir='ltr' id='par_1_73' title="bbox 339 4211 1917 4282">
     <span class='ocr_line' id='line_1_73' title="bbox 339 4211 1917 4282; baseline 0.002 -18"><span class='ocrx_word' id='word_1_505' title='bbox 339 4227 442 4266; x_wconf 83' lang='lat' dir='ltr'><strong>nec</strong></span> <span class='ocrx_word' id='word_1_506' title='bbox 489 4212 632 4268; x_wconf 90' lang='lat' dir='ltr'><strong>ullus</strong></span> <span class='ocrx_word' id='word_1_507' title='bbox 659 4213 770 4282; x_wconf 80' lang='lat' dir='ltr'><strong>jam</strong></span> <span class='ocrx_word' id='word_1_508' title='bbox 825 4220 942 4266; x_wconf 90' lang='lat' dir='ltr'><strong>tuto</strong></span> <span class='ocrx_word' id='word_1_509' title='bbox 984 4211 1037 4264; x_wconf 89' lang='lat' dir='ltr'><strong>in</strong></span> <span class='ocrx_word' id='word_1_510' title='bbox 1088 4211 1341 4280; x_wconf 88' lang='lat' dir='ltr'><strong>portibus</strong></span> <span class='ocrx_word' id='word_1_511' title='bbox 1391 4213 1684 4267; x_wconf 84' lang='lat' dir='ltr'><strong>stationem</strong></span> <span class='ocrx_word' id='word_1_512' title='bbox 1719 4213 1917 4267; x_wconf 87' lang='lat' dir='ltr'><strong>habet:</strong></span> 
     </span>
    </p>
   </div>
   <div class='ocr_carea' id='block_1_74' title="bbox 340 4300 1918 4372">
    <p class='ocr_par' dir='ltr' id='par_1_74' title="bbox 340 4300 1918 4372">
     <span class='ocr_line' id='line_1_74' title="bbox 340 4300 1918 4372; baseline 0.003 -18"><span class='ocrx_word' id='word_1_513' title='bbox 340 4303 547 4371; x_wconf 88' lang='lat' dir='ltr'><strong>quique</strong></span> <span class='ocrx_word' id='word_1_514' title='bbox 583 4303 864 4372; x_wconf 84' lang='lat' dir='ltr'><strong>appellunt</strong></span> <span class='ocrx_word' id='word_1_515' title='bbox 914 4301 1088 4355; x_wconf 88' lang='lat' dir='ltr'><strong>malos</strong></span> <span class='ocrx_word' id='word_1_516' title='bbox 1133 4300 1268 4355; x_wconf 80' lang='lat' dir='ltr'><strong>foris</strong></span> <span class='ocrx_word' id='word_1_517' title='bbox 1311 4316 1560 4356; x_wconf 86' lang='lat' dir='ltr'><strong>rumores</strong></span> <span class='ocrx_word' id='word_1_518' title='bbox 1607 4303 1918 4369; x_wconf 71' lang='lat' dir='ltr'><strong>aﬂerentes,</strong></span> 
     </span>
    </p>
   </div>
   <div class='ocr_carea' id='block_1_75' title="bbox 338 4394 1916 4465">
    <p class='ocr_par' dir='ltr' id='par_1_75' title="bbox 338 4394 1916 4465">
     <span class='ocr_line' id='line_1_75' title="bbox 338 4394 1916 4465; baseline 0.003 -18"><span class='ocrx_word' id='word_1_519' title='bbox 338 4395 500 4464; x_wconf 77' lang='lat' dir='ltr'><strong>longe</strong></span> <span class='ocrx_word' id='word_1_520' title='bbox 556 4395 740 4465; x_wconf 84' lang='lat' dir='ltr'><strong>pejora</strong></span> <span class='ocrx_word' id='word_1_521' title='bbox 789 4396 937 4447; x_wconf 89' lang='lat' dir='ltr'><strong>intus</strong></span> <span class='ocrx_word' id='word_1_522' title='bbox 973 4394 1360 4462; x_wconf 72' lang='lat' dir='ltr'><strong>esperiuntur.</strong></span> <span class='ocrx_word' id='word_1_523' title='bbox 1406 4396 1676 4450; x_wconf 67' lang='lat' dir='ltr'><strong>Caeterum</strong></span> <span class='ocrx_word' id='word_1_524' title='bbox 1737 4398 1916 4464; x_wconf 89' lang='lat' dir='ltr'><strong>nobis,</strong></span> 
     </span>
    </p>
   </div>
   <div class='ocr_carea' id='block_1_76' title="bbox 341 4485 1916 4558">
    <p class='ocr_par' dir='ltr' id='par_1_76' title="bbox 341 4485 1916 4558">
     <span class='ocr_line' id='line_1_76' title="bbox 341 4485 1916 4558; baseline 0.005 -22"><span class='ocrx_word' id='word_1_525' title='bbox 341 4487 484 4538; x_wconf 74' lang='lat' dir='ltr'><strong>intra</strong></span> <span class='ocrx_word' id='word_1_526' title='bbox 523 4485 746 4554; x_wconf 89' lang='lat' dir='ltr'><strong>quidem</strong></span> <span class='ocrx_word' id='word_1_527' title='bbox 785 4499 996 4549; x_wconf 91' lang='lat' dir='ltr'><strong>muros,</strong></span> <span class='ocrx_word' id='word_1_528' title='bbox 1029 4485 1260 4550; x_wconf 89' lang='lat' dir='ltr'><strong>clamor,</strong></span> <span class='ocrx_word' id='word_1_529' title='bbox 1316 4495 1549 4556; x_wconf 79' lang='lat' dir='ltr'><strong>egestas,</strong></span> <span class='ocrx_word' id='word_1_530' title='bbox 1598 4499 1916 4558; x_wconf 85' lang='lat' dir='ltr'><strong>paupertas,</strong></span> 
     </span>
    </p>
   </div>
   <div class='ocr_carea' id='block_1_77' title="bbox 2025 3300 3597 3377">
    <p class='ocr_par' dir='ltr' id='par_1_77' title="bbox 2025 3300 3597 3377">
     <span class='ocr_line' id='line_1_77' title="bbox 2025 3300 3597 3377; baseline -0.006 -14"><span class='ocrx_word' id='word_1_531' title='bbox 2025 3312 2233 3371; x_wconf 70' lang='grc' dir='ltr'>τούτοις</span> <span class='ocrx_word' id='word_1_532' title='bbox 2265 3308 2602 3377; x_wconf 70' lang='grc' dir='ltr'>ἀχθομένων,</span> <span class='ocrx_word' id='word_1_533' title='bbox 2637 3303 3124 3374; x_wconf 84' lang='grc' dir='ltr'>προσδοκωμένων.</span> <span class='ocrx_word' id='word_1_534' title='bbox 3160 3300 3461 3369; x_wconf 85' lang='grc' dir='ltr'>Λογίσασθε</span> <span class='ocrx_word' id='word_1_535' title='bbox 3488 3300 3597 3370; x_wconf 78' lang='grc' dir='ltr'>γὰρ</span> 
     </span>
    </p>
   </div>
   <div class='ocr_carea' id='block_1_78' title="bbox 2024 3392 3592 3469">
    <p class='ocr_par' dir='ltr' id='par_1_78' title="bbox 2024 3392 3592 3469">
     <span class='ocr_line' id='line_1_78' title="bbox 2024 3392 3592 3469; baseline -0.007 -16"><span class='ocrx_word' id='word_1_536' title='bbox 2024 3397 2084 3453; x_wconf 72' lang='grc' dir='ltr'>οὗ</span> <span class='ocrx_word' id='word_1_537' title='bbox 2142 3401 2241 3469; x_wconf 80' lang='grc' dir='ltr'><strong>μὲν</strong></span> <span class='ocrx_word' id='word_1_538' title='bbox 2291 3400 2386 3450; x_wconf 71' lang='grc' dir='ltr'>νῦν</span> <span class='ocrx_word' id='word_1_539' title='bbox 2438 3399 2606 3466; x_wconf 64' lang='grc' dir='ltr'>τύχης</span> <span class='ocrx_word' id='word_1_540' title='bbox 2667 3396 2871 3464; x_wconf 83' lang='grc' dir='ltr'>ἐσμέν·</span> <span class='ocrx_word' id='word_1_541' title='bbox 2931 3394 2982 3447; x_wconf 91' lang='grc' dir='ltr'><strong>τί</strong></span> <span class='ocrx_word' id='word_1_542' title='bbox 3032 3394 3074 3446; x_wconf 84' lang='grc' dir='ltr'>δ’</span> <span class='ocrx_word' id='word_1_543' title='bbox 3142 3394 3287 3444; x_wconf 81' lang='grc' dir='ltr'>ἔστιν</span> <span class='ocrx_word' id='word_1_544' title='bbox 3338 3392 3592 3456; x_wconf 79' lang='grc' dir='ltr'>ἐλπίζειν,</span> 
     </span>
    </p>
   </div>
   <div class='ocr_carea' id='block_1_79' title="bbox 2025 3483 3596 3560">
    <p class='ocr_par' dir='ltr' id='par_1_79' title="bbox 2025 3483 3596 3560">
     <span class='ocr_line' id='line_1_79' title="bbox 2025 3483 3596 3560; baseline -0.007 -13"><span class='ocrx_word' id='word_1_545' title='bbox 2025 3497 2117 3547; x_wconf 73' lang='grc' dir='ltr'><strong>ἐὰν</strong></span> <span class='ocrx_word' id='word_1_546' title='bbox 2149 3495 2371 3553; x_wconf 86' lang='grc' dir='ltr'>τούτους</span> <span class='ocrx_word' id='word_1_547' title='bbox 2417 3488 2732 3560; x_wconf 82' lang='grc' dir='ltr'>προώμεθα.</span> <span class='ocrx_word' id='word_1_548' title='bbox 2767 3483 2863 3550; x_wconf 73' lang='grc' dir='ltr'><strong>Οἷς</strong></span> <span class='ocrx_word' id='word_1_549' title='bbox 2897 3487 2995 3557; x_wconf 72' lang='grc' dir='ltr'><strong>μὲν</strong></span> <span class='ocrx_word' id='word_1_550' title='bbox 3035 3489 3249 3556; x_wconf 79' lang='grc' dir='ltr'>πέρατα</span> <span class='ocrx_word' id='word_1_551' title='bbox 3293 3488 3390 3552; x_wconf 76' lang='grc' dir='ltr'>τῆς</span> <span class='ocrx_word' id='word_1_552' title='bbox 3421 3485 3596 3556; x_wconf 80' lang='grc' dir='ltr'>ἀρχῆς</span> 
     </span>
    </p>
   </div>
   <div class='ocr_carea' id='block_1_80' title="bbox 2023 3579 3588 3654">
    <p class='ocr_par' dir='ltr' id='par_1_80' title="bbox 2023 3579 3588 3654">
     <span class='ocr_line' id='line_1_80' title="bbox 2023 3579 3588 3654; baseline -0.006 -14"><span class='ocrx_word' id='word_1_553' title='bbox 2023 3587 2058 3640; x_wconf 77' lang='grc' dir='ltr'>ἂ</span> <span class='ocrx_word' id='word_1_554' title='bbox 2089 3588 2304 3654; x_wconf 75' lang='grc' dir='ltr'>καὶτῆς</span> <span class='ocrx_word' id='word_1_555' title='bbox 2334 3586 2662 3652; x_wconf 69' lang='grc' dir='ltr'>οἰκουμένης</span> <span class='ocrx_word' id='word_1_556' title='bbox 2693 3583 2940 3650; x_wconf 78' lang='grc' dir='ltr'>ὑπῆρχεν</span> <span class='ocrx_word' id='word_1_557' title='bbox 2974 3581 3127 3648; x_wconf 75' lang='grc' dir='ltr'>ἡμῖν,</span> <span class='ocrx_word' id='word_1_558' title='bbox 3157 3579 3250 3633; x_wconf 83' lang='grc' dir='ltr'>νῦν</span> <span class='ocrx_word' id='word_1_559' title='bbox 3281 3580 3588 3647; x_wconf 61' lang='grc' dir='ltr'>καθήμεθα,</span> 
     </span>
    </p>
   </div>
   <div class='ocr_carea' id='block_1_81' title="bbox 2025 3669 3596 3745">
    <p class='ocr_par' dir='ltr' id='par_1_81' title="bbox 2025 3669 3596 3745">
     <span class='ocr_line' id='line_1_81' title="bbox 2025 3669 3596 3745; baseline -0.003 -18"><span class='ocrx_word' id='word_1_560' title='bbox 2025 3679 2078 3729; x_wconf 83' lang='grc' dir='ltr'><strong>εῐ</strong></span> <span class='ocrx_word' id='word_1_561' title='bbox 2099 3694 2178 3738; x_wconf 82' lang='grc' dir='ltr'><strong>τις</strong></span> <span class='ocrx_word' id='word_1_562' title='bbox 2214 3678 2279 3745; x_wconf 76' lang='grc' dir='ltr'>ἐᾳ</span> <span class='ocrx_word' id='word_1_563' title='bbox 2298 3674 2568 3727; x_wconf 71' lang='grc' dir='ltr'>δουλεύειν</span> <span class='ocrx_word' id='word_1_564' title='bbox 2591 3673 2938 3738; x_wconf 77' lang='grc' dir='ltr'>εὐδαιμονίαν</span> <span class='ocrx_word' id='word_1_565' title='bbox 2973 3671 3286 3740; x_wconf 80' lang='grc' dir='ltr'>ἡγούμενοι.</span> <span class='ocrx_word' id='word_1_566' title='bbox 3325 3670 3390 3726; x_wconf 84' lang='grc' dir='ltr'>Ἠ</span> <span class='ocrx_word' id='word_1_567' title='bbox 3415 3671 3470 3722; x_wconf 90' lang='grc' dir='ltr'><strong>δέ</strong></span> <span class='ocrx_word' id='word_1_568' title='bbox 3487 3669 3596 3723; x_wconf 83' lang='grc' dir='ltr'><strong>τῶν</strong></span> 
     </span>
    </p>
   </div>
   <div class='ocr_carea' id='block_1_82' title="bbox 2025 3761 3594 3836">
    <p class='ocr_par' dir='ltr' id='par_1_82' title="bbox 2025 3761 3594 3836">
     <span class='ocr_line' id='line_1_82' title="bbox 2025 3761 3594 3836; baseline -0.006 -16"><span class='ocrx_word' id='word_1_569' title='bbox 2025 3768 2130 3821; x_wconf 77' lang='grc' dir='ltr'>ὑπὸ</span> <span class='ocrx_word' id='word_1_570' title='bbox 2157 3769 2242 3820; x_wconf 69' lang='grc' dir='ltr'>τὸν</span> <span class='ocrx_word' id='word_1_571' title='bbox 2273 3768 2503 3836; x_wconf 73' lang='grc' dir='ltr'>οὐρανὸν</span> <span class='ocrx_word' id='word_1_572' title='bbox 2533 3765 2744 3818; x_wconf 87' lang='grc' dir='ltr'>πόλεων</span> <span class='ocrx_word' id='word_1_573' title='bbox 2775 3762 3257 3831; x_wconf 83' lang='grc' dir='ltr'>εὐδαιμονεστάτη,</span> <span class='ocrx_word' id='word_1_574' title='bbox 3290 3763 3385 3816; x_wconf 79' lang='grc' dir='ltr'><strong>καὶ</strong></span> <span class='ocrx_word' id='word_1_575' title='bbox 3414 3761 3499 3830; x_wconf 66' lang='grc' dir='ltr'><strong>ἐφ’</strong></span> <span class='ocrx_word' id='word_1_576' title='bbox 3528 3763 3594 3830; x_wconf 70' lang='grc' dir='ltr'>ἣν</span> 
     </span>
    </p>
   </div>
   <div class='ocr_carea' id='block_1_83' title="bbox 2025 3837 3597 3926">
    <p class='ocr_par' dir='ltr' id='par_1_83' title="bbox 2025 3837 3597 3926">
     <span class='ocr_line' id='line_1_83' title="bbox 2025 3837 3597 3926; baseline -0.006 -15"><span class='ocrx_word' id='word_1_577' title='bbox 2025 3858 2223 3918; x_wconf 76' lang='grc' dir='ltr'>πάντες</span> <span class='ocrx_word' id='word_1_578' title='bbox 2254 3837 2489 3926; x_wconf 75' lang='grc' dir='ltr'>χαρίτων</span> <span class='ocrx_word' id='word_1_579' title='bbox 2515 3855 2678 3912; x_wconf 75' lang='grc' dir='ltr'>ἕνεκα</span> <span class='ocrx_word' id='word_1_580' title='bbox 2709 3857 2802 3908; x_wconf 79' lang='grc' dir='ltr'>καὶ</span> <span class='ocrx_word' id='word_1_581' title='bbox 2831 3854 3073 3924; x_wconf 83' lang='grc' dir='ltr'>τέρψεως</span> <span class='ocrx_word' id='word_1_582' title='bbox 3104 3855 3198 3908; x_wconf 74' lang='grc' dir='ltr'><strong>καὶ</strong></span> <span class='ocrx_word' id='word_1_583' title='bbox 3227 3856 3322 3922; x_wconf 84' lang='grc' dir='ltr'><strong>τῆς</strong></span> <span class='ocrx_word' id='word_1_584' title='bbox 3351 3853 3597 3922; x_wconf 47' lang='grc' dir='ltr'>διᾶοπάν-</span> 
     </span>
    </p>
   </div>
   <div class='ocr_carea' id='block_1_84' title="bbox 2024 3943 3590 4017">
    <p class='ocr_par' dir='ltr' id='par_1_84' title="bbox 2024 3943 3590 4017">
     <span class='ocr_line' id='line_1_84' title="bbox 2024 3943 3590 4017; baseline -0.006 -14"><span class='ocrx_word' id='word_1_585' title='bbox 2024 3966 2132 4003; x_wconf 84' lang='grc' dir='ltr'><strong>των</strong></span> <span class='ocrx_word' id='word_1_586' title='bbox 2180 3947 2477 4017; x_wconf 76' lang='grc' dir='ltr'>ἁϐρότητος</span> <span class='ocrx_word' id='word_1_587' title='bbox 2503 3947 2755 4016; x_wconf 70' lang='grc' dir='ltr'>ἧλαυνον,</span> <span class='ocrx_word' id='word_1_588' title='bbox 2807 3945 2997 4016; x_wconf 81' lang='grc' dir='ltr'>εἱρκτὴ</span> <span class='ocrx_word' id='word_1_589' title='bbox 3049 3943 3141 3999; x_wconf 81' lang='grc' dir='ltr'>νῦν</span> <span class='ocrx_word' id='word_1_590' title='bbox 3169 3947 3283 4008; x_wconf 86' lang='grc' dir='ltr'>τοῖς</span> <span class='ocrx_word' id='word_1_591' title='bbox 3317 3947 3590 4013; x_wconf 71' lang='grc' dir='ltr'>οἰκήτορσι</span> 
     </span>
    </p>
   </div>
   <div class='ocr_carea' id='block_1_85' title="bbox 2023 4035 3592 4109">
    <p class='ocr_par' dir='ltr' id='par_1_85' title="bbox 2023 4035 3592 4109">
     <span class='ocr_line' id='line_1_85' title="bbox 2023 4035 3592 4109; baseline -0.005 -17"><span class='ocrx_word' id='word_1_592' title='bbox 2023 4041 2234 4109; x_wconf 85' lang='grc' dir='ltr'>γέγονε.</span> <span class='ocrx_word' id='word_1_593' title='bbox 2261 4040 2582 4094; x_wconf 83' lang='grc' dir='ltr'>Κέκλεινται</span> <span class='ocrx_word' id='word_1_594' title='bbox 2615 4037 2715 4105; x_wconf 78' lang='grc' dir='ltr'><strong>μέν</strong></span> <span class='ocrx_word' id='word_1_595' title='bbox 2741 4037 3012 4108; x_wconf 83' lang='grc' dir='ltr'>γὰράὺτῇ</span> <span class='ocrx_word' id='word_1_596' title='bbox 3042 4036 3379 4106; x_wconf 77' lang='grc' dir='ltr'>πανταχόθεν</span> <span class='ocrx_word' id='word_1_597' title='bbox 3405 4035 3460 4088; x_wconf 75' lang='grc' dir='ltr'>αἱ</span> <span class='ocrx_word' id='word_1_598' title='bbox 3491 4035 3592 4086; x_wconf 77' lang='lat' dir='ltr'><strong>mi-</strong></span> 
     </span>
    </p>
   </div>
   <div class='ocr_carea' id='block_1_86' title="bbox 2023 4127 3593 4199">
    <p class='ocr_par' dir='ltr' id='par_1_86' title="bbox 2023 4127 3593 4199">
     <span class='ocr_line' id='line_1_86' title="bbox 2023 4127 3593 4199; baseline -0.004 -15"><span class='ocrx_word' id='word_1_599' title='bbox 2023 4131 2112 4184; x_wconf 88' lang='grc' dir='ltr'><strong>λαι</strong></span> <span class='ocrx_word' id='word_1_600' title='bbox 2137 4148 2150 4163; x_wconf 87' lang='grc'><strong>·</strong></span> <span class='ocrx_word' id='word_1_601' title='bbox 2184 4130 2358 4192; x_wconf 73' lang='grc' dir='ltr'>οὐδεὶς</span> <span class='ocrx_word' id='word_1_602' title='bbox 2387 4131 2445 4183; x_wconf 85' lang='grc' dir='ltr'>δὲ</span> <span class='ocrx_word' id='word_1_603' title='bbox 2482 4129 2749 4182; x_wconf 84' lang='grc' dir='ltr'>κινδύνων</span> <span class='ocrx_word' id='word_1_604' title='bbox 2780 4130 2949 4198; x_wconf 77' lang='grc' dir='ltr'>χωρὶς</span> <span class='ocrx_word' id='word_1_605' title='bbox 2975 4127 3332 4199; x_wconf 76' lang='grc' dir='ltr'>ἐπιχωριάζει</span> <span class='ocrx_word' id='word_1_606' title='bbox 3365 4127 3456 4180; x_wconf 82' lang='grc' dir='ltr'>τοῦ</span> <span class='ocrx_word' id='word_1_607' title='bbox 3486 4127 3593 4178; x_wconf 73' lang='grc' dir='ltr'>λοιο</span> 
     </span>
    </p>
   </div>
   <div class='ocr_carea' id='block_1_87' title="bbox 2022 4217 3610 4289">
    <p class='ocr_par' dir='ltr' id='par_1_87' title="bbox 2022 4217 3610 4289">
     <span class='ocr_line' id='line_1_87' title="bbox 2022 4217 3610 4289; baseline -0.003 -15"><span class='ocrx_word' id='word_1_608' title='bbox 2022 4222 2128 4274; x_wconf 76' lang='grc' dir='ltr'><strong>ποῦ</strong></span> <span class='ocrx_word' id='word_1_609' title='bbox 2164 4222 2275 4284; x_wconf 90' lang='grc' dir='ltr'>τοῖς</span> <span class='ocrx_word' id='word_1_610' title='bbox 2308 4220 2493 4288; x_wconf 89' lang='grc' dir='ltr'>λιμέσι</span> <span class='ocrx_word' id='word_1_611' title='bbox 2520 4237 2534 4252; x_wconf 76' lang='grc' dir='ltr'><strong><em>ο</em></strong></span> <span class='ocrx_word' id='word_1_612' title='bbox 2568 4221 2663 4273; x_wconf 77' lang='grc' dir='ltr'><strong>καὶ</strong></span> <span class='ocrx_word' id='word_1_613' title='bbox 2700 4221 2749 4272; x_wconf 90' lang='grc' dir='ltr'>οἱ</span> <span class='ocrx_word' id='word_1_614' title='bbox 2779 4220 3154 4289; x_wconf 83' lang='grc' dir='ltr'>καταίροντες,</span> <span class='ocrx_word' id='word_1_615' title='bbox 3191 4218 3434 4288; x_wconf 82' lang='grc' dir='ltr'>πονηρὰς</span> <span class='ocrx_word' id='word_1_616' title='bbox 3465 4217 3610 4284; x_wconf 69' lang='grc' dir='ltr'>ἐξω-ι</span> 
     </span>
    </p>
   </div>
   <div class='ocr_carea' id='block_1_88' title="bbox 2023 4309 3590 4382">
    <p class='ocr_par' dir='ltr' id='par_1_88' title="bbox 2023 4309 3590 4382">
     <span class='ocr_line' id='line_1_88' title="bbox 2023 4309 3590 4382; baseline -0.004 -16"><span class='ocrx_word' id='word_1_617' title='bbox 2023 4313 2114 4366; x_wconf 87' lang='grc' dir='ltr'><strong>θεν</strong></span> <span class='ocrx_word' id='word_1_618' title='bbox 2165 4312 2491 4382; x_wconf 86' lang='grc' dir='ltr'>κομίσαντες</span> <span class='ocrx_word' id='word_1_619' title='bbox 2549 4312 2758 4381; x_wconf 79' lang='grc' dir='ltr'>φήμας,</span> <span class='ocrx_word' id='word_1_620' title='bbox 2799 4310 3060 4381; x_wconf 85' lang='grc' dir='ltr'>χειρόνων</span> <span class='ocrx_word' id='word_1_621' title='bbox 3102 4311 3257 4380; x_wconf 90' lang='grc' dir='ltr'><strong>παρά</strong></span> <span class='ocrx_word' id='word_1_622' title='bbox 3295 4309 3590 4364; x_wconf 78' lang='grc' dir='ltr'>πολὺ”τῶν</span> 
     </span>
    </p>
   </div>
   <div class='ocr_carea' id='block_1_89' title="bbox 2024 4399 3587 4472">
    <p class='ocr_par' dir='ltr' id='par_1_89' title="bbox 2024 4399 3587 4472">
     <span class='ocr_line' id='line_1_89' title="bbox 2024 4399 3587 4472; baseline -0.003 -16"><span class='ocrx_word' id='word_1_623' title='bbox 2024 4403 2168 4456; x_wconf 75' lang='grc' dir='ltr'>ἔνδον</span> <span class='ocrx_word' id='word_1_624' title='bbox 2203 4404 2522 4470; x_wconf 86' lang='grc' dir='ltr'>πειρῶνται.</span> <span class='ocrx_word' id='word_1_625' title='bbox 2575 4402 2738 4472; x_wconf 81' lang='grc' dir='ltr'>Ἡμῖν</span> <span class='ocrx_word' id='word_1_626' title='bbox 2760 4403 2817 4456; x_wconf 89' lang='grc' dir='ltr'><strong>δέ</strong></span> <span class='ocrx_word' id='word_1_627' title='bbox 2854 4402 2924 4454; x_wconf 77' lang='grc' dir='ltr'>τὰ</span> <span class='ocrx_word' id='word_1_628' title='bbox 2960 4402 3060 4470; x_wconf 85' lang='grc' dir='ltr'>μὲν</span> <span class='ocrx_word' id='word_1_629' title='bbox 3091 4400 3225 4454; x_wconf 76' lang='grc' dir='ltr'>εἴσω</span> <span class='ocrx_word' id='word_1_630' title='bbox 3246 4401 3442 4470; x_wconf 83' lang='grc' dir='ltr'>τειχῶν</span> <span class='ocrx_word' id='word_1_631' title='bbox 3469 4399 3587 4470; x_wconf 77' lang='grc' dir='ltr'>βοὴ,</span> 
     </span>
    </p>
   </div>
   <div class='ocr_carea' id='block_1_90' title="bbox 2024 4490 3590 4565">
    <p class='ocr_par' dir='ltr' id='par_1_90' title="bbox 2024 4490 3590 4565">
     <span class='ocr_line' id='line_1_90' title="bbox 2024 4490 3590 4565; baseline -0.002 -18"><span class='ocrx_word' id='word_1_632' title='bbox 2024 4495 2120 4547; x_wconf 73' lang='grc' dir='ltr'><strong>καὶ</strong></span> <span class='ocrx_word' id='word_1_633' title='bbox 2145 4493 2410 4565; x_wconf 87' lang='grc' dir='ltr'>πτωχεία,</span> <span class='ocrx_word' id='word_1_634' title='bbox 2445 4495 2541 4545; x_wconf 72' lang='grc' dir='ltr'>καὶ</span> <span class='ocrx_word' id='word_1_635' title='bbox 2565 4493 2746 4556; x_wconf 86' lang='grc' dir='ltr'>πενία,</span> <span class='ocrx_word' id='word_1_636' title='bbox 2777 4492 2869 4545; x_wconf 70' lang='grc' dir='ltr'><strong>καὶ</strong></span> <span class='ocrx_word' id='word_1_637' title='bbox 2901 4493 3146 4562; x_wconf 83' lang='grc' dir='ltr'>δάκρυα·</span> <span class='ocrx_word' id='word_1_638' title='bbox 3177 4492 3244 4545; x_wconf 85' lang='grc' dir='ltr'>τὰ</span> <span class='ocrx_word' id='word_1_639' title='bbox 3271 4491 3314 4544; x_wconf 80' lang='grc' dir='ltr'>δ’</span> <span class='ocrx_word' id='word_1_640' title='bbox 3341 4490 3448 4556; x_wconf 81' lang='grc' dir='ltr'><strong>ἐξω</strong></span> <span class='ocrx_word' id='word_1_641' title='bbox 3479 4492 3590 4555; x_wconf 79' lang='grc' dir='ltr'>τοῖς</span> 
     </span>
    </p>
   </div>
   <div class='ocr_carea' id='block_1_91' title="bbox 338 4562 1920 4651">
    <p class='ocr_par' dir='ltr' id='par_1_91' title="bbox 338 4574 1914 4645">
     <span class='ocr_line' id='line_1_91' title="bbox 338 4574 1914 4645; baseline 0.001 -17"><span class='ocrx_word' id='word_1_642' title='bbox 338 4576 594 4645; x_wconf 67' lang='lat' dir='ltr'><strong>licrymm</strong></span> <span class='ocrx_word' id='word_1_643' title='bbox 621 4595 636 4639; x_wconf 86' lang='lat'><strong>;</strong></span> <span class='ocrx_word' id='word_1_644' title='bbox 677 4584 830 4628; x_wconf 84' lang='lat' dir='ltr'><strong>extra</strong></span> <span class='ocrx_word' id='word_1_645' title='bbox 862 4589 992 4627; x_wconf 89' lang='lat' dir='ltr'><strong>vero</strong></span> <span class='ocrx_word' id='word_1_646' title='bbox 1017 4574 1396 4644; x_wconf 87' lang='lat' dir='ltr'><strong>spectantibus</strong></span> <span class='ocrx_word' id='word_1_647' title='bbox 1423 4591 1454 4630; x_wconf 93' lang='lat' dir='ltr'><strong>e</strong></span> <span class='ocrx_word' id='word_1_648' title='bbox 1493 4577 1739 4632; x_wconf 90' lang='lat' dir='ltr'><strong>turribus</strong></span> <span class='ocrx_word' id='word_1_649' title='bbox 1782 4578 1914 4631; x_wconf 84' lang='lat' dir='ltr'><strong>Bar-</strong></span> 
     </span>
    </p>
   </div>
   <div class='ocr_carea' id='block_1_92' title="bbox 2023 4562 3590 4651">
    <p class='ocr_par' dir='ltr' id='par_1_92' title="bbox 2023 4562 3590 4651">
     <span class='ocr_line' id='line_1_92' title="bbox 2023 4562 3590 4651; baseline -0.003 -17"><span class='ocrx_word' id='word_1_650' title='bbox 2023 4581 2130 4634; x_wconf 76' lang='grc' dir='ltr'>άπὸ</span> <span class='ocrx_word' id='word_1_651' title='bbox 2159 4562 2515 4651; x_wconf 30' lang='grc' dir='ltr'>τῶν-πύργων</span> <span class='ocrx_word' id='word_1_652' title='bbox 2542 4581 2709 4650; x_wconf 84' lang='grc' dir='ltr'>ὁρῶσι</span> <span class='ocrx_word' id='word_1_653' title='bbox 2737 4578 3030 4650; x_wconf 76' lang='grc' dir='ltr'>βαρὸάρων</span> <span class='ocrx_word' id='word_1_654' title='bbox 3060 4577 3470 4648; x_wconf 87' lang='grc' dir='ltr'>στρατεύματα,</span> <span class='ocrx_word' id='word_1_655' title='bbox 3495 4580 3590 4632; x_wconf 81' lang='grc' dir='ltr'><strong>καὶ</strong></span> 
     </span>
    </p>
   </div>
   <div class='ocr_carea' id='block_1_93' title="bbox 341 4665 1918 4738">
    <p class='ocr_par' dir='ltr' id='par_1_93' title="bbox 341 4665 1918 4738">
     <span class='ocr_line' id='line_1_93' title="bbox 341 4665 1918 4738; baseline 0.004 -21"><span class='ocrx_word' id='word_1_656' title='bbox 341 4667 596 4720; x_wconf 81' lang='lat' dir='ltr'><strong>harurum</strong></span> <span class='ocrx_word' id='word_1_657' title='bbox 627 4665 947 4730; x_wconf 62' lang='lat' dir='ltr'><strong>exercitus;</strong></span> <span class='ocrx_word' id='word_1_658' title='bbox 982 4665 1211 4719; x_wconf 81' lang='lat' dir='ltr'><strong>vastatio</strong></span> <span class='ocrx_word' id='word_1_659' title='bbox 1240 4680 1518 4734; x_wconf 80' lang='lat' dir='ltr'><strong>agrorum,</strong></span> <span class='ocrx_word' id='word_1_660' title='bbox 1546 4667 1601 4721; x_wconf 95' lang='lat' dir='ltr'><strong>in</strong></span> <span class='ocrx_word' id='word_1_661' title='bbox 1633 4667 1918 4738; x_wconf 76' lang='lat' dir='ltr'><strong>aggeribus</strong></span> 
     </span>
    </p>
   </div>
   <div class='ocr_carea' id='block_1_94' title="bbox 341 4755 1916 4828">
    <p class='ocr_par' dir='ltr' id='par_1_94' title="bbox 341 4755 1916 4828">
     <span class='ocr_line' id='line_1_94' title="bbox 341 4755 1916 4828; baseline 0.002 -17"><span class='ocrx_word' id='word_1_662' title='bbox 341 4758 552 4822; x_wconf 71' lang='lat' dir='ltr'><strong>credes,</strong></span> <span class='ocrx_word' id='word_1_663' title='bbox 606 4757 861 4824; x_wconf 88' lang='lat' dir='ltr'><strong>ignisque</strong></span> <span class='ocrx_word' id='word_1_664' title='bbox 901 4755 1084 4819; x_wconf 75' lang='lat' dir='ltr'><strong>ferox,</strong></span> <span class='ocrx_word' id='word_1_665' title='bbox 1124 4761 1350 4820; x_wconf 89' lang='lat' dir='ltr'><strong>domos,</strong></span> <span class='ocrx_word' id='word_1_666' title='bbox 1398 4758 1632 4826; x_wconf 86' lang='lat' dir='ltr'><strong>templa,</strong></span> <span class='ocrx_word' id='word_1_667' title='bbox 1686 4760 1916 4828; x_wconf 88' lang='lat' dir='ltr'><strong>pulchra</strong></span> 
     </span>
    </p>
   </div>
   <div class='ocr_carea' id='block_1_95' title="bbox 340 4847 1919 4918">
    <p class='ocr_par' dir='ltr' id='par_1_95' title="bbox 340 4847 1919 4918">
     <span class='ocr_line' id='line_1_95' title="bbox 340 4847 1919 4918; baseline 0.002 -17"><span class='ocrx_word' id='word_1_668' title='bbox 340 4863 571 4918; x_wconf 70' lang='lat' dir='ltr'><strong>quaeque</strong></span> <span class='ocrx_word' id='word_1_669' title='bbox 610 4848 837 4901; x_wconf 71' lang='lat' dir='ltr'><strong>autiticia</strong></span> <span class='ocrx_word' id='word_1_670' title='bbox 894 4847 1134 4916; x_wconf 89' lang='lat' dir='ltr'><strong>publica,</strong></span> <span class='ocrx_word' id='word_1_671' title='bbox 1164 4863 1228 4902; x_wconf 91' lang='lat' dir='ltr'><strong>ae</strong></span> <span class='ocrx_word' id='word_1_672' title='bbox 1275 4863 1501 4918; x_wconf 90' lang='lat' dir='ltr'><strong>prorsus</strong></span> <span class='ocrx_word' id='word_1_673' title='bbox 1530 4851 1713 4903; x_wconf 90' lang='lat' dir='ltr'><strong>omnia</strong></span> <span class='ocrx_word' id='word_1_674' title='bbox 1764 4849 1919 4904; x_wconf 90' lang='lat' dir='ltr'><strong>inva-</strong></span> 
     </span>
    </p>
   </div>
   <div class='ocr_carea' id='block_1_96' title="bbox 343 4939 1916 5010">
    <p class='ocr_par' dir='ltr' id='par_1_96' title="bbox 343 4939 1916 5010">
     <span class='ocr_line' id='line_1_96' title="bbox 343 4939 1916 5010; baseline 0.003 -18"><span class='ocrx_word' id='word_1_675' title='bbox 343 4942 498 4996; x_wconf 86' lang='lat' dir='ltr'><strong>dens.</strong></span> <span class='ocrx_word' id='word_1_676' title='bbox 527 4939 669 5006; x_wconf 87' lang='lat' dir='ltr'><strong>Quin</strong></span> <span class='ocrx_word' id='word_1_677' title='bbox 721 4949 775 4991; x_wconf 82' lang='lat' dir='ltr'><strong>et</strong></span> <span class='ocrx_word' id='word_1_678' title='bbox 809 4939 1160 5008; x_wconf 72' lang='lat' dir='ltr'><strong>blasphemim</strong></span> <span class='ocrx_word' id='word_1_679' title='bbox 1212 4939 1264 4993; x_wconf 91' lang='lat' dir='ltr'><strong>in</strong></span> <span class='ocrx_word' id='word_1_680' title='bbox 1313 4941 1512 5007; x_wconf 90' lang='lat' dir='ltr'><strong>Deum,</strong></span> <span class='ocrx_word' id='word_1_681' title='bbox 1543 4951 1708 5010; x_wconf 89' lang='lat' dir='ltr'><strong>atque</strong></span> <span class='ocrx_word' id='word_1_682' title='bbox 1745 4941 1916 5010; x_wconf 85' lang='lat' dir='ltr'><strong>(quod</strong></span> 
     </span>
    </p>
   </div>
   <div class='ocr_carea' id='block_1_97' title="bbox 343 5030 1918 5101">
    <p class='ocr_par' dir='ltr' id='par_1_97' title="bbox 343 5030 1918 5101">
     <span class='ocr_line' id='line_1_97' title="bbox 343 5030 1918 5101; baseline 0.001 -16"><span class='ocrx_word' id='word_1_683' title='bbox 343 5030 469 5101; x_wconf 90' lang='lat' dir='ltr'><strong>quis</strong></span> <span class='ocrx_word' id='word_1_684' title='bbox 500 5046 608 5084; x_wconf 90' lang='lat' dir='ltr'><strong>non</strong></span> <span class='ocrx_word' id='word_1_685' title='bbox 638 5030 926 5101; x_wconf 85' lang='lat' dir='ltr'><strong>horreat?)</strong></span> <span class='ocrx_word' id='word_1_686' title='bbox 961 5031 1145 5086; x_wconf 85' lang='lat' dir='ltr'><strong>crucis</strong></span> <span class='ocrx_word' id='word_1_687' title='bbox 1170 5032 1524 5096; x_wconf 88' lang='lat' dir='ltr'><strong>contumelia,</strong></span> <span class='ocrx_word' id='word_1_688' title='bbox 1555 5047 1618 5087; x_wconf 89' lang='lat' dir='ltr'><strong>ac</strong></span> <span class='ocrx_word' id='word_1_689' title='bbox 1645 5032 1770 5088; x_wconf 83' lang='lat' dir='ltr'><strong>ﬁdei</strong></span> <span class='ocrx_word' id='word_1_690' title='bbox 1800 5033 1918 5087; x_wconf 86' lang='lat' dir='ltr'><strong>irri-</strong></span> 
     </span>
    </p>
   </div>
   <div class='ocr_carea' id='block_1_98' title="bbox 341 5121 1918 5192">
    <p class='ocr_par' dir='ltr' id='par_1_98' title="bbox 341 5121 1918 5192">
     <span class='ocr_line' id='line_1_98' title="bbox 341 5121 1918 5192; baseline 0 -16"><span class='ocrx_word' id='word_1_691' title='bbox 341 5124 448 5183; x_wconf 85' lang='lat' dir='ltr'><strong>sio,</strong></span> <span class='ocrx_word' id='word_1_692' title='bbox 475 5136 869 5189; x_wconf 86' lang='lat' dir='ltr'><strong>sacrarumque</strong></span> <span class='ocrx_word' id='word_1_693' title='bbox 918 5121 1218 5192; x_wconf 76' lang='lat' dir='ltr'><strong>imaginum</strong></span> <span class='ocrx_word' id='word_1_694' title='bbox 1260 5123 1448 5190; x_wconf 86' lang='lat' dir='ltr'><strong>probri</strong></span> <span class='ocrx_word' id='word_1_695' title='bbox 1479 5138 1643 5177; x_wconf 87' lang='lat' dir='ltr'><strong>causa</strong></span> <span class='ocrx_word' id='word_1_696' title='bbox 1677 5124 1918 5177; x_wconf 82' lang='lat' dir='ltr'><strong>circum-</strong></span> 
     </span>
    </p>
   </div>
   <div class='ocr_carea' id='block_1_99' title="bbox 341 5212 1919 5282">
    <p class='ocr_par' dir='ltr' id='par_1_99' title="bbox 341 5212 1919 5282">
     <span class='ocr_line' id='line_1_99' title="bbox 341 5212 1919 5282; baseline 0.001 -18"><span class='ocrx_word' id='word_1_697' title='bbox 341 5212 655 5274; x_wconf 83' lang='lat' dir='ltr'><strong>ductiones,</strong></span> <span class='ocrx_word' id='word_1_698' title='bbox 695 5225 935 5265; x_wconf 87' lang='lat' dir='ltr'><strong>necnon</strong></span> <span class='ocrx_word' id='word_1_699' title='bbox 969 5213 1130 5265; x_wconf 64' lang='lat' dir='ltr'><strong>mium</strong></span> <span class='ocrx_word' id='word_1_700' title='bbox 1158 5213 1457 5272; x_wconf 80' lang='lat' dir='ltr'><strong>terribiles.</strong></span> <span class='ocrx_word' id='word_1_701' title='bbox 1495 5227 1633 5282; x_wconf 90' lang='lat' dir='ltr'><strong>quas</strong></span> <span class='ocrx_word' id='word_1_702' title='bbox 1679 5227 1748 5266; x_wconf 89' lang='lat' dir='ltr'><strong>ne</strong></span> <span class='ocrx_word' id='word_1_703' title='bbox 1797 5228 1919 5266; x_wconf 86' lang='lat' dir='ltr'><strong>eve-</strong></span> 
     </span>
    </p>
   </div>
   <div class='ocr_carea' id='block_1_100' title="bbox 341 5299 1914 5370">
    <p class='ocr_par' dir='ltr' id='par_1_100' title="bbox 341 5299 1914 5370">
     <span class='ocr_line' id='line_1_100' title="bbox 341 5299 1914 5370; baseline 0.002 -17"><span class='ocrx_word' id='word_1_704' title='bbox 341 5301 517 5362; x_wconf 89' lang='lat' dir='ltr'><strong>niant,</strong></span> <span class='ocrx_word' id='word_1_705' title='bbox 555 5314 622 5352; x_wconf 91' lang='lat' dir='ltr'><strong>ne</strong></span> <span class='ocrx_word' id='word_1_706' title='bbox 666 5301 780 5369; x_wconf 86' lang='lat' dir='ltr'><strong>ipse</strong></span> <span class='ocrx_word' id='word_1_707' title='bbox 827 5299 1051 5369; x_wconf 88' lang='lat' dir='ltr'><strong>quidem</strong></span> <span class='ocrx_word' id='word_1_708' title='bbox 1100 5299 1376 5367; x_wconf 83' lang='lat' dir='ltr'><strong>Christus,</strong></span> <span class='ocrx_word' id='word_1_709' title='bbox 1405 5316 1568 5370; x_wconf 90' lang='lat' dir='ltr'><strong>quem</strong></span> <span class='ocrx_word' id='word_1_710' title='bbox 1599 5299 1914 5370; x_wconf 88' lang='lat' dir='ltr'><strong>adoramus,</strong></span> 
     </span>
    </p>
   </div>
   <div class='ocr_carea' id='block_1_101' title="bbox 341 5392 826 5461">
    <p class='ocr_par' dir='ltr' id='par_1_101' title="bbox 341 5392 826 5461">
     <span class='ocr_line' id='line_1_101' title="bbox 341 5392 826 5461; baseline -0.006 -11"><span class='ocrx_word' id='word_1_711' title='bbox 341 5393 513 5461; x_wconf 79' lang='lat' dir='ltr'><strong>possit</strong></span> <span class='ocrx_word' id='word_1_712' title='bbox 539 5392 826 5461; x_wconf 88' lang='lat' dir='ltr'><strong>impedire.</strong></span> 
     </span>
    </p>
   </div>
   <div class='ocr_carea' id='block_1_102' title="bbox 412 5483 1916 5554">
    <p class='ocr_par' dir='ltr' id='par_1_102' title="bbox 412 5483 1916 5554">
     <span class='ocr_line' id='line_1_102' title="bbox 412 5483 1916 5554; baseline -0.002 -14"><span class='ocrx_word' id='word_1_713' title='bbox 412 5486 517 5540; x_wconf 86' lang='lat' dir='ltr'><strong>Sed</strong></span> <span class='ocrx_word' id='word_1_714' title='bbox 546 5495 601 5539; x_wconf 89' lang='lat' dir='ltr'><strong>et</strong></span> <span class='ocrx_word' id='word_1_715' title='bbox 622 5484 792 5539; x_wconf 79' lang='lat' dir='ltr'><strong>fames</strong></span> <span class='ocrx_word' id='word_1_716' title='bbox 809 5485 1062 5542; x_wconf 83' lang='lat' dir='ltr'><strong>universa</strong></span> <span class='ocrx_word' id='word_1_717' title='bbox 1081 5493 1249 5549; x_wconf 88' lang='lat' dir='ltr'><strong>tenet,</strong></span> <span class='ocrx_word' id='word_1_718' title='bbox 1270 5499 1395 5539; x_wconf 91' lang='lat' dir='ltr'><strong>cum</strong></span> <span class='ocrx_word' id='word_1_719' title='bbox 1421 5499 1522 5539; x_wconf 91' lang='lat' dir='ltr'><strong>nec</strong></span> <span class='ocrx_word' id='word_1_720' title='bbox 1541 5492 1688 5539; x_wconf 86' lang='lat' dir='ltr'><strong>terra</strong></span> <span class='ocrx_word' id='word_1_721' title='bbox 1709 5483 1916 5554; x_wconf 87' lang='lat' dir='ltr'><strong>reliqua</strong></span> 
     </span>
    </p>
   </div>
   <div class='ocr_carea' id='block_1_103' title="bbox 341 5576 1919 5648">
    <p class='ocr_par' dir='ltr' id='par_1_103' title="bbox 341 5576 1919 5648">
     <span class='ocr_line' id='line_1_103' title="bbox 341 5576 1919 5648; baseline -0.002 -18"><span class='ocrx_word' id='word_1_722' title='bbox 341 5577 432 5641; x_wconf 90' lang='lat' dir='ltr'><strong>sit,</strong></span> <span class='ocrx_word' id='word_1_723' title='bbox 463 5592 629 5648; x_wconf 90' lang='lat' dir='ltr'><strong>quam</strong></span> <span class='ocrx_word' id='word_1_724' title='bbox 655 5577 919 5642; x_wconf 90' lang='lat' dir='ltr'><strong>colamus,</strong></span> <span class='ocrx_word' id='word_1_725' title='bbox 949 5593 1049 5632; x_wconf 90' lang='lat' dir='ltr'><strong>nec</strong></span> <span class='ocrx_word' id='word_1_726' title='bbox 1073 5578 1312 5632; x_wconf 83' lang='lat' dir='ltr'><strong>latrones</strong></span> <span class='ocrx_word' id='word_1_727' title='bbox 1342 5576 1572 5631; x_wconf 89' lang='lat' dir='ltr'><strong>liberum</strong></span> <span class='ocrx_word' id='word_1_728' title='bbox 1603 5577 1919 5645; x_wconf 89' lang='lat' dir='ltr'><strong>permittant</strong></span> 
     </span>
    </p>
   </div>
   <div class='ocr_carea' id='block_1_104' title="bbox 341 5664 1919 5738">
    <p class='ocr_par' dir='ltr' id='par_1_104' title="bbox 341 5664 1919 5738">
     <span class='ocr_line' id='line_1_104' title="bbox 341 5664 1919 5738; baseline 0 -20"><span class='ocrx_word' id='word_1_729' title='bbox 341 5667 744 5723; x_wconf 83' lang='lat' dir='ltr'><strong>mercatoribus</strong></span> <span class='ocrx_word' id='word_1_730' title='bbox 789 5669 1046 5724; x_wconf 78' lang='lat' dir='ltr'><strong>alveum:</strong></span> <span class='ocrx_word' id='word_1_731' title='bbox 1097 5677 1150 5723; x_wconf 92' lang='lat' dir='ltr'><strong>et</strong></span> <span class='ocrx_word' id='word_1_732' title='bbox 1185 5681 1244 5722; x_wconf 90' lang='lat' dir='ltr'><strong>ut</strong></span> <span class='ocrx_word' id='word_1_733' title='bbox 1264 5668 1472 5738; x_wconf 88' lang='lat' dir='ltr'><strong>possint</strong></span> <span class='ocrx_word' id='word_1_734' title='bbox 1505 5666 1778 5720; x_wconf 83' lang='lat' dir='ltr'><strong>frumenta</strong></span> <span class='ocrx_word' id='word_1_735' title='bbox 1823 5664 1919 5718; x_wconf 80' lang='lat' dir='ltr'><strong>ad-</strong></span> 
     </span>
    </p>
   </div>
   <div class='ocr_carea' id='block_1_105' title="bbox 342 5757 1920 5831">
    <p class='ocr_par' dir='ltr' id='par_1_105' title="bbox 342 5757 1920 5831">
     <span class='ocr_line' id='line_1_105' title="bbox 342 5757 1920 5831; baseline -0.001 -20"><span class='ocrx_word' id='word_1_736' title='bbox 342 5761 547 5814; x_wconf 85' lang='lat' dir='ltr'><strong>vehere</strong></span> <span class='ocrx_word' id='word_1_737' title='bbox 591 5779 602 5813; x_wconf 90' lang='lat'><strong>:</strong></span> <span class='ocrx_word' id='word_1_738' title='bbox 648 5777 755 5831; x_wconf 89' lang='lat' dir='ltr'><strong>quo</strong></span> <span class='ocrx_word' id='word_1_739' title='bbox 782 5764 860 5826; x_wconf 81' lang='lat' dir='ltr'><strong>ﬁt,</strong></span> <span class='ocrx_word' id='word_1_740' title='bbox 885 5773 1010 5817; x_wconf 77' lang='lat' dir='ltr'><strong>utet</strong></span> <span class='ocrx_word' id='word_1_741' title='bbox 1042 5759 1353 5818; x_wconf 88' lang='lat' dir='ltr'><strong>locantibus</strong></span> <span class='ocrx_word' id='word_1_742' title='bbox 1382 5774 1582 5828; x_wconf 78' lang='lat' dir='ltr'><strong>operas</strong></span> <span class='ocrx_word' id='word_1_743' title='bbox 1598 5773 1690 5812; x_wconf 91' lang='lat' dir='ltr'><strong>ars</strong></span> <span class='ocrx_word' id='word_1_744' title='bbox 1712 5757 1920 5811; x_wconf 87' lang='lat' dir='ltr'><strong>inutilis</strong></span> 
     </span>
    </p>
   </div>
   <div class='ocr_carea' id='block_1_106' title="bbox 341 5849 1917 5922">
    <p class='ocr_par' dir='ltr' id='par_1_106' title="bbox 341 5849 1917 5922">
     <span class='ocr_line' id='line_1_106' title="bbox 341 5849 1917 5922; baseline 0.011 -19"><span class='ocrx_word' id='word_1_745' title='bbox 341 5849 614 5918; x_wconf 79' lang='lat' dir='ltr'><strong>videatur,</strong></span> <span class='ocrx_word' id='word_1_746' title='bbox 652 5869 757 5909; x_wconf 90' lang='lat' dir='ltr'><strong>non</strong></span> <span class='ocrx_word' id='word_1_747' title='bbox 782 5855 1112 5910; x_wconf 80' lang='lat' dir='ltr'><strong>habentibus</strong></span> <span class='ocrx_word' id='word_1_748' title='bbox 1144 5863 1200 5909; x_wconf 90' lang='lat' dir='ltr'><strong>ut</strong></span> <span class='ocrx_word' id='word_1_749' title='bbox 1232 5853 1357 5910; x_wconf 87' lang='lat' dir='ltr'><strong>inde</strong></span> <span class='ocrx_word' id='word_1_750' title='bbox 1397 5851 1778 5922; x_wconf 65' lang='lat' dir='ltr'><strong>paciscamur;</strong></span> <span class='ocrx_word' id='word_1_751' title='bbox 1814 5849 1917 5904; x_wconf 62' lang='lat' dir='ltr'><strong>mi‘</strong></span> 
     </span>
    </p>
   </div>
   <div class='ocr_carea' id='block_1_107' title="bbox 2020 4669 3589 4743">
    <p class='ocr_par' dir='ltr' id='par_1_107' title="bbox 2020 4669 3589 4743">
     <span class='ocr_line' id='line_1_107' title="bbox 2020 4669 3589 4743; baseline -0.002 -18"><span class='ocrx_word' id='word_1_752' title='bbox 2020 4675 2093 4742; x_wconf 85' lang='grc' dir='ltr'>γῆ</span> <span class='ocrx_word' id='word_1_753' title='bbox 2120 4672 2436 4743; x_wconf 82' lang='grc' dir='ltr'>κειρομένη,</span> <span class='ocrx_word' id='word_1_754' title='bbox 2470 4673 2566 4724; x_wconf 80' lang='grc' dir='ltr'>καὶ</span> <span class='ocrx_word' id='word_1_755' title='bbox 2593 4671 2727 4742; x_wconf 76' lang='grc' dir='ltr'>πρὸς</span> <span class='ocrx_word' id='word_1_756' title='bbox 2755 4671 2876 4732; x_wconf 84' lang='grc' dir='ltr'>ταῖς</span> <span class='ocrx_word' id='word_1_757' title='bbox 2907 4669 3136 4740; x_wconf 83' lang='grc' dir='ltr'>τάφροις</span> <span class='ocrx_word' id='word_1_758' title='bbox 3165 4669 3275 4721; x_wconf 89' lang='grc' dir='ltr'><strong>τῶν</strong></span> <span class='ocrx_word' id='word_1_759' title='bbox 3308 4670 3589 4740; x_wconf 79' lang='grc' dir='ltr'>ἡμετέρων</span> 
     </span>
    </p>
   </div>
   <div class='ocr_carea' id='block_1_108' title="bbox 2023 4759 3592 4832">
    <p class='ocr_par' dir='ltr' id='par_1_108' title="bbox 2023 4759 3592 4832">
     <span class='ocr_line' id='line_1_108' title="bbox 2023 4759 3592 4832; baseline -0.002 -17"><span class='ocrx_word' id='word_1_760' title='bbox 2023 4762 2251 4829; x_wconf 76' lang='grc' dir='ltr'>σφαγαὶ,</span> <span class='ocrx_word' id='word_1_761' title='bbox 2277 4763 2374 4815; x_wconf 71' lang='grc' dir='ltr'><strong>καὶ</strong></span> <span class='ocrx_word' id='word_1_762' title='bbox 2398 4761 2508 4832; x_wconf 75' lang='grc' dir='ltr'>πῦρ</span> <span class='ocrx_word' id='word_1_763' title='bbox 2531 4761 2745 4829; x_wconf 83' lang='grc' dir='ltr'>ἄγριον,</span> <span class='ocrx_word' id='word_1_764' title='bbox 2778 4760 2976 4825; x_wconf 78' lang='grc' dir='ltr'>οἰκίας,</span> <span class='ocrx_word' id='word_1_765' title='bbox 3019 4762 3114 4813; x_wconf 68' lang='grc' dir='ltr'><strong>καὶ</strong></span> <span class='ocrx_word' id='word_1_766' title='bbox 3143 4759 3276 4821; x_wconf 86' lang='grc' dir='ltr'>νεὼς</span> <span class='ocrx_word' id='word_1_767' title='bbox 3304 4759 3398 4812; x_wconf 75' lang='grc' dir='ltr'><strong>καὶ</strong></span> <span class='ocrx_word' id='word_1_768' title='bbox 3427 4759 3592 4830; x_wconf 85' lang='grc' dir='ltr'>δημο-</span> 
     </span>
    </p>
   </div>
   <div class='ocr_carea' id='block_1_109' title="bbox 2020 4849 3586 4921">
    <p class='ocr_par' dir='ltr' id='par_1_109' title="bbox 2020 4849 3586 4921">
     <span class='ocr_line' id='line_1_109' title="bbox 2020 4849 3586 4921; baseline 0 -17"><span class='ocrx_word' id='word_1_769' title='bbox 2020 4853 2152 4904; x_wconf 90' lang='grc' dir='ltr'>σίων</span> <span class='ocrx_word' id='word_1_770' title='bbox 2168 4851 2424 4921; x_wconf 87' lang='grc' dir='ltr'>οίκοδομη</span> <span class='ocrx_word' id='word_1_771' title='bbox 2434 4851 2619 4921; x_wconf 86' lang='grc' dir='ltr'>μάτων</span> <span class='ocrx_word' id='word_1_772' title='bbox 2641 4849 2834 4919; x_wconf 78' lang='grc' dir='ltr'>κάλλη,</span> <span class='ocrx_word' id='word_1_773' title='bbox 2870 4850 2966 4903; x_wconf 70' lang='grc' dir='ltr'><strong>καὶ</strong></span> <span class='ocrx_word' id='word_1_774' title='bbox 2988 4849 3167 4902; x_wconf 85' lang='grc' dir='ltr'>πάντα</span> <span class='ocrx_word' id='word_1_775' title='bbox 3193 4849 3382 4913; x_wconf 81' lang='grc' dir='ltr'>ἁπλῶς</span> <span class='ocrx_word' id='word_1_776' title='bbox 3413 4851 3586 4904; x_wconf 84' lang='grc' dir='ltr'>ἐπιόν.</span> 
     </span>
    </p>
   </div>
   <div class='ocr_carea' id='block_1_110' title="bbox 2017 4939 3591 5013">
    <p class='ocr_par' dir='ltr' id='par_1_110' title="bbox 2017 4939 3591 5013">
     <span class='ocr_line' id='line_1_110' title="bbox 2017 4939 3591 5013; baseline -0.002 -18"><span class='ocrx_word' id='word_1_777' title='bbox 2017 4943 2331 5013; x_wconf 84' lang='grc' dir='ltr'>Δυσφημίαι</span> <span class='ocrx_word' id='word_1_778' title='bbox 2353 4942 2412 4995; x_wconf 76' lang='grc' dir='ltr'>δὲ</span> <span class='ocrx_word' id='word_1_779' title='bbox 2442 4942 2582 4995; x_wconf 89' lang='grc' dir='ltr'><strong>κατὰ</strong></span> <span class='ocrx_word' id='word_1_780' title='bbox 2612 4940 2706 4995; x_wconf 82' lang='grc' dir='ltr'>τοῦ</span> <span class='ocrx_word' id='word_1_781' title='bbox 2749 4939 2884 4994; x_wconf 84' lang='grc' dir='ltr'>Θεοῦ</span> <span class='ocrx_word' id='word_1_782' title='bbox 2935 4942 3030 4995; x_wconf 70' lang='grc' dir='ltr'>καὶ</span> <span class='ocrx_word' id='word_1_783' title='bbox 3074 4939 3123 5004; x_wconf 83' lang='grc' dir='ltr'>(δ</span> <span class='ocrx_word' id='word_1_784' title='bbox 3139 4939 3222 5005; x_wconf 86' lang='grc' dir='ltr'><strong>τίς</strong></span> <span class='ocrx_word' id='word_1_785' title='bbox 3249 4941 3349 4994; x_wconf 83' lang='grc' dir='ltr'>οὐκ</span> <span class='ocrx_word' id='word_1_786' title='bbox 3375 4943 3439 4995; x_wconf 88' lang='grc' dir='ltr'>ἂν</span> <span class='ocrx_word' id='word_1_787' title='bbox 3469 4939 3591 5009; x_wconf 81' lang='grc' dir='ltr'>φρί-</span> 
     </span>
    </p>
   </div>
   <div class='ocr_carea' id='block_1_111' title="bbox 2019 5031 3590 5102">
    <p class='ocr_par' dir='ltr' id='par_1_111' title="bbox 2019 5031 3590 5102">
     <span class='ocr_line' id='line_1_111' title="bbox 2019 5031 3590 5102; baseline -0.001 -16"><span class='ocrx_word' id='word_1_788' title='bbox 2019 5033 2217 5101; x_wconf 77' lang='grc' dir='ltr'>ξειενς)</span> <span class='ocrx_word' id='word_1_789' title='bbox 2252 5031 2409 5102; x_wconf 77' lang='grc' dir='ltr'>ὕϐρις</span> <span class='ocrx_word' id='word_1_790' title='bbox 2437 5032 2693 5101; x_wconf 78' lang='grc' dir='ltr'>σταυροῦ,</span> <span class='ocrx_word' id='word_1_791' title='bbox 2720 5033 2816 5087; x_wconf 75' lang='grc' dir='ltr'>καὶ</span> <span class='ocrx_word' id='word_1_792' title='bbox 2841 5031 3018 5100; x_wconf 80' lang='grc' dir='ltr'>γέλως</span> <span class='ocrx_word' id='word_1_793' title='bbox 3054 5032 3157 5102; x_wconf 82' lang='grc' dir='ltr'>τῆς</span> <span class='ocrx_word' id='word_1_794' title='bbox 3205 5031 3462 5096; x_wconf 87' lang='grc' dir='ltr'>πίστεως,</span> <span class='ocrx_word' id='word_1_795' title='bbox 3495 5032 3590 5084; x_wconf 79' lang='grc' dir='ltr'>καὶ</span> 
     </span>
    </p>
   </div>
   <div class='ocr_carea' id='block_1_112' title="bbox 2020 5121 3589 5191">
    <p class='ocr_par' dir='ltr' id='par_1_112' title="bbox 2020 5121 3589 5191">
     <span class='ocr_line' id='line_1_112' title="bbox 2020 5121 3589 5191; baseline -0.003 -15"><span class='ocrx_word' id='word_1_796' title='bbox 2020 5122 2182 5176; x_wconf 89' lang='grc' dir='ltr'>θείων</span> <span class='ocrx_word' id='word_1_797' title='bbox 2211 5123 2434 5175; x_wconf 85' lang='grc' dir='ltr'>είκόνων</span> <span class='ocrx_word' id='word_1_798' title='bbox 2473 5122 2661 5190; x_wconf 81' lang='grc' dir='ltr'>ἄτιμοι</span> <span class='ocrx_word' id='word_1_799' title='bbox 2695 5122 3063 5191; x_wconf 84' lang='grc' dir='ltr'>περιαγωγαὶ,</span> <span class='ocrx_word' id='word_1_800' title='bbox 3095 5123 3189 5175; x_wconf 76' lang='grc' dir='ltr'>καὶ</span> <span class='ocrx_word' id='word_1_801' title='bbox 3216 5121 3437 5175; x_wconf 76' lang='grc' dir='ltr'>ἀπειλαὶ</span> <span class='ocrx_word' id='word_1_802' title='bbox 3467 5138 3589 5191; x_wconf 78' lang='grc' dir='ltr'>φριο</span> 
     </span>
    </p>
   </div>
   <div class='ocr_carea' id='block_1_113' title="bbox 2019 5212 3612 5283">
    <p class='ocr_par' dir='ltr' id='par_1_113' title="bbox 2019 5212 3612 5283">
     <span class='ocr_line' id='line_1_113' title="bbox 2019 5212 3612 5283; baseline -0.002 -16"><span class='ocrx_word' id='word_1_803' title='bbox 2019 5213 2211 5276; x_wconf 84' lang='grc' dir='ltr'>κώδεις</span> <span class='ocrx_word' id='word_1_804' title='bbox 2231 5255 2245 5278; x_wconf 90' lang='grc'><strong>,</strong></span> <span class='ocrx_word' id='word_1_805' title='bbox 2279 5215 2375 5266; x_wconf 76' lang='grc' dir='ltr'>καὶ</span> <span class='ocrx_word' id='word_1_806' title='bbox 2403 5213 2496 5266; x_wconf 83' lang='grc' dir='ltr'>τοῦ</span> <span class='ocrx_word' id='word_1_807' title='bbox 2531 5213 2608 5282; x_wconf 78' lang='grc' dir='ltr'>μὴ</span> <span class='ocrx_word' id='word_1_808' title='bbox 2640 5212 2842 5276; x_wconf 88' lang='grc' dir='ltr'>ταύτας</span> <span class='ocrx_word' id='word_1_809' title='bbox 2875 5214 3126 5280; x_wconf 75' lang='grc' dir='ltr'>ἐκϐῆναι,</span> <span class='ocrx_word' id='word_1_810' title='bbox 3161 5213 3286 5283; x_wconf 86' lang='grc' dir='ltr'>μηδ’</span> <span class='ocrx_word' id='word_1_811' title='bbox 3309 5214 3376 5267; x_wconf 83' lang='grc' dir='ltr'>ἂν</span> <span class='ocrx_word' id='word_1_812' title='bbox 3400 5216 3584 5279; x_wconf 75' lang='grc' dir='ltr'>αὑτὸν,</span> <span class='ocrx_word' id='word_1_813' title='bbox 3609 5225 3612 5228; x_wconf 79' lang='grc'><strong>’</strong></span> 
     </span>
    </p>
   </div>
   <div class='ocr_carea' id='block_1_114' title="bbox 2018 5295 3476 5372">
    <p class='ocr_par' dir='ltr' id='par_1_114' title="bbox 2018 5295 3476 5372">
     <span class='ocr_line' id='line_1_114' title="bbox 2018 5295 3476 5372; baseline 0.001 -16"><span class='ocrx_word' id='word_1_814' title='bbox 2018 5304 2078 5357; x_wconf 84' lang='grc' dir='ltr'>ὃν</span> <span class='ocrx_word' id='word_1_815' title='bbox 2104 5301 2541 5372; x_wconf 82' lang='grc' dir='ltr'>προσκυνοῦμεν,</span> <span class='ocrx_word' id='word_1_816' title='bbox 2565 5301 3070 5372; x_wconf 61' lang='grc' dir='ltr'>Χριστὸνέπισχεῖν</span> <span class='ocrx_word' id='word_1_817' title='bbox 3097 5295 3208 5356; x_wconf 73' lang='grc' dir='ltr'>οἷόν</span> <span class='ocrx_word' id='word_1_818' title='bbox 3228 5319 3286 5355; x_wconf 86' lang='grc' dir='ltr'><strong>τε</strong></span> <span class='ocrx_word' id='word_1_819' title='bbox 3313 5297 3476 5358; x_wconf 73' lang='grc' dir='ltr'>εἶναι.</span> 
     </span>
    </p>
   </div>
   <div class='ocr_carea' id='block_1_115' title="bbox 2088 5475 3587 5550">
    <p class='ocr_par' dir='ltr' id='par_1_115' title="bbox 2088 5475 3587 5550">
     <span class='ocr_line' id='line_1_115' title="bbox 2088 5475 3587 5550; baseline -0.005 -16"><span class='ocrx_word' id='word_1_820' title='bbox 2088 5479 2203 5534; x_wconf 81' lang='grc' dir='ltr'><strong>Καὶ</strong></span> <span class='ocrx_word' id='word_1_821' title='bbox 2236 5478 2264 5532; x_wconf 85' lang='grc' dir='ltr'><strong>δ</strong></span> <span class='ocrx_word' id='word_1_822' title='bbox 2300 5477 2456 5548; x_wconf 82' lang='grc' dir='ltr'>λιμὸς</span> <span class='ocrx_word' id='word_1_823' title='bbox 2490 5476 2665 5532; x_wconf 80' lang='grc' dir='ltr'>πάντα</span> <span class='ocrx_word' id='word_1_824' title='bbox 2697 5475 2937 5531; x_wconf 80' lang='grc' dir='ltr'>ἐλαύνων</span> <span class='ocrx_word' id='word_1_825' title='bbox 2969 5476 3261 5546; x_wconf 78' lang='grc' dir='ltr'>ἐπίκειται,</span> <span class='ocrx_word' id='word_1_826' title='bbox 3301 5479 3437 5550; x_wconf 78' lang='grc' dir='ltr'>μήτε</span> <span class='ocrx_word' id='word_1_827' title='bbox 3483 5477 3587 5548; x_wconf 79' lang='grc' dir='ltr'>γῆς</span> 
     </span>
    </p>
   </div>
   <div class='ocr_carea' id='block_1_116' title="bbox 2020 5570 3585 5640">
    <p class='ocr_par' dir='ltr' id='par_1_116' title="bbox 2020 5570 3585 5640">
     <span class='ocr_line' id='line_1_116' title="bbox 2020 5570 3585 5640; baseline -0.001 -16"><span class='ocrx_word' id='word_1_828' title='bbox 2020 5571 2454 5640; x_wconf 82' lang='grc' dir='ltr'>ὑπολειπομένης</span> <span class='ocrx_word' id='word_1_829' title='bbox 2505 5570 2572 5640; x_wconf 76' lang='grc' dir='ltr'>ἢν</span> <span class='ocrx_word' id='word_1_830' title='bbox 2584 5570 3000 5639; x_wconf 81' lang='grc' dir='ltr'>γεωργήσομεν,</span> <span class='ocrx_word' id='word_1_831' title='bbox 3026 5571 3164 5640; x_wconf 81' lang='grc' dir='ltr'>μήτε</span> <span class='ocrx_word' id='word_1_832' title='bbox 3184 5573 3296 5634; x_wconf 76' lang='grc' dir='ltr'>τοῖς</span> <span class='ocrx_word' id='word_1_833' title='bbox 3326 5570 3585 5640; x_wconf 87' lang='grc' dir='ltr'>ἐμπόροις</span> 
     </span>
    </p>
   </div>
   <div class='ocr_carea' id='block_1_117' title="bbox 2017 5655 3585 5732">
    <p class='ocr_par' dir='ltr' id='par_1_117' title="bbox 2017 5655 3585 5732">
     <span class='ocr_line' id='line_1_117' title="bbox 2017 5655 3585 5732; baseline 0 -18"><span class='ocrx_word' id='word_1_834' title='bbox 2017 5661 2124 5714; x_wconf 87' lang='grc' dir='ltr'><strong>τῶν</strong></span> <span class='ocrx_word' id='word_1_835' title='bbox 2148 5659 2361 5732; x_wconf 80' lang='grc' dir='ltr'>λῃστῶν</span> <span class='ocrx_word' id='word_1_836' title='bbox 2377 5659 2509 5718; x_wconf 79' lang='grc' dir='ltr'>ἀδεᾶ</span> <span class='ocrx_word' id='word_1_837' title='bbox 2529 5658 2826 5712; x_wconf 85' lang='grc' dir='ltr'>ποιούντων</span> <span class='ocrx_word' id='word_1_838' title='bbox 2843 5659 2928 5714; x_wconf 82' lang='grc' dir='ltr'><strong>τδν</strong></span> <span class='ocrx_word' id='word_1_839' title='bbox 2951 5661 3116 5732; x_wconf 81' lang='grc' dir='ltr'>πόρον</span> <span class='ocrx_word' id='word_1_840' title='bbox 3131 5676 3146 5688; x_wconf 62' lang='grc' dir='ltr'>δ</span> <span class='ocrx_word' id='word_1_841' title='bbox 3169 5661 3229 5726; x_wconf 77' lang='grc' dir='ltr'>ἐξ</span> <span class='ocrx_word' id='word_1_842' title='bbox 3249 5655 3323 5715; x_wconf 81' lang='grc' dir='ltr'>ὧν</span> <span class='ocrx_word' id='word_1_843' title='bbox 3341 5663 3448 5725; x_wconf 86' lang='grc' dir='ltr'>τοῖς</span> <span class='ocrx_word' id='word_1_844' title='bbox 3481 5661 3585 5730; x_wconf 71' lang='grc' dir='ltr'>μὲν</span> 
     </span>
    </p>
   </div>
   <div class='ocr_carea' id='block_1_118' title="bbox 2020 5752 3600 5825">
    <p class='ocr_par' dir='ltr' id='par_1_118' title="bbox 2020 5752 3600 5825">
     <span class='ocr_line' id='line_1_118' title="bbox 2020 5752 3600 5825; baseline 0 -19"><span class='ocrx_word' id='word_1_845' title='bbox 2020 5752 2410 5825; x_wconf 79' lang='grc' dir='ltr'>ἐργολαϐοῦσιν</span> <span class='ocrx_word' id='word_1_846' title='bbox 2432 5754 2705 5822; x_wconf 80' lang='grc' dir='ltr'>ἄχρηστον</span> <span class='ocrx_word' id='word_1_847' title='bbox 2733 5753 2768 5822; x_wconf 72' lang='grc' dir='ltr'><strong>ἠ</strong></span> <span class='ocrx_word' id='word_1_848' title='bbox 2797 5752 2962 5824; x_wconf 86' lang='grc' dir='ltr'>τέχνη</span> <span class='ocrx_word' id='word_1_849' title='bbox 2985 5753 3157 5818; x_wconf 83' lang='grc' dir='ltr'>δοκεῖ,</span> <span class='ocrx_word' id='word_1_850' title='bbox 3188 5755 3284 5808; x_wconf 76' lang='grc' dir='ltr'><strong>οὐκ</strong></span> <span class='ocrx_word' id='word_1_851' title='bbox 3308 5754 3488 5823; x_wconf 77' lang='grc' dir='ltr'>έχουσι</span> <span class='ocrx_word' id='word_1_852' title='bbox 3516 5753 3600 5806; x_wconf 81' lang='grc' dir='ltr'><strong>τὰ·</strong></span> 
     </span>
    </p>
   </div>
   <div class='ocr_carea' id='block_1_119' title="bbox 2022 5841 3580 5915">
    <p class='ocr_par' dir='ltr' id='par_1_119' title="bbox 2022 5841 3580 5915">
     <span class='ocr_line' id='line_1_119' title="bbox 2022 5841 3580 5915; baseline -0.001 -17"><span class='ocrx_word' id='word_1_853' title='bbox 2022 5841 2081 5910; x_wconf 80' lang='grc' dir='ltr'>ἐξ</span> <span class='ocrx_word' id='word_1_854' title='bbox 2103 5843 2270 5915; x_wconf 81' lang='grc' dir='ltr'>αὐτῆς</span> <span class='ocrx_word' id='word_1_855' title='bbox 2292 5841 2593 5910; x_wconf 83' lang='grc' dir='ltr'>διαθέσθαι,</span> <span class='ocrx_word' id='word_1_856' title='bbox 2621 5843 2978 5913; x_wconf 79' lang='grc' dir='ltr'>στρατιώταις</span> <span class='ocrx_word' id='word_1_857' title='bbox 3007 5843 3062 5898; x_wconf 82' lang='grc' dir='ltr'>δὲ</span> <span class='ocrx_word' id='word_1_858' title='bbox 3087 5843 3580 5914; x_wconf 74' lang='grc' dir='ltr'>τὴνὸρμὴνέπέσχε</span> 
     </span>
    </p>
   </div>
  </div>
