4068 6490
447 522 598 587 'IUO'.’

1723 516 2119 578 DEMETRII
2158 517 2480 579 ‘CYDONiI

3590 518 3739 587 1008

448 651 524 691 ac
553 637 765 692 servire
800 632 1101 701 sust'nent,
1143 630 1399 687 videntes
1450 629 1707 687 dominos
1755 631 2055 687 recessisse

2164 631 2402 687 ἑαυτῶν.
2429 632 2502 685 Oti
2532 630 2732 703 μικρὸν
2761 631 2817 685 δὲ
2844 633 2891 687 εἰ
2917 634 3027 698 τοῖς
3054 631 3354 706 βαρϐάροις
3386 633 3579 698 ἔξωθεν
3608 630 3737 705 ﬂia-

459 744 489 781 a
536 728 727 783 rebus.
767 724 863 780 Sin
918 734 1102 777 autem
1137 732 1330 776 contra
1376 736 1542 777 ausos
1591 722 1869 791 respicere
1904 721 2055 777 vide.

460 818 593 878 rint,
621 817 786 891 etiam
813 813 916 885 ipsi
945 813 1253 876 conferent,
1273 827 1395 883 qurc
1424 820 1554 866 sunt
1585 811 1856 882 ipsorum.
1894 812 2050 867 llaud

2164 722 2478 794 πτομένοις,
2534 725 2627 777 καὶ
2658 725 2728 776 τὰ
2779 726 2933 792 παρὰ.
2973 723 3081 778 τῶν
3127 724 3344 780 οἰκείων
3386 723 3595 789 τούτοις
3635 724 3737 779 οὐκ

2164 813 2460 882 ὴρεμήσει.
2540 813 2545 818 ’

450 926 593 963 vero
642 908 697 963 id
780 908 1089 963 modicum.
1132 913 1191 961 ut
1241 902 1501 960 Barbarie
1550 913 1783 960 externa
1825 903 1969 959 lassis
2030 905 2429 975 impressione,
2500 922 2603 963 nec
2649 923 2772 977 quae
2819 924 2851 962 a
2904 906 3020 964 suis
3073 906 3275 962 habent
3318 906 3504 980 quieta
3535 907 3740 966 consti-

461 999 648 1054 terint.

533 1090 831 1147 Enimvero
887 1097 947 1145 ut
1001 1089 1343 1152 rumoribus,
1394 1105 1458 1145 ac
1492 1090 1560 1145 iis
1610 1104 1733 1161 quae
1765 1091 2050 1147 communi

458 1183 720 1238 feruntur
762 1184 928 1249 fama,
964 1181 1173 1252 aliquid
1223 1181 1291 1236 ad
1331 1181 1494 1236 {idem
1529 1182 1775 1237 dandum
1807 1185 1900 1249 sit,
1932 1192 2052 1239 erat

459 1275 745 1331 oraculum
777 1275 1083 1345 quoddam,
1124 1286 1390 1331 venturos
1423 1292 1453 1330 a
1504 1275 1657 1329 mari
1696 1289 1761 1330 ac
1797 1274 2049 1346 Alpibus,

459 1366 555 1437 qui
607 1368 798 1423 urbem
848 1383 912 1423 ac
946 1367 1269 1423 nosulturi
1318 1378 1528 1434 essent,
1591 1368 1819 1438 fereque
1856 1376 1917 1422 ut
1955 1383 2052 1424 eos

448 1475 654 1515 omnes
687 1460 1028 1528 videremus,
1057 1459 1430 1515 Barbarorum
1484 1460 1536 1514 vi
1578 1468 1851 1530 prostrata
1884 1470 2052 1531 atque

459 1555 684 1625 injuria,
717 1553 1073 1624 postmodum
1130 1553 1240 1607 illis
1284 1552 1494 1607 servire
1534 1561 1816 1622 cogentes,
1850 1551 2055 1621 quibus

442 1645 618 1715 quius
640 1645 1097 1716 imperavissent:
1130 1643 1379 1714 adeoque
1410 1644 1635 1699 Barbari
1668 1652 1874 1698 metum
1906 1643 2055 1698 hunc

2240 1092 2400 1147 Ἀλλά
2433 1095 2538 1165 μὴν
2567 1093 2624 1146 εἴ
2646 1111 2697 1148 τι
2723 1094 2805 1146 δεῖ
2828 1095 2949 1158 ταῖς
2976 1098 3186 1164 φήμαις
3208 1091 3303 1146 καὶ
3333 1096 3445 1156 τοῖς
3470 1095 3621 1165 κοινῇ
3648 1093 3735 1146 λε·

2155 1184 2406 1254 γομένοις
2436 1184 2535 1237 οὐκ
2564 1184 2834 1249 άπιστλν,
2862 1178 2931 1254 ἦν
2961 1201 3014 1236 τι
3042 1181 3223 1252 λόγιον
3243 1182 3307 1237 ὲκ
3334 1180 3427 1235 τοῦ
3463 1181 3730 1251 πελάγους

2156 1277 2249 1331 καὶ
2278 1276 2388 1331 τῶν
2417 1276 2670 1331 ’Ἄλπεων
2701 1274 2854 1348 ἥξειν
2878 1277 3003 1340 τοὺς
3030 1278 3096 1347 τῇ
3131 1273 3283 1329 πόλει
3317 1274 3411 1330 καὶ
3431 1276 3562 1347 ἡμῖν
3594 1276 3736 1343 ἀμυο

2157 1368 2417 1431 νοῦντα;’
2475 1367 2570 1422 καὶ
2623 1368 2852 1430 τούτους
2902 1367 3108 1430 πάντες
3145 1361 3289 1420 εἶδον
3337 1366 3437 1436 τὴν
3483 1366 3582 1434 μὲν
3627 1365 3741 1419 τῶν

2159 1460 2458 1532 βαρϐάρων
2501 1460 2663 1531 ὓϐριν
2725 1461 3026 1531 στορέσειν,
3069 1457 3408 1529 ἀναγκάσειν
3460 1456 3507 1511 δ’
3543 1455 3743 1533 αύτοῦς

2154 1552 2380 1624 ὕστερον
2418 1551 2714 1617 δουλεύειν,
2747 1546 2824 1609 ὧν
2861 1553 3130 1622 πρότερον
3179 1545 3352 1623 ἦρχον
3375 1566 3389 1580 ·
3423 1550 3521 1603 καὶ
3567 1547 3738 1610 οὕτως

2154 1645 2212 1696 ὲν
2225 1644 2363 1706 ’ταῖς
2394 1641 2501 1696 τῶν
2536 1642 2835 1713 βαρϐάρων
2863 1641 3062 1711 ψυχαῖς
3097 1639 3347 1711 ἢκμαζεν
3379 1638 3466 1692 ἀεὶ
3492 1637 3649 1691 τοῦτο
3679 1636 3741 1689 τδ

459 1755 679 1809 semper
712 1737 913 1794 animis
963 1739 1239 1810 vigentem
1274 1737 1501 1799 habent,
1536 1745 1598 1792 ut
1632 1736 1948 1807 ubicunque
1983 1736 2053 1792 ad

2157 1732 2291 1800 δέος,
2356 1731 2492 1787 ὥσθ’
2527 1734 2690 1787 ὁπότε
2753 1730 3103 1794 συνελθόντες
3163 1729 3524 1802 βουλεύοιντο,
3582 1728 3741 1783 τοῦτο

459 1829 884 1886 deliberandum
910 1829 1307 1894 convenerint,
1344 1828 1451 1884 hoc
1499 1828 1772 1896 obtineat,
1814 1828 1960 1883 haud
1995 1829 2052 1883 in

2153 1827 2331 1894 νικᾷν,
2368 1827 2445 1897 μὴ
2475 1825 2586 1878 δεῖν
2620 1826 2767 1895 πέρα
2794 1810 2891 1878 τού
2924 1824 3153 1895 μετρίου
3203 1824 3272 1894 τῇ
3310 1823 3445 1891 πρὸς
3471 1823 3617 1892 ἡμᾶς
3648 1837 3739 1875 κε-

460 1936 563 1977 nos
611 1921 1034 1977 immoderatius
1078 1936 1204 1978 esse
1251 1920 1444 1991 iniqua
1495 1921 1785 1976 vexatione
1818 1920 2053 1975 abuten-

2157 1919 2393 1991 χρῆσθαι
2422 1917 2736 1990 πλεονεξίᾳ·
2766 1915 2902 1971 ἀλλὰ
2932 1915 3074 1969 κατὰ
3105 1914 3302 1984 μικρὸν
3322 1915 3468 1986 ἡμᾶς
3491 1913 3735 1979 ἀναλοῦν,

458 2016 618 2084 dum,
649 2017 745 2072 sed
799 2017 1063 2088 paulatim
1094 2032 1218 2073 esse
1251 2017 1692 2084 consumendos,
1728 2033 1829 2074 nec
1877 2019 1931 2075 in
1960 2019 2057 2074 de-

461 2109 838 2179 sperationem
870 2109 1170 2181 cogendos,
1205 2125 1276 2164 ne
1300 2110 1529 2165 omnino
1562 2109 1655 2165 illa
1686 2110 1959 2180 persuasi,
1987 2110 2058 2166 ad

442 2216 558 2257 eos
608 2203 1019 2274 confugiamus,
1068 2203 1166 2272 qui
1205 2203 1374 2259 modo
1421 2212 1622 2272 sponte
1659 2202 1888 2268 adsunt,
1936 2214 2058 2258 tan-

459 2308 629 2365 quam
660 2310 728 2348 co
749 2305 955 2351 eventu
1009 2294 1150 2351 nihil
1197 2293 1306 2349 illis
1350 2294 1636 2365 expeditio
1676 2309 1742 2350 ac
1770 2294 2057 2349 contentio

458 2385 813 2440 conducibile
848 2386 1113 2440 habeant.
1137 2384 1335 2439 Fauste
1368 2385 1558 2455 itaque
1590 2399 1754 2441 omen
1785 2385 2058 2456 suscipia-

460 2488 606 2536 mus,
635 2477 725 2530 cui
766 2486 823 2531 et
857 2476 1042 2531 hostes
1073 2476 1333 2547 sull‘ragio
1363 2477 1679 2541 accedant;
1713 2491 1820 2532 nec
1860 2492 2053 2532 eorum

461 2576 589 2622 vola
624 2575 739 2621 rata
772 2566 1063 2622 faciamus.
1090 2565 1308 2637 Quippe
1341 2568 1615 2622 absonum
1640 2567 1840 2622 merito
1866 2567 2058 2623 videa-

2156 2011 2282 2082 μηδ⁹
2315 2010 2631 2078 ἀπόγνωσιν
2673 2010 2805 2079 ἡμῖν
2846 2008 3121 2078 ἐμποιεῖν,
3163 2006 3304 2060 ὥστε
3344 2005 3420 2078 μὴ
3458 2005 3735 2068 παντελῶς

2154 2105 2517 2173 ἀπογνόντας,
2556 2103 2652 2156 ἐπὶ
2680 2101 2909 2163 τούτους
2943 2103 3337 2170 καταφεύγειν,
3378 2098 3429 2152 οἳ
3463 2098 3558 2154 νῦν
3583 2099 3737 2153 αὐτό-

2158 2214 2321 2268 ματοι
2353 2196 2634 2266 πάρεισιν,
2649 2194 2725 2259 ὡς
2757 2194 2867 2247 τότ’
2901 2193 3090 2255 αὐτοῖς
3118 2191 3496 2259 ἁντεπεξιέναι
3525 2192 3616 2245 καὶ
3646 2207 3738 2262 φι-

2155 2290 2418 2344 λονεικεῖν
2449 2291 2511 2341 ού
2530 2289 2798 2342 συνοῖσον.
2824 2286 3120 2357 Δεχώμεθα
3146 2285 3203 2339 δὲ
3231 2287 3323 2339 τὸν
3352 2285 3537 2339 οἰωνὸν
3560 2285 3736 2356 ἀγαθῇ

2136 2382 2321 2452 κτύχῃ,
2352 2376 2397 2450 ᾧ
2420 2381 2516 2435 mi.
2542 2381 2610 2433 τὰ
2627 2379 2781 2449 παρὰ
2809 2378 2918 2431 τῶν
2948 2376 3159 2449 ἐχθρῶν
3186 2375 3618 2447 σύμψηφεζεταιο
3643 2375 3741 2432 καὶ

2167 2474 2244 2542 μὴ
2271 2472 2461 2542 κυρίας
2489 2474 2588 2534 τὰς
2619 2470 2785 2540 εὐχάς
2820 2470 2935 2532 τοῖς
2959 2469 3261 2539 βαρϐάροις
3284 2468 3549 2537 ποιῶμεν.
3579 2468 3741 2520 Ἀτο-

2166 2583 2267 2619 πον
2298 2567 2405 2634 γὰρ
2433 2564 2660 2618 ἐκείνων
2691 2562 2865 2616 ταῦτα
2898 2562 3321 2632 πεφοϐημένων,
3349 2562 3444 2615 καὶ
3470 2560 3559 2614 διὰ
3584 2561 3741 2616 τοῦτο

362 2835 366 2843 ’
464 2844 715 2913 beamus,
750 2846 945 2912 sicque
997 2842 1241 2897 hostium
1309 2841 1603 2912 cupiditati
1637 2842 1924 2911 cooperari
1984 2842 2065 2895 \i-

455 2666 577 2720 tur,
614 2665 674 2709 ut
708 2671 833 2710 eum
884 2656 959 2710 illi
1002 2656 1253 2722 timeant,
1288 2671 1470 2726 exque
1520 2664 1692 2722 metu,
1729 2654 1877 2710 domi
1915 2658 2066 2711 viros

464 2764 693 2803 manere
734 2757 1052 2817 precentur,
1106 2749 1332 2804 eosdem
1389 2749 1504 2819 ipsi
1544 2747 1833 2803 venientes
1871 2748 2065 2817 prohi-

2165 2657 2476 2728 εὐχομένων
2516 2655 2655 2709 οἶκοι
2697 2655 2882 2726 μένειν
2920 2656 3049 2718 τοὺς
3087 2654 3309 2725 ἄνδρας,
3340 2654 3487 2724 ἡμᾶς
3513 2651 3741 2708 κωλύειν

2167 2751 2362 2812 αὐτοὺς
2387 2749 2625 2819 ἥκοντας
2644 2763 2658 2778 ·
2697 2746 2793 2801 καὶ⁸
2821 2746 2966 2800 οὕτω
2988 2748 3099 2810 τοῖς
3128 2745 3410 2815 πολεμίοις
3440 2760 3745 2814 συγκατερ-

2166 2841 2432 2911 γάζεσθαι
2459 2840 2635 2894 δοκεῖν
2660 2839 2757 2910 τὴν
2788 2837 3111 2910 ἐπιθυμίαν.

457 2935 717 3005 deamur.

1772 3126 1835 3132 _._.
1856 3126 1955 3133 ’.η
1972 3125 2329 3133 ._-—.—__.—.—.

2340 3127 2763 3137 —————__..._.__._.

502 3137 3061 3157 Hm—o—M

1237 3279 1693 3344 ’ΜΟΝΙΤΠΜ
1727 3279 1828 3344 ΙΝ
1869 3277 2375 3344 ΟΒΑΤΙΟΝΕΜ
2415 3281 2948 3356 SEQUENTEM

1891 3429 2167 3493 (Conusrls.
2208 3419 2353 3493 ibid.)

495 3726 504 3737 η
553 3656 722 3713 Multa
752 3655 1028 3715 Laonicus
1059 3657 1129 3725 de
1160 3655 1449 3732 Gallipoli,
1464 3671 1628 3729 quam
1657 3656 1754 3712 lib.
1790 3672 1842 3713 ιν
1870 3655 2029 3710 πόλιν
2054 3658 2349 3727 εὐδαίμονα
2381 3666 2561 3714 vocat.
2605 3656 2922 3715 Tenuerant
2962 3642 3176 3730 tempus
3217 3659 3441 3732 aliquod
3472 3661 3743 3731 Catalani,

469 3746 671 3812 Turcaa
703 3755 758 3811 in
800 3753 1078 3825 Europam
1114 3756 1578 3820 transmittentes,
1615 3753 1731 3810 fere
1772 3755 1825 3807 in
1857 3768 1942 3820 ea,
1975 3754 2195 3837 urbium
2228 3754 2465 3824 primam
2499 3769 2614 3810 suae
2642 3755 2873 3813 ditionis
2921 3755 3186 3827 fecerant,
3235 3775 3409 3830 eaque
3440 3761 3594 3837 potiti
3648 3763 3758 3820 im-

470 3852 684 3908 mensis
711 3851 980 3923 deinceps
1014 3852 1269 3909 elacibus
1300 3851 1623 3908 Grmcorum
1656 3850 2055 3922 rempublicam
2083 3850 2387 3917 adiecerant
2417 3868 2433 3906 :
2466 3868 2703 3923 quormn
2734 3855 2844 3925 jam
2877 3855 2979 3910 sub
3011 3855 3262 3929 Bajazete
3290 3859 3535 3932 reliquiae
3557 3862 3754 3920 deleta:

461 3957 681 4021 essent,
714 3964 779 4004 ac
805 3957 967 4019 capta
1002 3947 1544 4018 Constantinopolis,
1574 3946 1684 4003 nisi
1717 3946 1981 4003 Temeres
2013 3946 2216 4019 Scytha
2248 3947 2509 4005 eumdem
2557 3949 2855 4008 delevisset
2891 3968 2959 4012 ac
3011 3959 3280 4013 tantillqu
3318 3959 3420 4014 sub
3447 3958 3755 4017 Machmete

460 4044 589 4114 ejus
622 4042 734 4097 tilio
764 4047 1050 4112 respirare
1083 4041 1329 4098 sivisset.
1363 4040 1444 4096 Eo
1480 4039 1758 4096 exstincto
1783 4047 1850 4097 ac
1877 4040 2142 4095 Amurate
2173 4040 2400 4117 ineunte
2433 4043 2757 4117 imperium,
2780 4048 2833 4103 ei
2879 4024 3054 4105 Grani
3098 4050 3442 4122 Mustapham
3474 4050 3755 4121 objecere,

470 4153 599 4193 cum
640 4153 753 4208 quo
788 4141 959 4195 etiam
999 4134 1632 4219 ceperunLCallipolim
1669 4138 1848 4194 eidem
1898 4138 2195 4194 facientem
2242 4138 2637 4205 deditionem:
2691 4144 2861 4216 idque
2914 4162 3085 4201 unum
3134 4146 3251 4203 fere
3319 4148 3493 4203 Graeci
3542 4148 3757 4219 βιαιωῘὶ

463 4232 593 4287 loco
620 4230 952 4287 videbantur
991 4246 1021 4285 a
1059 4218 1351 4300 Mustapha
1379 4231 1626 4303 exigere,
1659 4239 1722 4286 ut
1750 4247 1945 4288 eorum
1999 4231 2289 4307 Callipolis
2321 4236 2551 4295 ditionis
2596 4237 2793 4306 iteret;
2824 4239 2972 4310 quod
3017 4248 3197 4295 tamen
3230 4239 3423 4302 Turcas
3448 4218 3567 4296 eam
3600 4239 3759 4296 inco-

461 4328 647 4383 Ιθιιιθθ
688 4327 978 4397 miserrime
1012 4324 1311 4395 ferebant;
1363 4342 1587 4387 acritec
1629 4329 1983 4405 acquievisse
2025 4333 2334 4406 Mustapba:
2381 4334 2591 4391 volenti
2645 4334 2888 4401 tradere,
2937 4335 3102 4392 tradit
3148 4335 3458 4404 Laonicus;
3507 4350 3755 4407 pmsens

470 4431 656 4479 tamen
687 4419 1043 4486 deliberatio,
1077 4420 1245 4491 pleno
1275 4422 1403 4492 jure
1432 4421 1748 4498 subiectam
1807 4424 2017 4484 Graecis
2069 4428 2352 4484 civitatem
2392 4428 2616 4484 videtur
2654 4427 3007 4500 signiﬁcare;
3057 4444 3163 4486 nec
3217 4444 3286 4485 eo
3331 4431 3495 4487 modo
3532 4438 3752 4501 captam

464 4531 584 4586 quo
614 4515 773 4583 ponit
804 4512 1104 4581 Laonicus,
1134 4515 1229 4570 sed
1263 4531 1295 4575 ιι
1326 4517 1540 4578 Latinis
1563 4537 1629 4579 ac
1653 4525 1881 4591 comite,
1915 4524 2010 4596 qui
2044 4539 2055 4578 ε

2157 4524 2296 4580 sidio
2326 4523 2608 4590 venissent
2637 4523 2881 4592 Graecis,
2917 4525 3034 4583 sola
3064 4525 3119 4581 in
3151 4541 3250 4582 eos
3271 4526 3473 4596 pietate
3496 4540 3561 4582 ac
3583 4524 3755 4580 mise-

473 4610 717 4673 ricordia
751 4610 914 4677 moti,
940 4611 1092 4681 quod
1123 4611 1476 4675 Christianos
1504 4620 1764 4676 homines
1811 4620 1895 4676 sic
1947 4635 1978 4674 a
2019 4620 2281 4676 Barbaris
2333 4635 2398 4676 ac
2439 4621 2628 4693 impiis
2678 4622 2968 4680 audissent
3018 4623 3160 4679 male
3217 4621 3443 4691 haberi;
3478 4635 3609 4678 num
3660 4619 3758 4677 ille

472 4705 720 4759 auctoris
751 4718 943 4763 omnes
971 4708 1044 4764 sit
1070 4707 1320 4781 Smyrnae
1351 4710 1632 4782 princeps,
1662 4727 1829 4776 quem
1859 4711 2135 4769 Laouicus
2174 4712 2491 4769 Graecorum
2519 4714 2698 4785 copiis
2730 4716 2943 4772 socium
2996 4716 3295 4770 accessisse
3322 4712 3509 4779 tradit,
3540 4712 3758 4769 tuenda

437 4793 615 4891 .parti
645 4792 953 4869 idustapbae
987 4814 1053 4855 ac
1086 4801 1369 4872 capienda:
1396 4803 1698 4876 Gallipoli?
1733 4803 1800 4860 Ut
1831 4813 1890 4859 ut
1950 4805 2174 4874 habeat,
2229 4806 2424 4873 habes,
2479 4808 3027 4881 Cbristianopolitice
3072 4809 3271 4876 lector,
3303 4823 3418 4880 quo
3449 4804 3747 4863 Turcarum

472 4890 773 4960 dtgnoscas
807 4892 1111 4959 solertiam,
1143 4903 1202 4951 et
1228 4903 1289 4951 ut
1318 4895 1396 4952 ita
1428 4897 1599 4954 rebus
1624 4898 1908 4963 auxerint,
1943 4898 2195 4968 quaesitis
2220 4914 2286 4955 ae
2314 4914 2416 4956 suo
2439 4900 2672 4973 adjectis
2696 4901 2946 4959 dominio
2967 4905 3270 4959 commodis
3296 4901 3550 4966 urbibus,
3582 4912 3756 4970 quan-

475 4997 705 5057 tumque
735 5002 843 5042 una
880 4987 1012 5043 urbs
1036 4987 1221 5059 aliqua
1264 4989 1461 5048 afferat
1506 4993 1675 5050 rebus
1719 4997 2007 5053 momenti.
2043 4991 2183 5050 Vide
2232 4995 2377 5067 apud
2411 4994 2813 5052 Leunclavium
2846 4995 3188 5068 deploratam
3239 4995 3559 5052 Graecorum
3597 4994 3758 5048 ἀναι-

476 5080 734 5152 conum,
774 5090 935 5152 capta
964 5094 996 5135 a
1023 5080 1221 5139 Turcis
1255 5085 1499 5156 primum
1531 5101 1597 5143 ea
1630 5088 1792 5154 urbe,
1830 5102 1929 5142 seu
1968 5087 2091 5145 leve
2122 5087 2383 5143 damnum
2425 5088 2637 5144 illatum
2662 5098 2844 5155 esset;
2891 5088 3242 5161 subindeque
3292 5100 3586 5160 regnorum
3618 5085 3762 5140 inte-

472 5180 698 5245 grorum
747 5190 847 5246 per
875 5185 1100 5234 nostros
1154 5179 1531 5248 amissionem,
1586 5178 1819 5236 ludente
1870 5180 2080 5252 Cypro,
2137 5197 2205 5238 ac
2250 5181 2399 5247 aliis,
2436 5182 2683 5238 fabulam
2716 5197 2731 5237 :
2764 5191 2934 5253 tuque
2984 5182 3227 5255 idipsum
3277 5179 3587 5238 Christiana
3626 5189 3761 5233 vere

474 5269 681 5341 pietate
716 5287 780 5327 ac
808 5287 1000 5343 sensu,
1028 5274 1193 5332 modo
1223 5276 1280 5332 in
1305 5274 1471 5333 Creta
1507 5275 1775 5347 deplora:
1808 5290 1913 5335 nec
1936 5278 2060 5349 ejus
2094 5286 2257 5350 putes
2287 5264 2569 5334 montibus
2616 5276 2920 5335 sistendam
2971 5278 3268 5345 ﬂammam,
3305 5285 3458 5333 utne
3483 5274 3759 5346 reliquum

469 5364 667 5420 orbem
722 5363 1124 5439 Christianum,
1180 5369 1288 5427 nisi
1348 5368 1786 5443 expergiscimur
1840 5385 1905 5427 ac
1970 5374 2179 5429 sentire
2237 5370 2573 5443 incipimus,
2632 5373 2719 5430 vel
2775 5372 2892 5431 Deo
2940 5373 3243 5430 ulciscente
3311 5370 3452 5428 dura
3504 5368 3759 5437 viscera,

468 5458 755 5530 depascat.
