4068 6510
435 409 583 475 1009‘

1273 422 1558 487 omne
1598 426 1698 487 DE
1740 426 1893 488 NON
1928 382 2345 491 REbDENDA
2385 427 2803 490 CALLIPOLI‘.

3515 398 3675 485 toto?

435 613 3627 646 MM

1515 781 1863 916 ΤΟΥ
1969 774 2563 919 ΑΥΤΟΥ

994 1023 2373 1146 ΣΥΜΒΟΥΛΕΥΤΙΚΟΣ
2488 1025 3073 1143 ΕΤΕΡΟΣ

1321 1252 1643 1338 ΠΕΡΙ
1735 1252 2764 1343 ΚΑΛΛΙΠΟΛΕΩΣ

1510 1433 1947 1491 ΑΙΤΗΣᾹΝΤΟΣ
1982 1436 2121 1492 ΤΟΥ
2151 1437 2535 1494 ΜΟΥΡΛΤΟΥ

1586 1766 2463 1926 EJUSDEM

1141 2062 1601 2154 ORATIO
1648 2062 1924 2153 ALIA
2027 2065 2927 2161 DELIBEllATlVA

957 2265 1066 2327 DE
1103 2263 1270 2325 NON
1316 2254 1770 2344 REDDENDA:
1800 2262 2225 2328 CALLIPOLI
2270 2266 2642 2330 PETENTE
2689 2267 3105 2331 AMURATE.

481 2563 633 2617 Ἔδει
668 2563 788 2633 μὲν,
826 2554 871 2615 ὦ
925 2559 1141 2631 ἄνδρες,
1202 2559 1278 2628 μὴ
1330 2561 1461 2627 περὶ
1517 2558 1781 2611 τοιούτων
1831 2559 2019 2628 ὴμᾶςι

2158 2559 2258 2613 Par
2293 2559 2539 2630 quidem,
2578 2559 2883 2621 auditores,
2917 2571 3057 2624 crat,
3096 2575 3165 2615 ne
3194 2559 3264 2616 de
3300 2560 3367 2618 iis
3397 2562 3673 2620 delibera-

406 2656 568 2729 ἣκειν
596 2651 1080 2726 βουλευσομένους,
1134 2652 1194 2717 ἐξ
1234 2644 1310 2706 ὧν
1347 2650 1611 2719 ὁποτέρου
1652 2649 1982 2719 συμϐάντος,

411 2749 675 2821 αἰσχύνην
728 2746 823 2801 καὶ
856 2744 1104 2799 κίνδυνον
1140 2741 1356 2811 ἀνάγκη
1389 2744 1457 2813 τῇ
1507 2741 1659 2796 πόλει
1695 2741 1986 2809 προσγίνε-

414 2841 559 2906 σθαι,
592 2838 726 2893 ἀλλὰ
755 2838 885 2909 περὶ
919 2836 1029 2890 τῶν
1066 2833 1423 2903 ἐνδοξοτέρων
1453 2849 1514 2886 τε
1564 2831 1660 2887 καὶ
1700 2831 1988 2903 βελτιόνων

412 2935 545 3004 ἡμῖν
577 2926 717 2986 εἶναι
756 2929 850 2983 τὸν
900 2927 1060 2996 λόγον
1081 2944 1099 2960 ο
1147 2926 1324 2989 ἄλλως
1374 2942 1432 2978 τε
1480 2926 1575 2979 καὶ
1626 2925 1724 2995 τῆς
1778 2924 1987 2987 πόλεως

417 3025 551 3095 ¹ἡμῖν
578 3024 640 3077 ἐν
678 3023 800 3085 ταῖς
847 3021 1058 3083 κοιναῖς
1111 3017 1397 3089 πράξεσιν,
1452 3016 1606 3070 οὐδὲν
1657 3014 1878 3069 πώποτε
1912 3014 1988 3084 μὴ

415 3114 729 3184 φιλοτιμίας
766 3112 862 3166 καὶ
899 3111 1056 3181 δόξης
1088 3109 1366 3179 ἐχόμενον,
1400 3106 1778 3179 ἀνασχομένης
1815 3106 1988 3161 ἐνδεί-

414 3207 665 3260 κνυσθαι.
694 3203 848 3257 Ἐπεὶ
869 3202 927 3256 δὲ
949 3201 1011 3255 τὸ
1037 3201 1137 3270 μὲν
1163 3199 1412 3270 εὐτυχεῖν
1442 3199 1534 3253 καὶ
1569 3198 1782 3269 μεγάλα
1816 3199 1993 3270 πράτ-

415 3314 527 3350 τειν
572 3295 720 3368 ἡμᾶς
758 3292 1116 3348 ὑπολέλοιπεν
1148 3289 1273 3360 ἤδη,
1335 3289 1704 3358 πεπράγαμεν
1750 3287 1806 3341 δὲ
1847 3286 1989 3340 οὕτω

415 3387 622 3451 κακῶς,
658 3384 800 3440 ὥστε
830 3385 944 3446 τοῖς
992 3380 1123 3453 παρ’
1166 3381 1301 3451 ἡμῖν
1353 3378 1611 3450 ῥήτορσιν
1655 3376 1819 3447 ἔργον
1853 3373 1989 3429 εἶναι

371 3491 381 3501 ’
413 3479 522 3534 τῶν
553 3474 962 3549 προτιθεμένων
996 3473 1084 3527 ἀεὶ.
1128 3469 1316 3525 κακῶν
1356 3470 1418 3524 τὸ
1466 3470 1797 3539 κουφότερον
1835 3468 1993 3533 ἐξευ-

416 3571 631 3643 ρίσκειν
654 3586 668 3600 ·
710 3567 766 3621 τί
791 3566 980 3621 λοιπὸν
1009 3564 1042 3636 ἢ
1078 3563 1199 3634 Θεῷ
1242 3562 1344 3632 μὲν
1381 3560 1642 3632 εὔχεσθαι
1673 3561 1802 3632 περὶ
1834 3561 1992 3631 ήμῶν

421 3659 789 3733 μετριώτερόν
822 3675 909 3712 ’τι
959 3654 1355 3728 βουλεύσασθαι
1380 3697 1397 3721 ,
1454 3655 1654 3718 αὐτοὺς
1695 3655 1752 3708 δὲ
1783 3653 1992 3722 λελογι-

416 3757 633 3826 σμένως
686 3754 754 3824 τῇ
806 3749 1061 3822 παρούσῃ
1110 3748 1248 3820 τύχῃ
1303 3748 1642 3820 χρωμένους,
1700 3748 1993 3815 πειρᾶσθαι

420 3845 619 3912 σώζειν
643 3845 840 3908 αὐτοὺς
871 3843 978 3907 ἕως
1007 3842 1211 3909 ἔξεστι,
1263 3842 1358 3895 καὶ
1400 3841 1474 3911 μὴ
1505 3839 1697 3910 ῶσπερ
1724 3838 1993 3908 ἀπογνόν-

418 3955 540 4003 τας,
578 3936 677 4006 τὴν
710 3935 818 3988 τῶν
851 3932 1134 4004 προγόνων
1175 3932 1380 4002 ἀρετήν
1418 3948 1477 3985 τε
1529 3932 1627 3985 καὶ
1668 3931 1827 3998 δόξαν
1858 3947 1994 4002 προ-

418 4028 601 4084 δοῦναι
627 4028 999 4095 παντάπασιν,
1059 4024 1174 4080 ἀλλ’
1194 4026 1258 4079 ὲκ
1296 4024 1406 4078 τῶν
1434 4025 1676 4079 δυνατῶν
1701 4026 1782 4087 εἰς
1812 4026 1997 4077 ἐκεῖνα

424 4121 708 4192 φαίνεσθαι
729 4120 798 4175 τὰ
834 4118 1258 4191 παραδείγματα
1284 4118 1381 4172 καὶ
1414 4117 1509 4170 νῦν
1535 4116 1947 4180 ἀποϐλέποντας
1978 4132 1991 4148 ·

433 4211 500 4267 Ἢ
526 4212 624 4280 μὲν
651 4210 744 4266 οὖν
780 4209 946 4281 βουλὴ
982 4209 1078 4262 καὶ
1121 4210 1154 4277 ή
1198 4207 1523 4277 καθημέραν
1548 4207 1810 4276 γινομένη
1858 4206 1996 4276 πρὸς

424 4304 691 4374 ἀλλήλους
720 4304 781 4356 ὲν
820 4303 940 4366 ταῖς
967 4300 1292 4372 ἐκκλησίαις
1320 4297 1607 4366 ἀντιλογία·
1633 4297 1762 4368 περὶ
1790 4297 1899 4350 τῶν
1938 4296 1997 4350 ὲν

423 4395 755 4469 Χερρονήσῳ
791 4391 1139 4461 πραγμάτων
1184 4390 1303 4443 ἐστὶ
1342 4388 1440 4442 καὶ
1462 4387 1562 4458 τῆς
1592 4386 1996 4454 Καλλιπόλεωςς

423 4488 490 4557 ῆν
517 4485 546 4540 ό
570 4486 870 4556 Μουρέιτης
908 4482 1041 4552 παρ’
1074 4481 1234 4550 ἡμῶν
1260 4481 1404 4549 ὑπὲρ
1449 4479 1550 4548 τῆς
1579 4480 1803 4549 εἰρήνης
1831 4480 1994 4531 αἰτεῖ.

429 4578 536 4631 Καὶ
568 4578 627 4631 τό
670 4594 733 4645 γε
770 4575 1024 4630 πλεῖστον
1056 4577 1159 4645 τῆς
1207 4572 1435 4637 πόλεως,
1473 4573 1565 4625 καὶ
1610 4572 1721 4625 τῶν
1758 4570 2000 4640 συμϐου·

426 4650 606 4720 λεύειν
655 4665 946 4731 εἰωθότων,
988 4666 1125 4735 φασὶ
1174 4662 1283 4718 δεῖν
1330 4662 1430 4734 ἤδη
1484 4662 1724 4728 διδόναι,
1774 4663 1873 4716 καὶ
1924 4663 1998 4733 μὴ

431 4757 645 4830 μέλλειν
693 4757 771 4822 ὡς
826 4758 920 4811 καῖ
976 4757 1079 4828 τῆς
1129 4755 1402 4827 ἀναϐολῆς
1461 4756 1699 4826 φανερὸν
1753 4756 2000 4810 κίνδυνον

427 4850 662 4922 ἐχούσης
719 4852 785 4921 τῇ
815 4850 992 4905 πόλει.
1009 4846 1152 4916 Ἐγὼ
1173 4848 1220 4902 δ’
1242 4845 1480 4918 ἐσχάτης
1510 4848 1737 4918 ἀτυχίας
1764 4847 2004 4915 νομίζων

426 4944 524 5015 οὐχ
548 4943 765 5005 ὅτιτῶν
807 4940 1083 5014 πολεμίων
1116 4938 1685 5012 προσληψόμεθα,ἀλλ’
1732 4941 1823 4994 ὅτι
1879 4940 2004 4995 τού-

428 5055 543 5104 τοις
586 5035 937 5110 προησόμεθα
987 5032 1097 5088 τῶν
1147 5033 1433 5104 ἡμετέρων
1475 5031 1864 5103 βουλεύεσθαι,
1912 5030 2004 5086 ἐπὶ

368 5138 373 5143 ’
428 5129 606 5201 τούτῳ
644 5128 866 5201 μάλιστ’
897 5125 965 5181 ἂν
994 5124 1164 5197 φαίην
1197 5125 1551 5192 ἀγανακτεῖν,
1583 5123 1667 5176 ὅτι
1698 5122 1826 5186 τοὺς
1858 5119 2007 5175 πλεί-

2091 2654 2200 2707 turi
2238 2654 2291 2708 in
2331 2654 2622 2710 consilium
2656 2669 3000 2724 cogeremur,
3043 2670 3108 2710 ex
3137 2653 3360 2725 quibus,
3395 2660 3668 2714 utrumvis

2091 2744 2322 2813 accidat,
2355 2746 2616 2817 probrum
2661 2745 2783 2802 urbi
2827 2762 2889 2803 ac
2941 2747 3247 2817 periculum
3295 2751 3539 2813 accedat,
3572 2766 3673 2806 ue-

2091 2851 2246 2893 cessc
2273 2838 2345 2894 sit
2372 2855 2387 2906 ;
2420 2838 2515 2895 sed
2555 2847 2615 2893 ut
2646 2853 2746 2909 pro
2781 2838 2849 2893 iis
2875 2855 2999 2908 quae
3034 2839 3296 2911 majorem
3322 2839 3529 2898 habent
3555 2843 3676 2914 glo-

2092 2929 2227 2984 riam
2259 2943 2323 2985 ae
2364 2938 2492 2984 sunt
2522 2932 2756 2999 potiora,
2789 2929 2950 2985 nobis
2991 2938 3138 2986 esset
3181 2931 3491 2997 orandum;
3544 2948 3671 2989 c't'n

2095 3017 2299 3087 alioqui
2331 3018 2497 3074 etiam
2528 3032 2716 3074 nos:ra
2746 3017 2959 3082 civitas,
2981 3018 3119 3073 nihil
3150 3034 3390 3089 unquam
3428 3021 3481 3074 in
3519 3036 3672 3076 com-

2094 3108 2357 3166 munibus
2393 3109 2727 3176 actionibus,
2775 3126 2884 3165 non
2940 3111 3290 3183 magniﬁcum
3343 3128 3406 3168 ac
3439 3115 3680 3185 glorian-

2095 3201 2327 3267 habeus,
2359 3202 2654 3258 ostendere
2682 3203 3037 3258 sustinuerit.
3082 3203 3219 3270 Quia
3267 3219 3401 3259 vero
3433 3221 3533 3261 nos
3557 3207 3670 3278 jam

2094 3289 2346 3357 felicitas,
2378 3302 2435 3348 et
2466 3300 2526 3347 ut
2557 3307 2752 3362 magna
2800 3293 3176 3363 designemus,
3219 3294 3448 3362 defecit,
3502 3298 3673 3351 adeo-

2095 3397 2203 3452 que
2227 3383 2369 3439 male
2396 3392 2582 3439 actum
2613 3383 3042 3451 esLnobiscutn,
3074 3392 3136 3439 ut
3171 3401 3341 3441 unum
3384 3387 3435 3442 id
3473 3391 3685 3444 nostris-

2090 3473 2203 3544 jam
2258 3473 2573 3528 oratoribus
2618 3474 2923 3540 incumbat,
2974 3483 3035 3530 ut
3071 3476 3124 3530 in
3164 3477 3321 3532 malis
3355 3480 3673 3549 propositis,

2096 3565 2244 3636 quod
2269 3566 2342 3623 sit
2370 3567 2549 3623 levius
2591 3566 2895 3633 inveniant,
2941 3569 3071 3639 quid
3103 3581 3380 3641 superest,
3407 3588 3568 3642 quam
3614 3584 3681 3647 ut

2096 3658 2269 3715 Deum
2310 3673 2604 3728 precemur
2634 3658 2855 3715 mitiora
2885 3658 2953 3715 de
2984 3660 3146 3717 nobis
3178 3660 3477 3718 decernere
3506 3680 3522 3729 ;
3551 3680 3681 3720 nos-

2096 3765 2206 3821 que
2257 3750 2383 3820 ipsi,
2414 3752 2670 3821 preescnti
2701 3750 2915 3809 fortuna
2963 3767 2994 3808 e
3020 3753 3236 3808 ratione
3288 3769 3352 3809 ac
3386 3756 3677 3824 prudentia

2098 3851 2339 3909 utentes,
2373 3850 2575 3899 nostrae
2608 3842 2854 3914 ipsorum
2881 3843 3065 3910 saluti,
3085 3844 3348 3914 quamdiu
3383 3846 3531 3913 licet,
3564 3860 3681 3904 stu-

2097 3936 2327 3991 deamus
2352 3934 2664 4001 consulere,
2690 3948 2800 3989 non
2824 3934 2976 3990 velut
3003 3934 3394 4006 desperatione
3418 3940 3546 4009 acti,
3567 3956 3682 3995 ma-

2058 4030 2061 4033 ‘
2092 4027 2277 4097 jorum
2311 4024 2569 4080 virtutem
2616 4038 2681 4079 ac
2724 4024 2954 4094 gloriam
2985 4027 3215 4083 omnino
3262 4029 3497 4098 prodere
3530 4048 3545 4084 :
3579 4032 3676 4086 sed

2096 4128 2198 4184 pro
2235 4112 2403 4180 virili,
2440 4113 2495 4167 in
2526 4112 2617 4168 illa
2660 4113 2835 4168 videri
2888 4115 3141 4185 exempla
3190 4118 3488 4187 reSpicere.
3519 4120 3678 4188 Quod

2096 4207 2286 4273 itaque
2335 4207 2586 4276 agitatur
2612 4203 2929 4269 consilium,
2961 4219 3026 4259 ac
3073 4205 3309 4262 invicem
3356 4210 3691 4279 quotidiana

2099 4296 2188 4351 illa
2214 4296 2501 4352 nobiscum
2535 4295 2773 4368 publicis
2795 4298 3166 4355 conventibus
3199 4301 3585 4368 contradictio,
3623 4307 3679 4359 in

2097 4388 2428 4445 Chersonesi
2460 4389 2623 4444 rebus
2641 4396 2987 4458 versatur,ac
3013 4389 3167 4447 urbis
3191 4389 3493 4462 Callipolis,
3516 4410 3679 4464 quam

2101 4482 2340 4536 Murates
2381 4496 2410 4536 a
2444 4482 2607 4537 nobis
2636 4496 2739 4552 pro
2783 4496 2918 4553 pace
2949 4484 3109 4553 petit.
3154 4483 3233 4538 Ac
3267 4500 3400 4540 vero
3445 4488 3680 4542 maxima

2100 4571 2339 4651 civitatis
2365 4586 2513 4643 pars,
2552 4585 2855 4642 eorumque
2884 4574 2979 4643 qui
3006 4579 3138 4629 sunt
3171 4589 3201 4629 a
3234 4575 3500 4642 consiliis,
3533 4580 3586 4631 in
3613 4593 3682 4633 co

2102 4664 2403 4733 conspirat,
2436 4671 2496 4718 ut
2538 4663 2774 4718 dandam
2805 4663 3025 4732 dicant,
3045 4672 3213 4736 atque
3246 4666 3298 4721 id
3350 4668 3469 4723 sine
3503 4687 3682 4732 mora,

2101 4769 2221 4825 qua:
2266 4754 2386 4823 ipsa
2427 4763 2678 4825 apertum
2719 4755 2960 4812 civitatis
3003 4757 3312 4826 periculum
3359 4760 3580 4816 habeat.
3616 4763 3684 4817 At

2103 4861 2227 4917 ego,
2279 4855 2540 4902 extrema:
2581 4862 2695 4902 rem
2749 4846 3094 4905 infelicitatis
3141 4850 3440 4919 arbitrans,
3478 4863 3537 4908 ut
3571 4871 3682 4910 non

2104 4940 2163 4995 in
2193 4953 2260 4995 eo
2296 4948 2487 4994 nostra
2529 4939 2863 5018 deliberatio
2894 4941 2986 5007 sit,
3017 4950 3079 4995 ut
3110 4940 3354 4997 hostium
3405 4959 3494 5000 res
3523 4945 3687 5003 nobis

2102 5030 2465 5096 vindicemus,
2525 5030 2618 5087 scd
2661 5042 2719 5086 ut
2769 5041 2984 5088 nostras
3033 5032 3137 5104 ipsi
3184 5020 3547 5103 dimittamus,
3583 5039 3690 5094 hoc

2109 5124 2345 5180 maxime
2374 5122 2767 5195 indignandum
2804 5124 3063 5193 dixerim,
3094 5126 3239 5196 quod
3270 5129 3563 5199 plerosque
3587 5148 3682 5185 uc-

366 5228 382 5238 '
433 5235 592 5276 στους
619 5218 730 5273 τῶν
776 5215 1039 5272 ἐναντίων
1086 5214 1261 5283 λόγων
1289 5213 1398 5267 οὐδ’
1443 5211 1806 5283 ἀνεχομένους
1853 5211 2002 5283 όρῶο

2110 5211 2332 5283 quidem
2389 5212 2728 5267 sustinentes
2777 5211 2974 5268 audire
3031 5216 3343 5271 contrarios
3402 5233 3686 5274 sermones

368 5328 375 5333 '
430 5311 546 5366 ἀλλ’
572 5310 750 5377 οὕτως
785 5310 940 5373 ὅλους
966 5309 1065 5380 τῆς
1078 5306 1340 5368 ’δουλείας
1368 5308 1464 5360 καὶ⁵
1492 5307 1587 5360 τοῦ
1618 5302 1695 5373 τῷ
1741 5304 2002 5375 βαρϐάρῳ

431 5402 754 5476 χαρίζεσθαι
792 5400 1108 5469 γεγονότας,
1147 5396 1276 5452 ὥστ’
1307 5398 1516 5454 ἐκείνου
1546 5398 1682 5469 πρὸς
1731 5397 1793 5451 τὸ
1819 5397 2005 5450 λαϐεῖν

429 5496 654 5560 τούτους
686 5492 1065 5564 ἑτοιμοτέρους
1106 5488 1245 5546 εἶναι
1286 5491 1424 5560 πρὸς
1460 5491 1522 5542 τὸ
1555 5491 1773 5543 διδόναι.
1803 5489 1870 5542 Τί
1897 5488 2006 5557 γὰρ

433 5589 502 5642 ἀν
530 5604 616 5651 τις
636 5585 780 5640 εἴποι
814 5583 951 5647 πρὸς
983 5582 1084 5653 τὴν
1131 5581 1324 5646 ἄλογον
1358 5578 1536 5634 αὐτῶν
1569 5580 1746 5649 ὁρμὴν
1779 5578 2010 5632 ἀποϐλέ-

436 5693 577 5742 πων,
607 5676 701 5730 καὶ
731 5674 792 5729 τὸ
820 5675 1114 5743 πολεμίους
1136 5674 1232 5726 καὶ
1255 5671 1521 5742 προδότας
1553 5669 1660 5722 τῶν
1692 5670 1886 5723 κοινῶν
1915 5685 2012 5722 σα·

447 5768 564 5837 φῶς
607 5764 1005 5836 ἀποφαίνεσθαι
1031 5763 1159 5825 τοὺς
1187 5762 1435 5831 ἐπισχεῖν
1479 5761 1577 5814 καὶ
1619 5758 2013 5829 βουλεύσασθαί

2110 5301 2371 5372 aspiciam
2397 5319 2413 5370 ;
2444 5301 2540 5357 sed
2588 5302 2665 5356 ita
2707 5308 2851 5357 totos
2877 5300 3094 5358 deditus
3122 5305 3397 5371 servituti,
3426 5317 3591 5376 atque
3627 5317 3687 5361 ut

2112 5394 2351 5448 Barbare
2374 5393 2650 5464 placeant,
2682 5401 2743 5448 ut
2773 5392 2974 5447 minori
3006 5393 3097 5449 ille
3124 5395 3385 5451 aviditate
3425 5397 3684 5467 accipiat,

2109 5500 2275 5555 quam
2308 5484 2398 5539 isti
2434 5483 2710 5539 desiderio
2754 5482 3017 5539 tribuant.
3055 5483 3199 5551 Quid
3236 5488 3384 5541 enim
3435 5490 3558 5559 quis
3606 5492 3689 5544 di-

2111 5585 2220 5643 cat,
2258 5575 2323 5631 ad
2354 5589 2545 5630 eorum
2594 5573 2831 5628 alienum
2868 5588 2897 5628 a
2947 5576 3158 5631 ratione
3208 5579 3470 5646 impetum
3512 5581 3689 5648 respi~

2113 5670 2302 5733 ciens;
2336 5674 2509 5735 utque
2557 5665 2762 5729 hostes,
2790 5676 2854 5718 ac
2884 5678 3067 5719 rerum
3098 5666 3274 5735 palam
3308 5671 3682 5724 communium

2117 5756 2424 5828 proditores
2451 5754 2831 5825 pronuntient,
2853 5761 2909 5807 ut
2937 5755 3060 5824 quis
3089 5753 3262 5809 obniti
3293 5752 3523 5823 γυιωθε-
3551 5760 3685 5826 quid

465 5877 518 5913 τι
542 5861 671 5929 περὶ
698 5857 885 5913 τούτου
918 5856 1124 5927 βέλτιον
1150 5852 1465 5919 ﬁta-avrae;
1501 5852 1575 5916 Οὐ
1602 5852 1708 5920 μὴν
1742 5849 1876 5903 ἀλλά
1920 5855 2016 5904 καὶ

2120 5850 2316 5907 melius
2367 5865 2466 5920 pro
2500 5847 2715 5919 negotio
2759 5846 3094 5902 consulere?
3123 5844 3446 5916 Quanquam
3502 5856 3686 5907 tamen
