  <div class='ocr_page' id='page_1' title='image "/cluster/home/n/w/nwhite01/storage/ocr_20150623/154:no.2/coo.31924054870591/511.png"; bbox 0 0 4068 6454; ppageno 0'>
   <div class='ocr_carea' id='block_1_1' title="bbox 404 638 447 665">
    <p class='ocr_par' dir='ltr' id='par_1_1' title="bbox 404 638 447 665">
     <span class='ocr_line' id='line_1_1' title="bbox 404 638 447 665; baseline 0 0"><span class='ocrx_word' id='word_1_1' title='bbox 404 638 447 665; x_wconf 80' lang='grc' dir='ltr'><em>Ι</em></span> 
     </span>
    </p>
   </div>
   <div class='ocr_carea' id='block_1_2' title="bbox 493 350 2067 473">
    <p class='ocr_par' dir='ltr' id='par_1_2' title="bbox 493 350 2067 437">
     <span class='ocr_line' id='line_1_2' title="bbox 493 350 2067 437; baseline 0.012 -18"><span class='ocrx_word' id='word_1_2' title='bbox 493 350 644 420; x_wconf 64' lang='grc'><strong>1011</strong></span> <span class='ocrx_word' id='word_1_3' title='bbox 1787 370 2067 437; x_wconf 79' lang='lat' dir='ltr'><strong>DEMETI</strong></span> 
     </span>
    </p>
   </div>
   <div class='ocr_carea' id='block_1_3' title="bbox 2174 350 3764 473">
    <p class='ocr_par' dir='ltr' id='par_1_3' title="bbox 2211 368 3764 442">
     <span class='ocr_line' id='line_1_3' title="bbox 2211 368 3764 442; baseline 0.002 -5"><span class='ocrx_word' id='word_1_4' title='bbox 2211 374 2491 439; x_wconf 74' lang='grc' dir='ltr'><strong>ΟΥΒΟΝΙ</strong></span> <span class='ocrx_word' id='word_1_5' title='bbox 2498 374 2527 439; x_wconf 93' lang='grc' dir='ltr'><strong>Ι</strong></span> <span class='ocrx_word' id='word_1_6' title='bbox 2678 368 2698 382; x_wconf 84' lang='grc'><strong>’</strong></span> <span class='ocrx_word' id='word_1_7' title='bbox 3624 375 3764 442; x_wconf 80' lang='grc'><strong>1012</strong></span> 
     </span>
    </p>
   </div>
   <div class='ocr_carea' id='block_1_4' title="bbox 506 474 2067 564">
    <p class='ocr_par' dir='ltr' id='par_1_4' title="bbox 506 474 2067 555">
     <span class='ocr_line' id='line_1_4' title="bbox 506 474 2067 555; baseline 0.012 -28"><span class='ocrx_word' id='word_1_8' title='bbox 506 474 717 542; x_wconf 69' lang='lat' dir='ltr'><strong>grande</strong></span> <span class='ocrx_word' id='word_1_9' title='bbox 764 475 907 533; x_wconf 86' lang='lat' dir='ltr'><strong>adeo</strong></span> <span class='ocrx_word' id='word_1_10' title='bbox 955 478 1260 550; x_wconf 87' lang='lat' dir='ltr'><strong>periculum</strong></span> <span class='ocrx_word' id='word_1_11' title='bbox 1291 498 1391 555; x_wconf 84' lang='lat' dir='ltr'><strong>pro</strong></span> <span class='ocrx_word' id='word_1_12' title='bbox 1421 486 1692 544; x_wconf 89' lang='lat' dir='ltr'><strong>concione</strong></span> <span class='ocrx_word' id='word_1_13' title='bbox 1729 488 1798 544; x_wconf 90' lang='lat' dir='ltr'><strong>de</strong></span> <span class='ocrx_word' id='word_1_14' title='bbox 1825 489 2067 546; x_wconf 79' lang='lat' dir='ltr'><strong>adversa</strong></span> 
     </span>
    </p>
   </div>
   <div class='ocr_carea' id='block_1_5' title="bbox 2174 474 3765 564">
    <p class='ocr_par' dir='ltr' id='par_1_5' title="bbox 2191 490 3765 564">
     <span class='ocr_line' id='line_1_5' title="bbox 2191 490 3765 564; baseline 0.001 -20"><span class='ocrx_word' id='word_1_15' title='bbox 2191 493 2449 547; x_wconf 67' lang='grc' dir='ltr'>τοσοῦτον</span> <span class='ocrx_word' id='word_1_16' title='bbox 2480 492 2714 564; x_wconf 78' lang='grc' dir='ltr'>ἐχούσης</span> <span class='ocrx_word' id='word_1_17' title='bbox 2738 494 2850 556; x_wconf 78' lang='grc' dir='ltr'>τοῖς</span> <span class='ocrx_word' id='word_1_18' title='bbox 2872 490 3092 560; x_wconf 86' lang='grc' dir='ltr'>λέγουσι</span> <span class='ocrx_word' id='word_1_19' title='bbox 3121 490 3365 547; x_wconf 84' lang='grc' dir='ltr'>κίνδυνον</span> <span class='ocrx_word' id='word_1_20' title='bbox 3382 491 3481 561; x_wconf 82' lang='grc' dir='ltr'>τῆς</span> <span class='ocrx_word' id='word_1_21' title='bbox 3502 493 3765 563; x_wconf 74' lang='grc' dir='ltr'>περὶτῶν</span> 
     </span>
    </p>
   </div>
   <div class='ocr_carea' id='block_1_6' title="bbox 502 566 2067 657">
    <p class='ocr_par' dir='ltr' id='par_1_6' title="bbox 502 566 2067 641">
     <span class='ocr_line' id='line_1_6' title="bbox 502 566 2067 641; baseline 0.012 -23"><span class='ocrx_word' id='word_1_22' title='bbox 502 566 602 620; x_wconf 85' lang='lat' dir='ltr'><strong>riis</strong></span> <span class='ocrx_word' id='word_1_23' title='bbox 644 566 865 623; x_wconf 91' lang='lat' dir='ltr'><strong>dicturo</strong></span> <span class='ocrx_word' id='word_1_24' title='bbox 900 570 1208 641; x_wconf 77' lang='lat' dir='ltr'><strong>immineat,</strong></span> <span class='ocrx_word' id='word_1_25' title='bbox 1254 574 1399 631; x_wconf 87' lang='lat' dir='ltr'><strong>haud</strong></span> <span class='ocrx_word' id='word_1_26' title='bbox 1457 578 1744 635; x_wconf 86' lang='lat' dir='ltr'><strong>enimvero</strong></span> <span class='ocrx_word' id='word_1_27' title='bbox 1781 596 1813 635; x_wconf 93' lang='lat' dir='ltr'><strong>e</strong></span> <span class='ocrx_word' id='word_1_28' title='bbox 1873 583 2067 637; x_wconf 73' lang='lat' dir='ltr'><strong>rationi</strong></span> 
     </span>
    </p>
   </div>
   <div class='ocr_carea' id='block_1_7' title="bbox 2174 566 3764 657">
    <p class='ocr_par' dir='ltr' id='par_1_7' title="bbox 2191 580 3764 657">
     <span class='ocr_line' id='line_1_7' title="bbox 2191 580 3764 657; baseline 0.001 -21"><span class='ocrx_word' id='word_1_29' title='bbox 2191 584 2456 639; x_wconf 90' lang='grc' dir='ltr'>ἐναντίων</span> <span class='ocrx_word' id='word_1_30' title='bbox 2484 583 2852 655; x_wconf 86' lang='grc' dir='ltr'>δημηγορίας,</span> <span class='ocrx_word' id='word_1_31' title='bbox 2892 584 2995 637; x_wconf 78' lang='grc' dir='ltr'>οὐκ</span> <span class='ocrx_word' id='word_1_32' title='bbox 3046 582 3266 652; x_wconf 75' lang='grc' dir='ltr'>εὔλογον</span> <span class='ocrx_word' id='word_1_33' title='bbox 3307 580 3426 657; x_wconf 80' lang='grc' dir='ltr'>δέᾗ</span> <span class='ocrx_word' id='word_1_34' title='bbox 3473 583 3633 638; x_wconf 87' lang='grc' dir='ltr'>τινῶν</span> <span class='ocrx_word' id='word_1_35' title='bbox 3657 584 3764 654; x_wconf 79' lang='grc' dir='ltr'>ἀρ-</span> 
     </span>
    </p>
   </div>
   <div class='ocr_carea' id='block_1_8' title="bbox 497 656 2067 748">
    <p class='ocr_par' dir='ltr' id='par_1_8' title="bbox 497 656 2067 741">
     <span class='ocr_line' id='line_1_8' title="bbox 497 656 2067 741; baseline 0.013 -34"><span class='ocrx_word' id='word_1_36' title='bbox 497 656 590 714; x_wconf 82' lang='grc' dir='ltr'>εἰι.</span> <span class='ocrx_word' id='word_1_37' title='bbox 622 666 684 711; x_wconf 81' lang='lat' dir='ltr'><strong>ut.</strong></span> <span class='ocrx_word' id='word_1_38' title='bbox 715 672 841 712; x_wconf 91' lang='lat' dir='ltr'><strong>cum</strong></span> <span class='ocrx_word' id='word_1_39' title='bbox 873 662 1135 730; x_wconf 70' lang='lat' dir='ltr'><strong>cmperim</strong></span> <span class='ocrx_word' id='word_1_40' title='bbox 1170 663 1373 736; x_wconf 88' lang='lat' dir='ltr'><strong>aliqua,</strong></span> <span class='ocrx_word' id='word_1_41' title='bbox 1406 682 1438 721; x_wconf 87' lang='lat' dir='ltr'><strong>a</strong></span> <span class='ocrx_word' id='word_1_42' title='bbox 1470 669 1810 725; x_wconf 84' lang='lat' dir='ltr'><strong>consulendo</strong></span> <span class='ocrx_word' id='word_1_43' title='bbox 1834 671 1980 741; x_wconf 85' lang='lat' dir='ltr'><strong>quod</strong></span> <span class='ocrx_word' id='word_1_44' title='bbox 2012 673 2067 727; x_wconf 58' lang='lat' dir='ltr'><strong>sil</strong></span> 
     </span>
    </p>
   </div>
   <div class='ocr_carea' id='block_1_9' title="bbox 2174 656 3762 748">
    <p class='ocr_par' dir='ltr' id='par_1_9' title="bbox 2189 656 3762 748">
     <span class='ocr_line' id='line_1_9' title="bbox 2189 656 3762 748; baseline 0.001 -19"><span class='ocrx_word' id='word_1_45' title='bbox 2189 677 2360 743; x_wconf 80' lang='grc' dir='ltr'>ξαντα</span> <span class='ocrx_word' id='word_1_46' title='bbox 2396 676 2501 746; x_wconf 81' lang='grc' dir='ltr'>τῆς</span> <span class='ocrx_word' id='word_1_47' title='bbox 2526 677 2667 748; x_wconf 78' lang='grc' dir='ltr'>ὑπὲρ</span> <span class='ocrx_word' id='word_1_48' title='bbox 2689 676 2783 730; x_wconf 91' lang='grc' dir='ltr'><strong>τοῦ</strong></span> <span class='ocrx_word' id='word_1_49' title='bbox 2812 675 2995 731; x_wconf 87' lang='grc' dir='ltr'>κοινοῦ</span> <span class='ocrx_word' id='word_1_50' title='bbox 3044 656 3420 747; x_wconf 67' lang='grc' dir='ltr'>συμφέροντος</span> <span class='ocrx_word' id='word_1_51' title='bbox 3448 676 3762 746; x_wconf 72' lang='grc' dir='ltr'><strong>συμβουλῆς</strong></span> 
     </span>
    </p>
   </div>
   <div class='ocr_carea' id='block_1_10' title="bbox 499 748 2067 839">
    <p class='ocr_par' dir='ltr' id='par_1_10' title="bbox 499 748 2067 831">
     <span class='ocr_line' id='line_1_10' title="bbox 499 748 2067 831; baseline 0.011 -30"><span class='ocrx_word' id='word_1_52' title='bbox 499 763 531 801; x_wconf 85' lang='lat' dir='ltr'><strong>e</strong></span> <span class='ocrx_word' id='word_1_53' title='bbox 582 762 643 801; x_wconf 74' lang='lat' dir='ltr'><strong>re</strong></span> <span class='ocrx_word' id='word_1_54' title='bbox 672 753 978 811; x_wconf 88' lang='lat' dir='ltr'><strong>communi.</strong></span> <span class='ocrx_word' id='word_1_55' title='bbox 1019 754 1351 811; x_wconf 74' lang='lat' dir='ltr'><strong>abstineam.</strong></span> <span class='ocrx_word' id='word_1_56' title='bbox 1401 757 1644 829; x_wconf 66' lang='lat' dir='ltr'><strong>Equum</strong></span> <span class='ocrx_word' id='word_1_57' title='bbox 1689 748 1855 831; x_wconf 72' lang='lat' dir='ltr'><strong>porro</strong></span> <span class='ocrx_word' id='word_1_58' title='bbox 1893 762 2067 829; x_wconf 68' lang='lat' dir='ltr'><strong>fuerit,</strong></span> 
     </span>
    </p>
   </div>
   <div class='ocr_carea' id='block_1_11' title="bbox 2174 748 3761 839">
    <p class='ocr_par' dir='ltr' id='par_1_11' title="bbox 2186 767 3761 839">
     <span class='ocr_line' id='line_1_11' title="bbox 2186 767 3761 839; baseline 0 -18"><span class='ocrx_word' id='word_1_59' title='bbox 2186 768 2553 839; x_wconf 82' lang='grc' dir='ltr'>ἀποσχέσθαι.</span> <span class='ocrx_word' id='word_1_60' title='bbox 2575 768 2787 822; x_wconf 89' lang='grc' dir='ltr'>Δίκαιοι</span> <span class='ocrx_word' id='word_1_61' title='bbox 2820 767 2864 821; x_wconf 83' lang='grc' dir='ltr'>δ’</span> <span class='ocrx_word' id='word_1_62' title='bbox 2886 769 2952 823; x_wconf 81' lang='grc' dir='ltr'>ἂν</span> <span class='ocrx_word' id='word_1_63' title='bbox 2983 769 3133 838; x_wconf 87' lang='grc' dir='ltr'>εῐητε</span> <span class='ocrx_word' id='word_1_64' title='bbox 3165 768 3263 822; x_wconf 79' lang='grc' dir='ltr'>καὶ</span> <span class='ocrx_word' id='word_1_65' title='bbox 3293 768 3451 836; x_wconf 80' lang='grc' dir='ltr'>ὑμεῖς</span> <span class='ocrx_word' id='word_1_66' title='bbox 3493 768 3568 839; x_wconf 81' lang='grc' dir='ltr'>μὴ</span> <span class='ocrx_word' id='word_1_67' title='bbox 3599 768 3761 839; x_wconf 83' lang='grc' dir='ltr'>χαλε-</span> 
     </span>
    </p>
   </div>
   <div class='ocr_carea' id='block_1_12' title="bbox 503 841 2067 930">
    <p class='ocr_par' dir='ltr' id='par_1_12' title="bbox 503 841 2067 924">
     <span class='ocr_line' id='line_1_12' title="bbox 503 841 2067 924; baseline 0.012 -31"><span class='ocrx_word' id='word_1_68' title='bbox 503 850 562 896; x_wconf 92' lang='lat' dir='ltr'><strong>ut</strong></span> <span class='ocrx_word' id='word_1_69' title='bbox 595 851 652 896; x_wconf 90' lang='lat' dir='ltr'><strong>et</strong></span> <span class='ocrx_word' id='word_1_70' title='bbox 692 841 794 912; x_wconf 63' lang='lat' dir='ltr'><strong>ipsi</strong></span> <span class='ocrx_word' id='word_1_71' title='bbox 846 861 953 899; x_wconf 90' lang='lat' dir='ltr'><strong>non</strong></span> <span class='ocrx_word' id='word_1_72' title='bbox 987 848 1217 904; x_wconf 90' lang='lat' dir='ltr'><strong>moleste</strong></span> <span class='ocrx_word' id='word_1_73' title='bbox 1247 850 1456 917; x_wconf 88' lang='lat' dir='ltr'><strong>feratis,</strong></span> <span class='ocrx_word' id='word_1_74' title='bbox 1487 853 1534 907; x_wconf 88' lang='lat' dir='ltr'><strong>si</strong></span> <span class='ocrx_word' id='word_1_75' title='bbox 1570 869 1807 924; x_wconf 87' lang='lat' dir='ltr'><strong>quorum</strong></span> <span class='ocrx_word' id='word_1_76' title='bbox 1837 856 2067 913; x_wconf 83' lang='lat' dir='ltr'><strong>rationct</strong></span> 
     </span>
    </p>
   </div>
   <div class='ocr_carea' id='block_1_13' title="bbox 2174 841 3763 930">
    <p class='ocr_par' dir='ltr' id='par_1_13' title="bbox 2187 856 3763 930">
     <span class='ocr_line' id='line_1_13' title="bbox 2187 856 3763 930; baseline 0 -19"><span class='ocrx_word' id='word_1_77' title='bbox 2187 859 2424 925; x_wconf 86' lang='grc' dir='ltr'>παίνειν,</span> <span class='ocrx_word' id='word_1_78' title='bbox 2458 858 2527 913; x_wconf 85' lang='grc' dir='ltr'><strong>ἀν</strong></span> <span class='ocrx_word' id='word_1_79' title='bbox 2550 875 2714 912; x_wconf 87' lang='grc' dir='ltr'>τινων</span> <span class='ocrx_word' id='word_1_80' title='bbox 2745 856 3040 929; x_wconf 78' lang='grc' dir='ltr'>λογισμοὺς</span> <span class='ocrx_word' id='word_1_81' title='bbox 3063 860 3179 923; x_wconf 77' lang='grc' dir='ltr'>τοῖς</span> <span class='ocrx_word' id='word_1_82' title='bbox 3208 859 3495 930; x_wconf 71' lang='grc' dir='ltr'>ἡμετέροις</span> <span class='ocrx_word' id='word_1_83' title='bbox 3521 859 3594 929; x_wconf 72' lang='grc' dir='ltr'>μὴ</span> <span class='ocrx_word' id='word_1_84' title='bbox 3620 876 3763 927; x_wconf 79' lang='grc' dir='ltr'>συμ-</span> 
     </span>
    </p>
   </div>
   <div class='ocr_carea' id='block_1_14' title="bbox 495 934 2067 1017">
    <p class='ocr_par' dir='ltr' id='par_1_14' title="bbox 495 934 2067 1005">
     <span class='ocr_line' id='line_1_14' title="bbox 495 934 2067 1005; baseline 0.014 -22"><span class='ocrx_word' id='word_1_85' title='bbox 495 934 703 989; x_wconf 81' lang='lat' dir='ltr'><strong>vestris</strong></span> <span class='ocrx_word' id='word_1_86' title='bbox 735 936 919 992; x_wconf 85' lang='lat' dir='ltr'><strong>minus</strong></span> <span class='ocrx_word' id='word_1_87' title='bbox 949 941 1265 996; x_wconf 84' lang='lat' dir='ltr'><strong>consentire</strong></span> <span class='ocrx_word' id='word_1_88' title='bbox 1295 945 1608 1003; x_wconf 80' lang='lat' dir='ltr'><strong>senseritis.</strong></span> <span class='ocrx_word' id='word_1_89' title='bbox 1642 947 1765 1004; x_wconf 80' lang='lat' dir='ltr'><strong>Non</strong></span> <span class='ocrx_word' id='word_1_90' title='bbox 1804 949 1951 1004; x_wconf 89' lang='lat' dir='ltr'><strong>enim</strong></span> <span class='ocrx_word' id='word_1_91' title='bbox 1987 966 2067 1005; x_wconf 89' lang='lat' dir='ltr'><strong>ur-</strong></span> 
     </span>
    </p>
   </div>
   <div class='ocr_carea' id='block_1_15' title="bbox 2174 934 3760 1017">
    <p class='ocr_par' dir='ltr' id='par_1_15' title="bbox 2187 940 3760 1017">
     <span class='ocr_line' id='line_1_15' title="bbox 2187 940 3760 1017; baseline -0.001 -18"><span class='ocrx_word' id='word_1_92' title='bbox 2187 945 2474 1010; x_wconf 88' lang='grc' dir='ltr'>ϐαίνοντας</span> <span class='ocrx_word' id='word_1_93' title='bbox 2508 945 2797 1017; x_wconf 71' lang='grc' dir='ltr'>αἴσθησθε.</span> <span class='ocrx_word' id='word_1_94' title='bbox 2830 947 2906 1000; x_wconf 84' lang='grc' dir='ltr'><strong>Οὐ</strong></span> <span class='ocrx_word' id='word_1_95' title='bbox 2950 945 3058 1016; x_wconf 76' lang='grc' dir='ltr'><strong>γὰρ</strong></span> <span class='ocrx_word' id='word_1_96' title='bbox 3087 947 3223 1016; x_wconf 76' lang='grc' dir='ltr'>περὶ</span> <span class='ocrx_word' id='word_1_97' title='bbox 3245 940 3320 999; x_wconf 79' lang='grc' dir='ltr'>ὧν</span> <span class='ocrx_word' id='word_1_98' title='bbox 3347 946 3519 1009; x_wconf 72' lang='grc' dir='ltr'>οὐδεὶς</span> <span class='ocrx_word' id='word_1_99' title='bbox 3548 944 3760 999; x_wconf 82' lang='grc' dir='ltr'>ἀντιλέ-</span> 
     </span>
    </p>
   </div>
   <div class='ocr_carea' id='block_1_16' title="bbox 497 1020 2067 1115">
    <p class='ocr_par' dir='ltr' id='par_1_16' title="bbox 497 1020 2067 1112">
     <span class='ocr_line' id='line_1_16' title="bbox 497 1020 2067 1112; baseline 0.011 -33"><span class='ocrx_word' id='word_1_100' title='bbox 497 1024 597 1080; x_wconf 84' lang='lat' dir='ltr'><strong>bes</strong></span> <span class='ocrx_word' id='word_1_101' title='bbox 624 1026 694 1080; x_wconf 82' lang='lat' dir='ltr'><strong>de</strong></span> <span class='ocrx_word' id='word_1_102' title='bbox 739 1029 906 1084; x_wconf 88' lang='lat' dir='ltr'><strong>rebus</strong></span> <span class='ocrx_word' id='word_1_103' title='bbox 935 1041 1091 1086; x_wconf 77' lang='lat' dir='ltr'><strong>extra</strong></span> <span class='ocrx_word' id='word_1_104' title='bbox 1130 1047 1351 1089; x_wconf 86' lang='lat' dir='ltr'><strong>onmem</strong></span> <span class='ocrx_word' id='word_1_105' title='bbox 1402 1040 1841 1097; x_wconf 89' lang='lat' dir='ltr'><strong>controversiam</strong></span> <span class='ocrx_word' id='word_1_106' title='bbox 1884 1020 2067 1112; x_wconf 74' lang='lat' dir='ltr'><strong>positi:</strong></span> 
     </span>
    </p>
   </div>
   <div class='ocr_carea' id='block_1_17' title="bbox 2174 1020 3756 1115">
    <p class='ocr_par' dir='ltr' id='par_1_17' title="bbox 2174 1035 3756 1115">
     <span class='ocr_line' id='line_1_17' title="bbox 2174 1035 3756 1115; baseline -0.001 -24"><span class='ocrx_word' id='word_1_107' title='bbox 2174 1054 2291 1107; x_wconf 79' lang='grc' dir='ltr'>γει,</span> <span class='ocrx_word' id='word_1_108' title='bbox 2331 1037 2461 1110; x_wconf 74' lang='grc' dir='ltr'>περὶ</span> <span class='ocrx_word' id='word_1_109' title='bbox 2505 1038 2712 1093; x_wconf 84' lang='grc' dir='ltr'>τούτων</span> <span class='ocrx_word' id='word_1_110' title='bbox 2757 1039 2815 1091; x_wconf 89' lang='grc' dir='ltr'><strong>αί</strong></span> <span class='ocrx_word' id='word_1_111' title='bbox 2872 1037 3062 1102; x_wconf 86' lang='grc' dir='ltr'>πόλεις</span> <span class='ocrx_word' id='word_1_112' title='bbox 3119 1036 3342 1092; x_wconf 82' lang='grc' dir='ltr'>είὼθασι</span> <span class='ocrx_word' id='word_1_113' title='bbox 3391 1038 3611 1115; x_wconf 64' lang='grc' dir='ltr'>σκοπεῖν</span> <span class='ocrx_word' id='word_1_114' title='bbox 3657 1035 3756 1089; x_wconf 76' lang='grc' dir='ltr'><strong>καὶ</strong></span> 
     </span>
    </p>
   </div>
   <div class='ocr_carea' id='block_1_18' title="bbox 496 1117 2076 1201">
    <p class='ocr_par' dir='ltr' id='par_1_18' title="bbox 496 1117 2076 1201">
     <span class='ocr_line' id='line_1_18' title="bbox 496 1117 2076 1201; baseline 0.013 -32"><span class='ocrx_word' id='word_1_115' title='bbox 496 1117 771 1187; x_wconf 80' lang='lat' dir='ltr'><strong>diSpicere</strong></span> <span class='ocrx_word' id='word_1_116' title='bbox 827 1122 1008 1177; x_wconf 81' lang='lat' dir='ltr'><strong>solent</strong></span> <span class='ocrx_word' id='word_1_117' title='bbox 1051 1139 1116 1181; x_wconf 90' lang='lat' dir='ltr'><strong>ac</strong></span> <span class='ocrx_word' id='word_1_118' title='bbox 1149 1124 1497 1195; x_wconf 88' lang='lat' dir='ltr'><strong>deliberare;</strong></span> <span class='ocrx_word' id='word_1_119' title='bbox 1533 1130 1630 1186; x_wconf 86' lang='lat' dir='ltr'><strong>sed</strong></span> <span class='ocrx_word' id='word_1_120' title='bbox 1681 1132 1752 1188; x_wconf 88' lang='lat' dir='ltr'><strong>de</strong></span> <span class='ocrx_word' id='word_1_121' title='bbox 1800 1134 2076 1201; x_wconf 84' lang='lat' dir='ltr'><strong>obscuris,</strong></span> 
     </span>
    </p>
   </div>
   <div class='ocr_carea' id='block_1_19' title="bbox 493 1210 2067 1292">
    <p class='ocr_par' dir='ltr' id='par_1_19' title="bbox 493 1210 2067 1292">
     <span class='ocr_line' id='line_1_19' title="bbox 493 1210 2067 1292; baseline 0.014 -30"><span class='ocrx_word' id='word_1_122' title='bbox 493 1224 558 1264; x_wconf 86' lang='lat' dir='ltr'><strong>ac</strong></span> <span class='ocrx_word' id='word_1_123' title='bbox 609 1210 731 1277; x_wconf 78' lang='lat' dir='ltr'><strong>ejus</strong></span> <span class='ocrx_word' id='word_1_124' title='bbox 758 1215 1006 1283; x_wconf 79' lang='lat' dir='ltr'><strong>generis,</strong></span> <span class='ocrx_word' id='word_1_125' title='bbox 1039 1227 1101 1271; x_wconf 91' lang='lat' dir='ltr'><strong>ut</strong></span> <span class='ocrx_word' id='word_1_126' title='bbox 1130 1218 1199 1274; x_wconf 90' lang='lat' dir='ltr'><strong>de</strong></span> <span class='ocrx_word' id='word_1_127' title='bbox 1230 1219 1492 1292; x_wconf 82' lang='lat' dir='ltr'><strong>illisquis</strong></span> <span class='ocrx_word' id='word_1_128' title='bbox 1523 1225 1802 1281; x_wconf 81' lang='lat' dir='ltr'><strong>contraria</strong></span> <span class='ocrx_word' id='word_1_129' title='bbox 1852 1225 2067 1292; x_wconf 82' lang='lat' dir='ltr'><strong>dicens,</strong></span> 
     </span>
    </p>
   </div>
   <div class='ocr_carea' id='block_1_20' title="bbox 493 1300 2075 1391">
    <p class='ocr_par' dir='ltr' id='par_1_20' title="bbox 493 1300 2075 1391">
     <span class='ocr_line' id='line_1_20' title="bbox 493 1300 2075 1391; baseline 0.014 -38"><span class='ocrx_word' id='word_1_130' title='bbox 493 1300 635 1355; x_wconf 83' lang='lat' dir='ltr'><strong>haud</strong></span> <span class='ocrx_word' id='word_1_131' title='bbox 683 1304 886 1361; x_wconf 89' lang='lat' dir='ltr'><strong>stultus</strong></span> <span class='ocrx_word' id='word_1_132' title='bbox 939 1308 1217 1366; x_wconf 86' lang='lat' dir='ltr'><strong>videatur.</strong></span> <span class='ocrx_word' id='word_1_133' title='bbox 1265 1312 1404 1380; x_wconf 85' lang='lat' dir='ltr'><strong>Quia</strong></span> <span class='ocrx_word' id='word_1_134' title='bbox 1457 1330 1587 1388; x_wconf 77' lang='lat' dir='ltr'><strong>ergo</strong></span> <span class='ocrx_word' id='word_1_135' title='bbox 1636 1319 1799 1374; x_wconf 92' lang='lat' dir='ltr'><strong>modo</strong></span> <span class='ocrx_word' id='word_1_136' title='bbox 1850 1334 2075 1391; x_wconf 89' lang='lat' dir='ltr'><strong>quoque</strong></span> 
     </span>
    </p>
   </div>
   <div class='ocr_carea' id='block_1_21' title="bbox 490 1394 2074 1468">
    <p class='ocr_par' dir='ltr' id='par_1_21' title="bbox 490 1394 2074 1468">
     <span class='ocr_line' id='line_1_21' title="bbox 490 1394 2074 1468; baseline 0.013 -23"><span class='ocrx_word' id='word_1_137' title='bbox 490 1394 752 1461; x_wconf 73' lang='lat' dir='ltr'><strong>prudenti</strong></span> <span class='ocrx_word' id='word_1_138' title='bbox 794 1399 1031 1465; x_wconf 76' lang='lat' dir='ltr'><strong>ratione,</strong></span> <span class='ocrx_word' id='word_1_139' title='bbox 1062 1408 1377 1462; x_wconf 88' lang='lat' dir='ltr'><strong>communis</strong></span> <span class='ocrx_word' id='word_1_140' title='bbox 1409 1419 1716 1465; x_wconf 87' lang='lat' dir='ltr'><strong>conventus</strong></span> <span class='ocrx_word' id='word_1_141' title='bbox 1745 1425 1809 1466; x_wconf 87' lang='lat' dir='ltr'><strong>ac</strong></span> <span class='ocrx_word' id='word_1_142' title='bbox 1856 1411 2074 1468; x_wconf 87' lang='lat' dir='ltr'><strong>consilii</strong></span> 
     </span>
    </p>
   </div>
   <div class='ocr_carea' id='block_1_22' title="bbox 488 1488 2074 1574">
    <p class='ocr_par' dir='ltr' id='par_1_22' title="bbox 488 1488 2074 1574">
     <span class='ocr_line' id='line_1_22' title="bbox 488 1488 2074 1574; baseline 0.013 -36"><span class='ocrx_word' id='word_1_143' title='bbox 488 1488 702 1555; x_wconf 86' lang='lat' dir='ltr'><strong>copiam</strong></span> <span class='ocrx_word' id='word_1_144' title='bbox 743 1489 973 1558; x_wconf 73' lang='lat' dir='ltr'><strong>fecistis,</strong></span> <span class='ocrx_word' id='word_1_145' title='bbox 1002 1495 1246 1551; x_wconf 85' lang='lat' dir='ltr'><strong>alienum</strong></span> <span class='ocrx_word' id='word_1_146' title='bbox 1275 1499 1346 1553; x_wconf 89' lang='lat' dir='ltr'><strong>sit</strong></span> <span class='ocrx_word' id='word_1_147' title='bbox 1373 1515 1402 1555; x_wconf 90' lang='lat' dir='ltr'><strong>a</strong></span> <span class='ocrx_word' id='word_1_148' title='bbox 1431 1501 1647 1558; x_wconf 87' lang='lat' dir='ltr'><strong>ratione</strong></span> <span class='ocrx_word' id='word_1_149' title='bbox 1681 1503 1980 1574; x_wconf 79' lang='lat' dir='ltr'><strong>indignari,</strong></span> <span class='ocrx_word' id='word_1_150' title='bbox 2013 1513 2074 1559; x_wconf 90' lang='lat' dir='ltr'><strong>ut</strong></span> 
     </span>
    </p>
   </div>
   <div class='ocr_carea' id='block_1_23' title="bbox 486 1576 2072 1664">
    <p class='ocr_par' dir='ltr' id='par_1_23' title="bbox 486 1576 2072 1664">
     <span class='ocr_line' id='line_1_23' title="bbox 486 1576 2072 1664; baseline 0.013 -37"><span class='ocrx_word' id='word_1_151' title='bbox 486 1576 612 1645; x_wconf 87' lang='lat' dir='ltr'><strong>quis</strong></span> <span class='ocrx_word' id='word_1_152' title='bbox 639 1579 920 1636; x_wconf 79' lang='lat' dir='ltr'><strong>adversam</strong></span> <span class='ocrx_word' id='word_1_153' title='bbox 956 1584 1276 1654; x_wconf 74' lang='lat' dir='ltr'><strong>opinionem</strong></span> <span class='ocrx_word' id='word_1_154' title='bbox 1311 1588 1676 1647; x_wconf 83' lang='lat' dir='ltr'><strong>insinuaverit</strong></span> <span class='ocrx_word' id='word_1_155' title='bbox 1705 1609 1721 1658; x_wconf 89' lang='lat'><strong>;</strong></span> <span class='ocrx_word' id='word_1_156' title='bbox 1766 1608 1890 1648; x_wconf 91' lang='lat' dir='ltr'><strong>cum</strong></span> <span class='ocrx_word' id='word_1_157' title='bbox 1932 1609 2072 1664; x_wconf 71' lang='lat' dir='ltr'><strong>prae-</strong></span> 
     </span>
    </p>
   </div>
   <div class='ocr_carea' id='block_1_24' title="bbox 488 1668 2071 1750">
    <p class='ocr_par' dir='ltr' id='par_1_24' title="bbox 488 1668 2071 1750">
     <span class='ocr_line' id='line_1_24' title="bbox 488 1668 2071 1750; baseline 0.009 -30"><span class='ocrx_word' id='word_1_158' title='bbox 488 1668 678 1723; x_wconf 76' lang='lat' dir='ltr'><strong>sentim</strong></span> <span class='ocrx_word' id='word_1_159' title='bbox 708 1684 878 1739; x_wconf 82' lang='lat' dir='ltr'><strong>penes</strong></span> <span class='ocrx_word' id='word_1_160' title='bbox 908 1688 1006 1727; x_wconf 90' lang='lat' dir='ltr'><strong>vos</strong></span> <span class='ocrx_word' id='word_1_161' title='bbox 1038 1675 1112 1730; x_wconf 88' lang='lat' dir='ltr'><strong>sit</strong></span> <span class='ocrx_word' id='word_1_162' title='bbox 1147 1691 1210 1731; x_wconf 92' lang='lat' dir='ltr'><strong>ac</strong></span> <span class='ocrx_word' id='word_1_163' title='bbox 1253 1678 1421 1733; x_wconf 89' lang='lat' dir='ltr'><strong>vestri</strong></span> <span class='ocrx_word' id='word_1_164' title='bbox 1449 1680 1693 1742; x_wconf 83' lang='lat' dir='ltr'><strong>arbitrii,</strong></span> <span class='ocrx_word' id='word_1_165' title='bbox 1726 1690 1787 1734; x_wconf 89' lang='lat' dir='ltr'><strong>ut</strong></span> <span class='ocrx_word' id='word_1_166' title='bbox 1818 1680 1905 1735; x_wconf 90' lang='lat' dir='ltr'><strong>vel</strong></span> <span class='ocrx_word' id='word_1_167' title='bbox 1939 1695 2071 1750; x_wconf 88' lang='lat' dir='ltr'><strong>pro-</strong></span> 
     </span>
    </p>
   </div>
   <div class='ocr_carea' id='block_1_25' title="bbox 486 1757 2069 1835">
    <p class='ocr_par' dir='ltr' id='par_1_25' title="bbox 486 1757 2069 1835">
     <span class='ocr_line' id='line_1_25' title="bbox 486 1757 2069 1835; baseline 0.009 -22"><span class='ocrx_word' id='word_1_168' title='bbox 486 1757 685 1814; x_wconf 87' lang='lat' dir='ltr'><strong>bantes</strong></span> <span class='ocrx_word' id='word_1_169' title='bbox 712 1764 1061 1832; x_wconf 86' lang='lat' dir='ltr'><strong>sententiam,</strong></span> <span class='ocrx_word' id='word_1_170' title='bbox 1092 1782 1156 1821; x_wconf 88' lang='lat' dir='ltr'><strong>ea</strong></span> <span class='ocrx_word' id='word_1_171' title='bbox 1193 1769 1449 1835; x_wconf 80' lang='lat' dir='ltr'><strong>u&#39;amini,</strong></span> <span class='ocrx_word' id='word_1_172' title='bbox 1481 1771 1565 1826; x_wconf 85' lang='lat' dir='ltr'><strong>vel</strong></span> <span class='ocrx_word' id='word_1_173' title='bbox 1590 1770 2069 1834; x_wconf 83' lang='lat' dir='ltr'><strong>adversariis.vie-</strong></span> 
     </span>
    </p>
   </div>
   <div class='ocr_carea' id='block_1_26' title="bbox 487 1852 2069 1932">
    <p class='ocr_par' dir='ltr' id='par_1_26' title="bbox 487 1852 2069 1932">
     <span class='ocr_line' id='line_1_26' title="bbox 487 1852 2069 1932; baseline 0.009 -29"><span class='ocrx_word' id='word_1_174' title='bbox 487 1852 726 1917; x_wconf 83' lang='lat' dir='ltr'><strong>toribus,</strong></span> <span class='ocrx_word' id='word_1_175' title='bbox 756 1869 877 1923; x_wconf 71' lang='lat' dir='ltr'><strong>qua:</strong></span> <span class='ocrx_word' id='word_1_176' title='bbox 904 1855 1018 1910; x_wconf 84' lang='lat' dir='ltr'><strong>visa</strong></span> <span class='ocrx_word' id='word_1_177' title='bbox 1051 1857 1261 1914; x_wconf 75' lang='lat' dir='ltr'><strong>fuerint</strong></span> <span class='ocrx_word' id='word_1_178' title='bbox 1295 1862 1626 1931; x_wconf 81' lang='lat' dir='ltr'><strong>sequamini.</strong></span> <span class='ocrx_word' id='word_1_179' title='bbox 1660 1862 1907 1918; x_wconf 79' lang='lat' dir='ltr'><strong>Primum</strong></span> <span class='ocrx_word' id='word_1_180' title='bbox 1940 1864 2069 1932; x_wconf 83' lang='lat' dir='ltr'><strong>qui-</strong></span> 
     </span>
    </p>
   </div>
   <div class='ocr_carea' id='block_1_27' title="bbox 485 1942 2069 2024">
    <p class='ocr_par' dir='ltr' id='par_1_27' title="bbox 485 1942 2069 2024">
     <span class='ocr_line' id='line_1_27' title="bbox 485 1942 2069 2024; baseline 0.008 -28"><span class='ocrx_word' id='word_1_181' title='bbox 485 1942 613 1997; x_wconf 91' lang='lat' dir='ltr'><strong>dem</strong></span> <span class='ocrx_word' id='word_1_182' title='bbox 641 1944 743 1999; x_wconf 90' lang='lat' dir='ltr'><strong>hoc</strong></span> <span class='ocrx_word' id='word_1_183' title='bbox 766 1947 1139 2016; x_wconf 82' lang='lat' dir='ltr'><strong>cogitandum,</strong></span> <span class='ocrx_word' id='word_1_184' title='bbox 1165 1949 1470 2022; x_wconf 82' lang='lat' dir='ltr'><strong>Callipolim</strong></span> <span class='ocrx_word' id='word_1_185' title='bbox 1495 1968 1638 2013; x_wconf 82' lang='lat' dir='ltr'><strong>esse.</strong></span> <span class='ocrx_word' id='word_1_186' title='bbox 1666 1969 1773 2024; x_wconf 85' lang='lat' dir='ltr'><strong>qua</strong></span> <span class='ocrx_word' id='word_1_187' title='bbox 1800 1954 1927 2009; x_wconf 91' lang='lat' dir='ltr'><strong>boni</strong></span> <span class='ocrx_word' id='word_1_188' title='bbox 1953 1955 2069 2019; x_wconf 88' lang='lat' dir='ltr'><strong>isti,</strong></span> 
     </span>
    </p>
   </div>
   <div class='ocr_carea' id='block_1_28' title="bbox 485 2036 2070 2115">
    <p class='ocr_par' dir='ltr' id='par_1_28' title="bbox 485 2036 2070 2115">
     <span class='ocr_line' id='line_1_28' title="bbox 485 2036 2070 2115; baseline 0.008 -27"><span class='ocrx_word' id='word_1_189' title='bbox 485 2048 553 2090; x_wconf 84' lang='lat' dir='ltr'><strong>ac</strong></span> <span class='ocrx_word' id='word_1_190' title='bbox 581 2036 734 2091; x_wconf 80' lang='lat' dir='ltr'><strong>urbis</strong></span> <span class='ocrx_word' id='word_1_191' title='bbox 762 2053 821 2093; x_wconf 88' lang='lat' dir='ltr'><strong>se</strong></span> <span class='ocrx_word' id='word_1_192' title='bbox 851 2053 1039 2094; x_wconf 86' lang='lat' dir='ltr'><strong>curam</strong></span> <span class='ocrx_word' id='word_1_193' title='bbox 1083 2041 1315 2112; x_wconf 76' lang='lat' dir='ltr'><strong>professi</strong></span> <span class='ocrx_word' id='word_1_194' title='bbox 1351 2059 1532 2115; x_wconf 75' lang='lat' dir='ltr'><strong>agere,</strong></span> <span class='ocrx_word' id='word_1_195' title='bbox 1576 2044 1828 2103; x_wconf 85' lang='lat' dir='ltr'><strong>hostibus</strong></span> <span class='ocrx_word' id='word_1_196' title='bbox 1868 2046 2070 2103; x_wconf 89' lang='lat' dir='ltr'><strong>ceden-</strong></span> 
     </span>
    </p>
   </div>
   <div class='ocr_carea' id='block_1_29' title="bbox 486 2129 2063 2207">
    <p class='ocr_par' dir='ltr' id='par_1_29' title="bbox 486 2129 2063 2207">
     <span class='ocr_line' id='line_1_29' title="bbox 486 2129 2063 2207; baseline 0.008 -26"><span class='ocrx_word' id='word_1_197' title='bbox 486 2130 618 2183; x_wconf 90' lang='lat' dir='ltr'><strong>dum</strong></span> <span class='ocrx_word' id='word_1_198' title='bbox 651 2129 1010 2200; x_wconf 82' lang='lat' dir='ltr'><strong>admoneant,</strong></span> <span class='ocrx_word' id='word_1_199' title='bbox 1048 2150 1213 2204; x_wconf 89' lang='lat' dir='ltr'><strong>quatn</strong></span> <span class='ocrx_word' id='word_1_200' title='bbox 1266 2152 1485 2207; x_wconf 87' lang='lat' dir='ltr'><strong>semper</strong></span> <span class='ocrx_word' id='word_1_201' title='bbox 1525 2154 1709 2194; x_wconf 91' lang='lat' dir='ltr'><strong>rerum</strong></span> <span class='ocrx_word' id='word_1_202' title='bbox 1752 2148 2063 2195; x_wconf 88' lang='lat' dir='ltr'><strong>nostrarum</strong></span> 
     </span>
    </p>
   </div>
   <div class='ocr_carea' id='block_1_30' title="bbox 470 2222 2064 2295">
    <p class='ocr_par' dir='ltr' id='par_1_30' title="bbox 470 2222 2064 2295">
     <span class='ocr_line' id='line_1_30' title="bbox 470 2222 2064 2295; baseline 0.006 -20"><span class='ocrx_word' id='word_1_203' title='bbox 470 2222 941 2291; x_wconf 59' lang='lat' dir='ltr'><strong>pretiosissimas»:</strong></span> <span class='ocrx_word' id='word_1_204' title='bbox 978 2226 1258 2295; x_wconf 76' lang='lat' dir='ltr'><strong>duximus,</strong></span> <span class='ocrx_word' id='word_1_205' title='bbox 1287 2243 1353 2284; x_wconf 90' lang='lat' dir='ltr'><strong>ac</strong></span> <span class='ocrx_word' id='word_1_206' title='bbox 1391 2240 1728 2286; x_wconf 81' lang='lat' dir='ltr'><strong>momentum</strong></span> <span class='ocrx_word' id='word_1_207' title='bbox 1764 2231 2064 2286; x_wconf 74' lang='lat' dir='ltr'><strong>maximum</strong></span> 
     </span>
    </p>
   </div>
   <div class='ocr_carea' id='block_1_31' title="bbox 483 2313 1527 2376">
    <p class='ocr_par' dir='ltr' id='par_1_31' title="bbox 483 2313 1527 2376">
     <span class='ocr_line' id='line_1_31' title="bbox 483 2313 1527 2376; baseline 0.007 -7"><span class='ocrx_word' id='word_1_208' title='bbox 483 2313 782 2370; x_wconf 69' lang='lat' dir='ltr'><strong>habentem</strong></span> <span class='ocrx_word' id='word_1_209' title='bbox 808 2315 873 2370; x_wconf 91' lang='lat' dir='ltr'><strong>ad</strong></span> <span class='ocrx_word' id='word_1_210' title='bbox 906 2317 1270 2373; x_wconf 88' lang='lat' dir='ltr'><strong>Barbarorum</strong></span> <span class='ocrx_word' id='word_1_211' title='bbox 1299 2318 1527 2376; x_wconf 89' lang='lat' dir='ltr'><strong>bellum.</strong></span> 
     </span>
    </p>
   </div>
   <div class='ocr_carea' id='block_1_32' title="bbox 558 2404 2063 2481">
    <p class='ocr_par' dir='ltr' id='par_1_32' title="bbox 558 2404 2063 2481">
     <span class='ocr_line' id='line_1_32' title="bbox 558 2404 2063 2481; baseline 0.006 -21"><span class='ocrx_word' id='word_1_212' title='bbox 558 2404 665 2460; x_wconf 90' lang='lat' dir='ltr'><strong>Sed</strong></span> <span class='ocrx_word' id='word_1_213' title='bbox 725 2417 782 2463; x_wconf 90' lang='lat' dir='ltr'><strong>et</strong></span> <span class='ocrx_word' id='word_1_214' title='bbox 839 2408 892 2462; x_wconf 91' lang='lat' dir='ltr'><strong>in</strong></span> <span class='ocrx_word' id='word_1_215' title='bbox 948 2411 1311 2466; x_wconf 84' lang='lat' dir='ltr'><strong>conventibus</strong></span> <span class='ocrx_word' id='word_1_216' title='bbox 1364 2413 1620 2481; x_wconf 82' lang='lat' dir='ltr'><strong>publicis.</strong></span> <span class='ocrx_word' id='word_1_217' title='bbox 1675 2429 1740 2468; x_wconf 85' lang='lat' dir='ltr'><strong>ac</strong></span> <span class='ocrx_word' id='word_1_218' title='bbox 1793 2414 2063 2478; x_wconf 84' lang='lat' dir='ltr'><strong>consiliis,</strong></span> 
     </span>
    </p>
   </div>
   <div class='ocr_carea' id='block_1_33' title="bbox 482 2496 2065 2575">
    <p class='ocr_par' dir='ltr' id='par_1_33' title="bbox 482 2496 2065 2575">
     <span class='ocr_line' id='line_1_33' title="bbox 482 2496 2065 2575; baseline 0.006 -26"><span class='ocrx_word' id='word_1_219' title='bbox 482 2497 710 2564; x_wconf 86' lang='lat' dir='ltr'><strong>quando</strong></span> <span class='ocrx_word' id='word_1_220' title='bbox 739 2496 943 2567; x_wconf 86' lang='lat' dir='ltr'><strong>cuique</strong></span> <span class='ocrx_word' id='word_1_221' title='bbox 984 2500 1128 2564; x_wconf 89' lang='lat' dir='ltr'><strong>quod</strong></span> <span class='ocrx_word' id='word_1_222' title='bbox 1158 2500 1322 2556; x_wconf 85' lang='lat' dir='ltr'><strong>libeat</strong></span> <span class='ocrx_word' id='word_1_223' title='bbox 1349 2516 1473 2557; x_wconf 89' lang='lat' dir='ltr'><strong>cum</strong></span> <span class='ocrx_word' id='word_1_224' title='bbox 1502 2502 1703 2557; x_wconf 80' lang='lat' dir='ltr'><strong>fiducia</strong></span> <span class='ocrx_word' id='word_1_225' title='bbox 1732 2504 1863 2561; x_wconf 79' lang='lat' dir='ltr'><strong>licet</strong></span> <span class='ocrx_word' id='word_1_226' title='bbox 1887 2505 2065 2575; x_wconf 84' lang='lat' dir='ltr'><strong>loqui,</strong></span> 
     </span>
    </p>
   </div>
   <div class='ocr_carea' id='block_1_34' title="bbox 484 2586 2061 2665">
    <p class='ocr_par' dir='ltr' id='par_1_34' title="bbox 484 2586 2061 2665">
     <span class='ocr_line' id='line_1_34' title="bbox 484 2586 2061 2665; baseline 0.008 -26"><span class='ocrx_word' id='word_1_227' title='bbox 484 2586 633 2657; x_wconf 85' lang='lat' dir='ltr'><strong>quod</strong></span> <span class='ocrx_word' id='word_1_228' title='bbox 673 2588 896 2656; x_wconf 87' lang='lat' dir='ltr'><strong>quidem</strong></span> <span class='ocrx_word' id='word_1_229' title='bbox 921 2600 1135 2659; x_wconf 86' lang='lat' dir='ltr'><strong>spectat</strong></span> <span class='ocrx_word' id='word_1_230' title='bbox 1177 2592 1243 2647; x_wconf 88' lang='lat' dir='ltr'><strong>ad</strong></span> <span class='ocrx_word' id='word_1_231' title='bbox 1288 2594 1416 2660; x_wconf 89' lang='lat' dir='ltr'><strong>alia,</strong></span> <span class='ocrx_word' id='word_1_232' title='bbox 1447 2594 1634 2665; x_wconf 86' lang='lat' dir='ltr'><strong>plures</strong></span> <span class='ocrx_word' id='word_1_233' title='bbox 1667 2598 1793 2665; x_wconf 84' lang='lat' dir='ltr'><strong>quis</strong></span> <span class='ocrx_word' id='word_1_234' title='bbox 1826 2598 2061 2652; x_wconf 80' lang='lat' dir='ltr'><strong>invicem</strong></span> 
     </span>
    </p>
   </div>
   <div class='ocr_carea' id='block_1_35' title="bbox 483 2677 2070 2757">
    <p class='ocr_par' dir='ltr' id='par_1_35' title="bbox 483 2677 2070 2757">
     <span class='ocr_line' id='line_1_35' title="bbox 483 2677 2070 2757; baseline 0.006 -24"><span class='ocrx_word' id='word_1_235' title='bbox 483 2677 844 2734; x_wconf 78' lang='lat' dir='ltr'><strong>adversantes</strong></span> <span class='ocrx_word' id='word_1_236' title='bbox 891 2680 1163 2749; x_wconf 88' lang='lat' dir='ltr'><strong>audierit,</strong></span> <span class='ocrx_word' id='word_1_237' title='bbox 1211 2699 1276 2739; x_wconf 87' lang='lat' dir='ltr'><strong>ac</strong></span> <span class='ocrx_word' id='word_1_238' title='bbox 1318 2685 1456 2741; x_wconf 89' lang='lat' dir='ltr'><strong>alios</strong></span> <span class='ocrx_word' id='word_1_239' title='bbox 1494 2686 1715 2757; x_wconf 79' lang='lat' dir='ltr'><strong>quidem</strong></span> <span class='ocrx_word' id='word_1_240' title='bbox 1759 2688 1877 2743; x_wconf 66' lang='lat' dir='ltr'><strong>bwc</strong></span> <span class='ocrx_word' id='word_1_241' title='bbox 1916 2703 2070 2745; x_wconf 86' lang='lat' dir='ltr'><strong>asse-</strong></span> 
     </span>
    </p>
   </div>
   <div class='ocr_carea' id='block_1_36' title="bbox 483 2770 2065 2851">
    <p class='ocr_par' dir='ltr' id='par_1_36' title="bbox 483 2770 2065 2851">
     <span class='ocr_line' id='line_1_36' title="bbox 483 2770 2065 2851; baseline 0.008 -27"><span class='ocrx_word' id='word_1_242' title='bbox 483 2777 696 2835; x_wconf 87' lang='lat' dir='ltr'><strong>rentes,</strong></span> <span class='ocrx_word' id='word_1_243' title='bbox 730 2770 869 2825; x_wconf 87' lang='lat' dir='ltr'><strong>alios</strong></span> <span class='ocrx_word' id='word_1_244' title='bbox 918 2787 1050 2827; x_wconf 91' lang='lat' dir='ltr'><strong>vero</strong></span> <span class='ocrx_word' id='word_1_245' title='bbox 1080 2786 1368 2846; x_wconf 78' lang='lat' dir='ltr'><strong>negantes,</strong></span> <span class='ocrx_word' id='word_1_246' title='bbox 1400 2780 1677 2833; x_wconf 89' lang='lat' dir='ltr'><strong>neminem</strong></span> <span class='ocrx_word' id='word_1_247' title='bbox 1722 2794 1854 2835; x_wconf 88' lang='lat' dir='ltr'><strong>vero</strong></span> <span class='ocrx_word' id='word_1_248' title='bbox 1890 2796 2065 2851; x_wconf 89' lang='lat' dir='ltr'><strong>usque</strong></span> 
     </span>
    </p>
   </div>
   <div class='ocr_carea' id='block_1_37' title="bbox 482 2860 2067 2945">
    <p class='ocr_par' dir='ltr' id='par_1_37' title="bbox 482 2860 2067 2945">
     <span class='ocr_line' id='line_1_37' title="bbox 482 2860 2067 2945; baseline 0.008 -29"><span class='ocrx_word' id='word_1_249' title='bbox 482 2860 626 2918; x_wconf 78' lang='lat' dir='ltr'><strong>adeo</strong></span> <span class='ocrx_word' id='word_1_250' title='bbox 657 2864 1085 2932; x_wconf 88' lang='lat' dir='ltr'><strong>contentiosum,</strong></span> <span class='ocrx_word' id='word_1_251' title='bbox 1118 2876 1179 2922; x_wconf 92' lang='lat' dir='ltr'><strong>ut</strong></span> <span class='ocrx_word' id='word_1_252' title='bbox 1213 2885 1329 2925; x_wconf 89' lang='lat' dir='ltr'><strong>rem</strong></span> <span class='ocrx_word' id='word_1_253' title='bbox 1370 2872 1610 2942; x_wconf 84' lang='lat' dir='ltr'><strong>aliquam</strong></span> <span class='ocrx_word' id='word_1_254' title='bbox 1639 2870 1889 2944; x_wconf 83' lang='lat' dir='ltr'><strong>Gallipoli</strong></span> <span class='ocrx_word' id='word_1_255' title='bbox 1922 2889 2067 2945; x_wconf 67' lang='lat' dir='ltr'><strong>prae-</strong></span> 
     </span>
    </p>
   </div>
   <div class='ocr_carea' id='block_1_38' title="bbox 487 2954 2067 3036">
    <p class='ocr_par' dir='ltr' id='par_1_38' title="bbox 487 2954 2067 3036">
     <span class='ocr_line' id='line_1_38' title="bbox 487 2954 2067 3036; baseline 0.01 -29"><span class='ocrx_word' id='word_1_256' title='bbox 487 2954 794 3011; x_wconf 87' lang='lat' dir='ltr'><strong>habendam</strong></span> <span class='ocrx_word' id='word_1_257' title='bbox 829 2961 1146 3028; x_wconf 86' lang='lat' dir='ltr'><strong>putaverit:</strong></span> <span class='ocrx_word' id='word_1_258' title='bbox 1185 2961 1321 3032; x_wconf 87' lang='lat' dir='ltr'><strong>quin</strong></span> <span class='ocrx_word' id='word_1_259' title='bbox 1366 2978 1474 3017; x_wconf 89' lang='lat' dir='ltr'><strong>una</strong></span> <span class='ocrx_word' id='word_1_260' title='bbox 1507 2964 1622 3021; x_wconf 75' lang='lat' dir='ltr'><strong>haec</strong></span> <span class='ocrx_word' id='word_1_261' title='bbox 1671 2965 1876 3036; x_wconf 88' lang='lat' dir='ltr'><strong>ubique</strong></span> <span class='ocrx_word' id='word_1_262' title='bbox 1922 2966 2067 3022; x_wconf 92' lang='lat' dir='ltr'><strong>obti-</strong></span> 
     </span>
    </p>
   </div>
   <div class='ocr_carea' id='block_1_39' title="bbox 482 3048 2061 3126">
    <p class='ocr_par' dir='ltr' id='par_1_39' title="bbox 482 3048 2061 3126">
     <span class='ocr_line' id='line_1_39' title="bbox 482 3048 2061 3126; baseline 0.009 -24"><span class='ocrx_word' id='word_1_263' title='bbox 482 3048 653 3105; x_wconf 85' lang='lat' dir='ltr'><strong>nebat</strong></span> <span class='ocrx_word' id='word_1_264' title='bbox 681 3051 975 3114; x_wconf 88' lang='lat' dir='ltr'><strong>sententia,</strong></span> <span class='ocrx_word' id='word_1_265' title='bbox 1000 3061 1060 3106; x_wconf 90' lang='lat' dir='ltr'><strong>ut</strong></span> <span class='ocrx_word' id='word_1_266' title='bbox 1092 3055 1407 3124; x_wconf 70' lang='lat' dir='ltr'><strong>praesidium</strong></span> <span class='ocrx_word' id='word_1_267' title='bbox 1448 3059 1838 3126; x_wconf 87' lang='lat' dir='ltr'><strong>retineremus,</strong></span> <span class='ocrx_word' id='word_1_268' title='bbox 1861 3060 2061 3117; x_wconf 86' lang='lat' dir='ltr'><strong>nullis-</strong></span> 
     </span>
    </p>
   </div>
   <div class='ocr_carea' id='block_1_40' title="bbox 483 3141 2061 3225">
    <p class='ocr_par' dir='ltr' id='par_1_40' title="bbox 483 3141 2061 3225">
     <span class='ocr_line' id='line_1_40' title="bbox 483 3141 2061 3225; baseline 0.008 -30"><span class='ocrx_word' id='word_1_269' title='bbox 483 3156 593 3211; x_wconf 92' lang='lat' dir='ltr'><strong>que</strong></span> <span class='ocrx_word' id='word_1_270' title='bbox 644 3141 732 3197; x_wconf 85' lang='lat' dir='ltr'><strong>vel</strong></span> <span class='ocrx_word' id='word_1_271' title='bbox 790 3142 1077 3200; x_wconf 86' lang='lat' dir='ltr'><strong>laboribus</strong></span> <span class='ocrx_word' id='word_1_272' title='bbox 1119 3146 1201 3202; x_wconf 88' lang='lat' dir='ltr'><strong>vel</strong></span> <span class='ocrx_word' id='word_1_273' title='bbox 1253 3147 1519 3215; x_wconf 88' lang='lat' dir='ltr'><strong>impensis</strong></span> <span class='ocrx_word' id='word_1_274' title='bbox 1546 3166 1919 3219; x_wconf 82' lang='lat' dir='ltr'><strong>parceremus,</strong></span> <span class='ocrx_word' id='word_1_275' title='bbox 1950 3169 2061 3225; x_wconf 93' lang='lat' dir='ltr'><strong>quo</strong></span> 
     </span>
    </p>
   </div>
   <div class='ocr_carea' id='block_1_41' title="bbox 481 3232 2064 3304">
    <p class='ocr_par' dir='ltr' id='par_1_41' title="bbox 481 3232 2064 3304">
     <span class='ocr_line' id='line_1_41' title="bbox 481 3232 2064 3304; baseline 0.007 -17"><span class='ocrx_word' id='word_1_276' title='bbox 481 3232 622 3287; x_wconf 89' lang='lat' dir='ltr'><strong>illud</strong></span> <span class='ocrx_word' id='word_1_277' title='bbox 656 3249 876 3304; x_wconf 86' lang='lat' dir='ltr'><strong>semper</strong></span> <span class='ocrx_word' id='word_1_278' title='bbox 902 3236 1023 3291; x_wconf 86' lang='lat' dir='ltr'><strong>urbi</strong></span> <span class='ocrx_word' id='word_1_279' title='bbox 1065 3247 1387 3293; x_wconf 89' lang='lat' dir='ltr'><strong>servaretur</strong></span> <span class='ocrx_word' id='word_1_280' title='bbox 1424 3242 1716 3298; x_wconf 89' lang='lat' dir='ltr'><strong>incolume.</strong></span> <span class='ocrx_word' id='word_1_281' title='bbox 1762 3244 1832 3301; x_wconf 90' lang='lat' dir='ltr'><strong>Ut</strong></span> <span class='ocrx_word' id='word_1_282' title='bbox 1861 3246 1940 3302; x_wconf 89' lang='lat' dir='ltr'><strong>sic</strong></span> <span class='ocrx_word' id='word_1_283' title='bbox 1966 3260 2064 3299; x_wconf 86' lang='lat' dir='ltr'><strong>au-</strong></span> 
     </span>
    </p>
   </div>
   <div class='ocr_carea' id='block_1_42' title="bbox 364 3327 2069 3399">
    <p class='ocr_par' dir='ltr' id='par_1_42' title="bbox 364 3327 2069 3399">
     <span class='ocr_line' id='line_1_42' title="bbox 364 3327 2069 3399; baseline 0.009 -22"><span class='ocrx_word' id='word_1_284' title='bbox 364 3369 371 3377; x_wconf 92' lang='lat'><strong>.</strong></span> <span class='ocrx_word' id='word_1_285' title='bbox 483 3337 593 3380; x_wconf 90' lang='lat' dir='ltr'><strong>tem</strong></span> <span class='ocrx_word' id='word_1_286' title='bbox 644 3327 890 3382; x_wconf 87' lang='lat' dir='ltr'><strong>universi</strong></span> <span class='ocrx_word' id='word_1_287' title='bbox 924 3327 993 3383; x_wconf 88' lang='lat' dir='ltr'><strong>de</strong></span> <span class='ocrx_word' id='word_1_288' title='bbox 1023 3330 1281 3399; x_wconf 63' lang='lat' dir='ltr'><strong>praesidio</strong></span> <span class='ocrx_word' id='word_1_289' title='bbox 1320 3335 1617 3397; x_wconf 81' lang='lat' dir='ltr'><strong>sentirent,</strong></span> <span class='ocrx_word' id='word_1_290' title='bbox 1655 3336 1710 3390; x_wconf 92' lang='lat' dir='ltr'><strong>in</strong></span> <span class='ocrx_word' id='word_1_291' title='bbox 1744 3351 1910 3393; x_wconf 90' lang='lat' dir='ltr'><strong>causa</strong></span> <span class='ocrx_word' id='word_1_292' title='bbox 1965 3339 2069 3394; x_wconf 89' lang='lat' dir='ltr'><strong>fuit</strong></span> 
     </span>
    </p>
   </div>
   <div class='ocr_carea' id='block_1_43' title="bbox 482 3418 2066 3499">
    <p class='ocr_par' dir='ltr' id='par_1_43' title="bbox 482 3418 2066 3499">
     <span class='ocr_line' id='line_1_43' title="bbox 482 3418 2066 3499; baseline 0.008 -27"><span class='ocrx_word' id='word_1_293' title='bbox 482 3418 845 3489; x_wconf 71' lang='lat' dir='ltr'><strong>experientia,</strong></span> <span class='ocrx_word' id='word_1_294' title='bbox 863 3420 1123 3491; x_wconf 88' lang='lat' dir='ltr'><strong>quodque</strong></span> <span class='ocrx_word' id='word_1_295' title='bbox 1151 3437 1215 3478; x_wconf 88' lang='lat' dir='ltr'><strong>ea</strong></span> <span class='ocrx_word' id='word_1_296' title='bbox 1245 3418 1499 3495; x_wconf 83' lang='lat' dir='ltr'><strong>magistra</strong></span> <span class='ocrx_word' id='word_1_297' title='bbox 1525 3439 1872 3499; x_wconf 83' lang='lat' dir='ltr'><strong>compertum</strong></span> <span class='ocrx_word' id='word_1_298' title='bbox 1900 3441 2066 3497; x_wconf 90' lang='lat' dir='ltr'><strong>esset,</strong></span> 
     </span>
    </p>
   </div>
   <div class='ocr_carea' id='block_1_44' title="bbox 481 3515 2070 3584">
    <p class='ocr_par' dir='ltr' id='par_1_44' title="bbox 481 3515 2070 3584">
     <span class='ocr_line' id='line_1_44' title="bbox 481 3515 2070 3584; baseline 0.008 -19"><span class='ocrx_word' id='word_1_299' title='bbox 481 3522 755 3581; x_wconf 89' lang='lat' dir='ltr'><strong>quantum</strong></span> <span class='ocrx_word' id='word_1_300' title='bbox 790 3527 1011 3584; x_wconf 88' lang='lat' dir='ltr'><strong>semper</strong></span> <span class='ocrx_word' id='word_1_301' title='bbox 1034 3515 1201 3569; x_wconf 88' lang='lat' dir='ltr'><strong>rebus</strong></span> <span class='ocrx_word' id='word_1_302' title='bbox 1229 3519 1435 3573; x_wconf 85' lang='lat' dir='ltr'><strong>nostris</strong></span> <span class='ocrx_word' id='word_1_303' title='bbox 1460 3520 1595 3576; x_wconf 89' lang='lat' dir='ltr'><strong>illud</strong></span> <span class='ocrx_word' id='word_1_304' title='bbox 1625 3523 1888 3577; x_wconf 85' lang='lat' dir='ltr'><strong>momenti</strong></span> <span class='ocrx_word' id='word_1_305' title='bbox 1921 3533 2070 3579; x_wconf 83' lang='lat' dir='ltr'><strong>attu-</strong></span> 
     </span>
    </p>
   </div>
   <div class='ocr_carea' id='block_1_45' title="bbox 481 3606 2071 3687">
    <p class='ocr_par' dir='ltr' id='par_1_45' title="bbox 481 3606 2071 3687">
     <span class='ocr_line' id='line_1_45' title="bbox 481 3606 2071 3687; baseline 0.007 -27"><span class='ocrx_word' id='word_1_306' title='bbox 481 3606 660 3665; x_wconf 84' lang='lat' dir='ltr'><strong>lisset.</strong></span> <span class='ocrx_word' id='word_1_307' title='bbox 685 3606 841 3673; x_wconf 85' lang='lat' dir='ltr'><strong>Quod</strong></span> <span class='ocrx_word' id='word_1_308' title='bbox 886 3606 1037 3664; x_wconf 85' lang='lat' dir='ltr'><strong>enim</strong></span> <span class='ocrx_word' id='word_1_309' title='bbox 1080 3611 1313 3666; x_wconf 87' lang='lat' dir='ltr'><strong>necdum</strong></span> <span class='ocrx_word' id='word_1_310' title='bbox 1341 3615 1566 3669; x_wconf 91' lang='lat' dir='ltr'><strong>omnino</strong></span> <span class='ocrx_word' id='word_1_311' title='bbox 1594 3629 1694 3670; x_wconf 91' lang='lat' dir='ltr'><strong>ceu</strong></span> <span class='ocrx_word' id='word_1_312' title='bbox 1728 3614 1897 3670; x_wconf 87' lang='lat' dir='ltr'><strong>ﬂuctu</strong></span> <span class='ocrx_word' id='word_1_313' title='bbox 1930 3632 2071 3687; x_wconf 87' lang='lat' dir='ltr'><strong>quo-</strong></span> 
     </span>
    </p>
   </div>
   <div class='ocr_carea' id='block_1_46' title="bbox 482 3697 2067 3778">
    <p class='ocr_par' dir='ltr' id='par_1_46' title="bbox 482 3697 2067 3778">
     <span class='ocr_line' id='line_1_46' title="bbox 482 3697 2067 3778; baseline 0.006 -25"><span class='ocrx_word' id='word_1_314' title='bbox 482 3697 612 3754; x_wconf 88' lang='lat' dir='ltr'><strong>dam</strong></span> <span class='ocrx_word' id='word_1_315' title='bbox 660 3698 847 3754; x_wconf 90' lang='lat' dir='ltr'><strong>obruti</strong></span> <span class='ocrx_word' id='word_1_316' title='bbox 892 3701 1137 3756; x_wconf 88' lang='lat' dir='ltr'><strong>universi</strong></span> <span class='ocrx_word' id='word_1_317' title='bbox 1183 3701 1476 3769; x_wconf 80' lang='lat' dir='ltr'><strong>fuerimus,</strong></span> <span class='ocrx_word' id='word_1_318' title='bbox 1530 3720 1596 3760; x_wconf 88' lang='lat' dir='ltr'><strong>ac</strong></span> <span class='ocrx_word' id='word_1_319' title='bbox 1645 3705 1821 3762; x_wconf 67' lang='lat' dir='ltr'><strong>Graeci</strong></span> <span class='ocrx_word' id='word_1_320' title='bbox 1866 3708 2067 3778; x_wconf 86' lang='lat' dir='ltr'><strong>reliqui</strong></span> 
     </span>
    </p>
   </div>
   <div class='ocr_carea' id='block_1_47' title="bbox 487 3791 2071 3867">
    <p class='ocr_par' dir='ltr' id='par_1_47' title="bbox 487 3791 2071 3867">
     <span class='ocr_line' id='line_1_47' title="bbox 487 3791 2071 3867; baseline 0.006 -21"><span class='ocrx_word' id='word_1_321' title='bbox 487 3801 766 3862; x_wconf 86' lang='lat' dir='ltr'><strong>quotquot</strong></span> <span class='ocrx_word' id='word_1_322' title='bbox 812 3791 1091 3863; x_wconf 84' lang='lat' dir='ltr'><strong>Europam</strong></span> <span class='ocrx_word' id='word_1_323' title='bbox 1126 3794 1400 3861; x_wconf 87' lang='lat' dir='ltr'><strong>habitant,</strong></span> <span class='ocrx_word' id='word_1_324' title='bbox 1443 3811 1594 3863; x_wconf 93' lang='lat' dir='ltr'><strong>cum,</strong></span> <span class='ocrx_word' id='word_1_325' title='bbox 1626 3798 1721 3867; x_wconf 90' lang='lat' dir='ltr'><strong>qui</strong></span> <span class='ocrx_word' id='word_1_326' title='bbox 1764 3796 1873 3865; x_wconf 80' lang='lat' dir='ltr'><strong>iam</strong></span> <span class='ocrx_word' id='word_1_327' title='bbox 1908 3801 2071 3855; x_wconf 81' lang='lat' dir='ltr'><strong>nobis</strong></span> 
     </span>
    </p>
   </div>
   <div class='ocr_carea' id='block_1_48' title="bbox 482 3886 2073 3957">
    <p class='ocr_par' dir='ltr' id='par_1_48' title="bbox 482 3886 2073 3957">
     <span class='ocr_line' id='line_1_48' title="bbox 482 3886 2073 3957; baseline 0.005 -16"><span class='ocrx_word' id='word_1_328' title='bbox 482 3887 670 3942; x_wconf 83' lang='lat' dir='ltr'><strong>infesti</strong></span> <span class='ocrx_word' id='word_1_329' title='bbox 710 3886 997 3957; x_wconf 80' lang='lat' dir='ltr'><strong>ingruunt,</strong></span> <span class='ocrx_word' id='word_1_330' title='bbox 1025 3887 1213 3943; x_wconf 83' lang='lat' dir='ltr'><strong>Asiam</strong></span> <span class='ocrx_word' id='word_1_331' title='bbox 1255 3890 1521 3945; x_wconf 87' lang='lat' dir='ltr'><strong>ducerent</strong></span> <span class='ocrx_word' id='word_1_332' title='bbox 1559 3905 1623 3946; x_wconf 86' lang='lat' dir='ltr'><strong>ac</strong></span> <span class='ocrx_word' id='word_1_333' title='bbox 1653 3891 1709 3946; x_wconf 91' lang='lat' dir='ltr'><strong>in</strong></span> <span class='ocrx_word' id='word_1_334' title='bbox 1735 3894 1934 3947; x_wconf 87' lang='lat' dir='ltr'><strong>castris</strong></span> <span class='ocrx_word' id='word_1_335' title='bbox 1976 3895 2073 3949; x_wconf 79' lang='lat' dir='ltr'><strong>ha-</strong></span> 
     </span>
    </p>
   </div>
   <div class='ocr_carea' id='block_1_49' title="bbox 480 3976 2075 4045">
    <p class='ocr_par' dir='ltr' id='par_1_49' title="bbox 480 3976 2075 4045">
     <span class='ocr_line' id='line_1_49' title="bbox 480 3976 2075 4045; baseline 0.004 -11"><span class='ocrx_word' id='word_1_336' title='bbox 480 3978 703 4044; x_wconf 82' lang='lat' dir='ltr'><strong>herent,</strong></span> <span class='ocrx_word' id='word_1_337' title='bbox 727 3976 859 4031; x_wconf 90' lang='lat' dir='ltr'><strong>illud</strong></span> <span class='ocrx_word' id='word_1_338' title='bbox 884 3992 1047 4032; x_wconf 90' lang='lat' dir='ltr'><strong>causa</strong></span> <span class='ocrx_word' id='word_1_339' title='bbox 1071 3976 1197 4034; x_wconf 91' lang='lat' dir='ltr'><strong>fuit.</strong></span> <span class='ocrx_word' id='word_1_340' title='bbox 1218 3977 1376 4045; x_wconf 87' lang='lat' dir='ltr'><strong>Quod</strong></span> <span class='ocrx_word' id='word_1_341' title='bbox 1400 3979 1666 4035; x_wconf 90' lang='lat' dir='ltr'><strong>nimirum</strong></span> <span class='ocrx_word' id='word_1_342' title='bbox 1688 3981 1851 4043; x_wconf 89' lang='lat' dir='ltr'><strong>illud,</strong></span> <span class='ocrx_word' id='word_1_343' title='bbox 1874 3983 2075 4040; x_wconf 66' lang='lat' dir='ltr'><strong>Helles-</strong></span> 
     </span>
    </p>
   </div>
   <div class='ocr_carea' id='block_1_50' title="bbox 480 4067 2074 4146">
    <p class='ocr_par' dir='ltr' id='par_1_50' title="bbox 480 4067 2074 4146">
     <span class='ocr_line' id='line_1_50' title="bbox 480 4067 2074 4146; baseline 0.006 -21"><span class='ocrx_word' id='word_1_344' title='bbox 480 4068 905 4141; x_wconf 87' lang='lat' dir='ltr'><strong>pontiomnibus</strong></span> <span class='ocrx_word' id='word_1_345' title='bbox 923 4067 1141 4124; x_wconf 85' lang='lat' dir='ltr'><strong>moeniis</strong></span> <span class='ocrx_word' id='word_1_346' title='bbox 1160 4070 1707 4141; x_wconf 86' lang='lat' dir='ltr'><strong>opportunissimum,</strong></span> <span class='ocrx_word' id='word_1_347' title='bbox 1728 4074 1979 4146; x_wconf 88' lang='lat' dir='ltr'><strong>interque</strong></span> <span class='ocrx_word' id='word_1_348' title='bbox 1994 4080 2074 4133; x_wconf 89' lang='lat' dir='ltr'><strong>al-</strong></span> 
     </span>
    </p>
   </div>
   <div class='ocr_carea' id='block_1_51' title="bbox 480 4162 2068 4233">
    <p class='ocr_par' dir='ltr' id='par_1_51' title="bbox 480 4162 2068 4233">
     <span class='ocr_line' id='line_1_51' title="bbox 480 4162 2068 4233; baseline 0.005 -18"><span class='ocrx_word' id='word_1_349' title='bbox 480 4180 643 4219; x_wconf 84' lang='lat' dir='ltr'><strong>veum</strong></span> <span class='ocrx_word' id='word_1_350' title='bbox 665 4180 729 4220; x_wconf 89' lang='lat' dir='ltr'><strong>ac</strong></span> <span class='ocrx_word' id='word_1_351' title='bbox 751 4163 939 4219; x_wconf 87' lang='lat' dir='ltr'><strong>fauces</strong></span> <span class='ocrx_word' id='word_1_352' title='bbox 961 4165 1222 4233; x_wconf 87' lang='lat' dir='ltr'><strong>positum,</strong></span> <span class='ocrx_word' id='word_1_353' title='bbox 1240 4162 1389 4219; x_wconf 89' lang='lat' dir='ltr'><strong>unde</strong></span> <span class='ocrx_word' id='word_1_354' title='bbox 1412 4165 1683 4223; x_wconf 89' lang='lat' dir='ltr'><strong>solventes</strong></span> <span class='ocrx_word' id='word_1_355' title='bbox 1702 4166 2068 4225; x_wconf 84' lang='lat' dir='ltr'><strong>Barbarorum</strong></span> 
     </span>
    </p>
   </div>
   <div class='ocr_carea' id='block_1_52' title="bbox 479 4255 2068 4327">
    <p class='ocr_par' dir='ltr' id='par_1_52' title="bbox 479 4255 2068 4327">
     <span class='ocr_line' id='line_1_52' title="bbox 479 4255 2068 4327; baseline 0.003 -16"><span class='ocrx_word' id='word_1_356' title='bbox 479 4271 652 4311; x_wconf 88' lang='lat' dir='ltr'><strong>naves</strong></span> <span class='ocrx_word' id='word_1_357' title='bbox 678 4257 1103 4327; x_wconf 85' lang='lat' dir='ltr'><strong>haudquaquam</strong></span> <span class='ocrx_word' id='word_1_358' title='bbox 1128 4255 1299 4311; x_wconf 88' lang='lat' dir='ltr'><strong>latere</strong></span> <span class='ocrx_word' id='word_1_359' title='bbox 1321 4267 1600 4327; x_wconf 85' lang='lat' dir='ltr'><strong>poterant,</strong></span> <span class='ocrx_word' id='word_1_360' title='bbox 1633 4259 1745 4316; x_wconf 92' lang='lat' dir='ltr'><strong>illic</strong></span> <span class='ocrx_word' id='word_1_361' title='bbox 1770 4262 2068 4318; x_wconf 87' lang='lat' dir='ltr'><strong>stationem</strong></span> 
     </span>
    </p>
   </div>
   <div class='ocr_carea' id='block_1_53' title="bbox 480 4347 2072 4411">
    <p class='ocr_par' dir='ltr' id='par_1_53' title="bbox 480 4347 2072 4411">
     <span class='ocr_line' id='line_1_53' title="bbox 480 4347 2072 4411; baseline 0.004 -8"><span class='ocrx_word' id='word_1_362' title='bbox 480 4350 818 4404; x_wconf 84' lang='lat' dir='ltr'><strong>habentibus</strong></span> <span class='ocrx_word' id='word_1_363' title='bbox 850 4347 1169 4403; x_wconf 86' lang='lat' dir='ltr'><strong>triremibus</strong></span> <span class='ocrx_word' id='word_1_364' title='bbox 1193 4347 1421 4411; x_wconf 86' lang='lat' dir='ltr'><strong>nostris,</strong></span> <span class='ocrx_word' id='word_1_365' title='bbox 1454 4359 1511 4404; x_wconf 88' lang='lat' dir='ltr'><strong>ut</strong></span> <span class='ocrx_word' id='word_1_366' title='bbox 1537 4350 1711 4407; x_wconf 88' lang='lat' dir='ltr'><strong>libere</strong></span> <span class='ocrx_word' id='word_1_367' title='bbox 1739 4352 2072 4409; x_wconf 87' lang='lat' dir='ltr'><strong>cohiberent</strong></span> 
     </span>
    </p>
   </div>
   <div class='ocr_carea' id='block_1_54' title="bbox 479 4436 2072 4511">
    <p class='ocr_par' dir='ltr' id='par_1_54' title="bbox 479 4436 2072 4511">
     <span class='ocr_line' id='line_1_54' title="bbox 479 4436 2072 4511; baseline 0.003 -17"><span class='ocrx_word' id='word_1_368' title='bbox 479 4437 876 4494; x_wconf 83' lang='lat' dir='ltr'><strong>latrocinantes</strong></span> <span class='ocrx_word' id='word_1_369' title='bbox 896 4436 1519 4511; x_wconf 83' lang='lat' dir='ltr'><strong>Barbaros,nostrisque</strong></span> <span class='ocrx_word' id='word_1_370' title='bbox 1550 4451 1611 4498; x_wconf 89' lang='lat' dir='ltr'><strong>ut</strong></span> <span class='ocrx_word' id='word_1_371' title='bbox 1632 4445 1799 4501; x_wconf 87' lang='lat' dir='ltr'><strong>urbes</strong></span> <span class='ocrx_word' id='word_1_372' title='bbox 1832 4454 1949 4500; x_wconf 91' lang='lat' dir='ltr'><strong>tuto</strong></span> <span class='ocrx_word' id='word_1_373' title='bbox 1976 4446 2072 4499; x_wconf 85' lang='lat' dir='ltr'><strong>ha-</strong></span> 
     </span>
    </p>
   </div>
   <div class='ocr_carea' id='block_1_55' title="bbox 2185 1120 3758 1201">
    <p class='ocr_par' dir='ltr' id='par_1_55' title="bbox 2185 1120 3758 1201">
     <span class='ocr_line' id='line_1_55' title="bbox 2185 1120 3758 1201; baseline -0.002 -19"><span class='ocrx_word' id='word_1_374' title='bbox 2185 1129 2573 1199; x_wconf 77' lang='grc' dir='ltr'>βουλεύεσθαι’</span> <span class='ocrx_word' id='word_1_375' title='bbox 2608 1128 2747 1184; x_wconf 88' lang='grc' dir='ltr'><strong>ἀλλά</strong></span> <span class='ocrx_word' id='word_1_376' title='bbox 2791 1131 2920 1201; x_wconf 81' lang='grc' dir='ltr'>περὶ</span> <span class='ocrx_word' id='word_1_377' title='bbox 2970 1130 3078 1184; x_wconf 89' lang='grc' dir='ltr'><strong>τῶν</strong></span> <span class='ocrx_word' id='word_1_378' title='bbox 3125 1130 3357 1200; x_wconf 80' lang='grc' dir='ltr'><strong>ἀδήλων,</strong></span> <span class='ocrx_word' id='word_1_379' title='bbox 3395 1130 3491 1183; x_wconf 77' lang='grc' dir='ltr'>καὶ</span> <span class='ocrx_word' id='word_1_380' title='bbox 3526 1130 3654 1199; x_wconf 70' lang='grc' dir='ltr'>περὶ</span> <span class='ocrx_word' id='word_1_381' title='bbox 3678 1120 3758 1181; x_wconf 82' lang='grc' dir='ltr'>ὧν</span> 
     </span>
    </p>
   </div>
   <div class='ocr_carea' id='block_1_56' title="bbox 2182 1219 3755 1291">
    <p class='ocr_par' dir='ltr' id='par_1_56' title="bbox 2182 1219 3755 1291">
     <span class='ocr_line' id='line_1_56' title="bbox 2182 1219 3755 1291; baseline -0.003 -17"><span class='ocrx_word' id='word_1_382' title='bbox 2182 1239 2266 1284; x_wconf 87' lang='grc' dir='ltr'><strong>τις</strong></span> <span class='ocrx_word' id='word_1_383' title='bbox 2297 1220 2557 1274; x_wconf 86' lang='grc' dir='ltr'>τάναντία</span> <span class='ocrx_word' id='word_1_384' title='bbox 2590 1220 2784 1289; x_wconf 79' lang='grc' dir='ltr'>λέγων,</span> <span class='ocrx_word' id='word_1_385' title='bbox 2825 1221 2886 1274; x_wconf 88' lang='grc' dir='ltr'><strong>ού</strong></span> <span class='ocrx_word' id='word_1_386' title='bbox 2919 1219 3061 1285; x_wconf 79' lang='grc' dir='ltr'>δόξει</span> <span class='ocrx_word' id='word_1_387' title='bbox 3094 1220 3304 1291; x_wconf 85' lang='grc' dir='ltr'>ληρεῖν.</span> <span class='ocrx_word' id='word_1_388' title='bbox 3374 1221 3529 1274; x_wconf 69' lang='grc' dir='ltr'>Ἐπεὶ</span> <span class='ocrx_word' id='word_1_389' title='bbox 3573 1220 3755 1271; x_wconf 85' lang='grc' dir='ltr'>τοίνυν</span> 
     </span>
    </p>
   </div>
   <div class='ocr_carea' id='block_1_57' title="bbox 2180 1309 3757 1382">
    <p class='ocr_par' dir='ltr' id='par_1_57' title="bbox 2180 1309 3757 1382">
     <span class='ocr_line' id='line_1_57' title="bbox 2180 1309 3757 1382; baseline -0.002 -16"><span class='ocrx_word' id='word_1_390' title='bbox 2180 1313 2274 1366; x_wconf 72' lang='grc' dir='ltr'>καὶ</span> <span class='ocrx_word' id='word_1_391' title='bbox 2309 1315 2421 1376; x_wconf 85' lang='grc' dir='ltr'>τοῖς</span> <span class='ocrx_word' id='word_1_392' title='bbox 2461 1309 2725 1382; x_wconf 72' lang='grc' dir='ltr'>παροῦσιν</span> <span class='ocrx_word' id='word_1_393' title='bbox 2767 1309 2827 1365; x_wconf 76' lang='grc' dir='ltr'>εὖ</span> <span class='ocrx_word' id='word_1_394' title='bbox 2886 1311 3167 1374; x_wconf 89' lang='grc' dir='ltr'>ποιοῦντες</span> <span class='ocrx_word' id='word_1_395' title='bbox 3223 1312 3516 1381; x_wconf 79' lang='grc' dir='ltr'>ἐκκλησίαν</span> <span class='ocrx_word' id='word_1_396' title='bbox 3560 1310 3757 1363; x_wconf 79' lang='grc' dir='ltr'>ἀποδε-</span> 
     </span>
    </p>
   </div>
   <div class='ocr_carea' id='block_1_58' title="bbox 2176 1402 3753 1477">
    <p class='ocr_par' dir='ltr' id='par_1_58' title="bbox 2176 1402 3753 1477">
     <span class='ocr_line' id='line_1_58' title="bbox 2176 1402 3753 1477; baseline -0.003 -18"><span class='ocrx_word' id='word_1_397' title='bbox 2176 1405 2387 1459; x_wconf 82' lang='grc' dir='ltr'>δώκατε</span> <span class='ocrx_word' id='word_1_398' title='bbox 2415 1405 2512 1460; x_wconf 66' lang='grc' dir='ltr'>καὶ</span> <span class='ocrx_word' id='word_1_399' title='bbox 2539 1403 2762 1477; x_wconf 79' lang='grc' dir='ltr'>βουλὴν,</span> <span class='ocrx_word' id='word_1_400' title='bbox 2806 1403 3002 1473; x_wconf 79' lang='grc' dir='ltr'>ἄλογον</span> <span class='ocrx_word' id='word_1_401' title='bbox 3039 1403 3435 1475; x_wconf 83' lang='grc' dir='ltr'>δυσχεραίνειν,</span> <span class='ocrx_word' id='word_1_402' title='bbox 3465 1402 3520 1455; x_wconf 81' lang='grc' dir='ltr'><strong>εί</strong></span> <span class='ocrx_word' id='word_1_403' title='bbox 3542 1419 3623 1465; x_wconf 87' lang='grc' dir='ltr'><strong>τις</strong></span> <span class='ocrx_word' id='word_1_404' title='bbox 3652 1403 3753 1455; x_wconf 64' lang='lat' dir='ltr'><strong>xui.</strong></span> 
     </span>
    </p>
   </div>
   <div class='ocr_carea' id='block_1_59' title="bbox 2174 1494 3753 1570">
    <p class='ocr_par' dir='ltr' id='par_1_59' title="bbox 2174 1494 3753 1570">
     <span class='ocr_line' id='line_1_59' title="bbox 2174 1494 3753 1570; baseline -0.003 -19"><span class='ocrx_word' id='word_1_405' title='bbox 2174 1498 2275 1569; x_wconf 86' lang='grc' dir='ltr'>τῆς</span> <span class='ocrx_word' id='word_1_406' title='bbox 2317 1499 2567 1562; x_wconf 75' lang='grc' dir='ltr'>ἐναντίας</span> <span class='ocrx_word' id='word_1_407' title='bbox 2618 1498 2845 1553; x_wconf 76' lang='grc' dir='ltr'>ἀπτοιτο</span> <span class='ocrx_word' id='word_1_408' title='bbox 2881 1497 3075 1570; x_wconf 80' lang='grc' dir='ltr'>δόξης’</span> <span class='ocrx_word' id='word_1_409' title='bbox 3109 1497 3309 1563; x_wconf 65' lang='grc' dir='ltr'>ἑάλλως</span> <span class='ocrx_word' id='word_1_410' title='bbox 3359 1513 3420 1549; x_wconf 90' lang='grc' dir='ltr'><strong>τε</strong></span> <span class='ocrx_word' id='word_1_411' title='bbox 3466 1496 3560 1550; x_wconf 70' lang='grc' dir='ltr'>καὶ</span> <span class='ocrx_word' id='word_1_412' title='bbox 3612 1494 3753 1565; x_wconf 87' lang='grc' dir='ltr'><strong>μετά</strong></span> 
     </span>
    </p>
   </div>
   <div class='ocr_carea' id='block_1_60' title="bbox 2174 1589 3757 1663">
    <p class='ocr_par' dir='ltr' id='par_1_60' title="bbox 2174 1589 3757 1663">
     <span class='ocr_line' id='line_1_60' title="bbox 2174 1589 3757 1663; baseline -0.002 -20"><span class='ocrx_word' id='word_1_413' title='bbox 2174 1592 2306 1654; x_wconf 81' lang='grc' dir='ltr'>τοὺς</span> <span class='ocrx_word' id='word_1_414' title='bbox 2335 1591 2527 1660; x_wconf 82' lang='grc' dir='ltr'>λόγους</span> <span class='ocrx_word' id='word_1_415' title='bbox 2562 1592 2647 1660; x_wconf 78' lang='grc' dir='ltr'>ἐφ’</span> <span class='ocrx_word' id='word_1_416' title='bbox 2678 1594 2812 1663; x_wconf 81' lang='grc' dir='ltr'>ἡμῖν</span> <span class='ocrx_word' id='word_1_417' title='bbox 2859 1592 3012 1655; x_wconf 76' lang='grc' dir='ltr'>ὄντος</span> <span class='ocrx_word' id='word_1_418' title='bbox 3058 1593 3091 1662; x_wconf 79' lang='grc' dir='ltr'>ἢ</span> <span class='ocrx_word' id='word_1_419' title='bbox 3150 1592 3251 1663; x_wconf 78' lang='grc' dir='ltr'>τὴν</span> <span class='ocrx_word' id='word_1_420' title='bbox 3283 1590 3508 1661; x_wconf 81' lang='grc' dir='ltr'>γνώμην</span> <span class='ocrx_word' id='word_1_421' title='bbox 3537 1589 3757 1643; x_wconf 75' lang='grc' dir='ltr'>ἐπαινέ-</span> 
     </span>
    </p>
   </div>
   <div class='ocr_carea' id='block_1_61' title="bbox 2176 1681 3753 1757">
    <p class='ocr_par' dir='ltr' id='par_1_61' title="bbox 2176 1681 3753 1757">
     <span class='ocr_line' id='line_1_61' title="bbox 2176 1681 3753 1757; baseline -0.002 -21"><span class='ocrx_word' id='word_1_422' title='bbox 2176 1699 2378 1747; x_wconf 86' lang='grc' dir='ltr'>σαντας</span> <span class='ocrx_word' id='word_1_423' title='bbox 2406 1683 2715 1755; x_wconf 75' lang='grc' dir='ltr'>χρήσασθαι</span> <span class='ocrx_word' id='word_1_424' title='bbox 2745 1686 2941 1757; x_wconf 81' lang='grc' dir='ltr'>ταύτῃ,</span> <span class='ocrx_word' id='word_1_425' title='bbox 2974 1686 3032 1756; x_wconf 76' lang='grc' dir='ltr'>ἢ,</span> <span class='ocrx_word' id='word_1_426' title='bbox 3061 1684 3171 1737; x_wconf 90' lang='grc' dir='ltr'><strong>τῶν</strong></span> <span class='ocrx_word' id='word_1_427' title='bbox 3197 1686 3457 1737; x_wconf 85' lang='grc' dir='ltr'>ἐναντίων</span> <span class='ocrx_word' id='word_1_428' title='bbox 3486 1681 3753 1751; x_wconf 81' lang='grc' dir='ltr'>κρατούνο</span> 
     </span>
    </p>
   </div>
   <div class='ocr_carea' id='block_1_62' title="bbox 2172 1774 3756 1849">
    <p class='ocr_par' dir='ltr' id='par_1_62' title="bbox 2172 1774 3756 1849">
     <span class='ocr_line' id='line_1_62' title="bbox 2172 1774 3756 1849; baseline -0.003 -18"><span class='ocrx_word' id='word_1_429' title='bbox 2172 1792 2302 1843; x_wconf 86' lang='grc' dir='ltr'>των,</span> <span class='ocrx_word' id='word_1_430' title='bbox 2330 1779 2445 1840; x_wconf 81' lang='grc' dir='ltr'>τοῖς</span> <span class='ocrx_word' id='word_1_431' title='bbox 2472 1776 2692 1843; x_wconf 79' lang='grc' dir='ltr'><strong>δόξασιν</strong></span> <span class='ocrx_word' id='word_1_432' title='bbox 2739 1778 2994 1833; x_wconf 74' lang='grc' dir='ltr'>ἕπεσθαι.</span> <span class='ocrx_word' id='word_1_433' title='bbox 3041 1776 3268 1849; x_wconf 88' lang='grc' dir='ltr'>Πρῶτον</span> <span class='ocrx_word' id='word_1_434' title='bbox 3309 1776 3408 1848; x_wconf 76' lang='grc' dir='ltr'>μὲν</span> <span class='ocrx_word' id='word_1_435' title='bbox 3453 1774 3545 1829; x_wconf 80' lang='grc' dir='ltr'>οὖν</span> <span class='ocrx_word' id='word_1_436' title='bbox 3577 1779 3756 1829; x_wconf 74' lang='grc' dir='ltr'>ἐκεῖνο</span> 
     </span>
    </p>
   </div>
   <div class='ocr_carea' id='block_1_63' title="bbox 2182 1863 3757 1941">
    <p class='ocr_par' dir='ltr' id='par_1_63' title="bbox 2182 1863 3757 1941">
     <span class='ocr_line' id='line_1_63' title="bbox 2182 1863 3757 1941; baseline -0.001 -20"><span class='ocrx_word' id='word_1_437' title='bbox 2182 1869 2520 1939; x_wconf 74' lang='grc' dir='ltr'>ἐνθυμητέον</span> <span class='ocrx_word' id='word_1_438' title='bbox 2542 1909 2559 1935; x_wconf 93' lang='grc'><strong>,</strong></span> <span class='ocrx_word' id='word_1_439' title='bbox 2600 1872 2676 1934; x_wconf 83' lang='grc' dir='ltr'><strong>ὡς</strong></span> <span class='ocrx_word' id='word_1_440' title='bbox 2701 1869 2843 1941; x_wconf 76' lang='grc' dir='ltr'>αὕτη</span> <span class='ocrx_word' id='word_1_441' title='bbox 2895 1871 2951 1940; x_wconf 82' lang='grc' dir='ltr'>γ’</span> <span class='ocrx_word' id='word_1_442' title='bbox 2978 1871 3127 1924; x_wconf 79' lang='grc' dir='ltr'>ἐστὶν</span> <span class='ocrx_word' id='word_1_443' title='bbox 3156 1871 3190 1941; x_wconf 77' lang='grc' dir='ltr'><strong>ἡ</strong></span> <span class='ocrx_word' id='word_1_444' title='bbox 3222 1868 3569 1934; x_wconf 81' lang='grc' dir='ltr'>Καλλίπολις,</span> <span class='ocrx_word' id='word_1_445' title='bbox 3601 1863 3668 1939; x_wconf 80' lang='grc' dir='ltr'>ἧς</span> <span class='ocrx_word' id='word_1_446' title='bbox 3701 1868 3757 1921; x_wconf 73' lang='grc' dir='ltr'>οἱ</span> 
     </span>
    </p>
   </div>
   <div class='ocr_carea' id='block_1_64' title="bbox 2182 1947 3757 2039">
    <p class='ocr_par' dir='ltr' id='par_1_64' title="bbox 2182 1947 3757 2039">
     <span class='ocr_line' id='line_1_64' title="bbox 2182 1947 3757 2039; baseline -0.001 -29"><span class='ocrx_word' id='word_1_447' title='bbox 2182 1957 2411 2028; x_wconf 71' lang='grc' dir='ltr'>χρηστοὶ</span> <span class='ocrx_word' id='word_1_448' title='bbox 2436 1958 2532 2011; x_wconf 62' lang='grc' dir='ltr'><strong>καὶ⁷</strong></span> <span class='ocrx_word' id='word_1_449' title='bbox 2571 1960 2667 2028; x_wconf 80' lang='grc' dir='ltr'>τῆς</span> <span class='ocrx_word' id='word_1_450' title='bbox 2703 1958 2913 2022; x_wconf 87' lang='grc' dir='ltr'>πόλεως</span> <span class='ocrx_word' id='word_1_451' title='bbox 2948 1957 3255 2030; x_wconf 73' lang='grc' dir='ltr'>φροντίζειν</span> <span class='ocrx_word' id='word_1_452' title='bbox 3282 1957 3579 2025; x_wconf 75' lang='grc' dir='ltr'>φάσκοντες</span> <span class='ocrx_word' id='word_1_453' title='bbox 3606 1947 3757 2039; x_wconf 71' lang='grc' dir='ltr'>οὗτοι</span> 
     </span>
    </p>
   </div>
   <div class='ocr_carea' id='block_1_65' title="bbox 2178 2046 3755 2120">
    <p class='ocr_par' dir='ltr' id='par_1_65' title="bbox 2178 2046 3755 2120">
     <span class='ocr_line' id='line_1_65' title="bbox 2178 2046 3755 2120; baseline -0.004 -17"><span class='ocrx_word' id='word_1_454' title='bbox 2178 2051 2292 2114; x_wconf 82' lang='grc' dir='ltr'>τοῖς</span> <span class='ocrx_word' id='word_1_455' title='bbox 2324 2049 2603 2119; x_wconf 84' lang='grc' dir='ltr'>πολεμίοις</span> <span class='ocrx_word' id='word_1_456' title='bbox 2640 2048 3001 2118; x_wconf 82' lang='grc' dir='ltr'>παραινοῦσιν</span> <span class='ocrx_word' id='word_1_457' title='bbox 3028 2050 3312 2119; x_wconf 79' lang='grc' dir='ltr'>ἐκστῆναι,</span> <span class='ocrx_word' id='word_1_458' title='bbox 3337 2049 3404 2120; x_wconf 76' lang='grc' dir='ltr'>ῆν</span> <span class='ocrx_word' id='word_1_459' title='bbox 3428 2047 3516 2101; x_wconf 57' lang='grc' dir='ltr'><strong>ἀεὶ⁵</strong></span> <span class='ocrx_word' id='word_1_460' title='bbox 3535 2046 3755 2101; x_wconf 86' lang='grc' dir='ltr'>πάντων</span> 
     </span>
    </p>
   </div>
   <div class='ocr_carea' id='block_1_66' title="bbox 2179 2139 3754 2215">
    <p class='ocr_par' dir='ltr' id='par_1_66' title="bbox 2179 2139 3754 2215">
     <span class='ocr_line' id='line_1_66' title="bbox 2179 2139 3754 2215; baseline -0.003 -21"><span class='ocrx_word' id='word_1_461' title='bbox 2179 2141 2289 2196; x_wconf 88' lang='grc' dir='ltr'><strong>τῶν</strong></span> <span class='ocrx_word' id='word_1_462' title='bbox 2343 2142 2631 2213; x_wconf 77' lang='grc' dir='ltr'>ἡμετέρων</span> <span class='ocrx_word' id='word_1_463' title='bbox 2700 2142 2999 2215; x_wconf 83' lang='grc' dir='ltr'>κτημάτων</span> <span class='ocrx_word' id='word_1_464' title='bbox 3063 2141 3348 2213; x_wconf 78' lang='grc' dir='ltr'><strong>ἡγούμεθα</strong></span> <span class='ocrx_word' id='word_1_465' title='bbox 3406 2139 3754 2211; x_wconf 84' lang='grc' dir='ltr'>τιμιώτερον,</span> 
     </span>
    </p>
   </div>
   <div class='ocr_carea' id='block_1_67' title="bbox 2178 2232 3761 2307">
    <p class='ocr_par' dir='ltr' id='par_1_67' title="bbox 2178 2232 3761 2307">
     <span class='ocr_line' id='line_1_67' title="bbox 2178 2232 3761 2307; baseline -0.002 -17"><span class='ocrx_word' id='word_1_466' title='bbox 2178 2235 2274 2290; x_wconf 71' lang='grc' dir='ltr'><strong>καὶ</strong></span> <span class='ocrx_word' id='word_1_467' title='bbox 2299 2234 2564 2307; x_wconf 77' lang='grc' dir='ltr'>μεγίστην</span> <span class='ocrx_word' id='word_1_468' title='bbox 2594 2237 2728 2306; x_wconf 75' lang='grc' dir='ltr'>ἡμῖν</span> <span class='ocrx_word' id='word_1_469' title='bbox 2762 2237 3080 2291; x_wconf 71' lang='grc' dir='ltr'>συντέλειαν</span> <span class='ocrx_word' id='word_1_470' title='bbox 3109 2234 3246 2307; x_wconf 76' lang='grc' dir='ltr'>πρὸς</span> <span class='ocrx_word' id='word_1_471' title='bbox 3274 2235 3369 2288; x_wconf 77' lang='grc' dir='ltr'>τὸν</span> <span class='ocrx_word' id='word_1_472' title='bbox 3400 2235 3506 2288; x_wconf 88' lang='grc' dir='ltr'><strong>τῶν</strong></span> <span class='ocrx_word' id='word_1_473' title='bbox 3545 2232 3761 2305; x_wconf 85' lang='grc' dir='ltr'>βαρϐά-</span> 
     </span>
    </p>
   </div>
   <div class='ocr_carea' id='block_1_68' title="bbox 2182 2323 3347 2397">
    <p class='ocr_par' dir='ltr' id='par_1_68' title="bbox 2182 2323 3347 2397">
     <span class='ocr_line' id='line_1_68' title="bbox 2182 2323 3347 2397; baseline -0.002 -18"><span class='ocrx_word' id='word_1_474' title='bbox 2182 2343 2293 2397; x_wconf 89' lang='grc' dir='ltr'><strong>ρων</strong></span> <span class='ocrx_word' id='word_1_475' title='bbox 2335 2325 2574 2396; x_wconf 84' lang='grc' dir='ltr'>πόλεμον</span> <span class='ocrx_word' id='word_1_476' title='bbox 2615 2325 2999 2396; x_wconf 83' lang='grc' dir='ltr'>παρασχέσθαι</span> <span class='ocrx_word' id='word_1_477' title='bbox 3026 2323 3347 2392; x_wconf 79' lang='grc' dir='ltr'>δυνάμενον.</span> 
     </span>
    </p>
   </div>
   <div class='ocr_carea' id='block_1_69' title="bbox 2262 2412 3750 2485">
    <p class='ocr_par' dir='ltr' id='par_1_69' title="bbox 2262 2412 3750 2485">
     <span class='ocr_line' id='line_1_69' title="bbox 2262 2412 3750 2485; baseline -0.005 -12"><span class='ocrx_word' id='word_1_478' title='bbox 2262 2417 2425 2474; x_wconf 79' lang='grc' dir='ltr'>Ἀλλὰ</span> <span class='ocrx_word' id='word_1_479' title='bbox 2458 2417 2562 2470; x_wconf 91' lang='grc' dir='ltr'><strong>κάν</strong></span> <span class='ocrx_word' id='word_1_480' title='bbox 2590 2419 2711 2480; x_wconf 77' lang='grc' dir='ltr'>ταῖς</span> <span class='ocrx_word' id='word_1_481' title='bbox 2740 2416 3079 2485; x_wconf 84' lang='grc' dir='ltr'>ἐκκλησίαις,</span> <span class='ocrx_word' id='word_1_482' title='bbox 3106 2416 3209 2469; x_wconf 87' lang='grc' dir='ltr'><strong>κάν</strong></span> <span class='ocrx_word' id='word_1_483' title='bbox 3241 2415 3361 2478; x_wconf 79' lang='grc' dir='ltr'>ταῖς</span> <span class='ocrx_word' id='word_1_484' title='bbox 3397 2413 3632 2484; x_wconf 76' lang='grc' dir='ltr'>βουλαῖς,</span> <span class='ocrx_word' id='word_1_485' title='bbox 3659 2412 3750 2465; x_wconf 79' lang='grc' dir='ltr'>ὅτε</span> 
     </span>
    </p>
   </div>
   <div class='ocr_carea' id='block_1_70' title="bbox 2178 2506 3755 2581">
    <p class='ocr_par' dir='ltr' id='par_1_70' title="bbox 2178 2506 3755 2581">
     <span class='ocr_line' id='line_1_70' title="bbox 2178 2506 3755 2581; baseline -0.003 -17"><span class='ocrx_word' id='word_1_486' title='bbox 2178 2512 2317 2566; x_wconf 79' lang='grc' dir='ltr'>πᾶσι</span> <span class='ocrx_word' id='word_1_487' title='bbox 2350 2509 2486 2570; x_wconf 75' lang='grc' dir='ltr'>μετὰ</span> <span class='ocrx_word' id='word_1_488' title='bbox 2516 2509 2833 2581; x_wconf 65' lang='grc' dir='ltr'>παρρησίας</span> <span class='ocrx_word' id='word_1_489' title='bbox 2867 2508 2933 2561; x_wconf 79' lang='grc' dir='ltr'>τὸ</span> <span class='ocrx_word' id='word_1_490' title='bbox 2957 2507 3148 2562; x_wconf 82' lang='grc' dir='ltr'>δοκοῦν</span> <span class='ocrx_word' id='word_1_491' title='bbox 3191 2507 3367 2573; x_wconf 72' lang='grc' dir='ltr'>ἔξεστι</span> <span class='ocrx_word' id='word_1_492' title='bbox 3392 2506 3592 2576; x_wconf 87' lang='grc' dir='ltr'>λέγειν,</span> <span class='ocrx_word' id='word_1_493' title='bbox 3619 2506 3755 2573; x_wconf 74' lang='grc' dir='ltr'>περὶ</span> 
     </span>
    </p>
   </div>
   <div class='ocr_carea' id='block_1_71' title="bbox 2179 2597 3749 2674">
    <p class='ocr_par' dir='ltr' id='par_1_71' title="bbox 2179 2597 3749 2674">
     <span class='ocr_line' id='line_1_71' title="bbox 2179 2597 3749 2674; baseline -0.005 -17"><span class='ocrx_word' id='word_1_494' title='bbox 2179 2604 2281 2674; x_wconf 79' lang='grc' dir='ltr'>μὲν</span> <span class='ocrx_word' id='word_1_495' title='bbox 2332 2602 2441 2657; x_wconf 85' lang='grc' dir='ltr'><strong>τῶν</strong></span> <span class='ocrx_word' id='word_1_496' title='bbox 2489 2602 2663 2655; x_wconf 78' lang='grc' dir='ltr'>ἄλλων</span> <span class='ocrx_word' id='word_1_497' title='bbox 2719 2602 2918 2672; x_wconf 74' lang='grc' dir='ltr'>ηκουεν</span> <span class='ocrx_word' id='word_1_498' title='bbox 2965 2601 3030 2655; x_wconf 80' lang='grc' dir='ltr'>ἄν</span> <span class='ocrx_word' id='word_1_499' title='bbox 3083 2616 3170 2663; x_wconf 78' lang='grc' dir='ltr'><strong>τις</strong></span> <span class='ocrx_word' id='word_1_500' title='bbox 3221 2598 3471 2668; x_wconf 84' lang='grc' dir='ltr'>ἀλλήλοις</span> <span class='ocrx_word' id='word_1_501' title='bbox 3521 2597 3749 2660; x_wconf 78' lang='grc' dir='ltr'>πολλοὺς</span> 
     </span>
    </p>
   </div>
   <div class='ocr_carea' id='block_1_72' title="bbox 2177 2689 3745 2763">
    <p class='ocr_par' dir='ltr' id='par_1_72' title="bbox 2177 2689 3745 2763">
     <span class='ocr_line' id='line_1_72' title="bbox 2177 2689 3745 2763; baseline -0.005 -15"><span class='ocrx_word' id='word_1_502' title='bbox 2177 2694 2657 2763; x_wconf 48' lang='grc' dir='ltr'>ἐναντιουμένους</span> <span class='ocrx_word' id='word_1_503' title='bbox 2692 2693 2786 2746; x_wconf 74' lang='grc' dir='ltr'>καὶ</span> <span class='ocrx_word' id='word_1_504' title='bbox 2820 2692 2952 2749; x_wconf 73' lang='grc' dir='ltr'>τάδε</span> <span class='ocrx_word' id='word_1_505' title='bbox 2995 2690 3097 2762; x_wconf 74' lang='grc' dir='ltr'>μὲν</span> <span class='ocrx_word' id='word_1_506' title='bbox 3129 2690 3224 2744; x_wconf 77' lang='grc' dir='ltr'><strong>ὑπ’</strong></span> <span class='ocrx_word' id='word_1_507' title='bbox 3267 2690 3442 2746; x_wconf 74' lang='grc' dir='ltr'>ἄλλων</span> <span class='ocrx_word' id='word_1_508' title='bbox 3469 2689 3745 2757; x_wconf 80' lang='grc' dir='ltr'>τιθέμενα,</span> 
     </span>
    </p>
   </div>
   <div class='ocr_carea' id='block_1_73' title="bbox 2176 2775 3749 2853">
    <p class='ocr_par' dir='ltr' id='par_1_73' title="bbox 2176 2775 3749 2853">
     <span class='ocr_line' id='line_1_73' title="bbox 2176 2775 3749 2853; baseline -0.006 -14"><span class='ocrx_word' id='word_1_509' title='bbox 2176 2785 2270 2840; x_wconf 81' lang='grc' dir='ltr'><strong>ὑπ’</strong></span> <span class='ocrx_word' id='word_1_510' title='bbox 2316 2783 2492 2840; x_wconf 80' lang='grc' dir='ltr'>ἀλλων</span> <span class='ocrx_word' id='word_1_511' title='bbox 2529 2782 2587 2837; x_wconf 82' lang='grc' dir='ltr'><strong>δέ</strong></span> <span class='ocrx_word' id='word_1_512' title='bbox 2641 2783 3047 2852; x_wconf 78' lang='grc' dir='ltr'>ἀναιρούμεναο</span> <span class='ocrx_word' id='word_1_513' title='bbox 3107 2780 3411 2853; x_wconf 78' lang='grc' dir='ltr'>φιλόνεικος</span> <span class='ocrx_word' id='word_1_514' title='bbox 3462 2778 3517 2833; x_wconf 80' lang='grc' dir='ltr'>δὲ</span> <span class='ocrx_word' id='word_1_515' title='bbox 3574 2775 3749 2839; x_wconf 73' lang='grc' dir='ltr'>οὕτως</span> 
     </span>
    </p>
   </div>
   <div class='ocr_carea' id='block_1_74' title="bbox 2174 2870 3747 2942">
    <p class='ocr_par' dir='ltr' id='par_1_74' title="bbox 2174 2870 3747 2942">
     <span class='ocr_line' id='line_1_74' title="bbox 2174 2870 3747 2942; baseline -0.009 -10"><span class='ocrx_word' id='word_1_516' title='bbox 2174 2876 2373 2942; x_wconf 78' lang='grc' dir='ltr'>οὐδεὶς,</span> <span class='ocrx_word' id='word_1_517' title='bbox 2403 2873 2535 2929; x_wconf 80' lang='grc' dir='ltr'>ὥστ’</span> <span class='ocrx_word' id='word_1_518' title='bbox 2562 2873 2750 2940; x_wconf 79' lang='grc' dir='ltr'>ἀξιοῦν</span> <span class='ocrx_word' id='word_1_519' title='bbox 2777 2874 2908 2928; x_wconf 84' lang='grc' dir='ltr'>ἀλλο</span> <span class='ocrx_word' id='word_1_520' title='bbox 2934 2890 2989 2927; x_wconf 87' lang='grc' dir='ltr'><strong>τι</strong></span> <span class='ocrx_word' id='word_1_521' title='bbox 3018 2873 3114 2942; x_wconf 80' lang='grc' dir='ltr'>τῆς</span> <span class='ocrx_word' id='word_1_522' title='bbox 3141 2870 3525 2933; x_wconf 80' lang='grc' dir='ltr'>Καλλιπόλεως</span> <span class='ocrx_word' id='word_1_523' title='bbox 3562 2882 3747 2937; x_wconf 82' lang='grc' dir='ltr'>προτι-</span> 
     </span>
    </p>
   </div>
   <div class='ocr_carea' id='block_1_75' title="bbox 2178 2958 3745 3042">
    <p class='ocr_par' dir='ltr' id='par_1_75' title="bbox 2178 2958 3745 3042">
     <span class='ocr_line' id='line_1_75' title="bbox 2178 2958 3745 3042; baseline -0.01 -19"><span class='ocrx_word' id='word_1_524' title='bbox 2178 2971 2289 3042; x_wconf 80' lang='grc' dir='ltr'><strong>μᾷν</strong></span> <span class='ocrx_word' id='word_1_525' title='bbox 2306 2984 2323 3001; x_wconf 73' lang='grc' dir='ltr'><strong>ο</strong></span> <span class='ocrx_word' id='word_1_526' title='bbox 2349 2967 2486 3022; x_wconf 78' lang='grc' dir='ltr'>ἀλλὰ</span> <span class='ocrx_word' id='word_1_527' title='bbox 2522 2964 2662 3036; x_wconf 77' lang='grc' dir='ltr'>αῦτη</span> <span class='ocrx_word' id='word_1_528' title='bbox 2688 2965 2753 3036; x_wconf 76' lang='grc' dir='ltr'>δὴ</span> <span class='ocrx_word' id='word_1_529' title='bbox 2791 2965 2889 3035; x_wconf 86' lang='grc' dir='ltr'><strong>μία</strong></span> <span class='ocrx_word' id='word_1_530' title='bbox 2913 2964 3107 3034; x_wconf 82' lang='grc' dir='ltr'>γνώμη</span> <span class='ocrx_word' id='word_1_531' title='bbox 3135 2963 3224 3018; x_wconf 89' lang='grc' dir='ltr'><strong>διά</strong></span> <span class='ocrx_word' id='word_1_532' title='bbox 3257 2963 3472 3015; x_wconf 88' lang='grc' dir='ltr'>πάντων</span> <span class='ocrx_word' id='word_1_533' title='bbox 3500 2958 3745 3026; x_wconf 73' lang='grc' dir='ltr'>ἐκράτει,</span> 
     </span>
    </p>
   </div>
   <div class='ocr_carea' id='block_1_76' title="bbox 2172 3048 3744 3139">
    <p class='ocr_par' dir='ltr' id='par_1_76' title="bbox 2172 3048 3744 3139">
     <span class='ocr_line' id='line_1_76' title="bbox 2172 3048 3744 3139; baseline -0.011 -21"><span class='ocrx_word' id='word_1_534' title='bbox 2172 3060 2492 3135; x_wconf 75' lang='grc' dir='ltr'>ἀντέχεσθαι</span> <span class='ocrx_word' id='word_1_535' title='bbox 2534 3059 2627 3113; x_wconf 87' lang='grc' dir='ltr'><strong>τοῦ</strong></span> <span class='ocrx_word' id='word_1_536' title='bbox 2650 3057 2941 3139; x_wconf 82' lang='grc' dir='ltr'>φρουρίου,</span> <span class='ocrx_word' id='word_1_537' title='bbox 2987 3058 3082 3109; x_wconf 73' lang='grc' dir='ltr'>καὶ</span> <span class='ocrx_word' id='word_1_538' title='bbox 3125 3054 3284 3110; x_wconf 78' lang='grc' dir='ltr'>πάνθ’</span> <span class='ocrx_word' id='word_1_539' title='bbox 3327 3053 3617 3121; x_wconf 75' lang='grc' dir='ltr'>ὑπομένειν</span> <span class='ocrx_word' id='word_1_540' title='bbox 3644 3048 3744 3102; x_wconf 76' lang='grc' dir='ltr'>καὶ</span> 
     </span>
    </p>
   </div>
   <div class='ocr_carea' id='block_1_77' title="bbox 2177 3145 3745 3218">
    <p class='ocr_par' dir='ltr' id='par_1_77' title="bbox 2177 3145 3745 3218">
     <span class='ocr_line' id='line_1_77' title="bbox 2177 3145 3745 3218; baseline -0.009 -7"><span class='ocrx_word' id='word_1_541' title='bbox 2177 3155 2475 3217; x_wconf 80' lang='grc' dir='ltr'>πονοῦντας</span> <span class='ocrx_word' id='word_1_542' title='bbox 2514 3153 2607 3206; x_wconf 81' lang='grc' dir='ltr'>καὶ</span> <span class='ocrx_word' id='word_1_543' title='bbox 2636 3152 3032 3214; x_wconf 83' lang='grc' dir='ltr'>ἀναλίσκοντας</span> <span class='ocrx_word' id='word_1_544' title='bbox 3068 3149 3208 3204; x_wconf 77' lang='grc' dir='ltr'>ὥστε</span> <span class='ocrx_word' id='word_1_545' title='bbox 3253 3148 3360 3202; x_wconf 90' lang='grc' dir='ltr'><strong>σῶν</strong></span> <span class='ocrx_word' id='word_1_546' title='bbox 3383 3149 3473 3202; x_wconf 76' lang='grc' dir='ltr'>ἀεὶ</span> <span class='ocrx_word' id='word_1_547' title='bbox 3499 3149 3563 3218; x_wconf 72' lang='grc' dir='ltr'>τῇ</span> <span class='ocrx_word' id='word_1_548' title='bbox 3590 3145 3745 3199; x_wconf 81' lang='grc' dir='ltr'>πόλει</span> 
     </span>
    </p>
   </div>
   <div class='ocr_carea' id='block_1_78' title="bbox 2172 3235 3741 3316">
    <p class='ocr_par' dir='ltr' id='par_1_78' title="bbox 2172 3235 3741 3316">
     <span class='ocr_line' id='line_1_78' title="bbox 2172 3235 3741 3316; baseline -0.008 -15"><span class='ocrx_word' id='word_1_549' title='bbox 2172 3248 2482 3316; x_wconf 69' lang='grc' dir='ltr'>τηρεῖσθαι.</span> <span class='ocrx_word' id='word_1_550' title='bbox 2519 3246 2625 3298; x_wconf 79' lang='grc' dir='ltr'>Τοῦ</span> <span class='ocrx_word' id='word_1_551' title='bbox 2673 3245 2718 3298; x_wconf 78' lang='grc' dir='ltr'>δ’</span> <span class='ocrx_word' id='word_1_552' title='bbox 2753 3244 2897 3298; x_wconf 79' lang='grc' dir='ltr'>οὕτω</span> <span class='ocrx_word' id='word_1_553' title='bbox 2946 3242 3155 3297; x_wconf 72' lang='grc' dir='ltr'>πάντας</span> <span class='ocrx_word' id='word_1_554' title='bbox 3182 3241 3315 3312; x_wconf 78' lang='grc' dir='ltr'>περὶ</span> <span class='ocrx_word' id='word_1_555' title='bbox 3345 3239 3440 3294; x_wconf 90' lang='grc' dir='ltr'><strong>τοῦ</strong></span> <span class='ocrx_word' id='word_1_556' title='bbox 3478 3235 3741 3310; x_wconf 77' lang='grc' dir='ltr'>φρουρίου</span> 
     </span>
    </p>
   </div>
   <div class='ocr_carea' id='block_1_79' title="bbox 2174 3330 3749 3411">
    <p class='ocr_par' dir='ltr' id='par_1_79' title="bbox 2174 3330 3749 3411">
     <span class='ocr_line' id='line_1_79' title="bbox 2174 3330 3749 3411; baseline -0.006 -18"><span class='ocrx_word' id='word_1_557' title='bbox 2174 3343 2395 3411; x_wconf 75' lang='grc' dir='ltr'>φρονεῖν</span> <span class='ocrx_word' id='word_1_558' title='bbox 2424 3339 2599 3392; x_wconf 76' lang='grc' dir='ltr'>αἴτιον</span> <span class='ocrx_word' id='word_1_559' title='bbox 2626 3340 2657 3406; x_wconf 73' lang='grc' dir='ltr'>ἡ</span> <span class='ocrx_word' id='word_1_560' title='bbox 2696 3341 2885 3407; x_wconf 83' lang='grc' dir='ltr'>πεῖρα.</span> <span class='ocrx_word' id='word_1_561' title='bbox 2918 3336 3013 3390; x_wconf 67' lang='grc' dir='ltr'>καὶ</span> <span class='ocrx_word' id='word_1_562' title='bbox 3037 3335 3096 3390; x_wconf 74' lang='grc' dir='ltr'><strong>τὸ</strong></span> <span class='ocrx_word' id='word_1_563' title='bbox 3131 3337 3262 3406; x_wconf 80' lang='grc' dir='ltr'>παρ’</span> <span class='ocrx_word' id='word_1_564' title='bbox 3295 3335 3465 3405; x_wconf 73' lang='grc' dir='ltr'>αὐτῆς</span> <span class='ocrx_word' id='word_1_565' title='bbox 3498 3330 3749 3402; x_wconf 78' lang='grc' dir='ltr'>διδαχθῆ-</span> 
     </span>
    </p>
   </div>
   <div class='ocr_carea' id='block_1_80' title="bbox 2171 3427 3745 3498">
    <p class='ocr_par' dir='ltr' id='par_1_80' title="bbox 2171 3427 3745 3498">
     <span class='ocr_line' id='line_1_80' title="bbox 2171 3427 3745 3498; baseline -0.004 -14"><span class='ocrx_word' id='word_1_566' title='bbox 2171 3448 2283 3497; x_wconf 84' lang='grc' dir='ltr'>ναι,</span> <span class='ocrx_word' id='word_1_567' title='bbox 2320 3434 2443 3485; x_wconf 77' lang='grc' dir='ltr'>ὅσον</span> <span class='ocrx_word' id='word_1_568' title='bbox 2483 3432 2571 3483; x_wconf 68' lang='grc' dir='ltr'>ἀεὶ</span> <span class='ocrx_word' id='word_1_569' title='bbox 2608 3432 2720 3491; x_wconf 84' lang='grc' dir='ltr'>τοῖς</span> <span class='ocrx_word' id='word_1_570' title='bbox 2748 3429 3042 3498; x_wconf 76' lang='grc' dir='ltr'>ἡμετέροις</span> <span class='ocrx_word' id='word_1_571' title='bbox 3089 3430 3388 3497; x_wconf 79' lang='grc' dir='ltr'>συνήνεγκε</span> <span class='ocrx_word' id='word_1_572' title='bbox 3433 3427 3745 3496; x_wconf 79' lang='grc' dir='ltr'>πράγμασι.</span> 
     </span>
    </p>
   </div>
   <div class='ocr_carea' id='block_1_81' title="bbox 2173 3518 3745 3593">
    <p class='ocr_par' dir='ltr' id='par_1_81' title="bbox 2173 3518 3745 3593">
     <span class='ocr_line' id='line_1_81' title="bbox 2173 3518 3745 3593; baseline -0.006 -16"><span class='ocrx_word' id='word_1_573' title='bbox 2173 3526 2281 3577; x_wconf 82' lang='grc' dir='ltr'>Τοῦ</span> <span class='ocrx_word' id='word_1_574' title='bbox 2319 3525 2428 3593; x_wconf 78' lang='grc' dir='ltr'><strong>γὰρ</strong></span> <span class='ocrx_word' id='word_1_575' title='bbox 2465 3523 2539 3591; x_wconf 76' lang='grc' dir='ltr'>μὴ</span> <span class='ocrx_word' id='word_1_576' title='bbox 2585 3521 2932 3574; x_wconf 80' lang='grc' dir='ltr'>παντάπασιν</span> <span class='ocrx_word' id='word_1_577' title='bbox 2971 3520 3167 3590; x_wconf 81' lang='grc' dir='ltr'>ὥσπερ</span> <span class='ocrx_word' id='word_1_578' title='bbox 3196 3522 3301 3574; x_wconf 82' lang='grc' dir='ltr'><strong>ύπό</strong></span> <span class='ocrx_word' id='word_1_579' title='bbox 3328 3537 3471 3583; x_wconf 86' lang='grc' dir='ltr'>τινος</span> <span class='ocrx_word' id='word_1_580' title='bbox 3501 3518 3745 3587; x_wconf 83' lang='grc' dir='ltr'>κύματος</span> 
     </span>
    </p>
   </div>
   <div class='ocr_carea' id='block_1_82' title="bbox 2174 3597 3745 3687">
    <p class='ocr_par' dir='ltr' id='par_1_82' title="bbox 2174 3597 3745 3687">
     <span class='ocr_line' id='line_1_82' title="bbox 2174 3597 3745 3687; baseline -0.006 -18"><span class='ocrx_word' id='word_1_581' title='bbox 2174 3615 2655 3678; x_wconf 75' lang='grc' dir='ltr'>κατακλυτθέντας</span> <span class='ocrx_word' id='word_1_582' title='bbox 2694 3597 2883 3683; x_wconf 71' lang='grc' dir='ltr'>μηκέτ’</span> <span class='ocrx_word' id='word_1_583' title='bbox 2905 3607 3047 3667; x_wconf 69' lang='grc' dir='ltr'>εἶναι</span> <span class='ocrx_word' id='word_1_584' title='bbox 3086 3613 3295 3676; x_wconf 85' lang='grc' dir='ltr'>πάντας</span> <span class='ocrx_word' id='word_1_585' title='bbox 3325 3612 3469 3683; x_wconf 74' lang='grc' dir='ltr'>ἡμᾶς</span> <span class='ocrx_word' id='word_1_586' title='bbox 3498 3607 3745 3687; x_wconf 55' lang='grc' dir='ltr'>καὶτοὺς</span> 
     </span>
    </p>
   </div>
   <div class='ocr_carea' id='block_1_83' title="bbox 2172 3702 3745 3778">
    <p class='ocr_par' dir='ltr' id='par_1_83' title="bbox 2172 3702 3745 3778">
     <span class='ocr_line' id='line_1_83' title="bbox 2172 3702 3745 3778; baseline -0.006 -16"><span class='ocrx_word' id='word_1_587' title='bbox 2172 3709 2397 3771; x_wconf 59' lang='grc' dir='ltr'>λοιποὺς</span> <span class='ocrx_word' id='word_1_588' title='bbox 2428 3708 2700 3777; x_wconf 76' lang='grc' dir='ltr'>’Έλληνας</span> <span class='ocrx_word' id='word_1_589' title='bbox 2740 3708 2856 3760; x_wconf 81' lang='grc' dir='ltr'>ὅσοι</span> <span class='ocrx_word' id='word_1_590' title='bbox 2894 3706 2993 3777; x_wconf 79' lang='grc' dir='ltr'>τὴν</span> <span class='ocrx_word' id='word_1_591' title='bbox 3042 3707 3313 3778; x_wconf 79' lang='grc' dir='ltr'>Εὐρώπην</span> <span class='ocrx_word' id='word_1_592' title='bbox 3362 3702 3623 3766; x_wconf 73' lang='grc' dir='ltr'>οἰκοῦσιν,</span> <span class='ocrx_word' id='word_1_593' title='bbox 3652 3702 3745 3755; x_wconf 83' lang='grc' dir='ltr'>ὅτε</span> 
     </span>
    </p>
   </div>
   <div class='ocr_carea' id='block_1_84' title="bbox 2172 3794 3745 3869">
    <p class='ocr_par' dir='ltr' id='par_1_84' title="bbox 2172 3794 3745 3869">
     <span class='ocr_line' id='line_1_84' title="bbox 2172 3794 3745 3869; baseline -0.003 -18"><span class='ocrx_word' id='word_1_594' title='bbox 2172 3799 2271 3866; x_wconf 82' lang='grc' dir='ltr'><strong>τὴν</strong></span> <span class='ocrx_word' id='word_1_595' title='bbox 2314 3798 2499 3851; x_wconf 81' lang='grc' dir='ltr'>Ἀσίαν</span> <span class='ocrx_word' id='word_1_596' title='bbox 2530 3794 2669 3868; x_wconf 69' lang='grc' dir='ltr'><strong>⁴ἦγον</strong></span> <span class='ocrx_word' id='word_1_597' title='bbox 2699 3797 2794 3851; x_wconf 74' lang='grc' dir='ltr'>καὶ</span> <span class='ocrx_word' id='word_1_598' title='bbox 2830 3797 3024 3869; x_wconf 70' lang='grc' dir='ltr'>ἔφερον</span> <span class='ocrx_word' id='word_1_599' title='bbox 3059 3800 3108 3851; x_wconf 85' lang='grc' dir='ltr'><strong>οί</strong></span> <span class='ocrx_word' id='word_1_600' title='bbox 3144 3796 3241 3851; x_wconf 89' lang='grc' dir='ltr'><strong>νῦν</strong></span> <span class='ocrx_word' id='word_1_601' title='bbox 3280 3798 3412 3867; x_wconf 72' lang='grc' dir='ltr'>ἡμῖν</span> <span class='ocrx_word' id='word_1_602' title='bbox 3458 3796 3745 3863; x_wconf 75' lang='grc' dir='ltr'>ἐπικείμε-</span> 
     </span>
    </p>
   </div>
   <div class='ocr_carea' id='block_1_85' title="bbox 2173 3884 3747 3959">
    <p class='ocr_par' dir='ltr' id='par_1_85' title="bbox 2173 3884 3747 3959">
     <span class='ocr_line' id='line_1_85' title="bbox 2173 3884 3747 3959; baseline -0.003 -17"><span class='ocrx_word' id='word_1_603' title='bbox 2173 3908 2276 3954; x_wconf 85' lang='grc' dir='ltr'>νοι,</span> <span class='ocrx_word' id='word_1_604' title='bbox 2318 3890 2466 3943; x_wconf 81' lang='grc' dir='ltr'>τοῦτ’</span> <span class='ocrx_word' id='word_1_605' title='bbox 2507 3890 2681 3943; x_wconf 79' lang='grc' dir='ltr'>αἴτιον</span> <span class='ocrx_word' id='word_1_606' title='bbox 2708 3884 2797 3959; x_wconf 82' lang='grc' dir='ltr'>ἦν.</span> <span class='ocrx_word' id='word_1_607' title='bbox 2829 3888 2955 3942; x_wconf 84' lang='grc' dir='ltr'>Ὅτι</span> <span class='ocrx_word' id='word_1_608' title='bbox 3006 3888 3070 3957; x_wconf 80' lang='grc' dir='ltr'>δὴ</span> <span class='ocrx_word' id='word_1_609' title='bbox 3115 3887 3224 3940; x_wconf 87' lang='grc' dir='ltr'><strong>τῶν</strong></span> <span class='ocrx_word' id='word_1_610' title='bbox 3269 3890 3327 3940; x_wconf 83' lang='grc' dir='ltr'>ὲν</span> <span class='ocrx_word' id='word_1_611' title='bbox 3370 3885 3747 3954; x_wconf 81' lang='grc' dir='ltr'>Ἑλλησπόντῳ</span> 
     </span>
    </p>
   </div>
   <div class='ocr_carea' id='block_1_86' title="bbox 2171 3978 3749 4053">
    <p class='ocr_par' dir='ltr' id='par_1_86' title="bbox 2171 3978 3749 4053">
     <span class='ocr_line' id='line_1_86' title="bbox 2171 3978 3749 4053; baseline -0.002 -17"><span class='ocrx_word' id='word_1_612' title='bbox 2171 3983 2369 4053; x_wconf 80' lang='grc' dir='ltr'>τειχῶν</span> <span class='ocrx_word' id='word_1_613' title='bbox 2397 3982 2619 4036; x_wconf 84' lang='grc' dir='ltr'>πάντων</span> <span class='ocrx_word' id='word_1_614' title='bbox 2648 3980 3071 4050; x_wconf 70' lang='grc' dir='ltr'>ἐπικαιρότατον</span> <span class='ocrx_word' id='word_1_615' title='bbox 3100 3979 3183 4046; x_wconf 77' lang='grc' dir='ltr'>ὃν,</span> <span class='ocrx_word' id='word_1_616' title='bbox 3218 3979 3469 4049; x_wconf 73' lang='grc' dir='ltr'>καὶπρὸς</span> <span class='ocrx_word' id='word_1_617' title='bbox 3493 3978 3567 4048; x_wconf 81' lang='grc' dir='ltr'>τῷ</span> <span class='ocrx_word' id='word_1_618' title='bbox 3593 3980 3749 4049; x_wconf 83' lang='grc' dir='ltr'>πόρῳ</span> 
     </span>
    </p>
   </div>
   <div class='ocr_carea' id='block_1_87' title="bbox 2175 4070 3747 4145">
    <p class='ocr_par' dir='ltr' id='par_1_87' title="bbox 2175 4070 3747 4145">
     <span class='ocr_line' id='line_1_87' title="bbox 2175 4070 3747 4145; baseline -0.004 -14"><span class='ocrx_word' id='word_1_619' title='bbox 2175 4078 2269 4131; x_wconf 83' lang='grc' dir='ltr'>καὶ</span> <span class='ocrx_word' id='word_1_620' title='bbox 2303 4075 2378 4145; x_wconf 87' lang='grc' dir='ltr'>τῷ</span> <span class='ocrx_word' id='word_1_621' title='bbox 2436 4073 2608 4143; x_wconf 84' lang='grc' dir='ltr'>στενῷ</span> <span class='ocrx_word' id='word_1_622' title='bbox 2662 4073 2938 4142; x_wconf 84' lang='grc' dir='ltr'>κείμενον,</span> <span class='ocrx_word' id='word_1_623' title='bbox 3000 4072 3121 4126; x_wconf 83' lang='grc' dir='ltr'>ὅθεν</span> <span class='ocrx_word' id='word_1_624' title='bbox 3190 4072 3248 4126; x_wconf 79' lang='lat' dir='ltr'><strong>ai</strong></span> <span class='ocrx_word' id='word_1_625' title='bbox 3299 4072 3409 4125; x_wconf 90' lang='grc' dir='ltr'><strong>τῶν</strong></span> <span class='ocrx_word' id='word_1_626' title='bbox 3455 4070 3747 4142; x_wconf 85' lang='grc' dir='ltr'>βαρϐάρων</span> 
     </span>
    </p>
   </div>
   <div class='ocr_carea' id='block_1_88' title="bbox 2172 4163 3747 4239">
    <p class='ocr_par' dir='ltr' id='par_1_88' title="bbox 2172 4163 3747 4239">
     <span class='ocr_line' id='line_1_88' title="bbox 2172 4163 3747 4239; baseline -0.006 -14"><span class='ocrx_word' id='word_1_627' title='bbox 2172 4170 2512 4239; x_wconf 81' lang='grc' dir='ltr'>ἀναγόμεναι</span> <span class='ocrx_word' id='word_1_628' title='bbox 2565 4167 2692 4235; x_wconf 76' lang='grc' dir='ltr'>νῆες</span> <span class='ocrx_word' id='word_1_629' title='bbox 2726 4166 2826 4219; x_wconf 74' lang='grc' dir='ltr'><strong>οὐκ</strong></span> <span class='ocrx_word' id='word_1_630' title='bbox 2879 4164 3108 4234; x_wconf 77' lang='grc' dir='ltr'>ἔμελλον</span> <span class='ocrx_word' id='word_1_631' title='bbox 3157 4164 3362 4235; x_wconf 82' lang='grc' dir='ltr'>λήσειν,</span> <span class='ocrx_word' id='word_1_632' title='bbox 3396 4166 3510 4226; x_wconf 63' lang='lat' dir='ltr'><strong>cat;</strong></span> <span class='ocrx_word' id='word_1_633' title='bbox 3545 4163 3747 4233; x_wconf 76' lang='grc' dir='ltr'>ἡμετέ-</span> 
     </span>
    </p>
   </div>
   <div class='ocr_carea' id='block_1_89' title="bbox 2177 4256 3746 4333">
    <p class='ocr_par' dir='ltr' id='par_1_89' title="bbox 2177 4256 3746 4333">
     <span class='ocr_line' id='line_1_89' title="bbox 2177 4256 3746 4333; baseline -0.005 -17"><span class='ocrx_word' id='word_1_634' title='bbox 2177 4280 2298 4333; x_wconf 86' lang='grc' dir='ltr'>ραις</span> <span class='ocrx_word' id='word_1_635' title='bbox 2329 4262 2610 4332; x_wconf 83' lang='grc' dir='ltr'>τριήρεσιν</span> <span class='ocrx_word' id='word_1_636' title='bbox 2640 4257 3013 4328; x_wconf 80' lang='grc' dir='ltr'>ἐφορμούσαις</span> <span class='ocrx_word' id='word_1_637' title='bbox 3044 4256 3233 4311; x_wconf 81' lang='grc' dir='ltr'>αὐτόοι</span> <span class='ocrx_word' id='word_1_638' title='bbox 3270 4258 3528 4326; x_wconf 78' lang='grc' dir='ltr'>παρεῖχεν</span> <span class='ocrx_word' id='word_1_639' title='bbox 3558 4256 3746 4310; x_wconf 75' lang='grc' dir='ltr'>ἄδειαν</span> 
     </span>
    </p>
   </div>
   <div class='ocr_carea' id='block_1_90' title="bbox 2172 4347 3771 4420">
    <p class='ocr_par' dir='ltr' id='par_1_90' title="bbox 2172 4347 3771 4420">
     <span class='ocr_line' id='line_1_90' title="bbox 2172 4347 3771 4420; baseline -0.006 -13"><span class='ocrx_word' id='word_1_640' title='bbox 2172 4356 2302 4415; x_wconf 77' lang='grc' dir='ltr'>τοὺς</span> <span class='ocrx_word' id='word_1_641' title='bbox 2359 4352 2470 4405; x_wconf 87' lang='grc' dir='ltr'><strong>τῶν</strong></span> <span class='ocrx_word' id='word_1_642' title='bbox 2527 4350 2817 4420; x_wconf 70' lang='grc' dir='ltr'>βαρϐάρων</span> <span class='ocrx_word' id='word_1_643' title='bbox 2871 4347 3149 4419; x_wconf 85' lang='grc' dir='ltr'>ἀνείργειν</span> <span class='ocrx_word' id='word_1_644' title='bbox 3203 4347 3429 4420; x_wconf 75' lang='grc' dir='ltr'>λῃστὰς,</span> <span class='ocrx_word' id='word_1_645' title='bbox 3484 4347 3576 4401; x_wconf 79' lang='grc' dir='ltr'>καὶ</span> <span class='ocrx_word' id='word_1_646' title='bbox 3628 4348 3771 4409; x_wconf 58' lang='grc' dir='ltr'>τοῖς</span> 
     </span>
    </p>
   </div>
   <div class='ocr_carea' id='block_1_91' title="bbox 2174 4437 3745 4515">
    <p class='ocr_par' dir='ltr' id='par_1_91' title="bbox 2174 4437 3745 4515">
     <span class='ocr_line' id='line_1_91' title="bbox 2174 4437 3745 4515; baseline -0.005 -17"><span class='ocrx_word' id='word_1_647' title='bbox 2174 4444 2467 4515; x_wconf 81' lang='grc' dir='ltr'>ἡμετέροις</span> <span class='ocrx_word' id='word_1_648' title='bbox 2521 4441 2783 4510; x_wconf 83' lang='grc' dir='ltr'>ἀσφαλῶς</span> <span class='ocrx_word' id='word_1_649' title='bbox 2835 4441 2936 4504; x_wconf 81' lang='grc' dir='ltr'><strong>τὰς</strong></span> <span class='ocrx_word' id='word_1_650' title='bbox 2987 4441 3175 4505; x_wconf 88' lang='grc' dir='ltr'>πόλεις</span> <span class='ocrx_word' id='word_1_651' title='bbox 3228 4442 3415 4495; x_wconf 82' lang='grc' dir='ltr'>οίκεῖν.</span> <span class='ocrx_word' id='word_1_652' title='bbox 3452 4437 3745 4492; x_wconf 81' lang='grc' dir='ltr'>Ἐπέιτ⁹οὗ</span> 
     </span>
    </p>
   </div>
   <div class='ocr_carea' id='block_1_92' title="bbox 480 4525 2067 4607">
    <p class='ocr_par' dir='ltr' id='par_1_92' title="bbox 480 4530 2067 4606">
     <span class='ocr_line' id='line_1_92' title="bbox 480 4530 2067 4606; baseline 0.003 -19"><span class='ocrx_word' id='word_1_653' title='bbox 480 4531 745 4595; x_wconf 85' lang='lat' dir='ltr'><strong>bitarent,</strong></span> <span class='ocrx_word' id='word_1_654' title='bbox 767 4538 1070 4602; x_wconf 60' lang='lat' dir='ltr'><strong>prastaret.</strong></span> <span class='ocrx_word' id='word_1_655' title='bbox 1101 4530 1394 4599; x_wconf 66' lang='lat' dir='ltr'><strong>Praeterea,</strong></span> <span class='ocrx_word' id='word_1_656' title='bbox 1426 4534 1630 4589; x_wconf 87' lang='lat' dir='ltr'><strong>nedum</strong></span> <span class='ocrx_word' id='word_1_657' title='bbox 1662 4551 1729 4590; x_wconf 78' lang='lat' dir='ltr'><strong>ex</strong></span> <span class='ocrx_word' id='word_1_658' title='bbox 1764 4537 1926 4592; x_wconf 89' lang='lat' dir='ltr'><strong>malis</strong></span> <span class='ocrx_word' id='word_1_659' title='bbox 1951 4553 2067 4606; x_wconf 68' lang='lat' dir='ltr'><strong>quae</strong></span> 
     </span>
    </p>
   </div>
   <div class='ocr_carea' id='block_1_93' title="bbox 2174 4525 3746 4607">
    <p class='ocr_par' dir='ltr' id='par_1_93' title="bbox 2181 4525 3746 4607">
     <span class='ocr_line' id='line_1_93' title="bbox 2181 4525 3746 4607; baseline -0.004 -19"><span class='ocrx_word' id='word_1_660' title='bbox 2181 4536 2342 4607; x_wconf 90' lang='grc' dir='ltr'>μόνον</span> <span class='ocrx_word' id='word_1_661' title='bbox 2374 4536 2437 4587; x_wconf 78' lang='grc' dir='ltr'><strong>ἐκ</strong></span> <span class='ocrx_word' id='word_1_662' title='bbox 2466 4534 2576 4587; x_wconf 87' lang='grc' dir='ltr'><strong>τῶν</strong></span> <span class='ocrx_word' id='word_1_663' title='bbox 2615 4532 2895 4603; x_wconf 77' lang='grc' dir='ltr'>δυσχερῶν</span> <span class='ocrx_word' id='word_1_664' title='bbox 2945 4525 3021 4585; x_wconf 81' lang='grc' dir='ltr'>ὧν</span> <span class='ocrx_word' id='word_1_665' title='bbox 3053 4568 3071 4587; x_wconf 93' lang='grc'><strong>.</strong></span> <span class='ocrx_word' id='word_1_666' title='bbox 3106 4572 3124 4588; x_wconf 97' lang='grc'><strong>.</strong></span> <span class='ocrx_word' id='word_1_667' title='bbox 3157 4570 3175 4589; x_wconf 97' lang='grc'><strong>.</strong></span> <span class='ocrx_word' id='word_1_668' title='bbox 3207 4569 3225 4587; x_wconf 96' lang='grc'><strong>.</strong></span> <span class='ocrx_word' id='word_1_669' title='bbox 3263 4569 3280 4586; x_wconf 95' lang='grc'><strong>.</strong></span> <span class='ocrx_word' id='word_1_670' title='bbox 3316 4569 3332 4586; x_wconf 95' lang='grc'><strong>.</strong></span> <span class='ocrx_word' id='word_1_671' title='bbox 3366 4526 3746 4600; x_wconf 77' lang='grc' dir='ltr'>πεπειράμεθα</span> 
     </span>
    </p>
   </div>
   <div class='ocr_carea' id='block_1_94' title="bbox 481 4622 2106 4701">
    <p class='ocr_par' dir='ltr' id='par_1_94' title="bbox 481 4622 2106 4701">
     <span class='ocr_line' id='line_1_94' title="bbox 481 4622 2106 4701; baseline 0.003 -20"><span class='ocrx_word' id='word_1_672' title='bbox 481 4623 858 4689; x_wconf 82' lang='lat' dir='ltr'><strong>cavimus,sed</strong></span> <span class='ocrx_word' id='word_1_673' title='bbox 875 4631 1011 4680; x_wconf 68' lang='lat' dir='ltr'><strong>etes</strong></span> <span class='ocrx_word' id='word_1_674' title='bbox 1029 4622 1100 4678; x_wconf 82' lang='lat' dir='ltr'><strong>iis</strong></span> <span class='ocrx_word' id='word_1_675' title='bbox 1121 4640 1354 4695; x_wconf 91' lang='lat' dir='ltr'><strong>quorum</strong></span> <span class='ocrx_word' id='word_1_676' title='bbox 1372 4641 1438 4682; x_wconf 89' lang='lat' dir='ltr'><strong>eo</strong></span> <span class='ocrx_word' id='word_1_677' title='bbox 1453 4628 1658 4685; x_wconf 83' lang='lat' dir='ltr'><strong>amisso</strong></span> <span class='ocrx_word' id='word_1_678' title='bbox 1672 4627 1905 4687; x_wconf 84' lang='lat' dir='ltr'><strong>fecimtis</strong></span> <span class='ocrx_word' id='word_1_679' title='bbox 1919 4632 2066 4701; x_wconf 90' lang='lat' dir='ltr'><strong>peri—</strong></span> <span class='ocrx_word' id='word_1_680' title='bbox 2102 4666 2106 4669; x_wconf 93' lang='lat'><strong><em>-</em></strong></span> 
     </span>
    </p>
   </div>
   <div class='ocr_carea' id='block_1_95' title="bbox 480 4715 2063 4792">
    <p class='ocr_par' dir='ltr' id='par_1_95' title="bbox 480 4715 2063 4792">
     <span class='ocr_line' id='line_1_95' title="bbox 480 4715 2063 4792; baseline 0.005 -19"><span class='ocrx_word' id='word_1_681' title='bbox 480 4717 669 4774; x_wconf 85' lang='lat' dir='ltr'><strong>culum</strong></span> <span class='ocrx_word' id='word_1_682' title='bbox 690 4715 1055 4787; x_wconf 85' lang='lat' dir='ltr'><strong>facimusque,</strong></span> <span class='ocrx_word' id='word_1_683' title='bbox 1086 4717 1288 4773; x_wconf 85' lang='lat' dir='ltr'><strong>clarius</strong></span> <span class='ocrx_word' id='word_1_684' title='bbox 1310 4719 1537 4791; x_wconf 87' lang='lat' dir='ltr'><strong>liqueat,</strong></span> <span class='ocrx_word' id='word_1_685' title='bbox 1562 4722 1701 4778; x_wconf 89' lang='lat' dir='ltr'><strong>nihil</strong></span> <span class='ocrx_word' id='word_1_686' title='bbox 1731 4724 1889 4779; x_wconf 88' lang='lat' dir='ltr'><strong>nobis</strong></span> <span class='ocrx_word' id='word_1_687' title='bbox 1919 4738 2063 4792; x_wconf 88' lang='lat' dir='ltr'><strong>esse,</strong></span> 
     </span>
    </p>
   </div>
   <div class='ocr_carea' id='block_1_96' title="bbox 477 4807 2061 4877">
    <p class='ocr_par' dir='ltr' id='par_1_96' title="bbox 477 4807 2061 4877">
     <span class='ocr_line' id='line_1_96' title="bbox 477 4807 2061 4877; baseline 0.006 -17"><span class='ocrx_word' id='word_1_688' title='bbox 477 4822 590 4877; x_wconf 89' lang='lat' dir='ltr'><strong>quo</strong></span> <span class='ocrx_word' id='word_1_689' title='bbox 607 4821 717 4861; x_wconf 90' lang='lat' dir='ltr'><strong>non</strong></span> <span class='ocrx_word' id='word_1_690' title='bbox 751 4807 904 4875; x_wconf 79' lang='lat' dir='ltr'><strong>prius</strong></span> <span class='ocrx_word' id='word_1_691' title='bbox 927 4821 1093 4875; x_wconf 86' lang='lat' dir='ltr'><strong>quam</strong></span> <span class='ocrx_word' id='word_1_692' title='bbox 1122 4808 1214 4862; x_wconf 90' lang='lat' dir='ltr'><strong>illo</strong></span> <span class='ocrx_word' id='word_1_693' title='bbox 1233 4811 1428 4865; x_wconf 80' lang='lat' dir='ltr'><strong>cedere</strong></span> <span class='ocrx_word' id='word_1_694' title='bbox 1449 4811 1772 4868; x_wconf 89' lang='lat' dir='ltr'><strong>debeamus.</strong></span> <span class='ocrx_word' id='word_1_695' title='bbox 1790 4814 1895 4872; x_wconf 91' lang='lat' dir='ltr'><strong>Ubi</strong></span> <span class='ocrx_word' id='word_1_696' title='bbox 1912 4816 2061 4870; x_wconf 87' lang='lat' dir='ltr'><strong>enim</strong></span> 
     </span>
    </p>
   </div>
   <div class='ocr_carea' id='block_1_97' title="bbox 484 4897 2061 4977">
    <p class='ocr_par' dir='ltr' id='par_1_97' title="bbox 484 4897 2061 4977">
     <span class='ocr_line' id='line_1_97' title="bbox 484 4897 2061 4977; baseline 0.008 -26"><span class='ocrx_word' id='word_1_697' title='bbox 484 4914 609 4967; x_wconf 75' lang='lat' dir='ltr'><strong>qua:</strong></span> <span class='ocrx_word' id='word_1_698' title='bbox 641 4899 695 4951; x_wconf 91' lang='lat' dir='ltr'><strong>in</strong></span> <span class='ocrx_word' id='word_1_699' title='bbox 729 4897 1088 4967; x_wconf 81' lang='lat' dir='ltr'><strong>Hellesponto</strong></span> <span class='ocrx_word' id='word_1_700' title='bbox 1114 4917 1179 4956; x_wconf 91' lang='lat' dir='ltr'><strong>ac</strong></span> <span class='ocrx_word' id='word_1_701' title='bbox 1208 4902 1544 4972; x_wconf 86' lang='lat' dir='ltr'><strong>Propontide</strong></span> <span class='ocrx_word' id='word_1_702' title='bbox 1574 4907 1720 4961; x_wconf 84' lang='lat' dir='ltr'><strong>facta</strong></span> <span class='ocrx_word' id='word_1_703' title='bbox 1752 4909 2061 4977; x_wconf 85' lang='lat' dir='ltr'><strong>quassatio,</strong></span> 
     </span>
    </p>
   </div>
   <div class='ocr_carea' id='block_1_98' title="bbox 483 4991 2060 5068">
    <p class='ocr_par' dir='ltr' id='par_1_98' title="bbox 483 4991 2060 5068">
     <span class='ocr_line' id='line_1_98' title="bbox 483 4991 2060 5068; baseline 0.007 -25"><span class='ocrx_word' id='word_1_704' title='bbox 483 4991 742 5044; x_wconf 82' lang='lat' dir='ltr'><strong>universa</strong></span> <span class='ocrx_word' id='word_1_705' title='bbox 794 4991 1018 5054; x_wconf 87' lang='lat' dir='ltr'><strong>evertit,</strong></span> <span class='ocrx_word' id='word_1_706' title='bbox 1065 4991 1171 5048; x_wconf 88' lang='lat' dir='ltr'><strong>hoc</strong></span> <span class='ocrx_word' id='word_1_707' title='bbox 1224 5008 1447 5065; x_wconf 88' lang='lat' dir='ltr'><strong>quoque</strong></span> <span class='ocrx_word' id='word_1_708' title='bbox 1488 4995 1743 5053; x_wconf 87' lang='lat' dir='ltr'><strong>Barbaris</strong></span> <span class='ocrx_word' id='word_1_709' title='bbox 1796 4999 2060 5068; x_wconf 90' lang='lat' dir='ltr'><strong>oppidum</strong></span> 
     </span>
    </p>
   </div>
   <div class='ocr_carea' id='block_1_99' title="bbox 450 5079 2061 5157">
    <p class='ocr_par' dir='ltr' id='par_1_99' title="bbox 450 5079 2061 5157">
     <span class='ocr_line' id='line_1_99' title="bbox 450 5079 2061 5157; baseline 0.007 -24"><span class='ocrx_word' id='word_1_710' title='bbox 450 5079 827 5150; x_wconf 49' lang='lat' dir='ltr'><strong>vtradidisset,</strong></span> <span class='ocrx_word' id='word_1_711' title='bbox 853 5098 978 5137; x_wconf 87' lang='lat' dir='ltr'><strong>cum</strong></span> <span class='ocrx_word' id='word_1_712' title='bbox 1005 5083 1386 5143; x_wconf 88' lang='lat' dir='ltr'><strong>Chersonesus</strong></span> <span class='ocrx_word' id='word_1_713' title='bbox 1414 5096 1524 5144; x_wconf 89' lang='lat' dir='ltr'><strong>tota</strong></span> <span class='ocrx_word' id='word_1_714' title='bbox 1557 5088 1666 5144; x_wconf 85' lang='lat' dir='ltr'><strong>illis</strong></span> <span class='ocrx_word' id='word_1_715' title='bbox 1709 5091 1929 5146; x_wconf 89' lang='lat' dir='ltr'><strong>addicta</strong></span> <span class='ocrx_word' id='word_1_716' title='bbox 1954 5099 2061 5157; x_wconf 89' lang='lat' dir='ltr'><strong>est,</strong></span> 
     </span>
    </p>
   </div>
   <div class='ocr_carea' id='block_1_100' title="bbox 481 5174 2063 5246">
    <p class='ocr_par' dir='ltr' id='par_1_100' title="bbox 481 5174 2063 5246">
     <span class='ocr_line' id='line_1_100' title="bbox 481 5174 2063 5246; baseline 0.008 -20"><span class='ocrx_word' id='word_1_717' title='bbox 481 5183 599 5227; x_wconf 89' lang='lat' dir='ltr'><strong>tum</strong></span> <span class='ocrx_word' id='word_1_718' title='bbox 648 5174 815 5230; x_wconf 88' lang='lat' dir='ltr'><strong>urbes</strong></span> <span class='ocrx_word' id='word_1_719' title='bbox 861 5174 1130 5244; x_wconf 67' lang='lat' dir='ltr'><strong>Thraciae,</strong></span> <span class='ocrx_word' id='word_1_720' title='bbox 1169 5178 1368 5233; x_wconf 90' lang='lat' dir='ltr'><strong>ditioni</strong></span> <span class='ocrx_word' id='word_1_721' title='bbox 1415 5180 1779 5246; x_wconf 85' lang='lat' dir='ltr'><strong>adiecerunt;</strong></span> <span class='ocrx_word' id='word_1_722' title='bbox 1825 5196 1890 5236; x_wconf 86' lang='lat' dir='ltr'><strong>ac</strong></span> <span class='ocrx_word' id='word_1_723' title='bbox 1930 5197 2063 5238; x_wconf 80' lang='lat' dir='ltr'><strong>nec-</strong></span> 
     </span>
    </p>
   </div>
   <div class='ocr_carea' id='block_1_101' title="bbox 444 5266 2065 5343">
    <p class='ocr_par' dir='ltr' id='par_1_101' title="bbox 444 5266 2065 5343">
     <span class='ocr_line' id='line_1_101' title="bbox 444 5266 2065 5343; baseline 0.006 -27"><span class='ocrx_word' id='word_1_724' title='bbox 444 5320 447 5335; x_wconf 22' lang='lat'>:</span> <span class='ocrx_word' id='word_1_725' title='bbox 482 5266 613 5319; x_wconf 89' lang='lat' dir='ltr'><strong>dum</strong></span> <span class='ocrx_word' id='word_1_726' title='bbox 647 5275 840 5321; x_wconf 78' lang='lat' dir='ltr'><strong>exacto</strong></span> <span class='ocrx_word' id='word_1_727' title='bbox 885 5282 1052 5334; x_wconf 90' lang='lat' dir='ltr'><strong>anno,</strong></span> <span class='ocrx_word' id='word_1_728' title='bbox 1084 5284 1112 5323; x_wconf 87' lang='lat' dir='ltr'><strong>a</strong></span> <span class='ocrx_word' id='word_1_729' title='bbox 1147 5270 1305 5326; x_wconf 89' lang='lat' dir='ltr'><strong>nobis</strong></span> <span class='ocrx_word' id='word_1_730' title='bbox 1342 5271 1550 5326; x_wconf 81' lang='lat' dir='ltr'><strong>tributa</strong></span> <span class='ocrx_word' id='word_1_731' title='bbox 1595 5281 1920 5343; x_wconf 78' lang='lat' dir='ltr'><strong>exegerunt,</strong></span> <span class='ocrx_word' id='word_1_732' title='bbox 1952 5282 2065 5329; x_wconf 79' lang='lat' dir='ltr'><strong>ter-</strong></span> 
     </span>
    </p>
   </div>
   <div class='ocr_carea' id='block_1_102' title="bbox 482 5360 2061 5433">
    <p class='ocr_par' dir='ltr' id='par_1_102' title="bbox 482 5360 2061 5433">
     <span class='ocr_line' id='line_1_102' title="bbox 482 5360 2061 5433; baseline 0.007 -24"><span class='ocrx_word' id='word_1_733' title='bbox 482 5371 713 5426; x_wconf 86' lang='lat' dir='ltr'><strong>ramque</strong></span> <span class='ocrx_word' id='word_1_734' title='bbox 774 5372 807 5414; x_wconf 86' lang='lat' dir='ltr'><strong>e</strong></span> <span class='ocrx_word' id='word_1_735' title='bbox 856 5360 1121 5416; x_wconf 65' lang='lat' dir='ltr'><strong>moenium</strong></span> <span class='ocrx_word' id='word_1_736' title='bbox 1166 5362 1389 5432; x_wconf 54' lang='lat' dir='ltr'><strong>regione</strong></span> <span class='ocrx_word' id='word_1_737' title='bbox 1452 5363 1690 5433; x_wconf 88' lang='lat' dir='ltr'><strong>positam</strong></span> <span class='ocrx_word' id='word_1_738' title='bbox 1741 5374 2061 5420; x_wconf 85' lang='lat' dir='ltr'><strong>araverunt.</strong></span> 
     </span>
    </p>
   </div>
   <div class='ocr_carea' id='block_1_103' title="bbox 436 5444 2064 5524">
    <p class='ocr_par' dir='ltr' id='par_1_103' title="bbox 436 5444 2064 5524">
     <span class='ocr_line' id='line_1_103' title="bbox 436 5444 2064 5524; baseline 0.007 -25"><span class='ocrx_word' id='word_1_739' title='bbox 436 5516 437 5519; x_wconf 16' lang='grc' dir='ltr'><strong>η</strong></span> <span class='ocrx_word' id='word_1_740' title='bbox 480 5444 625 5513; x_wconf 86' lang='lat' dir='ltr'><strong>Quin</strong></span> <span class='ocrx_word' id='word_1_741' title='bbox 688 5456 744 5502; x_wconf 91' lang='lat' dir='ltr'><strong>et</strong></span> <span class='ocrx_word' id='word_1_742' title='bbox 786 5459 847 5503; x_wconf 90' lang='lat' dir='ltr'><strong>ut</strong></span> <span class='ocrx_word' id='word_1_743' title='bbox 895 5451 1021 5521; x_wconf 86' lang='lat' dir='ltr'><strong>quis</strong></span> <span class='ocrx_word' id='word_1_744' title='bbox 1075 5453 1360 5520; x_wconf 66' lang='lat' dir='ltr'><strong>praesentis</strong></span> <span class='ocrx_word' id='word_1_745' title='bbox 1406 5454 1621 5523; x_wconf 88' lang='lat' dir='ltr'><strong>probri,</strong></span> <span class='ocrx_word' id='word_1_746' title='bbox 1656 5465 1826 5524; x_wconf 84' lang='lat' dir='ltr'><strong>utque</strong></span> <span class='ocrx_word' id='word_1_747' title='bbox 1866 5454 2064 5511; x_wconf 86' lang='lat' dir='ltr'><strong>civitas</strong></span> 
     </span>
    </p>
   </div>
   <div class='ocr_carea' id='block_1_104' title="bbox 479 5538 2061 5615">
    <p class='ocr_par' dir='ltr' id='par_1_104' title="bbox 479 5538 2061 5615">
     <span class='ocr_line' id='line_1_104' title="bbox 479 5538 2061 5615; baseline 0.004 -24"><span class='ocrx_word' id='word_1_748' title='bbox 479 5551 584 5607; x_wconf 88' lang='lat' dir='ltr'><strong>pro</strong></span> <span class='ocrx_word' id='word_1_749' title='bbox 616 5538 696 5594; x_wconf 91' lang='lat' dir='ltr'><strong>sic</strong></span> <span class='ocrx_word' id='word_1_750' title='bbox 747 5540 994 5613; x_wconf 75' lang='lat' dir='ltr'><strong>ingloriis</strong></span> <span class='ocrx_word' id='word_1_751' title='bbox 1017 5557 1079 5597; x_wconf 84' lang='lat' dir='ltr'><strong>ac</strong></span> <span class='ocrx_word' id='word_1_752' title='bbox 1110 5542 1414 5598; x_wconf 87' lang='lat' dir='ltr'><strong>humilibus</strong></span> <span class='ocrx_word' id='word_1_753' title='bbox 1458 5544 1762 5600; x_wconf 88' lang='lat' dir='ltr'><strong>deliberare</strong></span> <span class='ocrx_word' id='word_1_754' title='bbox 1809 5555 2061 5615; x_wconf 75' lang='lat' dir='ltr'><strong>cogatur,</strong></span> 
     </span>
    </p>
   </div>
   <div class='ocr_carea' id='block_1_105' title="bbox 478 5627 2060 5702">
    <p class='ocr_par' dir='ltr' id='par_1_105' title="bbox 478 5627 2060 5702">
     <span class='ocr_line' id='line_1_105' title="bbox 478 5627 2060 5702; baseline 0.004 -19"><span class='ocrx_word' id='word_1_755' title='bbox 478 5627 791 5699; x_wconf 86' lang='lat' dir='ltr'><strong>Callipolim</strong></span> <span class='ocrx_word' id='word_1_756' title='bbox 824 5648 1045 5689; x_wconf 79' lang='lat' dir='ltr'><strong>causam</strong></span> <span class='ocrx_word' id='word_1_757' title='bbox 1078 5634 1310 5701; x_wconf 83' lang='lat' dir='ltr'><strong>dixerit,</strong></span> <span class='ocrx_word' id='word_1_758' title='bbox 1343 5648 1408 5690; x_wconf 85' lang='lat' dir='ltr'><strong>ac</strong></span> <span class='ocrx_word' id='word_1_759' title='bbox 1446 5635 1594 5702; x_wconf 88' lang='lat' dir='ltr'><strong>quod</strong></span> <span class='ocrx_word' id='word_1_760' title='bbox 1624 5650 1687 5689; x_wconf 88' lang='lat' dir='ltr'><strong>ea</strong></span> <span class='ocrx_word' id='word_1_761' title='bbox 1725 5635 1931 5690; x_wconf 77' lang='lat' dir='ltr'><strong>amissa</strong></span> <span class='ocrx_word' id='word_1_762' title='bbox 1967 5635 2060 5700; x_wconf 87' lang='lat' dir='ltr'><strong>sit,</strong></span> 
     </span>
    </p>
   </div>
   <div class='ocr_carea' id='block_1_106' title="bbox 370 5722 2065 5807">
    <p class='ocr_par' dir='ltr' id='par_1_106' title="bbox 370 5722 2065 5807">
     <span class='ocr_line' id='line_1_106' title="bbox 370 5722 2065 5807; baseline 0.006 -35"><span class='ocrx_word' id='word_1_763' title='bbox 370 5787 395 5807; x_wconf 30' lang='grc' dir='ltr'>ὃ</span> <span class='ocrx_word' id='word_1_764' title='bbox 481 5722 758 5777; x_wconf 88' lang='lat' dir='ltr'><strong>neminem</strong></span> <span class='ocrx_word' id='word_1_765' title='bbox 792 5723 908 5780; x_wconf 92' lang='lat' dir='ltr'><strong>fore</strong></span> <span class='ocrx_word' id='word_1_766' title='bbox 959 5725 1201 5781; x_wconf 84' lang='lat' dir='ltr'><strong>arbitror</strong></span> <span class='ocrx_word' id='word_1_767' title='bbox 1232 5726 1326 5796; x_wconf 87' lang='lat' dir='ltr'><strong>qui</strong></span> <span class='ocrx_word' id='word_1_768' title='bbox 1371 5727 1735 5783; x_wconf 80' lang='lat' dir='ltr'><strong>contradicat.</strong></span> <span class='ocrx_word' id='word_1_769' title='bbox 1775 5724 1880 5794; x_wconf 86' lang='lat' dir='ltr'><strong>Qui</strong></span> <span class='ocrx_word' id='word_1_770' title='bbox 1928 5742 2065 5797; x_wconf 75' lang='lat' dir='ltr'><strong>ergo</strong></span> 
     </span>
    </p>
   </div>
   <div class='ocr_carea' id='block_1_107' title="bbox 481 5814 2065 5915">
    <p class='ocr_par' dir='ltr' id='par_1_107' title="bbox 481 5814 2065 5915">
     <span class='ocr_line' id='line_1_107' title="bbox 481 5814 2065 5915; baseline 0.004 -48"><span class='ocrx_word' id='word_1_771' title='bbox 481 5825 594 5869; x_wconf 87' lang='lat' dir='ltr'><strong>non</strong></span> <span class='ocrx_word' id='word_1_772' title='bbox 624 5814 959 5891; x_wconf 83' lang='lat' dir='ltr'><strong>absurdum,</strong></span> <span class='ocrx_word' id='word_1_773' title='bbox 992 5826 1050 5874; x_wconf 89' lang='lat' dir='ltr'><strong>ut</strong></span> <span class='ocrx_word' id='word_1_774' title='bbox 1082 5818 1150 5875; x_wconf 82' lang='lat' dir='ltr'><strong>iis</strong></span> <span class='ocrx_word' id='word_1_775' title='bbox 1181 5833 1307 5915; x_wconf 45' lang='lat' dir='ltr'><strong>qua?</strong></span> <span class='ocrx_word' id='word_1_776' title='bbox 1331 5818 1623 5891; x_wconf 78' lang='lat' dir='ltr'><strong>praesentia</strong></span> <span class='ocrx_word' id='word_1_777' title='bbox 1667 5817 1808 5876; x_wconf 88' lang='lat' dir='ltr'><strong>adeo</strong></span> <span class='ocrx_word' id='word_1_778' title='bbox 1836 5816 2065 5889; x_wconf 84' lang='lat' dir='ltr'><strong>prolue-</strong></span> 
     </span>
    </p>
   </div>
   <div class='ocr_carea' id='block_1_108' title="bbox 2174 4621 3741 4696">
    <p class='ocr_par' dir='ltr' id='par_1_108' title="bbox 2174 4621 3741 4696">
     <span class='ocr_line' id='line_1_108' title="bbox 2174 4621 3741 4696; baseline -0.005 -15"><span class='ocrx_word' id='word_1_779' title='bbox 2174 4628 2269 4681; x_wconf 77' lang='grc' dir='ltr'><strong>καὶ</strong></span> <span class='ocrx_word' id='word_1_780' title='bbox 2311 4624 2611 4696; x_wconf 80' lang='grc' dir='ltr'>πειρώμεθ’</span> <span class='ocrx_word' id='word_1_781' title='bbox 2664 4624 2797 4678; x_wconf 83' lang='grc' dir='ltr'>αὐτὸ</span> <span class='ocrx_word' id='word_1_782' title='bbox 2850 4622 3216 4686; x_wconf 81' lang='grc' dir='ltr'>ἀπολέσαντες</span> <span class='ocrx_word' id='word_1_783' title='bbox 3255 4622 3437 4695; x_wconf 77' lang='grc' dir='ltr'>ῥᾴδιον</span> <span class='ocrx_word' id='word_1_784' title='bbox 3492 4621 3741 4687; x_wconf 82' lang='grc' dir='ltr'>συνιδεῖν,</span> 
     </span>
    </p>
   </div>
   <div class='ocr_carea' id='block_1_109' title="bbox 2170 4715 3742 4788">
    <p class='ocr_par' dir='ltr' id='par_1_109' title="bbox 2170 4715 3742 4788">
     <span class='ocr_line' id='line_1_109' title="bbox 2170 4715 3742 4788; baseline -0.006 -13"><span class='ocrx_word' id='word_1_785' title='bbox 2170 4721 2249 4783; x_wconf 83' lang='grc' dir='ltr'><strong>ὡς</strong></span> <span class='ocrx_word' id='word_1_786' title='bbox 2284 4720 2485 4783; x_wconf 79' lang='grc' dir='ltr'>παντὸς</span> <span class='ocrx_word' id='word_1_787' title='bbox 2529 4716 2732 4788; x_wconf 83' lang='grc' dir='ltr'>μᾶλλον</span> <span class='ocrx_word' id='word_1_788' title='bbox 2760 4715 2869 4770; x_wconf 87' lang='grc' dir='ltr'><strong>τῶν</strong></span> <span class='ocrx_word' id='word_1_789' title='bbox 2916 4715 3278 4787; x_wconf 81' lang='grc' dir='ltr'>ὓπαρχόντων</span> <span class='ocrx_word' id='word_1_790' title='bbox 3328 4716 3460 4786; x_wconf 75' lang='grc' dir='ltr'>ἡμῖν</span> <span class='ocrx_word' id='word_1_791' title='bbox 3503 4716 3742 4769; x_wconf 78' lang='grc' dir='ltr'>ἀποστα-</span> 
     </span>
    </p>
   </div>
   <div class='ocr_carea' id='block_1_110' title="bbox 2172 4806 3738 4883">
    <p class='ocr_par' dir='ltr' id='par_1_110' title="bbox 2172 4806 3738 4883">
     <span class='ocr_line' id='line_1_110' title="bbox 2172 4806 3738 4883; baseline -0.008 -14"><span class='ocrx_word' id='word_1_792' title='bbox 2172 4813 2356 4883; x_wconf 83' lang='grc' dir='ltr'>τέονῆ</span> <span class='ocrx_word' id='word_1_793' title='bbox 2396 4811 2611 4866; x_wconf 85' lang='grc' dir='ltr'>τούτου.</span> <span class='ocrx_word' id='word_1_794' title='bbox 2655 4809 2762 4864; x_wconf 89' lang='grc' dir='ltr'>Τοῦ</span> <span class='ocrx_word' id='word_1_795' title='bbox 2795 4810 2905 4880; x_wconf 80' lang='grc' dir='ltr'>γὰρ</span> <span class='ocrx_word' id='word_1_796' title='bbox 2935 4811 3066 4879; x_wconf 78' lang='grc' dir='ltr'>περὶ</span> <span class='ocrx_word' id='word_1_797' title='bbox 3082 4808 3173 4862; x_wconf 80' lang='grc' dir='ltr'><strong>τὺν</strong></span> <span class='ocrx_word' id='word_1_798' title='bbox 3216 4808 3605 4879; x_wconf 82' lang='grc' dir='ltr'>Ἑλλήσποντον</span> <span class='ocrx_word' id='word_1_799' title='bbox 3652 4806 3738 4860; x_wconf 78' lang='grc' dir='ltr'>καὶ</span> 
     </span>
    </p>
   </div>
   <div class='ocr_carea' id='block_1_111' title="bbox 2172 4899 3744 4975">
    <p class='ocr_par' dir='ltr' id='par_1_111' title="bbox 2172 4899 3744 4975">
     <span class='ocr_line' id='line_1_111' title="bbox 2172 4899 3744 4975; baseline -0.003 -18"><span class='ocrx_word' id='word_1_800' title='bbox 2172 4904 2270 4975; x_wconf 79' lang='grc' dir='ltr'>τὴν</span> <span class='ocrx_word' id='word_1_801' title='bbox 2337 4901 2680 4972; x_wconf 81' lang='grc' dir='ltr'>Προποντίδα</span> <span class='ocrx_word' id='word_1_802' title='bbox 2752 4900 3061 4969; x_wconf 87' lang='grc' dir='ltr'>συμϐάντος</span> <span class='ocrx_word' id='word_1_803' title='bbox 3124 4899 3354 4969; x_wconf 86' lang='grc' dir='ltr'>σεισμοῦ</span> <span class='ocrx_word' id='word_1_804' title='bbox 3437 4899 3497 4961; x_wconf 82' lang='grc' dir='ltr'>ὃς</span> <span class='ocrx_word' id='word_1_805' title='bbox 3571 4899 3744 4953; x_wconf 82' lang='grc' dir='ltr'>πάντα</span> 
     </span>
    </p>
   </div>
   <div class='ocr_carea' id='block_1_112' title="bbox 2171 4990 3742 5066">
    <p class='ocr_par' dir='ltr' id='par_1_112' title="bbox 2171 4990 3742 5066">
     <span class='ocr_line' id='line_1_112' title="bbox 2171 4990 3742 5066; baseline -0.005 -17"><span class='ocrx_word' id='word_1_806' title='bbox 2171 4995 2458 5066; x_wconf 76' lang='grc' dir='ltr'>ἀνέτρεψε,</span> <span class='ocrx_word' id='word_1_807' title='bbox 2532 4994 2627 5048; x_wconf 68' lang='grc' dir='ltr'><strong>καὶ⁸</strong></span> <span class='ocrx_word' id='word_1_808' title='bbox 2684 4992 2747 5046; x_wconf 83' lang='grc' dir='ltr'>τὸ</span> <span class='ocrx_word' id='word_1_809' title='bbox 2793 4991 2997 5061; x_wconf 82' lang='grc' dir='ltr'>χωρίον</span> <span class='ocrx_word' id='word_1_810' title='bbox 3060 4992 3223 5047; x_wconf 88' lang='grc' dir='ltr'>τοῦτο</span> <span class='ocrx_word' id='word_1_811' title='bbox 3274 4995 3390 5056; x_wconf 80' lang='grc' dir='ltr'>τοῖς</span> <span class='ocrx_word' id='word_1_812' title='bbox 3452 4990 3742 5062; x_wconf 84' lang='grc' dir='ltr'>βαρϐάροις</span> 
     </span>
    </p>
   </div>
   <div class='ocr_carea' id='block_1_113' title="bbox 2174 5082 3745 5165">
    <p class='ocr_par' dir='ltr' id='par_1_113' title="bbox 2174 5082 3745 5165">
     <span class='ocr_line' id='line_1_113' title="bbox 2174 5082 3745 5165; baseline -0.004 -25"><span class='ocrx_word' id='word_1_813' title='bbox 2174 5086 2604 5158; x_wconf 85' lang='grc' dir='ltr'>προδεδωκότος,</span> <span class='ocrx_word' id='word_1_814' title='bbox 2635 5084 2670 5155; x_wconf 79' lang='grc' dir='ltr'><strong>ἥ</strong></span> <span class='ocrx_word' id='word_1_815' title='bbox 2697 5100 2761 5136; x_wconf 85' lang='grc' dir='ltr'><strong>τε</strong></span> <span class='ocrx_word' id='word_1_816' title='bbox 2792 5083 3139 5165; x_wconf 66' lang='grc' dir='ltr'>Χερρόνησος</span> <span class='ocrx_word' id='word_1_817' title='bbox 3165 5084 3316 5135; x_wconf 82' lang='grc' dir='ltr'>πᾶσα</span> <span class='ocrx_word' id='word_1_818' title='bbox 3362 5082 3577 5145; x_wconf 79' lang='grc' dir='ltr'>τούτοις</span> <span class='ocrx_word' id='word_1_819' title='bbox 3604 5082 3745 5135; x_wconf 80' lang='grc' dir='ltr'>ἐδού-</span> 
     </span>
    </p>
   </div>
   <div class='ocr_carea' id='block_1_114' title="bbox 2144 5172 3743 5245">
    <p class='ocr_par' dir='ltr' id='par_1_114' title="bbox 2144 5172 3743 5245">
     <span class='ocr_line' id='line_1_114' title="bbox 2144 5172 3743 5245; baseline -0.004 -14"><span class='ocrx_word' id='word_1_820' title='bbox 2144 5178 2355 5241; x_wconf 65' lang='grc' dir='ltr'>λευσε,</span> <span class='ocrx_word' id='word_1_821' title='bbox 2402 5176 2623 5238; x_wconf 79' lang='grc' dir='ltr'>καὶτὰς</span> <span class='ocrx_word' id='word_1_822' title='bbox 2651 5177 2710 5227; x_wconf 88' lang='grc' dir='ltr'><strong>ἐν</strong></span> <span class='ocrx_word' id='word_1_823' title='bbox 2736 5175 2928 5245; x_wconf 79' lang='grc' dir='ltr'>Θρᾴκη</span> <span class='ocrx_word' id='word_1_824' title='bbox 2965 5172 3154 5238; x_wconf 74' lang='grc' dir='ltr'><strong>¹ιτξόλεις</strong></span> <span class='ocrx_word' id='word_1_825' title='bbox 3197 5173 3267 5228; x_wconf 80' lang='grc' dir='ltr'>δι’</span> <span class='ocrx_word' id='word_1_826' title='bbox 3301 5174 3509 5228; x_wconf 80' lang='grc' dir='ltr'>ἑαυτῶν</span> <span class='ocrx_word' id='word_1_827' title='bbox 3551 5172 3743 5240; x_wconf 76' lang='grc' dir='ltr'>ὲποιήο</span> 
     </span>
    </p>
   </div>
   <div class='ocr_carea' id='block_1_115' title="bbox 2170 5266 3745 5339">
    <p class='ocr_par' dir='ltr' id='par_1_115' title="bbox 2170 5266 3745 5339">
     <span class='ocr_line' id='line_1_115' title="bbox 2170 5266 3745 5339; baseline -0.003 -14"><span class='ocrx_word' id='word_1_828' title='bbox 2170 5288 2360 5335; x_wconf 89' lang='grc' dir='ltr'>σαντο,</span> <span class='ocrx_word' id='word_1_829' title='bbox 2390 5270 2484 5323; x_wconf 75' lang='grc' dir='ltr'>καὶ</span> <span class='ocrx_word' id='word_1_830' title='bbox 2514 5267 2643 5339; x_wconf 73' lang='grc' dir='ltr'>πρὶν</span> <span class='ocrx_word' id='word_1_831' title='bbox 2671 5266 2793 5331; x_wconf 73' lang='grc' dir='ltr'>ἔτος</span> <span class='ocrx_word' id='word_1_832' title='bbox 2820 5269 3065 5337; x_wconf 79' lang='grc' dir='ltr'>ἐξήκειν,</span> <span class='ocrx_word' id='word_1_833' title='bbox 3092 5269 3296 5339; x_wconf 80' lang='grc' dir='ltr'>φόρους</span> <span class='ocrx_word' id='word_1_834' title='bbox 3325 5285 3387 5321; x_wconf 89' lang='grc' dir='ltr'><strong>τε</strong></span> <span class='ocrx_word' id='word_1_835' title='bbox 3412 5269 3556 5337; x_wconf 75' lang='grc' dir='ltr'>ἡμᾶς</span> <span class='ocrx_word' id='word_1_836' title='bbox 3577 5266 3745 5339; x_wconf 85' lang='grc' dir='ltr'>ἐπρά-</span> 
     </span>
    </p>
   </div>
   <div class='ocr_carea' id='block_1_116' title="bbox 2175 5358 3741 5433">
    <p class='ocr_par' dir='ltr' id='par_1_116' title="bbox 2175 5358 3741 5433">
     <span class='ocr_line' id='line_1_116' title="bbox 2175 5358 3741 5433; baseline -0.004 -16"><span class='ocrx_word' id='word_1_837' title='bbox 2175 5364 2358 5429; x_wconf 78' lang='grc' dir='ltr'>ξαντο,</span> <span class='ocrx_word' id='word_1_838' title='bbox 2394 5363 2492 5416; x_wconf 78' lang='grc' dir='ltr'>καὶ</span> <span class='ocrx_word' id='word_1_839' title='bbox 2512 5362 2611 5429; x_wconf 78' lang='grc' dir='ltr'>τὴν</span> <span class='ocrx_word' id='word_1_840' title='bbox 2640 5360 2745 5433; x_wconf 79' lang='grc' dir='ltr'>πρὸ</span> <span class='ocrx_word' id='word_1_841' title='bbox 2775 5360 2888 5414; x_wconf 87' lang='grc' dir='ltr'><strong>τῶν</strong></span> <span class='ocrx_word' id='word_1_842' title='bbox 2907 5359 3104 5430; x_wconf 84' lang='grc' dir='ltr'>τειχῶν</span> <span class='ocrx_word' id='word_1_843' title='bbox 3135 5358 3330 5428; x_wconf 73' lang='grc' dir='ltr'>Ιτεμον</span> <span class='ocrx_word' id='word_1_844' title='bbox 3358 5361 3487 5430; x_wconf 78' lang='grc' dir='ltr'>γῆν.</span> <span class='ocrx_word' id='word_1_845' title='bbox 3517 5360 3630 5414; x_wconf 82' lang='grc' dir='ltr'><strong>Κάν</strong></span> <span class='ocrx_word' id='word_1_846' title='bbox 3661 5374 3741 5422; x_wconf 82' lang='grc' dir='ltr'><strong>τις</strong></span> 
     </span>
    </p>
   </div>
   <div class='ocr_carea' id='block_1_117' title="bbox 2173 5449 3741 5524">
    <p class='ocr_par' dir='ltr' id='par_1_117' title="bbox 2173 5449 3741 5524">
     <span class='ocr_line' id='line_1_117' title="bbox 2173 5449 3741 5524; baseline -0.004 -18"><span class='ocrx_word' id='word_1_847' title='bbox 2173 5456 2272 5524; x_wconf 81' lang='grc' dir='ltr'>τῆς</span> <span class='ocrx_word' id='word_1_848' title='bbox 2332 5452 2620 5523; x_wconf 79' lang='grc' dir='ltr'>παρούσης</span> <span class='ocrx_word' id='word_1_849' title='bbox 2653 5451 2939 5522; x_wconf 74' lang='grc' dir='ltr'>αἰσχύνης,</span> <span class='ocrx_word' id='word_1_850' title='bbox 2972 5452 3069 5505; x_wconf 79' lang='grc' dir='ltr'>καὶ</span> <span class='ocrx_word' id='word_1_851' title='bbox 3110 5451 3207 5505; x_wconf 83' lang='grc' dir='ltr'><strong>τοῦ</strong></span> <span class='ocrx_word' id='word_1_852' title='bbox 3257 5450 3389 5521; x_wconf 80' lang='grc' dir='ltr'>περὶ</span> <span class='ocrx_word' id='word_1_853' title='bbox 3438 5451 3547 5504; x_wconf 85' lang='grc' dir='ltr'><strong>τῶν</strong></span> <span class='ocrx_word' id='word_1_854' title='bbox 3573 5449 3741 5511; x_wconf 82' lang='grc' dir='ltr'>οὕτως</span> 
     </span>
    </p>
   </div>
   <div class='ocr_carea' id='block_1_118' title="bbox 2173 5540 3743 5614">
    <p class='ocr_par' dir='ltr' id='par_1_118' title="bbox 2173 5540 3743 5614">
     <span class='ocr_line' id='line_1_118' title="bbox 2173 5540 3743 5614; baseline -0.005 -16"><span class='ocrx_word' id='word_1_855' title='bbox 2173 5543 2379 5610; x_wconf 79' lang='grc' dir='ltr'>ἀδόξων</span> <span class='ocrx_word' id='word_1_856' title='bbox 2418 5543 2515 5597; x_wconf 78' lang='grc' dir='ltr'>καὶ</span> <span class='ocrx_word' id='word_1_857' title='bbox 2536 5541 2813 5595; x_wconf 75' lang='grc' dir='ltr'>ταπεινῶν</span> <span class='ocrx_word' id='word_1_858' title='bbox 2845 5541 2947 5614; x_wconf 80' lang='grc' dir='ltr'>τὴν</span> <span class='ocrx_word' id='word_1_859' title='bbox 2977 5541 3135 5595; x_wconf 84' lang='grc' dir='ltr'>πόλιν</span> <span class='ocrx_word' id='word_1_860' title='bbox 3164 5540 3532 5611; x_wconf 83' lang='grc' dir='ltr'>βουλεύεσθαι.</span> <span class='ocrx_word' id='word_1_861' title='bbox 3566 5541 3743 5593; x_wconf 75' lang='grc' dir='ltr'>αἰτίαν</span> 
     </span>
    </p>
   </div>
   <div class='ocr_carea' id='block_1_119' title="bbox 2172 5626 3738 5705">
    <p class='ocr_par' dir='ltr' id='par_1_119' title="bbox 2172 5626 3738 5705">
     <span class='ocr_line' id='line_1_119' title="bbox 2172 5626 3738 5705; baseline -0.001 -18"><span class='ocrx_word' id='word_1_862' title='bbox 2172 5634 2272 5705; x_wconf 77' lang='grc' dir='ltr'>τὴν</span> <span class='ocrx_word' id='word_1_863' title='bbox 2302 5630 2641 5686; x_wconf 85' lang='grc' dir='ltr'>Καλλίπολιν</span> <span class='ocrx_word' id='word_1_864' title='bbox 2674 5632 2769 5684; x_wconf 82' lang='grc' dir='ltr'>καὶ</span> <span class='ocrx_word' id='word_1_865' title='bbox 2797 5630 2896 5703; x_wconf 85' lang='grc' dir='ltr'>τὴν</span> <span class='ocrx_word' id='word_1_866' title='bbox 2923 5631 3138 5701; x_wconf 75' lang='grc' dir='ltr'>ἐκείνης</span> <span class='ocrx_word' id='word_1_867' title='bbox 3167 5630 3446 5687; x_wconf 81' lang='grc' dir='ltr'>ἀπώλειαν</span> <span class='ocrx_word' id='word_1_868' title='bbox 3474 5626 3612 5685; x_wconf 72' lang='grc' dir='ltr'>εἶναι</span> <span class='ocrx_word' id='word_1_869' title='bbox 3641 5631 3738 5700; x_wconf 77' lang='grc' dir='ltr'><strong>φῇ,</strong></span> 
     </span>
    </p>
   </div>
   <div class='ocr_carea' id='block_1_120' title="bbox 2171 5722 3743 5796">
    <p class='ocr_par' dir='ltr' id='par_1_120' title="bbox 2171 5722 3743 5796">
     <span class='ocr_line' id='line_1_120' title="bbox 2171 5722 3743 5796; baseline -0.005 -12"><span class='ocrx_word' id='word_1_870' title='bbox 2171 5729 2364 5784; x_wconf 77' lang='grc' dir='ltr'>οὐδένα</span> <span class='ocrx_word' id='word_1_871' title='bbox 2396 5725 2464 5779; x_wconf 80' lang='grc' dir='ltr'>ἂν</span> <span class='ocrx_word' id='word_1_872' title='bbox 2495 5724 2611 5796; x_wconf 74' lang='grc' dir='ltr'>ἔχοι</span> <span class='ocrx_word' id='word_1_873' title='bbox 2639 5724 2732 5778; x_wconf 80' lang='grc' dir='ltr'><strong>τὸν</strong></span> <span class='ocrx_word' id='word_1_874' title='bbox 2760 5724 3131 5794; x_wconf 75' lang='grc' dir='ltr'>ἀντιλέγοντα.</span> <span class='ocrx_word' id='word_1_875' title='bbox 3168 5724 3295 5788; x_wconf 84' lang='grc' dir='ltr'>Πῶς</span> <span class='ocrx_word' id='word_1_876' title='bbox 3339 5722 3435 5778; x_wconf 79' lang='grc' dir='ltr'><strong>οῦν</strong></span> <span class='ocrx_word' id='word_1_877' title='bbox 3479 5724 3580 5777; x_wconf 75' lang='grc' dir='ltr'>οὐκ</span> <span class='ocrx_word' id='word_1_878' title='bbox 3620 5724 3743 5778; x_wconf 82' lang='grc' dir='ltr'>ἀτο-</span> 
     </span>
    </p>
   </div>
   <div class='ocr_carea' id='block_1_121' title="bbox 2174 5815 3739 5891">
    <p class='ocr_par' dir='ltr' id='par_1_121' title="bbox 2174 5815 3739 5891">
     <span class='ocr_line' id='line_1_121' title="bbox 2174 5815 3739 5891; baseline -0.001 -17"><span class='ocrx_word' id='word_1_879' title='bbox 2174 5835 2297 5887; x_wconf 83' lang='grc' dir='ltr'>πον,</span> <span class='ocrx_word' id='word_1_880' title='bbox 2329 5817 2366 5872; x_wconf 77' lang='grc' dir='ltr'>ἃ</span> <span class='ocrx_word' id='word_1_881' title='bbox 2395 5818 2639 5889; x_wconf 81' lang='grc' dir='ltr'>παρόντα</span> <span class='ocrx_word' id='word_1_882' title='bbox 2672 5817 2771 5889; x_wconf 78' lang='grc' dir='ltr'>μὲν</span> <span class='ocrx_word' id='word_1_883' title='bbox 2801 5817 3068 5889; x_wconf 85' lang='grc' dir='ltr'>τοσαύτην</span> <span class='ocrx_word' id='word_1_884' title='bbox 3101 5817 3299 5889; x_wconf 71' lang='grc' dir='ltr'>ἦνεγκι</span> <span class='ocrx_word' id='word_1_885' title='bbox 3330 5817 3431 5891; x_wconf 78' lang='grc' dir='ltr'>τὴν</span> <span class='ocrx_word' id='word_1_886' title='bbox 3450 5815 3739 5888; x_wconf 76' lang='grc' dir='ltr'>ὠφέλειαν,</span> 
     </span>
    </p>
   </div>
  </div>
