  <div class='ocr_page' id='page_1' title='image "/cluster/home/n/w/nwhite01/storage/ocr_20150623/154:no.2/coo.31924054870591/512.png"; bbox 0 0 4068 6478; ppageno 0'>
   <div class='ocr_carea' id='block_1_1' title="bbox 518 424 671 497">
    <p class='ocr_par' dir='ltr' id='par_1_1' title="bbox 518 424 671 497">
     <span class='ocr_line' id='line_1_1' title="bbox 518 424 671 497; baseline -0.052 0"><span class='ocrx_word' id='word_1_1' title='bbox 518 424 671 497; x_wconf 52' lang='grc' dir='ltr'>ῖθῒῖιῖ</span> 
     </span>
    </p>
   </div>
   <div class='ocr_carea' id='block_1_2' title="bbox 1399 414 2922 499">
    <p class='ocr_par' dir='ltr' id='par_1_2' title="bbox 1399 414 2922 499">
     <span class='ocr_line' id='line_1_2' title="bbox 1399 414 2922 499; baseline -0.004 0"><span class='ocrx_word' id='word_1_2' title='bbox 1399 437 1683 499; x_wconf 66' lang='lat' dir='ltr'><strong>unum</strong></span> <span class='ocrx_word' id='word_1_3' title='bbox 1724 437 1821 499; x_wconf 86' lang='lat' dir='ltr'><strong>DE</strong></span> <span class='ocrx_word' id='word_1_4' title='bbox 1860 414 2009 498; x_wconf 63' lang='lat' dir='ltr'><strong>Non</strong></span> <span class='ocrx_word' id='word_1_5' title='bbox 2054 434 2464 497; x_wconf 79' lang='lat' dir='ltr'><strong>REDDENDA</strong></span> <span class='ocrx_word' id='word_1_6' title='bbox 2504 432 2922 496; x_wconf 66' lang='lat' dir='ltr'><strong>CALLlPOLl“.</strong></span> 
     </span>
    </p>
   </div>
   <div class='ocr_carea' id='block_1_3' title="bbox 3621 422 3772 491">
    <p class='ocr_par' dir='ltr' id='par_1_3' title="bbox 3621 422 3772 491">
     <span class='ocr_line' id='line_1_3' title="bbox 3621 422 3772 491; baseline -0.04 0"><span class='ocrx_word' id='word_1_7' title='bbox 3621 422 3772 491; x_wconf 63' lang='grc'><strong>1014⁷</strong></span> 
     </span>
    </p>
   </div>
   <div class='ocr_carea' id='block_1_4' title="bbox 511 541 2077 633">
    <p class='ocr_par' dir='ltr' id='par_1_4' title="bbox 511 546 2075 631">
     <span class='ocr_line' id='line_1_4' title="bbox 511 546 2075 631; baseline 0.001 -28"><span class='ocrx_word' id='word_1_8' title='bbox 511 546 723 603; x_wconf 77' lang='grc' dir='ltr'>ἀπόντα</span> <span class='ocrx_word' id='word_1_9' title='bbox 747 550 801 605; x_wconf 77' lang='grc' dir='ltr'><strong>δέ</strong></span> <span class='ocrx_word' id='word_1_10' title='bbox 825 549 954 615; x_wconf 59' lang='lat' dir='ltr'><strong>coiit;</strong></span> <span class='ocrx_word' id='word_1_11' title='bbox 969 548 1227 623; x_wconf 85' lang='grc' dir='ltr'>ἐσχάτους</span> <span class='ocrx_word' id='word_1_12' title='bbox 1244 551 1525 631; x_wconf 70' lang='grc' dir='ltr'>κινδύνους</span> <span class='ocrx_word' id='word_1_13' title='bbox 1545 553 1840 623; x_wconf 87' lang='grc' dir='ltr'>ἐπήνεγκε,</span> <span class='ocrx_word' id='word_1_14' title='bbox 1867 552 2075 607; x_wconf 81' lang='grc' dir='ltr'>τούτων</span> 
     </span>
    </p>
   </div>
   <div class='ocr_carea' id='block_1_5' title="bbox 2179 541 3765 633">
    <p class='ocr_par' dir='ltr' id='par_1_5' title="bbox 2181 541 3765 621">
     <span class='ocr_line' id='line_1_5' title="bbox 2181 541 3765 621; baseline -0.007 -17"><span class='ocrx_word' id='word_1_15' title='bbox 2181 560 2330 614; x_wconf 90' lang='lat' dir='ltr'><strong>runt,</strong></span> <span class='ocrx_word' id='word_1_16' title='bbox 2358 565 2585 621; x_wconf 83' lang='lat' dir='ltr'><strong>quaeque</strong></span> <span class='ocrx_word' id='word_1_17' title='bbox 2616 564 2742 606; x_wconf 90' lang='lat' dir='ltr'><strong>cum</strong></span> <span class='ocrx_word' id='word_1_18' title='bbox 2771 548 3027 603; x_wconf 87' lang='lat' dir='ltr'><strong>abessent</strong></span> <span class='ocrx_word' id='word_1_19' title='bbox 3057 557 3311 616; x_wconf 84' lang='lat' dir='ltr'><strong>suprema</strong></span> <span class='ocrx_word' id='word_1_20' title='bbox 3339 541 3584 613; x_wconf 85' lang='lat' dir='ltr'><strong>pericula</strong></span> <span class='ocrx_word' id='word_1_21' title='bbox 3613 549 3765 596; x_wconf 58' lang='lat' dir='ltr'><strong>attu.</strong></span> 
     </span>
    </p>
   </div>
   <div class='ocr_carea' id='block_1_6' title="bbox 478 636 2076 715">
    <p class='ocr_par' dir='ltr' id='par_1_6' title="bbox 478 636 2076 715">
     <span class='ocr_line' id='line_1_6' title="bbox 478 636 2076 715; baseline 0.004 -27"><span class='ocrx_word' id='word_1_22' title='bbox 478 636 771 702; x_wconf 73' lang='grc' dir='ltr'>’ἐκστῆναι</span> <span class='ocrx_word' id='word_1_23' title='bbox 801 643 916 707; x_wconf 84' lang='grc' dir='ltr'>τοῖς</span> <span class='ocrx_word' id='word_1_24' title='bbox 942 644 1244 713; x_wconf 81' lang='grc' dir='ltr'>πολεμίοις,</span> <span class='ocrx_word' id='word_1_25' title='bbox 1282 645 1377 699; x_wconf 73' lang='grc' dir='ltr'>καὶ</span> <span class='ocrx_word' id='word_1_26' title='bbox 1402 639 1485 707; x_wconf 74' lang='grc' dir='ltr'>οἷς</span> <span class='ocrx_word' id='word_1_27' title='bbox 1512 644 1684 698; x_wconf 82' lang='grc' dir='ltr'>ταῦτα</span> <span class='ocrx_word' id='word_1_28' title='bbox 1708 644 2076 715; x_wconf 76' lang='grc' dir='ltr'>προλαὸοὖσιν</span> 
     </span>
    </p>
   </div>
   <div class='ocr_carea' id='block_1_7' title="bbox 511 724 2078 807">
    <p class='ocr_par' dir='ltr' id='par_1_7' title="bbox 511 724 2078 807">
     <span class='ocr_line' id='line_1_7' title="bbox 511 724 2078 807; baseline 0.006 -28"><span class='ocrx_word' id='word_1_29' title='bbox 511 724 666 779; x_wconf 78' lang='grc' dir='ltr'>οὐδὲν</span> <span class='ocrx_word' id='word_1_30' title='bbox 702 730 776 783; x_wconf 72' lang='grc' dir='ltr'>ἔτι</span> <span class='ocrx_word' id='word_1_31' title='bbox 809 733 954 786; x_wconf 82' lang='grc' dir='ltr'>κατά</span> <span class='ocrx_word' id='word_1_32' title='bbox 993 735 1093 802; x_wconf 81' lang='grc' dir='ltr'>τῆς</span> <span class='ocrx_word' id='word_1_33' title='bbox 1132 733 1342 798; x_wconf 82' lang='grc' dir='ltr'>πόλεως</span> <span class='ocrx_word' id='word_1_34' title='bbox 1370 734 1675 807; x_wconf 85' lang='grc' dir='ltr'>άτόλμητον</span> <span class='ocrx_word' id='word_1_35' title='bbox 1727 734 1914 800; x_wconf 81' lang='grc' dir='ltr'>ἐσται;</span> <span class='ocrx_word' id='word_1_36' title='bbox 1970 735 2078 789; x_wconf 78' lang='grc' dir='ltr'><strong>Καὶ</strong></span> 
     </span>
    </p>
   </div>
   <div class='ocr_carea' id='block_1_8' title="bbox 513 816 2080 898">
    <p class='ocr_par' dir='ltr' id='par_1_8' title="bbox 513 816 2080 898">
     <span class='ocr_line' id='line_1_8' title="bbox 513 816 2080 898; baseline 0.008 -30"><span class='ocrx_word' id='word_1_37' title='bbox 513 816 690 870; x_wconf 84' lang='grc' dir='ltr'>ταῦτα</span> <span class='ocrx_word' id='word_1_38' title='bbox 741 818 800 882; x_wconf 74' lang='grc' dir='ltr'>ἐξ</span> <span class='ocrx_word' id='word_1_39' title='bbox 843 824 1241 897; x_wconf 82' lang='grc' dir='ltr'>ἐπιτάγματος,</span> <span class='ocrx_word' id='word_1_40' title='bbox 1268 826 1459 897; x_wconf 79' lang='grc' dir='ltr'>ὥσπερ</span> <span class='ocrx_word' id='word_1_41' title='bbox 1484 827 1604 881; x_wconf 78' lang='grc' dir='ltr'>διον</span> <span class='ocrx_word' id='word_1_42' title='bbox 1634 829 1746 891; x_wconf 86' lang='grc' dir='ltr'>τοῖς</span> <span class='ocrx_word' id='word_1_43' title='bbox 1781 826 2080 898; x_wconf 85' lang='grc' dir='ltr'>βαρϐάροις</span> 
     </span>
    </p>
   </div>
   <div class='ocr_carea' id='block_1_9' title="bbox 512 906 2079 989">
    <p class='ocr_par' dir='ltr' id='par_1_9' title="bbox 512 906 2079 989">
     <span class='ocr_line' id='line_1_9' title="bbox 512 906 2079 989; baseline 0.01 -33"><span class='ocrx_word' id='word_1_44' title='bbox 512 906 674 960; x_wconf 80' lang='grc' dir='ltr'>πάνθ’</span> <span class='ocrx_word' id='word_1_45' title='bbox 730 908 1045 974; x_wconf 83' lang='grc' dir='ltr'>ὑπακούειν,</span> <span class='ocrx_word' id='word_1_46' title='bbox 1086 919 1118 987; x_wconf 81' lang='grc' dir='ltr'>ἢ</span> <span class='ocrx_word' id='word_1_47' title='bbox 1164 918 1276 972; x_wconf 83' lang='grc' dir='ltr'><strong>τῶν</strong></span> <span class='ocrx_word' id='word_1_48' title='bbox 1320 917 1606 989; x_wconf 74' lang='grc' dir='ltr'><strong>ἡμετέρων</strong></span> <span class='ocrx_word' id='word_1_49' title='bbox 1666 918 2079 988; x_wconf 86' lang='grc' dir='ltr'>πλεονεκτημά-</span> 
     </span>
    </p>
   </div>
   <div class='ocr_carea' id='block_1_10' title="bbox 474 995 1376 1070">
    <p class='ocr_par' dir='ltr' id='par_1_10' title="bbox 474 995 1376 1070">
     <span class='ocr_line' id='line_1_10' title="bbox 474 995 1376 1070; baseline 0.018 -25"><span class='ocrx_word' id='word_1_50' title='bbox 474 1064 479 1067; x_wconf 16' lang='lat' dir='ltr'>L</span> <span class='ocrx_word' id='word_1_51' title='bbox 513 1012 623 1059; x_wconf 76' lang='grc' dir='ltr'><strong>των</strong></span> <span class='ocrx_word' id='word_1_52' title='bbox 654 995 896 1058; x_wconf 81' lang='grc' dir='ltr'><strong>ἐκείνους</strong></span> <span class='ocrx_word' id='word_1_53' title='bbox 927 1000 1150 1070; x_wconf 75' lang='grc' dir='ltr'><strong>κυρίους</strong></span> <span class='ocrx_word' id='word_1_54' title='bbox 1180 1009 1376 1061; x_wconf 78' lang='grc' dir='ltr'><strong>ποιεῖν.</strong></span> 
     </span>
    </p>
   </div>
   <div class='ocr_carea' id='block_1_11' title="bbox 588 1085 2081 1169">
    <p class='ocr_par' dir='ltr' id='par_1_11' title="bbox 588 1085 2081 1169">
     <span class='ocr_line' id='line_1_11' title="bbox 588 1085 2081 1169; baseline 0.015 -34"><span class='ocrx_word' id='word_1_55' title='bbox 588 1085 826 1139; x_wconf 85' lang='grc' dir='ltr'>Κάκεῖνο</span> <span class='ocrx_word' id='word_1_56' title='bbox 848 1086 904 1140; x_wconf 80' lang='grc' dir='ltr'>δὲ</span> <span class='ocrx_word' id='word_1_57' title='bbox 931 1089 1036 1157; x_wconf 83' lang='grc' dir='ltr'><strong>χρὴ</strong></span> <span class='ocrx_word' id='word_1_58' title='bbox 1066 1095 1586 1164; x_wconf 77' lang='grc' dir='ltr'>προσενθνμεῖσθαι,</span> <span class='ocrx_word' id='word_1_59' title='bbox 1622 1099 1712 1152; x_wconf 83' lang='grc' dir='ltr'>ὅτε</span> <span class='ocrx_word' id='word_1_60' title='bbox 1742 1099 1957 1168; x_wconf 83' lang='grc' dir='ltr'>πρῶτον</span> <span class='ocrx_word' id='word_1_61' title='bbox 1983 1101 2081 1169; x_wconf 68' lang='grc' dir='ltr'><strong>ἢγ-</strong></span> 
     </span>
    </p>
   </div>
   <div class='ocr_carea' id='block_1_12' title="bbox 519 1170 2082 1255">
    <p class='ocr_par' dir='ltr' id='par_1_12' title="bbox 519 1170 2082 1255">
     <span class='ocr_line' id='line_1_12' title="bbox 519 1170 2082 1255; baseline 0.012 -33"><span class='ocrx_word' id='word_1_62' title='bbox 519 1170 683 1240; x_wconf 82' lang='grc' dir='ltr'>γέλθη</span> <span class='ocrx_word' id='word_1_63' title='bbox 735 1172 836 1241; x_wconf 80' lang='grc' dir='ltr'>τὴν</span> <span class='ocrx_word' id='word_1_64' title='bbox 864 1174 1199 1230; x_wconf 70' lang='grc' dir='ltr'><strong>Καλλίπολιν</strong></span> <span class='ocrx_word' id='word_1_65' title='bbox 1237 1177 1547 1235; x_wconf 74' lang='grc' dir='ltr'><strong>σεισθεῖσαν</strong></span> <span class='ocrx_word' id='word_1_66' title='bbox 1577 1182 1683 1236; x_wconf 82' lang='grc' dir='ltr'><strong>ὑπὸ</strong></span> <span class='ocrx_word' id='word_1_67' title='bbox 1727 1184 1838 1239; x_wconf 85' lang='grc' dir='ltr'><strong>τῶν</strong></span> <span class='ocrx_word' id='word_1_68' title='bbox 1876 1184 2082 1255; x_wconf 75' lang='grc' dir='ltr'>βαρϐά-</span> 
     </span>
    </p>
   </div>
   <div class='ocr_carea' id='block_1_13' title="bbox 460 1260 2082 1345">
    <p class='ocr_par' dir='ltr' id='par_1_13' title="bbox 460 1260 2082 1345">
     <span class='ocr_line' id='line_1_13' title="bbox 460 1260 2082 1345; baseline 0.011 -34"><span class='ocrx_word' id='word_1_69' title='bbox 460 1297 462 1299; x_wconf 58' lang='grc'><strong>›</strong></span> <span class='ocrx_word' id='word_1_70' title='bbox 518 1276 630 1328; x_wconf 88' lang='grc' dir='ltr'><strong>ρων</strong></span> <span class='ocrx_word' id='word_1_71' title='bbox 658 1260 950 1331; x_wconf 78' lang='grc' dir='ltr'>ληφθῆναι,</span> <span class='ocrx_word' id='word_1_72' title='bbox 982 1263 1132 1328; x_wconf 79' lang='grc' dir='ltr'>τίνας</span> <span class='ocrx_word' id='word_1_73' title='bbox 1162 1266 1346 1334; x_wconf 78' lang='grc' dir='ltr'>φωνὰς</span> <span class='ocrx_word' id='word_1_74' title='bbox 1377 1270 1633 1338; x_wconf 75' lang='grc' dir='ltr'>ἡφίεμεν,</span> <span class='ocrx_word' id='word_1_75' title='bbox 1664 1275 1760 1329; x_wconf 75' lang='grc' dir='ltr'>καὶ</span> <span class='ocrx_word' id='word_1_76' title='bbox 1780 1273 1866 1339; x_wconf 84' lang='grc' dir='ltr'><strong>τίς</strong></span> <span class='ocrx_word' id='word_1_77' title='bbox 1896 1272 1963 1345; x_wconf 80' lang='grc' dir='ltr'>ἦν</span> <span class='ocrx_word' id='word_1_78' title='bbox 1992 1276 2082 1330; x_wconf 80' lang='grc' dir='ltr'>διὰ</span> 
     </span>
    </p>
   </div>
   <div class='ocr_carea' id='block_1_14' title="bbox 523 1352 2083 1436">
    <p class='ocr_par' dir='ltr' id='par_1_14' title="bbox 523 1352 2083 1436">
     <span class='ocr_line' id='line_1_14' title="bbox 523 1352 2083 1436; baseline 0.013 -35"><span class='ocrx_word' id='word_1_79' title='bbox 523 1352 707 1421; x_wconf 84' lang='grc' dir='ltr'>πάσης</span> <span class='ocrx_word' id='word_1_80' title='bbox 737 1353 835 1424; x_wconf 82' lang='grc' dir='ltr'>τῆς</span> <span class='ocrx_word' id='word_1_81' title='bbox 861 1355 1069 1418; x_wconf 81' lang='grc' dir='ltr'>πόλεως</span> <span class='ocrx_word' id='word_1_82' title='bbox 1111 1357 1343 1427; x_wconf 60' lang='grc' dir='ltr'>ηθρῆνος;</span> <span class='ocrx_word' id='word_1_83' title='bbox 1384 1361 1480 1413; x_wconf 75' lang='grc' dir='ltr'>καὶ</span> <span class='ocrx_word' id='word_1_84' title='bbox 1507 1363 1591 1425; x_wconf 86' lang='grc' dir='ltr'><strong>τίς</strong></span> <span class='ocrx_word' id='word_1_85' title='bbox 1620 1357 1688 1433; x_wconf 76' lang='grc' dir='ltr'>ἦν</span> <span class='ocrx_word' id='word_1_86' title='bbox 1713 1366 1744 1429; x_wconf 86' lang='grc' dir='ltr'><strong>ή</strong></span> <span class='ocrx_word' id='word_1_87' title='bbox 1777 1366 1898 1418; x_wconf 87' lang='grc' dir='ltr'>τότε</span> <span class='ocrx_word' id='word_1_88' title='bbox 1930 1367 2083 1436; x_wconf 88' lang='grc' dir='ltr'>παρά</span> 
     </span>
    </p>
   </div>
   <div class='ocr_carea' id='block_1_15' title="bbox 517 1444 2083 1529">
    <p class='ocr_par' dir='ltr' id='par_1_15' title="bbox 517 1444 2083 1529">
     <span class='ocr_line' id='line_1_15' title="bbox 517 1444 2083 1529; baseline 0.01 -35"><span class='ocrx_word' id='word_1_89' title='bbox 517 1445 582 1529; x_wconf 78' lang='grc' dir='ltr'>τῇ</span> <span class='ocrx_word' id='word_1_90' title='bbox 618 1444 769 1498; x_wconf 83' lang='grc' dir='ltr'>πόλει</span> <span class='ocrx_word' id='word_1_91' title='bbox 792 1445 1072 1513; x_wconf 82' lang='grc' dir='ltr'>κρατοῦσα</span> <span class='ocrx_word' id='word_1_92' title='bbox 1102 1449 1257 1518; x_wconf 82' lang='grc' dir='ltr'>φήμη</span> <span class='ocrx_word' id='word_1_93' title='bbox 1276 1451 1411 1521; x_wconf 86' lang='grc' dir='ltr'><strong>;Οὐχ</strong></span> <span class='ocrx_word' id='word_1_94' title='bbox 1438 1453 1511 1513; x_wconf 82' lang='grc' dir='ltr'><strong>ὡς</strong></span> <span class='ocrx_word' id='word_1_95' title='bbox 1544 1454 1939 1525; x_wconf 75' lang='grc' dir='ltr'>ἀπολώλαμενς</span> <span class='ocrx_word' id='word_1_96' title='bbox 1971 1458 2083 1529; x_wconf 74' lang='grc' dir='ltr'><strong>οὐχ</strong></span> 
     </span>
    </p>
   </div>
   <div class='ocr_carea' id='block_1_16' title="bbox 516 1527 2085 1611">
    <p class='ocr_par' dir='ltr' id='par_1_16' title="bbox 516 1527 2085 1611">
     <span class='ocr_line' id='line_1_16' title="bbox 516 1527 2085 1611; baseline 0.011 -30"><span class='ocrx_word' id='word_1_97' title='bbox 516 1527 593 1593; x_wconf 86' lang='grc' dir='ltr'><strong>ὡς</strong></span> <span class='ocrx_word' id='word_1_98' title='bbox 645 1532 704 1584; x_wconf 84' lang='grc' dir='ltr'><strong>ἐν</strong></span> <span class='ocrx_word' id='word_1_99' title='bbox 759 1535 975 1604; x_wconf 80' lang='grc' dir='ltr'><strong>σαγήνῃ</strong></span> <span class='ocrx_word' id='word_1_100' title='bbox 1026 1537 1226 1599; x_wconf 77' lang='grc' dir='ltr'>πάντες</span> <span class='ocrx_word' id='word_1_101' title='bbox 1272 1539 1374 1609; x_wconf 71' lang='grc' dir='ltr'>ἤδη</span> <span class='ocrx_word' id='word_1_102' title='bbox 1406 1542 1519 1604; x_wconf 83' lang='grc' dir='ltr'>τοῖς</span> <span class='ocrx_word' id='word_1_103' title='bbox 1565 1542 1802 1611; x_wconf 80' lang='grc' dir='ltr'><strong>τείχεσιν</strong></span> <span class='ocrx_word' id='word_1_104' title='bbox 1846 1543 1951 1597; x_wconf 80' lang='grc' dir='ltr'>ὑπὸ</span> <span class='ocrx_word' id='word_1_105' title='bbox 1977 1527 2085 1599; x_wconf 81' lang='grc' dir='ltr'><strong>τῶν</strong></span> 
     </span>
    </p>
   </div>
   <div class='ocr_carea' id='block_1_17' title="bbox 520 1619 2085 1701">
    <p class='ocr_par' dir='ltr' id='par_1_17' title="bbox 520 1619 2085 1701">
     <span class='ocr_line' id='line_1_17' title="bbox 520 1619 2085 1701; baseline 0.01 -29"><span class='ocrx_word' id='word_1_106' title='bbox 520 1619 807 1692; x_wconf 72' lang='grc' dir='ltr'>βαρϐάρων</span> <span class='ocrx_word' id='word_1_107' title='bbox 836 1623 1114 1693; x_wconf 80' lang='grc' dir='ltr'>ἑχόμεθα;</span> <span class='ocrx_word' id='word_1_108' title='bbox 1146 1628 1258 1698; x_wconf 81' lang='grc' dir='ltr'><strong>Οὐχ</strong></span> <span class='ocrx_word' id='word_1_109' title='bbox 1296 1629 1372 1693; x_wconf 76' lang='grc' dir='ltr'>ὦς</span> <span class='ocrx_word' id='word_1_110' title='bbox 1402 1630 1499 1684; x_wconf 77' lang='grc' dir='ltr'>καὶ</span> <span class='ocrx_word' id='word_1_111' title='bbox 1523 1631 1787 1701; x_wconf 78' lang='grc' dir='ltr'>τοῦδαφος</span> <span class='ocrx_word' id='word_1_112' title='bbox 1815 1633 1948 1689; x_wconf 80' lang='grc' dir='ltr'>αὐτὸ</span> <span class='ocrx_word' id='word_1_113' title='bbox 1976 1634 2085 1688; x_wconf 82' lang='grc' dir='ltr'>λοι-</span> 
     </span>
    </p>
   </div>
   <div class='ocr_carea' id='block_1_18' title="bbox 517 1711 2085 1789">
    <p class='ocr_par' dir='ltr' id='par_1_18' title="bbox 517 1711 2085 1789">
     <span class='ocr_line' id='line_1_18' title="bbox 517 1711 2085 1789; baseline 0.011 -28"><span class='ocrx_word' id='word_1_114' title='bbox 517 1711 616 1762; x_wconf 69' lang='grc' dir='ltr'>πὸν</span> <span class='ocrx_word' id='word_1_115' title='bbox 646 1712 744 1779; x_wconf 78' lang='grc' dir='ltr'>τῆς</span> <span class='ocrx_word' id='word_1_116' title='bbox 776 1713 985 1780; x_wconf 87' lang='grc' dir='ltr'>πόλεως</span> <span class='ocrx_word' id='word_1_117' title='bbox 1017 1718 1305 1774; x_wconf 81' lang='grc' dir='ltr'>ὑπόκειται</span> <span class='ocrx_word' id='word_1_118' title='bbox 1344 1724 1455 1785; x_wconf 85' lang='grc' dir='ltr'>τοῖς</span> <span class='ocrx_word' id='word_1_119' title='bbox 1490 1723 1788 1789; x_wconf 73' lang='grc' dir='ltr'>κινδύνοις-ς</span> <span class='ocrx_word' id='word_1_120' title='bbox 1833 1726 1947 1779; x_wconf 87' lang='grc' dir='ltr'><strong>Οὐκ</strong></span> <span class='ocrx_word' id='word_1_121' title='bbox 1990 1727 2085 1778; x_wconf 80' lang='grc' dir='ltr'><strong>εὐ-</strong></span> 
     </span>
    </p>
   </div>
   <div class='ocr_carea' id='block_1_19' title="bbox 512 1797 2086 1879">
    <p class='ocr_par' dir='ltr' id='par_1_19' title="bbox 512 1797 2086 1879">
     <span class='ocr_line' id='line_1_19' title="bbox 512 1797 2086 1879; baseline 0.009 -29"><span class='ocrx_word' id='word_1_122' title='bbox 512 1797 721 1868; x_wconf 84' lang='grc' dir='ltr'>δαίμων</span> <span class='ocrx_word' id='word_1_123' title='bbox 741 1803 769 1854; x_wconf 84' lang='grc' dir='ltr'><strong>δ</strong></span> <span class='ocrx_word' id='word_1_124' title='bbox 795 1801 900 1871; x_wconf 82' lang='grc' dir='ltr'>πρὸ</span> <span class='ocrx_word' id='word_1_125' title='bbox 926 1803 1039 1856; x_wconf 85' lang='grc' dir='ltr'><strong>τῶν</strong></span> <span class='ocrx_word' id='word_1_126' title='bbox 1062 1806 1324 1858; x_wconf 79' lang='grc' dir='ltr'><strong>κινδύνων</strong></span> <span class='ocrx_word' id='word_1_127' title='bbox 1350 1808 1449 1877; x_wconf 80' lang='grc' dir='ltr'>τὴν</span> <span class='ocrx_word' id='word_1_128' title='bbox 1477 1809 1634 1863; x_wconf 86' lang='grc' dir='ltr'>πόλιν</span> <span class='ocrx_word' id='word_1_129' title='bbox 1652 1809 2086 1879; x_wconf 85' lang='grc' dir='ltr'>καταλιμπάνων</span> 
     </span>
    </p>
   </div>
   <div class='ocr_carea' id='block_1_20' title="bbox 512 1884 2156 1971">
    <p class='ocr_par' dir='ltr' id='par_1_20' title="bbox 512 1884 2156 1971">
     <span class='ocr_line' id='line_1_20' title="bbox 512 1884 2156 1971; baseline 0.01 -31"><span class='ocrx_word' id='word_1_130' title='bbox 512 1891 633 1942; x_wconf 83' lang='grc' dir='ltr'>τότε</span> <span class='ocrx_word' id='word_1_131' title='bbox 680 1892 889 1958; x_wconf 73' lang='grc' dir='ltr'>ἐδόκεις</span> <span class='ocrx_word' id='word_1_132' title='bbox 930 1894 1175 1959; x_wconf 70' lang='grc' dir='ltr'><strong>Πιίιντνως⁸</strong></span> <span class='ocrx_word' id='word_1_133' title='bbox 1192 1897 1492 1967; x_wconf 82' lang='grc' dir='ltr'>μέμνησθε,</span> <span class='ocrx_word' id='word_1_134' title='bbox 1545 1901 1622 1965; x_wconf 81' lang='grc' dir='ltr'><strong>ὡς</strong></span> <span class='ocrx_word' id='word_1_135' title='bbox 1665 1901 1764 1969; x_wconf 84' lang='grc' dir='ltr'>τῆς</span> <span class='ocrx_word' id='word_1_136' title='bbox 1815 1901 2083 1971; x_wconf 73' lang='grc' dir='ltr'><strong>πολεμίας</strong></span> <span class='ocrx_word' id='word_1_137' title='bbox 2118 1884 2156 1938; x_wconf 76' lang='grc' dir='ltr'><strong>Β</strong></span> 
     </span>
    </p>
   </div>
   <div class='ocr_carea' id='block_1_21' title="bbox 515 1980 2084 2059">
    <p class='ocr_par' dir='ltr' id='par_1_21' title="bbox 515 1980 2084 2059">
     <span class='ocr_line' id='line_1_21' title="bbox 515 1980 2084 2059; baseline 0.01 -28"><span class='ocrx_word' id='word_1_138' title='bbox 515 1980 715 2046; x_wconf 82' lang='grc' dir='ltr'>μᾶλλον</span> <span class='ocrx_word' id='word_1_139' title='bbox 760 1983 1160 2054; x_wconf 86' lang='grc' dir='ltr'>ὑπωπτεύομεν</span> <span class='ocrx_word' id='word_1_140' title='bbox 1194 1986 1293 2057; x_wconf 79' lang='grc' dir='ltr'><strong>τὴν</strong></span> <span class='ocrx_word' id='word_1_141' title='bbox 1337 1988 1591 2057; x_wconf 86' lang='grc' dir='ltr'>πατρίδα,</span> <span class='ocrx_word' id='word_1_142' title='bbox 1627 1990 1722 2042; x_wconf 81' lang='grc' dir='ltr'>καὶ</span> <span class='ocrx_word' id='word_1_143' title='bbox 1762 1990 1896 2059; x_wconf 72' lang='grc' dir='ltr'>πρὸς</span> <span class='ocrx_word' id='word_1_144' title='bbox 1941 1991 2084 2046; x_wconf 81' lang='grc' dir='ltr'>ἰτα-</span> 
     </span>
    </p>
   </div>
   <div class='ocr_carea' id='block_1_22' title="bbox 509 2069 2081 2150">
    <p class='ocr_par' dir='ltr' id='par_1_22' title="bbox 509 2069 2081 2150">
     <span class='ocr_line' id='line_1_22' title="bbox 509 2069 2081 2150; baseline 0.01 -31"><span class='ocrx_word' id='word_1_145' title='bbox 509 2069 650 2135; x_wconf 81' lang='grc' dir='ltr'>λίαν,</span> <span class='ocrx_word' id='word_1_146' title='bbox 709 2073 804 2127; x_wconf 78' lang='grc' dir='ltr'>καὶ</span> <span class='ocrx_word' id='word_1_147' title='bbox 863 2073 1118 2145; x_wconf 88' lang='grc' dir='ltr'>Γάδειρα,</span> <span class='ocrx_word' id='word_1_148' title='bbox 1159 2078 1256 2132; x_wconf 73' lang='grc' dir='ltr'>καὶ</span> <span class='ocrx_word' id='word_1_149' title='bbox 1290 2078 1389 2147; x_wconf 84' lang='grc' dir='ltr'>τὴν</span> <span class='ocrx_word' id='word_1_150' title='bbox 1443 2079 1551 2144; x_wconf 76' lang='grc' dir='ltr'><strong>ἔξω</strong></span> <span class='ocrx_word' id='word_1_151' title='bbox 1602 2080 1823 2150; x_wconf 83' lang='grc' dir='ltr'>Στηλῶν</span> <span class='ocrx_word' id='word_1_152' title='bbox 1880 2084 2081 2146; x_wconf 83' lang='grc' dir='ltr'>πάντες</span> 
     </span>
    </p>
   </div>
   <div class='ocr_carea' id='block_1_23' title="bbox 506 2161 2082 2240">
    <p class='ocr_par' dir='ltr' id='par_1_23' title="bbox 506 2161 2082 2240">
     <span class='ocr_line' id='line_1_23' title="bbox 506 2161 2082 2240; baseline 0.008 -27"><span class='ocrx_word' id='word_1_153' title='bbox 506 2161 799 2228; x_wconf 70' lang='grc' dir='ltr'>ἠπείγοντο</span> <span class='ocrx_word' id='word_1_154' title='bbox 846 2164 1138 2231; x_wconf 81' lang='grc' dir='ltr'>θάλασσαν,</span> <span class='ocrx_word' id='word_1_155' title='bbox 1187 2166 1265 2230; x_wconf 85' lang='grc' dir='ltr'><strong>ὡς</strong></span> <span class='ocrx_word' id='word_1_156' title='bbox 1301 2167 1444 2222; x_wconf 79' lang='grc' dir='ltr'>οὕτω</span> <span class='ocrx_word' id='word_1_157' title='bbox 1489 2171 1669 2238; x_wconf 82' lang='grc' dir='ltr'>μόνως</span> <span class='ocrx_word' id='word_1_158' title='bbox 1702 2171 1798 2240; x_wconf 83' lang='grc' dir='ltr'><strong>τῆς</strong></span> <span class='ocrx_word' id='word_1_159' title='bbox 1837 2171 2082 2236; x_wconf 84' lang='grc' dir='ltr'>δουλείας</span> 
     </span>
    </p>
   </div>
   <div class='ocr_carea' id='block_1_24' title="bbox 508 2251 2079 2332">
    <p class='ocr_par' dir='ltr' id='par_1_24' title="bbox 508 2251 2079 2332">
     <span class='ocr_line' id='line_1_24' title="bbox 508 2251 2079 2332; baseline 0.01 -30"><span class='ocrx_word' id='word_1_160' title='bbox 508 2251 969 2319; x_wconf 81' lang='grc' dir='ltr'>ἀπαλλαξόμενοι.</span> <span class='ocrx_word' id='word_1_161' title='bbox 1001 2255 1102 2312; x_wconf 81' lang='grc' dir='ltr'>Ἦν</span> <span class='ocrx_word' id='word_1_162' title='bbox 1131 2259 1312 2312; x_wconf 83' lang='grc' dir='ltr'>τοίνυν</span> <span class='ocrx_word' id='word_1_163' title='bbox 1346 2260 1460 2312; x_wconf 85' lang='grc' dir='ltr'>τότ’</span> <span class='ocrx_word' id='word_1_164' title='bbox 1488 2262 1827 2332; x_wconf 82' lang='grc' dir='ltr'>ἐθρηνοῦμεν</span> <span class='ocrx_word' id='word_1_165' title='bbox 1861 2264 2079 2319; x_wconf 78' lang='grc' dir='ltr'>ἀπολωο</span> 
     </span>
    </p>
   </div>
   <div class='ocr_carea' id='block_1_25' title="bbox 509 2341 2080 2424">
    <p class='ocr_par' dir='ltr' id='par_1_25' title="bbox 509 2341 2080 2424">
     <span class='ocr_line' id='line_1_25' title="bbox 509 2341 2080 2424; baseline 0.011 -31"><span class='ocrx_word' id='word_1_166' title='bbox 509 2342 684 2407; x_wconf 82' lang='grc' dir='ltr'>λυῖαν,</span> <span class='ocrx_word' id='word_1_167' title='bbox 727 2346 822 2400; x_wconf 74' lang='grc' dir='ltr'><strong>καὶ</strong></span> <span class='ocrx_word' id='word_1_168' title='bbox 849 2341 917 2419; x_wconf 78' lang='grc' dir='ltr'>ἦς</span> <span class='ocrx_word' id='word_1_169' title='bbox 944 2347 1324 2421; x_wconf 85' lang='grc' dir='ltr'>δουλευούσης,</span> <span class='ocrx_word' id='word_1_170' title='bbox 1374 2353 1528 2407; x_wconf 78' lang='grc' dir='ltr'>οὐδὲν</span> <span class='ocrx_word' id='word_1_171' title='bbox 1572 2355 1706 2423; x_wconf 80' lang='grc' dir='ltr'>ἡμῖν</span> <span class='ocrx_word' id='word_1_172' title='bbox 1738 2348 1807 2424; x_wconf 73' lang='grc' dir='ltr'>ἦν</span> <span class='ocrx_word' id='word_1_173' title='bbox 1854 2354 2080 2410; x_wconf 81' lang='grc' dir='ltr'>ἀνέλπι-</span> 
     </span>
    </p>
   </div>
   <div class='ocr_carea' id='block_1_26' title="bbox 511 2437 2077 2517">
    <p class='ocr_par' dir='ltr' id='par_1_26' title="bbox 511 2437 2077 2517">
     <span class='ocr_line' id='line_1_26' title="bbox 511 2437 2077 2517; baseline 0.007 -29"><span class='ocrx_word' id='word_1_174' title='bbox 511 2450 637 2489; x_wconf 85' lang='grc' dir='ltr'>στον</span> <span class='ocrx_word' id='word_1_175' title='bbox 664 2437 773 2490; x_wconf 86' lang='grc' dir='ltr'><strong>τῶν</strong></span> <span class='ocrx_word' id='word_1_176' title='bbox 801 2440 1013 2504; x_wconf 85' lang='grc' dir='ltr'>κακῶν,</span> <span class='ocrx_word' id='word_1_177' title='bbox 1039 2442 1245 2512; x_wconf 87' lang='grc' dir='ltr'>ταύτην</span> <span class='ocrx_word' id='word_1_178' title='bbox 1269 2442 1441 2505; x_wconf 80' lang='grc' dir='ltr'>οὕτως</span> <span class='ocrx_word' id='word_1_179' title='bbox 1475 2443 1665 2504; x_wconf 79' lang='grc' dir='ltr'>ἁπλῶς</span> <span class='ocrx_word' id='word_1_180' title='bbox 1694 2446 2077 2517; x_wconf 83' lang='grc' dir='ltr'><strong>προησόμεθα,</strong></span> 
     </span>
    </p>
   </div>
   <div class='ocr_carea' id='block_1_27' title="bbox 506 2527 2079 2608">
    <p class='ocr_par' dir='ltr' id='par_1_27' title="bbox 506 2527 2079 2608">
     <span class='ocr_line' id='line_1_27' title="bbox 506 2527 2079 2608; baseline 0.01 -30"><span class='ocrx_word' id='word_1_181' title='bbox 506 2527 816 2601; x_wconf 81' lang='grc' dir='ltr'><strong>ἐπειδήπερ</strong></span> <span class='ocrx_word' id='word_1_182' title='bbox 845 2532 878 2599; x_wconf 85' lang='grc' dir='ltr'><strong>ή</strong></span> <span class='ocrx_word' id='word_1_183' title='bbox 903 2531 1128 2603; x_wconf 83' lang='grc' dir='ltr'>πρόνοια</span> <span class='ocrx_word' id='word_1_184' title='bbox 1158 2534 1323 2587; x_wconf 86' lang='grc' dir='ltr'>πάλιν</span> <span class='ocrx_word' id='word_1_185' title='bbox 1345 2531 1405 2589; x_wconf 77' lang='grc' dir='ltr'>εὖ</span> <span class='ocrx_word' id='word_1_186' title='bbox 1439 2535 1669 2590; x_wconf 81' lang='grc' dir='ltr'>ποιοῦσα</span> <span class='ocrx_word' id='word_1_187' title='bbox 1696 2536 1765 2590; x_wconf 70' lang='grc' dir='ltr'><strong>τά</strong></span> <span class='ocrx_word' id='word_1_188' title='bbox 1793 2538 2079 2608; x_wconf 80' lang='grc' dir='ltr'><strong>πράγμαθ’</strong></span> 
     </span>
    </p>
   </div>
   <div class='ocr_carea' id='block_1_28' title="bbox 505 2613 2081 2693">
    <p class='ocr_par' dir='ltr' id='par_1_28' title="bbox 505 2613 2081 2693">
     <span class='ocr_line' id='line_1_28' title="bbox 505 2613 2081 2693; baseline 0.01 -29"><span class='ocrx_word' id='word_1_189' title='bbox 505 2613 637 2682; x_wconf 86' lang='grc' dir='ltr'>ήμῖν</span> <span class='ocrx_word' id='word_1_190' title='bbox 668 2617 1019 2686; x_wconf 77' lang='grc' dir='ltr'>ἐπανήγαγεν</span> <span class='ocrx_word' id='word_1_191' title='bbox 1038 2636 1053 2651; x_wconf 74' lang='grc'><em>’</em></span> <span class='ocrx_word' id='word_1_192' title='bbox 1084 2619 1275 2689; x_wconf 84' lang='grc' dir='ltr'>ὥσπερ</span> <span class='ocrx_word' id='word_1_193' title='bbox 1303 2620 1335 2690; x_wconf 76' lang='grc' dir='ltr'><strong>ἢ</strong></span> <span class='ocrx_word' id='word_1_194' title='bbox 1364 2621 1465 2690; x_wconf 82' lang='grc' dir='ltr'><strong>τῆς</strong></span> <span class='ocrx_word' id='word_1_195' title='bbox 1519 2622 1725 2692; x_wconf 80' lang='grc' dir='ltr'><strong>ζημίας</strong></span> <span class='ocrx_word' id='word_1_196' title='bbox 1753 2623 2081 2693; x_wconf 86' lang='grc' dir='ltr'>ἐπιλαθόμε-</span> 
     </span>
    </p>
   </div>
   <div class='ocr_carea' id='block_1_29' title="bbox 505 2702 2076 2783">
    <p class='ocr_par' dir='ltr' id='par_1_29' title="bbox 505 2702 2076 2783">
     <span class='ocr_line' id='line_1_29' title="bbox 505 2702 2076 2783; baseline 0.006 -28"><span class='ocrx_word' id='word_1_197' title='bbox 505 2719 607 2766; x_wconf 90' lang='grc' dir='ltr'>νοι,</span> <span class='ocrx_word' id='word_1_198' title='bbox 640 2702 674 2774; x_wconf 82' lang='grc' dir='ltr'>ἢ</span> <span class='ocrx_word' id='word_1_199' title='bbox 720 2704 1117 2779; x_wconf 80' lang='grc' dir='ltr'><strong>δυστυχοῦντες</strong></span> <span class='ocrx_word' id='word_1_200' title='bbox 1167 2711 1266 2780; x_wconf 78' lang='grc' dir='ltr'>μὲν</span> <span class='ocrx_word' id='word_1_201' title='bbox 1299 2710 1502 2774; x_wconf 73' lang='grc' dir='ltr'>εἰδότες</span> <span class='ocrx_word' id='word_1_202' title='bbox 1532 2709 1868 2778; x_wconf 78' lang='grc' dir='ltr'>λογίζεσθαι,</span> <span class='ocrx_word' id='word_1_203' title='bbox 1896 2715 1966 2783; x_wconf 78' lang='grc' dir='ltr'>τῇ</span> <span class='ocrx_word' id='word_1_204' title='bbox 2015 2712 2076 2766; x_wconf 85' lang='grc' dir='ltr'><strong>δέ</strong></span> 
     </span>
    </p>
   </div>
   <div class='ocr_carea' id='block_1_30' title="bbox 505 2794 2079 2873">
    <p class='ocr_par' dir='ltr' id='par_1_30' title="bbox 505 2794 2079 2873">
     <span class='ocr_line' id='line_1_30' title="bbox 505 2794 2079 2873; baseline 0.008 -27"><span class='ocrx_word' id='word_1_205' title='bbox 505 2794 741 2863; x_wconf 79' lang='grc' dir='ltr'>βελτίονι</span> <span class='ocrx_word' id='word_1_206' title='bbox 790 2796 929 2871; x_wconf 83' lang='grc' dir='ltr'>τύχῃ</span> <span class='ocrx_word' id='word_1_207' title='bbox 981 2800 1057 2871; x_wconf 77' lang='grc' dir='ltr'>μὴ</span> <span class='ocrx_word' id='word_1_208' title='bbox 1089 2799 1381 2873; x_wconf 86' lang='grc' dir='ltr'>δυνάμενοι</span> <span class='ocrx_word' id='word_1_209' title='bbox 1426 2801 1688 2873; x_wconf 79' lang='grc' dir='ltr'>χρῆσθαι.</span> <span class='ocrx_word' id='word_1_210' title='bbox 1724 2803 1922 2858; x_wconf 85' lang='grc' dir='ltr'>Καίτοι</span> <span class='ocrx_word' id='word_1_211' title='bbox 1958 2807 2079 2870; x_wconf 88' lang='grc' dir='ltr'><strong>πῶς</strong></span> 
     </span>
    </p>
   </div>
   <div class='ocr_carea' id='block_1_31' title="bbox 501 2880 2075 2964">
    <p class='ocr_par' dir='ltr' id='par_1_31' title="bbox 501 2880 2075 2964">
     <span class='ocr_line' id='line_1_31' title="bbox 501 2880 2075 2964; baseline 0.01 -28"><span class='ocrx_word' id='word_1_212' title='bbox 501 2884 604 2939; x_wconf 78' lang='grc' dir='ltr'>οὐκ</span> <span class='ocrx_word' id='word_1_213' title='bbox 638 2887 947 2956; x_wconf 81' lang='grc' dir='ltr'>ἀπέραντον</span> <span class='ocrx_word' id='word_1_214' title='bbox 977 2880 1039 2943; x_wconf 81' lang='grc' dir='ltr'>τὸ</span> <span class='ocrx_word' id='word_1_215' title='bbox 1066 2891 1260 2958; x_wconf 75' lang='grc' dir='ltr'>κακὸν,</span> <span class='ocrx_word' id='word_1_216' title='bbox 1296 2894 1346 2946; x_wconf 88' lang='grc' dir='ltr'>εί</span> <span class='ocrx_word' id='word_1_217' title='bbox 1374 2892 1553 2964; x_wconf 89' lang='grc' dir='ltr'>κύριοι</span> <span class='ocrx_word' id='word_1_218' title='bbox 1584 2895 1685 2963; x_wconf 79' lang='grc' dir='ltr'>μέν</span> <span class='ocrx_word' id='word_1_219' title='bbox 1705 2911 1870 2948; x_wconf 89' lang='grc' dir='ltr'>τινων</span> <span class='ocrx_word' id='word_1_220' title='bbox 1899 2895 2075 2963; x_wconf 75' lang='grc' dir='ltr'>ὄντες,</span> 
     </span>
    </p>
   </div>
   <div class='ocr_carea' id='block_1_32' title="bbox 500 2977 2077 3060">
    <p class='ocr_par' dir='ltr' id='par_1_32' title="bbox 500 2977 2077 3060">
     <span class='ocr_line' id='line_1_32' title="bbox 500 2977 2077 3060; baseline 0.008 -31"><span class='ocrx_word' id='word_1_221' title='bbox 500 2977 602 3029; x_wconf 75' lang='grc' dir='ltr'>οὐκ</span> <span class='ocrx_word' id='word_1_222' title='bbox 646 2978 1025 3047; x_wconf 82' lang='grc' dir='ltr'>αίσθησόμεθα</span> <span class='ocrx_word' id='word_1_223' title='bbox 1064 2981 1165 3050; x_wconf 79' lang='grc' dir='ltr'>τὴν</span> <span class='ocrx_word' id='word_1_224' title='bbox 1198 2982 1307 3060; x_wconf 80' lang='grc' dir='ltr'><strong>ἀπὸ</strong></span> <span class='ocrx_word' id='word_1_225' title='bbox 1349 2982 1555 3036; x_wconf 85' lang='grc' dir='ltr'>τούτων</span> <span class='ocrx_word' id='word_1_226' title='bbox 1601 2983 1903 3053; x_wconf 76' lang='grc' dir='ltr'>ὠφέλειανο</span> <span class='ocrx_word' id='word_1_227' title='bbox 1941 2988 2077 3041; x_wconf 83' lang='grc' dir='ltr'>ἀπο-</span> 
     </span>
    </p>
   </div>
   <div class='ocr_carea' id='block_1_33' title="bbox 440 3066 2075 3151">
    <p class='ocr_par' dir='ltr' id='par_1_33' title="bbox 440 3066 2075 3151">
     <span class='ocr_line' id='line_1_33' title="bbox 440 3066 2075 3151; baseline 0.006 -32"><span class='ocrx_word' id='word_1_228' title='bbox 440 3134 445 3141; x_wconf 36' lang='grc'>.</span> <span class='ocrx_word' id='word_1_229' title='bbox 500 3066 749 3122; x_wconf 87' lang='grc' dir='ltr'>λωλότων</span> <span class='ocrx_word' id='word_1_230' title='bbox 792 3070 872 3135; x_wconf 85' lang='grc' dir='ltr'><strong>δέ,</strong></span> <span class='ocrx_word' id='word_1_231' title='bbox 922 3072 1326 3142; x_wconf 85' lang='grc' dir='ltr'>ἀθυμήσομεν;</span> <span class='ocrx_word' id='word_1_232' title='bbox 1372 3075 1469 3129; x_wconf 84' lang='grc' dir='ltr'>καὶ</span> <span class='ocrx_word' id='word_1_233' title='bbox 1524 3074 1837 3145; x_wconf 79' lang='grc' dir='ltr'>ποθήσομεν</span> <span class='ocrx_word' id='word_1_234' title='bbox 1869 3075 1969 3145; x_wconf 83' lang='grc' dir='ltr'><strong>μέν</strong></span> <span class='ocrx_word' id='word_1_235' title='bbox 2000 3078 2075 3151; x_wconf 73' lang='grc' dir='ltr'>μὴ</span> 
     </span>
    </p>
   </div>
   <div class='ocr_carea' id='block_1_34' title="bbox 503 3159 2075 3238">
    <p class='ocr_par' dir='ltr' id='par_1_34' title="bbox 503 3159 2075 3238">
     <span class='ocr_line' id='line_1_34' title="bbox 503 3159 2075 3238; baseline 0.007 -26"><span class='ocrx_word' id='word_1_236' title='bbox 503 3159 749 3229; x_wconf 88' lang='grc' dir='ltr'>παρόντα</span> <span class='ocrx_word' id='word_1_237' title='bbox 771 3201 786 3228; x_wconf 96' lang='grc'><strong>,</strong></span> <span class='ocrx_word' id='word_1_238' title='bbox 822 3161 1195 3217; x_wconf 76' lang='grc' dir='ltr'>ἐπανελθόντα</span> <span class='ocrx_word' id='word_1_239' title='bbox 1221 3163 1275 3217; x_wconf 85' lang='grc' dir='ltr'><strong>δέ</strong></span> <span class='ocrx_word' id='word_1_240' title='bbox 1305 3163 1462 3230; x_wconf 80' lang='grc' dir='ltr'>αὖθις</span> <span class='ocrx_word' id='word_1_241' title='bbox 1492 3166 1723 3238; x_wconf 74' lang='grc' dir='ltr'>ρίψομεν</span> <span class='ocrx_word' id='word_1_242' title='bbox 1742 3183 1757 3197; x_wconf 83' lang='lat'><strong>&#39;</strong></span> <span class='ocrx_word' id='word_1_243' title='bbox 1801 3169 1898 3223; x_wconf 66' lang='lat' dir='ltr'><strong>zeal.</strong></span> <span class='ocrx_word' id='word_1_244' title='bbox 1923 3170 2075 3225; x_wconf 78' lang='grc' dir='ltr'>ταῦτ’</span> 
     </span>
    </p>
   </div>
   <div class='ocr_carea' id='block_1_35' title="bbox 501 3251 2075 3328">
    <p class='ocr_par' dir='ltr' id='par_1_35' title="bbox 501 3251 2075 3328">
     <span class='ocr_line' id='line_1_35' title="bbox 501 3251 2075 3328; baseline 0.007 -25"><span class='ocrx_word' id='word_1_245' title='bbox 501 3251 723 3317; x_wconf 83' lang='grc' dir='ltr'>εἰδότες,</span> <span class='ocrx_word' id='word_1_246' title='bbox 754 3251 831 3316; x_wconf 82' lang='grc' dir='ltr'>ὡς</span> <span class='ocrx_word' id='word_1_247' title='bbox 882 3253 945 3307; x_wconf 83' lang='grc' dir='ltr'>οὐ</span> <span class='ocrx_word' id='word_1_248' title='bbox 992 3253 1376 3324; x_wconf 86' lang='grc' dir='ltr'>καταλύσομεν</span> <span class='ocrx_word' id='word_1_249' title='bbox 1407 3255 1501 3310; x_wconf 79' lang='grc' dir='ltr'><strong>τὸν</strong></span> <span class='ocrx_word' id='word_1_250' title='bbox 1544 3256 1745 3328; x_wconf 73' lang='grc' dir='ltr'>ἔρωτα,</span> <span class='ocrx_word' id='word_1_251' title='bbox 1799 3259 1935 3315; x_wconf 80' lang='grc' dir='ltr'><strong>ἀλλά</strong></span> <span class='ocrx_word' id='word_1_252' title='bbox 1980 3260 2075 3314; x_wconf 77' lang='grc' dir='ltr'>καὶ</span> 
     </span>
    </p>
   </div>
   <div class='ocr_carea' id='block_1_36' title="bbox 500 3343 2073 3423">
    <p class='ocr_par' dir='ltr' id='par_1_36' title="bbox 500 3343 2073 3423">
     <span class='ocr_line' id='line_1_36' title="bbox 500 3343 2073 3423; baseline 0.008 -29"><span class='ocrx_word' id='word_1_253' title='bbox 500 3343 912 3415; x_wconf 82' lang='grc' dir='ltr'>προσθήσομεν,</span> <span class='ocrx_word' id='word_1_254' title='bbox 947 3345 1077 3400; x_wconf 85' lang='grc' dir='ltr'>ὅταν</span> <span class='ocrx_word' id='word_1_255' title='bbox 1111 3346 1212 3400; x_wconf 80' lang='grc' dir='ltr'>οὐκ</span> <span class='ocrx_word' id='word_1_256' title='bbox 1349 3346 1521 3401; x_wconf 85' lang='grc' dir='ltr'>Τοῦτο</span> <span class='ocrx_word' id='word_1_257' title='bbox 1566 3349 1676 3418; x_wconf 80' lang='grc' dir='ltr'><strong>γὰρ</strong></span> <span class='ocrx_word' id='word_1_258' title='bbox 1704 3348 1965 3423; x_wconf 77' lang='grc' dir='ltr'>ἄντικρυς</span> <span class='ocrx_word' id='word_1_259' title='bbox 2011 3354 2073 3406; x_wconf 80' lang='grc' dir='ltr'>οὐ</span> 
     </span>
    </p>
   </div>
   <div class='ocr_carea' id='block_1_37' title="bbox 501 3433 2078 3510">
    <p class='ocr_par' dir='ltr' id='par_1_37' title="bbox 501 3433 2078 3510">
     <span class='ocr_line' id='line_1_37' title="bbox 501 3433 2078 3510; baseline 0.006 -21"><span class='ocrx_word' id='word_1_260' title='bbox 501 3433 814 3510; x_wconf 77' lang='grc' dir='ltr'>Πενελόπης</span> <span class='ocrx_word' id='word_1_261' title='bbox 844 3436 1011 3502; x_wconf 73' lang='grc' dir='ltr'>ἱστὸν,</span> <span class='ocrx_word' id='word_1_262' title='bbox 1055 3437 1286 3501; x_wconf 78' lang='grc' dir='ltr'>ἑαυτοὺς</span> <span class='ocrx_word' id='word_1_263' title='bbox 1327 3436 1375 3491; x_wconf 86' lang='grc' dir='ltr'>δ’</span> <span class='ocrx_word' id='word_1_264' title='bbox 1408 3435 1557 3494; x_wconf 80' lang='grc' dir='ltr'>ἐστιν</span> <span class='ocrx_word' id='word_1_265' title='bbox 1585 3440 1950 3505; x_wconf 81' lang='grc' dir='ltr'>ἀναλυόντων,</span> <span class='ocrx_word' id='word_1_266' title='bbox 1981 3447 2078 3498; x_wconf 77' lang='grc' dir='ltr'>καὶ</span> 
     </span>
    </p>
   </div>
   <div class='ocr_carea' id='block_1_38' title="bbox 500 3527 1400 3604">
    <p class='ocr_par' dir='ltr' id='par_1_38' title="bbox 500 3527 1400 3604">
     <span class='ocr_line' id='line_1_38' title="bbox 500 3527 1400 3604; baseline 0.01 -24"><span class='ocrx_word' id='word_1_267' title='bbox 500 3528 599 3592; x_wconf 76' lang='grc' dir='ltr'><strong>τὰς</strong></span> <span class='ocrx_word' id='word_1_268' title='bbox 631 3527 838 3585; x_wconf 81' lang='grc' dir='ltr'>ἑαυτῶν</span> <span class='ocrx_word' id='word_1_269' title='bbox 869 3530 1176 3600; x_wconf 87' lang='grc' dir='ltr'>μισούντων</span> <span class='ocrx_word' id='word_1_270' title='bbox 1211 3532 1400 3604; x_wconf 84' lang='grc' dir='ltr'>εὐχάς.</span> 
     </span>
    </p>
   </div>
   <div class='ocr_carea' id='block_1_39' title="bbox 581 3700 2075 3788">
    <p class='ocr_par' dir='ltr' id='par_1_39' title="bbox 581 3700 2075 3788">
     <span class='ocr_line' id='line_1_39' title="bbox 581 3700 2075 3788; baseline 0.007 -27"><span class='ocrx_word' id='word_1_271' title='bbox 581 3707 744 3761; x_wconf 70' lang='grc' dir='ltr'>Ἀλλὰ</span> <span class='ocrx_word' id='word_1_272' title='bbox 773 3709 902 3779; x_wconf 80' lang='grc' dir='ltr'>μὴν,</span> <span class='ocrx_word' id='word_1_273' title='bbox 934 3710 984 3762; x_wconf 82' lang='grc' dir='ltr'>εί</span> <span class='ocrx_word' id='word_1_274' title='bbox 1027 3712 1126 3781; x_wconf 83' lang='grc' dir='ltr'><strong>μέν</strong></span> <span class='ocrx_word' id='word_1_275' title='bbox 1158 3712 1383 3778; x_wconf 70' lang='grc' dir='ltr'>οἰκείοις</span> <span class='ocrx_word' id='word_1_276' title='bbox 1425 3700 1605 3770; x_wconf 74' lang='grc' dir='ltr'>τέλεσι</span> <span class='ocrx_word' id='word_1_277' title='bbox 1635 3718 1732 3772; x_wconf 66' lang='grc' dir='ltr'><strong>καὶ</strong></span> <span class='ocrx_word' id='word_1_278' title='bbox 1761 3718 2075 3788; x_wconf 85' lang='grc' dir='ltr'>στρατείαις</span> 
     </span>
    </p>
   </div>
   <div class='ocr_carea' id='block_1_40' title="bbox 501 3800 2077 3883">
    <p class='ocr_par' dir='ltr' id='par_1_40' title="bbox 501 3800 2077 3883">
     <span class='ocr_line' id='line_1_40' title="bbox 501 3800 2077 3883; baseline 0.009 -30"><span class='ocrx_word' id='word_1_279' title='bbox 501 3800 595 3854; x_wconf 74' lang='grc' dir='ltr'>καὶ</span> <span class='ocrx_word' id='word_1_280' title='bbox 647 3803 835 3865; x_wconf 81' lang='grc' dir='ltr'>πόνοις</span> <span class='ocrx_word' id='word_1_281' title='bbox 864 3803 1070 3874; x_wconf 76' lang='grc' dir='ltr'>ταύτην</span> <span class='ocrx_word' id='word_1_282' title='bbox 1129 3804 1234 3858; x_wconf 83' lang='grc' dir='ltr'><strong>ὑπὸ</strong></span> <span class='ocrx_word' id='word_1_283' title='bbox 1293 3807 1407 3871; x_wconf 86' lang='grc' dir='ltr'>τοῖς</span> <span class='ocrx_word' id='word_1_284' title='bbox 1450 3807 1749 3878; x_wconf 80' lang='grc' dir='ltr'>βαρδάροις</span> <span class='ocrx_word' id='word_1_285' title='bbox 1778 3812 2077 3883; x_wconf 80' lang='grc' dir='ltr'>γενομένην</span> 
     </span>
    </p>
   </div>
   <div class='ocr_carea' id='block_1_41' title="bbox 503 3891 2076 3974">
    <p class='ocr_par' dir='ltr' id='par_1_41' title="bbox 503 3891 2076 3974">
     <span class='ocr_line' id='line_1_41' title="bbox 503 3891 2076 3974; baseline 0.009 -31"><span class='ocrx_word' id='word_1_286' title='bbox 503 3891 950 3962; x_wconf 82' lang='grc' dir='ltr'>ἀνεκτησάμεθα,</span> <span class='ocrx_word' id='word_1_287' title='bbox 983 3896 1125 3967; x_wconf 83' lang='grc' dir='ltr'>χρῆν</span> <span class='ocrx_word' id='word_1_288' title='bbox 1150 3896 1251 3967; x_wconf 83' lang='grc' dir='ltr'>μὲν</span> <span class='ocrx_word' id='word_1_289' title='bbox 1276 3897 1386 3951; x_wconf 83' lang='grc' dir='ltr'>οὐδ’</span> <span class='ocrx_word' id='word_1_290' title='bbox 1420 3897 1594 3964; x_wconf 76' lang='grc' dir='ltr'>οὕτως</span> <span class='ocrx_word' id='word_1_291' title='bbox 1611 3894 1686 3954; x_wconf 87' lang='grc' dir='ltr'>ὧν</span> <span class='ocrx_word' id='word_1_292' title='bbox 1713 3901 2076 3974; x_wconf 80' lang='grc' dir='ltr'>ἀνηλώκαμεν</span> 
     </span>
    </p>
   </div>
   <div class='ocr_carea' id='block_1_42' title="bbox 503 3983 2075 4063">
    <p class='ocr_par' dir='ltr' id='par_1_42' title="bbox 503 3983 2075 4063">
     <span class='ocr_line' id='line_1_42' title="bbox 503 3983 2075 4063; baseline 0.009 -29"><span class='ocrx_word' id='word_1_293' title='bbox 503 3983 597 4037; x_wconf 76' lang='grc' dir='ltr'>καὶ</span> <span class='ocrx_word' id='word_1_294' title='bbox 663 3985 1059 4057; x_wconf 85' lang='grc' dir='ltr'>πεπονήκαμεν</span> <span class='ocrx_word' id='word_1_295' title='bbox 1098 3987 1544 4060; x_wconf 77' lang='grc' dir='ltr'>ἐπιλαθομένους,</span> <span class='ocrx_word' id='word_1_296' title='bbox 1593 3992 1800 4063; x_wconf 83' lang='grc' dir='ltr'>ταύτην</span> <span class='ocrx_word' id='word_1_297' title='bbox 1845 3995 2075 4058; x_wconf 86' lang='grc' dir='ltr'>ἐκείνοις</span> 
     </span>
    </p>
   </div>
   <div class='ocr_carea' id='block_1_43' title="bbox 500 4072 2075 4155">
    <p class='ocr_par' dir='ltr' id='par_1_43' title="bbox 500 4072 2075 4155">
     <span class='ocr_line' id='line_1_43' title="bbox 500 4072 2075 4155; baseline 0.01 -29"><span class='ocrx_word' id='word_1_298' title='bbox 500 4073 662 4129; x_wconf 87' lang='grc' dir='ltr'>πάλιν</span> <span class='ocrx_word' id='word_1_299' title='bbox 686 4076 981 4149; x_wconf 64' lang='grc' dir='ltr'>προέσθαι*</span> <span class='ocrx_word' id='word_1_300' title='bbox 1010 4077 1160 4147; x_wconf 83' lang='grc' dir='ltr'>ὅμως</span> <span class='ocrx_word' id='word_1_301' title='bbox 1192 4072 1310 4151; x_wconf 81' lang='grc' dir='ltr'><strong>εῖχὲ</strong></span> <span class='ocrx_word' id='word_1_302' title='bbox 1336 4098 1459 4134; x_wconf 85' lang='grc' dir='ltr'>τινα</span> <span class='ocrx_word' id='word_1_303' title='bbox 1503 4082 1660 4150; x_wconf 86' lang='grc' dir='ltr'>λόγον</span> <span class='ocrx_word' id='word_1_304' title='bbox 1702 4083 1765 4137; x_wconf 82' lang='grc' dir='ltr'>τὸ</span> <span class='ocrx_word' id='word_1_305' title='bbox 1799 4084 1959 4139; x_wconf 81' lang='grc' dir='ltr'>πάλιν</span> <span class='ocrx_word' id='word_1_306' title='bbox 1986 4085 2075 4155; x_wconf 69' lang='grc' dir='ltr'>ἐφ’</span> 
     </span>
    </p>
   </div>
   <div class='ocr_carea' id='block_1_44' title="bbox 500 4163 2074 4244">
    <p class='ocr_par' dir='ltr' id='par_1_44' title="bbox 500 4163 2074 4244">
     <span class='ocr_line' id='line_1_44' title="bbox 500 4163 2074 4244; baseline 0.008 -25"><span class='ocrx_word' id='word_1_307' title='bbox 500 4167 633 4237; x_wconf 79' lang='grc' dir='ltr'>ἡμῖν</span> <span class='ocrx_word' id='word_1_308' title='bbox 651 4163 792 4223; x_wconf 78' lang='grc' dir='ltr'>εῖναι</span> <span class='ocrx_word' id='word_1_309' title='bbox 811 4169 1017 4240; x_wconf 85' lang='grc' dir='ltr'>ταύτην</span> <span class='ocrx_word' id='word_1_310' title='bbox 1040 4171 1178 4225; x_wconf 86' lang='grc' dir='ltr'>άναλ</span> <span class='ocrx_word' id='word_1_311' title='bbox 1191 4173 1349 4225; x_wconf 79' lang='grc' dir='ltr'>αϐεῖν</span> <span class='ocrx_word' id='word_1_312' title='bbox 1371 4174 1500 4227; x_wconf 83' lang='grc' dir='ltr'>ὅταν</span> <span class='ocrx_word' id='word_1_313' title='bbox 1525 4175 1865 4244; x_wconf 83' lang='grc' dir='ltr'>βουλώμεθα,</span> <span class='ocrx_word' id='word_1_314' title='bbox 1890 4181 2074 4232; x_wconf 86' lang='grc' dir='ltr'>πεῖσαι</span> 
     </span>
    </p>
   </div>
   <div class='ocr_carea' id='block_1_45' title="bbox 450 4258 2070 4340">
    <p class='ocr_par' dir='ltr' id='par_1_45' title="bbox 450 4258 2070 4340">
     <span class='ocr_line' id='line_1_45' title="bbox 450 4258 2070 4340; baseline 0.005 -25"><span class='ocrx_word' id='word_1_315' title='bbox 450 4308 453 4315; x_wconf 97' lang='grc'>.</span> <span class='ocrx_word' id='word_1_316' title='bbox 499 4258 703 4327; x_wconf 78' lang='grc' dir='ltr'>ταύτης</span> <span class='ocrx_word' id='word_1_317' title='bbox 754 4260 851 4317; x_wconf 77' lang='grc' dir='ltr'>νῦν</span> <span class='ocrx_word' id='word_1_318' title='bbox 903 4263 1054 4332; x_wconf 71' lang='grc' dir='ltr'>ἡμᾶς</span> <span class='ocrx_word' id='word_1_319' title='bbox 1103 4262 1413 4333; x_wconf 79' lang='grc' dir='ltr'>ἀμελῆσαιο</span> <span class='ocrx_word' id='word_1_320' title='bbox 1466 4268 1516 4319; x_wconf 78' lang='grc' dir='ltr'><strong>εί</strong></span> <span class='ocrx_word' id='word_1_321' title='bbox 1565 4268 1663 4320; x_wconf 78' lang='grc' dir='ltr'>καὶ</span> <span class='ocrx_word' id='word_1_322' title='bbox 1704 4267 1903 4335; x_wconf 81' lang='grc' dir='ltr'>ἄλλως,</span> <span class='ocrx_word' id='word_1_323' title='bbox 1934 4270 2070 4340; x_wconf 81' lang='grc' dir='ltr'>ὅπερ</span> 
     </span>
    </p>
   </div>
   <div class='ocr_carea' id='block_1_46' title="bbox 498 4349 2074 4425">
    <p class='ocr_par' dir='ltr' id='par_1_46' title="bbox 498 4349 2074 4425">
     <span class='ocr_line' id='line_1_46' title="bbox 498 4349 2074 4425; baseline 0.008 -23"><span class='ocrx_word' id='word_1_324' title='bbox 498 4349 658 4421; x_wconf 78' lang='grc' dir='ltr'>ἔφην,</span> <span class='ocrx_word' id='word_1_325' title='bbox 694 4352 944 4419; x_wconf 85' lang='grc' dir='ltr'>ἀνόητον,</span> <span class='ocrx_word' id='word_1_326' title='bbox 994 4352 1216 4419; x_wconf 80' lang='grc' dir='ltr'>ἑκόντας</span> <span class='ocrx_word' id='word_1_327' title='bbox 1267 4356 1598 4425; x_wconf 77' lang='grc' dir='ltr'>ἐκδιδόντας,</span> <span class='ocrx_word' id='word_1_328' title='bbox 1648 4358 1808 4421; x_wconf 78' lang='grc' dir='ltr'>αὖθις</span> <span class='ocrx_word' id='word_1_329' title='bbox 1858 4360 2074 4414; x_wconf 80' lang='grc' dir='ltr'>ἀνασώ-</span> 
     </span>
    </p>
   </div>
   <div class='ocr_carea' id='block_1_47' title="bbox 502 4442 2068 4523">
    <p class='ocr_par' dir='ltr' id='par_1_47' title="bbox 502 4442 2068 4523">
     <span class='ocr_line' id='line_1_47' title="bbox 502 4442 2068 4523; baseline 0.007 -27"><span class='ocrx_word' id='word_1_330' title='bbox 502 4442 618 4506; x_wconf 78' lang='grc' dir='ltr'>ζειν</span> <span class='ocrx_word' id='word_1_331' title='bbox 649 4445 969 4517; x_wconf 78' lang='grc' dir='ltr'>πειρᾶσθαι,</span> <span class='ocrx_word' id='word_1_332' title='bbox 1001 4448 1098 4502; x_wconf 76' lang='grc' dir='ltr'>καὶ</span> <span class='ocrx_word' id='word_1_333' title='bbox 1131 4447 1255 4501; x_wconf 82' lang='grc' dir='ltr'>καθ’</span> <span class='ocrx_word' id='word_1_334' title='bbox 1278 4449 1550 4520; x_wconf 81' lang='grc' dir='ltr'>ἑκατέραν</span> <span class='ocrx_word' id='word_1_335' title='bbox 1575 4451 1880 4523; x_wconf 84' lang='grc' dir='ltr'>πράγματα</span> <span class='ocrx_word' id='word_1_336' title='bbox 1902 4452 2068 4523; x_wconf 83' lang='grc' dir='ltr'>ἐχειν.</span> 
     </span>
    </p>
   </div>
   <div class='ocr_carea' id='block_1_48' title="bbox 500 4623 2068 4701">
    <p class='ocr_par' dir='ltr' id='par_1_48' title="bbox 500 4623 2068 4701">
     <span class='ocr_line' id='line_1_48' title="bbox 500 4623 2068 4701; baseline 0.006 -24"><span class='ocrx_word' id='word_1_337' title='bbox 500 4623 787 4695; x_wconf 78' lang='grc' dir='ltr'>βοηθῆσαι,</span> <span class='ocrx_word' id='word_1_338' title='bbox 821 4627 945 4680; x_wconf 85' lang='grc' dir='ltr'>ὅσον</span> <span class='ocrx_word' id='word_1_339' title='bbox 975 4628 1101 4698; x_wconf 63' lang='grc' dir='ltr'><strong>ἐμοὶ⁴</strong></span> <span class='ocrx_word' id='word_1_340' title='bbox 1135 4629 1287 4683; x_wconf 90' lang='grc' dir='ltr'>δοκεῖ</span> <span class='ocrx_word' id='word_1_341' title='bbox 1321 4630 1415 4684; x_wconf 84' lang='grc' dir='ltr'>καὶ</span> <span class='ocrx_word' id='word_1_342' title='bbox 1439 4630 1534 4684; x_wconf 80' lang='grc' dir='ltr'>τοῦ</span> <span class='ocrx_word' id='word_1_343' title='bbox 1575 4632 1920 4701; x_wconf 69' lang='grc' dir='ltr'>πτήσεσθαιο</span> <span class='ocrx_word' id='word_1_344' title='bbox 1955 4633 2068 4687; x_wconf 80' lang='grc' dir='ltr'>ίστε</span> 
     </span>
    </p>
   </div>
   <div class='ocr_carea' id='block_1_49' title="bbox 497 4718 2074 4795">
    <p class='ocr_par' dir='ltr' id='par_1_49' title="bbox 497 4718 2074 4795">
     <span class='ocr_line' id='line_1_49' title="bbox 497 4718 2074 4795; baseline 0.006 -26"><span class='ocrx_word' id='word_1_345' title='bbox 497 4720 609 4788; x_wconf 75' lang='grc' dir='ltr'><strong>γὰρ</strong></span> <span class='ocrx_word' id='word_1_346' title='bbox 629 4718 704 4783; x_wconf 84' lang='grc' dir='ltr'>ὠς</span> <span class='ocrx_word' id='word_1_347' title='bbox 731 4719 885 4783; x_wconf 76' lang='grc' dir='ltr'>ἔτους</span> <span class='ocrx_word' id='word_1_348' title='bbox 915 4721 1147 4775; x_wconf 81' lang='grc' dir='ltr'>ἑκάστου</span> <span class='ocrx_word' id='word_1_349' title='bbox 1179 4721 1307 4791; x_wconf 75' lang='grc' dir='ltr'>περὶ</span> <span class='ocrx_word' id='word_1_350' title='bbox 1335 4721 1551 4777; x_wconf 84' lang='grc' dir='ltr'>τούτων.</span> <span class='ocrx_word' id='word_1_351' title='bbox 1572 4723 1868 4795; x_wconf 80' lang='grc' dir='ltr'>ἐκκλησίαν</span> <span class='ocrx_word' id='word_1_352' title='bbox 1890 4725 2074 4793; x_wconf 84' lang='grc' dir='ltr'>ἀθροί-</span> 
     </span>
    </p>
   </div>
   <div class='ocr_carea' id='block_1_50' title="bbox 501 4810 2074 4887">
    <p class='ocr_par' dir='ltr' id='par_1_50' title="bbox 501 4810 2074 4887">
     <span class='ocr_line' id='line_1_50' title="bbox 501 4810 2074 4887; baseline 0.004 -22"><span class='ocrx_word' id='word_1_353' title='bbox 501 4811 708 4878; x_wconf 81' lang='grc' dir='ltr'>ζοντες,</span> <span class='ocrx_word' id='word_1_354' title='bbox 742 4810 913 4884; x_wconf 79' lang='grc' dir='ltr'>πεζῆς</span> <span class='ocrx_word' id='word_1_355' title='bbox 948 4812 1046 4882; x_wconf 89' lang='grc' dir='ltr'><strong>μέν</strong></span> <span class='ocrx_word' id='word_1_356' title='bbox 1105 4813 1392 4883; x_wconf 83' lang='grc' dir='ltr'>δυνάμεως</span> <span class='ocrx_word' id='word_1_357' title='bbox 1419 4815 1521 4869; x_wconf 86' lang='grc' dir='ltr'>οὐκ</span> <span class='ocrx_word' id='word_1_358' title='bbox 1560 4814 1848 4880; x_wconf 82' lang='grc' dir='ltr'>ἐλάττονος</span> <span class='ocrx_word' id='word_1_359' title='bbox 1875 4817 1908 4887; x_wconf 79' lang='grc' dir='ltr'>ἢ</span> <span class='ocrx_word' id='word_1_360' title='bbox 1938 4815 2074 4886; x_wconf 78' lang='grc' dir='ltr'><strong>Ξέρ-</strong></span> 
     </span>
    </p>
   </div>
   <div class='ocr_carea' id='block_1_51' title="bbox 505 4900 2077 4977">
    <p class='ocr_par' dir='ltr' id='par_1_51' title="bbox 505 4900 2077 4977">
     <span class='ocr_line' id='line_1_51' title="bbox 505 4900 2077 4977; baseline -0.005 -9"><span class='ocrx_word' id='word_1_361' title='bbox 505 4902 604 4975; x_wconf 81' lang='grc' dir='ltr'>ξης</span> <span class='ocrx_word' id='word_1_362' title='bbox 636 4903 732 4957; x_wconf 70' lang='grc' dir='ltr'>ἐπὶ</span> <span class='ocrx_word' id='word_1_363' title='bbox 753 4904 880 4968; x_wconf 81' lang='grc' dir='ltr'>τοὺς</span> <span class='ocrx_word' id='word_1_364' title='bbox 914 4902 1186 4974; x_wconf 77' lang='grc' dir='ltr'>Ἕλληνας</span> <span class='ocrx_word' id='word_1_365' title='bbox 1228 4900 1354 4975; x_wconf 85' lang='grc' dir='ltr'>ἦγε,</span> <span class='ocrx_word' id='word_1_366' title='bbox 1392 4906 1505 4969; x_wconf 84' lang='grc' dir='ltr'>τοῖς</span> <span class='ocrx_word' id='word_1_367' title='bbox 1538 4906 1861 4977; x_wconf 84' lang='grc' dir='ltr'>πράγμασιν</span> <span class='ocrx_word' id='word_1_368' title='bbox 1893 4908 2077 4977; x_wconf 62' lang='grc' dir='ltr'>ἐλέγοέ</span> 
     </span>
    </p>
   </div>
   <div class='ocr_carea' id='block_1_52' title="bbox 505 4994 2074 5073">
    <p class='ocr_par' dir='ltr' id='par_1_52' title="bbox 505 4994 2074 5073">
     <span class='ocr_line' id='line_1_52' title="bbox 505 4994 2074 5073; baseline 0.005 -26"><span class='ocrx_word' id='word_1_369' title='bbox 505 5011 604 5062; x_wconf 86' lang='grc' dir='ltr'><strong>μεν</strong></span> <span class='ocrx_word' id='word_1_370' title='bbox 643 4996 755 5049; x_wconf 87' lang='grc' dir='ltr'>δεῖν</span> <span class='ocrx_word' id='word_1_371' title='bbox 777 5010 792 5028; x_wconf 82' lang='grc'><em>’</em></span> <span class='ocrx_word' id='word_1_372' title='bbox 829 4994 967 5049; x_wconf 87' lang='grc' dir='ltr'>νεῶν</span> <span class='ocrx_word' id='word_1_373' title='bbox 997 4997 1053 5051; x_wconf 81' lang='grc' dir='ltr'><strong>δέ</strong></span> <span class='ocrx_word' id='word_1_374' title='bbox 1085 4996 1373 5061; x_wconf 88' lang='grc' dir='ltr'>πλειόνων,</span> <span class='ocrx_word' id='word_1_375' title='bbox 1406 4997 1439 5068; x_wconf 76' lang='grc' dir='ltr'>ἢ</span> <span class='ocrx_word' id='word_1_376' title='bbox 1471 4998 1541 5052; x_wconf 83' lang='grc' dir='ltr'><strong>δι’</strong></span> <span class='ocrx_word' id='word_1_377' title='bbox 1565 5000 1708 5054; x_wconf 85' lang='grc' dir='ltr'>ὅσων</span> <span class='ocrx_word' id='word_1_378' title='bbox 1739 5000 1840 5073; x_wconf 80' lang='grc' dir='ltr'>τὴν</span> <span class='ocrx_word' id='word_1_379' title='bbox 1872 5001 2074 5072; x_wconf 87' lang='grc' dir='ltr'>Τροίαν</span> 
     </span>
    </p>
   </div>
   <div class='ocr_carea' id='block_1_53' title="bbox 504 5083 2072 5165">
    <p class='ocr_par' dir='ltr' id='par_1_53' title="bbox 504 5083 2072 5165">
     <span class='ocr_line' id='line_1_53' title="bbox 504 5083 2072 5165; baseline 0.003 -23"><span class='ocrx_word' id='word_1_380' title='bbox 504 5087 768 5159; x_wconf 84' lang='grc' dir='ltr'>Ἕλληνες</span> <span class='ocrx_word' id='word_1_381' title='bbox 822 5083 1004 5142; x_wconf 72' lang='grc' dir='ltr'>εἷλονο</span> <span class='ocrx_word' id='word_1_382' title='bbox 1064 5091 1366 5163; x_wconf 82' lang='grc' dir='ltr'>χρημάτων</span> <span class='ocrx_word' id='word_1_383' title='bbox 1402 5091 1448 5143; x_wconf 84' lang='grc' dir='ltr'>δ’</span> <span class='ocrx_word' id='word_1_384' title='bbox 1495 5093 1636 5146; x_wconf 84' lang='grc' dir='ltr'>ὅσων</span> <span class='ocrx_word' id='word_1_385' title='bbox 1687 5092 1800 5147; x_wconf 75' lang='grc' dir='ltr'>οὐδ’</span> <span class='ocrx_word' id='word_1_386' title='bbox 1854 5093 1922 5147; x_wconf 83' lang='grc' dir='ltr'>ἂν</span> <span class='ocrx_word' id='word_1_387' title='bbox 1973 5093 2072 5165; x_wconf 81' lang='grc' dir='ltr'>τὴν</span> 
     </span>
    </p>
   </div>
   <div class='ocr_carea' id='block_1_54' title="bbox 501 5179 2060 5255">
    <p class='ocr_par' dir='ltr' id='par_1_54' title="bbox 501 5179 2060 5255">
     <span class='ocr_line' id='line_1_54' title="bbox 501 5179 2060 5255; baseline 0.007 -24"><span class='ocrx_word' id='word_1_388' title='bbox 501 5179 750 5235; x_wconf 83' lang='grc' dir='ltr'>ἐκάστων</span> <span class='ocrx_word' id='word_1_389' title='bbox 778 5180 967 5234; x_wconf 84' lang='grc' dir='ltr'>οὐσίαν</span> <span class='ocrx_word' id='word_1_390' title='bbox 991 5180 1484 5253; x_wconf 81' lang='grc' dir='ltr'>ἐξαργυρισθεῖσαν</span> <span class='ocrx_word' id='word_1_391' title='bbox 1511 5184 1746 5253; x_wconf 72' lang='grc' dir='ltr'>ἀρκέσαι</span> <span class='ocrx_word' id='word_1_392' title='bbox 1769 5200 1783 5215; x_wconf 86' lang='lat'><strong><em>°</em></strong></span> <span class='ocrx_word' id='word_1_393' title='bbox 1821 5185 1974 5255; x_wconf 78' lang='grc' dir='ltr'>ἄλλοι</span> <span class='ocrx_word' id='word_1_394' title='bbox 2003 5187 2060 5242; x_wconf 75' lang='grc' dir='ltr'>δέ</span> 
     </span>
    </p>
   </div>
   <div class='ocr_carea' id='block_1_55' title="bbox 500 5270 2072 5348">
    <p class='ocr_par' dir='ltr' id='par_1_55' title="bbox 500 5270 2072 5348">
     <span class='ocr_line' id='line_1_55' title="bbox 500 5270 2072 5348; baseline 0.004 -23"><span class='ocrx_word' id='word_1_395' title='bbox 500 5286 647 5336; x_wconf 84' lang='grc' dir='ltr'>τινες</span> <span class='ocrx_word' id='word_1_396' title='bbox 675 5271 960 5344; x_wconf 72' lang='grc' dir='ltr'>πόρρωθεν</span> <span class='ocrx_word' id='word_1_397' title='bbox 980 5272 1236 5343; x_wconf 78' lang='grc' dir='ltr'>ἥκοντες,</span> <span class='ocrx_word' id='word_1_398' title='bbox 1267 5276 1362 5329; x_wconf 76' lang='grc' dir='ltr'>καὶ</span> <span class='ocrx_word' id='word_1_399' title='bbox 1385 5276 1519 5345; x_wconf 84' lang='grc' dir='ltr'>ἡμῖν</span> <span class='ocrx_word' id='word_1_400' title='bbox 1541 5270 1619 5328; x_wconf 83' lang='grc' dir='ltr'>ὧν</span> <span class='ocrx_word' id='word_1_401' title='bbox 1644 5277 2072 5348; x_wconf 82' lang='grc' dir='ltr'>ἀπεστερήμεθα</span> 
     </span>
    </p>
   </div>
   <div class='ocr_carea' id='block_1_56' title="bbox 502 5361 2072 5431">
    <p class='ocr_par' dir='ltr' id='par_1_56' title="bbox 502 5361 2072 5431">
     <span class='ocr_line' id='line_1_56' title="bbox 502 5361 2072 5431; baseline 0.006 -18"><span class='ocrx_word' id='word_1_402' title='bbox 502 5361 965 5431; x_wconf 85' lang='grc' dir='ltr'>συναλγήσαντες,</span> <span class='ocrx_word' id='word_1_403' title='bbox 1008 5363 1123 5424; x_wconf 77' lang='grc' dir='ltr'>τοῖς</span> <span class='ocrx_word' id='word_1_404' title='bbox 1155 5363 1370 5417; x_wconf 76' lang='grc' dir='ltr'>ἑαυτῶν</span> <span class='ocrx_word' id='word_1_405' title='bbox 1414 5363 1682 5428; x_wconf 86' lang='grc' dir='ltr'>κινδύνοις</span> <span class='ocrx_word' id='word_1_406' title='bbox 1725 5365 1818 5420; x_wconf 73' lang='grc' dir='ltr'><strong>καὶ</strong></span> <span class='ocrx_word' id='word_1_407' title='bbox 1855 5367 2072 5421; x_wconf 80' lang='grc' dir='ltr'>ἀναλώ-</span> 
     </span>
    </p>
   </div>
   <div class='ocr_carea' id='block_1_57' title="bbox 500 5448 2072 5527">
    <p class='ocr_par' dir='ltr' id='par_1_57' title="bbox 500 5448 2072 5527">
     <span class='ocr_line' id='line_1_57' title="bbox 500 5448 2072 5527; baseline 0.002 -20"><span class='ocrx_word' id='word_1_408' title='bbox 500 5469 668 5523; x_wconf 89' lang='grc' dir='ltr'>μασιν</span> <span class='ocrx_word' id='word_1_409' title='bbox 701 5452 858 5518; x_wconf 80' lang='grc' dir='ltr'>αὖθις</span> <span class='ocrx_word' id='word_1_410' title='bbox 885 5455 1018 5525; x_wconf 75' lang='grc' dir='ltr'>ἡμῖν</span> <span class='ocrx_word' id='word_1_411' title='bbox 1048 5454 1340 5523; x_wconf 80' lang='grc' dir='ltr'>ἀπέδοσαν,</span> <span class='ocrx_word' id='word_1_412' title='bbox 1368 5448 1443 5509; x_wconf 79' lang='grc' dir='ltr'>ὧν</span> <span class='ocrx_word' id='word_1_413' title='bbox 1472 5456 1740 5527; x_wconf 87' lang='grc' dir='ltr'>πρότερον</span> <span class='ocrx_word' id='word_1_414' title='bbox 1778 5456 2072 5512; x_wconf 78' lang='grc' dir='ltr'>ἐκπεπτώ-</span> 
     </span>
    </p>
   </div>
   <div class='ocr_carea' id='block_1_58' title="bbox 497 5546 2069 5620">
    <p class='ocr_par' dir='ltr' id='par_1_58' title="bbox 497 5546 2069 5620">
     <span class='ocr_line' id='line_1_58' title="bbox 497 5546 2069 5620; baseline 0.004 -22"><span class='ocrx_word' id='word_1_415' title='bbox 497 5563 674 5615; x_wconf 86' lang='grc' dir='ltr'>καμεν</span> <span class='ocrx_word' id='word_1_416' title='bbox 698 5562 713 5577; x_wconf 79' lang='grc' dir='ltr'><strong><em>ο</em></strong></span> <span class='ocrx_word' id='word_1_417' title='bbox 745 5547 798 5600; x_wconf 84' lang='grc' dir='ltr'><strong>τί</strong></span> <span class='ocrx_word' id='word_1_418' title='bbox 829 5546 912 5600; x_wconf 83' lang='grc' dir='ltr'><strong>δεῖ</strong></span> <span class='ocrx_word' id='word_1_419' title='bbox 939 5546 1105 5603; x_wconf 86' lang='grc' dir='ltr'>πάλιν</span> <span class='ocrx_word' id='word_1_420' title='bbox 1145 5549 1225 5612; x_wconf 87' lang='grc' dir='ltr'><strong>είς</strong></span> <span class='ocrx_word' id='word_1_421' title='bbox 1271 5548 1372 5612; x_wconf 80' lang='grc' dir='ltr'><strong>τὰς</strong></span> <span class='ocrx_word' id='word_1_422' title='bbox 1404 5549 1677 5620; x_wconf 89' lang='grc' dir='ltr'>πρότερον</span> <span class='ocrx_word' id='word_1_423' title='bbox 1706 5549 2069 5604; x_wconf 87' lang='grc' dir='ltr'>καθίστασθαι</span> 
     </span>
    </p>
   </div>
   <div class='ocr_carea' id='block_1_59' title="bbox 496 5639 2070 5712">
    <p class='ocr_par' dir='ltr' id='par_1_59' title="bbox 496 5639 2070 5712">
     <span class='ocr_line' id='line_1_59' title="bbox 496 5639 2070 5712; baseline 0.003 -21"><span class='ocrx_word' id='word_1_424' title='bbox 496 5639 810 5712; x_wconf 77' lang='grc' dir='ltr'>συμφοράς,</span> <span class='ocrx_word' id='word_1_425' title='bbox 848 5640 945 5694; x_wconf 79' lang='grc' dir='ltr'>καὶ</span> <span class='ocrx_word' id='word_1_426' title='bbox 973 5640 1073 5710; x_wconf 68' lang='grc' dir='ltr'>τὴν</span> <span class='ocrx_word' id='word_1_427' title='bbox 1120 5640 1221 5710; x_wconf 83' lang='grc' dir='ltr'>μὲν</span> <span class='ocrx_word' id='word_1_428' title='bbox 1268 5640 1481 5711; x_wconf 80' lang='grc' dir='ltr'>ἀνδρῶν</span> <span class='ocrx_word' id='word_1_429' title='bbox 1509 5641 1734 5696; x_wconf 84' lang='grc' dir='ltr'>ἐκείνων</span> <span class='ocrx_word' id='word_1_430' title='bbox 1782 5641 2070 5710; x_wconf 74' lang='grc' dir='ltr'>ἀφανίζειν</span> 
     </span>
    </p>
   </div>
   <div class='ocr_carea' id='block_1_60' title="bbox 493 5726 2068 5805">
    <p class='ocr_par' dir='ltr' id='par_1_60' title="bbox 493 5726 2068 5805">
     <span class='ocr_line' id='line_1_60' title="bbox 493 5726 2068 5805; baseline 0.003 -22"><span class='ocrx_word' id='word_1_431' title='bbox 493 5730 834 5801; x_wconf 74' lang='grc' dir='ltr'>φιλοτιμίαν,</span> <span class='ocrx_word' id='word_1_432' title='bbox 862 5726 945 5796; x_wconf 74' lang='grc' dir='ltr'>οἷς</span> <span class='ocrx_word' id='word_1_433' title='bbox 970 5730 1100 5802; x_wconf 75' lang='grc' dir='ltr'>παρ’</span> <span class='ocrx_word' id='word_1_434' title='bbox 1129 5731 1287 5803; x_wconf 78' lang='grc' dir='ltr'>ήμῶν</span> <span class='ocrx_word' id='word_1_435' title='bbox 1317 5734 1412 5787; x_wconf 79' lang='grc' dir='ltr'><strong>καὶ</strong></span> <span class='ocrx_word' id='word_1_436' title='bbox 1439 5733 1641 5804; x_wconf 80' lang='grc' dir='ltr'>στήλην</span> <span class='ocrx_word' id='word_1_437' title='bbox 1671 5733 1777 5786; x_wconf 74' lang='grc' dir='ltr'>ἔδει</span> <span class='ocrx_word' id='word_1_438' title='bbox 1805 5732 2068 5805; x_wconf 81' lang='grc' dir='ltr'>σταθῆναι</span> 
     </span>
    </p>
   </div>
   <div class='ocr_carea' id='block_1_61' title="bbox 497 5816 2068 5894">
    <p class='ocr_par' dir='ltr' id='par_1_61' title="bbox 497 5816 2068 5894">
     <span class='ocr_line' id='line_1_61' title="bbox 497 5816 2068 5894; baseline 0.003 -21"><span class='ocrx_word' id='word_1_439' title='bbox 497 5827 769 5892; x_wconf 81' lang='grc' dir='ltr'>μνημεῖον</span> <span class='ocrx_word' id='word_1_440' title='bbox 797 5816 871 5877; x_wconf 78' lang='grc' dir='ltr'>ὧν</span> <span class='ocrx_word' id='word_1_441' title='bbox 903 5823 1050 5894; x_wconf 78' lang='grc' dir='ltr'>ἡμᾶς</span> <span class='ocrx_word' id='word_1_442' title='bbox 1082 5823 1498 5894; x_wconf 72' lang='grc' dir='ltr'>εὐηργέτησαν·</span> <span class='ocrx_word' id='word_1_443' title='bbox 1548 5822 1744 5887; x_wconf 61' lang='grc' dir='ltr'>αὐτοὺς</span> <span class='ocrx_word' id='word_1_444' title='bbox 1782 5822 1839 5875; x_wconf 89' lang='grc' dir='ltr'><strong>δέ</strong></span> <span class='ocrx_word' id='word_1_445' title='bbox 1868 5822 1934 5876; x_wconf 80' lang='grc' dir='ltr'><strong>τὰ</strong></span> <span class='ocrx_word' id='word_1_446' title='bbox 1959 5822 2068 5877; x_wconf 79' lang='grc' dir='ltr'><strong>τῶν</strong></span> 
     </span>
    </p>
   </div>
   <div class='ocr_carea' id='block_1_62' title="bbox 2178 631 3755 707">
    <p class='ocr_par' dir='ltr' id='par_1_62' title="bbox 2178 631 3755 707">
     <span class='ocr_line' id='line_1_62' title="bbox 2178 631 3755 707; baseline -0.005 -15"><span class='ocrx_word' id='word_1_447' title='bbox 2178 638 2382 704; x_wconf 86' lang='lat' dir='ltr'><strong>lerunt,</strong></span> <span class='ocrx_word' id='word_1_448' title='bbox 2439 640 2692 695; x_wconf 80' lang='lat' dir='ltr'><strong>hostibus</strong></span> <span class='ocrx_word' id='word_1_449' title='bbox 2747 638 3038 700; x_wconf 81' lang='lat' dir='ltr'><strong>cedamus,</strong></span> <span class='ocrx_word' id='word_1_450' title='bbox 3097 635 3300 707; x_wconf 87' lang='lat' dir='ltr'><strong>quibus</strong></span> <span class='ocrx_word' id='word_1_451' title='bbox 3354 641 3415 687; x_wconf 95' lang='lat' dir='ltr'><strong>ut</strong></span> <span class='ocrx_word' id='word_1_452' title='bbox 3466 631 3755 701; x_wconf 73' lang='lat' dir='ltr'><strong>recipiant,</strong></span> 
     </span>
    </p>
   </div>
   <div class='ocr_carea' id='block_1_63' title="bbox 2180 722 3758 803">
    <p class='ocr_par' dir='ltr' id='par_1_63' title="bbox 2180 722 3758 803">
     <span class='ocr_line' id='line_1_63' title="bbox 2180 722 3758 803; baseline -0.005 -20"><span class='ocrx_word' id='word_1_453' title='bbox 2180 730 2317 785; x_wconf 82' lang='lat' dir='ltr'><strong>nihil</strong></span> <span class='ocrx_word' id='word_1_454' title='bbox 2342 732 2453 803; x_wconf 86' lang='lat' dir='ltr'><strong>jam</strong></span> <span class='ocrx_word' id='word_1_455' title='bbox 2486 732 2542 785; x_wconf 89' lang='lat' dir='ltr'><strong>in</strong></span> <span class='ocrx_word' id='word_1_456' title='bbox 2590 730 2783 786; x_wconf 85' lang='lat' dir='ltr'><strong>urbem</strong></span> <span class='ocrx_word' id='word_1_457' title='bbox 2814 729 3148 783; x_wconf 86' lang='lat' dir='ltr'><strong>intentatum</strong></span> <span class='ocrx_word' id='word_1_458' title='bbox 3194 723 3557 794; x_wconf 80' lang='lat' dir='ltr'><strong>relinquent?</strong></span> <span class='ocrx_word' id='word_1_459' title='bbox 3579 722 3758 790; x_wconf 85' lang='lat' dir='ltr'><strong>Atque</strong></span> 
     </span>
    </p>
   </div>
   <div class='ocr_carea' id='block_1_64' title="bbox 2180 809 3763 891">
    <p class='ocr_par' dir='ltr' id='par_1_64' title="bbox 2180 809 3763 891">
     <span class='ocr_line' id='line_1_64' title="bbox 2180 809 3763 891; baseline -0.008 -17"><span class='ocrx_word' id='word_1_460' title='bbox 2180 820 2234 874; x_wconf 91' lang='lat' dir='ltr'><strong>id</strong></span> <span class='ocrx_word' id='word_1_461' title='bbox 2262 836 2328 875; x_wconf 82' lang='lat' dir='ltr'><strong>ex</strong></span> <span class='ocrx_word' id='word_1_462' title='bbox 2362 829 2657 891; x_wconf 58' lang='lat' dir='ltr'><strong>praecepto,</strong></span> <span class='ocrx_word' id='word_1_463' title='bbox 2686 828 2944 887; x_wconf 77' lang='lat' dir='ltr'><strong>tanquam</strong></span> <span class='ocrx_word' id='word_1_464' title='bbox 2978 816 3032 870; x_wconf 90' lang='lat' dir='ltr'><strong>in</strong></span> <span class='ocrx_word' id='word_1_465' title='bbox 3062 814 3344 881; x_wconf 89' lang='lat' dir='ltr'><strong>omnibus,</strong></span> <span class='ocrx_word' id='word_1_466' title='bbox 3376 826 3585 867; x_wconf 88' lang='lat' dir='ltr'><strong>morem</strong></span> <span class='ocrx_word' id='word_1_467' title='bbox 3630 809 3763 863; x_wconf 87' lang='lat' dir='ltr'><strong>Bar-</strong></span> 
     </span>
    </p>
   </div>
   <div class='ocr_carea' id='block_1_65' title="bbox 2182 903 3761 981">
    <p class='ocr_par' dir='ltr' id='par_1_65' title="bbox 2182 903 3761 981">
     <span class='ocr_line' id='line_1_65' title="bbox 2182 903 3761 981; baseline -0.008 -15"><span class='ocrx_word' id='word_1_468' title='bbox 2182 911 2331 966; x_wconf 89' lang='lat' dir='ltr'><strong>baris</strong></span> <span class='ocrx_word' id='word_1_469' title='bbox 2389 925 2580 981; x_wconf 81' lang='lat' dir='ltr'><strong>gerere</strong></span> <span class='ocrx_word' id='word_1_470' title='bbox 2611 916 2885 979; x_wconf 74' lang='lat' dir='ltr'><strong>oporteat,</strong></span> <span class='ocrx_word' id='word_1_471' title='bbox 2910 914 3339 976; x_wconf 87' lang='lat' dir='ltr'><strong>nostrorumque</strong></span> <span class='ocrx_word' id='word_1_472' title='bbox 3371 903 3495 959; x_wconf 87' lang='lat' dir='ltr'><strong>illos</strong></span> <span class='ocrx_word' id='word_1_473' title='bbox 3518 914 3761 957; x_wconf 88' lang='lat' dir='ltr'><strong>commo-</strong></span> 
     </span>
    </p>
   </div>
   <div class='ocr_carea' id='block_1_66' title="bbox 2183 999 3827 1075">
    <p class='ocr_par' dir='ltr' id='par_1_66' title="bbox 2183 999 3827 1075">
     <span class='ocr_line' id='line_1_66' title="bbox 2183 999 3827 1075; baseline -0.004 -20"><span class='ocrx_word' id='word_1_474' title='bbox 2183 1001 2378 1055; x_wconf 89' lang='lat' dir='ltr'><strong>dorum</strong></span> <span class='ocrx_word' id='word_1_475' title='bbox 2416 1001 2593 1055; x_wconf 73' lang='lat' dir='ltr'><strong>facere</strong></span> <span class='ocrx_word' id='word_1_476' title='bbox 2627 999 2901 1053; x_wconf 85' lang='lat' dir='ltr'><strong>dominos.</strong></span> <span class='ocrx_word' id='word_1_477' title='bbox 3816 1065 3827 1075; x_wconf 36' lang='lat'><em>.</em></span> 
     </span>
    </p>
   </div>
   <div class='ocr_carea' id='block_1_67' title="bbox 2257 1072 3841 1158">
    <p class='ocr_par' dir='ltr' id='par_1_67' title="bbox 2257 1072 3841 1158">
     <span class='ocr_line' id='line_1_67' title="bbox 2257 1072 3841 1158; baseline -0.008 -11"><span class='ocrx_word' id='word_1_478' title='bbox 2257 1092 2362 1148; x_wconf 89' lang='lat' dir='ltr'><strong>Sed</strong></span> <span class='ocrx_word' id='word_1_479' title='bbox 2391 1101 2447 1145; x_wconf 89' lang='lat' dir='ltr'><strong>et</strong></span> <span class='ocrx_word' id='word_1_480' title='bbox 2491 1090 2708 1146; x_wconf 83' lang='lat' dir='ltr'><strong>abunde</strong></span> <span class='ocrx_word' id='word_1_481' title='bbox 2770 1088 2903 1143; x_wconf 90' lang='lat' dir='ltr'><strong>illud</strong></span> <span class='ocrx_word' id='word_1_482' title='bbox 2936 1084 3328 1158; x_wconf 79' lang='lat' dir='ltr'><strong>cogitandum,</strong></span> <span class='ocrx_word' id='word_1_483' title='bbox 3364 1083 3456 1139; x_wconf 91' lang='lat' dir='ltr'><strong>ubi</strong></span> <span class='ocrx_word' id='word_1_484' title='bbox 3515 1082 3756 1153; x_wconf 89' lang='lat' dir='ltr'><strong>primum</strong></span> <span class='ocrx_word' id='word_1_485' title='bbox 3819 1072 3841 1077; x_wconf 74' lang='grc'><em>”</em></span> 
     </span>
    </p>
   </div>
   <div class='ocr_carea' id='block_1_68' title="bbox 2183 1173 3759 1250">
    <p class='ocr_par' dir='ltr' id='par_1_68' title="bbox 2183 1173 3759 1250">
     <span class='ocr_line' id='line_1_68' title="bbox 2183 1173 3759 1250; baseline -0.006 -16"><span class='ocrx_word' id='word_1_486' title='bbox 2183 1196 2377 1235; x_wconf 87' lang='lat' dir='ltr'><strong>rumor</strong></span> <span class='ocrx_word' id='word_1_487' title='bbox 2400 1179 2738 1250; x_wconf 75' lang='lat' dir='ltr'><strong>percrebuit,</strong></span> <span class='ocrx_word' id='word_1_488' title='bbox 2767 1186 3083 1248; x_wconf 80' lang='lat' dir='ltr'><strong>quassatam</strong></span> <span class='ocrx_word' id='word_1_489' title='bbox 3116 1192 3147 1231; x_wconf 92' lang='lat' dir='ltr'><strong>a</strong></span> <span class='ocrx_word' id='word_1_490' title='bbox 3178 1174 3434 1231; x_wconf 87' lang='lat' dir='ltr'><strong>Barbaris</strong></span> <span class='ocrx_word' id='word_1_491' title='bbox 3449 1173 3759 1243; x_wconf 88' lang='lat' dir='ltr'><strong>Callipolim</strong></span> 
     </span>
    </p>
   </div>
   <div class='ocr_carea' id='block_1_69' title="bbox 2183 1263 3761 1339">
    <p class='ocr_par' dir='ltr' id='par_1_69' title="bbox 2183 1263 3761 1339">
     <span class='ocr_line' id='line_1_69' title="bbox 2183 1263 3761 1339; baseline -0.004 -16"><span class='ocrx_word' id='word_1_492' title='bbox 2183 1278 2398 1339; x_wconf 84' lang='lat' dir='ltr'><strong>captam</strong></span> <span class='ocrx_word' id='word_1_493' title='bbox 2437 1284 2578 1333; x_wconf 78' lang='lat' dir='ltr'><strong>esse,</strong></span> <span class='ocrx_word' id='word_1_494' title='bbox 2612 1283 2874 1338; x_wconf 81' lang='lat' dir='ltr'><strong>quasnam</strong></span> <span class='ocrx_word' id='word_1_495' title='bbox 2902 1267 3294 1323; x_wconf 88' lang='lat' dir='ltr'><strong>emittebamus</strong></span> <span class='ocrx_word' id='word_1_496' title='bbox 3321 1279 3504 1327; x_wconf 83' lang='lat' dir='ltr'><strong>voces,</strong></span> <span class='ocrx_word' id='word_1_497' title='bbox 3538 1278 3600 1317; x_wconf 90' lang='lat' dir='ltr'><strong>ac</strong></span> <span class='ocrx_word' id='word_1_498' title='bbox 3631 1263 3761 1332; x_wconf 89' lang='lat' dir='ltr'><strong>quis</strong></span> 
     </span>
    </p>
   </div>
   <div class='ocr_carea' id='block_1_70' title="bbox 2186 1355 3761 1427">
    <p class='ocr_par' dir='ltr' id='par_1_70' title="bbox 2186 1355 3761 1427">
     <span class='ocr_line' id='line_1_70' title="bbox 2186 1355 3761 1427; baseline -0.003 -14"><span class='ocrx_word' id='word_1_499' title='bbox 2186 1360 2323 1415; x_wconf 85' lang='lat' dir='ltr'><strong>urbe</strong></span> <span class='ocrx_word' id='word_1_500' title='bbox 2363 1369 2473 1413; x_wconf 90' lang='lat' dir='ltr'><strong>tota</strong></span> <span class='ocrx_word' id='word_1_501' title='bbox 2502 1360 2686 1413; x_wconf 86' lang='lat' dir='ltr'><strong>luctus</strong></span> <span class='ocrx_word' id='word_1_502' title='bbox 2715 1358 2874 1412; x_wconf 84' lang='lat' dir='ltr'><strong>erat?</strong></span> <span class='ocrx_word' id='word_1_503' title='bbox 2937 1373 3127 1427; x_wconf 67' lang='lat' dir='ltr'><strong>quaeve</strong></span> <span class='ocrx_word' id='word_1_504' title='bbox 3187 1366 3318 1411; x_wconf 90' lang='lat' dir='ltr'><strong>tunc</strong></span> <span class='ocrx_word' id='word_1_505' title='bbox 3384 1357 3440 1410; x_wconf 89' lang='lat' dir='ltr'><strong>in</strong></span> <span class='ocrx_word' id='word_1_506' title='bbox 3491 1355 3627 1409; x_wconf 86' lang='lat' dir='ltr'><strong>urbe</strong></span> <span class='ocrx_word' id='word_1_507' title='bbox 3658 1356 3761 1409; x_wconf 90' lang='lat' dir='ltr'><strong>ob-</strong></span> 
     </span>
    </p>
   </div>
   <div class='ocr_carea' id='block_1_71' title="bbox 2187 1446 3757 1520">
    <p class='ocr_par' dir='ltr' id='par_1_71' title="bbox 2187 1446 3757 1520">
     <span class='ocr_line' id='line_1_71' title="bbox 2187 1446 3757 1520; baseline -0.002 -17"><span class='ocrx_word' id='word_1_508' title='bbox 2187 1450 2396 1504; x_wconf 84' lang='lat' dir='ltr'><strong>tinebat</strong></span> <span class='ocrx_word' id='word_1_509' title='bbox 2429 1446 2572 1505; x_wconf 75' lang='lat' dir='ltr'><strong>fama</strong></span> <span class='ocrx_word' id='word_1_510' title='bbox 2594 1451 2618 1490; x_wconf 68' lang='grc' dir='ltr'><strong><em>ν</em></strong></span> <span class='ocrx_word' id='word_1_511' title='bbox 2640 1449 2832 1505; x_wconf 86' lang='lat' dir='ltr'><strong>Nonne</strong></span> <span class='ocrx_word' id='word_1_512' title='bbox 2851 1449 3081 1520; x_wconf 89' lang='lat' dir='ltr'><strong>periisse</strong></span> <span class='ocrx_word' id='word_1_513' title='bbox 3107 1448 3246 1504; x_wconf 86' lang='lat' dir='ltr'><strong>nos?</strong></span> <span class='ocrx_word' id='word_1_514' title='bbox 3274 1448 3392 1504; x_wconf 86' lang='lat' dir='ltr'><strong>Non</strong></span> <span class='ocrx_word' id='word_1_515' title='bbox 3414 1446 3525 1516; x_wconf 82' lang='lat' dir='ltr'><strong>jam</strong></span> <span class='ocrx_word' id='word_1_516' title='bbox 3543 1462 3757 1510; x_wconf 88' lang='lat' dir='ltr'><strong>omnes,</strong></span> 
     </span>
    </p>
   </div>
   <div class='ocr_carea' id='block_1_72' title="bbox 2188 1538 3763 1611">
    <p class='ocr_par' dir='ltr' id='par_1_72' title="bbox 2188 1538 3763 1611">
     <span class='ocr_line' id='line_1_72' title="bbox 2188 1538 3763 1611; baseline -0.001 -17"><span class='ocrx_word' id='word_1_517' title='bbox 2188 1550 2447 1610; x_wconf 84' lang='lat' dir='ltr'><strong>tanquam</strong></span> <span class='ocrx_word' id='word_1_518' title='bbox 2466 1541 2518 1594; x_wconf 92' lang='lat' dir='ltr'><strong>in</strong></span> <span class='ocrx_word' id='word_1_519' title='bbox 2546 1556 2768 1611; x_wconf 85' lang='lat' dir='ltr'><strong>sagena,</strong></span> <span class='ocrx_word' id='word_1_520' title='bbox 2787 1540 2866 1597; x_wconf 91' lang='lat' dir='ltr'><strong>sic</strong></span> <span class='ocrx_word' id='word_1_521' title='bbox 2893 1541 3066 1595; x_wconf 88' lang='lat' dir='ltr'><strong>teneri</strong></span> <span class='ocrx_word' id='word_1_522' title='bbox 3094 1556 3126 1595; x_wconf 90' lang='lat' dir='ltr'><strong>a</strong></span> <span class='ocrx_word' id='word_1_523' title='bbox 3149 1539 3406 1593; x_wconf 88' lang='lat' dir='ltr'><strong>Barbaris</strong></span> <span class='ocrx_word' id='word_1_524' title='bbox 3429 1538 3601 1593; x_wconf 90' lang='lat' dir='ltr'><strong>muris</strong></span> <span class='ocrx_word' id='word_1_525' title='bbox 3626 1554 3763 1601; x_wconf 84' lang='lat' dir='ltr'><strong>con-</strong></span> 
     </span>
    </p>
   </div>
   <div class='ocr_carea' id='block_1_73' title="bbox 2185 1629 3756 1700">
    <p class='ocr_par' dir='ltr' id='par_1_73' title="bbox 2185 1629 3756 1700">
     <span class='ocr_line' id='line_1_73' title="bbox 2185 1629 3756 1700; baseline -0.002 -16"><span class='ocrx_word' id='word_1_526' title='bbox 2185 1630 2415 1686; x_wconf 80' lang='lat' dir='ltr'><strong>clusos?</strong></span> <span class='ocrx_word' id='word_1_527' title='bbox 2458 1631 2654 1686; x_wconf 89' lang='lat' dir='ltr'><strong>Nonne</strong></span> <span class='ocrx_word' id='word_1_528' title='bbox 2688 1632 2865 1700; x_wconf 88' lang='lat' dir='ltr'><strong>ipsum</strong></span> <span class='ocrx_word' id='word_1_529' title='bbox 2919 1632 3028 1700; x_wconf 86' lang='lat' dir='ltr'><strong>jam</strong></span> <span class='ocrx_word' id='word_1_530' title='bbox 3063 1632 3214 1687; x_wconf 90' lang='lat' dir='ltr'><strong>urbis</strong></span> <span class='ocrx_word' id='word_1_531' title='bbox 3248 1631 3425 1685; x_wconf 90' lang='lat' dir='ltr'><strong>solum</strong></span> <span class='ocrx_word' id='word_1_532' title='bbox 3456 1629 3756 1683; x_wconf 82' lang='lat' dir='ltr'><strong>obnoxium</strong></span> 
     </span>
    </p>
   </div>
   <div class='ocr_carea' id='block_1_74' title="bbox 2185 1718 3757 1789">
    <p class='ocr_par' dir='ltr' id='par_1_74' title="bbox 2185 1718 3757 1789">
     <span class='ocr_line' id='line_1_74' title="bbox 2185 1718 3757 1789; baseline 0 -16"><span class='ocrx_word' id='word_1_533' title='bbox 2185 1733 2309 1775; x_wconf 88' lang='lat' dir='ltr'><strong>esse</strong></span> <span class='ocrx_word' id='word_1_534' title='bbox 2333 1719 2594 1789; x_wconf 80' lang='lat' dir='ltr'><strong>periculis</strong></span> <span class='ocrx_word' id='word_1_535' title='bbox 2618 1721 2642 1775; x_wconf 76' lang='grc' dir='ltr'><em>ἳ</em></span> <span class='ocrx_word' id='word_1_536' title='bbox 2686 1721 2876 1775; x_wconf 84' lang='lat' dir='ltr'><strong>Nonne</strong></span> <span class='ocrx_word' id='word_1_537' title='bbox 2903 1732 3033 1776; x_wconf 90' lang='lat' dir='ltr'><strong>tunc</strong></span> <span class='ocrx_word' id='word_1_538' title='bbox 3060 1720 3254 1775; x_wconf 88' lang='lat' dir='ltr'><strong>beatus</strong></span> <span class='ocrx_word' id='word_1_539' title='bbox 3279 1720 3607 1779; x_wconf 86' lang='lat' dir='ltr'><strong>habebatur,</strong></span> <span class='ocrx_word' id='word_1_540' title='bbox 3659 1718 3757 1787; x_wconf 90' lang='lat' dir='ltr'><strong>qui</strong></span> 
     </span>
    </p>
   </div>
   <div class='ocr_carea' id='block_1_75' title="bbox 2187 1805 3762 1879">
    <p class='ocr_par' dir='ltr' id='par_1_75' title="bbox 2187 1805 3762 1879">
     <span class='ocr_line' id='line_1_75' title="bbox 2187 1805 3762 1879; baseline 0.001 -19"><span class='ocrx_word' id='word_1_541' title='bbox 2187 1807 2423 1861; x_wconf 81' lang='lat' dir='ltr'><strong>necdum</strong></span> <span class='ocrx_word' id='word_1_542' title='bbox 2452 1809 2715 1875; x_wconf 84' lang='lat' dir='ltr'><strong>periculis</strong></span> <span class='ocrx_word' id='word_1_543' title='bbox 2730 1819 2990 1879; x_wconf 81' lang='lat' dir='ltr'><strong>exceptus</strong></span> <span class='ocrx_word' id='word_1_544' title='bbox 3015 1810 3202 1864; x_wconf 89' lang='lat' dir='ltr'><strong>urbem</strong></span> <span class='ocrx_word' id='word_1_545' title='bbox 3233 1809 3608 1878; x_wconf 86' lang='lat' dir='ltr'><strong>relinqueret?</strong></span> <span class='ocrx_word' id='word_1_546' title='bbox 3630 1805 3762 1863; x_wconf 87' lang='lat' dir='ltr'><strong>0m-</strong></span> 
     </span>
    </p>
   </div>
   <div class='ocr_carea' id='block_1_76' title="bbox 2185 1897 3757 1967">
    <p class='ocr_par' dir='ltr' id='par_1_76' title="bbox 2185 1897 3757 1967">
     <span class='ocr_line' id='line_1_76' title="bbox 2185 1897 3757 1967; baseline 0.001 -18"><span class='ocrx_word' id='word_1_547' title='bbox 2185 1897 2320 1952; x_wconf 89' lang='lat' dir='ltr'><strong>nino</strong></span> <span class='ocrx_word' id='word_1_548' title='bbox 2349 1898 2613 1952; x_wconf 83' lang='lat' dir='ltr'><strong>memoria</strong></span> <span class='ocrx_word' id='word_1_549' title='bbox 2642 1899 2864 1963; x_wconf 81' lang='lat' dir='ltr'><strong>tenetis,</strong></span> <span class='ocrx_word' id='word_1_550' title='bbox 2896 1912 2956 1955; x_wconf 84' lang='lat' dir='ltr'><strong>ut</strong></span> <span class='ocrx_word' id='word_1_551' title='bbox 3005 1898 3247 1954; x_wconf 87' lang='lat' dir='ltr'><strong>hostium</strong></span> <span class='ocrx_word' id='word_1_552' title='bbox 3275 1908 3424 1953; x_wconf 82' lang='lat' dir='ltr'><strong>terra</strong></span> <span class='ocrx_word' id='word_1_553' title='bbox 3447 1899 3757 1967; x_wconf 76' lang='lat' dir='ltr'><strong>suspectio—</strong></span> 
     </span>
    </p>
   </div>
   <div class='ocr_carea' id='block_1_77' title="bbox 2185 1988 3772 2058">
    <p class='ocr_par' dir='ltr' id='par_1_77' title="bbox 2185 1988 3772 2058">
     <span class='ocr_line' id='line_1_77' title="bbox 2185 1988 3772 2058; baseline 0.001 -16"><span class='ocrx_word' id='word_1_554' title='bbox 2185 2001 2300 2042; x_wconf 87' lang='lat' dir='ltr'><strong>rem</strong></span> <span class='ocrx_word' id='word_1_555' title='bbox 2331 1989 2562 2057; x_wconf 74' lang='lat' dir='ltr'><strong>patriam</strong></span> <span class='ocrx_word' id='word_1_556' title='bbox 2595 1988 2960 2054; x_wconf 80' lang='lat' dir='ltr'><strong>haberemus;</strong></span> <span class='ocrx_word' id='word_1_557' title='bbox 3006 2004 3322 2058; x_wconf 80' lang='lat' dir='ltr'><strong>omnesque</strong></span> <span class='ocrx_word' id='word_1_558' title='bbox 3343 1988 3397 2043; x_wconf 90' lang='lat' dir='ltr'><strong>in</strong></span> <span class='ocrx_word' id='word_1_559' title='bbox 3430 1988 3663 2051; x_wconf 76' lang='lat' dir='ltr'><strong>Italiam,</strong></span> <span class='ocrx_word' id='word_1_560' title='bbox 3696 2002 3772 2043; x_wconf 65' lang='grc' dir='ltr'><strong>σοι</strong></span> 
     </span>
    </p>
   </div>
   <div class='ocr_carea' id='block_1_78' title="bbox 2186 2075 3780 2147">
    <p class='ocr_par' dir='ltr' id='par_1_78' title="bbox 2186 2075 3780 2147">
     <span class='ocr_line' id='line_1_78' title="bbox 2186 2075 3780 2147; baseline 0.002 -18"><span class='ocrx_word' id='word_1_561' title='bbox 2186 2075 2390 2141; x_wconf 82' lang='lat' dir='ltr'><strong>Gades,</strong></span> <span class='ocrx_word' id='word_1_562' title='bbox 2442 2091 2705 2146; x_wconf 86' lang='lat' dir='ltr'><strong>mareque</strong></span> <span class='ocrx_word' id='word_1_563' title='bbox 2767 2076 3051 2132; x_wconf 86' lang='lat' dir='ltr'><strong>Columnis</strong></span> <span class='ocrx_word' id='word_1_564' title='bbox 3109 2078 3364 2140; x_wconf 74' lang='lat' dir='ltr'><strong>ulterius,</strong></span> <span class='ocrx_word' id='word_1_565' title='bbox 3406 2086 3670 2147; x_wconf 82' lang='lat' dir='ltr'><strong>tanquam</strong></span> <span class='ocrx_word' id='word_1_566' title='bbox 3694 2093 3780 2132; x_wconf 87' lang='lat' dir='ltr'><strong>ea-</strong></span> 
     </span>
    </p>
   </div>
   <div class='ocr_carea' id='block_1_79' title="bbox 2184 2166 3758 2240">
    <p class='ocr_par' dir='ltr' id='par_1_79' title="bbox 2184 2166 3758 2240">
     <span class='ocr_line' id='line_1_79' title="bbox 2184 2166 3758 2240; baseline 0.001 -21"><span class='ocrx_word' id='word_1_567' title='bbox 2184 2174 2394 2221; x_wconf 87' lang='lat' dir='ltr'><strong>tautum</strong></span> <span class='ocrx_word' id='word_1_568' title='bbox 2424 2167 2691 2221; x_wconf 84' lang='lat' dir='ltr'><strong>ratiouea</strong></span> <span class='ocrx_word' id='word_1_569' title='bbox 2725 2166 3010 2222; x_wconf 80' lang='lat' dir='ltr'><strong>servitutis</strong></span> <span class='ocrx_word' id='word_1_570' title='bbox 3037 2168 3171 2240; x_wconf 82' lang='lat' dir='ltr'><strong>jugo</strong></span> <span class='ocrx_word' id='word_1_571' title='bbox 3202 2167 3475 2222; x_wconf 85' lang='lat' dir='ltr'><strong>liberandi</strong></span> <span class='ocrx_word' id='word_1_572' title='bbox 3526 2167 3758 2222; x_wconf 49' lang='lat' dir='ltr'><strong>festina.</strong></span> 
     </span>
    </p>
   </div>
   <div class='ocr_carea' id='block_1_80' title="bbox 2182 2257 3758 2329">
    <p class='ocr_par' dir='ltr' id='par_1_80' title="bbox 2182 2257 3758 2329">
     <span class='ocr_line' id='line_1_80' title="bbox 2182 2257 3758 2329; baseline -0.001 -16"><span class='ocrx_word' id='word_1_573' title='bbox 2182 2267 2325 2314; x_wconf 89' lang='lat' dir='ltr'><strong>rent.</strong></span> <span class='ocrx_word' id='word_1_574' title='bbox 2355 2257 2529 2325; x_wconf 84' lang='lat' dir='ltr'><strong>Quam</strong></span> <span class='ocrx_word' id='word_1_575' title='bbox 2561 2273 2696 2327; x_wconf 79' lang='lat' dir='ltr'><strong>ergo</strong></span> <span class='ocrx_word' id='word_1_576' title='bbox 2727 2267 2856 2313; x_wconf 89' lang='lat' dir='ltr'><strong>tunc</strong></span> <span class='ocrx_word' id='word_1_577' title='bbox 2890 2258 3146 2313; x_wconf 86' lang='lat' dir='ltr'><strong>amissam</strong></span> <span class='ocrx_word' id='word_1_578' title='bbox 3179 2258 3525 2329; x_wconf 80' lang='lat' dir='ltr'><strong>lugebamus,</strong></span> <span class='ocrx_word' id='word_1_579' title='bbox 3587 2274 3616 2311; x_wconf 74' lang='grc' dir='ltr'><strong>ιι</strong></span> <span class='ocrx_word' id='word_1_580' title='bbox 3650 2274 3758 2327; x_wconf 88' lang='lat' dir='ltr'><strong>qua</strong></span> 
     </span>
    </p>
   </div>
   <div class='ocr_carea' id='block_1_81' title="bbox 2181 2351 3761 2420">
    <p class='ocr_par' dir='ltr' id='par_1_81' title="bbox 2181 2351 3761 2420">
     <span class='ocr_line' id='line_1_81' title="bbox 2181 2351 3761 2420; baseline -0.003 -11"><span class='ocrx_word' id='word_1_581' title='bbox 2181 2351 2485 2416; x_wconf 83' lang='lat' dir='ltr'><strong>serviente,</strong></span> <span class='ocrx_word' id='word_1_582' title='bbox 2522 2351 2735 2405; x_wconf 83' lang='lat' dir='ltr'><strong>nullum</strong></span> <span class='ocrx_word' id='word_1_583' title='bbox 2769 2366 2873 2405; x_wconf 86' lang='lat' dir='ltr'><strong>non</strong></span> <span class='ocrx_word' id='word_1_584' title='bbox 2894 2351 3321 2420; x_wconf 82' lang='lat' dir='ltr'><strong>exspectandum</strong></span> <span class='ocrx_word' id='word_1_585' title='bbox 3359 2351 3562 2405; x_wconf 87' lang='lat' dir='ltr'><strong>malum</strong></span> <span class='ocrx_word' id='word_1_586' title='bbox 3605 2351 3761 2405; x_wconf 85' lang='lat' dir='ltr'><strong>vide-</strong></span> 
     </span>
    </p>
   </div>
   <div class='ocr_carea' id='block_1_82' title="bbox 2181 2426 3826 2511">
    <p class='ocr_par' dir='ltr' id='par_1_82' title="bbox 2181 2426 3826 2511">
     <span class='ocr_line' id='line_1_82' title="bbox 2181 2426 3826 2511; baseline 0 -15"><span class='ocrx_word' id='word_1_587' title='bbox 2181 2441 2513 2509; x_wconf 69' lang='lat' dir='ltr'><strong>batur,,cam</strong></span> <span class='ocrx_word' id='word_1_588' title='bbox 2540 2442 2620 2497; x_wconf 87' lang='lat' dir='ltr'><strong>sic</strong></span> <span class='ocrx_word' id='word_1_589' title='bbox 2656 2452 2864 2497; x_wconf 87' lang='lat' dir='ltr'><strong>temere</strong></span> <span class='ocrx_word' id='word_1_590' title='bbox 2895 2441 3260 2508; x_wconf 87' lang='lat' dir='ltr'><strong>dimittemus,</strong></span> <span class='ocrx_word' id='word_1_591' title='bbox 3288 2441 3432 2511; x_wconf 90' lang='lat' dir='ltr'><strong>quod</strong></span> <span class='ocrx_word' id='word_1_592' title='bbox 3454 2441 3653 2497; x_wconf 89' lang='lat' dir='ltr'><strong>iterum</strong></span> <span class='ocrx_word' id='word_1_593' title='bbox 3680 2442 3760 2496; x_wconf 68' lang='grc' dir='ltr'><strong>ἵει-</strong></span> <span class='ocrx_word' id='word_1_594' title='bbox 3819 2426 3826 2434; x_wconf 63' lang='grc'><em>’</em></span> 
     </span>
    </p>
   </div>
   <div class='ocr_carea' id='block_1_83' title="bbox 2180 2516 3891 2600">
    <p class='ocr_par' dir='ltr' id='par_1_83' title="bbox 2180 2516 3891 2600">
     <span class='ocr_line' id='line_1_83' title="bbox 2180 2516 3891 2600; baseline 0.001 -18"><span class='ocrx_word' id='word_1_595' title='bbox 2180 2545 2317 2584; x_wconf 71' lang='lat' dir='ltr'><strong>rens</strong></span> <span class='ocrx_word' id='word_1_596' title='bbox 2347 2529 2722 2600; x_wconf 81' lang='lat' dir='ltr'><strong>providentia,</strong></span> <span class='ocrx_word' id='word_1_597' title='bbox 2796 2545 2886 2585; x_wconf 89' lang='lat' dir='ltr'><strong>res</strong></span> <span class='ocrx_word' id='word_1_598' title='bbox 2914 2528 3074 2597; x_wconf 71' lang='lat' dir='ltr'><strong>nobis</strong></span> <span class='ocrx_word' id='word_1_599' title='bbox 3112 2528 3438 2596; x_wconf 85' lang='lat' dir='ltr'><strong>reduxerit,</strong></span> <span class='ocrx_word' id='word_1_600' title='bbox 3495 2519 3809 2598; x_wconf 49' lang='lat' dir='ltr'><strong>tanquam‘</strong></span> <span class='ocrx_word' id='word_1_601' title='bbox 3890 2516 3891 2519; x_wconf 27' lang='grc'><em>“</em></span> 
     </span>
    </p>
   </div>
   <div class='ocr_carea' id='block_1_84' title="bbox 2178 2617 3760 2690">
    <p class='ocr_par' dir='ltr' id='par_1_84' title="bbox 2178 2617 3760 2690">
     <span class='ocr_line' id='line_1_84' title="bbox 2178 2617 3760 2690; baseline 0 -17"><span class='ocrx_word' id='word_1_602' title='bbox 2178 2619 2530 2690; x_wconf 71' lang='lat' dir='ltr'><strong>veljacturas</strong></span> <span class='ocrx_word' id='word_1_603' title='bbox 2564 2618 2758 2683; x_wconf 90' lang='lat' dir='ltr'><strong>obliti,</strong></span> <span class='ocrx_word' id='word_1_604' title='bbox 2828 2620 2914 2673; x_wconf 85' lang='lat' dir='ltr'><strong>vel</strong></span> <span class='ocrx_word' id='word_1_605' title='bbox 2945 2619 3042 2689; x_wconf 87' lang='lat' dir='ltr'><strong>qui</strong></span> <span class='ocrx_word' id='word_1_606' title='bbox 3081 2618 3224 2673; x_wconf 86' lang='lat' dir='ltr'><strong>mala</strong></span> <span class='ocrx_word' id='word_1_607' title='bbox 3279 2617 3505 2689; x_wconf 90' lang='lat' dir='ltr'><strong>quidem</strong></span> <span class='ocrx_word' id='word_1_608' title='bbox 3539 2617 3760 2673; x_wconf 83' lang='lat' dir='ltr'><strong>fortuna</strong></span> 
     </span>
    </p>
   </div>
   <div class='ocr_carea' id='block_1_85' title="bbox 2179 2708 3758 2781">
    <p class='ocr_par' dir='ltr' id='par_1_85' title="bbox 2179 2708 3758 2781">
     <span class='ocr_line' id='line_1_85' title="bbox 2179 2708 3758 2781; baseline -0.002 -16"><span class='ocrx_word' id='word_1_609' title='bbox 2179 2711 2395 2765; x_wconf 77' lang='lat' dir='ltr'><strong>ratione</strong></span> <span class='ocrx_word' id='word_1_610' title='bbox 2428 2723 2589 2781; x_wconf 81' lang='lat' dir='ltr'><strong>agere</strong></span> <span class='ocrx_word' id='word_1_611' title='bbox 2620 2708 2938 2765; x_wconf 80' lang='lat' dir='ltr'><strong>noverimus</strong></span> <span class='ocrx_word' id='word_1_612' title='bbox 2961 2749 2976 2775; x_wconf 91' lang='lat'><strong>,</strong></span> <span class='ocrx_word' id='word_1_613' title='bbox 2998 2722 3269 2779; x_wconf 84' lang='lat' dir='ltr'><strong>prospera</strong></span> <span class='ocrx_word' id='word_1_614' title='bbox 3299 2718 3482 2763; x_wconf 86' lang='lat' dir='ltr'><strong>autem</strong></span> <span class='ocrx_word' id='word_1_615' title='bbox 3536 2708 3618 2762; x_wconf 91' lang='lat' dir='ltr'><strong>uti</strong></span> <span class='ocrx_word' id='word_1_616' title='bbox 3650 2723 3758 2763; x_wconf 90' lang='lat' dir='ltr'><strong>non</strong></span> 
     </span>
    </p>
   </div>
   <div class='ocr_carea' id='block_1_86' title="bbox 2179 2796 3763 2873">
    <p class='ocr_par' dir='ltr' id='par_1_86' title="bbox 2179 2796 3763 2873">
     <span class='ocr_line' id='line_1_86' title="bbox 2179 2796 3763 2873; baseline -0.003 -17"><span class='ocrx_word' id='word_1_617' title='bbox 2179 2801 2478 2873; x_wconf 87' lang='lat' dir='ltr'><strong>possimus.</strong></span> <span class='ocrx_word' id='word_1_618' title='bbox 2512 2800 2755 2855; x_wconf 87' lang='lat' dir='ltr'><strong>Tametsi</strong></span> <span class='ocrx_word' id='word_1_619' title='bbox 2771 2799 3049 2870; x_wconf 83' lang='lat' dir='ltr'><strong>quomodo</strong></span> <span class='ocrx_word' id='word_1_620' title='bbox 3075 2812 3185 2852; x_wconf 90' lang='lat' dir='ltr'><strong>non</strong></span> <span class='ocrx_word' id='word_1_621' title='bbox 3213 2798 3366 2853; x_wconf 90' lang='lat' dir='ltr'><strong>omni</strong></span> <span class='ocrx_word' id='word_1_622' title='bbox 3392 2796 3498 2853; x_wconf 82' lang='lat' dir='ltr'><strong>line</strong></span> <span class='ocrx_word' id='word_1_623' title='bbox 3524 2798 3763 2868; x_wconf 83' lang='lat' dir='ltr'><strong>produc-</strong></span> 
     </span>
    </p>
   </div>
   <div class='ocr_carea' id='block_1_87' title="bbox 2180 2888 3759 2961">
    <p class='ocr_par' dir='ltr' id='par_1_87' title="bbox 2180 2888 3759 2961">
     <span class='ocr_line' id='line_1_87' title="bbox 2180 2888 3759 2961; baseline -0.001 -15"><span class='ocrx_word' id='word_1_624' title='bbox 2180 2893 2290 2948; x_wconf 86' lang='lat' dir='ltr'><strong>tius</strong></span> <span class='ocrx_word' id='word_1_625' title='bbox 2354 2893 2581 2960; x_wconf 88' lang='lat' dir='ltr'><strong>malum,</strong></span> <span class='ocrx_word' id='word_1_626' title='bbox 2620 2901 2683 2947; x_wconf 93' lang='lat' dir='ltr'><strong>ut</strong></span> <span class='ocrx_word' id='word_1_627' title='bbox 2734 2905 2970 2961; x_wconf 90' lang='lat' dir='ltr'><strong>quorum</strong></span> <span class='ocrx_word' id='word_1_628' title='bbox 3024 2888 3235 2946; x_wconf 90' lang='lat' dir='ltr'><strong>domini</strong></span> <span class='ocrx_word' id='word_1_629' title='bbox 3292 2904 3405 2945; x_wconf 89' lang='lat' dir='ltr'><strong>non</strong></span> <span class='ocrx_word' id='word_1_630' title='bbox 3453 2889 3759 2945; x_wconf 86' lang='lat' dir='ltr'><strong>sentiamus</strong></span> 
     </span>
    </p>
   </div>
   <div class='ocr_carea' id='block_1_88' title="bbox 2176 2974 3758 3055">
    <p class='ocr_par' dir='ltr' id='par_1_88' title="bbox 2176 2974 3758 3055">
     <span class='ocr_line' id='line_1_88' title="bbox 2176 2974 3758 3055; baseline -0.001 -18"><span class='ocrx_word' id='word_1_631' title='bbox 2176 2985 2306 3055; x_wconf 90' lang='lat' dir='ltr'><strong>quid</strong></span> <span class='ocrx_word' id='word_1_632' title='bbox 2333 2984 2425 3039; x_wconf 90' lang='lat' dir='ltr'><strong>illa</strong></span> <span class='ocrx_word' id='word_1_633' title='bbox 2460 2983 2732 3039; x_wconf 83' lang='lat' dir='ltr'><strong>commodi</strong></span> <span class='ocrx_word' id='word_1_634' title='bbox 2767 2974 3009 3045; x_wconf 82' lang='lat' dir='ltr'><strong>habent,</strong></span> <span class='ocrx_word' id='word_1_635' title='bbox 3046 2982 3266 3038; x_wconf 88' lang='lat' dir='ltr'><strong>amissis</strong></span> <span class='ocrx_word' id='word_1_636' title='bbox 3299 2991 3482 3036; x_wconf 86' lang='lat' dir='ltr'><strong>autem</strong></span> <span class='ocrx_word' id='word_1_637' title='bbox 3517 2996 3758 3038; x_wconf 79' lang='lat' dir='ltr'><strong>maerore</strong></span> 
     </span>
    </p>
   </div>
   <div class='ocr_carea' id='block_1_89' title="bbox 2176 3074 3760 3143">
    <p class='ocr_par' dir='ltr' id='par_1_89' title="bbox 2176 3074 3760 3143">
     <span class='ocr_line' id='line_1_89' title="bbox 2176 3074 3760 3143; baseline -0.003 -13"><span class='ocrx_word' id='word_1_638' title='bbox 2176 3075 2512 3130; x_wconf 79' lang='lat' dir='ltr'><strong>alliciamur?</strong></span> <span class='ocrx_word' id='word_1_639' title='bbox 2545 3090 2611 3130; x_wconf 91' lang='lat' dir='ltr'><strong>ac</strong></span> <span class='ocrx_word' id='word_1_640' title='bbox 2639 3074 2862 3143; x_wconf 83' lang='lat' dir='ltr'><strong>quidem</strong></span> <span class='ocrx_word' id='word_1_641' title='bbox 2893 3075 3295 3137; x_wconf 86' lang='lat' dir='ltr'><strong>desideremus,</strong></span> <span class='ocrx_word' id='word_1_642' title='bbox 3356 3088 3485 3128; x_wconf 87' lang='lat' dir='ltr'><strong>cum</strong></span> <span class='ocrx_word' id='word_1_643' title='bbox 3515 3088 3625 3128; x_wconf 89' lang='lat' dir='ltr'><strong>non</strong></span> <span class='ocrx_word' id='word_1_644' title='bbox 3662 3074 3760 3125; x_wconf 77' lang='lat' dir='ltr'><strong>atl-</strong></span> 
     </span>
    </p>
   </div>
   <div class='ocr_carea' id='block_1_90' title="bbox 2178 3163 3757 3235">
    <p class='ocr_par' dir='ltr' id='par_1_90' title="bbox 2178 3163 3757 3235">
     <span class='ocr_line' id='line_1_90' title="bbox 2178 3163 3757 3235; baseline -0.002 -15"><span class='ocrx_word' id='word_1_645' title='bbox 2178 3173 2346 3233; x_wconf 76' lang='lat' dir='ltr'><strong>sunt;</strong></span> <span class='ocrx_word' id='word_1_646' title='bbox 2383 3180 2507 3220; x_wconf 84' lang='lat' dir='ltr'><strong>eum</strong></span> <span class='ocrx_word' id='word_1_647' title='bbox 2536 3180 2670 3220; x_wconf 89' lang='lat' dir='ltr'><strong>vero</strong></span> <span class='ocrx_word' id='word_1_648' title='bbox 2695 3164 2982 3229; x_wconf 81' lang='lat' dir='ltr'><strong>redierint,</strong></span> <span class='ocrx_word' id='word_1_649' title='bbox 3013 3164 3229 3219; x_wconf 88' lang='lat' dir='ltr'><strong>iterum-</strong></span> <span class='ocrx_word' id='word_1_650' title='bbox 3254 3164 3636 3235; x_wconf 79' lang='lat' dir='ltr'><strong>projieiamus,</strong></span> <span class='ocrx_word' id='word_1_651' title='bbox 3668 3163 3757 3218; x_wconf 89' lang='lat' dir='ltr'><strong>id-</strong></span> 
     </span>
    </p>
   </div>
   <div class='ocr_carea' id='block_1_91' title="bbox 2178 3254 3759 3331">
    <p class='ocr_par' dir='ltr' id='par_1_91' title="bbox 2178 3254 3759 3331">
     <span class='ocr_line' id='line_1_91' title="bbox 2178 3254 3759 3331; baseline -0.002 -20"><span class='ocrx_word' id='word_1_652' title='bbox 2178 3272 2286 3327; x_wconf 88' lang='lat' dir='ltr'><strong>que</strong></span> <span class='ocrx_word' id='word_1_653' title='bbox 2311 3272 2436 3312; x_wconf 90' lang='lat' dir='ltr'><strong>cum</strong></span> <span class='ocrx_word' id='word_1_654' title='bbox 2469 3257 2706 3312; x_wconf 84' lang='lat' dir='ltr'><strong>sciamus</strong></span> <span class='ocrx_word' id='word_1_655' title='bbox 2725 3256 2871 3319; x_wconf 77' lang='lat' dir='ltr'><strong>fore,</strong></span> <span class='ocrx_word' id='word_1_656' title='bbox 2930 3265 2992 3310; x_wconf 91' lang='lat' dir='ltr'><strong>ut</strong></span> <span class='ocrx_word' id='word_1_657' title='bbox 3015 3269 3261 3310; x_wconf 87' lang='lat' dir='ltr'><strong>amorem</strong></span> <span class='ocrx_word' id='word_1_658' title='bbox 3292 3254 3519 3331; x_wconf 80' lang='lat' dir='ltr'><strong>minime</strong></span> <span class='ocrx_word' id='word_1_659' title='bbox 3548 3255 3759 3310; x_wconf 79' lang='lat' dir='ltr'><strong>exstin-</strong></span> 
     </span>
    </p>
   </div>
   <div class='ocr_carea' id='block_1_92' title="bbox 2177 3340 3758 3420">
    <p class='ocr_par' dir='ltr' id='par_1_92' title="bbox 2177 3340 3758 3420">
     <span class='ocr_line' id='line_1_92' title="bbox 2177 3340 3758 3420; baseline -0.001 -18"><span class='ocrx_word' id='word_1_660' title='bbox 2177 3363 2431 3420; x_wconf 77' lang='lat' dir='ltr'><strong>guamus,</strong></span> <span class='ocrx_word' id='word_1_661' title='bbox 2467 3347 2568 3403; x_wconf 75' lang='lat' dir='ltr'><strong>sed</strong></span> <span class='ocrx_word' id='word_1_662' title='bbox 2591 3356 2649 3403; x_wconf 88' lang='lat' dir='ltr'><strong>ut</strong></span> <span class='ocrx_word' id='word_1_663' title='bbox 2674 3351 2841 3402; x_wconf 87' lang='lat' dir='ltr'><strong>etiam</strong></span> <span class='ocrx_word' id='word_1_664' title='bbox 2870 3340 3145 3402; x_wconf 78' lang='lat' dir='ltr'><strong>exstincta</strong></span> <span class='ocrx_word' id='word_1_665' title='bbox 3173 3361 3233 3399; x_wconf 89' lang='lat' dir='ltr'><strong>re</strong></span> <span class='ocrx_word' id='word_1_666' title='bbox 3261 3360 3581 3417; x_wconf 81' lang='lat' dir='ltr'><strong>augeamus.</strong></span> <span class='ocrx_word' id='word_1_667' title='bbox 3642 3344 3758 3401; x_wconf 83' lang='lat' dir='ltr'><strong>Hoc</strong></span> 
     </span>
    </p>
   </div>
   <div class='ocr_carea' id='block_1_93' title="bbox 2175 3426 3758 3510">
    <p class='ocr_par' dir='ltr' id='par_1_93' title="bbox 2175 3426 3758 3510">
     <span class='ocr_line' id='line_1_93' title="bbox 2175 3426 3758 3510; baseline -0.003 -15"><span class='ocrx_word' id='word_1_668' title='bbox 2175 3440 2324 3496; x_wconf 82' lang='lat' dir='ltr'><strong>enim</strong></span> <span class='ocrx_word' id='word_1_669' title='bbox 2346 3441 2548 3510; x_wconf 85' lang='lat' dir='ltr'><strong>palam,</strong></span> <span class='ocrx_word' id='word_1_670' title='bbox 2581 3454 2691 3493; x_wconf 90' lang='lat' dir='ltr'><strong>non</strong></span> <span class='ocrx_word' id='word_1_671' title='bbox 2716 3426 2908 3494; x_wconf 78' lang='lat' dir='ltr'><strong>eorum</strong></span> <span class='ocrx_word' id='word_1_672' title='bbox 2944 3439 3016 3493; x_wconf 89' lang='lat' dir='ltr'><strong>sit</strong></span> <span class='ocrx_word' id='word_1_673' title='bbox 3042 3438 3135 3507; x_wconf 89' lang='lat' dir='ltr'><strong>qui</strong></span> <span class='ocrx_word' id='word_1_674' title='bbox 3166 3437 3331 3493; x_wconf 87' lang='lat' dir='ltr'><strong>telam</strong></span> <span class='ocrx_word' id='word_1_675' title='bbox 3372 3444 3625 3492; x_wconf 73' lang='lat' dir='ltr'><strong>retexam</strong></span> <span class='ocrx_word' id='word_1_676' title='bbox 3654 3439 3758 3492; x_wconf 83' lang='lat' dir='ltr'><strong>Pe-</strong></span> 
     </span>
    </p>
   </div>
   <div class='ocr_carea' id='block_1_94' title="bbox 2177 3524 3755 3598">
    <p class='ocr_par' dir='ltr' id='par_1_94' title="bbox 2177 3524 3755 3598">
     <span class='ocr_line' id='line_1_94' title="bbox 2177 3524 3755 3598; baseline -0.004 -14"><span class='ocrx_word' id='word_1_677' title='bbox 2177 3529 2427 3598; x_wconf 86' lang='lat' dir='ltr'><strong>nelopes,</strong></span> <span class='ocrx_word' id='word_1_678' title='bbox 2458 3527 2553 3585; x_wconf 84' lang='lat' dir='ltr'><strong>sed</strong></span> <span class='ocrx_word' id='word_1_679' title='bbox 2576 3529 2672 3598; x_wconf 85' lang='lat' dir='ltr'><strong>qui</strong></span> <span class='ocrx_word' id='word_1_680' title='bbox 2702 3528 2916 3598; x_wconf 86' lang='lat' dir='ltr'><strong>seipsos</strong></span> <span class='ocrx_word' id='word_1_681' title='bbox 2942 3525 3204 3596; x_wconf 84' lang='lat' dir='ltr'><strong>perdant,</strong></span> <span class='ocrx_word' id='word_1_682' title='bbox 3258 3538 3468 3596; x_wconf 88' lang='lat' dir='ltr'><strong>suaque</strong></span> <span class='ocrx_word' id='word_1_683' title='bbox 3506 3524 3755 3595; x_wconf 88' lang='lat' dir='ltr'><strong>ipsorum</strong></span> 
     </span>
    </p>
   </div>
   <div class='ocr_carea' id='block_1_95' title="bbox 2177 3618 2746 3674">
    <p class='ocr_par' dir='ltr' id='par_1_95' title="bbox 2177 3618 2746 3674">
     <span class='ocr_line' id='line_1_95' title="bbox 2177 3618 2746 3674; baseline -0.002 0"><span class='ocrx_word' id='word_1_684' title='bbox 2177 3629 2303 3674; x_wconf 89' lang='lat' dir='ltr'><strong>vota</strong></span> <span class='ocrx_word' id='word_1_685' title='bbox 2333 3619 2464 3674; x_wconf 86' lang='lat' dir='ltr'><strong>odio</strong></span> <span class='ocrx_word' id='word_1_686' title='bbox 2484 3618 2746 3674; x_wconf 85' lang='lat' dir='ltr'><strong>habeant.</strong></span> 
     </span>
    </p>
   </div>
   <div class='ocr_carea' id='block_1_96' title="bbox 2247 3715 3757 3792">
    <p class='ocr_par' dir='ltr' id='par_1_96' title="bbox 2247 3715 3757 3792">
     <span class='ocr_line' id='line_1_96' title="bbox 2247 3715 3757 3792; baseline -0.005 -16"><span class='ocrx_word' id='word_1_687' title='bbox 2247 3721 2412 3792; x_wconf 81' lang='lat' dir='ltr'><strong>Atqui</strong></span> <span class='ocrx_word' id='word_1_688' title='bbox 2437 3730 2499 3777; x_wconf 91' lang='lat' dir='ltr'><strong>ut</strong></span> <span class='ocrx_word' id='word_1_689' title='bbox 2526 3721 2733 3778; x_wconf 87' lang='lat' dir='ltr'><strong>nostris</strong></span> <span class='ocrx_word' id='word_1_690' title='bbox 2757 3720 2861 3791; x_wconf 89' lang='lat' dir='ltr'><strong>ipsi</strong></span> <span class='ocrx_word' id='word_1_691' title='bbox 2886 3718 3165 3776; x_wconf 88' lang='lat' dir='ltr'><strong>reditibus</strong></span> <span class='ocrx_word' id='word_1_692' title='bbox 3201 3715 3664 3790; x_wconf 79' lang='lat' dir='ltr'><strong>expeditioneque</strong></span> <span class='ocrx_word' id='word_1_693' title='bbox 3691 3727 3757 3769; x_wconf 80' lang='lat' dir='ltr'><strong>ae</strong></span> 
     </span>
    </p>
   </div>
   <div class='ocr_carea' id='block_1_97' title="bbox 2175 3803 3754 3881">
    <p class='ocr_par' dir='ltr' id='par_1_97' title="bbox 2175 3803 3754 3881">
     <span class='ocr_line' id='line_1_97' title="bbox 2175 3803 3754 3881; baseline -0.006 -14"><span class='ocrx_word' id='word_1_694' title='bbox 2175 3812 2479 3875; x_wconf 81' lang='lat' dir='ltr'><strong>laboribus,</strong></span> <span class='ocrx_word' id='word_1_695' title='bbox 2501 3827 2623 3867; x_wconf 92' lang='lat' dir='ltr'><strong>cum</strong></span> <span class='ocrx_word' id='word_1_696' title='bbox 2647 3811 2803 3881; x_wconf 89' lang='lat' dir='ltr'><strong>prius</strong></span> <span class='ocrx_word' id='word_1_697' title='bbox 2826 3810 3084 3865; x_wconf 87' lang='lat' dir='ltr'><strong>Barbaris</strong></span> <span class='ocrx_word' id='word_1_698' title='bbox 3112 3810 3354 3881; x_wconf 84' lang='lat' dir='ltr'><strong>subjecta</strong></span> <span class='ocrx_word' id='word_1_699' title='bbox 3371 3815 3538 3871; x_wconf 78' lang='lat' dir='ltr'><strong>esset,</strong></span> <span class='ocrx_word' id='word_1_700' title='bbox 3563 3803 3754 3869; x_wconf 76' lang='lat' dir='ltr'><strong>urbem</strong></span> 
     </span>
    </p>
   </div>
   <div class='ocr_carea' id='block_1_98' title="bbox 2179 3901 3751 3972">
    <p class='ocr_par' dir='ltr' id='par_1_98' title="bbox 2179 3901 3751 3972">
     <span class='ocr_line' id='line_1_98' title="bbox 2179 3901 3751 3972; baseline -0.006 -16"><span class='ocrx_word' id='word_1_701' title='bbox 2179 3903 2335 3958; x_wconf 88' lang='lat' dir='ltr'><strong>nobis</strong></span> <span class='ocrx_word' id='word_1_702' title='bbox 2366 3904 2817 3968; x_wconf 87' lang='lat' dir='ltr'><strong>asseruissemus,</strong></span> <span class='ocrx_word' id='word_1_703' title='bbox 2872 3916 2975 3957; x_wconf 91' lang='lat' dir='ltr'><strong>nec</strong></span> <span class='ocrx_word' id='word_1_704' title='bbox 3003 3901 3083 3956; x_wconf 90' lang='lat' dir='ltr'><strong>sic</strong></span> <span class='ocrx_word' id='word_1_705' title='bbox 3114 3916 3215 3972; x_wconf 88' lang='lat' dir='ltr'><strong>par</strong></span> <span class='ocrx_word' id='word_1_706' title='bbox 3239 3910 3356 3955; x_wconf 90' lang='lat' dir='ltr'><strong>erat</strong></span> <span class='ocrx_word' id='word_1_707' title='bbox 3391 3909 3751 3967; x_wconf 85' lang='lat' dir='ltr'><strong>expensarum</strong></span> 
     </span>
    </p>
   </div>
   <div class='ocr_carea' id='block_1_99' title="bbox 2176 3984 3779 4063">
    <p class='ocr_par' dir='ltr' id='par_1_99' title="bbox 2176 3984 3779 4063">
     <span class='ocr_line' id='line_1_99' title="bbox 2176 3984 3779 4063; baseline -0.005 -16"><span class='ocrx_word' id='word_1_708' title='bbox 2176 3994 2375 4049; x_wconf 85' lang='lat' dir='ltr'><strong>oblitos</strong></span> <span class='ocrx_word' id='word_1_709' title='bbox 2400 4009 2464 4049; x_wconf 86' lang='lat' dir='ltr'><strong>ac</strong></span> <span class='ocrx_word' id='word_1_710' title='bbox 2494 4002 2873 4063; x_wconf 79' lang='lat' dir='ltr'><strong>suscepturum</strong></span> <span class='ocrx_word' id='word_1_711' title='bbox 2902 3992 3179 4056; x_wconf 87' lang='lat' dir='ltr'><strong>laborum,</strong></span> <span class='ocrx_word' id='word_1_712' title='bbox 3243 3990 3325 4045; x_wconf 88' lang='lat' dir='ltr'><strong>sic</strong></span> <span class='ocrx_word' id='word_1_713' title='bbox 3387 4002 3579 4043; x_wconf 89' lang='lat' dir='ltr'><strong>rursus</strong></span> <span class='ocrx_word' id='word_1_714' title='bbox 3642 3984 3779 4040; x_wconf 33' lang='lat' dir='ltr'><strong>illis.</strong></span> 
     </span>
    </p>
   </div>
   <div class='ocr_carea' id='block_1_100' title="bbox 2175 4078 3781 4152">
    <p class='ocr_par' dir='ltr' id='par_1_100' title="bbox 2175 4078 3781 4152">
     <span class='ocr_line' id='line_1_100' title="bbox 2175 4078 3781 4152; baseline -0.008 -9"><span class='ocrx_word' id='word_1_715' title='bbox 2175 4086 2474 4143; x_wconf 87' lang='lat' dir='ltr'><strong>dimittere.</strong></span> <span class='ocrx_word' id='word_1_716' title='bbox 2511 4086 2672 4140; x_wconf 78' lang='lat' dir='ltr'><strong>Esset</strong></span> <span class='ocrx_word' id='word_1_717' title='bbox 2702 4085 3072 4140; x_wconf 74' lang='lat' dir='ltr'><strong>nihilominus</strong></span> <span class='ocrx_word' id='word_1_718' title='bbox 3104 4081 3317 4152; x_wconf 85' lang='lat' dir='ltr'><strong>aliquid</strong></span> <span class='ocrx_word' id='word_1_719' title='bbox 3374 4080 3444 4135; x_wconf 85' lang='lat' dir='ltr'><strong>ad</strong></span> <span class='ocrx_word' id='word_1_720' title='bbox 3478 4078 3781 4134; x_wconf 66' lang='lat' dir='ltr'><strong>rationem.</strong></span> 
     </span>
    </p>
   </div>
   <div class='ocr_carea' id='block_1_101' title="bbox 2174 4172 3779 4247">
    <p class='ocr_par' dir='ltr' id='par_1_101' title="bbox 2174 4172 3779 4247">
     <span class='ocr_line' id='line_1_101' title="bbox 2174 4172 3779 4247; baseline -0.003 -14"><span class='ocrx_word' id='word_1_721' title='bbox 2174 4179 2486 4247; x_wconf 84' lang='lat' dir='ltr'><strong>probabile,</strong></span> <span class='ocrx_word' id='word_1_722' title='bbox 2527 4186 2587 4232; x_wconf 91' lang='lat' dir='ltr'><strong>ut</strong></span> <span class='ocrx_word' id='word_1_723' title='bbox 2644 4192 2711 4232; x_wconf 90' lang='lat' dir='ltr'><strong>eo</strong></span> <span class='ocrx_word' id='word_1_724' title='bbox 2762 4177 2817 4231; x_wconf 86' lang='lat' dir='ltr'><strong>in</strong></span> <span class='ocrx_word' id='word_1_725' title='bbox 2877 4176 3291 4244; x_wconf 61' lang='lat' dir='ltr'><strong>praesentiarum</strong></span> <span class='ocrx_word' id='word_1_726' title='bbox 3325 4172 3779 4244; x_wconf 79' lang='lat' dir='ltr'><strong>negligeremus,.</strong></span> 
     </span>
    </p>
   </div>
   <div class='ocr_carea' id='block_1_102' title="bbox 2173 4262 3780 4340">
    <p class='ocr_par' dir='ltr' id='par_1_102' title="bbox 2173 4262 3780 4340">
     <span class='ocr_line' id='line_1_102' title="bbox 2173 4262 3780 4340; baseline -0.004 -17"><span class='ocrx_word' id='word_1_727' title='bbox 2173 4268 2319 4340; x_wconf 86' lang='lat' dir='ltr'><strong>quod</strong></span> <span class='ocrx_word' id='word_1_728' title='bbox 2354 4269 2408 4323; x_wconf 90' lang='lat' dir='ltr'><strong>in</strong></span> <span class='ocrx_word' id='word_1_729' title='bbox 2433 4277 2619 4323; x_wconf 84' lang='lat' dir='ltr'><strong>nostra</strong></span> <span class='ocrx_word' id='word_1_730' title='bbox 2640 4276 2911 4339; x_wconf 86' lang='lat' dir='ltr'><strong>potestate</strong></span> <span class='ocrx_word' id='word_1_731' title='bbox 2932 4275 3077 4322; x_wconf 82' lang='lat' dir='ltr'><strong>esset</strong></span> <span class='ocrx_word' id='word_1_732' title='bbox 3111 4267 3312 4321; x_wconf 86' lang='lat' dir='ltr'><strong>iterum</strong></span> <span class='ocrx_word' id='word_1_733' title='bbox 3337 4281 3462 4321; x_wconf 91' lang='lat' dir='ltr'><strong>cum</strong></span> <span class='ocrx_word' id='word_1_734' title='bbox 3488 4262 3753 4320; x_wconf 88' lang='lat' dir='ltr'><strong>vellemus</strong></span> <span class='ocrx_word' id='word_1_735' title='bbox 3774 4305 3780 4310; x_wconf 83' lang='lat'><strong>.</strong></span> 
     </span>
    </p>
   </div>
   <div class='ocr_carea' id='block_1_103' title="bbox 2174 4342 3752 4430">
    <p class='ocr_par' dir='ltr' id='par_1_103' title="bbox 2174 4342 3752 4430">
     <span class='ocr_line' id='line_1_103' title="bbox 2174 4342 3752 4430; baseline -0.005 -15"><span class='ocrx_word' id='word_1_736' title='bbox 2174 4360 2423 4430; x_wconf 77' lang='lat' dir='ltr'><strong>recipere</strong></span> <span class='ocrx_word' id='word_1_737' title='bbox 2453 4377 2467 4414; x_wconf 89' lang='lat'><strong>:</strong></span> <span class='ocrx_word' id='word_1_738' title='bbox 2498 4374 2814 4430; x_wconf 86' lang='lat' dir='ltr'><strong>quanquam</strong></span> <span class='ocrx_word' id='word_1_739' title='bbox 2844 4358 3076 4429; x_wconf 89' lang='lat' dir='ltr'><strong>alioqui,</strong></span> <span class='ocrx_word' id='word_1_740' title='bbox 3112 4367 3191 4412; x_wconf 87' lang='lat' dir='ltr'><strong>ut</strong></span> <span class='ocrx_word' id='word_1_741' title='bbox 3218 4342 3493 4424; x_wconf 83' lang='lat' dir='ltr'><strong>dicebam,</strong></span> <span class='ocrx_word' id='word_1_742' title='bbox 3520 4355 3752 4411; x_wconf 84' lang='lat' dir='ltr'><strong>stultum</strong></span> 
     </span>
    </p>
   </div>
   <div class='ocr_carea' id='block_1_104' title="bbox 2176 4451 3749 4516">
    <p class='ocr_par' dir='ltr' id='par_1_104' title="bbox 2176 4451 3749 4516">
     <span class='ocr_line' id='line_1_104' title="bbox 2176 4451 3749 4516; baseline -0.002 -12"><span class='ocrx_word' id='word_1_743' title='bbox 2176 4451 2269 4514; x_wconf 90' lang='lat' dir='ltr'><strong>sit,</strong></span> <span class='ocrx_word' id='word_1_744' title='bbox 2288 4460 2351 4504; x_wconf 90' lang='lat' dir='ltr'><strong>ut</strong></span> <span class='ocrx_word' id='word_1_745' title='bbox 2369 4451 2514 4505; x_wconf 90' lang='lat' dir='ltr'><strong>ultro</strong></span> <span class='ocrx_word' id='word_1_746' title='bbox 2542 4451 2874 4513; x_wconf 87' lang='lat' dir='ltr'><strong>tribuentes,</strong></span> <span class='ocrx_word' id='word_1_747' title='bbox 2898 4454 3081 4504; x_wconf 81' lang='lat' dir='ltr'><strong>denuo</strong></span> <span class='ocrx_word' id='word_1_748' title='bbox 3108 4461 3749 4516; x_wconf 45' lang='lat' dir='ltr'><strong>conemur‘recuperare,</strong></span> 
     </span>
    </p>
   </div>
   <div class='ocr_carea' id='block_1_105' title="bbox 387 4533 2077 4618">
    <p class='ocr_par' dir='ltr' id='par_1_105' title="bbox 387 4533 2066 4613">
     <span class='ocr_line' id='line_1_105' title="bbox 387 4533 2066 4613; baseline 0.004 -26"><span class='ocrx_word' id='word_1_749' title='bbox 387 4538 404 4571; x_wconf 59' lang='grc' dir='ltr'>ι</span> <span class='ocrx_word' id='word_1_750' title='bbox 498 4533 567 4588; x_wconf 83' lang='lat' dir='ltr'><strong>El</strong></span> <span class='ocrx_word' id='word_1_751' title='bbox 604 4535 649 4587; x_wconf 84' lang='grc' dir='ltr'>δ’</span> <span class='ocrx_word' id='word_1_752' title='bbox 684 4536 846 4607; x_wconf 85' lang='grc' dir='ltr'>ἡμεῖς</span> <span class='ocrx_word' id='word_1_753' title='bbox 887 4537 997 4591; x_wconf 85' lang='grc' dir='ltr'>τόθ’</span> <span class='ocrx_word' id='word_1_754' title='bbox 1043 4538 1246 4611; x_wconf 79' lang='grc' dir='ltr'>ἁλούσῃ</span> <span class='ocrx_word' id='word_1_755' title='bbox 1292 4540 1511 4594; x_wconf 80' lang='grc' dir='ltr'>τοσαῦτ’</span> <span class='ocrx_word' id='word_1_756' title='bbox 1564 4542 1882 4613; x_wconf 81' lang='grc' dir='ltr'>ἀπέσχομεν</span> <span class='ocrx_word' id='word_1_757' title='bbox 1930 4543 2066 4613; x_wconf 81' lang='grc' dir='ltr'><strong>αὑτῇ</strong></span> 
     </span>
    </p>
   </div>
   <div class='ocr_carea' id='block_1_106' title="bbox 2179 4533 3754 4618">
    <p class='ocr_par' dir='ltr' id='par_1_106' title="bbox 2179 4541 3754 4613">
     <span class='ocr_line' id='line_1_106' title="bbox 2179 4541 3754 4613; baseline -0.004 -14"><span class='ocrx_word' id='word_1_758' title='bbox 2179 4558 2238 4599; x_wconf 74' lang='lat' dir='ltr'><strong>ac</strong></span> <span class='ocrx_word' id='word_1_759' title='bbox 2266 4543 2508 4612; x_wconf 87' lang='lat' dir='ltr'><strong>quotidie</strong></span> <span class='ocrx_word' id='word_1_760' title='bbox 2530 4543 2741 4613; x_wconf 81' lang='lat' dir='ltr'><strong>negotia</strong></span> <span class='ocrx_word' id='word_1_761' title='bbox 2756 4542 3075 4598; x_wconf 75' lang='lat' dir='ltr'><strong>habeamus.</strong></span> <span class='ocrx_word' id='word_1_762' title='bbox 3089 4541 3244 4608; x_wconf 85' lang='lat' dir='ltr'><strong>Quod</strong></span> <span class='ocrx_word' id='word_1_763' title='bbox 3261 4541 3306 4595; x_wconf 90' lang='lat' dir='ltr'><strong>si</strong></span> <span class='ocrx_word' id='word_1_764' title='bbox 3324 4554 3442 4603; x_wconf 83' lang='lat' dir='ltr'><strong>nos,</strong></span> <span class='ocrx_word' id='word_1_765' title='bbox 3469 4554 3594 4594; x_wconf 92' lang='lat' dir='ltr'><strong>cum</strong></span> <span class='ocrx_word' id='word_1_766' title='bbox 3621 4547 3754 4593; x_wconf 85' lang='lat' dir='ltr'><strong>tune</strong></span> 
     </span>
    </p>
   </div>
   <div class='ocr_carea' id='block_1_107' title="bbox 2180 4632 3753 4704">
    <p class='ocr_par' dir='ltr' id='par_1_107' title="bbox 2180 4632 3753 4704">
     <span class='ocr_line' id='line_1_107' title="bbox 2180 4632 3753 4704; baseline -0.005 -13"><span class='ocrx_word' id='word_1_767' title='bbox 2180 4644 2338 4704; x_wconf 86' lang='lat' dir='ltr'><strong>capta</strong></span> <span class='ocrx_word' id='word_1_768' title='bbox 2372 4643 2536 4699; x_wconf 90' lang='lat' dir='ltr'><strong>esset,</strong></span> <span class='ocrx_word' id='word_1_769' title='bbox 2571 4634 2653 4689; x_wconf 88' lang='lat' dir='ltr'><strong>sic</strong></span> <span class='ocrx_word' id='word_1_770' title='bbox 2679 4633 2842 4701; x_wconf 79' lang='lat' dir='ltr'><strong>longe</strong></span> <span class='ocrx_word' id='word_1_771' title='bbox 2864 4646 3106 4695; x_wconf 88' lang='lat' dir='ltr'><strong>eramus,</strong></span> <span class='ocrx_word' id='word_1_772' title='bbox 3155 4632 3295 4688; x_wconf 61' lang='lat' dir='ltr'><strong>ut&#39;ei</strong></span> <span class='ocrx_word' id='word_1_773' title='bbox 3327 4646 3620 4701; x_wconf 83' lang='lat' dir='ltr'><strong>possemus</strong></span> <span class='ocrx_word' id='word_1_774' title='bbox 3651 4645 3753 4684; x_wconf 86' lang='lat' dir='ltr'><strong>au-</strong></span> 
     </span>
    </p>
   </div>
   <div class='ocr_carea' id='block_1_108' title="bbox 2174 4718 3772 4794">
    <p class='ocr_par' dir='ltr' id='par_1_108' title="bbox 2174 4718 3772 4794">
     <span class='ocr_line' id='line_1_108' title="bbox 2174 4718 3772 4794; baseline -0.004 -15"><span class='ocrx_word' id='word_1_775' title='bbox 2174 4725 2365 4779; x_wconf 77' lang='lat' dir='ltr'><strong>xilium</strong></span> <span class='ocrx_word' id='word_1_776' title='bbox 2395 4724 2561 4789; x_wconf 82' lang='lat' dir='ltr'><strong>ferre,</strong></span> <span class='ocrx_word' id='word_1_777' title='bbox 2597 4723 2677 4778; x_wconf 89' lang='lat' dir='ltr'><strong>uti</strong></span> <span class='ocrx_word' id='word_1_778' title='bbox 2711 4732 2866 4794; x_wconf 87' lang='lat' dir='ltr'><strong>puto,</strong></span> <span class='ocrx_word' id='word_1_779' title='bbox 2905 4731 2966 4777; x_wconf 90' lang='lat' dir='ltr'><strong>ut</strong></span> <span class='ocrx_word' id='word_1_780' title='bbox 2996 4720 3273 4792; x_wconf 86' lang='lat' dir='ltr'><strong>possimus</strong></span> <span class='ocrx_word' id='word_1_781' title='bbox 3323 4720 3533 4775; x_wconf 85' lang='lat' dir='ltr'><strong>volare.</strong></span> <span class='ocrx_word' id='word_1_782' title='bbox 3585 4718 3772 4773; x_wconf 71' lang='lat' dir='ltr'><strong>Scitis-</strong></span> 
     </span>
    </p>
   </div>
   <div class='ocr_carea' id='block_1_109' title="bbox 2173 4810 3747 4885">
    <p class='ocr_par' dir='ltr' id='par_1_109' title="bbox 2173 4810 3747 4885">
     <span class='ocr_line' id='line_1_109' title="bbox 2173 4810 3747 4885; baseline -0.005 -14"><span class='ocrx_word' id='word_1_783' title='bbox 2173 4816 2319 4872; x_wconf 89' lang='lat' dir='ltr'><strong>enim</strong></span> <span class='ocrx_word' id='word_1_784' title='bbox 2353 4824 2415 4871; x_wconf 88' lang='lat' dir='ltr'><strong>ut</strong></span> <span class='ocrx_word' id='word_1_785' title='bbox 2440 4817 2600 4871; x_wconf 89' lang='lat' dir='ltr'><strong>annis</strong></span> <span class='ocrx_word' id='word_1_786' title='bbox 2636 4815 2871 4885; x_wconf 77' lang='lat' dir='ltr'><strong>singulis</strong></span> <span class='ocrx_word' id='word_1_787' title='bbox 2893 4813 3187 4884; x_wconf 72' lang='lat' dir='ltr'><strong>super-his</strong></span> <span class='ocrx_word' id='word_1_788' title='bbox 3213 4812 3443 4867; x_wconf 82' lang='lat' dir='ltr'><strong>collecta</strong></span> <span class='ocrx_word' id='word_1_789' title='bbox 3491 4810 3747 4873; x_wconf 82' lang='lat' dir='ltr'><strong>ecclesia,</strong></span> 
     </span>
    </p>
   </div>
   <div class='ocr_carea' id='block_1_110' title="bbox 2175 4904 3746 4977">
    <p class='ocr_par' dir='ltr' id='par_1_110' title="bbox 2175 4904 3746 4977">
     <span class='ocr_line' id='line_1_110' title="bbox 2175 4904 3746 4977; baseline -0.006 -13"><span class='ocrx_word' id='word_1_790' title='bbox 2175 4908 2318 4964; x_wconf 89' lang='lat' dir='ltr'><strong>haud</strong></span> <span class='ocrx_word' id='word_1_791' title='bbox 2352 4908 2655 4963; x_wconf 89' lang='lat' dir='ltr'><strong>minoribus</strong></span> <span class='ocrx_word' id='word_1_792' title='bbox 2681 4906 3027 4977; x_wconf 66' lang='lat' dir='ltr'><strong>pedestribus</strong></span> <span class='ocrx_word' id='word_1_793' title='bbox 3049 4905 3224 4974; x_wconf 85' lang='lat' dir='ltr'><strong>copiis</strong></span> <span class='ocrx_word' id='word_1_794' title='bbox 3249 4918 3390 4973; x_wconf 87' lang='lat' dir='ltr'><strong>opus</strong></span> <span class='ocrx_word' id='word_1_795' title='bbox 3406 4904 3746 4965; x_wconf 77' lang='lat' dir='ltr'><strong>dicere-mus,</strong></span> 
     </span>
    </p>
   </div>
   <div class='ocr_carea' id='block_1_111' title="bbox 2174 4996 3744 5058">
    <p class='ocr_par' dir='ltr' id='par_1_111' title="bbox 2174 4996 3744 5058">
     <span class='ocr_line' id='line_1_111' title="bbox 2174 4996 3744 5058; baseline -0.006 0"><span class='ocrx_word' id='word_1_796' title='bbox 2174 5018 2238 5058; x_wconf 90' lang='lat' dir='ltr'><strong>ac</strong></span> <span class='ocrx_word' id='word_1_797' title='bbox 2265 5001 2473 5057; x_wconf 79' lang='lat' dir='ltr'><strong>Xerxes</strong></span> <span class='ocrx_word' id='word_1_798' title='bbox 2497 4999 2781 5056; x_wconf 65' lang='lat' dir='ltr'><strong>eduxisset</strong></span> <span class='ocrx_word' id='word_1_799' title='bbox 2817 5007 3010 5053; x_wconf 86' lang='lat' dir='ltr'><strong>contra</strong></span> <span class='ocrx_word' id='word_1_800' title='bbox 3041 4997 3263 5053; x_wconf 58' lang='lat' dir='ltr'><strong>Graecos</strong></span> <span class='ocrx_word' id='word_1_801' title='bbox 3296 5013 3311 5051; x_wconf 91' lang='lat'><strong>:</strong></span> <span class='ocrx_word' id='word_1_802' title='bbox 3342 4996 3581 5051; x_wconf 83' lang='lat' dir='ltr'><strong>navibus</strong></span> <span class='ocrx_word' id='word_1_803' title='bbox 3612 5012 3744 5051; x_wconf 81' lang='lat' dir='ltr'><strong>vero</strong></span> 
     </span>
    </p>
   </div>
   <div class='ocr_carea' id='block_1_112' title="bbox 2172 5086 3748 5166">
    <p class='ocr_par' dir='ltr' id='par_1_112' title="bbox 2172 5086 3748 5166">
     <span class='ocr_line' id='line_1_112' title="bbox 2172 5086 3748 5166; baseline -0.001 -18"><span class='ocrx_word' id='word_1_804' title='bbox 2172 5093 2440 5166; x_wconf 87' lang='lat' dir='ltr'><strong>pluribus,</strong></span> <span class='ocrx_word' id='word_1_805' title='bbox 2505 5108 2668 5161; x_wconf 90' lang='lat' dir='ltr'><strong>quam</strong></span> <span class='ocrx_word' id='word_1_806' title='bbox 2714 5092 2920 5162; x_wconf 89' lang='lat' dir='ltr'><strong>quibus</strong></span> <span class='ocrx_word' id='word_1_807' title='bbox 2948 5091 3120 5148; x_wconf 78' lang='lat' dir='ltr'><strong>Graeci</strong></span> <span class='ocrx_word' id='word_1_808' title='bbox 3182 5098 3473 5159; x_wconf 64' lang='lat' dir='ltr'><strong>cut-perunt</strong></span> <span class='ocrx_word' id='word_1_809' title='bbox 3502 5086 3748 5159; x_wconf 72' lang='lat' dir='ltr'><strong>Troiam:</strong></span> 
     </span>
    </p>
   </div>
   <div class='ocr_carea' id='block_1_113' title="bbox 2172 5181 3749 5256">
    <p class='ocr_par' dir='ltr' id='par_1_113' title="bbox 2172 5181 3749 5256">
     <span class='ocr_line' id='line_1_113' title="bbox 2172 5181 3749 5256; baseline -0.005 -14"><span class='ocrx_word' id='word_1_810' title='bbox 2172 5184 2425 5256; x_wconf 83' lang='lat' dir='ltr'><strong>pecuniis</strong></span> <span class='ocrx_word' id='word_1_811' title='bbox 2451 5185 2587 5240; x_wconf 82' lang='lat' dir='ltr'><strong>adeo</strong></span> <span class='ocrx_word' id='word_1_812' title='bbox 2611 5185 2821 5250; x_wconf 83' lang='lat' dir='ltr'><strong>multis,</strong></span> <span class='ocrx_word' id='word_1_813' title='bbox 2855 5193 2915 5238; x_wconf 90' lang='lat' dir='ltr'><strong>ut</strong></span> <span class='ocrx_word' id='word_1_814' title='bbox 2947 5198 3052 5238; x_wconf 82' lang='lat' dir='ltr'><strong>nec</strong></span> <span class='ocrx_word' id='word_1_815' title='bbox 3083 5183 3427 5253; x_wconf 79' lang='lat' dir='ltr'><strong>singulorum</strong></span> <span class='ocrx_word' id='word_1_816' title='bbox 3457 5181 3749 5236; x_wconf 77' lang='lat' dir='ltr'><strong>facultates</strong></span> 
     </span>
    </p>
   </div>
   <div class='ocr_carea' id='block_1_114' title="bbox 2172 5271 3750 5347">
    <p class='ocr_par' dir='ltr' id='par_1_114' title="bbox 2172 5271 3750 5347">
     <span class='ocr_line' id='line_1_114' title="bbox 2172 5271 3750 5347; baseline -0.004 -16"><span class='ocrx_word' id='word_1_817' title='bbox 2172 5277 2226 5331; x_wconf 87' lang='lat' dir='ltr'><strong>in</strong></span> <span class='ocrx_word' id='word_1_818' title='bbox 2259 5285 2745 5347; x_wconf 57' lang='lat' dir='ltr'><strong>argentumversa‘.</strong></span> <span class='ocrx_word' id='word_1_819' title='bbox 2766 5274 3099 5331; x_wconf 78' lang='lat' dir='ltr'><strong>sumcerent.</strong></span> <span class='ocrx_word' id='word_1_820' title='bbox 3153 5273 3248 5331; x_wconf 86' lang='lat' dir='ltr'><strong>Sic</strong></span> <span class='ocrx_word' id='word_1_821' title='bbox 3278 5288 3409 5329; x_wconf 81' lang='lat' dir='ltr'><strong>vero</strong></span> <span class='ocrx_word' id='word_1_822' title='bbox 3441 5273 3608 5327; x_wconf 89' lang='lat' dir='ltr'><strong>rebus</strong></span> <span class='ocrx_word' id='word_1_823' title='bbox 3650 5271 3750 5325; x_wconf 85' lang='lat' dir='ltr'><strong>ba-</strong></span> 
     </span>
    </p>
   </div>
   <div class='ocr_carea' id='block_1_115' title="bbox 2173 5362 3750 5436">
    <p class='ocr_par' dir='ltr' id='par_1_115' title="bbox 2173 5362 3750 5436">
     <span class='ocr_line' id='line_1_115' title="bbox 2173 5362 3750 5436; baseline -0.006 -13"><span class='ocrx_word' id='word_1_824' title='bbox 2173 5367 2429 5423; x_wconf 86' lang='lat' dir='ltr'><strong>bentibus</strong></span> <span class='ocrx_word' id='word_1_825' title='bbox 2452 5374 2722 5422; x_wconf 88' lang='lat' dir='ltr'><strong>venerunt</strong></span> <span class='ocrx_word' id='word_1_826' title='bbox 2751 5362 2856 5421; x_wconf 74' lang='lat' dir='ltr'><strong>alii</strong></span> <span class='ocrx_word' id='word_1_827' title='bbox 2875 5364 3098 5436; x_wconf 83' lang='lat' dir='ltr'><strong>quidam</strong></span> <span class='ocrx_word' id='word_1_828' title='bbox 3122 5380 3154 5421; x_wconf 91' lang='lat' dir='ltr'><strong>e</strong></span> <span class='ocrx_word' id='word_1_829' title='bbox 3203 5364 3536 5436; x_wconf 76' lang='lat' dir='ltr'><strong>longinquis,</strong></span> <span class='ocrx_word' id='word_1_830' title='bbox 3561 5363 3750 5416; x_wconf 81' lang='lat' dir='ltr'><strong>nobis-</strong></span> 
     </span>
    </p>
   </div>
   <div class='ocr_carea' id='block_1_116' title="bbox 2170 5456 3741 5529">
    <p class='ocr_par' dir='ltr' id='par_1_116' title="bbox 2170 5456 3741 5529">
     <span class='ocr_line' id='line_1_116' title="bbox 2170 5456 3741 5529; baseline -0.001 -15"><span class='ocrx_word' id='word_1_831' title='bbox 2170 5473 2301 5529; x_wconf 87' lang='lat' dir='ltr'><strong>que,</strong></span> <span class='ocrx_word' id='word_1_832' title='bbox 2330 5474 2431 5529; x_wconf 87' lang='lat' dir='ltr'><strong>pro</strong></span> <span class='ocrx_word' id='word_1_833' title='bbox 2462 5473 2530 5513; x_wconf 92' lang='lat' dir='ltr'><strong>eo</strong></span> <span class='ocrx_word' id='word_1_834' title='bbox 2554 5468 2721 5528; x_wconf 87' lang='lat' dir='ltr'><strong>atque</strong></span> <span class='ocrx_word' id='word_1_835' title='bbox 2754 5458 3049 5526; x_wconf 81' lang='lat' dir='ltr'><strong>exspoliati</strong></span> <span class='ocrx_word' id='word_1_836' title='bbox 3075 5469 3323 5513; x_wconf 86' lang='lat' dir='ltr'><strong>essemus</strong></span> <span class='ocrx_word' id='word_1_837' title='bbox 3361 5456 3741 5512; x_wconf 83' lang='lat' dir='ltr'><strong>condolentes.</strong></span> 
     </span>
    </p>
   </div>
   <div class='ocr_carea' id='block_1_117' title="bbox 2171 5547 3768 5623">
    <p class='ocr_par' dir='ltr' id='par_1_117' title="bbox 2171 5547 3768 5623">
     <span class='ocr_line' id='line_1_117' title="bbox 2171 5547 3768 5623; baseline -0.004 -18"><span class='ocrx_word' id='word_1_838' title='bbox 2171 5550 2288 5605; x_wconf 84' lang='lat' dir='ltr'><strong>suis</strong></span> <span class='ocrx_word' id='word_1_839' title='bbox 2323 5550 2568 5619; x_wconf 89' lang='lat' dir='ltr'><strong>ipsorum</strong></span> <span class='ocrx_word' id='word_1_840' title='bbox 2622 5548 2885 5619; x_wconf 86' lang='lat' dir='ltr'><strong>periculis</strong></span> <span class='ocrx_word' id='word_1_841' title='bbox 2938 5557 3104 5614; x_wconf 87' lang='lat' dir='ltr'><strong>atque</strong></span> <span class='ocrx_word' id='word_1_842' title='bbox 3161 5548 3492 5616; x_wconf 82' lang='lat' dir='ltr'><strong>sumptibus,</strong></span> <span class='ocrx_word' id='word_1_843' title='bbox 3541 5547 3768 5623; x_wconf 76' lang='lat' dir='ltr'><strong>iterum</strong></span> 
     </span>
    </p>
   </div>
   <div class='ocr_carea' id='block_1_118' title="bbox 2172 5636 3744 5710">
    <p class='ocr_par' dir='ltr' id='par_1_118' title="bbox 2172 5636 3744 5710">
     <span class='ocr_line' id='line_1_118' title="bbox 2172 5636 3744 5710; baseline -0.004 -13"><span class='ocrx_word' id='word_1_844' title='bbox 2172 5642 2332 5697; x_wconf 87' lang='lat' dir='ltr'><strong>nobis</strong></span> <span class='ocrx_word' id='word_1_845' title='bbox 2365 5641 2752 5702; x_wconf 85' lang='lat' dir='ltr'><strong>reddiderunt,</strong></span> <span class='ocrx_word' id='word_1_846' title='bbox 2795 5654 2920 5708; x_wconf 69' lang='lat' dir='ltr'><strong>qua:</strong></span> <span class='ocrx_word' id='word_1_847' title='bbox 2979 5640 3135 5710; x_wconf 89' lang='lat' dir='ltr'><strong>prius</strong></span> <span class='ocrx_word' id='word_1_848' title='bbox 3185 5638 3568 5693; x_wconf 86' lang='lat' dir='ltr'><strong>amiseramus.</strong></span> <span class='ocrx_word' id='word_1_849' title='bbox 3598 5636 3744 5703; x_wconf 83' lang='lat' dir='ltr'><strong>Quid</strong></span> 
     </span>
    </p>
   </div>
   <div class='ocr_carea' id='block_1_119' title="bbox 2171 5728 3744 5805">
    <p class='ocr_par' dir='ltr' id='par_1_119' title="bbox 2171 5728 3744 5805">
     <span class='ocr_line' id='line_1_119' title="bbox 2171 5728 3744 5805; baseline -0.004 -15"><span class='ocrx_word' id='word_1_850' title='bbox 2171 5748 2302 5803; x_wconf 75' lang='lat' dir='ltr'><strong>ergo</strong></span> <span class='ocrx_word' id='word_1_851' title='bbox 2321 5750 2458 5805; x_wconf 84' lang='lat' dir='ltr'><strong>opus</strong></span> <span class='ocrx_word' id='word_1_852' title='bbox 2480 5734 2757 5803; x_wconf 84' lang='lat' dir='ltr'><strong>prioribus</strong></span> <span class='ocrx_word' id='word_1_853' title='bbox 2776 5748 2876 5787; x_wconf 90' lang='lat' dir='ltr'><strong>nos</strong></span> <span class='ocrx_word' id='word_1_854' title='bbox 2899 5730 3308 5788; x_wconf 85' lang='lat' dir='ltr'><strong>calamitatibus</strong></span> <span class='ocrx_word' id='word_1_855' title='bbox 3330 5728 3659 5794; x_wconf 84' lang='lat' dir='ltr'><strong>inseramus,</strong></span> <span class='ocrx_word' id='word_1_856' title='bbox 3678 5744 3744 5783; x_wconf 84' lang='lat' dir='ltr'><strong>ac</strong></span> 
     </span>
    </p>
   </div>
   <div class='ocr_carea' id='block_1_120' title="bbox 2172 5818 3746 5895">
    <p class='ocr_par' dir='ltr' id='par_1_120' title="bbox 2172 5818 3746 5895">
     <span class='ocr_line' id='line_1_120' title="bbox 2172 5818 3746 5895; baseline -0.004 -16"><span class='ocrx_word' id='word_1_857' title='bbox 2172 5825 2391 5879; x_wconf 88' lang='lat' dir='ltr'><strong>illorum</strong></span> <span class='ocrx_word' id='word_1_858' title='bbox 2422 5824 2642 5895; x_wconf 82' lang='lat' dir='ltr'><strong>quidem</strong></span> <span class='ocrx_word' id='word_1_859' title='bbox 2685 5823 2931 5878; x_wconf 84' lang='lat' dir='ltr'><strong>virorum</strong></span> <span class='ocrx_word' id='word_1_860' title='bbox 2970 5819 3432 5891; x_wconf 80' lang='lat' dir='ltr'><strong>magniﬁcentiam</strong></span> <span class='ocrx_word' id='word_1_861' title='bbox 3480 5818 3746 5873; x_wconf 83' lang='lat' dir='ltr'><strong>obscure-</strong></span> 
     </span>
    </p>
   </div>
  </div>
