4068 6478
383 374 524 442 1015

1663 389 2049 455 DEMETRII
2090 395 2412 456 CYDONH

3398 407 3405 417 ’
3510 404 3651 472 1016

385 503 542 556 mus,
579 490 786 561 quibus
841 501 899 549 et
954 494 1178 551 titulum
1249 512 1350 554 nos
1383 499 1675 570 oportebat
1738 504 1972 574 erigere,

2084 511 2433 579 μαινομένων
2471 513 2668 579 ποιεῖν,
2701 512 2752 568 οἳ
2792 512 2892 585 τὴν
2940 513 3614 587 ἐσθῆτα.περιῤῥηγνύντε
3636 532 3653 566 τ

376 596 575 638 θοι-απ)
617 595 1039 642 monumentum
1070 587 1488 654 beneficiorum,
1508 594 1711 663 quibus
1737 611 1837 649 nos
1868 600 1966 649 de-

376 675 677 732 vinxcrunt
706 694 721 744 ;
755 677 859 749 ipsi
889 695 1043 745 vero,
1082 697 1205 752 qua:
1232 683 1344 738 sint
1371 684 1705 740 furiosorum
1744 696 1969 757 praeste-

380 782 532 837 mus,
550 769 646 839 qui
684 768 914 827 discissa
941 781 1110 840 veste,
1136 774 1270 830 nudi
1300 776 1534 847 turpiter
1560 778 1847 844 incedant;
1881 779 1968 833 sin

2071 600 2480 671 ἀσχημονοῦσι·
2548 605 2650 659 xiv
2700 623 2784 667 τις
2838 605 3039 684 αὐτοὺς
3086 607 3432 683 περιστέλλῃ,
3484 609 3536 662 οί
3591 610 3651 663 δὲ

2075 693 2241 745 πάλιν
2296 695 2673 764 γυμνοῦν-ται,
2725 699 2822 752 καὶ
2879 697 3141 754 δάκνουσι
3183 702 3311 764 τοὺς
3364 703 3433 756 δι’
3469 700 3654 759 οἶκτον

2074 784 2551 855 ἐπιμελουμένους
2575 790 2792 858 αὑτῶνς

379 872 567 920 autem
601 868 729 937 quis
761 866 1028 935 induerit,
1058 885 1252 926 rursus
1277 873 1579 939 nudentur,
1609 888 1673 928 ac
1699 890 1795 929 eos
1824 873 2137 943 mordeant,
2166 882 2258 949 qui
2286 883 2664 942 misericordia
2693 890 2911 947 illorum
2942 908 3128 949 curam
3159 900 3348 964 agunt.

447 958 636 1030 Turpe
661 960 767 1017 hoc
789 963 1035 1033 quidem,
1072 971 1132 1017 ut
1160 979 1324 1034 quem
1378 965 1590 1035 liqueat
1622 967 1802 1037 ipsum
1856 967 1965 1025 sibi

285 1052 291 1080 ί
378 1064 491 1105 non
517 1051 787 1119 sutiieere,
819 1055 914 1111 sed
944 1056 1097 1110 velut
1134 1056 1261 1111 aliis
1294 1057 1626 1126 quibusdam
1658 1058 1968 1130 paedagogis

288 1134 289 1137 “
377 1158 564 1214 egere,
592 1144 684 1214 qui
714 1160 802 1201 res
818 1147 939 1217 ejus
965 1148 1279 1202 custodiant
1308 1165 1321 1201 :
1357 1157 1418 1203 ut
1444 1159 1627 1203 autem
1650 1166 1966 1220 quanquam

377 1234 728 1307 adiutoribus
756 1237 900 1302 aliis,
928 1252 991 1293 ac
1025 1241 1343 1296 arcentibus
1374 1242 1622 1296 volentes
1648 1242 1856 1297 inferre
1884 1243 1970 1297 in-

372 1326 602 1395 juriam,
636 1327 897 1397 omnique
923 1329 1086 1383 modo
1115 1340 1174 1384 ut
1196 1332 1335 1385 bene
1363 1346 1428 1386 ac
1461 1348 1721 1401 prospere
1762 1333 1966 1388 habeat

378 1416 820 1485 providentibus,
844 1418 959 1488 ipse
987 1434 1046 1474 se
1084 1420 1150 1474 de
1187 1419 1461 1477 industria
1478 1421 1569 1476 det
1599 1423 1963 1492 praecipitem,

380 1507 714 1578 impleatque
753 1510 997 1566 hostium
1028 1519 1174 1578 vota,
1226 1512 1331 1567 huc
1387 1514 1498 1584 jam
1556 1516 1723 1568 etiam
1771 1531 1964 1570 eorum

378 1597 475 1665 qui
501 1596 689 1654 furore
715 1599 1021 1663 insaniunt,
1055 1602 1306 1672 exempla
1332 1612 1575 1671 superet.
1642 1603 1745 1659 Per
1796 1605 1966 1660 Deum

376 1703 533 1759 rogo,
559 1698 621 1744 ut
652 1691 820 1746 etiam
848 1692 1097 1754 veniant,
1137 1701 1235 1747 aut
1258 1695 1322 1747 ad
1360 1708 1462 1747 nos
1488 1695 1695 1764 legatos
1722 1694 1966 1759 mittant,

375 1780 473 1848 qui
494 1791 740 1850 ereptam
766 1782 1019 1837 barbaris
1045 1782 1381 1854 Callipolim,
1408 1784 1568 1839 nobis
1596 1785 1965 1848 tradiderunt,

375 1885 443 1927 ac
464 1870 649 1927 dicant
684 1890 697 1926 :
730 1873 863 1939 Nos,
897 1875 1019 1938 uiri,
1054 1876 1207 1930 nulla
1246 1875 1388 1929 vobis
1419 1875 1798 1931 necessitudine
1838 1893 1967 1929 con-

368 1960 599 2031 juncti:
628 1978 795 2035 neque
841 1967 982 2019 enim
1040 1964 1238 2036 aliquis
1294 1964 1445 2021 nobis
1496 1966 1646 2036 apud
1675 1964 1964 2037 Byzantios

375 2070 728 2127 commeatus,
763 2080 858 2118 nec
884 2064 1067 2132 aliquo
1098 2082 1130 2119 a
1154 2065 1303 2125 vobis
1337 2064 1611 2133 beneﬁcio,
1637 2074 1729 2120 aut
1760 2066 1966 2120 auxilio

379 2165 614 2226 accepto,
640 2172 851 2211 necesse
882 2158 1162 2213 habuimus
1190 2175 1383 2213 munus
1416 2158 1742 2225 rependere;
1774 2161 1904 2229 quin
1932 2176 1965 2212 a

376 2248 640 2319 principio
676 2265 742 2303 ne
768 2249 899 2321 quid
937 2249 1147 2306 velletis
1210 2252 1426 2322 quidem
1467 2250 1823 2321 intelligentes
1851 2251 1967 2304 sine

375 2341 686 2411 interprete,
711 2342 852 2413 quod
876 2342 1051 2398 solum
1086 2343 1281 2399 Christi
1336 2343 1606 2399 nobiscum
1643 2342 1872 2397 cultores
1928 2359 1963 2396 a

373 2429 645 2487 Barbaris
669 2432 973 2488 conculcari
1001 2434 1327 2489 audierimus
1360 2451 1379 2490 :
1405 2451 1468 2489 ac
1525 2444 1723 2490 terram
1753 2434 1967 2506 quidem

375 2532 610 2579 uestram
640 2523 750 2578 illis
780 2524 920 2594 ferre
947 2524 1148 2595 fructus
1174 2541 1238 2579 ac
1269 2524 1454 2590 lucra;
1510 2526 1662 2581 urbes
1690 2534 1868 2580 autem
1899 2528 1966 2580 ab

376 2614 491 2670 illis
518 2631 631 2677 esse
662 2631 899 2680 eversus,
937 2633 1002 2670 ac
1029 2631 1255 2684 corpora
1280 2617 1496 2687 quidem
1540 2619 1694 2687 siqua
1729 2616 1968 2687 gladium

377 2709 699 2781 effugerunt,
730 2707 926 2780 ubique
973 2706 1220 2777 dispersa
1276 2708 1581 2761 servitutem
1609 2708 1844 2773 servire;
1892 2708 1965 2761 ad

377 2801 491 2855 hwc
520 2807 701 2854 autem
739 2799 971 2863 animas,
1002 2815 1107 2869 qua
1138 2801 1208 2862 vi,
1261 2815 1368 2867 qua
1399 2799 1648 2851 suasione
1696 2814 1758 2851 ac
1790 2800 1965 2869 quoti-

379 2892 546 2946 diana
571 2908 689 2945 cum
712 2889 820 2946 illis
848 2891 1226 2945 consuetudine
1256 2889 1456 2961 pollui;
1483 2891 1557 2944 sic
1580 2899 1760 2944 autem
1787 2907 1964 2961 angu-

380 2991 522 3038 stam
550 2983 693 3038 vobis
724 2982 992 3049 regionem
1023 2991 1247 3043 restare,
1277 2991 1332 3035 ut
1363 2998 1429 3035 ne
1477 2981 1689 3052 quidem
1731 2982 1963 3047 tributis,

379 3092 499 3148 quc
527 3076 807 3146 pcndenda
842 3074 1088 3131 barbaris
1114 3075 1318 3131 habetis
1351 3074 1584 3145 sufﬁciat
1607 3093 1626 3141 ;
1652 3091 1967 3145 omnemque

2140 975 2377 1045 Αίσχοὸν
2427 980 2525 1045 μὲν
2555 982 2665 1050 γὰρ
2697 984 2793 1036 καὶ
2839 985 2900 1037 τὸ
2931 984 3090 1053 δῆλον
3123 980 3267 1038 εἶναί
3298 1002 3417 1038 τινα
3470 985 3641 1056 ἑαυτᾷ

2074 1066 2148 1136 μὴ
2177 1068 2472 1137 ἀρκοῦντα,
2501 1071 2616 1126 ἀλλ’
2640 1073 2833 1143 ῶσπερ
2865 1075 3031 1129 τινῶν
3056 1076 3418 1143 παιδαγωγῶν
3449 1078 3655 1144 ἑτέρων

2067 1159 2296 1224 δεῖσθαι,
2359 1160 2408 1214 o'l
2465 1166 2642 1233 τούτῳ
2691 1165 2760 1218 τὰ
2789 1165 2923 1219 ὅντα
2983 1169 3323 1237 τηρήσουσι*
3358 1168 3420 1220 τὸ
3465 1168 3522 1221 δὲ
3558 1170 3655 1222 καὶ

2068 1252 2247 1305 ἄλλων
2299 1252 2660 1325 βοηθούντων,
2714 1258 2810 1311 καὶ
2862 1260 2988 1321 τοὺς
3037 1260 3244 1312 ἀδικεῖν
3296 1259 3655 1329 βουλομένους

2069 1345 2411 1414 εἰργόντων,
2469 1348 2566 1400 καὶ
2619 1347 2799 1402 πάντα
2850 1349 3053 1418 τρόπον
3103 1351 3252 1413 ὅπως
3308 1348 3369 1403 εὖ
3425 1351 3651 1420 πράξειε

2071 1436 2471 1506 προνοούντων,
2506 1439 2672 1493 αὐτὸν
2703 1439 3032 1510 κρημνίζειν
3067 1443 3259 1497 ἑαυτὸν
3283 1449 3291 1455 ’
3315 1443 3648 1511 ἐξεπίτηδες,

2071 1530 2167 1583 καὶ
2193 1532 2305 1591 τοῖς
2332 1529 2550 1601 ἐχθροῖς
2581 1534 2826 1603 πληροῦν
2858 1534 2960 1598 τὰς
2994 1535 3185 1606 εὐχὰς,
3230 1534 3374 1588 τοῦτ’
3405 1536 3506 1607 ἤδη
3555 1539 3651 1591 καὶ

2069 1620 2177 1671 τῶν
2227 1623 2575 1691 μαινομένων
2629 1626 3060 1697 παραδείγματα
3096 1627 3286 1695 σαφῶς
3338 1626 3645 1695 ὑπεραίρει.

2071 1712 2215 1780 Πρὸς
2241 1712 2408 1766 Θεοῦ·
2447 1716 2495 1768 εί
2530 1716 2591 1769 δὲ
2635 1717 2698 1787 δὴ
2732 1719 2827 1771 καὶ
2859 1717 3128 1779 ἐλθόντες,
3157 1717 3190 1787 ἢ
3239 1718 3333 1770 καὶ
3389 1717 3649 1788 πρέσϐεις

2002 1841 2042 1894 Β
2071 1804 2388 1894 πέμψαντες
2419 1807 2557 1873 πρὸς
2586 1809 2757 1876 ἡμᾶς,
2797 1811 2849 1862 oi
2881 1809 2979 1864 καὶ
3012 1810 3348 1864 Καλλίπολιν
3376 1810 3484 1863 τῶν
3516 1811 3648 1881 βαρε-

2070 1890 2256 1959 ϐἀρων
2304 1894 2652 1960 ἀφελόμενοι,
2685 1896 2782 1948 καὶ
2830 1897 2966 1965 ἡμῖν
3009 1897 3369 1967 παραδόντες,
3403 1897 3644 1964 λέγοιεν·

2075 2002 2095 2035 ι
2121 1984 2333 2053 Ἡμεῖς,
2352 1979 2398 2039 ὧ
2420 1985 2632 2056 ἄνδρες,
2654 1986 2808 2041 οὐδὲν
2826 1988 2957 2057 ὑμῖν
2977 1989 3370 2059 προσήκοντεςο
3393 1990 3514 2041 οὐδὲ
3543 1990 3648 2060 γὰρ

2069 2073 2327 2144 προξενία
2366 2075 2430 2144 γέ
2486 2093 2573 2137 τις
2626 2072 2696 2145 ἦν
2749 2078 2882 2147 ἡμῖν
2932 2078 3088 2148 παρά
3136 2080 3472 2144 Βυζαντίοις,
3527 2080 3649 2131 οὑδὲ

2068 2165 2292 2238 χάριτός
2319 2184 2466 2229 τινος
2495 2168 2529 2237 ἢ
2570 2166 2828 2238 βοηθείας
2857 2169 2994 2236 ἡμῖν
3029 2170 3163 2239 παρ’
3186 2168 3358 2238 ’ὑμῶν
3401 2168 3647 2239 ὑπαρξά-

2073 2275 2194 2327 σης.
2235 2257 2344 2311 ἔδει
2377 2256 2478 2327 τὴν
2511 2256 2721 2328 δωρεὰν
2752 2258 3205 2326 ἀνταναπληροῦν
3230 2275 3243 2290 ·
3269 2258 3366 2328 τὴν
3399 2258 3568 2328 ἀρχὴν
3593 2257 3650 2310 δὲ

2069 2347 2178 2401 οὐδ’
2212 2347 2345 2401 ἄνευ
2378 2346 2670 2417 ἑρμηνέων
2708 2347 2737 2399 ὅ
2780 2363 2834 2401 τι
2875 2345 3132 2417 βούλεσθε
3173 2348 3467 2408 συνιέντες,
3500 2347 3647 2397 ἐπει-

2069 2438 2135 2507 δὴ
2184 2439 2347 2505 μόνον
2397 2436 2488 2489 τὸν
2543 2435 2780 2505 Χριστὸν
2840 2435 2960 2504 μεθ’
2992 2437 3150 2507 ἡμῶν
3186 2434 3649 2507 προσκυνοῦντας,

2070 2523 2345 2594 ἠκούομεν
2394 2524 2499 2577 ὑπὸ
2551 2524 2660 2578 τῶν
2698 2524 2992 2596 βαρϐάρων
3037 2525 3505 2579 καταπατεῖσθαιο
3556 2525 3650 2580 καὶ

2068 2617 2170 2684 τὴν
2204 2615 2302 2684 μὲν
2332 2616 2607 2687 ὑμετέραν
2634 2617 2739 2687 γῆν
2769 2617 3000 2679 ἐκείνοις
3028 2616 3213 2687 φέρειν
3242 2619 3370 2681 τοὺς
3401 2617 3652 2686 καρποὺς

2069 2709 2167 2762 καὶ
2201 2709 2270 2764 τά
2294 2709 2483 2779 κέρδη,
2509 2710 2607 2773 τὰς
2649 2710 2707 2763 δὲ
2739 2711 2924 2773 πόλεις
2950 2709 3044 2763 ὑπ’
3081 2711 3306 2763 ἐκείνων
3344 2708 3654 2777 ἀνασταθῆ-

2072 2818 2161 2855 vat
2184 2817 2200 2833 '
2236 2801 2333 2853 καὶ
2378 2800 2482 2853 τῶν
2536 2799 2634 2869 μὲν
2668 2802 2938 2869 σωμάτων
2969 2802 3070 2854 ὅσα
3111 2800 3173 2853 τὸ
3223 2800 3375 2870 ξίφος
3407 2800 3652 2866 διέφυγε,

2073 2894 2387 2963 πανταχόσε
2439 2893 2812 2963 διασπαρέντα
2861 2892 3175 2947 δουλεύειν’
3229 2894 3332 2955 τὰς
3381 2892 3436 2945 δὲ
3472 2891 3652 2961 ψυχὰς

2072 2985 2193 3057 ἅμα
2236 2986 2449 3045 τούτοις
2478 2985 2547 3038 τά
2578 2984 2676 3055 μὲν
2719 2984 2834 3057 βίᾳ,
2865 2985 2937 3037 τὰ
2960 2985 3018 3037 δὲ
3051 2983 3231 3037 πειθοῖ
3276 2984 3370 3037 καὶ
3422 2986 3486 3054 τῇ
3526 2982 3651 3035 καθ’

2074 3081 2293 3151 ἡμέραν
2342 3078 2480 3150 πρὸς
2527 3078 2751 3142 τούτους
2796 3077 2989 3149 ὁμιλίᾳ
3029 3077 3379 3148 μιαίνεσθαιο
3428 3073 3655 3128 τοσοῦτο

380 3174 634 3222 ornatum
666 3174 899 3230 uestrum
931 3160 1002 3221 ad
1029 3164 1150 3220 illos
1186 3167 1583 3237 commigrasse,
1613 3183 1676 3220 ac
1726 3166 1967 3237 deinceps

2075 3173 2119 3227 δ’
2154 3174 2285 3242 ὑμῖν
2325 3172 2424 3240 τῆς
2458 3169 2643 3241 χώρας
2690 3170 3004 3239 λειφθῆναι,
3035 3171 3158 3224 ὅσον
3192 3170 3328 3240 μηδὲ
3359 3168 3495 3237 πρὸς
3524 3167 3653 3229 τοὺς

330 3320 335 3325 ,
379 3257 569 3315 habere
593 3258 650 3312 in
663 3260 819 3323 votis,
844 3257 1100 3312 utsaltem
1119 3258 1318 3311 servire
1337 3258 1756 3327 permittamini;
1784 3259 1973 3312 horum

385 3352 539 3420 fama
572 3350 644 3406 ad
668 3351 776 3405 ποῖ
800 3349 1037 3421 perlata,
1094 3358 1437 3428 nostramque
1464 3350 1703 3420 ipsorum
1741 3349 1973 3404 calami-

386 3454 559 3499 tatem
586 3454 765 3498 oestra
801 3442 1052 3497 arbitrati
1084 3441 1271 3508 mala;
1321 3458 1384 3496 ac
1415 3458 1508 3496 nec
1553 3443 1869 3511 exspectatis
1903 3442 1977 3495 le-

336 3582 345 3607 ,
381 3535 525 3605 gatis
578 3534 767 3605 quibus
835 3549 931 3589 nos
987 3549 1052 3590 ea
1083 3534 1361 3598 doceretis,
1412 3535 1591 3606 patria
1626 3535 1846 3604 quisque
1875 3549 1974 3586 sua

383 3627 579 3699 egressi
614 3641 831 3689 sumus,
864 3624 1240 3696 dereliquimus
1296 3641 1419 3679 vero
1447 3634 1713 3697 parentes,
1758 3642 1975 3687 amicos,

380 3718 621 3789 aliosque
647 3717 993 3781 necessarios,
1012 3718 1225 3773 tametsi
1250 3717 1431 3771 sedere
1459 3726 1736 3786 rogarent,
1767 3732 1831 3769 ac
1858 3731 1978 3769 cum

387 3811 650 3883 cognatis,
671 3809 822 3864 bonis
847 3825 967 3877 qua:
996 3810 1140 3863 domi
1167 3808 1394 3871 iucunde
1422 3807 1695 3868 haberent,
1731 3807 1838 3874 frui
1883 3821 1977 3858 nec

384 3905 576 3959 anxios
599 3919 735 3966 esse,
769 3912 863 3957 aut
896 3904 1059 3956 etiam
1086 3900 1211 3955 belli
1235 3899 1590 3963 incommoda,
1622 3914 1685 3952 ac
1707 3898 1978 3967 fortunam

384 3999 622 4053 aliorum
650 3997 795 4051 nobis
832 3997 1113 4051 asciscere.
1177 3993 1352 4048 Porro
1392 4001 1569 4046 autem
1613 4000 1765 4044 erant
1789 3990 1976 4061 pleris-

383 4106 484 4161 que
507 4098 747 4144 nostrum
791 4089 957 4143 etiam
987 4103 1181 4141 uxores
1216 4102 1279 4140 ac
1310 4084 1481 4146 liberi,
1501 4092 1560 4137 ut
1581 4082 1688 4137 illis
1721 4085 1974 4146 virorum,

383 4180 500 4236 istis
533 4190 749 4251 patrum
783 4195 947 4251 opera
975 4194 1038 4232 ac
1066 4193 1199 4231 cura
1227 4192 1360 4246 opus
1390 4183 1547 4229 esset.
1606 4173 1766 4229 Scitis
1797 4184 1976 4228 autem

386 4274 590 4329 larium
617 4288 853 4335 amores,
884 4279 1040 4341 utque
1064 4269 1144 4325 vel
1163 4268 1577 4323 adamantinum
1630 4277 1805 4331 pectus
1844 4284 1979 4322 uxor

385 4366 638 4439 lacrymis
663 4364 928 4428 emolliat,
958 4364 1346 4432 liberorumque
1375 4361 1735 4426 imbecillitas,
1784 4372 1976 4431 pater-

388 4476 485 4517 nos
518 4461 730 4515 obtutus
764 4459 1088 4514 necessarios
1127 4455 1345 4509 habens.
1381 4454 1664 4508 Enimvero
1707 4452 1841 4507 nihil
1892 4454 1981 4507 lto-

2080 3266 2284 3337 φόρους
2307 3262 2400 3327 οὒς
2433 3263 2608 3316 οἴσετε
2641 3264 2756 3326 τοῖς
2797 3261 3100 3333 βαρϐάροις
3137 3262 3362 3332 ἀρκεῖνο
3395 3258 3571 3312 πάντα
3595 3257 3655 3311 δὲ

2074 3360 2170 3412 τὸν
2201 3357 2471 3426 ὑμέτερον
2516 3355 2722 3424 κόσμον
2757 3354 2897 3424 πρὸς
2928 3354 3177 3419 ἐκείνους
3214 3351 3652 3423 μετατεθεῖσθαι,

2079 3450 2180 3504 καὶ
2210 3448 2401 3503 λοιπὸν
2446 3444 2614 3516 εὐχὴν
2649 3446 2778 3514 ὑμῖν
2807 3443 2951 3499 εἶναι
2979 3444 3041 3498 τὸ
3065 3443 3196 3513 γοῦν
3227 3441 3496 3497 δουλεύειν
3526 3456 3658 3508 συγ-

2078 3538 2395 3612 χωρηθῆναι
2414 3552 2429 3569 ⁸
2466 3536 2646 3591 ταῦτα
2674 3538 2772 3606 τῆς
2801 3537 2992 3607 φήμης
3021 3535 3370 3599 ἀκούσαντες,
3394 3535 3489 3588 καὶ
3518 3549 3656 3600 συμ-

2080 3631 2253 3701 φορὰν
2285 3630 2422 3683 ίδίαν
2460 3629 2529 3682 τὰ
2556 3630 2730 3682 οἰκεῖα
2772 3628 3125 3698 λογισάμενοι
3159 3626 3307 3696 πάθη
3340 3668 3355 3694 ,
3397 3620 3490 3679 καὶ
3520 3622 3654 3695 μηδὲ

2077 3722 2177 3791 τὴν
2207 3721 2365 3775 ταῦτ’
2394 3720 2629 3789 ὲροῦσαν
2655 3719 2955 3791 πρεσϐείαν
2981 3718 3112 3791 παρ’
3143 3718 3299 3789 ὑμῶν
3333 3714 3661 3785 ἀναμείναν-

2077 3833 2193 3882 τες,
2220 3814 2521 3885 ἐξήλθομεν
2557 3814 2658 3883 μὲν
2706 3810 2815 3865 τῶν
2850 3811 3128 3882 πατρίδων
3151 3851 3167 3877 ,
3209 3807 3574 3878 κατελίπομεν
3601 3805 3659 3860 δὲ

2080 3910 2275 3978 γονέας
2312 3908 2409 3960 καὶ
2448 3907 2638 3976 φίλους
2689 3905 2785 3959 καὶ
2844 3905 2969 3966 τοὺς
3023 3904 3219 3966 ἄλλους
3274 3900 3655 3969 ἐπιτηδείους,

2078 3999 2371 4070 δεομένους
2399 3996 2700 4067 καθῆσθαι,
2732 3996 2826 4049 καὶ
2854 3994 2962 4048 τῶν
2994 3993 3135 4049 οἴκοι
3188 3994 3324 4064 μετὰ
3369 3992 3477 4044 τῶν
3524 4008 3654 4057 συγ-

2082 4091 2260 4161 γενῶν
2310 4091 2615 4144 ἀπολαύειν
2661 4088 2857 4159 ἡδέων,
2913 4079 3007 4141 xci!
3053 4087 3128 4157 μὴ
3174 4081 3657 4157 περιεργάζεσθαι,

2083 4185 2219 4257 μηδὲ
2253 4185 2364 4239 τῶν
2399 4183 2507 4237 ἀπὸ
2536 4182 2631 4235 τοῦ
2672 4180 2913 4248 πολέμου
2964 4180 3154 4233 κακῶν
3199 4179 3293 4232 καὶ
3320 4180 3418 4247 τῆς
3442 4175 3661 4245 ’ἐτέρων

2079 4278 2253 4347 τύχης
2303 4276 2685 4345 κληρονομεῖν.
2721 4268 2905 4325 Ἦσαν
2957 4271 3014 4324 δὲ
3061 4272 3174 4334 τοῖς
3220 4270 3458 4324 πλείοσιν
3503 4266 3658 4338 ἡμῶν

2082 4370 2179 4424 καὶ
2214 4370 2476 4436 γυναῖκες
2493 4365 2618 4420 ““καὶ
2641 4366 2832 4425 τέκνα,
2867 4363 2926 4416 αἱ
2959 4363 3059 4433 μὲν
3106 4361 3337 4431 ἀνδρῶν,
3368 4361 3435 4412 τὰ
3469 4358 3524 4411 δὲ
3556 4375 3663 4411 πα-

2080 4461 2258 4534 τέρων
2285 4460 2537 4529 δεόμενα.
2578 4456 2688 4511 Καὶ
2739 4455 2853 4509 ῐστε
2883 4455 3011 4515 τοὺς
3042 4454 3144 4523 τῆς
3195 4454 3374 4516 οίκίας
3431 4452 3660 4521 ἔρωτας,
3716 4520 3723 4525 ,

358 4570 513 4617 .rum
544 4562 720 4608 restra
752 4551 931 4623 potius
957 4548 1241 4604 habuimus
1295 4545 1486 4600 salute.
1546 4545 1688 4611 Quin
1732 4544 1972 4615 neglectis

2087 4552 2185 4605 καὶ
2211 4550 2286 4613 ὡς
2312 4551 2413 4622 τὴν
2453 4551 2513 4617 ὲξ
2544 4537 2855 4619 ἀδάμαντος
2891 4547 3116 4616 καρδίαν
3165 4546 3303 4616 γυνὴ
3343 4544 3661 4615 δακρύσασα
3705 4541 3720 4552 ’

394 4645 661 4713 omnibus,
723 4659 786 4698 ac
829 4641 1025 4713 grandi
1071 4639 1240 4694 classe
1285 4654 1536 4709 magnum
1562 4638 1980 4691 transmittentes

395 4739 641 4810 pelagus,
669 4736 940 4805 marisque
962 4749 1026 4787 ac
1052 4739 1430 4801 tempestatum
1454 4747 1545 4784 nos
1580 4731 1789 4784 casibus
1825 4743 1982 4795 etpo-

393 4842 600 4893 nentes,
634 4827 790 4883 nulla
808 4826 952 4881 nobis
976 4826 1223 4880 condicta
1247 4825 1508 4886 mercede,
1542 4841 1605 4878 ac
1621 4838 1713 4876 nec
1737 4829 1977 4891 sperata,

399 4930 618 4991 excepta
649 4919 884 4975 utilitate
915 4927 1114 4984 vestra,
1164 4919 1402 4973 uenimus
1442 4933 1536 4988 pro
1573 4916 1718 4971 vobis
1759 4912 1980 4979 armati,

399 5016 547 5072 haud
580 5030 725 5070 secus
758 5028 823 5067 ac
852 5028 949 5083 pro
972 5012 1116 5068 nobis
1145 5012 1272 5082 ipsis
1306 5030 1367 5066 ac
1384 5012 1690 5082 parentibus
1721 5025 1739 5063 :
1774 5005 1983 5061 multis-

395 5127 499 5178 que
527 5117 652 5164 ante
674 5107 979 5162 descensum
1004 5123 1032 5160 e
1058 5106 1274 5163 navibus
1307 5106 1537 5175 defuncti
1569 5102 1839 5173 periculis,
1863 5117 1984 5155 eum

398 5198 657 5257 Barbaris
709 5215 906 5270 magna
950 5199 1340 5268 prohibentibus
1394 5199 1587 5251 virtute
1618 5237 1633 5261 ,
1699 5211 1802 5249 non
1869 5194 1984 5247 sine

372 5338 379 5343 .
397 5292 600 5363 grandi
623 5291 930 5346 discrimine
961 5308 1024 5346 ac
1064 5291 1242 5346 labore
1260 5290 1447 5360 primis
1496 5304 1676 5342 eorum
1706 5285 1982 5356 repressis,

376 5387 470 5440 .ad
501 5384 1092 5454 prtesidiumenimus,
1110 5392 1223 5439 tum
1241 5383 1453 5451 quidem
1479 5381 1619 5435 vobis
1640 5380 1784 5433 omni
1810 5379 1985 5447 must

402 5480 610 5543 pretio;
649 5493 791 5532 nunc
822 5486 1023 5541 autem,
1055 5480 1194 5549 quod
1231 5477 1488 5537 habeatis,
1542 5491 1607 5529 ne
1636 5475 1693 5527 in
1725 5473 1987 5529 accessio-

398 5572 482 5626 nis
510 5570 723 5637 quidem
758 5578 965 5642 partem
996 5570 1268 5635 habitum,
1331 5568 1544 5639 Deoque
1575 5568 1702 5620 bene
1732 5564 1984 5635 propitio,

398 5661 538 5718 illud
564 5663 779 5735 quidem
811 5666 1063 5736 cepimus,
1095 5665 1369 5732 hostesque
1405 5660 1549 5730 turpi
1577 5659 1704 5729 fuga
1749 5656 1987 5710 recedere

397 5757 684 5828 coegimus.
717 5773 780 5811 ac
803 5758 1013 5813 demum
1043 5766 1241 5811 uestros
1271 5752 1383 5808 illic
1400 5754 1633 5823 captivos
1664 5748 1988 5818 recepimus;

2088 4644 2381 4716 μαλάξειεν
2452 4644 2597 4709 ἆν,.
2639 4642 2751 4694 καὶ.
2779 4642 2988 4694 τέκνων
3054 4639 3312 4693 ἀσθένεια
3382 4636 3664 4706 πατρικῶν

2084 4733 2383 4804 ὀφθαλμῶν
2428 4732 2685 4802 δεομένη.
2719 4728 2863 4783 Ἀλλ’
2895 4731 3044 4799 ὅμως
3080 4728 3232 4781 οὐδὲν
3276 4726 3484 4780 τούτων
3532 4727 3667 4795 ἡμῖν

2086 4828 2195 4897 πρὸ
2225 4827 2324 4896 τῆς
2354 4826 2628 4904 ὑμετέρας
2668 4824 2864 4892 γέγονε
2902 4821 3212 4891 σωτηρίας·
3265 4818 3402 4871 ἀλλά
3447 4818 3668 4870 πάντων

2046 4930 2051 4934 ’
2088 4917 2467 4988 ὑπεριδόντες,
2497 4915 2592 4970 καὶ
2636 4914 2860 4984 μεγάλῳ
2894 4912 3065 4982 στόλῳ
3098 4910 3243 4980 μέγα
3277 4907 3516 4974 πέλαγος
3544 4907 3666 4958 δια-

2089 5012 2309 5075 ϐάντες,
2360 5010 2456 5063 καὶ
2487 5011 2610 5070 ταῖς
2644 5008 2743 5073 τῆς
2793 5004 3068 5074 θαλάττης
3114 5003 3211 5056 καὶ
3239 5001 3346 5054 τῶν
3380 5000 3667 5070 χειμώνων

2084 5104 2279 5174 τύχαις
2314 5103 2461 5172 ἡμᾶς
2493 5099 2688 5163 αὐτοὺς
2719 5096 3033 5162 ὑποθέντες,
3068 5093 3285 5154 οὐδενὸς
3317 5094 3457 5163 ἡμῖν
3484 5106 3669 5160 προει-

2091 5195 2357 5267 ρημένου,
2393 5192 2509 5248 ἀλλ’
2560 5190 2672 5244 οὐδ’
2722 5187 3107 5257 ἐλπιζομένου,
3165 5186 3305 5254 πλὴν
3361 5182 3462 5250 τῆς
3512 5179 3665 5250 ὑμῶν

2088 5287 2382 5357 ὠφελείας,
2426 5285 2640 5355 μισθοῦ,
2672 5282 2884 5352 ἥκομεν
2933 5279 3076 5349 ὑπὲρ
3110 5280 3265 5349 ὑμῶν
3301 5277 3399 5347 οὐχ
3441 5269 3663 5347 ἦττονῆ

2089 5378 2250 5447 ἡμῶν
2279 5375 2460 5429 αὐτῶν
2488 5375 2583 5426 καὶ
2611 5372 2720 5426 τῶν
2754 5372 2981 5440 γονέων,
3018 5371 3085 5423 τὰ
3111 5368 3250 5423 ὅπλα
3283 5368 3539 5434 θέμενοι·
3573 5361 3667 5415 καὶ

2091 5472 2222 5539 πρὶν
2251 5468 2366 5521 τῶν
2395 5468 2531 5519 νεῶν
2566 5464 2864 5534 ἀποϐῆναι,
2909 5462 3082 5515 πολλὰ
3119 5461 3255 5531 πρὸς
3293 5462 3421 5522 τοὺς
3468 5456 3670 5528 βαρϐά-

2095 5577 2222 5631 ρους
2270 5558 2710 5621 κιδυνεύσαντες,
2756 5554 2972 5626 μεγάλῃ
3003 5552 3233 5622 δυνάμει
3263 5550 3361 5619 τὴν
3403 5548 3668 5602 ἀπόϐασιν

2091 5653 2405 5723 εἴργοντας,
2428 5650 2543 5703 οὐκ
2575 5649 2704 5704 ἀνευ
2736 5647 2998 5700 κινδύνων
3027 5647 3123 5699 καὶ
3137 5644 3301 5697 πόνου
3327 5639 3521 5695 πολλοῦ
3546 5639 3671 5700 τοὺς

2093 5746 2346 5815 πρώτους
2374 5742 2555 5794 αὐτῶν
2602 5740 2926 5811 βιασάμενοι
2972 5737 3161 5793 ὲτιὶ.τδ
3196 5737 3386 5804 τεῖχος
3422 5733 3662 5803 ἥκομεν·

386 5851 674 5922 armisque
702 5867 765 5906 ac
799 5868 1039 5917 annona,
1062 5850 1309 5921 virisque,
1329 5862 1390 5900 ac
1416 5841 1657 5899 omnibus
1680 5839 1972 5897 necessarii;

2096 5839 2155 5894 τὸ
2189 5839 2311 5889 τότε
2368 5833 2467 5906 μὲν
2522 5834 2650 5901 ὑμῖν
2699 5830 2920 5887 πάντων
2966 5826 3209 5897 ἀνάξιον,
3262 5824 3357 5880 νῦν
3389 5820 3435 5876 δ’
3486 5819 3670 5888 ἐπειδὴ
