4068 6504
467 365 606 437 1017

1365 372 1654 435 ORATIO
1694 374 1796 437 DE
1834 374 1989 436 NON
2032 344 2452 436 REDDENDA
2491 366 2915 433 CALLIPOLI.

2954 214 2974 241 \

3597 367 3738 437 1038

458 483 606 539 τοῦτ’
635 483 812 555 ἔχετε,
845 483 970 555 μηδ’
1006 487 1065 541 ὲν
1113 486 1435 558 προσθήκης
1472 489 1631 560 μέρει
1685 489 1878 545 δοκοῦν
1900 506 1912 522 ’
1949 492 2041 545 καὶ

2155 491 2456 559 praesidium
2487 488 2830 552 instruentes,
2864 482 3043 539 urbem
3073 483 3213 539 vobis
3250 482 3594 547 tradidimus,
3619 500 3728 554 qua

460 572 596 630 Θεοῦ
632 576 889 647 τυχόντες
920 577 1204 648 εὐμενοῦς,
1252 580 1469 649 εἵλομεν
1501 570 1603 650 μὲν
1648 583 1862 648 ἐκεῖνο,
1917 585 2042 646 τούς

461 666 519 719 δὲ
569 665 863 736 πολεμίους
900 667 1146 738 αἰσχρῶς
1204 671 1401 737 φυγεῖν
1437 671 1853 740 ἠναγκάσαμεν.
1898 651 2051 726 ’Λνε

460 759 815 829 λαμϐάνομεν
843 758 900 811 δὲ
939 759 1066 822 τοὺς
1106 761 1393 831 ὑμετέρων
1424 761 1611 815 αὐτόθι
1652 763 2004 829 δουλεύοντας
2028 782 2043 797 ο

462 848 653 908 ὅπλοις
680 846 760 906 δὲ.
799 850 893 903 καὶ
931 849 1086 916 σίτῳ,
1119 851 1214 902 καὶ
1239 850 1473 920 σώμασι,
1509 852 1605 903 καὶ
1645 853 1811 903 πᾶσιν
1834 845 1909 904 ὧν
1940 852 2046 906 ἔδει

460 937 523 991 τὸ
567 941 743 1009 τεῖχος
795 940 1283 1007 ἐπισκευάσαντες,
1321 943 1729 1013 παρεδώκαμεν
1762 942 1892 1012 ὑμῖν
1947 945 2046 1010 τὴν

467 1028 623 1083 πόλιν
648 1028 724 1090 ὡς
767 1030 944 1102 οἰκείᾳ
970 1032 1276 1103 κεχρῆσθαι
1298 1048 1314 1063 ⁶
1367 1035 1463 1087 καὶ
1491 1034 1552 1086 τὸ
1581 1033 1718 1095 τέως
1763 1033 1871 1087 ὐπὸ
1911 1034 2050 1092 πάν-

465 1139 579 1177 των
627 1123 1024 1195 θρυλλούμενον
1067 1127 1369 1196 ἀμήχανον,
1403 1130 1478 1189 ὡς
1524 1116 1626 1196 τῆς
1665 1125 2048 1190 Καλλιπόλεως

464 1214 787 1286 ἀφεστώσης
834 1216 1114 1286 ἀμήχανον
1150 1218 1225 1287 μὴ
1272 1217 1581 1283 δουλεῦσαι,
1636 1218 1728 1271 καὶ
1766 1216 1794 1270 ὃ
1846 1217 2047 1280 πάντες

463 1305 525 1360 ’ἐν
561 1325 612 1360 τι
669 1307 777 1359 τῶν
815 1308 1091 1362 ἀδυνάτων
1144 1308 1347 1379 ᾤοντο,
1404 1310 1613 1380 ταύτην
1670 1310 2045 1371 ὲπανασῶσαι,

464 1397 613 1450 τοῦτ’
643 1398 746 1470 ἤδη
780 1399 933 1470 παρά
975 1399 1133 1464 δόξαν
1163 1400 1578 1469 ἐκπέπρακται’
1607 1402 1700 1455 καὶ
1734 1403 1915 1472 κύριοι
1948 1404 2049 1464 μὲν

394 1564 397 1565 ν
466 1493 623 1563 ὑμεῖς
660 1492 758 1546 τοῦ
811 1493 1100 1564 πορθμοῦ·
1157 1493 1337 1559 ἔξεστι
1378 1494 1434 1547 δὲ
1474 1497 1591 1554 τοῖς
1640 1495 1829 1550 αὐτόθι
1864 1496 2048 1566 λιμέσι

466 1584 804 1655 χρωμένους,
848 1584 949 1648 τὰς
986 1585 1097 1638 τῶν
1153 1585 1444 1656 βαρϐάρων
1482 1585 1741 1658 λῃστείας
1792 1590 1886 1643 καὶ
1922 1591 2049 1653 τούς

467 1674 701 1738 ἔκπλους
727 1675 1026 1743 ἀνείργειν·
1074 1695 1093 1728 ι
1128 1678 1178 1729 εί
1220 1677 1284 1747 δὴ
1325 1678 1498 1732 ταῦτα
1544 1680 1776 1747 λέγοιεν,
1811 1681 1907 1733 καὶ
1937 1674 2048 1751 ’τὴν

466 1763 650 1831 αίτδίαν
698 1764 1093 1818 πυνθάνοιντοο
1151 1783 1169 1816 ι
1223 1764 1289 1817 Τί
1331 1765 1545 1835 δήποτ’,
1580 1761 1624 1820 ὧ
1658 1768 1909 1838 χρηστοὶ,
1952 1767 2048 1820 καὶ

2154 582 2432 636 uteremini
2459 588 2713 649 tanquam
2741 577 2993 649 propria;
3032 573 3277 645 quodque
3333 576 3587 629 hactenus
3638 575 3740 628 im-

2154 673 2399 743 possibile
2430 687 2521 725 ore
2545 671 2781 724 omnium
2811 669 3078 734 ferebatur
3106 706 3121 729 ,
3179 665 3299 734 ﬁeri
3330 682 3433 719 non
3462 682 3632 735 posse,
3680 673 3739 719 ut

2154 767 2429 831 de/ieiente
2461 762 2714 833 Gallipoli
2772 761 3093 832 libertatem,
3135 760 3451 824 tutaremini;
3498 748 3559 812 ne
3600 759 3741 828 quod

2158 858 2392 910 universi
2423 857 2561 908 inter
2594 850 2947 921 impossibilia
2992 850 3277 912 habebant,
3318 860 3377 903 ut
3422 866 3484 902 ea
3520 865 3740 919 recupe-

2156 950 2269 1003 rari
2291 956 2482 1019 posset,
2512 948 2609 1000 iioe
2658 945 2813 1000 modo
2866 953 3059 1014 prwter
3089 943 3388 1012 opinionem
3444 943 3743 1011 prmstitnm

2155 1050 2265 1104 est;
2296 1056 2358 1092 ac
2375 1038 2588 1107 quidem
2619 1054 2709 1090 vos
2733 1036 2854 1101 [reti
2880 1035 3079 1088 domini
3103 1037 3246 1097 estis,
3272 1034 3595 1104 potestisque
3618 1048 3746 1101 por-
3779 1075 3783 1079 .

2171 1131 2327 1201 tubas
2351 1129 2463 1183 illic
2497 1130 2676 1197 positis
2708 1129 2834 1181 bene
2860 1136 3083 1190 utentes,
3109 1126 3568 1189 barbarorumque
3601 1127 3746 1179 cohi-

2156 1221 2276 1274 bere
2324 1219 2601 1273 latrocinia
2653 1235 2716 1272 ac
2765 1218 3084 1287 eruptiones.
3145 1216 3449 1285 Siquidem,
3495 1215 3741 1285 inquam,

2156 1311 2259 1365 ista
2317 1310 2580 1374 dixerint,
2646 1311 2964 1378 fuerintque
3012 1323 3232 1362 causam
3269 1307 3569 1376 percontati
3615 1324 3631 1362 ι
3677 1306 3743 1360 Ut

2154 1401 2280 1468 quid
2311 1417 2397 1455 vos
2467 1402 2673 1471 optimi,
2729 1400 3045 1467 nullumque
3096 1398 3312 1468 agendis
3386 1398 3743 1466 pra'stitutum

2154 1493 2296 1547 vobis
2327 1492 2555 1546 volentes
2577 1491 2761 1559 ﬁnem,
2792 1491 3142 1547 ea.conseeuti
3173 1505 3399 1560 quorum
3423 1487 3745 1542 teuebamini

2155 1583 2440 1643 desiderio,
2471 1583 2611 1637 vobis
2633 1583 2826 1635 iterum
2856 1581 3151 1634 libertatem
3186 1578 3451 1643 invidetis,
3478 1594 3544 1632 ac
3590 1592 3744 1630 man—

2155 1675 2324 1743 cipari
2359 1674 2565 1728 vultis?
2593 1673 2704 1728 Iloc
2726 1673 2865 1726 enim
2895 1672 3034 1725 vobis
3070 1671 3203 1730 vult.
3236 1669 3376 1740 quod
3405 1670 3599 1722 iterum
3645 1683 3741 1721 ur-

2157 1766 2271 1821 bem
2300 1769 2354 1821 iu
2390 1782 2579 1821 manus
2633 1767 2857 1819 trudotis
2893 1764 3157 1819 barbaris.
3217 1761 3359 1829 Quid
3406 1761 3610 1817 dicturi
3649 1776 3744 1815 su-

467 1856 605 1923 πρδς
637 1856 809 1926 μηδὲν
845 1857 997 1918 τέλος
1028 1856 1264 1925 ὁρῶντες
1295 1860 1351 1908 ὲν
1379 1851 1460 1920 οἷς
1486 1858 1782 1925 πράττετε,
1815 1851 1889 1910 ὧν
1920 1859 2051 1928 πρ²ν

2162 1856 2320 1910 nius?
2370 1855 2510 1922 Quid
2548 1871 2647 1925 per
2687 1856 2855 1909 Deum
2890 1852 3248 1923 responsuri?
3305 1851 3470 1906 Plane
3512 1863 3743 1905 necesse

468 1946 795 2017 ἐπεθυμεῖτε
839 1948 1122 2018 τυχόντες,
1160 1949 1324 2000 πάλιν
1366 1948 1495 2017 ὑμῖν
1530 1948 1714 2011 αὐτοῖς
1754 1949 1853 2017 τῆς
1900 1949 2054 2001 ἐλευ-

469 2035 653 2105 θερίας
678 2036 948 2102 φθονεῖτε,
985 2038 1079 2090 καὶ
1111 2036 1386 2089 δουλεύειν
1414 2037 1703 2106 αἱρεῖσθε;
1755 2037 2057 2104 Τοῦτογὰρ

468 2127 596 2191 ὑμῖν
632 2127 883 2197 βούλεται
922 2128 981 2180 τὸ
1030 2131 1145 2190 τοῖς
1192 2126 1492 2197 βαρϐάροις
1528 2128 1691 2181 πάλιν
1730 2129 2053 2199 ἐγχειρίζειν

466 2221 568 2288 τὴν
599 2221 790 2272 πόλινο
841 2240 870 2293 ι.
906 2223 959 2271 τί
983 2220 1247 2291 ἐροῦμεν,
1281 2219 1312 2289 ἢ
1353 2221 1406 2272 τί
1438 2219 1885 2289 ἀποκρινούμεθα
1919 2221 2053 2289 πρὸς

472 2306 641 2375 Θεοῦ;
678 2311 903 2372 Πάντως
940 2310 1153 2379 ἀνάγκη
1192 2310 1422 2362 κύπτειν
1457 2313 1537 2373 εἰς
1559 2311 1687 2379 γῆν,
1727 2313 1813 2361 καὶ
1846 2326 2058 2379 συγχω-

472 2402 588 2460 ρεῖν
648 2402 769 2470 μετ’
826 2402 1090 2470 αίσχύνης
1131 2396 1209 2465 οἷς
1253 2402 1512 2467 λέγουσι,
1566 2402 1643 2471 τῷ
1700 2403 1865 2472 μηδὲν
1909 2401 2054 2471 ἔχειν

468 2490 680 2545 δίκαιον
709 2494 1010 2547 ἀντειπεῖν.
1040 2494 1151 2545 Καὶ
1194 2494 1298 2562 μὴν
1329 2492 1387 2545 οὐ
1419 2496 1556 2561 πρὸς
1592 2493 1836 2555 ἐκείνους
1868 2494 2050 2562 μόνον,

470 2582 609 2635 ἀλλά
642 2583 735 2635 καὶ
764 2581 903 2652 πρὸς
936 2585 1142 2645 πάντας
1167 2583 1294 2646 τούς
1327 2583 1425 2654 τὴν
1462 2582 1733 2653 Εὐρώπην
1762 2584 2048 2645 οἰκοῦντας

469 2672 874 2743 Χριπιανὸύς,
932 2674 1142 2728 οἴεσθαι
1196 2674 1302 2744 χρὴ
1355 2675 1447 2727 τον
1498 2675 1660 2751 αὐτὸν
1722 2676 1852 2741 ὐμῖν
1908 2674 2051 2729 εἶναι

467 2761 648 2833 λόγον.
680 2763 752 2816 Ἀ
794 2781 854 2816 τε
904 2766 1013 2833 γὰρ
1058 2764 1306 2833 ἔπραξαν
1358 2766 1405 2817 οἱ
1441 2764 1586 2834 δεῦρ’
1643 2762 2052 2829 ἐκπλεύσαντες

468 2854 720 2918 ἐκείνων,
770 2853 1010 2918 ἅπαντες
1051 2854 1234 2907 ἴσασι·
1273 2857 1369 2908 καὶ
1407 2856 1502 2909 νῦν
1546 2855 1611 2909 ἂν
1650 2857 1717 2910 τὰ
1741 2866 1894 2927 μετα
1931 2875 2055 2909 τοσ-

468 2944 642 3000 ούτων
700 2946 962 3001 κινδύνων
1010 2946 1282 3015 κτηθέντα
1319 2948 1647 3016 προώμεθα,
1695 2951 1914 3014 πάντως
1951 2952 2050 3003 οὐκ

468 3038 821 3109 ἁγνοήσουσι.
846 3038 1011 3101 Τίνας
1046 3038 1226 3090 τ’ίνυν
1260 3038 1404 3091 οὕτω
1430 3040 1641 3102 δεινοὺς
1681 3041 1861 3107 λέγειν
1896 3043 2049 3110 πέμ-

468 3130 600 3200 ψετε
624 3128 869 3195 Ἰταλοῖς,
897 3129 1187 3191 Γαλάταις,
1215 3130 1535 3199 Γερμανοῖς,
1569 3130 1824 3195 Κέλταις,
1864 3133 2050 3184 Ἱσπα-

473 3196 606 3286 νοῖς,
645 3223 759 3284 τοῖς
810 3222 868 3273 ὲν
903 3222 1039 3284 ταῖς
1084 3196 1356 3290 ἠπείροις,
1407 3223 1535 3283 τοῖς
1563 3222 1620 3275 ὲν
1668 3225 1790 3287 ταῖς
1840 3224 2048 3293 νήσοις,
2075 3196 2120 3257 C

467 3317 579 3380 τοῖς
603 3315 709 3380 ἔξω
747 3315 1049 3382 Γαδείρων,
1075 3313 1274 3377 οἵτινες
1306 3314 1446 3383 ὑπὲρ
1478 3316 1578 3384 τῆς
1612 3315 1875 3386 αἰσχύνης
1915 3317 2046 3368 ταύ-

467 3424 567 3477 της
601 3408 692 3459 καὶ
720 3407 821 3475 τῆς
849 3405 1109 3468 ἀπονοίας
1147 3405 1284 3475 πρὸς
1313 3405 1522 3469 πάντας
1563 3406 1999 3475 ἀπολογήσονται
2028 3449 2042 3473 ,

472 3501 585 3553 Καὶ
634 3497 809 3551 ταῦτα
855 3497 964 3549 τῶν
1007 3498 1103 3566 μὲν
1138 3497 1504 3568 ἐγκλημάτων
1549 3498 1738 3551 οὐδένα
1767 3496 1926 3565 λόγον
1964 3500 2053 3549 ὲν-

470 3592 800 3660 δεχομένων,
837 3588 1062 3642 ἐκείνων
1109 3589 1164 3642 δὲ
1209 3588 1319 3640 τῶν
1355 3589 1454 3657 μὲν
1487 3591 1600 3653 τοῖς
1651 3588 2049 3658 ἀπολλυμένοις

470 3682 911 3752 συναχθομένων,
940 3682 1048 3734 τῶν
1078 3681 1123 3734 δ’
1145 3680 1540 3750 ὀργιζομένων,
1564 3681 1651 3748 ἐφ’
1672 3675 1750 3743 οἷς
1781 3684 2045 3750 ματαίους

469 3774 657 3837 αὐτοῖς
698 3770 841 3843 ὐπὲρ
884 3772 1042 3843 ἡμῶν
1092 3773 1480 3843 πεποιήκαμεν
1529 3773 1752 3835 πόνους.
1799 3771 1964 3834 Τίνας
2002 3772 2049 3824 δ’

468 3867 601 3936 ἡμῖν
626 3864 805 3918 οἴεσθε
834 3865 930 3918 καὶ
954 3867 1107 3934 παρὰ
1141 3863 1585 3935 τῆςἘκκλησίας
1634 3863 1775 3932 ἀρὰς
1805 3863 2051 3935 ἐπαχθή-

473 3956 678 4020 σεσθαι,
710 3956 926 4025 ὁρώσης
948 3956 1045 4025 οὐχ
1074 3956 1220 4024 ἡμᾶς
1251 3955 1452 4019 αὐτοὺς
1478 3956 1640 4026 μόνον
1668 3954 1736 4009 δι’
1763 3948 1839 4008 ὧν
1865 3956 2051 4008 ποιοῦ-

2161 1956 2219 2001 ιιι
2262 1948 2507 2003 ἀειιιίςεο
2534 1940 2587 2002 in
2624 1957 2831 2002 terram
2872 1946 3052 2008 vultu,
3108 1944 3253 1998 dicta
3292 1944 3477 1996 omnia
3531 1940 3743 2011 pudore

2157 2022 2535 2098 admittimus.
2573 2039 2777 2108 quibus
2808 2038 2945 2092 nihil
2995 2039 3206 2108 justum
3261 2034 3326 2088 ad
3361 2034 3741 2087 defensionem

2157 2139 2436 2198 Sllppt‘lttl.
2467 2128 2763 2194 Caeterum,
2797 2129 2998 2182 nedum
3030 2126 3097 2179 ad
3137 2125 3283 2190 illos,
3342 2139 3537 2177 verum
3571 2122 3741 2176 etiam

2156 2221 2220 2273 ad
2255 2236 2446 2274 omnes
2482 2228 2591 2273 tota
2626 2218 2844 2287 Europa
2878 2217 3248 2280 Christianos,
3275 2229 3401 2270 eum
3434 2212 3589 2269 vobis
3623 2229 3742 2268 ser-

2156 2328 2375 2365 monem
2405 2326 2551 2375 esse,
2588 2311 2887 2379 putandum
2929 2311 3019 2363 sit.
3087 2309 3282 2361 Sciunt
3330 2306 3477 2361 enim
3523 2320 3741 2371 omnes,

2153 2417 2276 2471 quae
2312 2402 2421 2456 illis
2447 2402 2553 2455 huc.
2584 2401 3012 2454 excurrentibus
3046 2409 3196 2469 gesta
3220 2399 3333 2452 sint
3359 2415 3374 2451 :
3400 2407 3570 2466 utque
3594 2413 3744 2453 nunc

2154 2493 2656 2560 dimittamus,qum
2680 2492 2847 2544 tantis
2866 2490 3126 2559 periculis
3152 2498 3469 2558 comparata
3493 2488 3740 2553 luerunt,

2158 2584 2306 2637 haud
2369 2584 2531 2652 plane
2574 2592 2703 2637 sunt
2728 2581 3018 2636 nescituri.
3074 2579 3225 2646 Quos
3285 2595 3417 2650 ergo
3478 2580 3747 2636 facundos

2153 2676 2291 2728 adeo
2315 2685 2567 2729 oratores
2598 2672 2818 2727 missuri
2849 2674 2987 2727 estis
3040 2672 3107 2727 ad
3144 2673 3332 2736 Italos,
3370 2672 3576 2738 Gallos,
3606 2673 3747 2728 Ger-

2153 2785 2370 2831 manos,
2400 2768 2602 2832 Celtas,
2635 2768 2907 2837 Hispanos
2944 2784 2958 2819 :
2995 2766 3060 2820 ad
3092 2782 3188 2821 eos
3221 2767 3312 2836 qui
3340 2766 3742 2831 continentem.

2152 2860 2357 2930 quique
2380 2859 2587 2913 insulas
2614 2858 2900 2923 habitant;
2938 2872 3002 2910 ac
3050 2858 3147 2926 qui
3179 2866 3332 2911 extra
3361 2856 3583 2922 Gades;
3643 2857 3744 2927 qui

2152 2966 2252 3021 pro
2285 2951 2488 3020 probro
2517 2949 2623 3005 hoc
2649 2966 2715 3004 ac
2744 2950 3008 3011 amentia,
3063 2950 3327 3004 omnibus
3368 2948 3746 3005 satisfaciant?

2151 3043 2331 3112 Atque
2353 3043 2471 3097 haec
2494 3057 2646 3107 vero,
2675 3056 2801 3094 cum
2829 3041 3215 3094 accusationes
3238 3040 3443 3093 nullam
3470 3040 3743 3095 rationem

2152 3135 2447 3190 admittant
2468 3176 2484 3199 ,
2512 3134 2728 3203 illique,
2754 3135 2953 3203 partim
2973 3133 3196 3202 quidem
3220 3132 3586 3203 pereuntibus
3608 3148 3743 3187 con-

2153 3227 2396 3287 iloleant,
2427 3230 2633 3296 partim
2660 3226 2712 3279 in
2748 3224 2859 3279 iras
2894 3224 3218 3281 efferveant.
3276 3224 3426 3292 quod
3452 3235 3744 3293 susceptos

2153 3319 2222 3370 ab
2249 3317 2330 3370 eis
2357 3332 2454 3385 pro
2485 3316 2644 3371 nobis
2667 3315 2885 3371 labores
2912 3329 3096 3369 cassos
3127 3312 3554 3367 reddiderimus.
3590 3315 3742 3379 Quas

2152 3424 2284 3463 vero
2313 3408 2482 3462 etiam
2521 3409 2588 3462 ab
2616 3407 2861 3461 Ecclesia
2894 3406 3057 3461 nobis
3091 3405 3362 3460 inﬂictum
3432 3406 3499 3458 iri
3552 3406 3745 3461 existi-

2155 3503 2317 3557 matis
2352 3501 2501 3556 diras
2524 3544 2538 3566 ,
2604 3515 2726 3570 qua:
2773 3498 2977 3562 videat,
3041 3506 3103 3551 ut
3133 3496 3335 3551 nedum
3386 3496 3489 3565 ipsi
3518 3513 3638 3556 nos.
3670 3497 3741 3551 iis

2153 3612 2275 3665 qua:
2302 3593 2536 3665 agimus,
2576 3593 2762 3662 impiis
2784 3591 3103 3663 prodamus,
3140 3605 3331 3645 verum
3367 3593 3532 3647 etiam
3575 3591 3743 3647 Chri-

2158 3684 2353 3761 Stianis
2411 3686 2706 3752 universis,
2737 3684 2865 3739 mali
2901 3684 3066 3756 hujus
3113 3683 3421 3738 efﬁciamur
3462 3696 3740 3752 auctores,

2154 3794 2287 3850 quo,
2321 3777 2467 3832 inter
2512 3777 2695 3831 omnia
2729 3790 2972 3845 unquam
3006 3774 3326 3838 commissa,
3390 3776 3528 3829 nihil
3587 3776 3747 3846 quis-

2156 3884 2321 3933 quam
2388 3864 2704 3932 scelestius,
2759 3879 2858 3921 aut
2913 3866 3153 3920 alienum
3186 3864 3358 3932 magis
3385 3865 3454 3919 ab
3488 3865 3742 3923 humani-

2156 3969 2270 4016 tate
2293 3960 2518 4015 dixerit.

473 4067 574 4119 μεν
629 4048 976 4120 προδιδῧντας
1032 4051 1146 4119 τοῖς
1215 4046 1491 4111 ἀσεϐέσιν,
1545 4046 1679 4099 ἀλλὰ
1745 4048 1840 4100 καὶ
1900 4048 2034 4101 πᾶσι
2073 4050 2421 4119 Χριστιανοῖς
2475 4048 2568 4101 τοῦ
2639 4046 2813 4101 κακοῦ
2884 4045 3076 4101 τούτου
3123 4044 3444 4115 γινομένους
3512 4046 3739 4115 αἰτίους,

467 4138 529 4200 οὐ
552 4146 663 4200 τῶν
702 4144 925 4198 πώποτε
956 4144 1343 4213 τολμηθέντων
1379 4141 1492 4196 οὐτ’
1535 4145 1893 4212 ὲναγέστερον
1929 4143 2044 4196 οὐτ’
2081 4145 2590 4216 ἀπανθρωπότερον
2622 4145 2768 4197 είποι
2800 4160 2883 4206 τις
2907 4142 2995 4197 ἄν.

541 4241 707 4307 Τίνας
735 4241 780 4295 δ’
813 4242 952 4310 ὑπὲρ
996 4240 1153 4310 ἡμῶν
1193 4240 1356 4309 εὐχὰς
1385 4240 1417 4309 ἢ
1455 4240 1549 4292 καὶ
1584 4241 1776 4302 θυσίας
1823 4243 2043 4309 προσοί-

472 4348 574 4398 σει,
594 4330 775 4401 ὁρῶσα
802 4331 1009 4391 πάντας
1030 4328 1258 4389 ἑκόντας
1284 4327 1484 4381 οὑτωσὶ
1501 4329 1568 4382 τὰ
1586 4326 1838 4396 χείριστα
1857 4327 2044 4395 αἱρου-

471 4425 704 4493 μένουςς
760 4421 983 4477 Μᾶλλον
1022 4422 1122 4491 μὲν
1183 4415 1277 4474 οὖν
1330 4421 1444 4483 πῶς
1475 4421 1536 4473 οὐ
1572 4421 1666 4474 καὶ
1700 4420 2048 4489 καταράτους·

466 4516 727 4577 τοιούτοις
782 4512 1213 4584 ἐπιχειροῦντας.
1244 4514 1546 4582 ἡγήσεται;
1600 4513 1771 4582 Ὑπὲρ
1801 4511 1911 4581 γὰρ
1934 4512 2044 4564 τῶν

467 4608 648 4675 ἀγαθά
680 4608 832 4675 σφίσι
874 4624 933 4660 τε
965 4607 1148 4670 αὐτοῖς
1194 4609 1287 4660 καὶ
1327 4609 1435 4669 τοῖς
1473 4606 1654 4668 ἄλλοις
1683 4605 2047 4674 βουλομένων,

468 4701 559 4752 καὶ
585 4700 732 4762 ὅπως
761 4701 967 4752 τούτων
990 4700 1205 4768 τύχοιεν
1234 4698 1326 4751 τοῦ
1357 4698 1492 4750 Θεοῦ
1525 4699 1817 4766 δεομένων,
1847 4698 1909 4749 οὐ
1941 4698 2050 4749 τῶν

468 4792 781 4861 ἐξεπίτηδες
841 4793 1066 4854 ἑαυτοὺς
1099 4790 1467 4853 ἀπολλύντων,
1499 4791 1593 4843 καὶ
1633 4788 1783 4841 θύειν
1831 4790 1929 4843 καὶ
1963 4788 2050 4840 εῦ-

466 4877 660 4948 χεσθαι
706 4881 800 4931 καὶ
847 4879 1027 4932 πάντα
1080 4879 1254 4931 ποιεῖν
1288 4877 1571 4948 ἀξιοῦμεν.
1615 4877 1952 4947 Κατηγορίαι
1992 4879 2050 4929 δὲ

471 4967 564 5019 καὶ
591 4967 721 5036 ιίιριιιί⁵
750 4965 902 5036 παρὰ
927 4966 1164 5028 πάντων,
1196 4963 1249 5018 ετ
1278 4981 1362 5028 τις
1393 4964 1586 5018 ἑαυτὸν
1615 4964 1921 5033 προδιδοὺς,
1955 4962 2050 5016 καὶ

466 5058 591 5122 τοὺς
612 5059 806 5119 ἄλλους
839 5056 1476 5128 προσαναγκάζοι.Τίνας
1497 5057 1541 5109 δ’
1567 5058 1700 5125 ἡμῖν
1722 5057 1815 5108 καὶ
1848 5074 2054 5124 συγκα-

468 5149 614 5204 λέσει
649 5147 993 5219 συμμάχους,
1047 5148 1079 5220 ἢ
1120 5144 1260 5218 μὲτά
1305 5147 1463 5211 ποίας
1508 5149 1736 5217 γνώμης
1782 5148 1917 5218 ὑπὲρ
1951 5150 2049 5218 τῆς

469 5242 608 5314 πρὸς
638 5242 787 5312 ἡμᾶς
817 5240 1122 5302 διαλέξεται
1157 5238 1447 5310 βοηθείας·
1484 5238 1637 5300 τίνας
1670 5237 1839 5291 δὲκαὶ
1872 5238 2050 5290 πείσει

468 5337 642 5388 ποιεῖν
675 5335 773 5390 καὶ
801 5332 1130 5387 κινδυνεύειν
1156 5331 1300 5402 ὑπὲρ
1341 5331 1521 5402 ἡμῶν,
1547 5332 1675 5385 ὅταν
1713 5331 1793 5393 είς
1821 5330 2048 5382 τούναν-

465 5430 582 5481 τὶον
607 5429 748 5500 αὐτῇ
777 5427 877 5498 τὴν
894 5426 1155 5495 ’σπουδὴν
1206 5426 1310 5495 ὁρᾷ
1355 5423 1730 5488 τελευτῶσανς
1789 5425 1858 5476 "A
1885 5424 1993 5491 γὰρ
2022 5422 2052 5474 ὁ

469 5521 662 5591 Κύμης
691 5520 829 5592 ὑπὲρ
859 5519 1013 5589 ήμῶν
1033 5517 1302 5588 ὲπόνησεν
1337 5519 1520 5585 ἐκείνῃ
1557 5516 1823 5577 πεισθές,
1842 5515 2047 5569 τούτοον

471 5613 630 5683 ὑμεῖς
660 5613 753 5666 ἐπὶ
778 5613 903 5674 τούς
939 5610 1247 5681 βαρϐάρους
1283 5609 1627 5678 μετενεγκεῖν
1656 5607 1755 5677 τὴν
1777 5606 2049 5675 ὤφελε-αν

472 5704 757 5774 βούλεσθε.
786 5702 964 5765 Ὀλως
1012 5701 1070 5754 δὲ
1118 5699 1269 5761 τίνας
1305 5701 1413 5770 χρὴ
1476 5699 1784 5771 προσδοκᾷν
1826 5698 2050 5751 ἔσεσθαι

473 5794 790 5866 συμμάχους
825 5794 977 5864 ἡμῖν,
1025 5791 1233 5854 εἰδότας
1278 5789 1355 5854 ὡς
1382 5788 1534 5843 οὐδὲν
1563 5787 1673 5842 οὐτ’
1716 5791 1901 5852 αὐτοῖς
1931 5787 2045 5842 οὐθ’

2222 4241 2495 4307 Quasnam
2532 4256 2663 4294 vero
2694 4255 2797 4309 pro
2832 4238 2993 4293 nobis
3033 4252 3225 4308 preces
3248 4279 3264 4302 ,
3299 4253 3397 4293 seu
3453 4238 3617 4292 etiam
3653 4252 3744 4292 sa—
3822 4292 3839 4301 _

2152 4331 2357 4386 criﬁcia
2381 4371 2395 4393 ,
2421 4331 2674 4385 ablatura
2714 4332 2824 4392 sit,
2862 4345 2986 4384 eum
3023 4331 3103 4385 sic
3137 4344 3330 4385 omnes
3368 4333 3516 4386 ultro
3553 4330 3742 4386 videat

2153 4429 2517 4490 ln'zcoptantes
2568 4419 2846 4489 pessima?
2902 4419 3043 4487 Quin
3099 4419 3231 4479 imo,
3298 4420 3576 4490 quomodo
3626 4436 3741 4479 non

2149 4514 2377 4568 devotos
2425 4528 2488 4567 ac
2539 4511 2908 4567 exsecrabiles
2953 4513 3169 4576 habeat,
3215 4527 3312 4567 eos
3371 4512 3466 4580 qui
3522 4520 3742 4569 tentant

2156 4604 2325 4657 talia?
2356 4604 2465 4657 Pro
2511 4603 2578 4656 iis
2608 4602 2780 4660 enim.
2813 4599 2905 4671 qui
2937 4603 3044 4658 sibi
3075 4603 3177 4673 ipsi
3214 4618 3279 4656 ac
3323 4602 3551 4672 reliquis
3595 4603 3742 4658 bona

2153 4694 2372 4758 νυιιιιιι,
2404 4695 2691 4763 Deumque
2736 4703 2903 4747 orant
2938 4701 2996 4747 ut
3039 4708 3101 4746 ca
3147 4703 3596 4762 consequantur:
3628 4708 3742 4747 non

2153 4802 2253 4855 pro
2284 4786 2373 4847 iis,
2409 4787 2501 4854 qui
2537 4786 2604 4839 de
2642 4785 2911 4839 industria
2964 4785 3205 4855 perdunt
3237 4784 3469 4855 seipsos,
3500 4785 3746 4840 libentes.

2160 4876 2431 4929 sacrificia
2471 4892 2534 4927 ae.
2572 4890 2766 4944 preces
2796 4875 3099 4937 oderimus,
3148 4876 3362 4944 aliaque
3394 4877 3577 4929 omnia
3625 4891 3744 4929 mo-

2155 4967 2348 5039 limur.
2388 4966 2672 5037 Vituperia
2723 4977 2906 5021 autem
2954 4983 3017 5021 ac
3040 4966 3333 5021 maledicta
3366 4967 3741 5032 abomnibus,

2157 5069 2218 5112 ut
2257 5060 2383 5125 quis
2432 5059 2670 5128 prodens
2714 5060 2991 5129 scipsum,
3028 5059 3247 5114 abunde
3297 5060 3437 5115 alios
3488 5061 3542 5113 in
3592 5060 3738 5117 idem

2152 5159 2334 5221 cogat.
2384 5151 2664 5217 Quosnam
2716 5168 2850 5206 vero
2886 5152 3050 5207 etiam
3107 5151 3268 5207 nobis
3308 5134 3594 5214 advocabii
3650 5168 3743 5208 so-

2154 5243 2296 5308 cios,
2359 5258 2540 5313 quove
2590 5243 2780 5298 animo
2833 5259 2938 5314 pro
2998 5244 3269 5298 mittendo
3324 5244 3485 5299 nobis
3530 5245 3742 5300 auxilio

2152 5334 2426 5388 disseret:
2471 5334 2806 5404 quibusnam
2863 5349 2996 5387 vero
3050 5334 3216 5388 etiam
3268 5334 3621 5404 persuadeat,
3678 5343 3742 5389 ut

2151 5425 2283 5492 qu’d
2337 5424 2544 5484 [ει-οἱιηιι
2588 5440 2687 5494 pro
2737 5424 2921 5486 nobis,
2958 5440 3023 5479 ac
3071 5424 3315 5490 pericula
3348 5425 3570 5487 adeant,
3613 5440 3737 5481 eum
3774 5434 3781 5439 '

2151 5516 2401 5570 Studium
2451 5532 2613 5571 suum
2654 5532 2719 5571 ac
2768 5532 2997 5585 operam
3056 5515 3246 5570 videat
3300 5517 3355 5569 in
3392 5515 3736 5571 contrarium

2154 5609 2407 5662 versanti?
2437 5608 2568 5674 Quae
2617 5608 2765 5662 enim
2801 5608 3005 5663 Comes
3054 5608 3175 5677 ejus
3203 5623 3367 5661 suasu
3425 5622 3526 5676 pro
3574 5607 3739 5661 nobis

2153 5696 2447 5759 liboravit,
2514 5697 2711 5750 horum
2768 5712 2865 5751 vos
2927 5698 2981 5749 in
3045 5696 3321 5750 Barbaros
3384 5696 3737 5749 cinnmodum

2155 5789 2454 5845 transferre
2478 5790 2753 5859 cogitatis.
2785 5789 3026 5845 Omnino
3055 5798 3239 5843 autem
3272 5803 3541 5858 quosnam
3573 5788 3738 5844 nobis
