4068 6480
339 359 479 423 1019

1618 352 2002 416 DEMETRII
2037 354 2348 417 CYDONH

2778 288 2815 295 νυ

3467 357 3609 426 1οΏ

336 467 463 523 belli
515 465 764 523 subsidio
804 463 919 520 fore
964 478 1271 536 speramus,
1309 478 1433 518 eum
1476 464 1673 530 sciant,
1707 465 1917 520 nullum

2035 468 2156 537 ἡμῖν
2177 469 2287 523 ἐστ’
2318 469 2509 539 ὄφελος
2531 463 2608 523 ὧν
2638 467 2983 539 πονήσουσιν,
3017 466 3175 539 ἡμῶν
3205 468 3274 523 τὰ
3299 468 3408 523 τῶν
3441 472 3600 525 πολε-

336 560 614 623 laborum,
677 574 855 628 neque
911 559 1064 629 ipsis,
1121 574 1302 629 neque
1367 559 1524 614 nobis
1587 559 1918 613 exstituruni

338 654 601 712 fructum,
648 651 988 707 devictorum
1033 650 1190 704 nobis
1238 650 1463 717 praemia
1515 650 1780 710 hostium.
1814 650 1921 704 ite-

339 762 462 799 rum
496 744 919 815 projicientibus
951 743 1191 798 inimicis
1213 754 1336 814 post
1355 743 1663 798 confectum
1691 742 1914 808 bellum,

338 837 605 905 nulloque
645 837 809 890 nobis
843 836 1093 904 reliquo,
1141 850 1242 906 pro
1278 850 1387 904 quo
1420 836 1501 889 eis
1544 835 1918 905 periculorutn

338 945 474 999 ergo
504 928 710 990 gratias
764 928 1090 991 habeamus,
1130 926 1276 995 quod
1332 942 1504 981 unum
1562 926 1631 981 iis
1693 926 1788 997 qui
1820 939 1921 997 pro

339 1020 466 1075 aliis
521 1020 900 1086 decertarunt,
952 1019 1233 1089 reliquum
1282 1028 1471 1074 manet
1519 1018 1587 1074 ad
1642 1018 1925 1075 solatium.

337 1110 444 1176 Qui
482 1110 631 1165 enim
668 1092 949 1166 beneﬁcio
985 1110 1195 1174 donati,
1246 1120 1469 1180 accepta
1503 1110 1827 1181 projiciunt,
1853 1122 1924 1162 ne.

341 1200 607 1256 bene-iiiis
644 1200 865 1270 quidem
902 1216 1005 1271 pro
1060 1201 1205 1255 datis
1239 1201 1444 1271 gratias
1488 1200 1730 1255 habituri
1790 1199 1921 1254 sint.

339 1294 529 1362 Atqui,
559 1307 683 1347 cum
717 1306 896 1364 neque
927 1300 1115 1348 nostra
1149 1293 1251 1363 ipsi
1288 1293 1492 1347 virtute
1531 1291 1723 1348 hostes
1754 1291 1923 1346 ulturi

343 1383 542 1445 simus,
574 1398 637 1437 ac
675 1382 993 1438 valentibus
1022 1383 1167 1437 ferre
1192 1382 1459 1436 auxilium
1488 1382 1670 1450 palam
1714 1381 1928 1435 denun-

341 1475 539 1528 tiemus
571 1489 637 1527 ex
686 1472 755 1527 iis
788 1488 911 1543 qua:
957 1472 1213 1536 facimus,
1241 1481 1305 1527 ut
1355 1488 1457 1528 nos
1505 1471 1739 1543 fugiant,
1789 1469 1923 1541 quid

2021 560 2162 631 μίων
2185 558 2324 616 ἆθλα
2371 564 2535 618 πάλιν
2582 565 2694 626 τοῖς
2723 562 2940 634 ἐχθροῖς
2986 562 3289 633 ῥιπτόντων
3346 561 3482 632 μετά
3509 562 3601 617 τδν

2019 655 2278 726 πόλεμον,
2310 657 2403 709 καὶ
2440 655 2669 727 μηδενὸς
2714 657 2851 728 ἡμῖν
2878 654 3200 724 λειπομένου
3242 656 3382 725 ὑπὲρ
3411 648 3472 710 οὗ
3503 655 3602 725 χά-

2021 761 2109 818 ριν
2159 747 2345 809 αύτοῖς
2414 746 2680 817 εἰσόμεθα
2730 747 2841 802 τῶν
2899 746 3181 811 κινδύνων,
3227 746 3256 800 δ
3300 746 3458 816 μόνον
3488 749 3601 808 τοῖς

2020 835 2162 909 ὑπὲρ
2208 836 2317 890 τῶν
2345 837 2522 891 ἄλλων
2558 824 2956 908 ἠγωνισμένοις
2984 837 3231 892 λείπεται
3253 837 3390 908 πρὸς
3420 853 3599 905 παρα-

2023 926 2257 996 μυθίανς
2307 927 2371 979 Oi
2398 926 2509 997 γάρ
2539 922 2599 981 εὗ
2634 927 2923 995 παθόντες,
2960 928 3219 998 ῥίψαντες
3266 928 3335 981 τὰ
3360 926 3601 1001 δοθέντα,

2020 1019 2141 1072 οὖδέ
2166 1019 2278 1081 τοῖς
2308 1019 2629 1090 εὐεργέταις
2661 1020 2822 1090 χάριν
2867 1018 3243 1090 ὁμολογοῦσιν,
3280 1012 3354 1074 ὧν
3391 1018 3601 1075 ἔδοσαν.

2031 1106 2192 1160 Ἀλλὰ
2216 1108 2343 1177 μὴν,
2374 1110 2420 1160 εἰ
2442 1108 2567 1178 μήτ’
2593 1109 2748 1162 αὐτοὶ
2767 1110 2949 1183 οίκείᾳ
2975 1109 3203 1180 δυνάμει
3223 1110 3350 1173 τοὺς
3376 1107 3605 1180 ἐχθροὺς

2020 1199 2396 1269 ἀμυνούμεθα,
2450 1201 2693 1263 καὶτοῖς
2746 1203 3057 1272 συμμαχεῖν
3102 1201 3421 1271 δυναμένοις
3454 1201 3605 1254 ἀντι-

2021 1308 2158 1368 κρυς
2202 1290 2549 1361 προεροῦμεν
2577 1292 2646 1345 δι’
2686 1285 2764 1346 ὧν
2799 1292 3063 1364 ποιοῦμεν
3095 1293 3320 1363 φεύγειν
3359 1293 3527 1364 ἡμᾶς,
3552 1291 3607 1344 τί

2020 1381 2277 1453 λοιπὸν,ῆ
2312 1381 2390 1434 τὼ
2422 1384 2574 1452 χεῖρε
2598 1383 2861 1453 δήσαντες
2906 1384 3033 1448 τοὺς
3065 1386 3293 1457 ἐχθροὺς
3324 1384 3606 1447 ἱκετεύειν,

2022 1474 2118 1525 καὶ
2153 1473 2311 1542 μόνον
2343 1474 2408 1527 ἂν
2438 1474 2769 1544 συγχωρῶσι
2802 1474 2925 1547 ζῇν,
2955 1476 3147 1544 κέρδος
3176 1475 3467 1546 ήγεῖσθαις

353 1571 633 1633 superest,
672 1564 776 1619 nisi
850 1575 913 1619 ut
961 1564 1232 1620 ambabus
1279 1563 1482 1620 vinctis
1542 1563 1821 1630 manibus,
1889 1564 2164 1636 supplices
2216 1565 2469 1621 hostibus
2512 1565 2849 1633 accidamus,
2896 1582 2960 1622 ac
3003 1567 3140 1623 lucri
3187 1567 3310 1622 loco
3379 1566 3610 1639 depute-

342 1674 488 1726 mus,
518 1660 683 1715 tuodo
716 1669 931 1716 tantum
970 1660 1139 1715 vitam
1178 1660 1543 1751 indulgeant?

410 1755 685 1822 Quocirca
739 1770 867 1810 cum
919 1755 1264 1823 deliberatis,
1311 1757 1439 1811 dum
1491 1756 1770 1828 Callipolis
1823 1759 2009 1816 tra—B

340 1846 518 1904 denda
552 1846 644 1910 sit,
677 1846 813 1902 niliil
834 1847 1133 1904 mihialiud
1159 1847 1419 1903 videmini
1448 1857 1734 1919 praestare,
1757 1863 1921 1918 quam

342 1947 406 1993 ut
435 1938 717 2008 quaeratis,
742 1954 874 1993 num
912 1939 1089 2009 maius
1133 1937 1201 1993 ad
1230 1939 1461 2009 gloriam
1507 1938 1598 2003 sit,
1648 1954 1713 1993 ac
1744 1937 1925 1993 omnl-

345 2030 455 2084 bus
500 2029 680 2085 modis
708 2029 1141 2095 conducibilius,
1170 2030 1336 2084 vitam
1371 2029 1424 2084 in
1456 2029 1713 2085 libertate
1756 2044 1924 2100 agen-

345 2130 451 2183 tes,
494 2121 699 2176 nostris
753 2120 862 2175 frui
906 2120 1095 2184 rebus,
1127 2135 1193 2176 ac
1244 2136 1341 2177 eas
1391 2121 1668 2189 retinere;
1711 2121 1798 2175 vel
1841 2120 1924 2176 eis

346 2214 632 2286 projectis,
671 2212 936 2285 amplecti
975 2221 1380 2284 paupertatem,
1425 2213 1649 2284 vimque
1682 2228 1746 2269 ac
1782 2211 1926 2282 inju-

347 2308 484 2361 riam
531 2305 930 2371 Barbarorum,
976 2306 1149 2377 pluris
1210 2306 1445 2361 aliorum
1497 2305 1666 2376 gloria
1720 2304 1923 2359 facere.

347 2390 662 2464 Enimvero,
690 2399 807 2468 ipsa
843 2398 960 2453 haec
1006 2396 1234 2452 omnino
1260 2408 1459 2453 emota“:
1501 2398 1703 2452 mentis
1741 2395 1927 2451 homi-

342 2508 444 2547 nes
495 2491 561 2545 ad
618 2490 978 2545 sobrietatem
1050 2490 1268 2560 possint
1333 2505 1687 2560 componere.
1756 2490 1927 2544 Nemo

341 2584 491 2639 enim
546 2582 687 2636 adeo
723 2582 912 2646 miser,
971 2590 1031 2635 ut
1080 2597 1204 2635 eum
1248 2581 1372 2636 aliis
1423 2582 1697 2649 imperare
1741 2579 1924 2644 liceat,

343 2673 470 2729 aliis
524 2672 659 2728 velit
697 2671 956 2737 obedire,
1009 2672 1174 2743 idque
1212 2672 1446 2727 max‘me
1494 2672 1630 2726 viris
1673 2670 1928 2741 pessimis

343 2781 409 2820 ac
460 2762 884 2828 infcnsissimis,
927 2761 1246 2832 nedutnque
1300 2762 1505 2815 nullam
1542 2760 1670 2814 inde
1721 2759 1930 2813 habens

347 2854 686 2914 mercedem.
716 2853 849 2923 quin
901 2862 958 2908 et
993 2853 1111 2923 ipse
1154 2852 1375 2923 propria
1410 2850 1721 2905 conferens.
1771 2848 1928 2916 Quod

346 2945 393 3000 si
435 2944 553 3013 qui,
590 2943 739 2998 nulla
790 2943 1014 3012 quidem
1054 2942 1158 3015 ipsi
1218 2942 1432 2997 ratione
1462 2942 1612 2997 hisee
1656 2940 1930 2996 contradi-

344 3051 479 3094 cere
530 3036 754 3103 audent,
787 3035 933 3106 quod
966 3044 1021 3091 et
1070 3036 1265 3091 ordine
1297 3047 1353 3090 et
1399 3045 1594 3091 natura
1630 3050 1815 3091 rerum
1851 3035 1925 3093 ita

347 3128 466 3184 hzec
492 3127 717 3183 definita
753 3128 886 3192 sint,
920 3128 1113 3198 sicque
1157 3127 1330 3183 Graeci
1366 3129 1572 3199 pariter
1610 3137 1775 3198 atque
1802 3128 1933 3183 Bar-
1958 3115 2001 3173 (ἶ

351 3219 467 3273 bari
506 3234 700 3275 omnes
742 3219 1082 3284 existiment,
1115 3219 1298 3290 sitque
1339 3219 1596 3275 omnibus
1634 3219 1869 3274 inditum
1899 3235 1930 3274 a

346 3318 568 3373 natura,
608 3320 668 3364 ut
701 3326 769 3365 ne
822 3308 1079 3366 hostibus
1114 3310 1337 3380 prepria
1375 3310 1657 3364 dimittant
1690 3327 1703 3363 :
1736 3310 1935 3364 timent

347 3417 481 3457 vero
515 3403 896 3459 imminentem
931 3404 1157 3469 famem,
1200 3418 1263 3459 ac
1288 3403 1434 3473 quod
1470 3414 1685 3473 segetes
1706 3402 1931 3472 quidem

342 3494 455 3565 jam
488 3504 750 3565 surgente
781 3498 968 3551 culmo
1019 3496 1159 3551 altas
1203 3495 1462 3562 videant,
1508 3488 1807 3565 hostesque
1850 3496 1935 3550 ni-

348 3582 653 3637 hilominus
704 3592 907 3638 terram
944 3585 1274 3653 populantes
1298 3624 1312 3650 ,
1348 3600 1413 3639 ae
1447 3583 1764 3639 suburbana
1794 3598 1936 3653 pra:-

349 3670 492 3727 sidia
538 3680 820 3741 capturos,
865 3673 1074 3743 quique
1106 3675 1292 3727 omnia
1340 3673 1577 3729 subinde
1619 3673 1936 3742 direpturos

348 3765 778 3829 comminemur,
811 3780 989 3834 eoque
1022 3765 1438 3821 concedendum
1467 3766 1679 3823 volunt.
1703 3778 1824 3833 quae
1853 3762 1934 3817 illi

353 3857 624 3927 ﬂagitant,
660 3858 838 3912 levius
868 3859 1203 3914 arbitrantes
1232 3859 1356 3915 laedi
1390 3859 1516 3919 alia,
1555 3873 1718 3927 quam
1751 3865 1812 3911 ut
1841 3871 1937 3926 pa-

353 3950 458 4005 tria
497 3951 749 4006 intereat.
817 3951 1060 4006 Primum
1106 3951 1331 4019 quidem
1382 3950 1641 4004 noverint
1692 3948 1784 4018 qui
1822 3948 1937 4002 haec

351 4052 542 4105 orant,
576 4057 682 4095 non
727 4057 791 4097 ea
824 4043 1010 4097 dicere
1043 4044 1247 4112 quibus
1288 4043 1430 4095 mala
1465 4041 1670 4095 leviora
1712 4050 1939 4111 prseste-

353 4135 644 4201 mus;sed
706 4136 888 4205 potius
937 4137 1142 4207 quibus
1193 4135 1461 4188 malorum
1518 4134 1610 4187 fiat
1660 4134 1933 4189 accessio.

270 4270 285 4282 .
353 4224 545 4293 Neque
574 4228 721 4280 enim
757 4242 854 4281 eos
888 4228 1099 4282 ullosve
1128 4227 1265 4281 alios
1300 4224 1550 4280 dicturos
1587 4235 1739 4295 puto,
1766 4225 1935 4302 idcir-

353 4333 422 4373 co
456 4318 620 4373 nobis
673 4319 793 4373 inec
839 4318 1072 4374 conflata
1107 4318 1272 4382 mala,
1330 4319 1475 4387 quod
1511 4319 1676 4374 nrbes
1709 4327 1935 4373 nostras

354 4423 467 4463 non
493 4408 869 4465 dimiserimus
911 4409 1206 4476 Barbaris;
1242 4425 1421 4479 eoque
1452 4410 1502 4463 id
1537 4409 1779 4465 medium
1819 4409 1935 4462 fore

355 4517 467 4572 quo
498 4502 842 4557 commodior
875 4500 1095 4556 fortuna
1134 4500 1345 4567 redeat,
1394 4510 1453 4555 ut
1478 4517 1572 4556 eas
1605 4500 1885 4555 tradamus
1914 4518 1929 4555 :

356 4609 519 4650 secus
545 4611 694 4660 vero,
719 4593 866 4664 quod
893 4602 1078 4647 nostra
1115 4594 1323 4648 incuria
1365 4604 1538 4664 capta:
1575 4594 1801 4662 fuerint,
1834 4596 1939 4649 hoc

358 4696 659 4755 praesentes
699 4685 860 4739 nobis
913 4684 1123 4739 invexit
1178 4685 1557 4739 necessitates.
1613 4684 1770 4738 Haud
1806 4699 1941 4739 vero

358 4776 566 4846 quibus
593 4793 700 4851 res,
728 4792 854 4831 cum
885 4792 1095 4849 magna:
1125 4785 1330 4841 essent,
1360 4778 1495 4832 viles
1524 4778 1681 4832 factm
1711 4787 1840 4832 sunt
1878 4791 1943 4833 ac

359 4872 687 4936 imminutae,
712 4869 909 4925 iisdem
942 4870 1254 4926 conandum
1282 4871 1352 4925 sit
1386 4872 1622 4941 pristino
1660 4870 1938 4942 splendori

361 4966 674 5018 restituere.
706 4961 848 5027 Quin
883 4961 993 5016 imo
1025 4971 1238 5017 tantum
1271 4962 1429 5018 abest
1461 4971 1520 5018 ut
1544 4973 1601 5018 et
1630 4964 1794 5018 modo
1818 4978 1953 5033 quze-

361 5064 573 5121 restant
607 5054 910 5108 debeamus
941 5054 1248 5121 dimittere,
1288 5065 1557 5125 quantum
1603 5056 1771 5110 etiam
1819 5056 1943 5110 uni-

360 5160 550 5201 versos
585 5145 859 5209 videmus,
896 5145 998 5199 alia
1045 5146 1260 5214 aliaque
1300 5161 1506 5202 novum
1547 5144 1942 5216 comparando,

362 5248 475 5289 non
529 5250 627 5290 sua
672 5234 1034 5305 projieiendo,
1087 5236 1294 5291 divitiis
1346 5251 1569 5307 augere.
1607 5236 1714 5291 Vos
1757 5244 1941 5291 autem

2108 1751 2264 1805 Ὥσθ⁹
2293 1751 2423 1805 ὅταν
2455 1751 2504 1805 εί
2528 1750 2638 1806 δέοι
2671 1753 2772 1821 τὴν
2790 1752 3119 1807 Καλλίπολιν
3138 1753 3335 1807 διδόναι
3358 1753 3612 1827 βουλεύη-

2035 1846 2152 1911 σθε,
2183 1845 2336 1899 οὐδὲν
2365 1843 2553 1914 ἕτερον
2591 1861 2682 1913 μοι
2715 1844 2923 1898 δοκεῖτε
2956 1848 3150 1907 ποιεῖν,
3183 1845 3214 1918 ἢ
3241 1846 3423 1918 ζητεῖν
3446 1849 3604 1921 πότε-

2033 1953 2127 2008 ρον
2156 1935 2515 2008 ἐνδοξότερον,
2551 1936 2646 1990 καὶ
2673 1939 2788 2001 τοῖς
2818 1936 2961 1999 ὅλοις
2990 1937 3457 2010 λυσιτελέστερον,
3511 1942 3610 2009 ζῇν

2033 2030 2093 2081 ἐν
2144 2027 2430 2098 ἐλευθερίᾳ
2482 2027 2861 2110 ἀπολαύοντας
2892 2028 3001 2082 τῶν
3049 2028 3243 2091 ὄντων,
3278 2031 3372 2083 καὶ
3393 2030 3613 2084 «τούτων

2030 2118 2443 2190 ἀντεχομένους,
2466 2118 2498 2191 ἦ
2524 2117 2700 2174 ταῦτα
2730 2119 3014 2192 ῥίψαντας,
3045 2122 3145 2192 τὴν
3166 2122 3410 2175 δουλείαν
3437 2125 3616 2177 ἀσπά-

2034 2210 2251 2271 σασθαι.
2286 2211 2378 2264 καὶ
2422 2209 2518 2282 τὴν
2546 2210 2654 2263 τῶν
2679 2210 2973 2281 βαρϐάρων
3005 2212 3163 2281 ὓϐριν
3213 2213 3314 2282 τῆς
3335 2216 3486 2282 παρά
3508 2215 3615 2266 τῶν

2032 2301 2206 2357 ἄλλων
2231 2301 2387 2372 δόξης
2422 2302 2819 2371 προτιμότερον
2853 2302 3063 2359 θέσθαι.
3112 2304 3271 2358 Ἀλλὰ
3309 2304 3515 2357 τούτων
3548 2323 3615 2374 γε

2032 2393 2192 2448 ἕνεκα
2219 2395 2309 2446 καὶ
2334 2393 2387 2446 οί
2418 2395 2768 2447 παντάπασιν
2825 2394 3189 2464 ἐξεστηκότες
3221 2396 3479 2449 δύνανται
3505 2414 3615 2449 σω-

2034 2488 2269 2556 φρονεῖν.
2295 2486 2488 2549 Οὐδεὶς
2511 2486 2567 2539 δὲ
2599 2486 2743 2540 οῦτω
2772 2487 3064 2557 δυστυχὴς,
3086 2487 3258 2552 ὅστις,
3294 2488 3411 2554 ἐξὸν
3439 2489 3617 2552 ἄλλους
3690 2498 3704 2509 ⁸

2033 2578 2360 2641 ἐπιτάττειν,
2406 2577 2584 2641 ἄλλοις
2616 2578 2918 2632 ὑπακούειν
2948 2582 3238 2650 αἱρήσεται
3260 2595 3272 2611 ·
3322 2580 3415 2634 καὶ
3448 2581 3621 2632 ταῦτα

2031 2672 2144 2730 τοῖς
2168 2668 2463 2738 χειρίστοις
2500 2669 2595 2721 καὶ
2647 2668 3082 2740 πολεμιωτάτοις
3104 2710 3119 2734 ,
3154 2671 3251 2724 καὶ
3284 2671 3487 2741 μηδένα
3520 2672 3625 2741 μὲν

2034 2762 2175 2832 ἔχων
2225 2761 2418 2831 μισθὸν
2450 2763 2551 2830 τῆς
2576 2762 2841 2832 δουλείας,
2882 2762 3195 2832 προστιθεὶς
3239 2763 3295 2816 δὲ
3324 2762 3417 2816 καὶ
3451 2763 3517 2816 τὰ
3538 2763 3619 2816 of-

2035 2828 2309 2908 κ-οθενξΕἰ
2334 2832 2392 2907 δέ
2426 2828 2572 2912 τινες
2615 2828 2826 2917 τούτοις
2866 2828 2965 2923 μεν
3012 2854 3268 2924 οὐδαμῶς
3312 2854 3617 2924 ἀντιλέγειν

2034 2945 2296 3017 τολμῶσι,
2327 2944 2404 3015 τῷ
2425 2945 2518 2998 καὶ
2554 2947 2621 3014 τῇ
2656 2945 2810 3010 τάξει
2844 2946 2937 2999 καὶ
2954 2946 3020 3015 τῇ
3044 2944 3205 3012 φύσει
3228 2944 3338 2998 τῶν
3366 2947 3621 3013 πραγμά-

2034 3056 2144 3091 των
2182 3037 2323 3090 οὕτω
2352 3036 2511 3091 ταυτὶ
2536 3034 2843 3105 διωρίσθαι,
2872 3035 2965 3089 καὶ
2988 3036 3143 3105 παρὰ
3192 3036 3359 3088 πᾶσιν
3395 3019 3620 3105 Ἕλλησι
3698 3078 3709 3087 .

2033 3132 2128 3187 καὶ
2172 3131 2483 3202 Βαρϐάροις
2515 3129 2660 3184 οὕτω
2695 3128 3035 3199 νομίζεσθαι,
3063 3127 3159 3182 καὶ
3185 3130 3351 3183 πᾶσιν
3380 3127 3620 3198 ἔμφυτον

2032 3218 2173 3275 εἶναι
2207 3221 2281 3294 μὴ
2312 3224 2424 3286 τοῖς
2453 3208 2736 3292 πολεμίοις
2780 3219 2847 3274 τά
2878 3220 3058 3274 οἰκεῖα
3099 3213 3419 3294 πρὸῖεσθαν
3451 3216 3618 3273 δεδοί·

2031 3331 2164 3370 κασι
2198 3314 2256 3369 δὲ
2307 3314 2400 3368 τὸν
2446 3314 2546 3384 μὲν
2594 3312 2756 3383 λιμὸν
2805 3312 3156 3382 ἐπικείμενον
3207 3312 3518 3384 βλέποντες,
3562 3313 3620 3364 ἐν

2032 3408 2186 3478 ἀκμῇ
2220 3405 2317 3476 μὲν
2344 3404 2438 3459 τὸν
2468 3407 2613 3459 σῖτον
2628 3418 2651 3467 ·,
2690 3403 2818 3467 τοὺς
2844 3402 2899 3456 δέ
2934 3401 3268 3474 βαρϐάρους,
3320 3401 3387 3456 ἂν
3419 3401 3493 3472 μὴ
3523 3401 3622 3469 τῆς

2034 3499 2248 3561 πόλεως
2281 3497 2615 3568 ἀφεστῶμεν
2646 3495 2851 3562 αὐτοῖς,
2884 3498 3066 3565 κερεῖν
3112 3495 3211 3566 μὲν
3237 3494 3337 3565 τὴν
3362 3493 3489 3564 γῆν,
3523 3511 3623 3548 και

2032 3578 2448 3660 ταλήψεσθαιδέ
2480 3589 2550 3643 τά
2588 3588 2697 3659 πρὸ
2747 3588 2847 3659 τῆς
2882 3586 3091 3652 πόλεως
3132 3585 3390 3659 φρούρια,
3446 3586 3622 3640 πάντα

2032 3682 2091 3735 δὲ
2122 3682 2461 3737 ἀνασπάσειν
2509 3681 2710 3750 ἐφεξῆς
2765 3676 3148 3742 ἀπειλοῦντας,
3203 3676 3301 3731 καὶ
3343 3676 3428 3730 διὰ
3470 3676 3624 3729 ταῦτ’

2034 3772 2246 3838 ἀξιοῦσι
2275 3775 2581 3845 συγχωρεῖν
2628 3767 2711 3836 οἷς
2758 3770 2996 3835 αίτοῦσι,
3049 3769 3380 3840 κουφότερον
3409 3769 3509 3836 τὴν
3539 3768 3623 3829 είς

2031 3865 2209 3938 τᾶλλα
2235 3863 2442 3935 ζημίαν
2476 3864 2759 3936 κρίνοντες
2787 3862 2882 3916 τοῦ
2912 3861 3016 3932 τῆς
3069 3859 3329 3933 πατρίδος
3357 3858 3578 3929 ὀλέθρου
3602 3873 3619 3890 ·

2036 3958 2252 4029 πρῶτον
2278 3957 2375 4025 μὲν
2402 3958 2637 4011 ῖστωσαν
2670 3955 2719 4009 οί
2750 3953 2925 4009 ταῦτα
2953 3952 3415 4024 δημηγοροῦντες,
3453 3951 3529 4013 ὡς
3555 3950 3620 4002 ού

2035 4049 2103 4103 δι’
2132 4044 2206 4103 ὧν
2234 4049 2441 4102 ἐλάττω
2475 4049 2544 4102 τὰ
2575 4051 2722 4100 κακὰ
2751 4042 3345 4121 ποιήσομενλέγουσιν.
3384 4040 3525 4094 ἁλλά
3550 4037 3621 4090 δι’

2035 4135 2111 4195 ὧν
2142 4142 2235 4194 καὶ
2265 4141 2668 4212 προσθήσομεν.
2711 4134 2846 4190 Οῦτε
2884 4135 2992 4206 γὰρ
3028 4135 3248 4198 αὐτοὺς,
3274 4131 3386 4186 οὒτ’
3419 4131 3616 4193 ἄλλους

2036 4234 2215 4285 εἰπεῖν
2267 4231 2332 4286 ἂν
2356 4230 2563 4300 νομίζω
2601 4229 2662 4282 τὸ
2721 4227 2796 4299 μὴ
2828 4227 2928 4289 τὰς
2971 4225 3253 4297 ἡμετέρας
3284 4223 3469 4284 πόλεις
3510 4222 3623 4285 τοῖς

2039 4321 2335 4395 βαρϐάροις
2394 4318 2678 4391 προίεσθαι
2733 4318 2909 4372 αῖτιον
2965 4319 3099 4387 ἡμῖν
3160 4315 3452 4385 γενόμενον
3512 4312 3623 4365 τῶν

2039 4416 2326 4485 παρόντων
2357 4413 2543 4467 κακῶν
2563 4457 2577 4481 ,
2608 4414 2702 4467 καὶ
2744 4410 2833 4464 διὰ
2857 4409 3015 4463 τοῦτο
3071 4408 3133 4461 τὸ
3164 4406 3469 4478 προδιδόναι
3499 4403 3628 4459 ταύ-

2039 4527 2136 4573 τας
2164 4508 2497 4576 ἀφαιρήσειν
2530 4505 2631 4573 τῆς
2672 4503 2996 4571 δυστυχῖας·
3041 4499 3160 4554 ἀλλ’
3200 4499 3284 4553 ὅτι
3312 4495 3625 4549 τού·.αντίον

2044 4599 2202 4671 ἡμῶν
2233 4597 2580 4669 ἀμελούντων
2632 4594 2905 4656 ἑάλωσαν,
2932 4591 3080 4644 τοῦθ’
3105 4591 3236 4661 ἡμῖν
3261 4590 3503 4657 ἐνεγκεῖν
3528 4588 3625 4649 τὰς

2043 4688 2322 4761 παρούσας
2353 4688 2618 4756 ἀνάγκας.
2653 4685 2726 4739 Οὐ
2763 4683 2827 4753 δὴ
2858 4681 2927 4736 δι’
2960 4674 3035 4736 ὧν
3067 4683 3130 4735 ἐκ
3161 4679 3416 4751 μεγάλων
3446 4677 3625 4747 φαῦλα

2042 4780 2112 4835 τὰ
2141 4782 2444 4852 πράγματα
2479 4779 2692 4846 γέγονε,
2739 4774 2828 4828 διὰ
2865 4773 2974 4827 τῶν
3007 4771 3188 4826 αὐτῶν
3217 4770 3396 4825 ταῧτα
3434 4785 3627 4838 πειραο

2042 4875 2163 4927 τέον
2194 4871 2660 4941 ἐπανορθοῦσθαι·
2688 4868 2824 4922 ἀλλὰ
2855 4866 3066 4921 τοσοῦτ’
3100 4864 3370 4933 ἀφεκτέον
3406 4860 3502 4914 τοῦ
3533 4859 3627 4913 κα)⁸

2043 4964 2140 5021 νῦν
2164 4964 2229 5019 τά
2256 4963 2384 5016 ὅντα
2410 4961 2719 5032 προΐεσθαι,
2744 4960 2867 5014 ὅσον
2893 4959 2986 5012 καλ⁸
3002 4959 3233 5023 πάντας,
3256 4955 3331 5023 τῷ
3355 4951 3630 5023 προσκτᾶ-

2047 5057 2170 5110 σθαι
2251 5058 2344 5109 καὶ
2385 5054 2462 5124 τῷ
2499 5052 2967 5123 προσλαμϐάνειν,
3007 5048 3125 5103 ἀλλ’
3177 5049 3236 5101 οὗ
3275 5047 3357 5117 τῷ
3402 5046 3469 5097 τά
3500 5044 3629 5096 ὄντα

2048 5147 2281 5218 ῥίπτειν,
2339 5142 2776 5212 πλουσιωτέρους
2807 5140 3129 5209 γινομένους
3157 5136 3400 5208 ὁρῶμεν.
3439 5134 3629 5204 Ὑμεῖς

2045 5240 2103 5295 δὲ
2133 5242 2334 5293 ποιεῖτε
2364 5235 2773 5306 παραπλήσιον,
2807 5231 2997 5302 ὥσπερ
3027 5231 3092 5285 ἂν
3110 5230 3165 5283 εί
3190 5247 3274 5292 τις
3307 5228 3418 5281 τῶν
3454 5224 3630 5297 μελῶν

366 5326 512 5382 haud
545 5328 692 5381 aliud
755 5326 959 5391 facitis,
987 5343 1150 5399 quam
1214 5329 1259 5385 si
1296 5330 1421 5399 quis
1473 5329 1715 5383 membra
1754 5343 1934 5399 ampu-

2048 5329 2320 5401 ἀφαιρῶν,
2351 5326 2517 5381 οῖοιτο
2563 5324 2660 5394 τὴν
2709 5321 2896 5392 ἀκμὴν
2921 5322 2999 5392 τῷ
3031 5320 3244 5401 σώματα
3279 5318 3373 5371 καὶ
3401 5318 3499 5387 τὴν
3522 5313 3630 5386 ῥώ-

366 5427 513 5484 tans,
539 5433 742 5487 corpus
774 5427 1024 5491 vegetum
1070 5421 1470 5490 robustumque
1514 5421 1795 5475 existimet
1823 5435 1944 5473 ser-

368 5521 559 5565 vatum
590 5512 658 5566 iri
689 5531 701 5565 :
734 5513 815 5567 vel
854 5514 950 5583 qui
1000 5514 1270 5569 tradendo
1303 5514 1669 5569 substantiam
1708 5513 1944 5567 volenti—

369 5603 475 5660 bus
505 5620 722 5675 rapere,
752 5620 814 5660 ea
844 5607 893 5661 ei
923 5607 1132 5662 ratione
1163 5606 1437 5661 facturum
1481 5621 1541 5661 se
1570 5604 1945 5659 accessionem

369 5704 549 5762 putet.
583 5696 879 5753 Enimvero
923 5700 1198 5772 contraria
1242 5700 1357 5753 haec
1408 5713 1533 5752 cum
1579 5712 1794 5764 sapere,
1830 5706 1944 5749 tum

373 5798 556 5861 agerc,
617 5801 805 5862 aperte
859 5793 1024 5848 veris.
1057 5791 1203 5849 Sane
1258 5800 1417 5861 pulo,
1472 5790 1740 5860 siquidem
1804 5789 1947 5844 Deus

2053 5396 2161 5493 μην
2191 5396 2383 5491 τηρεῖν
2401 5436 2415 5451 ο
2440 5418 2473 5488 ἢ
2524 5419 2635 5481 τοῖς
2664 5413 2988 5485 διαρπάζειν
3011 5396 3357 5483 βουλομὲνοις
3391 5407 3631 5469 ἐκδιδοὺς

2048 5515 2151 5584 τὴν
2193 5513 2402 5576 οὐσίαν,
2465 5507 2820 5581 προστιθέναι
2877 5507 2989 5568 τοῖς
3044 5500 3217 5559 οὖσιν.
3280 5501 3442 5555 Ἀλλά
3472 5502 3631 5555 το“το

2050 5605 2311 5661 τάναντία
2340 5605 2452 5665 τοῖς
2483 5599 2739 5670 φανεροῖς
2776 5599 2893 5651 ἐστι
2918 5597 3011 5651 καὶ
3043 5596 3282 5667 φρονεῖν,
3309 5593 3400 5646 καὶ
3432 5591 3628 5643 ποιεῖν.

2064 5694 2208 5765 Ἐγὼ
2231 5695 2341 5765 γάρ
2379 5693 2433 5746 εί
2461 5709 2584 5768 τινα
2628 5690 2760 5752 Θεὸς
2806 5686 3029 5757 πέμψας
3064 5684 3398 5756 προσέταττε
3425 5678 3631 5747 δωρεὰς

2386 5784 2478 5805 ρν

2057 5788 2189 5859 παρ’
2249 5785 2414 5840 αὑτοῦ
2447 5784 2653 5851 ζητεῖν,
2705 5781 2783 5845 ὡς
2816 5781 2913 5834 οὐκ
2945 5777 3336 5849 ἀτυχὴσοντας,
3369 5772 3518 5826 οὐδὲν
3564 5769 3628 5821 ἂν
