4068 6470
523 329 655 397 1021
1360 341 1650 406 ORATIO
1689 340 1791 403 DE
1833 339 1989 401 NON
2029 338 2446 401 REDDENDA
2487 335 2908 403 CALLIPOLL
3657 337 3800 402 1022

517 442 666 514 ὑμᾶς
715 443 903 517 ἕτερον
947 446 1172 518 αἰτῆσαι
1225 448 1434 517 νομίζω
1482 447 1592 520 πρὸ
1640 449 1751 503 τῶν
1797 447 2009 502 πόλεων
2040 447 2105 509 ἃς

2216 445 2443 501 mittens
2472 444 2692 517 iuberet
2723 456 2952 500 munera
2981 452 3192 515 petere,
3226 453 3288 502 ut
3317 462 3385 502 ne
3411 447 3674 519 deinceps
3702 450 3801 503 ad-

516 534 907 607 ἁπωλέσαμεν,
938 538 1014 602 ὡς
1042 538 1186 594 οὕτω
1219 539 1402 609 μόνως
1435 539 1553 607 ἐξδν
1582 539 1664 603 είς
1683 556 1742 593 τε
1775 539 1877 610 τὴν
1917 539 2105 609 προτέ·

2215 537 2390 593 versis
2415 537 2612 592 essetis
2647 536 2825 600 usuri,
2854 536 2991 591 nihil
3023 551 3121 599 vos
3155 538 3303 593 aliud
3344 538 3516 609 priori
3552 539 3673 595 loco
3708 556 3803 609 pe-

520 638 624 693 ραν
657 621 826 694 τύχην
850 625 1204 696 ἀναδραμεῖν,
1237 628 1334 680 καὶ
1360 627 1515 690 δίκας
1541 628 1848 695 ἀπαιτῆσαι
1867 628 1991 690 τοὺς
2014 626 2105 680 νῦν

2216 627 2447 683 tendum
2483 636 2724 688 raturos.
2756 642 2920 696 quam
2967 627 3198 682 amissas
3227 626 3415 695 urbes,
3445 637 3704 698 tanquam
3732 645 3798 683 ea

519 714 940 781 πλεονάζοντας.
981 714 1100 772 Εἴθ’
1149 711 1224 773 ὧν
1256 720 1512 790 τυχόντες
1544 720 1647 773 οὐκ
1694 721 1762 774 ἂν
1808 718 2105 789 εὐξαίμεθα

2208 720 2480 776 duntaxat
2530 721 2747 775 ratione
2778 722 2994 784 liceret,
3038 731 3152 775 tum
3214 722 3399 777 redire
3441 722 3507 777 ad
3558 723 3795 791 priorem

522 809 715 878 μείζω,
760 809 916 863 ταῦτ’
979 811 1296 885 ἑξεπὲτηδες
1340 812 1693 879 ἀπολλύντες,
1746 812 1808 865 τὸ
1863 813 2105 865 συνοῖσον

2209 813 2509 875 fortunam,
2540 822 2654 867 tum
2684 828 2780 868 eos
2811 812 3004 867 ulcisci
3035 812 3129 882 qui
3166 828 3314 868 nunc
3350 823 3538 867 nostra
3572 813 3797 881 rapiunt

518 901 649 970 περὶ
677 902 836 972 ἡμῶν
858 905 1043 957 αὐτῶν
1069 907 1362 977 νομίζομεν
1388 904 1783 976 βεϐουλεῦσθαι
1807 922 1823 971 ;
1856 904 1968 959 Καὶ
1992 904 2105 967 πῶς

2211 898 2531 970 faciuntque
2590 900 2873 969 iujuriam.
2926 900 3019 956 Sic
3068 918 3202 972 ergo
3261 918 3327 958 ea
3383 919 3448 958 ex
3512 904 3797 973 proposito

517 992 578 1075 οὐ
612 993 901 1062 μαίνεσθαι
932 996 1158 1067 δόξομεν
1183 1016 1198 1063 ;

2210 995 2553 1059 amittentes,
2607 1008 2841 1061 quorum
2905 994 3041 1048 nihil
3099 996 3277 1066 majus
3330 996 3700 1066 possessione,
3738 1004 3799 1050 ut

516 1078 606 1140 lIla
655 1088 914 1143 adessent
957 1095 1197 1162 optaturi
1240 1108 1512 1159 essemus,
1542 1078 1690 1166 quod
1738 1107 1770 1147 e
1822 1105 1884 1146 re
1950 1088 2025 1145 sit
2076 1086 2146 1143 de
2181 1086 2346 1143 nobis
2393 1087 2495 1157 ipsi
2546 1086 2881 1143 deliberasse
2924 1087 3284 1159 putabimus?
3348 1090 3450 1157 Qui
3502 1106 3636 1146 vero
3687 1105 3796 1146 non

517 1182 712 1239 furiosi
740 1186 994 1244 homines
1023 1204 1087 1243 ac
1116 1188 1296 1245 insani
1334 1191 1577 1247 habendi
1608 1188 1842 1246 sumus?

589 1279 821 1332 Ἔπειτα
846 1281 959 1335 οὐδ’
981 1283 1185 1350 ὅμοιον,
1206 1285 1689 1355 προπολεμοῦντας
1714 1285 1824 1339 τῶν
1856 1281 2099 1348 οἰκείων,

515 1367 610 1420 καὶ
634 1367 1062 1436 κινδυνεύοντας,
1090 1368 1207 1425 εἶτα
1223 1373 1562 1436 πταίσαντας
1583 1372 1757 1427 ταῦτα
1786 1372 2103 1438 ἀποϐαλεῖν,

515 1455 609 1509 καὶ
641 1457 750 1510 τῶν
784 1456 1081 1527 βαρϐάρων
1121 1458 1420 1513 αἰτούντων
1468 1461 1500 1526 ἢ
1550 1460 1648 1514 καὶ
1682 1442 2105 1523 ἕπιταττόντων,

2279 1279 2552 1335 Praeterea
2597 1293 2699 1334 nec
2733 1278 2838 1333 hoc
2880 1278 3081 1347 simile,
3121 1293 3224 1350 pro
3254 1277 3476 1346 {nostris
3518 1287 3644 1332 ante
3695 1292 3797 1347 pu-

2209 1387 2277 1442 gn
2294 1381 2453 1426 antes
2496 1370 2688 1433 rebus,
2724 1386 2791 1427 ac
2839 1371 3105 1426 adeuntes
3136 1372 3403 1441 pericula,
3455 1378 3684 1439 tumque
3714 1371 3797 1424 vi-

2208 1477 2327 1522 ctos
2374 1483 2438 1523 ea
2490 1466 2768 1531 amittere,
2802 1474 2968 1536 atque
2998 1465 3322 1535 petentibus
3353 1464 3633 1526 Barbaris,
3694 1477 3794 1517 seu

514 1548 719 1620 ταύτην
754 1548 997 1616 ἐνεγκεῖν
1027 1551 1129 1618 τὴν
1162 1550 1390 1620 ζημίαν.
1450 1552 1707 1614 Ἐκείνως
1762 1549 1863 1620 μὲν
1895 1549 2005 1621 γὰρ
2043 1548 2105 1603 τὺ

2207 1562 2372 1616 etiam
2408 1557 2756 1631 iubentibus,
2786 1572 2906 1612 eam
2940 1559 3214 1628 jacturam
3253 1556 3416 1611 ferre.
3450 1554 3584 1609 Nam
3613 1554 3796 1623 primo

518 1638 651 1708 γοῦν
678 1641 902 1712 αἰσχρὸν
955 1642 1172 1706 ἄπεστι,
1209 1646 1303 1696 καὶ
1358 1645 1528 1714 μόνης
1562 1645 1660 1715 τῆς
1690 1646 1863 1713 τύχης
1890 1643 2104 1710 γίνεται

2207 1652 2369 1707 modo
2434 1650 2591 1705 abest
2636 1648 2783 1719 quod
2842 1660 2928 1704 est
2987 1659 3171 1719 turpe,
3220 1664 3327 1704 nec
3394 1647 3498 1701 nisi
3559 1646 3796 1700 fortunae

514 1733 576 1787 τὸ
604 1732 893 1800 ἐλάττωμα
914 1776 930 1800 ,
978 1728 1047 1806 ἦς
1076 1733 1399 1804 ἀνθρώπους
1434 1752 1497 1804 γε
1528 1735 1689 1800 δντας
1717 1737 1818 1789 οὐκ
1843 1736 1992 1789 ἐστιν
2018 1735 2105 1788 ἀεὶ

2207 1742 2465 1795 damnum
2497 1749 2584 1796 est
2619 1757 2636 1794 :
2669 1741 2829 1810 cujus
2858 1730 2991 1793 cum
3021 1737 3278 1794 homines
3315 1737 3510 1802 simus,
3541 1733 3798 1805 impossi-

517 1825 933 1895 περιγίνεσθαι·
963 1828 1023 1879 τὸ
1050 1826 1096 1881 δ’
1125 1828 1350 1891 ἑκόντας
1397 1827 1521 1883 καθ’
1551 1829 1763 1882 ἑαυτῶν
1797 1832 1911 1891 τοῖς
1958 1829 2103 1899 ἐχθί-

2207 1833 2317 1887 bile
2356 1841 2443 1889 est
2477 1846 2697 1900 semper
2738 1845 2838 1884 nos
2863 1829 3110 1884 arbitros
3144 1843 3291 1883 esse.
3323 1827 3396 1883 Ut
3439 1834 3626 1879 autem
3683 1822 3792 1892 ipsi

520 1935 664 1983 στοις
691 1918 988 1989 ὑπηρετεῖν
1014 1959 1029 1983 ,
1062 1918 1225 1972 τοῦτο
1274 1919 1342 1986 δὴ
1373 1920 1467 1973 καὶ
1502 1919 1596 1975 τοῦ
1642 1920 1833 1982 ἔθνους
1867 1922 1962 1974 καὶ
2002 1921 2106 1993 τῆς

516 2008 865 2080 ἀνθρωπίνης
900 2009 1117 2079 φύσεως
1148 2011 1341 2083 πόρῥω
1371 2012 1584 2075 πίπτει,
1620 2010 1717 2066 καὶ
1745 2012 1917 2082 μόνης
1943 2012 2104 2065 ἀναιο

520 2102 752 2172 σθησίας
782 2101 1057 2168 ἀπόδειξιν
1080 2102 1224 2173 ἔχει’
1259 2102 1288 2157 δ
1322 2102 1418 2157 νῦν
1446 2105 1578 2175 ἡμῖν
1612 2102 1982 2174 συμϐήσεται,
2009 2103 2107 2157 ἐὰν

521 2192 598 2264 μὴ
631 2192 1000 2264 μεταθώμεθα
1035 2195 1164 2265 περὶ
1191 2187 1269 2249 ὧν
1299 2193 1697 2267 βουλευόμεθα.

591 2372 779 2442 Χωρὶς
825 2372 883 2426 δὲ
913 2372 1143 2439 τούτων,
1176 2374 1224 2426 εί
1258 2373 1357 2440 μὲν
1385 2369 1455 2446 ἦν
1495 2391 1582 2438 τις
1638 2375 1773 2445 ἡμῖν
1806 2373 2107 2444 ἀξιόχρεως

518 2466 621 2534 τῆς
648 2465 758 2520 τῶν
789 2466 1078 2537 βαρϐάρων
1113 2467 1336 2536 γνώμης
1363 2468 1644 2539 ἐγγυητὴς
1679 2467 1835 2538 (Θεὸς
1858 2467 1904 2519 δ’
1939 2467 2005 2521 ἂν
2038 2461 2108 2536 ἦν

518 2550 706 2621 οὗτος·
730 2559 792 2611 οὐ
825 2558 932 2630 γὰρ
959 2557 1263 2630 ἀνθρώπων
1291 2576 1354 2626 γε
1375 2561 1550 2613 οὐδενὶ
1580 2559 1648 2613 τὰ
1671 2558 1901 2613 τοιαῦτα
1928 2558 2108 2612 δοτέον

521 2649 892 2720 ἐπίστασθαι),
933 2649 1005 2713 ὡς
1039 2651 1133 2704 ἐὰν
1163 2650 1200 2705 δι
1243 2650 1338 2705 νῦν
1371 2652 1420 2704 οί
1470 2650 1736 2722 βάρϐαροι
1769 2650 1899 2721 παρ’
1949 2650 2107 2720 ἡμῶν

524 2742 924 2810 ἐπαγγέλλουσι
952 2741 1218 2806 λάϐωσιν,
1257 2743 1598 2813 ήσυχάσουσι
1629 2743 1725 2795 τοῦ
1757 2736 1970 2806 λοιποῦ,
2011 2738 2108 2794 καὶ

518 2833 618 2903 τὴν
652 2832 964 2905 πλεονεξίαν
985 2835 1277 2905 στήσουσιν
1311 2837 1370 2888 ὲν
1389 2836 1502 2897 τοῖς
1526 2834 1854 2904 δεδομένοις,
1882 2831 2108 2903 αἰσχρὸν

467 2991 472 2996 “
525 2925 624 2993 μὲν
653 2927 878 2996 αἰσχρὸν
913 2928 1007 2979 καὶ
1028 2926 1223 2993 οὕτως,
1249 2928 1343 2980 καὶ
1383 2926 1491 2978 τῶν
1518 2926 1684 2997 μέχρι
1704 2926 1802 2980 νῦν
1835 2927 1948 2988 τοῖς
1979 2942 2110 2995 προ-

520 3017 699 3086 γόνοις
751 3018 1204 3087 κατωρθωμένων
1250 3017 1492 3083 ἀνάξιον,
1538 3020 1776 3081 καὶτοῖς
1830 3017 1975 3071 κατὰ
2003 3018 2106 3086 γῆν

2208 1934 2406 1994 sponte
2465 1924 2759 1979 adversum
2814 1939 2918 1979 nos
2981 1921 3372 1977 infensissimis
3435 1920 3790 1983 serviamus,
3849 1963 3867 1979 ,

2208 2015 2314 2071 hoc
2336 2031 2467 2071 sane
2513 2028 2636 2069 cum
2694 2029 2725 2068 a
2765 2023 2950 2085 gente,
3004 2022 3118 2067 tum
3157 2012 3229 2067 ab
3279 2010 3626 2066 humanitate
3680 2016 3793 2062 tota

2207 2109 2366 2177 longe
2394 2106 2824 2163 remotissimum
2860 2112 2966 2170 est,
2999 2119 3102 2159 nec
3142 2103 3288 2158 aliud
3341 2101 3587 2157 ostendit
3625 2113 3794 2168 quam

2210 2197 2694 2253 insensibilitatem
2747 2215 2764 2252 :
2819 2196 2967 2264 quod
3023 2196 3186 2251 nobis
3255 2194 3310 2249 in
3372 2192 3795 2264 przesentiarum

2207 2293 2515 2362 continget,
2539 2291 2647 2345 nisi
2680 2280 2912 2346 consilia
2944 2289 3368 2343 mutaverimus.

2278 2371 2566 2447 Praeterea,
2614 2390 2676 2435 ut
2714 2380 2934 2451 quidem
2973 2380 3169 2449 dignus
3209 2378 3336 2447 quis
3380 2390 3615 2446 sponsor
3646 2382 3798 2430 esset

2160 2518 2166 2525 .
2208 2474 2374 2528 animi
2409 2473 2798 2534 Barbarorum,
2829 2470 2898 2540 (is
2927 2470 3087 2538 plane
3123 2468 3267 2523 Deus
3289 2477 3459 2529 esset,
3496 2468 3600 2523 nec
3643 2468 3794 2520 enim

2209 2567 2309 2621 ulli
2338 2566 2627 2620 hominum
2674 2562 3091 2619 concedendum
3138 2561 3211 2616 sit
3242 2562 3348 2617 ista
3392 2559 3581 2625 scire),
3631 2558 3798 2612 nimi-

2209 2675 2332 2712 rum
2381 2658 2497 2714 fore
2531 2667 2595 2713 ut
2639 2656 2870 2731 Barbari
2899 2655 3146 2725 acceptis
3175 2670 3300 2725 qua:
3351 2652 3517 2708 modo
3565 2667 3594 2706 a
3632 2650 3795 2706 nobis

2208 2751 2531 2822 efﬂagitant.
2569 2750 2829 2821 deinceps
2860 2758 3051 2806 essent
3085 2745 3356 2818 quieturi,
3387 2744 3799 2812 termiuumque

2210 2844 2426 2916 injuriae
2453 2844 2509 2898 in
2546 2843 2613 2898 iis
2642 2858 2767 2912 quae
2816 2841 2945 2897 data
2976 2850 3185 2905 essent,
3221 2838 3484 2909 posituri,
3516 2836 3598 2893 sic
3633 2835 3798 2891 etiam

2209 2937 2291 2993 sic
2320 2945 2479 3006 turpe
2531 2934 2697 3001 foret,
2745 2950 2808 2991 ac
2836 2934 3109 3002 majorum
3162 2931 3430 2987 hactenus
3476 2936 3795 2983 nostrorum

2207 3027 2556 3083 facinoribus
2586 3027 2897 3097 indignum,
2928 3026 3209 3095 rebusque
3242 3039 3340 3094 per
3368 3038 3466 3079 eos
3506 3031 3651 3076 terra
3686 3035 3801 3074 ma-

521 3109 616 3162 καὶ
650 3110 792 3162 κατὰ
829 3108 1098 3162 θάλατταν
1133 3109 1318 3174 αὐτοῖς
1358 3109 1746 3180 είργασμένοις
1777 3108 2105 3164 ἐναντιώτα-

2213 3118 2371 3187 rique
2423 3116 2685 3187 praeclare
2745 3114 3052 3184 designatis
3117 3125 3334 3167 summe
3403 3107 3797 3172 contrarium,

454 3194 465 3205 ³
519 3215 633 3264 τον,
666 3200 760 3253 καὶ
795 3201 978 3253 πᾶσαν
1028 3200 1200 3270 ἄρδην
1234 3201 1545 3271 ἁνατρέπον
1595 3201 1695 3271 τὴν
1744 3200 1849 3271 τῆς
1890 3200 2100 3265 πόλεως

519 3291 677 3356 δόξαν
705 3332 721 3359 ,
777 3292 955 3346 δοκεῖν
1009 3293 1179 3346 εἴκειν
1233 3295 1347 3356 τοῖς
1411 3292 1705 3363 βαρϐάροις
1762 3294 1858 3347 καὶ
1913 3283 2099 3346 ὁπωσ-

518 3385 632 3451 οῦν,
695 3386 789 3440 καὶ
818 3386 973 3440 ταῦτ’
1019 3389 1076 3439 ἐν
1111 3382 1198 3450 οἷς
1251 3386 1614 3457 λυμαίνονται
1662 3388 1775 3449 τοῖς
1804 3385 2098 3456 ἡμετέροις

520 3478 727 3544 καλοῖς,
785 3480 879 3532 καὶ
911 3478 1268 3548 κατορύττειν
1294 3495 1358 3547 γε
1389 3479 1637 3549 προσῆκε
1660 3479 1754 3532 τὸν
1784 3477 1939 3532 ταῦθ’
1968 3478 2099 3548 ἡμῖν

522 3571 916 3640 συμϐουλεύειν
944 3571 976 3640 ἢ
1008 3572 1104 3624 καὶ
1130 3571 1337 3624 πείθειν
1377 3570 1684 3642 τολμῶντα.
1730 3571 1804 3625 Οὐ
1839 3568 1946 3642 μὴν
1979 3569 2098 3624 ἀλλ’

521 3663 575 3717 ei
613 3679 697 3725 τις
729 3663 875 3732 ἡμᾶς
906 3663 1106 3728 πείθοι,
1165 3661 1242 3724 ὡς
1291 3661 1410 3716 ἔστι
1455 3661 1567 3715 τῶν
1600 3660 1698 3715 νῦν
1747 3661 2099 3732 ζητουμένων

521 3755 1055 3825 παραχωρήσαντας,
1089 3757 1200 3820 τοῖς
1228 3756 1679 3831 λειοφθησομένοις
1710 3755 1951 3827 χρῆσθαι
1980 3758 2103 3826 μετ’

521 3846 842 3915 ἀσφαλείας,
877 3847 1067 3918 ὥσπερ
1097 3848 1297 3925 οί-τῶν
1363 3849 1543 3919 μελῶν
1584 3867 1706 3903 τινα
1739 3851 1947 3921 σιδήρῳ
2002 3852 2098 3905 καὶ

521 3938 780 3991 καύσεσιν
814 3940 1134 4007 ἐκδιδόντες,
1159 3942 1299 4012 ὑπὲρ
1316 3942 1410 3995 τοῦ
1435 3942 1512 4012 τῷ
1532 3941 1703 4013 λοιπῷ
1736 3943 1947 4012 σώματι
1975 3943 2098 4014 ζῇν·

522 4024 601 4093 οἷς
627 4030 723 4083 τοῦ
746 4030 977 4086 θανάτου
1016 4033 1341 4102 πικρότερον
1368 4032 1579 4100 γίνεται
1607 4034 1674 4085 τά
1701 4035 1850 4103 παρὰ
1880 4033 2100 4087 πάντων

520 4120 718 4190 ὀνείδη,
750 4121 995 4190 σιγάσϐω
1028 4121 1128 4189 μὲν
1151 4122 1218 4174 τὰ
1235 4122 1335 4191 τῆς
1351 4123 1607 4193 πατρίδος
1634 4125 1796 4176 καλά’
1827 4123 2100 4193 ἀριστέων

519 4213 578 4267 δὲ
597 4214 911 4282 ἀνδριάντες
935 4216 1408 4282 άνατραπήτωσαν
1428 4229 1443 4245 ’
1470 4215 1874 4282 ἐπιγράμματα
1901 4213 1957 4266 δὲ
1981 4214 2105 4280 ἑξα-

520 4305 811 4375 λειφέσθω,
848 4307 956 4368 τῖς
991 4305 1270 4374 ἐσομένοις
1310 4305 1577 4376 δηλοῦντα
1619 4307 1719 4376 τὴν
1762 4309 1860 4378 τῆς
1893 4307 2102 4372 πόλεως

521 4399 752 4479 άρετήν·
791 4399 888 4452 καὶ
944 4399 1055 4461 πᾶς
1083 4398 1126 4451 δ’
1182 4398 1323 4469 αὐτῇ
1358 4399 1498 4468 ὑπὲρ
1543 4398 1697 4469 δόξης
1745 4386 2139 4471 διηνυσμένοςὶ

2212 3216 2496 3278 totamque
2547 3206 2768 3276 penitus
2822 3205 3050 3261 abolens
3110 3203 3354 3260 civitatis
3402 3199 3657 3272 gloriam,
3711 3205 3794 3263 ut,

2212 3299 2463 3370 inquam,
2509 3298 2599 3354 vel
2646 3298 2856 3368 aliquid
2905 3295 3163 3352 Barbaris
3215 3293 3412 3350 cedere
3456 3291 3797 3350 videremur,

2209 3392 2379 3462 idque
2419 3390 2488 3445 iis
2519 3390 2574 3444 in
2605 3389 2793 3452 rebus,
2830 3387 3035 3458 quibus
3069 3386 3331 3441 damnum
3367 3385 3440 3438 sit
3472 3381 3678 3437 nostris
3702 3380 3803 3435 bo-

2208 3483 2337 3539 uis:
2383 3490 2642 3553 essetque
2680 3479 3071 3542 defodiendus,
3107 3478 3201 3546 qui
3236 3477 3353 3530 ha-c
3386 3466 3564 3529 'nobis
3603 3486 3803 3525 consu-

2207 3575 2322 3631 lere
2349 3573 2579 3629 auderet
2632 3580 2728 3626 aut
2775 3571 3039 3649 suadere,
3081 3568 3378 3623 Enimvero
3414 3574 3474 3618 ut
3516 3561 3643 3633 quis
3672 3576 3802 3615 sua-

2156 3686 2165 3699 ε
2209 3666 2358 3731 deat,
2422 3665 2703 3721 concessis
2752 3663 2820 3718 iis
2874 3677 2997 3733 quze
3053 3659 3219 3715 modo
3252 3666 3536 3728 petuntur,
3570 3652 3688 3708 fore
3742 3658 3805 3704 ut

2213 3767 2335 3814 tuto
2370 3758 2585 3812 relictis
2617 3766 2862 3821 utamur,
2892 3753 2957 3808 ad
2991 3767 3183 3808 eorum
3229 3749 3476 3813 modum,
3508 3747 3600 3816 qui
3632 3758 3803 3798 mem-

2212 3851 2372 3905 brum
2410 3835 2637 3918 aliquod
2681 3846 2832 3901 ferro
2866 3860 2932 3900 ac
2960 3844 3073 3913 igni
3120 3851 3425 3911 exponunt,
3459 3854 3570 3907 quo
3614 3835 3802 3890 vivant

2211 3956 2445 4011 corpore
2497 3939 2713 4008 reliquo
2745 3953 2761 3992 :
2800 3923 3006 4007 quibus
3057 3947 3231 3989 morte
3282 3932 3540 3987 acerbius
3580 3930 3651 3983 sit
3682 3942 3811 3997 om-I

2207 4033 2361 4088 nium
2415 4030 2633 4102 probris
2676 4030 2823 4100 peti:
2883 4028 3085 4082 sileant
3113 4024 3337 4096 quidem
3381 4021 3572 4091 patrie
3612 4022 3795 4074 bona:

2209 4131 2536 4178 evertantur
2577 4120 2712 4175 viris
2760 4110 3081 4173 fortissimis
3133 4117 3322 4186 positzn
3360 4125 3553 4167 statua:
3585 4127 3650 4165 ac
3683 4126 3801 4163 mo—

2212 4203 2512 4270 numenta:
2549 4212 2693 4268 tituli
2746 4213 3059 4273 deleantur,
3108 4207 3313 4277 quibus
3356 4203 3589 4274 posteris
3622 4203 3801 4256 virtus

2211 4306 2459 4365 civitatis
2503 4317 2638 4360 ncta
2683 4304 2821 4357 fiat:
2864 4317 3030 4356 omne
3081 4303 3150 4355 ab
3181 4316 3245 4354 ea
3296 4307 3576 4354 certamen
3614 4296 3803 4365 gloriae

2209 4414 2377 4454 causa
2407 4405 2727 4466 susceptum
2754 4393 3021 4449 oblivioni
3061 4392 3330 4450 tradatur,
3362 4406 3427 4444 ac
3448 4389 3581 4458 quid
3607 4401 3804 4456 super-

521 4488 672 4558 ἀγὼν
718 4490 855 4566 λήθῃ
885 4489 1143 4553 δεδίσθω,
1174 4491 1267 4544 καὶ
1312 4493 1610 4561 περιεργία
1631 4492 1861 4546 δοκείτω
1899 4493 1959 4546 τὸ
1986 4509 2101 4546 κιν-

2214 4491 2384 4546 linum
2417 4490 2767 4546 existimetur
2797 4486 2940 4542 velle
2984 4501 3091 4556 pro
3123 4483 3300 4554 gloria
3330 4481 3574 4552 pericula
3621 4479 3798 4534 adire.

521 4582 765 4636 δυνεύειν
799 4582 943 4653 ὑπὲρ
973 4583 1128 4652 δόξης
1171 4584 1479 4654 αίρεῖσθαι³
1538 4584 1698 4638 τοῦτο
1750 4585 1837 4656 δὴ,
1869 4579 1915 4655 ᾧ
1954 4587 2108 4648 πόλις

525 4672 625 4742 μὲν
658 4674 887 4734 πόλεως,
923 4671 1065 4741 ἀνὴρ
1110 4672 1166 4724 δὲ
1210 4672 1404 4742 ἀνδρὸς
1453 4673 1753 4743 ὑπερέχει’
1801 4674 1896 4727 καὶ
1945 4673 2108 4728 πάνθ’

523 4763 893 4817 ὑπακουστέον
924 4768 1038 4828 τοῖς
1089 4764 1410 4835 βαρϐάροις,
1470 4766 1565 4818 καὶ
1604 4760 1687 4828 οἷς
1718 4765 2104 4836 συγχωροῦσιν

523 4856 668 4926 ἔχειν
702 4856 1054 4925 ἐμμενετέον.
1098 4856 1160 4908 Εἰ
1189 4855 1236 4908 δ’
1263 4856 1480 4909 ἅπαντα
1536 4856 1738 4925 μᾶλλον
1767 4856 1799 4926 ἦ
1836 4856 1991 4911 ταῦτ’
2016 4857 2107 4909 ὲλ-

524 4949 677 5000 πὶσαι
711 4966 791 5009 τις
844 4947 931 5010 ἂν,
960 4950 1086 5013 τοὺς
1127 4948 1437 5019 βαρϐάρους
1485 4948 1773 5011 λαϐόντας,
1815 4947 1851 5001 ἂ
1885 4948 1980 5001 νῦν
2017 4950 2107 5000 ai-

522 5037 677 5089 τοῦςι
714 5036 843 5106 παρ’
876 5037 1054 5106 ἡμῶν,
1113 5037 1431 5108 ἡσυχάζειν,
1484 5037 1568 5099 τίς
1625 5040 1653 5090 ὁ
1710 5037 1916 5090 πείθων
1946 5037 2105 5105 λόγος

522 5127 598 5192 ώς
629 5131 735 5198 ἄρα
753 5128 942 5181 δεῖκαὶ
976 5129 1258 5196 συμφέρον
1290 5131 1401 5191 τοῖς
1423 5130 1720 5199 ἡμετέροις
1755 5128 1942 5191 ὅπλοις
1977 5130 2105 5191 τοὺς

524 5222 817 5290 πολεμίους
849 5219 1112 5284 ὁπλίζειν,
1140 5220 1206 5272 ἶν’
1233 5220 1311 5283 ὡς
1343 5221 1488 5274 ἔοικε
1533 5221 2107 5289 δυσκαταγωνιστοτέ-

527 5327 639 5376 ροις
673 5312 1035 5384 χρησώμεοα;
1080 5312 1140 5366 ΕΞ
1174 5312 1282 5383 γὰρ
1341 5312 1420 5366 ὅτ’
1457 5314 1717 5380 ἐθήτευον
1753 5318 1843 5366 καὶ
1879 5315 2108 5376 κλοπαῖς

523 5404 661 5473 πρὸς
694 5421 791 5468 τας
843 5406 1095 5473 ἀφορμὰς
1117 5406 1206 5456 τοῦ
1237 5406 1376 5475 βίον,
1407 5409 1500 5458 καὶ
1530 5408 1811 5477 λῃστείαις
1845 5407 2103 5477 ἐχρῶντο,

521 5496 621 5565 τῆς
646 5497 920 5565 ἡμετέρας
943 5496 1117 5567 ἀρχῆς
1153 5495 1532 5567 ἐπεθύμησαν,
1588 5501 1783 5551 οὐδένα
1815 5500 1978 5551 πόνον
2013 5501 2107 5552 καὶ

524 5585 768 5640 κίνδυνον
798 5588 935 5656 ὑπὲρ
973 5586 1067 5640 τοῦ
1103 5588 1309 5658 ταύτην
1362 5589 1671 5658 κτήσασθαι
1727 5590 2106 5661 παραιτούμε-

523 5695 631 5736 νοι.
660 5684 752 5732 καὶ
780 5681 952 5734 ταῦτα
984 5683 1091 5734 τῶν
1120 5683 1404 5754 ἡμετέρων
1434 5684 1559 5736 τότε
1610 5684 1703 5735 καὶ
1732 5683 1972 5752 σώμασι,
2010 5685 2105 5737 καὶ

524 5770 794 5841 χρήμασι,
832 5773 927 5824 καὶ
963 5773 1037 5842 τῷ
1072 5773 1235 5842 μηδὲν
1267 5771 1578 5842 προθυμίας
1613 5771 1906 5839 ἐλλείπειν,
1937 5775 2105 5846 appu-

2209 4585 2380 4640 Porro
2412 4582 2532 4637 hac
2562 4578 2897 4636 excellentia
2918 4586 3023 4642 est,
3052 4592 3160 4647 qua
3205 4575 3340 4630 urbs
3372 4572 3531 4639 urbe,
3558 4571 3648 4625 vir
3677 4570 3800 4625 viro

2212 4675 2567 4747 praestantior
2622 4679 2709 4726 est
2757 4687 2775 4726 :
2842 4671 2924 4726 vel
2969 4670 3052 4726 sic
3111 4666 3372 4723 Barbaris
3425 4666 3479 4720 in
3540 4663 3801 4720 omnibus

2209 4766 2707 4838 obtemperandum
2741 4779 2808 4819 ac
2832 4761 3173 4819 manendum
3223 4761 3292 4815 iis
3331 4767 3646 4821 contentos,
3675 4770 3802 4827 qua

2210 4861 2372 4915 nobis
2419 4858 2623 4912 habere
2679 4857 3029 4927 permittunt.
3058 4853 3152 4908 Sin
3191 4862 3377 4908 autem
3436 4851 3577 4905 nihil
3613 4851 3803 4905 minus

2209 4967 2432 5022 sperare
2490 4950 2642 5014 licet,
2676 4950 2938 5003 nimirum
3004 4946 3256 5017 acceptis
3323 4945 3620 5006 Barbaros,
3675 4958 3801 5013 qua:

2211 5055 2359 5095 nuiic
2395 5048 2592 5110 petunt
2620 5054 2649 5092 a
2696 5038 2879 5102 nobis,
2923 5039 3236 5107 quieturos,
3268 5034 3398 5105 quis
3456 5048 3642 5090 sermo
3675 5047 3804 5087 sua—

2210 5134 2357 5194 deat,
2394 5131 2447 5185 id
2497 5145 2629 5185 vero
2669 5145 2853 5198 operae
2906 5128 3146 5198 pretium
3181 5142 3303 5182 esse
3352 5141 3417 5182 ac
3465 5124 3818 5191 conducere,

2213 5233 2271 5277 ut
2320 5223 2524 5276 nostris
2567 5220 2738 5275 armis
2770 5218 2960 5274 hostes
3010 5220 3368 5279 instruamus,
3400 5231 3511 5287 quo
3542 5226 3601 5271 ut
3649 5215 3803 5270 vide-

2212 5325 2324 5378 tur,
2369 5313 2632 5368 fortiores
2682 5312 3056 5379 experiamur.
3114 5309 3403 5380 Siquidem
3463 5308 3611 5364 enim
3670 5320 3798 5361 cum

2212 5403 2465 5460 tucreede
2517 5403 2811 5467 servirent,
2866 5400 3137 5467 furtisque
3184 5414 3249 5454 ac
3298 5396 3608 5453 latrociniis
3681 5405 3804 5452 ute-

2212 5508 2409 5552 rentur
2435 5494 2501 5549 ad
2532 5496 2658 5548 vitae
2684 5504 3082 5557 commeatum,
3118 5492 3291 5547 nostri
3326 5489 3544 5561 imperii
3582 5488 3804 5558 cupidi-

2212 5603 2320 5646 tate
2367 5592 2717 5647 ducebantur
2785 5592 2999 5646 nullum
3041 5592 3417 5645 detrectantes
3454 5585 3700 5641 laborem
3731 5597 3800 5641 ac

2209 5682 2544 5752 periculum,
2573 5699 2685 5754 quo
2729 5681 2837 5737 sibi
2888 5681 3025 5737 illud
3071 5681 3441 5739 vindicarent.
3479 5677 3643 5746 idque
3670 5690 3800 5731 cum

2211 5775 2389 5832 nostri
2431 5784 2586 5844 tunc,
2633 5790 2759 5830 cum
2815 5775 2947 5832 viris
3005 5789 3069 5829 ac
3128 5772 3324 5834 milite.
3368 5779 3482 5827 tum
3528 5768 3814 5841 pecuniis;
