4068 6500
288 443 422 505 nos

1562 453 1940 513 DEMETRII
1984 455 2303 516 CYDONII

3411 456 3551 524 1025

279 573 612 628 omnemque
671 569 940 618 navantes
996 578 1243 635 operam,
1288 563 1507 620 fortiter
1566 578 1873 633 tuerentur,

1985 574 2162 638 μένωε
2220 571 2610 642 ἀμυνομένων
2666 572 2719 626 τί
2758 572 2862 643 χρὴ
2893 572 2988 627 νῦν
3019 572 3327 645 προσδοκᾷν
3356 573 3551 639 αὐτοὺς

278 649 414 719 quid
466 666 615 705 nunc
672 651 918 708 facturos
960 657 1314 726 sperandum,
1366 657 1457 711 ubi
1514 659 1677 712 etiam
1741 675 1864 729 qua:

277 740 443 795 fortia
525 743 862 811 habeamus,
918 747 1136 803 abunde
1207 761 1514 818 ceperunt,

222 864 237 905 ,ξ
286 835 545 899 maxime,
582 839 806 907 quando
852 840 1027 894 :crarii
1083 841 1306 910 quidem
1367 843 1616 908 pecuniae
1672 860 1864 901 omnes

283 923 580 996 insumpta;
645 941 811 984 sunt:
871 946 1173 1000 earumque
1246 932 1456 987 reditus
1502 932 1865 1001 defecerunt;

283 1017 487 1087 vixque
523 1020 756 1090 privatis
792 1037 855 1076 ac
888 1023 1120 1092 singulis
1153 1031 1410 1094 suppetat
1453 1040 1566 1094 quo
1602 1025 1862 1079 familiam

284 1109 497 1176 possint
524 1109 714 1165 alere:
754 1112 961 1167 milztiaa
994 1113 1164 1168 robur
1197 1114 1526 1170 eat-tinctum
1562 1116 1670 1175 sit;
1705 1125 1865 1187 pacta

287 1212 416 1252 cum
448 1199 699 1257 hostibus
732 1203 911 1258 soluta
938 1221 952 1259 :
985 1215 1144 1276 capta
1175 1205 1398 1261 demum
1431 1208 1550 1262 loca
1586 1208 1766 1263 omnia
1801 1223 1866 1265 ac

285 1290 587 1358 praesidia:
644 1293 723 1349 illi
772 1306 982 1363 autem,
1038 1312 1144 1351 una
1196 1310 1322 1351 cum
1369 1297 1669 1369 Mysorum,
1719 1313 1869 1355 nunc

285 1395 508 1450 quoque
538 1381 888 1440 Tribalorum
927 1386 1221 1457 imperium
1254 1388 1539 1459 triumpho
1585 1400 1770 1460 agant,
1801 1405 1868 1446 ae

285 1486 401 1527 suae
446 1483 731 1544 reportent
761 1476 968 1534 factum
1001 1479 1275 1537 ditionis:-
1303 1482 1517 1537 tantillo
1545 1482 1707 1539 nobis
1734 1496 1871 1539 con-

288 1577 449 1619 cesso
485 1566 796 1636 respirandi
838 1572 977 1637 otio,
1028 1572 1208 1627 donec
1238 1573 1507 1629 adversus
1547 1574 1674 1630 illos
1704 1590 1873 1646 nego-

288 1655 427 1710 tium
464 1657 800 1717 liabuerunt.
830 1662 901 1718 At
931 1663 1027 1719 ubi
1061 1665 1239 1739 semel.
1265 1680 1356 1721 res
1386 1665 1501 1721 illic
1544 1680 1873 1737 composue-

286 1746 420 1806 rint.
450 1748 519 1803 ad
550 1764 654 1807 nos
683 1753 961 1810 terribiles
986 1760 1371 1813 revertentur:
1407 1766 1649 1827 tuncque
1678 1768 1871 1828 petent

286 1851 399 1892 non
447 1838 781 1912 Callipolim,
836 1860 1017 1915 neque
1078 1846 1281 1903 tributa
1335 1848 1718 1919 scrupulosius
1756 1848 1876 1903 exi-

1606 766 1891 821 nuncque‘

1966 665 2207 730 δράσειν,
2246 666 2341 718 καὶ
2376 664 2443 719 τὰ
2474 665 2721 737 ἡμέτερα
2750 665 3163 735 προσλαϐόντας
3207 664 3426 737 ίσχυρά,
3455 667 3553 718 καὶ

1973 756 2208 826 μάλιστα
2231 757 2347 820 νῦν,
2376 757 2465 810 ὅτε
2497 756 2604 810 τῶν
2654 757 2753 826 μὲν
2776 757 3076 828 χρημάτων
3096 755 3165 810 τὰ
3193 756 3292 824 μὲν
3314 756 3553 811 ἀπόθετα

1967 829 2148 901 πάντα
2182 847 2474 918 ἀνήλωται,
2503 848 2552 901 oi
2588 847 2644 902 δὲ
2678 849 2839 919 πόροι
2871 848 3079 903 τούτων
3110 846 3405 900 ἐπέλιπονο
3441 847 3553 919 [δίᾳ

1968 938 2023 992 δὲ
2046 939 2278 1003 ἕκαστος
2304 939 2426 994 οὐδὲ
2460 938 2598 1009 πρὸς
2646 939 2743 1010 τὴν
2776 940 2958 995 οἰκίαν
3003 939 3196 1009 ἀρκεῖο
3244 938 3471 1006 σώματα
3493 937 3553 991 δὲ

1970 1028 2239 1099 ἔφθαρται
2258 1044 2272 1060 ·
2306 1029 2361 1082 αί
2385 1028 2442 1082 δὲ
2468 1028 2577 1082 τῶν
2605 1028 2883 1098 πολεμίων
2902 1026 3185 1092 συντάξεις
3213 1026 3549 1080 ἐκλέλυνται·

1971 1116 2152 1187 χωρία
2186 1116 2259 1178 ,δὲ
2319 1117 2498 1171 πάντα
2549 1118 2947 1187 προείληπται;
3008 1109 3170 1172 Οὗτοι
3198 1116 3258 1170 δὲ
3290 1116 3427 1188 μετά
3453 1116 3553 1187 τὴν

1971 1207 2176 1262 Μυσῶν
2206 1208 2474 1278 πρότερον
2503 1209 2604 1277 τὴν
2639 1207 2928 1279 Τριϐαλῶν
2961 1205 3055 1262 νῦν
3089 1208 3284 1277 ἄγουσι
3314 1209 3411 1261 καὶ
3462 1210 3558 1277 φέ-
3583 1247 3595 1256 .

1974 1310 2127 1367 ρουσι
2168 1297 2488 1369 βασιλείαν·
2530 1299 2793 1354 τοσοῦτον
2844 1301 3106 1352 ἀναπνεῖν
3157 1301 3289 1369 ἡμῖν
3342 1315 3558 1367 συγχω-

1976 1387 2220 1458 ροῦντες.
2252 1389 2376 1445 ὅσον
2393 1391 2530 1461 πρὸς
2552 1391 2795 1455 ἐκείνους
2822 1391 3177 1463 ὴσχόληνται.
3207 1386 3270 1443 Εἰ
3297 1388 3355 1443 δὲ
3378 1389 3441 1460 δὴ
3464 1394 3557 1442 καὶ

1970 1478 2130 1533 τάκεῖ
2156 1479 2543 1549 διοικήσονται,
2569 1476 2907 1551 ἓπανήξουσι
2968 1481 3069 1551 μὲν
3125 1482 3259 1551 ἡμῖν
3313 1480 3556 1551 φοϐεροὶ,

1974 1568 2271 1640 ζητήσουσι
2299 1571 2355 1626 δὲ
2372 1572 2432 1626 ού
2461 1572 2560 1642 τὴν
2588 1573 2922 1628 Καλλίπολιν
2969 1575 3113 1638 τότε,
3150 1572 3272 1627 οὐδὲ
3306 1572 3434 1643 περὶ
3463 1573 3556 1638 φόο

1987 1678 2100 1732 ρων
2161 1664 2282 1717 τότε
2331 1664 2876 1737 ἀκριϐολογήσονται,
2946 1666 3069 1720 οὐδὲ
3134 1667 3393 1737 στάχυσιν
3453 1661 3561 1717 οὐδ’

1976 1754 2244 1826 ἀμπέλοις
2272 1757 2662 1828 ἀπειλήσουσιν
2710 1758 3069 1830 ἐπιθήσεσθαι
3093 1774 3108 1789 '
3173 1757 3289 1812 ἀλλ’
3321 1758 3561 1824 ἀπαιτή-

1976 1865 2127 1901 σουσι
2154 1846 2252 1911 τὴν
2283 1847 2616 1917 ἐλευθερίαν,
2650 1852 2747 1904 καὶ
2778 1850 2838 1904 τὸ
2867 1850 3064 1921 χρῆναι
3095 1851 3233 1921 μετά
3249 1849 3358 1904 τῶν
3388 1848 3563 1904 ἄλλων

232 1980 241 1987 .
287 1941 440 2024 gent,
483 1942 580 1988 aut
625 1936 905 2006 segetibus
977 1938 1095 1995 sive
1169 1941 1349 1997 vineis
1389 1940 1877 1997 comminabuntur

1984 1943 2073 1995 καὶ
2104 1941 2253 2013 ἡμᾶς
2284 1941 2487 2010 γνῶναι
2517 1942 2643 2002 τοὺς
2663 1942 2823 2007 ὄντας
2847 1919 3133 2005 δεσπότας.

288 2027 637 2084 ιιηηιίςευτοε
668 2031 921 2098 militem,
953 2032 1052 2089 sed
1085 2033 1308 2106 exigent
1336 2033 1672 2101 libertatem,
1703 2045 1873 2107 utque
1911 2035 2029 2106 pari
2070 2051 2172 2093 uos
2202 2045 2371 2108 atque
2412 2036 2508 2091 alii
2575 2046 2750 2104 sorte,
2802 2054 2999 2094 eorum
3068 2052 3171 2093 nos
3208 2049 3566 2108 agnoscamus

270 2119 567 2190 ‘subjectos
595 2121 862 2178 dominio.

360 2213 526 2281 Quid,
584 2231 739 2287 rogo,
775 2227 905 2273 tunc
936 2221 1203 2290 temporis
1255 2222 1474 2290 consilii
1523 2223 1736 2279 dabunt
1792 2223 1874 2279 sic

2054 2220 2189 2274 Τότε
2233 2220 2286 2273 τί
2318 2219 2815 2291 συμϐουλεύσουσιν
2834 2222 2883 2274 οἱ
2916 2221 3074 2274 πάντ’
3110 2221 3357 2291 εὐχερεῖς
3394 2215 3560 2276 οὗτοι.

291 2303 498 2374 ubique
545 2304 731 2363 faciles
784 2308 897 2372 isti,
928 2325 992 2364 ac
1042 2312 1245 2382 quibus
1299 2322 1530 2384 excepto
1590 2313 1737 2383 quod
1780 2324 1875 2377 est

1984 2313 2076 2366 καὶ
2107 2313 2168 2366 τὸ
2193 2313 2369 2383 παρὸν
2397 2314 2559 2382 μόνον
2585 2313 2985 2384 σκοπούμενοι;
3022 2315 3082 2367 El
3120 2317 3219 2385 μὲν
3241 2316 3348 2386 γὰρ
3369 2313 3561 2385 ὥσπερ

291 2411 533 2467 ρωεεηε
578 2399 715 2454 nihil
746 2404 1082 2471 propositum
1116 2406 1224 2461 sit?
1246 2405 1388 2462 Sane
1426 2407 1649 2477 quidem
1689 2416 1750 2463 ut
1772 2408 1882 2464 sic-

1984 2404 2080 2457 νῦν
2115 2406 2227 2467 τοῖς
2248 2405 2548 2473 βαρϐάροις
2582 2405 2920 2474 ἀφίστασθαι
2949 2407 3056 2461 τῶν
3077 2406 3267 2469 ὄντων,
3298 2408 3439 2461 οὕτω
3466 2411 3561 2485 καὶ

293 2501 357 2543 ιιι
408 2490 569 2546 modo
623 2492 894 2547 cedent-as
943 2495 1195 2551 Barlmris
1250 2514 1339 2554 res
1390 2509 1631 2563 nostras,
1696 2502 1772 2556 ita
1818 2512 1876 2556 et

1984 2496 2104 2549 τότε
2135 2495 2412 2549 δουλεύειν
2454 2498 2638 2561 αὐτοῖς
2669 2499 3062 2569 παραινέσουσι
3083 2542 3098 2559 ,
3152 2504 3424 2572 χρηστοὺς
3451 2504 3562 2572 ἄρα

290 2597 430 2642 tunc
474 2602 665 2642 eorum
721 2589 1072 2643 subeundum
1133 2591 1325 2662 jugum
1386 2592 1590 2647 hortati
1646 2593 1875 2660 fuerint,

1984 2584 2201 2647 πολίτας
2248 2586 2469 2651 αὐτοὺς,
2506 2587 2743 2641 καὶτῶν
2782 2589 2982 2644 κοινῶν
3014 2590 3199 2657 ἀξίους
3239 2593 3564 2662 -προστάτας

291 2679 473 2735 bonos
509 2680 702 2750 utique
733 2681 884 2737 cives
927 2683 996 2737 ad
1034 2684 1233 2753 dignos
1270 2684 1589 2754 reipublicae
1622 2686 1879 2740 defenso-

1984 2677 2358 2745 ἀποφανοῦσιν
2380 2694 2395 2709 ·
2444 2682 2492 2732 εί
2591 2680 2731 2752 ὅπερ
2765 2680 2991 2751 εὔλογον
3028 2686 3119 2736 καὶ
3148 2684 3265 2754 Θεῷ
3286 2686 3396 2756 μὲν
3432 2687 3564 2756 ἀρέο

293 2785 388 2824 res
431 2785 488 2825 se
516 2771 787 2839 proditori
818 2782 973 2828 sunt.
1012 2774 1108 2828 Sin
1158 2783 1341 2830 autem
1386 2776 1530 2845 quod
1564 2784 1644 2830 est
1677 2777 1877 2831 rationi

1984 2784 2132 2833 σκον,
2161 2769 2297 2821 πᾶσι
2326 2768 2373 2821 δ’
2412 2769 2492 2832 ὡς
2530 2770 2661 2831 ἔπος
2695 2773 2874 2823 εἰπεῖν
2914 2774 3441 2845 συγκεκληρωμένον
3466 2777 3563 2829 ἀν-

294 2871 727 2917 consentaneum
773 2864 995 2934 Deuque
1041 2867 1324 2938 placitum,
1371 2877 1538 2937 atque
1599 2875 1659 2921 ut
1710 2867 1880 2922 verbo

1984 2860 2243 2931 θρώποις,
2276 2860 2468 2925 εἰωθὸς
2498 2861 2553 2914 δὲ
2603 2863 2697 2916 καὶ
2729 2864 2881 2933 ἡμῖν,
2914 2865 3010 2917 καὶ
3036 2867 3149 2928 τοῖς
3177 2867 3411 2937 ὲξαρχῆς
3455 2868 3567 2929 τοῖς

293 2952 494 3020 dicam,
548 2956 936 3012 universorum
988 2957 1193 3013 bonum
1236 2958 1513 3028 suil'ragiis
1553 2957 1878 3027 comproba-

1984 2953 2192 3016 πόλεως
2216 2952 2423 3023 ἔργοις,
2447 2956 2542 3008 καὶ
2568 2957 2635 3026 τῇ
2658 2955 2784 3027 δόξῃ
2818 2956 3139 3024 συμϐαῖνον,
3171 2958 3294 3012 τότε
3323 2958 3566 3028 συμϐου-

294 3052 452 3099 tum:
485 3048 578 3102 sed
613 3057 669 3102 ct
708 3049 871 3105 nobis
902 3060 1257 3116 consuetum,
1293 3065 1359 3105 ac
1402 3051 1472 3105 iis
1501 3066 1624 3121 quae
1653 3067 1682 3105 a
1717 3050 1877 3121 prin-

1984 3045 2165 3101 λεύειν
2199 3047 2550 3119 θελήσουσιν,
2584 3049 2661 3111 ὡς
2688 3048 2797 3117 ἀρα
2830 3047 3119 3102 ἀνθεκτέον
3169 3051 3265 3121 μὲν
3295 3051 3393 3118 τῆς
3418 3050 3571 3103 ἐλευ-

291 3137 457 3208 cipio'
502 3138 696 3195 civitas
746 3140 1076 3211 designavit,
1102 3151 1158 3197 et
1200 3143 1384 3214 gloriae
1419 3135 1724 3214 congruum
1772 3146 1878 3198 hoc

1986 3137 2196 3207 θερίας,
2235 3136 2455 3192 πάντων
2485 3137 2541 3191 δὲ
2582 3138 2818 3208 μάλιστα
2851 3137 2949 3209 τὴν
2979 3138 3227 3191 δουλείαν
3252 3138 3569 3210 φοϐερώταο

291 3231 469 3287 velint
488 3234 800 3299 consulere,
827 3235 1087 3289 nimirum
1116 3236 1459 3291 retinendam
1498 3251 1623 3292 esse
1651 3235 1877 3292 liberta-

295 3331 429 3392 tem,
466 3326 828 3398 omniumque
876 3328 1112 3383 maxime
1156 3327 1620 3384 terribilissimam
1672 3327 1879 3383 ducen-

290 3418 419 3474 dam
451 3420 804 3475 servitutem:
864 3430 925 3474 ut
963 3419 1095 3491 quid
1154 3418 1314 3475 modo
1368 3419 1687 3486 admonent,
1729 3418 1879 3489 quod

290 3508 416 3581 ejus
499 3519 631 3565 tunc
683 3512 947 3582 temporis
1018 3511 1266 3567 consiliis
1317 3510 1652 3566 destructuri
1709 3507 1883 3565 sunt?

294 3601 656 3672 Perspicuum
705 3604 850 3657 enim
892 3613 997 3670 est,
1034 3618 1159 3659 cum
1192 3603 1396 3658 bellum
1431 3613 1560 3658 tunc
1594 3600 1884 3656 consulent

294 3692 709 3762 perferendum,
742 3696 1099 3763 pecuniarum
1128 3695 1342 3759 itidem,
1373 3705 1535 3764 atque
1571 3691 1880 3755 hominum,

293 3782 711 3854 sociorumque,
767 3795 823 3841 et
872 3787 1143 3853 locorum,
1198 3796 1362 3856 atque
1409 3793 1704 3855 portuum.
1765 3796 1885 3834 οῐη·

296 3874 571 3946 nlumque
602 3877 854 3933 absolute
893 3877 1115 3949 negotio
1141 3878 1571 3937 conducentium
1611 3871 1886 3927 accessio-

294 3982 428 4023 nem
457 3983 583 4024 esse
616 3972 972 4040 cogitaturos.
1020 3971 1178 4025 Tunc
1220 3985 1348 4024 vero
1391 3967 1484 4038 qui
1535 3975 1669 4020 tunc
1704 3963 1888 4034 provi-

293 4059 416 4115 suri
441 4069 573 4117 sunt
615 4072 673 4116 ut
704 4077 827 4133 quae
864 4062 1064 4118 desunt
1094 4077 1413 4131 comparare
1444 4056 1742 4128 possimus,
1770 4055 1887 4126 ipsa

296 4150 470 4206 modo
522 4150 711 4207 habita
757 4168 952 4223 ενοιιέ
1033 4150 1407 4222 ablegabunt?
1461 4164 1527 4203 ac
1578 4160 1887 4218 quaerentes

294 4242 695 4307 accessionem,
758 4246 869 4301 voti
903 4262 963 4301 se
1016 4253 1303 4313 compotes
1351 4243 1469 4296 fore
1514 4240 1888 4296 subtractione

295 4332 761 4393 arbitrabuntur?
785 4338 1069 4408 Siquidem
1114 4337 1263 4392 enim
1310 4336 1536 4391 omnino
1566 4336 1768 4391 bellum
1799 4350 1891 4407 ge-

301 4429 537 4484 rendum
566 4438 670 4497 est,
709 4430 874 4500 plane
932 4439 1153 4500 praestat
1210 4429 1376 4484 rebus
1421 4429 1723 4486 instructos
1771 4443 1889 4485 rem

295 4521 547 4594 aggredi,
567 4539 674 4577 non
706 4523 773 4578 de
798 4522 1065 4578 industria
1089 4536 1183 4577 eas
1210 4520 1480 4588 minuere,
1536 4519 1667 4578 cum
1687 4521 1891 4590 quibus

1983 3243 2075 3281 τον
2095 3227 2332 3297 ήγητέον
2352 3243 2366 3260 ο
2401 3226 2454 3280 τί
2483 3226 2577 3281 νῦν
2609 3226 3001 3299 παραινοῦσιν,
3023 3227 3060 3283 ἃ
3087 3226 3196 3281 τότ’
3212 3229 3571 3301 ἀναιρήσουσι

1981 3321 2048 3376 δι’
2077 3315 2151 3376 ὧν
2185 3322 2655 3393 συμϐουλεύσονσι
2679 3341 2694 3390 ;
2719 3324 2887 3395 Δῆλον
2936 3325 3045 3396 γὰρ
3075 3325 3154 3379 ὅτι
3177 3326 3298 3379 τότε
3328 3322 3568 3393 πόλεμον

1982 3416 2292 3485 ἐξενεγκεῖν
2328 3416 2817 3488 συμϐουλεύοντες,
2851 3419 2946 3471 καὶ
2976 3418 3297 3489 χρημάτων,
3339 3417 3433 3471 καὶ
3455 3434 3567 3469 σω-

1986 3508 2196 3577 μάτων,
2237 3509 2336 3563 καὶ
2369 3510 2703 3581 συμμάχων,
2730 3510 2825 3563 καὶ
2847 3513 3052 3572 τόπων,
3078 3510 3174 3564 καὶ
3195 3510 3451 3581 λιμένων,
3473 3510 3571 3562 καὶ

1984 3600 2203 3653 πάντων
2223 3600 2411 3665 ἁπλῶς
2431 3602 2538 3655 τῶν
2559 3601 2883 3673 ἐπιτηδείων
2906 3603 3224 3674 προσθήκην
3251 3603 3568 3673 ὲπινοήσου-

1989 3712 2093 3751 σιν.
2123 3688 2258 3750 Εἶτα
2314 3695 2425 3750 τῶν
2461 3696 2537 3767 μὴ
2566 3696 2736 3750 ὄντων
2759 3698 2905 3761 ὅπως
2954 3694 3253 3768 προσέσται
3290 3695 3412 3748 τότε
3444 3710 3573 3747 σκε-

1985 3787 2233 3857 ψόμενοι,
2286 3787 2356 3841 τὰ
2406 3788 2537 3842 ὄντα
2604 3787 2699 3842 νῦν
2752 3788 3078 3855 ἑκϐαλοῦσις
3125 3789 3222 3842 καὶ
3258 3784 3573 3859 προσθήκην

1988 3878 2306 3949 ζητοῦντες,
2355 3879 2646 3948 ἀφαιρέσει
2682 3877 2934 3949 νομιοῦσι
2971 3878 3327 3949 περιέσεσθαι
3370 3874 3462 3930 τοῦ
3487 3874 3571 3928 δο-

1989 3968 2244 4034 κοῦντοςς
2297 3969 2358 4024 Εί
2412 3969 2518 4039 γάρ
2573 3969 2710 4034 ὅλως
2738 3969 2822 4023 δεῖ
2853 3970 3112 4035 πολεμεῖν
3136 4009 3151 4031 ,
3219 3968 3429 4039 βέλτιον
3459 3968 3570 4028 τοῖς

1987 4060 2130 4126 ὅλοις
2168 4060 2309 4132 μετά
2339 4061 2450 4116 τῶν
2472 4064 2642 4116 ὄντων
2674 4061 3006 4133 ἐπιχειρεῖν*
3038 4056 3154 4115 ἀλλ’
3187 4061 3289 4114 οὐκ
3314 4057 3572 4112 ἐλαττοῦν

1990 4151 2333 4225 ἐξεπίτηδες,
2386 4152 2505 4223 μεθ’
2526 4145 2602 4207 ὧν
2629 4152 2845 4223 ἀνάγκη
2890 4153 3173 4223 διαφέρειν
3201 4153 3294 4205 τὸν
3320 4151 3575 4220 πόλεμον,

1989 4245 2177 4318 ὥσπερ
2220 4247 2315 4301 κα)⁸
2346 4245 2489 4318 μετά
2541 4246 2873 4316 συμμάχων.
2914 4244 2976 4298 Εί
3030 4244 3237 4298 τούτων
3266 4243 3395 4299 ἄνευ
3428 4233 3601 4295 εἷποι’
3641 4310 3652 4319 ⁸

1982 4357 2074 4403 ,τις
2129 4340 2194 4393 ἂν
2224 4339 2336 4392 δεῖν
2368 4337 2728 4403 κινδυνεύειν,
2766 4338 2864 4393 καὶ
2906 4337 3048 4407 μετά
3084 4336 3423 4409 χρημάτων,
3458 4330 3576 4385 ἀλλ’
3638 4325 3649 4363 ἶ

1991 4431 2053 4485 οὐ
2091 4429 2229 4502 μετὰ
2262 4431 2489 4493 πενίας·
2523 4429 2621 4484 καὶ
2656 4429 2847 4494 ἀπλῶς
2878 4428 3000 4498 μεθ’
3032 4428 3117 4482 ὅτι
3171 4427 3433 4497 πλείστης
3465 4420 3579 4479 οἷόν
3658 4474 3663 4479 .

1991 4539 2052 4576 τε
2087 4522 2442 4593 περιουσίας·
2474 4524 2522 4575 εί
2544 4522 2591 4576 δ’
2628 4522 2712 4576 ὅτι
2757 4519 2931 4591 μικρά
2982 4519 3082 4590 μὲν
3114 4520 3148 4589 ή
3194 4517 3527 4579 Καλλίπολις
3549 4554 3565 4582 ,

298 4628 532 4678 necesse
584 4623 667 4670 est
723 4614 1069 4671 commodius
1119 4615 1257 4686 geri,
1307 4626 1367 4670 ut
1419 4625 1476 4671 et
1525 4630 1652 4671 cum
1708 4614 1877 4670 sociis

2005 4616 2238 4687 μεγίστη
2259 4614 2370 4686 δὲή
2406 4612 2764 4684 μητρόπολις,
2798 4612 2888 4667 διὰ
2922 4610 3071 4665 τοῦτ’
3096 4609 3207 4682 ἄρα
3239 4610 3322 4664 δεῖ
3352 4608 3579 4683 τοῦλατο

299 4703 573 4762 Pneterea
622 4704 668 4760 si
717 4706 844 4776 quis
892 4704 1149 4761 adeunda
1204 4706 1449 4776 pericula
1495 4707 1663 4769 dicat,
1708 4706 1784 4761 ita
1830 4714 1891 4760 ut

299 4795 555 4865 pecuniae
584 4802 898 4865 suppetant,
926 4809 1035 4849 non
1067 4805 1130 4849 ut
1163 4810 1434 4866 pauperes
1461 4798 1656 4861 simus,
1689 4811 1753 4852 ac
1774 4810 1893 4850 om-

306 4886 442 4942 nino
475 4897 536 4942 ιιι
581 4903 746 4959 quam
793 4886 1031 4942 maxima
1090 4888 1311 4944 licuerit
1363 4904 1547 4943 rerum
1601 4888 1760 4958 copia
1811 4887 1896 4941 in-

298 4980 502 5036 structi
541 4980 759 5046 simus;
797 4993 1080 5047 caeterum,
1127 4979 1272 5052 quod
1330 4980 1613 5052 Callipolis
1662 4980 1897 5051 oppidu-

299 5071 420 5128 lum
452 5075 544 5141 sit,
578 5073 901 5144 metropolis
931 5081 1114 5129 autem
1163 5073 1235 5130 sit
1272 5076 1469 5131 civitas
1517 5074 1778 5139 maxima,
1816 5073 1897 5129 id-

299 5166 457 5223 circo
500 5167 646 5238 quod
720 5158 913 5223 minus
947 5175 1032 5222 est
1069 5166 1459 5224 dimittendum
1520 5186 1642 5227 esse
1683 5186 1780 5241 pro
1829 5185 1897 5226 eo

301 5263 455 5330 quod
483 5268 567 5314 est
598 5264 894 5313 maximum
928 5277 942 5314 ί
972 5262 1209 5331 primum
1236 5262 1459 5332 quidem
1483 5256 1715 5318 stultum
1748 5262 1897 5334 judi-

1992 4725 2085 4761 τον
2116 4709 2239 4761 ἀντὶ
2262 4708 2354 4761 τοῦ
2388 4708 2646 4777 μεγίστου
2678 4704 2968 4777 προΐεσθαι
2993 4718 3010 4736 ⁸
3048 4702 3267 4775 πρῶτον
3294 4701 3394 4773 μὲν
3421 4701 3582 4771 ἀννὶηυ

1994 4814 2086 4851 τον
2122 4796 2344 4867 μεγέθει
2365 4797 2434 4851 τὰ
2466 4797 2767 4867 πράγματα
2793 4792 3103 4866 κρίνεσθαι,
3138 4793 3232 4845 καὶ
3252 4791 3461 4862 βέλτιον
3481 4788 3584 4858 μὲν

1995 4889 2084 4943 ἀεὶ
2111 4889 2172 4942 τὸ
2190 4890 2389 4959 μεῖζον
2410 4905 2425 4921 ·
2455 4889 2517 4942 τὸ
2546 4887 2591 4943 δ’
2621 4882 2784 4960 ἧττον
2818 4889 3000 4959 χεῖρον
3028 4884 3206 4939 δοκεῖν
3225 4899 3242 4919 ο
3271 4882 3461 4953 ὥσπερ
3510 4880 3581 4934 ἂν

1997 4982 2050 5036 εί
2074 5000 2158 5045 τις
2189 4983 2412 5036 καὶτῶν
2442 4983 2500 5035 ὲν
2529 4981 2607 5052 τῷ
2644 4980 2861 5050 σώματι
2893 4980 2984 5033 τὸν
3006 4976 3285 5046 ὀφθαλμὸν
3309 4976 3584 5046 χείριστον

1996 5073 2154 5146 ᾤετο,
2185 5075 2266 5128 ὅτι
2288 5073 2353 5141 δὴ
2377 5074 2471 5127 καὶ
2498 5073 2860 5143 σμικρότατον
2883 5110 2897 5132 ,
2930 5071 2961 5141 ἢ
2995 5071 3092 5123 καὶ
3115 5072 3242 5130 τοὺς
3267 5069 3334 5121 τά
3356 5067 3588 5136 σώματα

2004 5169 2222 5241 μείζους
2255 5167 2500 5238 βελτίους
2533 5165 2643 5218 τῶν
2680 5163 2918 5233 μετρίων
2945 5164 3148 5241 ήγεῖτο.
3183 5161 3294 5214 Καὶ
3312 5160 3406 5229 τῆς
3440 5158 3588 5211 Καλ-

2000 5263 2264 5326 λιπόλεως
2297 5261 2478 5314 τοίνυν
2508 5262 2569 5312 ού
2599 5259 2689 5310 τὸν
2725 5255 3015 5327 περίϐολον
3050 5254 3209 5322 μόνον
3233 5253 3330 5305 καὶ
3360 5252 3453 5303 τὸν
3473 5250 3584 5303 τῶν

306 5367 442 5408 care
486 5366 574 5407 res
604 5367 670 5407 ex
722 5353 1119 5423 magnitudine,
1175 5370 1259 5411 ac
1295 5370 1516 5425 semper
1564 5370 1674 5426 quo
1724 5354 1882 5426 majus

2002 5358 2232 5426 πύργων
2290 5351 2522 5424 ἀριθμὸν
2555 5350 2825 5421 προσήκει
2878 5350 3127 5411 σκοπεῖν,
3180 5345 3439 5397 ἀλλὰκαὶ
3486 5342 3584 5411 τὴν

302 5446 519 5518 aliquid
556 5461 623 5502 eo
656 5448 851 5503 melius
883 5458 1094 5518 putare,
1121 5448 1475 5519 deteriusque
1500 5448 1645 5518 quod
1674 5449 1856 5502 minus
1881 5465 1898 5504 :

307 5540 466 5595 velut
497 5539 542 5595 si
578 5540 704 5610 quis
749 5540 1121 5595 membrorum
1172 5541 1423 5610 corporis
1456 5540 1676 5595 oculum
1720 5540 1903 5595 deter-

313 5634 518 5688 rimum
545 5635 866 5700 arbitretur,
900 5635 1043 5705 quod
1079 5634 1269 5706 utique
1293 5634 1365 5689 sit
1390 5634 1532 5688 mole
1563 5633 1849 5687 minimum
1882 5649 1897 5698 ;

2003 5445 2419 5516 ἐπιτηδειότητα
2450 5441 2546 5496 τοῦ
2597 5441 2799 5512 χωρίου
2828 5437 3163 5506 λογίζεσθαι,
3199 5436 3294 5488 καὶ
3321 5435 3397 5497 ὡς
3423 5432 3588 5502 ἀκρό-

2007 5538 2157 5600 πολίς
2191 5553 2274 5600 τις
2306 5535 2407 5605 τῆς
2459 5533 2703 5603 μεγάλης
2731 5531 2938 5593 πόλεως
2994 5525 3136 5582 εῖναι
3172 5526 3357 5579 δοκεῖ’
3390 5529 3484 5578 καὶ
3510 5523 3586 5586 ὥς

2006 5632 2110 5687 ἕως
2144 5630 2243 5699 μὲν
2273 5627 2443 5697 αὐτὴν
2476 5627 2638 5696 ἡμεῖς
2665 5624 2909 5694 εἴχομεν,
2940 5624 2975 5691 ἥ
3000 5638 3060 5673 τε
3093 5619 3440 5691 Χερρόνησος
3496 5615 3590 5692 καὶ

310 5724 406 5778 vel
432 5738 528 5779 eos
574 5728 667 5796 qui
703 5704 1007 5799 prnigrandi
1048 5704 1196 5783 sunt:
1212 5741 1464 5797 corpore,
1497 5726 1606 5781 illis
1652 5725 1882 5779 meliore:

2009 5723 2065 5775 αἱ
2096 5723 2153 5773 ὲν
2191 5719 2384 5791 Θρᾴκῃ
2433 5716 2615 5778 πόλεις
2676 5717 2812 5784 ἡμῖν
2875 5715 3153 5782 ὑπήκουον
3184 5708 3466 5778 καθαρῶς·
3495 5704 3589 5774 ἀφ’

316 5818 620 5885 existimet,
656 5821 749 5893 qui
797 5830 926 5877 sunt
973 5822 1211 5889 modico,
1256 5837 1319 5876 ac
1346 5823 1504 5893 iustae
1538 5828 1781 5875 statum.
1814 5819 1882 5873 Sit

2009 5807 2070 5867 οὗ
2096 5814 2152 5867 δὲ
2188 5812 2394 5880 ταύτην
2421 5809 2688 5879 κατέσχον
2716 5808 2766 5860 οῖ
2802 5806 3065 5878 βάρϐαροι
3094 5841 3109 5857 .
3147 5802 3332 5893 ἐκεῖνά
3359 5817 3422 5852 τε
3451 5798 3587 5893 ἀπέ-

316 5906 508 5981 itaque
538 5889 687 5983 quod
713 5915 782 5974 ad
813 5916 1122 5987 Callipolim
1150 5889 1366 5985 attinet,
1401 5914 1606 5973 nedum
1641 5912 1882 5970 ambitun

2015 5923 2139 5976 στη,
2170 5891 2272 5959 καὶ⁸
2299 5902 2558 5973 νῦνὴμῖν
2590 5898 2835 5972 περὶτῆς
2863 5896 3137 5968 σωτηρίας
3165 5895 3213 5948 οἱ
3243 5891 3391 5960 λόγοι
3420 5889 3595 5959 γίνον-
