4068 6514
494 503 631 568 1025
1341 499 1626 563 ORATIO
1663 498 1761 559 DE
1792 493 1958 559 NON
2000 494 2417 558 REDDENDA
2456 490 2886 554 CALLIPOLI.
3450 553 3463 565 ,
3607 493 3746 559 Ῑιρδ

490 637 582 674 ται
613 620 933 690 καθημέραν
958 636 971 652 ε
1004 618 1275 687 τοσαύτην
1302 617 1388 670 ἐπ’
1413 615 1699 684 ἀμφότερα
1745 611 1917 682 ῥοπὴν
1947 609 2060 680 ἔχει

2186 627 2226 665 ιο
2291 622 2579 664 numerum
2632 606 2866 662 turrium
2930 616 3145 677 oportet
3205 616 3500 679 spectare,
3555 622 3748 663 verum

492 712 553 765 τὸ
586 713 781 783 μικρὸν
820 711 982 765 τοῦτο
1037 710 1256 782 χωρίον.
1294 706 1448 762 Ὠστ’
1476 708 1528 760 εἰ
1575 705 1678 766 δεῖ,
1737 704 1797 756 τὸ
1834 701 2068 771 μέγεθος

2186 702 2341 756 etiam
2395 709 2653 767 reputare
2692 697 3158 767 opportunitatem
3208 698 3339 765 loci,
3384 708 3553 769 utque
3600 698 3754 755 velut

492 803 756 872 ἀφέντας,
792 804 1106 873 λογίζεσθαι
1153 803 1253 874 τὴν
1310 799 1599 869 ὠφέλειαν,
1632 795 1693 849 ού
1746 795 1898 865 παρά
1931 792 2066 849 πολὺ

2186 808 2275 846 arx
2306 806 2514 860 magna:
2560 789 2725 861 hujus
2761 789 3013 847 civitatis.
3045 789 3296 846 videatur
3325 808 3342 848 :
3391 804 3457 858 ac
3509 791 3755 859 quandiu

491 894 776 964 διαφέρειν
832 894 983 964 εὕροι
1013 911 1096 958 τις
1139 894 1205 949 ἂν
1238 890 1335 947 τοῦ
1361 890 1569 960 ταύτην
1599 883 1850 940 ἐκδοῦναι
1885 884 1946 938 τὸ
1969 885 2069 955 τὴν

2186 879 2396 950 quidem
2458 880 2605 934 illam
2666 882 2965 945 tenuimus,
3018 895 3143 935 cum
3198 878 3596 946 Chersonesus,
3637 890 3754 934 tum

493 986 731 1056 πατρίδα
763 984 1075 1055 προδοῦναι.

2186 970 2425 1026 Thraciae
2485 969 2652 1024 urbes
2706 970 2884 1038 palam
2941 971 3103 1025 nobis
3158 970 3481 1026 obcdirent:
3515 985 3580 1025 ex
3645 983 3757 1039 quo

494 1089 687 1149 autem
708 1093 829 1135 eam
870 1089 1168 1136 tenuerunt
1233 1078 1481 1143 Barbari,
1509 1083 1621 1131 tum
1689 1074 1777 1129 illa
1819 1069 2141 1132 defecerint,
2185 1078 2296 1122 tum
2326 1080 2392 1121 eo
2424 1064 2628 1120 redacti
2666 1064 2860 1129 simus,
2906 1075 2968 1120 ut
3013 1066 3260 1135 quotidie
3308 1080 3454 1120 nunc
3484 1065 3553 1120 de
3578 1064 3757 1119 salute

492 1190 780 1231 sermones
825 1176 1171 1232 conferamus
1232 1190 1250 1229 :
1297 1173 1506 1245 grande
1543 1171 1680 1227 adeo
1721 1169 1790 1225 ad
1839 1177 2068 1237 utraque
2141 1171 2480 1219 momentum
2540 1161 2703 1216 habet
2752 1177 2980 1232 parvum
3028 1162 3135 1218 hoc
3187 1163 3524 1233 pra'sidium,
3598 1171 3659 1218 ut
3710 1162 3755 1220 si

495 1268 660 1337 missa
710 1267 1087 1341 magnitudine
1148 1266 1400 1323 utilitatis
1448 1264 1699 1320 habenda
1752 1261 1825 1316 sit
1881 1258 2022 1325 ratio
2050 1295 2066 1322 ,
2107 1254 2254 1312 haud
2330 1256 2565 1308 multum
2631 1251 2758 1322 quis
2813 1250 3022 1307 referre
3061 1252 3328 1321 inveniat,
3370 1262 3431 1351 ut
3476 1270 3539 1308 ea
3575 1256 3758 1308 traala-

496 1371 607 1419 tur.
640 1372 737 1417 aut
763 1361 1026 1432 prodatur
1048 1359 1253 1429 patria.

571 1457 806 1518 Ἔπειτα
833 1453 883 1507 εἰ
934 1451 1143 1523 ταύτην
1191 1454 1303 1515 τοῖς
1336 1450 1633 1522 βαρϐάροις
1690 1446 1936 1503 αἰτοῦσιν
1981 1444 2080 1497 οὑκ

496 1547 796 1616 ἀντιλέγειν
819 1546 1186 1617 τολμήσομεν,
1206 1547 1307 1616 τὴν
1329 1545 1555 1598 ἐκείνων
1572 1542 1803 1612 δύναμιν
1821 1537 2076 1599 δεδιότες,

497 1640 707 1691 εἰπάτω
731 1655 814 1700 τις
843 1638 1008 1706 ἐμοὶ,
1052 1637 1107 1690 τί
1140 1636 1201 1689 τὸ
1255 1634 1464 1690 κωλύον
1496 1635 1593 1688 καὶ
1614 1631 1863 1703 δεύτερον
1894 1628 2078 1688 αὐτοῖς

496 1719 707 1773 αἰτοῦσι
731 1719 827 1771 καὶ
857 1718 1042 1790 τρίτον
1073 1718 1392 1789 πεισθῆναι;
1425 1717 1572 1779 Ἕως
1601 1717 1708 1785 γὰρ
1733 1714 1820 1779 ἂν,
1845 1712 1920 1775 ὠς
1936 1712 2079 1763 ἐκεῖ-

498 1830 579 1866 νοι
609 1814 899 1885 στήσονται
920 1811 1015 1865 τοῦ
1046 1812 1408 1872 πλεονεκτεῖν,
1451 1811 1548 1881 οὐχ
1589 1804 1699 1870 οἷός
1724 1806 1773 1860 τ’
1865 1803 2075 1858 πείθειν

2254 1436 2573 1499 Praeterea,
2628 1435 2900 1505 siquidem
2955 1450 3075 1490 eam
3136 1437 3451 1505 petentibus
3500 1424 3758 1498 Barbaris

2181 1527 2565 1582 contradicere
2599 1543 2708 1583 non
2755 1527 3045 1594 audemus,
3094 1529 3257 1583 veriti
3308 1529 3524 1584 illorum
3560 1545 3758 1602 poten-

2181 1622 2332 1686 tiam,
2364 1622 2512 1676 dicat
2544 1622 2668 1690 quis
2690 1622 2820 1691 quid
2854 1631 3022 1687 vetet,
3055 1631 3116 1676 ut
3145 1639 3212 1678 ne
3235 1625 3477 1680 secundo
3499 1642 3564 1682 ac
3592 1630 3756 1684 tertio

2175 1701 2496 1782 petentibus
2540 1703 2952 1782 obsequamur?
2984 1712 3236 1779 Quandiu
3270 1717 3416 1770 enim
3448 1729 3759 1776 cessatores

2180 1805 2592 1883 illos‘injuriam
2635 1804 2835 1870 facere,
2869 1821 3031 1861 nemo
3064 1808 3137 1861 sit
3169 1808 3260 1877 qui
3297 1808 3471 1878 possit
3494 1826 3747 1885 ’ρει-θυαε

503 1919 603 1966 τις,
631 1868 728 1956 κτείί
780 1904 929 1973 ἡμᾶς
957 1903 1172 1971 ἀνάγκη
1215 1905 1328 1965 τοῖς
1369 1868 1461 1954 ὑπ’
1500 1868 1724 1954 ἐκείνων
1758 1868 2075 1966 λεγομένοις

2186 1896 2335 1962 dere,
2370 1912 2471 1952 nos
2501 1913 2723 1968 quoque
2757 1912 2981 1953 necesse
3013 1898 3122 1953 erit
3153 1898 3374 1954 illorum
3410 1902 3614 1956 veritos
3659 1920 3760 1973 po-

499 1994 870 2060 συντίθεσθαι,
905 1995 1004 2065 τὴν
1055 1994 1287 2063 δύναμιν
1325 1993 1533 2047 τούτων
1558 1989 1968 2063 ὑφορωμένους.
2015 1988 2074 2040 '0

497 2084 608 2155 γὰρ
635 2084 782 2151 ἅπαξ
822 2085 921 2156 τὴν
948 2085 1061 2141 τῶν
1107 2083 1386 2153 πολεμίων
1422 2083 1576 2153 ἰσχὺν
1623 2079 1940 2147 ἐκπλαγεὶς,
1982 2076 2077 2130 καὶ

500 2175 887 2244 μεμελετηκὼς
911 2175 1232 2240 ὑπακούειν,
1261 2175 1320 2229 ού
1351 2176 1421 2229 τὰ
1445 2173 1543 2244 μὲν
1565 2173 1771 2226 ἐλάττω
1794 2169 2078 2241 συγχωρή-

501 2280 604 2326 σει,
654 2263 790 2333 πρὸς
845 2263 902 2317 δέ
934 2263 1002 2318 τὰ
1066 2264 1235 2335 μείζω
1292 2264 1691 2333 φιλονεικήσει·
1748 2260 1882 2314 ἀλλά
1915 2259 2075 2314 πάνθ’

496 2353 697 2424 ὁμοίως
730 2355 1121 2424 ὐποστήσεται,
1153 2354 1256 2418 ἕως
1293 2353 1359 2408 ἂν
1394 2354 1494 2425 τὴν
1536 2354 1653 2425 τῶν
1676 2352 2076 2406 ἐπιταττόντων

505 2446 659 2514 ἰσχὺν
687 2445 989 2518 ὑποπτεύῃ.
1053 2447 1208 2500 Ὠστ’
1233 2447 1356 2515 ούχὶ
1408 2447 1536 2517 περὶ
1567 2424 1663 2512 τῆς
1694 2444 2077 2507 Καλλιπὸλεως

506 2540 687 2610 μόνον,
720 2539 768 2591 εἰ
816 2539 922 2610 χρὴ
953 2539 1216 2609 προέσθαι
1274 2538 1523 2609 ταύτην’,
1575 2540 1707 2607 ἡμῖν
1739 2540 1853 2591 ἐστι
1906 2537 2001 2590 νῦν
2042 2537 2077 2607 ἡ

504 2625 806 2695 συμϐουλὴ,
840 2626 978 2678 ἀλλὰ
1022 2627 1118 2680 καὶ
1150 2626 1280 2696 περὶ¹
1325 2625 1419 2678 τοῦ
1448 2625 1546 2693 τῆς
1582 2625 1789 2688 πόλεως
1821 2624 2075 2693 ἐδάφους,

504 2717 594 2770 καὶ
627 2715 843 2770 πάντων
877 2717 1063 2799 ἁπλῶς
1092 2716 1202 2771 τῶν
1231 2716 1453 2773 λοιπῶν.
1484 2718 1559 2769 Οὐ
1590 2717 1694 2787 χρὴ
1732 2715 1914 2771 τοίνυν
1936 2714 2078 2769 οὕτω

503 2808 935 2873 ταπεινωθέντας
991 2809 1170 2863 πάντα
1219 2810 1529 2881 συγχωρεῖν
1582 2811 1693 2869 τοῖς
1737 2807 2072 2878 βαρϐάροις·

505 2900 622 2953 ἀλλ’
657 2900 828 2954 ἐνίοτε
851 2901 945 2954 καὶ
973 2899 1392 2971 συμφερώτερον
1436 2900 1683 2969 νομίζειν
1733 2896 2075 2964 ἐνίστασθαι,

508 2991 600 3044 καὶ
630 2991 874 3060 νομίζειν
926 2992 1121 3062 τέχνης
1173 2991 1319 3055 τινὸς
1373 2990 1557 3044 εἵνεκα
1613 2992 1705 3043 καὶ
1756 2989 1951 3060 πείρας
1984 2990 2076 3042 ὑπ’

508 3083 736 3136 ἐκείνων
762 3084 922 3137 ταυτὶ
955 3084 1388 3154 προϐεϐλῆσθαι·
1422 3082 1515 3151 iv,’
1536 3085 1632 3137 ἐὰν
1664 3084 1761 3152 μὲν
1801 3083 2079 3152 ἐνστῶμεν

510 3175 606 3227 καὶ
646 3174 753 3227 τῶν
777 3175 944 3228 ὄντων
977 3174 1405 3243 ἀντιποιώμεθα,
1471 3176 1564 3229 καὶ
1594 3176 1741 3246 δῆλοι
1790 3174 2080 3244 γενώμεθα
2103 3212 2150 3276 C

513 3263 588 3335 μὴ
630 3263 1015 3333 ἐπιτρέψοντες
1049 3265 1205 3333 ἄγειν
1252 3265 1373 3316 καὶὴ
1406 3267 1595 3335 φέρειν
1629 3265 1800 3333 ἡμᾶς,
1851 3263 1979 3318 ἄλλο
2026 3281 2080 3317 τι

510 3352 788 3424 ζητήσωσι
834 3353 1189 3425 λυσιτελῆσον
1220 3355 1406 3418 αὐτοῖς
1428 3372 1441 3385 ι
1474 3355 1570 3418 ἐὰν
1595 3354 1639 3408 δ’
1671 3354 2081 3424 ὑποπτήξαντες

511 3428 961 3518 συγχωρήσωμεν
989 3486 1006 3513 ,
1059 3447 1245 3501 λοιπὸν
1288 3448 1362 3511 ὡς
1397 3449 1497 3520 ⁴ἤδη
1537 3448 1943 3509 ταπεινωθεῑσι,
1987 3447 2085 3501 καὶ

472 3537 662 3590 σούδέν
694 3540 886 3612 ὅτιξού
921 3539 1356 3610 συγχωρήσουσι,
1402 3540 1699 3612 χρήσονται
1726 3557 1738 3572 ·
1770 3543 1866 3594 καὶ
1900 3541 2084 3595 πάντα

510 3610 930 3702 περικόψαιῆες,
958 3631 1320 3694 τελευτῶντες
1349 3631 1570 3701 ἥξουσιν
1603 3633 1698 3686 ἐπὶ
1719 3634 1816 3697 τάς
1851 3632 2083 3702 θυγατέο

510 3737 633 3790 ρας,
674 3722 769 3774 καὶ
797 3722 923 3786 τοὺς
948 3723 1167 3790 παῖδας,
1198 3724 1293 3776 καὶ
1314 3725 1413 3787 τὰς
1459 3728 1748 3794 γυναῖκας,
1783 3729 1877 3780 καὶ
1905 3728 1973 3781 τά
1997 3744 2083 3786 τι-

515 3813 782 3884 μιώτατα,
807 3815 903 3867 καὶ
932 3815 1030 3886 τὴν
1057 3816 1310 3886 πατρίδα.
1342 3818 1417 3871 Οὐ
1454 3819 1562 3891 γὰρ
1593 3821 1651 3872 ἐν
1672 3821 1785 3883 τοῖς
1802 3818 2093 3881 ἐλάττοσιν.

511 3905 1034 3975 ἀναισχυντοῦντες,
1088 3909 1146 3961 ἐν
1205 3910 1317 3973 τοῖς
1355 3910 1632 3979 μεγίστοις
1682 3913 2085 3984 ’ἐπιστήσονται

511 3998 830 4067 σωφρονεῖν.
864 3999 975 4052 Καὶ
1006 3998 1056 4052 εί
1088 3997 1260 4052 ταῦτα
1300 4003 1781 4073 συγχωρήσαιμεν,
1811 4004 1885 4068 ῶς
1909 4006 2086 4075 ἔγωγε

510 4090 608 4160 οὐχ
639 4090 761 4162 ὁρῶ
796 4091 916 4155 πῶς
978 4092 1081 4148 οὐκ
1127 4092 1457 4164 ἀξιώσομεν,
1493 4096 1591 4160 τῆς
1646 4097 1817 4167 αὐτῆς
1853 4098 1948 4150 καὶ
1972 4097 2084 4151 τόθ’

511 4185 646 4254 ἡμῖν
676 4184 922 4254 ἀνάγκης
967 4184 1346 4253 ἐπικειμένης,
1400 4184 1578 4238 πάντα
1604 4185 1714 4258 ἄρα
1746 4190 1857 4250 τοῖς
1884 4187 2085 4258 βαρϐἀσ

517 4287 633 4340 ροις
683 4273 1106 4342 προστάττουσιν
1149 4272 1518 4325 ὑπακουστέον
1569 4269 1710 4327 εἶναι
1766 4276 1982 4339 πάντως
2018 4279 2084 4331 ἐκ

513 4361 607 4414 τοῦ
638 4360 798 4431 λόγου
841 4360 1031 4415 τούτου
1065 4361 1405 4430 συμϐαίνειν.
1462 4363 1524 4414 Εἰ
1555 4363 1609 4417 δέ
1637 4362 1817 4429 τοῦτο,
1873 4381 2086 4435 ou)ng-

515 4440 751 4507 νούντων
798 4454 865 4509 ἂν
898 4453 1007 4522 εῐη,
1055 4454 1186 4524 πρὶν
1230 4453 1565 4508 καθέκαστον
1608 4454 1848 4519 διδόντας
1903 4457 2085 4525 πράγ-

2179 1988 2433 2052 tcntiam,
2470 1989 2621 2042 hisce
2655 1988 3009 2044 sermonibus
3040 1991 3317 2059 assentiri.
3358 1991 3460 2056 Qui
3493 1996 3642 2052 enim
3676 2013 3762 2052 se-

2179 2079 2284 2133 mel
2320 2079 2557 2133 hostium
2591 2090 2821 2149 stupens
2854 2081 3181 2151 potentiam,
3224 2085 3449 2141 obedire
3493 2090 3759 2157 assuevit,

2187 2168 2609 2238 haudquaquam
2645 2170 2857 2225 minora
2887 2172 3109 2239 quidem
3140 2187 3513 2233 concessurus
3532 2189 3636 2245 est,
3675 2180 3762 2234 iu‘

2178 2276 2286 2329 que
2339 2260 2640 2331 majoribus
2672 2263 3027 2317 contentione
3058 2272 3321 2319 acturus;
3375 2270 3508 2337 quin
3544 2271 3654 2327 imo
3681 2274 3761 2327 si-

2182 2351 2297 2405 mili
2342 2351 2526 2406 omnia
2578 2353 2790 2406 ratione
2827 2354 2988 2416 feret,
3043 2356 3287 2424 quandiu
3322 2360 3758 2429 pra'cipientium

2180 2450 2505 2512 potestatem
2530 2451 2839 2513 suspectam
2868 2444 3111 2499 habebit.
3138 2444 3529 2517 Quamobrem,
3555 2454 3758 2508 nedum

2180 2528 2248 2582 de
2281 2526 2578 2597 Callipolli,
2613 2530 2757 2583 sitne
2803 2529 2893 2584 illa
2942 2529 3291 2599 dimittenda,
3330 2551 3569 2605 pzmsens
3600 2540 3765 2596 nobis

2182 2617 2513 2672 deliberatio
2563 2626 2684 2672 est:
2722 2634 2912 2675 verum
2957 2621 3123 2676 etiam
3171 2623 3239 2677 de
3286 2626 3403 2695 ipso
3439 2628 3592 2683 urbis
3619 2631 3762 2698 solo,

2181 2724 2246 2763 ac
2276 2708 2321 2763 si
2352 2725 2459 2778 qua
2498 2710 2724 2764 omnino
2754 2712 2965 2781 reliqua
2992 2721 3141 2768 sunt.
3176 2713 3331 2769 Ilaud
3364 2718 3550 2788 itaque
3582 2736 3765 2791 operae

2187 2801 2428 2870 pretium
2461 2801 2542 2856 sic
2600 2802 2833 2873 dejectis
2862 2804 3063 2860 animis
3109 2807 3363 2873 universa
3393 2810 3649 2869 Barbaris
3674 2831 3768 2871 cc-

2186 2892 2409 2959 damus,
2458 2895 2554 2948 scd
2593 2906 2654 2948 ut
2684 2896 2849 2949 etiam
2877 2898 3211 2969 quandoque
3239 2902 3644 2961 conducibilius
3673 2924 3766 2961 re-

2183 2983 2382 3038 sistere
2410 2993 2688 3054 putemus,
2714 2987 3166 3059 arbitremurque
3197 2991 3334 3046 artis
3358 2994 3596 3062 quadam
3630 2998 3767 3052 sub-

2186 3072 2379 3159 tilitate
2405 3089 2469 3128 ac
2496 3074 2729 3144 periculi
2759 3075 2995 3131 faciendi
3032 3094 3218 3145 causa,
3250 3081 3369 3135 huic
3398 3084 3467 3137 ab
3498 3085 3607 3140 illis
3639 3102 3764 3155 pro-

2185 3164 2351 3234 poni:
2413 3176 2475 3220 ut
2527 3164 2802 3235 siquidem
2856 3169 3247 3237 restiterimus,
3300 3187 3498 3243 resque
3549 3184 3767 3235 nostras

2183 3256 2613 3321 defenderimus,
2668 3256 2956 3327 palamque
3004 3259 3175 3314 luerit
3213 3261 3359 3317 haud
3393 3266 3766 3330 permissuros

2184 3349 2270 3419 agi
2297 3363 2399 3403 nos
2438 3359 2603 3418 atque
2658 3348 2812 3416 ferri,
2854 3351 3000 3405 aliud
3041 3353 3174 3421 quid
3213 3370 3277 3409 ex
3308 3370 3499 3410 eorum
3537 3360 3792 3416 rationi-.

2184 3441 2289 3497 bus
2319 3441 2566 3495 futurum
2617 3451 2908 3511 quaerant:
2950 3443 3032 3497 sin
3078 3453 3259 3500 autem
3302 3446 3373 3501 ob
3410 3447 3765 3507 formidinem

2184 3533 2592 3601 concedamus,
2617 3533 2877 3604 deinceps
2904 3535 3014 3606 jam
3043 3552 3144 3591 ceu
3175 3553 3408 3607 quorum
3433 3539 3630 3611 dejecti
3654 3544 3768 3598 sint

2184 3625 2375 3690 animi,
2410 3624 2659 3695 nihilque
2691 3641 2798 3679 non
2825 3626 2999 3682 simus
3039 3631 3379 3697 ‘concessuri,
3408 3630 3481 3686 ita
3517 3633 3767 3690 habituri

2185 3723 2351 3768 sunt:
2385 3715 2749 3785 omnibusque
2770 3716 2992 3782 ablatis,
3026 3717 3244 3773 tandem
3280 3719 3347 3774 ad
3374 3721 3599 3783 liberos.
3633 3738 3766 3779 uxo-

2186 3821 2411 3878 resque,
2453 3823 2517 3863 ae
2545 3808 2974 3878 pretiosissima,
3026 3810 3314 3883 ipsamque
3347 3813 3484 3870 adeo
3526 3815 3768 3885 patriam

2185 3899 2507 3979 procedent.
2544 3900 2664 3955 Non
2696 3901 2842 3954 enim
2885 3902 2979 3971 qui
3027 3902 3109 3958 sic
3147 3889 3214 3957 lin
3249 3904 3558 3961 minoribus
3586 3907 3771 3978 impu-

2191 3986 2380 4043 dentia
2402 3997 2587 4058 agant,
2619 3988 2672 4043 in
2694 3990 2948 4044 maximis
2974 3991 3365 4049 noverintesse
3387 3995 3582 4051 sobrii:
3604 4012 3771 4053 sane-

2187 4097 2297 4151 que
2337 4091 2395 4136 ut
2428 4083 2545 4137 haec
2577 4083 3034 4148 concesserimus,
3075 4086 3219 4140 haud
3267 4087 3427 4142 video
3462 4098 3520 4142 ut
3545 4098 3601 4144 et
3635 4100 3768 4147 tunc

2185 4174 2378 4229 eadem
2412 4173 2569 4228 nobis
2602 4174 2856 4244 imposita
2890 4177 3241 4243 necessitate,
3289 4178 3436 4235 haud
3463 4195 3526 4234 ea
3555 4181 3768 4237 ratione

2186 4266 2383 4321 conﬁci
2406 4265 2661 4331 velimus,
2693 4266 2921 4321 omnino
2943 4267 3434 4341 obtemperandum
3462 4287 3584 4327 esse
3608 4274 3769 4343 quit!-

2187 4357 2317 4429 quld
2342 4357 2561 4412 demum
2589 4358 2912 4427 praecipiant
2942 4359 3189 4416 Barbari.
3220 4361 3315 4416 Sin
3350 4378 3441 4418 res
3472 4364 3546 4419 ita
3571 4365 3764 4433 habet,

2188 4449 2482 4520 prudentis
2521 4450 2735 4505 consilii
2784 4451 2916 4516 erit,
2947 4454 3269 4524 priusquam
3303 4454 3486 4511 dando
3512 4458 3766 4527 quotidie

517 4559 661 4613 ματα
709 4541 873 4613 ἔχειν,
915 4542 1047 4612 ὑφέν
1074 4542 1233 4597 πάνθ’
1289 4542 1518 4606 ἐκείνοις
1553 4544 1804 4614 ἀμαχητὶ
1847 4547 2083 4616 προεμέ-

2193 4541 2469 4611 negotium
2520 4542 2680 4596 nobis
2726 4542 3050 4610 facessatur,
3101 4554 3164 4599 ut
3198 4545 3478 4603 universis
3504 4549 3666 4603 simul
3699 4565 3768 4605 ac

515 4651 660 4700 νους,
719 4636 822 4704 τὴν
882 4633 1084 4704 μεταξὺ
1143 4634 1253 4688 τῶν
1310 4634 1497 4689 κακῶν
1532 4639 1732 4705 πεῖραν
1791 4637 2081 4707 κερδᾶναι·

514 4726 705 4800 ὥσπερ
730 4723 883 4797 οἶμαι
914 4729 1012 4783 καὶ
1040 4728 1139 4800 μιᾷ
1169 4727 1348 4798 πληγῇ
1384 4730 1569 4782 πεσεῖν
1595 4727 1959 4798 αἱρετώτερον
1990 4729 2084 4783 τοῦ

514 4821 657 4872 κατὰ
691 4820 890 4892 μικρὸν
924 4820 1253 4874 ἀναλοῦσθαι
1279 4821 1340 4872 τὸ
1381 4820 1559 4890 σῶμα.
1590 4819 1652 4873 Εἰ
1682 4821 1780 4890 μὲν
1813 4820 1906 4874 οὖν
1933 4821 2087 4875 ταῦτ’

515 4910 715 4974 εἰδότες
749 4911 936 4981 σαφῶς
970 4912 1340 4982 ἐκϐησόμενα,
1373 4912 1596 4981 δέχεσθε
1642 4914 1741 4982 μὲν
1768 4914 1831 4965 τὸ
1868 4913 2087 4982 μέλλον,

516 5002 704 5065 ἁπλῶς
757 5003 815 5055 δὲ
871 5002 1035 5073 μηδὲν
1084 5004 1471 5072 ἀντιπράττειν
1518 5004 1812 5073 ἐκρίνατε,
1849 5004 1978 5058 ἄλλο
2034 4996 2099 5058 τί

516 5091 676 5146 τοῦτο
703 5093 788 5162 εἴη
809 5106 829 5125 ο
863 5093 958 5146 καὶ
984 5091 1148 5161 δῆλον
1181 5093 1256 5155 ὠς
1307 5091 1434 5146 οὔτε
1465 5092 1670 5164 θηρίων
1696 5136 1710 5160 ,
1739 5093 1862 5147 οὔτε
1904 5094 2088 5165 πολλῷ

521 5184 723 5253 μᾶλλον
753 5184 930 5254 ψυχῆς
991 5184 1336 5255 ἀνθρωπίνης
1375 5187 1424 5239 οἱ
1480 5186 1754 5256 λογισμοί.
1796 5187 1939 5240 Πᾶσι
1981 5188 2088 5258 γὰρ

518 5276 759 5346 ἔμφυτον
791 5278 860 5330 τὰ
894 5278 1070 5349 οίκεῖᾳ
1095 5280 1282 5353 τηρεῖν
1315 5277 1515 5348 ἀγαθά,
1564 5280 1793 5343 καὶτοῖς
1828 5279 2087 5350 βιαζομέ-

523 5386 633 5433 νοις
687 5369 795 5432 in);
844 5368 1019 5434 ἔξεστι
1070 5369 1362 5439 μάχεσθαι.
1416 5372 1529 5425 Καὶ
1561 5371 1630 5424 τά
1679 5389 1742 5440 γε
1775 5371 1903 5425 τῶν
1931 5372 2088 5434 ζώων

519 5460 913 5518 ἀσθενέσταται
940 5461 1272 5533 ἐρρωμένως
1307 5460 1372 5515 ἀν
1410 5479 1494 5526 τις
1537 5464 1636 5516 ἴδοι
1668 5465 1778 5527 τοῖς
1809 5463 2090 5536 ἰσχυροτά-

518 5569 630 5617 τοις
656 5553 1001 5617 ἀντεπιόντα,
1042 5553 1172 5607 ὅταν
1200 5553 1340 5607 αὐτά
1371 5554 1633 5624 βλάπτειν
1674 5556 1925 5626 ἐπιχειρῇ
1955 5572 1971 5586 ο
2013 5556 2090 5619 ὠς

520 5645 553 5715 ἢ
584 5646 682 5715 τῆς
704 5643 913 5705 ἀδικίας
944 5645 1129 5698 ἐκεῖνα
1149 5643 1481 5707 κωλύσοντα,
1510 5644 1545 5715 ἢ
1572 5644 1632 5697 τὸ
1648 5646 1778 5712 γοῦν
1796 5647 2090 5707 ἀποθανεῖν

522 5738 862 5806 ἀμυνόμενα,
923 5738 996 5798 ὡς
1047 5737 1212 5805 ἀλλην
1238 5737 1360 5789 τινὰ
1416 5739 1482 5807 τῇ
1535 5738 1692 5803 φύσει
1722 5721 2089 5807 ’λειτουργίαν

522 5829 841 5894 εἰσοίσοντα,
869 5823 934 5900 ἧς
964 5824 1107 5881 εἶναι
1131 5830 1294 5896 νόμον
1324 5826 1522 5890 σώζειν
1545 5829 1705 5882 αὑτά.

2191 4633 2360 4687 semel
2406 4634 2555 4688 nulla
2585 4648 2764 4703 pugna
2797 4633 3063 4700 dimissis,
3104 4636 3405 4703 malorum,
3434 4654 3559 4709 qua:
3595 4640 3769 4695 inter-

2172 4724 2371 4787 ,media
2400 4733 2547 4786 sunt,
2578 4724 2908 4795 periculum,
2929 4726 3068 4782 lucri
3096 4726 3390 4784 faciamus:
3421 4730 3496 4785 uti
3521 4731 3768 4787 arbitror

2190 4818 2377 4885 potius
2411 4830 2520 4870 uno
2557 4814 2866 4870 confectum
2896 4816 3127 4871 vulnere
3160 4818 3323 4885 mori,
3352 4835 3517 4889 quam
3550 4832 3610 4876 ut
3631 4838 3767 4891 pau-

2193 4908 2343 4961 latim
2386 4923 2593 4977 corpus
2626 4918 3012 4963 consumatur.
3053 4909 3335 4978 Siquidem
3362 4927 3493 4983 ergo
3515 4914 3609 4983 qui
3638 4930 3769 4970 ven-

2203 5008 2322 5052 tura
2378 4999 2493 5055 haec
2539 5000 2827 5070 perspicue
2864 5001 3073 5066 sciatis,
3105 5003 3354 5058 futurum
3388 5005 3610 5075 quidem
3640 5023 3767 5063 sus-

2191 5092 2412 5160 cipitis;
2493 5092 2827 5161 omninoque
2896 5092 3222 5152 decrevistis
3274 5095 3416 5151 nihil
3463 5099 3765 5169 quidquam

2194 5183 2398 5248 ntuliri,
2434 5183 2580 5238 aliud
2635 5184 2739 5239 hoc
2775 5183 2962 5250 fuerit,
3017 5200 3083 5241 ac
3133 5187 3306 5257 liquet
3350 5204 3419 5244 ne
3463 5190 3767 5249 bestiarum

2191 5276 2438 5346 quidem,
2483 5277 2655 5332 multo
2702 5278 2886 5332 minus
2914 5278 3165 5333 humanae
3206 5293 3305 5335 eas
3326 5279 3527 5334 mentis
3555 5281 3766 5353 cogita-

2194 5368 2613 5431 tiones.videri.
2644 5367 2858 5439 Quippe
2907 5369 3184 5424 universis
3218 5385 3247 5423 a
3279 5379 3473 5425 natura
3505 5370 3771 5439 inditum,

2196 5470 2258 5514 ut
2285 5476 2382 5515 sua
2412 5469 2661 5535 servent,
2689 5475 2753 5515 ac
2785 5461 2967 5529 quoad
2994 5461 3213 5518 licuerit
3244 5463 3509 5518 adversus
3534 5478 3648 5528 eos,
3671 5464 3766 5533 qui

2195 5554 2303 5609 vim
2339 5552 2600 5612 inferant.
2630 5546 2965 5624 depugnent.
2987 5554 3129 5621 Quin
3153 5562 3209 5608 et
3235 5553 3446 5609 inﬁrma
3471 5554 3768 5610 admodum

2194 5646 2474 5711 animalia,
2498 5646 2722 5700 robuste
2747 5646 2800 5699 in
2819 5645 3137 5700 animalium
3159 5646 3533 5715 potentissima
3554 5646 3768 5703 irruerc

2194 5739 2404 5802 videas,
2444 5752 2568 5792 cum
2603 5752 2667 5792 ea
2703 5751 2902 5792 nocere
2960 5738 3326 5802 tentaveriut;
3379 5739 3621 5807 qu0'vel
3676 5741 3756 5793 in-

2190 5829 2391 5899 iuriam
2441 5827 2792 5897 prohibeant,
2840 5829 2926 5884 vel
2977 5826 3261 5884 moriendo
3298 5843 3357 5885 se
3408 5828 3764 5911 ulciscantur,

526 5934 626 5978 ceu
655 5921 803 5976 aliud
836 5921 1110 5990 quoddam
1143 5919 1395 5990 obsequii
1417 5934 1590 5991 genus
1613 5912 1835 5984 natura!
1859 5921 2079 5977 illatura
2123 5922 2283 5991 cujus
2317 5920 2387 5978 sit
2421 5920 2504 5976 lex
2537 5917 2598 5976 ut
2627 5919 2778 5976 salva
2808 5920 2902 5975 illa
2930 5926 3106 5977 curet.
3151 6002 3163 6017 κ
