4068 6514
322 510 453 576 1027
640 526 654 537 '
1114 530 1119 531 ί
1598 502 1983 566 DEMETRII
2023 502 2334 564 CYDONII
3443 492 3580 559 10:8

392 625 549 694 Quod
607 625 650 679 si
686 618 1000 692 Callipolim
1051 618 1255 688 iniquas
1299 616 1554 673 Barbaris
1585 616 1909 691 cupiditatis,

2078 617 2141 669 El
2166 615 2223 669 δὲ
2251 614 2349 686 τὴν
2383 611 2708 668 Καλλίπολιν
2738 611 2865 682 ὅρον
2890 609 3109 665 ἔσεσθαι
3140 609 3237 680 τῆς
3264 608 3580 674 πλεονεξίας

321 718 622 790 terminum
673 713 789 768 fore
836 710 1207 775 arbitramini,
1244 724 1417 781 eaque
1468 718 1626 779 capta
1675 723 1904 765 conces-
1952 778 1960 785 .

336 822 498 863 suros
547 805 897 866 existimatis,
947 812 1009 856 ut
1056 802 1230 857 libere
1297 800 1509 870 reliqua
1558 800 1898 856 habeamus:

326 901 466 955 sciat
515 897 769 968 quisquis
813 895 929 949 haec
961 894 1225 957 somniat,
1276 892 1468 963 procul
1500 906 1559 949 se
1590 908 1619 946 a
1653 907 1782 946 vero
1807 892 1905 946 ab-

323 1006 538 1046 errare.
572 988 674 1054 Qui
703 986 848 1040 enim
900 985 1070 1037 multa
1103 982 1264 1049 adeo,
1316 998 1424 1052 qua
1454 981 1748 1050 promittit,
1794 986 1913 1050 qua

322 1077 710 1134 comminatur.
742 1085 803 1126 ut
832 1073 951 1142 ejus
982 1068 1258 1127 elliciatur'
1286 1071 1582 1136 dominus,
1629 1070 1759 1141 quid
1794 1087 1902 1125 non

328 1167 573 1221 facturus
605 1164 882 1233 putandus
914 1163 1009 1227 sit,
1042 1172 1104 1217 ut
1132 1163 1347 1217 urbium
1379 1163 1693 1225 maximam,
1723 1177 1786 1217 ac
1812 1162 1902 1216 cui

326 1256 464 1311 n:hil
494 1256 673 1310 simile
707 1263 988 1315 occurrat,
1012 1253 1205 1307 ditioni
1237 1253 1455 1308 addirat
1482 1268 1615 1318 sum,
1646 1262 1904 1322 tantaque

327 1364 491 1417 cpum
542 1364 606 1401 ac
635 1347 819 1416 gloriae
858 1349 1197 1409 accessione,
1235 1360 1323 1399 res
1374 1360 1502 1399 suas
1550 1345 1770 1399 cumulo
1808 1361 1902 1399 ex-

326 1441 526 1494 ornet?
563 1440 662 1506 Qui
695 1454 826 1509 ergo
860 1455 967 1493 non
1003 1439 1255 1502 stultum,
1283 1446 1344 1493 ut
1372 1439 1466 1508 qui
1506 1437 1790 1492 videamus
1824 1437 1906 1493 sic

327 1534 513 1588 studio
546 1532 919 1586 vindicantem
972 1546 1161 1600 parva,
1199 1545 1321 1599 quae
1369 1531 1574 1600 majora
1604 1541 1753 1592 sunt,
1808 1544 1905 1582 nc-

327 1628 633 1698 glecturum
687 1623 987 1693 putemus?
1017 1621 1182 1677 Velut
1231 1620 1516 1684 nimirum,
1561 1620 1604 1674 si
1637 1620 1760 1690 quis
1805 1618 1904 1672 ali-

338 1732 503 1785 quem
531 1715 715 1769 videat
743 1715 825 1767 vel
843 1713 1008 1767 unius
1040 1712 1188 1766 oboli
1206 1711 1467 1781 cupidum
1494 1709 1753 1779 vapulare
1784 1724 1905 1764 sus-

330 1810 620 1867 tinentem.
690 1817 917 1876 tumque
951 1805 1232 1860 existimet
1267 1804 1468 1857 talenta
1512 1802 1656 1856 ultro
1687 1810 1905 1871 spretu-

331 1914 471 1953 rum.
508 1896 726 1951 lnsania
759 1910 822 1950 ac
854 1895 1128 1950 dementia
1161 1894 1287 1949 talia
1320 1908 1559 1963 sperare.
1596 1890 1740 1957 Quin
1773 1891 1905 1955 imo,

333 1994 406 2046 ita
438 1998 634 2044 natura
662 1995 1039 2057 comparatum
1078 1997 1184 2051 est,
1226 1995 1286 2040 ut
1313 1993 1594 2041 crementa
1623 2000 1687 2039 ac
1725 1997 1910 2038 acces-

340 2084 527 2137 siones
563 2081 922 2151 cupiditatem
953 2078 1272 2133 lmminibus
1300 2085 1555 2146 augeant,
1587 2092 1687 2131 ceu
1719 2075 1788 2130 iis
1812 2074 1908 2144 qui

333 2176 447 2227 sint
482 2173 574 2226 lini
617 2168 1060 2241 propinquiores,
1115 2168 1274 2240 cujus
1325 2182 1454 2239 ergo
1509 2168 1765 2222 universa
1818 2166 1914 2219 de-

332 2262 572 2329 signant.

405 2352 518 2405 Nisi
546 2366 676 2421 ergo
705 2351 1069 2405 Barbarorunt
1102 2349 1457 2421 cupiditatem
1480 2348 1697 2405 irritare
1723 2348 1909 2416 vultis,

333 2443 695 2498 obnitendum
734 2452 818 2497 est
851 2443 917 2496 iis
958 2458 1079 2511 qua:
1111 2452 1325 2511 petunt,
1358 2449 1418 2495 ut
1449 2458 1517 2496 ne
1544 2442 1597 2495 in
1632 2441 1755 2496 aliis
1789 2456 1908 2495 nio-

322 2534 592 2613 'lestiures
641 2535 1035 2604 experiamur:
1097 2548 1274 2602 neque
1329 2533 1433 2587 hoc
1486 2531 1907 2602 percontemini,

332 2640 628 2694 aequumne
678 2627 749 2678 sit
797 2634 1081 2679 servantes
1112 2623 1441 2693 Callipolim,
1486 2639 1717 2678 messem
1746 2622 1909 2676 amit-

337 2727 475 2781 tere,
502 2732 612 2785 quo
641 2715 861 2770 refertis
901 2715 1109 2777 oumia,
1142 2725 1567 2784 nostrorumque
1594 2715 1728 2769 al‘os
1758 2714 1911 2768 labo-

336 2824 462 2863 rum
489 2808 744 2862 dominns
774 2807 952 2861 facere
974 2823 988 2859 :
1015 2821 1116 2860 nec
1139 2806 1328 2859 vitium
1358 2805 1566 2860 cladem
1591 2805 1670 2859 sic
1691 2820 1910 2873 gravem

338 2908 612 2969 reputate,
662 2908 722 2951 ut
768 2904 881 2951 non
915 2896 1095 2951 desint
1145 2896 1239 2966 qui
1287 2896 1534 2952 membra
1570 2897 1695 2964 sibi,
1748 2913 1910 2966 quam

338 2994 460 3047 illas
510 2990 755 3046 exscindi
799 2988 1010 3044 malint.
1057 2988 1328 3060 Equidem
1369 3004 1532 3059 grave
1576 2992 1812 3045 arbitror
1848 3006 1913 3045 ac

338 3085 496 3138 triste
528 3084 582 3137 id
612 3083 819 3147 damni,
855 3081 1062 3137 nedum
1108 3081 1267 3136 nobis
1297 3082 1391 3152 qui
1423 3084 1779 3149 sustinemus,
1814 3082 1911 3137 sed

334 3186 393 3230 et
416 3175 690 3230 universis
721 3183 991 3244 quotquot
1023 3182 1267 3242 tempora
1306 3173 1359 3226 in
1410 3171 1682 3241 ejusmodi
1719 3186 1913 3228 neces-

2002 709 2115 771 τοϊς
2145 706 2443 778 βαρϐάροις
2469 703 2740 775 νομίζετε,
2771 703 2868 757 καὶ
2894 701 3099 773 ταύτην
3134 700 3424 764 λαϐόντας.
3466 703 3583 764 τοῖς

2002 799 2209 861 λοιποῖς
2237 799 2372 867 ἡμῖν
2403 795 2579 850 οίεσθε
2619 793 2737 865 μετ’
2775 793 3010 862 ἀσφαλεί
3054 820 3077 853 ι,
3112 791 3416 863 χρῆσεσθαι
3451 809 3581 859 συγ-

2001 892 2319 961 χωρήσειν·
2370 889 2503 941 ίστω
2555 888 2662 949 πᾶς
2707 904 2792 950 τις
2833 885 2988 939 ταῦτ’
3040 884 3426 955 ὀνειροπολῶν,
3472 885 3582 936 τῶ)

2006 981 2350 1049 πραγμάτων
2380 976 2664 1039 παντελῶς
2699 977 3053 1047 ἁμαρτάνων.
3100 975 3161 1027 '0
3192 977 3303 1044 γὰρ
3335 973 3581 1028 τοσαῦτα

2008 1073 2108 1142 μὲν
2149 1070 2596 1141 ὑπισχνούμενος,
2647 1069 2884 1123 τοσαῦτα
2920 1064 2976 1120 δέ
3019 1058 3256 1121 ἀπειλῶν
3306 1067 3459 1135 ὑπὲρ
3489 1064 3584 1117 τοῦ

2006 1164 2211 1234 ταύτης
2236 1162 2494 1227 γενέσθαι
2511 1163 2719 1233 κύριος,
2745 1162 2799 1215 τί
2818 1162 2920 1215 οὐκ
2942 1161 3009 1215 ἂν
3031 1159 3341 1214 πιστεύοιτο
3364 1160 3586 1227 δράσειν

2006 1255 2146 1324 ὑπὲρ
2176 1254 2270 1307 τοῦ
2304 1254 2402 1325 τὴν
2431 1254 2696 1325 μεγίστην
2733 1253 2842 1306 τῶν
2874 1253 3107 1319 πόλεων,
3149 1252 3239 1304 καὶ
3273 1245 3339 1322 ἦς
3373 1251 3484 1303 οὐδ’
3523 1251 3587 1304 ἄν

2004 1365 2087 1411 τις
2122 1346 2272 1419 εὖροι
2302 1347 2679 1417 παράδειγμα,
2712 1344 3039 1415 κτήσασθαι,
3076 1346 3164 1399 καὶ
3190 1343 3415 1413 τοιαύτῃ
3451 1360 3586 1412 χρη-

2008 1440 2193 1508 μάτων
2217 1441 2312 1493 atat
2330 1439 2485 1509 δόξης
2510 1438 2801 1511 προσθήκῃ
2822 1440 2889 1491 τὰ
2909 1436 3243 1506 ὑπηργμένα
3265 1433 3551 1502 κοσμῆσαι
3572 1449 3586 1498 ;

2007 1533 2130 1597 Πῶς
2156 1528 2250 1587 οὖν
2271 1533 2369 1587 οὐκ
2397 1533 2611 1602 εὔηθες,
2643 1532 2753 1585 τῶν
2785 1531 2996 1602 μικρῶν
3016 1531 3258 1602 ὁρῶντας
3289 1526 3469 1590 οὕτως
3498 1529 3593 1581 ἀν-

2004 1624 2400 1694 τιποιούμενον,
2419 1625 2629 1678 οἴεσθαι
2650 1624 2757 1677 τῶν
2775 1625 3046 1692 μεγίστων
3062 1622 3224 1675 αὐτ>.ν
3243 1619 3549 1690 ἀμελήσειν
3572 1635 3587 1683 ;

2015 1717 2232 1786 Ὠσπερ
2256 1716 2319 1768 ἂν
2340 1717 2392 1770 εί
2418 1733 2501 1779 τις
2527 1716 2617 1769 καὶ
2643 1717 2869 1785 πληγῶν
2897 1714 3221 1784 ἀνεχόμενον
3242 1711 3588 1781 ὐπέρὸϐολοῦ

2007 1822 2133 1857 τινα
2166 1803 2402 1874 βλέπων,
2446 1806 2620 1859 ἔπειτ’
2651 1805 2818 1858 οῐοιτο
2863 1805 3142 1860 ταλάντων
3178 1806 3376 1858 ἐκόντα
3417 1823 3592 1860 κατα-

2010 1896 2323 1964 φρονήσειν.
2360 1895 2558 1965 Μωρία
2595 1896 2690 1948 καὶ
2741 1896 2897 1949 ἄνοια
2937 1895 3007 1948 τὰ
3045 1895 3276 1949 τοιαῦτα
3323 1895 3588 1958 ἐλπίζειν.

2010 1987 2227 2042 Μᾶλλον
2264 1988 2364 2057 μὲν
2393 1984 2486 2041 οὖν
2514 1990 2570 2041 αί
2604 1989 2913 2058 προσθῆκαι
2946 1987 3107 2056 φύσει
3134 1990 3246 2051 τοῖς
3279 1987 3591 2055 ἀνθρώποις

2011 2079 2234 2146 αὔξουσι
2277 2081 2376 2143 τάς
2424 2081 2742 2149 ἐπιθυμίας,
2770 2080 2865 2133 an
2906 2079 3003 2133 τοῦ
3051 2080 3241 2145 τέλους
3294 2077 3593 2151 ἐγγύτερον

2010 2171 2343 2241 γινομένοις,
2377 2173 2516 2243 ὑπὲρ
2542 2166 2602 2226 οὗ
2632 2174 2809 2226 πάντα
2841 2173 3197 2244 πράττουσιν.

2084 2350 2146 2404 El
2181 2350 2365 2405 τοίνυν
2398 2353 2529 2420 ύμῖν
2559 2351 2709 2422 μέλει
2747 2351 2843 2407 τοῦ
2887 2351 2961 2424 μή
2997 2353 3096 2416 τάς
3141 2353 3250 2406 τῶν
3296 2354 3595 2425 βαρϐάρων

2012 2442 2277 2515 ἐρεθίζειν
2301 2442 2532 2515 ὀρέξεις,
2564 2446 2852 2499 ἀνθεκτέον
2877 2442 2953 2500 ὧν
2975 2446 3069 2500 νῦν
3094 2447 3363 2511 αἰτοῦσιν,
3393 2448 3483 2501 ἶνα
3518 2449 3592 2517 μή

2013 2532 2423 2604 χαλεπωτέροις
2450 2533 2630 2596 αὐτοῖς
2663 2533 2802 2604 πρὸς
2838 2532 3010 2589 τᾶλλα
3042 2534 3389 2605 χρησώμεθα
3413 2551 3427 2566 ·
3462 2536 3594 2605 μηδέ

2013 2626 2277 2695 ἐρωτᾶτε,
2313 2628 2361 2678 εί
2402 2624 2610 2677 δίκαιον
2642 2626 3041 2696 ἀντεχομένους
3078 2627 3285 2696 ταύτης
3330 2627 3595 2681 ἀπολέσαι

2012 2715 2074 2769 τδ
2108 2716 2283 2787 θέροῖ,
2321 2717 2456 2784 πρὸς
2484 2715 2513 2768 ὃ
2553 2717 2726 2770 πάντα
2746 2716 2996 2784 ἀνάγετε,
3041 2719 3133 2772 καὶ
3152 2718 3275 2772 πῶν
3309 2719 3594 2791 ἡμετέρων

2013 2804 2191 2857 πόνων
2218 2804 2439 2876 ἐτέρους
2470 2804 2696 2872 ποιῆσαι
2723 2804 2947 2874 κυρίους
2974 2820 2995 2861 ⁸,
3022 2806 3158 2877 μηδὲ
3186 2807 3247 2859 τὸ
3274 2809 3387 2861 τῶν
3416 2807 3597 2876 ἀμπέ-

2011 2897 2119 2949 λων
2150 2896 2321 2959 πάθος
2350 2893 2524 2957 οὔτως
2546 2896 2765 2964 ήγεῖσθε
2796 2897 2958 2966 βαρὺ,
2988 2895 3118 2952 ὥστ’
3146 2894 3289 2954 εἶναι
3323 2900 3451 2965 τοὺς
3473 2900 3594 2970 βου-

2011 2986 2268 3056 λομένους
2290 2987 2469 3049 αὐτοῖς
2488 2987 2556 3038 τὰ
2580 2986 2715 3058 μέλη
2745 2987 2853 3058 πρὸ
2879 2987 3103 3042 ἐκείνων
3126 2990 3432 3061 τμηθῆναι.
3449 2990 3592 3059 Ἐγὼ

2011 3077 2069 3130 δὲ
2098 3078 2197 3146 τὴν
2238 3076 2336 3147 μὲν
2385 3080 2462 3138 είς
2500 3078 2677 3131 ταῦτα
2706 3079 2915 3148 ζημίαν
2942 3078 3184 3150 χαλεπὴν
3223 3081 3472 3152 ήγοῦμαι
3498 3081 3593 3134 καὶ

2013 3169 2265 3239 λυπηρὰν
2317 3170 2414 3239 οὐχ
2455 3171 2587 3239 ἡμῖν
2639 3170 2798 3239 μόνον
2847 3172 2958 3234 τοῖς
3000 3170 3335 3242 ὑπομένουσι
3370 3172 3591 3243 ταύτην,

335 3269 529 3322 sitates
555 3268 950 3336 cuujccerunt;
984 3265 1270 3319 enimvero
1296 3265 1539 3319 virorum
1572 3264 1664 3331 sit,
1708 3273 1767 3317 ut
1798 3278 1906 3317 non

2014 3261 2153 3315 ἀλλὰ
2181 3262 2272 3315 καὶ
2298 3264 2463 3316 πᾶσιν
2497 3262 2655 3324 ὅσους
2685 3262 2763 3321 είς
2788 3261 2884 3323 τὰς
2913 3262 3163 3325 τοιαύτας
3185 3264 3436 3333 ἀνάγκας
3459 3264 3594 3336 ήγα-

336 3360 513 3413 solum
554 3373 795 3428 praesens
842 3355 1149 3419 attendant,
1185 3355 1308 3411 idve
1342 3365 1536 3410 curent
1570 3356 1716 3423 quod
1750 3356 1911 3411 modo

340 3452 497 3505 triSte
535 3451 735 3507 habet:
776 3450 861 3505 sin
925 3458 1109 3504 autem
1150 3449 1306 3520 pejus
1339 3448 1541 3518 aliquid
1584 3450 1637 3503 iu
1669 3448 1908 3503 futurum

336 3543 639 3612 repositum
670 3544 761 3606 sit,
793 3541 928 3596 illud
962 3552 1056 3596 aut
1083 3556 1193 3595 non
1220 3542 1573 3611 prospiciunt,
1608 3550 1702 3595 aut
1730 3540 1911 3611 negle-

339 3646 457 3701 ctu,
495 3636 730 3689 fortuna:
779 3633 1140 3703 permittant:
1185 3632 1318 3701 quin
1350 3634 1553 3702 potius,
1585 3634 1727 3701 quod
1774 3649 1911 3702 pra:-

336 3742 466 3784 seus
497 3727 674 3780 levius
712 3725 868 3778 triste
894 3733 997 3788 est,
1025 3722 1347 3793 gravissimo
1390 3723 1734 3793 postmodum
1769 3724 1913 3792 peri-

336 3815 463 3870 culo
488 3813 678 3868 futuro
710 3813 1044 3884 praeeligant.
1074 3811 1209 3867 Nam
1240 3822 1379 3878 esto,
1408 3815 1711 3883 demusque
1743 3813 1912 3868 Calli-

334 3907 448 3977 poli
481 3905 678 3960 tradita
727 3904 1059 3959 collecturos
1107 3919 1208 3959 nos
1239 3919 1511 3970 messem;
1559 3904 1637 3959 sic
1670 3903 1911 3973 quidem,

337 3999 510 4054 hocce
534 4014 645 4054 uno
669 3997 934 4053 duntaxat
954 4012 1098 4052 anno
1127 3997 1377 4051 ubertate
1401 3995 1650 4051 fruemur
1672 4003 1912 4061 ;-tamet-

337 4090 382 4146 si
420 4091 560 4145 forte
607 4090 758 4144 dicat
782 4089 1001 4160 aliquis,
1017 4089 1087 4144 ob
1117 4087 1312 4143 malam
1337 4087 1702 4142 Barburorum
1725 4088 1908 4154 ﬁdem,

340 4199 457 4239 rem
496 4184 766 4237 incertam
814 4196 958 4236 esse.
1006 4181 1144 4235 Cum
1180 4179 1327 4233 enim
1373 4181 1540 4235 multa
1575 4193 1716 4249 smpe
1751 4178 1911 4249 polli-

335 4277 433 4331 citi
486 4283 691 4334 essent.
724 4273 1034 4329 contrarios
1065 4271 1554 4341 pollicitationibus
1597 4270 1735 4325 ﬁnes
1766 4272 1911 4324 intu-

337 4369 541 4423 lerunt.
567 4366 824 4420 Concedo
848 4365 1204 4419 nihilominus
1225 4373 1539 4418 servaturos
1560 4371 1738 4433 pacta:
1767 4361 1912 4417 haud

337 4463 626 4515 enimvero
658 4473 819 4513 omne
844 4458 1127 4522 saeculum,
1152 4471 1392 4526 przesens
1411 4471 1589 4511 annus
1608 4454 1747 4522 erit;
1779 4456 1912 4524 quin

2015 3368 2110 3423 γον
2135 3353 2186 3405 οί
2211 3351 2423 3423 καιροί·
2447 3350 2564 3405 ἀλλ’
2586 3351 2796 3423 ἀνδρῶν
2825 3351 2900 3423 μή
2928 3351 3024 3405 τοῦ
3052 3353 3322 3424 παρόντος
3345 3355 3592 3426 γίνεσθαι

2017 3444 2199 3517 μόνον,
2232 3447 2327 3499 καὶ
2358 3444 2421 3498 τὸ
2449 3444 2545 3497 νῦν
2571 3443 2820 3516 λυπηρὸν
2851 3445 3209 3516 θεραπεύειν,
3236 3449 3285 3500 εί
3309 3450 3369 3502 δέ
3408 3467 3461 3502 τι
3483 3448 3593 3520 χεῖ-

2016 3554 2107 3608 ρον
2130 3539 2209 3600 είς
2235 3537 2296 3591 τὸ
2316 3536 2509 3607 μέλλον
2543 3536 2856 3603 ἀπόκειται,
2882 3536 3028 3591 τοῦτ’
3055 3538 3087 3607 ἢ
3126 3540 3201 3609 μὴ
3231 3540 3588 3610 προϐλέπειν,
3634 3530 3649 3549 ’

2012 3629 2045 3699 ἢ
2078 3628 2502 3701 προορωμένους
2526 3629 2846 3699 ἐπιτρέπειν
2875 3631 2939 3701 τῇ
2970 3628 3110 3703 τύχῃ
3135 3646 3150 3662 ·
3178 3632 3297 3685 ἀλλ’
3319 3630 3589 3707 αἱρεῖσθαι

2013 3721 2112 3790 τήν
2144 3720 2428 3792 παρθῦσξν
2453 3720 2531 3785 είς
2556 3721 2626 3777 τὰ
2654 3721 2962 3794 κουφότερα
2989 3721 3050 3777 λύ
3065 3723 3287 3797 ῖ.ην“τοῦ
3329 3727 3470 3798 μετά
3504 3743 3592 3797 μι-

2012 3811 2144 3882 κρὸν
2179 3814 2262 3877 είς
2288 3815 2357 3867 τὰ
2391 3815 2623 3884 μέγιστα
2652 3815 2914 3886 ἐσομένου
2946 3817 3213 3873 κινδύνου.
3243 3819 3431 3873 Ἔστω
3459 3820 3588 3891 γάρ,

2013 3906 2108 3957 καὶ
2138 3906 2577 3976 συγκεχωρήσθω
2605 3905 2703 3977 τὴν
2726 3907 3059 3963 Καλλίπολιν
3083 3910 3364 3978 ἐκδόντας,
3393 3911 3486 3967 τὸν
3512 3913 3590 3965 στα

2011 4012 2106 4049 τον
2153 3997 2520 4067 κομίσασθαι·
2572 3997 2716 4054 οθτω
2767 3999 2867 4071 μὲν
2896 3997 2989 4054 οὖν
3032 4000 3090 4055 ἓν
3135 4002 3195 4056 τὸ
3229 4006 3407 4075 παρὸν
3431 4004 3589 4075 μόνον

2014 4087 2133 4152 ἔτος
2160 4092 2216 4142 ἐν
2244 4090 2496 4157 ἀφθόνοις
2524 4092 2801 4164 διάξομεν.
2837 4094 3027 4147 Καίτοι
3058 4111 3140 4158 τις
3167 4097 3232 4148 ἂν
3269 4096 3400 4160 ίσως
3444 4098 3589 4150 ετποι

2014 4181 2101 4234 διὰ
2125 4181 2224 4251 τὴν
2249 4182 2356 4234 τῶν
2387 4183 2675 4254 βαρϐάρων
2702 4186 2965 4239 ἀπιστῖαν
2998 4187 3133 4255 μηδέ
3177 4186 3337 4241 τοῦτο
3374 4189 3593 4260 βέϐαιον
3626 4224 3633 4229 -

2014 4269 2172 4330 εῖναι.
2198 4274 2372 4328 Ιιολλά
2398 4276 2506 4346 γὰρ
2529 4276 2783 4340 πολλάκις
2811 4277 3248 4346 ὑπισχνούμενοι,
3275 4279 3495 4333 ἐναντία
3523 4277 3592 4330 τά

2012 4365 2144 4434 τέλη
2182 4372 2293 4428 τοῖς
2329 4367 2727 4437 ύπεσχημένοις
2761 4370 3083 4440 ἐξήνεγκαν.
3125 4369 3269 4440 Ἐγὼ
3293 4371 3350 4424 δὲ
3399 4370 3592 4439 τίθημι

2014 4459 2276 4526 τηρήσειν
2312 4456 2513 4519 αὐτοὺς
2560 4458 2659 4523 τὰς
2708 4461 3005 4530 συνθήκας,
3035 4462 3254 4525 πάντως
3282 4464 3381 4532 οὐχ
3411 4464 3439 4516 ὁ
3487 4461 3591 4522 πᾶς

341 4549 525 4618 potius
555 4548 646 4601 ille
680 4544 905 4615 quidem
937 4544 1432 4610 consummabitur,
1464 4560 1527 4598 ac
1565 4543 1751 4614 fruges
1780 4556 1911 4595 con-

2015 4547 2150 4602 αἰὼν
2182 4548 2243 4601 τὸ
2261 4547 2356 4601 νῦν
2386 4549 2505 4612 ἔτος
2534 4548 2688 4604 ἔσται
2712 4566 2727 4581 ο
2760 4550 2895 4603 ἀλλά
2920 4552 3233 4623 τελευτήσει
3265 4554 3365 4623 μὲν
3394 4552 3550 4607 τοῦτο
3570 4566 3589 4586 ⁸

338 4648 660 4702 sumentur;
711 4649 1039 4704 rursumque
1089 4636 1363 4690 virescent
1406 4644 1659 4705 segetes;
1709 4648 1772 4687 ac
1823 4646 1911 4687 res

2018 4640 2459 4710 ἀναλωθήσονται
2504 4640 2560 4693 δέ
2610 4641 2658 4695 οί
2687 4644 2925 4714 καρποίυ
2971 4646 3063 4697 καὶ
3096 4618 3310 4699 πάλιν-6
3356 4648 3503 4708 σῖτος
3535 4643 3591 4699 ἐν

341 4728 602 4783 imbecilli
649 4736 789 4782 statu
843 4734 1045 4793 erunt;
1093 4725 1433 4796 Barbarique
1486 4726 1709 4779 venient
1764 4722 1947 4778 velut-

339 4819 512 4875 febris
555 4820 841 4888 periodus,
873 4835 935 4873 ac
964 4834 1120 4875 escas
1168 4819 1269 4890 ipsi
1303 4817 1642 4872 necessarias
1680 4814 1914 4870 habebi-

339 4925 485 4966 mus.
513 4910 655 4978 Quid
683 4926 816 4980 ergo
847 4920 976 4966 tunc
1019 4927 1211 4966 sumus
1237 4911 1438 4975 daturi,
1467 4924 1576 4980 quo
1607 4908 1768 4963 liceat
1795 4907 1914 4961 fru-

339 5017 434 5072 ges
466 5000 703 5057 inferre?
743 5001 1043 5072 Selyhriam
1083 5002 1228 5057 dicet
1277 4998 1404 5072 quis
1436 5008 1531 5055 aut
1564 4998 1911 5064 Perinthum,

339 5093 495 5147 velut
531 5092 611 5146 illi
662 5092 755 5162 qui
802 5094 1122 5149 substantiae
1167 5108 1385 5164 semper
1431 5090 1707 5161 reliquum
1754 5088 1915 5160 oppi-

340 5192 591 5253 gnerant.

411 5275 708 5332 Enimvero
741 5292 920 5348 neque
951 5277 1113 5333 nobis
1160 5276 1389 5331 infinita:
1414 5286 1545 5331 sunt
1574 5276 1761 5342 urbes,
1791 5273 1915 5345 qui-

341 5366 449 5423 bus
473 5366 615 5421 datis
640 5370 801 5423 annis
831 5369 1063 5440 singulis
1096 5382 1328 5423 messem
1367 5381 1433 5421 ac
1458 5367 1792 5421 vindemiam
1822 5381 1915 5421 re-

341 5455 649 5526 dimamus;
678 5456 858 5529 neque
890 5458 1116 5513 Barbari
1150 5457 1469 5513 concessuri
1502 5466 1632 5511 sunt
1662 5466 1721 5511 ut
1746 5455 1915 5526 gratis

341 5546 401 5600 in
426 5546 641 5603 deliciis
685 5549 953 5603 vivamus.
992 5549 1257 5619 Superest
1289 5562 1421 5619 ergo
1464 5557 1525 5602 ut
1560 5547 1814 5602 veniatur
1846 5547 1914 5602 ad

340 5635 399 5692 id
433 5638 578 5708 quod
608 5649 695 5692 est
729 5649 915 5709 caput,
935 5639 1044 5694 illis
1064 5639 1289 5709 quidem
1313 5637 1687 5708 ﬂagitantibus
1718 5638 1912 5692 urbem

340 5742 407 5781 ac
436 5727 747 5783 libertatem
770 5771 785 5797 ,
824 5731 938 5785 tunc
966 5730 1113 5787 enim
1144 5740 1417 5801 postrema
1451 5737 1679 5792 restant,
1725 5729 1915 5784 nobis-

339 5830 452 5903 que
475 5835 583 5875 non
614 5820 927 5877 valentibus
953 5822 1355 5887 contradicere,
1393 5833 1459 5875 ut.
1490 5820 1695 5889 quibus
1732 5821 1917 5890 fruges

338 5920 405 5962 ac
433 5912 628 5969 messis
657 5912 919 5995 obturem
945 5928 1061 5968 ora.
1093 5910 1461 5978 Quamobrem
1490 5910 1804 5967 necessario
1829 5925 1916 5965 su-

2016 4731 2191 4801 ἀκμῇ.
2230 4730 2325 4783 καὶ
2357 4732 2423 4785 τά
2457 4732 2762 4802 πράγματα
2811 4733 3044 4805 ἀσθενῆ,
3095 4738 3189 4789 καὶ
3227 4736 3279 4790 οί
3325 4736 3590 4808 βάρϐαροι

2014 4820 2204 4893 ὥσπερ
2256 4827 2490 4896 πυρετοῦ
2531 4828 2778 4899 περίοδος
2830 4830 3020 4899 ἥξουσι
3046 4847 3061 4862 ο
3103 4835 3197 4886 καὶ
3244 4835 3378 4904 ήμῐν
3409 4832 3589 4903 δεήσει

2014 4916 2232 4986 τροφῶν
2261 4934 2275 4949 ·
2310 4918 2362 4971 τί
2406 4919 2524 4972 ποτ’
2558 4920 2744 4982 αὐτοῖς
2779 4918 3026 4990 δώσομεν
3060 4924 3199 4994 ὑπὲρ
3231 4925 3330 4992 τῆς
3359 4923 3588 4994 κομιδῆς

2014 5006 2123 5061 τῶν
2152 5007 2398 5078 ὡραίων;
2428 5008 2735 5080 Σηλυϐρίαν
2758 5011 2876 5080 ἐρεῖ
2897 5027 2980 5075 τις
3011 5012 3042 5083 ἦ
3074 5014 3377 5084 Πεέρινθον,
3400 5014 3587 5084 ὥσπερ

2015 5099 2064 5153 οί
2093 5099 2151 5152 τὸ
2179 5099 2367 5153 λοιπὸν
2400 5102 2486 5155 ἀεὶ
2518 5101 2618 5172 τῆς
2640 5102 2824 5165 οὐσίας
2859 5106 3305 5175 ἐνεχυράζοντες.

2099 5275 2242 5328 Ἀλλ’
2275 5275 2390 5329 οὗθ’
2430 5278 2562 5347 ἡμῖν
2599 5276 2821 5347 ἄπειροι
2853 5278 3162 5345 πόλεις,.δι’
3190 5274 3265 5335 ὧν
3310 5279 3434 5342 τοὺς
3465 5276 3587 5333 καθ’

2014 5364 2247 5425 ἕκαστον
2276 5365 2396 5429 ἔτος
2420 5366 2671 5435 ἀμητοὺς
2699 5366 2731 5435 ἢ
2761 5371 3074 5439 τρυγητοὺς
3103 5368 3444 5439 ὠνησόμεθα,
3471 5358 3583 5417 οὔθ’

2014 5460 2064 5510 οἱ
2117 5458 2382 5529 βάρϐαροι
2434 5459 2885 5528 συγχωρήσουσιν
2921 5460 3054 5529 ἡμῖν
3095 5465 3298 5530 προῖκα
3350 5455 3582 5528 τρυφᾷν.

2014 5550 2219 5605 Λοιπὸν
2269 5550 2448 5603 τοίνυν
2494 5550 2588 5602 ἐπὶ
2617 5549 2680 5601 τὸ
2716 5549 3012 5618 κεῖμάλαιον
3060 5553 3334 5623 ἀπαντᾷν·
3366 5551 3586 5605 ἐκείνων

2021 5642 2121 5712 μὲν
2152 5640 2252 5712 τὴν
2283 5640 2438 5694 πόλιν
2470 5641 2768 5694 αἰτούντων
2798 5646 2893 5697 καὶ
2920 5643 3021 5713 τὴν
3044 5643 3354 5715 ἐλευθερίαν
3379 5658 3393 5673 ’
3417 5639 3583 5695 ταῦτα

2015 5733 2127 5802 γὰρ
2158 5730 2363 5784 ὕστατα
2396 5728 2670 5786 λείπεται⁴
2699 5732 2858 5804 ήμῶν
2896 5733 2954 5788 δὲ
2982 5737 3286 5805 ἀντιλέγειν
3319 5736 3394 5807 μή
3425 5732 3582 5785 δυναι-

2019 5826 2220 5895 μένων,
2244 5822 2356 5876 τῶν
2383 5826 2611 5895 καρπῶν
2639 5829 2772 5896 ἡμῖν
2797 5828 2891 5882 καὶ
2916 5827 3008 5882 τοῦ
3036 5828 3229 5900 θέρους
3252 5824 3584 5902 ἐμφραττόν-

2014 5928 2124 5968 των
2147 5911 2217 5969 τὰ
2246 5912 2514 6003 στόματα.
2557 5913 2711 5973 "061‘
2734 5915 2794 5983 ἐξ
2828 5918 3073 5990 ἀνάγκης
3100 5913 3477 5990 δουλεύσομεν.
3505 5908 3581 5968 Οὐ
