4068 6466
355 424 547 487 πει).

1204 428 1485 489 ΟΙὶΑΤΙΟ
1526 429 1623 490 DE
1666 428 1818 491 NON
1862 430 2272 490 REDDENDA
2315 430 2735 491 CALLiI’OLf.

3482 437 3619 501 1030

352 539 463 609 γὰρ
493 535 669 605 ἔγωγε
702 536 831 592 ἄλλο
854 555 909 591 τι
944 538 1108 609 μέσον
1139 540 1251 609 ὁρῶ
1279 540 1377 610 τῆς
1407 556 1467 594 τε
1497 540 1607 593 τῶν
1636 540 1928 611 βαρϐάρων

2036 555 2159 595 mus
2197 540 2252 594 in
2301 555 2593 595 servorum
2628 539 2910 610 redigendi
2952 551 3176 598 sortem.
3228 543 3417 615 Neque
3467 549 3620 603 enim

353 626 672 694 πλεονεξίας
697 626 792 681 καὶ
820 627 916 681 τοῦ
958 628 1081 699 μηδ’
1114 630 1265 699 ήμᾶς
1297 629 1588 699 ἀνέχεσθαι
1618 632 1685 683 τὰ
1721 632 1785 684 ὲκ
1816 631 1930 685 τῶν

344 720 537 791 ἀγρῶν
561 720 847 777 ἀπολέσαι.
876 719 1038 774 Ἀλλά
1064 722 1170 792 μὴν
1191 723 1285 776 καὶ
1303 725 1472 793 χωρὶς
1490 723 1698 777 τούτων
1716 722 1932 777 δέδοικα

352 813 429 883 μὴ
455 810 567 865 τῶν
593 812 852 867 ἐπετείων
879 812 1107 883 καρπῶν
1141 813 1349 884 σφόδρα
1384 814 1803 886 ἐπιθυμοῦντες,
1831 816 1930 883 ἐφ·

340 904 477 973 -εξῆς
512 903 663 958 πόλλ’
704 903 800 976 ἔτη
847 905 1140 974 λιμώττειν
1174 905 1635 975 ἀναγκασθῶμεν.
1667 907 1783 959 Νῦν
1833 908 1932 976 μὲν

341 996 448 1050 ’καὶ
480 996 555 1066 μὴ
598 996 951 1067 ,γεωργοῦσιν
975 998 1109 1069 ήμῖν
1160 999 1193 1068 ἡ
1227 997 1469 1052 θάλαττα
1516 998 1588 1052 τὰ
1632 1000 1788 1069 παρα
1826 999 1934 1052 τῶν

353 1086 525 1141 ἄλλων
544 1088 795 1159 γεωργοῦ
802 1104 942 1156 μενα
961 1090 1144 1159 κομιεῖ
1161 1105 1181 1122 ο
1195 1090 1287 1142 καὶ
1307 1088 1563 1152 πολλάκις
1593 1091 1753 1158 ἴσμεν
1775 1089 1933 1144 τοῦτο

355 1180 591 1248 συμῦἀν,
625 1179 750 1232 ὅταν
781 1181 815 1249 ἢ
847 1181 999 1252 παρά
1030 1181 1138 1235 τῶν
1173 1180 1451 1251 πολεμίων
1480 1181 1753 1250 οὐρανίων
1778 1184 1806 1235 ό
1830 1180 1933 1251 τῆς

353 1268 458 1336 γῆς
487 1269 644 1329 τόκος
672 1268 973 1340 κωλύηται,
1007 1270 1040 1340 ἢ
1063 1273 1157 1323 καὶ
1187 1272 1339 1341 παρά
1367 1271 1474 1323 τῶν
1501 1272 1779 1342 πολεμίων
1804 1288 1932 1325 του-

353 1362 484 1414 τωνί¹
520 1360 829 1430 βλάπτηται
851 1403 866 1427 ,
903 1361 1204 1415 ποιούντων
1242 1361 1278 1416 ἃ.
1322 1362 1417 1416 νῦν
1457 1363 1764 1417 ἀπειλοῦσι.
1799 1365 1931 1416 Τότε

357 1454 461 1523 γὰρ
492 1452 612 1507 ἀντὶ
660 1453 770 1509 τῶν
813 1453 1003 1524 ἀγρῶν
1036 1457 1172 1524 ἡμῖν
1207 1456 1239 1524 ή
1286 1455 1524 1509 θάλαττα
1559 1458 1806 1524 γίνεται·
1837 1456 1932 1509 καὶ

354 1545 538 1599 πολλοὶ
568 1546 675 1599 τῶν
700 1545 990 1616 ἡμετέρων
1027 1547 1078 1598 οἰ
1124 1547 1328 1617 ταύτην
1360 1548 1617 1618 ἀροῦντες
1651 1550 1743 1600 καὶ
1781 1548 1934 1600 σπεί-

354 1650 569 1707 ροντες·
605 1636 791 1690 πολλοὶ
821 1636 877 1690 δὲ
918 1639 1014 1692 καὶ
1043 1638 1092 1691 οἰ
1129 1638 1415 1709 πόρςεωθεν
1449 1640 1764 1709 κομίζοντες
1805 1642 1933 1710 ήμίν

352 1723 427 1781 ὧν
451 1728 715 1798 δεόμεθαο
753 1729 844 1781 καὶ
878 1728 1137 1788 πολλάκις
1168 1731 1200 1799 ἡ
1238 1729 1394 1793 πῦλις
1429 1732 1494 1783 τὰ
1530 1732 1627 1800 τῆς
1660 1732 1933 1801 περιοικί-

316 1822 439 1900 ,δος
486 1824 561 1890 μὴ
600 1821 1075 1892 συγκομισαμένη.
1128 1824 1182 1875 ἒν
1226 1821 1629 1892 ἀφθονωτέροις
1677 1824 1930 1891 διήγαγε.

353 1912 464 1966 Καὶ
484 1914 620 1974 ὅλως
643 1913 739 1980 τῆς
754 1914 1023 1984 θιλάττης
1044 1915 1283 1985 ἤρτηται
1309 1916 1370 1968 τὸ
1396 1915 1556 1968 πλέον
1572 1916 1674 1983 τῆς
1696 1916 1933 1970 ἐνταῦθα

353 1999 653 2075 τροφῆς,ἦς
670 2004 984 2072 ἐκστάντες,
1004 2006 1540 2076 ἀναγκασθησόμεθα
1560 2008 1932 2078 συνεχῆ;>.ιμδν

354 2095 668 2165 ὑπομένειν.
695 2095 789 2157 Τίς
817 2098 861 2150 δ’
878 2096 977 2150 οὐκ
1003 2092 1164 2160 οἶδεν,
1197 2097 1272 2161 ὼς
1299 2097 1416 2167 ἅμα
1444 2115 1504 2151 τε
1528 2100 1632 2168 τῆς
1662 2100 1932 2152 Καλλιπό-

354 2185 488 2250 λεως
520 2188 570 2240 οἱ
607 2187 874 2258 βάρϐαροι
911 2189 1005 2241 καί
1035 2189 1137 2259 τῆς
1170 2189 1541 2259 σιτοπομπίας
1576 2189 1791 2243 ἔσονται
1831 2189 1929 2242 κύ-

354 2298 484 2351 ριοι,
513 2282 603 2334 καὶ
623 2280 747 2334 οὔτε
780 2281 1110 2350 σιταγωγδς,
1138 2282 1253 2334 οὔτ’
1277 2282 1406 2335 ἄλλο
1432 2300 1486 2336 τι
1510 2281 1619 2334 τῶν
1645 2281 1935 2352 χρησίμων

354 2374 486 2443 ἡμῖν
531 2373 838 2442 κομίζουσα
868 2373 1000 2436 ναῦς
1024 2373 1253 2444 οὐδεμία
1297 2373 1392 2425 ἐπὶ
1424 2373 1551 2437 τοὺς
1597 2374 1696 2437 τῆς
1727 2373 1935 2437 πόλεως

353 2460 472 2530 ἥξει
499 2461 732 2529 λιμένας
760 2477 775 2527 ;
815 2460 913 2525 Τίς
945 2461 1056 2531 γὰρ
1093 2461 1235 2529 ὑπὲρ
1264 2460 1358 2514 τοῦ
1397 2461 1471 2531 μὴ
1507 2459 1798 2529 λιμῶττειν
1826 2460 1940 2513 ἑτέ-

358 2569 482 2622 ρους
513 2552 673 2615 αὐτὸς
700 2553 992 2622 αἱρήσεται
1019 2551 1354 2605 κινδυνεύειν
1377 2569 1391 2617 ;
1436 2552 1676 2623 Ἀνάγκη
1711 2552 1818 2623 γὰρ
1844 2553 1938 2606 τὸν

356 2645 442 2711 ὲ.φῖ
483 2644 628 2712 ἡμᾶς
671 2641 872 2715 ἥξοντα
917 2644 1007 2698 διά
1052 2643 1264 2697 πολλῶν
1311 2643 1572 2697 κινδύνων
1618 2645 1779 2709 ἰέναι,
1829 2645 1939 2698 τῶν

357 2733 649 2806 βαρϐάρων
698 2735 886 2788 αὐτόθι
920 2736 1162 2807 συνεχῶς
1204 2732 1600 2806 ὲγκαθημένων
1648 2734 1786 2804 πρὸς
1825 2736 1940 2798 τοῖς

356 2826 584 2889 στενοῖς,
624 2825 718 2879 καὶ
745 2825 907 2878 ναυσὶ
941 2826 1036 2878 καὶ
1065 2828 1314 2897 τριήρεσι
1363 2826 1457 2879 καὶ
1492 2825 1702 2888 πλοίοις
1756 2825 1940 2890 ἄλλοις

352 2917 478 2981 τοὺς
510 2917 900 2986 στελλομένους
922 2917 1243 2987 είργόντων,
1276 2917 1370 2971 καὶ
1398 2915 1490 2970 τὸν
1520 2918 1688 2987 πόρον
1718 2914 1940 2972 ποιούν-

351 3027 461 3064 των
489 3011 589 3065 οῦκ
619 3011 774 3066 ἀδεᾶ.
807 3010 959 3064 Ἵλατ’
992 3011 1045 3064 εἰ
1070 3029 1124 3063 τι
1154 3011 1221 3064 τὰ
1256 3012 1411 3082 παρά
1439 3012 1547 3064 τῶν
1575 3010 1736 3082 ὡρῶν
1781 3010 1940 3065 πταί-

354 3116 523 3164 σειεν,
576 3100 636 3153 οὐ
667 3099 776 3170 γάρ
802 3099 1029 3154 δυνατὸν
1069 3099 1154 3153 ἀεὶ
1187 3100 1310 3163 τοὺς
1339 3101 1617 3169 γεωργοὺς
1665 3101 1941 3171 εὐτυχεῖν,

289 3229 303 3243 .
352 3192 718 3263 ἀθεραπεύτῳ
780 3193 1061 3263 συντυχεῖν
1117 3193 1334 3262 ἀνάγκη
1383 3192 1550 3263 λιμῷ,
1597 3193 1723 3263 μήτ’
1763 3194 1939 3247 ἄλλων

353 3284 487 3355 παρ’
510 3285 655 3356 ἡμᾶς
682 3285 995 3356 δυναμένων
1020 3285 1325 3355 καταίρειν,
1353 3284 1485 3354 μήθ’
1502 3286 1662 3355 ήμῶν
1683 3283 1934 3339 ἐντεῦθεν

351 3376 653 3444 ἀνάγεσθαι
672 3394 685 3406 ·
718 3376 812 3431 καὶ
845 3372 1210 3447 συμϐήσεται,
1237 3377 1338 3448 τὴν
1367 3375 1461 3430 τοῦ
1488 3376 1755 3447 παρόντος
1779 3377 1933 3440 ἔτους

350 3466 668 3537 δυσχέρειαν
699 3470 961 3537 ἐκφυγεῖν
995 3466 1376 3538 βουλομένους,
1406 3469 1597 3529 κακοῖς
1623 3467 1931 3537 ἀμηχάνοις

350 3560 688 3630 περιπεσεῖν,
718 3557 1086 3630 λιμώττοντας
1111 3560 1199 3614 διὰ
1229 3559 1346 3630 βίου
1364 3575 1377 3588 ·
1403 3558 1431 3612 ὃ
1456 3559 1554 3627 τῆς
1575 3557 1791 3628 φύσεως
1814 3559 1936 3612 στέ-

2034 646 2137 701 ego
2164 630 2313 686 aliud
2360 630 2494 700 quid
2525 630 2770 686 medium
2807 630 2989 697 video,
3016 632 3216 702 iniquae
3252 634 3621 692 Barbarorum

2036 722 2378 791 cupiditatis,
2417 730 2472 777 et
2504 730 2566 777 ut
2600 723 2700 793 ipsi
2730 723 2970 779 nolimus
2997 723 3182 795 fruges
3214 728 3493 784 amittere.
3521 731 3620 783 At-

2035 812 2183 869 eni'm
2211 815 2298 869 his
2324 831 2543 885 quoque
2571 815 2818 885 exceptis
2862 816 3054 883 timeo,
3082 835 3152 874 ne
3179 820 3272 890 qui
3306 820 3489 890 fruges
3516 837 3619 876 an-

2034 922 2174 962 nuas
2222 907 2608 963 vehementius
2654 908 3055 976 desideramus,
3113 914 3308 982 longos
3357 913 3623 983 deinceps

2035 1012 2210 1052 annos
2242 997 2387 1053 fame
2415 999 2613 1054 confici
2645 1015 2928 1070 cogamur.
2957 1002 3117 1059 Nunc
3147 1004 3368 1073 quidem
3404 1007 3617 1061 tametsi

2038 1106 2146 1144 non
2189 1100 2485 1158 metamus,
2521 1092 2756 1149 advehet
2783 1109 2956 1159 mare,
2987 1112 3125 1165 quas
3149 1097 3241 1152 alii
3269 1098 3453 1167 fruges
3479 1115 3624 1154 mes-

2035 1176 2273 1242 suerint,
2311 1177 2478 1247 idque
2515 1194 2625 1233 non
2658 1196 2783 1235 raro
2815 1182 3022 1238 scimus
3050 1186 3371 1257 contigisse,
3410 1188 3495 1242 vel
3524 1188 3620 1243 ad.

2034 1268 2211 1323 versis
2234 1269 2502 1324 caelorum
2527 1269 2775 1327 influenti
2786 1273 2831 1327 is
2858 1275 3140 1344 prohibito
3163 1284 3323 1332 terrae
3352 1278 3490 1344 fetu,
3530 1281 3617 1334 vel

2033 1361 2201 1416 etiam
2237 1362 2306 1417 ab
2359 1362 2515 1419 hisce
2549 1364 2883 1421 adversariis
2931 1348 3084 1431 ltes'o,
3137 1369 3188 1423 id
3230 1372 3619 1438 pra>stantibus

2033 1466 2155 1520 quae
2189 1452 2356 1507 modo
2385 1453 2631 1509 facturos
2666 1455 3098 1512 comminantur.
3139 1458 3209 1513 lis
3255 1475 3492 1528 namque
3523 1476 3618 1515 ea-

2034 1538 2212 1607 sibus,
2247 1560 2330 1613 agt
2345 1561 2503 1599 orum
2531 1547 2683 1609 loco,
2714 1563 2865 1601 mare
2897 1548 3057 1602 nobis
3085 1550 3351 1616 succedit,
3379 1562 3619 1619 suntque

2037 1644 2285 1690 nostrum
2324 1637 2512 1706 plures
2557 1639 2650 1708 qui
2687 1650 2890 1694 terram
2923 1648 3082 1695 arent
3115 1657 3179 1695 ac
3217 1652 3421 1706 serant,
3458 1643 3616 1696 multi

2034 1741 2168 1780 vero
2221 1728 2385 1782 etiam
2435 1727 2529 1798 qui
2579 1728 2649 1785 de
2695 1729 3010 1800 longinquis
3051 1733 3423 1787 necessarium
3462 1734 3618 1790 nobis

2036 1825 2403 1871 commeatum
2448 1819 2744 1885 invehunt;
2780 1821 3091 1890 smpiusqtte
3136 1836 3259 1874 cum
3295 1820 3488 1875 civitas
3526 1822 3615 1876 vi-

1968 1899 2005 1951 Β
2035 1907 2171 1962 cina:
2213 1907 2455 1978 regionis
2482 1908 2666 1977 fruges
2697 1924 2807 1964 non
2854 1909 3154 1978 intulisset,
3186 1910 3381 1978 majori
3432 1919 3617 1965 tamen

2038 2015 2269 2053 annona:
2303 1999 2556 2055 ubertate
2598 2000 2768 2068 vixit;
2821 2016 2887 2056 ac
2917 2000 3078 2071 plane
3131 2002 3472 2071 prwcipuum
3507 2017 3621 2071 quo

2039 2091 2128 2145 hic
2180 2091 2402 2155 alimur,
2461 2109 2491 2144 a
2524 2091 2660 2145 mari
2708 2106 2773 2145 ac
2820 2100 3130 2146 mercatura
3181 2091 3404 2161 pendet,
3449 2102 3621 2162 utque

2038 2184 2131 2237 illo
2160 2184 2514 2248 excedamus,
2565 2198 2830 2255 cogemur
2880 2183 3078 2239 famem
3131 2183 3446 2240 continuam
3478 2185 3617 2253 pati.

2035 2274 2168 2341 Quis
2208 2290 2340 2330 vero
2366 2275 2564 2342 nescit,
2598 2284 2659 2330 ut
2690 2290 2816 2330 mox
2848 2275 3077 2338 Barbari
3106 2275 3390 2345 Callipolis
3412 2276 3622 2344 Oppido

2038 2369 2194 2437 potiti
2223 2376 2411 2433 erunt,
2458 2383 2800 2438 annonaeque
2832 2383 2897 2423 ac
2926 2379 3269 2425 commeatus
3300 2370 3622 2425 exstiterint

2036 2446 2268 2527 domini,
2316 2459 2434 2515 fore
2480 2469 2644 2515 utne
2694 2461 2804 2515 ulla
2855 2460 3220 2516 frumentaria
3288 2462 3461 2528 navis,
3525 2470 3625 2515 aut

2036 2553 2168 2623 quid
2222 2553 2369 2607 aliud
2408 2552 2844 2608 necessariarum
2892 2553 3158 2609 mercium
3194 2553 3499 2618 advehens,
3548 2552 3622 2607 ad

2037 2646 2195 2700 urbis
2218 2655 2412 2716 portus
2448 2645 2793 2716 appellatur?
2824 2644 2961 2713 Quis
2991 2647 3162 2711 enim,
3197 2656 3256 2700 ut
3282 2662 3352 2701 ne
3382 2646 3474 2701 alii
3519 2660 3623 2714 pa-

2039 2739 2248 2792 tiantur
2281 2736 2503 2798 famem,
2530 2732 2775 2806 per'icula
2803 2737 2962 2792 adire
2993 2737 3163 2792 velit?
3192 2736 3406 2807 Quippe
3435 2753 3625 2793 neces-

2039 2844 2163 2884 sum
2217 2837 2347 2893 est,
2423 2836 2484 2883 ut
2540 2828 2636 2896 qui
2694 2840 2889 2898 portus
2911 2839 3130 2883 nostros
3193 2830 3469 2899 petiturus
3527 2829 3623 2897 sit,

2039 2919 2212 2974 multa
2257 2918 2501 2989 pericula
2558 2917 2776 2984 subeat,
2827 2917 3084 2972 ltarbaris
3139 2919 3255 2973 illic
3297 2919 3503 2988 jugiter
3551 2923 3621 2974 ad

2040 3010 2228 3065 fauces
2284 3009 2715 3076 incubantibus;
2769 3010 3132 3079 navibusque,
3163 3027 3226 3064 ac
3279 3011 3622 3077 triremibus,

2045 3102 2276 3172 aliisque
2317 3101 2572 3173 navigiis,
2623 3100 3052 3171 prohibentibus
3087 3101 3211 3165 iter,
3261 3117 3328 3156 ac
3364 3102 3501 3156 male
3537 3090 3650 3156 tuo.

2046 3203 2157 3248 tam
2211 3193 2617 3262 navigationem
2658 3192 3038 3247 reddentibus.
3072 3191 3342 3259 Quocirca
3380 3200 3436 3248 ut
3463 3207 3625 3248 secus

2041 3286 2246 3355 aliquid
2280 3286 2407 3339 anni
2447 3293 2804 3354 tempestates
2837 3283 3152 3348 habuerint,
3193 3300 3294 3339 nec
3322 3285 3466 3339 enizn
3502 3283 3620 3338 ﬁeri

2042 3387 2221 3448 potest
2249 3386 2307 3431 ttt
2334 3370 2430 3446 pro
2468 3386 2596 3430 voto
2641 3390 2731 3429 res
2761 3390 2985 3445 semper
3016 3375 3317 3429 succedant
3343 3374 3621 3445 agricolis,

2034 3468 2424 3525 irremediabili
2457 3468 2599 3522 fame
2646 3467 2962 3522 necessario
3002 3465 3375 3521 conﬂittaturi
3404 3481 3620 3531 sumus,

2041 3577 2167 3617 cum
2216 3576 2398 3630 neque
2441 3560 2536 3615 alii
2570 3558 2714 3627 apud
2759 3567 2861 3613 no's
2906 3559 3121 3629 possint
3167 3558 3403 3623 solvere,
3441 3550 3655 3627 neque

349 3668 467 3721 γειν
488 3649 563 3722 μὴ
582 3652 913 3722 δυναμένης,
944 3652 1133 3704 λοιπὸν
1159 3651 1192 3723 ἢ
1216 3652 1401 3704 θανεῖν
1430 3637 1733 3720 δυστυχῶς,
1762 3650 1797 3722 ἢ
1833 3652 1933 3721 ζῇν

2034 3669 2136 3708 nos
2164 3653 2293 3709 inde
2318 3654 2600 3723 possimus
2626 3652 2922 3723 navigare:
2954 3651 3145 3720 sicque
3176 3649 3264 3705 [iet
3293 3661 3350 3703 ut
3373 3650 3464 3720 qui
3489 3650 3620 3704 anni

348 3740 793 3812 δυστυχέστερον,
829 3741 1148 3813 αὐτοχειρίᾳ
1181 3743 1523 3813 παραδόντας
1550 3744 1619 3795 τά
1646 3742 1823 3813 τείχη.

2032 3743 2328 3812 praesentis
2350 3743 2635 3797 molestias
2654 3741 2898 3812 effugere
2920 3742 3239 3810 quaerimus,
3274 3742 3328 3795 in
3354 3743 3624 3794 immensa

351 3836 495 3891 mala
543 3837 920 3906 prolabamur,
981 3840 1265 3907 tutamque
1299 3842 1469 3893 vitam
1524 3838 1724 3893 fann-m
1762 3838 2249 3909 patiamurzquod
2305 3853 2431 3893 cum
2489 3847 2689 3893 natura
2748 3837 2976 3892 minime
3033 3837 3182 3891 ferre
3211 3836 3626 3907 possit,,sttper-

349 3941 456 3995 est,
485 3941 546 3985 ut
575 3933 663 3987 vel
685 3953 713 3986 ιι
738 3933 881 3989 isere
911 3941 1141 3987 mortem
1185 3940 1528 4003 oppetamus,
1563 3935 1648 3988 vel
1689 3933 1891 3987 misere
1931 3929 2106 4002 magis
2132 3929 2402 3986 ducamus
2434 3930 2624 3994 vitam,
2658 3929 2759 4000 ipsi
2794 3943 2892 3983 nos
2921 3929 3119 3984 minoia
3152 3930 3448 3983 tradentes.

422 4020 632 4092 Τίοῦνς
659 4026 1073 4097 πολεμήσομεν,
1098 4027 1193 4078 καὶ
1221 4027 1286 4079 σὺ
1313 4026 1473 4078 τοῦτο
1495 4023 1736 4089 κελεύεις
1757 4041 1774 4093 ;
1798 4023 1942 4093 Ἐγὼ

351 4114 398 4168 δ’
439 4118 814 4188 ἀντερήσομαι
844 4134 856 4147 ·
904 4117 968 4169 Τί
1017 4116 1149 4182 οὒνς
1197 4117 1583 4186 δουλεύσομεν,
1636 4118 1733 4171 καί
1778 4118 1939 4188 ὑμεῖς

352 4209 499 4273 ὅπως
527 4210 670 4263 τοῦτ’
702 4209 855 4263 ἔσται
888 4212 1094 4263 ποιεῖτε
1120 4227 1138 4276 ;
1182 4210 1324 4262 Ἀλλ’
1354 4209 1468 4264 οὔθ’
1493 4211 1638 4281 ὑμᾶς
1662 4210 1762 4282 τῆς
1784 4210 1939 4263 ἐλευ-

2108 4022 2253 4090 Quid
2294 4023 2464 4094 ergo?
2505 4022 2710 4077 Bellum
2757 4036 3040 4091 geremus,
3099 4021 3265 4092 idque
3320 4032 3375 4074 tu
3426 4021 3628 4090 iubes?

2036 4113 2336 4169 Enimvero
2370 4113 2614 4168 vicissim
2651 4114 3015 4183 respondeam
3051 4132 3064 4166 :
3101 4112 3242 4179 Quid
3283 4112 3450 4182 ergo?
3489 4115 3623 4168 Ser-

2035 4205 2270 4271 viemus,
2308 4220 2514 4275 vosque
2558 4203 2720 4273 agitis
2755 4215 2815 4258 ut
2851 4206 2923 4258 ita
2973 4202 3204 4258 habeat?
3238 4203 3438 4259 Verum
3472 4204 3624 4258 enim
3694 4236 3697 4239 λ

356 4300 540 4372 θερίας
569 4304 702 4357 ποτὲ
726 4302 994 4375 προδότας
1014 4301 1179 4371 ἔγωγ’
1203 4301 1270 4356 ἂν
1302 4301 1538 4372 εἴποιμι,
1567 4300 1682 4357 οὔτ’
1708 4300 1823 4371 ἐγὼ
1843 4302 1937 4356 δυ·

2034 4313 2213 4368 neque
2242 4312 2345 4368 ego
2393 4312 2487 4351 vos
2520 4311 2762 4367 unquam
2810 4296 3082 4351 libertatis
3114 4295 3427 4366 proditores
3467 4296 3622 4351 dixe-

355 4395 616 4465 ναμένους
652 4396 807 4465 ἄγειν
835 4397 1086 4467 εἰρήνην,
1119 4395 1326 4465 ταύτης
1362 4394 1829 4466 συμϐουλεύσαιμ’
1863 4395 1935 4459 ἂν

2034 4393 2169 4452 ritu;
2230 4405 2410 4460 neque
2468 4403 2591 4460 ego,
2656 4388 2902 4459 quandiu
2961 4388 3123 4443 liceat
3175 4404 3366 4458 pacem
3435 4405 3622 4456 agere,

356 4487 678 4542 ἀνθελέσθαι
706 4489 797 4543 τὸν
827 4488 1084 4557 πόλεμον.
1131 4487 1270 4540 Ἀλλ’
1289 4488 1338 4540 εἰ
1364 4487 1434 4541 τά
1473 4488 1757 4558 πράγμαθ’
1784 4489 1932 4560 ἡμᾶς

351 4577 447 4630 ἐπὶ
471 4577 616 4632 τοῦτ’
640 4578 792 4646 ἄγει,
819 4578 880 4631 ού
911 4556 1019 4642 τοῖς
1049 4594 1112 4646 γε
1138 4577 1464 4645 συμϐούλοις
1496 4556 1707 4632 δίκαιον
1727 4556 1929 4632 ’τὰ-τῶν
1964 4556 2008 4612 D

352 4669 698 4739 πραγμάτων
716 4670 1032 4740 λογίζεσθαι
1057 4689 1073 4736 ;
1113 4671 1305 4742 Ὅμως
1334 4669 1433 4740 οὐχ
1460 4668 1631 4733 οὕτως
1663 4669 1851 4734 ἁπλῶς
1878 4671 1929 4723 οἰ

351 4760 628 4831 ἄνθρωποι
662 4762 759 4829 τὴν
792 4762 1018 4832 εἰρήνην
1046 4762 1080 4833 ἢ
1126 4763 1250 4826 τοὺς
1289 4762 1561 4826 πολέμους
1604 4761 1883 4832 αἰροῦνται
1910 4779 1926 4794 ·

351 4851 466 4907 ἀλλ’
500 4855 557 4905 ὲν
580 4845 626 4921 ᾧ
644 4852 842 4922 μᾶλλον
868 4853 1051 4915 αὐτοῖς
1083 4854 1117 4923 ἡ
1150 4852 1393 4922 σωτηρία
1428 4852 1524 4906 καὶ
1552 4851 1612 4905 τὸ
1637 4853 1930 4922 τυγχάνειν

352 4937 427 4996 ὧν
462 4943 742 5013 βούλονται
782 4943 1144 5012 περιγίνεται,
1185 4943 1327 4997 τοῦτ’
1360 4943 1546 5007 αὐτοῖς
1591 4945 1930 5013 προτιμᾶται

352 5033 605 5102 θατέρου.
642 5035 751 5088 Καὶ
783 5036 893 5103 γὰρ
941 5034 1286 5104 πολεμοῦμεν
1326 5035 1412 5104 ἐφ’
1448 5034 1477 5087 ὃ
1508 5032 1800 5098 σώζεσθαι,
1835 5033 1930 5087 καί

352 5123 449 5196 τὴν
480 5126 706 5196 εἰρήνην
732 5125 1115 5196 ἀσπαζόμεωι,
1147 5128 1196 5179 εἰ
1225 5128 1312 5180 διὰ
1343 5126 1547 5198 ταύτην
1575 5126 1645 5180 τά
1677 5124 1810 5179 ὄντα
1835 5143 1932 5197 τη-

353 5217 576 5286 ροῦμεν.
607 5217 681 5272 ’1’δ
706 5217 753 5272 δ’
777 5218 1003 5289 εἰρήνην
1028 5217 1180 5286 ἄγειν
1211 5217 1270 5285 ἐξ
1294 5214 1363 5293 ἦς
1396 5220 1575 5273 πάντα
1595 5216 1928 5289 ἀπόλλυμεν,

351 5309 503 5364 οὐδέν
536 5312 683 5363 ἐστιν
713 5309 901 5380 ἕτερον
930 5310 963 5381 ἢ
993 5310 1060 5363 δι’
1096 5310 1409 5380 εὐπρεποῦς
1440 5310 1708 5381 ὀνόματος
1739 5309 1802 5363 τὸ
1841 5310 1930 5365 διὰ

350 5398 460 5451 τῶν
489 5416 567 5469 πρ
580 5402 833 5471 ιγμάτων
855 5400 1080 5470 αἰσχρὸν
1101 5400 1418 5469 ὑπομένειν.
1443 5402 1509 5453 Εἰ
1543 5403 1641 5472 μὲν
1670 5401 1764 5455 οὖν
1795 5401 1930 5471 ήσυ-

352 5492 606 5562 χάζουσιν
646 5492 942 5547 ἀπολαύειν
982 5494 1161 5559 ἔξεστι
1201 5493 1308 5547 τῶν
1360 5494 1609 5558 οἰκείων,
1666 5494 1928 5565 σύμφημι

352 5585 462 5648 τοῖς
490 5584 657 5654 μηδὲν
683 5585 1145 5655 περιεργάζεσθαι
1167 5587 1529 5655 παραινοῦσιν
1552 5604 1566 5618 ·
1604 5589 1651 5640 εἰ
1674 5585 1728 5639 δὲ
1765 5587 1928 5658 μέχρι

353 5676 457 5747 μὲν
488 5677 733 5746 ῥήματος
767 5677 925 5745 μόνον
957 5678 1016 5730 τὸ
1050 5677 1249 5746 σεμνόν
1283 5678 1401 5730 ἐστι
1435 5676 1539 5747 τῆς
1578 5678 1826 5749 εἰρήνης,
1860 5677 1928 5731 τὰ

247 5802 256 5810 -
353 5765 408 5821 δὲ
433 5765 564 5823 ὅντα
599 5766 832 5838 πόλεμός
860 5771 974 5822 ἐστι
1001 5768 1383 5840 χαλεπώτατος
1406 5808 1425 5835 ,
1457 5770 1574 5830 πῶς
1605 5768 1671 5822 ἂν
1701 5771 1928 5830 εἰκότως

354 5859 756 5930 δυσχεραίνοιτε
807 5862 934 5924 τοὺς
981 5861 1240 5933 πολεμεῖν
1293 5860 1607 5932 ἀξιοῦντας,
1659 5861 1746 5931 ἐφ’
1792 5862 1928 5935 ὅπερ

2031 4493 2225 4538 auctor
2276 4498 2517 4551 unquam
2559 4482 2758 4537 fuerim
2803 4492 2862 4535 ut
2896 4490 3265 4551 praeoptentus
3296 4480 3516 4534 bellum.
3554 4480 3627 4536 At

2035 4573 2078 4628 si
2114 4588 2213 4627 vos
2266 4586 2333 4627 eo
2382 4588 2468 4627 res
2523 4572 2747 4635 ducant,
2801 4568 2949 4624 baud
3003 4585 3223 4638 aequum
3276 4570 3628 4624 consiliarius

2037 4665 2298 4737 cogitare,
2353 4681 2416 4719 ac
2458 4665 2671 4719 ratione
2712 4663 3003 4733 dispicere,
3056 4662 3191 4732 quid
3243 4663 3348 4717 illa:
3400 4662 3623 4717 velint?

2036 4757 2391 4829 Nequaquam
2428 4767 2609 4812 tamen
2640 4757 2720 4812 sic
2752 4765 2956 4811 temere
2999 4754 3252 4809 homines
3298 4770 3487 4825 pacem
3522 4756 3626 4809 cli-

2036 4860 2193 4922 gunt,
2233 4860 2327 4905 aut
2377 4850 2552 4915 bella;
2613 4866 2806 4904 verum
2848 4849 2905 4902 in
2952 4865 3063 4918 quo
3110 4847 3282 4917 magis
3323 4862 3513 4901 eorum
3550 4849 3627 4902 sit

2037 4945 2339 4998 constituta
2368 4944 2536 5004 salus,
2566 4957 2630 4996 ac
2669 4956 2779 5012 quo
2811 4940 3084 5010 pracipuc
3112 4951 3364 4993 votorum
3398 4954 3625 5009 compo-

2038 5045 2123 5092 tes
2167 5034 2321 5101 fiant,
2362 5035 2469 5091 hoc
2512 5035 2734 5089 demutn
2786 5032 2944 5087 alteri
2983 5040 3348 5102 anteponunt.
3393 5031 3528 5086 Nam
3566 5042 3626 5087 et

2038 5126 2240 5181 bellum
2273 5125 2518 5196 gerimus
2549 5133 2607 5179 ut
2653 5124 2817 5180 saluti
2845 5126 3165 5178 consultum
3204 5123 3316 5190 sit;
3347 5124 3626 5192 amplexa-

2039 5236 2272 5291 tnurque
2302 5235 2518 5290 pacem,
2552 5227 2608 5272 ut
2645 5232 2744 5288 per
2769 5232 2890 5273 eam
2930 5231 3021 5287 res
3053 5224 3270 5273 nostras
3312 5215 3478 5270 liceat
3508 5229 3627 5269 εει·-

2036 5327 2185 5367 vare.
2213 5312 2285 5367 At
2314 5325 2500 5381 pacem
2539 5325 2722 5380 agere,
2751 5323 2860 5379 qua
2901 5308 3078 5362 simus
3115 5297 3301 5361 omnia
3342 5305 3623 5370 amissuri,
3662 5372 3679 5389 ε

2037 5401 2182 5456 haud
2227 5402 2377 5456 aliud
2424 5402 2497 5458 sit
2543 5416 2709 5472 quant
2758 5399 3012 5471 specioso
3055 5397 3326 5469 ejusmodi
3377 5397 3623 5461 nomine,

2036 5493 2181 5563 quod
2216 5495 2396 5571 rcipsa
2432 5503 2520 5548 est
2555 5492 2933 5562 turpissimum
2974 5490 3112 5560 pati.
3166 5489 3447 5559 Siquidem
3488 5500 3623 5556 ergo

2038 5583 2329 5654 agentibus
2384 5583 2591 5653 Quiete,
2640 5582 2808 5638 rebus
2858 5581 3100 5652 propriis
3151 5582 3257 5635 frui
3289 5579 3472 5642 lit-eat,
3508 5579 3626 5647 ipse

1994 5710 1999 5717 η
2041 5692 2262 5747 quoque
2304 5676 2358 5731 in
2406 5692 2601 5731 eorum
2648 5674 2894 5730 concedo
2943 5675 3300 5738 sententiam,
3344 5674 3435 5742 qui
3486 5672 3622 5726 nihil

2040 5771 2201 5824 anxie
2226 5769 2615 5839 inquirendum
2658 5776 2906 5824 monent.
2932 5765 3028 5824 Sin
3057 5776 3240 5821 autem
3268 5767 3438 5821 veri-0
3465 5778 3628 5821 tenus

1998 5870 2002 5875 '
2037 5868 2256 5943 constat
2283 5858 2438 5934 pacis
2459 5859 2775 5932 venerabile
2807 5873 3033 5928 nomen,
3056 5873 3254 5929 resque
3282 5858 3399 5930 ipsa
3423 5861 3622 5917 nolunt
