4068 6466
436 415 570 481 103i

1725 380 2107 469 nautarum
2152 406 2463 467 CYDONII

3584 408 3723 477 103?.

429 528 820 598 gravissimum
857 534 963 591 est,
995 523 1277 595 quomodo
1301 523 1433 596 jure
1465 520 1533 577 iis
1565 523 1910 577 succensetis
1939 521 2034 592 qui

2145 522 2289 591 ἡμᾶς
2339 521 2475 575 ὠθεῖ
2532 521 2647 575 xui.“
2685 522 2922 587 ἄκοντας
2969 525 3002 594 ὴ
3061 524 3151 579 διὰ
3214 524 3324 579 τῶν
3378 526 3721 597 πραγμάτων

432 622 635 676 bellum
668 620 875 689 suscipi
909 620 1127 693 jubent,
1159 620 1214 673 in
1245 618 1392 688 quod
1428 619 1545 688 ipsa
1576 632 1676 672 nos
1711 633 1895 672 rerum
1931 633 2031 672 ne-

432 713 666 768 cessitas
700 712 783 766 vel
814 713 1015 766 invitos
1040 712 1222 783 cogit?
1246 710 1400 777 Quod
1431 709 1476 765 si
1507 711 1633 780 quis
1674 709 1801 765 belli
1831 708 2033 765 discri-

433 810 581 860 mina
606 822 670 861 ac
695 806 1048 861 difilcuitates
1069 805 1253 858 animo
1284 813 1564 872 reputans,
1594 802 1801 854 inferre
1824 800 2032 855 bellum

433 896 937 965 detrectet;,fueri't
961 898 1182 967 quidem
1210 911 1273 950 ac
1304 896 1518 951 dicatur
1539 893 1649 947 alio
1672 908 1855 946 rerum
1884 902 2031 946 statu

347 1007 355 1016 '
433 994 600 1046 timor
632 994 736 1046 iste
764 994 932 1045 animi
970 990 1169 1054 sobrii;
1207 990 1295 1042 hic
1322 999 1532 1053 autem,
1573 987 1714 1041 nihil
1750 1001 1860 1041 non
1895 986 2035 1040 dila-

433 1088 509 1137 tio
552 1084 931 1155 turpissimum
968 1084 1153 1137 habet.
1201 1082 1342 1149 Quid
1390 1082 1539 1135 enim
1591 1096 1697 1133 non
1747 1080 1792 1134 is
1836 1081 2035 1134 merito

433 1178 621 1248 probri
669 1177 964 1231 auditurus
1015 1185 1108 1238 su,
1140 1177 1234 1245 qui
1289 1184 1490 1245 prmter
1527 1175 1864 1235 libertatem,
1913 1173 2035 1227 aliis

427 1286 650 1339 quoque
685 1269 962 1323 universis
1005 1268 1253 1339 privatus
1299 1268 1479 1329 bonis,
1534 1283 1601 1320 ne
1638 1266 1861 1335 quidem
1900 1275 2034 1320 tunc

432 1372 755 1428 moveatur;
792 1362 887 1414 sed
944 1362 1093 1415 inuiti
1146 1368 1386 1429 Spectro,
1436 1360 1581 1428 quod
1614 1359 1798 1413 adhuc
1836 1373 2032 1429 super-

427 1469 548 1507 esse
588 1463 767 1523 putat,
825 1454 1025 1506 aﬂ‘ectu
1063 1453 1377 1517 adhmrens,
1416 1452 1564 1506 illius
1611 1467 1745 1521 ergo
1783 1468 1908 1506 cum
1956 1453 2038 1508 eis

425 1544 607 1598 [αλιυδ
663 1544 805 1598 inire
870 1544 1023 1605 velit,
1072 1543 1169 1613 qui
1234 1553 1432 1598 cuncta
1479 1543 1863 1598 abstulerunt?
1913 1545 2039 1615 qui-

425 1653 531 1705 que
579 1636 632 1689 in
684 1637 869 1690 servili
913 1638 1045 1703 vita,
1085 1637 1231 1691 bono
1265 1637 1451 1706 aliquo
1482 1637 1566 1690 vel
1603 1638 1867 1692 mediocri
1895 1639 2040 1710 poti:

430 1737 622 1781 turum
653 1744 710 1782 se
747 1728 1081 1794 arbitretur;
1119 1746 1182 1782 ac
1207 1744 1386 1796 neque
1418 1728 1524 1781 hoc
1554 1728 1778 1798 cogitet,
1816 1730 1887 1784 ita
1923 1747 2039 1785 scr-

2132 615 2348 684 ἀιὰγκη
2366 632 2381 676 ς
2399 614 2460 667 Ei
2478 613 2537 667 δέ
2557 633 2643 679 τις
2664 614 2763 679 τὰς
2783 615 2881 669 τοῦ
2901 617 3140 687 πολέμου
3157 619 3326 689 τύχας
3348 617 3717 689 λογιζόμενος,

2134 707 2350 769 καὶτὰς
2378 707 2692 773 δυσκολίας,
2725 710 2875 763 ὀκνεῖ
2897 709 3084 763 τοῦτον
3109 712 3386 779 ἐκφέρειν,
3408 710 3595 764 ἄλλοτε
3619 712 3721 781 μὲν

2134 801 2539 869 σωφρονοῦντος
2568 801 2635 855 ἄν
2675 819 2759 865 τις
2790 799 2948 856 εἶπεν
2977 798 3119 857 εἶναι
3146 805 3248 873 τὴν
3278 804 3567 859 εὐλάϐεινν
3589 805 3724 859 ταύ-

2130 908 2233 962 την
2257 910 2270 923 ο
2294 894 2527 946 ἐνταῦθα
2551 895 2608 948 δὲ
2637 896 2815 949 πάντα
2841 895 2910 948 τὰ
2937 895 3197 966 αίσχιστα
3221 897 3481 964 πρόσεστι
3504 900 3570 967 τῇ
3596 899 3724 952 ἀνα-

2133 988 2288 1057 ϐολῇ.
2322 987 2389 1041 Τί
2425 989 2533 1057 γὰρ
2570 989 2679 1041 τῶν
2709 990 2935 1043 ὀνειδῶν
2960 990 3059 1043 οὐκ
3091 991 3156 1042 ἂν
3189 991 3415 1053 δικαίως
3442 990 3575 1045 ἀκού
3588 1008 3728 1045 εσιεν

2133 1082 2161 1134 ὁ
2199 1082 2336 1150 πρὸς
2368 1082 2502 1133 πᾶσι
2530 1082 2643 1142 τοῖς
2676 1080 2859 1144 ἄλλοις
2886 1080 3115 1147 ἀγαθοῖς
3146 1082 3241 1132 καὶ
3274 1084 3372 1151 τῆς
3405 1082 3726 1151 ἐλευθερίας

2136 1174 2500 1243 στερούμενος
2526 1217 2537 1232 ,
2585 1173 2780 1227 ἔπειτα
2829 1176 2904 1244 μὴ
2947 1174 3294 1240 κινούμενος,
3336 1173 3454 1226 ἀλλ’
3502 1172 3726 1226 εἰδώλου

2133 1268 2276 1329 τινὸς
2307 1267 2383 1319 ἔτ’
2410 1267 2558 1334 αὐτῷ
2581 1267 2876 1337 λειφθῆναι
2902 1267 3191 1327 δοκοῦντος
3213 1267 3494 1335 ἐχόμενος,
3521 1267 3614 1319 καὶ
3636 1265 3726 1318 διὰ

2135 1359 2281 1412 τοῦτ’
2298 1359 2465 1423 ἀξιῶν
2485 1359 2807 1412 σπένδεσθαι
2829 1358 2964 1429 πρὸς
2978 1360 3105 1421 τοὺς
3125 1357 3302 1411 πάντα
3322 1357 3690 1426 ἀφελομένους
3710 1372 3729 1388 ·

2137 1454 2231 1506 καὶ
2272 1453 2514 1523 νομίζων
2562 1455 2621 1505 ἐν
2662 1456 2728 1523 τῇ
2767 1452 2986 1523 δουλείᾳ
3035 1452 3258 1523 μετρίου
3301 1451 3442 1512 uno;
3491 1449 3732 1503 ἀπολαύ-

2141 1545 2357 1609 σεσθαι,
2389 1547 2484 1598 καὶ
2506 1545 2651 1615 ’μηδὲ
2683 1544 2845 1598 τοῦτο
2888 1538 3274 1614 λογιζόμενος,
3302 1544 3379 1607 ὡς
3409 1544 3443 1614 ἡ
3476 1542 3582 1595 τῶν
3606 1540 3734 1595 δού-

2141 1641 2253 1693 λων
2268 1639 2407 1711 τύχη
2430 1638 2646 1701 οὐδενὸς
2668 1637 2968 1694 ἀπολαύειν
2984 1657 3016 1708 χ
3024 1636 3250 1709 ρηστοῦ,
3272 1636 3408 1691 ἀλλὰ
3427 1635 3728 1707 συλλήϐδην

2141 1732 2362 1785 πάντων
2393 1734 2504 1794 τοῖς
2544 1730 2837 1793 δεσπόταις
2875 1729 3233 1796 ὲξίστασθαι;

427 1836 531 1875 ’.οε
578 1829 930 1890 comparatos
980 1837 1126 1887 csse,
1204 1838 1269 1877 ac
1315 1837 1435 1877 eam
1487 1835 1681 1876 eorum
1739 1834 1971 1890 sortem,
2017 1831 2077 1877 ut
2152 1823 2323 1881 nullis
2366 1823 2624 1879 fruantur
2666 1822 2865 1888 bonis,
2916 1821 3012 1877 sed
3059 1821 3222 1877 simul
3270 1818 3453 1876 omnia
3497 1815 3734 1874 dominis

427 1914 738 1967 concedant
763 1912 787 1964 ?

500 2007 873 2072 Quamobrem
926 2015 986 2061 ut
1038 2022 1165 2075 Spes
1202 2007 1310 2061 ulla
1359 2008 1450 2072 sit,
1486 2016 1865 2077 reportaturus
1913 2022 2035 2074 nos,
2072 2018 2116 2073 Β

429 2115 553 2170 quae
580 2115 644 2152 cx
678 2100 943 2153 immensa
973 2100 1210 2170 quadam
1244 2101 1527 2155 otiositate
1557 2117 1621 2155 ac
1651 2099 1866 2170 ignavia
1899 2100 2037 2154 ami-

430 2196 625 2251 simus,
678 2192 1097 2261 suscipiendum
1137 2193 1366 2256 bellum,
1404 2209 1505 2247 nec:
1534 2193 1833 2262 quidquam
1868 2192 2039 2246 ratio-

430 2284 597 2338 nibus
641 2284 1111 2337 subducendum:
1156 2301 1263 2338 non
1319 2286 1663 2354 [epulandos
1714 2285 1889 2345 labor,
1926 2300 2034 2338 non

432 2376 768 2445 periculum,
805 2392 915 2432 non
952 2388 1229 2445 sumptus,
1270 2394 1337 2432 ex
1372 2378 1577 2449 quibus
1612 2379 1677 2431 ad
1728 2377 2038 2433 commodi—

430 2484 589 2522 orem
627 2468 907 2521 fortunam
942 2467 1174 2521 rcdituri
1207 2468 1405 2529 simus,
1439 2482 1504 2521 ac
1531 2483 1626 2522 eos
1654 2468 1801 2539 jnste
1844 2466 2037 2533 ulturi,

432 2557 531 2625 qui
565 2560 761 2610 volunt
810 2558 864 2610 in
899 2559 1226 2613 servitutem
1281 2558 1553 2629 redigere,
1584 2574 1646 2611 ac
1698 2567 1776 2612 tot
1813 2559 2039 2627 injurias

431 2648 765 2702 intulerunt.
822 2648 916 2702 Sin
962 2649 1176 2703 nullum
1228 2650 1354 2702 belli
1405 2658 1663 2721 eventum
1721 2649 1927 2703 bonum
1977 2664 2040 2704 ac

436 2739 605 2793 finem
638 2754 947 2808 speramus,
981 2740 1076 2794 scd
1116 2755 1340 2795 necesse
1364 2751 1460 2798 .est
1490 2741 1768 2795 desiderio
1803 2741 2041 2796 frustra-

439 2841 527 2885 tos
573 2834 779 2900 perire,
835 2848 902 2886 ne
941 2848 1004 2886 ea
1060 2833 1285 2901 quidem
1342 2848 1492 2886 mors
1541 2832 1875 2902 spernenda,
1918 2846 2040 2901 quae

438 2922 672 2977 honesta
698 2924 772 2977 sit
793 2939 858 2978 ac
886 2922 1252 2988 honorabilis,
1275 2938 1376 2977 nec
1405 2921 1576 2992 gloria
1612 2930 1798 2976 careat
1825 2940 1839 2975 :
1872 2935 2039 2991 quam

431 3015 599 3069 etiam
654 3016 830 3071 fortes
875 3016 1033 3070 multi
1085 3031 1149 3071 ac
1198 3017 1415 3071 strenui
1456 3015 1559 3069 viri
1610 3016 2032 3085 percupierunt,

434 3116 554 3173 tum
589 3107 795 3161 viritim
824 3108 947 3179 ipsi,
986 3117 1099 3162 tum
1138 3124 1235 3180 per
1265 3110 1453 3164 urbes.
1485 3108 1626 3175 Quid
1659 3110 1806 3163 enim
1839 3108 1907 3163 ad
1942 3109 2041 3162 ho-

433 3210 709 3259 nestatem
735 3201 1113 3271 honoremque
1142 3201 1344 3272 majus,
1374 3200 1441 3255 iis
1468 3201 1562 3271 qui
1593 3201 1867 3255 servarint
1890 3199 2041 3270 quod

433 3292 642 3362 justum
681 3299 851 3356 esset,
893 3306 957 3346 ac
994 3307 1092 3361 pro
1125 3293 1327 3359 patria,
1360 3304 1573 3360 pro-lue
1617 3290 1858 3356 civibus,
1894 3304 2041 3344 sua:-

436 3395 551 3439 met
583 3384 826 3454 ipsorum
858 3385 1074 3449 animm,
1102 3383 1411 3452 periculum
1439 3382 1803 3453 praetulerint,
1833 3396 1897 3435 ac
1920 3395 2040 3435 mo-
2068 3365 2113 3424 α

438 3479 508 3540 ti,
546 3492 710 3545 quam
761 3485 922 3545 turpe
956 3474 1167 3544 aliquid
1209 3475 1487 3530 sustinere
1532 3473 1873 3528 maluerint?
1903 3472 2041 3527 Nam

440 3583 594 3622 mors
640 3568 890 3638 quidem,
952 3583 1054 3622 ceu
1108 3556 1425 3622 communis
1472 3569 1692 3637 quidam
1749 3566 2039 3631 terminus,

438 3663 747 3733 procreatis
791 3662 1073 3727 onmibus,
1125 3664 1578 3732 propositaest:
1616 3676 1718 3715 nec
1770 3658 1891 3713 fieri
1928 3673 2047 3731 po-

442 3763 576 3820 test,
616 3764 676 3808 ut
708 3754 832 3824 quis
855 3768 976 3809 eam
1012 3763 1223 3821 caveat,
1255 3755 1343 3809 vel
1375 3754 1625 3808 si-totam
1668 3761 1835 3804 vstam
1870 3751 2045 3806 otium

447 3856 672 3916 captet:
710 3856 766 3900 at
799 3862 926 3901 cum
962 3846 1167 3901 virtute
1200 3855 1367 3917 atque
1402 3844 1578 3913 gloria
1612 3853 1845 3897 mortem
1881 3858 2050 3912 Oppe-

446 3950 589 4004 tcre,
629 3941 679 3995 id
714 3940 824 4010 jam
861 3940 1086 4010 quidem
1120 3939 1315 4010 paucis
1359 3954 1388 3992 a
1425 3938 1536 3992 Deo
1585 3934 1872 4005 praemium
1905 3950 2045 3990 con-

444 4032 684 4094 ceditur,
737 4031 922 4101 sitque
961 4033 1237 4097 virorum,
1289 4038 1405 4083 tum
1455 4041 1778 4082 concessum
1831 4042 2046 4097 rapere,

448 4134 565 4179 tum
616 4125 743 4179 vita:
798 4125 1096 4195 gloriosum
1146 4122 1312 4177 ﬁnem
1367 4121 1673 4192 imponere.
1730 4120 1882 4175 [laud
1914 4135 2049 4174 sane

453 4217 639 4283 decet,
673 4216 822 4286 quod
852 4215 1138 4270 communi
1169 4213 1398 4268 omnino
1444 4228 1509 4268 ac
1541 4213 1850 4268 necessaria
1886 4220 2039 4266 sorte

449 4307 701 4363 futurum
732 4309 805 4361 sit
839 4315 1176 4377 spectantes,
1206 4305 1353 4377 quod
1387 4315 1472 4361 est
1526 4307 1819 4361 honestum
1871 4306 2052 4361 virtu-

453 4409 680 4470 temque
745 4399 1024 4469 negligere
1071 4415 1084 4450 :
1135 4413 1326 4452 verum
1381 4407 1442 4451 ιιι
1493 4412 1655 4453 casus
1703 4398 1846 4453 ferat
1903 4398 2051 4454 haud

452 4501 689 4562 utraque
744 4491 920 4561 accipi
976 4504 1159 4560 posse,
1214 4491 1474 4545 virtutem
1524 4507 1657 4546 sane
1713 4491 2049 4547 omnimodis

447 4584 718 4648 colamus,
769 4598 875 4652 qua
895 4582 1045 4636 nulla
1092 4581 1423 4637 habentibus
1455 4583 1797 4638 commodior
1825 4584 2049 4639 exsistit

2213 2005 2367 2059 Ὢστ¹
2391 2007 2440 2058 εἰ
2476 2004 2577 2074 μὲν
2599 2005 2752 2067 ἐλπίς
2776 2009 2893 2057 ἐστι
2921 2003 3231 2073 κομιεῖσθαι
3260 1994 3335 2056 ὧν
3358 2002 3447 2055 διὰ
3468 2003 3566 2074 τὴν
3591 2003 3733 2073 ἄγαν

2142 2099 2583 2169 ἀπραγμοσύνην
2630 2098 2904 2168 πρότερον
2957 2094 3436 2166 ἐμπεπτώκαμεν,
3488 2096 3733 2167 πολεμη-

2140 2193 2287 2258 τέον,
2316 2192 2407 2244 καὶ
2434 2191 2604 2260 μηδὲν
2646 2190 3052 2258 ὑπολογιστέον,
3076 2189 3137 2241 οὐ
3166 2187 3349 2253 πόνον,
3378 2188 3440 2240 οὐ
3468 2190 3729 2254 κίνδυνον,

2141 2286 2201 2336 οὐ
2233 2282 2500 2352 δαπάνην,
2530 2281 2591 2347 ἐξ
2616 2276 2690 2335 ὧν
2719 2278 2997 2352 μέλλομέν
3023 2299 3083 2334 τε
3114 2276 3173 2334 εὖ
3208 2281 3458 2351 πράξειν,
3485 2280 3575 2335 καὶ
3604 2284 3733 2345 τοὺς

2142 2376 2609 2431 καταδουλοῦσθαι
2647 2374 3030 2443 βουλομένους,
3077 2374 3174 2427 καὶ
3207 2374 3447 2428 τοσαῦτα
3477 2373 3734 2444 ἠδικηκὸ-

2141 2487 2240 2532 τας
2289 2469 2619 2537 ἀμυνεῖσθαι
2653 2468 2880 2531 δικαίως
2905 2482 2920 2498 ·
2959 2469 3007 2519 εἰ
3041 2465 3086 2519 δ’
3123 2466 3275 2520 οὐδὲν
3315 2467 3551 2538 χρηστὸν
3578 2467 3731 2531 τέλος

2143 2563 2276 2632 ἡμῖν
2304 2561 2596 2630 ἐλπίζομεν
2618 2559 2787 2613 οἴσειν
2811 2559 2902 2613 τὸν
2933 2558 3191 2628 πόλεμον,
3224 2557 3341 2611 ἀλλ’
3358 2558 3568 2628 ἀνάγκη
3594 2574 3733 2628 σφα-

2143 2652 2335 2715 λέντας
2366 2651 2561 2723 μηκέτ’
2593 2648 2757 2719 εἶναι,
2791 2652 2912 2705 οὐδὲ
2947 2651 3045 2722 τὴν
3085 2650 3346 2721 τελευτὴν
3374 2650 3581 2720 ταύτην
3612 2653 3733 2704 ἀτι-

2149 2746 2405 2817 μαστέον,
2436 2745 2608 2815 καλήν
2637 2761 2697 2797 τε
2724 2740 2896 2798 οὖσαν
2927 2744 3021 2797 καὶ
3051 2742 3293 2812 ἔντιμον,
3326 2744 3420 2795 καὶ
3448 2740 3605 2814 δόξης
3629 2742 3733 2796 οὐκ

2140 2838 2486 2909 ἀμοιροῦσαν
2507 2856 2519 2869 ο
2541 2830 2608 2910 ἧς
2640 2836 2735 2890 καὶ
2752 2830 2941 2889 πολλοὶ
2962 2834 3070 2887 τῶν
3090 2836 3328 2905 ἀρίστων
3346 2834 3441 2888 καὶ
3468 2835 3733 2901 γενναίων

2143 2929 2357 3000 ἀνδρῶν
2376 2922 2733 2999 ἐπεθύμησαν
2753 2929 2851 2981 καὶ
2873 2925 2995 2981 κατ’
3025 2926 3216 2997 ἄνδρα,
3243 2919 3344 2979 καῖ
3368 2926 3508 2979 κατὰ
3528 2924 3731 2989 πόλεις.

2146 3021 2214 3073 Τί
2245 3019 2356 3089 γὰρ
2392 3021 2743 3090 σεμνότερον,
2783 3018 2837 3072 τί
2866 3019 2911 3071 δ’
2929 3019 3279 3091 ἐντιμότερον
3307 3019 3607 3092 ἀνθρώπων
3634 3021 3734 3092 τὴν

2144 3111 2239 3164 τοῦ
2283 3110 2496 3163 δικαίου
2553 3110 2708 3177 τάξιν
2748 3110 3158 3180 τετηρηκότων,
3186 3110 3281 3163 καὶ
3318 3108 3411 3162 τὸν
3445 3109 3586 3182 ὑπὲρ
3627 3111 3730 3179 τῆς

2146 3204 2404 3275 πατρίδος
2437 3208 2533 3257 καὶ
2578 3204 2688 3257 τῶν
2724 3202 2962 3257 πολιτῶν
3004 3201 3255 3258 κίνδυνον
3283 3204 3379 3257 καὶ
3418 3202 3591 3274 αὐτῆς
3634 3203 3735 3273 τῆς
3787 3215 3797 3221 ·

2145 3295 2327 3365 ψυχῆς
2345 3293 2851 3367 προτετιμηκότων,
2876 3295 2970 3348 καὶ
2993 3296 3175 3350 θανεῖν
3207 3293 3408 3364 μᾶλλον
3440 3293 3731 3364 ἑλομένων,

2149 3388 2255 3459 ἤτι
2280 3388 2387 3439 τῶν
2419 3388 2664 3458 αἰσχρῶν
2688 3388 2984 3458 ὑπομεῖναι
3008 3388 3279 3452 ;Θάνατος
3307 3385 3406 3456 μὲν
3429 3388 3537 3457 γὰρ
3562 3385 3735 3439 ἅπασι

2147 3478 2438 3546 πρόκειται
2476 3477 2656 3538 κοινός
2690 3493 2774 3538 τις
2803 3478 2928 3546 ὅρος
2970 3477 3113 3528 πᾶσι
3138 3477 3241 3544 τῆς
3260 3474 3538 3540 γενέσεως
3569 3487 3735 3541 μετα-

2154 3569 2369 3639 σχοῦσι,
2402 3568 2501 3621 καὶ
2527 3569 2628 3621 οὐκ
2654 3568 2773 3621 ἔστι
2801 3569 2991 3623 τοῦτον
3022 3565 3392 3635 φυλάξασθαι,
3436 3563 3541 3619 κᾶν
3576 3564 3735 3635 μέχρι

2147 3660 2243 3714 τοῦ
2267 3661 2468 3722 παντός
2498 3678 2582 3723 τις
2612 3662 2712 3728 τὴν
2740 3660 3183 3731 ἀπραγμοσύνην
3203 3658 3545 3728 τηρήσεται”
3583 3654 3643 3707 τὸ
3673 3653 3735 3707 δὲ

2151 3753 2272 3820 μετ’
2302 3755 2505 3824 ἀρετῆς
2539 3771 2592 3806 τε
2631 3755 2721 3806 καὶ
2768 3753 2927 3825 δόξης
2956 3753 3170 3807 ἐκείνου
3200 3753 3407 3822 τυχεῖν,
3443 3747 3586 3804 τοῦτ’
3631 3748 3732 3819 ἤδη

2150 3837 2303 3916 παρὰ
2343 3845 2479 3899 Θεοῦ
2528 3846 2628 3916 μὲν
2678 3847 2880 3915 ὀλίγοις
2931 3848 3132 3901 δίδοται
3172 3847 3377 3918 γέρας·
3438 3843 3645 3912 ἀνδρῶν
3678 3841 3738 3897 ἃ

2150 3936 2306 3990 δοθέν
2338 3955 2397 3990 τε
2429 3938 2700 4009 ἁρπάσαι,
2740 3939 2835 3993 καὶ
2863 3936 2941 4009 τῷ
2979 3938 3080 4009 βίῳ
3106 3937 3260 4003 τέλος
3279 3935 3499 4000 εὐκλεὲς
3531 3935 3736 3988 ἐπιθεῖ-

2151 4044 2263 4082 ναι.
2297 4031 2370 4082 υύ
2404 4028 2484 4082 δεῖ
2528 4030 2614 4099 δὴ,
2643 4032 2703 4083 τὸ
2733 4033 2887 4100 κοινῇ
2940 4032 3158 4094 πάντως
3192 4032 3287 4084 καὶ
3328 4025 3448 4099 μετ’
3491 4029 3738 4099 ἀνάγκης

2151 4119 2412 4190 ὶσὸμενον
2434 4122 2795 4186 σκοποῦντας,
2817 4122 2913 4175 τοῦ
2941 4122 3107 4176 καλοῦ
3132 4122 3232 4192 τῆς
3255 4123 3458 4194 ἀρετῆς
3483 4121 3734 4190 ἀμελεῖν

2152 4214 2267 4269 ἀλλ’
2292 4216 2428 4268 ὅπου
2482 4215 2557 4285 μὴ
2588 4215 2756 4283 ἄμφω
2782 4213 2973 4269 λαϐεῖν
3002 4213 3200 4281 ἔνεστι,
3228 4214 3331 4286 τῆς
3362 4212 3492 4283 γοῦν
3536 4212 3737 4282 ἀρετῆς

2153 4308 2335 4362 πάντα
2370 4310 2574 4379 τρίπον
2618 4306 3051 4377 ἀντιποιώμεθα,
3080 4302 3151 4380 ἧς
3193 4309 3303 4370 τοῖς
3337 4306 3549 4377 ἔχουσιν
3584 4303 3738 4357 οὐδὲν

2152 4398 2574 4470 ὡφελιμώτερον
2607 4403 2815 4469 κτῆμα.
2855 4399 3023 4452 Ἀλλὰ
3051 4399 3158 4470 μὴν
3184 4398 3418 4453 ἐνταῦθα
3445 4397 3552 4451 οὐδ’
3575 4395 3739 4449 ἀνέλο

2155 4508 2324 4545 πιστα
2352 4492 2672 4544 παντάπασι
2704 4492 3110 4561 πολεμήσομεν.
3138 4491 3358 4561 Πρῶτον
3387 4491 3485 4559 μὲν
3520 4486 3613 4542 οὖν
3640 4489 3737 4540 καὶ

2153 4581 2215 4632 τὸ
2244 4579 2362 4647 μεθ’
2412 4578 2570 4648 ἡμῶν
2599 4574 2741 4631 εἶναι
2778 4582 2877 4644 τὴν
2899 4578 2995 4631 τοῦ
3024 4577 3237 4631 δικαίου
3267 4578 3460 4648 μερίδα
3484 4591 3503 4611 ο
3531 4576 3625 4628 καὶ
3654 4573 3734 4640 τὸ,

453 4674 753 4745 possessio.
806 4672 1048 4728 Tametsi
1092 4674 1209 4738 hic,
1254 4676 1395 4728 haud
1432 4675 1566 4729 nihil
1610 4675 1838 4730 onmino
1881 4674 2045 4730 fausti

2156 4669 2356 4738 δεῆσαν
2407 4670 2593 4731 αὐτοῖς
2629 4670 2694 4723 ὲκ
2741 4669 2837 4723 τοῦ
2884 4667 3124 4740 φανεροῦ
3171 4664 3601 4738 συμπλέκεσθαι,
3648 4664 3738 4718 ἀεὶ

454 4775 742 4834 sperantes
772 4780 988 4828 sumus,
1028 4765 1232 4820 bellum
1267 4767 1598 4834 suscepturi.
1633 4766 1876 4819 Primum
1919 4765 2049 4835 qui-

456 4855 601 4918 dem,
629 4856 775 4927 quod
807 4857 898 4928 jus
927 4872 956 4911 a
987 4859 1192 4913 nostris
1239 4859 1489 4927 partibus
1520 4866 1659 4925 stet;
1698 4857 1956 4927 quodque
1990 4866 2052 4912 ut

456 4961 649 5018 aperto
705 4961 880 5003 marte
926 4963 1052 5003 cum
1097 4949 1181 5004 eis
1231 4952 1397 5004 luerit
1447 4948 1790 5003 conserenda
1829 4963 2047 5013 manus,

460 5050 651 5094 nostra
683 5054 902 5110 semper
944 5041 1175 5095 victoria
1206 5043 1395 5103 fuerit,
1415 5041 1640 5113 jamque
1674 5041 1808 5094 olim
1851 5038 2053 5094 Roma-

458 5131 541 5197 ni,
567 5146 664 5185 eos
694 5131 974 5204 subjectos
1009 5133 1211 5191 habere
1246 5136 1660 5191 consueverint.
1693 5133 1834 5188 Ante
1865 5136 2052 5187 omnia

458 5235 593 5277 vero
625 5223 716 5277 illa
741 5225 797 5277 in
832 5239 1035 5280 numen
1079 5227 1292 5298 religio,
1325 5243 1447 5298 qua:
1481 5230 1653 5282 Deum
1686 5225 1922 5281 maxime
1952 5225 2054 5280 ho-

460 5314 707 5368 minibus
752 5314 1054 5386 propitium
1093 5319 1295 5385 reddit,
1331 5319 1566 5374 multum
1604 5318 1766 5374 nobis
1806 5332 2053 5384 momen:

464 5412 580 5457 tum
613 5405 828 5472 aiieret,
860 5417 1025 5477 atque
1059 5409 1114 5463 in
1148 5409 1295 5465 bello
1326 5410 1533 5465 auxilio
1566 5409 1693 5465 erit.

534 5495 803 5551 Praaterea
836 5514 900 5553 ea
949 5514 1169 5570 quoque
1213 5501 1470 5570 imperia,
1501 5516 1625 5570 qua:
1664 5499 1947 5572 tyrannica
2001 5499 2052 5553 vi

380 5594 395 5601 ‘
463 5588 770 5655 plurimum
801 5601 1215 5661 promoverunt,
1250 5594 1395 5648 haud
1431 5594 1557 5663 quis
1606 5608 1729 5647 raro
1760 5594 1812 5647 in
1853 5592 2050 5661 seipsis

465 5678 717 5738 laborare
744 5685 946 5753 videat,
967 5685 1313 5757 plurimaque
1338 5686 1698 5741 circumferre
1720 5685 1937 5741 occulta
1962 5684 2050 5738 ilia

465 5774 695 5837 caduca,
726 5794 960 5848 quorum
996 5788 1056 5835 ut
1082 5780 1207 5849 quis
1233 5779 1541 5850 periculum
1574 5778 1787 5842 fecerit,
1819 5790 1884 5830 ac
1908 5775 2051 5830 bello

467 5873 783 5941 tentavcrit,
811 5873 1023 5930 minora
1048 5887 1211 5943 quam
1237 5888 1339 5943 pro
1367 5887 1556 5929 eorum
1580 5871 1768 5941 gloria:
1790 5869 2052 5938 opinione

2154 4764 2266 4817 τῶν
2320 4763 2607 4834 ἡμετέρων
2658 4758 2797 4815 εἶναι
2846 4764 2946 4833 τὴν
2992 4763 3298 4829 νίκηννκαὶ
3336 4760 3396 4812 τὸ
3446 4757 3738 4825 Ῥωμαίοις

2151 4852 2358 4907 ἄνωθεν
2403 4850 2524 4913 ἔθος
2570 4846 2712 4904 εἶναι
2745 4849 2968 4912 τούτους
3011 4848 3389 4911 ὑπακούοντας
3426 4847 3567 4917 ἔχειν
3591 4861 3605 4875 ⁶
3636 4846 3735 4899 καὶ

2153 4944 2262 5014 πρὸ
2295 4944 2510 4998 πάντων
2541 4946 2575 5013 ἡ
2603 4944 2735 5014 περὶ
2764 4944 2824 4995 τὸ
2855 4944 2997 4996 θεῖον
3029 4943 3302 5007 εὐσέϐεια,
3341 4943 3375 5012 ἦ
3405 4941 3467 5010 δὴ
3497 4940 3732 5010 μάλιστα

2153 5038 2247 5091 τὸν
2301 5036 2437 5089 Θεὸν
2495 5038 2697 5106 εὐμενῆ
2755 5038 2869 5097 τοῖς
2919 5035 3226 5104 ἀνθρώπως
3284 5029 3731 5116 παρασκευάζει,

2155 5132 2364 5201 πολλὴν
2395 5133 2526 5201 ἡμῖν
2570 5128 2795 5184 εἰσοίσει
2824 5128 3144 5201 {Laubmann
3192 5127 3321 5198 πρὸς
3375 5125 3460 5202 τὸν
3500 5125 3734 5197 πρλεμον

2158 5226 2600 5291 συναγωνιεῖται.

2232 5491 2467 5544 Ἔπειτα
2504 5491 2601 5544 καὶ
2636 5490 2736 5552 τὰς
2771 5483 2850 5552 εἰς
2884 5488 3021 5542 πολὺ
3058 5487 3290 5559 μέγεθος
3319 5484 3611 5548 ὲπιδούσας
3641 5500 3736 5539 τυ·

2162 5587 2417 5657 ραννίδας
2460 5585 2561 5637 ῐδοι
2587 5600 2668 5647 τις
2701 5584 2766 5636 ἂν
2807 5587 3071 5645 νοσούσας
3097 5584 3157 5635 ὲν
3191 5581 3412 5641 ἑαυταῖς
3440 5578 3512 5630 τὰ
3543 5575 3733 5643 πολλὰ,

2159 5680 2258 5731 καὶ
2289 5678 2517 5732 πλεῖστα
2549 5675 2658 5728 τῶν
2712 5672 2931 5746 σαθρῶν
2981 5672 3390 5745 περιφερούσας
3427 5668 3734 5734 λανθάνειν,

2163 5765 2237 5826 ὧν
2273 5771 2326 5825 εῑ
2355 5787 2441 5832 τις
2472 5766 2825 5839 ἀποπειρῷτο
2855 5769 2950 5822 καὶ
2983 5765 3206 5835 πολέμῳ
3239 5764 3439 5832 κινοίη.
3478 5758 3734 5820 ἐλάττους

2162 5864 2335 5927 αὐτὰς
2361 5862 2461 5931 τῆς
2493 5861 2624 5931 περὶ
2651 5859 2835 5917 αὐτῶν
2867 5858 3028 5930 δόξης
3056 5858 3301 5928 εὑρήσει·
3334 5855 3430 5908 καὶ
3459 5852 3575 5917 τοῖς
3615 5850 3736 5904 ἑπι-
