  <div class='ocr_page' id='page_1' title='image "/cluster/home/n/w/nwhite01/storage/ocr_20150623/154:no.2/coo.31924054870591/522.png"; bbox 0 0 4068 6474; ppageno 0'>
   <div class='ocr_carea' id='block_1_1' title="bbox 376 308 511 375">
    <p class='ocr_par' dir='ltr' id='par_1_1' title="bbox 376 308 511 375">
     <span class='ocr_line' id='line_1_1' title="bbox 376 308 511 375; baseline -0.037 0"><span class='ocrx_word' id='word_1_1' title='bbox 376 308 511 375; x_wconf 74' lang='lat'><strong>1033</strong></span> 
     </span>
    </p>
   </div>
   <div class='ocr_carea' id='block_1_2' title="bbox 1216 295 2786 365">
    <p class='ocr_par' dir='ltr' id='par_1_2' title="bbox 1216 295 2786 365">
     <span class='ocr_line' id='line_1_2' title="bbox 1216 295 2786 365; baseline -0.007 0"><span class='ocrx_word' id='word_1_2' title='bbox 1216 301 1499 365; x_wconf 80' lang='lat' dir='ltr'><strong>ORATIO</strong></span> <span class='ocrx_word' id='word_1_3' title='bbox 1541 302 1641 364; x_wconf 86' lang='lat' dir='ltr'><strong>DE</strong></span> <span class='ocrx_word' id='word_1_4' title='bbox 1706 301 1863 365; x_wconf 81' lang='lat' dir='ltr'><strong>NON</strong></span> <span class='ocrx_word' id='word_1_5' title='bbox 1898 298 2320 363; x_wconf 80' lang='lat' dir='ltr'><strong>REDDENDA</strong></span> <span class='ocrx_word' id='word_1_6' title='bbox 2357 295 2786 358; x_wconf 86' lang='lat' dir='ltr'><strong>CALLIPOLI.</strong></span> 
     </span>
    </p>
   </div>
   <div class='ocr_carea' id='block_1_3' title="bbox 3473 293 3625 359">
    <p class='ocr_par' dir='ltr' id='par_1_3' title="bbox 3473 293 3625 359">
     <span class='ocr_line' id='line_1_3' title="bbox 3473 293 3625 359; baseline -0.02 0"><span class='ocrx_word' id='word_1_7' title='bbox 3473 293 3625 359; x_wconf 56' lang='grc'><strong>1034</strong></span> 
     </span>
    </p>
   </div>
   <div class='ocr_carea' id='block_1_4' title="bbox 374 404 1989 498">
    <p class='ocr_par' dir='ltr' id='par_1_4' title="bbox 374 416 1989 498">
     <span class='ocr_line' id='line_1_4' title="bbox 374 416 1989 498; baseline -0.006 -19"><span class='ocrx_word' id='word_1_8' title='bbox 374 423 622 498; x_wconf 83' lang='grc' dir='ltr'>χειρούσι</span> <span class='ocrx_word' id='word_1_9' title='bbox 694 420 891 475; x_wconf 74' lang='grc' dir='ltr'>πολλαὶ</span> <span class='ocrx_word' id='word_1_10' title='bbox 963 416 1297 489; x_wconf 79' lang='grc' dir='ltr'><strong>φανήσονται</strong></span> <span class='ocrx_word' id='word_1_11' title='bbox 1380 417 1520 490; x_wconf 79' lang='grc' dir='ltr'>πρδς</span> <span class='ocrx_word' id='word_1_12' title='bbox 1572 416 1672 489; x_wconf 77' lang='grc' dir='ltr'><strong>τὴν</strong></span> <span class='ocrx_word' id='word_1_13' title='bbox 1727 416 1989 484; x_wconf 38' lang='grc' dir='ltr'>ἐκείνων,</span> 
     </span>
    </p>
   </div>
   <div class='ocr_carea' id='block_1_5' title="bbox 2077 404 3621 498">
    <p class='ocr_par' dir='ltr' id='par_1_5' title="bbox 2079 404 3621 478">
     <span class='ocr_line' id='line_1_5' title="bbox 2079 404 3621 478; baseline -0.004 -11"><span class='ocrx_word' id='word_1_14' title='bbox 2079 412 2334 469; x_wconf 90' lang='lat' dir='ltr'><strong>uvenerit</strong></span> <span class='ocrx_word' id='word_1_15' title='bbox 2376 424 2392 464; x_wconf 89' lang='lat'><strong>:</strong></span> <span class='ocrx_word' id='word_1_16' title='bbox 2442 410 2722 478; x_wconf 89' lang='lat' dir='ltr'><strong>multaque</strong></span> <span class='ocrx_word' id='word_1_17' title='bbox 2774 404 3237 477; x_wconf 83' lang='lat' dir='ltr'><strong>aggredieutibus,</strong></span> <span class='ocrx_word' id='word_1_18' title='bbox 3293 406 3497 474; x_wconf 84' lang='lat' dir='ltr'><strong>quibus</strong></span> <span class='ocrx_word' id='word_1_19' title='bbox 3557 423 3621 462; x_wconf 87' lang='lat' dir='ltr'><strong>ea</strong></span> 
     </span>
    </p>
   </div>
   <div class='ocr_carea' id='block_1_6' title="bbox 375 506 1951 582">
    <p class='ocr_par' dir='ltr' id='par_1_6' title="bbox 375 506 1951 582">
     <span class='ocr_line' id='line_1_6' title="bbox 375 506 1951 582; baseline -0.004 -14"><span class='ocrx_word' id='word_1_20' title='bbox 375 511 702 582; x_wconf 73' lang='grc' dir='ltr'><strong>καθαίρεσιν</strong></span> <span class='ocrx_word' id='word_1_21' title='bbox 728 508 995 579; x_wconf 87' lang='grc' dir='ltr'>ἀφορμαί.</span> <span class='ocrx_word' id='word_1_22' title='bbox 1030 509 1140 561; x_wconf 77' lang='grc' dir='ltr'><strong>Καὶ</strong></span> <span class='ocrx_word' id='word_1_23' title='bbox 1174 507 1333 563; x_wconf 73' lang='grc' dir='ltr'>τοῦτο</span> <span class='ocrx_word' id='word_1_24' title='bbox 1364 507 1734 579; x_wconf 80' lang='grc' dir='ltr'>μαρτυροῦσιν</span> <span class='ocrx_word' id='word_1_25' title='bbox 1779 507 1832 560; x_wconf 85' lang='grc' dir='ltr'><strong>οί</strong></span> <span class='ocrx_word' id='word_1_26' title='bbox 1855 506 1951 561; x_wconf 80' lang='grc' dir='ltr'>νῦν</span> 
     </span>
    </p>
   </div>
   <div class='ocr_carea' id='block_1_7' title="bbox 377 597 1952 668">
    <p class='ocr_par' dir='ltr' id='par_1_7' title="bbox 377 597 1952 668">
     <span class='ocr_line' id='line_1_7' title="bbox 377 597 1952 668; baseline -0.006 -9"><span class='ocrx_word' id='word_1_27' title='bbox 377 604 719 665; x_wconf 82' lang='grc' dir='ltr'><strong>ἀποστάντες</strong></span> <span class='ocrx_word' id='word_1_28' title='bbox 767 600 878 654; x_wconf 87' lang='grc' dir='ltr'><strong>τῶν</strong></span> <span class='ocrx_word' id='word_1_29' title='bbox 926 599 1144 652; x_wconf 75' lang='grc' dir='ltr'><strong>οἰκείων</strong></span> <span class='ocrx_word' id='word_1_30' title='bbox 1172 638 1188 663; x_wconf 94' lang='grc'><strong>,</strong></span> <span class='ocrx_word' id='word_1_31' title='bbox 1241 597 1337 652; x_wconf 78' lang='grc' dir='ltr'>καὶ</span> <span class='ocrx_word' id='word_1_32' title='bbox 1384 598 1626 668; x_wconf 87' lang='grc' dir='ltr'>πόλεμον</span> <span class='ocrx_word' id='word_1_33' title='bbox 1699 597 1952 668; x_wconf 79' lang='grc' dir='ltr'>φανερῶς</span> 
     </span>
    </p>
   </div>
   <div class='ocr_carea' id='block_1_8' title="bbox 377 684 1949 765">
    <p class='ocr_par' dir='ltr' id='par_1_8' title="bbox 377 684 1949 765">
     <span class='ocr_line' id='line_1_8' title="bbox 377 684 1949 765; baseline -0.003 -19"><span class='ocrx_word' id='word_1_34' title='bbox 377 694 514 765; x_wconf 72' lang='grc' dir='ltr'>πρὸς</span> <span class='ocrx_word' id='word_1_35' title='bbox 547 692 792 755; x_wconf 75' lang='grc' dir='ltr'><strong>ἐκείνους</strong></span> <span class='ocrx_word' id='word_1_36' title='bbox 820 691 1221 759; x_wconf 67' lang='grc' dir='ltr'>ὲξενεγκόντεςυ</span> <span class='ocrx_word' id='word_1_37' title='bbox 1255 684 1337 755; x_wconf 79' lang='grc' dir='ltr'>οἷς</span> <span class='ocrx_word' id='word_1_38' title='bbox 1363 689 1418 744; x_wconf 79' lang='grc' dir='ltr'><strong>εί</strong></span> <span class='ocrx_word' id='word_1_39' title='bbox 1440 709 1525 754; x_wconf 89' lang='grc' dir='ltr'><strong>τις</strong></span> <span class='ocrx_word' id='word_1_40' title='bbox 1555 690 1949 755; x_wconf 79' lang='grc' dir='ltr'>ὲπικελεύοιτο,</span> 
     </span>
    </p>
   </div>
   <div class='ocr_carea' id='block_1_9' title="bbox 376 781 1953 854">
    <p class='ocr_par' dir='ltr' id='par_1_9' title="bbox 376 781 1953 854">
     <span class='ocr_line' id='line_1_9' title="bbox 376 781 1953 854; baseline -0.003 -17"><span class='ocrx_word' id='word_1_41' title='bbox 376 786 474 838; x_wconf 75' lang='grc' dir='ltr'>καὶ</span> <span class='ocrx_word' id='word_1_42' title='bbox 528 785 811 854; x_wconf 85' lang='grc' dir='ltr'>χρήμασιν</span> <span class='ocrx_word' id='word_1_43' title='bbox 859 784 1063 852; x_wconf 80' lang='grc' dir='ltr'><strong>ὀλίγοις</strong></span> <span class='ocrx_word' id='word_1_44' title='bbox 1117 783 1218 837; x_wconf 77' lang='grc' dir='ltr'>καὶ</span> <span class='ocrx_word' id='word_1_45' title='bbox 1288 784 1578 854; x_wconf 75' lang='grc' dir='ltr'><strong>συμμαχίᾳ</strong></span> <span class='ocrx_word' id='word_1_46' title='bbox 1632 785 1731 845; x_wconf 73' lang='grc' dir='ltr'>τὰς</span> <span class='ocrx_word' id='word_1_47' title='bbox 1776 781 1953 852; x_wconf 78' lang='grc' dir='ltr'>ὁρμὰς</span> 
     </span>
    </p>
   </div>
   <div class='ocr_carea' id='block_1_10' title="bbox 377 873 1953 947">
    <p class='ocr_par' dir='ltr' id='par_1_10' title="bbox 377 873 1953 947">
     <span class='ocr_line' id='line_1_10' title="bbox 377 873 1953 947; baseline -0.002 -19"><span class='ocrx_word' id='word_1_48' title='bbox 377 876 708 947; x_wconf 63' lang='grc' dir='ltr'>ἐπιρρώσειε</span> <span class='ocrx_word' id='word_1_49' title='bbox 742 876 838 927; x_wconf 74' lang='grc' dir='ltr'>καὶ</span> <span class='ocrx_word' id='word_1_50' title='bbox 870 875 1343 946; x_wconf 79' lang='grc' dir='ltr'>συμπροθυμοῖτο,</span> <span class='ocrx_word' id='word_1_51' title='bbox 1377 876 1508 938; x_wconf 74' lang='grc' dir='ltr'>ἴσως</span> <span class='ocrx_word' id='word_1_52' title='bbox 1539 874 1628 939; x_wconf 82' lang='grc' dir='ltr'><strong>ἂν,</strong></span> <span class='ocrx_word' id='word_1_53' title='bbox 1664 873 1953 942; x_wconf 84' lang='grc' dir='ltr'>ἀξιόμαχοι</span> 
     </span>
    </p>
   </div>
   <div class='ocr_carea' id='block_1_11' title="bbox 378 964 1955 1039">
    <p class='ocr_par' dir='ltr' id='par_1_11' title="bbox 378 964 1955 1039">
     <span class='ocr_line' id='line_1_11' title="bbox 378 964 1955 1039; baseline -0.003 -16"><span class='ocrx_word' id='word_1_54' title='bbox 378 971 682 1039; x_wconf 85' lang='grc' dir='ltr'>γενόμενοι,</span> <span class='ocrx_word' id='word_1_55' title='bbox 715 967 1007 1039; x_wconf 83' lang='grc' dir='ltr'>τράποιντο</span> <span class='ocrx_word' id='word_1_56' title='bbox 1040 968 1138 1036; x_wconf 81' lang='grc' dir='ltr'>μὲν</span> <span class='ocrx_word' id='word_1_57' title='bbox 1178 966 1264 1037; x_wconf 77' lang='grc' dir='ltr'><strong>ἐφ’</strong></span> <span class='ocrx_word' id='word_1_58' title='bbox 1291 968 1508 1028; x_wconf 87' lang='grc' dir='ltr'>αύτούς·</span> <span class='ocrx_word' id='word_1_59' title='bbox 1546 967 1691 1037; x_wconf 79' lang='grc' dir='ltr'>ἡμᾶς</span> <span class='ocrx_word' id='word_1_60' title='bbox 1718 964 1764 1018; x_wconf 85' lang='grc' dir='ltr'>δ’</span> <span class='ocrx_word' id='word_1_61' title='bbox 1791 965 1824 1035; x_wconf 83' lang='grc' dir='ltr'>ἢ</span> <span class='ocrx_word' id='word_1_62' title='bbox 1851 982 1955 1035; x_wconf 89' lang='grc' dir='ltr'>μη-</span> 
     </span>
    </p>
   </div>
   <div class='ocr_carea' id='block_1_12' title="bbox 379 1057 1959 1130">
    <p class='ocr_par' dir='ltr' id='par_1_12' title="bbox 379 1057 1959 1130">
     <span class='ocr_line' id='line_1_12' title="bbox 379 1057 1959 1130; baseline -0.004 -18"><span class='ocrx_word' id='word_1_63' title='bbox 379 1061 467 1112; x_wconf 83' lang='grc' dir='ltr'><strong>δὲν</strong></span> <span class='ocrx_word' id='word_1_64' title='bbox 500 1058 534 1130; x_wconf 76' lang='grc' dir='ltr'>ἢ</span> <span class='ocrx_word' id='word_1_65' title='bbox 572 1058 781 1112; x_wconf 75' lang='grc' dir='ltr'>ἐλάττω</span> <span class='ocrx_word' id='word_1_66' title='bbox 836 1058 1147 1127; x_wconf 82' lang='grc' dir='ltr'><strong>βλάπτοιεν,</strong></span> <span class='ocrx_word' id='word_1_67' title='bbox 1185 1057 1579 1129; x_wconf 78' lang='grc' dir='ltr'>ἀσχολούμενοι</span> <span class='ocrx_word' id='word_1_68' title='bbox 1629 1057 1767 1127; x_wconf 82' lang='grc' dir='ltr'>πρὸς</span> <span class='ocrx_word' id='word_1_69' title='bbox 1797 1057 1959 1125; x_wconf 87' lang='grc' dir='ltr'>ἀλλή-</span> 
     </span>
    </p>
   </div>
   <div class='ocr_carea' id='block_1_13' title="bbox 380 1148 1956 1223">
    <p class='ocr_par' dir='ltr' id='par_1_13' title="bbox 380 1148 1956 1223">
     <span class='ocr_line' id='line_1_13' title="bbox 380 1148 1956 1223; baseline -0.003 -19"><span class='ocrx_word' id='word_1_70' title='bbox 380 1152 525 1214; x_wconf 87' lang='grc' dir='ltr'>λους.</span> <span class='ocrx_word' id='word_1_71' title='bbox 586 1150 748 1204; x_wconf 76' lang='grc' dir='ltr'>Ἀλλά</span> <span class='ocrx_word' id='word_1_72' title='bbox 782 1151 889 1223; x_wconf 74' lang='grc' dir='ltr'><strong>μὴν</strong></span> <span class='ocrx_word' id='word_1_73' title='bbox 939 1150 1035 1202; x_wconf 71' lang='grc' dir='ltr'><strong>καὶ</strong></span> <span class='ocrx_word' id='word_1_74' title='bbox 1088 1148 1239 1220; x_wconf 81' lang='grc' dir='ltr'>παρὰ</span> <span class='ocrx_word' id='word_1_75' title='bbox 1266 1149 1374 1202; x_wconf 90' lang='grc' dir='ltr'><strong>τῶν</strong></span> <span class='ocrx_word' id='word_1_76' title='bbox 1420 1148 1709 1217; x_wconf 83' lang='grc' dir='ltr'>Τριϐαλῶν</span> <span class='ocrx_word' id='word_1_77' title='bbox 1755 1148 1956 1218; x_wconf 71' lang='grc' dir='ltr'>ἥκουσι</span> 
     </span>
    </p>
   </div>
   <div class='ocr_carea' id='block_1_14' title="bbox 381 1233 1958 1307">
    <p class='ocr_par' dir='ltr' id='par_1_14' title="bbox 381 1233 1958 1307">
     <span class='ocr_line' id='line_1_14' title="bbox 381 1233 1958 1307; baseline -0.001 -18"><span class='ocrx_word' id='word_1_78' title='bbox 381 1236 670 1307; x_wconf 80' lang='grc' dir='ltr'>πρέσϐεις,</span> <span class='ocrx_word' id='word_1_79' title='bbox 713 1236 992 1302; x_wconf 74' lang='grc' dir='ltr'>ἀξιοῦντες</span> <span class='ocrx_word' id='word_1_80' title='bbox 1013 1238 1167 1304; x_wconf 86' lang='grc' dir='ltr'>κοινῇ</span> <span class='ocrx_word' id='word_1_81' title='bbox 1220 1236 1346 1297; x_wconf 84' lang='grc' dir='ltr'>τοὺς</span> <span class='ocrx_word' id='word_1_82' title='bbox 1396 1237 1609 1297; x_wconf 75' lang='grc' dir='ltr'>κοινοὺς</span> <span class='ocrx_word' id='word_1_83' title='bbox 1663 1233 1958 1304; x_wconf 79' lang='grc' dir='ltr'>πολεμίους</span> 
     </span>
    </p>
   </div>
   <div class='ocr_carea' id='block_1_15' title="bbox 384 1325 1959 1398">
    <p class='ocr_par' dir='ltr' id='par_1_15' title="bbox 384 1325 1959 1398">
     <span class='ocr_line' id='line_1_15' title="bbox 384 1325 1959 1398; baseline -0.003 -16"><span class='ocrx_word' id='word_1_84' title='bbox 384 1327 733 1398; x_wconf 86' lang='grc' dir='ltr'>ἀμύνασθαι,</span> <span class='ocrx_word' id='word_1_85' title='bbox 789 1327 885 1381; x_wconf 73' lang='grc' dir='ltr'>καὶ</span> <span class='ocrx_word' id='word_1_86' title='bbox 933 1325 1148 1395; x_wconf 80' lang='grc' dir='ltr'><strong>γάμους</strong></span> <span class='ocrx_word' id='word_1_87' title='bbox 1200 1325 1500 1392; x_wconf 75' lang='grc' dir='ltr'>αἰτοῦντες,</span> <span class='ocrx_word' id='word_1_88' title='bbox 1553 1326 1650 1380; x_wconf 75' lang='grc' dir='ltr'>καὶ</span> <span class='ocrx_word' id='word_1_89' title='bbox 1697 1325 1959 1396; x_wconf 86' lang='grc' dir='ltr'>χρήματα</span> 
     </span>
    </p>
   </div>
   <div class='ocr_carea' id='block_1_16' title="bbox 387 1411 1959 1488">
    <p class='ocr_par' dir='ltr' id='par_1_16' title="bbox 387 1411 1959 1488">
     <span class='ocr_line' id='line_1_16' title="bbox 387 1411 1959 1488; baseline -0.002 -17"><span class='ocrx_word' id='word_1_90' title='bbox 387 1419 837 1488; x_wconf 80' lang='grc' dir='ltr'>ὑπισχνούμενοι,</span> <span class='ocrx_word' id='word_1_91' title='bbox 870 1418 940 1469; x_wconf 83' lang='grc' dir='ltr'>δι’</span> <span class='ocrx_word' id='word_1_92' title='bbox 990 1411 1066 1471; x_wconf 82' lang='grc' dir='ltr'>ὧν</span> <span class='ocrx_word' id='word_1_93' title='bbox 1106 1416 1312 1469; x_wconf 76' lang='grc' dir='ltr'>οἴονται</span> <span class='ocrx_word' id='word_1_94' title='bbox 1364 1417 1611 1485; x_wconf 79' lang='grc' dir='ltr'>κινήσειν</span> <span class='ocrx_word' id='word_1_95' title='bbox 1659 1416 1828 1486; x_wconf 76' lang='grc' dir='ltr'>ἡμᾶς’</span> <span class='ocrx_word' id='word_1_96' title='bbox 1866 1413 1959 1476; x_wconf 79' lang='grc' dir='ltr'><strong>οὒς</strong></span> 
     </span>
    </p>
   </div>
   <div class='ocr_carea' id='block_1_17' title="bbox 389 1507 1957 1581">
    <p class='ocr_par' dir='ltr' id='par_1_17' title="bbox 389 1507 1957 1581">
     <span class='ocr_line' id='line_1_17' title="bbox 389 1507 1957 1581; baseline -0.001 -19"><span class='ocrx_word' id='word_1_97' title='bbox 389 1511 642 1581; x_wconf 89' lang='grc' dir='ltr'>βεϐαίους</span> <span class='ocrx_word' id='word_1_98' title='bbox 668 1510 776 1581; x_wconf 88' lang='grc' dir='ltr'>χρὴ</span> <span class='ocrx_word' id='word_1_99' title='bbox 806 1509 1050 1580; x_wconf 79' lang='grc' dir='ltr'>νομίζειν</span> <span class='ocrx_word' id='word_1_100' title='bbox 1082 1510 1304 1562; x_wconf 77' lang='grc' dir='ltr'>ἔσεσθαι</span> <span class='ocrx_word' id='word_1_101' title='bbox 1344 1508 1666 1578; x_wconf 83' lang='grc' dir='ltr'>συμμάχους</span> <span class='ocrx_word' id='word_1_102' title='bbox 1702 1509 1855 1579; x_wconf 75' lang='grc' dir='ltr'>ἡμῖν,</span> <span class='ocrx_word' id='word_1_103' title='bbox 1884 1507 1957 1570; x_wconf 83' lang='grc' dir='ltr'>ὡς</span> 
     </span>
    </p>
   </div>
   <div class='ocr_carea' id='block_1_18' title="bbox 399 1600 1966 1670">
    <p class='ocr_par' dir='ltr' id='par_1_18' title="bbox 399 1600 1966 1670">
     <span class='ocr_line' id='line_1_18' title="bbox 399 1600 1966 1670; baseline -0.002 -14"><span class='ocrx_word' id='word_1_104' title='bbox 399 1602 467 1656; x_wconf 82' lang='grc' dir='ltr'><strong>ἂν</strong></span> <span class='ocrx_word' id='word_1_105' title='bbox 527 1603 623 1655; x_wconf 83' lang='grc' dir='ltr'>καὶ</span> <span class='ocrx_word' id='word_1_106' title='bbox 673 1601 831 1656; x_wconf 78' lang='grc' dir='ltr'>αὐτοὶ</span> <span class='ocrx_word' id='word_1_107' title='bbox 916 1601 1069 1670; x_wconf 87' lang='grc' dir='ltr'><strong>παρά</strong></span> <span class='ocrx_word' id='word_1_108' title='bbox 1123 1600 1233 1653; x_wconf 88' lang='grc' dir='ltr'><strong>τῶν</strong></span> <span class='ocrx_word' id='word_1_109' title='bbox 1305 1600 1602 1670; x_wconf 81' lang='grc' dir='ltr'>βαρϐάρων</span> <span class='ocrx_word' id='word_1_110' title='bbox 1655 1600 1966 1670; x_wconf 65' lang='grc' dir='ltr'><strong>⁴ήδίκηνται.</strong></span> 
     </span>
    </p>
   </div>
   <div class='ocr_carea' id='block_1_19' title="bbox 401 1690 1961 1763">
    <p class='ocr_par' dir='ltr' id='par_1_19' title="bbox 401 1690 1961 1763">
     <span class='ocr_line' id='line_1_19' title="bbox 401 1690 1961 1763; baseline -0.003 -17"><span class='ocrx_word' id='word_1_111' title='bbox 401 1693 540 1748; x_wconf 83' lang='grc' dir='ltr'>Ἀλλ’</span> <span class='ocrx_word' id='word_1_112' title='bbox 578 1693 676 1763; x_wconf 83' lang='grc' dir='ltr'><strong>οὐχ</strong></span> <span class='ocrx_word' id='word_1_113' title='bbox 723 1691 880 1763; x_wconf 76' lang='grc' dir='ltr'>ἡμῶν</span> <span class='ocrx_word' id='word_1_114' title='bbox 929 1693 1093 1762; x_wconf 84' lang='grc' dir='ltr'>χάριν</span> <span class='ocrx_word' id='word_1_115' title='bbox 1145 1693 1580 1760; x_wconf 82' lang='grc' dir='ltr'>ἀμυνουμένους,</span> <span class='ocrx_word' id='word_1_116' title='bbox 1633 1691 1776 1743; x_wconf 82' lang='grc' dir='ltr'>ετποι</span> <span class='ocrx_word' id='word_1_117' title='bbox 1816 1690 1861 1742; x_wconf 85' lang='grc' dir='ltr'>δ’</span> <span class='ocrx_word' id='word_1_118' title='bbox 1893 1691 1961 1747; x_wconf 80' lang='grc' dir='ltr'><strong>ἀν</strong></span> 
     </span>
    </p>
   </div>
   <div class='ocr_carea' id='block_1_20' title="bbox 2058 498 3627 573">
    <p class='ocr_par' dir='ltr' id='par_1_20' title="bbox 2058 498 3627 573">
     <span class='ocr_line' id='line_1_20' title="bbox 2058 498 3627 573; baseline -0.004 -14"><span class='ocrx_word' id='word_1_119' title='bbox 2058 502 2267 560; x_wconf 81' lang='lat' dir='ltr'><strong>destrui</strong></span> <span class='ocrx_word' id='word_1_120' title='bbox 2299 502 2533 573; x_wconf 87' lang='lat' dir='ltr'><strong>possint,</strong></span> <span class='ocrx_word' id='word_1_121' title='bbox 2568 508 2886 570; x_wconf 82' lang='lat' dir='ltr'><strong>argumenta</strong></span> <span class='ocrx_word' id='word_1_122' title='bbox 2924 506 3234 553; x_wconf 90' lang='lat' dir='ltr'><strong>occurrent.</strong></span> <span class='ocrx_word' id='word_1_123' title='bbox 3271 498 3461 553; x_wconf 89' lang='lat' dir='ltr'><strong>Testes</strong></span> <span class='ocrx_word' id='word_1_124' title='bbox 3498 507 3627 552; x_wconf 89' lang='lat' dir='ltr'><strong>sunt</strong></span> 
     </span>
    </p>
   </div>
   <div class='ocr_carea' id='block_1_21' title="bbox 2058 591 3626 666">
    <p class='ocr_par' dir='ltr' id='par_1_21' title="bbox 2058 591 3626 666">
     <span class='ocr_line' id='line_1_21' title="bbox 2058 591 3626 666; baseline -0.004 -16"><span class='ocrx_word' id='word_1_125' title='bbox 2058 598 2152 666; x_wconf 92' lang='lat' dir='ltr'><strong>qui</strong></span> <span class='ocrx_word' id='word_1_126' title='bbox 2184 611 2215 650; x_wconf 90' lang='lat' dir='ltr'><strong>a</strong></span> <span class='ocrx_word' id='word_1_127' title='bbox 2249 594 2365 649; x_wconf 86' lang='lat' dir='ltr'><strong>suis</strong></span> <span class='ocrx_word' id='word_1_128' title='bbox 2395 593 2558 648; x_wconf 91' lang='lat' dir='ltr'><strong>modo</strong></span> <span class='ocrx_word' id='word_1_129' title='bbox 2590 592 2935 654; x_wconf 84' lang='lat' dir='ltr'><strong>defecerunt,</strong></span> <span class='ocrx_word' id='word_1_130' title='bbox 2968 591 3160 660; x_wconf 91' lang='lat' dir='ltr'><strong>eisque</strong></span> <span class='ocrx_word' id='word_1_131' title='bbox 3200 592 3378 660; x_wconf 81' lang='lat' dir='ltr'><strong>palam</strong></span> <span class='ocrx_word' id='word_1_132' title='bbox 3424 591 3626 646; x_wconf 89' lang='lat' dir='ltr'><strong>bellum</strong></span> 
     </span>
    </p>
   </div>
   <div class='ocr_carea' id='block_1_22' title="bbox 2061 681 3629 753">
    <p class='ocr_par' dir='ltr' id='par_1_22' title="bbox 2061 681 3629 753">
     <span class='ocr_line' id='line_1_22' title="bbox 2061 681 3629 753; baseline -0.003 -12"><span class='ocrx_word' id='word_1_133' title='bbox 2061 687 2388 751; x_wconf 90' lang='lat' dir='ltr'><strong>intulerunt,</strong></span> <span class='ocrx_word' id='word_1_134' title='bbox 2408 684 2611 753; x_wconf 87' lang='lat' dir='ltr'><strong>quibus</strong></span> <span class='ocrx_word' id='word_1_135' title='bbox 2639 692 2699 737; x_wconf 89' lang='lat' dir='ltr'><strong>ut</strong></span> <span class='ocrx_word' id='word_1_136' title='bbox 2726 683 2850 751; x_wconf 90' lang='lat' dir='ltr'><strong>quis</strong></span> <span class='ocrx_word' id='word_1_137' title='bbox 2881 681 3090 751; x_wconf 89' lang='lat' dir='ltr'><strong>jubeat,</strong></span> <span class='ocrx_word' id='word_1_138' title='bbox 3116 682 3504 751; x_wconf 88' lang='lat' dir='ltr'><strong>nonnullisque</strong></span> <span class='ocrx_word' id='word_1_139' title='bbox 3534 696 3629 752; x_wconf 89' lang='lat' dir='ltr'><strong>pe-</strong></span> 
     </span>
    </p>
   </div>
   <div class='ocr_carea' id='block_1_23' title="bbox 2057 774 3628 841">
    <p class='ocr_par' dir='ltr' id='par_1_23' title="bbox 2057 774 3628 841">
     <span class='ocr_line' id='line_1_23' title="bbox 2057 774 3628 841; baseline -0.002 -10"><span class='ocrx_word' id='word_1_140' title='bbox 2057 776 2238 832; x_wconf 89' lang='lat' dir='ltr'><strong>cuniis</strong></span> <span class='ocrx_word' id='word_1_141' title='bbox 2282 792 2345 831; x_wconf 87' lang='lat' dir='ltr'><strong>ac</strong></span> <span class='ocrx_word' id='word_1_142' title='bbox 2394 775 2528 830; x_wconf 87' lang='lat' dir='ltr'><strong>belli</strong></span> <span class='ocrx_word' id='word_1_143' title='bbox 2571 774 2822 830; x_wconf 90' lang='lat' dir='ltr'><strong>subsidio</strong></span> <span class='ocrx_word' id='word_1_144' title='bbox 2870 789 3060 828; x_wconf 89' lang='lat' dir='ltr'><strong>eorum</strong></span> <span class='ocrx_word' id='word_1_145' title='bbox 3105 783 3339 828; x_wconf 90' lang='lat' dir='ltr'><strong>conatus</strong></span> <span class='ocrx_word' id='word_1_146' title='bbox 3384 775 3628 841; x_wconf 89' lang='lat' dir='ltr'><strong>roboret,</strong></span> 
     </span>
    </p>
   </div>
   <div class='ocr_carea' id='block_1_24' title="bbox 2062 864 3633 932">
    <p class='ocr_par' dir='ltr' id='par_1_24' title="bbox 2062 864 3633 932">
     <span class='ocr_line' id='line_1_24' title="bbox 2062 864 3633 932; baseline -0.001 -9"><span class='ocrx_word' id='word_1_147' title='bbox 2062 884 2125 924; x_wconf 90' lang='lat' dir='ltr'><strong>ac</strong></span> <span class='ocrx_word' id='word_1_148' title='bbox 2149 869 2351 924; x_wconf 84' lang='lat' dir='ltr'><strong>sociam</strong></span> <span class='ocrx_word' id='word_1_149' title='bbox 2374 867 2711 923; x_wconf 74' lang='lat' dir='ltr'><strong>alacritatem</strong></span> <span class='ocrx_word' id='word_1_150' title='bbox 2736 866 3006 932; x_wconf 77' lang='lat' dir='ltr'><strong>ostendat,</strong></span> <span class='ocrx_word' id='word_1_151' title='bbox 3029 865 3139 927; x_wconf 82' lang='lat' dir='ltr'><strong>apti</strong></span> <span class='ocrx_word' id='word_1_152' title='bbox 3175 864 3314 919; x_wconf 83' lang='lat' dir='ltr'><strong>forte</strong></span> <span class='ocrx_word' id='word_1_153' title='bbox 3342 865 3633 921; x_wconf 84' lang='lat' dir='ltr'><strong>bellatores</strong></span> 
     </span>
    </p>
   </div>
   <div class='ocr_carea' id='block_1_25' title="bbox 2062 957 3636 1034">
    <p class='ocr_par' dir='ltr' id='par_1_25' title="bbox 2062 957 3636 1034">
     <span class='ocr_line' id='line_1_25' title="bbox 2062 957 3636 1034; baseline -0.003 -19"><span class='ocrx_word' id='word_1_154' title='bbox 2062 960 2267 1024; x_wconf 77' lang='lat' dir='ltr'><strong>effecti,</strong></span> <span class='ocrx_word' id='word_1_155' title='bbox 2300 960 2357 1013; x_wconf 92' lang='lat' dir='ltr'><strong>in</strong></span> <span class='ocrx_word' id='word_1_156' title='bbox 2405 973 2534 1013; x_wconf 86' lang='lat' dir='ltr'><strong>suos</strong></span> <span class='ocrx_word' id='word_1_157' title='bbox 2564 966 2977 1020; x_wconf 81' lang='lat' dir='ltr'><strong>convertantur,</strong></span> <span class='ocrx_word' id='word_1_158' title='bbox 3003 957 3217 1025; x_wconf 84' lang='lat' dir='ltr'><strong>sibique</strong></span> <span class='ocrx_word' id='word_1_159' title='bbox 3253 968 3445 1010; x_wconf 92' lang='lat' dir='ltr'><strong>mutuo</strong></span> <span class='ocrx_word' id='word_1_160' title='bbox 3484 957 3636 1034; x_wconf 75' lang='lat' dir='ltr'><strong>infe-</strong></span> 
     </span>
    </p>
   </div>
   <div class='ocr_carea' id='block_1_26' title="bbox 2063 1047 3637 1117">
    <p class='ocr_par' dir='ltr' id='par_1_26' title="bbox 2063 1047 3637 1117">
     <span class='ocr_line' id='line_1_26' title="bbox 2063 1047 3637 1117; baseline -0.003 -12"><span class='ocrx_word' id='word_1_161' title='bbox 2063 1061 2245 1106; x_wconf 87' lang='lat' dir='ltr'><strong>rentes</strong></span> <span class='ocrx_word' id='word_1_162' title='bbox 2291 1050 2520 1113; x_wconf 91' lang='lat' dir='ltr'><strong>bellum,</strong></span> <span class='ocrx_word' id='word_1_163' title='bbox 2561 1050 2647 1104; x_wconf 85' lang='lat' dir='ltr'><strong>vel</strong></span> <span class='ocrx_word' id='word_1_164' title='bbox 2693 1048 2851 1114; x_wconf 89' lang='lat' dir='ltr'><strong>nihil,</strong></span> <span class='ocrx_word' id='word_1_165' title='bbox 2900 1057 2997 1102; x_wconf 90' lang='lat' dir='ltr'><strong>aut</strong></span> <span class='ocrx_word' id='word_1_166' title='bbox 3025 1048 3156 1117; x_wconf 91' lang='lat' dir='ltr'><strong>quid</strong></span> <span class='ocrx_word' id='word_1_167' title='bbox 3209 1047 3487 1102; x_wconf 79' lang='lat' dir='ltr'><strong>modicum</strong></span> <span class='ocrx_word' id='word_1_168' title='bbox 3536 1063 3637 1101; x_wconf 76' lang='lat' dir='ltr'><strong>nos</strong></span> 
     </span>
    </p>
   </div>
   <div class='ocr_carea' id='block_1_27' title="bbox 2065 1140 3639 1211">
    <p class='ocr_par' dir='ltr' id='par_1_27' title="bbox 2065 1140 3639 1211">
     <span class='ocr_line' id='line_1_27' title="bbox 2065 1140 3639 1211; baseline -0.003 -12"><span class='ocrx_word' id='word_1_169' title='bbox 2065 1143 2282 1199; x_wconf 69' lang='lat' dir='ltr'><strong>laedant.</strong></span> <span class='ocrx_word' id='word_1_170' title='bbox 2313 1142 2453 1209; x_wconf 84' lang='lat' dir='ltr'><strong>Quin</strong></span> <span class='ocrx_word' id='word_1_171' title='bbox 2485 1150 2541 1195; x_wconf 91' lang='lat' dir='ltr'><strong>et</strong></span> <span class='ocrx_word' id='word_1_172' title='bbox 2571 1141 2778 1196; x_wconf 88' lang='lat' dir='ltr'><strong>Tribali</strong></span> <span class='ocrx_word' id='word_1_173' title='bbox 2807 1140 3157 1195; x_wconf 81' lang='lat' dir='ltr'><strong>deStinarunt</strong></span> <span class='ocrx_word' id='word_1_174' title='bbox 3188 1140 3414 1210; x_wconf 80' lang='lat' dir='ltr'><strong>legatos,</strong></span> <span class='ocrx_word' id='word_1_175' title='bbox 3444 1155 3639 1211; x_wconf 85' lang='lat' dir='ltr'><strong>rogan-</strong></span> 
     </span>
    </p>
   </div>
   <div class='ocr_carea' id='block_1_28' title="bbox 2062 1237 3636 1297">
    <p class='ocr_par' dir='ltr' id='par_1_28' title="bbox 2062 1237 3636 1297">
     <span class='ocr_line' id='line_1_28' title="bbox 2062 1237 3636 1297; baseline -0.004 -1"><span class='ocrx_word' id='word_1_176' title='bbox 2062 1252 2149 1296; x_wconf 81' lang='lat' dir='ltr'><strong>tes</strong></span> <span class='ocrx_word' id='word_1_177' title='bbox 2195 1248 2258 1294; x_wconf 91' lang='lat' dir='ltr'><strong>ut</strong></span> <span class='ocrx_word' id='word_1_178' title='bbox 2302 1238 2582 1294; x_wconf 90' lang='lat' dir='ltr'><strong>communi</strong></span> <span class='ocrx_word' id='word_1_179' title='bbox 2627 1238 2860 1297; x_wconf 82' lang='lat' dir='ltr'><strong>consitio</strong></span> <span class='ocrx_word' id='word_1_180' title='bbox 2919 1251 3240 1291; x_wconf 89' lang='lat' dir='ltr'><strong>communes</strong></span> <span class='ocrx_word' id='word_1_181' title='bbox 3275 1237 3460 1292; x_wconf 84' lang='lat' dir='ltr'><strong>hostes</strong></span> <span class='ocrx_word' id='word_1_182' title='bbox 3493 1237 3636 1292; x_wconf 87' lang='lat' dir='ltr'><strong>ulci-</strong></span> 
     </span>
    </p>
   </div>
   <div class='ocr_carea' id='block_1_29' title="bbox 2065 1328 3637 1399">
    <p class='ocr_par' dir='ltr' id='par_1_29' title="bbox 2065 1328 3637 1399">
     <span class='ocr_line' id='line_1_29' title="bbox 2065 1328 3637 1399; baseline -0.004 -10"><span class='ocrx_word' id='word_1_183' title='bbox 2065 1347 2313 1395; x_wconf 81' lang='lat' dir='ltr'><strong>scamur,</strong></span> <span class='ocrx_word' id='word_1_184' title='bbox 2366 1346 2428 1385; x_wconf 90' lang='lat' dir='ltr'><strong>ac</strong></span> <span class='ocrx_word' id='word_1_185' title='bbox 2456 1329 2768 1399; x_wconf 84' lang='lat' dir='ltr'><strong>nuptiarum</strong></span> <span class='ocrx_word' id='word_1_186' title='bbox 2819 1328 3135 1383; x_wconf 87' lang='lat' dir='ltr'><strong>societatem</strong></span> <span class='ocrx_word' id='word_1_187' title='bbox 3194 1329 3469 1390; x_wconf 87' lang='lat' dir='ltr'><strong>ineamus.</strong></span> <span class='ocrx_word' id='word_1_188' title='bbox 3520 1331 3637 1399; x_wconf 83' lang='lat' dir='ltr'><strong>pul-</strong></span> 
     </span>
    </p>
   </div>
   <div class='ocr_carea' id='block_1_30' title="bbox 2065 1419 3636 1490">
    <p class='ocr_par' dir='ltr' id='par_1_30' title="bbox 2065 1419 3636 1490">
     <span class='ocr_line' id='line_1_30' title="bbox 2065 1419 3636 1490; baseline -0.001 -16"><span class='ocrx_word' id='word_1_189' title='bbox 2065 1420 2402 1490; x_wconf 79' lang='lat' dir='ltr'><strong>licentesqne</strong></span> <span class='ocrx_word' id='word_1_190' title='bbox 2459 1419 3011 1489; x_wconf 79' lang='lat' dir='ltr'><strong>pecunias,-quibus</strong></span> <span class='ocrx_word' id='word_1_191' title='bbox 3072 1434 3171 1473; x_wconf 88' lang='lat' dir='ltr'><strong>nos</strong></span> <span class='ocrx_word' id='word_1_192' title='bbox 3222 1420 3518 1473; x_wconf 82' lang='lat' dir='ltr'><strong>excitatum</strong></span> <span class='ocrx_word' id='word_1_193' title='bbox 3568 1420 3636 1475; x_wconf 91' lang='lat' dir='ltr'><strong>iri</strong></span> 
     </span>
    </p>
   </div>
   <div class='ocr_carea' id='block_1_31' title="bbox 2066 1501 3636 1578">
    <p class='ocr_par' dir='ltr' id='par_1_31' title="bbox 2066 1501 3636 1578">
     <span class='ocr_line' id='line_1_31' title="bbox 2066 1501 3636 1578; baseline -0.001 -15"><span class='ocrx_word' id='word_1_194' title='bbox 2066 1501 2345 1578; x_wconf 78' lang='lat' dir='ltr'><strong>sperant:</strong></span> <span class='ocrx_word' id='word_1_195' title='bbox 2398 1525 2539 1578; x_wconf 89' lang='lat' dir='ltr'><strong>quos</strong></span> <span class='ocrx_word' id='word_1_196' title='bbox 2592 1510 2799 1562; x_wconf 83' lang='lat' dir='ltr'><strong>ﬁrmam</strong></span> <span class='ocrx_word' id='word_1_197' title='bbox 2853 1509 2976 1562; x_wconf 87' lang='lat' dir='ltr'><strong>belli</strong></span> <span class='ocrx_word' id='word_1_198' title='bbox 3033 1510 3349 1563; x_wconf 79' lang='lat' dir='ltr'><strong>societatem</strong></span> <span class='ocrx_word' id='word_1_199' title='bbox 3404 1509 3636 1563; x_wconf 83' lang='lat' dir='ltr'><strong>initurus</strong></span> 
     </span>
    </p>
   </div>
   <div class='ocr_carea' id='block_1_32' title="bbox 2067 1597 3634 1667">
    <p class='ocr_par' dir='ltr' id='par_1_32' title="bbox 2067 1597 3634 1667">
     <span class='ocr_line' id='line_1_32' title="bbox 2067 1597 3634 1667; baseline -0.004 -15"><span class='ocrx_word' id='word_1_200' title='bbox 2067 1599 2370 1667; x_wconf 82' lang='lat' dir='ltr'><strong>putandum</strong></span> <span class='ocrx_word' id='word_1_201' title='bbox 2405 1607 2511 1663; x_wconf 80' lang='lat' dir='ltr'><strong>est,</strong></span> <span class='ocrx_word' id='word_1_202' title='bbox 2558 1598 2703 1665; x_wconf 85' lang='lat' dir='ltr'><strong>quod</strong></span> <span class='ocrx_word' id='word_1_203' title='bbox 2739 1607 2796 1651; x_wconf 90' lang='lat' dir='ltr'><strong>et</strong></span> <span class='ocrx_word' id='word_1_204' title='bbox 2830 1597 2934 1667; x_wconf 86' lang='lat' dir='ltr'><strong>ipsi</strong></span> <span class='ocrx_word' id='word_1_205' title='bbox 2977 1598 3188 1666; x_wconf 76' lang='lat' dir='ltr'><strong>experti</strong></span> <span class='ocrx_word' id='word_1_206' title='bbox 3221 1597 3334 1651; x_wconf 72' lang='lat' dir='ltr'><strong>sint</strong></span> <span class='ocrx_word' id='word_1_207' title='bbox 3377 1598 3634 1651; x_wconf 78' lang='lat' dir='ltr'><strong>Barbaru-</strong></span> 
     </span>
    </p>
   </div>
   <div class='ocr_carea' id='block_1_33' title="bbox 2071 1691 3640 1762">
    <p class='ocr_par' dir='ltr' id='par_1_33' title="bbox 2071 1691 3640 1762">
     <span class='ocr_line' id='line_1_33' title="bbox 2071 1691 3640 1762; baseline 0 -19"><span class='ocrx_word' id='word_1_208' title='bbox 2071 1707 2187 1745; x_wconf 91' lang='lat' dir='ltr'><strong>rum</strong></span> <span class='ocrx_word' id='word_1_209' title='bbox 2220 1692 2517 1762; x_wconf 75' lang='lat' dir='ltr'><strong>injuri-am:</strong></span> <span class='ocrx_word' id='word_1_210' title='bbox 2554 1691 2698 1745; x_wconf 87' lang='lat' dir='ltr'><strong>haud</strong></span> <span class='ocrx_word' id='word_1_211' title='bbox 2736 1705 2866 1745; x_wconf 90' lang='lat' dir='ltr'><strong>vero</strong></span> <span class='ocrx_word' id='word_1_212' title='bbox 2902 1691 3042 1744; x_wconf 72' lang='lat' dir='ltr'><strong>dicat</strong></span> <span class='ocrx_word' id='word_1_213' title='bbox 3073 1691 3271 1760; x_wconf 88' lang='lat' dir='ltr'><strong>aliquis</strong></span> <span class='ocrx_word' id='word_1_214' title='bbox 3311 1706 3378 1745; x_wconf 87' lang='lat' dir='ltr'><strong>eo</strong></span> <span class='ocrx_word' id='word_1_215' title='bbox 3416 1691 3542 1752; x_wconf 87' lang='lat' dir='ltr'><strong>line,</strong></span> <span class='ocrx_word' id='word_1_216' title='bbox 3583 1698 3640 1743; x_wconf 90' lang='lat' dir='ltr'><strong>ut</strong></span> 
     </span>
    </p>
   </div>
   <div class='ocr_carea' id='block_1_34' title="bbox 388 1779 1989 1860">
    <p class='ocr_par' dir='ltr' id='par_1_34' title="bbox 388 1783 1960 1855">
     <span class='ocr_line' id='line_1_34' title="bbox 388 1783 1960 1855; baseline -0.001 -15"><span class='ocrx_word' id='word_1_217' title='bbox 388 1802 495 1850; x_wconf 85' lang='grc' dir='ltr'>τις,</span> <span class='ocrx_word' id='word_1_218' title='bbox 529 1787 626 1839; x_wconf 79' lang='grc' dir='ltr'><strong>καὶ</strong></span> <span class='ocrx_word' id='word_1_219' title='bbox 653 1786 809 1850; x_wconf 75' lang='grc' dir='ltr'>ἄλλα,</span> <span class='ocrx_word' id='word_1_220' title='bbox 838 1787 876 1840; x_wconf 78' lang='grc' dir='ltr'><strong>ἀ</strong></span> <span class='ocrx_word' id='word_1_221' title='bbox 906 1785 999 1839; x_wconf 86' lang='grc' dir='ltr'>νῦν</span> <span class='ocrx_word' id='word_1_222' title='bbox 1034 1785 1133 1855; x_wconf 74' lang='grc' dir='ltr'><strong>μὲν</strong></span> <span class='ocrx_word' id='word_1_223' title='bbox 1161 1784 1397 1854; x_wconf 83' lang='grc' dir='ltr'>χαλεπὸν</span> <span class='ocrx_word' id='word_1_224' title='bbox 1419 1784 1732 1839; x_wconf 82' lang='grc' dir='ltr'>καθέκαστα</span> <span class='ocrx_word' id='word_1_225' title='bbox 1758 1783 1960 1853; x_wconf 80' lang='grc' dir='ltr'>λέγειν·</span> 
     </span>
    </p>
   </div>
   <div class='ocr_carea' id='block_1_35' title="bbox 2077 1779 3642 1860">
    <p class='ocr_par' dir='ltr' id='par_1_35' title="bbox 2077 1782 3642 1860">
     <span class='ocr_line' id='line_1_35' title="bbox 2077 1782 3642 1860; baseline 0 -23"><span class='ocrx_word' id='word_1_226' title='bbox 2077 1791 2282 1838; x_wconf 85' lang='lat' dir='ltr'><strong>nostras</strong></span> <span class='ocrx_word' id='word_1_227' title='bbox 2332 1782 2560 1852; x_wconf 86' lang='lat' dir='ltr'><strong>injurias</strong></span> <span class='ocrx_word' id='word_1_228' title='bbox 2608 1783 2972 1841; x_wconf 88' lang='lat' dir='ltr'><strong>ulciscantur.</strong></span> <span class='ocrx_word' id='word_1_229' title='bbox 3022 1782 3267 1851; x_wconf 86' lang='lat' dir='ltr'><strong>aliaque,</strong></span> <span class='ocrx_word' id='word_1_230' title='bbox 3319 1797 3444 1860; x_wconf 67' lang='lat' dir='ltr'><strong>qum</strong></span> <span class='ocrx_word' id='word_1_231' title='bbox 3495 1797 3642 1837; x_wconf 86' lang='lat' dir='ltr'><strong>nunc</strong></span> 
     </span>
    </p>
   </div>
   <div class='ocr_carea' id='block_1_36' title="bbox 391 1875 1960 1945">
    <p class='ocr_par' dir='ltr' id='par_1_36' title="bbox 391 1875 1960 1945">
     <span class='ocr_line' id='line_1_36' title="bbox 391 1875 1960 1945; baseline -0.001 -13"><span class='ocrx_word' id='word_1_232' title='bbox 391 1877 551 1939; x_wconf 79' lang='grc' dir='ltr'>αὐτὸς</span> <span class='ocrx_word' id='word_1_233' title='bbox 581 1876 626 1930; x_wconf 75' lang='grc' dir='ltr'>δ’</span> <span class='ocrx_word' id='word_1_234' title='bbox 653 1878 682 1930; x_wconf 93' lang='grc' dir='ltr'><strong>ό</strong></span> <span class='ocrx_word' id='word_1_235' title='bbox 711 1876 945 1945; x_wconf 87' lang='grc' dir='ltr'>πόλεμος</span> <span class='ocrx_word' id='word_1_236' title='bbox 978 1877 1299 1945; x_wconf 86' lang='grc' dir='ltr'>κινούμενος</span> <span class='ocrx_word' id='word_1_237' title='bbox 1340 1875 1528 1945; x_wconf 90' lang='grc' dir='ltr'>σαφῶς</span> <span class='ocrx_word' id='word_1_238' title='bbox 1559 1876 1741 1930; x_wconf 86' lang='grc' dir='ltr'>πάντα</span> <span class='ocrx_word' id='word_1_239' title='bbox 1771 1876 1960 1941; x_wconf 73' lang='grc' dir='ltr'>δείξει.</span> 
     </span>
    </p>
   </div>
   <div class='ocr_carea' id='block_1_37' title="bbox 392 1968 1965 2038">
    <p class='ocr_par' dir='ltr' id='par_1_37' title="bbox 392 1968 1965 2038">
     <span class='ocr_line' id='line_1_37' title="bbox 392 1968 1965 2038; baseline 0.001 -16"><span class='ocrx_word' id='word_1_240' title='bbox 392 1969 467 2022; x_wconf 86' lang='grc' dir='ltr'>Ού</span> <span class='ocrx_word' id='word_1_241' title='bbox 534 1968 601 2038; x_wconf 82' lang='grc' dir='ltr'>δὴ</span> <span class='ocrx_word' id='word_1_242' title='bbox 657 1968 866 2023; x_wconf 85' lang='grc' dir='ltr'>δίκαιον</span> <span class='ocrx_word' id='word_1_243' title='bbox 927 1968 1175 2022; x_wconf 82' lang='grc' dir='ltr'>τοιοῦτον</span> <span class='ocrx_word' id='word_1_244' title='bbox 1228 1968 1722 2038; x_wconf 83' lang='grc' dir='ltr'>παραπεπτωκότα</span> <span class='ocrx_word' id='word_1_245' title='bbox 1771 1969 1965 2038; x_wconf 76' lang='grc' dir='ltr'>καιρὸν</span> 
     </span>
    </p>
   </div>
   <div class='ocr_carea' id='block_1_38' title="bbox 394 2057 1968 2130">
    <p class='ocr_par' dir='ltr' id='par_1_38' title="bbox 394 2057 1968 2130">
     <span class='ocr_line' id='line_1_38' title="bbox 394 2057 1968 2130; baseline 0 -16"><span class='ocrx_word' id='word_1_246' title='bbox 394 2061 647 2128; x_wconf 71' lang='grc' dir='ltr'>ἀφεῖναι*</span> <span class='ocrx_word' id='word_1_247' title='bbox 692 2058 817 2112; x_wconf 74' lang='grc' dir='ltr'>ἀλλ’</span> <span class='ocrx_word' id='word_1_248' title='bbox 871 2058 995 2112; x_wconf 65' lang='grc' dir='ltr'>ἐπεὶ</span> <span class='ocrx_word' id='word_1_249' title='bbox 1052 2059 1189 2129; x_wconf 76' lang='grc' dir='ltr'>μηδὲ</span> <span class='ocrx_word' id='word_1_250' title='bbox 1253 2057 1614 2129; x_wconf 76' lang='grc' dir='ltr'>βουλομένους</span> <span class='ocrx_word' id='word_1_251' title='bbox 1670 2060 1968 2130; x_wconf 76' lang='grc' dir='ltr'>ἡσυχάζειν</span> 
     </span>
    </p>
   </div>
   <div class='ocr_carea' id='block_1_39' title="bbox 396 2138 1966 2223">
    <p class='ocr_par' dir='ltr' id='par_1_39' title="bbox 396 2138 1966 2223">
     <span class='ocr_line' id='line_1_39' title="bbox 396 2138 1966 2223; baseline -0.001 -18"><span class='ocrx_word' id='word_1_252' title='bbox 396 2151 772 2223; x_wconf 81' lang='grc' dir='ltr'>συγχωροῦσιν</span> <span class='ocrx_word' id='word_1_253' title='bbox 804 2151 854 2204; x_wconf 83' lang='grc' dir='ltr'>οἱ</span> <span class='ocrx_word' id='word_1_254' title='bbox 888 2138 1185 2222; x_wconf 87' lang='grc' dir='ltr'>βάρϐαροι,</span> <span class='ocrx_word' id='word_1_255' title='bbox 1217 2151 1332 2203; x_wconf 81' lang='grc' dir='ltr'>ἀλλ’</span> <span class='ocrx_word' id='word_1_256' title='bbox 1374 2151 1586 2220; x_wconf 75' lang='grc' dir='ltr'>ἀνάγκη</span> <span class='ocrx_word' id='word_1_257' title='bbox 1621 2150 1966 2218; x_wconf 78' lang='grc' dir='ltr'>καθημένους</span> 
     </span>
    </p>
   </div>
   <div class='ocr_carea' id='block_1_40' title="bbox 391 2241 1968 2313">
    <p class='ocr_par' dir='ltr' id='par_1_40' title="bbox 391 2241 1968 2313">
     <span class='ocr_line' id='line_1_40' title="bbox 391 2241 1968 2313; baseline -0.004 -16"><span class='ocrx_word' id='word_1_258' title='bbox 391 2245 493 2313; x_wconf 81' lang='grc' dir='ltr'>τῆς</span> <span class='ocrx_word' id='word_1_259' title='bbox 510 2244 619 2298; x_wconf 88' lang='grc' dir='ltr'><strong>τῶν</strong></span> <span class='ocrx_word' id='word_1_260' title='bbox 646 2242 998 2313; x_wconf 74' lang='grc' dir='ltr'>ἀνδραπόδων</span> <span class='ocrx_word' id='word_1_261' title='bbox 1028 2241 1200 2312; x_wconf 83' lang='grc' dir='ltr'>τύχης</span> <span class='ocrx_word' id='word_1_262' title='bbox 1233 2242 1660 2312; x_wconf 71' lang='grc' dir='ltr'>κληρονομῆσαιο</span> <span class='ocrx_word' id='word_1_263' title='bbox 1702 2244 1968 2311; x_wconf 80' lang='grc' dir='ltr'>χρηστέον</span> 
     </span>
    </p>
   </div>
   <div class='ocr_carea' id='block_1_41' title="bbox 391 2331 1968 2405">
    <p class='ocr_par' dir='ltr' id='par_1_41' title="bbox 391 2331 1968 2405">
     <span class='ocr_line' id='line_1_41' title="bbox 391 2331 1968 2405; baseline -0.003 -16"><span class='ocrx_word' id='word_1_264' title='bbox 391 2338 504 2398; x_wconf 74' lang='grc' dir='ltr'>τοῖς</span> <span class='ocrx_word' id='word_1_265' title='bbox 537 2336 772 2405; x_wconf 88' lang='grc' dir='ltr'>καιροῖς,</span> <span class='ocrx_word' id='word_1_266' title='bbox 814 2335 911 2388; x_wconf 73' lang='grc' dir='ltr'><strong>καὶ</strong></span> <span class='ocrx_word' id='word_1_267' title='bbox 967 2332 1354 2404; x_wconf 81' lang='grc' dir='ltr'>προθυμητέον</span> <span class='ocrx_word' id='word_1_268' title='bbox 1397 2332 1429 2402; x_wconf 80' lang='grc' dir='ltr'><strong>ἢ</strong></span> <span class='ocrx_word' id='word_1_269' title='bbox 1480 2331 1574 2385; x_wconf 69' lang='grc' dir='ltr'><strong>καὶ</strong></span> <span class='ocrx_word' id='word_1_270' title='bbox 1602 2332 1701 2403; x_wconf 73' lang='grc' dir='ltr'>τὴν</span> <span class='ocrx_word' id='word_1_271' title='bbox 1734 2333 1968 2401; x_wconf 61' lang='grc' dir='ltr'>πατρίδα</span> 
     </span>
    </p>
   </div>
   <div class='ocr_carea' id='block_1_42' title="bbox 395 2425 1970 2497">
    <p class='ocr_par' dir='ltr' id='par_1_42' title="bbox 395 2425 1970 2497">
     <span class='ocr_line' id='line_1_42' title="bbox 395 2425 1970 2497; baseline -0.002 -14"><span class='ocrx_word' id='word_1_272' title='bbox 395 2428 489 2483; x_wconf 68' lang='grc' dir='ltr'><strong>καὶ</strong></span> <span class='ocrx_word' id='word_1_273' title='bbox 517 2428 645 2489; x_wconf 74' lang='grc' dir='ltr'>τοὺς</span> <span class='ocrx_word' id='word_1_274' title='bbox 669 2425 980 2497; x_wconf 80' lang='grc' dir='ltr'>ὁμοφύλους</span> <span class='ocrx_word' id='word_1_275' title='bbox 1011 2425 1360 2496; x_wconf 66' lang='grc' dir='ltr'>ἐλευθεροῦν,</span> <span class='ocrx_word' id='word_1_276' title='bbox 1393 2425 1427 2490; x_wconf 82' lang='grc' dir='ltr'>ἢ</span> <span class='ocrx_word' id='word_1_277' title='bbox 1458 2427 1708 2492; x_wconf 87' lang='grc' dir='ltr'>γενναῖον</span> <span class='ocrx_word' id='word_1_278' title='bbox 1758 2428 1888 2492; x_wconf 74' lang='grc' dir='ltr'>γοῦν</span> <span class='ocrx_word' id='word_1_279' title='bbox 1917 2444 1970 2480; x_wconf 90' lang='grc' dir='ltr'><strong>τι</strong></span> 
     </span>
    </p>
   </div>
   <div class='ocr_carea' id='block_1_43' title="bbox 395 2516 1975 2588">
    <p class='ocr_par' dir='ltr' id='par_1_43' title="bbox 395 2516 1975 2588">
     <span class='ocr_line' id='line_1_43' title="bbox 395 2516 1975 2588; baseline -0.003 -15"><span class='ocrx_word' id='word_1_280' title='bbox 395 2519 490 2573; x_wconf 77' lang='grc' dir='ltr'>καὶ</span> <span class='ocrx_word' id='word_1_281' title='bbox 510 2518 674 2574; x_wconf 75' lang='grc' dir='ltr'>καλὸν</span> <span class='ocrx_word' id='word_1_282' title='bbox 711 2517 1049 2587; x_wconf 80' lang='grc' dir='ltr'>πράξαντας,</span> <span class='ocrx_word' id='word_1_283' title='bbox 1092 2519 1359 2588; x_wconf 81' lang='grc' dir='ltr'>μνημεῖον</span> <span class='ocrx_word' id='word_1_284' title='bbox 1399 2516 1600 2587; x_wconf 83' lang='grc' dir='ltr'>ἀρετῆς</span> <span class='ocrx_word' id='word_1_285' title='bbox 1628 2518 1740 2579; x_wconf 88' lang='grc' dir='ltr'>τοῖς</span> <span class='ocrx_word' id='word_1_286' title='bbox 1779 2517 1975 2586; x_wconf 78' lang='grc' dir='ltr'>ὲσομὲ-</span> 
     </span>
    </p>
   </div>
   <div class='ocr_carea' id='block_1_44' title="bbox 397 2608 1971 2679">
    <p class='ocr_par' dir='ltr' id='par_1_44' title="bbox 397 2608 1971 2679">
     <span class='ocr_line' id='line_1_44' title="bbox 397 2608 1971 2679; baseline -0.001 -16"><span class='ocrx_word' id='word_1_287' title='bbox 397 2627 509 2672; x_wconf 86' lang='grc' dir='ltr'>νοις</span> <span class='ocrx_word' id='word_1_288' title='bbox 537 2609 878 2665; x_wconf 84' lang='grc' dir='ltr'>καταλιπεῖν.</span> <span class='ocrx_word' id='word_1_289' title='bbox 907 2609 969 2663; x_wconf 79' lang='lat' dir='ltr'><strong>Ei</strong></span> <span class='ocrx_word' id='word_1_290' title='bbox 996 2609 1045 2663; x_wconf 81' lang='grc' dir='ltr'>δ’</span> <span class='ocrx_word' id='word_1_291' title='bbox 1076 2608 1330 2679; x_wconf 76' lang='grc' dir='ltr'>οἰόμεθα,</span> <span class='ocrx_word' id='word_1_292' title='bbox 1363 2609 1663 2678; x_wconf 78' lang='grc' dir='ltr'>προδόντας</span> <span class='ocrx_word' id='word_1_293' title='bbox 1697 2608 1796 2678; x_wconf 76' lang='grc' dir='ltr'>τὴν</span> <span class='ocrx_word' id='word_1_294' title='bbox 1823 2609 1971 2662; x_wconf 84' lang='grc' dir='ltr'>Καλ-</span> 
     </span>
    </p>
   </div>
   <div class='ocr_carea' id='block_1_45' title="bbox 397 2697 1972 2772">
    <p class='ocr_par' dir='ltr' id='par_1_45' title="bbox 397 2697 1972 2772">
     <span class='ocr_line' id='line_1_45' title="bbox 397 2697 1972 2772; baseline 0 -19"><span class='ocrx_word' id='word_1_295' title='bbox 397 2700 630 2766; x_wconf 86' lang='grc' dir='ltr'>λίπολιν,</span> <span class='ocrx_word' id='word_1_296' title='bbox 665 2701 907 2772; x_wconf 77' lang='grc' dir='ltr'>οἰκήσειν</span> <span class='ocrx_word' id='word_1_297' title='bbox 933 2698 1192 2770; x_wconf 76' lang='grc' dir='ltr'>ἀσφαλῶς</span> <span class='ocrx_word' id='word_1_298' title='bbox 1225 2698 1323 2769; x_wconf 82' lang='grc' dir='ltr'>τὴν</span> <span class='ocrx_word' id='word_1_299' title='bbox 1356 2699 1616 2768; x_wconf 66' lang='grc' dir='ltr'>πατρίδα,</span> <span class='ocrx_word' id='word_1_300' title='bbox 1649 2698 1864 2753; x_wconf 79' lang='grc' dir='ltr'>δέδοικα</span> <span class='ocrx_word' id='word_1_301' title='bbox 1897 2697 1972 2770; x_wconf 83' lang='grc' dir='ltr'><strong>μὴ</strong></span> 
     </span>
    </p>
   </div>
   <div class='ocr_carea' id='block_1_46' title="bbox 400 2790 1970 2871">
    <p class='ocr_par' dir='ltr' id='par_1_46' title="bbox 400 2790 1970 2871">
     <span class='ocr_line' id='line_1_46' title="bbox 400 2790 1970 2871; baseline -0.001 -25"><span class='ocrx_word' id='word_1_302' title='bbox 400 2793 496 2846; x_wconf 75' lang='grc' dir='ltr'>καὶ</span> <span class='ocrx_word' id='word_1_303' title='bbox 519 2792 726 2862; x_wconf 83' lang='grc' dir='ltr'>ταύτης</span> <span class='ocrx_word' id='word_1_304' title='bbox 767 2793 909 2863; x_wconf 84' lang='grc' dir='ltr'><strong>μετά</strong></span> <span class='ocrx_word' id='word_1_305' title='bbox 945 2792 1143 2863; x_wconf 84' lang='grc' dir='ltr'>μικρὸν</span> <span class='ocrx_word' id='word_1_306' title='bbox 1171 2791 1521 2854; x_wconf 83' lang='grc' dir='ltr'>ἐκπεσόντες,</span> <span class='ocrx_word' id='word_1_307' title='bbox 1566 2790 1678 2844; x_wconf 79' lang='grc' dir='ltr'>οὐδ’</span> <span class='ocrx_word' id='word_1_308' title='bbox 1705 2791 1781 2871; x_wconf 68' lang='grc' dir='ltr'>ἢν</span> <span class='ocrx_word' id='word_1_309' title='bbox 1813 2795 1970 2862; x_wconf 80' lang='grc' dir='ltr'>οἰκή-</span> 
     </span>
    </p>
   </div>
   <div class='ocr_carea' id='block_1_47' title="bbox 400 2881 1975 2956">
    <p class='ocr_par' dir='ltr' id='par_1_47' title="bbox 400 2881 1975 2956">
     <span class='ocr_line' id='line_1_47' title="bbox 400 2881 1975 2956; baseline -0.001 -17"><span class='ocrx_word' id='word_1_310' title='bbox 400 2902 568 2956; x_wconf 87' lang='grc' dir='ltr'>σομεν</span> <span class='ocrx_word' id='word_1_311' title='bbox 601 2883 854 2956; x_wconf 80' lang='grc' dir='ltr'>εὕρωμεν</span> <span class='ocrx_word' id='word_1_312' title='bbox 891 2883 988 2938; x_wconf 83' lang='grc' dir='ltr'>τοῦ</span> <span class='ocrx_word' id='word_1_313' title='bbox 1021 2883 1234 2940; x_wconf 86' lang='grc' dir='ltr'>λοιποῦ.</span> <span class='ocrx_word' id='word_1_314' title='bbox 1282 2882 1380 2947; x_wconf 86' lang='grc' dir='ltr'>Τίς</span> <span class='ocrx_word' id='word_1_315' title='bbox 1416 2884 1525 2954; x_wconf 87' lang='grc' dir='ltr'>γὰρ</span> <span class='ocrx_word' id='word_1_316' title='bbox 1573 2881 1639 2937; x_wconf 83' lang='grc' dir='ltr'><strong>ἂν</strong></span> <span class='ocrx_word' id='word_1_317' title='bbox 1689 2884 1814 2948; x_wconf 80' lang='grc' dir='ltr'>τοὺς</span> <span class='ocrx_word' id='word_1_318' title='bbox 1863 2884 1975 2938; x_wconf 87' lang='grc' dir='ltr'><strong>τῶν</strong></span> 
     </span>
    </p>
   </div>
   <div class='ocr_carea' id='block_1_48' title="bbox 397 2975 1973 3049">
    <p class='ocr_par' dir='ltr' id='par_1_48' title="bbox 397 2975 1973 3049">
     <span class='ocr_line' id='line_1_48' title="bbox 397 2975 1973 3049; baseline -0.001 -17"><span class='ocrx_word' id='word_1_319' title='bbox 397 2980 615 3032; x_wconf 71' lang='grc' dir='ltr'>οἰκείων</span> <span class='ocrx_word' id='word_1_320' title='bbox 642 2978 909 3049; x_wconf 85' lang='grc' dir='ltr'>προδότας</span> <span class='ocrx_word' id='word_1_321' title='bbox 931 2975 1188 3048; x_wconf 75' lang='grc' dir='ltr'>ἐπιϐῆναι</span> <span class='ocrx_word' id='word_1_322' title='bbox 1212 2976 1311 3047; x_wconf 86' lang='grc' dir='ltr'>τῆς</span> <span class='ocrx_word' id='word_1_323' title='bbox 1335 2975 1531 3030; x_wconf 75' lang='grc' dir='ltr'>ἑαυτοῦ</span> <span class='ocrx_word' id='word_1_324' title='bbox 1548 2978 1927 3049; x_wconf 82' lang='grc' dir='ltr'>συγχωρήσειε</span> <span class='ocrx_word' id='word_1_325' title='bbox 1955 2991 1973 3043; x_wconf 84' lang='grc'><strong>;</strong></span> 
     </span>
    </p>
   </div>
   <div class='ocr_carea' id='block_1_49' title="bbox 398 3067 2047 3165">
    <p class='ocr_par' dir='ltr' id='par_1_49' title="bbox 398 3067 2047 3165">
     <span class='ocr_line' id='line_1_49' title="bbox 398 3067 2047 3165; baseline -0.003 -41"><span class='ocrx_word' id='word_1_326' title='bbox 398 3071 494 3134; x_wconf 87' lang='grc' dir='ltr'><strong>Τίς</strong></span> <span class='ocrx_word' id='word_1_327' title='bbox 524 3070 583 3124; x_wconf 73' lang='grc' dir='ltr'>δὲ</span> <span class='ocrx_word' id='word_1_328' title='bbox 613 3070 740 3132; x_wconf 75' lang='grc' dir='ltr'>τοὺς</span> <span class='ocrx_word' id='word_1_329' title='bbox 769 3067 866 3122; x_wconf 82' lang='grc' dir='ltr'><strong>τού</strong></span> <span class='ocrx_word' id='word_1_330' title='bbox 898 3067 1145 3155; x_wconf 75' lang='grc' dir='ltr'>τοιούτου</span> <span class='ocrx_word' id='word_1_331' title='bbox 1181 3067 1387 3139; x_wconf 84' lang='grc' dir='ltr'>μύσους</span> <span class='ocrx_word' id='word_1_332' title='bbox 1420 3068 1801 3157; x_wconf 70' lang='grc' dir='ltr'>σκυτόχειρας,</span> <span class='ocrx_word' id='word_1_333' title='bbox 1835 3068 1974 3137; x_wconf 88' lang='grc' dir='ltr'>πρός</span> <span class='ocrx_word' id='word_1_334' title='bbox 2002 3106 2047 3165; x_wconf 75' lang='lat' dir='ltr'><strong>c</strong></span> 
     </span>
    </p>
   </div>
   <div class='ocr_carea' id='block_1_50' title="bbox 398 3146 1976 3232">
    <p class='ocr_par' dir='ltr' id='par_1_50' title="bbox 398 3146 1976 3232">
     <span class='ocr_line' id='line_1_50' title="bbox 398 3146 1976 3232; baseline -0.002 -17"><span class='ocrx_word' id='word_1_335' title='bbox 398 3179 527 3216; x_wconf 80' lang='grc' dir='ltr'>τινα</span> <span class='ocrx_word' id='word_1_336' title='bbox 554 3160 663 3216; x_wconf 92' lang='grc' dir='ltr'><strong>τῶν</strong></span> <span class='ocrx_word' id='word_1_337' title='bbox 714 3159 934 3231; x_wconf 87' lang='grc' dir='ltr'>σεμνῶν</span> <span class='ocrx_word' id='word_1_338' title='bbox 966 3150 1241 3232; x_wconf 73' lang='grc' dir='ltr'>πράξεων</span> <span class='ocrx_word' id='word_1_339' title='bbox 1288 3146 1632 3228; x_wconf 68' lang='grc' dir='ltr'>ἐπιτηδείους</span> <span class='ocrx_word' id='word_1_340' title='bbox 1662 3158 1932 3228; x_wconf 79' lang='grc' dir='ltr'>ἡγήσεται</span> <span class='ocrx_word' id='word_1_341' title='bbox 1959 3175 1976 3223; x_wconf 88' lang='grc'>;</span> 
     </span>
    </p>
   </div>
   <div class='ocr_carea' id='block_1_51' title="bbox 411 3240 1979 3317">
    <p class='ocr_par' dir='ltr' id='par_1_51' title="bbox 411 3240 1979 3317">
     <span class='ocr_line' id='line_1_51' title="bbox 411 3240 1979 3317; baseline -0.001 -19"><span class='ocrx_word' id='word_1_342' title='bbox 411 3244 559 3298; x_wconf 81' lang='grc' dir='ltr'>Ἀλλ’</span> <span class='ocrx_word' id='word_1_343' title='bbox 584 3245 847 3317; x_wconf 83' lang='grc' dir='ltr'>ὅσοισπερ</span> <span class='ocrx_word' id='word_1_344' title='bbox 881 3243 949 3299; x_wconf 86' lang='grc' dir='ltr'><strong>ἂν</strong></span> <span class='ocrx_word' id='word_1_345' title='bbox 976 3245 1135 3315; x_wconf 77' lang='grc' dir='ltr'>ἡμῶν</span> <span class='ocrx_word' id='word_1_346' title='bbox 1164 3243 1391 3313; x_wconf 81' lang='grc' dir='ltr'>γένηται</span> <span class='ocrx_word' id='word_1_347' title='bbox 1414 3244 1515 3304; x_wconf 87' lang='grc' dir='ltr'>τὰς</span> <span class='ocrx_word' id='word_1_348' title='bbox 1541 3240 1651 3294; x_wconf 88' lang='grc' dir='ltr'><strong>τῶν</strong></span> <span class='ocrx_word' id='word_1_349' title='bbox 1684 3240 1979 3311; x_wconf 83' lang='grc' dir='ltr'>βαρϐάρων</span> 
     </span>
    </p>
   </div>
   <div class='ocr_carea' id='block_1_52' title="bbox 400 3333 1980 3407">
    <p class='ocr_par' dir='ltr' id='par_1_52' title="bbox 400 3333 1980 3407">
     <span class='ocr_line' id='line_1_52' title="bbox 400 3333 1980 3407; baseline -0.002 -18"><span class='ocrx_word' id='word_1_350' title='bbox 400 3337 590 3407; x_wconf 88' lang='grc' dir='ltr'>χεῖρας</span> <span class='ocrx_word' id='word_1_351' title='bbox 638 3335 964 3404; x_wconf 79' lang='grc' dir='ltr'>διαφυγεῖν,</span> <span class='ocrx_word' id='word_1_352' title='bbox 1017 3333 1410 3406; x_wconf 86' lang='grc' dir='ltr'>πλανησόμεθα</span> <span class='ocrx_word' id='word_1_353' title='bbox 1468 3333 1569 3405; x_wconf 85' lang='grc' dir='ltr'><strong>μὲν</strong></span> <span class='ocrx_word' id='word_1_354' title='bbox 1620 3333 1980 3395; x_wconf 81' lang='grc' dir='ltr'>λανθάνοντες</span> 
     </span>
    </p>
   </div>
   <div class='ocr_carea' id='block_1_53' title="bbox 402 3412 1982 3499">
    <p class='ocr_par' dir='ltr' id='par_1_53' title="bbox 402 3412 1982 3499">
     <span class='ocr_line' id='line_1_53' title="bbox 402 3412 1982 3499; baseline -0.001 -18"><span class='ocrx_word' id='word_1_355' title='bbox 402 3428 535 3499; x_wconf 72' lang='grc' dir='ltr'>περὶ</span> <span class='ocrx_word' id='word_1_356' title='bbox 560 3427 660 3492; x_wconf 81' lang='grc' dir='ltr'><strong>τὰς</strong></span> <span class='ocrx_word' id='word_1_357' title='bbox 689 3412 1017 3492; x_wconf 79' lang='grc' dir='ltr'>ἀλλοδαπὰς-⁸</span> <span class='ocrx_word' id='word_1_358' title='bbox 1057 3427 1159 3482; x_wconf 77' lang='lat' dir='ltr'><strong>xiv</strong></span> <span class='ocrx_word' id='word_1_359' title='bbox 1198 3444 1302 3480; x_wconf 86' lang='grc' dir='ltr'><strong>που</strong></span> <span class='ocrx_word' id='word_1_360' title='bbox 1338 3427 1627 3498; x_wconf 85' lang='grc' dir='ltr'>φανῶμεν,</span> <span class='ocrx_word' id='word_1_361' title='bbox 1655 3427 1790 3498; x_wconf 77' lang='grc' dir='ltr'>ἀραὶ</span> <span class='ocrx_word' id='word_1_362' title='bbox 1827 3424 1982 3496; x_wconf 87' lang='grc' dir='ltr'><strong>παρά</strong></span> 
     </span>
    </p>
   </div>
   <div class='ocr_carea' id='block_1_54' title="bbox 402 3517 1979 3591">
    <p class='ocr_par' dir='ltr' id='par_1_54' title="bbox 402 3517 1979 3591">
     <span class='ocr_line' id='line_1_54' title="bbox 402 3517 1979 3591; baseline -0.002 -18"><span class='ocrx_word' id='word_1_363' title='bbox 402 3521 620 3574; x_wconf 77' lang='grc' dir='ltr'>πάντων</span> <span class='ocrx_word' id='word_1_364' title='bbox 652 3522 786 3591; x_wconf 86' lang='grc' dir='ltr'>ήμῖν</span> <span class='ocrx_word' id='word_1_365' title='bbox 825 3519 1047 3590; x_wconf 73' lang='grc' dir='ltr'>ἕψονται</span> <span class='ocrx_word' id='word_1_366' title='bbox 1092 3520 1191 3572; x_wconf 73' lang='grc' dir='ltr'><strong>καὶ</strong></span> <span class='ocrx_word' id='word_1_367' title='bbox 1241 3517 1572 3591; x_wconf 78' lang='grc' dir='ltr'>κατηγορίαι</span> <span class='ocrx_word' id='word_1_368' title='bbox 1638 3519 1734 3571; x_wconf 71' lang='grc' dir='ltr'><strong>καὶ</strong></span> <span class='ocrx_word' id='word_1_369' title='bbox 1780 3518 1979 3587; x_wconf 82' lang='grc' dir='ltr'>γέλως.</span> 
     </span>
    </p>
   </div>
   <div class='ocr_carea' id='block_1_55' title="bbox 402 3608 1979 3683">
    <p class='ocr_par' dir='ltr' id='par_1_55' title="bbox 402 3608 1979 3683">
     <span class='ocr_line' id='line_1_55' title="bbox 402 3608 1979 3683; baseline 0 -18"><span class='ocrx_word' id='word_1_370' title='bbox 402 3612 640 3675; x_wconf 85' lang='grc' dir='ltr'>Τούτους</span> <span class='ocrx_word' id='word_1_371' title='bbox 664 3612 721 3666; x_wconf 81' lang='grc' dir='ltr'>δὲ</span> <span class='ocrx_word' id='word_1_372' title='bbox 771 3611 909 3682; x_wconf 80' lang='grc' dir='ltr'>χρῆν</span> <span class='ocrx_word' id='word_1_373' title='bbox 950 3611 1225 3683; x_wconf 79' lang='grc' dir='ltr'>ὀρᾶσθαι;</span> <span class='ocrx_word' id='word_1_374' title='bbox 1284 3611 1535 3682; x_wconf 82' lang='grc' dir='ltr'>μετέχειν</span> <span class='ocrx_word' id='word_1_375' title='bbox 1582 3611 1640 3664; x_wconf 82' lang='grc' dir='ltr'>δὲ</span> <span class='ocrx_word' id='word_1_376' title='bbox 1680 3608 1979 3677; x_wconf 85' lang='grc' dir='ltr'>συλλόγου;</span> 
     </span>
    </p>
   </div>
   <div class='ocr_carea' id='block_1_56' title="bbox 403 3701 1979 3772">
    <p class='ocr_par' dir='ltr' id='par_1_56' title="bbox 403 3701 1979 3772">
     <span class='ocr_line' id='line_1_56' title="bbox 403 3701 1979 3772; baseline -0.003 -13"><span class='ocrx_word' id='word_1_377' title='bbox 403 3706 665 3759; x_wconf 82' lang='grc' dir='ltr'>ἀναπνεῖν</span> <span class='ocrx_word' id='word_1_378' title='bbox 690 3703 747 3756; x_wconf 73' lang='grc' dir='ltr'>δὲ</span> <span class='ocrx_word' id='word_1_379' title='bbox 794 3703 974 3769; x_wconf 83' lang='grc' dir='ltr'>ὃλως;</span> <span class='ocrx_word' id='word_1_380' title='bbox 1023 3703 1073 3756; x_wconf 77' lang='lat' dir='ltr'><strong>ot</strong></span> <span class='ocrx_word' id='word_1_381' title='bbox 1105 3702 1366 3772; x_wconf 88' lang='grc' dir='ltr'>τοιαύτην</span> <span class='ocrx_word' id='word_1_382' title='bbox 1410 3702 1511 3769; x_wconf 83' lang='grc' dir='ltr'>μὲν</span> <span class='ocrx_word' id='word_1_383' title='bbox 1552 3701 1772 3771; x_wconf 79' lang='grc' dir='ltr'>ἔχοντες</span> <span class='ocrx_word' id='word_1_384' title='bbox 1802 3702 1979 3765; x_wconf 88' lang='grc' dir='ltr'>πόλιν,</span> 
     </span>
    </p>
   </div>
   <div class='ocr_carea' id='block_1_57' title="bbox 404 3794 1984 3866">
    <p class='ocr_par' dir='ltr' id='par_1_57' title="bbox 404 3794 1984 3866">
     <span class='ocr_line' id='line_1_57' title="bbox 404 3794 1984 3866; baseline -0.002 -16"><span class='ocrx_word' id='word_1_385' title='bbox 404 3795 641 3850; x_wconf 80' lang='grc' dir='ltr'>τοσαῦτα</span> <span class='ocrx_word' id='word_1_386' title='bbox 666 3794 725 3850; x_wconf 77' lang='grc' dir='ltr'>δὲ</span> <span class='ocrx_word' id='word_1_387' title='bbox 754 3795 1038 3866; x_wconf 81' lang='grc' dir='ltr'>χρήματα,</span> <span class='ocrx_word' id='word_1_388' title='bbox 1086 3795 1362 3866; x_wconf 84' lang='grc' dir='ltr'>τοσαύτην</span> <span class='ocrx_word' id='word_1_389' title='bbox 1395 3794 1453 3847; x_wconf 80' lang='grc' dir='ltr'>δὲ</span> <span class='ocrx_word' id='word_1_390' title='bbox 1495 3794 1750 3865; x_wconf 70' lang='grc' dir='ltr'>δύναμιν·</span> <span class='ocrx_word' id='word_1_391' title='bbox 1787 3794 1984 3850; x_wconf 85' lang='grc' dir='ltr'>θαλάτ-</span> 
     </span>
    </p>
   </div>
   <div class='ocr_carea' id='block_1_58' title="bbox 404 3886 1984 3958">
    <p class='ocr_par' dir='ltr' id='par_1_58' title="bbox 404 3886 1984 3958">
     <span class='ocr_line' id='line_1_58' title="bbox 404 3886 1984 3958; baseline 0 -18"><span class='ocrx_word' id='word_1_392' title='bbox 404 3903 503 3958; x_wconf 87' lang='grc' dir='ltr'><strong>της</strong></span> <span class='ocrx_word' id='word_1_393' title='bbox 530 3887 587 3940; x_wconf 78' lang='grc' dir='ltr'>δὲ</span> <span class='ocrx_word' id='word_1_394' title='bbox 615 3887 710 3941; x_wconf 75' lang='grc' dir='ltr'>καὶ</span> <span class='ocrx_word' id='word_1_395' title='bbox 733 3886 1017 3957; x_wconf 53' lang='grc' dir='ltr'>γῆςκὸντες</span> <span class='ocrx_word' id='word_1_396' title='bbox 1040 3888 1242 3954; x_wconf 77' lang='grc' dir='ltr'>κύριοιο</span> <span class='ocrx_word' id='word_1_397' title='bbox 1276 3887 1455 3941; x_wconf 86' lang='grc' dir='ltr'>πάντα</span> <span class='ocrx_word' id='word_1_398' title='bbox 1476 3886 1535 3939; x_wconf 77' lang='grc' dir='ltr'>δὲ</span> <span class='ocrx_word' id='word_1_399' title='bbox 1573 3886 1632 3952; x_wconf 80' lang='grc' dir='ltr'><strong>ἐξ</strong></span> <span class='ocrx_word' id='word_1_400' title='bbox 1667 3886 1984 3957; x_wconf 67' lang='grc' dir='ltr'>ἐπιτάγμα-</span> 
     </span>
    </p>
   </div>
   <div class='ocr_carea' id='block_1_59' title="bbox 407 3977 1984 4049">
    <p class='ocr_par' dir='ltr' id='par_1_59' title="bbox 407 3977 1984 4049">
     <span class='ocr_line' id='line_1_59' title="bbox 407 3977 1984 4049; baseline -0.001 -17"><span class='ocrx_word' id='word_1_401' title='bbox 407 3996 500 4042; x_wconf 90' lang='grc' dir='ltr'><strong>τος</strong></span> <span class='ocrx_word' id='word_1_402' title='bbox 548 3978 735 4032; x_wconf 85' lang='grc' dir='ltr'>ἀνύειν</span> <span class='ocrx_word' id='word_1_403' title='bbox 762 3978 1080 4049; x_wconf 87' lang='grc' dir='ltr'>δυνάμενοι,</span> <span class='ocrx_word' id='word_1_404' title='bbox 1112 3978 1213 4048; x_wconf 83' lang='grc' dir='ltr'><strong>τὴν</strong></span> <span class='ocrx_word' id='word_1_405' title='bbox 1271 3977 1375 4046; x_wconf 81' lang='grc' dir='ltr'><strong>μὲν</strong></span> <span class='ocrx_word' id='word_1_406' title='bbox 1406 3978 1731 4048; x_wconf 80' lang='grc' dir='ltr'>περιουσίαν</span> <span class='ocrx_word' id='word_1_407' title='bbox 1766 3979 1984 4048; x_wconf 77' lang='grc' dir='ltr'>ἐκείνην</span> 
     </span>
    </p>
   </div>
   <div class='ocr_carea' id='block_1_60' title="bbox 412 4067 1987 4140">
    <p class='ocr_par' dir='ltr' id='par_1_60' title="bbox 412 4067 1987 4140">
     <span class='ocr_line' id='line_1_60' title="bbox 412 4067 1987 4140; baseline 0.001 -19"><span class='ocrx_word' id='word_1_408' title='bbox 412 4069 807 4140; x_wconf 83' lang='grc' dir='ltr'>βλακευόμενοι</span> <span class='ocrx_word' id='word_1_409' title='bbox 845 4069 943 4123; x_wconf 79' lang='grc' dir='ltr'><strong>καὶ</strong></span> <span class='ocrx_word' id='word_1_410' title='bbox 982 4068 1343 4131; x_wconf 84' lang='grc' dir='ltr'>καθεύδοντες</span> <span class='ocrx_word' id='word_1_411' title='bbox 1387 4071 1483 4121; x_wconf 81' lang='grc' dir='ltr'>καὶ</span> <span class='ocrx_word' id='word_1_412' title='bbox 1523 4067 1840 4140; x_wconf 80' lang='grc' dir='ltr'>ὑϐρίζοντες</span> <span class='ocrx_word' id='word_1_413' title='bbox 1880 4071 1987 4123; x_wconf 83' lang='grc' dir='ltr'><strong>πᾶ-</strong></span> 
     </span>
    </p>
   </div>
   <div class='ocr_carea' id='block_1_61' title="bbox 344 4159 1985 4231">
    <p class='ocr_par' dir='ltr' id='par_1_61' title="bbox 344 4159 1985 4231">
     <span class='ocr_line' id='line_1_61' title="bbox 344 4159 1985 4231; baseline 0.001 -19"><span class='ocrx_word' id='word_1_414' title='bbox 344 4200 359 4207; x_wconf 76' lang='grc'><strong>-</strong></span> <span class='ocrx_word' id='word_1_415' title='bbox 413 4178 513 4213; x_wconf 80' lang='grc' dir='ltr'><strong>σαν</strong></span> <span class='ocrx_word' id='word_1_416' title='bbox 561 4160 1286 4231; x_wconf 51' lang='grc' dir='ltr'>ἀνήλωσανσιτελευτῶντες</span> <span class='ocrx_word' id='word_1_417' title='bbox 1334 4159 1414 4223; x_wconf 80' lang='grc' dir='ltr'>δὲ,</span> <span class='ocrx_word' id='word_1_418' title='bbox 1471 4161 1568 4213; x_wconf 79' lang='grc' dir='ltr'><strong>καὶ</strong></span> <span class='ocrx_word' id='word_1_419' title='bbox 1595 4159 1695 4231; x_wconf 79' lang='grc' dir='ltr'><strong>τὴν</strong></span> <span class='ocrx_word' id='word_1_420' title='bbox 1747 4163 1985 4231; x_wconf 80' lang='grc' dir='ltr'>πατρίδα</span> 
     </span>
    </p>
   </div>
   <div class='ocr_carea' id='block_1_62' title="bbox 412 4246 1987 4318">
    <p class='ocr_par' dir='ltr' id='par_1_62' title="bbox 412 4246 1987 4318">
     <span class='ocr_line' id='line_1_62' title="bbox 412 4246 1987 4318; baseline -0.001 -16"><span class='ocrx_word' id='word_1_421' title='bbox 412 4248 724 4317; x_wconf 85' lang='grc' dir='ltr'>προδόντες,</span> <span class='ocrx_word' id='word_1_422' title='bbox 751 4246 1063 4318; x_wconf 82' lang='grc' dir='ltr'>νῢνῶσπερ</span> <span class='ocrx_word' id='word_1_423' title='bbox 1092 4247 1271 4301; x_wconf 83' lang='grc' dir='ltr'>κοινόν</span> <span class='ocrx_word' id='word_1_424' title='bbox 1301 4263 1355 4300; x_wconf 89' lang='grc' dir='ltr'><strong>τι</strong></span> <span class='ocrx_word' id='word_1_425' title='bbox 1380 4247 1660 4318; x_wconf 80' lang='grc' dir='ltr'>περιίασιν</span> <span class='ocrx_word' id='word_1_426' title='bbox 1691 4249 1847 4315; x_wconf 78' lang='grc' dir='ltr'>ἄγος·</span> <span class='ocrx_word' id='word_1_427' title='bbox 1877 4248 1987 4301; x_wconf 87' lang='grc' dir='ltr'>λοι-</span> 
     </span>
    </p>
   </div>
   <div class='ocr_carea' id='block_1_63' title="bbox 415 4337 1981 4410">
    <p class='ocr_par' dir='ltr' id='par_1_63' title="bbox 415 4337 1981 4410">
     <span class='ocr_line' id='line_1_63' title="bbox 415 4337 1981 4410; baseline -0.001 -17"><span class='ocrx_word' id='word_1_428' title='bbox 415 4339 507 4410; x_wconf 90' lang='grc' dir='ltr'><strong>μοί</strong></span> <span class='ocrx_word' id='word_1_429' title='bbox 532 4357 698 4404; x_wconf 86' lang='grc' dir='ltr'>τινες,</span> <span class='ocrx_word' id='word_1_430' title='bbox 730 4339 824 4393; x_wconf 72' lang='grc' dir='ltr'>καὶ</span> <span class='ocrx_word' id='word_1_431' title='bbox 868 4340 980 4401; x_wconf 86' lang='grc' dir='ltr'>τοῖς</span> <span class='ocrx_word' id='word_1_432' title='bbox 1011 4337 1192 4400; x_wconf 81' lang='grc' dir='ltr'>ἄλλοις</span> <span class='ocrx_word' id='word_1_433' title='bbox 1222 4342 1319 4405; x_wconf 81' lang='grc' dir='ltr'><strong>τῆς</strong></span> <span class='ocrx_word' id='word_1_434' title='bbox 1355 4337 1513 4389; x_wconf 91' lang='grc' dir='ltr'>νόσου</span> <span class='ocrx_word' id='word_1_435' title='bbox 1562 4338 1938 4407; x_wconf 80' lang='grc' dir='ltr'>μεταδιδόντες</span> <span class='ocrx_word' id='word_1_436' title='bbox 1968 4338 1981 4392; x_wconf 78' lang='grc' dir='ltr'><strong>Ξ</strong></span> 
     </span>
    </p>
   </div>
   <div class='ocr_carea' id='block_1_64' title="bbox 2064 1872 3643 1946">
    <p class='ocr_par' dir='ltr' id='par_1_64' title="bbox 2064 1872 3643 1946">
     <span class='ocr_line' id='line_1_64' title="bbox 2064 1872 3643 1946; baseline -0.003 -16"><span class='ocrx_word' id='word_1_437' title='bbox 2064 1875 2286 1946; x_wconf 85' lang='lat' dir='ltr'><strong>quidem</strong></span> <span class='ocrx_word' id='word_1_438' title='bbox 2323 1889 2488 1945; x_wconf 82' lang='lat' dir='ltr'><strong>grave</strong></span> <span class='ocrx_word' id='word_1_439' title='bbox 2526 1875 2598 1930; x_wconf 89' lang='lat' dir='ltr'><strong>sit</strong></span> <span class='ocrx_word' id='word_1_440' title='bbox 2626 1874 2906 1945; x_wconf 81' lang='lat' dir='ltr'><strong>sigillatim</strong></span> <span class='ocrx_word' id='word_1_441' title='bbox 2940 1873 3144 1937; x_wconf 89' lang='lat' dir='ltr'><strong>dicere,</strong></span> <span class='ocrx_word' id='word_1_442' title='bbox 3176 1888 3406 1943; x_wconf 71' lang='lat' dir='ltr'><strong>qumque</strong></span> <span class='ocrx_word' id='word_1_443' title='bbox 3440 1872 3643 1926; x_wconf 85' lang='lat' dir='ltr'><strong>nihilo-</strong></span> 
     </span>
    </p>
   </div>
   <div class='ocr_carea' id='block_1_65' title="bbox 2065 1966 3640 2037">
    <p class='ocr_par' dir='ltr' id='par_1_65' title="bbox 2065 1966 3640 2037">
     <span class='ocr_line' id='line_1_65' title="bbox 2065 1966 3640 2037; baseline -0.003 -14"><span class='ocrx_word' id='word_1_444' title='bbox 2065 1969 2250 2024; x_wconf 85' lang='lat' dir='ltr'><strong>minus</strong></span> <span class='ocrx_word' id='word_1_445' title='bbox 2295 1969 2478 2023; x_wconf 90' lang='lat' dir='ltr'><strong>omnia</strong></span> <span class='ocrx_word' id='word_1_446' title='bbox 2533 1979 2738 2023; x_wconf 87' lang='lat' dir='ltr'><strong>motum</strong></span> <span class='ocrx_word' id='word_1_447' title='bbox 2798 1968 3003 2022; x_wconf 90' lang='lat' dir='ltr'><strong>bellum</strong></span> <span class='ocrx_word' id='word_1_448' title='bbox 3053 1966 3264 2037; x_wconf 86' lang='lat' dir='ltr'><strong>liquido</strong></span> <span class='ocrx_word' id='word_1_449' title='bbox 3315 1966 3640 2022; x_wconf 86' lang='lat' dir='ltr'><strong>declarabit.</strong></span> 
     </span>
    </p>
   </div>
   <div class='ocr_carea' id='block_1_66' title="bbox 2069 2057 3644 2129">
    <p class='ocr_par' dir='ltr' id='par_1_66' title="bbox 2069 2057 3644 2129">
     <span class='ocr_line' id='line_1_66' title="bbox 2069 2057 3644 2129; baseline -0.001 -15"><span class='ocrx_word' id='word_1_450' title='bbox 2069 2057 2223 2115; x_wconf 84' lang='lat' dir='ltr'><strong>Haud</strong></span> <span class='ocrx_word' id='word_1_451' title='bbox 2254 2075 2385 2115; x_wconf 87' lang='lat' dir='ltr'><strong>sane</strong></span> <span class='ocrx_word' id='word_1_452' title='bbox 2407 2075 2650 2129; x_wconf 76' lang='lat' dir='ltr'><strong>aequum,</strong></span> <span class='ocrx_word' id='word_1_453' title='bbox 2678 2059 3007 2115; x_wconf 87' lang='lat' dir='ltr'><strong>incidentem</strong></span> <span class='ocrx_word' id='word_1_454' title='bbox 3035 2059 3304 2124; x_wconf 87' lang='lat' dir='ltr'><strong>ejusmodi</strong></span> <span class='ocrx_word' id='word_1_455' title='bbox 3339 2059 3415 2113; x_wconf 90' lang='lat' dir='ltr'><strong>rei</strong></span> <span class='ocrx_word' id='word_1_456' title='bbox 3450 2073 3644 2129; x_wconf 84' lang='lat' dir='ltr'><strong>geren—</strong></span> 
     </span>
    </p>
   </div>
   <div class='ocr_carea' id='block_1_67' title="bbox 2068 2150 3646 2220">
    <p class='ocr_par' dir='ltr' id='par_1_67' title="bbox 2068 2150 3646 2220">
     <span class='ocr_line' id='line_1_67' title="bbox 2068 2150 3646 2220; baseline -0.003 -13"><span class='ocrx_word' id='word_1_457' title='bbox 2068 2151 2151 2207; x_wconf 76' lang='lat' dir='ltr'><strong>da:</strong></span> <span class='ocrx_word' id='word_1_458' title='bbox 2181 2150 2524 2207; x_wconf 69' lang='lat' dir='ltr'><strong>occasionem</strong></span> <span class='ocrx_word' id='word_1_459' title='bbox 2574 2152 2886 2215; x_wconf 73' lang='lat' dir='ltr'><strong>dimittere;</strong></span> <span class='ocrx_word' id='word_1_460' title='bbox 2916 2167 3107 2205; x_wconf 89' lang='lat' dir='ltr'><strong>verum</strong></span> <span class='ocrx_word' id='word_1_461' title='bbox 3138 2151 3265 2220; x_wconf 90' lang='lat' dir='ltr'><strong>quia</strong></span> <span class='ocrx_word' id='word_1_462' title='bbox 3296 2165 3366 2205; x_wconf 89' lang='lat' dir='ltr'><strong>ne</strong></span> <span class='ocrx_word' id='word_1_463' title='bbox 3394 2151 3646 2205; x_wconf 86' lang='lat' dir='ltr'><strong>volentes</strong></span> 
     </span>
    </p>
   </div>
   <div class='ocr_carea' id='block_1_68' title="bbox 2070 2241 3649 2312">
    <p class='ocr_par' dir='ltr' id='par_1_68' title="bbox 2070 2241 3649 2312">
     <span class='ocr_line' id='line_1_68' title="bbox 2070 2241 3649 2312; baseline -0.001 -17"><span class='ocrx_word' id='word_1_464' title='bbox 2070 2241 2291 2311; x_wconf 89' lang='lat' dir='ltr'><strong>quidem</strong></span> <span class='ocrx_word' id='word_1_465' title='bbox 2344 2242 2562 2296; x_wconf 84' lang='lat' dir='ltr'><strong>Barbari</strong></span> <span class='ocrx_word' id='word_1_466' title='bbox 2601 2242 2923 2311; x_wconf 82' lang='lat' dir='ltr'><strong>permittunt</strong></span> <span class='ocrx_word' id='word_1_467' title='bbox 2953 2242 3257 2312; x_wconf 86' lang='lat' dir='ltr'><strong>quiescere,</strong></span> <span class='ocrx_word' id='word_1_468' title='bbox 3289 2241 3382 2295; x_wconf 88' lang='lat' dir='ltr'><strong>sed</strong></span> <span class='ocrx_word' id='word_1_469' title='bbox 3420 2250 3505 2295; x_wconf 89' lang='lat' dir='ltr'><strong>est</strong></span> <span class='ocrx_word' id='word_1_470' title='bbox 3553 2256 3649 2294; x_wconf 87' lang='lat' dir='ltr'><strong>ne-</strong></span> 
     </span>
    </p>
   </div>
   <div class='ocr_carea' id='block_1_69' title="bbox 2023 2327 3715 2399">
    <p class='ocr_par' dir='ltr' id='par_1_69' title="bbox 2023 2327 3715 2399">
     <span class='ocr_line' id='line_1_69' title="bbox 2023 2327 3715 2399; baseline -0.001 -13"><span class='ocrx_word' id='word_1_471' title='bbox 2023 2396 2027 2399; x_wconf 18' lang='lat'><strong>,</strong></span> <span class='ocrx_word' id='word_1_472' title='bbox 2070 2346 2225 2387; x_wconf 90' lang='lat' dir='ltr'><strong>cesse</strong></span> <span class='ocrx_word' id='word_1_473' title='bbox 2277 2343 2340 2386; x_wconf 93' lang='lat' dir='ltr'><strong>ut</strong></span> <span class='ocrx_word' id='word_1_474' title='bbox 2391 2333 2645 2386; x_wconf 87' lang='lat' dir='ltr'><strong>sedentes</strong></span> <span class='ocrx_word' id='word_1_475' title='bbox 2694 2348 2758 2387; x_wconf 91' lang='lat' dir='ltr'><strong>ac</strong></span> <span class='ocrx_word' id='word_1_476' title='bbox 2805 2327 2990 2397; x_wconf 79' lang='lat' dir='ltr'><strong>otiosi,</strong></span> <span class='ocrx_word' id='word_1_477' title='bbox 3039 2348 3323 2388; x_wconf 89' lang='lat' dir='ltr'><strong>servorum</strong></span> <span class='ocrx_word' id='word_1_478' title='bbox 3369 2333 3643 2388; x_wconf 79' lang='lat' dir='ltr'><strong>fortunam</strong></span> <span class='ocrx_word' id='word_1_479' title='bbox 3710 2332 3715 2341; x_wconf 86' lang='lat'>&#39;</span> 
     </span>
    </p>
   </div>
   <div class='ocr_carea' id='block_1_70' title="bbox 2070 2423 3649 2489">
    <p class='ocr_par' dir='ltr' id='par_1_70' title="bbox 2070 2423 3649 2489">
     <span class='ocr_line' id='line_1_70' title="bbox 2070 2423 3649 2489; baseline -0.003 -9"><span class='ocrx_word' id='word_1_480' title='bbox 2070 2423 2388 2489; x_wconf 87' lang='lat' dir='ltr'><strong>subeamus,</strong></span> <span class='ocrx_word' id='word_1_481' title='bbox 2424 2426 2691 2477; x_wconf 89' lang='lat' dir='ltr'><strong>utendum</strong></span> <span class='ocrx_word' id='word_1_482' title='bbox 2722 2424 3127 2489; x_wconf 84' lang='lat' dir='ltr'><strong>occasionibus,</strong></span> <span class='ocrx_word' id='word_1_483' title='bbox 3156 2439 3221 2478; x_wconf 91' lang='lat' dir='ltr'><strong>ac</strong></span> <span class='ocrx_word' id='word_1_484' title='bbox 3250 2423 3416 2478; x_wconf 88' lang='lat' dir='ltr'><strong>alacri</strong></span> <span class='ocrx_word' id='word_1_485' title='bbox 3443 2425 3649 2477; x_wconf 78' lang='lat' dir='ltr'><strong>auden-</strong></span> 
     </span>
    </p>
   </div>
   <div class='ocr_carea' id='block_1_71' title="bbox 2071 2514 3652 2585">
    <p class='ocr_par' dir='ltr' id='par_1_71' title="bbox 2071 2514 3652 2585">
     <span class='ocr_line' id='line_1_71' title="bbox 2071 2514 3652 2585; baseline 0.001 -16"><span class='ocrx_word' id='word_1_486' title='bbox 2071 2514 2204 2569; x_wconf 92' lang='lat' dir='ltr'><strong>dum</strong></span> <span class='ocrx_word' id='word_1_487' title='bbox 2256 2515 2438 2569; x_wconf 90' lang='lat' dir='ltr'><strong>animo</strong></span> <span class='ocrx_word' id='word_1_488' title='bbox 2493 2525 2553 2569; x_wconf 92' lang='lat' dir='ltr'><strong>ut</strong></span> <span class='ocrx_word' id='word_1_489' title='bbox 2603 2515 2688 2570; x_wconf 87' lang='lat' dir='ltr'><strong>vel</strong></span> <span class='ocrx_word' id='word_1_490' title='bbox 2733 2515 2967 2584; x_wconf 89' lang='lat' dir='ltr'><strong>patriam</strong></span> <span class='ocrx_word' id='word_1_491' title='bbox 3026 2531 3090 2569; x_wconf 87' lang='lat' dir='ltr'><strong>ac</strong></span> <span class='ocrx_word' id='word_1_492' title='bbox 3140 2516 3373 2585; x_wconf 84' lang='lat' dir='ltr'><strong>gentiles</strong></span> <span class='ocrx_word' id='word_1_493' title='bbox 3431 2523 3652 2570; x_wconf 87' lang='lat' dir='ltr'><strong>nostros</strong></span> 
     </span>
    </p>
   </div>
   <div class='ocr_carea' id='block_1_72' title="bbox 2072 2605 3652 2675">
    <p class='ocr_par' dir='ltr' id='par_1_72' title="bbox 2072 2605 3652 2675">
     <span class='ocr_line' id='line_1_72' title="bbox 2072 2605 3652 2675; baseline 0.001 -16"><span class='ocrx_word' id='word_1_494' title='bbox 2072 2605 2331 2660; x_wconf 79' lang='lat' dir='ltr'><strong>libertate</strong></span> <span class='ocrx_word' id='word_1_495' title='bbox 2378 2605 2676 2670; x_wconf 84' lang='lat' dir='ltr'><strong>donemus,</strong></span> <span class='ocrx_word' id='word_1_496' title='bbox 2728 2607 2812 2660; x_wconf 89' lang='lat' dir='ltr'><strong>vel</strong></span> <span class='ocrx_word' id='word_1_497' title='bbox 2862 2615 3010 2661; x_wconf 90' lang='lat' dir='ltr'><strong>certe</strong></span> <span class='ocrx_word' id='word_1_498' title='bbox 3067 2619 3352 2661; x_wconf 89' lang='lat' dir='ltr'><strong>strenuum</strong></span> <span class='ocrx_word' id='word_1_499' title='bbox 3400 2606 3532 2675; x_wconf 88' lang='lat' dir='ltr'><strong>quid</strong></span> <span class='ocrx_word' id='word_1_500' title='bbox 3587 2621 3652 2660; x_wconf 84' lang='lat' dir='ltr'><strong>ac</strong></span> 
     </span>
    </p>
   </div>
   <div class='ocr_carea' id='block_1_73' title="bbox 2074 2697 3653 2770">
    <p class='ocr_par' dir='ltr' id='par_1_73' title="bbox 2074 2697 3653 2770">
     <span class='ocr_line' id='line_1_73' title="bbox 2074 2697 3653 2770; baseline 0 -19"><span class='ocrx_word' id='word_1_501' title='bbox 2074 2698 2397 2767; x_wconf 66' lang='lat' dir='ltr'><strong>praeclarum</strong></span> <span class='ocrx_word' id='word_1_502' title='bbox 2433 2697 2803 2770; x_wconf 83' lang='lat' dir='ltr'><strong>designautes,</strong></span> <span class='ocrx_word' id='word_1_503' title='bbox 2843 2697 3063 2752; x_wconf 87' lang='lat' dir='ltr'><strong>virtutis</strong></span> <span class='ocrx_word' id='word_1_504' title='bbox 3109 2709 3522 2752; x_wconf 89' lang='lat' dir='ltr'><strong>monumentum</strong></span> <span class='ocrx_word' id='word_1_505' title='bbox 3558 2715 3653 2766; x_wconf 78' lang='lat' dir='ltr'><strong>pu-</strong></span> 
     </span>
    </p>
   </div>
   <div class='ocr_carea' id='block_1_74' title="bbox 2075 2786 3653 2859">
    <p class='ocr_par' dir='ltr' id='par_1_74' title="bbox 2075 2786 3653 2859">
     <span class='ocr_line' id='line_1_74' title="bbox 2075 2786 3653 2859; baseline 0.001 -16"><span class='ocrx_word' id='word_1_506' title='bbox 2075 2790 2236 2859; x_wconf 21' lang='lat' dir='ltr'><strong>steiris</strong></span> <span class='ocrx_word' id='word_1_507' title='bbox 2266 2786 2663 2859; x_wconf 81' lang='lat' dir='ltr'><strong>relinquamus.</strong></span> <span class='ocrx_word' id='word_1_508' title='bbox 2697 2788 2850 2854; x_wconf 87' lang='lat' dir='ltr'><strong>Quod</strong></span> <span class='ocrx_word' id='word_1_509' title='bbox 2886 2789 2929 2843; x_wconf 93' lang='lat' dir='ltr'><strong>si</strong></span> <span class='ocrx_word' id='word_1_510' title='bbox 2963 2788 3168 2858; x_wconf 88' lang='lat' dir='ltr'><strong>putatis</strong></span> <span class='ocrx_word' id='word_1_511' title='bbox 3200 2789 3319 2845; x_wconf 82' lang='lat' dir='ltr'><strong>fore</strong></span> <span class='ocrx_word' id='word_1_512' title='bbox 3350 2799 3411 2844; x_wconf 89' lang='lat' dir='ltr'><strong>ut</strong></span> <span class='ocrx_word' id='word_1_513' title='bbox 3443 2790 3653 2845; x_wconf 88' lang='lat' dir='ltr'><strong>traden-</strong></span> 
     </span>
    </p>
   </div>
   <div class='ocr_carea' id='block_1_75' title="bbox 2077 2879 3651 2950">
    <p class='ocr_par' dir='ltr' id='par_1_75' title="bbox 2077 2879 3651 2950">
     <span class='ocr_line' id='line_1_75' title="bbox 2077 2879 3651 2950; baseline 0.004 -17"><span class='ocrx_word' id='word_1_514' title='bbox 2077 2889 2160 2935; x_wconf 86' lang='lat' dir='ltr'><strong>tes</strong></span> <span class='ocrx_word' id='word_1_515' title='bbox 2202 2879 2513 2950; x_wconf 62' lang='lat' dir='ltr'><strong>Caliipolim</strong></span> <span class='ocrx_word' id='word_1_516' title='bbox 2562 2887 2681 2935; x_wconf 91' lang='lat' dir='ltr'><strong>tuto</strong></span> <span class='ocrx_word' id='word_1_517' title='bbox 2724 2881 2955 2948; x_wconf 84' lang='lat' dir='ltr'><strong>patriam</strong></span> <span class='ocrx_word' id='word_1_518' title='bbox 2988 2881 3324 2948; x_wconf 89' lang='lat' dir='ltr'><strong>babitemus,</strong></span> <span class='ocrx_word' id='word_1_519' title='bbox 3368 2883 3535 2937; x_wconf 90' lang='lat' dir='ltr'><strong>timeo</strong></span> <span class='ocrx_word' id='word_1_520' title='bbox 3581 2900 3651 2939; x_wconf 89' lang='lat' dir='ltr'><strong>ne</strong></span> 
     </span>
    </p>
   </div>
   <div class='ocr_carea' id='block_1_76' title="bbox 2076 2970 3721 3051">
    <p class='ocr_par' dir='ltr' id='par_1_76' title="bbox 2076 2970 3721 3051">
     <span class='ocr_line' id='line_1_76' title="bbox 2076 2970 3721 3051; baseline 0.004 -26"><span class='ocrx_word' id='word_1_521' title='bbox 2076 2970 2228 3026; x_wconf 86' lang='lat' dir='ltr'><strong>brevi</strong></span> <span class='ocrx_word' id='word_1_522' title='bbox 2256 2986 2375 3025; x_wconf 89' lang='lat' dir='ltr'><strong>eam</strong></span> <span class='ocrx_word' id='word_1_523' title='bbox 2412 2971 2584 3040; x_wconf 85' lang='lat' dir='ltr'><strong>ipsam</strong></span> <span class='ocrx_word' id='word_1_524' title='bbox 2620 2972 2955 3036; x_wconf 74' lang='lat' dir='ltr'><strong>amittentes,</strong></span> <span class='ocrx_word' id='word_1_525' title='bbox 2988 2988 3057 3027; x_wconf 89' lang='lat' dir='ltr'><strong>ne</strong></span> <span class='ocrx_word' id='word_1_526' title='bbox 3109 2974 3285 3029; x_wconf 91' lang='lat' dir='ltr'><strong>solum</strong></span> <span class='ocrx_word' id='word_1_527' title='bbox 3327 2975 3549 3045; x_wconf 88' lang='lat' dir='ltr'><strong>quidem</strong></span> <span class='ocrx_word' id='word_1_528' title='bbox 3596 2978 3651 3032; x_wconf 75' lang='lat' dir='ltr'><strong>in</strong></span> <span class='ocrx_word' id='word_1_529' title='bbox 3714 3044 3721 3051; x_wconf 23' lang='lat'>.</span> 
     </span>
    </p>
   </div>
   <div class='ocr_carea' id='block_1_77' title="bbox 2077 3061 3657 3137">
    <p class='ocr_par' dir='ltr' id='par_1_77' title="bbox 2077 3061 3657 3137">
     <span class='ocr_line' id='line_1_77' title="bbox 2077 3061 3657 3137; baseline 0.006 -22"><span class='ocrx_word' id='word_1_530' title='bbox 2077 3077 2187 3131; x_wconf 87' lang='lat' dir='ltr'><strong>quo</strong></span> <span class='ocrx_word' id='word_1_531' title='bbox 2209 3061 2524 3116; x_wconf 88' lang='lat' dir='ltr'><strong>babitemus</strong></span> <span class='ocrx_word' id='word_1_532' title='bbox 2552 3061 2810 3131; x_wconf 89' lang='lat' dir='ltr'><strong>deinceps</strong></span> <span class='ocrx_word' id='word_1_533' title='bbox 2837 3062 3204 3120; x_wconf 86' lang='lat' dir='ltr'><strong>inveniamus.</strong></span> <span class='ocrx_word' id='word_1_534' title='bbox 3225 3065 3359 3133; x_wconf 86' lang='lat' dir='ltr'><strong>Quis</strong></span> <span class='ocrx_word' id='word_1_535' title='bbox 3390 3068 3657 3137; x_wconf 42' lang='lat' dir='ltr'><strong>cnim‘eos</strong></span> 
     </span>
    </p>
   </div>
   <div class='ocr_carea' id='block_1_78' title="bbox 2079 3152 3659 3229">
    <p class='ocr_par' dir='ltr' id='par_1_78' title="bbox 2079 3152 3659 3229">
     <span class='ocr_line' id='line_1_78' title="bbox 2079 3152 3659 3229; baseline 0.004 -23"><span class='ocrx_word' id='word_1_536' title='bbox 2079 3152 2175 3223; x_wconf 90' lang='lat' dir='ltr'><strong>qui</strong></span> <span class='ocrx_word' id='word_1_537' title='bbox 2208 3169 2305 3207; x_wconf 90' lang='lat' dir='ltr'><strong>sua</strong></span> <span class='ocrx_word' id='word_1_538' title='bbox 2337 3152 2438 3222; x_wconf 88' lang='lat' dir='ltr'><strong>ipsi</strong></span> <span class='ocrx_word' id='word_1_539' title='bbox 2471 3152 2836 3223; x_wconf 83' lang='lat' dir='ltr'><strong>prodiderint,</strong></span> <span class='ocrx_word' id='word_1_540' title='bbox 2862 3153 2917 3208; x_wconf 86' lang='lat' dir='ltr'><strong>in</strong></span> <span class='ocrx_word' id='word_1_541' title='bbox 2949 3170 3103 3209; x_wconf 89' lang='lat' dir='ltr'><strong>suam</strong></span> <span class='ocrx_word' id='word_1_542' title='bbox 3137 3155 3253 3225; x_wconf 70' lang='lat' dir='ltr'><strong>ips&#39;e</strong></span> <span class='ocrx_word' id='word_1_543' title='bbox 3278 3158 3509 3226; x_wconf 87' lang='lat' dir='ltr'><strong>patriam</strong></span> <span class='ocrx_word' id='word_1_544' title='bbox 3535 3175 3659 3229; x_wconf 87' lang='lat' dir='ltr'><strong>per-</strong></span> 
     </span>
    </p>
   </div>
   <div class='ocr_carea' id='block_1_79' title="bbox 2081 3243 3655 3312">
    <p class='ocr_par' dir='ltr' id='par_1_79' title="bbox 2081 3243 3655 3312">
     <span class='ocr_line' id='line_1_79' title="bbox 2081 3243 3655 3312; baseline 0.006 -15"><span class='ocrx_word' id='word_1_545' title='bbox 2081 3244 2263 3299; x_wconf 92' lang='lat' dir='ltr'><strong>mittat</strong></span> <span class='ocrx_word' id='word_1_546' title='bbox 2307 3243 2644 3300; x_wconf 87' lang='lat' dir='ltr'><strong>ascendere?</strong></span> <span class='ocrx_word' id='word_1_547' title='bbox 2691 3245 2827 3312; x_wconf 87' lang='lat' dir='ltr'><strong>Quis</strong></span> <span class='ocrx_word' id='word_1_548' title='bbox 2882 3247 3018 3301; x_wconf 90' lang='lat' dir='ltr'><strong>tanti</strong></span> <span class='ocrx_word' id='word_1_549' title='bbox 3066 3248 3291 3303; x_wconf 90' lang='lat' dir='ltr'><strong>sceleris</strong></span> <span class='ocrx_word' id='word_1_550' title='bbox 3330 3260 3655 3307; x_wconf 63' lang='lat' dir='ltr'><strong>eunsutort-s</strong></span> 
     </span>
    </p>
   </div>
   <div class='ocr_carea' id='block_1_80' title="bbox 2080 3336 3658 3410">
    <p class='ocr_par' dir='ltr' id='par_1_80' title="bbox 2080 3336 3658 3410">
     <span class='ocr_line' id='line_1_80' title="bbox 2080 3336 3658 3410; baseline 0.003 -18"><span class='ocrx_word' id='word_1_551' title='bbox 2080 3347 2456 3403; x_wconf 87' lang='lat' dir='ltr'><strong>auctoresque</strong></span> <span class='ocrx_word' id='word_1_552' title='bbox 2512 3336 2754 3392; x_wconf 72' lang='lat' dir='ltr'><strong>honesta:</strong></span> <span class='ocrx_word' id='word_1_553' title='bbox 2788 3337 2884 3392; x_wconf 88' lang='lat' dir='ltr'><strong>ulli</strong></span> <span class='ocrx_word' id='word_1_554' title='bbox 2924 3340 3127 3394; x_wconf 88' lang='lat' dir='ltr'><strong>actioni</strong></span> <span class='ocrx_word' id='word_1_555' title='bbox 3162 3349 3510 3410; x_wconf 86' lang='lat' dir='ltr'><strong>comparatos</strong></span> <span class='ocrx_word' id='word_1_556' title='bbox 3540 3344 3658 3397; x_wconf 78' lang='lat' dir='ltr'><strong>exi-</strong></span> 
     </span>
    </p>
   </div>
   <div class='ocr_carea' id='block_1_81' title="bbox 2080 3426 3660 3502">
    <p class='ocr_par' dir='ltr' id='par_1_81' title="bbox 2080 3426 3660 3502">
     <span class='ocr_line' id='line_1_81' title="bbox 2080 3426 3660 3502; baseline 0.004 -22"><span class='ocrx_word' id='word_1_557' title='bbox 2080 3426 2365 3481; x_wconf 85' lang='lat' dir='ltr'><strong>stimabit?</strong></span> <span class='ocrx_word' id='word_1_558' title='bbox 2416 3426 2712 3481; x_wconf 86' lang='lat' dir='ltr'><strong>Enimvero</strong></span> <span class='ocrx_word' id='word_1_559' title='bbox 2761 3438 3032 3497; x_wconf 89' lang='lat' dir='ltr'><strong>quotquot</strong></span> <span class='ocrx_word' id='word_1_560' title='bbox 3081 3439 3333 3485; x_wconf 87' lang='lat' dir='ltr'><strong>nostrum</strong></span> <span class='ocrx_word' id='word_1_561' title='bbox 3381 3431 3660 3502; x_wconf 79' lang='lat' dir='ltr'><strong>continget</strong></span> 
     </span>
    </p>
   </div>
   <div class='ocr_carea' id='block_1_82' title="bbox 2082 3517 3659 3593">
    <p class='ocr_par' dir='ltr' id='par_1_82' title="bbox 2082 3517 3659 3593">
     <span class='ocr_line' id='line_1_82' title="bbox 2082 3517 3659 3593; baseline 0.004 -22"><span class='ocrx_word' id='word_1_562' title='bbox 2082 3517 2448 3573; x_wconf 86' lang='lat' dir='ltr'><strong>Barbarorum</strong></span> <span class='ocrx_word' id='word_1_563' title='bbox 2480 3535 2675 3574; x_wconf 90' lang='lat' dir='ltr'><strong>manus</strong></span> <span class='ocrx_word' id='word_1_564' title='bbox 2719 3520 2982 3589; x_wconf 85' lang='lat' dir='ltr'><strong>eﬂugere,</strong></span> <span class='ocrx_word' id='word_1_565' title='bbox 3015 3522 3238 3576; x_wconf 80' lang='lat' dir='ltr'><strong>obscuri</strong></span> <span class='ocrx_word' id='word_1_566' title='bbox 3283 3522 3561 3593; x_wconf 82' lang='lat' dir='ltr'><strong>ignotique</strong></span> <span class='ocrx_word' id='word_1_567' title='bbox 3601 3524 3659 3578; x_wconf 89' lang='lat' dir='ltr'><strong>in</strong></span> 
     </span>
    </p>
   </div>
   <div class='ocr_carea' id='block_1_83' title="bbox 2081 3610 3659 3682">
    <p class='ocr_par' dir='ltr' id='par_1_83' title="bbox 2081 3610 3659 3682">
     <span class='ocr_line' id='line_1_83' title="bbox 2081 3610 3659 3682; baseline 0.002 -16"><span class='ocrx_word' id='word_1_568' title='bbox 2081 3611 2359 3667; x_wconf 77' lang='lat' dir='ltr'><strong>extraneis</strong></span> <span class='ocrx_word' id='word_1_569' title='bbox 2403 3610 2707 3681; x_wconf 87' lang='lat' dir='ltr'><strong>provinciis</strong></span> <span class='ocrx_word' id='word_1_570' title='bbox 2757 3625 2950 3666; x_wconf 75' lang='lat' dir='ltr'><strong>sumus</strong></span> <span class='ocrx_word' id='word_1_571' title='bbox 2993 3615 3241 3682; x_wconf 81' lang='lat' dir='ltr'><strong>vagaturi</strong></span> <span class='ocrx_word' id='word_1_572' title='bbox 3283 3631 3298 3667; x_wconf 88' lang='lat'><strong>:</strong></span> <span class='ocrx_word' id='word_1_573' title='bbox 3350 3612 3434 3669; x_wconf 89' lang='lat' dir='ltr'><strong>sin</strong></span> <span class='ocrx_word' id='word_1_574' title='bbox 3474 3624 3659 3669; x_wconf 87' lang='lat' dir='ltr'><strong>autem</strong></span> 
     </span>
    </p>
   </div>
   <div class='ocr_carea' id='block_1_84' title="bbox 2083 3701 3662 3777">
    <p class='ocr_par' dir='ltr' id='par_1_84' title="bbox 2083 3701 3662 3777">
     <span class='ocr_line' id='line_1_84' title="bbox 2083 3701 3662 3777; baseline 0.004 -20"><span class='ocrx_word' id='word_1_575' title='bbox 2083 3718 2465 3774; x_wconf 88' lang='lat' dir='ltr'><strong>agnoscamur,</strong></span> <span class='ocrx_word' id='word_1_576' title='bbox 2510 3701 2757 3756; x_wconf 90' lang='lat' dir='ltr'><strong>omnium</strong></span> <span class='ocrx_word' id='word_1_577' title='bbox 2779 3717 2879 3756; x_wconf 88' lang='lat' dir='ltr'><strong>nos</strong></span> <span class='ocrx_word' id='word_1_578' title='bbox 2896 3704 3026 3757; x_wconf 72' lang='lat' dir='ltr'><strong>dine</strong></span> <span class='ocrx_word' id='word_1_579' title='bbox 3042 3712 3101 3758; x_wconf 88' lang='lat' dir='ltr'><strong>et</strong></span> <span class='ocrx_word' id='word_1_580' title='bbox 3118 3704 3386 3774; x_wconf 87' lang='lat' dir='ltr'><strong>vituperia</strong></span> <span class='ocrx_word' id='word_1_581' title='bbox 3409 3706 3662 3777; x_wconf 84' lang='lat' dir='ltr'><strong>risusque</strong></span> 
     </span>
    </p>
   </div>
   <div class='ocr_carea' id='block_1_85' title="bbox 2084 3794 3659 3866">
    <p class='ocr_par' dir='ltr' id='par_1_85' title="bbox 2084 3794 3659 3866">
     <span class='ocr_line' id='line_1_85' title="bbox 2084 3794 3659 3866; baseline 0.003 -17"><span class='ocrx_word' id='word_1_582' title='bbox 2084 3804 2510 3866; x_wconf 86' lang='lat' dir='ltr'><strong>prosequentur.</strong></span> <span class='ocrx_word' id='word_1_583' title='bbox 2534 3795 2712 3848; x_wconf 86' lang='lat' dir='ltr'><strong>Eosne</strong></span> <span class='ocrx_word' id='word_1_584' title='bbox 2741 3794 2912 3848; x_wconf 91' lang='lat' dir='ltr'><strong>videri</strong></span> <span class='ocrx_word' id='word_1_585' title='bbox 2934 3811 3035 3865; x_wconf 89' lang='lat' dir='ltr'><strong>par</strong></span> <span class='ocrx_word' id='word_1_586' title='bbox 3063 3798 3212 3851; x_wconf 86' lang='lat' dir='ltr'><strong>erat?</strong></span> <span class='ocrx_word' id='word_1_587' title='bbox 3241 3798 3297 3851; x_wconf 92' lang='lat' dir='ltr'><strong>in</strong></span> <span class='ocrx_word' id='word_1_588' title='bbox 3327 3809 3659 3854; x_wconf 70' lang='lat' dir='ltr'><strong>coniventum</strong></span> 
     </span>
    </p>
   </div>
   <div class='ocr_carea' id='block_1_86' title="bbox 2085 3886 3663 3961">
    <p class='ocr_par' dir='ltr' id='par_1_86' title="bbox 2085 3886 3663 3961">
     <span class='ocr_line' id='line_1_86' title="bbox 2085 3886 3663 3961; baseline 0.003 -19"><span class='ocrx_word' id='word_1_589' title='bbox 2085 3886 2342 3942; x_wconf 79' lang='lat' dir='ltr'><strong>admitti?</strong></span> <span class='ocrx_word' id='word_1_590' title='bbox 2368 3900 2598 3956; x_wconf 89' lang='lat' dir='ltr'><strong>prorsus</strong></span> <span class='ocrx_word' id='word_1_591' title='bbox 2637 3895 2820 3940; x_wconf 90' lang='lat' dir='ltr'><strong>autem</strong></span> <span class='ocrx_word' id='word_1_592' title='bbox 2855 3886 3059 3941; x_wconf 82' lang='lat' dir='ltr'><strong>ducere</strong></span> <span class='ocrx_word' id='word_1_593' title='bbox 3087 3888 3380 3954; x_wconf 76' lang='lat' dir='ltr'><strong>spiritum?</strong></span> <span class='ocrx_word' id='word_1_594' title='bbox 3404 3892 3497 3961; x_wconf 93' lang='lat' dir='ltr'><strong>qui</strong></span> <span class='ocrx_word' id='word_1_595' title='bbox 3528 3893 3663 3948; x_wconf 89' lang='lat' dir='ltr'><strong>urbe</strong></span> 
     </span>
    </p>
   </div>
   <div class='ocr_carea' id='block_1_87' title="bbox 2093 3977 3662 4051">
    <p class='ocr_par' dir='ltr' id='par_1_87' title="bbox 2093 3977 3662 4051">
     <span class='ocr_line' id='line_1_87' title="bbox 2093 3977 3662 4051; baseline 0.003 -19"><span class='ocrx_word' id='word_1_596' title='bbox 2093 3988 2242 4033; x_wconf 87' lang='lat' dir='ltr'><strong>tanta</strong></span> <span class='ocrx_word' id='word_1_597' title='bbox 2269 3978 2566 4048; x_wconf 89' lang='lat' dir='ltr'><strong>potientes,</strong></span> <span class='ocrx_word' id='word_1_598' title='bbox 2591 3984 2699 4031; x_wconf 89' lang='lat' dir='ltr'><strong>tam</strong></span> <span class='ocrx_word' id='word_1_599' title='bbox 2738 3977 2926 4033; x_wconf 87' lang='lat' dir='ltr'><strong>multis</strong></span> <span class='ocrx_word' id='word_1_600' title='bbox 2953 3979 3185 4045; x_wconf 82' lang='lat' dir='ltr'><strong>divitiis,</strong></span> <span class='ocrx_word' id='word_1_601' title='bbox 3209 3988 3363 4043; x_wconf 81' lang='lat' dir='ltr'><strong>tanta</strong></span> <span class='ocrx_word' id='word_1_602' title='bbox 3389 3984 3662 4051; x_wconf 86' lang='lat' dir='ltr'><strong>potentia;</strong></span> 
     </span>
    </p>
   </div>
   <div class='ocr_carea' id='block_1_88' title="bbox 2090 4068 3663 4142">
    <p class='ocr_par' dir='ltr' id='par_1_88' title="bbox 2090 4068 3663 4142">
     <span class='ocr_line' id='line_1_88' title="bbox 2090 4068 3663 4142; baseline 0.005 -22"><span class='ocrx_word' id='word_1_603' title='bbox 2090 4071 2185 4139; x_wconf 92' lang='lat' dir='ltr'><strong>qui</strong></span> <span class='ocrx_word' id='word_1_604' title='bbox 2216 4071 2383 4124; x_wconf 89' lang='lat' dir='ltr'><strong>maris</strong></span> <span class='ocrx_word' id='word_1_605' title='bbox 2412 4084 2477 4123; x_wconf 88' lang='lat' dir='ltr'><strong>ac</strong></span> <span class='ocrx_word' id='word_1_606' title='bbox 2508 4078 2666 4123; x_wconf 69' lang='lat' dir='ltr'><strong>terra:</strong></span> <span class='ocrx_word' id='word_1_607' title='bbox 2700 4068 2931 4135; x_wconf 90' lang='lat' dir='ltr'><strong>domini,</strong></span> <span class='ocrx_word' id='word_1_608' title='bbox 2962 4071 3187 4140; x_wconf 86' lang='lat' dir='ltr'><strong>soloque</strong></span> <span class='ocrx_word' id='word_1_609' title='bbox 3217 4072 3451 4142; x_wconf 83' lang='lat' dir='ltr'><strong>imperio</strong></span> <span class='ocrx_word' id='word_1_610' title='bbox 3479 4077 3663 4128; x_wconf 89' lang='lat' dir='ltr'><strong>omnia</strong></span> 
     </span>
    </p>
   </div>
   <div class='ocr_carea' id='block_1_89' title="bbox 2088 4160 3664 4224">
    <p class='ocr_par' dir='ltr' id='par_1_89' title="bbox 2088 4160 3664 4224">
     <span class='ocr_line' id='line_1_89' title="bbox 2088 4160 3664 4224; baseline 0.003 -11"><span class='ocrx_word' id='word_1_611' title='bbox 2088 4163 2336 4215; x_wconf 70' lang='lat' dir='ltr'><strong>Valentes</strong></span> <span class='ocrx_word' id='word_1_612' title='bbox 2364 4160 2659 4224; x_wconf 76' lang='lat' dir='ltr'><strong>coniicere,</strong></span> <span class='ocrx_word' id='word_1_613' title='bbox 2687 4162 2833 4215; x_wconf 89' lang='lat' dir='ltr'><strong>illam</strong></span> <span class='ocrx_word' id='word_1_614' title='bbox 2863 4177 3081 4217; x_wconf 90' lang='lat' dir='ltr'><strong>omnem</strong></span> <span class='ocrx_word' id='word_1_615' title='bbox 3119 4164 3480 4218; x_wconf 86' lang='lat' dir='ltr'><strong>substantiam</strong></span> <span class='ocrx_word' id='word_1_616' title='bbox 3515 4164 3664 4218; x_wconf 87' lang='lat' dir='ltr'><strong>molli</strong></span> 
     </span>
    </p>
   </div>
   <div class='ocr_carea' id='block_1_90' title="bbox 2090 4251 3667 4324">
    <p class='ocr_par' dir='ltr' id='par_1_90' title="bbox 2090 4251 3667 4324">
     <span class='ocr_line' id='line_1_90' title="bbox 2090 4251 3667 4324; baseline 0.002 -19"><span class='ocrx_word' id='word_1_617' title='bbox 2090 4252 2262 4318; x_wconf 90' lang='lat' dir='ltr'><strong>victu,</strong></span> <span class='ocrx_word' id='word_1_618' title='bbox 2313 4267 2375 4307; x_wconf 90' lang='lat' dir='ltr'><strong>ac</strong></span> <span class='ocrx_word' id='word_1_619' title='bbox 2419 4251 2777 4317; x_wconf 75' lang='lat' dir='ltr'><strong>dormientes,</strong></span> <span class='ocrx_word' id='word_1_620' title='bbox 2816 4252 3264 4323; x_wconf 79' lang='lat' dir='ltr'><strong>luxuriantesque</strong></span> <span class='ocrx_word' id='word_1_621' title='bbox 3311 4269 3667 4324; x_wconf 73' lang='lat' dir='ltr'><strong>consumpse-</strong></span> 
     </span>
    </p>
   </div>
   <div class='ocr_carea' id='block_1_91' title="bbox 2090 4344 3666 4415">
    <p class='ocr_par' dir='ltr' id='par_1_91' title="bbox 2090 4344 3666 4415">
     <span class='ocr_line' id='line_1_91' title="bbox 2090 4344 3666 4415; baseline 0.003 -18"><span class='ocrx_word' id='word_1_622' title='bbox 2090 4351 2249 4409; x_wconf 90' lang='lat' dir='ltr'><strong>runt;</strong></span> <span class='ocrx_word' id='word_1_623' title='bbox 2292 4344 2620 4412; x_wconf 87' lang='lat' dir='ltr'><strong>tandemque</strong></span> <span class='ocrx_word' id='word_1_624' title='bbox 2668 4344 2841 4413; x_wconf 89' lang='lat' dir='ltr'><strong>ipsam</strong></span> <span class='ocrx_word' id='word_1_625' title='bbox 2885 4345 3116 4415; x_wconf 89' lang='lat' dir='ltr'><strong>patriam</strong></span> <span class='ocrx_word' id='word_1_626' title='bbox 3162 4344 3480 4414; x_wconf 81' lang='lat' dir='ltr'><strong>prodentes,</strong></span> <span class='ocrx_word' id='word_1_627' title='bbox 3517 4363 3666 4403; x_wconf 87' lang='lat' dir='ltr'><strong>nunc</strong></span> 
     </span>
    </p>
   </div>
   <div class='ocr_carea' id='block_1_92' title="bbox 422 4426 1989 4505">
    <p class='ocr_par' dir='ltr' id='par_1_92' title="bbox 422 4426 1987 4499">
     <span class='ocr_line' id='line_1_92' title="bbox 422 4426 1987 4499; baseline 0 -18"><span class='ocrx_word' id='word_1_628' title='bbox 422 4430 586 4498; x_wconf 72' lang='grc' dir='ltr'><strong>⁹ιιμῖν</strong></span> <span class='ocrx_word' id='word_1_629' title='bbox 615 4428 658 4482; x_wconf 82' lang='grc' dir='ltr'><strong>δ’</strong></span> <span class='ocrx_word' id='word_1_630' title='bbox 687 4427 797 4482; x_wconf 78' lang='grc' dir='ltr'>οὔτ’</span> <span class='ocrx_word' id='word_1_631' title='bbox 828 4427 1137 4494; x_wconf 83' lang='grc' dir='ltr'>ἀντιλέγειν</span> <span class='ocrx_word' id='word_1_632' title='bbox 1169 4426 1410 4489; x_wconf 76' lang='grc' dir='ltr'>ἐξέσται.</span> <span class='ocrx_word' id='word_1_633' title='bbox 1448 4427 1521 4478; x_wconf 81' lang='grc' dir='ltr'><strong>Τὸ</strong></span> <span class='ocrx_word' id='word_1_634' title='bbox 1553 4429 1663 4499; x_wconf 78' lang='grc' dir='ltr'>γὰρ</span> <span class='ocrx_word' id='word_1_635' title='bbox 1693 4427 1802 4480; x_wconf 89' lang='grc' dir='ltr'><strong>τῶν</strong></span> <span class='ocrx_word' id='word_1_636' title='bbox 1835 4429 1987 4496; x_wconf 73' lang='grc' dir='ltr'>ἐλέγ-</span> 
     </span>
    </p>
   </div>
   <div class='ocr_carea' id='block_1_93' title="bbox 2077 4426 3665 4505">
    <p class='ocr_par' dir='ltr' id='par_1_93' title="bbox 2092 4435 3665 4505">
     <span class='ocr_line' id='line_1_93' title="bbox 2092 4435 3665 4505; baseline 0.003 -18"><span class='ocrx_word' id='word_1_637' title='bbox 2092 4449 2193 4488; x_wconf 90' lang='lat' dir='ltr'><strong>ceu</strong></span> <span class='ocrx_word' id='word_1_638' title='bbox 2252 4448 2546 4489; x_wconf 85' lang='lat' dir='ltr'><strong>commune</strong></span> <span class='ocrx_word' id='word_1_639' title='bbox 2603 4435 2876 4504; x_wconf 87' lang='lat' dir='ltr'><strong>quoddam</strong></span> <span class='ocrx_word' id='word_1_640' title='bbox 2942 4436 3217 4505; x_wconf 87' lang='lat' dir='ltr'><strong>piaculum</strong></span> <span class='ocrx_word' id='word_1_641' title='bbox 3286 4437 3665 4494; x_wconf 81' lang='lat' dir='ltr'><strong>circumeunt?</strong></span> 
     </span>
    </p>
   </div>
   <div class='ocr_carea' id='block_1_94' title="bbox 414 4517 1982 4589">
    <p class='ocr_par' dir='ltr' id='par_1_94' title="bbox 414 4517 1982 4589">
     <span class='ocr_line' id='line_1_94' title="bbox 414 4517 1982 4589; baseline 0.001 -18"><span class='ocrx_word' id='word_1_642' title='bbox 414 4535 528 4589; x_wconf 91' lang='grc' dir='ltr'><strong>χων</strong></span> <span class='ocrx_word' id='word_1_643' title='bbox 555 4518 762 4572; x_wconf 77' lang='grc' dir='ltr'>δίκαιον</span> <span class='ocrx_word' id='word_1_644' title='bbox 789 4518 889 4582; x_wconf 83' lang='grc' dir='ltr'><strong>τὴν</strong></span> <span class='ocrx_word' id='word_1_645' title='bbox 924 4517 1245 4589; x_wconf 80' lang='grc' dir='ltr'>παρρησίαν</span> <span class='ocrx_word' id='word_1_646' title='bbox 1279 4518 1560 4581; x_wconf 73' lang='grc' dir='ltr'>παντελῶς</span> <span class='ocrx_word' id='word_1_647' title='bbox 1593 4522 1982 4589; x_wconf 71' lang='grc' dir='ltr'>ἀφαιρήσεται*</span> 
     </span>
    </p>
   </div>
   <div class='ocr_carea' id='block_1_95' title="bbox 416 4611 1987 4682">
    <p class='ocr_par' dir='ltr' id='par_1_95' title="bbox 416 4611 1987 4682">
     <span class='ocr_line' id='line_1_95' title="bbox 416 4611 1987 4682; baseline 0.001 -18"><span class='ocrx_word' id='word_1_648' title='bbox 416 4611 511 4664; x_wconf 74' lang='grc' dir='ltr'>καὶ</span> <span class='ocrx_word' id='word_1_649' title='bbox 557 4612 619 4664; x_wconf 80' lang='grc' dir='ltr'><strong>τὸ</strong></span> <span class='ocrx_word' id='word_1_650' title='bbox 666 4614 855 4681; x_wconf 83' lang='grc' dir='ltr'>φέρειν</span> <span class='ocrx_word' id='word_1_651' title='bbox 904 4611 1298 4679; x_wconf 78' lang='grc' dir='ltr'>ὓϐριζομένους</span> <span class='ocrx_word' id='word_1_652' title='bbox 1351 4613 1513 4674; x_wconf 89' lang='grc' dir='ltr'>ποίας</span> <span class='ocrx_word' id='word_1_653' title='bbox 1564 4613 1627 4665; x_wconf 80' lang='grc' dir='ltr'><strong>ού</strong></span> <span class='ocrx_word' id='word_1_654' title='bbox 1683 4612 1987 4682; x_wconf 84' lang='grc' dir='ltr'>βαρύτερον</span> 
     </span>
    </p>
   </div>
   <div class='ocr_carea' id='block_1_96' title="bbox 417 4702 1988 4773">
    <p class='ocr_par' dir='ltr' id='par_1_96' title="bbox 417 4702 1988 4773">
     <span class='ocr_line' id='line_1_96' title="bbox 417 4702 1988 4773; baseline 0.002 -19"><span class='ocrx_word' id='word_1_655' title='bbox 417 4704 740 4770; x_wconf 82' lang='grc' dir='ltr'>συμφορᾶςί</span> <span class='ocrx_word' id='word_1_656' title='bbox 783 4702 934 4755; x_wconf 78' lang='grc' dir='ltr'>Ὦστ⁹</span> <span class='ocrx_word' id='word_1_657' title='bbox 968 4703 1181 4773; x_wconf 86' lang='grc' dir='ltr'>ἀνάγκη</span> <span class='ocrx_word' id='word_1_658' title='bbox 1212 4703 1438 4772; x_wconf 77' lang='grc' dir='ltr'>φεύγειν</span> <span class='ocrx_word' id='word_1_659' title='bbox 1469 4708 1569 4773; x_wconf 79' lang='grc' dir='ltr'>μὲν</span> <span class='ocrx_word' id='word_1_660' title='bbox 1615 4704 1820 4770; x_wconf 83' lang='grc' dir='ltr'>πόλεις,</span> <span class='ocrx_word' id='word_1_661' title='bbox 1858 4707 1988 4771; x_wconf 85' lang='grc' dir='ltr'>φεύ-</span> 
     </span>
    </p>
   </div>
   <div class='ocr_carea' id='block_1_97' title="bbox 414 4793 1988 4865">
    <p class='ocr_par' dir='ltr' id='par_1_97' title="bbox 414 4793 1988 4865">
     <span class='ocr_line' id='line_1_97' title="bbox 414 4793 1988 4865; baseline 0.004 -21"><span class='ocrx_word' id='word_1_662' title='bbox 414 4807 536 4860; x_wconf 86' lang='grc' dir='ltr'>γειν</span> <span class='ocrx_word' id='word_1_663' title='bbox 561 4795 617 4845; x_wconf 75' lang='grc' dir='ltr'>δὲ</span> <span class='ocrx_word' id='word_1_664' title='bbox 652 4793 967 4862; x_wconf 74' lang='grc' dir='ltr'>συλλόγουςο</span> <span class='ocrx_word' id='word_1_665' title='bbox 999 4797 1078 4857; x_wconf 89' lang='grc' dir='ltr'><strong>είς</strong></span> <span class='ocrx_word' id='word_1_666' title='bbox 1118 4798 1403 4865; x_wconf 78' lang='grc' dir='ltr'>χηραμοὺς</span> <span class='ocrx_word' id='word_1_667' title='bbox 1434 4796 1491 4847; x_wconf 82' lang='grc' dir='ltr'><em>δέ</em></span> <span class='ocrx_word' id='word_1_668' title='bbox 1537 4814 1690 4858; x_wconf 88' lang='grc' dir='ltr'>τινας</span> <span class='ocrx_word' id='word_1_669' title='bbox 1715 4798 1988 4851; x_wconf 70' lang='grc' dir='ltr'>καταδύνο</span> 
     </span>
    </p>
   </div>
   <div class='ocr_carea' id='block_1_98' title="bbox 414 4881 1986 4952">
    <p class='ocr_par' dir='ltr' id='par_1_98' title="bbox 414 4881 1986 4952">
     <span class='ocr_line' id='line_1_98' title="bbox 414 4881 1986 4952; baseline 0.003 -21"><span class='ocrx_word' id='word_1_670' title='bbox 414 4896 533 4944; x_wconf 87' lang='grc' dir='ltr'>τας,</span> <span class='ocrx_word' id='word_1_671' title='bbox 563 4883 683 4949; x_wconf 78' lang='grc' dir='ltr'>ζῇν,</span> <span class='ocrx_word' id='word_1_672' title='bbox 711 4881 1056 4952; x_wconf 85' lang='grc' dir='ltr'>κρύπτοντας</span> <span class='ocrx_word' id='word_1_673' title='bbox 1085 4882 1208 4934; x_wconf 75' lang='grc' dir='ltr'>ὅθεν</span> <span class='ocrx_word' id='word_1_674' title='bbox 1241 4883 1429 4950; x_wconf 74' lang='grc' dir='ltr'>ἐσμὲν,</span> <span class='ocrx_word' id='word_1_675' title='bbox 1473 4882 1566 4934; x_wconf 79' lang='grc' dir='ltr'>καὶ</span> <span class='ocrx_word' id='word_1_676' title='bbox 1594 4883 1696 4950; x_wconf 81' lang='grc' dir='ltr'>τὴν</span> <span class='ocrx_word' id='word_1_677' title='bbox 1725 4883 1986 4951; x_wconf 77' lang='grc' dir='ltr'>τελευτὴν</span> 
     </span>
    </p>
   </div>
   <div class='ocr_carea' id='block_1_99' title="bbox 416 4969 1984 5042">
    <p class='ocr_par' dir='ltr' id='par_1_99' title="bbox 416 4969 1984 5042">
     <span class='ocr_line' id='line_1_99' title="bbox 416 4969 1984 5042; baseline 0 -18"><span class='ocrx_word' id='word_1_678' title='bbox 416 4972 767 5040; x_wconf 75' lang='grc' dir='ltr'>εὐχομένους.</span> <span class='ocrx_word' id='word_1_679' title='bbox 822 4969 961 5035; x_wconf 83' lang='grc' dir='ltr'>Οὒκ,</span> <span class='ocrx_word' id='word_1_680' title='bbox 1011 4972 1108 5025; x_wconf 71' lang='grc' dir='ltr'><strong>ἐὰν</strong></span> <span class='ocrx_word' id='word_1_681' title='bbox 1157 4974 1284 5041; x_wconf 75' lang='grc' dir='ltr'>ἐμοὶ</span> <span class='ocrx_word' id='word_1_682' title='bbox 1311 4971 1596 5039; x_wconf 70' lang='grc' dir='ltr'><strong>πείθησθε⁸</strong></span> <span class='ocrx_word' id='word_1_683' title='bbox 1631 4972 1748 5024; x_wconf 77' lang='grc' dir='ltr'>ἀλλ’</span> <span class='ocrx_word' id='word_1_684' title='bbox 1800 4973 1848 5024; x_wconf 87' lang='grc' dir='ltr'>εἰ</span> <span class='ocrx_word' id='word_1_685' title='bbox 1907 4974 1984 5042; x_wconf 87' lang='grc' dir='ltr'>μὴ</span> 
     </span>
    </p>
   </div>
   <div class='ocr_carea' id='block_1_100' title="bbox 417 5062 1986 5134">
    <p class='ocr_par' dir='ltr' id='par_1_100' title="bbox 417 5062 1986 5134">
     <span class='ocr_line' id='line_1_100' title="bbox 417 5062 1986 5134; baseline 0.003 -20"><span class='ocrx_word' id='word_1_686' title='bbox 417 5065 704 5134; x_wconf 76' lang='grc' dir='ltr'>πρότερον,</span> <span class='ocrx_word' id='word_1_687' title='bbox 754 5063 849 5116; x_wconf 70' lang='grc' dir='ltr'>νῦν</span> <span class='ocrx_word' id='word_1_688' title='bbox 900 5062 1033 5128; x_wconf 80' lang='grc' dir='ltr'>γοῦν</span> <span class='ocrx_word' id='word_1_689' title='bbox 1093 5064 1372 5126; x_wconf 79' lang='grc' dir='ltr'>παντελῶς</span> <span class='ocrx_word' id='word_1_690' title='bbox 1410 5065 1820 5134; x_wconf 70' lang='grc' dir='ltr'>ἀπιστήσαντες</span> <span class='ocrx_word' id='word_1_691' title='bbox 1871 5068 1986 5127; x_wconf 86' lang='grc' dir='ltr'>τοῖς</span> 
     </span>
    </p>
   </div>
   <div class='ocr_carea' id='block_1_101' title="bbox 420 5154 1988 5227">
    <p class='ocr_par' dir='ltr' id='par_1_101' title="bbox 420 5154 1988 5227">
     <span class='ocr_line' id='line_1_101' title="bbox 420 5154 1988 5227; baseline 0.001 -18"><span class='ocrx_word' id='word_1_692' title='bbox 420 5155 739 5227; x_wconf 80' lang='grc' dir='ltr'>βαρϐάροις,</span> <span class='ocrx_word' id='word_1_693' title='bbox 770 5154 864 5208; x_wconf 70' lang='grc' dir='ltr'><strong>καὶ</strong></span> <span class='ocrx_word' id='word_1_694' title='bbox 894 5156 1284 5216; x_wconf 69' lang='grc' dir='ltr'>πιστεύσαντες</span> <span class='ocrx_word' id='word_1_695' title='bbox 1326 5155 1464 5223; x_wconf 87' lang='grc' dir='ltr'>πρὸς</span> <span class='ocrx_word' id='word_1_696' title='bbox 1495 5154 1554 5208; x_wconf 82' lang='grc' dir='ltr'>ἓν</span> <span class='ocrx_word' id='word_1_697' title='bbox 1585 5155 1772 5215; x_wconf 74' lang='grc' dir='ltr'>αὐτοῖς</span> <span class='ocrx_word' id='word_1_698' title='bbox 1807 5157 1988 5210; x_wconf 86' lang='grc' dir='ltr'>πάντα</span> 
     </span>
    </p>
   </div>
   <div class='ocr_carea' id='block_1_102' title="bbox 417 5246 1987 5317">
    <p class='ocr_par' dir='ltr' id='par_1_102' title="bbox 417 5246 1987 5317">
     <span class='ocr_line' id='line_1_102' title="bbox 417 5246 1987 5317; baseline 0.002 -18"><span class='ocrx_word' id='word_1_699' title='bbox 417 5248 632 5313; x_wconf 84' lang='grc' dir='ltr'>τείνειν,</span> <span class='ocrx_word' id='word_1_700' title='bbox 686 5248 835 5309; x_wconf 83' lang='grc' dir='ltr'>ὅπως</span> <span class='ocrx_word' id='word_1_701' title='bbox 880 5247 1032 5314; x_wconf 75' lang='grc' dir='ltr'>ἡμᾶς</span> <span class='ocrx_word' id='word_1_702' title='bbox 1078 5246 1650 5316; x_wconf 77' lang='grc' dir='ltr'>καταδουλωσάμενοι,</span> <span class='ocrx_word' id='word_1_703' title='bbox 1680 5248 1838 5300; x_wconf 79' lang='grc' dir='ltr'>αὐτοὶ</span> <span class='ocrx_word' id='word_1_704' title='bbox 1887 5249 1987 5317; x_wconf 82' lang='grc' dir='ltr'>μὲν</span> 
     </span>
    </p>
   </div>
   <div class='ocr_carea' id='block_1_103' title="bbox 420 5335 1990 5406">
    <p class='ocr_par' dir='ltr' id='par_1_103' title="bbox 420 5335 1990 5406">
     <span class='ocr_line' id='line_1_103' title="bbox 420 5335 1990 5406; baseline 0 -16"><span class='ocrx_word' id='word_1_705' title='bbox 420 5337 709 5403; x_wconf 73' lang='grc' dir='ltr'>ἀφέλοιντο</span> <span class='ocrx_word' id='word_1_706' title='bbox 757 5336 825 5388; x_wconf 83' lang='grc' dir='ltr'>τὰ</span> <span class='ocrx_word' id='word_1_707' title='bbox 870 5336 1141 5405; x_wconf 77' lang='grc' dir='ltr'>ἡμέτερα,</span> <span class='ocrx_word' id='word_1_708' title='bbox 1190 5337 1302 5397; x_wconf 85' lang='grc' dir='ltr'>τοῖς</span> <span class='ocrx_word' id='word_1_709' title='bbox 1340 5335 1386 5386; x_wconf 77' lang='grc' dir='ltr'>δ’</span> <span class='ocrx_word' id='word_1_710' title='bbox 1433 5336 1725 5406; x_wconf 81' lang='grc' dir='ltr'>ἡμετέροις</span> <span class='ocrx_word' id='word_1_711' title='bbox 1774 5336 1990 5406; x_wconf 82' lang='grc' dir='ltr'>σώμασι</span> 
     </span>
    </p>
   </div>
   <div class='ocr_carea' id='block_1_104' title="bbox 421 5424 1990 5510">
    <p class='ocr_par' dir='ltr' id='par_1_104' title="bbox 421 5424 1990 5503">
     <span class='ocr_line' id='line_1_104' title="bbox 421 5424 1990 5503; baseline 0.002 -25"><span class='ocrx_word' id='word_1_712' title='bbox 421 5424 519 5480; x_wconf 65' lang='grc' dir='ltr'><strong>τὰς</strong></span> <span class='ocrx_word' id='word_1_713' title='bbox 553 5426 663 5478; x_wconf 87' lang='grc' dir='ltr'><strong>τῶν</strong></span> <span class='ocrx_word' id='word_1_714' title='bbox 710 5426 1065 5503; x_wconf 82' lang='grc' dir='ltr'>ἀνδραπόδων</span> <span class='ocrx_word' id='word_1_715' title='bbox 1112 5426 1352 5477; x_wconf 71' lang='grc' dir='ltr'>ὲπιῧεὶιον</span> <span class='ocrx_word' id='word_1_716' title='bbox 1400 5425 1668 5492; x_wconf 80' lang='grc' dir='ltr'>ἀνάγκας,</span> <span class='ocrx_word' id='word_1_717' title='bbox 1708 5427 1766 5477; x_wconf 81' lang='grc' dir='ltr'><strong>οὐ</strong></span> <span class='ocrx_word' id='word_1_718' title='bbox 1826 5429 1990 5497; x_wconf 82' lang='grc' dir='ltr'>μόνον</span> 
     </span>
    </p>
   </div>
   <div class='ocr_carea' id='block_1_105' title="bbox 423 5508 1991 5582">
    <p class='ocr_par' dir='ltr' id='par_1_105' title="bbox 423 5508 1991 5582">
     <span class='ocr_line' id='line_1_105' title="bbox 423 5508 1991 5582; baseline 0.005 -20"><span class='ocrx_word' id='word_1_719' title='bbox 423 5508 727 5577; x_wconf 79' lang='grc' dir='ltr'>ἀπόσχεσθε</span> <span class='ocrx_word' id='word_1_720' title='bbox 755 5508 864 5567; x_wconf 82' lang='grc' dir='ltr'><strong>τῶν</strong></span> <span class='ocrx_word' id='word_1_721' title='bbox 893 5515 1010 5567; x_wconf 70' lang='grc' dir='ltr'>νυνὶ</span> <span class='ocrx_word' id='word_1_722' title='bbox 1038 5512 1441 5582; x_wconf 70' lang='grc' dir='ltr'>βουλευμάτων*</span> <span class='ocrx_word' id='word_1_723' title='bbox 1477 5513 1611 5566; x_wconf 78' lang='grc' dir='ltr'>ἀλλὰ</span> <span class='ocrx_word' id='word_1_724' title='bbox 1644 5516 1738 5568; x_wconf 71' lang='grc' dir='ltr'><strong>καὶ</strong></span> <span class='ocrx_word' id='word_1_725' title='bbox 1763 5514 1991 5581; x_wconf 86' lang='grc' dir='ltr'>δύσνους</span> 
     </span>
    </p>
   </div>
   <div class='ocr_carea' id='block_1_106' title="bbox 422 5599 1991 5677">
    <p class='ocr_par' dir='ltr' id='par_1_106' title="bbox 422 5599 1991 5677">
     <span class='ocr_line' id='line_1_106' title="bbox 422 5599 1991 5677; baseline 0.004 -23"><span class='ocrx_word' id='word_1_726' title='bbox 422 5604 492 5669; x_wconf 73' lang='grc' dir='ltr'>τῇ</span> <span class='ocrx_word' id='word_1_727' title='bbox 526 5599 679 5653; x_wconf 84' lang='grc' dir='ltr'>πόλει</span> <span class='ocrx_word' id='word_1_728' title='bbox 730 5605 1049 5670; x_wconf 79' lang='grc' dir='ltr'>νομίσαντες</span> <span class='ocrx_word' id='word_1_729' title='bbox 1103 5608 1229 5666; x_wconf 83' lang='grc' dir='ltr'>τοὺς</span> <span class='ocrx_word' id='word_1_730' title='bbox 1280 5605 1347 5658; x_wconf 77' lang='grc' dir='ltr'>τὰ</span> <span class='ocrx_word' id='word_1_731' title='bbox 1392 5607 1616 5658; x_wconf 76' lang='grc' dir='ltr'>τοιαῦτα</span> <span class='ocrx_word' id='word_1_732' title='bbox 1672 5607 1991 5677; x_wconf 84' lang='grc' dir='ltr'>τολμῶντας</span> 
     </span>
    </p>
   </div>
   <div class='ocr_carea' id='block_1_107' title="bbox 425 5689 1995 5764">
    <p class='ocr_par' dir='ltr' id='par_1_107' title="bbox 425 5689 1995 5764">
     <span class='ocr_line' id='line_1_107' title="bbox 425 5689 1995 5764; baseline 0.007 -24"><span class='ocrx_word' id='word_1_733' title='bbox 425 5689 559 5758; x_wconf 80' lang='grc' dir='ltr'>ἡμῖν</span> <span class='ocrx_word' id='word_1_734' title='bbox 602 5690 1014 5759; x_wconf 86' lang='grc' dir='ltr'>συμϐουλεύειν,</span> <span class='ocrx_word' id='word_1_735' title='bbox 1054 5693 1297 5746; x_wconf 70' lang='grc' dir='ltr'>πέμπειν</span> <span class='ocrx_word' id='word_1_736' title='bbox 1349 5694 1447 5764; x_wconf 79' lang='grc' dir='ltr'>μὲν</span> <span class='ocrx_word' id='word_1_737' title='bbox 1497 5697 1624 5759; x_wconf 76' lang='grc' dir='ltr'>τοὺς</span> <span class='ocrx_word' id='word_1_738' title='bbox 1657 5698 1755 5763; x_wconf 80' lang='grc' dir='ltr'><strong>τὴν</strong></span> <span class='ocrx_word' id='word_1_739' title='bbox 1790 5697 1995 5751; x_wconf 80' lang='grc' dir='ltr'>Καλλί-</span> 
     </span>
    </p>
   </div>
   <div class='ocr_carea' id='block_1_108' title="bbox 638 5785 1316 5849">
    <p class='ocr_par' dir='ltr' id='par_1_108' title="bbox 638 5785 1316 5849">
     <span class='ocr_line' id='line_1_108' title="bbox 638 5785 1316 5849; baseline 0.001 -4"><span class='ocrx_word' id='word_1_740' title='bbox 638 5790 912 5849; x_wconf 66' lang='grc' dir='ltr'>Ριτιιοι..</span> <span class='ocrx_word' id='word_1_741' title='bbox 943 5789 1061 5849; x_wconf 87' lang='lat' dir='ltr'><strong>Gn.</strong></span> <span class='ocrx_word' id='word_1_742' title='bbox 1111 5785 1316 5848; x_wconf 76' lang='lat' dir='ltr'><strong>CLIV.</strong></span> 
     </span>
    </p>
   </div>
   <div class='ocr_carea' id='block_1_109' title="bbox 2090 4525 3667 4598">
    <p class='ocr_par' dir='ltr' id='par_1_109' title="bbox 2090 4525 3667 4598">
     <span class='ocr_line' id='line_1_109' title="bbox 2090 4525 3667 4598; baseline 0.003 -17"><span class='ocrx_word' id='word_1_743' title='bbox 2090 4534 2275 4596; x_wconf 86' lang='lat' dir='ltr'><strong>pestes</strong></span> <span class='ocrx_word' id='word_1_744' title='bbox 2308 4525 2579 4595; x_wconf 82' lang='lat' dir='ltr'><strong>quaedam,</strong></span> <span class='ocrx_word' id='word_1_745' title='bbox 2608 4527 2919 4598; x_wconf 88' lang='lat' dir='ltr'><strong>morbique,</strong></span> <span class='ocrx_word' id='word_1_746' title='bbox 2965 4531 3215 4598; x_wconf 86' lang='lat' dir='ltr'><strong>contagie</strong></span> <span class='ocrx_word' id='word_1_747' title='bbox 3244 4530 3386 4585; x_wconf 91' lang='lat' dir='ltr'><strong>alios</strong></span> <span class='ocrx_word' id='word_1_748' title='bbox 3417 4531 3667 4587; x_wconf 76' lang='lat' dir='ltr'><strong>inlicien—</strong></span> 
     </span>
    </p>
   </div>
   <div class='ocr_carea' id='block_1_110' title="bbox 2091 4617 3666 4691">
    <p class='ocr_par' dir='ltr' id='par_1_110' title="bbox 2091 4617 3666 4691">
     <span class='ocr_line' id='line_1_110' title="bbox 2091 4617 3666 4691; baseline 0.004 -21"><span class='ocrx_word' id='word_1_749' title='bbox 2091 4617 2210 4671; x_wconf 77' lang='lat' dir='ltr'><strong>tes?</strong></span> <span class='ocrx_word' id='word_1_750' title='bbox 2240 4617 2350 4671; x_wconf 85' lang='lat' dir='ltr'><strong>Nos</strong></span> <span class='ocrx_word' id='word_1_751' title='bbox 2381 4625 2586 4679; x_wconf 84' lang='lat' dir='ltr'><strong>autem.</strong></span> <span class='ocrx_word' id='word_1_752' title='bbox 2614 4633 2684 4672; x_wconf 90' lang='lat' dir='ltr'><strong>ne</strong></span> <span class='ocrx_word' id='word_1_753' title='bbox 2710 4634 2821 4688; x_wconf 89' lang='lat' dir='ltr'><strong>quo</strong></span> <span class='ocrx_word' id='word_1_754' title='bbox 2853 4621 3294 4675; x_wconf 88' lang='lat' dir='ltr'><strong>contradicamus</strong></span> <span class='ocrx_word' id='word_1_755' title='bbox 3317 4621 3539 4691; x_wconf 87' lang='lat' dir='ltr'><strong>quidem</strong></span> <span class='ocrx_word' id='word_1_756' title='bbox 3572 4622 3666 4676; x_wconf 77' lang='lat' dir='ltr'><strong>lia-</strong></span> 
     </span>
    </p>
   </div>
   <div class='ocr_carea' id='block_1_111' title="bbox 2091 4704 3667 4777">
    <p class='ocr_par' dir='ltr' id='par_1_111' title="bbox 2091 4704 3667 4777">
     <span class='ocr_line' id='line_1_111' title="bbox 2091 4704 3667 4777; baseline 0.007 -20"><span class='ocrx_word' id='word_1_757' title='bbox 2091 4704 2362 4758; x_wconf 89' lang='lat' dir='ltr'><strong>bebimus.</strong></span> <span class='ocrx_word' id='word_1_758' title='bbox 2387 4704 2557 4771; x_wconf 62' lang='lat' dir='ltr'><strong>Iusta:</strong></span> <span class='ocrx_word' id='word_1_759' title='bbox 2583 4709 2732 4762; x_wconf 89' lang='lat' dir='ltr'><strong>enim</strong></span> <span class='ocrx_word' id='word_1_760' title='bbox 2762 4707 3195 4777; x_wconf 89' lang='lat' dir='ltr'><strong>vituperationes</strong></span> <span class='ocrx_word' id='word_1_761' title='bbox 3227 4724 3292 4764; x_wconf 86' lang='lat' dir='ltr'><strong>ac</strong></span> <span class='ocrx_word' id='word_1_762' title='bbox 3324 4713 3667 4767; x_wconf 56' lang='lat' dir='ltr'><strong>criminatio-</strong></span> 
     </span>
    </p>
   </div>
   <div class='ocr_carea' id='block_1_112' title="bbox 2090 4795 3669 4869">
    <p class='ocr_par' dir='ltr' id='par_1_112' title="bbox 2090 4795 3669 4869">
     <span class='ocr_line' id='line_1_112' title="bbox 2090 4795 3669 4869; baseline 0.007 -22"><span class='ocrx_word' id='word_1_763' title='bbox 2090 4809 2208 4854; x_wconf 88' lang='lat' dir='ltr'><strong>nes.</strong></span> <span class='ocrx_word' id='word_1_764' title='bbox 2255 4795 2562 4851; x_wconf 89' lang='lat' dir='ltr'><strong>libertatem</strong></span> <span class='ocrx_word' id='word_1_765' title='bbox 2602 4813 2820 4852; x_wconf 89' lang='lat' dir='ltr'><strong>omnem</strong></span> <span class='ocrx_word' id='word_1_766' title='bbox 2873 4800 3172 4854; x_wconf 85' lang='lat' dir='ltr'><strong>excusandi</strong></span> <span class='ocrx_word' id='word_1_767' title='bbox 3209 4800 3488 4869; x_wconf 82' lang='lat' dir='ltr'><strong>auferent;</strong></span> <span class='ocrx_word' id='word_1_768' title='bbox 3522 4802 3669 4860; x_wconf 81' lang='lat' dir='ltr'><strong>ferre</strong></span> 
     </span>
    </p>
   </div>
   <div class='ocr_carea' id='block_1_113' title="bbox 2089 4889 3673 4967">
    <p class='ocr_par' dir='ltr' id='par_1_113' title="bbox 2089 4889 3673 4967">
     <span class='ocr_line' id='line_1_113' title="bbox 2089 4889 3673 4967; baseline 0.006 -28"><span class='ocrx_word' id='word_1_769' title='bbox 2089 4889 2382 4942; x_wconf 88' lang='lat' dir='ltr'><strong>autem&#39;sie</strong></span> <span class='ocrx_word' id='word_1_770' title='bbox 2402 4897 2686 4957; x_wconf 83' lang='lat' dir='ltr'><strong>exceptos,</strong></span> <span class='ocrx_word' id='word_1_771' title='bbox 2722 4905 2829 4958; x_wconf 90' lang='lat' dir='ltr'><strong>qua</strong></span> <span class='ocrx_word' id='word_1_772' title='bbox 2859 4904 2968 4944; x_wconf 91' lang='lat' dir='ltr'><strong>non</strong></span> <span class='ocrx_word' id='word_1_773' title='bbox 3009 4891 3318 4945; x_wconf 86' lang='lat' dir='ltr'><strong>calamitate</strong></span> <span class='ocrx_word' id='word_1_774' title='bbox 3350 4894 3673 4967; x_wconf 65' lang='lat' dir='ltr'><strong>molestius?</strong></span> 
     </span>
    </p>
   </div>
   <div class='ocr_carea' id='block_1_114' title="bbox 2089 4975 3672 5055">
    <p class='ocr_par' dir='ltr' id='par_1_114' title="bbox 2089 4975 3672 5055">
     <span class='ocr_line' id='line_1_114' title="bbox 2089 4975 3672 5055; baseline 0.009 -28"><span class='ocrx_word' id='word_1_775' title='bbox 2089 4975 2431 5045; x_wconf 84' lang='lat' dir='ltr'><strong>Quapropter</strong></span> <span class='ocrx_word' id='word_1_776' title='bbox 2446 4993 2732 5033; x_wconf 91' lang='lat' dir='ltr'><strong>necessum</strong></span> <span class='ocrx_word' id='word_1_777' title='bbox 2751 4988 2810 5033; x_wconf 92' lang='lat' dir='ltr'><strong>ut</strong></span> <span class='ocrx_word' id='word_1_778' title='bbox 2827 4980 2985 5033; x_wconf 85' lang='lat' dir='ltr'><strong>urbes</strong></span> <span class='ocrx_word' id='word_1_779' title='bbox 3002 4979 3275 5050; x_wconf 80' lang='lat' dir='ltr'><strong>fugiamus</strong></span> <span class='ocrx_word' id='word_1_780' title='bbox 3291 4982 3672 5055; x_wconf 79' lang='lat' dir='ltr'><strong>fugiamnsque</strong></span> 
     </span>
    </p>
   </div>
   <div class='ocr_carea' id='block_1_115' title="bbox 2089 5070 3658 5141">
    <p class='ocr_par' dir='ltr' id='par_1_115' title="bbox 2089 5070 3658 5141">
     <span class='ocr_line' id='line_1_115' title="bbox 2089 5070 3658 5141; baseline 0.008 -22"><span class='ocrx_word' id='word_1_781' title='bbox 2089 5075 2412 5133; x_wconf 85' lang='lat' dir='ltr'><strong>conventus,</strong></span> <span class='ocrx_word' id='word_1_782' title='bbox 2434 5075 2602 5138; x_wconf 82' lang='lat' dir='ltr'><strong>atque</strong></span> <span class='ocrx_word' id='word_1_783' title='bbox 2623 5084 2725 5124; x_wconf 90' lang='lat' dir='ltr'><strong>nos</strong></span> <span class='ocrx_word' id='word_1_784' title='bbox 2755 5070 2809 5124; x_wconf 91' lang='lat' dir='ltr'><strong>in</strong></span> <span class='ocrx_word' id='word_1_785' title='bbox 2827 5072 3004 5125; x_wconf 86' lang='lat' dir='ltr'><strong>antris</strong></span> <span class='ocrx_word' id='word_1_786' title='bbox 3021 5073 3353 5141; x_wconf 85' lang='lat' dir='ltr'><strong>quibusdam</strong></span> <span class='ocrx_word' id='word_1_787' title='bbox 3390 5077 3658 5132; x_wconf 89' lang='lat' dir='ltr'><strong>abdcntes</strong></span> 
     </span>
    </p>
   </div>
   <div class='ocr_carea' id='block_1_116' title="bbox 2088 5157 3670 5228">
    <p class='ocr_par' dir='ltr' id='par_1_116' title="bbox 2088 5157 3670 5228">
     <span class='ocr_line' id='line_1_116' title="bbox 2088 5157 3670 5228; baseline 0.006 -18"><span class='ocrx_word' id='word_1_788' title='bbox 2088 5157 2256 5211; x_wconf 87' lang='lat' dir='ltr'><strong>vitam</strong></span> <span class='ocrx_word' id='word_1_789' title='bbox 2284 5172 2531 5226; x_wconf 83' lang='lat' dir='ltr'><strong>agamus,</strong></span> <span class='ocrx_word' id='word_1_790' title='bbox 2549 5158 2790 5214; x_wconf 88' lang='lat' dir='ltr'><strong>celantes</strong></span> <span class='ocrx_word' id='word_1_791' title='bbox 2817 5161 3072 5228; x_wconf 88' lang='lat' dir='ltr'><strong>patriam,</strong></span> <span class='ocrx_word' id='word_1_792' title='bbox 3099 5178 3163 5217; x_wconf 82' lang='lat' dir='ltr'><strong>ac</strong></span> <span class='ocrx_word' id='word_1_793' title='bbox 3191 5174 3423 5218; x_wconf 78' lang='lat' dir='ltr'><strong>mortem</strong></span> <span class='ocrx_word' id='word_1_794' title='bbox 3453 5167 3505 5219; x_wconf 89' lang='lat' dir='ltr'><strong>in</strong></span> <span class='ocrx_word' id='word_1_795' title='bbox 3531 5167 3670 5221; x_wconf 70' lang='lat' dir='ltr'><strong>votis</strong></span> 
     </span>
    </p>
   </div>
   <div class='ocr_carea' id='block_1_117' title="bbox 2090 5246 3666 5320">
    <p class='ocr_par' dir='ltr' id='par_1_117' title="bbox 2090 5246 3666 5320">
     <span class='ocr_line' id='line_1_117' title="bbox 2090 5246 3666 5320; baseline 0.008 -21"><span class='ocrx_word' id='word_1_796' title='bbox 2090 5246 2381 5302; x_wconf 80' lang='lat' dir='ltr'><strong>habentes.</strong></span> <span class='ocrx_word' id='word_1_797' title='bbox 2440 5247 2875 5320; x_wconf 82' lang='lat' dir='ltr'><strong>Haudquaquam</strong></span> <span class='ocrx_word' id='word_1_798' title='bbox 2939 5266 3072 5306; x_wconf 89' lang='lat' dir='ltr'><strong>vero</strong></span> <span class='ocrx_word' id='word_1_799' title='bbox 3129 5254 3173 5306; x_wconf 92' lang='lat' dir='ltr'><strong>si</strong></span> <span class='ocrx_word' id='word_1_800' title='bbox 3228 5255 3363 5308; x_wconf 83' lang='lat' dir='ltr'><strong>mihi</strong></span> <span class='ocrx_word' id='word_1_801' title='bbox 3418 5258 3666 5313; x_wconf 87' lang='lat' dir='ltr'><strong>creditis.</strong></span> 
     </span>
    </p>
   </div>
   <div class='ocr_carea' id='block_1_118' title="bbox 2092 5337 3764 5414">
    <p class='ocr_par' dir='ltr' id='par_1_118' title="bbox 2092 5337 3764 5414">
     <span class='ocr_line' id='line_1_118' title="bbox 2092 5337 3764 5414; baseline 0.008 -24"><span class='ocrx_word' id='word_1_802' title='bbox 2092 5337 2407 5403; x_wconf 78' lang='lat' dir='ltr'><strong>Enimvero,</strong></span> <span class='ocrx_word' id='word_1_803' title='bbox 2460 5341 2546 5394; x_wconf 93' lang='lat' dir='ltr'><strong>sin</strong></span> <span class='ocrx_word' id='word_1_804' title='bbox 2598 5342 2753 5410; x_wconf 88' lang='lat' dir='ltr'><strong>prius</strong></span> <span class='ocrx_word' id='word_1_805' title='bbox 2815 5343 3212 5414; x_wconf 88' lang='lat' dir='ltr'><strong>bacteuusque,</strong></span> <span class='ocrx_word' id='word_1_806' title='bbox 3265 5347 3427 5401; x_wconf 93' lang='lat' dir='ltr'><strong>modo</strong></span> <span class='ocrx_word' id='word_1_807' title='bbox 3474 5348 3666 5402; x_wconf 83' lang='lat' dir='ltr'><strong>saltem</strong></span> <span class='ocrx_word' id='word_1_808' title='bbox 3756 5391 3764 5397; x_wconf 94' lang='lat'><strong>.</strong></span> 
     </span>
    </p>
   </div>
   <div class='ocr_carea' id='block_1_119' title="bbox 2099 5428 3671 5506">
    <p class='ocr_par' dir='ltr' id='par_1_119' title="bbox 2099 5428 3671 5506">
     <span class='ocr_line' id='line_1_119' title="bbox 2099 5428 3671 5506; baseline 0.006 -26"><span class='ocrx_word' id='word_1_809' title='bbox 2099 5428 2250 5482; x_wconf 89' lang='lat' dir='ltr'><strong>omni</strong></span> <span class='ocrx_word' id='word_1_810' title='bbox 2279 5429 2495 5494; x_wconf 86' lang='lat' dir='ltr'><strong>penitus</strong></span> <span class='ocrx_word' id='word_1_811' title='bbox 2530 5430 2786 5487; x_wconf 74' lang='lat' dir='ltr'><strong>Bai-beris</strong></span> <span class='ocrx_word' id='word_1_812' title='bbox 2833 5443 3030 5503; x_wconf 86' lang='lat' dir='ltr'><strong>negata</strong></span> <span class='ocrx_word' id='word_1_813' title='bbox 3069 5434 3199 5498; x_wconf 85' lang='lat' dir='ltr'><strong>tide,</strong></span> <span class='ocrx_word' id='word_1_814' title='bbox 3231 5445 3493 5506; x_wconf 85' lang='lat' dir='ltr'><strong>certoque</strong></span> <span class='ocrx_word' id='word_1_815' title='bbox 3537 5452 3671 5506; x_wconf 83' lang='lat' dir='ltr'><strong>per-</strong></span> 
     </span>
    </p>
   </div>
   <div class='ocr_carea' id='block_1_120' title="bbox 2092 5518 3674 5594">
    <p class='ocr_par' dir='ltr' id='par_1_120' title="bbox 2092 5518 3674 5594">
     <span class='ocr_line' id='line_1_120' title="bbox 2092 5518 3674 5594; baseline 0.007 -21"><span class='ocrx_word' id='word_1_816' title='bbox 2092 5518 2264 5581; x_wconf 87' lang='lat' dir='ltr'><strong>suasi,</strong></span> <span class='ocrx_word' id='word_1_817' title='bbox 2296 5534 2362 5574; x_wconf 88' lang='lat' dir='ltr'><strong>eo</strong></span> <span class='ocrx_word' id='word_1_818' title='bbox 2392 5535 2489 5574; x_wconf 89' lang='lat' dir='ltr'><strong>sua</strong></span> <span class='ocrx_word' id='word_1_819' title='bbox 2525 5522 2707 5575; x_wconf 83' lang='lat' dir='ltr'><strong>omnia</strong></span> <span class='ocrx_word' id='word_1_820' title='bbox 2734 5523 2965 5577; x_wconf 88' lang='lat' dir='ltr'><strong>consilia</strong></span> <span class='ocrx_word' id='word_1_821' title='bbox 2995 5524 3252 5594; x_wconf 83' lang='lat' dir='ltr'><strong>dirigere,</strong></span> <span class='ocrx_word' id='word_1_822' title='bbox 3290 5536 3352 5581; x_wconf 92' lang='lat' dir='ltr'><strong>ut</strong></span> <span class='ocrx_word' id='word_1_823' title='bbox 3381 5524 3674 5583; x_wconf 72' lang='lat' dir='ltr'><strong>nos&#39;rcdi-</strong></span> 
     </span>
    </p>
   </div>
   <div class='ocr_carea' id='block_1_121' title="bbox 2092 5612 3664 5686">
    <p class='ocr_par' dir='ltr' id='par_1_121' title="bbox 2092 5612 3664 5686">
     <span class='ocr_line' id='line_1_121' title="bbox 2092 5612 3664 5686; baseline 0.008 -24"><span class='ocrx_word' id='word_1_824' title='bbox 2092 5618 2284 5680; x_wconf 78' lang='lat' dir='ltr'><strong>gentes</strong></span> <span class='ocrx_word' id='word_1_825' title='bbox 2329 5612 2386 5664; x_wconf 90' lang='lat' dir='ltr'><strong>in</strong></span> <span class='ocrx_word' id='word_1_826' title='bbox 2441 5612 2783 5678; x_wconf 88' lang='lat' dir='ltr'><strong>servitutem,</strong></span> <span class='ocrx_word' id='word_1_827' title='bbox 2837 5613 2940 5684; x_wconf 91' lang='lat' dir='ltr'><strong>ipsi</strong></span> <span class='ocrx_word' id='word_1_828' title='bbox 2994 5630 3082 5670; x_wconf 88' lang='lat' dir='ltr'><strong>res</strong></span> <span class='ocrx_word' id='word_1_829' title='bbox 3131 5616 3383 5671; x_wconf 79' lang='lat' dir='ltr'><strong>auferant</strong></span> <span class='ocrx_word' id='word_1_830' title='bbox 3430 5628 3664 5686; x_wconf 86' lang='lat' dir='ltr'><strong>nostras,</strong></span> 
     </span>
    </p>
   </div>
   <div class='ocr_carea' id='block_1_122' title="bbox 2094 5700 3672 5774">
    <p class='ocr_par' dir='ltr' id='par_1_122' title="bbox 2094 5700 3672 5774">
     <span class='ocr_line' id='line_1_122' title="bbox 2094 5700 3672 5774; baseline 0.008 -20"><span class='ocrx_word' id='word_1_831' title='bbox 2094 5700 2603 5773; x_wconf 88' lang='lat' dir='ltr'><strong>mancipiorumque</strong></span> <span class='ocrx_word' id='word_1_832' title='bbox 2634 5703 2916 5774; x_wconf 87' lang='lat' dir='ltr'><strong>obsequiis</strong></span> <span class='ocrx_word' id='word_1_833' title='bbox 2957 5721 3021 5762; x_wconf 88' lang='lat' dir='ltr'><strong>ac</strong></span> <span class='ocrx_word' id='word_1_834' title='bbox 3071 5707 3495 5765; x_wconf 87' lang='lat' dir='ltr'><strong>necessitatibus</strong></span> <span class='ocrx_word' id='word_1_835' title='bbox 3539 5710 3672 5767; x_wconf 84' lang='lat' dir='ltr'><strong>sub—</strong></span> 
     </span>
    </p>
   </div>
   <div class='ocr_carea' id='block_1_123' title="bbox 3237 5804 3316 5864">
    <p class='ocr_par' dir='ltr' id='par_1_123' title="bbox 3237 5804 3316 5864">
     <span class='ocr_line' id='line_1_123' title="bbox 3237 5804 3316 5864; baseline 0.013 -1"><span class='ocrx_word' id='word_1_836' title='bbox 3237 5804 3316 5864; x_wconf 88' lang='lat'><strong>33</strong></span> 
     </span>
    </p>
   </div>
  </div>
