4068 6442
520 272 660 338 1035
1386 256 1409 264 “
1773 261 2155 324 DEMETRII
2192 258 2505 323 CYDONII
3616 263 3726 327 1035

510 384 706 455 jiciant
734 398 990 456 corpora,
1022 387 1224 443 nedum
1255 401 1284 440 a
1314 380 1678 456 praesentibus
1718 394 1817 435 vos
1855 378 2101 434 consiliis

2137 385 2176 440 Α
2213 376 2370 428 πολιν
2419 374 2778 442 φυλάξοντας,
2831 372 3118 427 καὶπάνθ’
3164 373 3301 427 ὅσων
3328 374 3430 428 δέοι
3475 375 3599 446 πρὸς
3642 378 3728 446 τὴν

516 471 820 539 abstinete;
854 473 987 542 quin
1014 483 1068 530 et
1098 476 1220 531 urbi
1252 473 1550 529 malevolos
1574 470 1975 531 existimantes,
2008 482 2107 524 eos

2207 466 2512 537 ἀσφάλειαν
2538 466 2634 518 καὶ
2663 468 3131 536 προνοησομένους
3157 465 3253 519 καὶ
3275 463 3584 537 πράξοντας,
3605 466 3731 531 ὅπως
3785 542 3788 549 1

518 563 613 631 qui
662 562 823 618 nobis
855 565 982 619 talia
1029 566 1236 620 audent
1269 564 1583 626 consulere,
1620 561 1905 615 mittamus
1937 559 2103 612 Calli-

2204 557 2272 611 ἃν
2305 557 2503 629 βεϐαία
2538 556 2849 627 παραμένοι
2896 557 2962 626 τῇ
3018 554 3193 609 πόλει·
3229 555 3425 618 αὐτοὺς
3480 555 3535 609 δὲ
3560 556 3732 625 ἄνδρας
3788 552 3792 563 “

517 652 686 722 polim
740 655 1133 721 praesidiarios,
1183 656 1392 726 quique
1436 650 1749 711 necessaria
1798 650 1982 704 omnia
2035 648 2106 704 ad

2205 649 2505 717 γεγονότας
2552 645 2694 720 τύχῃ
2745 646 2925 716 ἀγαθῇ
2976 650 3076 715 τὴν
3128 645 3361 716 πατρίδα
3424 638 3760 715 ἐλευθεροῦν(

436 750 437 753 ‘
519 741 710 795 urbem
751 743 1009 797 tuendam
1048 745 1374 814 provideant
1418 742 1627 812 pariter
1670 756 1732 794 ac
1763 748 1952 808 agant,
1998 757 2042 810 qi

2208 740 2424 811 Εἴρηκα
2454 738 2490 793 ἃ
2541 739 2746 808 νομίζω
2781 738 3105 808 συμφέρειν·
3132 737 3317 809 -ὑμεῐς
3363 736 3418 790 δὲ
3448 735 3641 789 ἕλοισθε
3683 735 3734 788 τὸ

523 829 647 898 ejus
691 828 855 884 ﬁrma
899 835 1172 901 possessio
1220 832 1342 888 urbi
1395 839 1660 885 maneat:
1695 844 1906 900 nosque
1963 830 2107 885 virili

1455 839 1615 885 aneat
1646 847 1660 883 :
1695 844 1906 900 nosque
1963 830 2107 885 virili
2214 830 2407 899 μέλλον
2445 832 2599 900 κοινῇ
2643 830 2935 884 συνοίσειν.
3052 875 3060 887 .

515 929 803 982 assumpto
823 924 1007 977 animo
1036 925 1210 980 fauste
1235 922 1512 993 contingat
1537 921 1819 977 vindicare
1875 921 2130 991 patriam.
2171 922 2289 978 Dixi
2325 922 2473 991 quod
2517 922 2828 978 conducere
2872 923 3141 989 arbitror;
3206 938 3306 977 vos
3351 920 3527 992 el‘gitc
3555 917 3684 989 quod
3712 930 3739 972 ο

523 1019 586 1061 re
612 1010 890 1062 communi
919 1012 1163 1065 futurum
1200 1011 1271 1067 sit
1960 1015 1984 1031 ”’

1445 1370 2146 1483 DEMETBII
2256 1367 2862 1548 CYDONlI

1990 1585 2294 1643 MONODIA

1071 1724 1174 1784 DE
1212 1724 1650 1787 SEDITIONE
1692 1720 2459 1813 THESSALONICENSI,
2503 1724 2725 1787 ANNO
2784 1724 3219 1787 MCCCXLIII.

1159 1874 1324 1925 Exstat
1345 1873 1471 1927 inter
1501 1871 1772 1938 Scriptores
1797 1878 1905 1939 post
1930 1872 2288 1940 Theophanem,
2315 1877 2516 1931 huiusce
2538 1871 2836 1938 Patrologiaz
2864 1876 2981 1923 tom.
3004 1870 3135 1921 CII.

1537 2224 2153 2329 DEMETRII
2257 2226 2784 2333 CYDONll

1935 2429 2381 2489 TRANSLATIO

516 2591 724 2653 LIBRI
762 2557 1126 2651 ‘FRATRIS
1176 2587 1571 2651 BICHARDI
1631 2583 1744 2666 ll),
1802 2589 2133 2651 ORDINIS
2192 2585 2884 2665 PBEDICATORUM,
2939 2592 3262 2655 CONTRA
3333 2586 3752 2654 MAHOMLTI

1948 2690 2289 2752 ASSECLA
2302 2691 2365 2751 S.
3178 2684 3198 2702 ”

1381 2848 1613 2914 (Basilest
1638 2849 1775 2900 ιὸιδ.
1819 2848 1895 2901 De
1917 2863 2006 2901 aac
2034 2851 2255 2901 editione
2291 2848 2407 2899 vide
2429 2862 2577 2913 supra
2599 2851 2695 2904 col.
2726 2856 2836 2919 571,
2866 2859 2991 2919 not.)

1670 3121 2277 3182 BARTHULOMzEUS
2314 3119 2531 3176 PICEN
2544 3118 2629 3177 US

1813 3246 1911 3301 DE
1956 3242 2469 3307 MONTEARDUO,

959 3360 1447 3420 FERDINANDO
1486 3359 1667 3418 REGI
1701 3358 2100 3416 ARAGONIE
2146 3359 2240 3414 ET
2277 3358 2684 3426 UTRIUSQUE
2724 3360 3015 3420 81611,ιῶ
3051 3364 3111 3422 S.
3150 3365 3213 3421 P.
3260 3367 3330 3422 D.

522 3548 527 3553 ,
585 3491 714 3547 Cum
752 3488 1047 3544 Demetrius
1077 3484 1363 3556 Cydonius,
1397 3484 1477 3539 uir
1517 3484 1791 3552 utriusque
1844 3481 2043 3552 lingua:
2072 3481 2445 3551 peritissimus,
2481 3497 2509 3534 e
2544 3480 2731 3536 Latino
2769 3483 2826 3537 in
2859 3483 3104 3539 ercum
3139 3500 3273 3556 Opus
3313 3484 3559 3540 Richardi
3589 3479 3755 3553 fratris

511 3588 708 3642 ordinis
739 3583 1155 3639 Prwdicatorum
1189 3579 1564 3643 transtulisset,
1592 3593 1697 3631 non
1724 3576 1791 3631 ab
1816 3592 1872 3628 re
1909 3577 2033 3629 mihi
2071 3576 2241 3630 uisum
2274 3586 2375 3640 est,
2399 3577 2729 3630 serenissime
2758 3587 2917 3648 atque
2943 3578 3195 3634 catholice
3229 3596 3344 3647 rex,
3381 3580 3513 3634 illud
3539 3592 3702 3632 rursus
3728 3587 3755 3625 ο

514 3682 697 3737 Graeco
730 3681 786 3733 in
820 3679 1065 3733 Latinum
1109 3685 1406 3730 conuertere
1430 3689 1449 3727 :
1486 3689 1590 3727 non
1629 3689 1698 3743 qu
1717 3673 1783 3725 cd
1831 3671 1974 3736 apud
2009 3668 2227 3725 Latinos
2267 3671 2572 3742 huiusmodi
2620 3688 2749 3743 opus
2783 3681 2990 3730 exstare
3027 3690 3132 3729 non
3179 3676 3493 3741 existimem,
3528 3673 3615 3728 sed
3648 3684 3753 3724 cum

511 3775 753 3830 uidissem
785 3771 1105 3827 Demetrium
1132 3769 1426 3840 Cydoniam
1464 3764 1776 3835 opusculum
1808 3764 1946 3819 illud
1976 3781 2003 3818 e
2034 3764 2229 3820 Latino
2276 3767 2333 3819 in
2384 3765 2628 3822 Graecum
2668 3768 2982 3839 elegantiori
3030 3769 3166 3840 stylo
3202 3771 3556 3834 transtulisse,
3583 3769 3755 3822 idcirco

509 3885 608 3937 pro
661 3866 856 3920 viribus
900 3872 1123 3917 conatus
1172 3876 1291 3915 sum
1339 3857 1575 3914 libellum
1603 3854 1754 3910 illum
1789 3856 1983 3909 iterum
2029 3871 2093 3908 ea
2139 3855 2346 3911 dicendi
2380 3854 2645 3926 elegantia
2691 3874 2903 3928 quoquo
2956 3859 3110 3913 modo
3158 3860 3212 3913 in
3259 3871 3498 3914 nostram
3539 3858 3776 3929 linguam

510 3963 819 4031 transferre,
856 3967 905 4012 et
957 3973 1074 4012 eum
1108 3957 1163 4011 in
1198 3954 1497 4009 nitidiorem
1532 3950 1734 4006 cultum
1764 3950 2228 4020 candidioremque
2269 3950 2467 4021 stylum
2498 3968 2594 4020 pro
2651 3953 2845 4008 viribus
2904 3955 3160 4023 redigere,
3211 3965 3259 4007 et
3287 3954 3401 4020 tibi,
3449 3953 3756 4010 serenissima

510 4070 668 4129 atque
716 4053 970 4110 catholica
1004 4068 1119 4115 rex,
1162 4049 1318 4104 illum
1350 4047 1600 4102 dedicare
1648 4045 1853 4109 debere,
1896 4047 1986 4116 qui
2034 4044 2180 4100 solus
2233 4048 2374 4100 inter
2420 4045 2844 4101 Christianorum
2889 4063 3037 4118 reges
3083 4048 3183 4101 hac
3233 4056 3420 4102 nostra
3475 4048 3757 4113 tempestate

511 4150 949 4204 Hahametanam
974 4154 1173 4199 sectam
1210 4144 1457 4197 maximis
1485 4140 1720 4195 cladibus
1755 4141 1996 4211 effecisti.
2027 4140 2169 4195 Nam
2196 4157 2302 4196 non
2333 4143 2612 4197 minimam
2644 4144 2858 4197 tandem
2895 4145 2984 4196 tibi
3015 4145 3364 4213 comparasti,
3400 4160 3517 4198 cum
3542 4142 3755 4196 Batiam

510 4240 859 4311 provinciam,
890 4251 1008 4307 qua:
1038 4250 1130 4305 per
1157 4234 1481 4301 octingentos
1512 4245 1676 4284 annos
1708 4228 2142 4285 Mahometanam
2187 4230 2362 4302 ﬁdem
2396 4232 2656 4297 coluerat,
2708 4234 2763 4286 in
2813 4232 3237 4288 Christianorum
3269 4245 3580 4305 potestatem
3625 4231 3757 4283 mle-

507 4334 654 4405 gisti,
686 4341 735 4386 et
782 4324 941 4385 nune
969 4329 1270 4382 universam
1305 4324 1544 4393 Africam
1595 4338 1788 4393 capere
1837 4325 2084 4379 intendas
2127 4340 2147 4379 :
2183 4336 2347 4396 quam
2403 4325 2564 4396 facile
2619 4328 2826 4396 assequi
2883 4327 3101 4397 poteris,
3145 4343 3265 4381 cum
3296 4340 3481 4398 gentes
3528 4324 3635 4379 illa:
3675 4322 3757 4372 hoc

511 4436 745 4496 tempore
799 4423 1035 4479 imbelles
1092 4420 1220 4483 sint,
1254 4417 1503 4488 quoniam
1552 4433 1671 4471 cum
1700 4418 2019 4473 Christianis
2082 4420 2176 4472 diu
2225 4436 2465 4490 pugnare
2521 4437 2628 4474 non
2659 4436 2988 4477 consuevere.
3034 4421 3308 4492 Diﬁrilius
3350 4424 3491 4476 enim
3539 4420 3628 4475 tibi
3666 4418 3755 4485 [ιιιι

512 4521 555 4575 Β
591 4520 750 4572 ticam
783 4531 909 4587 prov
935 4515 1110 4567 nciam
1159 4526 1491 4581 expugnare,
1528 4527 1689 4579 quam
1721 4518 1889 4564 totum
1914 4513 2155 4581 Africam
2183 4512 2239 4565 in
2271 4518 2583 4583 potestatem
2629 4522 2781 4568 tuam
2815 4528 3071 4570 asserere.
3119 4512 3294 4569 Erant
3322 4516 3466 4569 enim
3492 4516 3545 4569 in
3593 4508 3759 4564 Belica

512 4614 706 4667 milites
737 4610 818 4664 illi
859 4607 1235 4669 s'renuissimi,
1265 4621 1387 4659 cum
1426 4605 1667 4675 Hispano
1687 4605 1857 4682 milite
1887 4607 2077 4660 bellari
2106 4623 2312 4675 semper
2344 4610 2582 4674 assueti;
2626 4617 2683 4663 at
2731 4610 2785 4664 lii
2816 4621 3002 4665 contra
3034 4611 3268 4666 homines
3295 4611 3501 4680 ignaui,
3535 4603 3692 4662 uentri
3713 4607 3758 4652 ct

509 4703 617 4755 otio
643 4700 828 4763 dediti,
860 4713 979 4751 cum
1018 4694 1320 4751 Christiano
1347 4697 1556 4750 nomine
1576 4696 1698 4766 jam
1727 4698 1816 4750 diu
1848 4697 2090 4765 proeliari
2120 4696 2341 4764 desueti,
2374 4715 2466 4753 nec
2527 4708 2653 4755 sunt
2689 4702 2742 4755 in
2791 4702 2931 4756 bello
2962 4704 3252 4769 exercitati,
3278 4701 3469 4772 quales
3492 4698 3615 4755 olim
3643 4698 3757 4749 duce

511 4791 771 4849 Annibale
802 4789 1117 4861 Hispaniam
1145 4796 1193 4841 et
1225 4786 1446 4842 Italiam
1478 4799 1837 4859 occuparunt.
1875 4789 1982 4843 Nec
2027 4805 2147 4843 eam
2177 4805 2390 4859 capiam
2438 4807 2714 4846 armorum
2753 4793 2967 4857 habent,
3004 4810 3164 4864 quam
3201 4794 3471 4864 Hispanus
3499 4789 3660 4852 miles,
3706 4784 3755 4835 ἂι

510 4883 642 4937 bello
673 4882 1070 4937 strenuissimus
1095 4888 1143 4932 et
1177 4880 1662 4945 exercitatissimus,
1691 4881 1884 4936 habere
1912 4881 2127 4935 dicitur.
2182 4881 2288 4937 Nec
2320 4884 2393 4937 ibi
2427 4899 2636 4953 magna:
2683 4886 2873 4939 desunt
2921 4902 3064 4956 apes,
3106 4887 3291 4955 quibus
3330 4886 3557 4940 militum
3604 4874 3753 4935 animi

508 4995 597 5049 spe
631 4979 827 5048 prada:
858 4977 1105 5030 maxime:
1141 4976 1522 5030 accendantur.
1556 4976 1753 5030 Omnia
1788 4978 1884 5030 tibi
1920 4994 2169 5047 prospere
2206 4982 2503 5047 succedent,
2543 4982 2589 5034 si
2607 4982 2859 5052 reliquias
2892 4986 3082 5053 incepti
3114 4985 3238 5039 belli
3270 4986 3629 5055 prosequaris.
3659 4979 3755 5035 Nec

510 5084 585 5128 est
617 5070 755 5143 quod
788 5084 1024 5133 vereare,
1051 5067 1246 5123 bellum
1270 5072 1325 5122 in
1363 5054 1627 5139 Hispania
1656 5071 1749 5124 tibi
1770 5072 1836 5125 ab
1871 5071 2140 5139 aliquibus
2177 5076 2393 5136 moveri,
2430 5079 2725 5146 praesertim
2762 5080 2859 5132 hoc
2906 5087 3156 5149 tempore,
3198 5096 3330 5133 nouo
3362 5054 3461 5134 tibi
3503 5081 3565 5133 ob
3599 5074 3753 5147 afﬁni-

512 5172 672 5214 tatem
712 5177 831 5213 cum
861 5158 1308 5212 Christianissimo
1340 5157 1678 5215 Francorum
1711 5177 1831 5231 rege
1871 5162 2063 5230 findere
2125 5164 2276 5217 inito.
2326 5164 2651 5237 Prosequere
2700 5169 2862 5237 igitur
2900 5169 3207 5225 inchoatum
3233 5170 3456 5235 bellum,
3502 5179 3553 5223 et
3595 5175 3752 5221 omnis

511 5253 643 5306 t-ires
673 5259 790 5303 tuas
817 5250 870 5302 in
898 5250 936 5301 Α
946 5251 1137 5319 fricans
1161 5251 1416 5321 transfer.
1482 5252 1655 5317 Quam
1684 5254 1846 5322 facile
1879 5254 1987 5309 Deo
2008 5256 2139 5309 duce
2160 5257 2492 5328 aubjugabis,
2517 5268 2565 5327 et
2590 5273 2651 5312 ea
2685 5259 2895 5330 quidem
2923 5262 3164 5328 subacta,
3189 5274 3237 5315 et
3261 5264 3318 5315 in
3350 5262 3752 5316 Christianorum

511 5349 821 5414 potestatem
848 5346 1085 5409 redacta,
1120 5344 1277 5413 facile
1308 5346 1495 5400 deinde
1525 5347 1949 5419 Hierosolymam
1994 5352 2345 5422 recuperabis,
2401 5369 2520 5422 qua:
2571 5361 2684 5408 tam
2728 5355 2941 5424 ampla,
2998 5366 3109 5411 tam
3158 5355 3369 5424 fertilis,
3423 5365 3535 5409 tam
3584 5356 3750 5406 sancta

511 5442 655 5488 terra
685 5430 895 5488 sultano
923 5435 1206 5507 Babylonis
1230 5437 1325 5491 hoc
1365 5449 1598 5502 tempore
1636 5449 1806 5505 paret.
1843 5443 1950 5504 Qui
1976 5450 2157 5495 autem
2198 5454 2337 5495 nunc
2370 5460 2489 5498 eam
2520 5446 2757 5514 patriam
2800 5455 3067 5516 tutantur,
3097 5454 3237 5505 servi
3270 5444 3396 5501 sunt
3428 5442 3656 5501 venula,
3691 5440 3748 5483 ⁸³

587 5569 664 5640 (Ι)
694 5555 1175 5650 Νἰοοιουὲοϐυεο
1217 5578 1493 5650 Ricoldum
1539 5581 1826 5650 nominat;
1873 5580 2186 5641 Richaldum
2247 5586 2491 5645 Joannes
2523 5588 2938 5646 Cantacuzeuus
2975 5568 3116 5646 orat.
3180 5590 3207 5643 ί
3276 5588 3333 5642 in
3396 5578 3746 5637 mhomewm

519 5654 671 5697 nutri.
698 5646 750 5700 4.
783 5647 1026 5705 Meminit
1051 5651 1200 5705 illius
1231 5649 1645 5704 Volaterranus.
