4068 6520
310 4538 360 4585 δ

442 365 574 427 1037
1593 355 1898 418 comas
1927 348 2434 413 MAHOMETEM.
2497 420 2502 435 ,
2680 364 2681 367 ~
3532 333 3666 398 1038

432 479 649 533 diuersis
678 479 958 547 provinciis
987 460 1166 547 empti,
1205 485 1252 529 et
1284 473 1574 544 hifquidem
1606 473 1676 525 ad
1704 485 1970 525 summam
2003 467 2192 538 uiginti
2224 464 2451 519 millium
2488 478 2591 516 non
2623 460 2932 515 ascendunt.
2979 456 3080 522 Qui
3132 473 3247 509 cum
3303 454 3465 508 coacti
3496 462 3667 507 essent

436 590 471 630 α
505 574 820 628 Christiana
854 572 1102 641 religione
1130 571 1415 633 discedere,
1470 568 1903 621 Maltometanam
1962 578 2100 615 nunc
2151 568 2344 614 sectam
2397 567 2706 626 sequuntur.
2762 552 2968 620 Reliqui
2998 565 3117 604 vero
3156 547 3412 603 Saraceni
3471 547 3559 617 qui
3593 547 3668 600 eis

433 667 808 734 subjiciuntur,
842 639 999 729 quam
1030 661 1214 716 molles
1241 662 1345 714 sint
1378 668 1425 712 et
1461 650 1765 731 effeminati,
1816 670 1879 707 ea:
1917 655 2009 708 hoc
2057 653 2350 719 conjectare
2380 664 2675 718 possumus,
2722 647 2862 717 quod
2908 646 2989 699 his
3042 658 3311 712 nunquam
3361 639 3481 721 licet
3515 657 3668 695 arma

440 767 692 823 tractare,
727 774 822 811 nec
848 773 1034 826 equum
1069 756 1370 817 ascendere,
1405 769 1497 806 nec
1552 750 1703 805 virile
1742 750 2030 820 quidquam
2085 748 2280 816 facere,
2334 745 2425 798 sed
2466 744 2548 798 uel
2588 744 2993 812 agriculturam,
3042 739 3126 795 vel
3181 746 3554 804 mercaturam,
3587 737 3669 792 uel

356 883 363 886 ο
439 852 553 906 alia
595 819 900 922 huiusmodi
924 847 1049 902 vilia
1081 855 1338 900 exercent.
1370 845 1520 909 Quod
1543 860 1661 897 cum
1683 844 1759 896 ita
1786 843 1877 905 sit,
1902 841 2100 893 nemini
2116 838 2325 892 dubium
2348 845 2423 891 est
2438 837 2563 907 quin
2592 836 2839 905 facillime
2864 851 2928 889 ea:
2957 851 3020 889 ea
3045 835 3371 903 expeditione
3399 819 3671 887 victoriam

437 963 556 1000 cum
607 947 837 999 maximo
894 944 1155 1011 triumpho
1205 943 1277 994 sis
1332 947 1720 1009 reportaturus,
1780 943 1830 987 et
1878 936 2145 988 civitatem
2203 941 2447 988 sanctam
2508 930 2971 1001 Hierosolyntam,‘
2993 932 3049 984 in
3083 947 3185 999 qua
3213 927 3461 984 Salvator
3492 939 3672 983 noster

441 1041 695 1095 Dominus
731 1038 880 1092 Iesus
913 1036 1152 1091 Christus
1183 1034 1529 1103 anngelium
1587 1030 1892 1099 pra’dicavit
1943 1038 1992 1081 et
2024 1027 2226 1082 Novum
2264 1025 2651 1080 Testamentum
2685 1026 2828 1079 nobis
2865 1026 3155 1088 constituit,
3198 1024 3264 1078 ab
3290 1025 3673 1080 immanissima

447 1131 945 1185 Maltometanorum
973 1128 1345 1199 superstitione
1379 1125 1645 1178 liberabis.
1681 1121 1812 1187 Qua:
1842 1137 2000 1191 quam
2023 1136 2158 1173 uana
2188 1120 2456 1189 sit,quam
2491 1118 2878 1189 {rivola,quam
2918 1118 3112 1173 nullius
3149 1120 3417 1184 momenti,
3446 1120 3500 1172 in
3533 1131 3671 1186 prcc-

438 1222 733 1276 sentiarum
768 1220 901 1274 nihil
953 1220 1143 1273 attinet
1185 1220 1378 1277 dicere.
1409 1217 1656 1284 quoniam
1685 1230 1803 1269 eam
1834 1222 1956 1267 tunc
1995 1211 2222 1283 primum
2251 1210 2528 1281 intelliges,
2580 1226 2699 1263 cum
2729 1212 2866 1264 hanc
2915 1208 3167 1263 Richardi
3209 1209 3393 1278 fratris
3424 1208 3672 1280 confuta-

440 1316 634 1369 tiouem
671 1312 950 1384 diligenter
976 1311 1316 1365 lectitaveris.
1362 1307 1515 1363 Vale.

456 1550 768 1620 Ῥικάρδου
807 1551 914 1605 τοῦ
958 1548 1039 1615 τῷ
1081 1546 1329 1618 τάγματι
1370 1547 1488 1602 τῶν
1531 1546 1692 1616 παρὰ
1732 1547 2010 1610 Λατίνοις

2127 1543 2364 1600 Richardi
2394 1561 2458 1599 ex
2477 1546 2658 1600 ordine
2691 1546 2963 1610 Fratrum,
2994 1546 3084 1612 qui
3120 1545 3262 1614 apud
3296 1544 3509 1600 Latinos
3534 1545 3707 1622 Prat-_

512 1645 903 1710 καλουμένων
933 1640 1226 1711 Ἀδελφῶν
1263 1639 1708 1708 Πρεδικατόρων
1742 1639 2005 1692 κατειλε-

514 1732 734 1800 τμένου
779 1729 1089 1796 ἀνασκευὴ
1139 1728 1252 1796 τῆς
1298 1728 1461 1796 παρὰ
1511 1727 1617 1781 τοῦ
1671 1723 2009 1793 καταράτου

514 1820 834 1890 Μαχουμὲθ
866 1819 987 1886 τοῖς
1022 1819 1428 1888 Σαρῤακην-οῖς
1460 1817 1738 1883 τεθείσης
1768 1816 2011 1882 νομοθε-

513 1917 686 1981 σίας,
715 1913 1143 1982 μετενεχθεῒσα
1174 1911 1242 1964 ἐκ
1274 1909 1385 1979 τῆς
1418 1908 1659 1978 Ἰταλῆς
1689 1905 2011 1962 διαλέκτου

512 2004 601 2070 είς
622 2003 738 2072 τὴν
767 2000 1031 2059 Ἑλλάδα
1054 1999 1153 2053 διά
1177 2014 1345 2065 τινος
1365 1999 1729 2067 Δημητρίου.

523 2135 543 2169 ι
590 2115 759 2169 Πόσαι
799 2114 941 2168 εἰσὶν
978 2115 1035 2169 al
1076 2114 1277 2186 ἡμέραι
1314 2112 1407 2166 τοῦ
1478 2111 1668 2166 δούλου
1714 2126 1840 2177 σου;
1879 2109 2013 2163 Πότε

447 2209 694 2277 ποιήσεις
727 2221 818 2277 μοι
849 2206 915 2259 ἐκ
945 2205 1052 2258 τῶν
1085 2203 1529 2258 καταδιωκόντων
1546 2219 1613 2271 με
1647 2202 1861 2273 κρίσινς
1892 2203 2017 2269 Διη-

447 2299 683 2369 γήσαντό
725 2314 815 2367 μοι
854 2297 1160 2366 παράνομοι
1199 2294 1551 2364 ἀδολεσχίας·
1587 2292 1704 2350 ἀλλ⁹
1728 2293 1829 2363 οὐχ
1870 2292 1947 2353 ὡς
1988 2294 2016 2345 6

448 2391 608 2457 νόμος
653 2404 769 2451 σου,
811 2386 1004 2456 Κύριε.
1048 2387 1227 2439 Πᾶσαι
1272 2387 1327 2438 ai
1370 2383 1584 2438 ἑντολαί
1626 2401 1720 2437 σου
1766 2384 2013 2453 ἀλήθεια.
2055 2401 2063 2409 ·

461 2481 686 2543 Ἀδίκως
717 2478 1051 2542 κατεδίωξάν
1086 2495 1174 2548 με.
1216 2495 1234 2527 ι
1268 2469 1427 2530 Οὗτοι
1457 2478 1504 2529 ot
1539 2475 1688 2543 λόγοι
1718 2474 1818 2542 τῆς
1849 2491 2017 2545 στρα-

446 2571 749 2639 τευομένης
777 2569 915 2622 εἰσὶν
945 2567 1271 2637 Ἑκκλησίας
1294 2607 1310 2631 ,
1342 2565 1644 2634 πενθούσης
1674 2581 1731 2618 τε
1764 2564 1857 2618 καὶ⁵
1889 2580 2013 2616 στε-

449 2660 667 2731 νούσης,
700 2658 780 2729 τῷ
809 2657 1088 2728 διαφόροις
1123 2655 1458 2727 βαρυνθῆναι
1491 2654 1913 2725 ταλαιπωρίαις,
1944 2646 2019 2706 ὧν

452 2753 712 2824 ρυσθῆναι
753 2753 818 2821 τῇ
865 2750 990 2822 θείᾳ
1031 2749 1258 2803 πέποιθε
1306 2748 1616 2819 συμμαχίᾳ.
1660 2748 1800 2801 Ἀλλ’
1832 2749 1882 2801 εί
1926 2748 2019 2802 καὶ

450 2843 809 2914 ἀναρίθμητα
839 2841 1107 2895 πέπονθεν
1133 2843 1167 2912 ὴ
1201 2840 1496 2910 Ἐκκλησία
1520 2839 1669 2909 πάθη
1698 2840 1792 2891 καὶ
1821 2837 2016 2901 λύπαςι

2182 1635 2443 1689 dicatores
2482 1633 2840 1703 appellantur,
2873 1632 3162 1701 confutatio
3187 1631 3314 1701 legis
3339 1631 3463 1685 lata:
3507 1631 3677 1687 Sara-

2181 1727 2319 1780 cenis
2341 1743 2373 1780 a
2404 1725 2681 1779 maledicto
2710 1722 3030 1788 Mahometo,
3057 1723 3321 1778 translata
3346 1738 3410 1777 ea:
3435 1722 3675 1779 Romans

2185 1819 2369 1889 lingua
2410 1819 2466 1872 in
2499 1817 2761 1884 Graecam,
2793 1833 2886 1888 per
2913 1816 3190 1887 quemdam
3221 1814 3569 1871 Demetrium.

2192 2128 2214 2164 ι
2245 2112 2388 2179 Quot
2415 2122 2544 2168 sunt
2578 2112 2696 2169 dies
2740 2111 2885 2170 servi
2928 2114 3055 2170 tui?
3084 2114 3314 2181 Quando
3343 2116 3512 2172 facies
3542 2116 3678 2172 mihi
3704 2102 3709 2105 ’

2115 2202 2184 2257 de
2216 2204 2673 2273 persequentibus
2701 2221 2787 2259 me
2810 2206 3125 2276 judicium?
3155 2208 3524 2262 Narraverunt
3544 2208 3678 2261 mihi

2116 2293 2290 2362 iniqui
2324 2294 2712 2359 fabulationes,
2741 2297 2835 2351 sed
2873 2313 2978 2353 non
3023 2300 3104 2353 sic
3136 2300 3221 2353 lex
3260 2309 3376 2363 tua,
3432 2300 3680 2357 Domine.

2116 2380 2310 2437 Omnia
2373 2384 2626 2439 mandata
2678 2394 2769 2440 tua
2822 2382 3024 2441 veritas
3075 2405 3089 2442 :
3137 2389 3334 2459 injuste
3403 2391 3678 2460 persecuti

2118 2484 2248 2528 sunt
2297 2490 2383 2528 me
2408 2478 2449 2529 ¹.
2489 2494 2508 2527 ι
2545 2476 2671 2531 llaec
2700 2476 2868 2531 verba
2905 2479 3200 2541 militantis
3236 2490 3365 2535 sunt
3387 2481 3678 2549 Ecclesiae,

2124 2564 2305 2622 ﬂentis
2329 2576 2385 2620 et
2432 2570 2722 2635 gementis,
2753 2554 3084 2625 diversis'se
3125 2579 3403 2641 gravatam
3428 2587 3551 2627 esse
3584 2574 3684 2628 mi-

2120 2657 2280 2712 scriis
2334 2697 2350 2712 .
2377 2659 2579 2727 quibus
2620 2658 2841 2713 liberari
2896 2660 3082 2714 divino
3108 2662 3311 2717 conlisa
3337 2671 3422 2718 est
3455 2663 3681 2721 auxilio.

2122 2751 2229 2807 Sed
2259 2752 2364 2807 etsi
2393 2754 2829 2809 innumerabiles
2849 2770 3004 2823 passa
3021 2764 3104 2810 est
3132 2756 3373 2811 Ecclesia
3406 2758 3690 2825 passiones

2122 2854 2179 2900 et
2206 2846 2476 2908 tristitias,
2499 2861 2690 2901 omnes
2729 2854 2910 2901 tamen
2943 2847 3323 2903 universaliter
3355 2849 3454 2904 has
3476 2850 3528 2904 in
3572 2861 3684 2907 tres

451 2907 632 2998 scilicet;
655 2907 845 3004 pinei.
873 2932 1104 2986 καθόλου
1128 2907 1225 2993 τὰς
1253 2933 1332 2993 είς
1357 2907 1506 3001 τρεῖς
1533 2907 1679 2983 ἐστιν
1702 2931 2019 2997 ἀναγαγεῖν.

2128 2938 2472 2992 referendum
2505 2944 2610 2992 est.
2664 2938 2907 2992 Primum
2943 2940 3163 3009 quidem
3203 2940 3489 2996 manifeste
3522 2946 3689 2999 susti-

452 3025 676 3095 Πρῶτον
717 3024 813 3093 μὲν
855 3024 963 3091 γὰρ
1006 3020 1256 3091 φανερῶς
1295 3021 1505 3089 ὑπέστη
1547 3019 1648 3091 τὴν
1686 3019 1889 3074 λύσσαν
1929 3019 2021 3072 τοῦ

448 3113 726 3184 διωγμοῦ,
755 3114 854 3181 τὴν
885 3113 988 3165 ὑπὸ
1019 3112 1128 3165 τῶν
1157 3111 1371 3164 ἀσεϐῶν
1402 3110 1681 3172 τυράννων
1711 3110 2022 3180 ἐπενεχθεῖ-

456 3222 555 3259 σαν
581 3207 743 3274 αὐτῇ.
774 3203 946 3256 Τοῦτο
974 3203 1030 3255 δὲ
1064 3201 1297 3270 μάλιστα
1323 3200 1496 3270 ταὺτῃ
1529 3198 1900 3269 συμϐέϐηκεν,
1930 3197 2024 3266 ἀφ’

450 3292 515 3351 οὗ
544 3294 809 3348 πέπονθεν
833 3295 860 3346 6
888 3293 1122 3363 Χριστὸς
1157 3290 1318 3361 μέχρι
1346 3288 1453 3342 τῶν
1484 3287 1581 3343 τοῦ
1613 3289 2023 3343 Κωνσταντίνου

455 3388 663 3459 καιρῶν
682 3427 698 3454 ,
726 3388 786 3441 ἑν
815 3385 959 3439 ἔτεσι
987 3384 1231 3455 δηλονότι
1256 3382 1593 3453 τριακοσίοις
1622 3382 1717 3434 καὶ
1745 3380 1911 3445 δέκα,
1936 3382 2023 3433 ὅτε

455 3480 507 3533 oi
537 3479 858 3549 κατέχοντες
889 3477 990 3547 τὴν
1022 3474 1117 3529 τοῦ
1149 3474 1358 3541 κόσμου
1395 3472 1696 3543 μοναρχίαν
1731 3469 2021 3540 Ῥωμαῖοι,

458 3567 554 3622 καὶ
586 3566 698 3621 τῶν
732 3566 908 3621 ἀλλων
946 3563 1159 3619 ἀσεϐῶν
1197 3563 1227 3615 6
1271 3559 1571 3628 κατάλογος
1616 3558 1891 3628 πανταχοῦ
1929 3559 2025 3627 τῆς

456 3642 782 3726 οίκουμένης
812 3653 1216 3723 ἀναριθμήτους
1245 3650 1353 3705 τῶν
1383 3649 1555 3716 ἁγίων
1586 3646 1680 3700 τοῦ
1713 3645 1851 3699 Θεοῦ
1883 3662 2025 3715 μαρ-

458 3747 637 3816 τύρων
676 3744 1024 3797 ἀπέκτειναν.
1059 3741 1234 3811 ’Υπὲρ
1276 3732 1338 3793 οὗ
1378 3738 1570 3809 χρόνου
1618 3737 1956 3806 συμπάσχων
1997 3737 2025 3786 6

459 3836 625 3889 Δαόὶδ
655 3838 723 3906 τῇ
761 3832 1057 3902 Ἐκκλησία
1091 3831 1261 3902 φησί’
1302 3849 1322 3881 ι
1363 3832 1535 3884 Πόσαι
1566 3828 1709 3881 εἰσὶν
1734 3827 1789 3879 αἱ
1822 3826 2026 3896 ἡμέραι

460 3925 556 3978 τοῦ
583 3924 769 3978 δούλου
801 3938 932 3988 σου;
968 3923 1103 3975 Πότε
1133 3921 1382 3989 ποιήσεις
1418 3935 1512 3989 μοι
1541 3918 1606 3970 ὲκ
1628 3916 1737 3969 τῶν
1763 3914 2026 3969 καταδιωο

464 4014 666 4068 πιόντων
706 4028 774 4081 με
813 4012 1032 4081 κρίσινς
1074 4029 1093 4062 ι
1144 4010 1305 4063 Ἀλλὰ
1326 4008 1464 4079 πρὸς
1485 4007 1577 4060 τὸν
1613 4005 1748 4058 Θεὸν
1785 4002 1882 4057 τοῦ
1920 4003 2027 4056 τῶν

464 4103 635 4170 ἀγίων
674 4099 903 4170 αἳματος
943 4097 1271 4166 κράζοντος,
1304 4098 1400 4149 καὶ
1439 4095 1549 4149 τῶν
1587 4094 1878 4164 θαυμάτων
1914 4094 2030 4146 δια-

465 4194 816 4262 λαμπόντων,
849 4190 1002 4257 ἄφνω
1032 4189 1256 4257 γέγονεν
1286 4186 1570 4248 ἀλλοίωσις
1601 4187 1699 4252 τῆς
1725 4183 1905 4248 δεξιᾶς
1930 4183 2026 4235 τοῦ

476 4283 766 4355 Ὕψιστουο
803 4283 900 4335 καὶ
938 4281 988 4333 οἱ
1033 4282 1162 4348 πρὶν
1194 4276 1682 4355 τῶνιὶιριστιανῶν
1714 4276 1866 4337 ὄντες
1903 4275 2029 4327 διῶ-

460 4366 594 4431 Ἲκται
621 4377 719 4438 τὰς
748 4370 1042 4442 ἐκκλησίας
1075 4369 1350 4441 ἱδρύοντο,
1379 4367 1646 4438 ἡγεμόνες
1674 4382 1734 4419 τε
1764 4366 1854 4417 τοῦ
1887 4365 2029 4416 κατὰ

308 4450 315 4457 ό
349 4494 353 4496 ν
466 4468 579 4523 τῶν
596 4465 808 4522 ἀσεϐῶν
830 4463 1068 4532 πολέμου
1097 4462 1234 4530 μετὰ
1255 4458 1543 4530 θριάμϐων
1564 4459 1872 4525 γεγόνασιν.
1889 4454 2028 4508 Ἀλλ’

464 4552 667 4614 αὐτίκα
692 4559 720 4611 6
743 4554 995 4624 δεύτερος
1021 4550 1259 4618 διωγμὸς
1283 4550 1392 4602 τῶν
1419 4546 1712 4617 αἱρετικῶν
1737 4548 2028 4615 ἐπανέστη.

462 4636 676 4702 ’Λύτίκα
703 4646 813 4716 γὰρ
840 4644 1080 4711 ἀνεφάνη
1109 4644 1138 4693 6
1165 4638 1457 4709 αίμοὸόρος
1485 4638 1699 4706 δράκων
1719 4674 1735 4700 ,
1768 4637 2033 4705 φρυαττό-

470 4756 633 4806 μενος
661 4741 727 4792 ἐκ
748 4737 843 4791 τοῦ
874 4733 1080 4804 φωλεοῦ
1100 4773 1114 4796 ,
1143 4733 1237 4785 καὶ
1264 4731 1535 4799 συρίττων
1563 4729 1852 4796 διαφόρους
1880 4727 2031 4790 αἱρέ-

457 4850 586 4897 (ἰις
605 4872 621 4899 ,
658 4831 869 4900 Ἀρείου
894 4827 1174 4898 δηλονότι,
1208 4823 1303 4875 καὶ
1333 4820 1622 4872 Σαϐελλίου
1646 4856 1660 4879 ,
1694 4816 2031 4870 Μακεδονίου

473 4938 533 4976 τε
566 4890 683 4975 ’καὶ
707 4890 816 4973 τῶν
842 4890 1015 4971 ἄλλων
1042 4911 1354 4983 αίρετικῶν.
1386 4908 1465 4961 Δι’
1484 4908 1545 4961 6v
1579 4909 1812 4978 μάλιστα
1843 4908 2033 4976 χρόνον
2050 4890 2062 4903 ’

466 5012 666 5079 ἔλεγεν
685 5014 713 5062 6
738 5009 899 5062 Δαὸίδ
921 5022 936 5039 ο
974 5026 992 5056 ι
1026 5000 1364 5073 Διηγήσαντό
1392 5016 1485 5069 μοι
1519 4998 1824 5068 παράνομοι
1857 4996 2038 5049 ἀδολε-

476 5099 653 5168 σχίας,
678 5091 915 5161 ἀλλὀὐχ
943 5092 1014 5151 ὡς
1044 5092 1072 5141 6
1097 5091 1262 5159 νόμος
1289 5107 1403 5156 σου,
1432 5088 1627 5159 Κύριε.
1665 5105 1683 5138 ι
1717 5085 1858 5139 Ἀλλ’
1878 5086 2036 5154 ἐδόθη

477 5188 573 5242 καὶ
605 5182 910 5258 προσετέθη
942 5182 1065 5235 τότε
1095 5179 1155 5233 τὸ
1187 5181 1305 5247 φῶς
1333 5180 1431 5248 τῆς
1462 5176 1809 5241 διδασκαλίας
1839 5178 1906 5248 τῇ
1943 5179 2035 5229 ὲκ.

466 5279 710 5350 -κλησίᾳ,
748 5276 957 5332 πολλῶν
987 5275 1320 5328 διδασκάλων
1352 5272 1737 5341 ἀναφανέντων
1758 5282 1776 5337 ‘,
1812 5274 1908 5325 καὶ
1941 5271 2040 5342 τὴν
2059 5324 2071 5339 ,

477 5370 630 5436 θείαν
659 5367 1035 5435 διανοιγόντων
1070 5365 1315 5436 Γραφήν.
1350 5364 1580 5434 Ἰλάριος
1610 5355 1765 5424 οὗτος
1794 5357 1863 5431 ἦν
1884 5402 1900 5427 ,
1933 5363 2043 5417 Αὑ-

2123 3029 2246 3083 nuit
2313 3028 2522 3082 rabiem
2582 3029 2999 3100 persecutionis,
3045 3030 3245 3093 illatam
3293 3031 3344 3085 ei
3378 3033 3448 3087 ab
3503 3033 3686 3104 impiis

2119 3108 2387 3190 tyrannis.
2441 3117 2555 3173 Hoc
2612 3129 2793 3173 autem
2852 3118 3085 3174 maxime
3118 3120 3200 3174 sic
3248 3120 3483 3186 accidit,
3515 3138 3684 3193 aquo

2123 3221 2320 3278 passus
2350 3217 2437 3263 est
2468 3208 2719 3265 Christus
2742 3245 2759 3271 ,
2815 3223 2991 3278 usque
3025 3207 3091 3261 ad
3127 3200 3374 3278 tempora
3419 3210 3689 3269 Constan-

2125 3297 2244 3362 tini,
2284 3298 2335 3350 in
2369 3297 2527 3353 annis
2552 3296 2811 3352 videlicet
2840 3298 3101 3353 trecentis
3135 3306 3191 3353 et
3219 3297 3431 3368 decem,
3467 3301 3689 3370 quando

2126 3382 2378 3449 Romani,
2406 3385 2498 3455 qui
2530 3385 2901 3440 monarchiam
2933 3385 3213 3449 tenebant,
3246 3393 3303 3441 et
3331 3385 3563 3449 aliorum
3598 3388 3687 3442 iu-

2125 3472 2312 3529 tinitus
2363 3475 2640 3545 catalogus
2666 3514 2682 3541 ,
2717 3475 2926 3544 ubique
2961 3474 3017 3527 in
3074 3474 3330 3530 universo
3358 3476 3490 3531 orbe
3518 3485 3691 3533 terra-

2124 3579 2246 3619 rum
2282 3564 2713 3619 innumerabiles
2758 3573 2976 3619 sanctos
3020 3564 3115 3618 Dei
3159 3572 3426 3637 martyres
3480 3565 3687 3622 intere-

2126 3662 2362 3710 merunt.
2393 3654 2498 3707 Pro
2515 3669 2624 3725 quo
2654 3662 2903 3723 tempore
2927 3655 3267 3723 compatiens
3298 3654 3463 3709 David
3494 3655 3690 3710 Eccle-

2125 3745 2257 3808 site,
2291 3744 2425 3799 dicit
2480 3761 2494 3797 :
2555 3763 2572 3794 ι
2611 3744 2758 3810 Quot
2790 3753 2919 3799 sunt
2949 3744 3068 3799 dies
3116 3747 3261 3800 servi
3293 3746 3413 3798 tui?
3452 3744 3687 3810 Quando

2126 3832 2292 3889 facies
2315 3832 2446 3887 mihi
2469 3832 2537 3887 de
2571 3833 3027 3902 persequentibus
3059 3848 3143 3887 me
3166 3833 3432 3901 judicium
3457 3835 3476 3863 ¹
3495 3833 3519 3886 ?
3539 3851 3556 3883 ι
3576 3831 3684 3888 Sed

2126 3923 2193 3977 ad
2225 3924 2394 3977 Deum
2444 3930 2760 3977 sanctorum
2797 3921 3020 3990 sanguis
3042 3936 3165 3976 cum
3192 3921 3475 3986 clamaret,
3504 3931 3559 3977 et
3581 3924 3690 3976 mi-

2127 4013 2324 4068 raculis
2353 4012 2454 4082 ipsi
2484 4013 2852 4081 splenderent,
2904 4021 3129 4082 repente
3165 4013 3304 4068 facta
3351 4023 3443 4068 est
3507 4023 3692 4069 muta«

2130 4105 2209 4158 tio
2238 4103 2476 4158 dexterae
2497 4102 2765 4157 Altissimi
2797 4121 2811 4157 :
2845 4112 2900 4158 et
2921 4105 3013 4173 qui
3061 4103 3211 4172 prius
3253 4103 3688 4160 Christianorum

2129 4199 2514 4261 persecutores
2542 4201 2722 4255 erant,
2751 4192 3016 4247 ecclesias
3041 4192 3471 4259 azditicaverunt,
3498 4195 3696 4252 duces-

2132 4299 2242 4353 que
2279 4284 2407 4337 belli
2437 4290 2627 4337 contra
2654 4282 2851 4351 impios
2884 4283 3012 4338 facti
3046 4294 3195 4341 sunt.
3231 4284 3336 4340 Sed
3369 4285 3555 4341 statim
3600 4302 3692 4343 se-

2129 4372 2309 4431 cunda
2339 4373 2652 4442 persecutio
2685 4372 3067 4428 haereticorum
3098 4374 3412 4430 insurrexit.
3447 4376 3693 4445 Repente
3743 4416 3749 4425 .

2128 4460 2276 4514 enim
2308 4459 2563 4527 apparuit
2583 4468 2846 4514 cruentus
2873 4459 3063 4527 draco,
3086 4459 3325 4517 fremens
3353 4477 3418 4518 ex
3441 4478 3693 4534 squama,

2129 4557 2187 4604 et
2235 4550 2463 4604 sibilans
2517 4549 2761 4605 diversas
2810 4551 3095 4618 haereses,
3145 4553 3264 4608 Arii
3314 4554 3591 4622 videlicet,
3639 4564 3697 4612 et

2131 4638 2376 4704 Sabellii,
2396 4638 2805 4709 Macedoniique
2822 4648 2876 4694 et
2892 4640 3123 4694 aliorum
3142 4640 3549 4697 haereticorum.
3567 4644 3699 4699 Pru-

2131 4732 2255 4800 pter
2290 4731 2433 4799 quod
2455 4730 2686 4784 maxime
2715 4716 2930 4800 tempus
2955 4730 3092 4784 dixit
3119 4731 3287 4784 David
3316 4748 3330 4784 :
3370 4751 3387 4783 ι
3431 4733 3697 4788 Nar-rave-

2135 4830 2266 4876 runt
2306 4822 2440 4875 mihi
2468 4821 2638 4890 iniqui
2667 4821 3050 4881 tabulationes,
3092 4821 3187 4875 sed
3212 4838 3321 4876 non
3347 4822 3426 4877 sic
3468 4823 3553 4878 lex
3583 4834 3698 4891 tua,

2135 4910 2385 4965 Domine.
2426 4927 2444 4959 ι
2483 4908 2588 4962 Sed
2637 4907 2763 4962 data
2795 4920 2880 4961 est
2905 4917 2961 4962 et
2989 4909 3234 4978 apposita
3271 4917 3401 4964 tunc
3452 4910 3546 4964 lux
3598 4911 3702 4966 do-

2139 5001 2331 5055 ctrinae
2358 4998 2641 5058 Ecclesiae,
2670 5011 2793 5051 cum
2827 4998 2987 5052 multi
3026 4999 3274 5070 magistri
3310 5007 3441 5055 tunc
3469 5016 3701 5070 appare-

2137 5098 2297 5152 rent,
2330 5098 2386 5142 et
2427 5089 2669 5142 divinam
2708 5087 3048 5158 Scripturam
3102 5091 3422 5159 aperirent:
3460 5091 3703 5147 Hilarius

2137 5177 2229 5232 hic
2260 5178 2385 5244 fuit,
2414 5174 2751 5247 Augustinus
2772 5217 2787 5242 ,
2845 5177 3211 5249 Hieronymus
3272 5188 3327 5235 et
3357 5179 3655 5251 Gregorius
3682 5198 3699 5249 ;

2136 5270 2608 5339 insurrexeritque
2656 5280 2713 5326 et
2763 5269 3063 5326 multitudo
3113 5281 3426 5327 sanctorum
3453 5273 3703 5339 Patrum,

2142 5358 2235 5428 qui
2267 5360 2324 5412 in
2358 5360 2560 5414 eremis
2586 5358 2846 5430 perfectae
2876 5369 2934 5415 et
2954 5354 3339 5417 sincerissima
3362 5363 3489 5417 vita:
3505 5375 3702 5426 erant:

477 5462 760 5528 γουστῐνος
780 5498 796 5524 ,
837 5458 1194 5525 Ἱερώνυμος,
1227 5454 1322 5507 καὶ
1355 5451 1656 5522 Γρηγόριος
1684 5465 1698 5482 ο
1732 5450 1930 5520 ἀνέστη
1980 5468 2029 5504 τε

2142 5449 2279 5532 adeo
2305 5456 2371 5540 ut
2415 5459 2471 5503 et
2513 5465 2610 5519 per
2636 5465 2734 5505 eos
2776 5451 3032 5507 draconis
3077 5467 3141 5508 os
3172 5452 3342 5508 debili
3389 5460 3445 5506 et
3490 5452 3702 5521 vulgari

479 5549 577 5602 καὶ
604 5550 802 5616 πλῆθος
827 5547 996 5617 ἁγίων
1028 5545 1285 5611 Πατάρων
1313 5546 1371 5599 ὲν
1393 5543 1513 5604 ταῖς
1543 5542 1643 5612 ὲρή
1653 5557 1796 5611 μοις,
1824 5541 2029 5606 τελείας

2152 5541 2267 5596 lino
2286 5541 2510 5612 ligatum
2538 5542 2641 5597 sit:
2662 5553 2718 5599 et
2743 5543 2823 5602 sic
2852 5544 3160 5600 divinarum
3192 5546 3595 5615 Scripturarum
3621 5542 3703 5598 el-

557 5703 578 5737 ⁸
604 5703 744 5767 Psal.
770 5718 956 5770 cum,
982 5703 1072 5769 8i,
1099 5701 1190 5762 85.
1263 5709 1283 5740 ²
1310 5706 1458 5765 Psal.
1483 5719 1665 5771 uxvn,
1696 5704 1786 5760 ll.
