4068 6446
442 304 576 366 1039

1677 296 2055 357 DEMETRII
2125 295 2434 359 CYDONIl

3533 304 3672 370 ιοιο

433 419 620 476 licacia
669 432 732 470 os
766 415 1106 484 loquentium
1160 415 1346 482 iniqua
1399 412 1715 467 obturatum
1756 424 1859 467 est.
1900 412 2004 467 Sed

2121 413 2204 466 καὶ
2234 412 2614 482 άπλουστάτης
2648 413 2815 466 ὅντων
2851 412 2994 484 ζωῆς
3017 432 3032 446 ·
3071 416 3157 470 ἵνα
3191 419 3281 471 καὶ
3312 419 3380 472 δι’
3405 420 3580 476 αὑτῶν
3609 423 3676 476 τὸ

430 513 612 567 statim
641 519 765 580 post
800 510 917 563 haec
949 507 1180 562 invaluit
1207 505 1464 561 Ecclesiis
1497 505 1654 559 tertia
1681 504 1962 572 corruptio
1984 543 1998 566 ,

431 622 499 660 ex
531 605 680 658 falsis
732 600 997 656 fratribus
1043 600 1298 654 videlicet
1367 599 1692 668 periculum.
1746 596 1902 652 Unde
1945 602 2003 649 et

432 709 558 766 post
578 695 823 765 Gregorii
858 702 1100 762 tempora
1129 694 1312 746 statim
1352 691 1632 744 tribulatio
1658 703 1753 757 per
1803 701 2000 740 corru-

435 797 558 857 ptos
586 787 837 840 homines
886 785 1221 838 intellectum
1271 782 1587 842 roboravit,
1625 782 1679 834 in
1730 777 2001 850 hypocrisi

437 877 784 932 mendacium
841 875 1210 944 loquentium,
1247 882 1300 927 et
1347 882 1425 925 tot
1470 870 1753 925 mendacia
1809 877 1864 922 et
1909 868 2004 934 lig-

434 978 616 1022 menta
651 975 838 1020 renata
879 973 1006 1020 sunt
1044 951 1169 1017 vita:
1193 1003 1207 1025 ,
1253 961 1522 1015 doctrinae
1556 969 1612 1014 et
1641 957 1886 1030 iustitiae,
1944 965 2006 1010 ut

435 1058 591 1112 multi
621 1066 827 1117 essent,
863 1055 956 1124 qui
984 1053 1414 1118 descenderent,
1459 1062 1512 1106 et
1539 1051 1862 1121 adjuvarent
1904 1047 2011 1102 ini-

435 1161 576 1216 quos
598 1154 654 1200 et
694 1154 956 1215 tyrannos
1005 1142 1082 1212 (in
1120 1150 1323 1195 tantam
1360 1141 1506 1195 enim
1537 1141 1590 1193 hi
1613 1139 1919 1216 fatuitatem
1949 1146 2005 1191 et

436 1215 759 1308 pravitatem
807 1234 1046 1303 prolapsi
1097 1233 1269 1301 sunt),
1307 1247 1336 1284 e
1365 1244 1632 1284 converso
1668 1215 2006 1297 perfectissi-

437 1345 555 1384 mos
587 1327 838 1380 homines
860 1325 1220 1387 oblatrarcnt,
1259 1323 1450 1391 eisque
1483 1319 1856 1374 detraherent.
1882 1317 2008 1372 Haec

433 1429 620 1474 contra
650 1417 947 1471 Ecclesiam
982 1416 1265 1482 corruptio
1296 1427 1468 1481 usque
1495 1411 1560 1464 ad
1593 1409 1805 1465 senium
1839 1416 1894 1462 et
1917 1423 2007 1461 se-

433 1521 710 1567 nectutem
743 1509 1118 1580 permanebit,
1162 1515 1224 1559 ut
1270 1519 1619 1575 nequaquam
1673 1518 1799 1572 spes
1825 1501 2007 1571 aliqua

436 1605 621 1658 relicta
677 1601 770 1664 sit,
819 1600 925 1654 nisi
973 1596 1377 1657 diviniauxilii,
1414 1603 1470 1650 et
1515 1610 1613 1664 pro
1671 1593 2010 1649 vcritatein-

435 1695 670 1749 stantia.
703 1691 862 1748 Unde
902 1701 960 1746 et
985 1704 1082 1759 pro
1112 1688 1455 1757 temporibus
1499 1686 1586 1740 his
1625 1685 1758 1740 dicit
1783 1683 1954 1738 David
1985 1699 2000 1737 :

2105 501 2198 556 τοῦ
2231 503 2523 574 δράκοντος
2559 504 2731 573 στόμα
2763 505 2980 568 ἀσθενεῖ
3013 508 3108 560 καὶ
3147 507 3396 579 ίδιωτικῷ
3429 511 3555 581 λίνῳ
3585 513 3673 566 δε-
3747 569 3757 582 η

2107 596 2316 663 σμοῐτο.
2353 596 2464 649 Καὶ
2493 593 2636 647 οὑτω
2668 593 2778 647 τῶν
2812 594 2973 648 θείων
3007 597 3240 666 Γραφῶν
3270 598 3578 672 δραστηρίῳ
3610 604 3676 655 τδ

2108 687 2286 752 στόμα
2330 684 2436 736 τῶν
2480 685 2547 737 τὰ
2589 684 2763 751 ἄνομα
2808 683 3114 740 λαλούντων
3157 689 3494 756 πεφίμωται.
3533 693 3676 744 Ἀλλ’

2105 774 2266 838 εὐθὺς
2304 779 2440 844 μετὰ
2475 775 2650 827 ταῦτα
2687 776 2899 844 ἐπεφύη
2935 779 3056 840 ταῖς
3097 779 3411 847 ἐκκλησίαις
3446 783 3478 850 ἡ
3513 783 3673 853 τρίτη

2108 863 2308 934 φθορὰ,
2334 866 2362 917 ό
2386 867 2449 916 ἐκ
2475 865 2583 918 τῶν
2605 865 2987 934 ψευδαδέλφων
3011 866 3213 938 δηλαδὴ
3239 869 3494 931 κίνδυνος.
3511 871 3676 924 Ὀθεν

2107 957 2202 1010 καὶ
2235 958 2374 1026 μετά
2403 956 2529 1021 τοὺς
2557 956 2651 1009 τοῦ
2687 959 2960 1028 μακαρίου
2991 958 3296 1030 Γρηγορίου
3331 963 3552 1032 χρόνους
3585 963 3675 1015 εὑ-

2109 1047 2205 1111 θὺς
2240 1050 2272 1117 η
2313 1047 2488 1116 θλίψις
2524 1047 2817 1118 κατίσχυσε
2855 1048 2924 1102 δι’
2951 1049 3254 1120 ἀνθρώπων
3291 1052 3674 1123 κατεφθαρμέ-

2108 1156 2214 1191 νων
2247 1139 2338 1192 τὸν
2373 1139 2533 1203 νοῦν,
2569 1141 2625 1192 ἐν
2661 1140 2949 1210 ὑποκρίσει
2983 1141 3288 1196 λαλούντων
3317 1143 3508 1213 ψεῦδος
3533 1161 3546 1175 ·
3584 1147 3678 1196 καὶ

2108 1231 2346 1284 τοσαῦτα
2373 1231 2544 1300 ψεύδη
2577 1231 2670 1283 καὶ
2701 1232 2997 1301 πλάσματα
3023 1234 3230 1302 ἀνεφύη
3264 1233 3402 1302 βίου,
3429 1235 3680 1286 διδασκα-

2108 1321 2230 1385 λίας
2263 1339 2324 1375 τε
2368 1325 2464 1376 καὶ
2505 1322 2877 1392 δικαιοσύνης,
2918 1323 3061 1377 ὥστε
3107 1327 3333 1386 πολλοὺς
3375 1321 3514 1378 εἶναι
3552 1329 3681 1387 τοὺς

2112 1414 2573 1485 συναγορεύοντας
2597 1415 2692 1467 καί
2722 1415 3259 1484 συναγωνιζομένους
3285 1417 3397 1475 τοῖς
3421 1419 3680 1483 πονηροῖς

2112 1505 2202 1556 καὶ
2241 1503 2560 1574 τυράννοις,
2599 1503 2704 1557 κᾶν
2745 1505 2823 1566 είς
2869 1506 2995 1558 ὅσον
3035 1499 3184 1558 οῦτοι
3227 1507 3542 1575 σκαιότητος
3588 1508 3683 1558 καὶ

2111 1594 2374 1664 πονηρίας
2408 1593 2640 1648 ἐλάσωσι
2668 1609 2682 1624 ⁸
2717 1596 2814 1649 καὶ
2845 1596 3150 1649 τούναντίον
3171 1637 3185 1660 ,
3223 1599 3316 1649 καὶ
3349 1597 3455 1650 τῶν
3485 1597 3601 1649 τελε
3613 1615 3684 1648 ιο-

2113 1687 2290 1740 τάτων
2328 1686 2452 1749 τοὺς
2497 1686 2967 1750 καθυλακτοῦντας
3001 1690 3092 1741 καὶ
3125 1688 3498 1758 διασύροντας.
3533 1687 3681 1758 Δὺτη

441 1805 458 1835 ι
492 1784 688 1840 Omnia
731 1755 1001 1836 mandata
1028 1791 1118 1834 tua
1181 1755 1423 1844 veritas;
1475 1777 1679 1847 injuste
1724 1774 2000 1845 persecuti

2121 1777 2167 1830 δὲ
2217 1777 2250 1846 ἡ
2299 1778 2442 1829 κατὰ
2484 1777 2580 1846 τῆς
2617 1777 2944 1848 Ἐκκλητίας
2989 1777 3165 1846 φθορά
3211 1755 3316 1840 ἕως
3361 1779 3544 1848 γήρως
3589 1755 3683 1830 καί

434 1886 562 1928 sunt
589 1889 674 1928 me
704 1893 716 1937 ;
755 1873 951 1944 adjuva
981 1887 1088 1926 me.
1118 1889 1136 1920 ι
1175 1868 1338 1940 Quasi
1369 1867 1580 1922 dicens:
1607 1866 1723 1921 Etsi
1745 1874 2016 1936 prostrata

435 1977 521 2022 est
553 1966 618 2021 ad
654 1974 870 2034 tempus
897 1964 1121 2024 veritas,
1153 1968 1371 2030 oportet
1397 1970 1576 2013 tamen
1609 1961 1750 2014 hanc
1772 1960 2008 2014 velocis-

437 2061 574 2112 sime
601 2070 917 2124 exsurgere,
943 2064 1000 2108 et
1021 2051 1318 2107 elﬁcaciter
1345 2050 1626 2122 cognosci,
1672 2050 1906 2105 maxime
1927 2051 2009 2104 di-

435 2151 567 2204 vino
591 2155 921 2216 cooperante
951 2145 1174 2198 auxilio.

2117 1867 2409 1937 πρεσϐείου
2446 1867 2692 1936 διαμενεῖ
2712 1907 2726 1930 ,
2757 1867 2830 1930 ὥς
2859 1885 2919 1920 τε
2958 1868 3272 1938 μηδαμόθεν
3305 1870 3567 1938 ὑπάρχειν
3599 1869 3686 1920 ἐλο

2120 1960 2244 2012 πίδα
2267 1997 2282 2022 ,
2315 1959 2455 2028 πλὴν
2485 1959 2636 2022 Θείας
2673 1957 2924 2028 βοηθείας
2945 1997 2959 2022 ,
2993 1960 3086 2012 καὶ
3115 1961 3211 2030 τῆς
3246 1960 3384 2028 ὑπὲρ
3415 1961 3514 2029 τῆς
3552 1959 3681 2027 ἀλη-

2116 2052 2267 2114 θείας
2302 2052 2630 2114 ἐνστάσεως.
2662 2052 2824 2104 Ὅθεν
2863 2054 2956 2105 καὶ
2997 2053 3137 2120 ὑπὲρ
3180 2054 3286 2104 τῶν
3328 2052 3530 2122 καιρῶν
3564 2051 3687 2103 τού-

2119 2159 2227 2193 των
2257 2141 2424 2212 φησὶ,
2459 2161 2478 2194 ι
2515 2142 2694 2195 Πᾶσαι
2725 2143 2783 2196 αἱ
2812 2143 3020 2195 ἐντολαί
3053 2159 3145 2196 σου
3181 2143 3424 2212 ἀλήθεια.
3463 2143 3686 2203 Ἀδίκως

435 2241 771 2306 κατεδίωξεὶν
817 2257 905 2309 με.
986 2238 1263 2307 Βοήθησόν
1313 2256 1426 2308 μοι.
1471 2258 1489 2288 ι
1566 2236 1864 2306 Μονονουχὶ
1901 2219 2210 2302 λέγωνρΕί
2253 2238 2348 2290 καὶ
2393 2237 2530 2306 πρὸς
2571 2237 2762 2307 καιρὸν
2803 2237 3196 2290 τεταπείνωται
3237 2240 3270 2306 ἡ
3313 2236 3572 2308 ἀλήθεια,
3609 2236 3690 2290 δεῖ

439 2335 625 2404 μέντοι
673 2332 879 2402 ταύτην
923 2332 1155 2402 τάχιστα
1205 2331 1540 2400 ἀναστῆναι,
1587 2329 1680 2382 καὶ
1733 2328 2013 2400 παρρησίᾳ
2052 2327 2383 2397 γνωσθῆναι,
2424 2330 2660 2397 μάλιστα
2691 2331 2790 2398 τῆς
2828 2327 2979 2391 θείας
3014 2329 3385 2399 συνεργούσης
3425 2331 3617 2398 ῥοπῆς.

508 2426 568 2480 ln
601 2426 706 2479 hoc
733 2425 904 2493 igitur
949 2424 1110 2477 tertio
1140 2422 1472 2477 conditionis
1512 2430 1684 2485 statu,
1720 2430 1842 2490 post
1872 2433 2008 2476 tem-

441 2533 574 2588 pora
627 2516 883 2570 videlicet
912 2515 1058 2568 beati
1089 2513 1360 2582 Gregorii,
1387 2515 1441 2566 in
1471 2513 1812 2583 temporibus
1842 2511 2006 2566 Hera-

440 2609 556 2670 clii,
589 2607 894 2661 insurrexit
919 2605 1140 2659 veritati
1176 2604 1357 2667 ct;Dei
1391 2605 1650 2659 Ecclesiae
1690 2605 1856 2659 homo
1893 2604 2017 2673 qui-

442 2701 566 2754 dam
598 2697 927 2760 tliabolicus,
955 2697 1354 2766 primogenitus
1383 2695 1619 2756 Satanae.
1657 2697 1710 2749 in
1732 2697 2013 2749 libidinem

440 2789 702 2860 proclivis
734 2828 749 2850 ,
801 2795 856 2842 et
904 2803 971 2841 ex
1011 2785 1202 2840 fraude
1250 2784 1706 2840 machinamentis
1755 2785 2014 2848 deditus,

447 2882 671 2939 nomine
721 2879 1082 2934 Mahomelus.
1123 2877 1226 2944 Qui
1266 2877 1499 2932 consilio
1529 2886 1584 2931 et
1618 2877 1823 2931 auxilio
1871 2876 2018 2929 illius

435 2976 536 3046 'qui
585 2973 816 3028 mendax
863 2979 921 3026 et
976 2970 1248 3024 mendacii
1311 2979 1462 3039 pater
1513 2978 1617 3030 est,
1676 2969 1918 3038 iniquam
1962 2975 2018 3019 et

442 3063 713 3120 mendacii
751 3061 988 3131 plenam.
1017 3069 1273 3128 tanquam
1308 3075 1372 3112 ex
1407 3058 1596 3112 divino
1627 3073 1721 3112 ore
1748 3057 2015 3128 prolatam

445 3157 616 3222 legem
689 3148 1048 3218 composuit:
1085 3163 1249 3216 quam
1298 3147 1516 3216 quidem
1567 3147 1741 3215 legem
1790 3146 2015 3199 Alcora-
2045 3182 2085 3235 Ω

445 3258 574 3296 num
604 3241 926 3302 nominavit,
955 3239 1213 3292 videlicet
1263 3238 1576 3292 divinorum
1633 3237 2011 3290 mandatorum

443 3334 847 3389 collectionem.
897 3333 996 3386 llic
1053 3329 1399 3385 Maliometns
1455 3344 1617 3398 supra
1677 3344 1866 3381 omnes
1921 3327 2014 3395 qui

445 3428 692 3490 fuerunt,
725 3424 811 3476 vel
855 3422 1025 3476 l'uturi
1059 3431 1206 3483 sunt,
1235 3419 1532 3473 Ecclesiam
1570 3419 1664 3472 Dei
1695 3427 2019 3486 persecutus

443 3525 548 3570 est.
575 3513 692 3566 Non
721 3513 868 3566 enim
908 3527 1015 3564 uno
1041 3510 1217 3563 solum
1260 3510 1423 3562 modo
1469 3507 1766 3562 Erclesiam
1797 3523 2019 3576 percus-

446 3602 539 3664 sit,
569 3601 662 3653 sed
701 3599 877 3653 tribus
912 3597 1381 3667 generalissimis:
1421 3611 1566 3650 nunc
1603 3596 1827 3665 quidem
1877 3612 2017 3650 saeva

449 3691 766 3761 tyrannide,
803 3704 949 3741 nunc
977 3699 1156 3741 autem
1181 3703 1277 3756 per
1304 3686 1682 3755 deceptionem
1706 3686 1758 3739 in
1786 3686 2016 3756 legibus,

449 3797 594 3836 nunc
625 3794 756 3834 vero
788 3795 882 3847 per
915 3777 1246 3849 ltypocrisim
1271 3777 1640 3847 simpliciores
1669 3777 2019 3842 subvertens,

451 3875 640 3942 ntjam
673 3885 921 3937 magnam
979 3878 1186 3936 iartem
1219 3868 1370 3922 orbis
1397 3877 1665 3920 terrarum
1713 3867 2019 3936 dcccptioni

449 3978 563 4018 suae
589 3961 906 4032 subjccerit,
941 3976 1005 4014 ex
1073 3961 1162 4013 Dei
1193 3959 1582 4028 permissione,
1618 3960 1713 4027 qui
1740 3968 1818 4015 est
1867 3960 2024 4013 ti-rri-

451 4056 580 4109 bilis
603 4055 656 4106 in
686 4053 932 4107 consiliis
975 4067 1136 4120 supra
1174 4051 1317 4106 filios
1352 4050 1662 4104 hominum.
1713 4049 1822 4121 Ego
1860 4052 2024 4120 igitur

453 4151 505 4202 in
542 4147 738 4200 ordine
789 4146 1212 4199 Prmdieatorum
1241 4143 1522 4205 minimus,
1564 4151 1766 4197 tantam
1795 4144 2021 4198 calami-

455 4248 618 4291 tatem
650 4234 898 4304 deceptis
930 4234 1290 4303 compatiens,
1330 4233 1671 4288 consideravi
1704 4234 1819 4288 vias
1850 4248 2023 4298 meas,

450 4339 507 4383 et
540 4329 705 4398 pedes
747 4341 900 4380 meos
935 4326 988 4380 itt
1051 4325 1364 4380 testimonia
1427 4328 1518 4380 Dei
1569 4326 1835 4381 converti.
1867 4323 2024 4378 Unde

451 4437 576 4474 cum
609 4418 984 4474 transivisscm
1014 4417 1179 4470 multa
1217 4416 1384 4469 maria
1407 4455 1421 4479 ,
1452 4425 1507 4470 et
1539 4416 1653 4470 loca
1693 4416 1932 4480 deserta,
1967 4423 2024 4470 et

2199 2423 2287 2474 Ἐν
2316 2424 2488 2494 ταύτῃ
2520 2420 2700 2473 τοίνυν
2730 2423 2798 2490 τῇ
2827 2421 2983 2491 τρίτῃ
3018 2422 3369 2484 καταστάσει,
3401 2420 3536 2490 μετὰ
3562 2419 3688 2484 τοὺς

2117 2513 2341 2583 χρόνους
2375 2511 2616 2579 δηλονότι
2647 2510 2738 2563 τοῦ
2779 2513 3052 2580 μακαρίου
3090 2509 3391 2578 Γρηγορίου
3414 2550 3428 2576 ,
3459 2513 3547 2562 ἐπὶ
3578 2510 3686 2562 τῶν

2118 2603 2324 2674 καιρῶν
2357 2603 2706 2673 Ἡρακλείου,
2735 2604 3001 2670 ἐπανέστη
3030 2605 3093 2671 τῇ
3114 2600 3352 2672 -ἀληθείᾳ
3383 2602 3475 2653 καὶ
3500 2603 3564 2670 τῇ
3596 2600 3689 2652 τοῦ

2116 2695 2240 2748 θεοῦ
2273 2695 2569 2764 Ἐκκλησία
2597 2695 2878 2762 άιθρωπός
2909 2712 2992 2757 τις
3024 2694 3268 2753 διάϐολος
3295 2733 3310 2757 ,
3344 2695 3683 2762 πρωτότοκος

2119 2785 2218 2856 μέν
2246 2785 2341 2838 τοῦ
2372 2786 2608 2850 Σατανᾶ,
2639 2785 2870 2855 ἀσελγὴς
2899 2789 2976 2848 δὲ,
3007 2787 3100 2838 καὶ
3127 2789 3241 2847 ταῖς
3273 2789 3336 2838 ἐκ
3361 2786 3457 2852 τῆς
3489 2783 3691 2854 σκηνῆς

2115 2877 2332 2947 τέχναις
2357 2877 2726 2947 ἐκδεδομένος,
2750 2879 2975 2947 ὀνόματι
2998 2878 3296 2948 Μαχούίμετ
3321 2894 3336 2908 ο
3362 2878 3420 2940 ὃς
3441 2882 3505 2947 τῇ
3532 2876 3690 2946 βουλῇ

2117 2967 2212 3020 καὶ
2243 2969 2306 3037 τῇ
2346 2967 2636 3036 συμμαχία
2675 2968 2884 3020 ἐκείνου
2907 3008 2921 3031 ,
2958 2967 3014 3030 ὃς
3049 2968 3290 3038 ψεύστης
3319 2985 3378 3020 τε
3415 2970 3566 3029 ἐστὶ,
3597 2969 3696 3021 καὶ

2117 3056 2210 3110 τοῦ
2251 3057 2479 3127 ψεύδους
2520 3057 2724 3127 πατὴρ,
2767 3059 2981 3110 ἀνόσιον
3029 3060 3123 3111 καὶ
3165 3042 3394 3126 ψεύδους
3435 3059 3694 3125 γέμοντα,

2120 3147 2195 3209 ὡς
2239 3145 2306 3199 ἂν
2345 3147 2410 3199 ἐκ
2449 3146 2541 3199 τοῦ
2586 3145 2734 3198 θείου
2779 3147 3043 3215 στόματος
3092 3147 3533 3216 ὑπηγορευμένον
3571 3162 3696 3198 συν-

2072 3217 2086 3237 .
2121 3237 2283 3306 έθηκε
2309 3238 2472 3305 νόμον
2494 3252 2506 3264 ·
2538 3237 2596 3290 ὃν
2619 3239 2681 3308 δὴ
2712 3240 2806 3292 καὶ
2829 3240 3013 3308 νόμον,
3047 3238 3365 3310 ’Λλκοράνον
3391 3240 3695 3310 ὠνόμασεν,

2119 3328 2320 3397 δηλαδὴ
2353 3328 2458 3380 τῶν
2497 3330 2656 3381 θείων
2699 3331 3141 3400 προσταγμάτων
3180 3331 3493 3401 ἀναγωγήν.
3529 3324 3698 3392 Οὗτος

2120 3420 2148 3470 ὁ
2177 3419 2423 3474 Mem-:0
2455 3422 2594 3490 ὑπὲρ
2624 3423 2829 3484 πάντας
2855 3425 2979 3482 τοὺς
3011 3424 3306 3490 γεγονότας
3339 3422 3370 3491 ἢ
3405 3422 3699 3492 ἐσομένους

2121 3511 2220 3580 τὴν
2250 3511 2340 3564 τοῦ
2370 3512 2504 3565 Θεοῦ
2536 3512 2862 3582 Ἐκκλησίαν
2887 3513 3122 3580 ἐδίωξεν.
3153 3515 3227 3566 Οὑ
3263 3513 3375 3581 γάρ
3401 3515 3478 3566 ἐνί
3510 3529 3571 3582 γε
3607 3516 3703 3580 μό-

2124 3618 2214 3654 νον
2251 3601 2438 3672 τρόπῳ
2481 3603 2850 3671 προσέϐαλεν,
2890 3604 3026 3656 ἀλλά
3066 3605 3215 3674 τρισὶ
3256 3608 3367 3668 τοῖς
3406 3605 3703 3673 γενικωτά-

2125 3709 2238 3755 τοις
2257 3707 2273 3722 ο
2309 3692 2404 3747 νῦν
2435 3693 2536 3762 μὲν
2566 3696 2763 3764 ἀπηνεῖ
2791 3697 3048 3765 τυραννεῖ
3080 3695 3381 3765 τυραννίδι,
3413 3697 3505 3748 νῦν
3532 3695 3587 3748 δὲ
3614 3697 3702 3749 διὰ

2124 3783 2224 3851 τῆς
2257 3783 2316 3834 ἐν
2347 3786 2457 3846 τοῖς
2495 3784 2678 3853 νόμοις
2717 3787 2970 3854 ἀπάτηςο
3004 3785 3100 3839 νῦν
3131 3787 3188 3839 δὲ
3222 3786 3290 3837 δι’
3318 3787 3699 3854 ὑποκρίσεως,

2127 3872 2452 3940 ἀνατρέπων
2491 3875 2616 3936 τοὺς
2658 3875 3099 3944 ἁπλουστέρους·
3137 3875 3267 3929 ὥστ’
3292 3876 3394 3946 ήδη
3433 3876 3493 3929 τὸ
3531 3877 3703 3946 ἥμισυ

2125 3961 2227 4030 τῆς
2278 3962 2599 4032 οἰκουμένης
2652 3966 2946 4018 ὑποπεσεῖν
2998 3969 3064 4036 τῇ
3116 3968 3300 4038 ἀπάτῃ
3357 3969 3704 4039 συγχωρήσει

2126 4053 2287 4116 Θεοῦ,
2328 4054 2386 4116 ὃς
2429 4058 2544 4107 ἐστι
2591 4056 2822 4126 φοϐερὸς
2867 4060 2924 4109 ἐν
2967 4060 3087 4120 ταῖς
3137 4059 3352 4128 βουλαῖς
3399 4060 3537 4128 ὑπὲρ
3580 4060 3706 4121 τοὺς

2130 4145 2279 4206 υίοὺς
2319 4143 2428 4196 τῶν
2471 4145 2795 4212 ἀνθρώπων.
2835 4147 2976 4214 Ἐγὼ
3019 4148 3235 4212 τοίνυν,
3276 4152 3304 4202 ὁ
3345 4151 3401 4200 ἐν
3442 4152 3508 4218 τῇ
3551 4148 3703 4210 τάξει

2129 4235 2238 4288 τῶν
2268 4235 2679 4306 πρεδικατόρων
2711 4237 2996 4306 ἐλάχιστος
3017 4278 3031 4301 ,
3059 4239 3159 4308 τῆς
3189 4241 3457 4310 τοσαύτης
3491 4255 3706 4309 συμφο-

2132 4326 2230 4393 ρᾶς
2269 4326 2548 4393 συναλγῶν
2585 4329 2696 4388 τοῖς
2731 4315 3102 4396 ἠπατημένοις
3123 4369 3138 4393 ,
3171 4330 3570 4399 διελογησάμην
3604 4330 3703 4386 τὰς

2128 4409 2282 4472 ὁδούς
2329 4429 2452 4480 μου,
2502 4413 2596 4464 καὶ
2638 4414 2950 4484 ἐπέστρεψα
2988 4416 3112 4477 τοὺς
3162 4417 3327 4480 πόδας
3376 4434 3475 4487 μου
3519 4419 3596 4479 είς
3635 4417 3702 4468 τά

453 4512 709 4582 inclytam
767 4510 1166 4564 Saracenorum
1229 4508 1420 4562 urbem
1505 4506 1776 4578 Babylona
1833 4508 2018 4576 depre-

2137 4504 2413 4573 μαρτύρια
2435 4503 2530 4556 τοῦ
2555 4503 2716 4562 Θεοῦ.
2734 4506 2898 4559 Ὅθεν
2921 4507 3133 4575 πελάγη
3156 4508 3489 4578 διαπεράσας
3512 4509 3699 4571 πολλὰ,

452 4603 702 4656 ltendens
727 4643 740 4665 ,
777 4599 867 4653 ubi
903 4597 1136 4652 maxima
1184 4607 1235 4650 ct
1271 4597 1603 4652 universalia
1647 4598 1827 4651 studia
1881 4597 2022 4664 apud

451 4707 546 4746 eos
570 4692 844 4746 exsistunt
870 4706 884 4742 :
911 4689 1129 4755 illicque
1162 4688 1369 4742 litteras
1390 4695 1445 4742 et
1469 4688 1758 4741 Arabicam
1781 4687 2026 4753 linguam

397 4777 712 4832 "similiter
759 4777 1023 4840 discens,
1075 4775 1605 4844 diligentissimeque
1659 4784 1716 4828 et
1767 4775 2026 4828 continue

452 4885 575 4925 cum
606 4867 881 4937 magistris
903 4867 1046 4936 apud
1089 4882 1184 4920 eos
1214 4866 1520 4934 disputans,
1551 4869 1724 4933 magis
1748 4864 2028 4932 magisque

451 4958 792 5029 deprehendi
855 4957 1127 5026 praedicta:
1187 4957 1319 5026 legis
1361 4937 1796 5024 pe‘rversionem.
1853 4954 2027 5007 Etiam

451 5050 593 5104 lianc
625 5049 678 5101 in
708 5047 957 5101 Latinam
988 5047 1228 5117 linguam
1269 5049 1566 5101 transferre
1609 5046 1911 5115 incipiens,
1947 5053 2026 5098 tot

452 5141 636 5195 inveni
666 5139 898 5202 fabulas,
931 5139 1093 5193 simul
1115 5152 1170 5193 et
1208 5139 1516 5203 mendacia,
1551 5149 1608 5192 et
1635 5136 2027 5206 blaspliemias,

453 5243 507 5287 cl
534 5233 852 5287 continuam
885 5247 984 5302 per
1013 5233 1194 5286 omnia
1223 5232 1619 5286 tabulationem
1641 5270 1655 5294 ,
1713 5238 1771 5282 ut
1803 5227 2031 5283 tristitia

454 5326 649 5393 plenus
699 5340 904 5379 essem.
963 5326 1303 5393 Decrevique
1346 5323 1554 5376 idcirco
1596 5307 1840 5374 scribere
1867 5333 2035 5388 quas-

457 5417 579 5471 dam
615 5417 877 5487 epistolas
896 5417 963 5472 de
989 5420 1156 5472 tantis
1185 5415 1567 5485 blasphemiis,
1599 5414 1666 5466 ad
1695 5414 2037 5482 triumphan-

453 5519 567 5564 tem
619 5511 918 5564 Ecclesiatn
949 5527 964 5576 ;
1005 5518 1451 5580 conquestusque
1502 5521 1621 5559 sum
1657 5514 1913 5573 tanquam
1947 5499 2037 5558 illa

452 5599 507 5652 in
543 5602 906 5676 amaritudine
939 5600 1157 5655 animae.
1206 5598 1364 5652 Nunc
1418 5603 1603 5649 autem
1651 5604 1735 5648 est
1782 5594 1916 5647 milii
1952 5595 2036 5648 in-

455 5693 643 5762 tentio,
685 5710 894 5749 summa
921 5695 1150 5750 veritate
1184 5687 1521 5753 confidenti,
1575 5687 1754 5756 capita
1796 5695 1844 5740 cl
1880 5687 2035 5755 pllll-

2135 4595 2226 4645 καὶ
2257 4595 2496 4663 ἐρήμους
2515 4635 2532 4658 ,
2564 4597 2660 4648 καὶ
2687 4597 2787 4666 τὴν
2819 4599 3164 4666 περιώνυμον
3196 4600 3304 4651 τῶν
3336 4600 3702 4671 Σαρρακηνῶν

2132 4687 2289 4737 πόλιν
2333 4687 2431 4753 τὴν
2469 4685 2762 4739 Βαϐυλῶνα
2805 4688 3153 4750 καταλαϐὼν,
3195 4689 3323 4742 ἔνθα
3362 4693 3430 4742 τά
3477 4691 3704 4757 μέγιστα

2135 4777 2229 4828 καὶ
2260 4777 2672 4830 καθολικώτατα
2702 4781 2808 4831 τῶν
2836 4781 2989 4848 παρά
3016 4780 3224 4843 τούτοις
3255 4782 3520 4849 μουσείων
3545 4783 3700 4842 εἰσὶν,

2134 4867 2320 4918 αὐτόθι
2357 4885 2416 4920 τε
2453 4873 2522 4920 τὰ
2561 4869 2868 4938 γράμματα
2904 4871 2998 4922 καὶ
3034 4872 3132 4939 τὴν
3165 4872 3498 4942 Ἀρραϐικὴν
3533 4872 3704 4925 διάλε-

2135 4975 2261 5010 κτον
2292 4959 2494 5027 ὁμοίως
2527 4961 2715 5030 μαθὼν
2735 5001 2748 5026 ,
2780 4963 3157 5030 ἀκριϐέστατά
3183 4980 3242 5017 τε
3272 4965 3363 5017 τὸν
3392 4965 3592 5018 τούτων
3620 4965 3704 5016 v5-

2141 5067 2243 5119 μον
2297 5051 2735 5120 ἀναλεξάμενος,
2786 5054 3181 5108 σπουδαιότατά
3222 5071 3280 5106 τε
3330 5057 3450 5114 xui;
3473 5053 3705 5122 συνεχῶς

2141 5143 2276 5210 μετᾶ
2298 5144 2406 5195 τῶν
2432 5145 2558 5212 παρ’
2578 5144 2760 5206 αὐτοῖς
2785 5143 3120 5196 διδασκάλων
3145 5143 3545 5211 διαλεγόμενος,
3572 5143 3703 5212 μάλ-

2137 5233 2227 5285 λον
2271 5236 2365 5286 καὶ
2412 5235 2612 5303 μᾶλλον
2653 5235 2740 5287 διὰ
2782 5235 2878 5302 τῆς
2927 5238 3121 5304 πείρας
3163 5236 3468 5304 κατείληφα
3511 5237 3569 5286 τὸ
3609 5233 3704 5286 τοῦ

2141 5327 2537 5394 προειρημένου
2577 5327 2739 5394 νόμου
2779 5327 3118 5395 διάστροφον.
3159 5327 3266 5378 Καὶ
3306 5325 3371 5394 δὴ
3407 5325 3592 5378 τοῦτον
3627 5328 3706 5387 είς

2139 5417 2238 5485 τὴν
2272 5416 2378 5468 τῶν
2418 5415 2662 5468 Λατίνων
2697 5415 2978 5468 διάλεκτον
3019 5419 3350 5486 μεταφέρειν
3382 5419 3702 5484 ἀρξάμενος,

2139 5503 2428 5564 τοσούτους
2461 5495 2618 5574 εὗρον
2649 5503 2851 5572 μύθους
2881 5522 2935 5557 τε
2969 5505 3085 5573 ἅμα
3119 5509 3212 5557 καὶ
3245 5505 3414 5573 ψεύδη
3456 5506 3545 5553 καὶ
3583 5502 3708 5568 βρια-

2145 5595 2410 5664 σφημίας,
2454 5596 2548 5645 καὶ
2592 5595 2789 5662 συνεχῆ
2832 5595 2919 5646 διὰ
2960 5597 3172 5648 πάντων
3212 5593 3476 5661 φλυαρίαν
3514 5608 3567 5642 τε
3613 5591 3705 5642 καὶ

2142 5685 2530 5752 παλλιλογίαν,
2560 5686 2689 5739 ὥστ’
2715 5686 2907 5756 ἀηδίας
2939 5703 3006 5756 με
3041 5686 3388 5757 πληρωθῆναι
3408 5724 3422 5749 ,
3456 5684 3548 5734 καὶ
3578 5681 3706 5733 Bau-
