4068 6460
370 507 500 570 1041

1584 509 1885 571 CONTRA
1925 513 2428 576 ΜΑΗΟΜΕΤΕΜ.

3449 518 3586 584 1042

367 624 620 690 μάσαντα
649 621 855 691 γράψαι
879 623 1030 686 τινάς
1061 622 1349 684 ἐπιστολὰς
1378 623 1505 692 περὶ
1531 622 1639 675 τῶν
1665 622 1933 676 τοσούτων

2046 627 2240 695 cipalia
2273 627 2554 682 mendacia
2591 627 2789 697 iniqua:
2827 628 2963 698 legis
2997 628 3161 701 hujus
3187 630 3514 699 ostendere,
3547 634 3603 689 et

366 713 730 784 βλασφημιῶν
773 713 909 784 πρὸς
952 715 1052 781 τὴν
1095 713 1538 784 θριαμϐεύουσαν
1569 714 1933 784 Ἐκκλησίαν,

363 806 440 868 ῶς
480 823 586 874 περ
626 805 808 874 ἐκείνη
860 807 1210 876 μεμφόμενον
1250 806 1309 859 ὲν
1349 806 1546 876 πικρίᾳ
1585 805 1784 876 ψυχῆς.
1824 804 1940 858 Νῦν

363 896 408 950 δ’
430 895 545 949 ῑστι
581 913 672 963 μοι
703 897 922 964 σκοπὸς,
950 901 1015 967 τῇ
1047 897 1191 968 άκρᾳ
1219 897 1450 967 ἀληθείᾳ
1475 897 1840 967 θαρρήσαντι,
1868 897 1937 949 τὰ

366 988 876 1058 κεφαλαιωδέστερα
906 1007 961 1042 τε
999 993 1092 1043 καὶ
1125 991 1476 1060 ἀρχικώτερα
1507 988 1680 1058 ψεύδη
1707 987 1804 1040 τοῦ
1839 1006 1944 1042 πα-

369 1077 604 1146 ρανόμου
633 1078 800 1147 νόμου
828 1079 1018 1132 τούτου
1045 1079 1337 1146 διελέγξαι,
1364 1080 1596 1141 καὶτοῖς
1623 1077 1807 1140 ἄλλοις
1831 1077 1942 1130 τῶν

2038 717 2164 772 aliis
2219 717 2486 773 fratribus
2516 733 2733 774 causam
2762 718 3045 784 exhibere,
3076 729 3302 790 propter
3333 737 3494 790 quam
3528 723 3605 776 ia-

2040 807 2204 862 cilius
2239 810 2303 862 ad
2337 809 2507 863 Deum
2557 823 2816 864 revocare
2850 819 3077 880 possent
3121 812 3282 881 hujus
3307 811 3605 881 impietatis

2041 897 2348 954 haereticos.
2378 899 2448 955 Ut
2475 909 2656 955 autem
2681 905 2784 955 hoc
2815 917 2937 954 cum
2973 901 3166 956 ordine
3199 901 3312 967 ﬁat,
3345 902 3397 956 in
3425 902 3605 957 deter-

2043 989 2248 1042 minata
2297 991 2476 1058 capita
2516 999 2770 1060 oportere
2821 992 3050 1060 cognovi
3092 1002 3263 1048 totum
3313 1000 3602 1046 tractatum

2043 1076 2310 1134 dividere.

365 1168 612 1237 ἀδελφῶν
639 1173 942 1240 παρασχεῖν
971 1171 1225 1242 ἀφορμὴν
1250 1210 1266 1235 ,
1294 1170 1363 1223 δι’
1381 1166 1447 1241 ἦς
1477 1170 1544 1224 ἂν
1575 1171 1705 1240 ῥᾷον
1736 1169 2177 1222 ἀνακαλέσασθαι
2239 1171 2376 1240 πρὸς
2428 1171 2520 1224 τὸν
2580 1171 2713 1224 Θεὸν
2762 1171 3040 1241 δυνηθεῖεν
3066 1172 3194 1234 τοὺς
3219 1173 3318 1243 τῆς
3349 1169 3606 1236 ἀσεϐείας

364 1261 566 1330 ταύτης
610 1263 958 1332 αίρεσιώτας.
997 1263 1089 1327 Ὠς
1133 1265 1198 1316 ἂν
1238 1263 1296 1316 δὲ
1323 1265 1493 1316 θτοῦτο
1543 1263 1682 1332 μετὰ
1722 1261 1928 1329 τάξεως
1966 1262 2199 1330 γένοιτο,
2225 1266 2306 1327 είς
2365 1263 2643 1336 ὡρισμένα
2709 1265 2999 1334 κεφάλαια,
3027 1265 3136 1318 δεῖν
3160 1265 3332 1334 ἔγνων
3355 1266 3452 1336 τὴν
3475 1267 3602 1338 ὃλην

365 1353 561 1406 διελεῖν
591 1354 993 1423 πραγματείαν.

1460 1441 1684 1521 Operi:
1713 1440 1978 1519 digestio
2013 1441 2082 1502 in
2119 1441 2325 1518 capita
2357 1460 2514 1504 xvu.

437 1569 510 1622 Τὸ
535 1571 748 1640 πρῶτον
783 1570 1077 1639 κεφάλαιον
1117 1571 1360 1642 περιέχει
1402 1569 1502 1633 τὰς
1557 1568 1939 1640 ἀρχικωτέρας

367 1659 461 1712 τοῦ
491 1659 656 1728 νομοῦ
689 1660 878 1713 τούτου
918 1661 1179 1730 αἱρέσεις.

438 1753 724 1820 Δεύτερον,
753 1752 858 1805 τίνι
895 1753 1081 1823 τρόπῳ
1109 1755 1190 1806 δεῖ
1224 1753 1436 1815 τούτοις
1461 1751 1831 1822 συγγίνεσθαι.

438 1841 656 1911 Τρίτον,
709 1842 1019 1913 ὅτιὸνόμος
1062 1838 1213 1909 οὗτος
1254 1845 1354 1896 οὐκ
1387 1843 1502 1896 ἐστι
1571 1843 1733 1912 νόμος
1780 1839 1935 1894 Θεοῢο

370 1931 448 1984 διὸ
475 1932 536 1984 τὸ
567 1935 703 2002 μήτε
733 1933 829 2000 τὴν
869 1935 1110 1988 Παλαιὰν
1143 1937 1283 2006 μήτε
1341 1936 1442 2004 τὴν
1493 1934 1633 1987 Νέαν
1663 1931 1939 2002 Διαθήκην

372 2020 545 2091 τούτῳ
611 2025 1044 2090 συμμαρτυρεῖν,
1109 2025 1204 2076 καὶ
1257 2023 1338 2076 ὃτι
1381 2024 1494 2084 τοῖς
1570 2019 1940 2092 Σαρῤακηνοῖς

375 2113 520 2165 πᾶσα
549 2112 762 2181 ἀνάγκη
788 2113 1073 2165 πείθεσθαι
1106 2115 1217 2170 τοῖς
1248 2114 1345 2182 τῆς
1367 2113 1608 2176 Παλαιᾶς
1641 2112 1939 2182 Διαοήκης,

372 2204 467 2257 καῖ⁵
496 2207 608 2267 τοῖς
638 2203 730 2256 τοῦ
753 2205 1082 2274 Εὐαγγελίου
1111 2207 1316 2276 ῥητοῖς.

440 2295 732 2365 Τέταρτον,
769 2297 851 2349 ὅτι
890 2295 966 2366 μὴ
993 2297 1103 2367 ἔχει
1138 2297 1338 2368 φράσιν
1365 2296 1461 2348 καὶ
1518 2291 1651 2365 ἦθος
1677 2298 1790 2358 τοῖς
1845 2293 1942 2348 ἀλ-

370 2383 481 2445 λοις
510 2402 574 2437 συ
584 2385 895 2455 μὸαίνοντα.

441 2477 712 2546 Πέμπτον,
742 2477 824 2530 ὃτι
856 2476 931 2546 μὴ
971 2477 1252 2546 συμφωνεῖ
1282 2475 1424 2530 κατά
1464 2475 1705 2529 διάνοιαν
1764 2473 1935 2544 ἑτέρῳ

370 2570 496 2622 τινί.

437 2660 656 2724 Ἕκτον,
691 2661 773 2713 ὅτι
811 2661 866 2712 ὲν
889 2644 1098 2722 πολλοῖς
1129 2660 1308 2727 ἑαυτῷ
1336 2658 1632 2724 ἀντιλέγει.
1689 2691 1708 2706 .

439 2752 730 2820 Ἕϐδομον,
758 2751 840 2805 ὅτι
881 2751 1070 2822 μηδενὶ
1102 2751 1340 2819 θαύματι
1369 2749 1703 2820 βεϐαιοῦται.

439 2843 687 2911 Ὄγδοον,
746 2845 832 2895 ὃτι
860 2844 936 2914 μὴ
968 2845 1082 2896 ἐστι
1117 2843 1458 2911 κατὰλόγον.

438 2935 723 2997 Ἐννατον,
758 2934 840 2987 ὅτι
869 2933 1281 3002 ὁμολογούμενα
1319 2935 1568 3004 περιέχει
1596 2934 1790 3003 ψεύδη.

435 3028 696 3087 Δέκατον,
728 3025 809 3078 ὅτι
835 3024 1010 3094 βίαιος
1050 3029 1144 3078 καὶ
1187 3026 1316 3094 περὶ
1349 3025 1456 3078 τῶν
1521 3026 1603 3088 εὶς
1650 3024 1813 3079 αὑτὸν
1846 3025 1937 3094 ἐρ-

366 3116 630 3186 χομένων.

455 3208 796 3288 Ἑνδέκατον,
833 3208 914 3263 ὅτι
944 3209 1198 3273 ἄτακτος.

432 3295 764 3356 Δωδέκατον,
799 3295 882 3347 ὅτι
910 3295 1162 3363 πονηρός.

433 3385 915 3451 Τρισκαιδέκατον,
943 3387 1071 3455 περὶ
1123 3386 1222 3455 τῆς
1275 3387 1368 3439 τοῦ
1432 3388 1754 3458 Ἀλκοράνου
1807 3408 1936 3460 συγ-

369 3476 612 3541 γραφῆς,
644 3477 742 3528 καὶ
770 3475 852 3536 τίς
879 3476 996 3527 ὲστι
1022 3475 1116 3528 τοῦ
1173 3477 1338 3546 νόμου
1369 3478 1560 3531 τούτου
1608 3481 1941 3552 δημιουργὸς

276 3616 284 3622 _
335 3565 458 3617 ’καὶ
517 3565 770 3634 εὑρετής.

431 3657 1052 3724 Τεσσαρεσκαιδέκατον,
1117 3661 1247 3730 περὶ
1306 3660 1400 3715 τοῦ
1479 3663 1790 3716 πεπλάσθαι
1838 3665 1937 3735 τὴν

361 3746 688 3817 ἀδοξοτάτην
729 3748 985 3818 θεωρίαν.

433 3840 952 3907 Πεντεκαιδέκατον,
997 3845 1123 3915 περί
1152 3861 1317 3898 τινων
1378 3829 1786 3916 ὲκζήτημάτων
1841 3849 1935 3900 ἐπὶ

363 3929 440 3997 τῷ
483 3930 791 4003 ’Δλκοράνῳ
821 3934 1038 3999 κοινῶν,
1083 3937 1178 3988 καὶ
1227 3939 1356 4007 περὶ
1384 3938 1483 4008 τῆς
1535 3940 1632 3993 τοῦ
1696 3941 1933 4011 Χριστοῦ

369 4023 504 4093 πρὸς
531 4024 619 4078 τὸν
649 4024 950 4095 Μαχούμετ
981 4027 1281 4097 ὑπεροχῆς.

440 4112 888 4176 Ἐκκαιδέκατον,
919 4113 1173 4184 περὶζτῆς
1193 4112 1288 4168 τοῦ
1316 4115 1652 4185 Εύαγγελίου
1680 4118 1815 4191 πρὸς
1874 4121 1934 4174 τὸ

376 4205 694 4276 Ἀλκοράνον
725 4205 826 4258 ὖπε
834 4207 1024 4277 ροχῆς.

444 4297 961 4364 Ἐπτακαιδικατον,
1033 4301 1163 4369 περὶ
1225 4304 1327 4370 τῆς
1388 4302 1498 4356 τῶν
1564 4303 1934 4376 Σαρῤακηνῶν

361 4388 655 4458 ἀπολογίας
686 4390 820 4460 πρὸς
843 4390 910 4444 τά
953 4392 1351 4462 προειρημένα.

430 4505 511 4556 A'.
547 4502 951 4571 Ἀρχικώτεραι
981 4501 1088 4556 τοῦ
1118 4503 1308 4568 νόμου
1327 4502 1545 4559 τούτου
1577 4505 1858 4574 αἱρέσεις.

432 4614 654 4683 Πρῶτον
669 4614 845 4667 τοίνυν
869 4613 1043 4683 προσή
1053 4629 1136 4666 κει
1168 4613 1360 4682 μαθεῖν
1379 4615 1937 4688 τὰςάρχοειδεστέρας

361 4707 704 4778 αίρέσει;,ἀς
745 4707 771 4756 6
793 4706 899 4757 τῶν
919 4706 1286 4775 Σαρῥακηνῶν
1330 4707 1508 4775 τίθησι
1544 4709 1724 4778 νόμος,
1757 4710 1942 4778 καθὼς

365 4795 597 4863 μάλιστα
618 4794 694 4863 τῷ
715 4793 842 4864 θείῳ
870 4794 1019 4864 νόμῳ
1044 4794 1396 4849 ἐναντιοῦται.
1414 4795 1610 4850 Ἰστὲον
1632 4784 1831 4863 τοίνυν,
1857 4801 1938 4853 ὅτι

362 4887 541 4940 πάντα
571 4885 660 4938 τὸν
689 4885 795 4938 τῶν
825 4885 1068 4954 ἀρχαίων
1089 4886 1382 4954 αίρετικῶν
1407 4886 1688 4957 βόρϐορον,
1705 4889 1770 4954 ρν
1794 4895 1821 4944 ὁ
1846 4891 1938 4946 διά

359 4977 515 5040 δολος
542 4980 600 5029 ὲν
623 4979 732 5039 τοῖς
763 4976 941 5038 ἄλλοις
970 4976 1310 5046 διῃρημένως
1329 4979 1710 5048 κατέσπειρεν,
1737 4984 1818 5044 εἰς
1839 4983 1932 5036 τὸν

359 5068 655 5140 Μαχούμετ
674 5067 865 5138 ἀθρόον
887 5069 1210 5136 κατέμεσεν.
1235 5063 1401 5131 Οὗτος
1431 5071 1538 5139 γὰρ
1562 5072 1697 5139 μετὰ
1725 5071 1823 5142 μὲν
1842 5072 1936 5126 τοῦ

357 5161 646 5214 Σαϐελλίου
679 5162 921 5229 ἀρνεῖται
949 5159 1224 5223 παντελῶς
1238 5162 1566 5230 τὴνΤριάδα⁹
1584 5163 1826 5215 δυάδασδέ
1858 5181 1940 5216 τι-

356 5269 425 5303 να
453 5252 664 5322 τίθησιν
695 5254 751 5304 ἐν
775 5253 890 5311 τοῖς
925 5250 1090 5313 θείοις
1126 5250 1294 5319 μηδὲν
1349 5252 1446 5320 μὲν
1491 5253 1684 5321 σεμνὸν
1705 5253 1938 5316 καὶτοῖς

359 5342 524 5405 θείοις
555 5343 817 5410 ἀνάλογον
852 5343 1127 5410 ἐκφαίνειν
1146 5344 1202 5393 ὲν
1221 5343 1385 5412 ἑαυτῇ
1415 5343 1738 5413 δυναμένην,
1761 5344 1941 5411 πάσης

355 5431 414 5484 δὲ
428 5432 745 5502 ἑτερότητος
768 5429 934 5487 οὖσαν
965 5433 1162 5503 ἀρχήν.
1206 5432 1526 5502 ’Υποτίθησι
1551 5434 1660 5502 γὰρ
1681 5434 1850 5502 αὐτήν
1880 5449 1938 5485 τε

358 5523 461 5592 τὴν
521 5522 674 5577 θείαν
705 5525 918 5589 οὐσίαν,
978 5525 1075 5576 καὶ
1109 5525 1210 5595 τὴν
1257 5523 1459 5594 ταύτης
1512 5523 1709 5592 ψυχήν.
1767 5521 1933 5574 Ὀθεν

361 5613 440 5676 εις
476 5617 536 5667 τὸ
581 5614 908 5685 ’Δλκοράνον
948 5613 1326 5684 πληθυντικῶς
1367 5612 1582 5680 εἰσάγει
1616 5611 1935 5678 διαλεγόμε-

277 5715 296 5794 ς
362 5722 451 5760 νον
477 5709 567 5761 τὸν
602 5707 757 5774 Θεὸν,
786 5707 861 5772 ὡς
892 5708 1069 5761 δοκεῖν
1098 5707 1268 5775 αὐτὴν
1302 5706 1404 5775 τὴν
1433 5703 1526 5757 τοῦ
1564 5702 1698 5756 Θεοῦ
1729 5701 1928 5772 ψυχὴν,

290 5795 300 5826 ί

1957 4480 2014 4542 D

2109 1568 2354 1624 Primum
2407 1582 2572 1640 caput
2597 1571 2843 1627 continet
2876 1571 3214 1642 principales
3254 1573 3419 1644 hujus
3466 1575 3607 1646 legis

2039 1673 2278 1714 errores.
2741 1667 2748 1672 '

2110 1749 2450 1814 Secundum.
2478 1751 2604 1822 quis
2637 1752 2832 1808 modus
2859 1768 2984 1808 cum
3013 1753 3099 1807 eis
3129 1735 3431 1808 servandus
3464 1764 3568 1809 est.

2108 1839 2377 1906 Tertium,
2405 1842 2549 1910 quod
2579 1842 2664 1896 lex
2687 1843 2802 1897 hare
2831 1858 2938 1897 nou
2956 1853 3039 1899 est
3065 1845 3149 1898 lex
3177 1844 3295 1910 Dei,
3319 1853 3611 1913 propterea

1974 1962 2012 2020 η
2043 1930 2188 1998 quod
2231 1946 2408 2000 neque
2442 1933 2630 1998 Vetus,
2688 1949 2862 2004 neque
2921 1935 3131 1991 Novum
3197 1935 3606 1991 Testamentum

2045 2021 2187 2076 hanc
2217 2030 2518 2089 testantur;
2557 2035 2611 2078 et
2640 2026 2784 2094 quod
2816 2041 3036 2081 necesse
3069 2036 3152 2080 est
3178 2026 3487 2090 Saracenis,
3515 2041 3610 2095 pa-

2046 2126 2167 2166 rere
2184 2111 2348 2166 dictis
2382 2113 2592 2168 Veteris
2616 2114 2954 2170 Testamenti
2975 2125 3028 2170 et
3063 2117 3364 2186 Evangelii.

2115 2294 2404 2360 Quartum,
2435 2296 2580 2365 quod
2613 2310 2791 2365 neque
2843 2295 2896 2348 in
2935 2296 3095 2366 alylo,
3123 2311 3300 2365 neque
3343 2295 3398 2350 in
3446 2296 3609 2352 modo

2047 2401 2170 2439 cum
2201 2387 2323 2441 aliis
2353 2387 2631 2440 convenit.

2117 2475 2402 2540 Quintum,
2437 2476 2580 2544 quod
2609 2491 2715 2532 non
2748 2475 3006 2532 convenit
3056 2475 3360 2531 secundum
3391 2483 3610 2532 senten-

2055 2566 2160 2620 tias
2193 2583 2316 2620 cum
2345 2568 2530 2636 aliquo
2558 2568 2754 2624 altero.

2122 2655 2368 2721 Sextum,
2401 2659 2546 2726 quod
2581 2659 2635 2712 in
2672 2659 2860 2713 multis
2888 2661 2992 2715 sibi
3028 2659 3130 2728 ipsi
3157 2659 3508 2716 contradicit.

2117 2745 2448 2815 Septimum,
2475 2749 2620 2818 quod
2659 2751 2809 2804 nullo
2831 2751 3096 2805 miraculo
3130 2750 3510 2804 conlirmatur.

2117 2836 2406 2904 Octavum,
2441 2839 2586 2907 quod
2631 2856 2739 2894 non
2770 2852 2852 2895 est
2883 2841 3183 2896 secundum
3218 2839 3506 2894 rationem.

2113 2927 2330 2982 Nonum
2354 2967 2370 2991 ,
2406 2929 2550 2998 quod
2584 2931 2872 2985 manifesta
2893 2931 3138 2985 continet
3167 2930 3472 2984 mendacia.

2119 3016 2423 3081 Decimum,
2470 3018 2614 3087 quod
2668 3009 2926 3074 violenta.
2971 3020 3136 3074 etiam
3183 3021 3237 3074 in
3265 3033 3380 3086 eos,
3408 3018 3504 3089 qui
3541 3017 3610 3072 ad

1965 3144 2009 3203 ο
2044 3123 2162 3162 eam
2191 3108 2436 3163 veniunt.

2113 3199 2492 3268 Uudecimum,
2524 3203 2666 3273 quod
2699 3203 3031 3260 inordiirata.

2109 3291 2530 3356 Duodecimuin,
2572 3297 2716 3364 quod
2737 3290 2955 3366 iniqua.

2117 3383 2367 3439 Tertium
2395 3385 2720 3453 ,ideciiuum,
2759 3387 2826 3441 de
2858 3388 3117 3442 Alcoraui
3160 3389 3524 3456 institutione,
3555 3399 3613 3448 et

2039 3473 2164 3542 quis
2187 3473 2290 3528 fuit
2317 3475 2482 3544 hujus
2514 3475 2649 3545 legis
2684 3477 2864 3545 opifex
2895 3487 2951 3532 et
2982 3480 3260 3536 inventor.

2109 3651 2377 3718 Quartum
2412 3632 2741 3720 decimum,
2768 3652 2836 3708 de
2884 3653 3102 3710 ﬁctione
3135 3657 3612 3727 improbatissitua:

2035 3743 2289 3798 visionis.

2107 3832 2372 3899 Quintum
2405 3833 2678 3887 decimum
2705 3871 2722 3898 ,
2753 3833 2819 3888 de
2876 3848 3204 3904 quibusnam
3237 3852 3330 3893 sex
3363 3842 3611 3909 quaesitis

2036 3927 2092 3978 in
2122 3925 2391 3978 Alcorano
2437 3925 2824 3988 communibus
2845 3967 2860 3992 ,
2893 3937 2950 3981 et
2981 3927 3047 3983 de
3080 3927 3282 3985 Christi
3322 3932 3392 3986 ad
3425 3933 3612 3988 Mallo-

2037 4023 2241 4068 metum
2269 4014 2616 4068 excellentia.

2108 4105 2332 4160 Sextum
2381 4105 2656 4160 decimum
2692 4148 2707 4175 ,
2747 4108 2815 4163 de
2852 4109 3129 4180 Evangelii
3169 4110 3237 4166 ad
3278 4111 3606 4168 A'lcoranum

2036 4201 2383 4256 excellentia.
3274 4213 3283 4221 '

2107 4291 2386 4347 Decimum
2425 4291 2719 4362 septimum
2750 4330 2764 4356 ,
2801 4290 2870 4345 de
2928 4290 3325 4347 Saracenorum
3381 4308 3606 4365 respon-

2031 4385 2186 4440 sione
2216 4385 2283 4438 ad
2311 4385 2590 4454 praedicta.
3561 4369 3584 4388 ’

2215 4495 2259 4551 l.
2291 4495 2369 4550 De
2395 4495 2779 4567 principalibus
2811 4495 3110 4566 hujuslegis
3141 4469 3424 4552 erroribus.
3492 4503 3519 4527 '

2103 4608 2343 4663 Primum
2399 4608 2568 4678 igitur
2623 4608 2781 4663 decet
2814 4610 2954 4663 scire
2988 4608 3316 4677 principales
3341 4601 3562 4663 errores
3585 4648 3602 4671 ,

2032 4713 2172 4768 quos
2200 4701 2596 4755 Saracenorum
2632 4706 2715 4753 lex
2752 4703 2935 4768 ponit,
2980 4699 3283 4753 secundum
3306 4715 3439 4768 quos
3486 4716 3602 4755 ma-

2033 4793 2178 4846 xime
2223 4791 2421 4846 divinae
2493 4793 2597 4862 legi
2665 4793 3005 4846 adversatur.
3051 4793 3362 4846 Notandum
3408 4793 3598 4862 igitur,

2035 4882 2181 4953 quod
2213 4898 2373 4937 omne
2400 4885 2747 4952 antiquorum
2799 4899 3040 4949 caenum,
3081 4884 3222 4952 quod
3257 4883 3508 4938 diabolus
3546 4887 3600 4938 in

2035 4975 2154 5028 aliis
2207 4975 2440 5042 sparsim
2479 4974 2894 5039 dissemiuavit,
2937 4975 2992 5028 in
3049 4975 3414 5028 Mahometum
3447 4990 3604 5029 com-

2036 5065 2348 5134 prehensim
2382 5065 2646 5119 evomuit.
2711 5065 2810 5118 llic
2861 5065 3007 5118 enim
3044 5079 3168 5118 cum
3213 5063 3452 5119 Sabellio
3502 5079 3606 5119 ne-

2036 5165 2124 5226 gat
2148 5155 2226 5226 (l)
2248 5156 2471 5209 omnino
2489 5155 2848 5220 Trinitatem;
2876 5155 3190 5209 dualitatem
3214 5164 3394 5209 autem
3418 5170 3610 5223 quam-

2038 5246 2161 5299 dam
2187 5247 2342 5315 ponit
2375 5246 2429 5299 in
2455 5246 2681 5312 divinis,
2721 5263 2842 5315 qua:
2874 5245 3008 5298 nihil
3056 5246 3347 5299 honestum
3382 5253 3438 5298 et
3470 5243 3613 5298 divi-

2044 5338 2131 5391 nis
2159 5337 2336 5392 simile
2367 5342 2421 5390 in
2468 5353 2526 5391 se
2560 5337 2671 5405 ipsa
2707 5345 2884 5404 potest
2936 5335 3336 5397 demonstrare,
3366 5349 3494 5389 eum
3529 5347 3608 5387 t0-

2043 5429 2152 5483 lius
2196 5427 2487 5481 alteritatis
2541 5427 2870 5496 principium
2921 5427 3010 5480 sit.
3045 5426 3316 5495 Supponit
3349 5424 3492 5478 enim
3521 5423 3610 5476 di-

2044 5519 2226 5574 vinam
2259 5525 2577 5582 essentiam,
2612 5527 2667 5572 et
2701 5519 2865 5587 hujus
2901 5518 3162 5571 animum.
3189 5515 3342 5570 Unde
3363 5516 3416 5567 iu
3450 5514 3613 5567 Alco-
3702 5543 3714 5581 _~

2039 5625 2173 5663 rano
2215 5609 2428 5663 inducit
2481 5609 2651 5662 Deum
2685 5608 2965 5676 pluraliter
2999 5609 3308 5675 loquentem
3339 5612 3398 5655 ut
3424 5602 3611 5656 vidca-

2038 5711 2127 5755 tur
2161 5701 2276 5770 ipsa
2303 5699 2484 5756 anima
2519 5698 2636 5766 Dei,
2671 5706 2724 5753 ct
2759 5699 2874 5768 ipse
2906 5697 3158 5752 Christus
3188 5691 3416 5748 alterius
3457 5707 3610 5762 prai-

435 5865 510 5936 (l)
543 5862 654 5920 Hac
701 5861 909 5920 ratione
955 5861 1130 5919 utitur
1159 5869 1214 5917 et
1243 5858 1623 5918 Cluuiacensis
1652 5858 1817 5916 abbas
1848 5859 2060 5914 Petrus.
