4068 6444
524 472 666 540 1043

1765 472 2140 537 DEMETRII
2210 476 2456 537 (ΣΥοοΝ
2468 477 2523 536 [Ι

3600 478 3715 543 10M

524 600 609 645 ter
633 590 807 644 Deum
841 603 965 645 esse
998 590 1273 655 essentia,
1301 599 1358 646 et
1377 592 1605 647 minoris
1627 592 1760 658 Deo,
1790 602 1849 647 et
1876 592 1929 647 ei
1958 590 2091 648 sub-

2210 595 2293 649 καὶ
2319 593 2481 649 αὐτὸν
2508 594 2599 649 τὸν
2624 593 2858 663 Χριστὸν
2884 594 3054 666 ἄλλης
3083 594 3236 664 παρὰ
3281 594 3371 648 τὸν
3401 592 3526 649 Θεὸν
3564 594 3724 663 ὑπᾶρ-

527 678 657 734 dita:
689 697 703 734 :
738 682 1071 736 conveniens
1123 682 1177 736 in
1230 681 1314 735 his
1346 696 1471 736 cum
1504 682 1637 737 Ario
1677 691 1733 738 et
1777 682 2051 738 Eunomia
2074 722 2092 750 ,

521 773 783 842 supponit
823 771 1101 829 Christum
1145 773 1414 828 excelsam
1454 788 1576 829 esse
1606 783 1912 840 creaturam
1937 814 1953 840 ,
1978 789 2098 829 om-

527 876 626 915 nes
675 870 855 916 tamen
879 863 1012 916 alias
1036 872 1318 917 creaturas
1345 863 1721 918 excedentem.
1759 863 1883 918 llaec
1912 874 2096 919 autem

529 950 718 1019 Opinio
747 966 814 1005 ex
845 951 1141 1006 Platonicis
1171 963 1314 1006 mota
1352 968 1472 1007 esse
1505 952 1742 1019 videtur;
1774 954 1866 1023 qui
1895 968 2097 1023 suppo-

526 1051 663 1096 nunt
688 1057 959 1096 summum
983 1042 1152 1096 Deum
1182 1050 1395 1110 patrem
1421 1042 1666 1096 omnium
1690 1051 1746 1098 et
1767 1051 2098 1109 creatorem,

525 1148 592 1187 ex
626 1147 736 1201 quo
786 1132 1076 1202 quamdam
1131 1142 1371 1188 mentem
1424 1132 1682 1188 dicebant
1728 1134 1964 1203 primum
1995 1134 2096 1189 de-

524 1214 779 1286 ﬂuxisse,
825 1224 881 1276 in
918 1239 1024 1292 qua
1059 1223 1281 1293 quidem
1317 1225 1446 1279 sunt
1489 1238 1683 1279 omnes
1736 1226 1974 1280 rationes
1997 1240 2096 1280 en-

527 1317 685 1377 tium,
717 1324 772 1369 et
795 1314 1053 1369 omnibus
1082 1315 1352 1370 excelsior
1380 1323 1466 1370 est
1493 1330 1510 1371 :
1539 1330 1703 1385 quem
1734 1325 1789 1369 et
1813 1326 2095 1386 paternam

527 1416 764 1460 mentem
819 1406 1186 1476 appellabant.
1257 1406 1387 1461 Post
1418 1406 1565 1460 hunc
1600 1422 1726 1462 esse
1757 1407 1947 1462 mundi
1974 1406 2095 1461 ani-

528 1510 670 1549 mam
695 1496 986 1559 «licebant;
1017 1497 1277 1566 deinceps
1309 1506 1491 1551 autem
1531 1499 1754 1567 reliquae
1780 1506 1910 1552 sunt
1940 1513 2096 1553 crea-

529 1594 682 1640 turas.
711 1584 840 1651 Quae
865 1586 1031 1656 igitur
1063 1587 1131 1643 de
1170 1587 1308 1642 Filio
1340 1587 1434 1642 Dei
1481 1588 1535 1643 in
1569 1587 1870 1659 Scripturis
1904 1590 2099 1645 dicu‘n-

525 1684 633 1739 tur,
667 1676 781 1731 haec
824 1684 891 1732 ad
918 1678 1062 1732 illam
1094 1687 1328 1734 mentem
1357 1680 1432 1734 illi
1478 1681 1791 1734 referebant
1819 1700 1828 1734 :
1862 1681 2096 1736 maxime

520 1776 726 1832 autem,
757 1770 900 1839 quod
932 1777 986 1825 et
1014 1770 1199 1826 divina
1224 1770 1503 1842 Scriptura
1541 1771 1736 1826 Filium
1759 1773 1856 1828 Dei
1883 1774 2096 1843 sapien-

522 1861 654 1915 tiam
691 1870 746 1916 et
784 1861 881 1918 Dei
911 1863 932 1894 ³
956 1864 1199 1918 Verbum
1233 1864 1493 1935 appellat.
1529 1863 1663 1920 Cum
1691 1865 2095 1934 qua'opinione

521 1957 578 2004 et
612 1965 676 2004 ea
707 1965 827 2021 qua:
870 1961 954 2007 est
1000 1950 1255 2006 Avicenae
1285 1953 1582 2019 convenit,
1634 1954 1725 2022 qui
1764 1960 1929 2023 supra
1977 1953 2090 2023 pri-

521 2049 673 2096 mum
714 2042 913 2097 coelum
953 2043 1181 2113 primam
1217 2043 1632 2114 intelligentiam
1661 2043 1941 2113 supponit,
1972 2058 2093 2113 qua:

522 2133 760 2202 primum
782 2134 982 2190 ctelum
1010 2141 1213 2198 movet,
1238 2133 1379 2188 ultra
1408 2150 1569 2203 quam
1598 2135 1653 2189 in
1684 2149 1898 2189 summo
1918 2134 2091 2189 Deum

525 2223 727 2278 ﬁrmari
753 2224 929 2285 dicit“
976 2225 1069 2281 Sic
1103 2224 1273 2296 igitur
1310 2225 1501 2279 Ariani
1531 2225 1987 2284 existimaverunt
2025 2223 2095 2279 de

525 2313 664 2369 Filio
695 2316 791 2371 Dei
820 2355 836 2382 ,
888 2316 1033 2383 quod
1084 2326 1232 2371 esset
1260 2328 1534 2382 creatura,
1564 2330 1687 2385 quae
1735 2329 1926 2370 omnes
1962 2314 2097 2369 alias

522 2416 803 2461 creaturas
866 2405 1102 2470 excedit,
1179 2421 1291 2475 quo
1372 2406 1647 2461 mediante
1695 2406 1880 2461 omnia
1948 2405 2096 2460 Deus

525 2497 753 2552 ereavit.
785 2494 941 2552 Unde
998 2503 1057 2551 et
1103 2496 1445 2553 Mahotnetus
1500 2497 1759 2567 supponit
1813 2496 2095 2553 Christum

525 2589 962 2654 sanctissimum,
991 2597 1046 2644 et
1067 2589 1346 2643 hominem
1376 2588 1581 2644 virtute
1615 2588 1901 2657 praeditum
1929 2600 2098 2655 supra

525 2692 717 2751 otnnes
744 2679 906 2735 alios.
941 2677 1123 2734 Palam
1176 2689 1357 2734 autem
1407 2677 1555 2750 quod
1602 2679 1659 2733 in
1707 2693 1774 2733 eo
1809 2677 1944 2731 dicit
1978 2689 2100 2731 esse

525 2786 692 2842 supra
722 2771 1025 2826 hominem.
1075 2772 1329 2842 Appellat
1357 2772 1503 2825 enim
1556 2783 1681 2824 eum
1707 2769 1948 2824 Verbum
1975 2768 2097 2835 Dei,

526 2869 585 2915 et
617 2859 885 2930 Spiritum
923 2858 1047 2923 Dei,
1094 2869 1154 2915 et
1179 2861 1414 2914 animam
1446 2857 1579 2924 Dei;
1606 2858 1773 2911 Deum
1802 2863 1983 2910 autem
2014 2870 2102 2910 se-

526 2952 772 3009 cundum
798 2955 1087 3008 veritatem
1139 2951 1274 3017 dici,
1304 2951 1531 3007 omnino
1576 2950 1865 3005 ridiculum
1921 2955 2099 3018 putat.

529 3042 598 3098 Et
650 3042 728 3098 ad
779 3044 1306 3099 demonstrationem
1360 3043 1567 3112 hujus,
1603 3041 1820 3096 duobus
1867 3041 2101 3095 maxime

528 3134 708 3189 utitur
746 3150 763 3188 :
802 3150 913 3189 uno
942 3134 1187 3204 quidem,
1215 3133 1362 3202 quod
1386 3148 1665 3202 nunquam
1702 3133 1815 3202 ipse
1844 3132 2100 3188 Christus

2197 700 2316 754 χειν
2338 684 2550 749 οὐσίας,
2575 685 2671 738 καὶ
2699 685 2983 748 ὲλάττονος
3033 683 3129 739 τοῦ
3161 684 3293 738 Θεοῦ
3341 685 3429 737 καὶ
3458 685 3725 753 ὑποτεταγ-

2200 775 2371 845 μένης
2400 774 2570 845 αὐτῷ·
2599 775 3014 845 συμφερόμενος
3067 776 3126 827 ὲν
3173 773 3379 836 τούτοις
3426 774 3605 842 Ἀρείῳ
3640 773 3724 827 καὶ

2199 867 2471 936 Εὐνομίῳ,
2508 866 2816 921 ὑποτιθεϊσι
2862 864 2957 919 τὸν
2982 865 3219 935 Χριστὸν
3248 863 3401 930 ψιλὸν
3452 858 3579 916 εῖναι
3621 861 3724 915 atti-

2200 977 2338 1029 σμα,
2377 960 2595 1013 πάντων
2629 959 2816 1028 μέντοι
2840 959 2947 1011 τῶν
2984 956 3161 1011 ἄλλων
3181 955 3463 1025 ὑπερέχον.
3509 953 3644 1023 Αὕτη
3673 952 3725 1006 δδ

2198 1053 2230 1116 ἡ
2262 1049 2386 1116 δόξα
2417 1054 2481 1105 ὲκ
2505 1052 2615 1105 τῶν
2644 1049 3005 1105 Πλατωνικῶν
3033 1048 3327 1120 ὡρμῆσθαι
3356 1045 3518 1109 δοκεῖ,
3559 1045 3728 1097 ὑποτι-

2197 1143 2442 1213 θεμένων
2474 1144 2756 1214 τδν¹ἆκρον
2788 1143 2920 1197 Θεὸν
2957 1142 3175 1211 πατέρα
3216 1141 3426 1194 πάντων
3475 1136 3562 1190 καὶ
3586 1135 3728 1204 δημι-

2197 1233 2414 1301 ουργὸν,
2453 1232 2515 1298 ἐξ
2547 1226 2609 1287 οῦ
2638 1250 2762 1287 τινα
2788 1233 2913 1287 νοῦν
2945 1231 3132 1298 ἔλεγον
3156 1228 3369 1299 πρῶτον
3397 1226 3729 1296 ἀπορρυῆναι,

2197 1328 2256 1378 ὲν
2282 1320 2324 1393 ᾧ
2351 1323 2561 1389 πάντας
2585 1320 2724 1377 εἶναι
2753 1326 2883 1389 τοὺς
2921 1323 3112 1390 λόγους
3148 1322 3255 1374 τῶν
3279 1319 3462 1379 ὄντων,
3501 1315 3589 1371 καὶ
3610 1315 3733 1384 ὕψη·

2196 1415 2416 1487 λότερον
2470 1416 2708 1479 πάντων,
2752 1413 2813 1467 ὃν
2855 1413 2950 1467 καὶ
3004 1411 3271 1483 πατρικὸν
3326 1409 3446 1461 νοῦν
3490 1405 3734 1477 προσηγό-

2200 1506 2482 1576 ρευον’καὶ
2508 1507 2646 1577 μετὰ
2668 1504 2856 1559 τοῦτον
2902 1499 3165 1572 εἶναιτὴν
3191 1500 3287 1554 τοῦ
3320 1499 3521 1568 κόσμου
3555 1494 3732 1566 ψυχήνο

2196 1598 2390 1670 ἑφεξῆς
2421 1594 2476 1653 δὲ
2515 1597 2584 1653 τὰ
2617 1598 2786 1651 λοιπά
2815 1596 3109 1667 κτίσματα.
3173 1592 3255 1646 Τὰ
3306 1593 3487 1644 τοίνυν
3531 1590 3586 1641 ὲν
3630 1588 3734 1648 ταῖς

2196 1692 2442 1762 Γραφαϊς
2474 1688 2728 1760 περὶτοῦ
2758 1688 2889 1742 Υίοῦ
2928 1684 3022 1742 τοῦ
3076 1682 3213 1739 Θεοῦ
3276 1680 3557 1751 λεγόμενα,
3602 1672 3735 1730 ταῦτ’

2198 1785 2285 1837 ἐπ’
2318 1782 2522 1838 ἐκεῖνον
2553 1782 2642 1836 τὸν
2667 1779 2791 1835 νοῦν
2816 1779 3016 1849 ἀνῆγον
3043 1777 3239 1832 ἐκεῖνοι
3259 1790 3275 1807 ⁸
3312 1775 3539 1845 μάλιστα
3565 1768 3636 1838 τῷ
3658 1766 3736 1821 καὶ

2196 1879 2294 1951 τὴν
2324 1878 2473 1931 θείαν
2500 1874 2722 1947 Γραφὴν
2747 1872 2836 1926 τὸν
2864 1873 2992 1925 Υἱὸν
3021 1870 3115 1923 τοῦ
3164 1865 3323 1925 Θεοῦ,
3363 1863 3496 1919 Θεοῦ
3548 1860 3737 1951 σοφίαν,

2198 1950 2293 2024 καὶ
2330 1969 2462 2022 Θεοῦ
2481 1966 2650 2034 Λόγον
2679 1963 2882 2018 καλεῖν.
2899 1958 2979 2035 1'IL‘I
3005 1958 3131 2032 δόξῃ
3157 1958 3251 2013 καὶ
3299 1959 3334 2027 ἡ
3355 1955 3448 2008 τοῦ
3488 1950 3740 2006 Ἀδινσένα

2201 2059 2434 2129 συνᾴδει,
2463 2056 2520 2119 ὃς
2550 2055 2692 2119 ὑπὲρ
2742 2053 2842 2116 τὴν
2888 2049 2984 2103 τοῦ
3041 2046 3259 2119 πρώτου
3309 2038 3538 2114 οὐρανοῦ
3585 2038 3742 2129 ψυχην

2199 2149 2297 2221 τὴν
2328 2146 2549 2219 πρώτην
2600 2146 2784 2213 νόησιν
2814 2138 3127 2209 ὑποτίθησι,
3171 2134 3427 2190 κινοῦσαν
3468 2131 3557 2185 τὸν
3606 2126 3744 2198 πρῶ-

2200 2217 2290 2296 τον
2345 2217 2595 2307 οῦρανδν,
2651 2229 2720 2306 ἦς
2754 2233 3013 2286 ὲπέκεινα
3075 2228 3134 2284 ὲν
3167 2227 3245 2298 τῷ
3300 2226 3454 2295 ἄκρῳ
3506 2223 3597 2276 τὸν
3626 2217 3746 2272 ’Θεὸν

2202 2328 2677 2400 καθιδρύει.οῦτω
2700 2325 2881 2378 τοίνυν
2934 2323 2985 2376 ot
3028 2318 3302 2391 ’Ᾱρειανοὶ
3338 2317 3593 2386 ἒνόμισαν
3638 2310 3750 2379 περὶ

2201 2423 2294 2476 τοῦ
2324 2420 2455 2474 Υίοῦ
2489 2417 2579 2472 τοῦ
2612 2417 2773 2480 Θεοῦ,
2821 2416 2896 2477 ὼς
2933 2413 3021 2482 είη
3070 2409 3293 2480 κτίσμα
3325 2406 3587 2479 ὑπερέχον
3633 2401 3750 2455 πάν-

2202 2531 2309 2566 των
2339 2512 2446 2565 τῶν
2472 2509 2647 2565 ἀλλων
2675 2504 3016 2574 κτισμάτων·
3053 2517 3116 2555 ου
3155 2497 3550 2570 μεσιτεύοντος,
3596 2493 3751 2546 πάντα

2203 2607 2294 2659 τὸν
2342 2603 2473 2656 Θεὸν
2513 2598 3057 2669 δεδημιουργηκὲναι.
3108 2592 3273 2647 Ὅθεν
3332 2589 3427 2644 καὶ
3456 2589 3484 2641 ό
3530 2580 3751 2652 Μωάμεθ

2207 2693 2496 2759 ὑποτίθησι
2528 2690 2618 2741 τὸν
2656 2686 2893 2756 Χριστόν
2917 2684 3222 2753 ἁγιώτατον
3253 2680 3352 2735 καὶ
3377 2674 3750 2747 ὲναρετώτατον

2204 2783 2487 2853 ἄνθρωπον
2524 2780 2663 2850 ὑπὲρ
2731 2776 2942 2838 πάντας
2988 2774 3117 2837 τοὺς
3177 2771 3374 2836 ἄλλους
3435 2766 3752 2836 ἀνθρώπους.

2205 2872 2505 2947 Διαρρήδην
2538 2869 2594 2924 δέ
2622 2886 2673 2923 τι
2707 2871 2765 2922 ὲν
2812 2866 2961 2936 αὐτῷ
3000 2865 3163 2935 φησὶν
3195 2859 3339 2917 εἶναι
3390 2861 3480 2917 καὶ
3501 2858 3633 2928 ὑπὲρ
3677 2854 3756 2947 ἂνξ

2207 2944 2441 3036 θρωπον.
2533 2959 2822 3030 Ὀνομάζει
2894 2959 3005 3028 γὰρ
3048 2956 3209 3010 αὐτὸν
3257 2954 3433 3023 Λόγον
3478 2948 3630 3014 Θεοῦ,
3679 2944 3757 3036 καὶ

2209 3034 2430 3125 Πνεῦμα
2486 3052 2657 3117 Θεοῦ,
2688 3052 2783 3106 καὶ
2812 3049 3004 3119 ’ψυχὴν
3069 3048 3162 3101 τοῦ
3197 3045 3359 3103 Θεοῦ.
3412 3044 3486 3098 Τὸ
3539 3042 3594 3095 δὲ
3646 3034 3759 3090 Θεὸν

2206 3148 2324 3203 κατ’
2351 3148 2608 3216 ἀλήθειαν
2634 3142 2889 3211 λέγεσθαι
2919 3141 3244 3195 παντάπασι
3298 3137 3510 3206 γελοῖον
3550 3134 3759 3204 ἡγεῖται.

528 3226 598 3282 de
646 3227 828 3296 seipse
863 3226 969 3281 hoc
1013 3225 1291 3289 asseruit,
1343 3224 1430 3279 vel
1476 3223 1648 3290 dixit;
1684 3219 1858 3278 altero
1886 3230 2091 3288 autem,

2210 3240 2315 3296 Καὶ
2347 3239 2483 3306 πρὸς
2512 3236 2609 3307 τὴν
2644 3233 2915 3297 ἀπόδειξιν
2946 3231 3136 3284 τούτου
3153 3228 3273 3284 δυσὶ
3307 3228 3541 3299 μάλιστα
3562 3220 3760 3295 χρῆταιο

528 3321 662 3389 quia
709 3322 825 3390 ipse
870 3320 1207 3376 contrarium
1246 3317 1452 3373 dixisse
1504 3317 1745 3372 videtur.
1779 3316 1933 3373 Unde
1962 3314 2097 3372 dicit

2210 3338 2287 3388 ἑνὶ
2323 3332 2440 3403 μὲν,
2488 3328 2565 3399 τῷ
2628 3327 2750 3396 μηδ’
2777 3326 2941 3379 αὑτὸν
2979 3325 3065 3377 τὸν
3118 3324 3387 3392 Χριστὸν,
3428 3314 3760 3389 μηδεπώποτε

529 3402 895 3477 Hahomettts,
934 3408 1083 3479 quod
1114 3406 1412 3463 Christiani
1446 3407 1633 3462 dicunt
1667 3406 1947 3463 Christum
1980 3420 2101 3461 esse

533 3502 727 3557 Deum.
777 3501 993 3555 Etenim
1029 3498 1235 3555 ludatis
1263 3498 1379 3568 ipse
1403 3495 1660 3553 Christus
1689 3498 1828 3552 dixit
1862 3512 1877 3551 :
1912 3515 1931 3548 ι
1961 3496 2108 3551 Ado-

534 3602 654 3646 rate
682 3592 851 3645 Deum
888 3606 1071 3645 meum
1099 3629 1114 3653 ,
1160 3598 1218 3643 et
1272 3588 1442 3643 Deum
1494 3599 1761 3651 vestrum,
1815 3586 2103 3641 Dominum

533 3697 740 3748 meum,
765 3691 821 3737 et
871 3681 1159 3736 Dominum
1186 3692 1447 3736 vestrum.
1472 3690 1496 3732 ἰ
1527 3679 1655 3734 Haec
1679 3687 1862 3731 autem
1893 3674 2109 3743 longius

534 3774 784 3844 exposui,
818 3784 878 3829 ut
910 3788 1103 3828 omnes
1137 3780 1498 3842 cognoscant,
1530 3770 1677 3840 quod
1706 3767 1841 3820 illud
1867 3764 2014 3834 Quod
2049 3769 2103 3819 in

540 3866 823 3936 principio
874 3865 931 3919 in
965 3864 1173 3918 mundo
1204 3879 1303 3934 per
1331 3863 1523 3916 Arium
1569 3857 1827 3913 seductor
1859 3854 2112 3925 diabolus

541 3977 646 4017 non
680 3958 1190 4030 potuit‘perllcere.
1247 3958 1354 4013 hoc
1399 3965 1519 4026 post
1553 3956 1670 4007 haec
1713 3960 2107 4017 marcescente,

437 4064 447 4074 '
538 4054 761 4125 quidem
807 4053 863 4110 in
896 4049 1137 4106 Ecclesia
1168 4050 1320 4112 zelo,
1360 4045 1564 4101 malitia
1594 4052 1777 4112 autem
1809 4049 2109 4108 crescente,

540 4156 639 4215 per
667 4145 1037 4198 Mahometu‘m
1069 4136 1388 4208 adimplevit
1409 4177 1424 4201 ,
1461 4143 1518 4189 et
1567 4131 1784 4187 tandem
1831 4146 1931 4203 per
1957 4130 2114 4185 Anti-

541 4236 737 4292 Christi
822 4232 1126 4303 nequitiam
1213 4227 1517 4283 roborabit.
1584 4224 1688 4290 Qui
1764 4222 2117 4294 persuadebit

544 4328 773 4391 mundo,
811 4323 957 4394 quod
999 4330 1180 4391 neque
1208 4332 1374 4373 verus
1417 4317 1580 4380 Deus,
1609 4329 1786 4384 neque
1814 4313 1913 4368 Dei
1949 4313 2117 4367 Filius

542 4429 630 4476 est
665 4419 947 4477 Christus,
999 4423 1056 4468 et
1110 4425 1289 4480 neque
1334 4409 1501 4463 homo
1539 4408 1738 4463 bonus.
1794 4404 2119 4475 Principalis

544 4510 711 4581 igitur
766 4505 1002 4562 intentio
1050 4500 1341 4557 Hahometi
1382 4508 1491 4566 est,
1530 4498 1914 4570 persuadere,
1962 4497 2120 4571 Chri-

2205 3425 2334 3496 περὶ
2384 3419 2579 3475 ἑαυτοῦ
2623 3418 2782 3470 τοῦτο
2817 3413 3256 3491 διισχυρίσοισθαι⁹
3304 3412 3360 3482 ’ἢ
3391 3410 3580 3464 εἰπεῖν’
3612 3403 3762 3469 ἑτέρῳ

2207 3519 2286 3582 δὲ,
2316 3517 2410 3569 καὶ
2437 3511 2744 3566 τούναντίον
2769 3509 2968 3560 είπεῖν.
2999 3505 3164 3558 Ὅθεν
3196 3505 3380 3574 φησὶν,
3425 3502 3499 3563 ὡς
3552 3498 3602 3551 oi
3650 3497 3766 3563 ’Χρι-

2211 3608 2416 3663 στιανοὶ
2442 3606 2574 3675 φασὶ
2616 3602 2706 3655 τὸν
2766 3599 3001 3671 Χριστὸν
3057 3592 3197 3650 εἶναι
3255 3596 3420 3661 Θεὸν,
3452 3592 3624 3646 καίτοι
3666 3584 3765 3645 τοῖς

2222 3698 2501 3760 Ἰουδαίοις
2558 3694 2802 3756 εἰπόντος
2840 3689 3004 3744 αὑτοῦ
3042 3686 3134 3742 τοῦ
3168 3685 3437 3758 Χριστοῦ,
3494 3702 3514 3736 ι
3550 3683 3770 3751 Προσκυα

2211 3791 2351 3843 νεϊτε
2376 3787 2467 3839 τδν
2496 3783 2627 3837 Θεόν
2661 3798 2761 3852 μου
2797 3781 2890 3834 καὶ
2913 3778 3043 3831 Θεὸν
3095 3775 3270 3846 ὑμῶν,
3301 3780 3398 3828 τὸν
3427 3771 3629 3842 Κῦριόν
3680 3781 3770 3838 μου

2214 3879 2308 3932 καὶ
2334 3876 2528 3946 Κύριον
2560 3872 2739 3941 ὑμῶν.
2768 3888 2785 3921 ι
2813 3868 2998 3922 Ταῦτα
3035 3864 3093 3918 δὲ
3119 3863 3473 3935 μακρότερον
3506 3857 3770 3946 ἔξεθέμην,

2215 3970 2300 4024 ἵνα
2327 3940 2525 4029 πάντες
2602 3940 2808 4032 γνοῖεν,
2861 3960 2936 4022 ὡς
2965 3951 3175 4019 οὗτινος
3237 3953 3341 4024 τὴν
3394 3952 3573 4024 ἀρχὴν
3624 3949 3675 3999 ὲν

2214 4059 2406 4127 κόσμω
2433 4055 2521 4109 διὰ
2568 4031 2666 4106 τοῦ
2711 4048 2929 4122 Ἀρείου
2990 4042 3579 4113 προκαταϐαλλὸμενος
3629 4031 3777 4127 66d.-

2215 4118 2392 4212 ϐολος,
2418 4148 2516 4215 οὐχ
2560 4139 2671 4205 οἷός
2706 4118 2792 4194 τε-
2829 4138 3048 4225 ἐγένξτο
3102 4134 3413 4197 τελειῶσαι,
3448 4118 3776 4225 τοῦτομμετὰ

2215 4239 2389 4293 ταῦτα
2424 4213 2799 4306 μαρανθέντοε
2830 4228 2929 4298 μὲν
2944 4213 3007 4280 ἓν
3046 4227 3112 4296 τῇ
3154 4220 3461 4292 Ἐκκλησία
3485 4216 3581 4309 τοῦ
3607 4213 3776 4309 ζήλου,

2219 4329 2319 4398 τῆς
2336 4327 2402 4380 δὲ
2427 4323 2694 4394 πονηρίας
2730 4318 3130 4387 αὐξανομένης,
3154 4313 3516 4382 ἀνεπλήρωσε
3565 4307 3651 4361 διὰ
3668 4307 3776 4398 σοῦ

2218 4391 2490 4483 Μωάμεθ.
2534 4391 2676 4462 ’ᾸλΥ
2700 4407 2850 4477 ὅμως
2879 4404 2968 4457 διὰ
3023 4403 3116 4455 τοῦ
3180 4400 3565 4470 ’Δντιχρίστου
3603 4393 3691 4449 καὶ
3711 4391 3779 4451 εἰς

2220 4506 2373 4568 τέλος
2402 4498 2598 4568 ἐξοίσει
2643 4500 2745 4570 τὴν
2771 4497 3058 4567 πονηρίαν.
3097 4496 3193 4556 Ὃς
3229 4492 3534 4546 ἀναπείσει
3556 4488 3646 4540 τὸν
3672 4483 3783 4570 κόσέ

545 4569 688 4656 stum
730 4611 911 4665 neque
956 4595 1130 4648 Deum
1159 4631 1176 4657 ,
1214 4606 1392 4660 neque
1448 4590 1648 4646 Filium
1682 4605 1806 4644 esse
1840 4588 1960 4653 Dei,
2017 4569 2107 4643 sed

2222 4615 2342 4669 μον.
2375 4596 2448 4657 ὡς,
2475 4592 2588 4648 οὔτ’
2616 4569 2819 4662 ἀληθὴς
2857 4589 3015 4653 Θεὸς,
3044 4585 3167 4641 οὔτε
3204 4584 3342 4638 Θεοῦ
3392 4583 3526 4643 Υἱός
3580 4569 3784 4669 ἐστινιό

548 4698 803 4744 sanctum
835 4685 1128 4757 quemdam
1152 4694 1207 4739 et
1232 4686 1532 4753 sapientem
1574 4682 1883 4746 hominem,
1913 4688 1970 4735 et
1991 4694 2119 4749 pro-

549 4779 775 4848 phetam
826 4775 1149 4840 maximum,
1180 4774 1387 4844 absque
1421 4782 1575 4844 patre
1621 4788 1689 4826 ex
1718 4758 1930 4840 virgine
1970 4770 2124 4841 geni—

551 4883 690 4924 tum.
730 4869 791 4924 In
819 4868 1022 4937 quibus
1049 4881 1173 4922 cum
1198 4865 1529 4936 Carpocrate
1563 4863 1827 4920 haeretico
1844 4860 2122 4916 convenit.

550 4960 688 5016 Item
721 4958 956 5014 alﬁrmat
983 5001 997 5024 ,
1046 4958 1386 5028 impossibile
1415 4972 1534 5013 esse
1572 4958 1744 5011 Deum
1791 4953 1999 5008 habere
2064 4952 2127 5005 ﬁ-

551 5050 714 5119 lium,
739 5060 1029 5120 propterea
1060 5050 1204 5119 quod
1232 5064 1452 5103 uxorem
1498 5063 1606 5101 non
1648 5047 1833 5100 habet.
1868 5046 2004 5098 Cum
2026 5059 2125 5097 eo-

553 5141 681 5196 dem
732 5155 928 5195 rut-sus
972 5140 1233 5194 baeretico
1263 5140 1432 5194 etiam
1470 5140 1524 5193 in
1556 5139 1660 5192 hoc
1710 5137 1987 5192 convenit.
2012 5136 2129 5191 Ad-

555 5230 770 5300 ditque,
819 5230 965 5299 quod
1002 5231 1049 5286 si
1082 5232 1226 5285 Dens
1258 5231 1487 5285 haberet
1535 5230 1745 5293 lilium,
1791 5229 1846 5281 iu
1879 5227 2128 5296 periculo

551 5321 665 5389 jam
699 5321 881 5376 omnis
938 5337 1028 5378 res
1080 5332 1262 5386 esset,
1298 5331 1557 5389 tanquam
1612 5321 1856 5372 futurum
1893 5318 2131 5373 schisma

561 5421 715 5466 esset
747 5407 891 5464 inter
931 5427 1030 5466 eos
1074 5427 1141 5465 ex
1168 5413 1518 5465 necessitate.
1557 5410 1618 5463 In
1663 5409 1864 5478 quibus
1893 5424 2015 5463 cum
2046 5408 2137 5463 Ju-

558 5502 694 5560 dzeis
724 5513 780 5555 ιι
804 5502 1077 5558 Cerdonio
1108 5502 1372 5557 hmretico
1398 5502 1675 5556 convenit.
1710 5500 2135 5570 Subjungitque,

559 5605 740 5664 neque
772 5609 802 5649 a
834 5592 1037 5650 Judaais
1067 5594 1351 5649 Christum
1389 5593 1558 5648 fuisse
1592 5592 2008 5659 interemptum,
2035 5605 2135 5645 ne-

567 5699 752 5755 neque
775 5686 1136 5751 cruciﬁxum,
1177 5686 1273 5741 sed
1324 5685 1493 5740 alium
1542 5683 1836 5754 quemdam
1880 5682 1958 5737 illi
1988 5682 2137 5739 sitni-

636 5865 653 5897 ³
681 5865 702 5921 1
735 5866 856 5920 Cor.
890 5883 927 5931 ι,
960 5866 1053 5921 24.

2217 4661 2478 4759 Χριστὸς,
2520 4681 2633 4736 ἀλλ’
2657 4661 2787 4735 οὑδί
2811 4679 3096 4747 ἄνθρωπος
3135 4676 3359 4743 ἀγαθός.
3417 4675 3480 4726 Ὀ
3511 4661 3782 4759 προηγοῦ-

2224 4754 2385 4849 μενος
2406 4777 2588 4830 τοίνυν
2616 4772 2816 4836 σκοπὸς
2850 4771 2946 4825 τοῦ
2985 4768 3223 4838 Μωάμεθ
3248 4766 3367 4820 ἐστὶ
3398 4764 3462 4818 τὺ
3489 4754 3787 4849 πείθειντῦν

2223 4840 2459 4941 δίριστὸν
2508 4869 2647 4937 μήτε
2709 4865 2863 4931 Θεὸν,
2901 4864 3041 4932 μήτε
3096 4860 3225 4914 Υἰὸν
3268 4854 3413 4912 εἶναι
3460 4853 3618 4917 Θεοῦ,
3687 4840 3788 4941 illi?

2226 4934 2379 5030 ἅγιόν
2409 4934 2532 5012 τινα
2565 4934 2660 5010 καὶ
2695 4956 2857 5024 σοφὸν
2896 4954 3209 5023 ἄνθρωπον,
3238 4950 3333 5004 καὶ
3386 4945 3676 5017 προφήτην
3708 4934 3791 5030 μέ-

2227 5022 2434 5116 γιστον,
2458 5047 2586 5100 ἄνευ
2620 5022 2823 5112 πατρός
2858 5044 2924 5094 ὲκ
2949 5022 3221 5108 παρθένου
3256 5032 3681 5104 γεγεννημένον·
3726 5022 3789 5116 μὲν

2227 5114 2309 5203 οἷς
2337 5135 2731 5207 Καρποκράτει
2755 5133 2831 5202 τῷ
2869 5129 3131 5198 αἱρετικῷ
3196 5127 3503 5197 συμφωνεῖ.
3573 5122 3688 5173 Ἔτι
3720 5114 3791 5207 δι-

2226 5202 2856 5299 ισχυρίξεταιήὰδύνατον
2884 5218 3025 5274 εἶναι
3052 5220 3141 5289 τὸν
3171 5218 3300 5271 Θεὸν
3348 5217 3502 5285 ἐχειν
3526 5213 3671 5271 Υίὸν,
3700 5202 3784 5303 διξ

2230 5320 2291 5374 τὸ
2324 5319 2458 5389 μηδὲ
2488 5318 2721 5384 γυναῖκα
2742 5312 2908 5383 ἔχειν.
2951 5311 3041 5381 Τῷ
3070 5310 3216 5379 αὐτῷ
3238 5308 3293 5360 δὲ
3340 5307 3510 5360 πάλιν
3553 5303 3794 5389 αἱρετικῳ

2364 5386 2539 5477 τούτῳ
2567 5407 2831 5477 συνᾴδων.
2867 5404 3197 5475 ιΙροστίθησι
3226 5400 3284 5453 δὲ
3308 5397 3389 5461 ὡς
3412 5398 3576 5465 εἴπερ
3624 5396 3651 5445 ὁ
3674 5386 3791 5445 Θεὸς

2233 5497 2381 5571 εἶχεν
2405 5500 2552 5566 Υίὸν,
2580 5501 2637 5553 ὲν
2668 5497 2897 5567 κινδύνῳ
2918 5495 2984 5549 ἂν
3015 5491 3151 5547 εἶναι
3184 5492 3245 5545 τὸ
3276 5491 3408 5555 πᾶν,
3442 5489 3522 5552 ὡς
3553 5480 3793 5571 ὲσομενου

2235 5569 2328 5644 καί
2360 5587 2656 5659 σχίσματος
2680 5588 2737 5639 ἐν
2758 5587 2946 5647 αὐτοῖς
3012 5582 3072 5648 ἐξ
3100 5582 3371 5650 ἀνάγκης
3425 5579 3489 5631 ἐν
3547 5571 3629 5635 οἷς
3681 5569 3795 5659 Ἰον-

2238 5653 2528 5744 δαίοιςῑκαὶ
2559 5679 2805 5751 Κέρδωνι
2843 5676 3126 5749 συμφωνεῖ
3149 5672 3230 5746 τῷ
3252 5667 3548 5743 αἱρετικῷ.
3601 5653 3793 5717 Διατείσ
