4068 6456
260 5702 281 5787 ἕ

363 502 501 573 1045

1593 499 1891 565 CONTRA
1927 498 2197 559 MAHOM
2212 500 2438 562 ETEM.

3461 484 3603 550 1046

359 634 509 673 verat
532 614 588 670 εδ
623 617 749 688 μηδ’
774 618 879 673 ὑπὸ
907 619 1018 673 τῶν
1051 578 1571 692 ἸουδαίωνΧριστὸν
1598 619 1927 692 ἀνῃρῆσθαι.

2036 616 2162 672 lem.
2197 619 2257 673 In
2286 620 2488 687 quibus
2526 635 2651 674 cum
2714 614 3024 672 Manichazis
3087 611 3363 668 convenit.
3406 609 3601 665 Addit-

358 706 504 775 μήτε
533 707 936 777 σταυρωθῆναι,
964 710 1102 765 ἀλλά
1132 728 1255 765 τινα
1277 712 1438 767 ἄλλον
1490 712 1685 781 ἐκείνῳ
1718 711 1923 781 ὅμοιονο

356 793 418 843 ἐν
449 785 529 853 οἷς
558 792 894 866 συμφέρεται
934 797 1278 867 Μανιχαίοις.
1325 798 1658 868 Προστίθησί
1714 817 1774 852 τε
1835 802 1930 854 καὶ

358 882 420 933 τὸ
435 882 526 937 τὸν
558 882 691 939 Θεὸν
720 886 801 948 είς
835 888 1028 945 ἑαυτὸν
1055 890 1528 958 μετακαλέσασθαι
1551 891 1641 945 τὸν
1670 892 1927 963 Χριστὸν,

364 973 457 1027 καὶ
482 976 642 1030 πάλιν
666 978 826 1035 αὐτὸν
872 979 1007 1049 πρὸς
1032 979 1113 1050 τῷ
1141 981 1283 1034 τέλει
1307 980 1400 1034 τοῦ
1427 982 1632 1049 κόσμου
1692 983 1931 1052 φανήσε-

329 1058 507 1125 .σθαι,
547 1062 642 1115 καὶ
672 1118 675 1121 ,
700 1063 1032 1121 θανατώσειν
1090 1066 1182 1121 τὸν
1250 1068 1637 1139 ’Δντίχριστοψ
1679 1068 1820 1136 μετά
1876 1067 1932 1121 δὲ

364 1148 536 1205 ταῦτα
593 1154 843 1222 ποιήσειν
873 1158 966 1209 τὸν
994 1155 1130 1211 Θεὸν
1176 1157 1469 1215 ἀποθανεῖν
1521 1161 1615 1212 τὸν
1668 1158 1928 1230 Χριστόν.

377 1238 437 1295 '0
469 1241 526 1295 δὲ
553 1243 616 1296 τὸ
639 1244 809 1308 πάθος
856 1246 1190 1317 ἀρνούμενος
1227 1248 1326 1304 τοῦ
1381 1247 1619 1320 Χριστοῦ
1679 1252 1927 1321 ἀρνεῖται

360 1330 541 1385 πάντα
572 1332 639 1385 τὰ
657 1334 759 1402 τῆς
801 1336 1124 1405 Ἐκκλησίας
1154 1341 1450 1408 μυστήρια.
1515 1339 1580 1392 ὲκ
1632 1338 1726 1391 τοῦ
1784 1338 1930 1391 θείου

362 1420 571 1486 πάθους
598 1423 660 1476 τὸ
686 1424 1013 1497 δραστήριον
1033 1428 1246 1498 ἔχοντα.
1284 1430 1373 1482 Ἑν
1399 1425 1480 1493 οἷς
1538 1430 1654 1491 τοῖς
1712 1429 1928 1498 αίρετι-

359 1512 473 1573 κοῖς
503 1513 850 1579 Δονατιστατς
866 1520 1185 1587 ωμφρονεῖ.
1226 1520 1366 1588 Φησὶ
1394 1519 1453 1572 δὲ
1498 1519 1593 1571 καὶ
1643 1518 1770 1582 τοὺς
1816 1517 1932 1572 δαί-

362 1615 529 1665 μονας
554 1600 814 1659 δύνασθαι
846 1606 1085 1674 σωθῆναι
1108 1607 1196 1661 διὰ
1254 1607 1351 1667 τοῦ
1382 1607 1727 1679 ’Δλκοράνουο
1790 1607 1930 1662 ὥστε

362 1690 457 1742 καὶ
524 1690 750 1758 πολλοὺς
800 1695 979 1750 αὐτῶν
1021 1698 1177 1755 τοῦτο
1248 1698 1607 1764 ἀκούσαντας,
1673 1699 1928 1767 γενέσθαι

361 1778 768 1850 Σιρρακηνοὺς.
822 1786 1086 1855 ἑπόμενος
1136 1790 1195 1842 ὲν
1249 1789 1459 1852 τούτοις
1510 1789 1781 1861 ἀμηγέπη
1851 1787 1930 1858 τῷ

362 1869 655 1963 Ἠριγένει,
674 1875 848 1963 λέγων
877 1876 1218 1963 σωθήσεσθαι
1239 1880 1366 1963 τοῦς
1378 1877 1659 1949 δαίμονας.
1697 1879 1928 1932 Πλάττει

361 1938 538 2012 δὲ-καὶ
568 1938 703 2027 πρὸς
727 1938 817 2015 τὸν
870 1938 1023 2014 Θεὸν.
1065 1938 1359 2031 ἀνελθεῖνξν
1385 1938 1484 2018 ὅτε.
1538 1938 1679 2034 ὑπερ
1741 1965 1929 2020 τούτου
1963 1938 2004 1993 Β

364 2046 454 2098 τὸν
507 2048 747 2119 Γαϐριὴλ
804 2050 1122 2104 ἀπέστειλεν
1184 2053 1213 2105 δ
1244 2051 1399 2117 Θεὸς,
1463 2052 1559 2106 καὶ
1607 2053 1708 2113 τὴν
1773 2055 1932 2123 χεῖρα

362 2134 539 2202 τούτῳ
568 2137 660 2190 τὸν
688 2136 819 2189 Θεὸν
862 2139 1149 2203 ἐπιθεῖναι,
1185 2143 1276 2194 καὶ
1324 2141 1590 2214 τοσαύτης
1650 2143 1930 2213 ἁψαμένου

361 2224 453 2276 τοῦ
483 2224 618 2280 Θεοῦ
645 2227 859 2295 ψύξεως
881 2229 1135 2299 αἴσθησιν
1156 2231 1340 2285 λαϐεῖν
1356 2234 1414 2286 ἐν
1443 2232 1520 2304 τῷ
1543 2232 1775 2303 σώματι.
1807 2223 1941 2288 ὥστ’

366 2316 535 2386 αὐτὴν
563 2315 792 2373 διελθεῖν
824 2319 986 2392 μέχρι
1034 2321 1128 2377 τοῦ
1189 2323 1286 2391 τῆς
1329 2323 1542 2394 ράχεως
1594 2324 1816 2394 μυελοῦ.
1845 2326 1937 2379 Ἐν

360 2402 444 2470 οἷς
467 2407 625 2477 δῆλός
679 2413 797 2465 ἐστι
854 2412 1125 2468 κοινωνῶν
1162 2416 1276 2479 τοῖς
1334 2414 1937 2487 Ἀνθρωπομορφίταις.

367 2498 673 2567 σωματικὸν
702 2501 969 2569 φάσκουσι
1015 2503 1108 2557 τὸν
1130 2502 1283 2561 Θεόν.
1312 2505 1477 2574 Λέγει
1501 2506 1556 2559 δὲ
1576 2508 1670 2560 καὶ
1694 2507 1754 2560 τὸ
1779 2508 1933 2576 ἅγιον

368 2587 586 2659 Πνεῦμα
602 2590 830 2661 κτίσμα,
866 2594 1185 2665 Μακεδονίῳ
1220 2596 1481 2667 συνᾴδων.
1516 2598 1606 2651 Ἐν
1639 2593 1719 2660 οἷς
1741 2598 1796 2652 δὲ
1828 2600 1935 2669 φά-

363 2693 483 2731 σκει
501 2680 629 2741 τοὺς
647 2681 913 2748 ἀγγέλους
946 2682 1206 2753 δαίμονας
1265 2686 1567 2753 γεγονέναι.
1606 2688 1679 2758 μὴ
1745 2689 1937 2761 βουλη-

358 2765 574 2834 θέντας,
607 2771 1034 2839 προστάττοντος
1064 2774 1158 2827 τοῦ
1179 2774 1335 2840 Θεοῦ,
1371 2778 1462 2830 τὸν
1512 2778 1683 2848 Ἀδὰμ
1707 2797 1940 2851 προσκυ⁹

339 2860 540 2937 ,νῆσαι,
580 2862 768 2914 οὐδένα
819 2864 1153 2934 μιμούμενος
1212 2867 1482 2935 φαίνεται.
1537 2868 1781 2940 Ληρεῑδὲ
1840 2856 1937 2926 καὶ

360 2952 462 3022 τὴν
492 2953 729 3022 ἐσχάτην
745 2954 838 3007 τοῦ
870 2955 1159 3027 ἀνθρώπου
1193 2960 1595 3031 μακαριότητα,
1632 2964 1691 3015 ὲν
1734 2961 1937 3016 ἀκολα-

364 3043 455 3115 σίᾳ
492 3044 586 3098 καὶ
610 3048 787 3116 τρυφῇ
819 3046 990 3115 λέγων
1018 3041 1180 3112 εἶναι,
1210 3050 1304 3104 καὶ
1336 3052 1571 3120 ίματίοις
1593 3052 1933 3117 πολυτελέσι,

361 3139 452 3188 καλ
481 3137 854 3208 παραδείσοις·
888 3138 1167 3207 ὁμολογῶν
1217 3141 1277 3192 ὲν
1313 3140 1525 3205 τούτοις
1580 3143 1825 3215 Κερίνθῳ
1856 3147 1934 3212 τῷ

361 3227 736 3321 αἱρετικῶ-καί
761 3245 905 3321 τισιν
927 3230 1175 3321 ἀρχαίοις
1197 3231 1466 3292 ἀπίστοις.
1491 3234 1603 3287 Καὶ
1650 3235 1749 3304 τῆς
1772 3253 1930 3307 περι-
1962 3265 2003 3321 C

358 3317 532 3387 τομῆς
588 3317 647 3373 δὴ
709 3319 820 3372 δεῖν
883 3319 1099 3390 ἔχεσθαι
1155 3321 1346 3387 λέγει,
1385 3322 1453 3375 τά
1507 3322 1601 3376 τοῦ
1654 3325 1930 3395 αἱρετικοῦ

360 3403 629 3468 Εὐϐίωνος
681 3405 936 3460 ἐπαινῶν.
972 3406 1252 3477 Συγχωρεί
1288 3408 1347 3461 δὲ
1387 3400 1720 3480 καὶ’πλῆθος
1747 3427 1936 3480 γυναι-

362 3497 474 3550 κῶν
494 3498 551 3551 ιν
578 3496 657 3568 τῷ
676 3497 861 3568 γάμῳ,
894 3497 1154 3551 παλακῶν
1181 3515 1240 3551 τε
1294 3499 1385 3551 καὶ
1414 3498 1760 3569 θεραπαινῶν
1802 3504 1931 3557 ὁπό-

363 3605 462 3651 σας
487 3589 553 3643 άν
580 3606 664 3653 τις
693 3590 752 3642 ὲν
772 3589 992 3659 πολέμῳ
1048 3588 1232 3643 λαϐὼν
1288 3589 1505 3644 δύναιτο
1558 3591 1801 3662 τρέφειν·
1836 3596 1933 3648 καὶ

360 3679 460 3739 τάς
480 3677 590 3731 τῶν
616 3677 791 3732 ἄλλων
829 3678 886 3732 δι
934 3680 1200 3746 γυναῖκας
1260 3678 1572 3751 ἀδιαφόρως
1612 3682 1931 3752 λαμϐάνειν,

360 3772 474 3830 τοῖς
513 3770 810 3839 αίρετικοῖς
862 3769 1215 3832 Νικολαῖταις
1269 3771 1328 3823 ὲν
1367 3771 1578 3833 τούτοις
1647 3773 1931 3844 ἑπόμενος.

361 3858 580 3921 Πάντας
614 3858 672 3912 δὲ
727 3858 840 3913 δεῖν
905 3873 1072 3929 φησιν
1128 3859 1467 3929 ἀναιρεῖσθαι
1515 3863 1645 3925 τοὺς
1729 3863 1805 3932 μὴ
1855 3862 1934 3932 τῷ

358 3947 550 4000 τούτου
577 3946 930 4017 πειθομένους
969 3948 1139 4017 νόμῳ,
1188 3948 1328 4017 πλὴν
1370 3949 1419 4001 εί
1463 3950 1536 4017 μὴ
1587 3951 1784 4019 φόρους
1840 3968 1929 4003 τε·

359 4036 522 4091 λοῐεν.
547 4037 705 4090 Δοκεῖ
727 4036 783 4090 δὲ
816 4039 1122 4107 συγχωρεῖν
1179 4038 1274 4092 καὶ
1321 4038 1389 4092 τὰ
1423 4039 1735 4109 σοδομιτικά
1770 4040 1828 4094 ἐν
1872 4058 1933 4095 τε

360 4124 587 4196 ἀνδράσι
610 4125 703 4179 καὶ
745 4124 1013 4193 γυναιξὶν,
1040 4126 1098 4177 ἐν
1129 4124 1207 4194 τῷ
1246 4126 1374 4194 περὶ
1430 4125 1534 4195 τῆς
1579 4126 1702 4196 βοὸς
1757 4146 1931 4197 κεφα-

362 4215 517 4286 λαίῳο
571 4215 718 4268 είκαὶ
749 4216 798 4267 οί
828 4213 1016 4267 τοῦτον
1042 4213 1411 4282 διαδεξάμενοι
1450 4215 1626 4270 ταῦτα
1678 4218 1934 4287 σεμνοτέ-

365 4321 489 4375 ραις
545 4306 690 4358 τισὶν
737 4303 1032 4374 ἐξηγήσεσι
1091 4303 1589 4371 συγκαλύπτουσιν.
1642 4306 1705 4360 '0
1726 4309 1782 4360 δὲ
1826 4311 1934 4372 πᾶς

360 4395 554 4448 τούτου
584 4396 786 4457 σκοπός
807 4395 977 4460 ἐστιν,
1031 4394 1307 4463 ἀποκόψαι
1348 4396 1448 4464 μὲν
1512 4397 1622 4450 πᾶν
1668 4398 1806 4467 ὅπερ
1865 4399 1932 4453 ἂν

364 4486 626 4555 μέγακαὶ
673 4484 869 4554 σεμνὸν
923 4485 983 4538 ὲν
1035 4487 1102 4555 τῇ
1165 4485 1371 4550 πίστει,
1455 4489 1552 4541 καὶ
1591 4489 1917 4559 δυσχέρειαν

2037 725 2166 778 que,
2198 719 2255 764 et
2302 711 2473 765 Deum
2511 710 2578 765 ad
2612 725 2671 765 se
2713 711 2891 777 ipsum
2934 704 3263 768 accersisse,
3313 711 3369 756 et
3410 715 3605 755 rursus

2034 813 2161 853 eum
2193 799 2250 853 in
2285 799 2395 854 ﬁne
2450 800 2639 855 mundi
2692 797 3065 869 appariturum
3092 833 3108 858 ,
3153 801 3209 848 et
3246 792 3605 853 interemptu-

2036 901 2159 941 rum
2196 887 2616 943 Antichristum.
2654 887 2787 942 Post
2819 885 2937 939 haae
3020 892 3202 938 autem
3242 880 3405 935 faciet
3457 880 3604 934 Deus

2034 976 2314 1032 Christum
2350 978 2508 1033 mori.
2542 976 2647 1043 Qui
2692 985 2876 1031 autem
2911 974 3222 1043 passionem
3255 968 3460 1025 Christi
3510 983 3606 1021 ne-

2034 1073 2148 1134 gat,
2182 1075 2343 1135 negat
2375 1065 2558 1121 omnia
2590 1063 2851 1120 Ecclesia:
2887 1060 3142 1134 mysteria
3165 1100 3179 1122 ,
3212 1074 3334 1127 quae
3358 1074 3387 1112 a
3421 1056 3604 1112 divina

2034 1155 2293 1224 passione
2332 1155 2634 1211 ellicaeiam
2668 1155 2893 1210 habent.
2919 1153 2980 1207 ln
3030 1150 3231 1220 quibus
3273 1164 3396 1204 cum
3428 1149 3607 1202 Dona-

2037 1246 2183 1301 tistis
2215 1246 2489 1302 haereticis
2519 1246 2801 1301 convenit.
2852 1244 2994 1299 Dicit
3025 1252 3207 1296 autem
3246 1249 3302 1295 et
3332 1240 3607 1294 daemones

2033 1352 2196 1407 posse
2229 1338 2425 1391 salvari
2458 1352 2555 1406 per
2586 1336 2916 1391 Aleoranum
2952 1345 3007 1388 et
3033 1331 3180 1400 quod
3227 1330 3380 1383 multi
3412 1344 3603 1382 eorum

2032 1441 2156 1482 cum
2190 1427 2297 1482 hoc
2325 1426 2704 1491 audivissent,
2727 1425 2854 1480 iacti
2886 1432 3016 1479 sunt
3048 1421 3331 1485 Saraceni,
3363 1435 3599 1489 sequens

2035 1518 2090 1572 in
2115 1516 2202 1573 his
2236 1518 2422 1587 aliquo
2451 1518 2617 1572 modo
2647 1517 2941 1588 Origenem
2972 1514 3074 1585 (1),
3108 1513 3199 1582 qui
3231 1512 3365 1567 dicit
3396 1512 3604 1566 salvan-

2032 1606 2133 1662 dos
2154 1608 2271 1664 fore
2303 1608 2601 1662 daemones.
2637 1606 2890 1676 Dicitque
2908 1612 2963 1659 et
2985 1606 3051 1658 ad
3068 1604 3247 1657 ‘Deum
3270 1599 3605 1663 ascendisse,

2033 1701 2255 1771 quando
2285 1714 2387 1770 pro
2427 1715 2493 1754 eo
2536 1698 2849 1753 Gabrielem
2890 1696 3040 1750 misit
3077 1695 3245 1754 Deus,
3275 1700 3332 1747 et
3384 1705 3606 1745 manum

2034 1792 2165 1847 huic
2224 1791 2397 1845 Deum
2437 1790 2764 1860 imposuisse
2790 1828 2806 1854 ,
2837 1796 2895 1842 et
2949 1794 3157 1840 tantum
3191 1784 3304 1837 Deo
3350 1790 3606 1851 tangente

2037 1878 2336 1950 rigiditatis
2381 1893 2603 1939 sensum
2640 1877 2853 1946 cepisse
2892 1875 2950 1929 in
2977 1887 3235 1942 corpore,
3271 1880 3329 1926 ut
3357 1880 3414 1925 et
3440 1871 3487 1924 is
3515 1885 3606 1925 us.

2040 1983 2148 2038 que
2178 1968 2246 2022 ad
2278 1967 2576 2023 medullam
2603 1966 2775 2037 spina:
2807 1965 2954 2021 dorsi
2982 1964 3360 2036 pertransiret.
3398 1962 3458 2017 in
3483 1962 3609 2031 qui-

2041 2058 2143 2112 bus
2179 2058 2526 2113 manil‘estum
2552 2067 2658 2123 est,
2690 2057 2833 2126 quod
2863 2072 2986 2111 cum
3030 2051 3607 2124 Authropomorphitis

2047 2147 2459 2211 communicat,
2518 2148 2614 2218 qui
2663 2147 3001 2217 corporalem
3059 2146 3227 2199 Deum
3270 2150 3603 2197 asseverant.

2043 2237 2297 2308 Dicitque
2327 2250 2382 2294 et
2409 2238 2676 2310 Spiritum
2700 2247 2948 2293 sanctum
2977 2244 3281 2291 creaturam
3306 2249 3449 2298 esse,
3480 2248 3605 2287 cum
3719 2290 3725 2296 ,

2038 2330 2359 2386 Macedonio
2404 2329 2762 2386 conveniens.
2798 2329 2857 2384 lu
2892 2328 3092 2398 quibus
3131 2335 3314 2382 autem
3349 2324 3485 2379 dicit
3512 2339 3608 2379 an-

2040 2423 2190 2489 gelos
2221 2422 2498 2477 daemones
2547 2422 2724 2477 factos
2757 2435 2874 2476 esse
2897 2459 2913 2487 ,
2955 2435 3080 2476 cum
3108 2418 3414 2475 noluissent
3456 2431 3609 2470 man-

2040 2512 2204 2567 dante
2233 2512 2345 2565 Deo
2370 2510 2540 2566 Adam
2588 2510 2841 2572 adorare,
2871 2508 3148 2563 neminem
3177 2507 3232 2560 in
3278 2506 3382 2560 hoc
3406 2502 3605 2558 imitari

2040 2601 2283 2655 videtur.
2314 2601 2565 2672 Nugatur
2604 2613 2809 2667 autem,
2834 2607 2892 2653 et
2914 2598 3160 2652 ultimam
3193 2594 3435 2650 hominis
3480 2594 3610 2648 bea-

2044 2693 2363 2758 titudinem,
2389 2693 2444 2746 in
2475 2690 2896 2765 intemperantia
2922 2698 2977 2744 et
3003 2687 3215 2743 deliciis
3245 2686 3435 2740 dicens
3462 2697 3607 2748 esse,

2039 2790 2097 2835 et
2123 2781 2373 2836 vestibus
2400 2778 2763 2857 sumptuosis,
2790 2787 2846 2833 et
2876 2777 3052 2837 hortis
3107 2775 3328 2847 irriguis
3349 2815 3365 2841 ,
3410 2788 3609 2827 conve-

2041 2870 2200 2924 niens
2222 2868 2275 2922 in
2306 2870 2394 2922 bis
2435 2883 2562 2922 cum
2589 2866 2856 2923 Cerintho
2886 2866 3164 2931 haeretica,
3191 2871 3248 2919 et
3281 2862 3607 2933 quibusdam

2038 2960 2283 3030 antiquis
2323 2959 2664 3017 inﬁdelibus.
2713 2957 2779 3011 Et
2823 2956 3299 3013 circumcisionem
3354 2961 3610 3022 oportere

2042 3060 2230 3106 tenere
2261 3051 2437 3118 dicit,
2475 3041 2897 3114 commendans,
2940 3061 3061 3117 qua:
3114 3044 3350 3101 haeretici
3383 3043 3611 3098 Ebionls

2039 3149 2189 3194 sunt.
2221 3138 2491 3195 Concedit
2517 3146 2573 3192 et
2608 3136 3014 3191 multitudinem
3046 3148 3275 3188 uxorum
3310 3133 3367 3187 in
3407 3131 3611 3201 nuptiis

2041 3233 2409 3301 peliicumque
2463 3239 2515 3285 et
2579 3228 2935 3292 ancillarum,
2980 3234 3036 3280 et
3079 3232 3348 3296 quotquot
3393 3223 3516 3293 quis
3551 3226 3607 3277 in

2044 3323 2189 3378 bello
2211 3322 2436 3392 capiens
2465 3329 2651 3390 posset
2677 3317 2936 3381 educare,
2969 3326 3025 3371 et
3054 3316 3286 3369 aliorum
3310 3328 3507 3369 uxores
3529 3314 3611 3366 ia-

2038 3414 2358 3470 dill‘erentnr
2396 3426 2613 3481 capere,
2650 3409 2937 3469 haereticos
2968 3407 3264 3462 Nicolaitas
3303 3405 3358 3460 in
3392 3404 3477 3459 his
3512 3419 3610 3459 se-

2037 3519 2234 3574 quens.
2268 3502 2470 3558 Omnes
2500 3511 2682 3555 autem
2745 3500 2879 3554 dicit
2927 3508 3181 3569 oportere
3214 3498 3473 3563 interimi,-
3512 3499 3609 3566 qui

2036 3596 2169 3648 huic
2200 3595 2305 3661 legi
2358 3608 2469 3647 non
2513 3593 2919 3662 obtemperant,
2953 3591 3059 3646 nisi
3118 3588 3323 3647 tributa
3370 3590 3603 3644 solvant.

2034 3683 2381 3754 Videturque
2409 3681 2711 3737 concedere
2736 3681 3068 3737 Sodomitica
3099 3680 3151 3733 in
3176 3680 3308 3734 viris
3328 3691 3386 3736 et
3414 3681 3608 3735 mulie-

2037 3775 2185 3830 ribus
2216 3813 2232 3840 ,
2292 3774 2346 3827 in
2378 3773 2618 3843 capitulo
2660 3771 2729 3827 de
2778 3786 2942 3826 vacca
2993 3770 3095 3841 (2),
3140 3769 3243 3824 etsi
3275 3770 3435 3838 hujus
3483 3784 3608 3826 suc-

2036 3878 2279 3945 cessores
2310 3863 2430 3919 haec
2484 3860 2897 3917 honestioribus
2930 3859 3362 3929 expositionibus
3408 3874 3609 3931 coepe.-

2038 3950 2206 4005 riant.
2265 3950 2440 4019 Hujus
2493 3958 2674 4003 autem
2730 3949 2908 4002 omnis
2960 3947 3190 4002 intentio
3233 3955 3317 4003 est
3358 3962 3607 4004 resecare

2036 4039 2302 4109 quidquid
2332 4047 2454 4094 erat
2486 4036 2719 4093 arduum
2767 4038 2823 4090 in
2858 4036 3154 4102 credendo,
3199 4045 3255 4091 et
3285 4035 3501 4091 diﬂicile
3549 4038 3605 4090 in
3692 4060 3705 4065 ·

2036 4128 2355 4199 operando;
2410 4128 2713 4182 concedere
2765 4136 2950 4182 autem
2985 4142 3145 4181 omne
3197 4125 3266 4180 ad
3299 4126 3443 4195 quod
3482 4142 3608 4195 pro-

2038 4221 2164 4274 clivi
2199 4229 2381 4284 erant,
2410 4234 2532 4290 quae
2559 4218 2920 4288 praesentibus
2944 4217 3255 4287 capiuntur,
3292 4224 3347 4271 et
3371 4218 3606 4271 maxime

2036 4311 2270 4364 aliorum
2306 4309 2513 4364 Arabes
2538 4349 2551 4371 ,
2579 4308 2761 4389 gqlam
2788 4307 3080 4370 videlicet,
3122 4309 3399 4375 rapinam,
3432 4315 3487 4359 et
3518 4307 3605 4359 in-

2041 4399 2485 4469 temperantiam.
2526 4397 2598 4451 De
2638 4396 2933 4449 virtutibus
2966 4405 3149 4449 autem
3175 4430 3192 4455 ,
3237 4397 3381 4451 sicut
3423 4392 3605 4446 Immi-

2039 4491 2217 4554 litate,
2248 4487 2536 4558 patientia,
2588 4501 2747 4556 pace,
2791 4486 3150 4547 continentia,
3189 4493 3285 4537 aut
3336 4485 3389 4537 in
3420 4484 3612 4552 proxi-

359 4579 483 4649 ῑχον
504 4578 563 4631 ιν
584 4578 664 4648 τῷ
689 4575 1123 4648 κατορθωθῆναιο
1172 4577 1529 4647 συγχωρῆσαι
1556 4579 1613 4631 δὲ
1655 4582 1782 4644 πᾶν,
1836 4582 1926 4650 ἐφ’

2039 4598 2185 4635 mum
2215 4580 2505 4642 cbaritate,
2542 4579 2624 4631 vel
2680 4578 2749 4631 de
2789 4585 3035 4631 extremo
3089 4575 3196 4629 line
3232 4574 3395 4637 nihil,
3433 4583 3493 4628 ut
3532 4574 3605 4628 ita

358 4668 496 4737 ὅπερ
529 4667 596 4721 ἂν
621 4667 940 4738 ἐπιρρεπεῖς
969 4658 1102 4717 ὦσιν
1141 4664 1189 4716 οί
1219 4666 1332 4726 τοῖς
1365 4665 1606 4735 παροῦσι
1645 4670 1931 4738 προσηλω-

363 4757 542 4828 μένοι,
586 4760 681 4812 καὶ
709 4756 945 4827 μάλιστα
976 4755 1085 4808 τῶν
1116 4754 1291 4807 ἄλλων
1312 4757 1360 4807 οί
1412 4756 1672 4824 Ἄραϐες,
1704 4775 1930 4830 γαστρι-

366 4847 604 4917 μαργίαν
631 4845 896 4915 δηλονότι,
946 4844 1223 4914 ἁρπαγὴν,
1285 4844 1381 4896 καὶ
1432 4845 1746 4901 ἀκολασίαν.
1799 4850 1931 4919 Περὶ

357 4937 419 4989 δὲ
446 4936 553 4989 τῶν
577 4934 806 5003 ἀρετῶν,
831 4926 941 4986 οἷον
970 4933 1489 5000 ταπεινοφροσύνης,
1526 4936 1929 5006 μακροθυμίας,

358 5028 607 5098 εἰρήνης,
654 5025 1003 5095 ἐγκρατείας,
1033 5022 1190 5093 ἥτῆς
1241 5022 1323 5085 είς
1369 5023 1460 5075 τὸν
1498 5025 1727 5095 πλησίον
1762 5030 1929 5095 ,ἀγά-

356 5135 494 5190 πης,
522 5117 671 5189 ⁴ητοῦ
699 5114 930 5185 ἐσχάτου
950 5114 1161 5176 τέλους,
1182 5112 1338 5166 οὐδὲν
1371 5113 1464 5184 (ὡς
1489 5116 1686 5185 εἰπεῖν)
1719 5116 1931 5183 ἀξιόλο-

354 5225 456 5278 γον
482 5205 658 5263 εἷπεν.
701 5206 789 5271 Ὦς
838 5206 903 5260 ἂν
956 5206 1010 5259 δὲ
1064 5207 1124 5259 τὸ
1180 5205 1309 5275 περὶ
1360 5210 1565 5263 τούτων
1622 5208 1733 5261 τῶν
1769 5210 1932 5263 αὑτοῦ

348 5299 551 5369 ψεῦδος
605 5300 681 5369 μὴ
713 5298 909 5369 ῥᾳδίως
938 5298 1233 5369 ἐλέγχοιτο,
1266 5302 1353 5356 διά
1390 5318 1450 5354 τε
1479 5302 1578 5369 τῆς
1632 5300 1875 5363 Παλαιᾶς
1899 5302 1933 5371 ἢ

352 5391 565 5460 Καινῆς
586 5391 915 5460 Διαθήκης,ἢ
948 5392 1041 5443 καὶ
1078 5391 1144 5442 δι’
1171 5384 1245 5444 ὧν
1267 5391 1512 5462 ἔγραψαν
1537 5393 1588 5443 οἱ
1640 5391 1932 5460 φιλοσοφή-

357 5497 583 5547 σαντες,
612 5483 671 5534 ὲν
699 5477 783 5543 οἷς
812 5485 905 5533 καί
936 5482 1090 5534 αὐτοὶ
1117 5481 1244 5551 περί
1274 5500 1334 5534 τε
1360 5482 1559 5551 ἀρετῆς
1590 5481 1686 5533 καὶ
1729 5483 1881 5534 κακί.
1899 5498 1927 5544 ς

355 5575 453 5629 καὶ
484 5572 579 5626 τοῦ
630 5572 860 5642 ἐσχάτου
889 5571 1075 5635 τέλους
1102 5571 1374 5637 διέλαϐον,
1435 5572 1603 5642 μηδὲν
1657 5572 1925 5642 μηδαμῶς

433 5715 509 5783 (ί)
559 5712 674 5767 Non
703 5713 1016 5782 Origenem,
1048 5715 1141 5770 sed
1182 5711 1416 5782 perﬁdos
1446 5710 1765 5779 haereticos,
1792 5713 1927 5769 abu-

275 5792 284 5801 '
358 5793 539 5838 tentes
572 5785 790 5836 nomine
816 5784 1141 5838 sanctissimi
1167 5784 1291 5837 viri.

433 5854 508 5923 (ε)
551 5853 813 5906 Videntur
842 5853 1133 5908 violentius
1160 5854 1326 5908 verba
1367 5850 1725 5907 Machumetis
1759 5865 1924 5920 expo—

2030 4673 2208 4725 dicam
2237 4711 2251 4734 ,
2289 4668 2469 4738 pretio
2502 4667 2725 4737 dignum
2764 4665 2922 4720 dixit.
2959 4664 3028 4719 Ut
3060 4672 3241 4719 autem
3286 4663 3507 4733 aliquod
3537 4663 3607 4716 de

2031 4762 2117 4817 his
2145 4761 2483 4816 mendacium
2516 4774 2625 4813 non
2654 4759 2809 4813 facile
2839 4765 3161 4829 argueretur
3192 4770 3289 4826 per
3320 4754 3491 4810 Vetus
3522 4754 3604 4809 vel

2031 4855 2245 4910 Novum
2278 4851 2710 4915 Testamentum,
2750 4848 2834 4902 vel
2866 4857 2921 4902 et
2958 4862 3053 4915 per
3091 4862 3158 4901 ea
3208 4861 3329 4915 qua:
3362 4845 3603 4915 philoso-

2034 4947 2271 5014 phantes
2306 4944 2669 5011 scripserunt,
2716 4940 2770 4992 in
2819 4940 3022 5008 quibus
3069 4946 3125 4992 et
3157 4937 3258 5007 ipsi
3301 4938 3369 4991 de
3399 4938 3601 4991 virtute

2032 5047 2089 5091 et
2138 5037 2276 5091 vitio
2307 5044 2361 5090 et
2403 5045 2650 5089 extremo
2685 5032 2791 5086 line
2834 5039 3229 5094 tractaverunt,
3257 5029 3394 5083 nihil
3438 5030 3601 5099 quid-

2032 5143 2197 5198 quam
2230 5126 2337 5180 ﬁde
2367 5125 2591 5195 dignum
2614 5137 2732 5177 esse
2760 5122 2942 5190 jussit,
2975 5122 3119 5191 ψωά
3149 5122 3253 5190 legi
3288 5105 3356 5174 ab
3386 5136 3449 5174 eo
3481 5121 3605 5175 latae

2034 5217 2371 5274 contrarium
2403 5223 2571 5270 esset.
2611 5214 2947 5283 lntcrimque
2995 5212 3310 5277 mandavit,
3344 5212 3437 5280 qui
3471 5226 3605 5263 cons

2037 5308 2266 5361 trasium
2315 5302 2536 5373 aliquod
2591 5302 2720 5356 huic
2773 5303 2957 5356 dicere
3015 5303 3318 5366 auderent,
3366 5298 3606 5368 gruviuri

2036 5412 2194 5467 poena
2258 5394 2443 5465 plecti.
2473 5393 2593 5464 Ipse
2641 5401 2822 5446 autem
2854 5392 3180 5446 Psalterium
3207 5401 3262 5445 et
3306 5391 3443 5451 alios
3476 5404 3603 5456 pro-

2036 5489 2227 5559 phctas
2249 5486 2404 5541 valde
2432 5480 2697 5550 laudavit,
2725 5492 2781 5538 et
2799 5484 2964 5537 multa
2986 5483 3052 5539 de
3077 5499 3143 5537 eo
3168 5482 3300 5536 dicit
3322 5480 3603 5534 Christum

2033 5577 2388 5630 vaticinatum
2422 5589 2543 5629 esse
2620 5573 2677 5627 in
2730 5573 3025 5644 Evangelia
3082 5572 3209 5626 ﬁliis
3250 5568 3435 5630 Israel,
3468 5584 3598 5620 cum

2031 5719 2158 5782 sita,
2198 5716 2315 5772 zelo
2352 5717 2575 5786 quidem
2610 5731 2711 5787 pro
2749 5714 2854 5771 [ide
2883 5712 3212 5775 Christiana,
3252 5708 3344 5762 sed
3368 5721 3477 5761 non
3512 5720 3601 5760 σοι

1960 5826 1963 5839 .
2033 5788 2273 5843 cundum
2308 5788 2615 5843 scientiam.
