4068 6478
526 489 660 556 1047

1830 493 2207 554 DEMETRII
2289 493 2604 555 CYDONII

3626 493 3740 554 10t8

523 603 702 660 dixit:
730 621 746 654 ι
782 603 987 658 Nuntio
1018 603 1173 660 vobis
1205 605 1512 674 apostolum
1545 604 1661 669 Dei,
1697 605 1790 674 qui
1828 615 2092 659 venturus

2205 603 2396 656 πιστὸν
2423 599 2568 656 εἶναι
2621 601 2976 670 προσέταξεν,
3032 604 3168 674 ὅπερ
3214 600 3281 657 ἂν
3316 600 3400 673 τῷ
3453 599 3579 670 παρ’
3599 602 3740 656 αὐτοῦ

523 702 611 748 est
635 702 878 762 postme,
909 703 964 748 et
1004 710 1202 748 nomen
1232 695 1353 764 ejus
1383 694 1738 748 Mabometus.
1768 713 1787 746 ι
1825 693 2097 749 Allirmat-

525 799 634 854 que
663 797 862 838 nomen
895 785 1001 838 hoc
1031 785 1099 839 ab
1128 795 1335 839 aeterno
1372 785 1638 854 scriptum
1672 785 1870 839 essein
1899 784 2097 838 throno

525 873 648 938 Dei,
684 875 738 928 in
785 875 1060 944 superiori
1105 887 1279 944 parte,
1325 875 1392 930 ad
1424 876 1725 930 dexteram.
1758 875 1837 930 Ad
1867 875 1982 930 hac
2003 889 2101 929 au-

528 974 638 1017 tem
680 963 1014 1017 credendum
1067 964 1276 1019 nullum
1315 963 1637 1018 miraculum
1691 963 1963 1025 ostendit,
2003 963 2096 1018 sed

524 1053 740 1107 nudans
770 1068 956 1108 ensem
993 1053 1155 1120 dixit,
1187 1071 1296 1110 non
1324 1055 1379 1109 in
1425 1055 1628 1111 virtute
1655 1053 2044 1110 miraculorum
2071 1094 2087 1119 ,

524 1142 618 1195 sed
667 1156 948 1195 armorum
977 1159 1006 1195 a
1036 1143 1146 1196 Deo
1169 1159 1226 1198 se
1252 1143 1478 1199 missum
1505 1160 1652 1200 esse.
1679 1145 1742 1199 lli
1775 1153 1906 1201 sunt
1937 1146 2092 1214 prin-

526 1233 730 1300 cipales
754 1249 972 1288 errores
997 1249 1138 1303 quos
1172 1235 1419 1291 continet
1445 1237 1804 1303 Alcoranum,
1841 1239 1988 1309 quod
2010 1249 2096 1294 est

523 1326 607 1378 lex
656 1323 1078 1380 Saracenorum.
1126 1325 1258 1391 Quae
1307 1336 1490 1383 autem
1543 1331 1596 1384 in
1665 1332 1759 1385 illo
1810 1331 2094 1387 mendacia

523 1415 902 1479 continentur,
930 1417 1044 1471 fere
1075 1417 1286 1473 inﬁnita
1317 1427 1483 1485 sunt,
1518 1421 1584 1474 de
1618 1421 1818 1490 quibus
1853 1423 1904 1474 in
1949 1437 2096 1476 nono

523 1507 764 1575 capitulo
789 1508 1168 1564 tractabimus.

2194 694 2406 747 τεθέντι
2439 695 2588 766 νόμῳ
2615 696 2858 752 ἐναντίον
2887 695 3141 764 ὑπάρχει.
3176 691 3546 762 ’Δναιρεῖσθαι
3573 691 3637 743 δὲ’
3657 693 3738 744 καὶ

2195 785 2320 846 τοὺς
2353 787 2594 841 ἐναντίον
2624 805 2678 840 τι
2707 788 2887 856 τούτῳ
2915 785 3098 854 λέγειν
3133 783 3474 853 τολμῶντας.
3500 781 3661 843 Αὐτὸς
3692 783 3739 834 δὲ

2194 876 2255 928 τό
2291 892 2346 928 τε
2375 876 2714 946 Ψαλτήριον,
2742 877 2982 939 καὶτοὺς
3047 875 3241 938 ἄλλους
3293 873 3600 944 προφήτας,
3639 872 3744 924 λίαν

2199 969 2558 1037 ἐγκωμιάζει,
2597 970 2692 1022 καὶ
2723 969 2892 1023 πολλὰ
2933 969 3060 1038 περὶ
3115 962 3283 1021 αὐτοῦ
3311 983 3450 1035 φησι
3489 964 3580 1018 τὸν
3631 965 3747 1030 Χρι-

2199 1060 2324 1111 στὸν
2383 1061 2762 1129 προφητεῦσαι
2825 1061 2884 1114 ἐν
2952 1060 3030 1129 τῷ
3082 1056 3426 1126 Εὑαγγελίῳ,
3478 1057 3588 1117 τοῖς
3627 1055 3746 1114 υἱοῖς

2189 1149 2414 1219 Ἰσραὴλ
2446 1151 2726 1221 εἰρηκότα,
2800 1169 2819 1202 ι
2850 1147 3293 1218 Εὑαγγελίζομαι
3326 1147 3460 1214 ὑμῖν
3501 1144 3591 1198 τὸν
3624 1143 3747 1197 ἀπό·

2196 1240 2382 1293 στολον
2409 1241 2506 1295 τοῦ
2536 1243 2694 1307 Θεοῦ,
2734 1243 2826 1296 τὸν
2856 1241 3058 1313 ἥξοντα
3083 1239 3202 1310 μετ’
3231 1239 3360 1307 ὲμέο
3399 1237 3495 1290 καὶ
3522 1235 3747 1302 τὸόνομα

2195 1331 2358 1385 αὑτοῦ
2390 1334 2659 1402 Μωάμεθ.
2695 1352 2714 1386 ι
2745 1332 3145 1403 Διισχυρίζεται
3179 1330 3236 1383 δὲ
3305 1328 3549 1397 τοῦνομα
3607 1324 3748 1378 τοῦτο

2195 1423 2256 1487 ἐξ
2281 1424 2466 1479 ἀϊδίων
2491 1424 2804 1494 γεγράφθαι
2842 1427 2902 1478 ὲν
2943 1423 3020 1490 τῷ
3060 1421 3156 1476 τοῦ
3190 1419 3327 1474 Θεοῦ
3382 1420 3578 1490 θρόνῳ,
3631 1415 3747 1485 πρὸς

2196 1518 2308 1576 τοῖς
2345 1515 2560 1581 δεξιοῖς,
2617 1519 2674 1569 ὲν
2711 1516 2788 1585 τῷ
2838 1515 3097 1584 ἀνωτέρω
3161 1515 3340 1582 μέρει.
3405 1510 3547 1580 Πρὸς
3603 1507 3656 1560 δὲ
3701 1503 3752 1556 τὸ

440 2902 448 2910 ’
534 2917 846 2976 supponunt
869 2922 990 2962 esse
1032 2908 1263 2963 verbum
1308 2908 1426 2972 Dei,
1469 2917 1526 2962 et
1558 2908 1682 2963 ideo
1717 2907 1810 2962 illa
1844 2922 1953 2962 non
1985 2922 2111 2962 sus-

521 1597 693 1650 ταῦτα
733 1598 1142 1666 πιστώσασθαι,
1179 1601 1333 1655 οὐδὲν
1399 1603 1690 1672 παρέδειξε
1744 1601 1952 1672 θαῦμα,
2017 1605 2132 1658 ἀλλ’
2201 1606 2608 1677 ἀπογυμνώσας
2667 1609 2727 1661 τὸ
2783 1607 2962 1675 ξίφος,
3015 1607 3218 1677 ἔφησεν
3255 1608 3359 1659 οὐκ
3433 1605 3492 1656 ὲν
3551 1601 3752 1668 δυνάμει

522 1687 838 1755 θαυμάτων,
872 1689 988 1742 ἀλλ’
1054 1691 1112 1742 ὲν
1175 1690 1356 1744 ὅπλων
1390 1691 1497 1744 ὑπὸ
1530 1692 1623 1744 τοῦ
1653 1691 1789 1745 Θεοῦ
1815 1694 2170 1751 ἀπεστάλθαι.
2213 1695 2378 1749 Ταῦτ’
2404 1698 2542 1752 είσὶν
2596 1699 2654 1752 αἱ
2721 1696 3156 1770 ἀρχοειδέστεραι
3205 1697 3314 1749 τῶν
3377 1693 3656 1762 αἱρέσεων,
3699 1688 3754 1748 ἃς

522 1782 769 1853 περιέχει
813 1783 875 1834 τὸ
921 1781 1269 1854 Ἀλκορὰνον,
1307 1784 1446 1853 ὅπερ
1513 1783 1628 1836 ἐστὶ
1697 1785 1863 1853 νόμος
1927 1787 2036 1838 τῶν
2100 1786 2491 1862 Σαρρακηνῶν.
2563 1790 2668 1843 Τὰο
2714 1789 2769 1842 δὲ
2827 1791 2886 1843 ὲν
2943 1787 3138 1858 ἐκείνῳ
3183 1787 3550 1858 περιεχόμενα
3605 1780 3753 1848 ψεύδη

527 1877 713 1948 σχεδὸν
746 1879 949 1947 ἄπειρα
997 1877 1064 1931 ἂν
1089 1876 1176 1947 εἴη
1199 1879 1328 1947 περὶ
1355 1871 1431 1932 ὧν
1457 1882 1512 1930 ἐν
1540 1878 1617 1948 τῷ
1647 1878 1853 1950 ὲννάτῳ
1909 1880 2188 1952 κεφαλαίῳ
2217 1868 2779 1956 πραγματευσόμεθα.

770 1996 835 2050 ll.
867 1995 1139 2060 Quomodo
1163 2004 1364 2065 oportet
1389 2011 1506 2049 cum
1529 1995 1608 2049 his
1629 1996 1851 2049 versari.
2133 1983 2175 2038 Β

599 2087 856 2144 Secundo
885 2098 1067 2143 autem
1097 2097 1314 2158 oportet
1341 2089 1505 2153 scire,
1531 2087 1676 2157 quod
1710 2088 1866 2142 valde
1897 2086 2103 2142 curiosi

528 2187 659 2234 sunt
687 2181 874 2233 audire
903 2179 1110 2249 aliquid
1147 2190 1352 2234 nostra:
1396 2178 1544 2243 ﬁdei,
1573 2187 1628 2233 et
1654 2179 1889 2234 maxime
1923 2178 1991 2233 de
2018 2179 2105 2232 di-

528 2273 657 2326 vina
716 2273 980 2328 Trinitate
1008 2283 1063 2327 et
1094 2272 1475 2326 incarnatione
1511 2287 1528 2337 ;
1559 2286 1667 2326 non
1707 2281 1889 2326 tamen
1916 2271 2108 2325 volunt

532 2365 620 2418 bis
668 2363 917 2426 credere,
979 2379 1160 2432 neque
1217 2371 1448 2431 possunt
1507 2362 1625 2416 haec
1679 2363 2007 2433 intelligere.
2041 2362 2108 2416 Et

529 2451 659 2518 quia
710 2459 974 2520 superant
1025 2450 1322 2513 rationem,
1378 2461 1434 2504 et
1468 2451 1768 2506 humanum
1827 2450 2110 2506 excedunt

533 2541 900 2606 intellectum,
953 2541 1044 2595 illa
1105 2556 1209 2595 nec
1259 2542 1487 2595 credere
1519 2542 1732 2608 volunt,
1767 2558 1871 2597 nec
1905 2543 2108 2598 intelli-

533 2646 663 2700 gere
721 2643 973 2699 possunt.
1019 2632 1234 2686 Dicitur
1286 2634 1432 2686 enim
1489 2633 1544 2686 in
1591 2634 1730 2686 Isaia
1767 2649 1781 2685 :
1822 2651 1840 2682 ι
1879 2633 1935 2687 Si
1998 2648 2110 2689 non

531 2722 903 2786 credideritis,
929 2739 1037 2777 non
1092 2724 1411 2794 intelligetis
1441 2723 1482 2778 ⁸.
1535 2743 1553 2776 ι
1584 2723 1652 2778 Ει
1683 2725 1942 2793 quoniam
1979 2739 2112 2778 con-

537 2813 708 2868 traria
753 2824 881 2869 sunt
939 2815 1233 2880 Aleorano,
1303 2815 1450 2884 quod
1502 2813 1606 2884 ipsi
1670 2813 2112 2870 constantissime

2335 1997 2413 2054 B'.
2457 1999 2582 2054 Τίνι
2621 1999 2818 2067 τρόπῳ
2845 1996 2940 2052 δεῖ
2963 1998 3195 2062 τούτοις·
3226 1994 3642 2064 συγγίνεσθαι.

2273 2093 2363 2144 Δεῖ
2389 2091 2444 2144 δὲ
2482 2091 2701 2152 εἰδέναι,
2729 2090 2800 2150 ώ;
2828 2089 2948 2142 λίαν
2989 2089 3093 2140 εἰσὶ
3130 2087 3419 2154 περίεργοι
3463 2081 3674 2136 ἀκούειν
3709 2094 3753 2132 τι

2205 2184 2314 2238 τῶν
2357 2183 2454 2252 τῆς
2499 2182 2768 2254 ἡμετέρας
2805 2180 3064 2244 πίστεως,
3106 2179 3201 2232 καὶ
3257 2177 3497 2247 μάλιστα
3539 2170 3662 2239 περί
3702 2184 3752 2222 τε

2206 2276 2305 2342 τῆς
2332 2275 2485 2338 θείας
2509 2257 2760 2345 Τριάδος,
2795 2273 2891 2326 καὶ
2921 2271 3022 2339 τῆς
3054 2269 3413 2340 σαρκώσεως.
3451 2266 3524 2318 Οὐ
3557 2261 3752 2332 βούλον-

2161 2425 2177 2438 ‘
2207 2381 2298 2418 ται
2341 2364 2524 2435 μέντοι
2571 2363 2781 2425 τούτοις
2833 2359 3134 2423 πιστεύειν,
3167 2357 3288 2412 οὔτε
3333 2357 3588 2411 δύνανται
3611 2352 3758 2405 ταῦτα

2209 2459 2373 2520 νοεῖν,
2407 2457 2482 2520 ὡς
2505 2455 2570 2509 ἂν
2600 2455 2691 2507 τὸν
2720 2455 2990 2525 ἡμέτερον
3035 2450 3440 2520 ὑπερϐαίνοντα
3475 2446 3646 2512 λόγον,
3678 2444 3756 2493 καὶ

2209 2549 2448 2604 νικῶντα
2495 2549 2588 2602 τὸν
2638 2546 2794 2602 νοῦν’
2853 2546 3073 2614 λέγεται
3119 2545 3228 2614 γὰρ
3288 2544 3351 2594 ὲν
3403 2539 3480 2609 τῷ
3548 2534 3752 2600 Ἦσαῖᾳ’

2217 2659 2237 2694 ι
2291 2640 2416 2694 Ἐὰν
2442 2639 2516 2710 μὴ
2557 2637 2909 2708 πιστεύσητε,
2939 2637 3000 2689 οὐ
3029 2635 3102 2705 μὴ
3153 2633 3358 2702 συνῆτε
3384 2649 3397 2664 ·
3434 2651 3452 2682 ι
3493 2629 3584 2682 καὶ
3610 2625 3685 2680 διὰ
3707 2622 3755 2675 τὸ

2213 2731 2430 2784 ἐναντία
2473 2726 2614 2783 εἶναι
2641 2728 2720 2799 τῷ
2761 2727 3116 2808 Ἀλκορὰνῳὴ,
3179 2725 3320 2794 ὅπερ
3375 2717 3756 2808 ἀναντιρῤήτωξ

2213 2811 2358 2872 οῦτοι
2389 2817 2507 2870 θεῖα
2540 2813 2680 2870 εἶναι
2710 2816 2868 2884 λόγια
2895 2801 3306 2876 ὑποτίθενται·
3352 2811 3436 2866 διὸ
3475 2809 3543 2864 τὰ
3574 2808 3683 2861 θεῖα
3703 2801 3753 2854 ού

2220 2910 2644 2980 παραδέχονται,
2686 2908 2824 2962 ἀλλὰ
2865 2906 3246 2975 καταγελῶσιν
3298 2905 3505 2958 αὐτῶν.
3551 2900 3755 2965 Λέγεται

537 3001 771 3069 cipiunt,
816 2999 912 3055 sed
958 3017 1020 3055 ea
1077 3003 1349 3057 derident.
1382 3004 1592 3058 Dicitur
1621 3003 1769 3058 enim
1800 3003 1856 3057 in
1888 3018 2105 3072 prover-

2215 3005 2322 3074 γὰρ
2359 3005 2416 3055 έν
2464 3004 2586 3065 ταῖς
2634 3000 2990 3072 Παροιμίαις,
3033 3018 3051 3052 ι
3088 2999 3256 3069 Ἀνὴρ
3302 2997 3493 3067 ἄφρων
3520 2990 3577 3046 οὗ
3607 3001 3758 3056 παρα·

538 3095 687 3150 biis:
727 3113 744 3145 ι
786 3095 882 3150 Vir
942 3095 1214 3164 insipiens
1250 3112 1358 3150 non
1413 3095 1650 3166 suscipit
1699 3096 1866 3150 verba
1899 3096 2105 3164 sapien-

2217 3073 2431 3165 δέχεται
2459 3093 2651 3162 λόγους
2677 3095 2887 3162 σοφίας,
2920 3091 3058 3158 πλὴν
3091 3092 3141 3143 εί
3177 3089 3252 3160 μὴ
3288 3090 3471 3157 λέγεις
3515 3079 3668 3138 αύτοῦ
3699 3073 3757 3166 τᾷ

537 3189 650 3250 ιίιε,
676 3187 782 3242 nisi
844 3187 993 3242 dicas
1026 3187 1074 3241 ei
1129 3203 1249 3257 quae
1311 3188 1413 3242 sibi
1473 3189 1710 3258 placent.
1752 3207 1768 3240 ι
1817 3187 1972 3243 Unde
2006 3204 2105 3241 non

2219 3187 2446 3258 ἀρεστά.
2493 3204 2511 3238 ι
2551 3184 2716 3238 Ὅθεν
2750 3185 2809 3236 ού
2843 3182 2926 3236 δεῖ
2964 3181 3174 3244 τούτοις
3220 3180 3384 3243 εὐθὺς
3438 3172 3659 3245 ἐξαρχῆς
3700 3165 3757 3217 τί

539 3287 760 3348 oportet
809 3280 896 3334 bis
947 3280 1132 3334 statim
1169 3295 1198 3332 a
1251 3279 1524 3348 principio
1576 3279 1760 3334 divina
1788 3295 2105 3350 proponere1

2223 3279 2344 3334 θεῖα
2412 3276 2774 3346 προϐάλλειν,
2841 3273 2976 3344 μηδὲ
3040 3271 3355 3343 ἔμπροσθεν
3411 3269 3519 3322 τῶν
3585 3260 3756 3379 χοίρξυν

537 3387 720 3440 neque
781 3382 904 3426 ante
963 3387 1161 3441 porcos
1209 3373 1533 3440 margaritas
1575 3388 1854 3442 spargere,
1886 3374 1979 3428 sed
2016 3389 2105 3427 co-

2223 3367 2714 3437 σκορπίζειν,τοῦς
2770 3363 3157 3435 μαργαρίτας·
3226 3361 3344 3416 ἀλλ’
3409 3351 3758 3442 ἐπιχειρητέςιν

539 3461 782 3515 nandum
839 3462 891 3515 in
949 3463 1144 3532 primis
1189 3477 1383 3516 vanam
1437 3463 1607 3532 legem
1662 3463 1744 3518 eis
1799 3463 2105 3517 ostendere.

2223 3461 2280 3512 έν
2307 3457 2546 3528 πρώτοις
2571 3457 2662 3509 τὸν
2697 3455 2860 3526 νόμον
2895 3456 3078 3519 αὐτοῖς
3123 3454 3358 3524 μάταιον
3392 3452 3521 3507 ὕντα
3567 3438 3754 3532 δεικνύο

539 3550 660 3605 Non
717 3551 864 3604 enim
924 3559 1146 3620 oportet
1205 3553 1440 3606 virtutes
1505 3552 1771 3614 inserere,
1819 3549 1924 3604 nisi
1964 3550 2105 3618 prius

2222 3567 2334 3602 ναι.
2366 3549 2440 3600 Oti
2473 3547 2580 3618 γὰρ
2625 3546 2706 3598 δεῖ
2747 3545 2846 3608 τὰς
2878 3545 3078 3615 ἀρετὰς
3114 3544 3509 3614 ὲγκεντρίζειν,
3539 3536 3608 3607 μὴ
3644 3529 3757 3620 πρόξ

541 3643 829 3710 passiones
888 3617 1158 3695 radicitus
1206 3643 1538 3696 evelluntur.
1595 3642 1931 3710 Oportetque
1969 3617 2024 3694 ct
2059 3640 2105 3693 in

2222 3658 2383 3710 τερον
2421 3639 2529 3692 τῶν
2570 3637 2763 3692 παθῶν
2807 3637 3117 3707 προρῤίζων
3160 3633 3587 3704 ἁνασπωμένων.
3614 3617 3757 3710 Δεῖδξ

541 3731 801 3786 omnibus
855 3731 1077 3786 brevem
1110 3733 1250 3786 viam
1300 3733 1522 3801 eligere.
1557 3732 1794 3786 Facilius
1819 3740 2001 3785 autem
2034 3740 2105 3784 est

2225 3707 2321 3786 καὶ
2352 3734 2409 3783 ὲν
2439 3732 2574 3784 πᾶσι
2623 3731 2722 3800 τὴν
2754 3727 3010 3798 ἐπίτομον
3037 3729 3156 3781 ὁδὸν
3203 3727 3495 3797 αἱρεῖσθαι.
3533 3720 3675 3788 Ῥᾷον
3709 3707 3758 3764 δέ

542 3823 760 3877 illorum
818 3822 978 3877 ﬁdem
1042 3823 1226 3877 falsa-ii
1285 3824 1596 3884 ostendere,
1655 3836 1816 3890 quam
1875 3828 2105 3874 nostram

2225 3827 2341 3877 ἐστι
2377 3825 2475 3895 τὴν
2506 3823 2731 3877 ἐκείνων
2760 3824 2941 3874 πίστιν
2977 3821 3189 3890 φαύλην
3223 3813 3620 3874 ἀποδεικνύναι,
3639 3807 3759 3876 ἤπερ

540 3927 725 3968 veram
749 3912 1145 3967 demonstrare.
1169 3912 1327 3966 Fides
1342 3913 1487 3966 enim
1508 3927 1628 3964 cum
1657 3924 1848 3965 eorum
1879 3909 1968 3975 sit,
1998 3926 2105 3979 qua

2225 3917 2400 3987 ἁληθῆ
2451 3915 2549 3982 τὴν
2599 3914 2874 3984 ἡμετέραν
2919 3911 3324 3965 ἀποδεικνύναι.
3365 3910 3429 3962 Ἢ
3471 3906 3571 3973 γὰρ
3605 3896 3762 3952 πίστις

542 4020 653 4058 non
687 4004 1004 4073 aspicimus,
1037 4003 1238 4056 donum
1276 4011 1359 4055 est
1414 4002 1532 4055 Dei.
1568 4000 1720 4056 Unde
1773 4010 1959 4055 nostra
1996 3999 2119 4070 qui-

545 4095 669 4148 dem
694 4093 828 4147 ﬁdes
859 4093 1017 4147 valde
1043 4093 1347 4147 secundum
1380 4091 1638 4144 mandata
1669 4106 1790 4146 vera
1821 4092 2117 4156 exsistens,

544 4201 654 4240 non
697 4185 914 4239 videtur
959 4199 1080 4238 esse
1126 4183 1537 4252 corporalibus;
1566 4182 1784 4236 illorum
1815 4193 1997 4238 autem
2028 4199 2119 4237 so-

545 4274 661 4328 lum
705 4289 1003 4344 apparens,
1066 4291 1172 4328 non
1229 4289 1258 4326 a
1302 4273 1484 4337 rebus,
1537 4274 1660 4327 talis
1709 4281 1953 4344 apparet.
2013 4274 2120 4330 Sed

545 4368 650 4422 etsi
686 4367 845 4421 nobis
876 4382 984 4420 non
1041 4367 1209 4420 insint
1233 4365 1746 4433 demonstrationes,
1769 4367 2122 4422 ostendentes

546 4475 670 4529 quae
701 4467 832 4513 sunt
885 4458 1198 4518 Trinitatis,
1229 4467 1284 4510 et
1317 4457 1420 4510 alia
1465 4474 1585 4527 quae
1628 4459 1694 4512 ad
1753 4459 1913 4514 ﬁdem
1947 4460 2105 4530 perti«

2231 4443 2623 4521 ἀποδεικνῦσαι
2651 4463 2721 4516 τὰ
2765 4466 2860 4534 τῆς
2907 4461 3055 4522 θείας
3095 4461 3324 4530 Τριάδος
3375 4456 3470 4510 καὶ
3501 4451 3653 4504 τᾶλλα
3678 4443 3762 4534 ὅσα

549 4561 678 4605 nent
709 4551 912 4622 (neque
938 4551 1084 4604 enim
1118 4559 1248 4604 tunc
1273 4550 1406 4606 ﬁdes
1445 4553 1698 4608 mercede
1729 4555 1890 4623 digna
1921 4553 2105 4617 esset).

2231 4559 2328 4626 τῆς
2361 4557 2594 4617 πίστεως
2619 4553 2783 4622 (οὕτω
2812 4531 2919 4622 γὰρ
2946 4551 3073 4604 οὗτε
3107 4552 3287 4612 πίστις
3311 4545 3400 4620 ἦν,
3427 4545 3545 4598 οὔτε
3578 4531 3761 4626 piabit»:

549 4643 820 4696 habemus
869 4652 1051 4699 tamen
1109 4644 1478 4712 evangelicum
1521 4647 1927 4709 auctoritatem,
1959 4661 2104 4715 quan

2232 4610 2401 4716 ἀξία),
2433 4610 2634 4714 ἔχομεν
2665 4610 2853 4713 μέντοί
2886 4610 2985 4712 τὴν
3029 4610 3396 4711 εὐαγγελικῆν
3420 4630 3704 4734 αύθεντίαν.

549 4735 715 4788 etiam
757 4733 1085 4786 Alcoranum
1119 4743 1349 4789 testatur
1385 4753 1397 4788 :
1434 4735 1562 4789 item
1611 4746 1664 4790 et
1693 4737 1975 4799 miracula,
2000 4752 2104 4788 cun

2231 4707 2329 4792 καὶ
2362 4707 2435 4791 ’τὸ
2465 4707 2814 4806 η’Ᾰλκοράνον
2867 4707 3296 4803 συμμαρτυρετο
3347 4707 3428 4782 ἔτι
3478 4741 3534 4778 τε
3580 4719 3664 4772 καὶ
3706 4707 3760 4760 τά

550 4820 626 4874 illi
651 4837 749 4875 nec
775 4824 1129 4878 auctoritates
1156 4840 1257 4879 nec
1287 4826 1540 4880 miracola
1563 4827 1820 4881 habeant.
1841 4828 1952 4882 Etsi
1982 4828 2105 4881 enin

2233 4829 2487 4896 θαύματα
2524 4827 2748 4880 ἐκείνων
2793 4827 2934 4895 μήτε
2964 4823 3138 4876 ταῦτα
3174 4823 3312 4892 μήτε
3343 4813 3609 4888 γραφικὴν
3639 4816 3758 4896 μαρς

549 4911 879 4965 Alcoranum
896 4912 962 4966 de
977 4913 1086 4968 Deo
1104 4914 1238 4968 dicit
1258 4934 1268 4967 :
1287 4915 1362 4974 Ne
1379 4916 1575 4969 dicatis
1594 4929 1703 4972 tres
1716 4918 1868 4982 deos;
1887 4929 1942 4972 et
1959 4918 2105 4971 reddi

2233 4884 2429 4991 τυρίαν
2485 4884 2978 4987 ὲχόντων.έί’γὰρ
3033 4912 3127 4965 καὶ
3175 4884 3248 4964 ’τό
3295 4884 3759 4991 ἰβλλκοράνον-(ιῖνιῖιξξἱ

553 5004 821 5057 rationem
863 5005 1047 5058 statim
1085 5006 1294 5074 dicens,
1331 5008 1474 5075 quod
1491 5009 1561 5063 sit
1587 5025 1746 5063 unus.
1773 5009 1878 5063 Sed
1904 5024 2003 5062 nos
2027 5024 2097 5062 no

2238 4977 2368 5080 περὶ
2395 5008 2489 5061 τοῦ
2515 4977 2688 5072 δεοῦ,
2721 5006 2804 5075 Μὴ
2841 4977 3029 5073 λέγετε
3077 5005 3226 5071 τρεῖς
3279 5000 3455 5060 Θεοὺς,
3485 4990 3574 5046 καὶ
3604 4977 3760 5083 ἀπέδίῐ

554 5094 1066 5165 hujuscontrarium
1085 5099 1437 5164 dicimus,sed
1459 5102 1619 5155 simul
1644 5104 1754 5155 lucc
1780 5100 2105 5154 aﬁirmamus

2237 5063 2369 5158 δωσι
2403 5103 2492 5156 τὸν
2527 5101 2684 5166 λόγον
2730 5098 2928 5150 αὐτίκα
2976 5095 3171 5162 λέγων,
3206 5094 3281 5155 ὡς
3318 5091 3400 5160 εῖη
3459 5084 3606 5156 μόνος
3642 5065 3708 5166 εἷς
3737 5063 3760 5113 ’δ

553 5184 607 5236 in
633 5185 833 5255 quibus
849 5188 984 5242 dicit
1003 5206 1169 5243 unum
1200 5207 1322 5246 esse
1349 5193 1541 5256 Deum,
1566 5207 1726 5259 quem
1756 5192 1994 5245 dicimus
2020 5206 2105 5244 nui

2237 5195 2408 5255 Θεὸς·
2459 5158 2789 5260 ἀλλ”·ίγμεῖς
2849 5187 2910 5240 οὐ
2963 5158 3156 5238 τούτου
3213 5158 3516 5239 τούναντίον
3575 5158 3754 5260 φαμξνξ

556 5280 731 5332 solum
763 5296 932 5334 unum
960 5284 1210 5348 esse,‘sed
1231 5284 1394 5340 etiam
1426 5285 1914 5354 simplicissimum.
1946 5283 2105 5352 Neqw

2239 5286 2377 5341 ἀλλὰ
2434 5247 2948 5353 συγκατατιθέμεθα
2999 5278 3233 5343 τούτοις,
3264 5277 3322 5329 ὲν
3366 5266 3450 5380 ἰῆς
3501 5273 3652 5380 φασὶν

554 5371 605 5425 ei
628 5383 940 5426 consortem
972 5377 1263 5444 quemdam
1291 5378 1507 5441 damus,
1533 5387 1589 5432 et
1613 5376 2105 5446 simulparticipem

2241 5372 2382 5430 εἶναι
2414 5343 2570 5438 Θεὸν,
2601 5372 2660 5425 ὃν
2688 5343 2869 5440 φαμεν
2904 5370 2964 5421 οὗ
3022 5369 3182 5439 μόνον
3210 5366 3307 5420 ἕνα
3338 5359 3490 5420 εἶναι,

560 5465 707 5518 sicut
758 5465 884 5534 ipsi,
929 5468 1164 5523 animam
1202 5470 1417 5534 mundi,
1441 5471 1528 5524 vel
1571 5469 1825 5533 verbum,
1854 5469 1938 5522 vel
1969 5467 2102 5536 spiri

2235 5465 2632 5521 ἁπλούστατον.
2680 5459 2808 5513 Οῦτ’
2863 5458 3012 5529 αὐτῷ
3065 5456 3323 5511 κοινωνόν
3373 5464 3489 5503 τινα
3542 5435 3756 5561 διδέαεὲῚῖ

2564 5554 2576 5561 ⁸
2802 5550 2824 5561 ¹¹¹
3075 5550 3086 5561 ⁸
3159 5549 3172 5561 ι
3279 5546 3291 5561 1
3391 5535 3557 5561 1..-..le

559 5567 696 5621 tum,
731 5557 817 5611 vel
870 5558 1115 5613 divinum
1147 5563 1440 5631 quemdam
1499 5561 1839 5614 intellectum
1881 5569 2105 5628 tanquar

2239 5561 2334 5611 καὶ
2393 5554 2759 5624 συμμέτοχον,
2792 5522 2996 5621 ὥσπερ.
3027 5549 3183 5603 αὐτοὶ⁸
3239 5546 3339 5616 τὴν
3389 5522 3754 5631 ψυχὴ”’,ἢῃῗν

684 5610 695 5621 ,
777 5610 789 5611 ,
892 5610 900 5612 τ
1150 5610 1440 5631 Ἵππην--
1754 5610 1838 5613 ____

561 5664 778 5704 servum
818 5669 884 5708 ex
913 5655 1076 5709 dictis
1108 5655 1268 5709 nobis
1311 5654 1587 5722 superius.
1635 5653 1751 5707 Non
1787 5663 2002 5722 Oportet
2043 5669 2105 5705 au

2240 5650 2421 5718 λόγον,
2453 5648 2486 5718 ἢ
2522 5647 2582 5698 τὸ
2614 5643 2855 5709 πνεῦμα.
2886 5643 2919 5714 ἢ
2962 5643 3103 5695 Θεῖόν
3129 5657 3250 5694 τινα
3302 5636 3445 5696 νοῦν,
3469 5627 3538 5687 ὡς
3576 5610 3750 5740 δὲἰίλῖἴὲ
3792 5693 3804 5706 ο

2725 5737 2736 5740 ’
2877 5734 2889 5740 ⁸
3043 5737 3054 5740 -
3106 5733 3125 5740 ι
3148 5733 3159 5740 -
3363 5727 3422 5740 no
3483 5716 3553 5740 ’-ξ

559 5749 669 5794 tem
711 5744 952 5800 humano
985 5746 1283 5802 intellectui
1315 5745 1605 5816 aquuare
1631 5745 1870 5799 divinam
1897 5744 2105 5815 majest:

2245 5706 2327 5796 ὲκ.
2362 5706 2486 5795 τῶν.
2520 5739 2654 5808 ἡμῖν
2717 5706 2974 5806 ἀνωτέρω
3031 5733 3322 5806 ῥηθέντων.
3359 5727 3430 5782 0-3
3478 5716 3553 5773 δεῖ
3595 5706 3645 5760 δὲ
3689 5711 3738 5758 τίὲ

2225 4010 2335 4062 τῶν
2371 4009 2444 4079 μὴ
2489 4008 2832 4078 βλεπομένων
2864 4001 3018 4068 οὖσα,
3053 4006 3224 4074 δῶρον
3271 4001 3390 4056 ἐστὶ
3439 3994 3590 4052 Θεοῦ.
3623 3987 3758 4041 Ὅθεν

2228 4105 2262 4174 ἢ
2297 4102 2396 4170 μὲν
2426 4101 2669 4170 ἡμετέρα
2709 4099 2913 4162 πίστις,
2947 4095 3150 4164 σφόδρα
3185 4093 3328 4147 κατὰ
3373 4093 3442 4144 τὰ
3488 4086 3762 4183 πρᾶγμα.τῖ

2228 4193 2432 4262 ἀληθὴς
2479 4188 2633 4255 οὖσα,
2678 4191 2736 4243 οὗ
2787 4191 2934 4241 δοκεῖ
2980 4191 3089 4249 τοῖς
3125 4184 3634 4254 σωματικωτέροις⁹
3664 4172 3690 4236 ἡ
3723 4179 3746 4215 °

2229 4286 2456 4338 ἐκείνων
2510 4285 2667 4351 μόνον
2718 4281 2973 4345 δοκοῦσα,
3006 4280 3106 4331 οὐκ
3137 4279 3244 4334 ἀπὸ
3290 4276 3399 4329 τῶν
3453 4265 3759 4342 πραγμάτων

2228 4375 2454 4444 τοιαύτη
2477 4375 2644 4426 δοκεῖ.
2687 4373 2828 4425 Ἀλλ’
2863 4374 2911 4424 εί
2942 4373 3036 4422 καὶ
3071 4369 3146 4439 μὴ
3181 4370 3460 4438 πρόσεισιν
3495 4352 3762 4444 ἀποδείξεις

635 5899 656 5931 ⁸
685 5901 784 5956 lsa.
819 5920 891 5968 Vl,
921 5904 977 5958 9.
