4068 6464
434 462 575 530 1049

1700 476 2003 538 CONTRA
2068 472 2578 536 MAHOMETEM.

3527 467 3668 534 1050

429 583 759 653 ἀνθρωπινῳ
810 582 888 653 νῷ
942 585 1156 652 ὲξισοῦν
1204 584 1313 660 τὴν
1369 590 1515 644 θείαν
1566 592 1988 661 μεγαλειότητα,

2103 598 2223 653 lem,
2250 598 2307 644 et
2329 589 2638 642 existimare
2673 587 2819 641 illam
2868 600 2977 640 non
3016 598 3163 652 esse,
3188 591 3481 656 propterea
3516 583 3668 657 quod

431 675 528 730 καὶ
554 676 796 746 νομιζειν
821 677 1037 749 ἐκείνην
1082 681 1155 752 μὴ
1190 679 1351 743 εἶναι,
1385 682 1471 735 διὰ
1502 682 1562 735 τὸ
1614 682 1688 752 μὴ
1734 680 1993 734 δύνασθαι

429 766 650 830 τούτους
681 769 822 821 νοεῖν
868 770 968 840 τὴν
1009 771 1117 824 τῶν
1161 772 1472 840 προσώπων
1497 774 1794 842 διάκρισιν,
1821 774 1992 843 χωρὶς

430 859 524 910 τοῦ
577 857 873 929 διακρίνειν
929 861 1022 913 καὶ
1062 862 1162 930 τὴν
1212 864 1421 917 οὐσίαν.
1457 864 1599 918 Ἀλλ’
1656 864 1766 917 οὐδ’
1817 863 1992 927 οὕτως

438 948 690 1018 ἰσχυροὺς
727 949 915 1019 ἔχουσι
969 951 1162 1018 λόγους
1210 955 1351 1023 πρὸς
1394 954 1577 1020 τοῦτο,
1628 955 1722 1018 οὓς
1773 955 1873 1008 οὐκ
1925 955 1995 1007 ἂν

433 1039 728 1108 δυναίμεθα
764 1042 913 1098 λύειν
965 1046 1183 1116 ῥᾳδίως.
1215 1047 1387 1102 Τοῦτο
1429 1049 1610 1101 τοίνυν
1664 1049 1827 1117 ἀρκεῖ
1860 1046 1996 1115 πρὸς

432 1130 730 1198 ἀπολογίαν
775 1133 874 1202 τῆς
913 1134 1170 1201 πίστεως.
1202 1138 1410 1191 Ἐκεῖνο
1442 1138 1499 1191 δὲ
1539 1138 1621 1191 δεῖ
1664 1138 1867 1208 μᾶλλον
1898 1137 1997 1190 αὐ-

430 1221 558 1283 τοὺς
589 1222 864 1276 ἀπαιτεῖνο
887 1225 951 1276 Τί
975 1224 1228 1294 βούλεται
1248 1228 1308 1280 τὸ
1333 1227 1465 1298 παρ’
1498 1227 1684 1289 αὐτοῖς
1721 1226 1991 1294 ’Δλκορὰ-

340 1324 347 1331 '
433 1328 559 1375 νον,
611 1313 741 1366 ὅταν
795 1315 1127 1378 τοσαυτάκις
1178 1317 1376 1388 εἰσάγῃ
1430 1314 1806 1389 πληθυντικῶς
1867 1318 1996 1384 περὶ

435 1399 633 1454 ἑαυτοῦ
668 1402 1052 1469 διαλεγόμενον
1103 1404 1193 1457 τὸν
1233 1406 1403 1468 Θεὸν,
1452 1406 1630 1459 καίτοι
1674 1421 1735 1471 γε
1788 1402 1996 1456 ἁπλοῦν

433 1494 563 1547 δντα
608 1493 703 1546 καὶ
746 1493 883 1561 sva;
913 1494 1086 1547 Τοῦτο
1133 1496 1178 1547 δ’
1225 1497 1557 1567 ἀπαιτητέον
1616 1496 1850 1559 αὐτοὺς,
1906 1495 1996 1547 ῖνα

434 1583 856 1649 ἀναγκασθῶσιν
898 1585 1132 1655 ἀριθμὸν
1169 1586 1227 1637 ὲν
1267 1588 1381 1648 τοῖς
1436 1587 1747 1655 προσώποις
1797 1587 1994 1655 ὁμολο-

435 1676 570 1741 γεῖν.
609 1675 740 1743 Περὶ
771 1675 825 1727 δὲ
858 1675 952 1727 τοῦ
989 1676 1093 1744 τῆς
1122 1675 1447 1743 σαρκώσεως
1502 1677 1826 1746 μυστηρίου,
1859 1676 1995 1747 ὅπερ

434 1767 587 1819 αὐτοὶ
616 1767 714 1835 μὲν
739 1767 1027 1835 ἀρνοῦνται
1063 1769 1426 1833 παντάπασιν,
1469 1769 1630 1838 ἡμεῖς
1650 1768 1706 1821 δὲ
1734 1771 2001 1822 πιστεύω-

439 1871 540 1923 μεν
579 1857 697 1918 ταῖς
736 1856 1118 1923 εὐαγγελικαῖς
1156 1857 1416 1927 ἑπόμενοι
1446 1859 1665 1928 ρήσεσι,
1704 1859 1787 1912 δεῖ
1814 1859 1997 1928 ζητεῖν

437 1945 496 2010 ἐξ
524 1946 729 2010 αὐτῶν,
759 1946 924 1998 πόθεν
954 1949 1135 1999 ῖσασιν
1161 1946 1235 2009 ὡς
1271 1947 1535 2002 ἀδύνατον
1571 1948 1661 2003 τὸν
1693 1948 1827 2001 Θεὸν
1859 1965 1996 2019 σαρ-

438 2035 698 2103 κωθῆναι.
735 2038 806 2089 Ἦ
836 2039 946 2108 γάρ
988 2039 1069 2091 ὅτι
1114 2038 1195 2109 μὴ
1216 2039 1522 2109 δεδύνηται,
1556 2042 1651 2094 καὶ
1697 2039 1846 2093 τοῦτ’
1884 2040 2001 2092 ἐστὶ

437 2123 661 2193 ψεῦδος*
710 2127 1113 2196 παντοδύναμος
1161 2131 1268 2199 γάρ
1308 2129 1406 2192 ὢν,
1442 2130 1619 2184 πάντα
1668 2131 1915 2197 δύναται,
1942 2132 2003 2184 ὲν

438 2212 583 2273 ὅσοις
607 2212 707 2264 οὐκ
734 2212 880 2275 ἔστιν
901 2214 1189 2284 ἀντίφασις
1208 2231 1223 2247 θ
1263 2216 1295 2285 ἢ
1330 2216 1410 2270 ὅτι
1442 2217 1518 2287 μὴ
1549 2216 1816 2286 ἠπίστατο
1843 2217 2003 2270 τοῦτο

440 2302 686 2369 ποιῆσαι,
720 2304 812 2356 καὶ
855 2303 1023 2367 οὕτως
1078 2306 1215 2375 ὅπερ
1247 2308 1341 2359 καὶ
1394 2308 1698 2376 πρότερον·
1733 2306 1766 2377 ἤ
1803 2307 1886 2360 ὅτι
1927 2307 2000 2377 μὴ

439 2392 798 2465 βεϐούληται·
841 2397 933 2450 καὶ
975 2400 1057 2461 τίς
1105 2399 1273 2453 αὑτοῦ
1323 2398 1630 2469 σύμϐουλος
1676 2401 1933 2470 γέγονενς
1966 2401 2001 2472 ἢ

439 2484 723 2556 δεδύνηται
780 2488 903 2559 μὲν,
936 2487 1123 2557 ὥσπερ
1161 2489 1258 2544 καὶ
1299 2490 1452 2561 ἥλιον
1484 2491 1745 2561 ἐλάττονα
1775 2492 1869 2546 τοῦ
1908 2491 2004 2545 νῦν

440 2574 592 2638 ὄντος
634 2578 884 2645 ποιῆσαι,
920 2580 1016 2632 καὶ
1064 2578 1312 2646 μείζονα,
1348 2581 1409 2633 οὐ
1450 2582 1721 2652 πεποίηκε
1770 2582 1860 2648 δὲ,
1907 2582 2004 2637 καὶ

438 2668 548 2720 τότ’
576 2670 911 2737 ἀπαιτητέον
950 2672 1135 2735 αὐτοῖς
1191 2671 1465 2738 ἀπόδειξιν
1501 2672 1714 2727 τούτου.
1753 2672 1924 2729 Τοῦτο
1957 2673 2003 2726 δ’

439 2758 623 2820 αὐτοῖς
659 2758 1043 2813 ἀποδεικνύναι
1086 2760 1365 2825 ἀδύνατον,
1408 2762 1491 2814 ὅτι
1528 2762 1603 2832 μὴ
1654 2762 2002 2833 σεσάρκωται

437 2848 700 2917 δηλονότι.
742 2849 880 2920 Περὶ
916 2849 972 2902 δὲ
990 2850 1089 2918 τῆς
1114 2850 1369 2921 θεότητος
1402 2848 1497 2905 τοῦ
1524 2853 1763 2923 Χριστοῦ
1805 2856 2004 2924 χρῆται

442 2939 544 3009 μὲν
579 2939 851 3005 ἀποδείξει
871 2942 901 2994 ὁ
926 2941 1193 3008 Μωάμεθ,
1217 2943 1297 2996 ὅτι
1335 2943 1470 3013 μηδὲ
1492 2947 1519 2997 ὁ
1540 2945 1778 3015 Χριστὸς
1809 2944 2005 3001 ἑαυτὸν

439 3029 594 3085 εἶπεν
621 3029 758 3085 εἶναι
787 3033 953 3088 Θεόν·
986 3033 1102 3087 ἀλλ’
1144 3035 1292 3088 εῖκαὶ
1331 3036 1436 3106 πρὸ
1486 3034 1586 3106 τῆς
1655 3036 2005 3101 ἀναστάσεως

438 3125 539 3177 οὐκ
588 3122 758 3193 ἔφησε
790 3124 947 3177 τοῦτο
995 3126 1128 3195 περὶ
1185 3127 1385 3181 ἑαυτοῦ
1431 3127 1750 3200 διαρρήδην,
1798 3130 2004 3193 ἱκανῶς

2095 681 2272 734 hinon
2292 689 2518 750 possunt
2547 679 2846 746 intelligere
2878 692 3235 747 personarum
3253 675 3669 742 discretionem,

2093 771 2298 841 absque
2318 786 2427 840 quo
2457 779 2512 824 et
2532 770 2824 825 essentiam
2858 771 3189 824 discet-nant.
3225 769 3331 825 Sed
3367 783 3545 839 neque
3582 769 3664 824 sic

2094 859 2261 913 fortes
2295 858 2533 912 rationes
2568 856 2777 912 habent
2817 856 2883 908 ad
2915 856 3041 914 hoc,
3073 869 3209 922 quas
3252 868 3358 906 non
3392 853 3667 922 possimus

2095 952 2326 1005 solvere.
2354 950 2468 1004 Hoc
2494 946 2885 1019 igitur'suliicit
2911 945 2977 998 ad
3010 944 3379 999 defensionem
3412 943 3559 998 fidei.
3596 943 3667 997 ll-

2095 1037 2186 1091 lud
2208 1048 2389 1093 autem
2411 1046 2632 1119 oportet
2661 1036 2842 1105 potius
2866 1034 2933 1090 ab
2984 1034 3067 1089 eis
3088 1042 3273 1103 petere
3302 1052 3319 1087 :0
3348 1032 3492 1098 Quid
3548 1032 3668 1087 vult

2096 1127 2421 1182 Aleoranum
2450 1126 2594 1196 apud
2625 1141 2744 1191 eos,
2764 1125 2982 1195 quando
3006 1125 3169 1180 toties
3192 1124 3582 1181 inducitDeum
3599 1124 3667 1179 de

2095 1216 2274 1286 seipse
2296 1217 2580 1285 pluraliter
2607 1217 2938 1285 loquentem,
2954 1229 3079 1269 cum
3096 1214 3326 1282 simplex
3343 1213 3415 1269 sit
3428 1223 3485 1268 et
3501 1212 3671 1269 unus?

2099 1306 2210 1360 [loc
2235 1316 2414 1362 autem
2438 1322 2532 1361 eos
2563 1305 2877 1377 petendum,
2917 1314 2975 1359 ut
2998 1313 3264 1375 cogantur
3298 1318 3585 1359 numerum
3608 1305 3666 1360 in

2097 1399 2345 1464 personis
2370 1396 2639 1451 conﬁteri.
2666 1397 2741 1450 De
2767 1395 3026 1467 mysterio
3044 1406 3225 1450 autem
3251 1396 3667 1460 incarnationis,

2095 1487 2257 1557 quod
2279 1486 2379 1556 ipsi
2404 1489 2622 1557 quidem
2652 1498 2853 1559 negant
2887 1488 3255 1551 omnino,nos
3275 1498 3458 1544 autem
3484 1488 3668 1543 credi-

2096 1594 2239 1641 mus,
2259 1587 2547 1648 sequentes
2565 1581 2873 1648 evangelica
2905 1579 3066 1644 dicta,
3088 1588 3304 1649 oportet
3328 1580 3572 1651 quaerere
3599 1580 3670 1635 ab

2096 1669 2177 1724 eis
2205 1668 2349 1724 unde
2374 1670 2548 1723 sciant
2566 1669 2709 1736 quod
2736 1667 3076 1738 impossibile
3108 1679 3193 1724 est
3216 1668 3385 1723 Deum
3413 1669 3668 1724 incarna-

2100 1769 2212 1815 tum
2247 1759 2436 1815 fuisse.
2463 1759 2560 1815 Vel
2615 1760 2761 1814 enim
2801 1748 2955 1829 quod
2982 1774 3092 1814 non
3146 1760 3347 1828 potuit,
3367 1768 3424 1814 et
3455 1761 3558 1815 hoc
3586 1770 3672 1833 est

2101 1848 2315 1905 falsum.
2347 1849 2707 1919 Omnipotens
2729 1851 2877 1904 enim
2899 1866 3025 1905 cum
3051 1850 3144 1911 sit.
3173 1852 3358 1906 omnia
3387 1860 3584 1921 potest,
3614 1854 3669 1908 in

2101 1943 2302 2013 quibus
2326 1958 2431 1996 non
2462 1953 2546 1998 est
2592 1942 3081 1999 contradictio.Vel
3105 1944 3250 2013 quod
3283 1944 3515 1999 nescivit
3564 1944 3669 2000 hoc

2103 2026 2300 2093 facere,
2323 2040 2379 2084 et
2425 2031 2506 2085 sic
2533 2029 2676 2100 quod
2716 2038 2769 2085 et
2798 2032 2971 2101 prius.
3007 2029 3099 2087 Vel
3149 2031 3297 2101 quod
3345 2033 3539 2088 noluit.
3601 2033 3672 2088 Et

2100 2119 2224 2188 quis
2245 2121 2364 2189 ejus
2389 2123 2674 2176 consultor
2698 2121 2842 2177 fuit?
2866 2119 2965 2177 Vel
3000 2132 3180 2178 autem
3216 2124 3401 2199 potuit
3421 2124 3669 2194 quidem,

2100 2213 2244 2267 sicut
2296 2214 2466 2268 solem
2513 2215 2780 2268 minorem
2826 2229 2987 2283 quam
3045 2230 3194 2270 nunc
3235 2222 3319 2270 est
3364 2215 3564 2281 facere,
3615 2228 3673 2273 et

2102 2303 2386 2383 majorem,
2423 2315 2601 2360 tamen
2636 2321 2747 2361 non
2804 2306 3054 2363 fecit.Et
3083 2314 3214 2361 tunc
3252 2308 3547 2377 petendum
3574 2323 3674 2364 eos

2101 2393 2624 2453 demonstrationem
2682 2397 2849 2470 hujus
2913 2397 3066 2464 dare,
3100 2396 3255 2475 quod
3296 2413 3404 2451 non
3456 2396 3671 2453 fecerit.

2105 2492 2218 2550 Hoc
2255 2501 2437 2549 autem
2493 2492 2576 2547 eis
2608 2490 2989 2546 demonstrare
3016 2501 3100 2547 est
3140 2490 3498 2560 impossibile,
3526 2489 3673 2560 quod

2103 2601 2282 2655 neque
2304 2585 2623 2638 incarnatus
2647 2589 2732 2636 est
2762 2581 3036 2637 videlicet.
3067 2580 3142 2634 De
3175 2580 3464 2636 divinitate
3489 2591 3673 2635 autem

2102 2674 2309 2732 Christi
2342 2676 2516 2729 utitur
2545 2673 2768 2741 quidem
2805 2671 3276 2726 demonstratione
3310 2671 3674 2736 Mahometus,

2105 2767 2249 2837 quod
2307 2780 2487 2836 neque
2535 2763 2784 2821 Christus
2836 2763 3079 2833 seipsum
3140 2762 3276 2817 dixit
3316 2777 3438 2819 esse
3477 2762 3673 2819 Deum.

2109 2857 2213 2913 Sed
2240 2856 2344 2913 etsi
2408 2866 2534 2912 ante
2581 2854 3040 2912 resurrectionem
3086 2869 3196 2909 non
3228 2854 3370 2909 dixit
3401 2854 3470 2910 de
3492 2855 3677 2925 seipse

2104 2949 2208 3004 hoc
2246 2950 2420 3020 palam
2458 2938 2565 3012 '(l),
2598 2947 2930 3002 sufﬁcienter
2984 2956 3166 3001 tamen
3203 2945 3309 2999 hoc
3344 2946 3564 3014 aperuit
3587 2945 3668 2999 di-

2104 3056 2233 3097 cens
2263 3058 2275 3093 :
2303 3058 2323 3091 ι
2361 3039 2478 3109 Ego
2512 3037 2867 3108 principium,
2897 3036 2990 3106 qui
3042 3044 3099 3090 et
3154 3035 3346 3105 loquor
3383 3035 3541 3091 vobis
3568 3036 3613 3091 '.
3647 3054 3670 3088 ι

2108 3132 2174 3185 Et
2209 3130 2432 3186 Petrum
2477 3126 2900 3192 commendavit,
2957 3126 3103 3196 quod
3147 3127 3325 3197 palam
3377 3127 3484 3184 hoc
3515 3127 3674 3193 dixit,

444 3219 626 3283 μέντοι
661 3217 1099 3288 τοῦτοίῂνίξατο,
1136 3218 1331 3286 λέγων,
1372 3237 1391 3270 ι
1443 3220 1645 3290 Ἑγὼή
1685 3220 1848 3291 ἀρχὴ.
1881 3222 2002 3293 ἥτις

2106 3220 2293 3274 dicens
2324 3235 2341 3274 :
2374 3237 2392 3269 ι
2434 3216 2630 3271 Beatus
2651 3231 2712 3270 es
2741 3216 2932 3271 Simon
2980 3216 3268 3282 Bar—Jona,
3303 3216 3432 3288 quia
3462 3231 3590 3272 caro
3616 3226 3675 3272 et

440 3304 531 3357 καὶ
558 3303 702 3356 λαλῶ
742 3304 892 3371 ὑμῖν.
925 3324 943 3355 ι
982 3305 1090 3357 Καὶ
1140 3306 1232 3359 τδν
1283 3305 1488 3376 Πέτρον
1526 3307 1827 3371 ἀπεδέξατο
1854 3309 2006 3379 διαρ-

442 3396 611 3467 ρήδην
650 3395 813 3450 τοῦτο
851 3397 1094 3461 εἰπόντα,
1116 3397 1320 3465 λέγων,
1351 3416 1371 3450 ι
1403 3400 1690 3463 Μακάριος
1719 3394 1788 3461 εἴ,
1825 3400 2006 3468 Σίμων

440 3489 553 3559 mp
597 3489 775 3550 Ἰωνᾶ,
802 3491 886 3543 ὅτι
914 3491 1048 3561 σὰρξ
1084 3492 1179 3544 καὶ
1216 3485 1356 3559 αἷμα
1402 3493 1502 3545 οὐκ
1532 3491 1851 3561 ἀπεκάλυψέ
1897 3509 2005 3558 σοι,

438 3570 617 3631 ἀλλ’ὀ’
642 3581 833 3649 Πατήρ
878 3597 1001 3648 μου,
1042 3598 1060 3631 ι
1107 3581 1204 3634 καὶ
1231 3581 1299 3634 τὰ
1329 3581 1509 3633 λοιπά.
1542 3581 1720 3643 Αὐτὸς
1741 3583 1799 3635 δὲ
1836 3598 2006 3649 φανε-

442 3670 550 3741 ρῶς
578 3670 678 3722 οὐκ
702 3672 936 3741 ἠθέλησε
964 3672 1124 3724 τοῦτο
1154 3675 1352 3736 εἰπεῖν,
1386 3673 1471 3725 διὰ
1508 3676 1567 3726 τὸ
1600 3675 2006 3744 κεκρυμμένοις

436 3762 635 3826 ἐλθεῖν,
664 3761 755 3815 ἵνα
783 3766 1045 3832 φρονήσει
1084 3765 1176 3817 καὶ
1201 3763 1552 3827 ταπεινώσει,
1583 3765 1696 3818 ἀλλ’
1723 3766 1823 3819 οὐκ
1855 3765 2007 3833 ἰσχύϊ

439 3853 639 3924 νικήσῃ
686 3852 778 3904 τὸν
829 3850 1116 3921 ἄνθρωπον
1171 3855 1471 3922 νικήσαντα
1532 3858 1856 3927 πανουργίᾳ.
1905 3856 2006 3909 Διά

437 3942 629 3995 τοῦτον
677 3942 858 3996 τοίνυν
893 3944 984 3996 τὸν
1017 3944 1176 4011 λόγον
1222 3945 1329 4015 πρὸ
1371 3946 1471 4014 τῆς
1526 3946 1877 4009 ἀναστάσεως
1902 3947 2005 4001 οὐκ

438 4033 659 4103 εἴρηκεν
704 4035 734 4085 ὁ
788 4033 1023 4102 Χριστὸς
1077 4035 1206 4103 περὶ
1255 4034 1452 4088 ἑαυτοῦ
1501 4035 1820 4106 διαρρήδην,
1872 4036 2005 4098 Θεός

438 4126 556 4192 εἰμι
580 4140 595 4154 ο
631 4124 755 4178 καθ’
784 4123 842 4177 ὃν
872 4125 979 4176 οὐδ’
1011 4126 1078 4178 ἂν
1111 4126 1298 4186 ἁλιεὺς
1333 4127 1590 4192 προείποι
1631 4129 1744 4189 τοῖς
1782 4125 2006 4194 exeam

436 4215 978 4285 ἀνακεκαλυμμένως
1017 4216 1121 4268 ὑπὸ
1153 4218 1254 4286 τὴν
1287 4218 1493 4286 τροφὴν
1526 4213 1671 4268 εῖναι
1699 4217 1761 4268 τὸ
1785 4217 1999 4285 δέλεαρ,

439 4307 546 4361 ὑπὸ
584 4307 641 4360 δὲ
689 4310 751 4361 τ’)
806 4308 997 4375 δέλεαρ
1054 4304 1192 4360 εἶναι
1246 4309 1564 4377 ἄγκιστρον.
1599 4309 1756 4361 Μετὰ
1800 4307 1857 4360 δὲ
1904 4307 2003 4377 τὴν

436 4400 735 4454 ἀνάστασιν
774 4399 1019 4468 φανερῶς
1069 4399 1238 4464 ἔδειξε
1289 4397 1472 4463 τοῦτο,
1501 4397 1624 4461 δοὺς
1673 4398 1734 4450 τὸ
1777 4397 2003 4469 Πνεῦμα

437 4492 499 4545 τὸ
525 4493 698 4561 διγιον,
733 4492 828 4545 καὶ
875 4492 1125 4556 ἐξουσίαν
1157 4490 1258 4561 τὴν
1288 4489 1385 4543 τοῦ
1434 4491 1654 4559 ἀφιέναι
1700 4492 2001 4560 ἁμαρτίας·

2107 3311 2329 3378 sauguis
2375 3324 2484 3363 non
2532 3309 2796 3363 revelavit
2845 3307 2964 3372 tibi,
2995 3308 3090 3363 sed
3116 3307 3275 3363 Pater
3307 3323 3462 3363 meus
3480 3308 3524 3374 ⁸,
3557 3326 3577 3360 ι
3617 3317 3675 3363 et

2107 3400 2355 3474 reliqua.‘
2387 3398 2508 3469 Ipse
2556 3405 2738 3453 autem
2771 3397 3060 3453 manifeste
3098 3398 3204 3454 hoc
3242 3398 3418 3453 noluit
3464 3397 3672 3465 dicere,

2107 3490 2395 3561 propterea
2446 3490 2593 3560 quod
2639 3489 2859 3546 occulte
2895 3489 3070 3554 venit,
3101 3497 3163 3545 ut
3193 3497 3249 3544 et
3294 3487 3586 3560 prudentia
3617 3498 3676 3543 et

2105 3581 2439 3648 humilitate,
2471 3589 2529 3635 et
2577 3595 2688 3635 nou
2736 3580 2792 3634 vi
2822 3580 3071 3636 vinceret
3099 3596 3251 3644 eum,
3273 3581 3368 3650 qui
3394 3579 3676 3635 hominem

2107 3673 2238 3729 vicit
2296 3672 2517 3729 astutia.
2559 3671 2791 3742 Propter
2841 3673 2986 3726 hanc
3027 3671 3194 3741 igitur
3224 3673 3514 3736 rationem,
3552 3678 3680 3725 ante

2105 3765 2567 3819 resurrectionem
2622 3774 2736 3818 non
2780 3763 2919 3819 dixit
2972 3761 3227 3817 Christus
3263 3762 3442 3832 palam
3469 3761 3537 3816 de
3572 3761 3681 3816 sei-

2106 3870 2222 3924 pso.
2259 3856 2400 3910 Deus
2448 3870 2590 3917 sum,
2622 3852 2923 3909 secundum
2977 3868 3143 3923 quam
3197 3856 3465 3908 rationem
3497 3866 3680 3920 neque

2104 3948 2343 4017 piscator
2374 3946 2622 4016 praedicit
2652 3946 2896 4016 piscibus
2936 3945 3259 4008 revelanter,
3285 3944 3389 3998 sub
3413 3943 3537 3998 cibo
3559 3956 3680 3997 esse

2105 4053 2309 4103 eseam,
2338 4037 2440 4091 sub
2469 4051 2593 4090 esca
2622 4052 2742 4092 esse
2776 4036 3020 4091 hamum.
3046 4036 3175 4091 Post
3220 4036 3678 4091 resurrectionem

2104 4135 2287 4182 autem
2329 4127 2616 4183 manifeste
2669 4128 2774 4183 hoc
2809 4129 3069 4188 OSIeudit,
3093 4128 3303 4193 dicens,
3334 4126 3470 4181 dans
3503 4125 3679 4196 Spiri-

2105 4232 2219 4276 tum
2267 4228 2515 4275 sanctum
2567 4229 2622 4274 et
2661 4230 2988 4290 potestatem
3055 4219 3367 4275 dimittendi
3398 4229 3621 4290 peccata
3663 4236 3679 4273 :
3778 4211 3817 4285 ’,
3886 4224 3906 4240 ⁶

2110 4325 2129 4359 ι
2176 4309 2419 4378 Accipite
2472 4307 2734 4379 Spiritum
2791 4319 3061 4376 sanctum,
3114 4319 3171 4364 et
3227 4324 3684 4380 quorumcunque

2104 4397 2425 4452 dimiseritis
2474 4407 2712 4467 peccata,
2744 4398 3098 4452 dimittuntur
3147 4398 3262 4465 eis;
3304 4412 3686 4468 quorumcun-

2105 4505 2213 4557 que
2259 4489 2616 4556 retinueritis,
2668 4500 2883 4546 retenta
2933 4500 3065 4545 sunt
3091 4492 3136 4554 ",
3174 4507 3193 4541 ›
3232 4498 3289 4545 et
3342 4488 3577 4558 reliqua.
3613 4487 3684 4544 Et

436 4558 582 4638 ὅθεν-
615 4579 774 4637 εἴπεο
821 4602 841 4635 ι
902 4582 1112 4636 Λάϐετε
1168 4558 1393 4652 Πνεῦμα
1442 4558 1617 4650 ἅγιον.
1694 4558 2002 4638 ’Ᾱνήτινων

2112 4581 2350 4636 Thomas
2377 4597 2600 4651 quoque
2649 4582 2825 4652 palam
2859 4582 3146 4636 confessus
3179 4593 3264 4637 est
3299 4581 3425 4648 hoc,
3450 4581 3684 4635 dicens:

438 4678 615 4746 ἀφῆτε
661 4678 762 4740 τὰς
817 4676 1109 4745 ἁμαρτίας
1150 4675 1403 4742 ἀφίενται
1455 4676 1683 4737 αὐτοῖς’
1732 4675 1798 4728 ἄν
1848 4690 2009 4730 τινων

438 4769 702 4836 κρατῆτε,
739 4767 1131 4835 κεκράτηνται.
1168 4784 1187 4817 ι
1229 4765 1423 4818 καὶτὰ
1450 4766 1637 4820 λοιπά.
1675 4767 1783 4819 Καὶ
1819 4769 1848 4821 ὁ
1894 4767 2011 4821 Θω-

441 4862 549 4927 μᾶς
600 4860 657 4913 δὲ
706 4858 1006 4928 διαρρήδην
1051 4856 1372 4928 ὡμολόγησε
1425 4859 1605 4924 τοῦτο,
1640 4856 1832 4924 εἰπὼν,
1884 4877 1904 4911 ι
1947 4858 2008 4912 Ὀ

439 4951 644 5020 Κύρεος
675 4967 777 5020 μου
803 4950 896 5002 καὶ
923 4950 950 5000 ὁ
975 4948 1107 5010 Θεός
1134 4965 1259 5018 μου.
1291 4967 1310 5001 ι
1343 4948 1642 5017 Δεδομένου
1666 4949 1721 5002 δὲ
1742 4950 2009 5021 μηδαμῶς

438 5042 589 5110 παρά
622 5041 718 5093 τοῦ
748 5022 988 5106 Χριστοῦ
1018 5039 1178 5092 τοῦτο
1206 5039 1482 5109 εἰρῆσθαι,
1512 5039 1601 5092 διὰ
1625 5040 1684 5091 τὸ
1712 5041 2010 5104 ταπεινοὺς

442 5133 540 5200 μὲν
577 5133 769 5198 λόγους
823 5132 1148 5200 προφέρειν,
1213 5132 1608 5202 μεγαλοπρεπῆ
1666 5132 1723 5184 δὲ
1764 5132 1830 5184 τὰ
1873 5131 2011 5208 ἔργα

438 5221 739 5287 δεικνύναι,
770 5222 935 5292 ἀρκεῖ
958 5222 1018 5274 τὸ
1045 5222 1174 5284 τοὺς
1226 5222 1477 5291 μαθητάς
1509 5221 1677 5279 αὐτοῦ
1707 5224 2010 5294 διαρρήδην

437 5310 598 5364 τοῦτο
627 5312 801 5364 εἰπεῖν
823 5326 839 5342 ⁶
872 5310 923 5362 οῖ
952 5310 1109 5363 τοῦτο
1145 5310 1395 5378 λέγοντες
1418 5311 1488 5364 τὰ
1515 5312 1654 5365 αὐτά
1681 5313 1756 5381 τῷ
1789 5313 2010 5384 Χριστῷ

442 5401 645 5467 σημεῖα
672 5398 961 5467 ἐποίησαν.
989 5397 1132 5450 Ἀλλ’
1168 5399 1289 5453 ἐπεὶ
1330 5399 1378 5450 οῖ
1404 5400 1752 5471 Σαρρακηνοὶ
1782 5401 2009 5472 ἀρνοῦν-

440 5502 529 5542 ται
559 5490 628 5543 τά
652 5505 713 5542 τε
740 5488 996 5559 θαύματα
1021 5489 1117 5542 καὶ
1141 5489 1270 5552 τοὺς
1299 5489 1494 5558 λόγους
1519 5490 1628 5544 τῶν
1654 5492 1997 5557 ἀποστόλων,

2115 4689 2134 4723 ι
2168 4671 2434 4726 Dominus
2472 4686 2645 4737 meus,
2672 4682 2728 4725 et
2782 4670 2926 4726 Deus
2975 4687 3131 4726 mens
3154 4671 3197 4725 ³.
3237 4689 3256 4722 ι
3314 4670 3449 4724 Dato
3477 4678 3685 4733 autem,

2108 4762 2214 4817 hoc
2247 4776 2590 4830 nequaquam
2640 4775 2670 4814 a
2705 4760 2930 4816 Christo
2977 4762 3185 4815 dictum
3220 4775 3365 4823 esse,
3394 4767 3685 4829 prepterea

2108 4852 2254 4923 quod
2290 4852 2515 4906 humilia
2545 4852 2769 4921 quidem
2805 4852 2971 4906 verba
3026 4850 3254 4922 profert,
3288 4850 3546 4920 praeclara
3583 4865 3685 4905 au-

2110 4953 2215 4997 tem
2271 4959 2436 5014 opera
2478 4944 2722 4999 ostendit
2763 4960 2779 4997 :
2822 4943 3022 5000 suﬂicit
3068 4944 3371 5014 discipulos
3413 4944 3532 5014 ejus
3580 4942 3689 4997 hoc

2108 5036 2287 5104 palam
2345 5035 2552 5098 dicere,
2585 5035 2677 5104 qui
2730 5035 2841 5090 hoc
2875 5036 3141 5101 dicentes,
3202 5034 3403 5089 similia
3462 5033 3688 5088 Christo

2108 5126 2263 5196 signa
2290 5125 2558 5181 fecerunt.
2592 5125 2698 5182 Sed
2739 5126 3003 5197 quoniam
3048 5125 3308 5181 Saraceni
3338 5131 3543 5203 negant
3576 5122 3687 5177 mi-

2108 5216 2293 5271 racula
2364 5224 2421 5271 et
2475 5218 2644 5272 verba
2692 5217 3110 5287 apostolorum,
3182 5224 3476 5287 propterea
3537 5211 3727 5293 quod;

2107 5309 2381 5363 contraria
2426 5318 2555 5363 sont
2587 5309 2878 5375 Alcorano,
2921 5308 3289 5364 insistendum
3321 5302 3690 5362 confutationi
3716 5309 3733 5382 ᾗ

2115 5388 2228 5455 tam
2260 5400 2483 5471 perﬁdae
2526 5400 2685 5472 legis,
2737 5401 2885 5471 quod
2919 5416 3030 5456 non
3078 5411 3159 5455 est
3195 5401 3282 5454 lex
3310 5398 3430 5462 Dei,
3455 5408 3511 5451 et
3539 5381 3754 5481 quod?

2111 5492 2368 5549 Saraceni
2409 5491 2611 5549 debent
2659 5491 3281 5563 susciperelevangcliea
3330 5484 3677 5552 testimonia,

511 5627 533 5658 ⁸
560 5626 722 5683 Joan.
746 5643 863 5696 νιιι,
890 5627 984 5685 25.
1058 5628 1080 5660 ⁸
1113 5627 1306 5686 Matth.
1349 5644 1461 5696 xvi,
1499 5628 1588 5685 17.
1661 5630 1683 5662 ⁷
1709 5629 1868 5686 Joan.
1898 5649 1990 5700 xx,

2103 5677 2107 5695 μ
2134 5634 2223 5689 25.
2301 5635 2323 5668 ⁸
2351 5634 2487 5691 ibid.
2522 5635 2614 5689 28.

512 5764 589 5833 (Ι)
627 5764 805 5823 Etiam
861 5775 988 5824 alite
1038 5766 1302 5838 Caipham
1358 5782 1470 5823 non
1532 5766 1766 5839 negavit.
1799 5767 1967 5838 quue
2026 5770 2151 5826 fecit
2209 5787 2274 5827 ex
2337 5772 2596 5827 mandato
2660 5769 2856 5832 Patris,
2889 5769 2973 5825 Ps.
3021 5785 3079 5837 ιι,
3131 5765 3441 5823 Praedictum
3496 5777 3693 5833 νηπτι-

442 5841 607 5900 ptum,
625 5845 730 5890 etc.
