4068 6460
540 401 671 470 1051

1862 419 2246 482 DEMETRII
2297 421 2609 484 CYDONll

3636 428 3748 493 1052

536 522 790 581 similiter
815 536 873 583 et
911 545 1033 602 quae
1076 544 1205 588 sunt
1234 534 1446 591 Veteris
1477 533 1841 590 Testamenti.
1872 537 1987 591 Hoc
2019 552 2111 590 au-

2221 536 2309 589 διά
2361 535 2424 588 τὸ
2472 537 2690 591 ἐναντία
2749 533 2890 592 εἶναι
2948 538 3028 607 τῷ
3077 538 3422 610 Ἀλκοράνῳ,
3467 543 3748 612 πειρατέον,

534 621 645 669 tem
693 630 795 686 per
839 617 1016 689 ipsum
1065 624 1393 679 Alcorannm
1431 625 1697 694 possibile
1745 634 1831 680 est
1885 627 2111 681 demon-

533 706 719 769 strari,
755 716 812 762 ut
846 707 1094 779 Ogoliath
1129 713 1206 783 (1)
1238 714 1323 768 sui
1354 713 1525 783 ipsius
1575 729 1707 769 ense
1736 714 2105 770 interimatur.

2217 626 2682 697 καταισχύνοντας
2715 627 2806 681 τὸν
2841 629 2984 683 οὕτω
3011 630 3325 700 παράνομον
3360 631 3542 698 νόμον,
3564 631 3747 685 δεικνῦ-

2219 731 2307 767 ναι
2339 715 2415 780 ὡς
2448 718 2549 771 οῦκ
2579 718 2694 772 ἐστι
2741 719 2902 789 νόμος
2929 719 3087 787 Θεοῦ,
3122 721 3212 774 καὶ
3242 720 3316 782 ὡς
3347 723 3398 774 oi.
3439 721 3752 792 Σαρῤακηνοι

533 795 809 865 ὀφείλουσι
870 800 1122 871 δέχεσθαι
1176 804 1275 868 τὰς
1330 804 1694 873 εὐαηελικὰς
1752 804 2102 877 μαρτυρίας,
2142 807 2346 877 ὁμοίως
2384 808 2557 861 δὲκαὶ
2586 811 2688 875 τὰς
2721 810 2818 880 τῆς
2849 811 3096 874 Παλαιᾶς
3170 812 3466 881 Διαθήκης.
3526 811 3683 867 Τοῦτο
3704 813 3754 866 δὲ

533 894 601 948 δι’
647 896 813 951 αὐτοῦ
842 897 937 952 τοῦ
995 897 1324 970 Ἀλκοράνου
1381 899 1694 954 δείκνυσθαι
1747 899 1991 967 δυνατὸν,
2025 900 2092 953 ἵν’
2142 901 2396 970 Ὀγολιάθ
2429 904 2709 975 ἀναιροῖτο
2740 903 2817 975 τῷ
2848 903 2992 974 ξίφει
3031 906 3107 977 τῷ
3139 905 3357 961 ἑαυτοῦ.

531 1060 625 1116 Ill.
655 1059 808 1126 Quod
836 1059 922 1115 (ex
955 1060 1065 1115 haec
1118 1076 1221 1114 non
1281 1070 1358 1115 est
1391 1060 1475 1115 lea:
1529 1062 1646 1126 Dei,
1668 1070 1944 1132 propterea
1976 1060 2111 1131 quod

2218 1061 2287 1117 Γ.
2318 1062 2442 1115 Ὀτι
2483 1065 2519 1118 ὁ
2565 1064 2751 1133 νόμος
2799 1061 2981 1133 οὗτος
3043 1068 3156 1121 οὐκ
3202 1067 3337 1123 ἐστι
3389 1070 3569 1137 νόμος
3603 1071 3757 1132 Θεοῦ.

605 1166 769 1220 neque
834 1150 1026 1218 Vetus,
1075 1168 1238 1219 neque
1286 1152 1491 1206 Novum
1526 1152 1916 1207 Testamentum
1980 1153 2116 1206 hanc

605 1251 911 1297 testantur:
961 1253 1009 1297 et
1042 1243 1181 1310 quod
1231 1241 1515 1298 Saracenis
1565 1260 1767 1298 necesse
1798 1252 1875 1298 est
1929 1236 2114 1315 parere

605 1334 762 1388 dictis
806 1332 1010 1389 Veteris
1042 1333 1425 1389 Testamentiet
1457 1333 1754 1406 Evangelii.

605 1552 788 1609 Tertio
812 1560 1034 1623 oportet
1064 1550 1230 1617 scire,
1272 1553 1418 1620 quod
1432 1552 1759 1608 Alcoranum
1780 1568 1891 1608 non
1919 1563 2004 1610 est
2017 1552 2106 1608 lex

529 1644 649 1700 Dei.
671 1642 856 1713 Neque
868 1643 1014 1698 enim
1033 1641 1203 1696 Vetus
1220 1641 1651 1704 Testamentum,
1670 1659 1844 1714 neque
1862 1642 2106 1713 Evange-

2280 1152 2379 1206 διὰ
2404 1154 2470 1209 τὸ
2497 1154 2645 1220 μήτε
2670 1154 2787 1223 τὴν
2816 1156 3086 1211 Παλαιὰν
3109 1156 3263 1227 μήτε
3292 1157 3408 1227 τὴν
3458 1160 3609 1214 Νέαν
3647 1163 3757 1215 Δια-

2283 1243 2482 1313 θήθὶην
2514 1247 2703 1310 τούτῳ
2747 1250 3219 1317 συμμαρτυρεῖν,
3254 1249 3351 1304 καί
3381 1251 3449 1304 τὸ
3487 1252 3607 1317 τοῖς
3636 1255 3761 1323 Sap-

2246 1406 2251 1411 Ξ
2272 1336 2565 1403 ρακηνοῒς
2588 1337 2753 1391 πᾶσα
2781 1339 3013 1408 ἀνάγκη
3040 1343 3348 1397 πείθεσθαι
3379 1342 3502 1409 τοῖς
3523 1342 3628 1410 τῆς
3657 1347 3757 1398 Πα-

2282 1428 2459 1495 λαιᾶς
2478 1420 2774 1497 Διαθήκὴς
2794 1432 3029 1498 καὶτοῖς
3049 1432 3154 1485 τοῦ
3172 1434 3544 1504 Eiram-8.11m:
3555 1434 3755 1503 ῥητοῖς.

2287 1543 2481 1613 Τρίτον
2535 1544 2616 1597 δεῖ
2672 1545 2985 1613 γινώσκειν,
3039 1548 3121 1600 δτι
3176 1546 3239 1600 τὸ
3303 1547 3627 1619 Ἀλκοράνον
3675 1549 3758 1602 οὐκ

2215 1633 2329 1687 ἔστι
2359 1635 2522 1704 νόμος
2567 1634 2722 1688 Θεοῦ.
2756 1633 2893 1688 Οὔτε
2924 1636 3031 1705 γὰρ
3058 1637 3092 1706 ή
3126 1636 3339 1690 Παλαιὰ
3370 1638 3630 1709 Διαθήκη,
3653 1637 3760 1691 οὔτε

530 1735 664 1789 lium
689 1734 829 1788 hanc
849 1742 1119 1788 testantur
1142 1753 1155 1789 ε
1178 1750 1300 1805 quae
1315 1744 1546 1806 utraque
1567 1734 1899 1790 Alcorannm
1936 1744 2074 1790 testa
2089 1765 2106 1776 -

2218 1726 2273 1777 τὸ
2305 1723 2654 1793 Εὐαγγέλιον,
2677 1725 2852 1795 τούτῳ
2885 1728 3307 1797 συμμαρτυρετ’
3340 1723 3425 1791 οἷς
3458 1729 3759 1799 ἀμφοτέροις

530 1835 642 1892 tur,
661 1826 805 1896 quod
822 1841 950 1881 vere
962 1833 1090 1882 sunt
1104 1825 1252 1897 leges
1268 1826 1386 1882 Dei.
1400 1825 1561 1881 Solus
1575 1834 1757 1880 autem
1775 1824 2111 1881 Mahometus

2218 1817 2275 1870 τὸ
2335 1816 2664 1887 Ἀλκοράνον
2722 1820 3014 1888 μαρτυρεῖ,
3062 1818 3146 1871 ὅτι
3203 1816 3422 1887 ἀληθῶς
3478 1821 3582 1872 εἰσι
3630 1819 3761 1888 νόμοι

530 1919 820 1974 constituit
862 1919 1125 1988 seipsnm,
1156 1918 1300 1974 etde
1337 1920 1520 1987 seipso
1588 1918 1963 1974 testimonium
1988 1933 2111 1988 per-

2218 1906 2375 1962 Θὲοῦ.
2406 1907 2584 1971 Μόνος
2614 1907 2662 1961 δ’
2693 1910 2720 1961 ὁ
2743 1908 3046 1978 Μαχούμετ
3095 1909 3415 1980 συνίστησιν
3454 1909 3660 1972 ἑαυτὸν,
3685 1911 3761 1963 καὶ

534 2012 705 2067 hibet.
726 2010 837 2067 Lex
849 2011 993 2066 enim
1014 2010 1107 2066 Dei
1124 2018 1380 2075 tanquam
1399 2017 1593 2067 catena
1611 2010 1861 2080 quaedam
1882 2019 1967 2065 est
1980 2026 2111 2065 eon—

2218 2000 2345 2069 trapl.
2369 1999 2563 2053 ἑαυτοῦ
2621 2001 2914 2069 μαρτυρεῖ.
2982 1999 3041 2054 '0
3098 2000 3205 2071 γὰρ
3259 1999 3360 2054 τοῦ
3413 1999 3550 2054 Θεοῦ
3599 2000 3760 2071 νόμας,

532 2103 686 2157 tinua
705 2102 774 2156 ab
785 2101 979 2158 eodem
1001 2102 1211 2159 artiﬁce
1236 2103 1523 2168 fabricata,
1542 2112 1600 2157 et
1617 2102 1856 2172 quilibet
1879 2104 2111 2159 annulo-

2218 2089 2409 2159 ὥσπερ
2455 2089 2614 2160 σειρά
2634 2091 2720 2155 τίς
2769 2093 2889 2144 ἐστι
2942 2091 3193 2162 συνεχὴς,
3227 2091 3334 2145 ὑπὸ
3371 2092 3467 2146 τοῦ
3500 2091 3659 2146 αὐτοῦ
3686 2108 3761 2144 xs-

530 2210 660 2249 rum
689 2194 844 2249 alteri
860 2193 1130 2260 cohaeret,
1150 2204 1207 2248 et
1227 2194 1461 2264 quilibet
1482 2197 1877 2263 praphetarum
1902 2193 1971 2248 de
2002 2193 2110 2248 alio

2218 2181 2560 2254 χαλκευμένη
2615 2182 2899 2263 τεχνίτου,
2964 2182 3057 2235 καὶ
3108 2181 3345 2244 ἕκαστος
3408 2181 3519 2235 τῶν
3578 2179 3761 2250 κρίκων

533 2281 899 2359 prophetizat,
916 2287 972 2336 et
988 2280 1238 2336 meminit
1264 2280 1446 2352 hujus,
1474 2290 1533 2337 et
1549 2296 1743 2336 omnes
1758 2282 2111 2351 prophetiza-

2218 2274 2398 2343 ἔχεται
2435 2270 2531 2325 τοῦ
2571 2270 2788 2341 ἑτέρου.
2816 2272 2981 2325 Ὥστε
3014 2272 3109 2326 καὶ
3148 2272 3382 2336 ἕκαστος
3415 2273 3527 2327 τῶν
3573 2288 3762 2343 προφη-

530 2370 816 2426 veruntde
841 2369 1079 2426 Christo.
1103 2368 1160 2426 Si
1191 2370 1358 2441 igitur
1373 2369 1844 2426 etSaracenorum
1878 2370 1987 2434 lex,
2018 2371 2107 2426 lex

531 2470 681 2517 esset
708 2459 825 2529 Dei,
855 2468 912 2516 et
943 2461 1000 2515 in
1032 2461 1173 2516 hanc
1191 2462 1371 2532 legem
1395 2462 1631 2527 vocatio,
1660 2477 1768 2517 non
1798 2463 2100 2531 perversio,

534 2550 632 2609 sed
653 2552 944 2607 conversio
967 2563 1134 2611 esset.
1160 2561 1222 2607 ut
1244 2554 1345 2623 ipsi
1377 2552 1570 2609 dicunt
1591 2553 1908 2624 :Tquomodo
1924 2554 2005 2610 sic
2034 2554 2115 2609 la-

535 2645 734 2700 tuisset
777 2644 918 2700 alios
964 2643 1282 2714 prophetas,
1332 2653 1394 2700 ut
1451 2645 1638 2701 nullus
1668 2644 1880 2713 aliquid
1938 2647 2007 2702 de
2041 2660 2109 2700 eo

533 2737 657 2808 ipso
689 2735 900 2793 diceret
931 2736 955 2790 ?
989 2737 1102 2792 Nos
1148 2737 1294 2792 enim
1342 2737 1480 2792 nihil
1512 2737 1821 2792 invenimus
1873 2737 2111 2810 Moysen,

2218 2734 2514 2807 διαστροφὴ
2546 2733 2633 2807 ἦν,
2672 2734 2788 2789 ἀλλ’
2821 2734 3145 2806 ἐπιστροφὴ,
3167 2745 3250 2797 ως
3282 2733 3443 2787 αὐτοί
3475 2750 3628 2802 φασι,
3660 2729 3757 2792 πῶς

536 2827 626 2884 vel
689 2828 857 2884 alium
925 2828 1219 2896 quemdam
1304 2828 1732 2899 prophetarum,
1790 2831 1875 2885 vel
1935 2829 2111 2899 ipsum

2218 2825 2363 2879 οῦτω
2392 2826 2605 2881 διέλαθε
2640 2826 2772 2891 τοὺς
2816 2825 3011 2890 ἄλλους
3058 2827 3376 2898 προφήτας,
3406 2825 3546 2879 ὥστε
3587 2822 3759 2894 μηδένα

536 2919 839 2994 Christum,
893 2919 1143 2976 dicentes
1184 2920 1395 2990 aliquid
1449 2920 1518 2976 de
1567 2921 1902 2986 Mahometo,
1932 2922 2013 2977 vel
2049 2922 2111 2977 de

2219 2920 2394 2972 εἰπεῖν
2432 2934 2482 2971 τι
2524 2919 2652 2989 περὶ
2695 2918 2924 2983 ὲαυτοῦς
2977 2917 3169 2988 Ἡμεῖς
3198 2917 3306 2987 γὰρ
3342 2918 3505 2972 οὐδὲν
3551 2915 3758 2985 εὕρομεν

531 3011 654 3083 lege
703 3012 1006 3068 secundum
1068 3027 1216 3078 eum,
1275 3012 1382 3067 nisi
1437 3013 1658 3082 quando
1707 3012 1863 3079 dixit,
1921 3027 2111 3068 cavere

2220 3012 2254 3076 ἢ
2309 3013 2402 3066 τὸν
2453 3010 2715 3077 Μωῦσῆν,
2778 3012 2811 3082 ἢ
2859 3010 3017 3066 ἄλλον
3060 3010 3184 3063 τινὰ
3244 3009 3359 3063 τῶν
3407 3003 3769 3080 προφητῶνΛμ

536 3114 797 3173 oportere
823 3118 851 3157 a
882 3104 1032 3159 falsis
1060 3104 1365 3174 praphetis.
1391 3103 1735 3160 Dixitautem
1760 3114 1813 3159 et
1839 3104 2111 3171 Christus,

2220 3103 2381 3157 αὑτὸν
2407 3103 2496 3156 τὸν
2544 3103 2803 3173 Χριστὸν,
2837 3104 3093 3164 εἰπόντας
3138 3117 3192 3154 τι
3240 3102 3372 3171 περὶ
3399 3100 3495 3154 τοῦ
3528 3094 3757 3167 Μωάμεθ,

538 3212 714 3265 usque
767 3196 834 3250 ad
877 3196 1144 3252 Joannem
1200 3198 1373 3268 legem
1438 3212 1560 3253 esse
1582 3207 1640 3253 et
1696 3199 2013 3268 prophetas,
2054 3206 2111 3253 ut

2222 3195 2255 3265 ἢ
2296 3196 2426 3264 περὶ
2477 3195 2572 3248 τοῦ
2626 3197 2749 3248 κατ’
2796 3194 2961 3247 αὐτὸν
3007 3194 3208 3264 νόμου·
3239 3193 3288 3245 εί
3347 3192 3426 3263 μὴ
3468 3193 3555 3245 ὅτε
3599 3188 3760 3258 είρηκε

2216 2365 2329 2417 τῶν
2353 2363 2452 2417 καὶ
2477 2361 2815 2432 προφητεύει
2849 2363 2977 2433 περὶ
3021 2361 3117 2416 τοῦ
3152 2363 3338 2429 ἄλλον,
3372 2365 3470 2417 καὶ
3519 2363 3759 2434 μέμνηται

2214 2456 2433 2520 τούτου,
2477 2455 2570 2509 καὶ
2615 2455 2814 2518 πάντες
2864 2456 3282 2526 προεφήτευσαν
3332 2456 3466 2525 περὶ
3518 2454 3608 2508 τοῦ
3650 2454 3760 2522 Χρι-

2219 2549 2369 2605 στοῦ.
2407 2552 2469 2604 El
2505 2550 2687 2606 τοίνυν
2718 2552 2814 2604 καὶ
2837 2552 2864 2605 ὁ
2890 2550 2996 2603 τῶν
3021 2549 3394 2620 Σαρῤακηνῶν
3423 2549 3585 2618 νόμος
3621 2548 3757 2616 νόμος

2216 2638 2287 2714 ἦν
2315 2642 2409 2697 τοῦ
2439 2643 2597 2708 Θεοῦ,
2626 2643 2722 2697 καὶ
2770 2645 2803 2713 ή
2853 2644 2934 2707 είς
2962 2642 3150 2695 τοῦτον
3187 2641 3278 2695 τὸν
3309 2641 3479 2712 νόμον
3513 2642 3690 2711 κλῆσις
3708 2637 3757 2690 οὔ

538 3288 784 3342 mundus
810 3295 1101 3357 cognoscat
1125 3288 1338 3342 nullum
1366 3290 1593 3357 posthac
1619 3290 1941 3360 prophetam
1979 3305 2111 3345 ven-

2218 3287 2483 3357 περὶτοῦ
2529 3288 2641 3341 δεῖν
2712 3285 3080 3354 φυλάττεσθαι
3139 3285 3265 3347 τοὺς
3311 3281 3758 3354 ψευδοπροφήταςο

533 3384 743 3441 turum,
766 3378 865 3448 qui
915 3378 984 3433 de
1030 3379 1217 3446 aliqup
1248 3381 1343 3448 qui
1395 3390 1666 3435 venturus
1715 3383 1809 3446 sit,
1837 3383 1906 3437 sit
1931 3383 2111 3446 vatici-

2221 3379 2425 3450 Εἴρηκε
2474 3379 2532 3432 δὲ
2579 3380 2672 3431 καὶ
2701 3380 2729 3431 ὁ
2757 3376 2991 3448 Χριστὸς
3028 3378 3230 3447 μέχρις
3273 3375 3531 3445 Ἰωάννην
3570 3372 3655 3426 τὸν
3694 3367 3765 3421 νό-

534 3477 789 3532 naturus,
820 3469 887 3524 ad
915 3485 1080 3540 quem
1110 3479 1330 3540 oportet
1360 3485 1553 3527 omnes
1569 3487 1808 3540 sperare.
1836 3460 2111 3528 Mahonteé

2225 3488 2328 3541 μον
2380 3467 2541 3536 εῖναι,
2577 3470 2674 3524 καὶ
2716 3469 2842 3530 τοὺς
2906 3470 3215 3537 προφήτας,
3264 3467 3409 3521 ὥστε
3456 3466 3650 3536 γνῶναι
3688 3457 3760 3511 τδν

532 3570 627 3620 tus
645 3570 828 3616 autem
849 3561 1206 3617 universalcm
1221 3562 1463 3632 seipsum
1478 3563 1616 3617 dixit
1626 3578 1747 3618 esse
1764 3564 2111 3633 prophetam.

2222 3562 2430 3630 κόσμον
2484 3561 2687 3630 μηδένα
2742 3559 2836 3612 τοῦ
2881 3559 3071 3613 λοιποῦ
3116 3560 3409 3630 προφήτην
3458 3553 3762 3611 ἐλεύσεσθαι.

539 3650 652 3706 Nos
681 3659 862 3706 autem
915 3651 1253 3723 ignoramus,
1277 3653 1322 3707 si
1370 3662 1428 3709 et
1456 3654 1721 3724 pronheta
1752 3655 1980 3708 omnino
2006 3661 2111 3710 est.

2223 3654 2351 3726 περί
2375 3672 2519 3717 τινος
2542 3654 2759 3724 ἥξοντος
2794 3652 3230 3720 προφητεύοντα,
3270 3651 3355 3719 ἐφ’
3387 3651 3446 3706 δν
3477 3650 3559 3703 δεῖ
3584 3646 3763 3704 πάντας

2222 3744 2487 3808 ἐλπίζειν.
2531 3743 2591 3797 Ὃ
2633 3743 2689 3796 δὲ
2718 3741 2987 3811 Μωάμεθ,
3024 3741 3313 3795 καθολικὸν
3348 3741 3541 3796 ἑαυτὸν
3589 3738 3762 3805 ἔφησεν

2220 3833 2365 3891 εἶναι
2416 3836 2731 3906 προφήτην.
2762 3833 2956 3902 Ἥμεϊς
2997 3834 3041 3887 δ’
3080 3833 3409 3904 ἀγνοοῦμεν,
3437 3834 3484 3888 εί
3533 3831 3621 3886 καὶ
3652 3842 3763 3895 πρη-

2222 3928 2402 3998 φὴτης
2452 3927 2589 3991 ὅλως
2636 3927 2821 3991 ὲστὶν,
2857 3925 3013 3994 ἴσμεν
3069 3925 3391 3994 μέντοι,ὠς
3448 3919 3762 3977 οὐδεπώποτε

2220 4018 2464 4082 τοιοῦτός
2508 4036 2591 4078 τις
2625 4021 2683 4070 ὲν
2717 4015 2796 4087 τῷ
2839 4017 3030 4087 κόσμῳ
3055 4017 3275 4084 γέγονεν
3304 4016 3523 4078 πλάνος,
3555 4014 3608 4066 ἑν
3641 4008 3761 4062 οὕτω

2223 4110 2417 4181 βραχεῖ
2474 4110 2653 4181 χρόνῳ
2710 4107 3003 4170 τοσούτους
3062 4107 3385 4177 ἀνθρώπους
3437 4107 3531 4161 καὶ
3585 4105 3760 4173 δήμους

2220 4199 2568 4269 κτησάμενος
2618 4198 2869 4260 ὀπαδούς.
2925 4195 3066 4263 Πρὸς
3121 4195 3280 4251 τοῦτο
3327 4197 3373 4250 δ’
3412 4193 3758 4262 ἀποκρίνονται

541 3739 759 3795 Scimus
796 3750 999 3806 tamen,
1024 3742 1170 3812 quod
1224 3757 1506 3812 nunquam
1536 3742 1661 3796 talis
1689 3743 1909 3813 quidam
1953 3744 2120 3799 sedu-

537 3840 663 3887 αοε-
690 3830 797 3886 fuit
842 3830 897 3886 in
950 3831 1157 3887 mundo
1202 3834 1257 3886 in
1307 3833 1388 3887 sic
1419 3834 1573 3888 brevi
1616 3844 1886 3903 tempore,
1908 3836 2004 3903 qui
2035 3843 2120 3889 tot

537 3922 793 3979 homines
843 3932 900 3979 et
946 3924 1179 3994 populos
1211 3936 1479 3992 sequaces
1533 3921 1637 3978 sibi
1665 3923 1876 3978 fecerit.
1903 3925 1982 3979 Ad
2013 3926 2119 3980 hoc

538 4025 723 4070 autem
784 4013 1117 4082 respondent
1171 4013 1452 4077 Saraceni,
1502 4012 1752 4069 dicentes
1795 4014 2012 4086 Moysen
2063 4026 2122 4075 et

533 4105 674 4159 alios
722 4104 1017 4174 prophetas
1057 4104 1379 4159 vaticinato's
1415 4104 1583 4160 fuisse
1632 4104 1700 4160 de
1759 4104 2105 4174 Mahometo;

536 4196 794 4249 Christus
828 4208 1011 4251 autem
1050 4204 1203 4249 tanto
1241 4195 1446 4250 clarius
1476 4195 1543 4250 de
1566 4211 1634 4251 eo
1661 4196 1988 4253 vaticinatus
2009 4209 2114 4265 cst,

546 4297 610 4342 ut
642 4296 698 4341 et
733 4300 936 4341 nomen
974 4286 1095 4355 ejus
1121 4286 1353 4339 diceret.
1386 4285 1542 4341 Unde
1586 4286 1725 4342 dixit
1752 4289 1878 4344 [iliis
1899 4290 2064 4346 Israel
2096 4306 2111 4349 :

2220 4291 2271 4342 oi
2307 4290 2649 4361 Σαῤῥακηνοὶ
2678 4289 2927 4356 λέγοντες
2953 4289 3044 4343 τὸν
3070 4289 3313 4357 Μωῦσῆν
3336 4287 3573 4346 καὶτοὺς
3593 4280 3760 4337 ἄλλους

538 4376 745 4433 Nuntio
793 4378 952 4431 vobis
1003 4376 1315 4445 apostolum
1348 4375 1468 4441 Dei,
1494 4378 1589 4446 qui
1621 4378 1805 4435 veniet
1853 4388 1978 4450 post
2008 4397 2111 4447 me,

2224 4381 2513 4451 προφήτας
2560 4377 2942 4449 προφητεῦσαι
2999 4381 3134 4449 περὶ
3184 4379 3285 4437 τοῦ
3319 4376 3642 4447 Μαχούμετ·
3683 4367 3758 4421 τὸν

532 4478 593 4523 et
617 4484 815 4524 nomen
840 4469 959 4539 ejus
988 4466 1354 4523 Mahometus.
1414 4468 1520 4524 Sed
1546 4469 1719 4525 Judaei
1746 4483 2111 4543 corruperunt

2219 4471 2273 4523 δὲ
2305 4470 2541 4538 Χριστὸν
2569 4471 2813 4538 τοσούτῳ
2867 4468 3257 4538 καθαρώτερον
3293 4467 3423 4537 περὶ
3455 4461 3613 4518 αὐτοῦ
3650 4471 3760 4527 προ·

537 4558 708 4630 Moysi
756 4557 934 4627 legem
976 4566 1033 4612 et
1065 4556 1381 4626 prophetas,
1405 4555 1702 4613 Christiani
1732 4573 1914 4615 autem
1940 4561 2111 4616 Evan-

2218 4560 2508 4631 φητεῦσαι,
2539 4559 2683 4613 ὥστε
2716 4562 2811 4613 καὶ
2858 4560 2917 4613 τὸ
2953 4559 3125 4628 ὄνομα
3169 4558 3360 4612 τούτου
3396 4558 3588 4611 εἰπεῖν.
3621 4547 3758 4603 Ὅθεν

531 4650 760 4723 gelium,
784 4660 845 4703 ut
904 4648 1043 4702 nihil
1072 4647 1321 4703 veritatis
1352 4649 1408 4702 in
1456 4649 1574 4718 lege
1600 4658 1655 4704 et
1683 4649 1993 4720 Evangeliis
2033 4667 2111 4707 re«

2218 4652 2502 4723 εἰρηκέναι
2564 4654 2678 4714 τοῖς
2712 4653 2848 4713 υίοῖς
2894 4650 3132 4721 Ἰσραὴλ,
3171 4649 3603 4717 Εὑαγγελίζομαι
3652 4639 3759 4708 ὑμῖν

533 4719 801 4804 maneret,
840 4740 947 4794 nisi
978 4748 1241 4808 quantum
1284 4749 1370 4794 est
1399 4742 1453 4793 in
1488 4741 1778 4796 Alcorano.
1820 4719 2111 4799 Ostendam

2218 4719 2648 4795 τὸν-ἀπόστολον
2688 4740 2783 4794 τοῦ
2816 4719 2985 4803 Θεοῦ,
3010 4719 3077 4801 ὃς
3119 4740 3242 4811 ἡξει
3281 4739 3402 4808 μετ’
3447 4736 3565 4808 ἐμὲ,
3601 4724 3758 4786 καὶτὸ

534 4838 723 4885 autem
780 4830 885 4885 hoc
935 4844 1058 4884 esse
1093 4829 1512 4897 inconveniens,
1543 4841 1600 4886 et
1628 4833 1867 4901 primum
1902 4849 2002 4902 per
2026 4834 2111 4888 Al-

2218 4834 2386 4903 δνομα
2412 4832 2577 4886 αὑτοῦ
2617 4831 2940 4904 Μαχούμετ.
2983 4831 3145 4885 Ἀλλά
3190 4832 3317 4893 τοὺς
3362 4827 3638 4885 Ἰουδαίους
3662 4821 3757 4872 δια·

533 4934 822 4974 coranum.
863 4920 1072 4973 Dicitur
1122 4920 1270 4974 enim
1321 4923 1376 4975 in
1417 4923 1654 4992 capitulo
1703 4923 1772 4978 de
1817 4923 1955 4978 Jona
1985 4924 2111 4995 (2);:

2221 4927 2442 4995 φθεῖραι
2477 4925 2567 4977 τὸν
2596 4924 2689 4977 τοῦ
2722 4925 2965 4988 Μωσέως
2994 4923 3157 4992 νόμον
3185 4922 3282 4976 καὶ
3306 4922 3435 4984 τοὺς
3477 4915 3753 4988 προφήτας,

534 5011 592 5065 Si
645 5012 714 5065 de
759 5011 964 5080 quibus
993 5012 1149 5067 vobis
1189 5013 1550 5070 rev-elavimus
1573 5015 1856 5082 dubitatis,
1886 5016 2111 5085 quaerite

2220 5017 2344 5077 τοὺς
2388 5015 2446 5068 δὲ
2504 5016 2864 5085 Χριστιανοὺς
2909 5017 2969 5069 τὸ
3023 5013 3372 5085 Εὐαγγέλιον,
3424 5012 3561 5064 ὥστε
3612 4999 3754 5074 μηδὲν

533 5101 604 5157 ab
653 5101 762 5163 his,
794 5104 886 5170 qui
926 5103 1080 5170 prius
1105 5119 1267 5172 quam
1323 5121 1420 5161 vos
1461 5107 1662 5161 librum
1712 5108 1983 5178 legerunt.
2007 5108 2109 5175 Qui

2219 5107 2320 5175 τῆς
2351 5106 2411 5159 ὲν
2439 5105 2517 5177 τῷ
2561 5106 2730 5175 νόμῳ,
2763 5108 2858 5159 καὶ
2889 5107 2988 5176 τῆς
3015 5109 3073 5158 ἐν
3112 5109 3224 5168 τοῖς
3271 5100 3619 5170 Εὐαγγελίοις
3645 5095 3754 5185 ἀλης

533 5201 716 5247 autem
749 5203 876 5247 ante
904 5193 1207 5251 Saracenos
1254 5196 1455 5251 librum
1507 5198 1781 5268 legerunt,
1808 5199 2111 5254 Christiani

2219 5197 2369 5260 θείας
2443 5199 2835 5266 ὲναπομεῖναι,
2894 5197 3022 5251 ἄνευ
3076 5197 3185 5249 τῶν
3245 5193 3624 5266 ἐμφερομένων
3690 5194 3752 5244 τῳ

535 5294 666 5338 sunt
698 5293 755 5340 et
806 5284 1002 5349 Judaei,
1052 5287 1147 5354 qui
1197 5290 1632 5344 Pentateucbum
1674 5300 2037 5358 susceperunt
2068 5303 2111 5346 el

2226 5289 2555 5360 Ἀλκοράνῳ.
2586 5288 2755 5352 Δείξω
2784 5288 2840 5341 δὲ
2888 5288 3045 5343 τοῦτο
3085 5289 3392 5343 ἀσύστατον
3417 5285 3495 5351 ὃν,
3519 5280 3606 5335 καὶ
3627 5270 3751 5360 πρῶς

541 5371 895 5444 Evangelium
934 5385 993 5432 ut
1033 5378 1150 5446 ipse
1203 5378 1543 5434 Mahometus
1584 5355 1911 5448 exponitis
1953 5380 2111 5449 igitur

2218 5397 2302 5433 τον
2333 5355 2421 5433 bri
2469 5355 2563 5433 τοῦ
2609 5380 2963 5449 Ἀλκοράνου.
2993 5380 3223 5448 Λέγεται
3277 5380 3384 5449 γὰρ
3426 5378 3483 5429 ὲν
3530 5370 3601 5438 τῷ
3643 5355 3749 5426 περι

534 5465 668 5520 dicit
693 5458 1008 5535 Saracenis,
1036 5487 1283 5539 quaerere
1311 5488 1340 5524 a
1363 5472 1695 5527 Christianis
1724 5480 1780 5526 et
1818 5469 2020 5528 ludatis
2048 5472 2111 5527 de

2218 5469 2304 5524 τοῦ
2334 5472 2486 5524 Ἰωνᾶ
2514 5471 2817 5540 κεφαλαίῳ,
2846 5472 2908 5523 Εἰ
2940 5472 3069 5541 περὶ
3097 5468 3171 5523 ὧν
3199 5470 3330 5538 ὑμῖν
3352 5457 3747 5550 ἀπεκαλύψ-αμξν

533 5557 700 5613 rubus
752 5560 1045 5630 ambiguis.
1097 5562 1386 5628 Quomodo
1443 5575 1628 5618 autem
1677 5577 1868 5618 rursus
1901 5563 2111 5618 remisit

2220 5564 2622 5634 ἀμφιϐάλλετε,
2658 5563 2933 5632 ζητήσατε
2983 5562 3133 5634 παρὰ
3179 5561 3288 5615 τῶν
3324 5560 3575 5632 πρότερον
3617 5548 3745 5611 ὑμῶν

607 5695 628 5726 ⁹
665 5695 854 5755 Matth.
889 5715 964 5768 ιι,
997 5702 1083 5757 15.

606 5812 683 5883 (1)
715 5814 790 5871 Ita
815 5829 1009 5876 vocant
1035 5819 1279 5888 Goliath,
1307 5834 1471 5893 quem
1510 5808 1936 5877 David‘oceidit.
2300 5818 2376 5891 (9.)
2410 5819 2466 5876 ln
2498 5818 2690 5873 Latina
2720 5816 3095 5884 translatione,
3137 5831 3254 5903 cap.
3288 5815 3376 5871 20.
