4068 6482
387 476 524 537 1053

1602 486 1897 546 CONTRA
1942 486 2446 548 MAHOMETEM.

3484 469 3627 549 1055

373 594 434 645 τὺ
473 591 678 662 βιϐλίον
723 597 1134 668 ἀνεγνωκότων.
1162 603 1229 656 οι
1263 602 1317 656 δὲ
1370 602 1477 672 πρὸ
1521 603 1630 656 τῶν
1658 605 1942 674 Σαρῥακη-

2054 605 2156 660 hos
2183 605 2521 660 Malmmetus
2563 603 2627 659 ad
2677 603 2808 658 falsa
2843 602 3173 668 testimonia,
3231 600 3501 671 siquidem
3531 617 3626 658 ve-

374 687 484 740 νῶν
541 689 918 755 ἀνεγνωκότες
969 695 1068 762 τήν
1119 693 1320 762 βίόλον·
1353 696 1402 749 οί
1436 695 1755 767 Χριστιανοί
1808 698 1938 759 aiat,

377 779 471 832 καὶ
504 781 553 832 ol
595 780 859 848 Ἰουδαῖοι,
885 783 936 835 οἱ
976 784 1075 852 τὴν
1120 785 1491 854 Πεντάτευχον
1533 785 1814 855 δεξάμενοι
1849 784 1944 838 καὶ

375 871 437 924 τὸ
488 868 937 939 Εὑαγγέλιον,ὡς
985 868 1146 937 αὐτὸς
1199 875 1469 945 ἐξηγεῖται
1520 877 1548 927 6
1598 876 1898 943 Μιχοῦμετ
1926 910 1941 932 .

377 961 549 1024 Αἰτὺς
578 963 687 1031 ἄρα
729 964 863 1031 φησὶ
894 966 1007 1026 τοῖς
1038 966 1408 1036 Σαρρακηνοῖς
1439 966 1621 1035 ζητεῖν
1659 965 1809 1034 παρὰ
1838 966 1945 1018 τῶν

378 1052 723 1122 Χριστιανῶν
770 1052 864 1117 καὶ
901 1056 1010 1106 τῶν
1057 1056 1325 1108 Ἰουδαίων
1381 1057 1508 1124 περὶ
1544 1054 1653 1107 τῶν
1704 1054 1945 1125 ἀμφιϐό-

377 1140 502 1193 λων.
541 1140 666 1203 Πῶς
708 1140 756 1194 δ’
803 1141 871 1195 ἂν
899 1142 1181 1212 ἀνέπεμψε
1210 1143 1435 1206 τούτους
1464 1146 1492 1196 6
1522 1145 1822 1212 Μαχούμετ
1852 1145 1946 1197 ἐπὶ

374 1232 591 1300 ψευδεῖς
626 1233 954 1302 μαρτυρίας,
991 1234 1147 1297 εἰπερ
1180 1233 1387 1303 ἀληθής
1432 1229 1500 1304 ἦν
1538 1235 1846 1304 προφήτης,
1871 1234 1946 1296 ὡς

376 1326 666 1391 λέγουσιν;
698 1325 817 1377 Οὐκ
860 1325 974 1394 ἄρα
1022 1326 1165 1381 κατά
1207 1326 1298 1378 τὸν
1344 1326 1532 1395 καιρδν
1557 1325 1655 1379 τοῦ
1701 1326 1945 1395 Μωάμεθ

375 1416 445 1469 τὰ
470 1415 576 1470 τῶν
617 1416 961 1485 Χριστιανῶν
1002 1417 1095 1469 καὶ
1140 1415 1410 1469 Ἰουδαίων
1461 1400 1641 1485 βιϐλία
1693 1417 1949 1486 διεφθαρ-

380 1508 519 1578 μένα
544 1506 814 1578 ὑπῆρχον.
859 1507 999 1560 Ἀλλ’
1030 1507 1152 1560 οὐδὲ
1196 1507 1354 1561 τοῦτο
1379 1508 1603 1561 δυνατὸν
1631 1508 1837 1578 λέγειν,
1870 1508 1948 1573 ὡς

379 1599 519 1670 μετά
543 1597 718 1651 ταῦτα
746 1599 1051 1652 πεπόνθασι
1077 1599 1175 1669 τήν
1208 1600 1435 1671 φθοράν.
1468 1600 1700 1668 Λέγεται
1742 1601 1852 1670 γάρ
1886 1603 1946 1653 ὲν

375 1691 454 1759 τῷ
492 1689 729 1762 Ἐλαγάρ
757 1691 1056 1760 κεφαλαίῳ,
1083 1690 1111 1744 ὃ
1133 1691 1280 1761 δηλοῖ
1309 1694 1499 1758 λίθος,
1545 1693 1732 1762 Ἡμεῖς
1763 1696 1949 1765 (φησιν

379 1782 444 1834 ὲκ
483 1779 778 1848 προσώπου
836 1784 932 1836 τοῦ
979 1779 1139 1841 Θεοῦ)
1174 1784 1275 1844 τὰς
1323 1781 1660 1851 ὑπομνήσεις
1689 1785 1781 1838 τοῦ
1810 1785 1946 1839 Θεοῦ

380 1868 764 1943 πεποιήκαμεν
792 1867 1119 1937 καταϐῆναι,
1154 1869 1247 1923 καὶ
1268 1871 1433 1938 ἡμεῖς
1457 1871 1525 1923 τὰ
1549 1870 1687 1924 αὐτὰ
1718 1871 1948 1941 φυλάξο-

382 1975 504 2028 μεν.
549 1958 919 2030 ’Υπομνήσεις
948 1959 1005 2012 δὲ
1034 1958 1287 2028 λέγονται
1313 1959 1443 2026 παρ’
1475 1961 1658 2023 αὐτοῖς
1684 1961 1744 2014 τὸ
1770 1961 1945 2029 Εὐαγ-

380 2052 583 2121 γὲλιον,
609 2052 705 2105 καὶ
747 2053 775 2106 6
812 2052 904 2106 τοῦ
945 2054 1189 2119 Μωσέως
1212 2058 1395 2125 νόμος.
1437 2056 1500 2113 Ὀ
1525 2057 1655 2120 Θεὸς
1693 2059 1801 2125 ἄρα
1849 2059 1949 2128 τήν

384 2143 688 2213 μαρτυρίαν
734 2144 833 2213 τῆς
873 2144 1070 2198 ἑαυτοῦ
1101 2147 1327 2215 Γραφῆς
1376 2149 1680 2218 τετήρηκεν
1735 2150 1794 2201 ὲν
1837 2150 1948 2212 τοῖς

379 2232 595 2292 στω-οἶς
644 2231 741 2285 καὶ
802 2231 909 2302 πρὸ
966 2233 1060 2287 τοῦ
1112 2235 1387 2302 Μωάμεθ,
1435 2236 1531 2290 καὶ
1583 2237 1722 2307 μετά
1774 2238 1948 2292 ταῦτα

379 2320 626 2388 τηρήσει.
665 2321 787 2375 Ἔτι
830 2323 888 2376 ὲν
932 2323 1012 2393 τῷ
1044 2327 1331 2395 κεφαλαίῳ
1352 2327 1431 2397 τῷ
1476 2327 1815 2396 Ἐλμαῖδᾶ.ὂ
1852 2347 1951 2401 ση-

384 2410 563 2479 μαίνει
627 2411 899 2479 τράπεζα,
955 2415 1178 2483 λέγεται
1208 2418 1291 2469 ὅτι
1320 2419 1348 2470 6
1378 2418 1572 2487 κριτὴς
1608 2418 1948 2487 Ἐμπαζοενὲ

382 2495 501 2553 εἶπε
526 2501 605 2570 τῷ
630 2502 958 2574 Μαχούμετ,
988 2506 1078 2558 ὅτε
1108 2508 1157 2559 οί
1197 2508 1442 2561 Ἰουδαῖοι
1465 2508 1814 2581 δικαιοσύνην
1854 2514 1951 2567 καλ⁴

381 2590 562 2659 κρίσιν
591 2591 821 2661 ἐζήτουν
855 2594 986 2664 παρ’
1027 2594 1228 2649 αὑτοῦ⁸
1273 2597 1400 2650 Ἐὰν
1452 2598 1647 2653 ἔλθωσι
1689 2601 1825 2671 πρὸς
1864 2601 1948 2665 σὲ,

381 2683 566 2751 κρῖνον
598 2683 804 2752 μεταξὺ
856 2684 1036 2738 αὐτῶν
1065 2686 1322 2751 δικαίως’
1350 2690 1379 2741 6
1425 2690 1534 2760 γὰρ
1591 2691 1724 2756 Θεὸς
1761 2693 1956 2766 ἀγαπᾷ

379 2774 508 2836 τοὺς
556 2772 845 2834 ποιοῦντας
882 2776 1255 2851 δικαιοσύνην.
1287 2778 1396 2831 Καὶ
1420 2777 1540 2843 πῶς
1568 2773 1715 2834 οὗτοι
1748 2781 1953 2835 δικαιοο

381 2860 551 2931 σύνην
595 2862 823 2932 ζητοῦσι
868 2865 1023 2936 παρὰ
1063 2866 1184 2929 σοῦ,
1217 2867 1350 2938 παρ’
1407 2870 1592 2933 αὐτοῖς
1641 2869 1805 2940 οὔσης
1853 2872 1952 2940 τῆς

380 2953 618 3042 παλαιᾶς
671 2956 973 3027 Διαθήκης,
1032 2958 1092 3013 ὲν
1147 2952 1180 3033 ᾖ
1234 2963 1351 3014 ἐστι
1401 2959 1715 3031 δικαιοσύνη
1772 2962 1947 3029 Θεοῦς

386 3045 508 3098 Ἔτι
536 3046 919 3117 τήν,τοιαύτην
952 3048 1161 3119 φθορὰν
1202 3051 1297 3104 καὶ
1337 3053 1643 3121 μεταϐολὴν
1670 3054 1777 3105 τῶν
1806 3055 1950 3125 Γρα-

383 3134 501 3202 φῶν
529 3136 792 3192 ἀδύνατον
819 3138 1114 3209 καθολικὴν
1147 3136 1288 3193 εἶναι
1338 3144 1432 3196 καὶ
1464 3143 1769 3212 δημοσίαν*
1805 3144 1949 3200 οὕτω
1993 3157 2002 3165 ’

381 3225 492 3321 γὰρ
521 3227 811 3321 ἀνγῇδεσαν
837 3231 1021 3321 καὶτὰ
1045 3231 1180 3321 ἄλλα
1203 3231 1352 3302 ἔθνη.
1400 3233 1542 3285 Ἀλλ’
1571 3234 1690 3288 οὐδὲ
1741 3237 1944 3306 μερικὴ
1972 3259 2017 3321 c

383 3319 480 3372 καὶ
523 3318 792 3390 λαθραία·
826 3319 970 3375 οὕτω
1022 3320 1130 3389 γὰρ
1178 3321 1245 3375 ἂν
1295 3322 1647 3376 κατελίποντο
1693 3326 1814 3377 τινὰ
1844 3326 1950 3377 τῶν

374 3410 606 3480 βιϐλίων
660 3412 896 3482 ἀκέραια
950 3414 1045 3466 καὶ
1081 3412 1207 3482 δίχα
1261 3412 1489 3482 φθορᾶς.
1538 3414 1680 3467 Ἀλλ’
1731 3418 1789 3468 ὲν
1847 3417 1953 3469 πά-

382 3517 456 3575 σῃ
507 3502 727 3574 γλώσσῃ
785 3504 881 3556 καὶ
939 3504 1200 3575 ἐπαρχίᾳ,
1232 3507 1258 3557 6
1296 3504 1465 3574 νόμος
1516 3507 1613 3558 καὶ
1660 3506 1723 3559 τὸ
1772 3506 1953 3574 Εὐαγ-

384 3593 563 3660 γὲλιον
645 3591 849 3662 ὁμοίως
934 3594 1279 3665 εὑρίσκονται
1359 3597 1745 3666 γεγραμμένα.
1833 3599 1953 3652 Ἔτι

380 3684 451 3738 τὰ
477 3683 714 3753 τέσσαρα
742 3683 1053 3752 Εὖαγγὲλια
1091 3683 1214 3737 οὔτε
1245 3686 1388 3738 κατὰ
1418 3687 1509 3738 τὸν
1538 3688 1702 3740 αὐτὴν
1726 3691 1944 3758 καιρδν,

383 3770 496 3826 οὔτ’
541 3773 599 3824 ἐν
625 3771 704 3841 τῷ
758 3771 907 3841 αὐτῷ
942 3773 1113 3844 τόπῳ,
1147 3774 1262 3827 οὔτ’
1296 3777 1354 3829 ἐν
1398 3776 1475 3845 τῷ
1522 3777 1672 3846 αὐτῴ
1705 3778 1953 3847 ἰδιώματι

385 3862 710 3933 ὲξετέθησαν
730 3879 748 3897 ο
782 3863 898 3917 ἀλλ’
929 3864 1052 3917 οὐδὲ
1076 3866 1190 3919 ὑπὸ
1231 3866 1326 3919 τοῦ
1354 3868 1523 3921 αὑτοῦ
1565 3871 1951 3939 συγγραφέως,

385 3953 500 4008 ἀλλ’
536 3955 566 4007 6
602 3955 701 4024 μὲν
726 3956 1004 4021 Ματθαίος
1041 3958 1316 4029 ὲϐραῖκῶς
1349 3962 1408 4013 ἐν
1454 3963 1520 4032 τῇ
1567 3960 1828 4035 Ἰουδαίᾳ.
1863 3964 1954 4019 ἑλ-

385 4047 618 4118 ληνικῶς
654 4046 709 4099 δὲ
743 4048 772 4099 6
814 4049 1067 4119 Ἰωάννης
1115 4052 1174 4104 ὲν
1202 4054 1268 4119 τῇ
1314 4052 1488 4124 Ἀσίᾳ,
1518 4056 1719 4122 ὁμοίως
1757 4055 1814 4107 δὲ
1858 4056 1955 4107 καὶ

380 4140 415 4192 6
441 4140 659 4201 Λουκᾶς
689 4139 749 4191 ὲν
792 4143 859 4210 τῇ
888 4139 1103 4209 Ἀχαΐα,
1137 4143 1165 4193 6
1207 4142 1264 4194 δὲ
1305 4143 1530 4213 Μάρκος
1562 4144 1851 4207 λατινικῶς
1895 4149 1955 4199 ὲν

336 4290 343 4297 ,
378 4233 453 4301 τῇ
491 4230 707 4302 Ἰταλίᾳ.
747 4231 886 4285 Ἦιδὲ
916 4230 1121 4285 τούτων
1162 4236 1243 4295 είς
1271 4234 1334 4286 τὸ
1361 4236 1649 4288 Λατινικὸν
1682 4237 1955 4307 ἑρμηνεία

388 4324 575 4390 γέγονε
606 4322 692 4375 διὰ
734 4321 827 4374 τοῦ
863 4321 1190 4392 Ἱερωνύμου
1228 4324 1322 4376 καὶ
1351 4324 1460 4377 τῶν
1492 4325 1668 4379 ἀλλων
1706 4328 1809 4397 πρὸ
1842 4330 1954 4380 τῶν

382 4409 593 4480 χρόνων
618 4409 712 4463 τοῦ
744 4410 1004 4479 Μωάμεθ,
1037 4414 1130 4464 καὶ
1164 4417 1513 4482 μεμενήκασι
1543 4418 1609 4470 τὰ
1640 4418 1954 4489 ἀντίγραφα

371 4503 444 4554 ’ἐν
472 4502 678 4564 πάσαις
706 4505 824 4562 ταῖς
851 4501 1175 4565 διαλέκτοις.
1206 4505 1321 4555 Οὐκ
1355 4505 1465 4573 ἄρα
1507 4505 1733 4559 δυνατὸν
1761 4504 1828 4578 ἦν
1867 4507 1954 4559 διά

2046 712 2143 750 rus
2187 697 2290 750 fuit
2338 697 2626 766 propheta,
2665 705 2724 748 ut
2775 694 3007 766 dicupt?
3036 693 3156 748 Non
3186 692 3353 762 igitur
3377 700 3624 761 tempore

2046 785 2342 840 Mahometi
2371 785 2812 840 Christianorum
2859 794 2914 838 et
2936 783 3250 839 Iudaeorum
3280 782 3404 836 libri
3433 798 3628 837 corru-

2047 880 2123 949 pti
2151 889 2326 933 erant.
2378 879 2485 933 Sed
2550 893 2727 947 neque
2793 877 3053 945 possibile
3115 885 3199 930 est
3253 876 3358 930 hoc
3414 875 3620 942 dicere,

2043 970 2192 1040 quod
2250 971 2522 1038 posthaec
2569 971 2710 1038 passi
2767 979 2897 1023 sunt
2941 967 3379 1036 corruptionem.
3411 967 3625 1021 Dicitur

2045 1060 2194 1137 enim
2254 1061 2305 1113 in
2359 1059 2597 1128 capitulo
2647 1059 2864 1128 Elagar,
2913 1056 3061 1127 quod
3112 1057 3383 1127 significat
3430 1057 3574 1124 lapis
3605 1071 3627 1110 :

2046 1150 2160 1204 Nos
2192 1150 2352 1221 (dicit
2388 1166 2451 1205 ex
2478 1164 2713 1219 persona
2752 1150 2868 1218 Dei)
2894 1149 3229 1202 monitiones
3268 1139 3366 1202 Dei
3395 1147 3627 1203 fecimus

2047 1239 2399 1305 descendere,
2451 1249 2507 1293 et
2559 1253 2659 1293 nos
2708 1238 2931 1293 easdem
2984 1237 3347 1291 servabimus.
3375 1236 3622 1290 Monitim

2047 1341 2146 1380 nes
2172 1336 2355 1380 autem
2402 1316 2666 1380 dicuntur
2718 1324 2862 1393 apud
2908 1339 3025 1390 eos,
3076 1323 3428 1393 Evangelium
3456 1335 3513 1377 et
3539 1322 3623 1375 lex

2048 1416 2432 1487 MoysitDcus
2500 1415 2669 1485 igitur
2742 1416 3116 1469 testimonium
3178 1411 3474 1482 Scriptura:
3538 1412 3623 1466 sui

2048 1507 2224 1576 ipsius
2274 1506 2517 1563 servavit
2566 1507 2714 1560 inter
2748 1505 2958 1569 ﬁdeles,
2983 1514 3038 1559 et
3082 1517 3206 1560 ante
3235 1504 3623 1566 Maliometum,

2047 1608 2101 1651 et
2128 1599 2369 1666 posthaec
2431 1597 2694 1652 servabit.
2722 1597 2856 1651 Item
2903 1596 3228 1666 in‘capitulo
3257 1595 3500 1649 Elmaida
3525 1593 3624 1662 (1),

2048 1687 2196 1755 quod
2227 1687 2499 1758 signiﬁcat
2548 1704 2808 1749 σπουδαίη,
2854 1686 3080 1752 dicitur,
3125 1686 3272 1755 quod
3311 1687 3481 1756 jndex
3506 1684 3631 1738 Em-

2047 1792 2287 1846 pazoene
2337 1777 2476 1832 dixit
2525 1777 2852 1841 Mahometo,
2882 1775 3103 1848 quando
3153 1776 3324 1832 Judaei
3355 1774 3626 1844 justitiam

2049 1866 2404 1936 eti-ndicium
2435 1867 2504 1921 ab
2530 1882 2597 1921 eo
2647 1869 2967 1937 quaerebant
3001 1884 3015 1919 :
3053 1864 3112 1921 Si
3160 1866 3386 1919 venient
3431 1864 3500 1918 ad
3552 1872 3629 1928 te,

2043 1957 2228 2027 iudica
2273 1957 2417 2012 inter
2440 1972 2537 2012 eos
2597 1959 2760 2027 iuste,
2815 1959 2961 2012 Deus
2990 1957 3137 2012 enim
3193 1964 3340 2010 amat
3387 1970 3486 2009 eos
3533 1954 3626 2023 qui

2049 2049 2259 2104 faciunt
2306 2049 2598 2120 justitiam.
2643 2049 2711 2103 Et
2757 2047 3032 2118 quomodo
3081 2046 3138 2100 hi
3192 2054 3447 2114 quaerunt
3472 2045 3633 2114 justi-

2050 2141 2179 2197 tiam
2216 2156 2249 2196 a
2304 2151 2378 2206 te,
2411 2157 2535 2196 cum
2570 2141 2717 2211 apud
2752 2155 2847 2195 eos
2880 2140 2954 2194 sit
2990 2139 3157 2195 Vetus
3188 2135 3629 2199 Tealamentum,

2050 2231 2110 2286 in
2171 2246 2284 2301 quo
2313 2241 2397 2286 est
2419 2233 2630 2302 iustitia
2658 2231 2792 2286 Dei?
2820 2231 2954 2286 item
3012 2230 3175 2285 talem
3221 2229 3630 2298 corruptionem

2049 2333 2105 2377 et
2132 2323 2492 2377 mutationem
2545 2323 2951 2392 Scripturarum
3005 2320 3348 2390 impossibile
3391 2328 3475 2372 est
3503 2320 3632 2372 uni-

2047 2412 2318 2467 versalem
2338 2427 2459 2467 esse
2479 2422 2531 2468 et
2548 2412 2844 2482 publicam.
2867 2412 2961 2467 Sic
2973 2411 3118 2466 enim
3149 2411 3292 2465 st-ire
3320 2409 3634 2478 potuissent

2049 2508 2107 2556 et
2122 2502 2240 2556 alia:
2264 2512 2471 2571 gentes.
2501 2483 2625 2558 Sed.
2670 2518 2850 2573 neque
2904 2501 3253 2572 particularis
3285 2509 3342 2556 et
3397 2500 3632 2555 occulta.

2053 2591 2151 2646 Sic
2176 2593 2322 2646 enim
2351 2594 2526 2648 relicti
2557 2609 2679 2648 esse
2710 2594 3021 2664 potuissent
3070 2593 3292 2661 quidam
3329 2592 3455 2644 libri
3496 2590 3637 2643 inte-

2051 2685 2134 2754 gri
2180 2696 2236 2739 et
2283 2686 2490 2754 absque
2540 2685 2922 2754 corruptione,
2958 2684 3054 2739 sed
3090 2684 3145 2737 in
3174 2683 3324 2737 omni
3362 2682 3546 2750 lingua
3577 2693 3637 2735 et
3670 2710 3675 2713 -

2054 2774 2342 2844 provincia
2395 2775 2482 2829 lex
2529 2785 2587 2830 et
2621 2775 2974 2845 Evangelium
3027 2775 3284 2830 similiter
3314 2773 3515 2842 scripta
3544 2773 3637 2826 ia-

2051 2865 2374 2920 veniuntur.
2418 2866 2555 2920 Item
2604 2876 2847 2937 quatuor
2882 2866 3197 2936 Evangelia,
3226 2878 3408 2933 neque
3436 2863 3634 2917 eodem

2053 2962 2327 3022 tempore,
2359 2969 2541 3025 neque
2592 2956 2648 3009 in
2701 2955 2896 3009 eodem
2939 2955 3082 3019 loco,
3115 2968 3295 3022 neque
3338 2952 3394 3005 in
3436 2953 3634 3006 eodem

2050 3046 2314 3102 idiomate
2370 3047 2515 3101 edita
2571 3056 2719 3108 sunt.
2766 3058 2824 3101 et
2898 3046 2968 3100 ab
3029 3045 3220 3101 eodem
3248 3041 3635 3109 auctore,'sed

2052 3139 2337 3194 Matthaeus
2391 3138 2610 3208 quidem
2670 3138 2938 3193 llebraice
3009 3138 3064 3192 in
3114 3137 3344 3201 Iudaea,
3395 3136 3636 3192 Joannes

2052 3240 2243 3284 autem
2293 3229 2476 3285 Graiae
2530 3231 2583 3286 in
2630 3231 2777 3296 Asia,
2822 3230 3075 3285 similiter
3113 3238 3299 3284 autem
3357 3227 3534 3282 Lucas
3568 3226 3630 3279 in

2052 3326 2277 3389 Achaia,
2302 3326 2513 3380 Marcus
2539 3340 2672 3379 vero
2700 3322 2890 3377 Latine
2925 3323 2983 3376 in
3015 3321 3168 3376 ltalia
3197 3319 3486 3389 scripsere.
3520 3316 3635 3372 Ho-

2052 3432 2177 3470 rum
2207 3426 2391 3471 autem
2432 3416 2485 3469 in
2514 3416 2767 3471 Latinum
2818 3412 3196 3482 interpretatio
3248 3411 3390 3466 facta
3418 3417 3505 3465 est
3537 3424 3641 3478 per

2052 3506 2456 3579 THieronymum
2494 3515 2550 3562 et
2610 3508 2751 3560 alios
2797 3516 2924 3560 ante
2950 3513 3198 3572 tempora
3230 3500 3548 3566 Mahometi,
3581 3507 3640 3553 et

2050 3608 2441 3654 remanserunt
2497 3599 2829 3670 exemplaria
2874 3599 2933 3651 in
2983 3597 3241 3651 omnibus
3269 3595 3491 3672 linguis.
3514 3594 3635 3649 Non

2055 3693 2226 3761 igitur
2260 3692 2523 3762 possibile
2563 3701 2664 3754 est.
2696 3706 2800 3762 per
2830 3691 3092 3759 quasdam
3142 3689 3527 3757 corruptiones
3555 3687 3638 3742 sic

2050 3783 2279 3838 inutiles
2326 3783 2498 3838 libros
2556 3782 2750 3846 fuisse,
2798 3789 2859 3834 ut
2888 3781 3299 3850 ignorarentur.
3335 3765 3468 3832 Item
3499 3777 3637 3831 nihil

2048 3882 2139 3929 est
2172 3876 2225 3928 in
2286 3874 2391 3928 fide
2441 3874 2522 3927 sic
2567 3872 2936 3926 necessarium
2981 3878 3038 3925 et
3090 3872 3329 3924 maxime
3381 3868 3636 3928 arduum,

2054 3966 2199 4020 sicut
2254 3963 2554 4018 incarnatio
2570 3962 2734 4017 Verbi
2757 3961 2850 4027 ,id
2881 3968 2984 4023 est,
3020 3960 3295 4014 hominem
3329 3958 3480 4012 illum
3507 3971 3642 4011 esse

2054 4054 2247 4109 Deum.
2279 4054 2353 4106 De
2392 4052 2496 4105 hoc
2553 4050 2933 4105 diiiicillimum
2985 4048 3089 4103 fuit
3114 4047 3381 4102 mundum
3411 4060 3638 4115 persua-

2055 4146 2212 4199 sisse.
2267 4143 2447 4209 Quare
2491 4152 2548 4197 et
2605 4140 2834 4196 Romani
2895 4149 2951 4194 et
2988 4139 3081 4194 alii
3116 4137 3269 4208 impii
3294 4138 3349 4191 in
3377 4137 3641 4192 trecentis

2012 4232 2318 4307 .-continue
2378 4231 2537 4285 annis
2569 4271 2584 4296 ,
2639 4238 2696 4284 et
2748 4229 3138 4283 universaliter
3187 4226 3459 4297 persecuti
3509 4219 3643 4279 sunt

2046 4323 2415 4387 Christianos,
2450 4331 2501 4375 et
2532 4331 2929 4376 recusaverunt
2965 4320 3246 4388 suscipere
3278 4318 3637 4389 Evangel'um

2056 4420 2110 4466 et
2139 4411 2321 4476 ﬁdem,
2368 4420 2658 4481 propterea
2691 4410 2836 4480 quod
2884 4410 3139 4464 dicebant
3171 4411 3450 4464 hominem
3478 4409 3633 4462 illum

2057 4518 2178 4561 esse
2212 4504 2405 4558 Deum.
2445 4503 2565 4557 Non
2599 4502 2746 4572 quod
2782 4501 2965 4556 nullos
2993 4503 3105 4572 jam
3140 4501 3291 4570 prius
3316 4509 3375 4555 et
3405 4500 3553 4554 viros
3580 4507 3641 4552 et

378 4609 546 4646 τινων
569 4593 813 4663 φθορέων
834 4593 1005 4656 οὕτως
1025 4595 1395 4664 ἀχρειωθῆναι
1424 4596 1522 4658 τὰς
1549 4596 1790 4666 βίϐλους,
1812 4598 1951 4652 ὥστε

2058 4596 2316 4651 mulieres
2361 4595 2497 4649 deos
2528 4603 2587 4648 et
2620 4593 2751 4648 deas
2799 4606 2920 4648 esse
2971 4590 3333 4662 susceperint,
3361 4589 3457 4645 sed
3488 4588 3637 4659 quod

376 4685 479 4736 καὶ
513 4683 870 4751 ἀγνοηθῆναι.
904 4683 1026 4735 Ἔτι
1081 4683 1234 4737 οὐδέν
1270 4686 1419 4738 ὲστιν
1463 4686 1520 4740 ὲν
1554 4689 1619 4756 τῇ
1653 4687 1829 4740 πίστει
1859 4686 1953 4741 οὖν

380 4790 490 4836 τως
541 4775 841 4842 ἀναγκαῖον
871 4774 967 4826 καὶ
1017 4774 1184 4843 μέγα,
1232 4773 1418 4844 ὥσπερ
1462 4778 1494 4845 ή
1550 4777 1828 4849 σάρκωσις
1857 4779 1949 4832 τοῦ

380 4861 516 4914 Θεοῦ
543 4864 741 4932 Λόγου,
772 4864 1019 4917 τουτέστι
1045 4864 1107 4917 τὸ
1140 4864 1230 4919 τὸν
1258 4864 1547 4933 ἄνθρωπον
1575 4870 1783 4922 ἐκεῖνον
1807 4865 1949 4923 εἶναι

376 4953 532 5007 Θιόν.
567 4955 701 5023 Περὶ
725 4938 915 5008 τοῦτου
945 4955 1003 5008 δδ
1032 4955 1128 5008 καὶ
1157 4955 1587 5026 δυσχερέστατον
1631 4955 1698 5029 ἦν
1737 4960 1829 5012 τὸν
1854 4961 1947 5013 κό-

381 5059 516 5111 σμον
542 5044 854 5113 πεισθῆναι.
873 5044 963 5098 Διὸ
991 5047 1084 5099 καὶ
1111 5047 1162 5099 ol
1181 5046 1438 5115 Ῥωμαῖοι
1458 5049 1554 5101 acati.
1584 5048 1633 5101 οἱ
1656 5049 1809 5103 ’ἄλλοι
1827 5050 1956 5103 ἀσε-

383 5136 499 5198 ϐεῖς
520 5135 578 5187 ὲν
610 5137 944 5205 τριακοσίοις
971 5135 1209 5206 συνεχῶς
1242 5137 1384 5190 ἔτεσι
1423 5139 1516 5191 καὶ
1549 5138 1778 5191 καθόλου
1804 5140 1955 5193 ἐδίω-

382 5222 480 5290 ξαν
501 5227 625 5289 τοὺς
655 5228 1038 5296 Χριστιανοὺς,
1067 5229 1161 5280 καὶ
1192 5232 1578 5299 παρῃτήσαντο
1606 5229 1865 5297 δέξασθαι
1893 5234 1953 5285 τὸ

380 5317 716 5385 Εὐαγγέλιον
752 5318 849 5371 καὶ
870 5318 973 5389 τὴν
1000 5320 1202 5385 πίστιν,
1238 5320 1326 5373 διὰ
1358 5322 1420 5372 τὸ
1447 5321 1700 5388 λέγεσθαι
1730 5323 1822 5374 τὸν
1857 5323 1954 5377 ἄν·-

384 5407 603 5479 θρωπον
629 5409 837 5471 ἐκεῖνον
867 5405 1009 5461 εἶναι
1034 5409 1190 5461 Θεόν.
1227 5412 1337 5479 υύχ
1366 5412 1448 5462 ὅτι
1484 5412 1557 5481 μὴ
1591 5413 1817 5473 πολλοὺς
1836 5413 1948 5483 ἥδη

380 5500 649 5570 πρότερον
691 5500 786 5552 καὶ
819 5499 1020 5570 ἄνδρας
1057 5500 1152 5553 καὶ
1194 5506 1462 5568 γυναῖκας
1500 5504 1663 5564 θεοὺς
1696 5504 1792 5556 καὶ
1828 5506 1954 5567 θεὰς

381 5584 814 5658 εἷναιὲδέξαντο,
849 5592 966 5646 ἀλλ’
992 5592 1181 5664 ὅτιπερ
1212 5596 1240 5647 6
1271 5594 1527 5663 Χριστὸς,
1564 5594 1637 5665 μὴ
1664 5596 1952 5649 ἐνδεδωκὸ-

378 5698 489 5734 των
515 5683 621 5736 τῶν
661 5682 971 5753 Ῥωμαίων,
992 5685 1127 5747 Θεὸς
1158 5680 1560 5754 εἶναιέλέγετο,
1595 5689 1733 5759 ὅπερ
1748 5688 1949 5741 ἐκεῖνοι

455 5858 529 5927 (l)
560 5859 699 5924 ιλιι..
730 5836 850 5929 cap,
888 5860 973 5915 ιε.

2050 4683 2308 4740 Christus
2359 4697 2471 4737 non
2530 4681 2965 4737 concedentibus
3014 4680 3274 4735 Romanis
3321 4680 3466 4735 Deus
3515 4694 3639 4736 esse

2050 4775 2360 4830 dicebatur.
2416 4774 2574 4841 Quod
2632 4782 2699 4826 et
2750 4773 2827 4827 illi
2878 4772 3273 4842 prohibebant,
3332 4780 3395 4826 ut
3450 4771 3640 4825 nullus

2058 4865 2204 4919 Deus
2244 4865 2547 4927 diceretur,
2600 4863 2803 4931 absque
2855 4862 3144 4917 sententiis
3188 4870 3418 4917 senatus
3444 4860 3544 4932 (2);
3582 4875 3642 4924 et,

2044 4966 2355 5025 propterea,
2387 4954 2528 5025 quod
2562 4954 2705 5008 Deus
2751 4955 2842 5007 hic
2868 4962 3179 5007 consortem
3227 4967 3338 5006 non
3370 4951 3641 5020 suscipe-

2054 5047 2168 5103 bat.
2191 5048 2248 5103 Si
2278 5047 2422 5102 enim
2459 5047 2605 5101 hunc
2641 5046 3038 5121 suscepissent,
3062 5043 3239 5099 coacti
3284 5051 3469 5098 essent
3499 5042 3639 5094 alios

2052 5140 2186 5197 deos
2213 5141 2526 5209 relinquere
2558 5158 2572 5195 :
2625 5138 2770 5208 quod
2808 5146 2862 5193 et
2899 5138 3077 5207 ipsum
3128 5133 3462 5191 contrarium
3521 5140 3641 5186 erat

2052 5233 2304 5287 moribus
2379 5231 2789 5301 provinciarum
2869 5239 2925 5284 et
3000 5229 3181 5299 legum
3243 5227 3637 5279 Romanorum.

2051 5325 2337 5392 Quomodo
2360 5323 2524 5394 igitur
2554 5323 2851 5379 Christiani
2888 5323 2944 5375 in
2972 5335 3167 5375 eorum
3216 5319 3461 5387 ipsorum
3489 5314 3643 5368 dam.

2052 5431 2150 5481 no,
2200 5425 2258 5471 et
2317 5415 2566 5485 pernicie
2619 5415 2764 5481 tidei,
2793 5422 2850 5468 et
2899 5412 3210 5467 irritatione
3265 5409 3639 5462 Romanorum

2059 5502 2397 5572 principum,
2430 5512 2620 5556 contra
2640 5517 2744 5556 eos
2770 5502 3069 5570 erupissent
3096 5497 3407 5566 Evangeliis
3437 5493 3641 5548 addere

2059 5607 2174 5647 rem
2214 5592 2762 5662 impersuasibilem?
2794 5592 3000 5648 Omnes
3031 5592 3179 5645 enim
3222 5587 3470 5641 sciebant
3495 5583 3639 5636 hanc

2052 5685 2231 5755 legem
2303 5685 2706 5740 sanctissimam
2776 5693 2832 5739 et
2880 5678 3429 5738 rrationabilissimam
3495 5687 3638 5738 esse,

2145 5861 2221 5934 (ε)
2245 5860 2380 5918 Vide
2415 5861 2643 5917 Tertull.
2672 5861 2724 5914 in
2757 5860 2970 5931 Apolog.
3005 5860 3068 5916 de
3101 5838 3271 5914 Tiber.
