4068 6484
548 448 690 513 1055

1899 467 2276 528 DEMETBII
2320 468 2633 530 CYDONII

3651 473 3768 535 1055

546 566 754 635 quippe
802 583 926 637 quae
974 585 1192 626 omnem
1225 573 1494 628 rationem
1529 588 1640 629 non
1670 575 1932 640 excedat;
1969 576 2130 646 hujus

2234 577 2492 640 ἐκώλυον,
2517 576 2659 630 ὥστε
2683 576 2886 649 μηδένα
2922 576 3175 646 λέγεσθαι
3208 576 3363 646 Θεὸν,
3401 579 3509 633 τῶν
3537 582 3630 653 τῆς
3659 603 3768 654 συγ.

543 656 667 710 dico
696 658 807 727 jam
842 660 998 724 dicti,
1029 663 1242 718 scilicet
1279 665 1557 721 hominem
1593 667 1745 722 illum
1776 684 1898 724 esse
1928 671 2124 724 Deum.

544 746 602 800 Si
653 748 820 818 igitur
867 753 1074 820 aliquid
1141 772 1330 811 eorum
1384 775 1507 828 quas
1553 770 1680 814 sunt
1737 761 1790 815 in
1830 759 2126 832 Evangelia

545 841 836 906 oportebat
884 842 1224 902 Christianos
1259 860 1493 914 mutare,
1539 853 1900 910 mutavissent
1941 855 2053 926 jam
2094 871 2125 910 a

547 930 843 1001 principio,
873 945 929 988 et
977 937 1334 995 abstulissent
1369 943 1413 996 si
1446 943 1575 1012 quid
1605 945 1800 1000 fuisset
1827 947 2128 1016 impersua-

547 1021 742 1088 sibile,
800 1036 859 1080 et
935 1029 1275 1085 addidissent
1333 1034 1445 1102 jam
1511 1037 1894 1104 persuasibilia
1955 1039 2127 1108 magis

548 1126 714 1179 quam
790 1131 821 1169 e
891 1132 1182 1174 converso.
1260 1123 1417 1188 item,
1484 1128 1761 1195 quomodo
1819 1129 2123 1183 Christiani

548 1217 671 1256 cum
702 1203 906 1260 Iudaeis
935 1213 1228 1267 convenire
1267 1216 1592 1282 potuissent,
1617 1220 1708 1287 qui
1750 1221 1976 1288 antiquo
1997 1220 2124 1274 odio

548 1294 970 1363 separabantur,
995 1312 1411 1371 corrumpentes
1438 1305 1771 1374 Scripturas,
1808 1319 1864 1363 et
1887 1311 2125 1363 maxime

548 1383 812 1440 addentes
842 1386 976 1442 illud
1008 1390 1060 1443 in
1091 1407 1201 1460 quo
1232 1410 1576 1466 nequaquam
1614 1399 1995 1454 conveniunt?
2020 1400 2126 1454 Ne-

548 1489 654 1542 que
688 1477 834 1530 cnim
865 1480 1039 1536 Judaei
1075 1482 1272 1538 dicunt
1312 1486 1619 1553 Christum,
1652 1492 1736 1544 vel
1787 1492 1954 1546 Deum
1983 1507 2124 1558 esse,

551 1565 633 1618 vel
684 1566 961 1623 hominem
1032 1572 1260 1629 bonum.
1317 1575 1490 1641 Unde,
1570 1582 1937 1649 quantum'ad
1998 1582 2123 1647 hoc,

550 1655 846 1714 Christiani
901 1663 1074 1733 magis
1125 1668 1460 1724 conveniunt
1505 1685 1628 1724 cum
1679 1671 1987 1737 Saracenis,
2031 1675 2124 1742 qui

549 1747 744 1803 dicunt
773 1751 1050 1807 Christum
1083 1756 1150 1809 ad
1181 1757 1365 1813 minus
1408 1761 1816 1817 sanctissimum
1847 1764 2124 1818 hominem

551 1853 690 1894 esse.
714 1842 846 1896 ltem
875 1855 999 1899 ante
1033 1847 1327 1904 adventum
1357 1851 1651 1908 Mahometi
1677 1894 1690 1917 ,
1715 1854 2037 1922 Christiani,
2073 1865 2126 1910 et

550 1933 784 1988 maxime
815 1934 869 1989 in
917 1936 1160 2000 Oriente,
1187 1941 1344 1996 divisi
1379 1946 1618 1998 erantin
1649 1945 1896 2002 diversas
1921 1956 2122 2016 sectas,
2157 1915 2200 1973 Β

549 2024 996 2082 Nestorianorum
1049 2028 1302 2087 videlicet
1353 2044 1409 2088 et
1456 2035 1847 2092 Jacobitarum.
1915 2040 2128 2095 Nesto-

549 2115 694 2168 riani
744 2126 927 2172 autem
980 2135 1107 2174 cum
1159 2121 1450 2180 Saracenis
1488 2128 1723 2183 maxime
1771 2132 2126 2196 conveniunt,

551 2222 724 2274 quare
766 2217 821 2263 et
867 2210 1214 2268 Mahometus
1264 2217 1486 2286 proprie
1522 2234 1620 2275 eos
1667 2224 1913 2276 venerari
1953 2224 2127 2292 jubet.

552 2299 840 2362 Quomodo
895 2305 1062 2372 igitur
1107 2304 1368 2361 Jacobita
1401 2325 1523 2362 cum
1554 2308 1892 2368 Nestorianis
1929 2329 2130 2369 conve-

552 2390 674 2444 nire
721 2393 1030 2461 potuissent
1075 2396 1144 2451 ad
1201 2399 1480 2468 Evangelii
1545 2403 1982 2473 corruptionem,
2035 2407 2131 2475 qui

555 2489 706 2535 tanto
735 2483 865 2536 odio
919 2485 1064 2539 inter
1116 2503 1174 2542 se
1232 2489 1392 2544 divisi
1448 2503 1629 2557 erant,
1663 2503 1721 2547 ut
1749 2505 1805 2548 et
1848 2511 1907 2550 se
1940 2509 2130 2551 mutuo

555 2571 974 2629 interimerent?
1000 2576 1106 2632 Sed
1149 2587 1330 2634 tamen
1369 2580 1486 2651 ipse
1512 2583 1696 2637 inveni
1737 2595 1790 2640 et
1829 2586 1930 2656 legi
1956 2587 2134 2641 Evan-

549 2662 758 2730 gelium
798 2668 940 2732 apud
988 2677 1299 2738 utrumque,
1337 2671 1482 2726 idem
1528 2675 1675 2743 quod
1702 2687 1787 2728 est
1832 2677 1974 2746 apud
2008 2693 2130 2732 nos.

556 2752 691 2806 ltem
742 2755 898 2824 cujus
947 2757 1123 2826 gratia
1191 2760 1536 2828 excepissent
1575 2762 1872 2817 Christiani
1934 2779 2131 2818 nomen

557 2843 851 2900 Mahometi
911 2847 980 2902 ab
1031 2849 1363 2921 Evangeliis,
1415 2867 1540 2907 cum
1588 2853 1636 2909 is
1682 2861 1889 2909 tantum
1948 2855 2135 2910 laudet

552 2936 863 3005 Christum,
888 2948 944 2993 et
980 2939 1126 2995 illius
1177 2952 1408 2997 matrem
1447 2952 1504 2998 et
1533 2945 1888 3016 Evangelium
1908 2946 1931 3000 ?
1955 2945 2133 3012 Quare

553 3028 691 3082 dicit
737 3030 790 3083 in
846 3029 1140 3096 Alcorano,
1168 3035 1312 3102 quod
1358 3033 1411 3088 in
1463 3036 1760 3106 Evangelio
1813 3037 2020 3092 Christi
2049 3046 2135 3093 est

556 3121 830 3176 rectitudo
861 3132 914 3176 et
947 3124 1230 3194 perfectio.
1279 3125 1384 3180 Sed
1418 3141 1525 3180 non
1558 3128 1707 3183 illinc
1743 3131 1914 3198 magis
1947 3129 2134 3184 abstu—

2228 664 2426 734 κλήτου
2480 665 2674 737 ψήφων
2731 668 2934 735 χωρίς·
2969 669 3062 720 καὶ
3100 667 3187 721 διὰ
3225 669 3283 720 τὸ
3305 669 3400 722 τὸν
3444 670 3573 723 Θεὸν
3605 673 3772 727 τοῦτὸν

2229 754 2305 825 μὴ
2337 755 2582 824 δέχεσθαι
2613 757 2891 812 κοινωνόν.
2947 759 3010 811 Εί
3043 757 3151 829 γὰρ
3199 758 3391 812 τοῦτον
3425 761 3684 827 ἐδέξαντο,
3721 765 3775 834 ὴ.

2226 846 2400 912 ναγκά
2410 847 2612 915 σθησαν
2655 848 2722 900 ἂν
2744 851 3062 902 καταλιπεῖν
3083 851 3209 913 τοὺς
3227 850 3422 914 ἄλλους
3453 853 3601 916 θεοὺς
3620 871 3636 888 ο
3657 856 3776 926 ὅπερ

2228 939 2324 990 καὶ
2352 939 2485 990 αὐτὸ
2511 939 2752 994 ἐναντίον
2776 935 2846 1010 ἦν
2877 943 2990 1002 τοῖς
3010 940 3156 994 ἔθεσι
3187 943 3294 996 τῶν
3321 958 3384 995 τε
3408 945 3678 1014 ἐπαρχιῶν
3693 947 3775 1016 καὶ

2227 1028 2340 1082 τῶν
2379 1028 2708 1098 Ῥωμαϊκῶν
2739 1032 2940 1098 νόμων.
2976 1033 3098 1095 Πῶς
3132 1034 3200 1086 ἂν
3228 1035 3412 1088 τοίνυν
3453 1037 3502 1087 oi
3535 1038 3777 1105 Χριστια-

2228 1119 2310 1170 vol.
2347 1120 2439 1171 ἐπὶ
2469 1123 2534 1188 τῇ
2569 1121 2779 1174 ἑαυτῶν
2801 1121 2976 1194 βλάϐῃ
3003 1126 3097 1176 καὶ
3122 1123 3269 1196 λύμῃ
3301 1126 3408 1195 τῆς
3445 1126 3672 1190 πίστεως
3693 1131 3776 1181 καὶ

2229 1207 2524 1278 ἐρεθισμοῦ
2547 1213 2670 1263 κατ’
2705 1211 2885 1265 αὐτῶν
2911 1214 3019 1266 τῶν
3063 1214 3353 1279 Ῥωμαίων
3399 1217 3670 1286 ἀρχόντων
3709 1220 3776 1272 εί-

2229 1299 2380 1352 λοντο
2425 1301 2537 1364 τοῖς
2603 1301 2960 1371 Εὗαγγελίοις
3015 1306 3328 1374 προσθεῖναι
3369 1309 3605 1378 πρᾶγμα
3654 1309 3777 1364 οὔτω

2233 1391 2376 1460 μέγα
2407 1408 2468 1443 τε
2517 1394 2611 1444 καὶ
2657 1393 2952 1462 ἀπίθανον;
2997 1397 3206 1459 Πάντες
3242 1398 3352 1468 γὰρ
3379 1398 3579 1470 ᾔδεσαν
3611 1399 3776 1452 τοῦτον

2228 1484 2319 1536 τὸν
2357 1485 2521 1553 νόμον
2545 1482 2848 1552 ἁγιώτατόν
2875 1503 2935 1538 τε
2965 1488 3061 1540 καὶ
3106 1488 3503 1556 εὐλογώτατον.
3531 1490 3655 1543 ἄνευ
3695 1491 3775 1542 τοῦ

2229 1575 2408 1628 πάντα
2445 1576 2603 1645 λόγον
2633 1577 3054 1644 ὑπερϐαίνοντος
3077 1579 3266 1632 τούτου
3295 1576 3482 1646 σ’λέγω
3512 1581 3596 1650 δὴ.
3625 1579 3681 1633 τὸ
3703 1581 3777 1632 τὸν

2229 1664 2517 1734 ἄνθρωπον
2554 1668 2761 1718 ἐκεῖνον
2821 1661 2959 1720 εἶναι
2989 1668 3145 1722 Θεόν.
3191 1668 3258 1721 Εἴ
3305 1686 3360 1723 τι
3408 1671 3518 1739 ἄρα
3568 1669 3670 1721 τῶν
3716 1668 3778 1736 τῷ

2231 1754 2548 1823 Εὐαγγελίῳ
2621 1755 2726 1809 ἔδει
2806 1755 3125 1824 μεταϐαλεῖν
3208 1756 3334 1820 τοὺς
3400 1753 3776 1825 Χριστιανοὺς,

2237 1844 2530 1912 μετέϐαλον
2555 1845 2619 1898 ἂν
2641 1844 2874 1916 ἐξαρχῆς
2896 1846 2990 1898 καὶ
3021 1847 3262 1912 ἀφεῖλον,
3287 1847 3408 1915 εῐῖτι
3430 1842 3498 1916 ἦν
3524 1847 3774 1907 ἀπίθανον,
3830 1904 3840 1914 1

2230 1942 2320 1990 καὶ
2377 1939 2722 2007 προσέθηκαν
2749 1939 2814 1991 ἂν
2846 1939 2913 1990 τὰ
2945 1937 3146 1991 πιθανὰ
3181 1938 3406 2006 μᾶλλον,
3450 1938 3482 2006 ἢ
3512 1936 3569 1991 τὸ
3595 1937 3777 1990 ἀναπα-

2228 2029 2331 2083 λιν.
2359 2031 2481 2082 Ἔτι
2531 2030 2647 2092 πῶς
2700 2029 2766 2084 ἂν
2796 2032 2845 2084 οί
2879 2031 3197 2102 Χριστιανοὶ
3242 2034 3355 2092 τοῖς
3395 2029 3665 2090 Ἰουδαίοις
3695 2043 3774 2080 συ-

2229 2121 2433 2173 νελθεῖν
2465 2120 2832 2193 ἠδυνήθησαν,
2864 2117 2938 2175 ῶν
2993 2121 3204 2191 ἀρχαίῳ
3254 2121 3403 2189 μίσει
3449 2117 3772 2188 διαχωρέζον-

2229 2226 2338 2273 ται,
2371 2209 2777 2279 διαφθείροντες
2817 2212 2916 2274 τὰς
2947 2211 3166 2280 Γραφάς
3195 2251 3210 2274 ,
3246 2211 3341 2262 καὶ
3370 2210 3605 2280 μάλιστα
3632 2223 3777 2272 προσ-

2228 2300 2464 2362 τιθέντες
2498 2301 2694 2363 ὲκείνο,
2733 2303 2788 2354 ὲν
2825 2295 2869 2370 ᾧ
2903 2302 3166 2371 μηδαμῶς
3223 2301 3616 2371 συμφωνοῦσις
3661 2300 3770 2354 Οὐδὲ

2230 2393 2338 2462 γὰρ
2365 2392 2473 2445 οὐδ’
2514 2393 2755 2447 Ἰουδαῖοί
2787 2411 2920 2461 φασι
2963 2394 3055 2446 τὸν
3089 2393 3322 2463 Χριστὸν
3359 2395 3392 2464 ἢ
3425 2394 3556 2446 Θεὸν
3583 2389 3772 2458 siveet

2231 2484 2518 2553 ἄνθρωπον
2546 2483 2771 2550 ἀγαθόν.
2801 2484 2965 2537 Ὅθεν
2995 2483 3119 2537 ὅσον
3150 2484 3290 2537 κατὰ
3318 2485 3500 2547 τοῦτο,
3532 2483 3640 2545 τοῖς
3659 2481 3769 2548 21p-

2234 2577 2492 2645 ρακηνοῖς
2528 2574 2728 2644 μᾶλλον
2785 2574 3176 2644 συμϐαίνουσιν
3226 2576 3275 2627 οί
3322 2574 3659 2644 Χριστιανοὶ,
3701 2570 3769 2621 λέ-

2233 2683 2390 2734 γουσι
2428 2667 2519 2719 τὸν
2551 2667 2785 2736 Χριστὸν
2805 2666 3157 2736 τούλάχιστον
3187 2665 3493 2733 ἁγιώτατον
3521 2663 3769 2733 ἄνθρωπον

2233 2755 2392 2810 εἶναι.
2426 2757 2545 2810 Ἔτι
2603 2757 2710 2826 πρὸ
2747 2757 2845 2825 τῆς
2894 2755 2985 2809 τοῦ
3046 2755 3349 2826 Μαχούμετ
3399 2755 3691 2828 παρουσίας
3730 2747 3770 2800 οἱ

2233 2849 2573 2920 Χριστιανοὶ,
2607 2849 2704 2902 καὶ
2739 2849 2972 2920 μάλιστα
3003 2849 3050 2902 οἱ
3079 2850 3137 2900 ὲν
3157 2851 3224 2919 τῇ
3256 2849 3520 2918 ἀνατολῇ,
3543 2840 3769 2916 διῃρημέ-

2235 2959 2314 2996 νοι
2341 2937 2480 3012 ἦσαν
2515 2945 2596 3005 είς
2632 2943 2923 3010 διαφόρους
2982 2941 3245 3010 αἱρέσεις,
3293 2941 3399 3000 τὰς
3452 2939 3560 2993 τῶν
3603 2935 3772 2989 Νεστο-

2240 3035 2437 3103 ριανῶν
2462 3034 2726 3102 δηλονότι,
2765 3037 2858 3087 καὶ
2903 3033 3254 3088 Ίακωϐιτῶν.
3292 3035 3358 3086 Οί
3404 3031 3462 3086 δὲ
3517 3031 3770 3095 Νεστορια·

2237 3125 2320 3179 vol.
2344 3124 2579 3192 μάλιστα
2603 3127 2715 3186 τοῖς
2749 3126 3119 3195 Σαρρακηνοῑς
3153 3122 3560 3192 συμφωνοῦσιν.
3593 3117 3672 3170 Διὸ
3693 3113 3771 3168 καὶ

555 3211 741 3266 lerunt
786 3227 990 3268 nomen
1049 3215 1276 3280 diaboli,
1304 3224 1360 3271 et
1400 3217 1585 3281 Pilati,
1608 3219 1699 3288 qui
1728 3218 2007 3276 Christum
2039 3221 2134 3277 ﬂa-

2239 3214 2266 3266 δ
2309 3213 2579 3282 Μωάμεθ,
2622 3213 2765 3276 ἰδίως
2802 3215 2998 3276 αὐτοὺς
3029 3214 3294 3281 τιμᾶσθαι
3345 3205 3767 3279 παρακελεύεται.

554 3301 814 3372 gellavit,
869 3305 1208 3373 minimeque
1265 3316 1321 3363 et
1367 3324 1567 3364 nomen
1616 3309 1791 3374 Judae,
1839 3313 1930 3381 qui
1986 3313 2134 3370 hunc

559 3395 805 3450 tradidit.
855 3397 986 3451 Item
1049 3399 1327 3468 quomodo
1384 3401 1735 3466 rationabile,
1787 3403 2134 3462 Christianos

555 3487 838 3544 addidisse
886 3489 940 3542 in
990 3490 1327 3560 Evangelio,
1367 3490 1647 3547 Christum
1707 3504 1761 3549 et
1814 3495 2133 3550 cruciﬁxum

555 3593 677 3633 esse
719 3591 775 3634 et
812 3589 1090 3635 mortuum
1137 3598 1307 3637 :cum
1373 3585 1753 3640 houorabilius
1818 3586 2136 3642 hominibus

559 3667 835 3732 videatur,
865 3684 1210 3741 nequaquam
1259 3675 1584 3729 cruciﬁxum
1623 3691 1744 3730 esse
1777 3693 1791 3729 τ
1823 3686 1879 3730 et
1909 3677 2136 3732 omnino

559 3759 958 3817 inconveniens
984 3764 1108 3829 hoc,
1133 3775 1188 3819 et
1217 3765 1386 3820 Deum
1414 3780 1558 3829 esse,
1583 3769 1731 3822 sicut
1759 3767 1812 3820 in
1841 3766 2137 3837 Evangelia

561 3852 785 3908 dicitur.
821 3853 994 3921 Quam
1032 3868 1214 3910 autem
1267 3859 1721 3928 consequentiam
1776 3857 1978 3914 habere
2011 3874 2137 3928 pos-

561 3954 691 3997 sunt
725 3944 834 4000 duo
865 3946 980 4001 haec
1012 3956 1222 4002 tantum
1264 3950 1406 4004 inter
1444 3965 1503 4004 se
1553 3950 1792 4014 diversa,
1819 3950 1872 4004 in
1904 3952 2138 4020 prepriis

561 4035 910 4106 dogmatibus
951 4040 1345 4109 supposuisse:
1391 4041 1534 4096 sicut
1569 4040 1846 4106 videlicet,
1881 4043 2136 4097 eumdem

557 4135 617 4178 et
664 4142 854 4182 verum
904 4143 1026 4184 esse
1079 4131 1286 4194 Deum,
1327 4138 1383 4183 et
1442 4144 1566 4184 vere
1614 4131 1934 4184 mortuum?
2003 4133 2136 4188 Item

561 4217 870 4285 supposito,
898 4219 953 4272 in
1007 4220 1264 4273 omnibus
1309 4219 1466 4273 libris
1503 4219 1846 4276 Christianos
1895 4222 2000 4277 hoc
2046 4223 2142 4278 ad-

560 4303 806 4363 didisse:
843 4306 966 4375 quis
986 4307 1137 4361 enim
1174 4307 1432 4361 omnibus
1477 4306 1800 4362 hominibus
1835 4311 2139 4379 persuade-

559 4405 664 4461 ret,
693 4406 746 4450 et
798 4397 853 4451 in
888 4399 1103 4451 illorum
1140 4397 1399 4453 cordibus
1431 4398 1483 4452 id
1535 4398 1818 4469 inﬁgeret?
1863 4400 1928 4454 Et
1957 4411 2139 4457 tamen

562 4487 858 4543 universus
897 4489 1136 4544 mundus
1187 4503 1483 4559 persuasus
1515 4498 1623 4554 est,
1655 4491 1711 4544 in
1754 4499 1961 4563 tantum
1993 4491 2138 4562 quod

2239 3306 2362 3368 Πῶς
2393 3305 2457 3359 ἂν
2495 3305 2675 3358 τοίνυν
2708 3307 2818 3367 τοῖς
2854 3305 3237 3374 Νεστοριανοίς
3279 3305 3328 3356 oi
3379 3300 3667 3357 Ίακωϐῖται
3699 3307 3772 3346 συ-

2235 3397 2426 3466 νῆλθον
2463 3396 2601 3466 πρὸς
2641 3395 2741 3466 τὴν
2779 3395 2873 3448 τοῦ
2910 3396 3245 3465 Εὑαγγελίου
3292 3396 3528 3464 φθορὰν,
3568 3387 3773 3454 τοσούτῳ

2238 3491 2388 3558 μίσει
2427 3488 2674 3558 ἀλλήλων
2709 3488 3052 3560 διῃρημένοι,
3083 3487 3224 3540 ὥστε
3262 3488 3356 3541 καὶ
3385 3485 3622 3554 ἀλλήλων
3658 3481 3771 3532 ἀπο-

2236 3579 2479 3634 κτινύναι
2501 3595 2516 3644 ;
2564 3578 2706 3631 Ἀλλ’
2731 3580 2879 3648 ὅμως
2900 3579 3061 3640 αὐτὸς
3095 3580 3189 3630 καὶ
3214 3593 3395 3644 ευρον.
3422 3578 3514 3629 καὶ
3543 3575 3771 3636 ἀνέγνων,

2236 3671 2368 3742 παρ’
2399 3671 2738 3742 ἀμφοτέροις
2769 3670 2828 3722 τὸ
2868 3669 3200 3738 Εὐαγγέλιον
3227 3670 3427 3723 ταύτὸν
3457 3667 3532 3734 τῷ
3580 3658 3695 3729 παρ’
3716 3657 3771 3725 η’

2240 3767 2331 3835 μῖν
2376 3766 2434 3816 ἐν
2466 3763 2674 3818 ἅπασιν
2724 3763 2805 3817 δν.
2834 3763 2956 3816 Ἐτι
3000 3762 3092 3816 τοῦ
3151 3763 3307 3831 χάριν
3349 3759 3552 3828 ἐξεῖλον
3596 3755 3656 3808 ἂν
3683 3747 3771 3823 τῷν

2237 3857 2585 3924 Εὑαγγελίων
2631 3857 2680 3909 οἱ
2727 3857 3045 3927 Χριστιανοὶ
3092 3856 3152 3908 τὸ
3191 3854 3363 3923 ὄνομα
3416 3851 3508 3905 τοῦ
3536 3837 3771 3918 Μωρμεθν

2238 3945 2402 4000 αὑτοῦ
2431 3946 2685 3999 τοσοῦτον
2737 3947 2827 3998 τὸν
2871 3946 3108 4015 Χριστὸν
3160 3942 3529 4003 ἐπαινοῦντος,
3562 3937 3648 3990 καὶ
3685 3929 3767 3996 τὴν

2239 4039 2450 4093 ἐκείνου
2494 4039 2709 4108 μητέρα
2745 4039 2839 4091 καὶ
2865 4038 2924 4090 τὸ
2954 4037 3285 4105 Εὑαγγέλιον
3311 4052 3326 4102 ;
3369 4037 3509 4091 ὥστε
3536 4029 3622 4084 καὶ
3640 4023 3771 4119 λέγει

2240 4131 2297 4184 ὲν
2325 4132 2404 4200 τῷ
2444 4131 2777 4200 Ἀλκοράνῳ.
2809 4129 2884 4190 ὡς
2917 4131 2974 4182 ἐν
2995 4129 3072 4198 τῷ
3104 4127 3424 4198 Εὐαγγελίῳ
3453 4124 3545 4178 τοῦ
3567 4123 3772 4187 Χριστου

2240 4223 2388 4278 ἔστιν
2415 4223 2648 4289 εὐθύτης
2682 4220 2775 4273 καὶ
2807 4219 3109 4288 τελειότης.
3155 4217 3298 4272 Ἀλλ’
3348 4219 3454 4270 οὐκ
3483 4215 3546 4268 ἂν
3593 4203 3771 4262 ἐκεῖθεν

2245 4315 2445 4385 μᾶλλον
2468 4313 2688 4382 ἀφεῖλον
2719 4310 2778 4366 τὸ
2813 4311 2986 4381 ὄνομα
3017 4311 3111 4363 τοῦ
3163 4310 3413 4362 διαϐόλου
3459 4305 3552 4360 καὶ
3589 4298 3672 4352 τοῦ
3697 4295 3774 4385 [It-

2241 4378 2428 4469 λάτον,
2463 4378 2556 4458 τὸν
2578 4405 2814 4474 Χριστὸν
2854 4378 3299 4472 μαστιγώσαντος
3325 4417 3339 4431 ·
3373 4401 3469 4468 οὐχ
3512 4395 3693 4482 ἥκιστα

2242 4497 2336 4550 καὶ
2358 4494 2454 4548 τοῦ
2490 4493 2940 4564 παραδεδωκότος
2967 4490 3154 4544 τοῦτον
3197 4491 3387 4544 Ἰούδα.
3426 4487 3544 4540 Ἔτι
3570 4478 3676 4536 πῶς
3699 4467 3771 4524 εὖ·

563 4577 666 4630 hoc
697 4587 1059 4643 susceperunt
1110 4579 1409 4647 principes,
1463 4581 1698 4648 tyranni,
1733 4590 1791 4636 et
1825 4581 2134 4650 philosophi

2244 4586 2404 4654 λογον
2440 4586 2756 4654 προσθεῖναι
2783 4585 2909 4648 τοὺς
2946 4582 3305 4654 Χριστιανοὺς
3351 4583 3410 4634 ὲν
3446 4576 3519 4645 τῷ
3558 4571 3768 4654 Εὖαγῖε·

561 4669 629 4721 ab
674 4667 917 4723 indoctis
971 4679 1026 4724 et
1078 4671 1413 4738 pauperibus
1465 4672 1800 4726 hominibus.
1856 4672 2037 4738 Quare
2084 4682 2138 4726 et

561 4761 775 4830 calipha
839 4761 983 4830 apud
1035 4762 1306 4832 Babylona
1356 4761 1697 4819 Christianus
1751 4776 2002 4818 mortuus
2035 4773 2136 4829 est,

561 4863 618 4907 et
671 4855 893 4908 inventa
942 4864 1027 4908 est
1082 4869 1214 4908 crux
1275 4855 1325 4908 in
1358 4855 1499 4911 collo
1535 4857 1676 4926 ejus,
1725 4863 1786 4911 ut
1821 4865 2136 4919 testaretur,

561 4945 710 5013 quod
737 4945 854 5013 ipse
891 4946 1294 5002 Saracenorum
1326 4949 1581 5020 princeps
1617 4949 1963 5006 Christianus
1990 4967 2138 5004 mor-

564 5043 692 5089 tuus
723 5046 826 5089 est.
878 5036 1033 5092 Unde
1076 5049 1131 5092 et
1175 5041 1504 5106 ostenditur,
1565 5043 1711 5111 quod
1761 5042 1853 5097 hic
1925 5042 2137 5112 calipha

562 5127 779 5195 proprie
831 5129 1078 5198 sepultus
1133 5139 1236 5189 est.
1274 5146 1522 5186 seorsum
1570 5149 1599 5187 a
1643 5135 1766 5189 loco
1798 5134 1853 5188 in
1877 5151 1994 5203 'quo
2024 5150 2141 5190 mos

561 5229 680 5274 erat
737 5220 873 5274 alios
931 5222 1182 5291 sepelire.
1239 5224 1308 5278 Et
1360 5219 1463 5280 hoc
1497 5227 1828 5294 sepulcrum
1878 5227 1993 5296 ipse
2026 5226 2140 5280 vidi

562 5308 709 5377 apud
742 5309 1038 5380 Babylona.
1067 5312 1335 5384 Congruit
1363 5315 1531 5385 igitur
1561 5317 1820 5372 omnibus
1851 5317 2051 5385 modis,
2084 5328 2141 5373 ct

565 5402 878 5456 testimonio
907 5404 1188 5472 Alcorani,
1219 5417 1274 5462 et
1318 5407 1550 5464 fortibus
1582 5409 2141 5466 demonstrationibus

561 5506 616 5550 et
651 5498 956 5552 manifestis
1006 5500 1198 5570 signis,
1249 5502 1606 5572 Evangelium
1656 5502 2034 5572 incorruptum
2087 5515 2142 5559 et

562 5585 1016 5645 ineommutatum
1073 5607 1216 5648 esse.
1275 5593 1545 5659 Quoniam
1601 5594 1766 5665 igitur
1799 5595 2142 5651 Mahometus

560 5678 914 5754 Evangelium
973 5699 1076 5755 sup
1100 5703 1137 5738 'a
1172 5687 1308 5743 alias
1339 5687 1653 5758 Scripturas
1703 5689 1907 5752 laudat,
1937 5698 1991 5742 et
2022 5696 2143 5758 post

557 5767 694 5826 illud
732 5772 896 5829 Vetus
930 5774 1364 5841 Testamentum,
1407 5777 1525 5847 cogi
1555 5787 1778 5849 possent
1812 5779 2144 5834 convenien-

567 5867 650 5915 ter
685 5867 872 5937 utique
905 5866 1166 5923 Saraceni
1218 5869 1496 5938 sust-ipcrc
1547 5871 1692 5926 dicta
1738 5872 1790 5926 in
1837 5868 2144 5938 livangcliis

2239 4678 2336 4745 λίῳ
2365 4681 2454 4731 τὸν
2480 4653 2716 4747 ριστὸν
2733 4678 2829 4730 κα)⁸
2855 4653 3230 4743 σταυρωθῆναι
3257 4675 3350 4726 καὶ
3371 4653 3770 4758 ἁποθανεῖνάλψ

2240 4773 2350 4834 θῶς
2384 4771 2734 4840 ἔντιμοτέρου
2765 4771 2876 4832 τοίς
2914 4766 3221 4835 ἀνθρώποις
3269 4762 3544 4818 δοκοῦντος
3571 4767 3655 4804 του
3683 4758 3769 4838 μη,

2239 4863 2428 4933 δαμῶς
2473 4861 2856 4930 ἐσταυρῶσθαι
2883 4879 2906 4922 τ
2953 4858 3048 4911 καὶ
3100 4856 3444 4909 παντάπασιν
3489 4844 3767 4933 ἀσυμφαςῖει

2239 4919 2333 5009 τοδ
2357 4919 2453 5010 καὶ
2491 4953 2624 5007 Θεὸν
2651 4919 2768 5004 ’τὸν
2798 4919 2960 5004 αὑτὸν
2986 4945 3150 5010 εἶναι,
3183 4947 3256 5008 ὡς
3288 4947 3346 4997 ὲν
3393 4942 3467 5012 τῷ
3496 4919 3766 5020 Εὐαγγελίιμ

2239 5047 2484 5115 λέγεται.
2520 5044 2686 5098 Ποίαν
2721 5042 2766 5095 δ’
2789 5041 2856 5095 ἂν
2890 5042 3006 5110 ἔχει
3037 5039 3135 5108 τὴν
3165 5035 3485 5092 ἀκολουθίαν
3513 5026 3749 5115 adorato?

2241 5099 2333 5195 τον
2362 5138 2610 5208 ἀλλήλων
2640 5136 2874 5204 διάφορα
2905 5099 2962 5186 ἐν
2991 5099 3103 5193 τοῖς
3133 5130 3284 5192 ίδίοις
3313 5128 3568 5196 δόγμασιν
3596 5099 3761 5208 ὕπξθξῖ

2245 5190 2392 5295 σθαι,
2441 5190 2596 5280 ὦιστε
2633 5190 2836 5293 δηλαδῆ
2885 5222 2976 5274 τὸν
3009 5190 3173 5273 αὐτὸν
3211 5190 3305 5271 καὶ
3354 5190 3520 5284 άληθῆ
3549 5219 3606 5295 γίε
3649 5190 3762 5295 εῐνξέ

2428 5277 2770 5384 gaianas;
2815 5277 3171 5379 τεθνηκέναι,
3207 5309 3330 5363 Ἔτι
3370 5277 3692 5360 ὑποτεθέντος
3716 5277 3762 5384 ξν

2246 5413 2450 5474 πάσαις
2500 5408 2622 5470 ταῖς
2677 5403 2876 5476 βίσλοις
2906 5403 3034 5466 τοὺς
3065 5401 3420 5471 Χριεττιτλινοὺς
3450 5385 3594 5445 τοῦτο
3623 5382 3759 5476 σφῇ.

2601 5459 2697 5549 ἀὖ
2725 5487 2838 5558 οἷός
2869 5509 2926 5545 τε
2975 5459 3194 5560 ἐγένετο
3236 5490 3420 5542 πεῖσαι
3461 5459 3761 5572 πάνταξ

2247 5559 2521 5658 θρώπους,
2547 5587 2644 5642 καὶ
2666 5588 2785 5649 ταῖς
2805 5584 3030 5680 “ab”?
3053 5580 3328 5680 ὲτγθάψαι
3349 5559 3756 5680 “ﬁgitﬁgit:

2245 5682 2528 5750 Καὶ-ὅμως
2565 5682 2592 5733 ὁ
2621 5678 2826 5746 κόσμος
2858 5677 2965 5738 πᾶς
2997 5673 3416 5730 ἀναπέπεισται,
3441 5661 3528 5716 καὶ
3553 5644 3754 5750 ὲδεξτῗῖξ

2245 5773 2406 5827 τοῦτο
2457 5768 2852 5840 ἄρχοντεςκαὶ
2883 5767 3160 5838 τύραννοι,
3219 5763 3315 5814 καὶ¹
3350 5739 3751 5861 ςιιιλόσοφθισὶπῗξν

2248 5863 2548 5920 ἀδιδάκτων
2609 5861 2703 5915 καὶ
2744 5859 2989 5929 πενήτων
3019 5855 3337 5926 ἀνθρώπων.
3369 5851 3523 5905 Ὥστε
3572 5827 3651 5886 καὶ
3681 5835 3700 5870 τ
