4068 6464
309 345 445 411 i057

1524 341 1827 403 CONTRA
1904 340 2415 406 MAIIOMETEM.

3405 326 3550 405 foss

302 460 360 511 tv
383 458 450 526 τῇ
481 452 759 508 Βαϐυλῶνι
787 456 964 525 καλυφ
977 455 1043 509 ἂν
1090 454 1401 526 χριστιανὸν
1445 453 1759 517 ἀποθανεῖν,
1783 452 1875 507 καὶ

1992 464 2031 507 ει
2062 456 2241 509 Veteri
2272 456 2645 512 Testamento.
2676 456 2811 511 Item
2844 456 2897 511 in
2925 457 3194 512 Alcorano
3220 458 3274 511 in
3311 458 3550 527 capitulo

303 548 533 619 σταυρὸν
551 545 839 618 εὑρεθῆναι
869 548 1102 617 φέροντα
1147 547 1546 618 ἀπηωρημένον
1587 544 1751 599 αὐτοῦ
1780 542 1874 599 τοῦ

300 639 576 712 τραχήλου
599 651 617 669 ⁸
647 637 786 691 ὥστε
806 637 867 691 τὸ
889 643 1180 709 γενόμενον
1199 641 1544 711 μαρτυρῆσαι
1568 642 1662 695 καλ⁸
1711 639 1874 696 αὐτὸν

302 730 415 783 τῶν
443 728 813 801 Σαρρακηνῶν
848 728 940 781 τὸν
988 729 1233 801 ἄρχοντα
1290 731 1618 801 Χριστιανὸν
1671 730 1877 786 ἀποθα-

306 822 438 874 νεῖν.
475 819 640 872 Ὀθεν
677 821 771 873 καὶ
828 820 1182 891 ἀπεφήναντο
1238 821 1430 875 τοῦτον
1484 822 1591 893 ἰδίᾳ
1637 822 1875 891 ταφῆναι

309 914 499 985 πόρρω
532 912 628 966 τοῦ
664 913 888 984 χωρίου,
940 915 998 966 ἑν
1026 908 1070 982 ᾧ
1110 914 1335 969 θάπτειν
1382 916 1503 980 ἔθος
1530 918 1655 980 τοὺς
1683 915 1874 978 ἄλλους

312 1001 580 1070 καλυφᾶς.
619 1001 729 1054 Καὶ
752 1002 944 1055 τοῦτον
976 1002 1069 1055 τὸν
1099 1004 1269 1072 τάφον
1313 1004 1476 1067 αὐτὸς
1508 1001 1647 1057 εἶδον
1684 1005 1742 1057 ὲν
1772 1004 1877 1057 Βα-

312 1088 531 1144 ϐυλῶνί.
568 1089 806 1161 Ἀραρεν
834 1088 929 1145 οῦν
987 1093 1117 1144 πᾶσι
1147 1092 1332 1156 τόποις
1360 1094 1456 1146 καὶ
1502 1097 1568 1165 τῇ
1605 1094 1877 1165 μαρτυρίᾳ.

310 1181 407 1235 τοῦ
439 1181 792 1252 Ἀλκοράνου,
834 1183 929 1236 καὶ
958 1183 1207 1255 ἰσχυραῖς
1247 1184 1554 1250 ἀποδείξεσι
1590 1186 1685 1240 καὶ
1711 1203 1876 1255 φανε-

315 1276 427 1342 ροῖς
459 1274 727 1343 σημείοις,
751 1276 814 1328 τὸ
853 1275 1185 1345 Εὑαγγέλιον
1209 1276 1417 1341 ἀπαθὲς
1452 1278 1545 1331 καὶ
1574 1278 1876 1346 ἀμεταποί-

309 1384 439 1428 Ιητον
473 1370 676 1438 μεῖναι.
721 1367 875 1424 Ἐπεὶ
898 1370 1079 1422 τοίνυν
1101 1372 1129 1422 ὁ
1152 1370 1396 1439 Μωάμεθ
1432 1371 1492 1422 τὸ
1545 1370 1878 1437 Εύαγγέλιον

317 1459 456 1529 ὑπὲρ
477 1460 577 1521 τὰς
606 1458 774 1522 ἄλλας
798 1460 1020 1530 Γραφάς
1048 1463 1280 1527 ἑπαινεῐ,
1317 1461 1413 1514 καὶ
1439 1461 1557 1529 μετ’
1584 1461 1758 1514 ἐκεῖνο
1780 1460 1878 1531 τὴν

313 1547 556 1601 Παλαιὰν
585 1548 878 1618 Διαθήκην,
908 1549 1289 1617 ἀναγκάζοιντ’
1312 1550 1380 1604 ἂν
1408 1551 1631 1614 είκότως
1658 1553 1704 1603 οί
1741 1552 1880 1621 Σαρ-

312 1643 542 1711 ρακηνοὶ
594 1641 850 1710 δέχεσθαι
896 1643 964 1694 τὰ
1019 1643 1078 1694 ἑν
1131 1644 1242 1704 τοῖς
1273 1642 1647 1709 Εὑαγγελίοις,
1697 1643 1789 1695 καὶ
1811 1644 1875 1711 τῇ

313 1732 518 1784 παλαιᾶ
548 1731 791 1801 Διαθήκῃ
824 1732 987 1803 ῥητά.
1012 1733 1134 1785 Ἔτι
1172 1734 1228 1784 ἑν
1254 1731 1329 1802 τῷ
1370 1732 1678 1802 ’Δλκοράνῳ
1707 1737 1765 1785 ὲν
1801 1731 1879 1801 τῷ

1978 542 2248 609 Elmaida,
2285 547 2429 615 quod
2477 547 2869 616 interpretatur
2918 564 3121 612 mensa,
3152 546 3374 613 dicitur,
3402 546 3548 615 quod

1978 634 2100 688 libri
2128 636 2361 692 societas
2397 637 2531 692 nihil
2562 645 2666 702 est,
2694 637 2799 693 nisi
2831 638 3167 707 adimpleant
3196 637 3546 707 Evangelium

1976 732 2034 778 et
2062 725 2257 795 legem.
2290 726 2620 783 Soeielatem
2670 736 2851 783 autem
2899 729 3023 783 libri
3056 730 3188 784 dicit
3221 728 3547 783 Saracenos.

1976 815 2132 871 Unde
2163 816 2317 876 dicit.
2355 817 2489 872 Nisi'
2514 819 2845 889 adimpleant
2876 821 3229 891 Evangelium
3256 829 3313 874 et
3338 820 3551 889 legem;

1978 907 2237 962 similiter
2268 919 2449 964 autem
2493 920 2549 965 et
2592 913 2737 982 quod
2793 914 2888 969 tibi
2926 914 3224 968 revelatum
3256 923 3360 977 est,
3387 913 3440 966 id
3471 920 3554 966 est

1925 1063 1937 1074 .
1977 997 2306 1054 Aleoranum
2342 1002 2529 1071 :quod
2561 1005 2692 1058 solis
2728 1005 2808 1074 (ut
2863 1006 2963 1075 ipsi
2999 1006 3208 1072 dicunt)
3252 1005 3553 1059 revelatum

1978 1098 2062 1143 est
2109 1088 2418 1146 Saracenis.
2459 1093 2698 1149 Necesse
2750 1095 2916 1165 igitur
2945 1104 3001 1149 et
3024 1096 3112 1148 his
3153 1094 3354 1148 habere
3375 1094 3556 1148 Evan-

1978 1178 2180 1247 gelium
2230 1190 2288 1235 et
2339 1182 2536 1251 legem,
2584 1186 2722 1239 sicut
2765 1198 2821 1240 et
2881 1187 3231 1245 Alcoranum,
3266 1194 3325 1239 et
3374 1185 3557 1237 adhuc

1979 1282 2220 1323 servare.
2254 1269 2388 1335 Quia
2421 1283 2601 1328 autem
2632 1274 2891 1330 Saraceni
2936 1277 3172 1329 societas
3196 1275 3324 1328 libri
3362 1274 3558 1328 dicun-

1979 1369 2090 1423 tur,
2114 1364 2415 1417 secundum
2475 1365 2766 1421 Mabometi
2819 1367 3203 1430 intentionem,
3256 1367 3312 1419 in
3369 1365 3559 1423 multis

1981 1449 2236 1505 Alcorani
2282 1454 2594 1509 ostenditur
2624 1458 2780 1514 locis.
2808 1458 3020 1512 Dicitur
3048 1459 3193 1511 enim
3226 1457 3278 1510 in
3313 1457 3559 1524 capitulo

1980 1537 2203 1606 Elnasa,
2249 1545 2393 1611 quod
2431 1543 2826 1614 interpretatur
2878 1548 3145 1612 mulieres,
3187 1547 3332 1601 circa
3368 1546 3554 1610 linem,

1981 1632 2130 1699 quod
2183 1632 2439 1691 Saraceni
2490 1652 2598 1690 non
2650 1638 2909 1691 vacillent
2949 1639 3005 1692 in
3051 1640 3170 1707 lege
3224 1650 3344 1691 sua:
3398 1636 3559 1693 Unde

1983 1721 2282 1777 scribitur:
2312 1724 2356 1779 Ο
2403 1728 2638 1781 societas
2666 1728 2794 1782 libri
2834 1730 3000 1783 nolite
3033 1730 3290 1783 vacillare
3330 1729 3384 1781 in
3440 1729 3560 1797 lege

314 1822 595 1891 κεφαλαίῳ
615 1794 1009 1891 τῷ”“έλμαῖδᾶ,
1050 1823 1077 1876 δ
1108 1794 1468 1892 ἑρμηνεύεται
1501 1794 1774 1891 τράπεζα,
1800 1794 1883 1876 λέ.-

1992 1819 2185 1879 vestra,
2232 1823 2289 1870 et
2347 1830 2417 1870 ne
2459 1817 2657 1872 dicatis
2720 1820 2789 1873 de
2841 1810 2952 1873 Deo
3007 1828 3204 1889 praeter
3246 1794 3559 1875 veritatem.

316 1929 473 1981 γεται
501 1913 584 1965 ὅτι
613 1913 647 1982 ἡ
682 1912 774 1966 τοῦ
808 1913 1012 1984 βιϐλίου
1054 1915 1271 1983 ἑταιρία
1302 1914 1454 1967 οὐδὲν
1489 1914 1625 1979 ὅλως
1657 1916 1802 1967 ἐστὶν
1832 1915 1882 1966 εί

320 2002 396 2069 μὴ
428 2001 715 2072 πληρῶσαι
741 2003 799 2053 ἐν
818 2001 896 2071 τῷ
922 2003 1241 2073 Εύαγγελίῳ
1267 2001 1363 2055 καὶ
1385 2002 1478 2055 τὸν
1510 2002 1694 2071 νόμον.
1712 2002 1887 2056 Ἑται-

321 2099 444 2164 ρίαν
471 2093 527 2145 δὲ
559 2092 652 2146 τοῦ
683 2092 889 2162 βιϐλίου
914 2094 1048 2161 φησὶ
1084 2094 1210 2156 τοὺς
1262 2094 1887 2164 Σαρρακηνοὺς,’ὥσπερ

316 2184 503 2238 αύτόθι
520 2188 707 2254 φησιν,
724 2184 845 2238 ὅθεν
873 2184 1054 2253 λέγει’
1078 2186 1137 2238 El
1163 2186 1237 2255 μή
1259 2187 1362 2252 πλη
1375 2185 1604 2254 ρώσαιεν
1621 2186 1681 2238 τὸ
1714 2185 1890 2254 Εὐαγ-

280 2337 285 2341 ,
315 2275 497 2344 γὲλιον
526 2276 620 2329 καὶ
650 2277 741 2330 τὸν
770 2278 952 2347 νόμον.
990 2277 1224 2347 Ὁμοίως
1247 2278 1304 2330 δὲ
1330 2277 1426 2331 καὶ
1470 2277 1529 2331 τὸ
1561 2279 1642 2330 σοὶ
1673 2277 1882 2331 ἀποκα-

317 2367 542 2436 λυφθὲν,
573 2367 693 2438 ήτοι
719 2369 777 2421 τὸ
816 2368 1159 2438 Ἀλκοράνον,
1205 2369 1233 2422 ὃ
1282 2371 1485 2434 μόνοις,
1510 2369 1584 2431 ὡς
1610 2368 1761 2422 αὐτοί
1782 2385 1884 2437 φασι

323 2474 431 2523 σιν,
467 2461 914 2514 ἀποκεκάλυπται
948 2464 1059 2523 τοῖς
1087 2462 1480 2532 Σαρῤακηνοῖς.
1518 2460 1756 2529 Ἀνάγκη
1779 2460 1885 2530 ἄρα

323 2552 417 2605 καὶ
445 2551 655 2615 τούτοις
686 2552 831 2620 ἔχειν
865 2551 925 2605 τὸ
949 2552 1283 2620 Εὐαγγὲλιον
1320 2552 1416 2604 καὶ
1439 2550 1533 2604 τὸν
1566 2550 1750 2620 νόμον,
1775 2550 1887 2603 ὦσ-

322 2656 426 2709 περ
468 2641 562 2694 καὶ
596 2643 658 2694 τὸ
698 2641 1051 2711 Ἀλκοράνον,
1083 2641 1177 2693 καλ⁵
1202 2640 1425 2710 προσέτι
1456 2639 1801 2708 τηρ;ῖν.”οτι
1833 2638 1891 2692 δὲ
1922 2645 1939 2661 ⁶

321 2733 371 2786 οι
425 2732 772 2805 Σαρρακηνοὶ
807 2734 1022 2801 ἑταιρία
1068 2733 1317 2798 λέγονται
1354 2730 1449 2785 τοῦ
1499 2730 1705 2799 βιϐλίου
1753 2731 1893 2784 κατὰ

319 2826 412 2877 τὸν
444 2825 541 2877 τοῦ
589 2825 834 2893 Μωάμεθ
882 2823 1106 2888 σκοπὸν,
1132 2826 1190 2876 ὲν
1227 2823 1436 2884 πολλοῖς
1491 2820 1583 2873 τοῦ
1628 2821 1891 2892 ’Λλκορά-

323 2933 416 2969 νου
447 2917 719 2969 δείκνυται
742 2916 949 2979 τόποις.
981 2916 1219 2982 Λέγεται
1243 2915 1349 2984 γὰρ
1378 2915 1488 2975 τοϊς
1517 2914 1892 2984 Σαῤῥακηνοῖς

1981 1901 2107 1959 Haec
2137 1921 2257 1974 quae
2274 1914 2405 1962 sunt
2434 1908 2488 1961 in
2513 1909 2608 1963 illo
2631 1909 2891 1978 capitulo,
2916 1912 3216 1966 ostendunt
3243 1912 3561 1965 societatem

1984 1995 2113 2050 libri
2143 1996 2251 2052 dici
2302 1997 2626 2055 Saracenos.
2651 1998 2975 2055 Ostenditur
3005 2011 3185 2056 autem
3219 2002 3395 2071 palam
3424 2012 3481 2057 et
3506 2002 3564 2056 in

1987 2089 2226 2157 capitulo
2262 2088 2476 2155 Tulem,
2524 2092 2669 2146 circa
2722 2091 2894 2147 ﬁnem.
2919 2093 3068 2147 libri.
3100 2093 3157 2148 Si
3212 2106 3398 2149 autem
3432 2110 3568 2150 con-

1991 2178 2297 2245 tendentes,
2356 2181 2548 2234 volunt
2579 2181 2787 2245 dicere,
2817 2182 3175 2253 Evangelium
3223 2194 3281 2238 et
3324 2192 3567 2240 veterem

1989 2269 2163 2339 legem
2226 2272 2451 2327 omnino
2494 2276 2808 2345 enrruptam
2833 2292 2975 2343 esse,
3017 2278 3309 2331 ostendant
3346 2278 3447 2348 ipsi
3481 2279 3570 2333 in-

1990 2368 2197 2430 tegram
2252 2370 2308 2415 et
2346 2364 2706 2430 immutatam,
2752 2373 2807 2418 et
2869 2365 3231 2434 suscipiemus
3271 2385 3286 2422 :
3333 2368 3568 2422 maxime

1992 2459 2173 2505 autem
2203 2452 2497 2506 ostendant
2545 2453 2767 2507 unicum
2823 2462 3009 2526 typum
3068 2456 3124 2509 in
3174 2455 3430 2510 omnibus
3464 2456 3571 2510 litt-

1992 2543 2135 2613 guis,
2158 2544 2302 2598 sicut
2353 2560 2455 2599 nos
2504 2545 2586 2600 eis
2624 2545 2973 2603 adduximus.
3005 2546 3352 2603 Manifestum
3376 2548 3569 2618 igitur,

1985 2638 2131 2706 quod
2158 2639 2506 2693 Aleoranum
2562 2655 2670 2694 non
2705 2652 2789 2696 est
2823 2642 2908 2696 lex
2950 2642 3067 2705 Dei,
3100 2653 3393 2714 prOpterea
3421 2645 3569 2715 quod

1986 2744 2167 2798 neque
2213 2739 2373 2784 vetus
2430 2730 2542 2793 lex,
2585 2747 2764 2801 neque
2806 2733 3158 2803 Evangelium
3209 2736 3576 2803 (qna'divtnae

1984 2821 2133 2890 leges
2181 2831 2330 2886 sunt,
2355 2831 2415 2875 ut
2446 2830 2500 2877 et
2534 2823 2871 2878 Mahometus
2930 2824 3249 2898 conﬁtetur)
3304 2828 3447 2883 hanc
3495 2836 3575 2885 te-

1988 2920 2224 2978 stantur,
2248 2914 2343 2968 sed
2372 2915 2556 2984 potius
2583 2914 2966 2971 adversantur.

329 3011 389 3063 ιν
427 3008 504 3079 τῷ
531 3008 813 3078 κεφαλαίῳ
884 3007 963 3077 τῷ
1040 3007 1285 3070 Ἐλνεσᾶ,
1323 3005 1352 3058 δ
1391 3005 1757 3075 ἑρμηνεύεται
1814 3002 2118 3072 γυναῖκες,
2188 3007 2315 3073 περὶ
2355 3003 2418 3056 τὸ
2461 3004 2635 3068 τέλος,
2684 3006 2758 3075 μὴ
2793 3007 2903 3059 δεῖν
2952 3007 3009 3059 ἑν
3053 3004 3133 3076 τῷ
3178 3007 3388 3061 ἑαυτῶν
3426 3009 3577 3081 νὸισῳ

325 3099 633 3169 σχολάζειν.
657 3098 821 3152 Ὅθεν
877 3100 994 3151 ἐκεῖ
1054 3099 1361 3168 γέγραπται
1386 3112 1400 3127 ⁸
1448 3093 1520 3151 Ὦ
1566 3097 1780 3166 ἑταιρία
1808 3096 1903 3149 τοῦ
1944 3094 2176 3165 βιϐλίου,
2245 3095 2320 3166 μὴ
2383 3096 2672 3166 σχολάζετε
2706 3101 2760 3150 ἑν
2792 3099 2869 3170 τῷ
2894 3100 3143 3170 ὑμετέρῳ
3171 3100 3342 3170 νόμῳ,
3378 3102 3471 3154 καὶ
3499 3105 3576 3174 μὴ

321 3200 530 3254 εἴποιτε
560 3193 812 3268 περὶτοῦ
846 3193 980 3249 Θεοῦ
1015 3196 1154 3265 πλὴν
1198 3194 1474 3265 ἀληθείας.
1508 3193 1693 3249 Πάντα
1737 3192 1805 3246 τὰ
1831 3192 1888 3245 ὲν
1927 3191 2122 3261 ἐκείνῳ
2156 3190 2233 3262 τῷ
2298 3193 2579 3264 κεφαλαίῳ
2607 3193 2735 3247 δντα
2786 3194 3123 3249 δεικνύουσιν
3189 3200 3434 3269 ἐταιρὲαν
3479 3201 3576 3255 τοῦ

324 3290 533 3362 βιϐλίου
574 3288 831 3357 λέγεσθαι
874 3288 999 3351 τοὺς
1087 3285 1492 3359 Σαρῥακηνούς.
1542 3286 1830 3339 Δείκνυται
1869 3284 1924 3337 δὲ
1960 3284 2256 3357 διαρρήδην
2287 3285 2389 3354 καλἸ
2413 3287 2470 3338 ἑν
2515 3285 2592 3356 τῷ
2630 3286 2910 3358 κεφαλαίῳ
2944 3288 3165 3357 Τούλεμ
3231 3294 3361 3361 περὶ
3397 3292 3459 3345 τὸ
3480 3293 3576 3348 τοῦ

327 3382 533 3453 βιϐλίου
564 3383 736 3444 τέλος.
766 3382 829 3434 Εἰ
861 3380 917 3434 δὲ
949 3378 1376 3450 φιλονεικοῦντες
1405 3377 1685 3449 βούλονται
1711 3378 1895 3446 λέγειν
1932 3377 1993 3431 τὸ
2044 3377 2379 3446 Εὐαγγὲλιον
2445 3378 2542 3430 καὶ
2588 3378 2679 3432 τὸν
2761 3379 2988 3433 παλαιὸν
3046 3381 3209 3450 νόμον
3260 3386 3577 3439 παντάπασι

321 3477 667 3548 διεφθάρθαι,
696 3475 1025 3542 δειξάτωσαν
1068 3475 1220 3527 αὐτοὶ
1260 3474 1518 3543 ἀκέραιον
1548 3474 1637 3526 καὶ
1699 3472 2131 3551 ἀμεταποίητον,
2197 3473 2293 3525 καὶ
2356 3471 2657 3542 δεξόμεθα’
2706 3473 2945 3539 μάλιστα
3011 3473 3057 3527 δ’
3108 3473 3581 3528 ἑπιδεικνύτωσαν

332 3570 599 3641 μονοειδὲς
630 3570 688 3622 ἑν
732 3569 930 3632 πάσαις
975 3569 1094 3631 ταῖς
1126 3566 1446 3631 διαλέκτοις,
1486 3564 1673 3637 ὥσπερ
1722 3567 1884 3636 ἡμεῖς
1925 3565 2109 3628 αὐτοῖς
2174 3564 2594 3635 παρηγάγομεν.
2636 3563 2878 3635 Φανερὸν
2942 3567 3144 3630 τοίνυν,
3184 3566 3357 3618 ὅτιτὸ
3396 3566 3581 3618 Ἂλκο⁶

331 3668 490 3739 ράνον
518 3667 617 3720 οὐκ
659 3665 811 3719 εστιν
848 3664 1009 3729 νόμος
1039 3662 1200 3728 Θεοῦ,
1229 3662 1320 3716 διὰ
1363 3663 1425 3716 τὸ
1487 3665 1624 3733 μήτε
1659 3662 1749 3715 τὸν
1813 3660 2041 3715 παλαιὸν
2102 3659 2287 3729 νόμον,
2325 3661 2465 3728 μήτε
2538 3661 2600 3712 τὸ
2658 3660 2995 3728 Εὑαγγέλιον
3026 3659 3084 3731 (ἃ
3122 3660 3303 3724 θείους
3330 3658 3579 3718 εἷναινό-

328 3777 466 3831 μους
490 3758 586 3813 καὶ
613 3760 641 3811 ὁ
662 3755 907 3824 Μωαμεθ
935 3755 1208 3824 ὁμολογεῖ)
1237 3752 1411 3824 τούτῳ
1452 3755 1890 3824 συμμαρτυρεῖν,
1937 3751 2070 3805 ἀλλὰ
2101 3752 2306 3820 μᾶλλον
2334 3750 2737 3806 ἐναντιοῦσθαι.

325 3881 402 3929 Δ’.
438 3874 571 3928 ὀτι
627 3874 695 3926 τὸ
751 3869 1093 3939 ἀνικοράνον
1139 3871 1252 3925 οὐκ
1309 3867 1444 3923 ἔστι
1493 3868 1678 3936 νόμος
1727 3867 1890 3931 Θεοῦ,

2007 3864 2096 3929 1V.
2135 3864 2291 3930 Quod
2314 3864 2638 3918 Alcoranu'm
2665 3880 2769 3917 non
2800 3874 2875 3918 est
2912 3865 2997 3919 lex
3023 3864 3141 3926 Dei,
3192 3866 3442 3935 quoniam
3473 3882 3579 3919 non

399 3970 530 4024 ἐπεὶ
558 3967 645 4037 μὴ
673 3966 902 4038 φράσιν
926 3966 1027 4021 καὶ
1077 3961 1224 4036 ἦθος
1247 3964 1373 4031 τοῖς
1409 3962 1624 4027 ἄλλοις
1654 3964 1890 4030 συμϐαί-

2072 3955 2228 4010 habet
2245 3956 2440 4026 stylum
2467 3964 2516 4008 et
2547 3959 2759 4009 modum
2791 3971 2909 4009 cum
2947 3955 3068 4010 aliis
3101 3957 3502 4011 cont'enienlem.

402 4074 608 4115 νοντα.

407 4168 680 4240 Τέταρτον
727 4169 808 4223 δεῖ
839 4168 1150 4236 γινώσκειν,
1189 4168 1270 4220 ὅτι
1321 4166 1383 4219 τὸ
1422 4165 1744 4233 Ἀλκοράνον
1801 4162 1901 4214 οὐκ

242 4272 261 4279 ’
337 4260 454 4314 ἐστι
482 4264 645 4328 νόμος
669 4257 826 4322 Θεοῦ,
856 4257 942 4310 διὰ
972 4258 1032 4308 τὸ
1063 4255 1137 4326 μὴ
1183 4255 1385 4327 φράσιν
1421 4254 1614 4323 ὁμοίαν
1649 4253 1795 4321 ἔχειν
1823 4248 1901 4318 τῷ

335 4350 467 4420 θείῳ
495 4351 668 4420 νόμῳ.
704 4350 857 4401 Ἐστι
885 4348 994 4415 γὰρ
1022 4349 1087 4417 τῇ
1112 4347 1280 4414 φράσι
1310 4342 1602 4415 ῥυθμικὸν,
1636 4342 1669 4412 ἢ
1714 4357 1902 4409 μετρι-

2074 4169 2280 4233 Quarto
2296 4185 2347 4237 ο,
2369 4181 2511 4225 ortet
2532 4172 2695 4235 scire,
2717 4172 2860 4241 quod
2884 4171 3211 4227 Alcoranum
3244 4189 3350 4228 non
3383 4185 3466 4229 est
3491 4175 3580 4230 lex
3618 4186 3623 4191 ‘

2001 4261 2121 4323 Dei,
2160 4271 2447 4330 pr0pterea
2478 4262 2623 4331 quod
2654 4277 2762 4315 non
2790 4262 2954 4317 habet
2996 4262 3192 4333 stylum
3227 4280 3326 4317 nec
3357 4265 3581 4320 modum

2006 4353 2206 4408 divina:
2246 4355 2345 4423 legi
2380 4354 2638 4429 similem.
2665 4355 2762 4408 Est
2795 4354 2962 4423 igitur
2995 4355 3136 4426 stylo
3200 4358 3576 4425 rhythmieum

336 4443 458 4506 κὸν,
486 4439 774 4503 κολακείας
807 4442 1001 4510 μεστὸν
1017 4440 1073 4490 ἑν
1089 4440 1202 4500 τοῖς
1222 4437 1425 4504 λόγοις,
1459 4436 1554 4487 καὶ
1588 4433 1815 4504 μυθικὸν
1843 4434 1890 4484 ἑκ

2004 4440 2089 4494 vel
2125 4441 2437 4505 metricam,
2463 4451 2519 4495 et
2548 4443 2921 4497 assentatione
2954 4444 3175 4513 plenum
3214 4445 3269 4498 iu
3305 4449 3584 4501 sermoni-

334 4536 405 4605 τῇ
434 4534 665 4602 διανοίᾳ.
698 4533 821 4584 Ὀτι
847 4530 905 4583 δὲ
926 4532 990 4600 τῇ
1029 4531 1227 4599 φράσει
1253 4529 1371 4579 ἐστὶ
1423 4524 1689 4596 ῥυθμικὸν
1723 4521 1900 4575 διόλου

331 4624 432 4679 τοῦ
486 4624 711 4695 βιϐλίου,
766 4623 997 4691 φανερὸν
1041 4623 1152 4683 τοῖς
1208 4616 1670 4684 ἀναγινώσκουσι.
1715 4614 1904 4683 Παρά-

334 4715 539 4783 δειγμα
564 4713 619 4766 δὲ
640 4711 829 4765 τούτου
856 4713 915 4763 ού
946 4710 1182 4779 δύναμαι
1213 4706 1581 4778 παραθέσθαι,
1620 4704 1709 4757 διὰ
1731 4704 1792 4756 τὸ
1830 4702 1903 4771 μὴ

332 4794 595 4853 δύνασθαι
632 4800 898 4863 σώζεσθαι
926 4800 1017 4853 τὸν
1064 4797 1270 4868 ῥυθμὸν
1310 4797 1343 4866 ἢ
1394 4796 1452 4848 τὸ
1503 4794 1633 4857 ἔπος
1685 4792 1906 4861 ἀληθῶς

338 4892 435 4942 καὶ
458 4889 599 4943 κατά
620 4892 798 4944 πάντα
829 4890 1291 4959 μετενηνεγμένον
1314 4889 1391 4949 είς
1414 4887 1473 4939 τὸ
1500 4886 1812 4940 Λατινικόν.
1843 4885 1906 4937 Οἱ

334 4981 394 5035 δὲ
423 4981 764 5052 Σαρῤακηνοὶ
790 4981 884 5034 καὶ
902 4981 951 5033 οἱ
976 4979 1213 5049 Ἀραϐες
1237 4978 1329 5031 ἐπὶ
1357 4978 1529 5047 τούτῳ
1555 4978 1908 5047 σεμνύνονται

346 5071 599 5141 μάλιστα,
634 5072 712 5142 τῷ
751 5072 847 5142 τὴν
878 5073 1076 5141 φράσιν
1120 5071 1211 5122 τοῦ
1242 5071 1374 5136 παρ’
1409 5071 1593 5131 αὐτοῖς
1626 5072 1795 5138 νόμου
1849 5068 1908 5121 ὖ-

2006 4531 2127 4594 bus,
2161 4540 2214 4584 et
2247 4532 2579 4585 fabulosum.
2612 4533 2770 4598 Quod
2800 4544 2984 4587 autem
3019 4535 3161 4605 stylo
3195 4536 3568 4606 rhythmitutn

2006 4625 2098 4686 sit,
2128 4638 2223 4690 per
2259 4632 2431 4675 totum
2459 4625 2660 4677 librum
2696 4625 3054 4679 manifestum
3107 4636 3193 4680 est
3247 4628 3579 4696 legentibus.

2012 4713 2336 4782 Exemplum
2398 4724 2584 4768 autem
2646 4715 2814 4785 hujus
2848 4732 2956 4770 non
3021 4732 3242 4785 possum
3280 4734 3581 4788 apponere,

2008 4811 2300 4873 propterea
2328 4807 2471 4873 quod
2510 4821 2619 4859 non
2667 4815 2845 4872 potest
2896 4809 3095 4862 salvari
3136 4809 3427 4880 rhythmos
3496 4809 3584 4863 vel

2010 4909 2203 4947 versus
2236 4908 2362 4947 vere
2388 4902 2444 4947 et
2472 4894 2772 4949 secundum
2809 4902 3011 4965 omnia,
3051 4915 3175 4953 eum
3227 4900 3281 4953 in
3323 4892 3584 4954 Latinum

2014 4968 2371 5036 transfertur.
2424 4983 2682 5038 Saraceni
2739 4997 2925 5039 autem
2991 4997 3046 5041 et
3110 4987 3324 5042 Arabes
3373 4989 3429 5041 in
3482 4990 3588 5041 hoc

2012 5075 2245 5127 maxime
2301 5074 2628 5142 gloriantur,
2683 5075 2826 5146 quod
2894 5077 3102 5132 locutio
3152 5094 3273 5147 quae
3322 5090 3404 5133 t-st
3438 5079 3583 5146 apud

342 5165 443 5234 ψος
477 5164 621 5234 ἐχειν
653 5166 749 5217 καὶ
795 5163 1022 5233 ῥυθμὸν,
1062 5164 1157 5216 καὶ
1190 5164 1354 5230 φασιν
1380 5168 1437 5217 ἑν
1460 5165 1636 5231 τούτῳ
1670 5162 1890 5231 μάλιστῑ

2016 5178 2129 5223 eos,
2160 5163 2297 5232 legis
2324 5165 2708 5219 celsitudinem
2765 5167 2931 5221 habet
2966 5178 3021 5223 et
3060 5168 3405 5239 rhythmum.
3436 5177 3491 5221 et
3525 5168 3583 5221 in

342 5257 653 5311 δείκνυσθαι
682 5259 743 5309 τὸ
773 5257 975 5326 βιϐλίον
994 5256 1100 5309 ὑπὸ
1119 5256 1213 5309 τοῦ
1237 5257 1373 5310 Θεοῦ
1398 5255 1792 5319 συντεθεῖσθαι,
1819 5256 1890 5308 κα

2018 5254 2122 5308 hoc
2152 5256 2383 5310 maxime
2413 5258 2720 5311 ostenditur
2751 5260 2948 5312 librum
2983 5276 3013 5313 a
3060 5260 3172 5313 Deo
3217 5261 3587 5329 compositum

342 5347 423 5417 τῷ
478 5348 720 5418 Μωάμεθ
778 5347 1110 5411 κατὰνλὲξιν
1164 5347 1639 5416 ἀποκεκαλύφθαι.
1686 5346 1746 5400 Ὀ
1804 5350 1890 5413 γὰι

2014 5346 2208 5408 fuisse.
2242 5356 2298 5399 et
2339 5347 2644 5403 Mahometo
2686 5350 2991 5404 secundum
3052 5352 3389 5406 locutionem
3427 5366 3587 5405 reve-

343 5440 613 5509 Μωάμεθ,
643 5440 856 5511 ἰδιώτης
886 5439 981 5503 ὣν,
1018 5439 1117 5492 οὐκ
1144 5438 1254 5510 ᾔδει
1284 5437 1540 5507 τοιαύτην
1583 5438 1825 5492 διάνοιάν
1850 5454 1911 5490 τε

343 5529 690 5601 καὶεφράσιν·
722 5548 783 5584 ου
813 5529 1119 5583 τούναντίον
1144 5530 1394 5598 φαίνεται
1425 5529 1912 5600 ἀριδήλως.⁹ορὦο

2011 5435 2179 5490 latum
2220 5451 2359 5490 esse.
2417 5438 2759 5494 Mahometus
2792 5441 2957 5496 idiota
3015 5443 3586 5511 cxsistcns,‘ignora-

2014 5529 2105 5583 bat
2146 5532 2307 5583 talem
2351 5532 2680 5583 sententiam
2735 5543 2789 5584 et
2846 5534 3204 5587 locutionem.
3244 5533 3408 5601 Cujus
3447 5548 3583 5584 con-

345 5635 449 5691 μιν
479 5622 587 5690 γὰρ
617 5625 675 5673 ἐν
708 5625 774 5692 τῇ
812 5623 933 5693 θείᾳ
989 5623 1179 5693 Γραφῇ
1221 5621 1607 5690 διαλεγόμενον
1637 5622 1729 5673 τὸν
1772 5622 1890 5673 ιΘεὸί

2016 5622 2239 5674 trs-lum
2270 5606 2519 5689 appairet.
2558 5622 2813 5676 Videmus
2838 5624 2983 5677 enim
3012 5626 3064 5676 in
3084 5625 3267 5678 divina
3295 5622 3581 5689 Scriptura

342 5708 569 5762 Μωῦσεϊ
599 5711 691 5764 καὶ
733 5710 853 5763 Ἰὼϐ
892 5712 986 5764 καὶ
1015 5712 1124 5773 τοῖς
1155 5709 1338 5774 ἄλλοις
1378 5709 1554 5777 ἁγίοις
1579 5709 1914 5780 προφήταις,

2014 5712 2184 5767 Deum
2216 5711 2536 5781 loquentem
2572 5729 2698 5768 cum
2727 5714 2932 5783 Moyse,
2969 5724 3023 5769 et
3051 5730 3175 5769 cum
3204 5713 3325 5767 aliis
3343 5716 3584 5782 prophe-
