4068 6446
528 296 669 359 Ῑῐῖὃθ
1885 302 2100 363 DEME'

2199 302 2267 361 Π
2343 302 2659 364 CYDONII
3641 303 3780 371 l060

523 412 615 467 tis.
632 416 687 461 et
712 422 986 478 nunquam
1009 408 1281 481 rhythmis
1299 410 1384 465 vel
1402 411 1654 471 versibus
1668 410 1756 467 his
1772 412 2100 481 loquentem.

2213 411 2307 462 καὶ
2352 410 2611 463 οὐδέποτε
2645 408 2875 480 ῥυθμοῖς
2929 410 2961 481 ἢ
2996 408 3155 463 ἔπεσι
3192 406 3403 474 τούτοις
3447 408 3776 479 λαλήσαντα.

522 498 694 569 Moysi
716 508 896 553 autem
911 500 1108 570 legem,
1145 511 1195 555 et
1222 503 1574 572 Evangelium
1598 504 1731 559 dicit
1754 504 2099 561 Mahometus

2207 499 2313 552 Τὸν
2352 498 2410 551 δὲ
2444 498 2536 553 τοῦ
2564 500 2846 562 Μωύσέως
2875 502 3063 569 νόμον,
3095 500 3186 554 καὶ
3215 500 3275 554 τὸ
3304 501 3636 568 Εύαγγέλιον
3674 520 3779 573 φη,

521 603 550 643 a
566 590 676 643 Deo
712 604 855 657 esse,
869 592 1035 645 Deum
1051 593 1222 647 libros
1241 595 1407 666 Moysi
1429 605 1485 650 et
1498 596 1714 650 Christo
1728 595 1969 651 dedisse.
1994 595 2100 650 Sed

2208 589 2293 642 alv
2340 589 2369 641 ό
2398 589 2646 656 Μωάμεθ
2684 592 2833 658 παρὰ
2869 591 3003 645 Θεοῦ
3057 585 3223 653 εἶναι,
3275 592 3371 644 καὶ⁵
3413 592 3503 645 τδν
3533 592 3664 647 Θεὸν
3709 594 3781 648 τὰ

525 680 578 734 hi
599 695 706 733 non
743 684 1098 737 suutmctrici
1119 685 1201 738 vel
1225 686 1540 756 rhythmici.
1564 687 1633 742 Et
1659 687 1839 742 nullus
1864 688 2100 742 aliorum

2210 681 2388 749 βιϐλία
2446 682 2595 751 αύτῴ
2639 682 2868 736 Μωῡσεῖ
2914 684 3008 736 καὶ
3058 681 3135 752 τῷ
3188 682 3406 751 Χριστῷ
3464 683 3779 742 δεδωκέναι.

524 769 918 838 prophetarum
968 771 1062 840 qui
1097 772 1340 829 divinam
1367 788 1555 829 vocem
1588 774 1906 840 audierunt,
1965 776 2105 831 dixit

524 859 693 914 Deum
714 860 936 915 metrice
958 862 1198 917 loculum
1217 879 1360 929 esse,
1379 865 1525 934 quod
1543 866 1819 936 sapientes
1845 877 1899 921 et
1917 867 2101 938 philo-

521 953 679 1021 sophi
696 952 945 1007 homines
967 953 1352 1024 ded‘gnantur.
1372 954 1527 1012 Unde
1556 966 1610 1011 et
1638 958 1943 1013 intulerunt
1977 957 2103 1027 qui-

523 1045 649 1100 dam
675 1048 777 1101 hoc
796 1046 1125 1111 Mahometo,
1150 1048 1294 1103 sicut
1324 1047 1528 1104 dicitur
1555 1048 1607 1104 in
1639 1049 1884 1117 capitulo
1912 1050 2101 1110 Eleme

524 1137 628 1207 pis,
649 1138 792 1207 quod
821 1137 1210 1208 interpretatur
1225 1143 1510 1211 prophetae,
1536 1139 1784 1196 dicentes
1803 1144 1853 1196 ei
1880 1160 1893 1195 :
1914 1141 2105 1197 Potius

524 1231 744 1300 quidem
774 1233 938 1303 igitur
954 1236 1219 1298 somnias,
1250 1238 1433 1305 potius
1459 1236 1680 1305 quidem
1736 1237 1897 1306 igitur
1924 1235 2102 1306 tripu-

529 1324 687 1400 dias,
709 1330 764 1376 et
801 1324 904 1377 alia
931 1340 1274 1396 qurevuuque
1309 1327 1436 1380 talia
1465 1327 1590 1380 huic
1621 1327 2096 1396 improperahant,

446 1432 452 1443 ‘
530 1417 946 1472 considerantes
976 1417 1121 1487 quod
1180 1434 1287 1472 non
1322 1419 1502 1472 solum
1559 1419 1675 1473 haec
1730 1417 1936 1472 locutio
1990 1433 2100 1473 non

523 1518 607 1562 est
633 1522 663 1561 a
705 1508 836 1571 Deo,
898 1507 992 1563 sed
1030 1524 1207 1578 neque
1235 1510 1459 1563 omnino
1483 1509 1824 1579 prophetica.
1864 1508 2104 1564 Ulterius

529 1607 719 1652 autem
751 1598 839 1652 lex
863 1597 981 1653 haec
1010 1599 1172 1668 plena
1205 1608 1291 1654 est
1321 1600 1703 1654 assentatione
1731 1598 1786 1653 in
1813 1600 2015 1665 verbis,
2048 1608 2105 1653 et

525 1688 697 1756 magis
731 1703 894 1757 quam
926 1688 1051 1757 quis
1088 1695 1272 1757 pos~et
1319 1687 1547 1743 credere
1578 1688 1662 1742 vel
1721 1688 1928 1744 dicere.
1988 1687 2103 1742 Ali-

523 1751 918 1846 qua'ndo’enim
944 1751 1048 1848 per
1074 1751 1248 1833 totum
1301 1779 1599 1848 capitulum
1647 1780 1890 1836 subtexit
1917 1780 2102 1851 pretio
2131 1751 2176 1809 Β

525 1869 751 1939 dignum
780 1868 1002 1937 quidem
1042 1869 1199 1934 nihil,
1228 1869 1404 1924 solum
1428 1878 1609 1925 autem
1641 1870 1788 1940 quod
1841 1869 1984 1926 Deus
2017 1878 2103 1925 est

529 1975 761 2029 magnus
789 1969 846 2013 et
897 1960 1149 2014 excelsus
1202 1969 1253 2014 et
1288 1962 1514 2029 sapiens~
1547 1970 1602 2015 et
1643 1962 1837 2027 bonus,
1872 1970 1923 2015 et
1953 1960 2100 2031 quod

526 2053 649 2124 ejus
680 2065 809 2106 sunt
837 2051 1022 2105 omnia
1055 2065 1178 2120 quae
1204 2060 1335 2107 sunt
1370 2052 1424 2106 in
1459 2052 1621 2119 coelo,
1648 2060 1705 2107 et
1735 2068 1855 2122 quae
1885 2062 2014 2107 sunt
2044 2051 2100 2105 iu

525 2153 696 2205 terra,
728 2150 785 2195 et
810 2158 930 2210 quae
963 2150 1096 2197 sunt
1132 2142 1186 2195 in
1217 2141 1417 2207 medio,
1447 2152 1503 2196 et
1532 2143 1843 2213 quodjuste
1867 2142 2098 2214 judicat.

524 2235 596 2289 Et
632 2233 936 2289 secundum
975 2234 1260 2304 quodlibet
1308 2235 1532 2289 verbum
1582 2235 1843 2301 duplicat,
1874 2235 2098 2288 dicens:

526 2323 801 2376 Laudetur
835 2323 971 2392 ipse.
998 2322 1067 2376 Et
1095 2323 1321 2388 omnino
1350 2325 1554 2392 alisque
1572 2324 1902 2378 necessitate
1917 2324 2099 2393 aliqua

523 2412 768 2480 dttpliCnl
823 2413 1032 2466 centies
1065 2422 1122 2466 et
1153 2413 1297 2482 plus,
1355 2423 1411 2469 et
1442 2422 1565 2483 post
1596 2414 1712 2469 haec
1759 2416 1927 2469 dicit;
1974 2415 2097 2470 Non

526 2511 609 2556 est
634 2504 778 2558 Deus
808 2515 1005 2573 praeter
1044 2505 1237 2570 Deum,
1264 2515 1340 2575 et,
1372 2506 1579 2560 credite
1645 2510 1697 2559 in
1768 2507 1937 2561 Deum
1978 2548 1993 2571 ,
2045 2516 2096 2561 et

524 2593 832 2662 apostolum
877 2594 1017 2663 ejus,
1082 2595 1320 2663 seipsum
1379 2599 1688 2663 apostolum
1764 2595 1860 2651 Dei
1925 2598 2099 2650 nomi-

523 2699 688 2739 nans.
716 2684 784 2737 Et
813 2683 945 2738 dicit
979 2683 1099 2737 hazc
1158 2686 1344 2741 omnia
1400 2685 1610 2754 absque
1664 2686 1845 2741 medio
1870 2702 1935 2742 ex
1974 2687 2099 2756 ipso

522 2789 623 2827 ore
661 2774 753 2828 Dei
788 2773 930 2827 dicta
963 2789 1108 2836 esse.
1161 2782 1218 2828 et
1246 2774 1392 2844 quod
1444 2776 1727 2831 nesciebat
1781 2779 1894 2833 hac
1920 2778 2099 2832 dicere

525 2865 891 2927 Mahometus.
925 2866 1016 2919 sed
1046 2865 1138 2920 hic
1166 2874 1249 2920 est
1284 2880 1401 2920 mos
1435 2867 1486 2920 in
1516 2866 1630 2919 Deo
1658 2882 1784 2921 eum
1818 2867 1887 2924 de
1917 2870 2097 2938 seipso

526 2962 787 3023 tanquam
821 2955 889 3009 de
946 2954 1120 3009 altero
1155 2954 1362 3018 dicere,
1403 2955 1545 3024 quod
1580 2955 1724 3010 Deus
1755 2966 1837 3010 est
1869 2972 2096 3026 magnus

522 3055 581 3100 ct
616 3046 887 3110 excelsus,
952 3054 1009 3099 et
1060 3045 1163 3099 alia
1224 3045 1584 3114 hujusmodi:
1649 3062 1772 3116 quae
1820 3045 2166 3141 duplicarec

526 3137 820 3192 desuetum
849 3144 951 3189 est.
985 3134 1295 3189 Notandum
1328 3145 1381 3189 et
1427 3135 1551 3201 hoc,
1590 3135 1735 3205 quod
1783 3137 1946 3189 etiam
1982 3144 2098 3187 tur-

527 3223 770 3294 pissimis
802 3235 859 3279 et
888 3223 1123 3278 niaxime
1151 3224 1462 3278 carnalibus
1495 3225 1810 3279 nominibUs
1844 3225 1928 3279 lex
1983 3225 2101 3279 haec

525 3316 726 3381 utitur,
759 3316 903 3369 sicut
963 3315 1068 3379 his,
1100 3315 1314 3370 scilicet
1368 3316 1548 3371 coitus
1580 3325 1635 3370 et
1665 3316 1921 3383 luxuriae,
1955 3316 2101 3372 sicut

524 3422 648 3459 mos
678 3413 761 3460 est
786 3404 872 3458 his
897 3404 991 3473 qui
1024 3405 1178 3458 humi
1229 3404 1478 3476 depressi
1528 3415 1680 3460 sunt.
1712 3406 1788 3460 De
1822 3407 2099 3461 locutione

515 3495 634 3566 jam
666 3504 722 3549 et
756 3494 1032 3548 sententia
1065 3494 1281 3549 ﬁrmum
1317 3504 1372 3550 et
1429 3495 1779 3550 manifestum
1808 3509 1885 3550 εει
1920 3497 2099 3550 omni-

523 3586 627 3639 bus
695 3583 1021 3654 legentibus,
1088 3584 1237 3654 quod
1286 3586 1358 3641 sit
1389 3585 1661 3640 fabulosa.
1693 3586 1801 3640 Sed
1863 3587 1964 3640 etsi
1993 3601 2097 3656 per

522 3684 700 3729 totum
732 3675 975 3741 talisest,
1003 3676 1056 3730 in
1089 3677 1419 3747 quibusdam
1455 3688 1634 3731 tamen
1663 3691 1833 3745 pauca
1850 3677 2099 3746 quaedam

523 3780 647 3834 qua:
709 3765 888 3835 pretio
920 3766 1170 3836 digniora
1222 3767 1478 3821 videntur
1547 3780 1837 3835 apponam.
1888 3766 2101 3822 Dicitur

520 3857 669 3913 enim
699 3859 756 3913 in
789 3859 1031 3929 capitulo
1054 3859 1262 3925 Emele,
1292 3857 1443 3927 quod
1469 3857 1868 3927 interpretatur
1890 3874 2096 3923 musca,

527 3948 677 4019 quod
716 3948 975 4004 Salomon
1037 3964 1294 4021 magnum
1352 3948 1684 4018 angelorum
1748 3951 2126 4019 congregavit_

525 4039 827 4094 exercitum
861 4048 917 4094 et
972 4041 1277 4105 hominum,
1332 4047 1387 4093 et
1426 4038 1826 4094 irrationalium
1891 4041 2099 4094 anima-

521 4131 677 4185 lium.
710 4131 1051 4185 Recedentes
1093 4140 1276 4185 autem
1309 4131 1639 4185 invenerunt
1674 4130 1833 4200 quasi
1873 4130 2096 4185 ﬂuvium

521 4220 813 4289 quemdam
849 4234 1181 4280 muscarum,
1221 4228 1277 4272 et
1337 4228 1468 4272 tunc
1519 4219 1630 4291 jam
1679 4221 1819 4276 dixit
1858 4236 2095 4277 muscae:

526 4309 570 4362 Ο
611 4325 834 4374 muscae,
869 4324 969 4363 vos
1001 4309 1226 4363 introite
1274 4310 1325 4362 in
1372 4310 1736 4366 habitationes
1763 4322 1994 4376 vestras,
2030 4327 2099 4365 ne

2217 770 2381 825 Ἀλλὰ
2410 770 2586 825 ταῦτα
2610 773 2711 827 οὐκ
2741 773 2849 825 εἰσὶ
2878 772 3111 845 μετρικὰ
3146 772 3178 844 ἢ
3215 772 3480 844 ῥυθμικά.
3524 774 3632 828 Καὶ
3664 775 3775 829 τῶν

2206 860 2383 914 ἄλλων
2404 861 2460 912 δὲ
2493 862 2798 932 προφητῶν
2816 862 2925 917 τῶν
2952 862 3048 930 τῆς
3075 860 3227 924 θείας
3249 862 3566 931 ἀκηκοότων
3589 863 3777 932 φωνῆς

2204 951 2381 1014 οὐδεὶς
2411 950 2581 1020 ἔφησε
2608 951 2699 1004 τὸν
2729 951 2863 1005 Θεὸν
2900 952 3174 1021 μετρικῶς
3219 952 3514 1027 διελέχθαιο
3540 952 3567 1005 ὃ
3598 961 3689 1007 καὶ
3725 955 3776 1007 οἱ

2231 1044 2390 1110 σοφοὶ
2422 1042 2518 1095 καὶ
2567 1043 2617 1099 οί
2652 1042 2934 1113 φιλόσοφοι
2959 1044 3069 1097 τῶν
3099 1044 3401 1114 ἀνθρώπων
3435 1043 3774 1117 ἀπαξιοῦσιν.

2206 1134 2369 1190 Ὅθεν
2397 1136 2745 1207 προήνεγκαν
2781 1137 2940 1192 τοῦτο
2969 1138 3065 1192 καὶ
3116 1138 3193 1209 τῷ
3234 1138 3476 1208 Μωάμιθ
3506 1138 3667 1202 τινὲς,
3698 1137 3776 1205 ὡς

2202 1227 2422 1297 λέγεται
2459 1230 2519 1284 ὲν
2576 1229 2656 1300 τῷ
2711 1229 2997 1300 κεφαλαίῳ
3036 1230 3319 1298 Ἐλεμπὶς,
3363 1229 3392 1283 ό
3419 1231 3777 1301 ἑρμηνεύεται

2203 1317 2527 1388 προφῆται,
2559 1321 2809 1386 λέγοντες
2860 1318 3033 1388 αὐτῷ,
3064 1319 3281 1374 Μᾶλλον
3333 1320 3434 1388 μὲν
3473 1314 3564 1373 οῦν
3590 1318 3772 1390 ῥαψῳ-

2203 1410 2333 1474 δεῖς,
2373 1410 2575 1481 μᾶλλον
2604 1411 2705 1481 μὲν
2733 1410 2827 1464 οῦν
2866 1410 3254 1482 ὀνειροπολεῖς,
3292 1410 3491 1478 μᾶλλον
3534 1411 3633 1481 μὲν
3676 1407 3774 1465 οῦν

2204 1499 2473 1573 χορεύεις,
2525 1500 2619 1555 καὶ
2662 1501 2797 1557 ἄλλα
2829 1502 2966 1556 ἄττα
3011 1502 3237 1556 τοιαῦτα
3270 1503 3444 1572 τούτῳ
3480 1504 3773 1571 ὠνείδιζον,
3846 1554 3859 1561 -

2206 1589 2556 1655 συννοοῦντες
2580 1591 2656 1655 ὡς
2688 1592 2750 1647 ού
2783 1593 2946 1661 μόνον
2970 1594 3003 1660 ἡ
3034 1593 3254 1663 τοιαύτη
3297 1596 3502 1665 φράσις
3526 1595 3624 1649 οὐκ
3656 1595 3775 1651 ἐστι

2207 1681 2361 1751 παρὰ
2388 1680 2484 1734 τοῦ
2525 1681 2684 1742 Θεοῦ,
2729 1682 2847 1735 ἀλλ’
2885 1683 3005 1736 οὐδὲ
3033 1682 3169 1746 ὅλως
3199 1686 3538 1756 προφητική.
3583 1685 3779 1756 Περαιη

2204 1773 2348 1842 τέρω
2373 1772 2429 1826 δὲ
2480 1773 2771 1838 κολακείας
2801 1774 2918 1827 ἐστὶ
2964 1774 3161 1844 μεστὸς
3207 1778 3265 1830 ἐν
3302 1778 3413 1839 τοῖς
3465 1776 3641 1844 λόγοις
3678 1768 3772 1831 οὖ-

2202 1881 2291 1929 τος
2342 1867 2369 1918 ό
2414 1866 2596 1935 νόμος,
2619 1864 2717 1919 καὶ
2767 1865 2927 1919 πλέον
2956 1865 2990 1934 ἢ
3037 1864 3159 1920 καθ’
3196 1868 3319 1921 ὅσον
3350 1867 3417 1921 ἄν
3443 1883 3528 1931 τις
3555 1867 3775 1921 πιστεύ-

2204 1972 2314 2017 σαι.
2352 1954 2384 2025 ἢ
2419 1956 2584 2011 εῐποι.
2620 1956 2762 2021 [lete
2797 1954 2899 2020 μὲν
2944 1956 3053 2026 γὰρ
3083 1954 3261 2009 διόλου
3324 1955 3418 2010 τοῦ
3467 1957 3770 2028 κεφαλαίου

2202 2046 2416 2115 ὑφαίνει
2439 2046 2715 2113 ἀξιόλογον
2750 2046 2851 2116 μὶν
2873 2046 3048 2111 οὐδὲν,
3076 2046 3237 2117 μόνον
3261 2046 3318 2100 δὲ
3343 2047 3425 2102 ὅτι
3446 2050 3474 2100 ό
3501 2047 3630 2111 Θεός
3654 2049 3773 2105 ἐστι

2203 2138 2377 2209 μέγας
2422 2139 2515 2201 καὶ
2549 2137 2773 2207 ὑψηλὸς,
2811 2138 2908 2195 καὶ
2968 2138 3153 2206 σοφὸς,
3186 2138 3283 2195 καὶ
3335 2139 3520 2205 καλὸς,
3553 2140 3650 2193 καὶ
3686 2140 3772 2193 ὅτι

2200 2227 2363 2280 αὐτοῦ
2392 2228 2498 2280 εἰσι
2520 2227 2699 2281 πάντα
2725 2228 2795 2281 τὰ
2823 2229 2881 2280 tv
2910 2227 2988 2298 τῷ
3026 2229 3262 2299 οὐρανῷ,
3284 2228 3379 2282 καὶ
3404 2228 3470 2284 τὰ
3499 2230 3557 2282 ιν
3582 2232 3650 2300 τῇ
3674 2232 3765 2299 γῇ.

2200 2318 2294 2372 καὶ
2332 2318 2398 2372 τὰ
2432 2319 2658 2388 μεταξὺ,
2696 2322 2791 2374 καὶ
2824 2320 2907 2373 ὅτι
2944 2321 3166 2383 δικαίως
3221 2322 3418 2391 κρινεῖ.
3489 2320 3597 2377 Καὶ
3645 2320 3767 2375 καθ’

2201 2409 2432 2463 ἕκαστον
2452 2410 2608 2481 ῥῆμα
2636 2410 3277 2480 ὲπαναδιπλάζειξλέγων,
3302 2409 3561 2465 Αίνείσθω
3584 2411 3767 2472 αὑτός.

2200 2502 2312 2554 Καὶ
2349 2501 2510 2555 τοῦτο
2537 2501 2816 2564 παντελῶς
2841 2502 2971 2557 ἄνευ
3008 2502 3257 2573 ἀνάγκης
3284 2504 3425 2566 τινὸς
3456 2503 3769 2569 ἐπαναλαμ-

2156 2630 2179 2651 ,
2201 2592 2358 2646 (lavet
2388 2592 2747 2655 ὲκατοντάκις
2782 2592 2877 2648 καὶ
2907 2593 3089 2648 πλέον.
3126 2594 3235 2649 Καὶ
3269 2594 3410 2663 μετὰ
3454 2593 3625 2651 ταῦτα
3661 2611 3767 2663 φη-

2201 2700 2311 2746 σιν,
2343 2685 2457 2736 Ούκ
2490 2683 2607 2737 ἐστι
2666 2684 2799 2747 Θεὸς
2839 2683 2976 2753 πλὴν
3004 2684 3096 2738 τοῦ
3142 2684 3301 2749 Θεοῦ,
3357 2685 3452 2741 καὶ
3490 2685 3767 2739 πιστεύετε

2201 2774 2282 2833 εἰς
2331 2770 2421 2822 τὸν
2456 2770 2612 2837 Θεὸν,
2642 2772 2740 2823 καὶ
2769 2773 2851 2834 είς
2888 2772 2980 2826 τὸν
3004 2772 3302 2825 ἀπόστολον
3339 2772 3534 2826 αὐτοῦ’
3574 2772 3766 2826 ἑαυτὸν

2198 2860 2497 2915 ἀπόστολον
2530 2860 2666 2914 Θεοῦ
2695 2860 2999 2930 ὀνομάζων.
3042 2859 3152 2916 Kal
3190 2861 3325 2929 φησὶ
3367 2861 3539 2916 ταῦτα
3583 2861 3762 2915 πάντα

2198 2948 2418 3019 ἀμέσως
2458 2947 2517 3011 ἐξ
2547 2947 2714 3003 αὐτοῦ
2744 2947 2837 3001 τοῦ
2879 2948 3144 3018 στόματος
3219 2948 3437 3019 ίρῆσθαι
3481 2947 3573 3001 τοῦ
3606 2948 3763 3011 Θεοῦ,

2200 3042 2291 3093 καὶ
2317 3039 2397 3092 ὅτι
2430 3038 2531 3092 οὐκ
2558 3037 2623 3091 ἂν
2649 3037 2768 3107 ᾔδει
2793 3035 2966 3090 ταῦτα
3004 3036 3187 3106 λέγειν
3215 3035 3590 3111 όὶΜαχιεύμιτ,
3628 3035 3767 3089 ἀλλὰ

2202 3127 2362 3181 τοῦτό
2393 3128 2540 3180 ἐστιν
2573 3126 2694 3190 ἔθος
2733 3127 2828 3180 ἐπὶ
2854 3126 2950 3181 τοῦ
2976 3127 3139 3190 Θεοῦ,
3178 3128 3342 3184 αὐτὸν
3383 3130 3513 3199 περὶ
3561 3127 3758 3182 ἑαυτοῦ

2200 3219 2274 3281 ὡς
2306 3218 2435 3288 περὶ
2486 3218 2674 3288 ἑτέρου
2705 3216 2908 3286 λέγειν,
2957 3218 3041 3273 ὅτι
3083 3219 3112 3271 ό
3141 3218 3272 3283 Θεός
3314 3220 3432 3272 ἐστι
3465 3220 3637 3290 μέγας
3667 3220 3763 3271 καὶ

2201 3308 2424 3380 ὑψηλὸς,
2451 3307 2548 3361 καὶ
2577 3307 2712 3361 ἄλλα
2744 3306 2968 3361 τοιαῦτα
3000 3307 3146 3377 ἅπερ
3175 3307 3583 3362 ἑπανσκυκλοῦν
3602 3308 3766 3377 ἀηδὲς

2202 3402 2268 3454 ἂν
2305 3401 2414 3472 εἴη.
2448 3401 2793 3471 Σημειωτέον
2821 3401 2877 3454 δὲ
2907 3399 3203 3465 καὶτοῦτο,
3233 3400 3317 3453 ὅτι
3345 3400 3440 3454 καὶ
3469 3398 3763 3468 αἰσχίστοις

2201 3491 2298 3545 καὶ
2344 3491 2581 3563 μάλιστα
2616 3493 2897 3562 σαρκικοῖς
2925 3492 2954 3544 ό
2980 3490 3147 3561 νόμος
3185 3484 3338 3554 οὗτος
3369 3489 3592 3561 ὀνόματι
3629 3488 3763 3559 χρῆ·

2201 3598 2294 3635 ται
2316 3597 2331 3612 ·
2370 3575 2485 3635 οἷον
2537 3584 2649 3646 τοῖς
2691 3582 2795 3651 τῆς
2825 3583 3116 3644 συνουσίας
3144 3585 3238 3635 καὶ
3270 3581 3545 3650 λαγνείας,
3577 3579 3763 3650 ὥσπερ

2203 3673 2324 3736 ἔθος
2354 3674 2448 3727 ἐπὶ
2505 3673 2618 3728 τῶν
2652 3674 3071 3745 χαμαιτυπείων
3111 3672 3390 3743 λέγεσθαι.
3427 3673 3507 3726 Τὰ
3538 3672 3593 3725 δὲ
3635 3673 3764 3742 περὶ

2199 3766 2299 3834 τῆς
2330 3765 2588 3835 φράσεως
2638 3766 2737 3819 καὶ
2770 3768 2869 3835 τῆς
2903 3765 3114 3829 ὲννοίας
3158 3765 3377 3830 βέϐαιον
3411 3766 3504 3818 καὶ
3529 3764 3762 3833 φανερὸν

2199 3860 2316 3919 τοῖς
2345 3857 2784 3927 ἀναγινώσκουσι
2815 3860 3003 3925 πᾶσιν,
3036 3858 3115 3922 ὡς
3138 3858 3226 3929 εῖη
3269 3857 3544 3928 μυθώδης,
3576 3856 3688 3911 ἀλλ’
3708 3856 3765 3909 εί

2202 3950 2294 4003 καὶ
2323 3949 2501 4004 διόλου
2527 3949 2772 4017 τοιοῦτός
2809 3955 2982 4014 ἐστιν,
3015 3950 3078 4003 ἐν
3108 3965 3223 4004 τισι
3256 3937 3438 4020 μέντοι
3464 3946 3621 4016 ὀλίγα
3641 3946 3764 4000 τινὰ

2200 4041 2606 4111 ἀξιολογώτερα
2637 4041 2900 4094 δοκοῦντα
2944 4041 3272 4111 παραθήσω.
3303 4040 3537 4106 Λέγεται
3570 4040 3676 4108 γὰρ
3704 4039 3764 4091 ἐν

2198 4130 2279 4203 τῷ
2310 4132 2592 4203 κεφαλαίῳ
2621 4133 2700 4202 τῷ
2726 4132 2957 4200 Νεμελὲ,
2991 4132 3019 4186 ὅ
3060 4132 3421 4203 ἑρμηνεύεται
3440 4132 3610 4201 μυῖα,
3632 4130 3708 4192 ὡς
3732 4129 3764 4181 ό

2201 4223 2455 4294 Σολομῶν
2495 4223 2744 4295 μεγάλην
2780 4224 3033 4293 ἀγγέλων
3058 4227 3333 4295 συνήγαγε
3359 4225 3636 4294 στρατιὰν,
3669 4222 3765 4276 καὶ

2198 4318 2527 4389 ἀνθρώπων,
2562 4319 2655 4374 καὶ
2678 4318 2890 4387 ἀλόγων
2914 4318 3090 4384 ζώων.
3135 4306 3763 4387 ’Λπερχόμενοιδὲεῦρον

519 4408 840 4465 corrumpat
883 4414 982 4453 vos
1035 4398 1433 4469 SalmnnnLet
1486 4403 1766 4455 exercitus
1818 4403 1998 4473 hujus.
2029 4403 2094 4457 Et

2200 4411 2395 4483 ὥσπερ
2426 4409 2548 4465 τινὰ
2600 4410 2777 4480 μυιῶν
2806 4408 3074 4478 ἁτοταμόν.
3112 4410 3224 4463 Καὶ
3274 4409 3395 4461 τότε
3424 4406 3487 4476 δὴ
3532 4401 3652 4459 εἷπε
3695 4407 3762 4475 τῇ

524 4505 707 4544 Illllsca
732 4490 988 4544 subrisit.
1014 4490 1081 4543 Et
1109 4492 1272 4560 paulo
1302 4501 1428 4561 pOst
1471 4507 1663 4548 omnes
1696 4509 1823 4549 aves
1861 4496 1915 4549 in
1940 4509 2096 4549 exer-

520 4581 634 4634 citu
670 4581 908 4634 iuventte
943 4590 1095 4648 sunt,
1138 4597 1327 4636 musca
1382 4592 1569 4637 autent
1611 4585 1830 4641 absens.
1861 4586 1930 4640 Et
1957 4586 2096 4642 dixit

522 4669 821 4725 Salomon:
856 4672 998 4737 Quid
1037 4682 1122 4727 est
1163 4675 1309 4742 quod
1361 4692 1468 4729 non
1504 4675 1663 4732 video
1695 4693 1937 4732 muscam
1995 4693 2094 4748 pu-

464 4828 471 4837 δ
520 4763 670 4815 niam
730 4778 872 4829 eam,
925 4772 982 4817 et
1029 4769 1330 4835 amputabo
1378 4775 1543 4836 caput
1574 4769 1738 4838 ejus;
1786 4771 1871 4825 vel
1904 4770 2096 4825 reddet

524 4851 659 4904 mihi
700 4852 971 4907 rationem
1020 4862 1245 4922 promer
1277 4871 1439 4925 quam
1474 4859 1645 4923 abest,
1696 4866 1751 4912 et
1801 4859 1959 4931 longe
1986 4868 2091 4915 est.

520 4940 589 4996 Et
615 4942 787 4996 dixit:
812 4943 986 4998 Didici
1019 4946 1171 5013 quod
1199 4962 1297 5001 vos
1328 4948 1607 5017 ignoratis,
1649 4957 1708 5003 et
1736 4950 1857 5003 veni
1890 4950 1955 5004 ad
2000 4966 2093 5004 vos

517 5046 588 5085 ex
622 5032 807 5088 Sabaea
841 5051 968 5090 cum
1002 5039 1146 5091 veris
1178 5040 1406 5092 nuntiis.
1465 5040 1654 5093 Inveni
1722 5042 1868 5096 enim
1901 5042 2092 5096 multe-

521 5139 640 5179 rem
691 5126 1051 5195 imperantem
1096 5130 1221 5197 illis,
1257 5142 1311 5184 et
1363 5132 1515 5201 coegi
1568 5148 1685 5186 eam
1718 5140 1774 5187 ct
1822 5133 2087 5202 populum

519 5217 639 5286 ejus
667 5218 847 5271 colere
880 5219 1052 5274 solem
1082 5221 1286 5291 absque
1316 5222 1453 5277 Deo.
1488 5223 1555 5277 Et
1598 5224 1831 5293 reliqua.
1865 5224 1999 5279 Item
2032 5225 2088 5279 in

519 5309 761 5379 capitulo
793 5309 1035 5390 ‘Camar,
1100 5314 1245 5383 quod
1294 5313 1691 5384 interpretatur
1740 5314 1890 5380 luna,
1953 5315 2091 5371 dici-

510 5404 651 5453 tur:
708 5402 1185 5472 ApprOpinquavit
1223 5407 1376 5471 hora,
1432 5415 1490 5460 et
1545 5406 1674 5460 luna
1711 5408 1950 5461 contrita
1981 5417 2084 5462 est.

516 5484 674 5550 Quod
707 5488 1130 5560 interpretantes
1161 5493 1358 5547 horum
1384 5494 1651 5565 magistri,
1686 5496 1877 5551 dicunt
1902 5496 2089 5552 Mallo-

515 5586 724 5629 metum
756 5592 879 5631 cum
905 5581 1071 5636 sociis
1128 5582 1247 5653 ejus
1296 5585 1543 5638 stetisse.
1605 5585 1866 5641 Videntes
1900 5599 2083 5651 autem

514 5663 702 5722 lunam
725 5671 1254 5742 appropinquantem
1278 5675 1669 5746 conjunctioni,
1727 5677 1999 5751 dixerunt.
2017 5681 2086 5735 ad

2200 4502 2341 4573 μυίᾳ
2363 4516 2379 4532 ο
2415 4498 2486 4553 Ὦ
2520 4503 2701 4571 μυῖαι,
2742 4501 2901 4570 ὑμεῖς
2938 4500 3207 4553 είσέλθιτε
3249 4500 3329 4562 είς
3353 4497 3450 4560 τὰς
3482 4511 3615 4549 κατο
3640 4495 3762 4565 κίας

2196 4593 2372 4663 ὑμῶν,
2407 4592 2496 4647 ῖνα
2555 4594 2630 4662 μὴ
2663 4591 2953 4662 διαφθείρῃ
3000 4590 3144 4661 ὑμᾶς
3190 4590 3218 4642 ό
3263 4587 3533 4659 Σολομῶν,
3570 4590 3663 4640 καὶ
3696 4584 3761 4638 τὸ

2198 4686 2515 4756 στράτευμα
2548 4683 2765 4745 τούτου.
2816 4683 2927 4737 Kal
2977 4683 3176 4751 ήμυῖα
3223 4680 3597 4750 ύπεμειδίασε.
3650 4679 3762 4733 Καὶ

2197 4777 2317 4848 μετ’
2341 4776 2503 4844 ὀλίγα
2523 4791 2537 4809 ο
2576 4777 2759 4837 Πάντα
2785 4775 2855 4828 τὰ
2887 4774 3049 4845 ὄρνεα
3079 4775 3136 4826 ὲν
3170 4772 3249 4841 τῷ
3280 4769 3651 4841 στρατεύματι
3675 4765 3763 4819 εῦ-

2198 4885 2390 4938 ρηται.
2433 4864 2692 4925 ’Δποῦσαη
2722 4862 2833 4921 Kal
2860 4863 3014 4919 εἶπεν
3040 4866 3070 4917 ό
3116 4863 3395 4934 Σολομῶν,
3418 4862 3470 4915 τί
3497 4863 3643 4913 ἐστιν
3675 4860 3760 4923 ὅτι

2192 4957 2290 5025 ούχ
2308 4955 2416 5026 ὁρῶ
2426 4956 2525 5026 τῂν
2538 4956 2556 5026 (
2565 4958 2771 5025 μυῖαν);
2787 4956 3003 5010 κολάσω
3015 4955 3239 5020 ταύτην,
3255 4954 3348 5006 καὶ
3361 4951 3542 5019 ἁφελῶ
3557 4949 3759 5016 ταύτης

2191 5046 2289 5116 τὴν
2315 5048 2555 5117 κεφαλήν
2663 5048 2928 5099 ἀποδώσει
2951 5060 3041 5114 μοι
3070 5043 3160 5096 τὸν
3187 5042 3364 5109 λόγον,
3393 5040 3456 5093 δι’
3473 5037 3532 5091 ὃν
3551 5036 3756 5105 ⁸ἄπεστι

2192 5141 2289 5192 καὶ
2352 5138 2468 5192 ἐστι
2522 5137 2831 5207 πόρρωθεν.
2888 5129 3478 5203 Καἰεἷπεν,;”Εμαθον
3514 5124 3549 5181 δ’
3602 5128 3757 5195 ὑμεῖς

2192 5228 2462 5293 ἀγνοεῖτε,
2490 5228 2583 5278 καὶ
2609 5221 2774 5296 ἦλθον
2808 5228 2946 5294 πρὸς
2970 5226 3113 5296 ὑμᾶς
3138 5226 3202 5276 ὲκ
3229 5222 3438 5283 Σαϐέας
3468 5217 3605 5287 μετὰ
3627 5215 3756 5286 ἁλη-

2192 5315 2301 5371 θών
2328 5316 2623 5389 ἁγγελιῶν.
2656 5308 2829 5385 Εὗρον
2862 5317 2972 5389 γὰρ
3015 5315 3245 5383 γυναῖκα
3279 5309 3667 5381 βασιλεύουσαν
3698 5309 3755 5359 ἐν

2190 5406 2395 5470 αὐτοῖς,
2435 5408 2529 5460 καὶ
2582 5405 2873 5473 ἠνάγκασα
2912 5406 3127 5474 ταύτην
3168 5405 3264 5458 καὶ⁵
3296 5403 3385 5456 τὸν
3429 5401 3556 5455 λαὸν
3587 5396 3755 5464 αὐτῆς

2192 5498 2448 5550 σέὸεσθαι
2502 5497 2593 5550 τὸν
2650 5498 2805 5566 ἥλιον
2840 5496 2969 5550 ἄνευ
3009 5497 3103 5551 τοῦ
3138 5496 3297 5562 Θεοῦ,
3354 5496 3450 5550 καὶ
3475 5494 3545 5547 τὰ
3572 5487 3752 5543 λοιπά.

2194 5588 2315 5639 Ἔτι
2375 5590 2433 5640 ὲν
2462 5585 2541 5656 τῷ
2590 5587 2868 5657 κεφαλαίῳ
2910 5588 3006 5649 τοῦ
3060 5588 3284 5659 Καμὰρ,
3341 5586 3370 5640 ὃ
3402 5582 3755 5657 ἑρμηνεύεται

2190 5679 2456 5746 σελήνη,
2485 5678 2725 5748 λέγεται,
2752 5678 3016 5748 Ἥγγισεν
3048 5681 3079 5751 ἡ
3110 5677 3248 5750 ὥρα,
3284 5680 3380 5731 καὶ
3411 5670 3694 5744 συνετρίὸη
3721 5669 3754 5739 ἡ
