4068 6508
370 341 501 409 1061
820 341 849 348 “

1612 326 1627 343 ⁸
1644 331 1946 394 CONTRA
1991 330 2508 396 MAHOMETEM.

3460 327 3598 392 1062

365 458 583 524 σελήνη.
623 453 686 506 "0
714 450 1073 521 ἐξηγούμενοι
1101 447 1151 501 οἱ
1195 446 1402 501 τούτων
1448 445 1763 499 διδάσκαλοι
1798 444 1934 512 φασὶ

2042 458 2159 498 eum
2180 462 2195 499 :
2219 443 2460 500 Ostende
2475 442 2635 499 nobis
2650 442 2954 513 prodigium
2975 441 3272 512 quoddam.
3287 442 3354 498 Et
3369 452 3497 499 tunc
3509 443 3605 503 ille

365 548 455 603 τὸν
486 543 782 614 Μαχοὺμετ
829 541 1085 595 ἵστασθαι
1141 540 1281 610 μετὰ
1313 538 1421 591 τῶν
1462 536 1696 606 ἑταίρων
1744 534 1936 588 αὐτοῦ.

377 638 602 698 Ἰδόντες
623 635 680 688 δὲ
729 633 829 704 τὴν
866 633 1097 702 σελήνην
1125 628 1454 697 ἐγγίζουσαν
1480 630 1547 697 τῇ
1599 627 1819 695 συνόδῳ,
1862 620 1938 678 εἴ·

370 745 472 781 πον
499 726 634 794 πρὸς
662 724 851 787 αὐτὸν,
878 719 1059 786 Δεῖξον
1085 722 1215 791 ἡμῖν
1241 718 1401 788 τέρας
1424 736 1497 774 τι.
1523 718 1636 770 Καὶ
1665 717 1772 770 τότ’
1798 717 1942 768 ἐκεί-

369 834 457 881 νος
484 819 596 878 τοῖς
633 816 785 869 δυσὶν
836 811 1000 866 αὑτοῦ
1031 809 1340 871 δακτύλοις,
1368 808 1559 863 ἔνευσε
1593 811 1659 878 τῇ
1715 807 1937 878 σελήνῃ,

368 908 618 960 τουτέστι
648 904 724 974 τῷ
756 904 1023 973 ἀντίχειρι
1063 902 1159 954 καὶ
1190 900 1269 971 τῷ
1305 891 1585 969 μέσῳ.οῦ
1624 897 1937 967 γενομένου,

370 1001 448 1061 είς
466 997 558 1049 δύο
589 998 728 1064 μέρη
754 996 786 1063 ή
819 994 1016 1063 σελήνη
1047 982 1292 1062 διτήρητο.
1320 991 1429 1043 Καὶ
1455 989 1682 1064 θάτερον
1717 990 1814 1059 μὲν
1834 992 1941 1041 τῶν

371 1062 677 1156 τμημάτων
713 1062 907 1135 ἔπεσεν
936 1084 1025 1133 ἐπὶ
1053 1082 1113 1134 τὸ
1138 1082 1261 1151 ὅρος
1283 1080 1344 1133 τὺ
1385 1062 1707 1145 Ἐλικὲς,’τδ
1732 1080 1941 1132 ἐπικεί-

375 1194 536 1247 μενον
566 1175 659 1242 ἀρ’
697 1176 815 1238 ἑνὸς
851 1174 1054 1244 μέρους
1075 1175 1140 1242 τῇ
1173 1172 1326 1224 πόλει
1359 1171 1585 1233 Μεσκᾶς
1610 1186 1625 1203 ο
1663 1169 1722 1222 τὸ
1745 1169 1802 1221 δὲ
1828 1170 1941 1222 λοι-

374 1270 474 1321 πὸν
506 1267 591 1336 ἐφ’
612 1266 801 1337 ἕτερον
827 1265 975 1336 ὅρος,
1003 1262 1341 1333 καλούμενον
1382 1259 1676 1330 Ἐρυθρὺν,
1697 1261 1835 1330 πρὸς
1866 1260 1944 1329 τῷ

374 1356 519 1428 ἄλλῳ
554 1357 710 1427 μέρει
732 1356 832 1424 τῆς
865 1354 1074 1417 πόλεως
1102 1355 1378 1423 κείμενον.
1410 1351 1564 1406 Οὕτω
1588 1353 1644 1405 δὲ
1672 1354 1706 1422 ή
1746 1351 1944 1423 σελήνη

374 1448 753 1519 διατμηθεῖσα,
813 1446 910 1499 καὶ
958 1446 1207 1513 εἰσῆλθεν
1256 1447 1336 1507 είς
1363 1445 1455 1499 τὸν
1500 1444 1820 1514 χιτωνίσκον
1850 1441 1942 1495 τοῦ

375 1538 696 1609 Μαχούμετ,
723 1539 819 1592 καὶ
846 1537 1008 1598 αὐτὸς
1025 1526 1203 1589 ’πάλιν
1229 1535 1438 1606 ταύτην
1474 1534 1944 1605 ἀποκατέστησεν.

383 1631 504 1685 Ἔτι
550 1632 608 1683 ὲν
636 1629 713 1699 τῷ
752 1629 1030 1697 κεφαλαίῳ
1070 1628 1163 1681 τοῦ
1203 1629 1344 1697 Σεϐἧ
1391 1627 1525 1695 φησὶ
1567 1626 1662 1680 τὸν
1686 1625 1946 1696 σκώληκα

377 1725 617 1795 σημῆναι
643 1727 732 1778 τὸν
761 1726 988 1777 θάνατον
1016 1722 1108 1776 τοῦ
1145 1722 1491 1792 Σολομῶντος
1525 1723 1639 1784 τοῖς
1667 1719 1943 1789 δαίμοσιν.

380 1813 551 1867 Ἔνθα
579 1812 746 1883 φησὶν
786 1814 819 1882 ἡ
846 1812 1127 1881 ἐξήγησις,
1159 1809 1242 1862 ὅτι
1268 1811 1296 1861 6
1318 1807 1571 1877 Σολομῶν
1600 1806 1945 1877 ἐπερειδόμε-

378 1920 466 1966 νος
488 1906 554 1974 τῇ
588 1901 785 1956 ἑαυτοῦ
818 1901 1115 1972 βακτηρίᾳ,
1140 1902 1245 1954 ὑπὸ
1274 1903 1546 1963 τοσαύτης
1574 1899 1728 1966 ἄφνω
1752 1898 1946 1968 ὀδύνης

380 1994 697 2064 συνεσχέθη,
730 1992 871 2047 ὥστε
926 2009 1275 2062 παραχρημα
1324 1990 1660 2044 ἐκπνεῦσαι·
1711 1988 1839 2060 θείῳ
1887 1988 1947 2043 δὲ

380 2081 616 2150 θαύματι
667 2083 727 2133 οὐ
783 2081 1108 2134 κατέπεσεν.
1143 2081 1205 2132 υἱ
1261 2079 1318 2132 δὲ
1370 2080 1546 2149 τούτῳ
1596 2077 1945 2140 δουλεύοντες

379 2171 633 2239 δαίμονες
690 2169 923 2239 δρῶντες
987 2169 1148 2221 αὐτὸν
1207 2168 1443 2233 ἑστῶτα,
1479 2168 1769 2221 ἐπίστευον
1821 2168 1942 2238 ζῇν.

391 2260 638 2331 Ἀνεδόθη
664 2262 723 2315 δέ
751 2278 834 2323 τις
865 2262 931 2314 ὲκ
960 2261 1059 2329 τῆς
1102 2261 1206 2329 γῆς
1237 2258 1474 2327 σκώληξ,
1522 2259 1808 2328 διαφαγὼν
1845 2260 1946 2331 τὴν

379 2352 706 2422 βακτηρίαν,
742 2355 809 2422 ἢν
836 2351 1168 2422 ὲπερείδετο.
1200 2346 1309 2413 Ἧς
1344 2351 1749 2421 συντριϐείσης,
1767 2353 1944 2406 ικατέ-

379 2458 544 2496 πεσεν
571 2446 598 2496 6
627 2443 903 2511 Σολομῶν.
937 2443 1048 2496 Καὶ
1086 2444 1206 2495 τότε
1246 2442 1554 2512 δραμόντες
1578 2443 1629 2494 oi
1661 2442 1940 2510 δαίμονες,

378 2533 621 2600 ἔγνωσαν
650 2532 813 2586 αὑτὸν
838 2532 1162 2602 τεθνηκότα.
1207 2532 1297 2599 Ἐξ
1324 2533 1531 2586 ἐκείνου
1552 2532 1788 2604 ἤρξαντο
1818 2535 1945 2598 τοὺς

378 2624 696 2696 ἀνθρώπους
752 2623 894 2677 κατὰ
949 2623 1133 2676 πᾶσαν
1191 2621 1373 2675 αὐτῶν
1414 2622 1512 2691 τὴν
1552 2623 1780 2692 δύναμιν
1820 2624 1948 2693 βλά-

378 2733 556 2770 πτειν.
583 2716 705 2769 Ἔτι
727 2714 784 2769 δὲ
819 2717 875 2768 ὲν
910 2714 988 2786 τῷ
1021 2714 1212 2787 βιϐλίῳ
1252 2714 1360 2768 τῶν
1387 2715 1696 2786 διηγήσεων
1725 2718 1887 2781 αὐτὸς
1919 2718 1947 2768 6

373 2797 680 2877 Μαῇούμετ
711 2806 1005 2861 ἀποδίδωσι
1026 2808 1122 2878 τήν
1150 2807 1352 2878 αἰτίαν,
1376 2808 1447 2862 δι’
1491 2808 1557 2877 ἢν
1600 2809 1628 2860 6
1666 2804 1810 2873 οἶνος
1855 2824 1948 2860 κε-

376 2899 639 2953 κώλυται.
669 2901 805 2968 Φησὶ
829 2899 936 2968 γὰρ
968 2899 1056 2951 τὸν
1083 2898 1216 2952 Θεὸν
1246 2901 1339 2953 ἐπὶ
1369 2899 1467 2968 τὴν
1506 2899 1612 2966 γῆν
1646 2899 1743 2952 δύο
1776 2898 1949 2967 ἀγγέ-

375 2992 502 3054 λους
533 2989 957 3055 ἀπεσταλκέναι,
991 2988 1133 3044 ὥστε
1162 2990 1345 3054 καλῶς
1371 2991 1581 3060 ἄρχειν,
1605 2991 1699 3044 καὶ
1722 2990 1947 3053 δικαίως

2037 537 2252 592 duobus
2272 537 2454 606 digitis
2472 535 2594 605 ejus
2618 535 3000 600 annuit’lunae,
3018 533 3071 588 id
3093 542 3178 589 est
3200 533 3398 603 pollice
3413 543 3471 588 et
3485 551 3607 590 me-

2039 629 2150 684 dio.
2169 628 2285 695 Quo
2309 628 2475 690 facto,
2499 626 2702 681 induas
2722 634 2902 694 partes
2916 626 3044 680 luna
3065 625 3348 688 divtsaest,
3362 626 3608 681 etaltcra

2040 720 2259 789 quidem
2277 734 2404 788 pars
2420 717 2693 771 ceciditin
2716 728 2954 771 montem
2997 717 3191 782 Elices,
3227 717 3323 786 qui
3354 717 3606 771 imminet

2040 811 2111 865 ab
2130 826 2237 865 una
2268 819 2418 879 parte
2438 808 2639 863 Mechte
2664 807 2906 875 :reliqua
2936 814 3118 860 autem
3131 820 3255 876 pars
3283 805 3352 861 ad
3379 807 3610 861 alterum

2042 911 2301 968 montem,
2323 901 2416 970 qui
2436 898 2745 969 appellatur
2775 898 2983 959 Buber,
3005 897 3070 951 ad
3097 897 3257 951 aliam
3289 905 3496 966 partem
3516 914 3614 953 ur-

2041 994 2127 1049 bis
2149 994 2406 1063 positum.
2435 991 2527 1045 Sic
2549 1002 2731 1044 autem
2760 990 2890 1044 luna
2920 988 3094 1042 divisa
3116 988 3349 1042 intravit
3376 990 3434 1043 in
3462 991 3614 1044 tuni-

2043 1097 2162 1137 cam
2195 1082 2510 1145 Mahometi,
2554 1089 2611 1135 et
2655 1081 2771 1150 ipse
2819 1095 3010 1134 rursus
3064 1079 3208 1134 hanc
3264 1080 3611 1137 instauravit.

2043 1171 2180 1227 Item
2222 1171 2290 1225 in
2327 1170 2566 1240 capitulo
2616 1169 2762 1228 Sevi,
2811 1168 2947 1223 dicit
2979 1182 3222 1222 vermem
3279 1167 3616 1237 signiﬁcasse
3674 1182 3678 1187 '

2051 1269 2284 1316 mortem
2319 1260 2630 1314 Salomonis
2654 1258 3022 1313 daemonibus.
3061 1256 3164 1313 Ubi
3206 1256 3342 1312 dicit
3388 1258 3613 1327 exposi-

2049 1351 2146 1415 tio,
2170 1349 2314 1419 quod
2349 1349 2607 1404 Salomon
2638 1348 2858 1403 innixus
2890 1348 2976 1402 sui
3003 1347 3176 1416 ipsius
3206 1346 3427 1413 baculo,
3454 1356 3610 1403 tanto

2049 1440 2242 1496 dolore
2273 1449 2499 1510 repente
2558 1449 2848 1509 correptus
2878 1449 2982 1501 est,
3043 1446 3104 1493 ut
3131 1438 3315 1493 statim
3362 1439 3613 1509 exspira-

2049 1531 2211 1596 verit,
2243 1530 2431 1584 divino
2483 1538 2663 1584 autem
2699 1528 2966 1583 miraculo
3008 1543 3119 1583 non
3147 1528 3365 1584 cecidit.
3397 1528 3612 1584 Daemo-

2048 1636 2147 1677 nes
2180 1628 2361 1677 autem
2391 1619 2482 1689 qui
2518 1622 2568 1674 ei
2607 1619 2942 1685 serviebant,
2983 1618 3231 1673 videntes
3285 1632 3408 1672 eum
3445 1627 3615 1683 stare,

2049 1710 2351 1768 credebant
2406 1711 2586 1780 ipsum
2646 1711 2906 1765 dormire.
2968 1711 3036 1765 Et
3066 1718 3226 1765 natus
3263 1721 3348 1766 est
3382 1711 3610 1781 quidam

2047 1801 2252 1857 vermis
2282 1815 2315 1855 c
2367 1810 2534 1866 terra,
2576 1809 2632 1856 et
2695 1799 2932 1856 corrosit
2986 1800 3241 1855 baculum
3266 1800 3357 1856 cui
3386 1802 3608 1856 innixus

2045 1902 2188 1948 erat.
2224 1891 2343 1960 Qti'o
2376 1894 2634 1958 contrito,
2670 1892 2868 1948 cecidit
2900 1890 3182 1947 Salomon.
3216 1891 3286 1947 Et
3311 1900 3442 1948 tunc
3485 1908 3615 1947 cur-

2046 1992 2233 2037 rentes
2266 1983 2563 2048 daemones,
2597 1992 2975 2054 cognoverunt
2990 1997 3117 2036 eum
3151 1996 3276 2037 esse
3292 1991 3572 2036 mortuum
3592 2000 3611 2036 ι

2053 2082 2112 2129 et
2145 2088 2212 2128 ex
2242 2088 2311 2127 eo
2341 2083 2631 2141 cmperuut
2661 2073 2975 2128 hominibus
3002 2074 3156 2143 juxta
3195 2087 3358 2143 posse
3383 2089 3607 2128 nocere.

2047 2164 2182 2220 Item
2214 2164 2269 2218 in
2331 2165 2574 2235 capitulo
2630 2165 3046 2231 Narrationum,
3092 2179 3209 2233 ipse
3269 2164 3611 2220 Mahometus

2046 2255 2229 2311 reddit
2261 2270 2504 2321 causam,
2561 2266 2788 2326 propter
2831 2270 2995 2326 quam
3025 2257 3214 2310 vinum
3272 2255 3611 2324 prohibitum

2044 2357 2149 2404 est.
2181 2348 2326 2403 Dicit
2347 2348 2518 2414 enim,
2544 2348 2712 2402 Deum
2744 2347 2809 2401 ad
2858 2354 3059 2401 terram
3086 2346 3229 2402 duos
3252 2347 3477 2416 angelos
3505 2348 3610 2401 mi-

2045 2440 2203 2505 sisse,
2246 2447 2308 2494 ut
2337 2439 2479 2493 bene
2540 2439 2901 2508 imperarent,
2952 2447 3011 2493 et
3071 2438 3220 2507 iuste
3276 2437 3608 2509 iudicarent.

2045 2530 2219 2587 Erant
2251 2540 2433 2585 autem
2470 2530 2526 2584 hi
2558 2529 2759 2600 angeli.
2787 2531 2961 2584 Aroth
2996 2540 3051 2583 et
3086 2529 3319 2583 Maroth.
3377 2528 3613 2585 Veniens

2046 2631 2235 2678 autem
2270 2622 2521 2692 quaedam
2552 2622 2748 2676 mulier
2777 2620 3046 2691 justitiam
3074 2621 3304 2686 habens,
3350 2622 3418 2677 ad
3451 2636 3617 2691 pran-

2046 2715 2199 2769 dium
2225 2714 2330 2769 hos
2383 2716 2618 2774 vocavit.
2652 2721 2707 2768 et
2758 2713 3013 2782 apposuit
3065 2715 3149 2768 eis
3185 2713 3424 2768 vinum:
3465 2712 3614 2782 quod

2048 2822 2116 2861 ne
2144 2806 2418 2869 biberent.
2449 2807 2530 2860 eis
2563 2807 2706 2861 Deus
2760 2805 3057 2861 mandavit.
3094 2805 3355 2861 lnebriati
3400 2813 3612 2868 autem,

2046 2900 2115 2954 de
2165 2901 2311 2954 coitu
2371 2914 2492 2954 eam
2541 2899 2971 2967 requisiverunt.
3028 2898 3163 2964 Quae
3207 2898 3514 2963 consensit,
3555 2907 3615 2951 et

2049 2999 2208 3060 pacta
2240 2997 2328 3045 est
2375 3005 2543 3058 super
2595 2990 2683 3044 his
2752 2998 2955 3054 tamen,
2993 2989 3139 3059 quod
3193 2988 3334 3044 alter
3385 2988 3610 3057 quidem

376 3082 608 3150 κρίνειν.
637 3074 817 3132 Ἦσαν
849 3077 905 3130 δὲ
931 3094 1080 3131 ουτοι
1108 3078 1158 3131 οῑ
1191 3078 1335 3146 ἆγιοι
1361 3078 1606 3145 ἄγγελοι,
1642 3077 1820 3147 ’Λρὼτ
1849 3078 1940 3130 καὶ

2047 3084 2242 3137 horum
2276 3096 2394 3136 eam
2434 3081 2490 3134 in
2523 3081 2725 3135 coelum
2752 3079 3052 3134 ascendere
3105 3079 3291 3143 faciat,
3318 3079 3455 3132 alter
3486 3091 3621 3134 vero

375 3171 603 3241 Μαρώτ.
647 3170 913 3245 Ἐλθοῦσα
957 3169 1015 3223 δέ
1065 3186 1152 3233 τις
1203 3167 1343 3242 γυνὴ
1392 3167 1547 3241 δίκη-ν
1599 3167 1944 3242 ἔχουςαιηὲτθ

374 3261 594 3331 ὥριστον
642 3262 864 3327 τούτους
913 3261 1181 3316 ἐκάλεσε·
1239 3262 1333 3315 καὶ
1392 3263 1675 3333 παρέθηκε
1736 3264 1947 3327 τούτοις

373 3351 538 3418 o'vov,
577 3353 637 3406 6v
658 3356 686 3406 6
718 3353 850 3416 Θεὸς
883 3356 957 3424 μὴ
996 3356 1143 3406 πιεῖν
1171 3354 1356 3416 αὐτοῖς
1396 3354 1725 3407 ἐνετείλατο.
1761 3354 1945 3408 Μεθυ-

376 3443 591 3507 σθέντες
621 3443 678 3496 δὲ
711 3443 980 3516 ὲξῄτησαν
1006 3444 1209 3514 ταύτην
1240 3444 1325 3513 ἐφ’
1361 3443 1519 3514 ὕϐριν
1538 3458 1551 3474 ⁸
1581 3442 1661 3509 οἷς
1695 3449 1786 3499 καὶ
1818 3463 1943 3499 συν-

372 3534 528 3587 ἐθετο
587 3536 682 3589 ἐπὶ
713 3538 924 3598 τούτοις
954 3540 1159 3606 μέντοι,
1189 3535 1328 3589 ὥστε
1361 3537 1452 3591 τὸν
1480 3537 1666 3607 ἕτερον
1693 3539 1792 3606 μὲν
1815 3539 1937 3592 τού-

371 3641 487 3675 των
526 3625 698 3694 αύτὴν
749 3627 827 3687 είς
854 3626 943 3678 τὸν
966 3625 1199 3695 οὐρανὸν
1249 3627 1563 3680 ἀναϐαίνειν
1589 3627 1818 3693 διδάξαι,
1849 3628 1939 3681 τὸν

368 3715 430 3769 δὲ
465 3715 653 3769 λοιπδν
706 3716 1080 3772 καταϐαίνειν.
1117 3720 1189 3772 Ἦ
1217 3721 1309 3772 καὶ
1340 3719 1572 3790 ἀνῆλθεν
1623 3721 1704 3783 εἰς
1737 3721 1827 3773 τὸν
1859 3720 1942 3775 οὐ·

371 3805 560 3876 ρανόν.
606 3806 666 3858 '0
694 3807 750 3858 δὲ
784 3807 918 3870 Θεδς
979 3808 1186 3877 ταύτην
1243 3808 1387 3873 ἰδὼν,
1419 3808 1515 3863 καὶ
1542 3811 1640 3879 τῆς
1667 3810 1822 3882 δίκης
1874 3813 1941 3879 ἢν

368 3892 516 3965 εἶχεν
571 3897 830 3961 ἀκούσας,
863 3899 1163 3967 πεποίηκεν
1210 3898 1383 3969 αὐτὴν
1422 3898 1730 3970 Ἑωσφόρον
1755 3915 1771 3932 ο
1812 3899 1942 3954 ὥστ’

368 3981 515 4040 εἶναι
552 3987 761 4057 ταύτην
814 3990 874 4042 ἐν
905 3989 983 4057 τῷ
1027 3989 1244 4060 οὐρανῷ
1289 3989 1491 4057 μεταξὺ
1526 3992 1633 4045 τῶν
1674 3993 1941 4061 ἀστέρων,

370 4074 515 4129 οὕτω
549 4076 742 4148 καλὴν,
774 4077 961 4148 ὥσπερ
995 4081 1098 4132 κάν
1148 4082 1215 4150 τῇ
1272 4083 1341 4150 γῇ
1380 4082 1587 4149 μεταξὺ
1615 4082 1726 4134 τῶν
1755 4100 1941 4150 γυναι-

369 4165 482 4219 κῶν
514 4164 605 4240 ἦν.
644 4170 905 4236 Δοθείσης
950 4169 1007 4222 δὲ
1042 4174 1153 4233 τοῖς
1197 4172 1534 4239 ἁμαρτοῦσιν
1559 4173 1814 4240 ἀγγέλοις
1852 4176 1937 4225 αὶ-

372 4258 594 4328 ρέσεως,
619 4248 754 4313 ὅπου
796 4260 1074 4331 βούλοιντο
1116 4261 1474 4329 κολασθῆναι,
1508 4261 1744 4314 ἐνταῦθα
1779 4264 1937 4332 δηλο-

2045 3171 2401 3227 descendere.
2457 3171 2591 3237 Qua:
2619 3181 2675 3224 et
2700 3171 2753 3223 in
2789 3170 2990 3225 ctelum
3026 3171 3297 3249 ascendit.
3343 3168 3486 3224 Deus
3517 3184 3616 3224 au-

2045 3256 2154 3322 t'ém
2185 3262 2380 3323 videns
2414 3261 2577 3324 hanc,
2613 3268 2669 3314 et
2715 3260 2986 3331 justitiam
3018 3274 3182 3329 quam
3233 3259 3477 3314 habebat
3508 3274 3612 3313 au-

2045 3360 2224 3424 diens,
2255 3359 2386 3415 fecit
2423 3375 2542 3415 eam
2596 3352 3016 3424 anifersfnnw
3048 3361 3198 3415 esset
3218 3353 3346 3416 Nec
3374 3352 3611 3414 ita-coelo

2050 3452 2194 3506 inter
2222 3461 2368 3506 astra
2410 3452 2484 3505 ita
2509 3451 2760 3521 pulchra,
2808 3451 2948 3505 sicut
2977 3459 3035 3505 et
3070 3453 3125 3505 in
3160 3460 3309 3506 terra
3330 3450 3437 3506 iuit
3468 3451 3617 3505 inter

2040 3543 2321 3597 mulieres.
2347 3542 2477 3595 Data
2508 3549 2693 3596 autem
2720 3540 3080 3612 peccantibus
3108 3540 3316 3610 angelis
3344 3541 3619 3596 electione

2038 3633 2126 3689 ubi
2157 3634 2329 3687 velint
2370 3633 2573 3701 puniri,
2595 3642 2725 3686 tunc
2752 3631 3032 3697 videlicet,
3089 3632 3176 3687 vel
3198 3630 3478 3706 inifaturo,
3508 3631 3614 3686 eli-

2036 3723 2293 3794 gentibus
2318 3725 2402 3777 eis
2436 3739 2491 3777 tn
2513 3723 2768 3793 praesenti
2791 3722 3201 3792 potiusipuniri,
3224 3722 3463 3792 pendere
3487 3721 3631 3776 iecit'

2039 3815 2140 3869 bos
2157 3829 2254 3884 per
2281 3813 2447 3883 pedes
2494 3824 2687 3868 catena
2737 3813 2912 3868 ferrea
2964 3814 3022 3868 in
3070 3813 3364 3883 Babylonis
3421 3822 3608 3882 puteo,

2040 3920 2213 3975 usque
2260 3905 2316 3959 in
2361 3905 2506 3959 diem
2545 3904 2759 3974 iudicii.
2790 3904 2916 3959 Haec
2946 3914 3000 3958 et
3027 3904 3114 3958 his
3146 3903 3342 3957 similia
3376 3904 3429 3955 in
3462 3918 3606 3971 prae-

2039 3996 2187 4050 dicta
2235 3996 2353 4065 lege
2402 3994 2774 4058 continentur,
2824 4002 3046 4064 propter
3088 4008 3210 4062 quae
3256 3993 3488 4062 quilibet
3515 4009 3606 4046 sa-

2036 4088 2191 4156 piens
2221 4095 2399 4155 potest
2427 4086 2616 4154 utique
2646 4100 2761 4139 rem
2790 4100 3142 4154 cognoscere,
3174 4094 3229 4138 et
3257 4085 3402 4153 quod
3455 4085 3607 4137 nullo

2036 4175 2198 4229 modo
2231 4176 2316 4230 lex
2351 4183 2434 4229 est
2462 4175 2667 4229 divina.
2696 4175 2885 4244 Neque
2931 4174 3077 4230 enim
3110 4174 3303 4230 solitus
3329 4175 3414 4228 c'st
3462 4171 3608 4229 Deus

2019 4281 2131 4335 per
2161 4265 2297 4319 tales
2327 4265 2538 4320 fabulas
2565 4280 2691 4320 cum
2726 4264 3044 4320 hominibus
3078 4264 3250 4333 loqui.

370 4348 486 4401 νότι
523 4349 556 4417 ἢ
588 4351 646 4405 ἐν
676 4351 760 4420 τῷ
795 4351 1075 4441 μέλλοντι,
1113 4353 1382 4420 ἑλομένων
1412 4353 1594 4405 αὐτῶν
1623 4355 1679 4405 ὲν
1730 4353 1809 4423 τῷ
1836 4356 2064 4435 παρόντι
2131 4356 2330 4425 μᾶλλον
2389 4358 2790 4426 τιμωρηθῆναι,
2842 4356 3149 4427 ἐξήρτησεν
3175 4354 3400 4417 τούτους
3442 4356 3499 4407 ὲν
3529 4354 3608 4422 τῷ

368 4442 469 4509 τῆς
538 4442 857 4506 Βαϐυλιὶνος
902 4444 1099 4515 φρέατι
1165 4445 1276 4497 τῶν
1318 4445 1495 4499 ποδῶν
1544 4447 1617 4500 δι’
1678 4447 1923 4511 ἁλύσεως
1966 4449 2192 4520 σιδηρᾶς
2239 4449 2404 4519 μέχρι
2450 4450 2548 4519 τῆς
2585 4450 2645 4500 ὲν
2673 4452 2739 4519 τῇ
2776 4448 2957 4520 κρίσει
3001 4446 3234 4517 ἡμέρας.
3275 4445 3461 4498 Ταῦτα
3512 4448 3608 4497 καὶ

364 4535 577 4599 τούτοις
601 4538 761 4607 ὅμοια
791 4541 851 4592 ἐν
878 4539 957 4610 τῷ
976 4542 1360 4611 προειρημένῳ
1380 4541 1728 4612 περιέχονται
1753 4543 1922 4616 νόμῳ,
1963 4545 2033 4599 δι’
2063 4541 2138 4598 ὧν
2158 4547 2265 4606 πᾶς
2299 4545 2458 4614 σοφὸς
2488 4534 2692 4598 δύναιτ’
2714 4543 2780 4598 ἂν
2843 4543 3227 4611 διαγινώσκειν
3251 4542 3313 4596 τδ
3358 4541 3608 4610 πλάσμα,

367 4633 464 4684 καὶ
495 4631 577 4684 ὅτι
606 4634 726 4687 κατ’
759 4634 948 4688 οὐδένα
1011 4636 1215 4706 τρόπον
1254 4636 1417 4705 νόμος
1467 4639 1605 4710 socii
1631 4638 1795 4703 θεῖος.
1863 4640 2003 4694 Οὐδὲ
2040 4641 2150 4711 γάρ
2181 4647 2331 4695 ἐστιν
2363 4642 2552 4705 εἰωθὸς
2580 4641 2658 4709 τῷ
2687 4639 2805 4711 Θεῷ
2856 4639 2948 4693 διὰ
2986 4638 3245 4694 τοιούτων
3278 4638 3462 4709 μύθων
3490 4638 3606 4689 6m-

367 4720 629 4791 λέγεσθαι
657 4727 768 4788 τοῖς
798 4723 893 4778 ἀνθ
902 4725 1123 4796 ρώποις.

373 4836 448 4893 E'.
471 4839 601 4893 ὀτι
625 4841 687 4895 τὸ
711 4845 1060 4910 Αλκοράνον
1087 4846 1197 4899 οὐκ
1234 4844 1364 4898 ἔστι
1391 4847 1575 4916 νόμος
1603 4848 1770 4913 Θεοῦ,
1806 4849 1937 4903 ἐπεὶ

2042 4846 2105 4903 ν.
2154 4845 2305 4911 Quod
2367 4846 2692 4900 Alcoranum
2742 4861 2849 4900 non
2904 4854 2981 4899 est
3045 4846 3131 4899 lea:
3181 4844 3298 4910 Dei,
3350 4861 3606 4916 quoniam

513 4933 601 5003 μὴ
638 4938 952 5005 συμφωνεῖ
975 4939 1123 4992 κατὰ
1158 4938 1432 4994 διάνοιαν
1457 4924 1635 5010 ἑτέρῳ
1659 4945 1796 4999 τινί.

2111 4959 2215 4996 non
2244 4942 2481 4996 convenit
2536 4941 2828 4995 secundum
2879 4938 3198 4992 sententiam
3261 4953 3378 4991 cum
3425 4937 3607 5007 aliqua

2106 5035 2297 5089 altera.

449 5137 619 5208 δῆλον
646 5138 703 5191 δὲ
732 5139 1027 5196 κάντεῦθεν
1055 5142 1130 5213 μὴ
1163 5130 1305 5196 εἶναι
1330 5143 1494 5213 νόμον
1521 5108 1663 5198 θεῖον
1712 5144 1774 5199 τὸ
1815 5143 1936 5198 Ἀλ-

2106 5147 2452 5203 Manifestum
2482 5154 2537 5200 et
2578 5146 2707 5201 hinc
2749 5154 2851 5212 est,
2890 5161 2997 5200 non
3025 5161 3143 5202 esse
3172 5146 3345 5217 legem
3388 5148 3481 5203 Dei
3512 5148 3603 5201 Al-

362 5229 616 5299 κοράνον,
645 5231 731 5284 διὰ
756 5232 816 5285 τὸ
846 5236 984 5301 μήτε
1008 5233 1084 5304 τῷ
1113 5234 1206 5287 τοῦ
1238 5235 1375 5288 Θεοῦ
1404 5237 1554 5307 νόμῳ
1585 5234 1933 5305 συμϐαίνειν,

362 5319 505 5387 μήτε
539 5321 648 5382 τοῖς
676 5318 987 5389 φιλοσόφοις
1036 5325 1150 5384 τοῖς
1184 5325 1312 5394 περὶ
1357 5325 1571 5393 ἀρετῶν
1620 5327 1716 5378 καὶ
1743 5325 1836 5378 τοῦ
1867 5327 1927 5379 ἐν

358 5408 670 5478 ἀνθρώποις
721 5412 950 5482 ἐσχάτου
984 5414 1169 5477 τέλους
1211 5415 1583 5469 διαλαϐοῦσιν.
1630 5417 1927 5470 ’Υπέθεντο

355 5500 473 5571 γὰρ
500 5502 548 5553 οἱ
582 5502 859 5572 φιλόσοφοι
880 5504 1173 5576 αὐτὴνατὴν
1198 5506 1549 5577 ἀνθρωπίνην
1576 5507 1924 5577 εὐδαιμονίαν

350 5583 422 5644 Iv
445 5591 524 5661 τῷ
554 5594 724 5664 νοερῷ
779 5595 935 5664 μέρει
964 5597 1061 5665 τῆς
1115 5596 1293 5666 ψυχῆς
1322 5593 1485 5663 εἶναι,
1518 5598 1614 5651 καὶ
1659 5600 1753 5649 τὸν
1801 5597 1925 5651 νοῦν

356 5681 542 5751 ἄκραν
568 5684 625 5734 ὲν
654 5684 734 5751 τῷ
769 5684 1039 5750 ἀνθρώπῳ
1067 5685 1304 5751 δύναμιν
1326 5686 1477 5752 ὄντα,
1511 5687 1606 5741 τοῦ
1644 5688 1820 5753 ἄκρου
1849 5684 1928 5742 εἷ-

2034 5254 2317 5304 cmanum,
2343 5248 2630 5309 propterea
2657 5237 2804 5305 quod
2831 5253 3008 5305 neque
3034 5251 3163 5292 cum
3190 5237 3308 5307 lege
3336 5238 3431 5292 Dei
3466 5254 3603 5294 con-
3634 5272 3639 5275 -

2034 5331 2204 5395 venit,
2237 5345 2416 5400 neque
2466 5346 2590 5385 cum
2628 5329 2993 5400 philosophis.
3032 5331 3128 5398 qui
3185 5329 3257 5384 de
3306 5329 3609 5384 virtutibus

2033 5421 2181 5475 etde
2209 5430 2453 5489 extremo
2483 5420 2591 5475 tino
2629 5414 2722 5488 qui
2762 5429 2847 5473 est
2892 5420 2945 5472 in
2993 5418 3311 5472 hominibus
3339 5425 3598 5472 tractant.

2033 5509 2455 5578 Supposuerunt
2503 5510 2648 5565 enim
2708 5509 3019 5579 philosophi
3068 5508 3239 5578 ipsam
3302 5506 3598 5561 humanam

2031 5598 2354 5652 Ielicitatem
2387 5599 2442 5651 in
2499 5597 3039 5666 intellectualicparte
3093 5597 3290 5650 anima:
3342 5609 3487 5660 esse,
3544 5604 3600 5649 et
3652 5643 3657 5649 .

2032 5690 2375 5745 intellectum
2440 5704 2709 5745 summam
2748 5689 2803 5743 in
2844 5688 3068 5743 homine
3120 5685 3423 5757 patentium
3481 5686 3600 5741 esi-
