4068 6456
308 369 446 435 1065

1517 362 1813 424 CONTRA
1855 359 2358 422 MAIIOMETEM.
2446 330 2451 335 ’

3419 357 3556 421 1066

298 481 594 536 ὑπόλοιπον
626 479 734 532 πᾶν
765 476 1294 547 καταλογισθήσεται
1344 475 1421 546 τῷ
1463 475 1617 543 πυρί.
1658 477 1806 544 Αὕτη
1842 478 1875 545 ἡ

1983 474 2131 528 lianc
2163 470 2493 528 sententiam
2527 467 2868 524 verissimam
2920 480 3039 522 esse
3070 465 3258 532 credo,
3288 476 3340 522 et
3401 466 3445 521 si
3483 469 3553 522 ab

295 575 574 643 ἀπόφασις
607 570 752 624 οὕτω
803 571 999 642 κρατεῖ
1031 571 1162 643 παρ’
1203 570 1409 636 αὐτοῖς,
1461 570 1603 622 ὥστε
1664 569 1870 639 μηδένα

300 667 439 734 μήτε
473 664 637 733 σοφὸν
672 664 810 734 μήτε
841 662 1069 732 ἀνόητον
1115 665 1320 733 ταύτην
1351 661 1657 731 φαυλίζειν.
1703 661 1871 730 Ἀλλη

298 758 430 826 περὶ
460 753 556 809 τοῦ
587 753 755 808 αὐτοῦ
794 753 996 825 ὁμοίως
1039 755 1318 823 ἀπόφασίς
1348 756 1497 807 ἐστιν
1522 755 1581 808 ὲν
1628 752 1707 823 τῷ
1747 752 1869 805 Ἀλ-

300 848 538 919 κοράνῳ,
563 850 621 899 ἐν
650 846 728 915 τῷ
757 846 1043 916 κεφαλαίῳ
1071 845 1150 917 τῷ
1173 845 1418 917 Μαριὴλ,
1454 846 1483 898 ὃ
1511 844 1871 915 ἑρμηνεύεται

303 941 515 1009 Μαρία,
550 938 787 1005 λέγουσα
817 938 1030 1001 πάντας
1066 939 1146 1001 εἰς
1181 938 1273 991 τὸν
1306 937 1439 1008 ᾅδην
1471 936 1873 990 ἀπελεύσεσθαι

302 1033 427 1095 τοὺς
453 1027 859 1101 Σαῤῥακηνούς.
890 1027 1108 1098 Ταύτην
1143 1026 1242 1098 τὴν
1272 1027 1546 1095 ἀπόφασιν
1579 1024 1877 1094 ἀληθεστά-

302 1142 402 1193 την
421 1120 566 1177 εῖναι
585 1121 845 1186 πιστεύω,
874 1121 923 1173 εἰ
954 1122 1047 1174 καὶ
1071 1119 1222 1190 παρά
1254 1120 1523 1190 στόματος
1549 1118 1673 1172 καθ’
1701 1119 1875 1179 ὑπερ-

303 1216 466 1286 ϐολὴν
517 1213 752 1285 ψευδοῦς
790 1215 1210 1284 προενήνεκται.
1242 1213 1360 1266 Κάν
1408 1210 1581 1279 τούτῳ
1613 1212 1642 1264 6
1673 1210 1875 1281 ψευδὴς

301 1309 594 1377 προφήτης
643 1307 702 1358 ὲν
746 1309 811 1377 τῇ
849 1304 1044 1377 πρώτῃ
1079 1305 1309 1376 ἀληθείᾳ
1358 1303 1595 1374 συνᾴδει,
1623 1303 1871 1374 εἰπούσῃ,

309 1417 327 1449 ι
361 1399 664 1470 Πλατείαή
717 1399 837 1461 ὁδὸς
883 1400 916 1468 ἡ
968 1399 1258 1466 ἀπάγουσα
1312 1398 1396 1461 είς
1423 1397 1523 1466 τὴν
1572 1395 1874 1458 ἀπώλειαν,

306 1490 400 1543 καὶ
433 1490 618 1542 πολλοί
654 1491 793 1543 εἰσιν
826 1493 874 1542 οῖ
904 1490 1277 1560 εἰσερχόμενοι
1309 1488 1378 1541 δι’
1412 1487 1604 1555 αὐτῆς.
1644 1507 1662 1539 ι
1730 1489 1878 1557 Ἀρι-

282 1570 476 1646 ⁴δήλως
496 1578 679 1630 τοίνυν
700 1580 763 1631 ὲκ
784 1578 891 1630 τῶν
915 1577 1330 1647 προειρημένων
1354 1593 1416 1627 συ
1424 1575 1638 1645 μὸαίνει
1664 1576 1752 1628 τὸν
1768 1577 1877 1628 τῶν

305 1664 677 1733 Σαῤῥακηνῶν
715 1664 879 1732 νόμον
911 1660 1051 1716 εἶναι
1082 1662 1313 1727 πλατὺν,
1345 1662 1440 1714 καὶ
1470 1662 1700 1725 πολλοὺς
1735 1658 1875 1715 εἶναι

303 1751 413 1804 τῶν
443 1750 816 1822 Σαρρακηνῶν
864 1752 990 1815 τοὺς
1019 1749 1089 1804 δι’
1114 1748 1282 1804 αὐτοῦ
1328 1750 1619 1817 εἰσιόντας,
1666 1752 1762 1804 καὶ
1797 1753 1877 1814 εἰς

1981 580 2078 619 ore
2106 563 2408 618 secundum
2457 573 2742 616 excessum
2773 559 3048 615 mendacii
3088 568 3213 614 ante
3253 558 3412 613 allata
3443 564 3550 614 est.

1982 658 2050 712 Et
2073 657 2125 710 in
2168 656 2273 711 hoc
2300 654 2471 708 falsus
2499 652 2767 722 pr0pbeta
2792 667 2917 707 cum
2948 652 3125 721 prima
3160 652 3389 707 veritate
3420 667 3556 707 con-

1983 757 2150 811 venit,
2173 763 2294 816 qua:
2328 744 2465 799 dicit
2491 762 2503 797 :
2536 762 2554 793 ι
2589 743 2719 797 Lata
2742 751 2829 821 est
2854 743 2939 796 via
2966 758 3088 813 qua:
3110 743 3263 797 ducit
3289 744 3343 797 in
3376 744 3563 812 perdi-

1982 838 2280 898 tioncm,et
2303 836 2455 889 multi
2487 843 2615 890 sunt
2642 834 2732 903 qui
2755 833 3138 903 ingrediuntur
3169 850 3267 903 per
3296 851 3416 890 eam
3439 838 3502 889 η.
3533 856 3551 887 ι

1985 930 2267 983 Manifeste
2292 927 2457 998 igitur
2481 942 2546 981 ex
2570 924 2844 996 praedictis
2857 926 3131 985 convenit,
3155 925 3555 980 Saracenorum

1980 1020 2151 1090 legem
2172 1021 2334 1075 latam
2354 1035 2493 1086 esse,
2511 1034 2567 1074 et
2582 1019 2781 1072 multos
2798 1031 2918 1071 esse
2937 1015 3331 1071 Saracenorum
3351 1016 3442 1085 qui
3463 1032 3561 1083 per

1982 1128 2101 1166 eam
2136 1111 2537 1181 ingrediuntur,
2564 1117 2617 1163 et
2646 1112 2699 1162 in
2726 1108 2996 1161 infernum
3020 1114 3328 1160 transeunt.
3358 1107 3425 1160 Et
3454 1105 3559 1160 hoc

1983 1218 2092 1256 non
2121 1219 2186 1255 ex
2218 1217 2313 1256 ore
2328 1203 2503 1255 solum
2536 1200 2781 1255 veritatis
2827 1191 3200 1262 ma’hilcstum,
3233 1197 3327 1251 sed
3367 1213 3431 1251 ex
3469 1213 3564 1250 ore

1982 1292 2895 1364 prophetaequiapud_eosest.ltem
2930 1290 3253 1345 Alcoranum
3288 1305 3396 1341 non
3429 1304 3563 1344 eon-

1983 1386 2397 1456 venitcumlege
2416 1382 2584 1454 Moysi
2640 1384 2690 1436 in
2730 1382 3021 1446 mandatis,
3040 1392 3094 1436 et
3130 1381 3181 1435 in
3227 1380 3427 1450 quibus
3459 1395 3565 1436 nos

1984 1478 2198 1531 avertit.
2220 1477 2329 1531 Lex
2366 1477 2513 1530 enim
2555 1475 2651 1529 Dei
2712 1475 2970 1545 prohibet
3017 1475 3216 1528 catdcm
3246 1514 3261 1539 ,
3294 1474 3561 1543 rapinam,

1984 1570 2482 1639 concupiscentiam
2504 1584 2721 1623 omnem
2738 1586 2753 1632 ;
2769 1567 3093 1623 Alcoranum
3120 1576 3299 1620 autem
3315 1564 3565 1637 veljubet

1985 1661 2128 1725 ﬁeri,
2148 1662 2229 1716 vel
2267 1662 2553 1730 permittit.
2580 1660 2714 1715 ltcm
2744 1675 2922 1728 neque
2950 1658 3005 1712 in
3038 1657 3259 1729 judiciis
3280 1656 3563 1712 convenit.

1985 1752 2151 1823 Moysi
2184 1753 2330 1806 enim
2399 1752 2482 1806 lex
2511 1761 2568 1806 et
2625 1750 2983 1820 Evangelium
3023 1750 3181 1814 dicit,
3221 1748 3433 1802 nullum
3470 1748 3566 1817 de-

302 1847 393 1895 τὸν
418 1842 550 1913 ᾇδην
580 1842 1038 1912 κατερχομένους.
1073 1841 1186 1894 Καὶ
1213 1839 1371 1894 τοῦτο
1402 1839 1501 1894 οὐκ
1540 1843 1607 1894 ἐκ
1635 1840 1730 1894 τοῦ
1760 1841 1879 1894 στό-

1987 1844 2121 1900 bere
2154 1860 2263 1899 uno
2318 1853 2552 1899 testante
2586 1842 2979 1905 comdemnari,
3011 1840 3106 1896 sed
3143 1839 3196 1894 in
3245 1856 3340 1895 ore
3396 1841 3562 1894 trium

309 1952 478 2003 ματος
512 1935 675 2005 μόνον
708 1934 809 2003 τῆς
859 1926 1121 2002 ἀληθείας
1175 1933 1355 2003 δῆλον,
1388 1933 1526 1986 ἀλλά
1568 1934 1662 1987 καὶ
1694 1935 1758 1987 ὲκ
1785 1931 1879 1987 τοῦ

307 2026 572 2093 πόματος
599 2024 691 2078 τοῦ
729 2026 860 2095 παρ’
890 2027 1074 2087 αὐτοῖς
1104 2026 1409 2094 προφήτου.
1444 2025 1564 2077 Ἔτι
1596 2024 1655 2076 τὸ
1689 2023 1877 2076 Ἀλκο-

308 2117 472 2186 ράνον
505 2116 564 2168 οὐ
594 2117 880 2186 συμφωνεῖ
910 2115 987 2185 τῷ
1014 2114 1110 2168 τοῦ
1138 2114 1274 2168 Θεοῦ
1302 2114 1453 2184 νόμῳ
1475 2112 1533 2167 ἐν
1563 2130 1622 2166 τε
1653 2115 1771 2176 ταῖς
1800 2113 1885 2165 ὲν-

304 2208 505 2273 τολαῖς,
544 2208 640 2261 καὶ
698 2202 781 2270 οἷς
832 2209 1154 2275 ἀποτρέπει.
1202 2207 1263 2259 '0
1300 2205 1399 2276 μὲν
1453 2205 1561 2275 γὰρ
1616 2206 1710 2257 τοῦ
1745 2203 1879 2257 Θεοῦ

304 2301 468 2368 νόμος
497 2299 693 2354 κωλύει
726 2302 908 2370 φόνον,
943 2302 1225 2371 ἁρπαγὴν,
1265 2299 1585 2368 ἐπιθυμίαν,
1622 2297 1658 2352 ἀ
1692 2300 1873 2352 πάντα

308 2391 367 2443 τὸ
397 2390 718 2459 Ἀλκοράνον
749 2390 781 2459 ἢ
809 2391 1308 2458 κελεύειγίνεσθαι,
1339 2389 1371 2460 ἢ
1409 2391 1701 2458 συγχωρεῖ.
1756 2389 1882 2442 Ἐτι

309 2481 428 2534 οὐδὲ
457 2482 517 2533 ἐν
537 2484 658 2544 ταῖς
683 2481 859 2545 δίκαις
883 2483 1122 2553 συνᾴδει.
1161 2481 1217 2535 '0
1246 2483 1347 2552 μὲν
1375 2482 1483 2551 γὰρ
1514 2480 1607 2534 τοῦ
1636 2482 1879 2544 Μωσέως

308 2572 489 2644 νόμος,
530 2573 712 2626 καὶτὸ
758 2573 1088 2642 Εὐαγγέλιόν
1139 2591 1273 2643 φησι
1331 2573 1537 2644 μηδένα
1586 2572 1882 2626 καταδικά-

306 2663 517 2728 ζεσθαι,
564 2665 975 2736 μαρτυροῦντος
1015 2666 1158 2731 ἑνὸς,
1191 2666 1308 2719 ἀλλ’
1340 2666 1434 2718 ἐπὶ
1480 2664 1748 2734 στόματος
1792 2665 1886 2718 δύο

306 2755 606 2825 μαρτύρων
636 2758 669 2828 ἢ
706 2757 898 2826 τριῶν·
932 2758 1001 2810 τὰ
1032 2757 1076 2809 δ’
1107 2757 1326 2811 ἐναντία
1351 2757 1557 2811 τούτων
1597 2758 1885 2828 εὑρίσκον-

297 2862 393 2899 ται
418 2848 477 2899 ὲν
503 2848 581 2919 τῷ
603 2848 888 2918 κεφαλαίῳ
909 2850 987 2918 τῷ
1023 2849 1268 2920 Ἐλνοὺρ,
1296 2850 1323 2902 ὃ
1352 2850 1716 2920 ἑρμηνεύεται
1737 2849 1881 2920 φῶς,

302 2935 435 2990 ὅπου
460 2938 523 2992 τὸ
548 2939 647 3009 μὲν
674 2940 1006 3009 ἀναγκάζειν
1029 2941 1201 3004 αὑτὰς
1223 2941 1523 2997 ἀπολλύναι
1554 2942 1650 3013 τὴν
1673 2959 1885 3013 σωφρο-

1984 1939 2077 2007 vel
2104 1936 2338 1992 duorum
2388 1936 2605 1991 testium
2642 1943 2752 1989 stat
2804 1949 2965 1989 omne
2994 1933 3240 1987 verbum.
3279 1931 3569 1987 Contraria

1988 2039 2172 2086 autem
2198 2031 2390 2084 horum
2419 2029 2777 2083 inveniuntur
2834 2027 2887 2081 in
2925 2026 3166 2095 capitulo
3193 2025 3386 2088 Elmir,
3419 2025 3567 2093 quod

1989 2123 2385 2192 interpretatur
2425 2121 2538 2186 lux,
2579 2119 2674 2174 ubi
2728 2114 3052 2188 prohibetur
3113 2133 3182 2172 ne
3236 2116 3567 2185 compellant

1989 2229 2085 2269 eas
2144 2212 2454 2267 castitatem
2520 2210 2823 2275 dimittere,
2880 2226 3004 2265 cum
3091 2207 3568 2265 consentientibus

1993 2314 2175 2359 autem
2234 2318 2427 2358 secure
2484 2303 2740 2359 similiter
2767 2302 3010 2357 dormire
3040 2301 3196 2356 dicit.
3237 2299 3351 2353 lloc
3378 2307 3563 2353 autem

1992 2396 2171 2465 ipsum
2200 2395 2553 2450 manifestum
2608 2404 2694 2449 est
2733 2393 2787 2448 in
2850 2395 3091 2463 capitulo
3146 2392 3429 2455 Eltninim,
3468 2389 3567 2444 ubi

1990 2488 2263 2557 permittit
2290 2502 2416 2541 cum
2450 2487 2689 2556 prepriis
2745 2485 3031 2551 uxoribus,
3080 2495 3137 2539 et
3189 2498 3313 2538 cum
3363 2481 3569 2550 quibus
3660 2546 3675 2567 .

1992 2581 2118 2649 quis
2148 2579 2203 2632 in
2259 2578 2403 2633 bello
2453 2593 2648 2648 capere
2680 2586 2869 2648 posset
2924 2576 3170 2630 misceri.
3219 2570 3567 2628 Manifestum

1992 2671 2160 2741 igitur
2184 2669 2440 2725 Aleorani
2480 2670 2653 2740 legem
2697 2685 2807 2725 non
2838 2683 2962 2724 esse
2998 2669 3175 2736 legem
3236 2664 3356 2732 Dei,
3384 2678 3569 2734 neque

1992 2776 2022 2816 ε
2050 2762 2159 2817 Deo
2174 2763 2447 2826 esse,'nisi
2467 2762 2607 2816 forte
2625 2778 2723 2832 per
2743 2760 3185 2834 permissionem,
3208 2758 3350 2847 sicut
3369 2762 3425 2812 et
3440 2754 3567 2809 alia.

1991 2850 2187 2905 Dill‘ert
2211 2850 2358 2906 enim
2389 2850 2456 2905 ab
2488 2851 2580 2905 illa
2609 2858 2667 2906 et
2696 2851 3001 2906 secundum
3054 2844 3419 2905 intentionem
3442 2844 3566 2910 Dei,

1989 2942 2085 3011 qui
2119 2942 2350 2997 salutem
2382 2942 2669 2997 hominum
2700 2941 2998 2998 desiderat.

308 3031 479 3103 σύνην
506 3032 800 3101 κωλύεται,
834 3037 1261 3105 συμφωνούσαις
1304 3037 1362 3089 δὲ
1399 3036 1660 3108 ἀσφαλῶς
1692 3035 2088 3105 συγκαθεύδειν
2116 3036 2277 3107 φησί.
2317 3034 2391 3090 Τὸ
2418 3036 2467 3090 δ’
2497 3035 2629 3088 αὐτὸ
2658 3034 2820 3103 δῆλον
2882 3035 2980 3089 καὶ
3041 3032 3102 3087 ὲν
3164 3031 3245 3102 τῷ
3280 3031 3568 3101 κεφαλαίῳ

299 3124 384 3196 τῷ
426 3126 830 3200 Ἐλμουμηνὶμ,
860 3130 996 3182 ὅπου
1028 3130 1307 3198 συγχωρεῖ
1332 3130 1473 3199 μετά
1502 3146 1563 3182 τε
1591 3131 1702 3183 τῶν
1734 3130 1884 3184 ιδίων
1919 3129 2218 3198 γυναικῶν,
2251 3129 2351 3184 καλ⁵
2369 3122 2445 3183 ὧν
2467 3130 2534 3184 ἀν
2560 3145 2645 3190 τις
2671 3129 2730 3182 ὲν
2759 3126 2982 3197 πολέμῳ
3045 3125 3187 3199 λάϐῃ
3249 3124 3565 3196 μίγνυσθαι.

301 3219 546 3291 Φανερὸν
576 3222 760 3277 τοίνυν
788 3221 881 3276 τὸν
912 3221 1008 3276 τοῦ
1057 3221 1387 3295 ’Δλκοράνου
1433 3222 1597 3289 νόμον
1635 3222 1712 3295 μὴ
1740 3219 1882 3277 εἶναι
1917 3222 2082 3293 νόμον
2111 3221 2271 3287 Θεοῦ,
2313 3223 2451 3293 μήτε
2481 3220 2633 3293 παρά
2659 3217 2999 3303 Θεοῦ-εῖναι,
3063 3220 3114 3272 εί
3182 3219 3257 3289 μή
3287 3235 3389 3272 που
3421 3221 3569 3303 κατὰ

300 3312 679 3384 συγχώρησιν,
724 3306 915 3384 ὥσπερ
944 3315 1041 3368 καὶ
1089 3314 1225 3370 ἀλλα
1256 3317 1426 3371 κακά.
1471 3314 1734 3385 Διαφέρει
1775 3315 1885 3384 γάρ
1924 3314 2135 3369 ἐκείνου
2190 3312 2286 3369 καὶ
2319 3313 2462 3368 κατά
2489 3312 2582 3368 τὸν
2612 3295 2816 3367 σκοπὸῦ
2864 3300 2973 3365 ’τοῦ
3039 3308 3199 3380 Θεοῦ,
3234 3309 3292 3374 ὸς
3325 3304 3426 3382 τήν
3456 3295 3568 3367 τῶν
3662 3313 3669 3320 ’

298 3400 609 3472 ἀνθρώπων
646 3401 900 3473 βούλεται
938 3402 1236 3473 σωτηρίαν.
2060 3400 2070 3411 ’

301 3517 397 3583 ς’.
422 3514 678 3594 Ὅτιξτὸ.
703 3516 1075 3594 ’ᾼλκορᾴνον
1106 3517 1418 3594 ὀὐκ-ἐᾳτι
1468 3522 1655 3594 νόμος
1707 3522 1878 3588 Θεοῦ,

1987 3519 2109 3589 Νι.
2153 3520 2307 3589 Quod
2332 3523 2666 3594 Alcoranum
2683 3531 2887 3594 nonest
2917 3521 3001 3575 (ea:
3030 3520 3150 3594 Dei,
3184 3521 3438 3594 quoniam
3468 3507 3527 3579 in

548 3585 683 3640 ἐπεὶ
714 3587 786 3641 ἐν
812 3587 1071 3652 πολλοῖς
1094 3586 1285 3653 ἑαυτῷ
1312 3585 1634 3659 ἀντιλέγει.

373 3697 581 3753 Ἕκτον
609 3700 696 3754 δεῖ
737 3698 988 3772 θεωρεῖν,
1024 3701 1102 3766 ὡς
1142 3703 1172 3755 ό
1213 3701 1309 3755 τοῦ
1352 3704 1686 3774 Ἀλκοράνου
1718 3705 1881 3776 νόμος

295 3791 363 3846 ού
390 3792 484 3845 τοῦ
511 3793 656 3846 θείου
685 3792 851 3863 νόμου
876 3794 1038 3863 μόνον
1066 3794 1388 3862 ἀποστατεῖ,
1413 3795 1529 3849 ἀλλ’
1550 3797 1672 3851 οὐδὲ
1702 3797 1882 3869 ἑαυτῷ

299 3881 615 3953 συμϐαίνει.
679 3884 791 3937 Καὶ
819 3885 981 3937 τοῦτο
1030 3886 1113 3938 ὅτι
1152 3888 1322 3940 κακόν
1374 3888 1513 3954 ἐστι,
1569 3891 1665 3944 καὶ
1718 3889 1881 3952 αὐτὸς

300 3975 669 4044 ἀποφαίνεται
704 3977 732 4028 6
768 3977 1035 4046 Μωάμεθ.
1071 3979 1211 4048 Φησὶ
1238 3980 1361 4049 ίγάρ
1388 3981 1447 4031 ὲν
1482 3980 1559 4049 τῷ
1600 3981 1882 4052 κεφαλαίῳ

300 4066 380 4135 τῷ
409 4067 657 4133 Ἐλνεσᾶ,
688 4068 717 4121 ὃ
753 4069 1121 4140 ἑρμηνεύεται
1155 4071 1435 4140 γυναῖκες
1459 4113 1474 4137 ,
1506 4073 1570 4126 El
1613 4073 1692 4143 μὴ
1730 4076 1881 4142 παρὰ

307 4156 443 4212 Θεοῦ
471 4155 540 4231 ἦν
577 4159 734 4214 τοῦτο
771 4161 832 4215 τὸ
871 4160 1222 4231 Ἀλκοράνον,
1258 4164 1448 4217 πολλαὶ
1506 4164 1880 4233 ἐναντιότητες

309 4250 622 4319 εὑρίσκοντο
654 4254 721 4308 ἂν
754 4256 813 4308 ὲν
852 4254 1025 4324 αὐτῷ.
1068 4254 1235 4309 Ἀλλά
1272 4255 1380 4327 μὴν
1412 4255 1605 4312 πολλαὶ
1640 4258 1698 4310 ἐν
1728 4258 1879 4328 αύτῷ

306 4344 681 4415 ἐναντιότητες
718 4349 811 4399 καὶ
840 4347 1160 4415 ἀντιφάσεις
1199 4347 1574 4417 εὑρίσκονται.
1619 4349 1732 4404 Καὶ
1768 4350 1877 4422 γὰρ

302 4436 469 4499 αὐτὸς
500 4438 560 4490 ἐν
595 4437 815 4502 πολλοῖς
854 4438 1039 4503 τόποις
1071 4438 1259 4508 φησιν,
1289 4441 1370 4493 ὅτι
1400 4440 1428 4491 6
1459 4439 1592 4503 Θεὸς
1630 4440 1727 4511 οὐχ
1747 4440 1880 4512 ὁδη-

304 4525 393 4592 γεῖ
416 4525 506 4578 τὸν
531 4525 883 4595 πλανώμενον
902 4542 919 4559 ο
948 4528 1044 4582 καὶ
1073 4529 1224 4598 ὅμως
1255 4528 1417 4592 αὐτὸς
1441 4528 1682 4584 διδάσκει
1713 4548 1879 4602 προσ-

302 4615 583 4685 εύχεσθαι,
616 4616 683 4673 ἶν’
709 4619 986 4689 όδηγοῖντο
1029 4621 1094 4674 ὲκ
1117 4619 1212 4674 τοῦ
1243 4620 1473 4684 σκότους
1512 4622 1591 4685 είς
1614 4618 1697 4683 ξτὸ
1735 4624 1873 4692 φῶς,

302 4708 399 4761 καὶ
434 4710 498 4762 ὲκ
529 4709 633 4779 τῆς
666 4711 890 4775 ἀνοδίας
931 4713 1013 4775 εις
1038 4710 1135 4783 τὴν
1164 4712 1460 4785 εὐθύτητα.
1495 4715 1617 4769 Ἔτι
1649 4717 1708 4769 τέ
1741 4734 1876 4788 φησι

301 4799 433 4869 περὶ
458 4801 675 4867 ἑαυτοῦ,
706 4802 782 4867 ώς
812 4805 1023 4872 γένοιτο
1053 4789 1289 4876 ὀρφανὸς
1318 4806 1375 4857 ἐν
1408 4806 1622 4881 πλάνῃ’
1655 4809 1877 4864 είδωλο-
1922 4843 1929 4849 -

2386 3593 2569 3646 multis
2602 3592 2803 3660 sibiipsi
2826 3591 3159 3648 contradicit.

2054 3705 2220 3761 Sexto
2263 3713 2485 3774 oportet
2518 3705 2810 3776 speculari,
2837 3705 2984 3776 quod
3023 3706 3279 3762 Alcorani
3319 3707 3406 3763 lex
3453 3722 3567 3765 non

1982 3796 2163 3851 solum
2189 3812 2220 3852 a
2237 3797 2422 3852 divina
2454 3798 2570 3868 lege
2592 3799 2902 3868 elongatur,
2918 3799 3012 3853 sed
3030 3813 3210 3868 neque
3229 3813 3356 3854 cum
3384 3799 3566 3869 seipsa

1985 3889 2267 3943 convenit.
2304 3889 2374 3942 Et
2400 3888 2526 3954 hoc,
2554 3889 2811 3958 quoniam
2843 3889 2985 3943 mala
3018 3897 3123 3952 est,
3155 3897 3212 3943 et
3241 3890 3356 3959 ipse
3378 3889 3566 3945 Maho—

1982 3966 2164 4035 melus
2213 3980 2478 4034 ostendit.
2531 3979 2671 4034 Dicit
2720 3979 2869 4033 enim
2916 3979 2972 4034 in
3030 3980 3272 4050 capitulo
3327 3981 3561 4047 Elnesa,

1964 4070 2129 4140 quod
2164 4070 2558 4140 interpretatur
2592 4071 2836 4153 mulieres
2859 4087 2878 4125 :
2908 4070 3024 4126 Nisi
3073 4086 3105 4125 a
3135 4070 3248 4127 Deo
3282 4080 3428 4129 esset
3454 4073 3562 4129 hoc

1980 4172 2337 4238 Aleoranuin,
2374 4174 2563 4228 multa:
2596 4172 2651 4227 in
2694 4189 2761 4229 eo
2792 4173 3214 4232 contrarietatcs
3253 4184 3311 4229 et
3338 4184 3562 4232 contra—

1981 4264 2256 4319 dictiones
2290 4263 2695 4320 invenirentur.
2724 4264 2942 4319 Etenim
2966 4265 3084 4335 ipse
3114 4265 3169 4321 in
3202 4266 3390 4323 multis
3418 4268 3560 4325 locis

1981 4354 2138 4425 dicit,
2175 4356 2321 4425 quod
2351 4355 2498 4411 Deus
2530 4370 2641 4411 non
2678 4355 2903 4411 deducit
2939 4366 3257 4412 errantem:
3286 4368 3343 4413 et
3376 4367 3559 4416 tamen

1979 4447 2099 4518 ipse
2141 4446 2198 4502 in
2228 4447 2416 4502 multis
2450 4447 2591 4504 locis
2621 4447 2784 4503 docet
2810 4462 3004 4515 orare,
3038 4457 3100 4503 ut
3144 4448 3493 4505 deducantur
3524 4467 3558 4507 a

1980 4537 2221 4595 tenebris
2252 4540 2309 4594 in
2339 4539 2521 4594 lucem
2583 4548 2641 4594 et
2687 4553 2756 4594 ex
2800 4540 3135 4595 rectitudine
3167 4541 3222 4596 in
3265 4543 3559 4600 rectitudi-

1978 4647 2127 4688 nem.
2161 4632 2297 4688 item
2326 4631 2462 4686 dicit
2508 4631 2577 4687 de
2609 4631 2811 4703 seipso,
2846 4632 2994 4702 quod
3023 4633 3202 4689 factus
3227 4643 3314 4689 est
3356 4621 3559 4706 orpha-

1977 4742 2084 4782 nus
2106 4727 2163 4782 in
2179 4724 2722 4793 errore;idololatria
2756 4726 2903 4780 enim
2929 4733 3066 4780 erat.
3086 4724 3193 4781 Sed
3229 4735 3408 4783 tamen
3436 4727 3558 4798 ipse

1979 4820 2140 4887 dicit,
2179 4819 2327 4889 quod
2357 4817 2519 4873 talem
2544 4832 2671 4873 eum
2701 4817 3029 4887 prepbetam
3060 4818 3193 4872 fecit
3219 4817 3385 4884 Deus,
3420 4835 3559 4889 quo-

300 4889 505 4963 λάτρης
552 4895 662 4964 γὰρ
691 4889 781 4964 ἦν.
819 4894 961 4948 Ἀλλ’
1004 4896 1154 4965 ὅμως
1180 4895 1341 4959 αὐτός
1366 4914 1553 4967 φησιν,
1583 4898 1666 4951 ὅτι
1700 4898 1875 4952 τοιοῦ-

1983 4911 2129 4965 niam
2178 4908 2400 4980 quando
2455 4909 2600 4964 Deus
2645 4923 2773 4964 eum
2824 4909 3152 4973 accersivit,
3197 4909 3450 4965 ascendit
3485 4913 3557 4969 ad

299 4998 393 5035 τον
422 4984 584 5038 αὐτὸν
609 4985 898 5057 προφήτην
927 4988 1184 5057 ἐποίησεν
1213 4990 1241 5042 6
1273 4989 1426 5053 Θεὸς,
1459 4990 1541 5043 ὄτι
1569 4991 1658 5044 ὅτε
1695 4991 1723 5044 6
1746 4991 1879 5057 Θεὸς

1982 5001 2152 5057 Deum
2206 5016 2378 5071 usque
2425 5000 2495 5055 ad
2540 5000 2835 5072 septimum
2869 5000 3110 5064 coelum,
3155 5007 3213 5055 et
3243 4999 3558 5072 impetravit

300 5073 466 5173 αῦτὸν
508 5078 941 5173 μετεκαλέσατο,
977 5080 1209 5173 ἀνῆλθεν
1260 5083 1340 5144 είς
1372 5082 1634 5173 τὸνῨΘεὸν
1683 5085 1878 5173 μέχρις

1983 5093 2195 5149 veniam
2224 5094 2293 5147 ab
2323 5092 2518 5164 angelo
2543 5091 2808 5162 quodam,
2841 5093 2936 5163 qui
2968 5092 3169 5151 millies
3195 5097 3403 5152 mundo
3438 5113 3557 5153 ma-

301 5166 545 5237 ὲὸδόμου
582 5169 837 5240 ούρανοῦ.
900 5171 1012 5224 Καὶ
1064 5170 1235 5243 ᾔτησε
1287 5172 1620 5244 συγγνώμην
1657 5166 1876 5247 ἀγγέλῳ

1983 5187 2063 5256 ior
2094 5192 2235 5251 erat,
2266 5200 2430 5255 quem
2460 5184 2671 5239 invenit
2700 5184 2787 5239 sui
2810 5184 2987 5254 ipsius
3015 5197 3238 5256 peccata
3265 5189 3556 5258 deploran-

298 5257 431 5325 τινὶ,
465 5260 700 5329 χιλιάκις
742 5261 952 5331 μείζονι
975 5262 1088 5316 ὄντι
1119 5263 1215 5316 τοῦ
1248 5265 1475 5334 κόσμου,
1500 5265 1560 5319 ὃν
1587 5258 1712 5336 εὗρε
1740 5267 1876 5339 θρη-

1983 5287 2113 5332 tem.
2134 5276 2271 5333 ltem
2303 5277 2459 5340 dicit,
2478 5291 2605 5332 eum
2636 5277 2963 5347 prophetam
2991 5292 3113 5334 esse
3143 5257 3507 5335 universalem
3532 5294 3551 5333 :

298 5350 498 5405 νοῦντα
526 5352 596 5406 τά
640 5354 836 5407 ἑαυτοῦ
868 5355 1264 5425 ἁμαρτήματα.
1303 5358 1424 5409 Ἔτι
1474 5358 1640 5426 φησὶν
1678 5359 1872 5414 ἑαυτὸν

1983 5367 2073 5421 sed
2108 5375 2285 5421 tamen
2318 5366 2455 5422 dicit
2484 5367 2815 5421 Alcoranum
2852 5367 3107 5423 Arabicis
3145 5369 3345 5424 litteris
3372 5384 3403 5423 a
3438 5369 3553 5426 Deo

300 5443 588 5512 προφήτην
619 5438 1076 5529 εζναι,καθολικόν
1095 5456 1110 5477 ⁵
1138 5446 1254 5499 ἀλλ’
1291 5448 1440 5517 ὅμως
1479 5450 1611 5518 φησὶ
1641 5450 1701 5502 τὸ
1743 5451 1872 5504 Ἀλ-

1983 5456 2167 5511 datum
2197 5472 2340 5521 esse,
2376 5472 2556 5527 neque
2592 5458 2754 5515 ullam
2787 5457 2949 5513 aliam
2980 5458 3222 5530 linguam
3255 5474 3384 5516 eum
3408 5459 3552 5516 scine

301 5532 535 5601 κοράνον
601 5535 909 5607 Ἀραϐικοῖς
960 5537 1285 5608 γράμμασιν
1336 5540 1439 5593 ὑπὸ
1489 5539 1584 5593 τοῦ
1621 5539 1758 5595 Θεοῦ
1788 5543 1873 5596 δο-

1983 5557 2175 5618 przeter
2205 5547 2516 5606 Arabicam.

300 5622 464 5691 θῆναι
485 5668 502 5693 ,
559 5626 696 5700 μηδὲ
728 5628 857 5698 μίαν
888 5644 949 5682 τε
994 5630 1160 5685 αὐτὸν
1187 5630 1355 5704 ἀλλην
1388 5631 1878 5717 γλῶσσανχείδέναι
1917 5639 2057 5711 πλὴν
2079 5641 2178 5709 τῆς
2220 5641 2536 5714 Ἀραϐικῆς.

378 5746 447 5812 ⁸³η
460 5744 654 5799 Matth.
686 5760 786 5809 vn,
820 5746 909 5800 l4.

630 5836 906 5899 Panos.
942 5838 1059 5905 Gn.
1098 5841 1303 5902 CLIV.
1908 5919 1964 5936 Α
2262 5932 2269 5935 _
2428 5908 2456 5926 Δ
3126 5856 3205 5916 Βῖι
