4068 6466
255 433 261 438 .
368 385 510 448 meo
1564 363 1865 442 CONTRA
1900 375 2408 440 MAIIOMETEM.
3479 367 3615 432 1070

369 492 697 564 ’Δραψιβιὰ
723 494 786 547 τδ
819 493 894 566 μὴ
919 491 1067 565 ἔχειν
1088 493 1284 557 αὐτοὺς
1312 493 1610 548 ἀπόστολον
1639 509 1756 546 τινα
1787 491 1938 562 παρὰ

2046 503 2144 559 gua
2174 485 2408 542 Arabica
2443 483 2632 539 datum
2667 498 2815 546 esse.
2854 481 3098 552 dicitque
3129 487 3184 536 et
3238 478 3480 550 seipsnm
3505 465 3612 535 ἷιο-

365 578 464 641 τοῦ
513 576 676 640 Θεοῦ.
715 586 857 656 Φησὶ
887 585 942 639 δὲ
977 585 1072 639 καὶ
1120 585 1181 638 τὸ
1237 583 1562 654 Ἀλκορὰνον
1599 584 1656 635 ὲν
1691 583 1828 655 μόνῃ
1873 584 1937 652 τῇ

2046 581 2182 635 scire
2213 579 2374 633 aliam
2406 575 2646 646 linguam
2693 583 2889 647 praeter
2921 573 3232 630 Arabicam.
3283 573 3440 629 Unde
3491 589 3616 631 cum

377 681 643 750 Ἆραδικῇ
673 676 890 750 γλώσσῃ
920 677 1166 733 δεδόσθαι
1186 695 1200 709 ο
1224 683 1356 749 φησι
1387 673 1444 732 δὲ
1501 678 1599 732 καὶ
1650 675 1838 730 ἑαυτὸν
1865 673 1940 745 μὴ

368 773 569 827 εἰδέναι
598 772 769 843 ἄλλην
791 771 1072 827 διάλεκτον
1104 770 1244 840 πλὴν
1272 770 1371 842 τῆς
1423 766 1744 838 ’Δραόικῆς.
1779 764 1940 818 Ὅθεν

371 863 868 936 προσκολληθέντος
919 864 998 934 τῷ
1059 863 1362 933 Μαχούμετ
1410 862 1556 923 τινὸς
1623 857 1939 914 Ἰακωϐίτου

371 956 643 1029 Μιπαιρᾶ,
687 958 783 1011 καὶ
837 955 1086 1010 Σαλώνου
1121 957 1357 1026 Πέρσου,
1403 955 1498 1008 καὶ
1561 947 1828 1006 assam
1877 953 1941 1004 ἐκ

368 1051 468 1119 τῆς
512 1046 773 1118 Περσίδος
821 1045 916 1101 καὶ
958 1041 1146 1110 αὐτοῦ,
1177 1047 1270 1098 καὶ
1309 1043 1490 1113 Σελὰμ
1531 1041 1810 1108 Ἰουδαίου,
1847 1040 1942 1095 καί

365 1156 530 1192 τινων
575 1137 848 1208 λεγόντων
874 1137 950 1201 ὡς
984 1134 1078 1190 ὑπ’
1127 1133 1313 1190 αὐτῶν
1361 1131 1566 1197 ἐκεῖνος
1615 1129 1938 1197 διδάσκοιτο,

370 1225 532 1288 αὐτὸς
565 1227 747 1279 πεσὼν
785 1226 880 1279 ἐπὶ
913 1227 1228 1294 πρόσωπον,
1271 1219 1740 1276 συνελκυσθεισῶν
1774 1219 1943 1274 αὑτοῦ

364 1315 474 1370 τῶν
520 1318 724 1388 χειρῶν
759 1317 855 1372 καὶ
879 1316 992 1372 τῶν
1023 1315 1224 1380 ποδῶν,
1256 1317 1351 1369 καὶ
1373 1311 1483 1367 τῶν
1513 1313 1746 1384 ἑταίρων
1774 1312 1942 1367 αὐτοῦ

367 1409 730 1479 καλυψόωτων
761 1410 926 1464 αὐτὸν
958 1412 1072 1473 τοῖς
1104 1408 1340 1480 ἱματίοις
1365 1408 1568 1474 αὐτῶν,
1597 1409 1730 1477 πρὸς
1753 1406 1943 1461 ἑαυτὸν

369 1499 726 1571 ἐπιστραφεὶς
744 1497 899 1554 εἷπεν
917 1517 932 1532 ο
967 1496 1027 1553 '0
1046 1500 1178 1563 Θεὸς
1197 1497 1541 1553 ἀπέσταλκεν
1560 1493 1776 1567 ἐλέγξαι
1798 1498 1944 1566 ὑμᾶς

371 1591 502 1662 περὶ
531 1592 628 1644 τοῦ
657 1591 840 1660 λόγου,
879 1583 942 1644 οὗ
973 1591 1260 1661 εἰρήκατε,
1293 1590 1370 1653 ὡς
1409 1589 1506 1660 ἐμὲ
1537 1589 1768 1643 τοιοῦτοι
1798 1590 1945 1645 διδά-

2043 671 2367 726 adhaesisset
2391 664 2704 724 Mahometo
2745 665 2969 738 quidam
3012 663 3258 725 Jacohita
3288 662 3528 738 Mapyra,
3559 673 3619 720 et

2043 762 2278 818 Salonus
2305 763 2490 835 Persa,
2521 769 2577 815 ct
2605 755 2811 816 Abdala
2839 773 2905 814 ex
2930 757 3170 824 Perside,
3205 769 3261 814 et
3291 755 3408 828 ipse
3436 756 3618 812 Selam

2041 853 2285 920 Judzeus,
2317 862 2372 908 e‘t
2404 852 2626 924 quidam
2656 847 2746 906 alii
2789 851 3059 916 dicerent,
3090 847 3236 921 quod
3268 848 3616 904 inStruebant

2042 957 2191 1009 eum,
2225 953 2281 1000 ct
2306 943 2427 1015 ipse
2458 943 2732 1000 ceciditin
2763 943 2961 997 faciem
2996 931 3175 1008 suam,
3220 949 3278 996 et
3317 947 3616 996 contractae

2042 1038 2173 1090 sunt
2205 1044 2401 1091 manus
2434 1033 2552 1105 ejus
2595 1039 2652 1089 et
2697 1032 2887 1103 pedes,
2925 1040 2980 1086 et
3025 1031 3158 1086 socii
3209 1035 3617 1099 cooperuerunt

2043 1136 2168 1181 eum
2201 1126 2450 1182 vestibus
2477 1126 2612 1182 suis.
2642 1125 2710 1180 Et
2739 1125 2957 1178 tandem
2993 1124 3058 1177 ad
3089 1135 3146 1177 se
3173 1121 3412 1187 rediens,
3443 1119 3616 1174 dixit:

2044 1217 2190 1275 Deus
2234 1217 2384 1272 misit
2435 1232 2522 1273 me
2558 1211 2626 1272 ad
2679 1208 3088 1286 cel-ripiendum
3119 1229 3219 1268 vos
3249 1211 3318 1268 de
3359 1225 3618 1269 sermone

2043 1324 2210 1380 quem
2237 1308 2475 1373 dixistis,
2506 1307 2652 1378 quod
2682 1306 2818 1363 talea
2844 1317 2931 1363 me
2965 1307 3219 1362 doceant.
3245 1301 3512 1376 Legitque
3535 1303 3618 1359 eis

2045 1416 2211 1457 unam
2233 1401 2589 1468 sententiam,
2622 1413 2742 1471 qua:
2775 1407 2858 1454 est
2887 1397 2943 1453 in
2977 1398 3082 1453 line
3110 1394 3365 1452 lectionis
3404 1389 3618 1462 Einaei,

2043 1495 2192 1564 quod
2230 1493 2628 1563 interpretatur
2664 1491 2870 1562 palma,
2921 1506 3042 1560 qua:
3073 1490 3154 1545 sic
3179 1488 3355 1544 dicit:
3399 1487 3620 1544 Scimus

2043 1585 2190 1658 quod
2223 1586 2326 1657 ipsi
2355 1585 2561 1652 dicent,
2597 1583 2742 1655 quod
2778 1583 3060 1639 instruunt
3085 1596 3211 1637 eum
3235 1595 3360 1636 cum
3387 1582 3619 1649 loquun-

369 1699 572 1739 σκοιεν.
609 1683 845 1751 ’Δνέγνω
869 1694 932 1736 τε
965 1683 1152 1746 αὐτοῖς
1182 1681 1240 1735 ἓν
1275 1680 1557 1754 ψήφισμα,
1605 1683 1742 1754 ὅπερ
1794 1685 1943 1737 ἐστὶν

2047 1690 2138 1736 tur
2189 1680 2268 1735 sic
2319 1681 2369 1734 ei
2419 1681 2473 1734 in
2507 1679 2692 1749 lingua
2726 1677 2968 1743 Persica,
2998 1677 3114 1732 haec
3161 1683 3342 1730 autem
3385 1672 3618 1729 Arabica

366 1777 427 1832 ιν
459 1775 537 1847 τῷ
561 1775 708 1830 τέλει
737 1773 833 1829 τοῦ
875 1773 1310 1844 ἀναγνώσματος
1339 1778 1433 1830 τοῦ
1475 1769 1718 1842 Ἐλναὲλ,
1770 1775 1798 1830 δ
1845 1771 1939 1847 ἐρ·

2046 1774 2223 1829 facilis
2248 1783 2352 1828 est.
2391 1770 2460 1827 Et
2490 1787 2557 1827 ex
2584 1772 2690 1828 hoc
2715 1769 2851 1826 dicit
2879 1783 2893 1825 :
2925 1769 3212 1838 Quomodo
3243 1763 3504 1838 possibile
3535 1777 3620 1823 est

371 1831 666 1940 pavebam:
695 1865 922 1938 φοίνιξ,
947 1831 1092 1922 otism
1114 1831 1330 1936 λέγων-⁸
1383 1869 1574 1938 ’ῐσμεν
1605 1831 1941 1940 δτιΙὲροῦσιν

2046 1866 2168 1920 illos
2217 1881 2304 1920 me
2348 1865 2572 1932 docere,
2599 1879 2836 1935 quorum
2868 1865 3011 1920 alter
3040 1861 3266 1934 quidem
3308 1855 3476 1916 Persa
3511 1873 3616 1924 est,

365 1962 542 2028 αὐτοὶ,
571 1962 653 2015 ὅτι
680 1961 970 2032 ἄνθρωπος
1017 1960 1262 2014 διδάσκει
1312 1961 1516 2015 αὐτόνί
1547 1962 1582 2032 η
1624 1961 1681 2014 δὲ
1717 1961 1943 2030 γλῶσσα

2046 1957 2185 2014 alter
2205 1973 2338 2015 vero
2367 1958 2630 2017 llebraus
2652 1956 2677 2012 τ
2699 1957 2805 2025 Qui
2834 1957 3091 2012 dixerunt
3112 1955 3186 2022 ei,
3209 1955 3469 2026 possibile
3497 1965 3618 2010 esse

368 2049 404 2128 ἦ
431 2053 576 2124 αὐτῷ
602 2053 964 2122 διαλέγονται,
991 2053 1109 2106 ἔστι
1142 2045 1392 2123 Περσικὴ
1411 2067 1425 2081 °
1455 2052 1596 2122 αὕτη
1622 2053 1680 2106 δὲ
1702 2054 1735 2124 ἡ
1783 2053 1945 2124 Ἀρα-

2050 2065 2243 2106 eorum
2299 2051 2545 2121 ipsorum
2573 2050 2760 2121 lingua
2818 2059 2998 2106 tecum
3035 2048 3210 2118 loqui,
3241 2059 3298 2104 et
3345 2060 3619 2117 exponere

368 2141 499 2211 σικὴ
529 2140 686 2211 ῥᾳδία
739 2139 876 2194 ἐστί.
933 2136 1058 2194 Κᾶκ
1105 2139 1300 2193 τούτου
1339 2141 1495 2212 φησὶ,
1553 2136 1677 2205 Πῶς
1715 2134 1945 2195 δυνατὸν

2046 2142 2182 2207 tibi;
2217 2153 2270 2197 te
2299 2152 2484 2196 autem
2518 2141 2596 2197 tui
2624 2141 2799 2212 ipsius
2827 2139 3011 2212 lingua
3060 2139 3243 2195 omnia
3274 2144 3616 2195 construere.

365 2231 612 2295 ἐκείνως
639 2231 738 2302 ἐμὲ
765 2228 1058 2296 διδάσκειν,
1075 2225 1151 2286 ὧν
1179 2226 1376 2303 ἅτερος
1401 2233 1504 2302 μὲν
1529 2227 1747 2304 Πέρσης
1767 2233 1939 2299 ἐστὶν,

2046 2231 2164 2286 Non
2197 2231 2410 2287 invenit
2445 2232 2514 2288 ad
2554 2231 2660 2287 hoc
2691 2231 3129 2302 responsionem.
3157 2229 3262 2286 Sed
3296 2229 3343 2285 si
3373 2245 3492 2302 non.
3517 2241 3615 2298 po-

366 2322 397 2375 δ
425 2319 484 2375 δὲ
509 2319 695 2383 λοιπὸς
736 2319 1023 2391 ⁸Ε6ραίος;
1051 2319 1328 2376 Είπόντων
1357 2319 1403 2377 δ’
1430 2321 1691 2388 ἐκείνων,
1717 2321 1940 2376 δυνατὸν

2046 2332 2188 2379 terat
2240 2323 2438 2379 instrui
2472 2325 2541 2380 ab
2589 2324 2822 2380 Hebraeo
2856 2331 2912 2378 et
2959 2323 3148 2390 Persa,
3180 2323 3274 2392 qui
3319 2319 3618 2392 prepinqui

369 2407 512 2467 εἶναι
546 2413 613 2483 τῇ
641 2412 852 2468 ἑαυτῶν
884 2411 1150 2498 διαλέκτῳ
1177 2415 1316 2486 πρὸς
1355 2413 1416 2468 σὲ
1449 2413 1822 2484 διαλέγεσθαι,
1847 2415 1942 2469 καὶ

2047 2423 2198 2481 sunt,
2250 2415 2531 2485 quomodo
2572 2415 2694 2486 ipse
2740 2423 2958 2486 poterat
3010 2415 3334 2470 remotiores
3382 2413 3453 2469 ab
3498 2414 3620 2484 ejus

369 2505 681 2561 txriOani
709 2522 815 2572 σοι,
854 2505 914 2559 σὲ
942 2507 998 2560 δὲ
1021 2509 1088 2578 τῇ
1113 2501 1313 2561 σαυτοῦ
1343 2501 1568 2578 γλώσσῃ
1597 2507 1773 2560 πάντα
1818 2524 1942 2560 συν-

2046 2507 2231 2578 lingua
2257 2506 2459 2563 docere
2481 2505 2504 2560 2
2529 2505 2650 2576 Ipse
2679 2514 2863 2562 tamen
2895 2514 3020 2577 post
3051 2506 3167 2561 haec
3194 2505 3350 2570 dicit,
3375 2505 3618 2574 seipsnm

366 2597 623 2662 τάττειν,
672 2599 772 2669 οὐχ
815 2591 944 2669 εὗρε
983 2598 1120 2669 πρὸς
1156 2596 1316 2652 τοῦτο
1362 2598 1678 2670 ἀπόκρισιν.
1721 2597 1864 2652 Ἀλλ’
1891 2598 1941 2652 εί

2046 2600 2274 2656 missum
2331 2613 2455 2656 esse
2485 2599 2554 2654 ad
2605 2598 3018 2654 universitatem
3073 2596 3529 2670 gentiumJJnde
3564 2596 3620 2652 in

369 2689 448 2759 μὴ
478 2683 590 2754 οἷός
609 2705 670 2743 τε
690 2685 760 2760 ἦν
787 2689 893 2744 ύπδ
929 2686 1186 2760 Ἐδραίου
1205 2690 1302 2744 καὶ
1332 2690 1544 2762 Πέρσου
1571 2689 1944 2759 διδάσκεσθαι,

2046 2694 2288 2765 capitulo
2320 2693 2712 2765 prophetarum
2769 2691 2868 2758 ait,
2917 2692 3102 2748 dicere
3143 2690 3197 2748 ei
3239 2689 3460 2747 Deum:
3509 2690 3622 2746 Nos

363 2780 702 2852 όμοιοτέρων
733 2781 904 2836 ὄντων
953 2777 1158 2850 αὐτῶν,
1195 2775 1313 2846 πῶς
1345 2781 1555 2846 ἐκεῖνος
1586 2781 1808 2852 ὴδύνατ⁹
1838 2781 1942 2835 αὖ·

2046 2788 2302 2843 misimus
2349 2795 2404 2842 te
2445 2786 2513 2842 ad
2565 2784 2979 2841 universitatem
3026 2787 3297 2856 gentium.
3345 2783 3452 2840 Sed
3483 2799 3622 2854 quo-

363 2875 493 2939 τοὺς
541 2873 884 2945 πορρωτάτω
937 2870 1037 2945 τῆς
1101 2875 1269 2930 αὑτοῦ
1323 2875 1580 2948 γλώσσης
1627 2875 1936 2941 διδάσκειν;

2047 2879 2212 2938 modo
2243 2879 2432 2935 venire
2464 2879 2645 2949 potuit
2688 2878 2757 2932 ad
2798 2889 2992 2934 omnes
3032 2884 3246 2948 gentes,
3277 2889 3399 2946 quae
3431 2874 3621 2930 divisae

366 2965 537 3032 Αύτδς
573 2965 758 3038 μέντοι
800 2967 1148 3038 μετὰλταῦτά
1175 2979 1342 3039 φησιν
1379 2967 1574 3022 ἑαυτὸν
1601 2967 1940 3022 ἀπεστάλθαι

2046 2984 2201 3030 erant
2235 2975 2289 3028 in
2323 2967 2670 3042 septuaginta
2697 2969 2934 3040 linguas,
2962 2969 3059 3041 qui
3087 2969 3377 3041 ignorabat
3401 2967 3620 3040 aperire

366 3059 505 3134 πρὸς
533 3055 632 3132 τὴν
657 3055 886 3130 όλότητα
912 3059 1022 3113 τῶν
1049 3055 1243 3134 ἐθνῶν.
1273 3058 1437 3113 Ὅθεν
1465 3059 1525 3112 ἐν
1548 3058 1627 3128 τῷ
1657 3058 1938 3128 κεφαλαίῳ

2049 3064 2316 3134 suiipsius
2350 3061 2582 3118 verbum
2614 3061 2671 3116 in
2717 3061 2824 3116 alia
2861 3061 3048 3132 lingua
3076 3069 3446 3132 praeterquam
3493 3062 3620 3114 Ara-

362 3147 474 3208 τῶν
505 3147 804 3224 προφητῶν
836 3161 1002 3221 φησιν
1035 3152 1212 3205 εἰπεῖν
1237 3149 1388 3221 αύτῷ
1417 3151 1510 3206 τὸν
1532 3151 1694 3204 Θεόνο
1746 3148 1936 3221 Ἡμεῖς

2046 3151 2212 3210 bica?
2247 3149 2596 3206 Manifestum
2623 3150 2813 3222 igitur,
2837 3152 3286 3207 contrarietatem
3319 3159 3374 3208 et
3399 3152 3624 3208 menda-

365 3239 793 3313 ἀπεστάλκαμέν
851 3253 912 3296 σε
971 3243 1110 3314 πρὸς
1161 3242 1262 3313 τὴν
1325 3242 1555 3312 ὁλότητα
1610 3242 1720 3295 τῶν
1749 3239 1940 3296 ἐθνῶν.

2048 3246 2193 3302 cium
2224 3241 2573 3298 manifestum
2597 3243 3008 3308 esse,eumdem
3035 3244 3169 3299 solis
3185 3242 3459 3299 Arabibus
3490 3245 3622 3298 mis-

379 3332 542 3389 Ἀλλὰ
589 3328 708 3399 πῶς
755 3331 822 3389 ἂν
871 3333 1118 3406 ἀπῆλθεν
1161 3337 1243 3399 εἰς
1301 3335 1477 3390 πάντα
1528 3335 1598 3388 τὰ
1647 3329 1814 3402 ἔθνη,
1861 3334 1942 3396 είς

2048 3350 2171 3390 sum
2199 3347 2345 3397 esse,
2370 3341 2428 3388 et
2465 3333 2726 3388 omnibus
2753 3333 3029 3402 gentibus.
3049 3333 3170 3388 Non
3206 3335 3374 3404 igitur
3405 3335 3492 3391 lex
3527 3335 3620 3389 Dei

367 3426 742 3499 ὲδδομηκοντα
763 3425 1018 3497 γλώσσας
1048 3427 1380 3500 διῃρημένα,
1410 3429 1438 3480 ό
1464 3426 1679 3495 ἀγνοῶν
1706 3427 1941 3480 ἀποστο-

2046 3431 2152 3489 est,
2181 3423 2236 3476 in
2263 3433 2368 3493 qua
2403 3431 2484 3476 tot
2512 3422 2935 3478 contrarietates
2957 3433 3046 3479 est
3072 3424 3340 3480 invenire.

369 3517 620 3590 ματίζειν
664 3517 758 3575 τὸν
804 3519 1196 3590 ἑαυτούλόγον
1225 3523 1283 3575 ὲν
1311 3519 1471 3591 ἑτέρᾳ
1513 3517 1758 3592 γλώσσῃ,
1795 3517 1938 3588 πλὴν
1975 3518 2078 3588 τῆς
2108 3514 2446 3586 Ἀραϐικῆς;
2484 3513 2652 3586 Δῆλον
2715 3514 2899 3569 τοίνυν
2955 3517 3106 3570 ἐστὶν
3151 3519 3502 3586 ἐναντιότητα
3531 3518 3625 3572 καὶ

365 3618 563 3688 ψεῦδος
591 3617 1058 3684 ἀπαρακάλυπτον
1093 3613 1236 3672 εἷναι
1265 3617 1327 3671 τὸ
1349 3618 1442 3671 τὸν
1470 3616 1634 3672 αὐτὸν
1699 3617 1882 3688 μόνοις
1939 3633 2002 3669 τε
2040 3615 2151 3677 τοῖς
2184 3612 2429 3683 ’Ἄραψιν
2475 3611 2842 3680 ἀπεστάλθαι,
2897 3613 2992 3668 καί⁵
3055 3615 3191 3669 πᾶσι
3237 3617 3349 3680 τοῖς
3391 3615 3622 3672 ἔθνεσιν.

367 3715 483 3770 Οὐκ
507 3709 619 3784 ἄρα
645 3711 807 3783 νόμος
835 3709 956 3766 ἐστὶ
991 3711 1086 3765 τοῦ
1113 3707 1276 3780 Θεοῦ,
1309 3711 1368 3764 ὲν
1395 3703 1440 3781 ᾧ
1477 3711 1747 3775 τοσαύτας
1780 3711 2172 3780 ἐναντιότητας
2200 3706 2349 3762 ἐστιν
2382 3708 2588 3779 εὑρεῖν.

439 3852 513 3912 Z'.
548 3853 680 3907 Ὀτι
731 3847 938 3905 οὐδενί
989 3849 1244 3918 θαύματι
1278 3853 1312 3906 ὁ
1367 3848 1488 3906 τῶν
1534 3847 1938 3919 Σαρῤακηγῶν

857 3921 1042 3989 νόμος
1070 3919 1442 3985 βεϐαιοῦται.

439 4036 709 4108 Ἕσδομόν
751 4035 868 4088 ἐστι
907 4031 1208 4104 θεωρῆσαι,
1242 4033 1326 4087 ὅτι
1363 4031 1489 4086 οὔτε
1507 4032 1571 4085 τὸ
1611 4031 1939 4101 Ἀλκοράνον
1988 4024 2000 4030 ”

368 4130 490 4186 ἐστὶ
536 4129 702 4201 νόμος
749 4124 888 4181 Θεοῦ
942 4123 1188 4195 θαύμασι
1241 4122 1665 4194 βεϐαιούμενος,
1727 4122 1855 4176 οὔτε
1910 4122 1940 4175 ό

371 4219 618 4291 Μωάμεθ
675 4214 978 4278 ἀπόστολός
1043 4214 1162 4268 ἔστι
1209 4211 1304 4268 τοῦ
1364 4211 1536 4266 Θεοῦο
1591 4210 1654 4265 ού
1710 4209 1779 4281 δὴ
1827 4210 1939 4278 γὰρ

373 4311 564 4382 θαῦμα
600 4307 778 4379 τούτῳ
827 4303 1238 4376 συμμαρτυρεῖ.
1274 4301 1409 4355 Ὅτε
1443 4301 1554 4372 γὰρ
1584 4301 1613 4354 ό
1645 4299 1779 4358 Θεὸς
1810 4297 1947 4351 ἀπέ-

373 4402 550 4456 στειλε
609 4399 701 4455 τόν
745 4396 991 4467 Μωῦσῆν
1052 4397 1133 4458 είς
1181 4394 1273 4448 τὸν
1323 4393 1545 4465 Φαραὼ,
1593 4389 1806 4461 μεγάλα
1852 4388 1945 4440 τέ-

2081 3846 2196 3902 ἫΙ.
2241 3845 2394 3912 Quod
2427 3845 2515 3902 (ea:
2557 3844 2949 3915 Saracenorum
2981 3849 3126 3905 ηιιιιο
3165 3851 3426 3906 miraculo
3461 3868 3590 3908 cou-

2693 3917 2964 3984 ﬁrmatur.

2119 4029 2368 4101 Septimo
2400 4039 2484 4085 est
2528 4031 3020 4098 considerandum,
3059 4035 3205 4106 quod
3253 4049 3434 4107 neque
3460 4038 3623 4093 Aleo-

2048 4135 2242 4177 ranum
2264 4133 2348 4177 est
2373 4122 2458 4176 lex
2491 4120 2610 4188 Dei,
2639 4138 2762 4193 qute
2795 4124 3078 4181 miraculis
3103 4126 3487 4194 confirmetur,
3525 4146 3624 4184 ne-

2051 4227 2161 4281 que
2194 4212 2538 4269 Mahometus
2580 4221 2665 4268 est
2719 4215 3002 4286 apostolus
3049 4216 3168 4284 Dei,
3221 4219 3431 4275 nullum
3469 4223 3618 4278 enim

2049 4307 2379 4361 miraculum
2413 4307 2520 4362 hoc
2563 4316 2814 4364 testatur.
2851 4308 3084 4376 Quando
3111 4313 3260 4367 enim
3290 4313 3437 4370 Dens
3472 4315 3624 4372 misit

2044 4397 2265 4470 Moysen
2297 4398 2364 4453 ad
2413 4398 2778 4466 Pharaonem,
2825 4413 3019 4473 magna
3052 4403 3298 4474 prodigia
3333 4406 3620 4462 ostendit:

373 4510 515 4566 ρατα
543 4489 766 4556 ἔδειξεν.
810 4487 1044 4560 Ὁμοίως
1066 4487 1123 4540 δὲ
1156 4487 1254 4541 καὶ
1286 4484 1475 4548 Ἠλίας
1499 4485 1596 4538 καὶ
1637 4481 1940 4544 Ἐλισσαῖος

2048 4489 2304 4544 similiter
2340 4499 2523 4546 autem
2559 4499 2615 4546 et
2662 4491 2810 4548 Elias
2860 4501 2914 4549 et
2961 4493 3212 4559 Eiisaaus,
3254 4503 3311 4550 et
3366 4495 3461 4552 alii
3494 4513 3624 4568 pro-

369 4585 468 4640 καὶ
527 4585 576 4637 oi
629 4582 782 4638 ἄλλοι
844 4579 1130 4651 προφῆται
1189 4576 1406 4646 μεγάλα
1471 4577 1567 4630 καὶ
1631 4575 1946 4641 ἀνήκουστα

370 4677 698 4748 εἰργάσαντο
735 4674 1024 4748 θαύματα*
1059 4670 1156 4725 καὶ
1200 4671 1440 4741 μάλιστα
1477 4669 1527 4723 oi
1557 4668 1745 4723 καινόν
1779 4684 1832 4720 τι
1865 4667 1947 4730 είς

370 4767 464 4822 τδν
508 4767 621 4838 βίον
675 4762 1109 4832 είσενεγκόντες.
1177 4760 1238 4815 '0
1275 4761 1332 4814 δὲ
1381 4759 1622 4831 Χριστὸς
1683 4759 1834 4820 ἰδίως
1887 4758 1948 4810 ἔν

372 4859 617 4930 θαύμασι
670 4857 764 4911 καὶ
814 4853 1066 4925 σημείοις
1109 4853 1386 4922 μεγίστοις
1432 4849 1718 4922 ἐλήλυθεν,
1756 4849 1947 4919 ὥσπερ

371 4947 470 5001 καὶ
503 4946 666 5009 αὐτὸς
698 4947 726 4999 ό
761 4941 1062 5012 Μαχούμετ
1094 4943 1152 4995 δν
1184 4941 1263 5013 τῷ
1306 4941 1622 5012 ’Δλκοράνῳ
1655 4939 1846 5011 φησίν.
1883 4941 1946 4994 Et

371 5039 432 5093 δὲ
467 5037 676 5107 λέγοιεν
714 5037 764 5090 οί
819 5035 1166 5109 Σαρῤακηνοὶ
1196 5033 1370 5088 πολλὰ
1412 5035 1510 5088 καὶ
1543 5033 1759 5105 μεγάλα
1809 5031 1946 5085 θαύ-

375 5149 526 5203 ματα
567 5131 797 5202 ποιῆσαι
843 5129 939 5184 τὸν
984 5129 1312 5200 Μαχούμετ,
1341 5127 1532 5202 ὥσπερ
1565 5129 1628 5182 τὸ
1661 5129 1946 5182 ἀποκατα-

374 5225 568 5294 στῆσαι
598 5224 699 5295 τὴν
732 5222 965 5293 σελήνην
993 5221 1378 5295 διαιρεθεῖσαν,
1403 5221 1502 5276 καὶ
1536 5221 1722 5292 πηγὴν
1755 5220 1949 5282 ὓδατος

369 5315 438 5369 ἐκ
467 5314 576 5367 τῶν
616 5311 784 5368 αύτοῦ
846 5311 1129 5367 δακτύλων
1175 5311 1547 5382 ἀπορρυῆναι,
1605 5311 1771 5382 λῆρός
1826 5311 1946 5364 ἐστι

369 5401 552 5471 τοῦτο,
582 5404 680 5457 καὶ
725 5403 974 5473 ἐναντίον
1009 5401 1088 5473 τῷ
1144 5402 1298 5472 αὐτῷ
1356 5402 1689 5472 ’Δλκοράνῳ.
1726 5400 1945 5454 κωλύει

370 5491 484 5565 γὰρ
510 5496 540 5548 ό
567 5493 867 5564 Μαχούμετ
909 5472 1037 5562 περὶ
1076 5491 1244 5548 αὐτοῦ
1283 5508 1337 5546 τι
1367 5493 1610 5546 τοιοῦτον
1639 5489 1945 5554 πιστεύειν,

371 5585 515 5658 πλὴν
563 5585 672 5640 τῶν
725 5585 784 5640 ἑν
837 5583 920 5654 τῷ
961 5583 1274 5656 ’Δλκοράνῳ
1332 5587 1756 5656 γεγραμμένων.
1809 5585 1947 5654 Περὶ

371 5675 614 5743 πάντων,
653 5676 811 5748 φησὶ,
839 5675 952 5731 τῶν
995 5677 1299 5748 προφητῶν
1339 5676 1535 5730 πολλοὶ
1566 5676 1740 5730 πολλὰ
1782 5675 1944 5746 ἐψεύ-

373 5781 562 5834 σαντο,
609 5767 745 5836 ὅπερ
805 5765 894 5820 ἶνα
939 5767 1036 5821 καὶ
1089 5768 1216 5838 περὶ
1266 5769 1402 5838 ἐμοῦ
1437 5767 1739 5837 λογίζοιντό
1773 5785 1943 5832 τινες,

2049 4583 2225 4652 phetze
2272 4598 2466 4654 magna
2517 4591 2575 4637 et
2622 4583 2872 4639 inaudita
2922 4585 3188 4641 miracula
3232 4586 3518 4656 fecerunt,
3566 4599 3622 4646 et

2050 4672 2286 4728 maxime
2318 4674 2414 4743 qui
2449 4689 2653 4728 novum
2688 4674 2970 4744 quoddam
3003 4676 3058 4730 in
3084 4678 3254 4734 vitam
3287 4679 3623 4736 inferebant.

2047 4764 2302 4820 Christus
2328 4773 2508 4820 autem
2534 4767 2755 4836 proprie
2787 4766 2842 4821 in
2869 4768 3152 4824 miraculis
3173 4777 3232 4824 et
3259 4769 3431 4841 signis
3459 4774 3627 4828 maxi-

2050 4855 2156 4907 mis
2186 4853 2361 4920 venit,
2409 4855 2554 4908 sicut
2598 4861 2654 4909 et
2699 4854 2814 4924 ipse
2857 4855 3204 4914 Mahometus
3247 4857 3301 4912 in
3349 4859 3623 4918 Aleorano

2049 4943 2206 4999 dicit.
2243 4945 2299 5000 Si
2333 4953 2516 5000 autem
2569 4944 2757 5001 dicant
2802 4945 3084 5014 Saraceni,
3117 4951 3290 5006 multa
3333 4961 3392 5009 et
3425 4969 3622 5026 magna

2048 5035 2315 5090 miracula
2379 5035 2577 5093 fecisse
2623 5035 3019 5108 Mahometum,
3076 5041 3222 5098 sicut
3281 5043 3623 5116 reintegrare

2048 5125 2234 5182 lunam
2267 5125 2522 5196 divisam,
2554 5135 2612 5183 et
2643 5127 2848 5185 fontem
2878 5145 3033 5201 aqum
3058 5147 3124 5187 ex
3153 5131 3277 5204 eius
3303 5134 3488 5205 digitis
3527 5136 3623 5190 de-
3706 5180 3709 5183 .

2049 5216 2296 5284 ﬂuxisse,
2323 5218 2520 5273 Tabula
2560 5227 2646 5274 est
2679 5220 2806 5286 hoc,
2840 5230 2898 5275 et
2947 5225 3289 5280 contrarium
3322 5227 3502 5283 eidem
3534 5229 3623 5283 Al-

2048 5322 2274 5363 corano.
2323 5308 2590 5367 Prohibet
2640 5311 2786 5365 enim
2819 5311 3164 5370 Hahometus
3195 5315 3265 5371 de
3306 5332 3375 5373 eo
3411 5319 3620 5389 aliquid

2051 5401 2156 5454 tale
2189 5401 2440 5466 credere,
2473 5411 2837 5474 praeterquam
2865 5420 2990 5475 qua
3035 5407 3239 5478 scripta
3271 5419 3401 5464 sunt
3443 5409 3499 5463 in
3531 5410 3622 5464 Al-

2046 5506 2272 5547 corano.
2303 5492 2378 5547 De
2427 5494 2688 5550 omnibus
2714 5495 2998 5566 prophetis
3043 5498 3404 5572 dicitz'Multi
3450 5500 3621 5555 multa

2048 5583 2266 5639 mentiti
2315 5593 2465 5650 sunt,
2501 5585 2648 5654 quod
2681 5602 2748 5642 ne
2796 5587 2865 5642 de
2905 5602 2992 5643 me
3023 5589 3340 5644 existiment
3369 5589 3617 5659 quidam,

2049 5676 2104 5731 id
2149 5677 2324 5731 solum
2371 5675 2440 5732 de
2485 5692 2573 5732 me
2622 5692 2814 5732 verum
2845 5679 3124 5746 credatur,
3166 5681 3314 5751 quod
3363 5680 3618 5735 Aleorani

2050 5770 2375 5825 auctoritate
2421 5769 2663 5824 fulcitur.
2712 5771 2808 5826 lile
2857 5774 3006 5827 enim
3041 5787 3166 5828 cum
3210 5773 3472 5828 miracula
3509 5789 3620 5828 non
