4068 6446
521 317 620 381 107
632 318 652 383 ι

1756 324 2141 387 DEMETRII
2185 330 2499 395 CYDONII

3628 347 3764 420 1072

514 432 755 493 fecisset.
803 442 858 488 et
910 433 1014 490 hoc
1067 433 1358 491 ostendere
1406 434 1616 500 volens,
1661 435 1873 491 inducit
1926 439 2070 494 Dcun

2199 442 2378 497 ἐκεῖνο
2412 445 2573 514 μόνον
2611 446 2738 517 περί
2776 448 2910 518 ἐμοῦ
2943 453 3307 519 πιστευέσθω,
3331 457 3358 510 ὀ
3394 458 3667 530 βοηθεῖται
3695 469 3761 538 τῇ

512 527 826 595 loquentem
865 536 921 581 et
973 526 1287 582 dicentem:
1340 527 1484 584 Dixit
1528 528 1794 584 Dominus
1835 530 1903 584 ad
1951 546 2084 587 me:

509 618 739 688 Propter
780 618 886 675 hoc
934 602 1197 675 miracula
1234 629 1285 677 te
1335 620 1516 677 facere
1551 636 1658 677 non
1705 623 1987 691 permitto,
2017 639 2086 681 ne

509 710 608 764 tibi
637 718 860 779 propter
890 710 1154 765 miracula
1184 711 1403 765 eveniat
1431 712 1577 781 quod
1608 720 1665 766 et
1690 712 1815 769 aliis
1849 713 2086 784 prophe-

508 802 580 854 tis
611 802 835 858 accidit.
870 802 983 857 Suo
1020 802 1189 872 ipsius
1235 801 1402 873 igitur
1436 805 1754 859 testimonio
1803 806 2088 862 convinci-

418 961 425 967 ο
507 902 621 957 tur,
654 894 864 948 nullum
901 894 1118 964 signum
1154 893 1371 950 fecisse.
1403 894 1526 965 Ipse
1554 896 1703 951 enim
1738 897 2085 952 Mahometus

506 986 771 1042 continue
808 987 862 1040 in
898 987 1172 1041 Alcorano
1207 987 1363 1054 dicit,
1397 988 1545 1058 quod
1575 1004 1702 1043 cum
1750 990 2003 1044 homines
2032 990 2082 1044 ei

505 1077 787 1134 dicerent:
838 1076 1080 1133 Ostende
1133 1079 1357 1149 aliquod
1411 1080 1649 1150 signum,
1684 1082 1826 1136 sicut
1869 1080 2083 1153 Moyses

504 1165 658 1218 venit
701 1181 825 1219 cum
861 1166 1057 1237 signis,
1105 1176 1164 1221 et
1196 1168 1296 1221 alii
1333 1168 1566 1236 scilicet,
1619 1179 1677 1225 et
1716 1168 1993 1237 Christus,
2025 1180 2083 1227 et

504 1257 595 1311 alii
628 1257 905 1327 propheta:
928 1257 1215 1324 fecerunt;
1248 1261 1557 1330 respondit,
1580 1263 1748 1332 .quod
1780 1262 1990 1333 Moyses
2026 1273 2083 1319 et

504 1352 787 1421 prophetae
819 1353 972 1408 missi
1009 1365 1139 1408 sunt
1176 1371 1208 1409 a
1240 1353 1351 1410 Deo
1383 1375 1397 1409 :
1428 1366 1483 1411 et
1532 1358 1768 1413 maxime
1801 1357 2077 1427 Christus,

500 1447 595 1514 qui
638 1446 693 1499 in
745 1445 1001 1501 maximis
1043 1446 1311 1518 prodigiis
1364 1449 1536 1514 venit,
1572 1463 1631 1505 et
1678 1452 1916 1507 mundus
1968 1469 2079 1508 non

500 1538 737 1593 credidit
770 1539 878 1603 his,
911 1541 1006 1595 sed
1042 1542 1183 1597 dixit
1214 1543 1316 1597 hos
1360 1543 1632 1600 veneficos
1678 1553 1735 1599 et
1770 1546 2081 1601 incantato-

498 1646 588 1687 res
614 1646 758 1687 esse.
806 1632 1042 1705 Propter
1074 1634 1180 1689 hoc
1213 1634 1358 1689 Dens
1399 1651 1508 1690 non
1546 1636 1797 1705 permisit
1825 1638 1962 1693 mihi
2000 1639 2079 1694 fa-

497 1737 626 1777 cere
658 1724 945 1789 miracula,
972 1704 1088 1779 non
1117 1726 1267 1780 enim
1299 1726 1685 1783 credidissent.
1720 1729 1825 1785 Sed
1863 1730 1987 1785 veni
2019 1731 2073 1785 in

2194 533 2423 605 δυνάμει
2465 538 2573 590 τῶν
2623 538 2799 608 λόγων
2843 543 2936 596 τοῦ
2983 545 3328 615 Ἀλκοράνου.
3371 551 3611 618 Ἐκεῖνος
3651 533 3763 629 γὰρ

2194 623 2452 695 θαύματα
2483 628 2558 697 μὴ
2594 631 2846 702 ποιήσας,
2874 635 2968 688 καὶ
3012 635 3171 692 τοῦτο
3215 638 3384 704 δεῖξαι
3412 623 3760 714 βουλόμενος,

2188 719 2403 787 εἰσάγει
2425 722 2811 796 διαλεγόμενον
2851 729 2944 783 τὸν
2980 730 3134 797 Θεὸν,
3167 734 3259 786 καὶ
3300 734 3597 805 φάσκοντα,
3625 735 3759 793 Εῐπε

2190 810 2395 880 Κύριος
2440 815 2576 882 πρός
2614 833 2704 885 με,
2736 817 2836 870 Διὰ
2876 817 3037 873 τοῦτο
3088 820 3341 890 θαύματὰ
3377 843 3438 889 σε
3481 831 3656 883 ποιεῖν
3695 831 3760 884 ού

2188 905 2478 974 συγχωρῶ,
2518 906 2603 961 ἵνα
2653 909 2728 979 μὴ
2778 910 2873 964 καί¹
2932 915 3014 966 σοι
3068 914 3159 967 διὰ
3204 917 3273 982 τὰ
3324 918 3575 990 θαύματα
3620 925 3758 997 ὅπερ

2185 992 2297 1054 τοῖς
2339 992 2522 1057 ἄλλοις
2573 997 2885 1068 προφήταις
2945 1002 3148 1073 συμϐῇ.
3192 1005 3269 1077 Τῇ
3326 1008 3519 1063 ἐαυτοῦ
3577 992 3759 1068 τοίνυν

2186 1080 2469 1155 ἐλέγχεται
2502 1090 2784 1162 μαρτυρίᾳ
2811 1091 2964 1145 ούδὲν
3000 1099 3224 1165 σημεῖον
3278 1102 3612 1172 πεποιηκώς.
3645 1107 3759 1162 Καὶ

2184 1173 2347 1267 αύτδς
2378 1176 2485 1267 γάρ
2518 1180 2546 1231 6
2585 1179 2885 1251 Μαχούμετ
2931 1188 3171 1257 συνεχῶς
3222 1191 3284 1243 έν
3326 1190 3403 1262 τῷ
3448 1193 3759 1267 ’Δλκοράνῳ

2184 1263 2370 1334 φησὶν,
2414 1266 2497 1319 ὅτι
2538 1268 2646 1322 τῶν
2690 1270 2997 1341 ἀνθρώπων
3049 1277 3319 1347 λεγόντων
3371 1283 3543 1355 αὐτῷ,
3574 1263 3759 1354 Δεῖξον

2184 1359 2430 1424 σημεῖον,
2466 1356 2654 1430 ὥσπερ
2690 1363 2933 1434 Μωῡσῆς
2989 1371 3085 1422 καὶ
3136 1372 3369 1441 Χριστὸς
3403 1376 3496 1429 καὶ
3529 1378 3578 1429 οἰ
3605 1379 3757 1432 ἄλλοι

2182 1447 2459 1541 προφῆται
2490 1452 2807 1541 ἐποίησαν,
2869 1459 3237 1535 ἀπεκρίνατο,
3288 1465 3370 1520 ὅτι
3436 1471 3466 1534 6
3514 1470 3756 1541 Μωΰσὴς

2178 1529 2310 1606 ἦλθε
2369 1539 2514 1607 μετὰ
2573 1544 2841 1612 σημείων,
2895 1551 2989 1603 καὶ
3019 1529 3096 1605 ὀί
3155 1529 3305 1608 ἄλλοι
3354 1529 3755 1630 ἀπεσταλμένοι

2180 1630 2330 1700 παρὰ
2366 1631 2524 1698 Θεοῦ,
2568 1636 2659 1690 καὶ
2703 1637 2941 1707 μάλιστα
2970 1631 2998 1695 6
3023 1645 3282 1714 Χριστὸς,
3304 1647 3362 1710 6;
3385 1650 3444 1701 ἐν
3474 1652 3755 1719 μεγίστοις

2178 1720 2405 1790 ἐλήλυθε
2450 1725 2667 1796 τέρασι,
2700 1729 2795 1783 καὶ
2833 1731 2862 1783 6
2910 1732 3115 1803 κόσμος
3158 1736 3258 1790 ούκ
3305 1739 3593 1795 ἐπίστευσε
3628 1746 3756 1797 τού-

495 1816 744 1884 potentia
805 1822 1112 1874 armorum.
1148 1817 1287 1879 ,Hoc
1356 1830 1542 1875 autem
1627 1821 2070 1879 manifestissime

2178 1828 2294 1875 τοις
2321 1828 2337 1842 °
2372 1812 2486 1867 ἀλλ’
2513 1815 2665 1884 ἔλεγε
2715 1824 3044 1891 φαρμακοὺς
3085 1826 3180 1879 καὶ
3209 1828 3411 1899 γόητας
3452 1826 3590 1885 εἶναι
3631 1835 3756 1889 τού-

494 1907 806 1961 ostenditur
850 1908 997 1977 quod
1060 1908 1258 1963 falsum
1311 1910 1401 1964 sit.
1431 1911 1718 1976 Quomodo
1763 1914 1913 1969 enim
1965 1931 2075 1970 non

495 1998 859 2055 credidissent
891 2000 1019 2055 huic
1050 2000 1270 2057 facienti
1303 2005 1590 2068 miracula,
1611 2006 1704 2075 qui
1734 2007 1941 2077 absque
1971 2009 2074 2062 mi-

494 2090 700 2145 raculis
753 2092 1111 2146 crediderunt
1142 2095 1318 2149 solum
1367 2096 1647 2152 mandanti
1685 2098 1998 2154 interimere
2023 2110 2079 2156 et

496 2198 715 2252 rapere,
746 2194 802 2238 et
835 2185 1099 2253 plurimas
1138 2187 1392 2242 mulieres
1424 2205 1803 2260 corrumpere,
1852 2204 1908 2245 et
1938 2192 2077 2246 den-

496 2284 602 2327 tem
638 2291 735 2343 pro
766 2276 950 2341 dente,
975 2289 1031 2331 et
1063 2280 1281 2332 oculum
1313 2296 1413 2349 pro
1444 2284 1604 2335 oculo
1632 2282 1918 2337 effodere?
1945 2285 2077 2338 Pro-

492 2363 622 2417 clivi
657 2365 805 2418 enim
840 2376 968 2420 sunt
997 2367 1061 2420 ad
1099 2369 1226 2422 talia
1261 2371 1354 2437 qui
1409 2371 1464 2424 in
1498 2374 1703 2426 mundo
1741 2384 2073 2440 versantur;

424 2476 427 2483 ν
492 2470 666 2523 quare
694 2455 781 2509 vix
821 2472 850 2510 a
882 2459 1069 2512 multis
1096 2459 1379 2528 judicibus
1408 2472 1463 2516 et
1495 2465 1802 2519 tortoribus
1827 2475 1882 2520 et
1909 2468 2077 2536 puni-

491 2549 740 2603 tionibns
789 2551 1033 2605 coerceri
1080 2563 1332 2620 possunt.
1376 2555 1435 2607 ιιι
1476 2558 1717 2624 potentia
1772 2569 1954 2613 autem
1987 2576 2073 2615 ar-

490 2654 734 2705 morum,
777 2641 925 2708 quod
987 2658 1088 2710 pro
1130 2643 1399 2703 miraculo
1448 2645 1679 2711 inducit,
1718 2650 2070 2706 manifestum

490 2739 574 2784 est
602 2732 973 2805 mendacium.
1003 2734 1123 2789 Non
1158 2736 1304 2789 enim
1338 2752 1555 2807 semper
1583 2740 1756 2794 victor
1780 2742 1907 2808 fuit,
1931 2744 2073 2798 sicut

494 2822 714 2890 Moyses
747 2833 803 2878 et
845 2824 1003 2879 Jesus
1041 2826 1215 2892 Nave,
1252 2839 1307 2883 et
1337 2830 1505 2893 Elias,
1542 2848 1681 2900 quos
1715 2834 1942 2903 angelus
1970 2834 2074 2889 Do-

493 2916 627 2970 mini
658 2933 875 2987 semper
904 2920 1166 2987 protexit.
1197 2929 1248 2973 et
1287 2922 1572 2978 vincentes
1618 2924 1769 2983 fecit.
1795 2912 2072 2983 Mahome-

491 3020 582 3064 tus
617 3019 799 3065 autem
836 3010 1131 3080 aliquando
1166 3014 1441 3080 vincebat,
1471 3017 1768 3087 aliquando
1808 3020 2069 3095 vinceba-

488 3113 602 3167 tur,
642 3105 786 3158 sicut
818 3111 873 3158 et
921 3105 1012 3158 alii
1074 3109 1311 3176 tyranni.
1347 3098 1547 3165 Dentes
1598 3111 1744 3166 enim
1778 3113 1896 3184 ejus
1935 3129 2067 3168 con-
2096 3141 2140 3199 ρ

490 3192 606 3246 triti
638 3202 766 3248 sunt
792 3194 845 3247 in
892 3194 1057 3260 bello,
1091 3204 1147 3249 et
1192 3196 1358 3253 facies
1390 3200 1602 3255 collisa.
1651 3202 1728 3255 Ex
1753 3217 1863 3272 quo
1896 3204 2072 3258 mani-

487 3281 722 3346 festum,
754 3283 898 3351 quod
933 3299 1038 3337 non
1077 3294 1160 3338 est
1209 3287 1534 3342 miraculum
1570 3291 1716 3358 quod
1748 3293 1816 3345 ab
1851 3292 1941 3346 eis
1972 3309 2072 3362 pro

489 3374 645 3443 signo
677 3375 962 3438 asseritur,
1005 3392 1257 3447 magnam
1303 3378 1563 3435 videlicet
1617 3383 1807 3436 mundi
1858 3390 2069 3453 partem

487 3468 538 3520 ei
573 3458 1146 3535 repente‘adhresisse.
1174 3470 1357 3525 Talem
1381 3475 1527 3527 enim
1559 3477 1844 3530 constituit
1871 3477 2069 3547 legem,

488 3567 543 3609 ct
578 3556 707 3610 talia
746 3557 898 3612 dedit
945 3558 1220 3625 mandata,
1252 3561 1318 3616 ad
1353 3578 1474 3631 qua:
1510 3564 1760 3619 homines
1791 3566 1910 3619 sine
1938 3568 2071 3636 legi-

488 3650 596 3704 bus
627 3650 859 3719 proclivi
894 3663 1059 3705 sunt:
1098 3661 1163 3706 ut
1208 3652 1264 3707 in
1300 3646 1681 3724 superioribus
1716 3656 2065 3712 manifestum

486 3751 590 3795 est.
649 3741 926 3797 Mandavit
990 3742 1137 3797 enim
1203 3744 1336 3799 mihi
1386 3745 1675 3810 Dominus,
1723 3747 1882 3813 dixit,
1934 3765 2067 3805 ense

485 3841 680 3900 gentes
732 3848 1084 3904 expugnare,
1134 3850 1424 3905 quousque
1478 3837 1868 3904 confiteantur,
1920 3841 2065 3910 quod

484 3940 598 3979 non
653 3934 737 3980 est
767 3924 914 3979 Deus
941 3934 1139 3994 praeter
1166 3926 1361 3992 Deum,
1392 3935 1447 3980 et
1478 3927 1623 3996 quod
1655 3942 1755 3997 ego
1782 3944 1903 3984 sum
1935 3947 2068 4002 apo-

484 4017 661 4072 stolus
694 4016 807 4072 Dei.
826 4018 980 4081 Quod
1009 4017 1102 4083 qui
1123 4017 1359 4073 confessi
1387 4027 1535 4082 sunt,
1558 4034 1749 4074 eorum
1780 4031 2063 4092 argentum

484 4126 550 4163 eo
579 4119 1067 4174 conservaverunt,
1090 4118 1146 4163 et
1175 4109 1517 4179 sanguinem.
1546 4110 1683 4166 Hinc
1705 4122 1756 4167 et
1802 4113 2062 4171 Saraceni

484 4200 678 4256 salvati
706 4200 984 4254 dicuntur.
1011 4199 1115 4265 Qui
1146 4202 1297 4254 enim
1334 4199 1625 4256 Mahometi
1660 4207 1911 4260 mandata
1941 4222 2062 4261 sus—

483 4290 784 4359 cipiebant,
814 4292 1180 4345 servabantur
1207 4297 1263 4343 et
1320 4291 1389 4345 ab
1416 4306 1502 4358 eo,
1528 4304 1584 4347 et
1612 4294 1680 4348 ab
1724 4297 1807 4349 eis
1833 4298 1923 4365 qui
1956 4297 2060 4353 sub

486 4384 579 4437 illo
624 4392 775 4437 erant
812 4399 827 4448 ;
857 4397 1037 4451 neque
1070 4380 1466 4437 interimebant
1501 4399 1617 4450 eos,
1651 4401 1829 4455 neque
1860 4390 2057 4457 spolia-

2181 1920 2328 1968 τους.
2356 1906 2455 1968 Διὰ
2489 1908 2648 1963 τοῦτο
2675 1912 2702 1964 6
2727 1911 2860 1977 Θεὸς
2890 1916 2948 1969 ού
2988 1919 3334 1991 συνεχώρησέ
3369 1940 3463 1993 μοι
3498 1924 3752 1997 θαύματά

2184 2013 2251 2062 με
2309 1999 2507 2052 ποιεῖν.
2545 2000 2620 2053 Ού
2669 2001 2778 2073 γὰρ
2834 2003 2901 2058 ἂν
2959 2007 3280 2061 ἐπίστευον⁸
3332 2011 3447 2065 ἀλλ’
3487 2008 3649 2085 ἦλθον
3695 2020 3755 2069 ἐν

2179 2087 2408 2159 δυνάμει
2460 2091 2663 2149 ὃπλων.
2717 2092 2890 2177 Τούτο
2943 2098 3000 2152 δὲ
3050 2100 3334 2171 ἐλέγχεται
3375 2107 3752 2177 φανερώτατον

2177 2181 2374 2249 ψεῦδος
2416 2182 2494 2239 6v.
2538 2185 2663 2250 Πῶς
2713 2166 2823 2258 γάῤ
2885 2191 2988 2244 ούκ
3045 2190 3111 2246 ἂν
3151 2166 3526 2253 ἐπίστευσαν.
3556 2198 3748 2270 τούτῳ,

2180 2275 2466 2340 ποιήσαντι
2511 2277 2797 2347 θαύματα,
2834 2281 2885 2335 οἰ
2925 2284 3319 2351 πιστεύσαντες
3361 2288 3509 2359 αύτῷ
3542 2289 3748 2362 θαυμάο

2178 2382 2287 2418 των
2334 2370 2529 2438 χωρὶς,
2580 2370 2744 2439 μόνον
2800 2373 3168 2447 ἐντειλαμένῳ
3214 2379 3623 2448 ἀποκτιννύναι,
3659 2386 3748 2438 καὶ

2178 2456 2471 2525 ἁρπάζειν,
2507 2460 2603 2513 καὶ
2652 2460 2915 2527 πλείστας
2955 2465 3289 2536 διαφθείρειν
3333 2473 3619 2541 γυναῖκας,
3657 2476 3751 2527 καὶ

2178 2548 2373 2604 ὀδόντα
2417 2552 2541 2613 άντί
2571 2552 2805 2621 ὀδόντος,
2844 2559 2939 2610 καὶ
2979 2559 3261 2630 ὀφθαλμὸν
3305 2563 3427 2618 ἀντὶ
3464 2565 3740 2637 ὀφθαλμοῦ

2180 2641 2521 2711 ἐξορύττειν;
2563 2645 2918 2716 Ἑπιῤῥεπεῖς
2954 2650 3062 2718 γάρ
3087 2652 3224 2721 πρὸς
3256 2655 3325 2708 τὰ
3352 2655 3578 2711 τοιαῦτα
3611 2659 3659 2711 οἰ
3689 2661 3745 2717 ἐν

2179 2733 2367 2802 κόσμῳ
2419 2735 2933 2809 ἀναστρεφόμενοι⁹
2982 2741 3122 2798 ὥστε
3172 2745 3326 2811 μόλις
3383 2748 3488 2802 ὑπὸ
3536 2751 3744 2805 πολλῶν

2175 2822 2446 2878 δικαστῶν
2480 2828 2575 2880 καὶ
2602 2827 2945 2897 βασανιστῶν
2986 2833 3080 2889 καὶ
3124 2836 3400 2893 κολάσεων
3444 2841 3744 2899 κωλύεσθαι

2174 2915 2459 3005 δύνασθαι.
2492 2920 2567 2972 Τὸ
2599 2920 2655 2973 δὲ
2712 2923 2769 2973 ἐν
2814 2921 3047 2995 δυνάμει
3097 2926 3276 2984 ὅπλων
3323 2930 3567 3003 ἀφῖχθαι,
3608 2935 3742 3005 ὅπερ

2175 3004 2295 3058 ἀντὶ
2319 3004 2593 3075 θαύματος
2617 3008 2847 3078 εἰσάγει,
2883 3015 3119 3084 φανερόν
3146 3017 3263 3071 ἐστι
3292 3018 3507 3088 ψεῦδος.
3538 3024 3611 3078 Ού
3633 3025 3743 3094 γὰρ

2174 3095 2263 3149 ἀεὶ
2300 3098 2525 3168 νικητὴς
2560 3094 2651 3169 ἦν,
2695 3099 2885 3173 ὥσπερ
2919 3106 2947 3158 6
2979 3106 3225 3179 Μωῦσῆς
3272 3113 3365 3166 καὶ
3393 3115 3422 3167 6
3454 3115 3549 3168 τοῦ
3581 3116 3742 3188 Ναυῆ

2187 3186 2416 3278 Ἰησοῦς,
2453 3190 2544 3243 καὶ
2585 3190 2776 3258 Ἠλίας
2800 3209 2815 3226 ο
2850 3189 2925 3251 ὧν
2958 3198 3188 3268 ἄγγελος
3221 3202 3427 3273 Κυρίου
3460 3206 3544 3260 ἀεὶ
3575 3186 3749 3281 ύπερέ

2174 3280 2390 3348 ήσπιζε,
2428 3284 2518 3335 καὶ
2543 3284 2811 3350 νικῶντας
2842 3288 3040 3345 ἐποίει.
3077 3289 3136 3345 '0
3165 3292 3223 3347 δὲ
3247 3295 3547 3368 Μαχούμετ
3572 3280 3745 3356 ἐνίοτε

2176 3377 2277 3442 μὲν
2308 3376 2483 3442 ἐνίκα,
2517 3378 2690 3432 ἐνίοτε
2745 3381 2802 3434 δὲ
2848 3384 3089 3451 ἐνικᾶτο,
3124 3386 3315 3459 ὥσπερ
3359 3391 3454 3442 καὶ
3500 3391 3550 3443 οἱ
3595 3368 3743 3446 ἄλλοι

2172 3467 2468 3536 τύραννοι·
2517 3471 2563 3522 οἰ
2599 3474 2709 3541 γὰρ
2758 3473 2967 3539 ὀδόντες
3021 3476 3185 3532 αὐτοῦ
3208 3479 3633 3552 ,συνετρίϐησαν
3683 3485 3743 3535 ἐν

2171 3559 2412 3630 πολέμῳ,
2439 3562 2531 3614 καὶ
2558 3563 2618 3614 τὸ
2654 3566 2966 3630 πρόσωπον.
3012 3568 3103 3635 Ἐξ
3129 3563 3189 3624 οὗ
3214 3571 3394 3641 δῆλον,
3416 3572 3487 3635 ὡς
3507 3575 3604 3627 ούκ
3625 3574 3739 3629 ἐστι
3799 3598 3807 3605 ~

2171 3650 2356 3719 θαῦμα
2402 3653 2463 3704 τὸ
2506 3653 2638 3723 παρ’
2673 3657 2854 3711 αὐτῶν
2899 3660 3021 3712 ἀντὶ
3072 3664 3303 3732 σημείου
3338 3665 3742 3736 προκομιζόμε-

2168 3759 2278 3806 νον,
2320 3742 2382 3796 τὸ
2438 3745 2582 3813 μέγα
2643 3746 2811 3817 μέρος
2865 3750 3113 3820 δηλονότι
3170 3752 3266 3808 τοῦ
3328 3756 3532 3827 κόσμου
3587 3757 3740 3829 αύτῷ

2167 3834 2537 3906 προστεθῆναι
2592 3837 2874 3911 ἐξαίφνης.
2936 3840 3192 3897 Τοιοῦτον
3251 3847 3360 3916 γὰρ
3406 3849 3739 3921 ἐνεστήσατο

2168 3926 2349 3992 νόμον,
2390 3927 2484 3979 καὶ
2530 3928 2789 3993 τοιαύτας
2832 3931 3066 3987 δέδωκεν
3118 3936 3359 4005 ἐντολὰς,
3385 3938 3472 4008 ἐφ’
3512 3939 3654 4008 ἅπερ
3680 3942 3735 3995 οἰ

2165 4016 2444 4087 ἄνθρωποι
2485 4024 2579 4073 καὶ
2615 4022 2794 4092 νόμων
2824 4026 2993 4096 χωρὶς
3028 4025 3370 4099 ὑπάρχουσιν
3404 4029 3635 4097 εὔκολοι,
3655 4030 3736 4097 ὡς

2162 4106 2322 4178 δῆλον
2367 4109 2427 4162 ἐν
2473 4112 2587 4174 τοῖς
2623 4112 2907 4183 ἀνωτέρω.
2953 4117 3294 4173 Ἐνετείλατο
3341 4122 3449 4190 γάρ
3494 4141 3585 4192 μοι
3622 4125 3739 4177 Κύ-

2166 4212 2301 4266 ριος,
2332 4201 2487 4267 φησὶ,
2516 4199 2661 4269 ξίφει
2708 4204 3165 4277 καταπολεμῆσαι
3218 4210 3288 4264 τὰ
3343 4210 3495 4283 ἔθνη,
3540 4214 3736 4283 μέχρις

2163 4287 2232 4340 ἂν
2263 4288 2694 4369 ὁμολογήσωσιν,
2716 4292 2802 4346 ὅτι
2829 4296 2927 4348 οὐκ
2965 4296 3082 4350 ἐστι
3113 4298 3244 4361 Θεὸς
3273 4299 3414 4371 πλὴν
3446 4302 3539 4355 τοῦ
3565 4304 3728 4367 Θεοῦ,

2162 4381 2256 4433 καὶ
2302 4366 2388 4435 ὅτι
2432 4382 2545 4450 ἐγὼ
2599 4384 2901 4452 ἀπόστολός
2946 4388 3062 4458 εἰμι
3114 4390 3208 4443 τοῦ
3248 4366 3409 4449 Θεού.
3455 4396 3631 4467 Ὅπερ
3680 4366 3730 4452 οἰ

485 4479 635 4529 bant.
663 4474 819 4530 Unde
842 4484 902 4528 et
931 4473 1191 4528 Saraceni
1216 4488 1324 4526 non
1352 4487 1617 4531 vocantur
1649 4478 1928 4543 Saraceni,
1958 4482 2053 4535 sed

2172 4472 2597 4541 5μολογήσαντες
2632 4476 2904 4544 ἐφύλαξαν
2935 4479 2995 4532 τὸ
3025 4480 3287 4553 ἀργύριον
3325 4486 3504 4539 αὐτῶν
3550 4489 3643 4541 καὶ
3670 4490 3731 4543 τὸ

487 4566 819 4628 Meselamin,
852 4563 997 4633 quod
1030 4565 1419 4632 interpretatur
1441 4566 1632 4621 εαίυαιὶ
1656 4586 1678 4633 ;
1702 4580 1757 4622 et
1807 4570 2059 4627 derident

2172 4559 2324 4630 αἷμα.
2369 4562 2651 4645 Ἐντεῦθεν
2700 4567 2795 4621 καὶ
2845 4569 2896 4622 οἰ
2950 4571 3295 4643 Σαρρακηνοὶ
3344 4575 3589 4646 λέγονται
3644 4598 3732 4634 σε-

483 4659 849 4721 Christianos,
892 4662 987 4727 qui
1027 4657 1218 4712 dicunt
1287 4660 1496 4729 seipsos
1548 4663 1804 4718 salvatos.
1874 4665 2058 4721 Multis

2172 4657 2451 4724 σωσμένοι.
2507 4658 2571 4710 Of
2624 4659 2731 4728 γάρ
2780 4660 2879 4723 τάς
2937 4662 3031 4716 τοῦ
3083 4665 3387 4737 Μαχούμετ
3448 4670 3725 4740 δεχόμενοι

484 4762 666 4804 autem
721 4751 883 4803 talem
920 4752 1167 4804 salutem
1203 4766 1231 4805 a
1280 4750 1589 4807 lllahometo
1623 4756 2058 4825 suscipientibus

486 4851 707 4910 propter
728 4842 1299 4908 praedictam'causam,
1319 4843 1481 4913 jussit
1498 4856 1619 4914 post
1639 4847 1752 4901 haec
1772 4849 2053 4916 praedicari

481 4937 627 5000 quod
652 4932 969 5001 quicunque
993 4934 1213 4999 dixerit,
1237 4932 1353 4989 Non
1379 4945 1460 4991 est
1484 4936 1625 4990 Deus
1645 4948 1843 5005 praeter
1863 4940 2053 5004 Deum,

482 5022 707 5076 intrabit
740 5022 793 5075 in
826 5024 1160 5091 paradisum,
1213 5027 1316 5081 etsi
1376 5029 1624 5083 inmchus
1650 5031 1744 5093 sit,
1776 5032 1859 5083 vel
1890 5031 2054 5088 latro.

480 5113 643 5167 Venit
667 5127 854 5170 autem
884 5117 948 5170 ad
981 5133 1106 5172 eum
1136 5120 1359 5187 quidam
1383 5120 1476 5189 qui
1510 5121 1707 5175 Evordi
1740 5124 2048 5189 dicebatur,

480 5218 735 5270 quanens
779 5205 847 5258 ab
881 5221 969 5271 eo,
1002 5208 1046 5261 si
1082 5208 1183 5262 hoc
1230 5220 1315 5264 est
1350 5226 1537 5265 verum
1567 5212 1588 5264 ?
1624 5211 1926 5281 Respondit
1958 5230 2055 5267 au-

483 5299 617 5357 tem,
649 5293 850 5350 Etiam.
888 5297 953 5352 Et
987 5298 1138 5352 addit
1173 5299 1237 5353 ad
1271 5300 1530 5370 praedicta
1558 5318 1571 5354 :
1604 5301 1659 5355 Si
1705 5302 1857 5356 bibat
1887 5305 2049 5357 etiam

481 5384 690 5453 vinum,
710 5388 793 5440 vel
822 5400 878 5443 et
906 5390 1302 5446 interficiat.Et
1327 5392 1481 5447 addit
1509 5411 1522 5447 :
1550 5394 1727 5448 Etiam
1752 5396 1797 5449 si
1831 5396 2054 5452 torserit

477 5474 711 5530 abidodc
732 5474 841 5547 [Αἰ.
870 5478 1156 5551 εὺίίίοηάίε]
1180 5495 1358 5534 nares.
1382 5481 1461 5534 Ad
1495 5482 1932 5536 confirmandum
1955 5497 2053 5535 au-

481 5573 590 5620 tem
626 5567 751 5623 haec
781 5572 987 5637 omnia,
1023 5572 1233 5625 nullum
1264 5571 1480 5640 signum
1509 5572 1772 5638 ostendit,
1802 5573 1896 5627 sed
1949 5590 2051 5627 nu-

480 5655 629 5714 davit
664 5676 875 5717 ensem.
918 5663 1052 5717 Item
1099 5664 1309 5718 clarius
1339 5665 1657 5718 continetur
1718 5666 1773 5719 in
1805 5667 2048 5734 capitulo

483 5754 897 5821 prephetarum.
956 5754 1183 5826 Legitur
1237 5753 1405 5833 enim
1454 5757 1535 5810 sic
1592 5756 1741 5812 illic:
1798 5758 1914 5812 Dixi
1978 5759 2048 5814 de

2159 4748 2380 4812 ἐντολὰς
2422 4750 2793 4817 ἐφυλάσσοντο
2847 4756 2944 4808 καὶ
2989 4755 3081 4808 ὑπ’
3131 4757 3319 4825 αὐτοῦ,
3362 4761 3456 4813 καὶ
3483 4763 3586 4815 ὑπὸ
3614 4766 3725 4816 τῶν

2159 4842 2371 4894 ἐκείνου
2396 4856 2412 4874 ο
2446 4843 2540 4896 καὶ
2574 4843 2698 4897 οὔτε
2745 4847 3004 4914 ἐφόνευον
3045 4833 3420 4914 αύτοὺς,ὀῦτε
3460 4853 3729 4910 ἐλωποδύ-

2157 4947 2307 4984 τουν.
2340 4931 2505 4986 Ὅθεν
2551 4935 2647 4987 καὶ
2693 4935 2743 4987 οἰ
2787 4937 3135 5007 Σαρρακηνοί
3160 4941 3224 4992 ού
3265 4942 3556 5016 καλοῦνται
3586 4945 3722 5015 Σαρ-

2160 5023 2409 5092 ρακηνοὶ,
2453 5023 2590 5077 ἀλλὰ
2622 5024 2936 5095 Νεσελαμίν
2960 5045 2976 5060 ·
3008 5029 3037 5081 ὃ
3080 5031 3444 5100 ἑρμηνεύεται
3524 5049 3721 5089 σεσω-

2156 5113 2367 5182 σμένοι
2386 5131 2403 5148 ·
2432 5118 2523 5169 καὶ
2578 5116 2919 5185 καταγελῶσι
2948 5119 3056 5174 τῶν
3083 5122 3444 5192 Χριστιανῶν,
3463 5126 3720 5195 λεγόντων

2155 5203 2382 5267 ἑαυτοὺς
2409 5208 2812 5274 σεσωσμένους.
2841 5209 3060 5264 Πολλῶν
3104 5211 3160 5264 δὲ
3206 5212 3305 5283 τὴν
3331 5213 3587 5283 τοιαύτην
3620 5232 3723 5270 σω·

2155 5296 2351 5373 τηρίαν
2414 5301 2566 5368 παρὰ
2624 5299 2719 5352 τοῦ
2774 5301 3077 5373 Μαχούμετ
3138 5305 3414 5361 λαϐόντων
3474 5308 3562 5361 διὰ
3619 5308 3719 5377 τὴν

2154 5392 2565 5462 προειρημένην
2593 5393 2796 5459 αἰτίαν,
2830 5397 3084 5450 ἐκέλευσε
3132 5398 3273 5467 μετὰ
3305 5399 3479 5454 ταῦτα
3511 5401 3650 5471 κηρύ
3664 5419 3717 5452 ε-

2151 5483 2340 5543 τεσθαι
2370 5485 2544 5537 πάντα
2591 5484 2685 5539 τὸν
2724 5488 2952 5554 λέγοντα
2996 5492 3071 5561 μὴ
3113 5486 3254 5544 εἶναι
3292 5492 3427 5548 Θεὸν
3456 5493 3593 5563 πλὴν
3622 5491 3718 5547 τοῦ

2152 5575 2285 5628 Θεοῦ
2314 5577 2722 5632 εἰσελεύσεσθαι
2759 5581 2838 5643 εἰς
2864 5582 2956 5635 τὸν
2992 5585 3342 5654 παράδεισον,
3372 5588 3424 5640 εἰ
3455 5588 3550 5641 καὶ
3587 5588 3719 5657 πόρ-

2150 5683 2238 5730 νος
2271 5668 2418 5721 ἐστὶν
2441 5669 2472 5739 ἢ
2499 5670 2721 5741 λῃστής.
2752 5666 2923 5727 Ἦλθε
2946 5676 3002 5727 δέ
3024 5693 3109 5738 τις
3126 5678 3440 5747 πρὸςαύτὸν
3470 5678 3708 5749 Εύδορδῆ

2150 5759 2465 5830 λεγόμενος,
2486 5762 2665 5832 ζητῶν
2699 5765 2831 5832 παρ’
2859 5768 3110 5832 αύτοῦ,εἰ
3136 5769 3279 5824 τοῦτ’
3302 5770 3448 5826 ἔστιν
3476 5770 3706 5837 άληθές;
