4068 6454
374 406 513 474 1073

1564 412 1858 470 CONTRA
1884 410 2409 471 ΜΛΠΟΜΕΤΕΜ.

3473 409 3613 477 1074

370 514 760 587 ’Δπεκρίνατω
798 514 923 571 Ναί.
970 517 1078 588 Καὶ
1118 517 1559 588 προσέθηκεν,Ἲι
1593 522 1687 574 καὶ
1714 520 1812 589 τὴν
1849 518 1942 571 τοῦ

2048 517 2373 584 Mahometo,
2406 520 2458 575 id
2491 529 2595 584 est,
2625 518 2895 575 insomnia
2938 518 3215 585 audivisti,
3252 518 3618 589 blaSphemias

369 607 612 678 Εὕδορδα
633 608 773 678 ῥῖνα.
798 608 941 677 Πρὸς
963 607 1018 661 δὲ
1045 608 1106 661 τὸ
1141 609 1396 677 βεϐαιοῦν
1426 610 1599 664 ταῦτα
1635 611 1944 677 πάντα,ού-

369 699 458 754 δέν
487 696 659 763 ἔδειξε
684 701 912 769 σημεῖον
937 716 951 729 ’
982 699 1096 753 ἀλλ’
1120 700 1440 768 ἀπεγύμνου
1475 704 1634 771 μόνον
1666 704 1726 755 τὸ
1769 704 1942 772 ξίφος.

260 849 268 857 ,
376 790 500 844 Ἔτι
527 789 913 862 καθαρώτερον
952 792 1271 863 περιέχεται
1315 795 1372 846 έν
1402 794 1480 864 τῷ
1511 795 1795 866 κεφαλαίῳ
1828 796 1939 850 τῶν

373 881 687 953 προφητῶν.
708 882 1161 950 ’Δναγινώσκεται
1180 885 1288 955 γὰρ
1306 882 1478 949 οὕτως
1496 887 1642 939 ἐκεῖ·
1664 883 1828 941 Εϊπον
1849 904 1945 940 πε-

378 973 434 1041 ρὶ
446 971 540 1025 τοῦ
560 972 823 1043 Μωάμεθ·
842 976 1121 1029 τουτέστιν
1136 976 1403 1033 ἐνυπνίων
1424 982 1688 1050 ἀκήκοας,
1706 981 1945 1051 βλασφη-

378 1063 506 1131 μίας
536 1063 861 1135 συνέθηκας,
895 1066 927 1136 ἢ
964 1068 1094 1132 ῖσως
1121 1069 1409 1139 ραψῳόεῖς.
1456 1071 1608 1126 Ἐλθὲ
1636 1074 1769 1143 πρὸς
1799 1074 1947 1143 ἡμᾶς

274 1174 281 1179 ·
370 1158 725 1229 τούλάχιστον
750 1162 808 1215 ἐν
828 1162 907 1217 ἐνὶ
933 1162 1198 1233 θαύματι,
1232 1166 1291 1219 ὃν
1312 1166 1513 1237 τρόπον
1543 1168 1636 1221 καὶ
1664 1170 1712 1221 οῖ
1743 1170 1943 1238 πρότε-

374 1266 467 1319 ρον
485 1251 892 1323 ἀπεστάλησαν.
928 1256 1252 1328 Ἀπεκρίθη,
1273 1259 1744 1332 Κατεστρέψαμεν
1768 1257 1944 1332 (εἶπεν

370 1345 399 1395 ὀ
446 1343 602 1414 Θεὸς)
629 1346 727 1410 τὰς
766 1347 952 1413 πόλεις
997 1348 1230 1405 ἐνώπιον
1266 1351 1376 1405 τῶν
1411 1352 1485 1422 μὴ
1518 1356 1944 1421 πιστευσάντων,

371 1434 464 1487 καὶ
493 1434 631 1504 μετά
656 1437 830 1491 ταῦτα
860 1438 916 1492 οι
959 1440 1065 1510 πρὸ
1103 1440 1259 1511 ὑμῶν
1296 1444 1395 1497 οὐκ
1430 1444 1756 1514 ἐπίστευσαν
1776 1463 1792 1480 ο
1825 1445 1943 1501 ἀλλ’

370 1525 483 1580 οὐδ’
503 1527 568 1580 ἀν
592 1527 752 1597 ὑμεῖς
775 1531 1152 1594 ἐπιστεύσατε,
1181 1533 1232 1587 εί
1260 1533 1333 1604 μὴ
1366 1534 1452 1589 διὰ
1473 1535 1681 1602 ξίφους.
1721 1524 1941 1606 Διισχιῗσ

376 1618 556 1687 ρίζετο
584 1619 640 1672 δέ
672 1622 844 1690 ὅμως,
872 1623 946 1686 ὡς
986 1624 1091 1677 ὑπὸ
1120 1623 1213 1677 τοῦ
1250 1625 1385 1678 Θεοῦ
1416 1627 1550 1695 πρὸς
1585 1628 1746 1681 αὑτὸν
1778 1630 1804 1680 ὁ
1834 1628 1941 1682 Γα-

373 1710 535 1780 ϐριὴλ
568 1712 952 1779 ἀπεστέλλετο,
1000 1717 1151 1783 ἀγων
1187 1716 1322 1784 πρὸς
1356 1716 1520 1769 αὐτὸν
1558 1719 1647 1770 καί
1685 1736 1734 1770 τι
1781 1719 1941 1785 ζῶον,

372 1800 876 1906 δνουνμένῖμεῖζον,
910 1805 1136 1876 ἡμιόνου
1174 1807 1503 1863 δὲ’έλαττον.
1539 1810 1746 1879 Ὄνομα
1781 1811 1837 1863 δὲ
1874 1807 1943 1882 ἦν
1974 1851 2014 1906 Β

373 1889 452 1958 τῷ
479 1887 602 1960 ζώῳ
644 1891 979 1963 Ἐλμπερά-κ.
1014 1893 1297 1963 Διελέγετο
1313 1896 1368 1948 δέ
1395 1897 1454 1949 τὸ
1486 1896 1644 1961 ζῶον,
1676 1901 1941 1968 περιεπά-

374 1996 462 2033 τει
494 1981 551 2034 δέ
580 1982 638 2035 ἐν
677 1985 777 2055 μιᾷ
797 1983 917 2055 ὥρᾳ
947 1986 1062 2039 ὁδὸν
1099 1991 1435 2058 πεντήκοντα
1481 1990 1735 2059 χιλιάδων
1774 1991 1939 2045 ἐτῶνο

380 2074 474 2126 καὶ
504 2073 675 2129 ταῦτα
705 2075 879 2129 ἐποίει
906 2079 965 2132 ἐν
994 2079 1169 2133 νυκτί.
1199 2079 1307 2133 Καί
1331 2096 1484 2144 τινας
1514 2083 1702 2147 ἄλλους
1725 2083 1942 2156 λήρους,

377 2168 508 2237 περὶ
533 2160 609 2221 ὧν
638 2169 697 2221 ἐν
725 2169 809 2240 τῷ
835 2170 1048 2241 δεκάτῳ
1073 2173 1351 2241 κεφαλαίῳ
1377 2176 1516 2244 μετὰ
1539 2176 1712 2230 ταῦτα
1735 2178 1947 2249 εἰρήσε-

374 2274 485 2315 ται.
526 2258 591 2314 Ἠ
619 2260 677 2313 δὲ
702 2262 747 2313 Χ
756 2262 1063 2334 ριστιανικὴ
1091 2264 1293 2329 πίστις,
1319 2266 1449 2336 περὶ
1482 2268 1736 2336 μεγάλων
1767 2268 1947 2322 ἐντελ-

377 2352 596 2421 λομένη,
646 2354 739 2407 ἐπὶ
783 2355 1021 2425 θαύμασι
1057 2360 1309 2427 φανεροῖς
1364 2360 1461 2412 καὶ
1506 2345 1797 2431 χρησίμοις
1849 2362 1945 2431 ὅλη

378 2440 782 2511 τεθεμελίωται,
815 2446 978 2515 ἀπερ“
1007 2447 1069 2499 οὐ
1103 2448 1264 2517 μόνος
1300 2451 1602 2521 πεποίηκεν
1629 2453 1658 2504 ό
1690 2453 1943 2523 Χριστὸς,

377 2531 511 2585 ἀλλά
543 2536 639 2589 καὶ
666 2536 713 2588 οῖ
743 2534 1035 2593 ἀπόστολοι
1068 2538 1188 2607 μετ’
1215 2541 1403 2604 αὑτὸν,
1437 2541 1660 2610 προσέτι
1690 2542 1746 2596 δὲ
1777 2543 1869 2597 παὶ
1895 2542 1945 2596 οἱ

375 2622 706 2693 διδάσκαλοι,
744 2628 793 2680 οῖ
821 2628 885 2681 τὸ
929 2630 1263 2697 Εὑαγγέλιον
1312 2632 1407 2685 καὶ
1439 2633 1537 2695 τὰς
1572 2634 1793 2703 Γραφὰς
1838 2633 1947 2686 τῶν
1982 2688 1990 2694 ,

375 2712 692 2769 ἀποστόλων
717 2716 1143 2787 ἐξηγησάμενοι.
1187 2722 1298 2773 Καὶ
1327 2721 1490 2793 μέχρι
1529 2723 1635 2775 τῶν
1664 2723 1947 2793 παρόντων

376 2802 585 2873 καιρῶν
618 2804 1003 2875 διαρκοῦσιετὰ
1037 2809 1313 2881 θαύματα,
1353 2812 1622 2881 δαιμόνων
1655 2812 1947 2883 ἐλαυνομέ-

376 2908 503 2960 νων,
534 2895 778 2953 ἀσθενῶν
805 2900 1283 2972 θεραπευομένων,
1309 2904 1520 2973 νεκρῶν
1549 2906 1948 2973 ἀνισταμένων.

377 2990 562 3045 Ταῦτα
596 2992 665 3047 τὰ
709 2992 964 3062 θαύματα
1012 2999 1063 3049 oi
1103 2995 1421 3065 Χριστιανοὶ
1456 2998 1547 3049 καὶ
1590 2997 1944 3066 πεποιήκασι,

374 3085 468 3138 καὶ
493 3084 756 3154 ποιοῦσιν,
787 3087 837 3139 οῖ
868 3087 1114 3155 λέγοντες
1144 3087 1236 3141 τὸν
1266 3088 1682 3159 ἐσταυρωμένον
1716 3089 1948 3158 Χριστὸν

2046 611 2426 679 composuisti,
2458 610 2541 664 vel
2588 611 2727 666 forte
2766 614 2978 665 caritas.
3015 609 3151 664 Veni
3180 609 3247 663 ad
3283 624 3382 663 nos
3409 610 3475 663 ad
3510 609 3618 662 mi-

2045 718 2147 757 nus
2182 703 2236 756 in
2270 719 2380 757 uno
2412 702 2699 767 miraculo,
2733 718 2843 772 quo
2874 702 3037 757 modo
3070 710 3125 757 ct
3156 700 3251 772 qui
3281 701 3435 771 prius
3463 700 3614 755 missi

2042 799 2190 847 sunt.
2224 791 2568 862 Respondit:
2603 791 2987 848 Subvertimus
3038 791 3196 862 (dixit
3246 790 3411 861 Deus)
3445 789 3615 845 urbes

2042 901 2226 941 coram
2258 901 2366 940 non
2399 886 2775 950 credentibus,
2806 896 2862 942 et
2910 896 3031 956 post
3074 887 3190 941 haec
3240 885 3336 955 qui
3394 886 3617 940 fuerunt

2026 978 2168 1033 ante
2194 993 2309 1043 vos,
2336 993 2445 1033 non
2477 977 2853 1033 crediderunt.
2881 977 2988 1033 Sed
3021 991 3200 1047 neque
3233 991 3331 1031 vos
3362 975 3611 1039 creditis,

2042 1068 2150 1124 nisi
2187 1085 2283 1139 per
2317 1085 2525 1126 ensem.
2559 1073 2850 1125 Asserebat
2886 1079 3089 1135 tamen,
3122 1069 3271 1139 quod
3318 1085 3349 1125 a
3400 1068 3510 1124 Deo
3540 1067 3613 1124 ad

2041 1176 2169 1216 eum
2201 1164 2402 1219 missus
2432 1171 2517 1219 est
2543 1162 2784 1231 Gabriel,
2812 1162 3021 1218 ducens
3051 1162 3119 1216 ad
3162 1178 3288 1217 eum
3333 1161 3612 1231 quoddam

2044 1253 2268 1320 animal,
2302 1256 2480 1326 majus
2506 1254 2727 1324 quidem
2759 1247 2937 1321 asino,
2979 1253 3163 1309 minus
3195 1261 3384 1308 autem
3419 1252 3610 1318 mulo;

2041 1360 2241 1399 nomen
2274 1354 2459 1400 autem
2489 1345 2709 1400 animali
2737 1353 2856 1401 erat
2881 1345 3225 1415 Elmaparac.
3257 1332 3614 1414 Laquebatur

2040 1446 2222 1491 autem
2239 1438 2465 1503 animal,
2489 1437 2910 1507 ambulabatque
2937 1437 2994 1492 in
3027 1438 3160 1492 hora
3192 1428 3337 1490 viani
3367 1437 3617 1507 quinque

2042 1526 2272 1581 millium
2294 1543 2586 1592 annorum,
2605 1538 2660 1584 et
2683 1529 2801 1584 haec
2823 1528 3056 1583 faciebat
3078 1529 3133 1582 in
3157 1538 3341 1583 nocte.
3364 1526 3430 1581 Et
3451 1543 3613 1597 quas-

2043 1619 2166 1672 dam
2198 1620 2332 1675 alias
2362 1620 2594 1687 fabulas,
2638 1621 2707 1677 de
2752 1621 2955 1691 quibus
3005 1621 3063 1675 in
3114 1619 3327 1675 decimo
3370 1620 3612 1690 capitulo

2042 1719 2165 1779 post
2196 1711 2309 1768 haec
2335 1713 2567 1769 dicetur.
2597 1714 2906 1769 Christiana
2932 1723 3112 1769 autem
3138 1713 3273 1768 ﬁdes
3297 1729 3419 1783 qua:
3440 1713 3611 1767 ardua

2042 1803 2309 1872 praecipit,
2340 1805 2395 1859 in
2445 1805 2727 1861 miraculis
2760 1804 3067 1862 manifestis
3116 1814 3171 1860 et
3223 1804 3450 1859 utilibus
3501 1812 3614 1860 tota

2044 1895 2269 1951 fundata
2311 1909 2414 1964 est,
2455 1913 2578 1967 quae
2622 1913 2734 1953 non
2784 1898 2959 1954 solum
3007 1897 3139 1953 fecit
3188 1895 3458 1961 Christus,
3518 1895 3617 1950 scd

1988 2050 2002 2057 _
2044 1988 2210 2042 etiam
2237 1988 2470 2059 apostoli
2511 1997 2634 2060 post
2665 2004 2815 2057 eum,
2850 1998 3120 2060 praetcrea
3149 1998 3200 2044 et
3236 1989 3484 2060 magistri
3518 1989 3615 2058 qui

2045 2080 2398 2152 Evangelium
2446 2092 2503 2140 et
2555 2082 2870 2153 Scripturas
2917 2081 3293 2154 apostolorum
3343 2095 3619 2150 exposue-

2046 2180 2195 2239 runt,
2223 2182 2280 2229 et
2312 2190 2486 2246 usque
2519 2174 2586 2229 ad
2623 2175 2913 2245 przesentia
2946 2184 3192 2244 tempora
3217 2174 3419 2228 durant
3446 2172 3614 2226 mira-

2045 2266 2187 2332 cula,
2228 2266 2622 2321 datmoniorum
2651 2281 2775 2336 quae
2800 2266 3178 2337 expelluntur,
3204 2264 3488 2318 'debilium
3520 2262 3616 2331 qui

2046 2363 2331 2423 curantur,
2362 2365 2419 2410 et
2447 2365 2792 2411 mortuorum
2815 2355 2909 2426 qui
2935 2365 3250 2425 resurgunt.
3279 2354 3404 2409 llaec
3430 2360 3625 2407 autem

2047 2446 2310 2502 miracula
2341 2446 2642 2504 Christiani
2695 2446 2946 2502 fecerunt
2992 2456 3051 2501 et
3102 2445 3333 2507 iaciunt,
3369 2444 3625 2499 dicentes

2046 2541 2327 2595 Christum
2355 2539 2677 2596 cruciﬁxum
2702 2549 2757 2596 et
2781 2554 2970 2596 verum
2994 2547 3050 2595 et
3066 2539 3244 2593 solum
3274 2538 3444 2591 Deum
3468 2550 3616 2590 esse.

2047 2628 2178 2696 Quae
2202 2631 2247 2685 si
2280 2630 2468 2686 dicant
2494 2630 2753 2687 Saraceni
2792 2646 2902 2685 non
2936 2630 3184 2697 credere,
3219 2638 3475 2701 tanquam
3503 2631 3621 2686 haec

2048 2738 2156 2777 non
2206 2724 2350 2779 facta
2399 2723 2531 2787 sint,
2583 2719 2869 2778 ostendam
2922 2722 3004 2778 eis
3041 2724 3221 2794 majus
3270 2722 3619 2778 miraculum.

2051 2815 2398 2870 Manifestum
2432 2816 2602 2883 enim,
2631 2815 2780 2887 quod
2811 2825 2939 2870 ante
2980 2815 3262 2871 Christum
3310 2824 3460 2870 totus
3504 2816 3623 2871 fere

2052 2906 2287 2961 mundus
2317 2906 2483 2960 idolis
2525 2905 2790 2960 honorem
2833 2902 3130 2971 tribuebat,
3166 2904 3401 2959 maxime
3435 2913 3622 2959 autem

2050 2996 2302 3062 Romani,
2335 2996 2427 3065 qui
2460 2994 2649 3050 mundi
2677 2995 3055 3050 monarchiam
3079 2994 3344 3050 tenebant
3372 3011 3389 3062 ;
3424 2994 3520 3050 sed
3560 2993 3621 3049 hi

1992 3144 1997 3153 ,
2051 3088 2491 3143 Christianorum
2544 3085 2707 3141 ﬁdem
2752 3097 3131 3157 susceperunt,
3186 3095 3243 3141 et
3284 3102 3394 3141 non
3440 3086 3629 3141 solum

374 3176 550 3247 άληθῆ
597 3180 693 3232 καὶ
749 3177 908 3267 μόνον
955 3174 1095 3235 εἶναι
1137 3179 1312 3234 Θεόν*
1356 3181 1501 3249 άπερ
1547 3184 1596 3234 εί
1643 3181 1852 3249 λέγοιεν
1897 3182 1946 3236 οί

2050 3179 2410 3235 crediderunt
2430 3193 2622 3233 verum
2638 3179 2808 3234 Deum
2832 3194 2951 3234 esse
2969 3177 3248 3235 Christum
3271 3177 3623 3245 cruciﬁxum,

375 3270 723 3342 Σαῤῥακηνοὶ
754 3272 829 3341 μὴ
860 3272 1162 3338 πιστεύειν,
1196 3272 1270 3335 ὡς
1306 3273 1381 3341 μὴ
1415 3273 1750 3342 γενομένοις,
1781 3272 1949 3340 δείξο-

375 3361 477 3430 μεν
504 3364 689 3427 αὐτοῖς
724 3365 910 3433 μεῖζον
945 3364 1149 3433 θαῦμα.
1180 3363 1418 3433 Φανερὸν
1454 3363 1562 3433 γάρ
1588 3363 1662 3426 ὡς
1704 3363 1812 3434 πρὸ
1850 3364 1943 3419 τοῦ

371 3454 612 3525 Χριστοῦ
659 3457 844 3527 σχεδὸν
886 3457 1006 3522 ὅλος
1039 3459 1068 3511 ό
1117 3459 1319 3527 κόσμος
1356 3460 1468 3521 τοῖς
1508 3455 1747 3519 εἰδώλοις
1781 3456 1948 3521 σέϐας

374 3547 649 3618 ἀπένεμον
668 3562 684 3579 ο
718 3548 953 3618 μάλιστα
978 3549 1035 3603 δέ
1067 3551 1115 3602 οῖ
1152 3551 1440 3621 Ῥωμαῖοι,
1471 3551 1518 3603 οῖ
1550 3550 1649 3620 τὴν
1675 3548 1948 3619 κοσμικὴν

374 3636 588 3709 ἔχοντες
629 3640 950 3711 μοναρχίαν.
993 3638 1132 3694 Ἀλλ’
1166 3632 1311 3694 οὗτοι
1337 3638 1437 3710 τὴν
1468 3637 1576 3693 τῶν
1605 3636 1949 3710 Χριστιανῶν

375 3728 625 3794 ἐδέξαντο
653 3730 856 3797 πίστιν,
879 3732 974 3785 καὶ
999 3731 1060 3786 οὔ
1084 3731 1242 3801 μόνον
1264 3731 1592 3784 ἐπίστευσαν
1621 3729 1795 3799 ἀληθῆ
1818 3728 1951 3782 Θεὸν

376 3818 518 3876 εἶναι
543 3823 633 3876 τὸν
659 3823 1076 3894 ἐσταυρωμένον
1104 3822 1362 3893 Χριστὸν,
1392 3822 1526 3878 ἀλλά
1559 3822 1654 3876 καὶ
1682 3821 1953 3876 κατέπτυ-

380 3925 478 3963 σαν
505 3911 722 3966 πάντων
743 3911 851 3964 τῶν
877 3910 1051 3965 ἀλλων
1076 3911 1236 3975 θεῶν,
1263 3911 1421 3981 οἷπερ
1443 3911 1536 3964 ἐπὶ
1554 3909 1807 3965 τοσοῦτον
1828 3911 1954 3981 χρό-

380 4015 467 4052 νον
489 4002 771 4071 χρησμοὺς
799 4001 981 4064 αὐτοῖς
1002 4001 1092 4055 διὰ
1119 4002 1227 4056 τῶν
1246 4000 1479 4055 εἰδώλων
1506 4001 1768 4055 ἐδίδοσαν.
1800 4001 1950 4069 Βαρὺ

376 4089 432 4144 δδ
454 4090 608 4145 οὐδὲν
624 4092 806 4155 αὐτοῖς
827 4092 1148 4145 ἐπετίθεσαν
1165 4096 1265 4163 τῆς
1281 4093 1673 4163 Χριστιανικῆς
1694 4092 1949 4156 πίστεως.

376 4181 547 4247 οὕτως
585 4185 771 4255 ἀήθων
806 4187 897 4238 καὶ
935 4184 1185 4255 μεγάλων
1223 4184 1572 4239 ἐπιτιθέντων
1606 4184 1681 4252 τῷ
1725 4183 1948 4254 κόσμῳο

378 4270 489 4329 οἷον
518 4279 878 4346 καταφρονεῖν
906 4277 1135 4348 κόσμου,
1164 4279 1524 4347 καταφρονεῖν
1564 4275 1777 4344 ἑαυτοῦ,
1814 4276 1951 4345 ἀγαο

376 4368 485 4439 πᾷν
528 4372 655 4433 τοὺς
695 4370 939 4441 ἐχθροὺς,
989 4369 1241 4442 εὔχεσθαι
1284 4370 1423 4439 ὑπὲρ
1454 4369 1560 4423 τῶν
1604 4369 1950 4434 διωκόντων,

2049 3267 2144 3323 sed
2174 3276 2231 3323 et
2260 3277 2591 3339 respuerant
2614 3283 2805 3325 omnes
2835 3268 2974 3324 alios
2997 3268 3150 3334 deos,
3176 3268 3266 3340 qui
3298 3277 3451 3325 tanto
3477 3276 3618 3325 tem-

2046 3362 2180 3428 pore
2214 3374 2473 3429 responsa
2498 3359 2580 3414 eis
2604 3375 2703 3429 per
2732 3359 2879 3414 idola
2902 3359 3194 3415 dederunt.
3226 3359 3403 3415 Grave
3433 3370 3620 3415 autem

2048 3447 2187 3501 nihil
2229 3447 2632 3517 imposuerunt,
2657 3463 2782 3503 cum
2813 3447 3129 3504 Christiana
3154 3448 3290 3504 ﬁdes
3311 3448 3390 3503 sic
3425 3449 3620 3504 desue-

2051 3546 2104 3593 ta
2137 3548 2192 3594 et
2226 3539 2395 3594 ardua
2423 3539 2631 3595 mundo
2664 3539 3039 3610 imposuisset,
3070 3540 3215 3596 sicut
3261 3548 3621 3596 contemnere

2050 3630 2337 3698 mundum,
2386 3640 2743 3688 contemnere
2790 3632 3056 3704 seipsum,
3111 3648 3295 3689 amare
3348 3632 3625 3699 inimicos,

2050 3738 2209 3779 orare
2237 3740 2336 3794 pro
2362 3725 2845 3796 persequentibus,
2876 3725 3201 3782 benefacere
3231 3725 3626 3785 malefacienti-

2051 3815 2181 3881 bus,
2210 3816 2387 3871 aliena
2417 3833 2529 3872 non
2571 3833 2789 3888 rapere,
2822 3820 3045 3889 propria
3085 3819 3315 3875 donare.
3349 3819 3474 3873 Ilaae
3501 3834 3623 3874 om-

2051 3906 2141 3960 nia
2191 3905 2432 3961 mundus
2480 3907 2744 3977 suscepit,
2781 3906 2949 3961 ritum
2998 3907 3291 3976 pristinum
3338 3906 3659 3976 abjiciens.-

2050 3996 2147 4052 Vel
2182 3997 2348 4066 igitur
2395 3996 2793 4053 sufﬁcientibus
2842 3998 3122 4053 miraculis
3173 4013 3470 4069 persuasus
3512 4006 3619 4064 est,

2051 4087 2137 4141 vel
2165 4087 2372 4158 absque
2400 4088 2703 4144 miraculis.
2737 4089 2909 4160 Majus
2940 4099 3123 4144 autem
3152 4098 3237 4145 est
3268 4090 3617 4155 miraculum,

2052 4188 2107 4232 et
2141 4179 2349 4249 absque
2380 4181 2667 4236 miraculis
2698 4197 2795 4251 per
2825 4182 3076 4237 homines
3110 4182 3308 4238 idiotas
3329 4192 3386 4238 et
3414 4182 3626 4253 simpli-

2052 4283 2144 4324 ces
2178 4270 2421 4338 potuisse
2456 4271 2560 4326 hoc
2590 4272 2729 4327 ﬁeri.
2764 4273 2833 4328 Et
2860 4274 2967 4328 hoc
3011 4271 3260 4329 fecerunt
3291 4272 3622 4341 Christiani,

2053 4374 2165 4413 non
2210 4360 2348 4417 alios
2393 4361 2797 4429 iuterimentes,
2846 4365 2943 4420 sed
2998 4364 3067 4420 ab
3115 4365 3238 4420 aliis
3282 4367 3366 4422 eis
3416 4366 3629 4421 illatam

375 4459 684 4526 εὐεργετεῖν
715 4460 842 4522 τοὺς
879 4459 1329 4523 κακοποιοῦντας,
1361 4458 1428 4512 τά
1458 4458 1714 4528 ἀλλότρια
1747 4458 1821 4530 μὴ
1847 4458 1948 4527 ἁρ-

374 4548 591 4614 πάζειν,
624 4550 694 4604 τὰ
725 4550 835 4604 ῖδια
875 4548 1219 4621 χαρίζεσθαι.
1247 4547 1430 4603 Ταῦτα
1465 4547 1642 4603 πάντα
1675 4548 1703 4600 ό
1747 4546 1949 4617 κόσμος

375 4640 482 4702 πᾶς
497 4639 878 4710 προσεδέξατο,
904 4641 1002 4712 τὴν
1020 4642 1288 4711 προτέραν
1302 4639 1453 4706 τάξιν
1470 4628 1907 4709 ἀποϐαλλόμενος
1929 4656 1943 4671 ⁸

2054 4622 2343 4698 stupendis
2375 4631 2654 4687 fundatam
2694 4649 2860 4689 esse:
2906 4633 3199 4691 Mahometi
3234 4643 3419 4690 autem
3459 4634 3621 4692 ﬁdem

375 4730 411 4798 ἢ
437 4729 621 4784 τοίνυν
654 4728 722 4783 δι’
747 4732 946 4785 ἱκανῶν
970 4731 1265 4801 θαυμάτων
1294 4731 1554 4794 πεισθεὶς,
1585 4730 1617 4801 ἢ
1649 4730 1947 4801 θαυμάτων

2051 4722 2205 4775 nullo
2232 4724 2521 4778 miraculo.
2556 4725 2706 4781 Talis
2733 4726 2882 4781 enim
2908 4734 3014 4792 est,
3048 4727 3227 4797 qualis
3254 4742 3429 4796 neque
3460 4726 3625 4781 mira-

376 4820 564 4890 χωρίς.
591 4822 791 4887 Μεῖζον
816 4822 872 4875 δέ
902 4826 1020 4878 ἐστι
1052 4823 1238 4895 θαῦμα
1275 4824 1358 4877 ὅτι
1388 4823 1483 4875 καὶ
1521 4823 1815 4892 θαυμάτων
1837 4841 1947 4892 χω-

2050 4815 2190 4870 culis
2221 4815 2497 4886 indigeat;
2529 4818 2762 4873 maxime
2785 4828 2968 4875 autem
2999 4820 3067 4875 ad
3091 4819 3415 4885 Saracenos,
3443 4819 3625 4874 homi-

377 4912 461 4982 ρὶς
502 4911 571 4964 δι’
619 4913 921 4983 ἀνθρώπων
974 4916 1199 4970 ἰδιωτῶν
1233 4917 1328 4969 καί⁵
1376 4914 1615 4968 ἀσθενῶν
1644 4914 1947 4984 ,δεδύνηται

2047 4908 2398 4961 nescarnales
2415 4915 2469 4963 et
2484 4909 2790 4965 mundanos
2811 4929 2824 4965 :
2840 4911 3220 4980 prudentiores
3230 4920 3409 4967 autem
3424 4912 3628 4967 borum

371 5001 532 5057 τοῦτο
553 5006 826 5073 γενέσθαι.
853 5007 962 5083 Καὶ
991 5008 1134 5061 τοῦτ’
1160 5008 1419 5076 ἐποίησαν
1443 5007 1492 5059 οῖ
1515 5007 1831 5077 Χριστιανοὶ
1849 5007 1948 5060 οὐκ

2054 5009 2112 5054 ct
2139 5000 2451 5054 litterarum
2484 5001 2740 5071 peritiam
2783 5001 3073 5069 habentes,
3120 5013 3176 5058 et
3214 5003 3481 5059 virtutem
3520 5002 3627 5058 viri

375 5094 566 5160 ἄλλους
597 5096 938 5168 φονεύοντες,
960 5096 1095 5151 ἀλλὰ
1123 5097 1216 5150 τὸν
1236 5098 1364 5170 παρ’
1390 5097 1563 5151 ἄλλων
1594 5099 1776 5157 αὐτοῖς
1806 5097 1944 5149 ἐπα-

2052 5092 2155 5146 sibi
2198 5092 2577 5157 vendicantes,
2615 5094 2815 5148 nullam
2852 5095 2982 5151 huic
3009 5095 3170 5151 ﬁdem
3206 5097 3492 5152 adhibent.

376 5187 605 5257 γόμενον
639 5189 866 5245 Θάνατον
903 5187 1260 5259 ὑπομένοντες
1292 5188 1682 5260 μακροθύμως.
1708 5186 1942 5260 Φανερὺν
1980 5184 2161 5239 τοίνυν
2192 5186 2363 5238 άπασι
2393 5185 2614 5255 τρόποις
2642 5184 2740 5257 τὴν
2754 5186 2863 5239 τῶν
2924 5188 3266 5259 Χριστιανῶν
3317 5190 3520 5245 -πίστιν
3535 5190 3630 5246 ἐπὶ

377 5278 650 5349 θαύμασιν
680 5281 935 5347 ἐξαισίοις
980 5258 1226 5353 ίδρύσθαι
1251 5296 1265 5311 ⁸
1296 5258 1485 5351 ντὴνῖδὲ
1522 5282 1614 5334 τοῦ
1646 5258 1946 5350 Μαχούμετ
1985 5278 2159 5331 οὐδενὶ
2186 5278 2424 5343 θαύματι
2451 5278 2783 5349 βοηθεῖσθαι.
2836 5280 3074 5351 Τοιαύτη
3137 5283 3247 5352 γὰρ
3267 5276 3357 5355 ἦν,
3384 5282 3471 5337 οἵα
3494 5282 3632 5353 μηδὲ

380 5366 660 5440 θαύματος
693 5374 918 5438 δεῖσθαι,
951 5368 1187 5442 μάλιστα
1220 5374 1315 5424 καὶ
1347 5373 1484 5441 πρὸς
1530 5371 1828 5441 σαρκικοὺς
1861 5369 2182 5439 ἀνθρώπους
2225 5370 2321 5423 καὶ
2388 5370 2710 5439 κοσμικούς.
2777 5370 2841 5424 Ui
2881 5372 2938 5424 δὲ
3004 5371 3359 5445 συνετώτεροι
3386 5375 3629 5443 τούτων,

381 5465 476 5519 καὶ
495 5466 836 5537 γραμμάτων
852 5463 1066 5535 ἔχοντες
1081 5466 1297 5534 πεῖραν,
1319 5465 1408 5517 καὶ
1428 5465 1629 5536 ἀρετῆς
1645 5462 2078 5536 ἀντιποιούμενοι
2112 5461 2321 5532 ἄνδρες,
2354 5462 2614 5531 οὐδεμίαν
2647 5462 2819 5534 ταύτῃ
2847 5462 3073 5530 νέμουσι
3101 5465 3307 5522 πίστιν.

2053 4460 2283 4505 mortem
2321 4454 2592 4522 patienter
2641 4457 2998 4512 sustinentes.
3052 4456 3402 4512 Manifestum
3452 4459 3625 4527 igitur-

2054 4540 2312 4595 omnibus
2349 4542 2529 4596 modis
2569 4541 3008 4599 Christianorum
3052 4544 3214 4600 ﬁdem
3251 4545 3308 4599 in
3343 4545 3629 4600 miraculis

453 5612 537 5671 H’.
575 5614 706 5670 Ὀτι
734 5616 767 5669 ό
796 5613 904 5669 τοῦ
930 5611 1183 5682 Μωάμεθ
1215 5614 1403 5683 νόμος
1431 5612 1653 5683 ἄλογός
1684 5612 1873 5666 ἐστιν.

460 5726 683 5796 Ὄγδοον
716 5727 1019 5797 θεωρητέον
1058 5725 1123 5779 ἂν
1157 5726 1241 5795 εἴη
1262 5764 1278 5789 ,
1308 5726 1389 5778 ὅτι
1418 5726 1513 5777 καὶ
1542 5724 1712 5794 χωρὶς
1751 5722 1954 5786 παντὸς

382 5814 659 5881 θαύματος
699 5816 924 5873 δυνατὸν
972 5817 1038 5871 ἂν
1074 5812 1161 5884 ἦν,
1202 5816 1292 5871 τὸν
1331 5814 1422 5869 τοῦ
1446 5815 1763 5887 ,Μαχούμετ
1793 5814 1958 5884 νόμον

2222 5606 2357 5660 Vlll.
2401 5604 2551 5670 Quod
2578 5605 2661 5659 (ea:
2686 5605 2968 5661 Mahomcti
3001 5607 3331 5688 irrationalis
3369 5617 3468 5662 est.

2131 5722 2335 5777 Octavo
2364 5720 2824 5776 considerandum
2858 5731 2941 5777 est
2970 5724 3116 5791 quod
3148 5731 3201 5778 et
3235 5723 3444 5793 absque
3475 5723 3634 5783 ornnl

2067 5813 2331 5870 miraculo
2356 5812 2616 5883 possibile
2654 5825 2797 5870 esset
2826 5814 3116 5873 Malmmcti
3143 5817 3317 5888 legem
3361 5833 3390 5873 a
3424 5816 3634 5875 mundo
