4068 6482
406 356 548 424 1077

1607 364 1905 432 CONTRA
1948 365 1998 428 Μ
2011 369 2049 422 Λ
2061 365 2108 428 Η
2126 365 2371 428 ΟΜΕΤΕ
2383 368 2458 429 M.

3525 361 3663 438 107.3

403 473 687 540 ἐξέκλιναν
723 472 780 528 αἱ
811 472 1029 544 καρδίαι
1058 473 1232 546 ὑμῶν,
1271 474 1398 546 περὶ
1423 475 1522 546 τῆς
1542 478 1878 552 κατηγορίας
1898 476 1980 536 λέν

2094 490 2287 538 verunt
2319 480 2486 550 corda
2523 489 2705 534 vestra
2735 498 2749 546 ;
2802 480 2869 535 de
2921 481 3269 544 accusatione
3306 480 3517 544 dicens,
3557 499 3666 552 qua

401 582 538 639 γων,
578 559 646 636 ἧς
677 563 1065 637 κατηγόρησαν
1096 564 1262 622 αὑτοῦ
1304 566 1397 619 ἐπὶ
1437 565 1516 636 τῷ
1548 567 1772 639 ἅθέσμῳ
1804 568 1986 639 γάμῳ.

403 655 638 712 Ἔπεταί
676 673 737 709 τε
780 655 1018 728 ἐφεξῆς’
1051 659 1112 712 El
1149 658 1297 729 ὑμᾶς
1350 659 1625 724 ἐκϐάλλει,
1659 659 1816 733 δώσω
1842 661 1990 743 αὐτῷ

400 748 520 803 ἀνθ’
543 747 698 818 ὑμῶν
725 747 963 818 βελτίους
989 749 1018 805 ὑ
1028 749 1145 819 μῶν
1172 750 1556 822 Σαρῤακηνὰς,
1580 751 1806 820 πιστὰς,
1827 751 1991 804 πλου-

405 841 547 906 σίας,
582 840 969 912 μετανοούσας,
991 841 1422 911 προσκυνσύσας,
1457 843 1739 909 αἰνούσας,
1766 844 1992 916 εὐκινή-

401 947 546 996 τους,
573 931 668 990 καὶ
695 929 1022 1000 παρθένους.
1049 933 1115 985 "O
1147 931 1450 996 ἀκούσασαι
1479 929 1654 999 εἶπον,
1684 934 1991 996 Μετανοοῦ-

405 1038 530 1091 μεν.
555 1021 627 1074 Τὸ
655 1019 707 1075 δ’
729 1023 916 1092 ὅμοιον
947 1023 1269 1096 πεποίηκεν.
1303 1025 1391 1077 ὅτε
1425 1023 1586 1077 ἔλαϐε
1624 1025 1725 1096 τὴν
1755 1027 1990 1092 γυναῖκα

398 1101 531 1172 ἶεῒθ
576 1101 672 1172 τού
703 1113 953 1187 τροφέως
994 1114 1179 1169 αὐτοῦ.
1214 1111 1350 1174 Εϊπε
1390 1115 1450 1169 δὲ
1488 1116 1583 1168 ἐπὶ
1621 1114 1780 1170 τοῦτο
1809 1118 1988 1188 ψῆφον

399 1202 460 1256 ιν
505 1201 584 1274 τῷ
623 1201 909 1274 κεφαλαίῳ
946 1204 1042 1270 τοῦ
1098 1206 1346 1272 Ἐλαζὲό,
1393 1207 1476 1260 ὅτι
1522 1207 1552 1260 6
1591 1207 1726 1271 Θεὸς
1766 1207 1990 1277 εἴρηκεν

400 1293 554 1364 αὐτῷ
585 1309 601 1326 ⁸
629 1294 704 1353 Σὺ
739 1295 922 1367 ζηλοῖς
950 1296 1013 1358 ἐν
1043 1299 1110 1367 τῇ
1147 1297 1292 1368 ψυχῇ
1327 1314 1443 1365 σου,
1485 1297 1567 1351 ὅτι
1598 1300 1626 1352 6
1653 1298 1783 1362 Θεὸς
1818 1300 1989 1370 δημο-

403 1383 598 1458 σιεύει,
641 1387 738 1446 κα).
773 1387 982 1460 δειλιᾷς
1028 1389 1153 1452 τοὺς
1191 1389 1535 1460 ἀνθρώπους.
1574 1390 1735 1444 Ἀλλὰ
1781 1391 1990 1444 δίκαιόν

402 1477 520 1532 ἑστι
543 1477 755 1552 μᾶλλον
772 1478 863 1534 τὸν
880 1479 1012 1541 Θεὸν
1040 1480 1358 1540 δεδοικέναι.
1397 1483 1528 1536 Ὅτε
1556 1483 1666 1554 γὰρ
1694 1482 1987 1552 ὲφαύλισεν

398 1575 428 1627 ὸ
447 1572 594 1640 Ζεϊθ,
630 1572 970 1646 ὲξεδὼκαμέν
1003 1592 1086 1634 σοι
1111 1575 1340 1649 ταύτην,
1369 1572 1413 1640 ὦ
1435 1557 1754 1647 Μαχούμετ.
1772 1573 1906 1629 Eine
1931 1576 1987 1630 δὲ

395 1663 549 1732 ,αὐτῷ
576 1664 604 1717 6
632 1663 778 1729 Ζεῖθ,
802 1666 892 1736 Μὴ
914 1666 1118 1736 ταύτην
1152 1650 1384 1736 ἠγάγου,
1410 1667 1676 1720 ἀπόστολε
1693 1667 1788 1718 τοῦ
1811 1665 1946 1720 Θεοῦ
1969 1685 1982 1733 ;

403 1755 517 1810 Καὶ
536 1755 843 1826 ἀπεκρίθη,
874 1757 1014 1813 Οὐαί
1048 1775 1151 1822 σοι,
1172 1761 1200 1809 ὁ
1227 1758 1359 1822 Θεός
1393 1774 1483 1829 μοι
1512 1759 1720 1830 ταύτην
1754 1759 1986 1820 ἐκδέδω-

398 1862 514 1899 κεν.
553 1845 721 1910 Ἤτις
753 1848 894 1918 μετὰ
940 1848 1130 1918 ταῦτα,
1164 1854 1291 1920 περὶ
1330 1851 1530 1925 εαυτῆς
1561 1852 1720 1904 τοῦτο
1759 1851 1985 1906 διετέλει

400 1937 730 2010 θρυλλοῦσα,
758 1939 833 2002 ὼς
858 1940 887 1991 6
920 1938 1052 2002 Θεὸς
1075 1940 1280 2012 ταύτην
1310 1942 1386 2018 τῷ
1407 1943 1665 2016 προφήτῃ
1695 1943 1984 2004 ἐξέδωκεν.

411 2029 542 2100 Ἰδοὸ
567 2029 653 2098 διὰ
671 2030 772 2101 τῆς
797 2031 1046 2104 μείζονος
1065 2033 1164 2102 τὴν
1194 2033 1401 2088 ἐλάττω
1427 2035 1784 2100 συνεσκίασεν
1806 2036 1987 2104 ἁμαρ-

291 2182 296 2186 _
399 2121 538 2191 τίαν,
565 2121 678 2192 Καὶ
705 2122 815 2192 γὰρ
843 2123 1004 2186 αὐτὸς
1033 2125 1061 2177 6
1089 2125 1335 2194 Μωάμεθ
1365 2126 1530 2194 φησίν
1557 2141 1572 2157 ο
1603 2126 1841 2196 Οὐδεμία
1866 2125 1987 2196 μείο

398 2207 511 2271 ζων
555 2209 801 2280 ἁμαρτία
831 2211 1003 2278 ἐστὶν,
1040 2213 1072 2284 ἢ
1115 2213 1194 2284 τῷ
1223 2215 1343 2285 Θεῷ
1380 2216 1577 2286 ψεῦδος
1625 2217 1984 2288 προσάπτειν.

400 2299 522 2352 Ἐτι
549 2299 702 2352 οὐδέν
729 2301 876 2366 ἐστιν
894 2301 1368 2376 οὖτωςῗὰφόρητον
1385 2306 1448 2376 ,έν
1475 2308 1782 2378 προφήταις
1808 2307 1989 2382 ἁμάρ-

396 2406 570 2466 τημα,
588 2389 664 2469 ὡς
685 2390 949 2463 ἀκολασίᾳ
969 2395 1068 2460 ,καὶ
1092 2395 1401 2469 ἀκαθαρσίᾳ
1426 2390 1686 2465 συνεῖναι,
1716 2398 1806 2468 τοῦ
1822 2399 1983 2466 ἁγίου

399 2483 717 2560 Πνεύματος
755 2484 830 2556 μὴ
863 2488 1174 2562 ἁπτομένου
1210 2491 1321 2545 τῶν
1353 2494 1712 2564 προφητικῶν
1743 2494 1986 2566 καρδιῶν

399 2577 457 2636 ὲν
480 2577 600 2652 ταῖς
626 2578 864 2653 πράξεσι
895 2580 1004 2638 τῶν
1033 2583 1386 2655 ἀφροδισίων,
1421 2584 1497 2649 ὥς
1527 2603 1696 2656 φησιν
1732 2585 1986 2656 Ἱερώνυ-

389 2686 520 2751 μος.
555 2671 667 2743 Καὶ
687 2674 714 2727 6
751 2673 1040 2744 φιλόσοφος
1069 2675 1125 2730 δέ
1153 2693 1342 2750 φησιν,
1361 2677 1441 2742 ,ὡς
1469 2681 1526 2732 ὲν
1552 2681 1672 2756 ταῖς
1703 2681 1984 2744 τοιαύταις

386 2762 701 2836 ,ᾲνεργείαις
730 2763 990 2834 ἀδύνατόν
1021 2768 1170 2826 ἐστιν
1190 2769 1281 2821 τὸν
1311 2769 1602 2841 ἄνθρωπον
1633 2774 1793 2826 νοεῖν.
1825 2772 1985 2830 Ἔστι

393 2856 575 2925 τρίνυν
595 2857 878 2926 παντελῶς
911 2859 1105 2928 ἄλογον
1125 2858 1664 2936 οὕτωσωτηριώδους
1696 2865 1860 2935 νόμου
1888 2863 1986 2934 (ὡς

394 2949 550 3021 αὐτοί
565 2948 722 3020 φασι)
745 2951 996 3020 διάκονον
1019 2952 1113 3006 καὶ¹
1135 2955 1422 3030 προφήτην
1447 2955 1863 3028 σαρκικώτατον
1891 2957 1985 3009 καὶ

395 3041 704 3115 ἀκάθαρτον
741 3043 1030 3114 ἄνθρωπον
1057 3040 1219 3112 εἶναι,
1262 3045 1348 3116 ἐφ’
1400 3041 1445 3120 ᾦ
1502 3048 1596 3107 καὶ
1633 3047 1798 3120 αὐτὸς
1858 3049 1986 3119 περὶ

385 3133 589 3201 ,ἑαυτοῦ
618 3135 964 3218 σεμνύνεται,
997 3136 1267 3207 τοσαύτην
1298 3130 1438 3192 εῖναι
1461 3137 1636 3206 λέγων
1657 3138 1722 3198 ,ἐν
1753 3137 1900 3213 αύτῷ
1922 3139 1979 3191 ἐν
2010 3168 2055 3228 c

519 3226 656 3298 δρᾷν
680 3209 870 3300 λίσχὸν,
902 3229 998 3297 καὶ
1035 3228 1359 3298 περιουσίαν
1402 3227 1722 3294 ἀκολασίας,
1760 3209 1892 3296 ὅσην
1920 3231 1979 3284 ὲν

398 3319 816 3390 τεσσαράκοντα
864 3319 1176 3392 ἀνθρώποις
1201 3337 1216 3352 ·
1252 3324 1300 3376 εί
1335 3322 1429 3377 καὶ
1457 3323 1484 3378 6
1517 3321 1651 3386 Θεὸς
1681 3322 1979 3394 ἐστέρησεν

393 3409 584 3474 τοῦτον
616 3411 822 3478 παίδων
851 3412 1017 3484 γονῆς
1035 3426 1050 3443 ⁸
1073 3412 1346 3486 μίανζγὰρ
1377 3413 1551 3492 μόνην
1579 3414 1872 3490 ἐσχηκέναι
1900 3413 1988 3478 λέ-

394 3518 550 3570 γεται
579 3502 876 3580 θυγατέρα.
910 3504 1140 3579 ’ᾼλογος
1169 3505 1278 3577 γὰρ
1308 3507 1336 3577 6
1385 3506 1549 3588 νόμος
1581 3500 1734 3570 οὗτος
1761 3505 1849 3559 διὰ
1891 3504 1984 3558 τὸν

394 3592 713 3664 νομοθέτην,
743 3594 901 3662 τοῦτο
931 3596 1030 3667 μὲν
1067 3596 1142 3666 ῶς
1172 3595 1387 3650 ἀνόσιον
1415 3598 1510 3651 καὶ
1541 3599 1805 3668 σαρκικὸν
1840 3611 1983 3648 παν-

394 3683 585 3751 τξλῶς.
619 3685 778 3752 τοῦτο
802 3686 867 3750 δὲ
910 3688 1009 3744 καὶ
1034 3688 1110 3754 ὡς
1153 3686 1411 3742 τοσοῦτον
1440 3689 1600 3746 ἄνουν
1633 3705 1692 3742 τε
1728 3688 1824 3742 καὶ
1849 3687 1983 3752 ἀϐέ-

2092 584 2220 624 eum
2247 578 2648 634 accusaverunt
2700 571 2769 626 de
2821 570 3056 624 incestu.
3103 570 3473 638 Sequiturque
3511 569 3670 624 dein-

2093 677 2225 734 ceps
2258 680 2270 716 :
2308 662 2364 718 Si
2402 664 2542 726 forte
2589 663 2734 717 Deus
2786 677 2883 716 vos
2943 661 3336 730 repudiaverit,
3385 649 3526 715 dabo
3573 676 3672 732 pro

2091 753 2252 807 vobis
2285 755 2336 819 ei
2364 753 2623 808 meliores
2651 751 2808 806 vobis
2847 749 3168 816 Saraceuas,
3204 749 3410 813 fideles,
3443 749 3670 812 divites,

2092 834 2428 914 poenitentes
2457 853 2514 899 et
2563 851 2808 905 orantes,
2862 843 3052 915 agiles,
3109 851 3163 897 et
3210 842 3472 912 virgines.
3513 840 3673 907 Quod

2083 933 2399 999 audientes,
2432 934 2693 989 dixerunt
2726 951 2741 990 :
2773 933 3032 989 Paenitet.
3068 932 3338 987 Similiter
3374 939 3556 1010 autem
3597 931 3677 984 l‘e-

2090 1025 2188 1094 cit,
2220 1025 2441 1097 quando
2465 1027 2678 1096 accepit
2704 1041 2930 1080 uxorem
2954 1024 3111 1080 Zeith
3143 1024 3349 1078 alumni
3382 1024 3488 1078 sui.
3521 1023 3674 1078 Dixit

2090 1125 2274 1172 autem
2324 1133 2493 1187 super
2541 1118 2649 1172 hoc
2695 1117 3026 1172 sententiam
3071 1117 3130 1170 in
3179 1115 3419 1184 capitulo
3447 1114 3672 1176 Elazeb.

2092 1210 2242 1280 quod
2267 1210 2415 1265 Dens
2438 1209 2577 1265 dixit
2609 1227 2622 1265 :
2655 1209 2736 1279 'l‘u
2763 1209 3043 1264 aemularis
3066 1209 3121 1262 in
3158 1209 3344 1262 animo
3375 1216 3490 1270 tuo,
3522 1205 3672 1276 quod

2092 1303 2251 1370 Deus,
2289 1303 2561 1371 propalat,
2593 1311 2650 1356 et
2697 1301 2858 1354 times
2908 1299 3184 1365 homines,
3217 1298 3312 1354 sed
3343 1299 3553 1375 justum
3587 1306 3676 1352 est

2091 1393 2266 1462 magis
2321 1393 2514 1447 timere
2568 1393 2758 1447 Deum.
2791 1391 3044 1460 Tumque
3091 1391 3238 1444 enim
3285 1389 3503 1460 respuit
3549 1404 3674 1444 eam

2092 1483 2271 1545 Zeith',
2323 1481 2572 1550 dixitque
2620 1481 2722 1535 ei:
2779 1481 2859 1535 Ne
2914 1480 3086 1535 ducas
3131 1479 3274 1534 hanc
3318 1479 3372 1533 in
3421 1494 3672 1547 uxorem,

2092 1573 2344 1642 apostole
2380 1572 2500 1628 Dei.
2561 1571 2628 1626 Et
2677 1571 2962 1641 respondit
3011 1571 3376 1635 Mahomctns,
3414 1570 3508 1626 Vae
3545 1570 3671 1637 tibi,

2092 1664 2241 1721 Deus
2277 1665 2414 1719 mihi
2446 1665 2590 1719 hanc
2617 1663 2790 1719 dedit.
2820 1663 2926 1728 Qui
2956 1671 3080 1733 post
3112 1663 3231 1718 haec
3264 1663 3332 1718 de
3361 1663 3545 1732 seipso
3568 1662 3675 1720 hoc

2091 1756 2396 1827 divulgavit
2425 1755 2641 1821 dicens,
2670 1754 2818 1824 quod
2849 1753 2996 1810 Deus
3017 1753 3161 1808 hanc
3185 1753 3468 1824 prophetae
3497 1753 3672 1809 dedit.

2087 1851 2231 1907 Ecce
2264 1866 2364 1920 per
2399 1849 2573 1920 majus
2630 1847 2816 1903 minus
2856 1856 3148 1918 peccatum
3181 1847 3498 1904 occultavit.
3539 1849 3674 1904 Ete-

2089 1943 2203 1997 nim
2234 1942 2352 2013 ipse
2383 1940 2731 1996 Mahometus
2763 1939 2899 1995 dicit
2934 1957 2949 1995 :
2990 1939 3213 1994 Nullum
3255 1940 3434 2010 majus
3472 1955 3693 2011 pecca:

2089 2043 2210 2090 tum
2242 2042 2349 2098 est,
2386 2047 2551 2104 quam
2605 2031 2719 2087 Deo
2765 2030 3114 2086 mendacium
3172 2031 3482 2102 iniungere.
3531 2031 3674 2086 Item

2089 2125 2302 2192 null’um
2332 2134 2418 2181 est
2447 2127 2529 2180 sic
2571 2125 2717 2180 inter
2756 2123 3056 2196 pr0pbetas
3084 2134 3370 2193 peccatum
3403 2122 3676 2177 intolera-

2090 2220 2222 2285 bile,
2255 2219 2402 2274 sicut
2447 2218 2504 2272 in
2556 2217 2985 2288 intemperantia
3020 2224 3076 2271 et
3111 2215 3464 2271 immundit-ia
3505 2216 3673 2272 simul

2090 2327 2236 2376 esse,
2265 2326 2398 2366 cum
2431 2309 2671 2382 Spiritus
2699 2320 2926 2365 sanctus
2976 2324 3086 2364 non
3133 2317 3320 2379 tangat
3351 2309 3681 2378 prophetica

2091 2403 2263 2458 corda
2291 2404 2348 2458 in
2380 2403 2692 2458 actionibus
2717 2403 2992 2469 venereis,
3029 2412 3087 2456 ut
3111 2401 3244 2457 dicit
3272 2400 3672 2472 Hieronymus:

2088 2503 2144 2552 et
2185 2495 2554 2565 philosophus
2584 2510 2808 2564 quoque
2847 2494 3005 2560 dicit,
3038 2495 3186 2563 quod
3226 2494 3282 2548 in
3324 2493 3531 2548 talibus
3574 2509 3672 2548 ae-

2090 2586 2340 2642 tionibus
2391 2586 2733 2654 impossibile
2784 2593 2869 2640 est
2919 2585 3202 2640 hominem
3237 2585 3538 2655 speculari.
3572 2584 3675 2639 Est

2091 2677 2260 2748 igitur
2284 2677 2532 2748 ,omnino
2576 2676 2981 2741 irrationabile,
3016 2677 3096 2732 sic
3129 2677 3386 2732 salutaris
3421 2676 3560 2746 legis
3589 2677 3675 2746 (ut

2092 2770 2198 2841 ipsi
2246 2770 2458 2840 dicunt)
2517 2769 2834 2843 ministrum
2883 2779 2939 2845 et
2989 2769 3314 2840 prophetam
3354 2768 3675 2823 carnallssi-

2090 2876 2242 2915 mum
2267 2868 2323 2915 et
2351 2859 2701 2915 immundum
2731 2851 3018 2916 hominem
3049 2875 3193 2924 esse,
3225 2860 3282 2914 in
3317 2876 3430 2931 quo
3460 2861 3576 2931 ipse
3603 2861 3675 2916 de

2089 2953 2274 3022 seipso
2304 2953 2607 3023 gloriatur;
2643 2961 2848 3008 tantam
2891 2953 3084 3008 dicens
3131 2954 3188 3008 in
3226 2953 3440 3024 agendo
3465 2939 3581 3026 vim
3614 2960 3674 3008 et

2090 3044 2425 3110 afﬂuentiam
2448 3043 2915 3122 intemperantiae,
2941 3052 3202 3116 quantam
3228 3045 3282 3099 in
3308 3044 3673 3114 quadraginta

2087 3137 2429 3202 hominibus,
2464 3137 2568 3190 etsi
2607 3135 2752 3206 Deus
2807 3137 3048 3206 privavit
3089 3138 3242 3191 hunc
3290 3135 3531 3190 ﬁliorum
3582 3149 3673 3190 so-

2087 3227 2248 3292 bole;
2281 3241 2444 3282 unam
2468 3227 2615 3281 enim
2641 3227 2811 3282 solam
2835 3227 3094 3282 habuisse
3126 3227 3292 3282 ﬁliam
3324 3227 3550 3283 dicitur.
3579 3227 3668 3282 Ir-

2087 3317 2430 3374 rationabilis
2480 3318 2652 3388 igitur
2693 3317 2782 3390 lex
2835 3318 2950 3373 haec
2998 3328 3224 3400 propter
3274 3318 3670 3388 legislatorem,

2089 3419 2203 3466 tum
2237 3409 2366 3480 quia
2406 3410 2709 3465 sceleratus
2743 3417 2798 3464 et
2840 3411 3096 3477 carnalis,
3132 3419 3249 3464 tum
3288 3411 3416 3480 quia
3447 3410 3666 3466 inscius

2085 3510 2142 3557 et
2159 3501 2440 3566 incertus;
2465 3499 2608 3555 sicut
2636 3508 2690 3555 et
2720 3500 2788 3556 de
2805 3501 2987 3572 seipso
3015 3509 3247 3556 testatur
3270 3502 3326 3555 in
3345 3502 3620 3557 Alcorano
3641 3541 3658 3566 ,
3725 3560 3730 3566 _

2089 3593 2308 3649 nescire
2355 3607 2415 3648 se
2469 3591 2601 3674 quid
2649 3593 2758 3648 erit
2804 3591 2856 3648 ei
2909 3593 2996 3648 vel
3045 3577 3361 3660 Saracenis,
3414 3594 3673 3662 ignorare

2089 3692 2274 3740 utrum
2304 3684 2426 3755 ipse
2455 3684 2540 3739 vel
2569 3683 2671 3754 ipsi
2699 3684 2757 3739 in
2787 3684 2873 3740 via
2909 3685 3108 3741 salutis
3133 3687 3266 3753 sint,
3300 3687 3388 3742 vel
3420 3703 3556 3743 non.

391 3781 572 3862 ὄαρον,
596 3785 679 3862 ,ὡς
715 3784 810 3852 καὶ.
849 3783 978 3856 περὶ
1003 3785 1176 3844 ,αὐτοῦ
1209 3786 1509 3860 μαρτυρεῖν
1550 3787 1608 3840 ὲν
1654 3786 1731 3860 τῷ
1786 3781 2098 3858 ᾎλκοράνῳ
2129 3781 2205 3853 μὴ
2227 3781 2425 3836 ειδέναι
2472 3781 2528 3834 τί
2593 3779 2742 3835 ἔσται
2772 3781 2957 3853 αὐτῷ,
2988 3783 3023 3855 ἢ
3085 3784 3199 3848 τοῖς
3257 3784 3666 3856 Σαρῤακηνοτς·

387 3879 488 3952 ,καὶ
510 3879 735 3946 ,ἀγνοεῖν
777 3878 1009 3949 πότερον
1047 3879 1230 3948 αὐτὸς,
1277 3880 1312 3952 ἢ
1357 3880 1454 3940 καὶ
1481 3880 1656 3948 αὐτοὶ,
1688 3881 1744 3932 ὲν
1778 3882 1846 3950 τῇ
1871 3879 1976 3949 ὁδῷ
2013 3877 2112 3956 τῇς
2143 3874 2422 3958 σωτηρίας
2449 3874 2610 3941 εἰσὶν,
2645 3875 2678 3945 ἢ
2710 3875 2795 3932 οὔ.

475 3971 616 4043 ’ᾼλΥ
649 3970 778 4034 ,οὐδὲ
810 3970 879 4028 δι’
905 3972 1109 4030 ,ἑαυτὸν
1136 3972 1166 4031 6
1187 3972 1352 4043 νόμος
1379 3965 1534 4038 οὗτός
1569 3975 1685 4034 εστι
1713 3974 1854 4040 κατὰ
1891 3971 1980 4041 λῷ-

386 4080 509 4133 .γον,
555 4064 714 4134 τοῦτο
748 4063 859 4137 μὲν
888 4062 962 4128 ὡς
1000 4063 1150 4134 ἔχων
1175 4065 1418 4135 ὀνόματα
1453 4067 1734 4136 αἴσχιστα,
1769 4065 1863 4120 καὶ
1885 4064 1979 4137 ἐφ’

377 4150 475 4225 οἷς
520 4154 959 4225 ὲγκαλύπτεσθαι
995 4155 1227 4222 δίκαιον,
1274 4157 1372 4216 καὶ
1397 4156 1638 4236 ,μάλιστα
1693 4157 1976 4226 σαρκικοῖς

382 4247 740 4325 τιιτροσήκιλνςιια
776 4245 1048 4314 πάθεσινο
1086 4247 1150 4306 έν
1175 4246 1460 4318 ,πλείστοις
1509 4247 1620 4319 γὰρ
1667 4246 1854 4308 τόποις
1892 4245 1994 4325 τῷ.

379 4323 660 4408 ,αίσχίστῳ
694 4336 879 4409 τούτῳ
906 4338 1123 4409 ῥήματι
1151 4328 1313 4410 μόλις
1342 4337 1496 4406 αὐτοὶ
1523 4337 1764 4416 χρῶνται
1788 4337 1836 4398 οἱ
1864 4353 1973 4401 κω-

377 4429 542 4498 μικοὶ
572 4429 816 4499 ποιηταὶ,
845 4425 930 4494 οἷς
979 4427 1082 4498 ὕλη
1123 4428 1233 4483 τῶν
1265 4430 1588 4508 ποιημάτων
1624 4429 1694 4489 τὰ
1728 4429 1971 4501 σαρκικὰ

385 4521 482 4574 καὶ⁸
507 4521 732 4592 αἰσχρὰ,
765 4522 815 4591 εἰ
845 4522 942 4576 καὶ
971 4514 1120 4590 οὗτοι
1160 4521 1404 4586 σπανίως
1425 4540 1439 4556 -
1477 4521 1676 4594 ,ὥσπερ
1716 4521 1968 4592 Ὁράτιος

370 4609 818 4682 ,ἀναιδῶς-εἷπεν,
847 4615 923 4670 Οὐ
946 4615 1159 4682 δέδοικα
1183 4613 1554 4681 συνουσιάζων
1576 4632 1589 4646 ·
1615 4613 1775 4670 τοῦτο
1794 4616 1856 4667 δὲ
1884 4615 1966 4678 ὅτι

587 4700 684 4759 καὶ
704 4701 864 4778 αύαὸς
885 4703 1187 4776 διαρρήδην
1217 4704 1382 4780 φησιν
1405 4719 1419 4735 ³
1449 4706 1563 4758 Οὐκ
1583 4705 1731 4759 ἐστιν
1760 4704 1854 4768 ἄνθ
1863 4721 1970 4774 ρω-

382 4801 484 4850 sto;
505 4786 574 4844 ,ὲν
603 4787 682 4858 τῷ
700 4789 893 4867 κόσμῳ
922 4790 1219 4861 δυνάμενος
1236 4792 1297 4843 τὸ
1323 4791 1647 4861 Ἀλκοράνον
1670 4793 1830 4848 νοεῖν.
1855 4789 1968 4848 Καὶ

377 4879 502 4944 πῶς
523 4883 858 4952 προσέταξεν
872 4884 900 4936 6
925 4881 1056 4954 Θεὸς
1084 4883 1244 4946 τοῦτο
1264 4883 1574 4955 τηρεῖσθαι,
1593 4885 1641 4936 εί
1670 4883 1744 4954 μὴ
1766 4883 1965 4936 δέδωκε

382 4971 484 5037 καὶ
511 4961 752 5034 νοεῖσθαι
777 4990 792 5040 ;
813 4975 916 5035 ⁸Δεῖ
941 4974 997 5027 δὲ
1023 4963 1341 5043 γινώσκειν,
1366 4974 1442 5039 ὡς
1468 4979 1525 5028 ὲν
1549 4975 1624 5046 τῷ
1647 4973 1966 5045 Εὑαγγελίῳ

374 5062 537 5128 ρύδὲν
566 5064 740 5128 ἔστιν,
759 5063 902 5133 ὅπερ
934 5066 1035 5135 οὐχ
1060 5060 1162 5118 οἶοί
1217 5067 1276 5120 τέ
1307 5068 1494 5136 ὲσμενξ
1517 5067 1611 5120 καὶ
1639 5067 1853 5140 νοῆσαι,
1881 5055 1960 5136 τῷ

387 5148 490 5230 τῆς
531 5149 767 5212 πίστεως
809 5149 948 5220 φωτὶ
978 5151 1357 5223 βοηθούμενοι.
1417 5153 1557 5210 Ἀλλ’
1597 5154 1718 5207 οὐδὲ
1758 5154 1847 5207 διὰ
1896 5139 1964 5207 τὰ

383 5236 749 5309 περιεχόμενα
798 5241 857 5297 ὲν
892 5238 1064 5311 τούτῳ
1101 5241 1405 5312 διδάγματά
1437 5245 1555 5296 ἐστι
1605 5243 1747 5296 κατὰ
1781 5243 1961 5312 λόγον.

379 5329 520 5400 Φησὶ
548 5329 659 5402 γὰρ
683 5331 748 5394 ,ἐν
777 5331 994 5406 πολλοῖς
1024 5333 1211 5406 τόποις
1246 5335 1338 5389 τὸν
1361 5334 1502 5396 ,Θεὸν
1532 5339 1961 5412 προστεταχέναι

376 5422 491 5483 τοῖς
523 5421 796 5500 ἀγγέλοις,
825 5425 1202 5495 προσκυνῆσαι
1222 5427 1316 5480 τὸν
1352 5426 1556 5498 Ἀδάμ·
1583 5425 1678 5481 καὶ
1703 5428 1831 5491 τοὺς
1862 5429 1962 5499 μὲν

384 5511 461 5582 μὴ
485 5510 817 5582 θελήσαντας
873 5512 1130 5582 γενέσθαι
1157 5517 1440 5585 δαίμονας,
1477 5501 1604 5582 τοὺς
1630 5518 1688 5570 δὲ
1721 5536 1963 5589 προσκυ-

378 5601 646 5684 νήσαντας
666 5603 848 5672 μεῖναι
878 5603 1163 5672 ἀγγέλους.
1183 5606 1295 5670 Καὶ
1322 5608 1438 5670 πῶς
1462 5607 1529 5662 ἂν
1552 5610 1578 5662 ὁ
1607 5609 1739 5672 Θεὸς
1769 5613 1963 5665 ἐνετεί-

363 5691 506 5769 ςλατο
527 5693 991 5776 εἰδωλολατρείαν,
1014 5698 1120 5756 ,καὶ
1148 5700 1262 5762 τοῖς
1283 5697 1466 5763 ἄλλοις
1489 5700 1588 5772 τὴν
1617 5701 1776 5774 αὐτῷ.
1793 5705 1960 5776 μόνην

438 5817 510 5882 (α)
538 5817 638 5872 Sic.
664 5817 800 5893 Lege
823 5824 877 5871 ut
908 5822 958 5871 in
985 5819 1165 5880 ﬁrmo
1188 5821 1441 5875 Horatius.
1468 5825 1605 5879 Enn.
1616 5830 1634 5889 j

2166 3967 2274 4030 Sed
2298 3983 2483 4045 neque
2520 3983 2620 4039 per
2660 3966 2900 4037 seipsam
2933 3967 3020 4024 lex
3071 3969 3186 4026 haec
3223 3979 3311 4027 est
3360 3970 3666 4026 secundum

2088 4054 2379 4126 rationem,
2415 4070 2680 4131 tanquam
2721 4061 2933 4117 habens
2962 4062 3188 4118 nomina
3225 4063 3564 4132 turpissima,
3608 4073 3668 4120 et

2083 4152 2141 4208 in
2169 4153 2376 4225 quibus
2409 4139 2580 4207 velari
2619 4153 2832 4224 justum
2859 4161 2964 4219 est,
2997 4161 3054 4223 et
3082 4153 3318 4210 maxime
3347 4153 3666 4211 carnalibus

2081 4243 2466 4312 convenientia
2519 4229 2896 4322 paSsionibus.
2941 4243 3001 4298 In
3037 4243 3289 4310 plurimis
3335 4246 3481 4300 enim
3525 4246 3664 4302 locis

2082 4333 2405 4404 turpissimo
2438 4334 2542 4409 hoc
2580 4334 2751 4389 verbo
2785 4334 2983 4400 utitur,
3016 4351 3159 4401 coeo,
3191 4337 3338 4405 quod
3369 4337 3518 4392 nulla
3555 4338 3662 4414 alia

2078 4426 2164 4482 lex
2194 4425 2326 4482 facit
2352 4444 2365 4481 :
2392 4443 2506 4504 quo
2530 4429 2698 4482 verho
2723 4427 2813 4494 vix
2841 4438 3015 4498 poetas
3045 4428 3150 4499 ipsi
3175 4429 3371 4484 comici
3407 4439 3660 4496 utuntur,

2078 4518 2279 4589 quibus
2304 4519 2534 4574 materia
2556 4529 2876 4592 poematum
2907 4529 2992 4574 est
3014 4522 3252 4576 carnalis
3277 4531 3333 4578 et
3360 4522 3556 4592 turpis,
3575 4531 3661 4578 et-

2077 4609 2120 4662 si
2153 4609 2208 4663 hi
2239 4625 2398 4681 raro;
2430 4595 2574 4665 sicut
2617 4611 2817 4666 Aratus
2843 4611 2920 4680 (a)
2956 4611 3303 4681 impudenter
3329 4613 3465 4666 dixit
3496 4631 3510 4667 :
3538 4613 3659 4669 Non

2077 4696 2234 4750 timui
2269 4699 2475 4753 coiens.
2498 4699 2612 4753 lloc
2641 4709 2823 4753 autem
2858 4708 2912 4754 et
2960 4701 3078 4770 ipse
3114 4701 3292 4770 palam
3336 4701 3490 4766 dicit,
3536 4701 3658 4756 Non

2075 4798 2161 4844 est
2189 4789 2354 4842 homo
2386 4789 2440 4854 in
2476 4790 2680 4843 mundo
2713 4791 2806 4858 qui
2857 4792 3029 4858 possit
3073 4791 3409 4848 Alcoranum
3448 4794 3658 4848 intelli-

2075 4893 2222 4948 gere.
2264 4878 2329 4934 Et
2368 4881 2642 4950 quomodo
2674 4881 2954 4936 mandavit
2988 4884 3134 4939 Deus
3172 4885 3278 4940 hoc
3329 4869 3566 4954 servari,
3609 4887 3656 4942 si

2075 4988 2183 5028 non
2229 4974 2380 5029 dedit
2418 4982 2475 5027 et
2509 4974 2784 5044 intelligi?
2811 4974 3044 5044 Oportet
3081 4988 3264 5034 autem
3304 4981 3468 5043 scire,
3506 4983 3656 5052 quod

2074 5068 2130 5123 in
2165 5067 2461 5139 Evangelio
2507 5067 2647 5121 nihil
2694 5076 2801 5133 est,
2836 5069 2982 5139 quod
3017 5087 3126 5144 non
3173 5077 3456 5141 possimus
3484 5075 3652 5129 etiam

2074 5159 2408 5231 intelligere,
2449 5158 2576 5213 ﬁdei
2610 5159 2822 5214 lumine
2857 5162 3052 5230 adiuti.
3087 5163 3191 5218 Sed
3219 5179 3400 5234 neque
3430 5175 3655 5234 propter

2072 5252 2383 5307 doctrinam
2413 5265 2536 5320 qua:
2568 5249 2625 5304 in
2657 5265 2724 5305 eo
2747 5252 3092 5314 continetur,
3119 5263 3205 5309 est
3235 5243 3538 5311 secundum
3571 5272 3655 5310 ra-

2074 5341 2302 5397 tionem.
2334 5341 2474 5396 Dicit
2501 5341 2651 5396 enim
2692 5342 2748 5396 in
2795 5344 2981 5399 multis
3011 5345 3172 5409 loris,
3219 5345 3389 5402 Deum
3423 5347 3650 5400 manda-

2068 5433 2216 5488 visse
2264 5435 2492 5503 angelis,
2550 5434 2782 5489 adorare
2816 5435 3012 5500 Adam,
3062 5447 3119 5491 et
3154 5451 3252 5491 eos
3287 5437 3507 5506 quidem
3554 5438 3647 5504 qui

2068 5523 2298 5587 nollent,
2334 5525 2462 5599 ﬁeri»
2500 5523 2820 5594 dzemones;
2851 5527 3146 5584 adorantes
3187 5537 3373 5582 autem
3424 5542 3646 5580 manere

2068 5615 2313 5686 angelos.
2340 5614 2410 5668 Et
2435 5616 2711 5686 quomodo
2735 5618 2888 5689 Deus
2911 5619 3225 5674 mandasset
3257 5617 3642 5682 idololatriam,

2067 5713 2123 5760 et
2149 5705 2357 5776 angelis
2389 5705 2662 5764 honorem
2697 5707 3002 5776 tribuisset,
3039 5709 3132 5780 qui
3169 5709 3272 5766 soli
3313 5708 3422 5763 Deo
3471 5706 3641 5765 debe-

2355 5923 2386 5932 α.-
