2034 3225
261 178 331 212 1079
347 188 360 199 ι’

922 166 1112 214 ῡΕΑιΕΤιιιΙ
1130 182 1284 230 (ποοψ
1822 186 1891 220 1080

261 236 364 264 batur?
381 237 447 265 item
461 242 489 265 et
506 239 613 266 ratione
639 239 771 267 doctrinae
791 239 988 268 irrationahiiis
1010 248 1040 268 es

1103 239 1282 276 ὀφειλομένην
1297 241 1380 268 ἔδωκε
1395 241 1490 274 δόξαν;
1509 242 1570 268 Ἔτι
1584 242 1630 269 καὶ
1645 241 1684 277 τῷ
1696 242 1768 278 λόγῳ
1782 243 1834 270 τῶν
1851 244 1889 270 δι·

261 290 297 311 ex
312 283 395 312 dictis
406 285 540 320 ipsorum.
557 285 586 313 In
603 285 647 313 illa
664 286 737 313 enim
750 286 810 321 lege
821 286 939 314 maxime
953 294 1052 314 neces-

260 329 366 357 sariuin
379 331 421 364 (ut
434 331 486 365 ipsi
504 331 611 366 dicunt)
627 331 679 359 hoc
695 337 748 364 est,
768 336 798 358 ut
811 332 919 359 dicatur
936 333 1049 367 ubique,

261 376 336 410 quod
363 384 417 404 non
442 382 484 404 cst
509 377 581 405 Deus
598 383 697 411 praeter
719 379 814 410 Deum,
834 384 861 406 et
879 379 1051 407 Mahometus

260 428 304 450 est
326 423 465 458 apostolus
491 424 549 451 Dei.
575 424 737 459 Additque:
764 425 797 451 Et
823 425 896 460 quod
923 426 993 453 Deus
1009 430 1051 454 est

262 477 389 504 magnus.
402 469 454 496 Sed
468 478 528 504 quae
542 471 715 498 annuntiatio
731 476 773 499 est
787 472 964 500 ista?Nu|lus
976 473 1049 500 enim

261 514 307 549 qui
326 515 432 542 ratione
454 516 552 548 utitur,
570 516 662 543 dicere
685 522 779 549 posset
803 517 888 544 Deum
911 526 970 546 esse
987 527 1050 553 par—

261 568 337 587 vum.
366 561 433 588 item
452 562 608 595 propositio
633 570 693 597 qua:
717 563 804 590 dicit:
829 564 888 591 Non
913 571 955 592 est
980 565 1050 593 Deus

260 611 362 641 prtetcr
380 606 476 639 Deum,
496 615 560 634 vera
577 613 619 635 est
642 616 690 642 per
714 610 843 643 seipsaiu,
862 616 888 637 et
904 619 918 637 a
935 612 1010 638 nullo
1024 612 1048 638 ei

260 651 470 684 contradicitur,
491 652 548 680 sive
567 661 637 680 unus
656 654 691 680 sit
715 655 795 684 Deus.
820 655 875 681 sive
893 656 995 689 plures.
1015 655 1050 683 Et

259 697 288 724 in
303 697 433 724 omnibus
447 698 590 725 verissima
608 703 650 725 est
671 699 733 725 talis
749 699 909 734 duplicatio.
927 700 984 727 Non
1008 706 1049 727 est

258 744 332 770 enim
349 744 464 779 angelus
479 744 531 772 nisi
550 745 675 779 angelus,
693 751 720 771 et
740 753 792 772 non
819 751 862 773 est
888 747 970 773 homo
997 747 1048 774 nisi

258 790 352 823 homo,
370 796 398 817 et
414 799 469 818 non
484 796 526 818 est
546 794 640 818 asinus
658 792 710 819 nisi
733 793 837 819 asinus.
862 793 913 819 Bos
931 793 1003 819 enim
1021 798 1048 820 et

258 837 336 864 canis
351 845 405 864 non
424 842 466 864 est
487 838 594 865 asinus.
611 838 676 870 Quae
698 843 789 866 autem
811 839 888 870 dicit,
908 839 1047 867 Mahome-

257 888 304 912 tus
316 889 358 911 est
371 884 515 918 apostolus
531 884 589 917 Dei,
604 885 683 912 valde
698 891 739 912 est
756 886 893 920 ambigua.
913 886 978 918 Qum
999 886 1048 921 igi-

257 934 304 957 tur
322 931 393 957 ratio
417 931 600 958 connexionis
619 931 716 959 harum
739 932 855 959 duarum
877 933 1046 967 propositio-

257 984 336 1008 num,
357 977 439 1004 unius
456 977 579 1011 quidem,
609 986 659 1012 per
685 978 804 1012 seipsam
827 984 908 1011 notae,
933 979 1046 1006 alterius

258 1027 351 1050 autem
370 1030 420 1058 per
439 1024 556 1058 scipsam
573 1024 693 1059 ignotae?
714 1023 779 1056 Qure
806 1024 896 1052 virtus
921 1025 964 1051 vel
986 1033 1047 1060 qute

257 1068 375 1100 utilitas,
392 1073 422 1095 ut
439 1069 597 1104 quicunque
614 1070 666 1096 hoc
684 1070 859 1102 conﬁteatur,
877 1070 910 1097 de
924 1071 1045 1098 necessi-

256 1118 315 1143 tate
333 1115 475 1143 saivetur?
502 1115 569 1142 item
586 1116 759 1144 Mahometus
778 1117 806 1144 in
830 1117 961 1151 praedicta
987 1118 1045 1152 lege

256 1160 336 1193 dicit,
353 1162 425 1196 quod
446 1169 542 1189 omnes
559 1162 685 1190 homines
700 1170 785 1189 unum
806 1168 895 1197 erant,
911 1168 939 1191 et
964 1164 1046 1192 unius

255 1213 348 1239 sectze,
375 1213 402 1235 et
425 1208 507 1236 unius
523 1209 676 1244 religionis,
704 1209 776 1236 Deus
802 1214 894 1237 autem
922 1210 1045 1238 diversos

255 1262 306 1282 eos
323 1254 396 1287 fecit,
412 1254 458 1289 qui
474 1254 550 1282 misit
564 1255 689 1282 diversos
706 1255 865 1290 prophetas.
883 1255 940 1283 Hoc
954 1260 1044 1283 autem

257 1308 348 1335 neque
361 1308 507 1335 quousque
518 1306 650 1336 appareat
665 1309 760 1329 verum
775 1310 835 1329 esse
846 1307 947 1337 potest.
962 1302 1046 1329 Maxi-

256 1354 301 1373 me
319 1347 391 1373 enim
408 1355 480 1374 unus
498 1348 579 1379 Deus,
595 1347 642 1381 qui
659 1347 776 1374 maxime
793 1348 926 1375 unitatem
947 1352 975 1375 et
995 1347 1045 1374 lio-

256 1392 362 1420 minum
379 1393 495 1420 salutem
512 1398 595 1420 amat.
623 1393 682 1420 Non
701 1394 774 1420 enim
793 1393 933 1420 divisisset
957 1394 1046 1420 homi-

255 1447 305 1466 nes
329 1439 357 1466 in
381 1439 505 1467 diversas
522 1444 613 1467 sectas
631 1444 659 1467 et
676 1447 785 1467 errores
809 1444 838 1467 et
863 1440 1042 1474 perditiones.

255 1485 308 1512 Sed
327 1485 379 1513 hoc
401 1486 505 1513 invidia
524 1486 658 1513 daemonis
675 1486 777 1513 factum
804 1491 856 1518 cst,
876 1491 903 1513 et
920 1486 1043 1521 nequitia

254 1531 409 1564 hominum,
433 1531 616 1566 permissione
639 1535 730 1558 tamen
756 1530 814 1562 Dei,
839 1532 886 1565 qui
909 1532 1044 1566 permittit

1102 286 1247 321 δαγμάτων
1263 287 1359 322 ἄλογός
1380 288 1449 315 ἑστι.
1466 288 1504 314 Τὸ
1518 288 1573 322 γὰρ
1595 289 1624 315 ὲν
1641 289 1735 324 ἐκείνῳ
1750 289 1789 324 τῷ
1811 290 1885 326 νόμῳ

1103 332 1221 366 μάλιστα
1237 334 1285 360 καὶ
1301 334 1382 368 μόνον
1399 334 1558 368 ἀναγκαῖον,
1575 334 1613 366 ὡς
1630 335 1707 362 αὐτοί
1722 344 1799 370 φασι,
1814 337 1887 364 τοῦτ’

1101 379 1171 413 ἔστι,
1185 381 1214 406 τὸ
1235 381 1441 415 διαγγέλλεσϐαι
1459 382 1608 417 πανταχοῦ,
1631 383 1668 416 ῶς
1684 384 1735 410 οὐκ
1749 384 1808 411 ἐστι
1821 383 1889 418 Θιδς

1101 425 1171 461 πλὴν
1192 426 1239 453 τοῦ
1257 426 1336 459 Θεοῦ,
1360 429 1406 454 καὶ
1429 429 1443 454 ὁ
1461 428 1611 463 Μαχούμετ
1634 429 1709 456 ἐστὶν
1728 431 1886 464 ἀπόστολος.

1102 471 1281 506 Προστιθέασί
1291 481 1320 498 τε
1335 474 1381 499 καὶ
1398 474 1438 501 ὅτι
1455 475 1469 500 ὁ
1479 474 1545 506 Θεός
1560 475 1620 501 ἐστι
1637 475 1734 510 μέγας.
1757 475 1837 503 Ἀλλὰ
1847 477 1889 508 τίς

1101 517 1248 552 εύαγγελία
1257 518 1331 545 ἐστὶν
1342 519 1359 553 ἡ
1370 520 1480 554 τοιαύτη
1491 529 1498 552 ;
1511 520 1606 552 Οὐδεὶς
1612 520 1665 555 γάρ
1677 521 1733 547 ἐστι
1742 521 1812 556 λόγῳ
1820 523 1890 557 χρώ-

1102 571 1193 598 μενος,
1213 563 1242 595 ὃς
1265 564 1298 591 ἂν
1315 564 1386 591 εἴποι
1404 565 1450 591 τὸν
1474 565 1539 592 Θεὸν
1556 563 1626 592 εἶναι
1655 565 1764 602 μικρόν.
1788 567 1848 594 Ἔτι
1869 567 1887 603 ἡ

1101 610 1216 643 λέγουσα
1229 611 1372 645 πρότασις,
1394 611 1451 638 Οὐκ
1472 611 1529 638 ἔστι
1556 612 1623 643 Θεδς
1644 611 1714 646 πλὴν
1734 611 1781 639 τοῦ
1808 612 1887 647 Θεοῦ,

1101 655 1204 690 ἀληθής
1223 657 1279 682 ἔστι
1296 656 1357 682 καθ’
1375 657 1470 690 αὐτὴν,
1485 657 1532 684 καὶ
1547 657 1613 692 παρ’
1628 657 1733 690 οὐδενὸς
1749 657 1887 692 ἀντιλέγει-

1099 711 1155 734 ται,
1171 704 1226 729 εἴτε
1240 700 1279 733 εἷς
1296 703 1337 737 εἴη
1350 703 1426 735 Θεὸς,
1440 704 1494 729 εἴτε
1513 703 1632 735 πλειους.
1648 703 1704 730 Καὶ
1720 703 1766 730 ἐπὶ
1779 702 1888 732 πάντων

1100 748 1271 783 ἀληθεστάτη
1300 749 1373 774 ἐστὶν
1399 750 1415 784 ή
1443 749 1556 783 τοιαύτη
1581 749 1815 782 ἐπαναδίπλωσις·
1837 751 1888 778 οὒκ

1099 795 1156 822 ἐστι
1174 796 1228 831 γὰρ
1248 797 1362 830 ἄγγελος
1378 797 1402 822 εἰ
1426 797 1463 831 μὴ
1478 796 1609 831 ἅγγελος·
1626 797 1670 823 καὶ
1684 796 1734 823 οὐκ
1754 796 1827 824 ἐστιν
1840 796 1888 824 ἄν·

1100 842 1207 876 Ορωπος
1225 842 1248 867 εἰ
1263 841 1300 876 μὴ
1312 842 1470 876 ἄνθρωπος’
1490 843 1537 869 καὶ
1550 842 1599 868 οὐκ
1617 843 1690 868 ἔστιν
1706 843 1720 868 ὁ
1733 841 1793 873 δνος
1805 841 1830 868 εἰ
1848 841 1887 878 μῂ

1098 886 1167 917 δνος.
1193 887 1221 913 '0
1236 888 1289 921 γὰρ
1306 886 1367 921 βοῦς
1385 887 1431 913 καὶ
1448 888 1461 913 ὁ
1478 887 1550 914 κύων
1567 888 1616 914 οὐκ
1631 887 1704 914 ἔστιν
1721 887 1791 918 ὅνος.
1809 887 1843 914 Ἦ

1098 931 1224 965 λέγουσα,
1234 932 1262 959 '0
1276 932 1369 967 Μαχού
1375 941 1423 966 μετ
1435 933 1508 959 ἐστὶν
1518 933 1665 965 ἀπόστολος
1678 934 1724 960 τοῦ
1736 933 1812 967 Θεοῦ,
1825 934 1887 961 λίαν

1098 979 1172 1005 ἐστὶν
1184 978 1345 1012 ἀμφίϐολος.
1363 979 1429 1005 Ποία
1445 979 1535 1005 τοίνυν
1552 978 1627 1005 αἰτία
1641 978 1691 1012 τῆς
1704 979 1825 1014 συναφῆς
1832 978 1887 1010 τῶν

1099 1025 1146 1051 δύο
1162 1024 1266 1051 τοῦτων
1281 1025 1453 1059 προτάσεων,
1475 1026 1538 1059 μιᾶς
1558 1024 1607 1060 μὲν
1625 1024 1686 1051 καθ’
1703 1024 1802 1060 ἑαυτὴν
1817 1032 1888 1059 γνω-

1098 1071 1175 1105 στῆς,
1190 1071 1239 1105 τῆς
1253 1071 1280 1097 δὲ
1302 1070 1399 1106 λοιπῆς
1412 1071 1553 1105 ἀγνώστου
1571 1071 1631 1097 καθ’
1644 1070 1745 1106 ἑαυτήν
1756 1078 1764 1103 ;
1777 1069 1811 1098 Ἣ
1823 1070 1887 1098 ποία

1096 1119 1181 1154 ἀρετὴ
1199 1120 1215 1154 ἢ
1237 1119 1354 1154 ὠφέλεια
1371 1119 1405 1146 τὰ
1429 1118 1541 1146 τοιαῦτα
1566 1118 1716 1153 ὁμολογεῖν,
1733 1118 1781 1145 καὶ
1798 1117 1881 1149 οὕτως

1097 1164 1167 1192 εἶναι
1195 1166 1356 1200 ἀναγκαῖον,
1374 1166 1444 1194 ὥστε
1463 1164 1615 1199 ὲξανάγκης
1638 1164 1773 1196 σώζεσθαι
1796 1164 1886 1192 πάντα

1096 1211 1142 1238 τὸν
1169 1210 1256 1243 οὕτως
1275 1211 1476 1246 ὁμολογοῦντας
1504 1211 1564 1237 Ἔτι
1587 1211 1602 1237 6
1625 1209 1775 1246 Μαχούμετ
1795 1210 1824 1236 tv
1844 1208 1885 1244 τῷ

1097 1257 1290 1292 προειρημένῳ
1303 1257 1378 1291 νόμῳ
1391 1257 1484 1291 φησὶν,
1500 1256 1542 1283 ὅτι
1555 1255 1655 1288 πάντες
1669 1256 1694 1282 oi.
1707 1253 1886 1291 ἄνθρωποιὶν

1097 1299 1176 1335 ἦσαν,
1195 1302 1242 1328 καὶ
1269 1302 1333 1336 μιᾶς
1351 1302 1495 1336 αἱρέσεως,
1514 1301 1561 1328 καὶ
1579 1302 1644 1336 μιᾶς
1659 1301 1823 1337 θρησκείας·
1838 1300 1885 1328 τὸν

1096 1347 1123 1373 δὲ
1135 1347 1198 1373 Θεὸν
1214 1347 1358 1382 διαφόρους
1372 1348 1470 1379 αὐτοὺς
1486 1347 1609 1382 ποιῆσαι,
1623 1347 1815 1374 ἀποστείλαντα
1828 1346 1886 1374 δια·

1097 1393 1196 1428 φόρους
1215 1394 1367 1428 προφήτας.
1384 1393 1470 1420 Τοῦτο
1484 1394 1512 1420 δὲ
1527 1393 1586 1420 οὐδὲ
1606 1393 1686 1428 μέχρι
1698 1392 1746 1420 τοῦ
1757 1391 1829 1426 δόξαι
1840 1392 1884 1428 εἴη

1097 1439 1129 1466 ἂν
1146 1439 1256 1474 ἀληθές.
1280 1439 1308 1465 '0
1327 1439 1380 1473 γὰρ
1405 1439 1522 1474 μάλιστα.
1547 1438 1587 1471 εἴς
1604 1438 1680 1472 Θεὸς,
1699 1439 1746 1466 καὶ
1768 1437 1885 1474 μάλιστα

1096 1485 1145 1520 τὴν
1162 1486 1276 1520 ἑνότητα
1294 1486 1340 1512 καὶ
1355 1486 1404 1519 τὴν
1422 1486 1477 1512 τῶν
1495 1485 1648 1520 ἀνθρώπων
1666 1484 1802 1520 σωτηρίαν
1814 1484 1885 1519 ἀγα-

1098 1532 1167 1563 πῶν,
1181 1531 1230 1557 οὐκ
1242 1531 1274 1558 ἂν
1286 1531 1367 1558 διεῖλε
1381 1532 1444 1562 τοὺς
1456 1530 1618 1566 ἀνθρώπους
1633 1530 1674 1563 εἰς
1685 1530 1828 1565 διαφόρους
1841 1529 1885 1557 αι-

253 1584 302 1604 eos
315 1577 362 1611 qui
375 1577 474 1603 nolunt
489 1576 604 1604 credere
620 1576 739 1609 veritati,
753 1577 780 1603 iu
794 1576 918 1604 diversos
933 1584 1043 1605 errores

1097 1577 1125 1611 ρέ
1131 1585 1196 1608 σεις,
1206 1577 1253 1603 καὶ
1263 1577 1377 1609 πλάνοις,
1392 1577 1439 1604 καὶ
1450 1577 1599 1608 ἀπωλείας.
1614 1576 1696 1604 Ἀλλὰ
1706 1577 1783 1604 τοῦτο

253 1622 388 1650 incidere.
415 1622 481 1649 ltcm
505 1622 678 1649 Mahometus
702 1622 728 1648 in
745 1622 875 1656 praedicta
892 1623 951 1657 lege
965 1623 1043 1657 jubet

254 1673 383 1703 tanquam
399 1676 432 1695 ex
450 1676 498 1695 ore
512 1667 572 1700 Dei,
589 1667 711 1694 interimi
733 1668 868 1700 inﬁdeles,
885 1668 910 1695 id
931 1673 973 1696 cst
995 1676 1042 1696 eos

254 1717 300 1746 oui
314 1724 368 1742 non
382 1720 446 1742 sunt
460 1715 603 1742 Saraceni.
620 1715 686 1742 item
703 1714 769 1742 dicit
783 1715 817 1741 de
832 1715 884 1746 eis,
897 1715 970 1749 quod
987 1723 1041 1742 non

251 1767 368 1796 possunt
384 1767 458 1789 recta
477 1761 609 1796 cogitare,
632 1769 694 1789 cum
718 1769 731 1788 a
757 1761 813 1789 Deo
830 1769 885 1789 non
900 1761 1042 1789 deducun-

252 1813 315 1841 tur;
334 1809 405 1836 Deus
421 1813 512 1836 autem
534 1815 583 1835 eos
604 1816 658 1835 non
682 1807 806 1836 deducit.
824 1807 878 1835 Sed
903 1808 1042 1834 inconve-

252 1855 333 1882 niens
351 1854 482 1888 interimi,
499 1860 644 1889 propterea
657 1854 730 1889 quod
750 1861 806 1881 non
822 1857 954 1888 possunt;
973 1861 1042 1887 quos

251 1905 344 1928 autem
360 1905 486 1935 possunt,
496 1908 549 1928 non
565 1900 732 1928 conveniens
743 1903 785 1927 est
797 1906 904 1934 cogere,
915 1903 1042 1933 propter-

250 1954 283 1974 ea
299 1947 373 1981 quod
389 1954 442 1974 non
466 1946 555 1981 placet
571 1946 627 1974 Deo
649 1946 769 1974 servitus
787 1949 893 1972 coacta.
919 1944 1041 1972 interimi

251 1998 344 2021 autem
363 1993 415 2020 nisi
429 1993 554 2025 credant,
573 1992 616 2020 vel
631 1993 725 2027 aliquo
741 1990 824 2018 modo
840 1990 921 2017 simul
937 1991 1041 2025 impelli

251 2042 285 2067 ad
300 2039 480 2071 credendum,
496 2044 523 2066 et
539 2039 598 2073 ipse
615 2038 662 2073 qui
688 2038 748 2066 haec
768 2036 880 2063 mandat
903 2035 1045 2064 Mahome-

253 2090 299 2113 tus
335 2085 534 2112 inconveniens
556 2084 662 2120 iudicat
689 2087 717 2111 et
743 2082 941 2111 i‘rralionabiie.
969 2082 1041 2110 Dicit

251 2132 326 2159 enim
343 2132 370 2158 in
388 2131 509 2166 capitulo
523 2129 599 2158 Jonas
617 2138 624 2157 :
646 2128 674 2157 Si
689 2128 823 2157 voluisset
840 2128 920 2161 Deus,
946 2136 1041 2156 omnes

248 2177 305 2212 jam
318 2177 503 2205 credidissent
517 2176 567 2210 qui
581 2178 646 2202 sunt
662 2175 690 2202 in
707 2180 789 2202 terra.
808 2175 842 2202 Et
859 2179 887 2202 tu
903 2175 976 2210 cogis
990 2175 1040 2202 ho-

251 2225 341 2251 mines
366 2228 397 2250 ut
417 2222 548 2250 credant?
570 2221 605 2248 Et
629 2220 721 2248 nullus
746 2226 836 2255 potest
858 2228 917 2247 esse
939 2213 1039 2252 ﬁdelis,

1097 1622 1142 1648 τοῦ
1157 1622 1284 1657 δαίμονος
1301 1623 1406 1657 γέγονε,
1427 1624 1473 1649 καὶ
1490 1624 1606 1658 πονηρίᾳ
1620 1622 1781 1658 ἀνθρώπων,
1796 1629 1884 1657 παρα-

1097 1671 1216 1706 χωρήσει
1227 1670 1319 1705 μέντοι
1333 1671 1412 1703 Θεοῦ,
1424 1671 1487 1701 τοὺς
1501 1669 1539 1705 μὴ
1554 1669 1733 1704 βουλομένους
1741 1667 1884 1696 πιστεῦσαι

1096 1717 1129 1750 τῇ
1159 1716 1272 1751 ἀληθείᾳ
1288 1715 1425 1751 διαφόροις
1443 1716 1589 1742 ὑποπεσεῖν
1601 1715 1723 1750 αἱρέσεσι
1741 1713 1884 1750 συγχωρήο

1098 1770 1204 1793 σαντος.
1224 1763 1284 1788 Ἔτι
1308 1762 1322 1788 ὁ
1337 1761 1460 1796 Μωάμεο
1483 1762 1512 1787 ὲν
1528 1761 1566 1796 τῷ
1594 1761 1787 1796 προειρημένῳ
1807 1759 1882 1795 νόμῳ

1096 1808 1203 1834 κελεύει
1223 1807 1317 1841 ὥσπερ
1342 1808 1374 1833 ὲκ
1394 1806 1531 1842 στόματος
1553 1806 1621 1833 Θεοῦ
1638 1805 1799 1841 φονεύεσθαι
1810 1806 1882 1843 ,τοὺς

1097 1854 1240 1886 ἀπίστους,
1251 1852 1375 1880 τουτέστι
1390 1853 1453 1884 τοὺς
1464 1852 1500 1887 μὴ
1512 1852 1589 1884 ὄντας
1600 1852 1792 1888 Σαρρακηνοῠς
1801 1859 1809 1867 ο
1823 1850 1885 1879 και-

1097 1908 1138 1926 τοι
1155 1907 1186 1933 γε
1201 1898 1286 1926 εἰπὼν
1306 1899 1370 1933 περὶ
1391 1898 1491 1930 αὐτῶν,
1509 1898 1546 1929 ὡς
1563 1898 1592 1924 οὐ
1615 1898 1740 1925 δύνανται
1759 1897 1793 1924 τὰ
1814 1895 1884 1932 ὀρθὰ

1098 1946 1214 1980 φρονεῖν,
1230 1946 1266 1980 μὴ
1280 1945 1356 1980 ποιρά
1370 1944 1438 1971 Θεοῦ
1451 1944 1628 1980 ὁδηγούμενοι
1639 1952 1645 1959 ’
1658 1943 1703 1971 τὸν
1713 1943 1742 1971 δὲ
1756 1943 1821 1970 Θεὸν
1835 1943 1884 1971 αὓ-

1096 1991 1160 2021 τοὺς
1177 1991 1214 2025 μὴ
1228 1991 1372 2025 ὀδηγῆσαι.
1393 1990 1474 2017 Ἀλλά
1488 1990 1588 2017 ἄτοπον
1605 1989 1777 2025 φονεύεσθαι,
1792 1988 1835 2016 διὰ
1851 1989 1883 2016 τὸ

1098 2036 1293 2072 μὴδύνασθαι·
1315 2035 1362 2067 οὒς
1378 2036 1427 2063 καὶ
1441 2035 1610 2070 δυναμένους
1631 2035 1661 2061 ού
1687 2034 1824 2069 προσῆκον
1848 2031 1883 2069 ἦν

1096 2081 1310 2116 ηναγκάζεσθαι,
1328 2081 1371 2108 διὰ
1384 2082 1414 2107 τὸ
1431 2081 1467 2116 μὴ
1486 2081 1614 2116 ἀρέσκειν
1628 2080 1667 2115 τῷ
1679 2079 1739 2115 Θεῷ
1753 2079 1803 2115 τὴν
1819 2085 1883 2106 κπ-

1094 2127 1309 2162 ηναγκασμένην
1332 2125 1471 2160 λατρείαν.
1496 2126 1533 2152 Τὸ
1550 2126 1579 2152 δὲ
1603 2125 1776 2160 φονεύεσθαι,
1801 2125 1825 2151 ει
1842 2123 1882 2159 μὴ

1096 2171 1281 2203 πιστεύσαιεν,
1296 2171 1313 2206 ἢ
1327 2171 1419 2206 ἕτερον
1429 2170 1529 2205 τρόπον
1547 2169 1725 2197 συνωθείσθαι
1739 2169 1778 2200 εις
1793 2167 1824 2195 τὸ
1837 2175 1883 2194 ςι-

1096 2218 1214 2251 στεύειν,
1232 2217 1279 2244 καὶ
1302 2217 1383 2248 αὐτὸς
1404 2218 1418 2243 ὁ
1433 2216 1520 2244 ταῦτα
1540 2216 1721 2252 προστάσσων
1734 2213 1881 2249 Μαχούμστ

252 2268 307 2295 nisi
326 2268 380 2295 hoc
395 2268 421 2296 ei
437 2274 600 2295 concessum
618 2266 681 2293 sita
697 2266 762 2293 Deo.
779 2266 836 2293 Hoc
852 2269 943 2292 autem
958 2265 1041 2292 latius

1096 2264 1193 2291 ἄτοπον
1209 2264 1297 2299 κρίνει
1313 2263 1361 2290 καὶ
1375 2263 1483 2297 ἄλογον.
1500 2262 1569 2297 Φησὶ
1580 2262 1635 2298 γὰρ
1647 2262 1675 2289 ὲν
1690 2260 1729 2297 τῷ
1742 2259 1880 2302 κεφαλαίῳ

250 2313 448 2348 explicabimus
463 2313 491 2340 in
505 2312 696 2348 sequentibus,
717 2312 744 2340 in
766 2319 839 2339 nono
857 2311 987 2346 capitulo.

1093 2309 1140 2337 τοῦ
1162 2309 1253 2336 Ἰωνᾶ·
1273 2309 1304 2335 Εἰ
1320 2308 1416 2343 ἤθελεν
1430 2309 1444 2335 ὁ
1460 2307 1538 2340 Θεὺς,
1556 2307 1655 2339 πάντες
1672 2307 1705 2334 ἂν
1718 2306 1880 2334 ἐπίστευσαν

251 2363 275 2388 οι
286 2345 314 2388 εν
330 2362 363 2396 τῇ
379 2362 426 2396 γῇ.
435 2361 492 2387 Καὶ
502 2361 534 2387 σὺ
544 2345 711 2394 ἀναγκάζεις
723 2359 784 2391 τοὺς
795 2345 955 2394 ἀνθρώπους
965 2358 1034 2385 ὥστε
1047 2357 1187 2385 πιστεύειν
1199 2365 1206 2390 ;
1219 2357 1274 2384 Καὶ
1299 2356 1384 2388 οὐδεὶς
1392 2355 1505 2383 δύναται
1517 2353 1586 2382 εἶναι
1604 2345 1743 2387 πιστὸς,εε
1760 2353 1799 2390 μὴ
1808 2351 1880 2380 τοῦτ’

252 2406 327 2442 αὐτῷ
342 2405 483 2441 χαρισθείη
502 2405 577 2441 παρὰ
588 2405 676 2439 Θεοῦ;
692 2406 775 2432 Τοῦτο
791 2405 818 2431 δὲ
834 2405 1001 2440 πλατῦτερον
1015 2403 1251 2438 ὲπεξελευσὸμεθα
1260 2404 1288 2430 ὲν
1298 2404 1354 2434 τοῖς
1375 2402 1518 2438 ἑπομένοις
1532 2401 1608 2437 ἐντῷ
1617 2402 1722 2437 δεκάτῳ
1730 2399 1880 2435 κεφαλαίῳ.

285 2454 487 2483 Irratio‘nabilis
502 2458 543 2482 est
563 2459 655 2481 autem
672 2454 715 2481 lex
735 2454 793 2481 haec
812 2459 839 2481 et
854 2459 966 2490 propter
982 2454 1039 2481 [me

251 2501 286 2528 de
300 2500 402 2535 quibus
419 2504 528 2527 tractat.
546 2499 623 2527 Facit
640 2500 713 2528 enim
729 2500 879 2534 capitulum
894 2499 1038 2534 proprium

250 2546 284 2574 de
297 2546 423 2577 formica,
438 2550 465 2573 et
483 2546 555 2573 aliud
580 2546 613 2573 de
631 2554 741 2578 aranea,
755 2552 784 2575 et
797 2545 870 2573 aliud
888 2546 922 2573 de
942 2546 1036 2579 fumo;

249 2594 331 2629 cujus
343 2599 435 2621 autem
450 2594 534 2629 gratia
551 2594 622 2622 Deus
640 2594 701 2621 talia
715 2594 854 2621 mandavit
873 2594 907 2621 de
925 2593 1038 2621 formica

248 2645 278 2667 et
292 2641 326 2668 de
340 2640 433 2667 fumo?
452 2640 518 2667 item
540 2640 615 2672 dicit,
638 2640 709 2674 quod
726 2648 866 2674 nunquam
892 2640 962 2666 Deus
979 2647 1039 2674 par—

249 2691 313 2712 cere
327 2689 422 2719 posset
448 2685 604 2712 ostendenti
622 2689 697 2720 terga
715 2685 845 2717 inimicis,
869 2690 897 2712 et
921 2685 1038 2719 reliqua.

249 2729 330 2763 Quod
347 2736 437 2758 autem
456 2737 610 2766 peccatum,
629 2731 724 2765 iugere
741 2731 880 2758 hominem
904 2730 931 2757 in
956 2731 1038 2763 bello,

249 2777 390 2804 videntem
409 2778 528 2811 Suipsum
546 2777 573 2803 in
592 2776 738 2810 periculo?
752 2776 805 2803 Sed
825 2775 910 2803 voluit
926 2776 967 2802 vel
984 2777 1041 2803 bei-

249 2822 351 2851 licosos
378 2824 460 2858 ipsos,
476 2825 517 2850 vel
535 2823 654 2850 audaces
670 2822 840 2851 Mahometus
857 2822 957 2850 facere.
972 2823 1039 2850 item

250 2869 292 2897 lex
306 2878 366 2905 qua:
378 2870 455 2905 jubet
470 2871 503 2897 de
521 2869 668 2900 lavatione,
686 2869 882 2897 irrationabilis
895 2874 936 2897 est
950 2870 1039 2897 omni-

248 2923 291 2945 «ιο.
308 2916 415 2945 Mandat
436 2918 508 2943 enim
533 2915 643 2950 quando
659 2922 738 2941 orare
755 2915 849 2948 velint,
869 2915 959 2943 lirarc
982 2923 1039 2942 ina-

1130 2453 1245 2487 Ἀλογος
1277 2451 1305 2478 δέ
1339 2452 1412 2478 ἐστιν
1444 2446 1521 2482 οὗτος
1545 2451 1559 2476 ὀ
1584 2449 1666 2485 νόμος
1693 2449 1741 2476 καὶ
1773 2448 1817 2476 διὰ
1843 2448 1881 2476 τὰ

1094 2499 1158 2533 περὶ
1185 2495 1223 2525 ὧν
1255 2497 1490 2533 πραγματεύεται.
1509 2495 1624 2531 Ποιῆσαι
1651 2494 1706 2530 γὰρ
1735 2495 1879 2530 κεφάλαιον

1094 2544 1178 2571 ιδικὺν
1208 2544 1274 2578 περὶ
1307 2543 1353 2569 τοῦ
1382 2542 1538 2577 μύρμηκος,
1569 2542 1617 2569 καὶ
1644 2540 1709 2568 ἄλλο
1735 2542 1802 2579 περὶ
1831 2539 1880 2580 τοῦ

1093 2591 1224 2626 ἀράχνου,
1245 2590 1292 2616 καὶ
1316 2588 1379 2615 ἄλλο
1399 2590 1464 2624 περὶ
1480 2588 1528 2616 τοῦ
1558 2587 1674 2620 καπνοῦ,
1691 2587 1762 2619 τινος
1778 2587 1807 2614 δὲ
1830 2585 1881 2623 χά-

1094 2646 1136 2672 ριν
1150 2638 1163 2663 ὁ
1177 2636 1243 2668 Θεὸς
1267 2634 1377 2662 τοιαῦτα
1404 2634 1647 2669 ἐνετείλατορπερὶ
1670 2634 1717 2662 τοῦ
1737 2633 1879 2671 μύρμηκος

1093 2684 1140 2710 καὶ
1153 2683 1199 2710 τοῦ
1219 2681 1323 2709 καπνοῦ
1336 2690 1344 2712 ;
1360 2681 1421 2709 Ἔτι
1438 2681 1531 2715 φησὶν,
1545 2680 1583 2713 ὡς
1597 2679 1719 2707 οὐδέποτ’
1736 2680 1770 2707 ἂν
1783 2677 1880 2712 ὅ-Θιὸς

1094 2729 1224 2765 συγγνοίη
1236 2724 1417 2765 Σαρῤακηνῗίη
1425 2727 1542 2760 δείξαντι
1553 2726 1625 2754 νῶτα
1635 2727 1691 2767 rats
1701 2726 1816 2763 ἐχθροῖς,
1829 2726 1878 2754 καὶ

1090 2778 1123 2804 τὰ
1136 2777 1228 2804 λοιπά.
1246 2776 1356 2802 Ποὶαιδὲ
1372 2775 1495 2810 ἀμαρτῖα
1515 2775 1612 2809 φυγεῖν
1629 2775 1675 2801 τὸν
1692 2773 1834 2810 ἄνθρωπον
1846 2773 1878 2801 ιν

1091 2823 1209 2858 πολέμῳ,
1223 2823 1330 2857 ὁρῶντα
1343 2821 1437 2855 ἑαυτὴν
1453 2822 1482 2847 ὲν
1500 2821 1616 2856 κινδύνῳ
1628 2829 1636 2853 ;
1655 2820 1726 2848 Ἀλλ’
1739 2818 1875 2856 ἠεουλήθη

1091 2870 1136 2896 καὶ
1150 2869 1314 2903 πολεμικοὺς
1335 2869 1433 2899 αὐτοὺς
1451 2868 1498 2895 καὶ
1521 2867 1674 2902 τολμηροὺς
1697 2868 1712 2894 ὁ
1727 2867 1875 2902 Μαχονμιτ

1091 2916 1213 2950 ποιῆσαι.
1243 2914 1302 2941 "Et:
1332 2915 1345 2941 ὁ
1370 2914 1450 2949 νόμος
1475 2906 1713 2943 ὂνδιακελεύεται
1740 2913 1803 2949 περὶ
1824 2910 1874 2947 τῆς

1799 3211 1826 3224 ,μ
1835 3213 1839 3219 ε
1847 3018 2020 3224 ᾔει-ω]
