4068 6484
384 456 517 527 1081

1566 454 1860 516 CONTRA
1904 450 2412 512 MAHOMETEM-

3513 430 3649 497 1082

382 574 749 639 ἀπολούσεως,
778 571 970 640 ἄλογός
998 572 1111 625 ἐστι
1140 571 1440 634 παντελῶς.
1467 570 1801 640 Ιῐροστάττει
1831 567 1960 636 γὰρ,

2085 600 2169 639 IUS
2197 593 2253 640 et
2283 584 2500 637 vultum
2532 589 2588 634 et
2615 578 2865 649 podicem
2898 584 2953 632 et
2984 573 3324 642 pudibunda,
3354 579 3409 625 et
3441 570 3650 640 palmas

381 671 470 723 ὅτε
503 663 910 737 προσεύξασθαι
934 662 1386 726 θέλοιεν,νίπτειν
1408 663 1505 726 τὰς
1528 663 1738 730 χεῖρας,
1771 661 1866 713 καὶ
1895 659 1956 711 τὸ

383 756 699 829 πρόσωπον,
739 753 836 807 καὶ
858 752 951 806 τὸν
985 752 1253 823 πρωκτὸν,
1289 752 1380 804 καὶ
1420 752 1488 803 τὰ
1528 750 1725 811 αἰδοῖα,
1763 748 1859 801 καὶ
1893 747 1960 800 τὰ

385 848 661 916 πέλματα,
693 845 787 898 καὶ
815 844 939 906 τοὺς
968 843 1259 914 βραχίονας
1296 843 1455 912 μέχρι
1488 841 1581 895 τοῦ
1619 843 1862 911 πήχεως.
1901 838 1964 896 Et

386 940 445 993 δὲ
476 937 550 1008 μὴ
577 935 788 1007 εὕροιεν
827 933 990 1002 ὕδωρ,
1015 931 1315 1002 βάπτεσθαι
1344 933 1443 994 τὰς
1474 934 1660 1001 χεῖρας
1686 932 1747 983 ἐν
1772 933 1839 1001 τῇ
1868 931 1964 984 κό-

391 1047 493 1096 νει,
526 1029 619 1082 καὶ
648 1025 795 1116 μετὰ
813 1024 987 1078 ταῦτα
1014 1023 1292 1094 τρίϐοντες
1322 1022 1420 1084 τὰς
1459 1024 1649 1092 χεῖρας
1679 1020 1967 1089 κεκονιμέ-

390 1139 485 1184 νας
506 1120 593 1173 διὰ
626 1111 719 1172 τοῦ
748 1118 1063 1188 προσώπου,
1092 1114 1324 1178 κονίζειν
1354 1114 1554 1175 ἱκανῶς
1584 1112 1645 1165 τὸ
1672 1111 1967 1180 πρόσωπον

389 1208 622 1265 ἑαυτῶν.
668 1208 829 1262 Ἀλλὰ
868 1209 916 1259 εί
956 1207 1015 1259 τὸ
1038 1204 1431 1259 ἀπονίπτεσθαι
1461 1202 1703 1271 εὔλογον,
1732 1201 1970 1268 εὐλογὼ-

386 1317 544 1373 τερον
565 1300 632 1355 ἂν
659 1295 726 1368 ῆν
747 1298 965 1352 πλύνειν
987 1300 1084 1357 τὴν
1113 1295 1343 1365 καρδίαν
1360 1295 1500 1348 κατὰ
1518 1295 1578 1347 τὸ
1601 1294 1854 1363 τέταρτον
1877 1290 1969 1344 τοῦ

399 1392 664 1463 Ἱερεμίου
684 1407 698 1421 ⁸
725 1410 744 1443 ‹
773 1389 977 1446 Πλῦνον
1004 1390 1103 1460 τὴν
1132 1387 1358 1455 καρδίαν
1391 1402 1486 1439 σου
1509 1383 1617 1438 ἀπὸ
1647 1382 1962 1452 πονηρίας.»

390 1483 462 1536 Τὸ
484 1483 539 1535 δὲ
570 1483 721 1536 κόνιν
743 1480 1051 1534 ἐπιτάττειν
1084 1477 1162 1547 τῷ
1184 1476 1461 1547 προσώπῳ
1485 1476 1633 1545 ποῖον
1651 1473 1873 1527 δύναται
1888 1473 1973 1524 λό-

390 1592 484 1642 γον
507 1574 650 1644 ἔχειν
670 1590 685 1638 ;
710 1573 927 1627 Μᾶλλον
956 1571 1054 1641 μὲν
1077 1565 1170 1624 οῦν
1193 1569 1316 1622 ὅσον
1334 1567 1395 1620 τὸ
1415 1567 1626 1619 νίπτειν
1642 1565 1976 1631 εῦλογον,το-

395 1665 584 1719 σοῦτον
629 1662 691 1716 τὸ
719 1662 1026 1727 κονίςεσθαι
1062 1659 1246 1715 καὶτὸ
1269 1656 1456 1728 αἶσχος
1487 1656 1688 1710 ἄτοπόν
1718 1656 1840 1707 ἐστι
1879 1657 1975 1708 καὶ

392 1757 607 1823 ἄλογον.
639 1754 885 1808 Μάλιστα
915 1753 970 1804 δὲ
1001 1752 1189 1819 ἄλογος
1207 1752 1234 1805 6
1268 1751 1431 1818 νόμος
1453 1742 1605 1827 οὗτος
1634 1747 1783 1800 δοκεῖ
1804 1742 1977 1814 ὁπερὶ

394 1846 488 1901 τοῦ
520 1844 874 1900 ἀποστασίου.
903 1844 1138 1897 Δύναται
1167 1844 1277 1913 γὰρ
1313 1842 1662 1912 Σαρρακηνέις
1694 1839 1977 1894 ἐκϐάλλειν

394 1935 493 2007 τὴν
519 1933 712 1988 ἐαυτοῦ
729 1935 985 2003 γυναῖκα,
1005 1935 1103 1986 καὶ
1128 1933 1290 2007 πάλιν
1312 1932 1452 2002 αὐτῇ
1484 1929 1970 1996 καταλλάττεσθαι,

395 2028 584 2090 ὁσάκις
615 2026 681 2080 ἂν
699 2025 875 2096 τούτῳ
901 2026 1131 2095 ἀρέσκῃ,
1160 2024 1195 2094 ἦ
1220 2024 1505 2093 ἀπαρέσκῃ
1533 2039 1546 2053 ·
1583 2020 1727 2074 οὕτω
1761 2020 1971 2090 μέντοι,

396 2120 478 2173 δτι
510 2119 649 2186 μετὰ
677 2118 775 2189 τὴν
805 2116 996 2187 τρίτην
1015 2115 1246 2187 ἐκϐολὴν
1279 2115 1352 2186 μὴ
1378 2114 1636 2169 δύνασθαι
1667 2114 1836 2185 αὐτὴν
1864 2116 1975 2167 εἰσ-

394 2209 667 2280 δέχεσθαι,
719 2207 859 2279 πλῆν
903 2208 951 2259 εί
999 2206 1072 2277 μή
1120 2222 1204 2267 τις
1245 2204 1430 2274 ἐτερος
1483 2201 1761 2272 σαρκικῶς
1805 2201 1972 2271 αὐτὴν

394 2299 572 2369 γνοίη,
601 2298 677 2366 μὴ
702 2296 866 2352 οὖσαν
887 2298 945 2352 ἐν
968 2297 1080 2358 τοῖς
1109 2296 1396 2364 ἐμμήνοις.
1422 2295 1481 2346 El
1505 2294 1559 2345 δὲ
1583 2294 1787 2361 ταύτην
1815 2291 1971 2362 γνοίη

398 2389 473 2461 μὴ
513 2389 714 2450 ἱκανῶς
757 2385 1098 2457 ἐντεταμένῳ
1155 2382 1361 2453 αίδοίῳ,
1407 2383 1618 2452 ἀνάγκη
1663 2380 1974 2451 περαιτέρω

397 2482 599 2551 γνῶναι
622 2480 846 2550 ταύτην,
885 2477 1083 2541 ἱκανῶς
1114 2476 1456 2546 ἐντεταμένῳ
1483 2474 1562 2544 τῷ
1590 2475 1769 2544 μέλει.
1809 2473 1973 2526 Ὅθεν

398 2574 525 2629 ὅταν
550 2572 847 2643 βούλωνται
869 2569 1335 2626 καταλλάττεσθαι
1360 2570 1479 2631 ταῖς
1504 2568 1714 2621 ἑαυτῶν
1738 2567 1976 2636 γυναιξὶ,

395 2665 613 2736 τίμημα
646 2664 849 2717 διδόασι
882 2660 1070 2733 τυφλῷ
1111 2679 1240 2727 τινι,
1276 2660 1308 2730 ἢ
1353 2661 1525 2730 ἐτέρῳ
1558 2660 1771 2713 εὐτελεῖ
1806 2676 1979 2731 προσ-

397 2753 552 2825 ώπῳ,
587 2755 934 2825 συνεσομένῳ
964 2753 1191 2824 τοιαύτη
1222 2753 1464 2821 γυναικὶ,
1500 2753 1595 2806 καλ⁸
1637 2752 1774 2823 μετὰ
1802 2753 1978 2807 ταῦτα

401 2847 808 2921 μαρτυρήσοντι
833 2845 1105 2918 δημοσίᾳ,
1120 2847 1216 2899 καὶ
1232 2844 1444 2917 ἐροῦντι
1470 2844 1754 2916 βούλεσθαι
1776 2843 1980 2916 ταύτην

396 2940 671 2994 ἐκϐαλεῖν.
695 2929 774 2993 Οὗ
796 2937 1112 3008 γενομένου,
1135 2939 1162 2991 6
1188 2937 1401 3008 πρῶτος
1426 2936 1650 2990 δύναται
1671 2953 1774 2989 κατ
1784 2934 1981 2988 αλλάτ-

396 3047 510 3085 τειν
545 3029 713 3099 αὐτὴν
752 3027 950 3099 ἐαυτῷ.
995 3026 1200 3083 Ἐνίοτε
1247 3027 1303 3080 δὲ
1344 3027 1599 3081 τοσοῦτον
1650 3027 1982 3096 ἀρέσκουσιν

398 3121 588 3185 αὐταῖς
623 3122 674 3174 οἱ
705 3120 973 3191 δεύτεροι,
1009 3118 1150 3173 ὥστε
1195 3119 1374 3189 λέγειν
1413 3119 1582 3183 αὐτὰς
1618 3120 1693 3189 μὴ
1721 3118 1981 3171 δύνασθαι

398 3214 622 3267 ἐκείνων
647 3212 976 3285 χωρίζεσθαι
998 3229 1010 3244 υ
1037 3213 1134 3266 καὶ
1160 3212 1282 3265 τότε
1308 3214 1335 3265 6
1365 3210 1582 3282 πρῶτος
1609 3209 1903 3264 ἀποϐαλὼν
1922 3210 1983 3263 τὺ

394 3304 620 3376 ’τίμημα
639 3264 744 3360 δῖα).⁵
769 3264 871 3377 τῆν
903 3264 1445 3374 γυναῖκα,ἐκπίπτέι
1472 3264 1580 3373 τῆς
1600 3303 1797 3356 ἐαυτοῦ
1829 3302 1983 3356 ἐλπί-
2011 3264 2054 3321 c

401 3396 508 3462 δης.
548 3392 651 3453 Ὧν
690 3398 856 3469 νόμος
890 3398 953 3453 οὐ
986 3396 1243 3454 τοσοῦτον
1272 3395 1605 3466 ἀνθρώποις,
1647 3395 1770 3449 ὅσον
1825 3394 1984 3461 ζώοις

398 3493 556 3559 λόγου
601 3482 989 3561 ἐστερημένοις
1022 3490 1337 3561 προσήκων,
1372 3488 1487 3544 ἀλλ’
1521 3489 1583 3543 οὐ
1615 3489 1693 3555 τῷ
1731 3491 1873 3563 Θεῷ,
1904 3491 1984 3564 τῷ

398 3585 581 3638 πάντα
614 3584 711 3637 σὺν
735 3584 879 3653 λόγῳ
899 3581 1213 3637 διοικοῦντι.

483 3675 736 3732 Μάλιστα
780 3676 839 3728 δὲ
890 3676 1089 3744 ἄλογος
1120 3668 1275 3737 οὗτος
1305 3676 1333 3729 6
1358 3663 1539 3747 νόμος
1570 3677 1687 3731 ἐστὶ
1721 3678 1863 3731 κατὰ
1905 3678 1968 3731 τὸ

402 3767 551 3827 τέλος
594 3767 846 3830 καὶτοὺς
894 3767 1122 3837 μισθοὺς
1165 3765 1265 3830 οὓς
1297 3767 1673 3839 ὑπισχνεῖται.
1712 3771 1850 3840 Φησὶ
1876 3770 1986 3841 γὰρ

403 3860 468 3914 δι’
499 3859 622 3913 ὅλου
675 3857 769 3912 τοῦ
837 3858 1210 3937 Ἀλκοράνου,
1255 3858 1337 3913 ὅτι
1392 3862 1426 3931 ἡ
1454 3861 1825 3933 ’μακαριότης
1877 3862 1985 3915 τῶν

410 3950 786 4024 Σαρρακηνῶν
818 3951 934 4004 ἐστι
981 3954 1359 4023 καταρρύτους
1390 3949 1755 4023 παραδείσους
1787 3954 1989 4024 κεκτῆ-

411 4043 559 4111 σθαι,
585 4042 848 4112 γυναῖκάς
870 4060 928 4095 τε
954 4045 1048 4096 καὶ
1072 4042 1355 4106 παλλακὰς
1377 4043 1578 4108 πολλὰς
1599 4044 1745 4109 νέας,
1764 4045 1988 4115 αἰσχυν-

408 4136 577 4206 τηλὰς
611 4137 706 4188 καὶ
746 4135 939 4199 καλὰς,
980 4137 1282 4204 πορφυροῖς
1328 4135 1570 4204 ἱματίοις
1601 4135 1985 4205 ἐνδεδυμένας,

410 4230 650 4297 σκύφους
680 4227 738 4281 δὲ
776 4224 1013 4298 χρυσοῦς
1061 4226 1157 4277 καὶ
1200 4224 1477 4296 ἀργυροῦς
1509 4226 1598 4279 διὰ
1637 4225 1745 4279 τῶν
1780 4242 1987 4295 τραπε-

410 4320 518 4386 ζῶν
573 4318 979 4389 διατρέχοντας,
1026 4316 1169 4392 σετία
1222 4317 1434 4385 ἥδιστα.
1494 4316 1682 4370 Ταῦτα
1733 4317 1973 4384 μάλιστα

410 4411 699 4480 καταλέγει
749 4413 808 4465 ἐν
846 4410 924 4481 τῷ
962 4408 1243 4480 κεφαλαίῳ
1269 4408 1347 4479 τῷ
1377 4409 1717 4480 Ἐλραγμὰν,
1748 4408 1776 4462 ὃ
1818 4410 1991 4480 ἐρμη-

413 4507 629 4559 νεύεται
663 4504 960 4574 ἐλεήμων.
1004 4502 1094 4556 Ἐν
1125 4502 1183 4555 δὲ
1210 4489 1292 4570 ’τῷ
1324 4501 1515 4573 βιϐλίῳ
1550 4502 1649 4572 τῆς
1683 4501 1984 4556 Διδασκα-

2065 675 2242 744 pedis,
2275 685 2330 728 et
2353 671 2582 726 brachia
2614 684 2791 739 usque
2821 666 2891 721 ad
2925 666 3198 722 cubitum.
3235 664 3291 717 Si
3323 670 3506 716 autem
3538 675 3650 712 non

2068 767 2355 822 inveniam
2415 778 2636 832 aquam,
2682 754 2879 829 intingi
2928 770 3125 812 manus
3174 754 3231 808 in
3284 752 3512 822 pulvere
3546 767 3562 804 ε
3596 759 3653 804 et

2067 867 2192 928 post
2225 858 2341 912 haec
2366 864 2612 910 terentes
2641 865 2839 906 manus
2866 850 3089 919 pulvere
3120 846 3285 900 illitas
3309 858 3409 913 per
3432 840 3649 902 faciem,

2068 950 2296 1018 pulvere
2329 947 2531 1000 illinire
2555 943 2890 1000 sullicienter
2915 954 3105 994 eorum
3138 937 3388 1005 ipsorum
3412 934 3649 986 vultum.

2070 1037 2175 1092 Sed
2204 1038 2306 1091 etsi
2342 1037 2524 1089 lavare
2584 1032 2909 1088 rationabile
2951 1071 2967 1096 ,
3006 1027 3391 1084 rationabilius
3416 1026 3526 1094 jam
3564 1037 3653 1076 es-

2072 1137 2155 1183 set
2205 1128 2388 1181 lavare
2445 1142 2562 1191 cur,
2619 1124 2924 1180 secundum
2978 1120 3277 1176 Jeremiam
3328 1116 3651 1183 dicentem:

2079 1239 2098 1273 ι
2136 1220 2279 1274 Lava
2310 1235 2406 1274 cor
2455 1229 2609 1272 tuum
2638 1233 2668 1271 a
2702 1215 2952 1285 nequitia
2984 1214 3050 1266 η.
3090 1232 3108 1263 ›
3140 1210 3431 1266 Pulverem
3466 1216 3651 1259 autem

2074 1325 2352 1379 apponere
2396 1307 2599 1372 vultui,
2636 1320 2800 1376 quam
2854 1313 3035 1373 potest
3083 1301 3287 1355 habere
3345 1297 3613 1351 rationem
3632 1292 3654 1344 ’ἓ

2079 1400 2251 1471 Magis
2291 1400 2515 1470 quidem
2566 1398 2734 1468 igitur
2763 1404 3029 1466 quantum
3066 1393 3250 1447 lavare
3297 1397 3382 1444 est
3417 1386 3654 1441 rationa-

2076 1494 2208 1557 bile,
2247 1480 2459 1546 tantum
2505 1491 2733 1561 pulvere
2769 1487 2959 1541 illiniri
3015 1483 3415 1541 inconveniens
3463 1490 3547 1533 est
3601 1487 3659 1532 et

2084 1584 2491 1639 irrationabile.
2521 1581 2756 1637 Maxime
2788 1589 2969 1635 autem
3008 1573 3400 1633 irrationabilis
3428 1571 3541 1626 haec
3569 1569 3660 1623 lex

2085 1675 2325 1741 videtur,
2368 1691 2492 1745 quae
2521 1682 2606 1730 est
2638 1673 2708 1744 de
2742 1671 2999 1741 repudio.
3036 1649 3219 1723 Potest
3247 1665 3395 1720 enim
3426 1662 3657 1717 Sarace—

2085 1781 2193 1821 nus
2227 1766 2427 1837 ejicere
2456 1765 2543 1823 sui
2586 1764 2763 1836 ipsius
2793 1776 3043 1825 uxorem,
3071 1758 3357 1814 et'rursus
3392 1755 3444 1810 ei
3474 1752 3661 1809 conci-

2089 1860 2211 1916 liari
2241 1860 2403 1915 toties
2425 1856 2645 1929 quoties
2675 1855 2804 1910 huic
2844 1851 3123 1924 placuerit
3147 1851 3236 1905 vel
3266 1846 3615 1917 displicuerit
3641 1860 3659 1905 ;

2083 1955 2164 2010 sic
2196 1962 2384 2017 tamen
2417 1960 2476 2006 ut
2510 1957 2635 2020 post
2671 1946 2889 2003 tertiam
2924 1941 3368 2016 repudiationem
3394 1955 3504 1993 non
3531 1951 3661 2007 pos-

2090 2046 2162 2102 sit
2187 2061 2306 2100 eam
2335 2044 2623 2113 suscipere
2657 2058 2673 2094 :
2723 2039 2829 2094 nisi
2872 2038 2997 2108 quis
3044 2035 3184 2090 alter
3212 2048 3333 2088 eam
3365 2030 3664 2086 carnaliter

2083 2138 2427 2208 cognoverit,
2448 2150 2557 2189 non
2583 2133 2938 2189 exsistentem
2965 2129 3021 2184 in
3049 2125 3374 2183 menstruis.
3396 2123 3455 2180 Si
3477 2134 3662 2178 autem

2083 2229 2227 2284 bane
2269 2226 2586 2297 cognoverit
2617 2238 2727 2278 non
2756 2222 3092 2278 sullicienter
3123 2226 3354 2274 extenso
3382 2214 3664 2280 testiculo,

2083 2334 2311 2376 necesse
2351 2316 2582 2373 ulterius
2626 2317 2771 2370 hanc
2814 2326 3150 2384 cognoscere
3184 2308 3525 2366 sufﬁcienter
3572 2320 3667 2360 ex-

2086 2421 2242 2466 tenso
2270 2409 2537 2464 membro.
2566 2407 2723 2462 Unde
2746 2406 2968 2477 quando
2994 2404 3190 2459 volunt
3219 2399 3505 2457 conciliari
3528 2413 3664 2453 .cum

2084 2503 2167 2559 sui
2198 2503 2439 2572 ipsorum
2466 2500 2752 2565 uxoribus,
2789 2498 2922 2553 dant
2961 2495 3200 2566 pretium
3248 2505 3395 2548 caeco
3426 2489 3667 2556 cuidam,

2086 2595 2175 2650 vel
2198 2592 2359 2648 alteri
2390 2591 2485 2646 vili
2517 2604 2789 2661 personae,
2820 2602 2945 2658 quae
2986 2601 3112 2641 cum
3142 2584 3238 2638 tali
3283 2596 3460 2637 uxore
3501 2578 3668 2635 simul

2088 2683 2274 2739 futura
2306 2690 2415 2738 est.
2462 2682 2532 2737 Et
2573 2689 2700 2752 post
2738 2680 2857 2734 haec
2891 2676 3188 2733 testabitur
3221 2673 3464 2745 publice,
3497 2679 3553 2727 et
3585 2671 3670 2725 di-

1991 2826 2000 2833 .
2089 2781 2178 2841 cet
2211 2773 2353 2828 velle
2389 2772 2533 2826 hanc
2567 2768 2882 2839 repudiare.
2931 2765 3052 2832 Quo
3100 2765 3269 2830 facto,
3314 2764 3531 2834 primus
3571 2776 3668 2831 po-

2088 2874 2196 2920 test
2222 2879 2342 2919 eam
2376 2863 2482 2916 sibi
2508 2859 2825 2916 conciliare.
2872 2855 3187 2926 Aliquando
3237 2862 3422 2908 autem
3455 2860 3669 2906 tantum

2091 2956 2315 3026 placent
2338 2953 2421 3008 eis
2454 2950 2709 3013 secundi,
2745 2956 2805 3003 ut
2834 2946 3021 3002 dicant
3051 2961 3161 3001 non
3188 2959 3351 3015 posse
3380 2958 3475 2999 eas
3505 2942 3575 2997 ab
3608 2943 3675 2996 il-

2088 3046 2156 3101 lis
2181 3042 2448 3114 separari.
2481 3042 2550 3096 Et
2581 3050 2714 3095 tune
2754 3038 2971 3109 primus
3019 3036 3284 3092 amittens
3329 3033 3569 3104 pretium
3616 3040 3674 3085 et

2089 3148 2337 3200 uxorem,
2372 3130 2576 3186 decidit
2612 3146 2646 3184 a
2677 3129 2762 3185 sui
2793 3127 2967 3198 ipsius
3010 3125 3413 3197 spe.rQuorum
3441 3123 3531 3177 lex
3563 3136 3672 3175 non

2092 3236 2305 3282 tantum
2357 3224 2700 3289 hominibus,
2744 3227 3014 3292 quantum
3066 3217 3404 3273 animalibus
3453 3215 3670 3270 ratione

2088 3320 2326 3390 privatis
2354 3317 2691 3374 conveniens
2729 3325 2836 3371 est.
2880 3314 2989 3369 Sed
3027 3327 3211 3382 neque
3244 3310 3381 3375 Deo,
3421 3309 3518 3379 qui
3553 3322 3671 3363 om-
3714 3352 3717 3355 λ

2084 3413 2176 3467 nia
2206 3411 2461 3469 similiter
2490 3425 2616 3465 cum
2648 3409 2863 3464 ratione
2892 3405 3188 3478 gubernat,
3223 3403 3508 3461 convenit.

2154 3685 2390 3742 Maxime
2419 3695 2601 3739 autem
2628 3683 2747 3738 haec
2777 3683 2871 3736 lex
2905 3679 3303 3735 irrationabilis
3351 3684 3435 3732 est
3475 3689 3671 3730 secun-

2087 3776 2217 3834 dum
2260 3778 2422 3832 ﬁnem
2465 3785 2519 3832 et
2585 3774 2813 3845 praemia
2844 3789 2967 3843 quae
3009 3773 3304 3843 promittit.
3350 3770 3495 3825 Dicit
3524 3769 3673 3825 enim

2089 3887 2188 3943 per
2243 3880 2419 3927 totum
2481 3869 2859 3924 Alcoranum:
2918 3867 3214 3946 Beatitudo
3271 3865 3674 3919 Saracenorum

2089 3973 2198 4031 est,
2232 3963 2472 4033 irriguos
2504 3962 2696 4015 hortos
2735 3958 3040 4030 possidere,
3071 3957 3334 4012 mulieres
3366 3962 3421 4010 et
3451 3953 3677 4024 pellices

2086 4059 2343 4130 juvenes,
2377 4053 2724 4110 verecundas
2762 4061 2818 4108 et
2858 4051 3141 4121 pulchras,
3171 4046 3476 4119 purpureis
3506 4044 3676 4100 vesti-

2091 4151 2196 4205 bus
2234 4148 2484 4212 indutas,
2512 4144 2748 4215 scyphos
2804 4151 2989 4196 autem
3039 4154 3239 4196 aureos
3269 4146 3327 4194 et
3377 4143 3675 4207 argenteos

2089 4257 2190 4312 per
2241 4255 2462 4295 mensas
2516 4236 2915 4298 discurrentes,
2970 4239 3027 4288 et
3085 4231 3292 4286 cibaria
3346 4227 3674 4285 suavissima

2089 4331 2314 4387 habere.
2344 4330 2472 4385 llaec
2510 4328 2743 4382 maxime
2802 4331 3067 4381 numerat
3102 4322 3160 4378 in
3199 4320 3441 4392 capitulo
3484 4320 3680 4389 Elrag-

2089 4440 2237 4489 man,
2285 4421 2431 4492 quod
2483 4421 2874 4490 interpretatur
2932 4417 3230 4471 miaerator.
3270 4414 3329 4468 ιη
3382 4413 3524 4466 libro
3583 4424 3681 4464 au-

2095 4525 2205 4569 tem
2241 4512 2319 4566 De
2352 4512 2597 4565 doctrina
2638 4504 2944 4574 Mahometi,
2975 4506 3071 4576 qui
3110 4504 3253 4560 liber
3293 4502 3436 4574 apud
3472 4516 3571 4557 eos
3599 4508 3683 4555 est

413 4601 551 4665 λίας
579 4598 687 4651 τοῦ
718 4596 1064 4665 Μαχοιῆμετ,
1097 4587 1160 4648 οὗ
1206 4595 1255 4647 οἱ
1286 4593 1437 4662 λόγοι
1486 4594 1700 4663 μεγάλα
1731 4593 1982 4647 δύνανται

2096 4619 2309 4675 magnae
2344 4602 2718 4664 auctoritatis,
2756 4598 2987 4670 exponit
3033 4596 3289 4652 ordinem
3323 4593 3679 4650 cibariorum.

414 4694 546 4763 παρ’
573 4691 793 4753 αὐτοτςῗ,
824 4687 1072 4757 ἐκτίθησι
1127 4685 1226 4756 τὴν
1276 4685 1429 4749 τάξιν
1462 4684 1571 4738 τῶν
1628 4686 1836 4751 σιτίων.
1872 4687 1985 4740 Καί

318 4805 323 4809 ‘
388 4801 551 4855 ,φησι
586 4781 806 4853 πρῶτον
839 4780 939 4849 μὲν
993 4776 1134 4832 εἶναι
1164 4777 1296 4846 ὄψον
1346 4777 1454 4830 τῶν
1496 4778 1990 4847 προτεθησομένων

416 4876 531 4928 ἐκεί
554 4874 621 4928 τὸ
650 4868 813 4943 ἧπαρ
842 4871 950 4926 τοῦ
974 4867 1334 4940 ἀλμπεποὺτ
1365 4866 1571 4938 ἰχθύος,
1610 4869 1781 4922 σιτίον
1805 4868 1991 4938 ἄκρως

418 4967 512 5037 ἡδύ
538 4983 552 4998 ο
607 4967 701 5020 καὶ
737 4963 878 5036 μετὰ
906 4962 1081 5016 ταῦτα
1132 4964 1197 5015 ἐκ
1225 4961 1474 5031 διαδοχῆς
1504 4961 1736 5031 δένδρων
1766 4961 1987 5032 καρποί.

419 5059 528 5113 Καὶ
562 5053 927 5127 παρακατιὼν
961 5055 1017 5107 ἐν
1044 5054 1122 5123 τῷ
1152 5051 1302 5122 αὐτῷ
1330 5052 1632 5122 κεφαλαίῳ,
1666 5053 1996 5124 ἐρωτώντων

421 5151 583 5204 αὑτὸν
641 5149 691 5203 εί
734 5149 829 5203 καὶ
887 5144 1266 5214 λαγνεύουσιν,
1297 5143 1655 5213 ἀπεκρίνατο,
1688 5145 1803 5197 Οὐκ
1832 5143 1897 5196 ἂν
1930 5139 1999 5216 ἦν

424 5241 790 5313 μακαριότης,
842 5239 897 5292 εί
936 5255 1019 5299 τις
1062 5239 1182 5289 ἐκεῖ
1234 5239 1308 5307 μὴ
1349 5237 1532 5306 παρῆν
1560 5238 1745 5307 ἡδονή.
1783 5237 2001 5291 Μᾶλλον

429 5333 526 5401 μὲν
582 5327 675 5384 οὖν
739 5329 929 5399 ’μάτην
985 5329 1083 5398 μὲν
1136 5327 1202 5379 ἂν
1253 5323 1398 5397 ἦσαν
1429 5326 1628 5393 πάντα,
1665 5328 1740 5397 μὴ
1769 5331 1863 5381 καὶ
1902 5328 2001 5395 τῆς

425 5422 568 5476 κατὰ
606 5423 703 5493 τὴν
748 5420 1006 5489 ,λαγνείαν
1058 5418 1255 5488 ἡδονῆς
1309 5419 1601 5489 ἑπομένης.
1637 5420 1727 5472 Ἐν
1757 5419 1933 5488 τούτῳ
1953 5417 2001 5473 δ’

428 5515 575 5567 ἔστιν
608 5517 635 5568 6
686 5515 794 5577 πᾶς
836 5514 929 5566 τοῦ
976 5511 1305 5581 Ἀλκοράνου
1342 5511 1566 5575 σκοπὸς,
1594 5511 1714 5578 καὶ,
1742 5509 1870 5580 ὅλης
1899 5509 1999 5579 τῆς

426 5610 534 5661 τῶν
572 5607 942 5678 Σαρῤακηνῶν
1004 5606 1291 5676 αἱρέσεως,
1339 5602 1417 5673 τῷ
1473 5602 1571 5673 τὴν
1624 5602 2007 5672 μακαριότητα

434 5699 666 5771 μάλιστα
702 5703 769 5773 ἐν
807 5699 1037 5770 λαγνείᾳ
1090 5699 1186 5753 καὶ
1243 5698 1443 5767 γαστρὶ
1489 5696 1834 5751 συνεστάναι.
1894 5696 2004 5750 Καὶ

506 5875 547 5913 ⁸⁸
579 5877 777 5936 Jercm.
810 5893 880 5944 tv,
920 5874 1005 5931 14.

2095 4699 2165 4753 Ει
2188 4696 2322 4750 dicit
2356 4695 2596 4765 primum
2637 4691 2859 4762 quidem
2886 4704 3008 4745 esse
3034 4688 3302 4743 ferculum
3339 4700 3534 4741 eorum
3559 4699 3683 4753 quae

2097 4790 2209 4845 illic
2255 4798 2382 4843 sunt
2428 4784 2773 4857 apponenda,
2817 4799 2946 4853 epar
2977 4780 3272 4852 alimpeput
3305 4778 3494 4848 piscis,
3533 4776 3681 4830 ciba-

2096 4884 2309 4937 riorum
2354 4879 2512 4933 valde
2552 4891 2740 4955 suave,
2792 4884 2848 4931 et
2897 4881 3022 4944 post
3053 4871 3171 4927 haec
3217 4887 3285 4926 ex
3324 4869 3681 4927 successione

2103 4975 2361 5030 arborum
2395 4970 2634 5025 fructus.
2660 4969 2729 5022 Et
2764 4965 3112 5023 descendens
3140 4963 3197 5018 in
3229 4961 3425 5028 eodem
3459 4963 3679 5032 capitu-

2103 5064 2180 5125 lo,
2231 5057 2704 5129 interrogantibus
2755 5071 2881 5113 eum
2937 5053 3293 5125 quibusdam,
3322 5053 3367 5108 si
3419 5060 3475 5107 et
3514 5052 3683 5106 luxu-

2105 5156 2341 5212 rientur.
2380 5149 2705 5220 respondit:
2737 5147 2858 5203 Non
2892 5155 3043 5202 esset
3094 5144 3491 5213 beatitudohsi
3528 5158 3682 5212 quae-

2106 5246 2229 5300 dam
2287 5244 2401 5298 illic
2449 5258 2559 5297 non
2613 5240 2834 5295 adesset
2885 5239 3162 5309 voluptas.
3199 5235 3390 5291 Potius
3457 5234 3682 5305 quidem

2108 5335 2278 5403 igitur
2317 5332 2523 5386 frustra
2570 5339 2756 5385 essent
2795 5328 3000 5391 omnia,
3041 5342 3166 5381 cum
3198 5341 3309 5379 non
3361 5332 3687 5393 sequeretur

2099 5425 2353 5494 voluptas
2402 5421 2711 5478 secundum
2758 5418 3058 5474 luxuriam.
3102 5418 3160 5472 ln
3200 5417 3307 5471 hoc
3370 5422 3553 5468 autem
3599 5419 3686 5466 est

2098 5512 2278 5569 onmis
2334 5512 2588 5566 Alcorani
2645 5509 2875 5564 intentio
2934 5518 2991 5564 et
3053 5507 3221 5562 totius
3277 5504 3679 5560 Saracenorum

2099 5614 2283 5671 sectre,
2337 5602 2737 5657 beatitudinem
2770 5599 3005 5667 maxime
3050 5598 3105 5650 in
3140 5593 3356 5649 luxuria
3390 5600 3445 5646 et
3489 5599 3684 5645 ventre

2096 5695 2464 5751 constituere.
2504 5690 2571 5746 Et
2616 5690 2729 5746 hanc
2758 5706 2869 5745 non
2900 5686 3207 5747 secundum
3257 5681 3678 5742 similitudinem
