4068 6490
411 380 550 448 1083

1700 367 2082 430 DEMETRII
2121 363 2433 426 CYDONII

3530 354 3666 423 1084

408 491 701 564 quamdam
771 489 855 552 vel
903 489 1216 558 exemplum
1270 489 1446 554 dicit,
1515 488 1660 542 sicut
1717 494 1774 540 et
1833 499 1988 540 sacra

2107 480 2272 535 ταῦτα
2315 481 2376 534 οὐ
2433 449 2584 534 κατά.
2626 498 2752 536 τινα
2779 479 3077 551 ὁμοιότητα
3123 477 3538 555 ἢπαράδειγμα
3563 481 3668 549 φάμ

412 583 698 650 Scriptura
737 579 992 634 meminit
1025 580 1365 633 cibariorum
1411 587 1466 632 et
1499 591 1701 631 mensae
1741 576 1796 630 in
1829 576 1988 629 beata

410 677 545 743 vita.
579 675 653 728 De
683 686 808 726 vera
846 679 1030 724 autem
1064 669 1432 731 beatitudine,
1474 668 1616 722 sicut
1641 666 1708 720 de
1733 665 1989 735 specula-

414 769 566 822 tione
607 765 722 830 Dei,
768 764 851 817 vel
900 763 967 816 de
1003 761 1340 830 perfectione
1377 757 1681 814 secundum
1728 755 1990 818 animam,

412 860 618 916 nullam
653 857 881 912 otnnino
915 855 1252 910 mentionem
1300 853 1428 907 facit
1468 851 1832 914 Mabometus,
1866 863 1994 920 pro-

412 957 600 1016 pterea
651 945 799 1016 quod
849 958 1029 1012 neque
1077 943 1220 996 hanc
1263 939 1628 1010 concupiscit,
1663 955 1840 1008 neque
1893 953 1993 1007 ap-

417 1038 732 1110 prehendit.
769 1038 894 1092 Sola
925 1037 1074 1090 enim
1113 1051 1234 1105 quae
1267 1034 1630 1103 concupiscit,
1664 1032 1780 1086 lucc
1806 1032 1917 1102 jam
1939 1039 1995 1084 et

417 1131 716 1203 promittit.
762 1129 818 1183 In
875 1130 981 1184 hoc
1032 1130 1181 1184 enim
1238 1136 1426 1196 aperte
1456 1126 1696 1179 ostendit
1751 1126 1993 1193 scipsum

418 1221 760 1276 contrarium
795 1217 1038 1282 Christo,
1092 1226 1149 1272 et
1182 1216 1445 1269 oinnibus
1478 1213 1764 1284 prophetis
1789 1223 1842 1268 et
1875 1211 1997 1281 pbi-

420 1312 688 1380 losopbis,
720 1319 778 1365 et
807 1309 1070 1364 omnibus
1093 1309 1187 1379 qui
1218 1310 1432 1364 ratione
1471 1314 1722 1368 utuntur,
1759 1304 1852 1373 qui
1883 1319 1998 1358 om-

423 1413 519 1452 nes
575 1397 948 1452 communiter
997 1399 1369 1460 conveniunt,
1442 1395 1690 1450 ultimam
1758 1393 2001 1447 hominis

425 1485 822 1540 beatitudinem
890 1501 1011 1540 esse
1072 1487 1130 1541 in
1201 1487 1297 1542 Dei
1349 1484 1683 1556 cognitione.
1736 1481 1891 1540 Sicut
1944 1485 2000 1538 in

424 1578 719 1647 Evangelio
777 1578 1079 1634 secundum
1136 1579 1503 1635 Jeannemu
1566 1577 1696 1632 Haec
1756 1586 1840 1632 est
1893 1575 1999 1630 vita

420 1674 646 1726 eterna,
677 1671 735 1716 ul
768 1673 1100 1734 cognoscant
1135 1675 1187 1716 te
1229 1665 1404 1716 solum
1449 1681 1636 1716 verum
1677 1662 1848 1721 Deum
1877 1663 1940 1716 ι’.
1984 1682 2004 1715 ι

420 1757 489 1814 Et
515 1755 846 1812 Aristotcles
894 1755 1046 1815 dicit.
1098 1755 1254 1823 quod~
1300 1755 1408 1809 vita
1456 1755 1758 1810 secundum
1804 1755 2012 1812 intelle-

2095 590 2236 638 σκει,
2284 573 2476 644 ὥσπερ
2535 573 2632 628 καὶ
2691 576 2725 644 ή
2765 574 2887 644 ίερά
2921 573 3195 644 μέμνηται
3234 573 3428 646 Γραφὴ
3476 575 3664 630 σιτίων

2093 665 2191 716 καὶ
2223 665 2502 735 τραπέζης
2556 666 2632 718 ὲν·
2662 667 2730 735 τῇ
2787 664 3038 736 μακαρίᾳ
3083 663 3221 735 ζωῇ.
3261 667 3394 736 Περὶ
3420 665 3524 737 γὰρ
3562 670 3665 744 τῆς

2093 753 2312 822 ἀληθῶς
2355 747 2790 825 μακαριότητος,
2832 750 2945 809 οἷον
2994 756 3095 823 τῆς
3119 754 3214 808 τοῦ
3243 755 3379 809 θεοῦ
3412 753 3668 834 θεωρίας,

2092 845 2126 916 ἦ
2164 846 2262 912 τῆς
2288 846 2430 900 κατά
2448 847 2625 918 ψυχὴν
2652 846 3012 918 τελειότητος,
3037 847 3295 916 οὐδεμίαν
3315 851 3668 917 παντάπασιν

2095 942 2335 994 ποιεῖται
2389 941 2612 1011 μνήμην
2653 939 2682 992 δ
2725 938 3043 1010 Μαχούμετ,
3087 939 3174 994 διά
3227 939 3287 992 τὸ
3317 941 3452 1011 μήτε
3482 941 3670 1006 ἐπιθυ-

2101 1034 2275 1102 μῆσαι
2317 1035 2554 1100 ταύτης,
2617 1033 2743 1104 μήτ’
2797 1033 3176 1088 ὲπιλαδέσθαι.
3234 1034 3386 1088 Μόνα
3437 1034 3546 1107 γὰρ
3591 1027 3670 1088 ὧν

2099 1125 2393 1195 ἐπεθύμει,
2422 1126 2599 1180 ταῦτα
2649 1125 2714 1194 δὴ
2764 1126 2859 1179 καὶ
2901 1125 3192 1196 ὑπέσχετο.
3234 1125 3324 1180 Ἐν
3351 1126 3530 1196 τούτῳ
3559 1128 3670 1197 γάρ

2099 1217 2643 1288 ἀνακεκαλυμμένως
2689 1217 2963 1270 δείκνυσιν
2997 1217 3192 1286 ἑαμτδν
3212 1217 3454 1282 ἐναντίον
3500 1219 3576 1289 τῷ
3609 1235 3670 1271 τε

2098 1311 2320 1381 Χριστῷ
2361 1310 2457 1362 καὶ
2507 1310 2641 1372 πᾶσι
2690 1310 3000 1381 προφήταις
3054 1313 3150 1375 καὶ
3190 1311 3518 1379 φιλοσόφοις,
3575 1313 3673 1365 καὶ

2101 1401 2236 1460 πᾶσι
2296 1401 2409 1462 τοῖς
2455 1399 2600 1469 λόγῳ
2635 1399 2971 1469 χρωμένοις·
3002 1399 3053 1454 οἱ
3093 1404 3243 1472 κοινῇ
3279 1403 3479 1466 πάντες
3535 1418 3674 1471 συμ-

2102 1491 2342 1561 φωνοῦσι
2395 1493 2494 1563 τὴν
2540 1475 2784 1568 ἐσχάτην
2843 1487 2981 1548 εἶναι
3017 1493 3112 1558 τοῦ
3169 1493 3454 1565 ἀνθρώπου
3501 1493 3674 1558 εὐδαι-

2105 1583 2295 1654 μονίαν
2350 1584 2409 1636 ἐν
2470 1586 2534 1653 τῇ
2583 1584 2677 1646 τοῦ
2735 1583 2872 1642 Θεοῦ
2907 1584 3145 1655 γνώσειο
3195 1585 3271 1654 ὡς
3318 1587 3376 1640 ἐν
3412 1585 3488 1656 τῷ
3529 1587 3672 1638 κατά

2115 1677 2392 1748 Ἰωάννην·
2425 1695 2443 1727 ι
2487 1677 2633 1748 Αὕτη
2669 1679 2815 1733 ἐστὶν
2872 1681 2904 1754 ἡ
2948 1681 3166 1753 αἰώνιος
3200 1679 3336 1751 ζωὴ,
3391 1664 3476 1741 ne
3514 1680 3674 1747 γινώ-

2107 1769 2279 1822 σκωσί
2322 1786 2377 1830 σε
2411 1769 2501 1822 τὸν
2560 1770 2719 1839 μόνον
2755 1768 3012 1842 ,ἀληθινὸν
3041 1771 3192 1842 Θεόν,
3221 1789 3240 1824 ι
3277 1754 3388 1832 Καὶ
3433 1771 3676 1841 Ἀριστο-

420 1862 569 1908 ctum
601 1851 807 1920 Optima
847 1857 950 1904 est.
985 1848 1155 1920 igitur
1194 1849 1338 1903 circa
1396 1858 1641 1902 ventrem
1683 1857 1737 1902 et
1777 1861 2007 1904 venerea

2107 1861 2265 1929 τέλης
2307 1861 2361 1915 δέ
2414 1879 2579 1932 φησιν
2630 1864 2688 1920 ὲν
2724 1863 2800 1945 τῷ
2847 1847 3101 1940 ⁴τετάρτῳ
3133 1863 3241 1925 τῶν
3286 1863 3540 1930 Ἠθικῶν,
3580 1864 3674 1926 καὶ

423 1944 660 2007 pessima
693 1952 809 2010 est;
853 1941 1060 1996 etenim
1110 1941 1170 1996 lit
1203 1941 1599 2012 impedimento
1643 1941 1877 1998 bonitati
1927 1941 2014 1997 in-

426 2029 704 2086 tellectus.
749 2031 856 2087 Sed
886 2047 1148 2102 quoniam
1195 2032 1482 2102 Saraceni,
1519 2049 1700 2103 neque
1735 2035 1883 2090 dicta
1921 2035 2003 2088 di-

422 2120 564 2175 vinae
590 2121 902 2192 Scriptum
943 2122 1281 2193 suscipiunt,
1313 2140 1494 2195 neque
1523 2126 2000 2196 philosophorum,

424 2219 650 2280 propter
687 2213 1015 2267 rationesin
1065 2215 1243 2282 primo
1281 2215 1527 2285 capitulo
1570 2215 1879 2286 praedictas.
1911 2227 2024 2269 τεο·

422 2303 705 2358 dcundum
735 2304 851 2375 jam
885 2303 1068 2360 estad
1094 2307 1391 2376 quamdam
1429 2309 1724 2373 rationem,
1755 2325 1920 2379 quam
1949 2317 2006 2362 et

425 2395 527 2464 ipsi
578 2396 923 2453 inationales
975 2397 1310 2457 exsisteutes
1352 2415 1462 2456 non
1511 2411 1745 2471 possunt
1776 2403 2006 2458 omnino

423 2501 646 2558 negare.

493 2769 581 2828 Sit
598 2770 772 2842 igitur
797 2771 939 2826 ratio
955 2770 1277 2842 auctoritas,
1296 2771 1417 2830 sine
1440 2787 1549 2838 qua
1571 2774 1718 2829 nulla
1740 2773 1884 2829 valet
1909 2789 2012 2829 au-

423 2847 674 2932 ctorllas,
717 2873 772 2919 et
813 2863 1262 2934 ostendendum,f
1275 2865 1423 2936 quod
1465 2882 1645 2937 neque
1682 2867 1742 2922 in
1782 2868 2011 2933 ventris,

423 2971 606 3028 neque
647 2957 704 3011 in
740 2956 1181 3030 intemperantiae
1217 2959 1478 3030 operibus
1497 2959 1736 3016 felicitas
1773 2960 2014 3015 hominis

423 3058 527 3114 est,
551 3059 606 3105 et
638 3049 786 3120 quod
810 3050 926 3118 haec
950 3065 1058 3105 non
1081 3061 1247 3118 erunt
1279 3052 1413 3110 illic.
1431 3050 1659 3109 Constat
1688 3056 1834 3122 enim
1867 3053 2014 3124 quod

423 3141 579 3203 cibos
615 3141 682 3197 ad
736 3142 842 3211 hoc
884 3143 1175 3213 sumimus,
1212 3152 1272 3200 ut
1310 3150 1614 3216 corruptio,
1663 3162 1783 3215 quae
1831 3155 2016 3240 posset

425 3234 676 3302 accidere
696 3249 760 3289 ex
780 3236 1200 3306 consumptione
1220 3238 1486 3294 naturalis
1502 3238 1735 3306 humidi,
1754 3234 2011 3306 evitetur,

424 3335 481 3380 cl.
505 3325 598 3380 ﬂat
629 3335 1004 3397 augmentum.
1030 3327 1157 3384 Haec
1185 3336 1370 3384 autem
1397 3329 1508 3384 duo
1539 3346 1650 3385 non
1669 3340 1834 3386 erunt
1863 3333 2008 3400 illic;

427 3433 620 3474 omnes
642 3419 786 3473 enim
812 3419 867 3474 in
903 3430 1346 3478 commensurata
1373 3423 1678 3493 quantitate
1703 3435 2010 3496 resurgent,

427 3518 484 3566 et
534 3512 768 3581 posthac
822 3527 933 3567 non
991 3522 1251 3581 poterunt
1295 3515 1457 3583 mori,
1487 3517 1572 3572 vel
1627 3517 1732 3572 alio
1775 3519 2012 3587 quodam

429 3603 890 3673 modovdeﬁcere,
922 3605 1069 3675 sicut
1101 3618 1156 3661 et
1183 3607 1304 3676 ipse
1335 3607 1678 3664 Mahomctus
1712 3610 1766 3664 in
1791 3625 1889 3663 sua
1917 3610 2014 3663 do—

426 3697 606 3761 ctrina
637 3697 773 3752 dicit
810 3714 825 3751 :
864 3699 1013 3764 Deus
1049 3699 1333 3756 interimet
1362 3709 1618 3765 mortem,
1652 3709 1710 3755 et
1745 3701 2013 3770 posthaec
2069 3711 2074 3716 ‘

428 3797 722 3861 resurgent
755 3789 1096 3848 immortales
1127 3801 1183 3861 et
1225 3791 1447 3863 integri.
1475 3792 1799 3859 Assumptio
1845 3791 2012 3861 igitur

427 3881 772 3936 cibariorum
825 3897 1177 3962 nequaquam
1225 3891 1310 3938 εει
1357 3881 1698 3937 necessaria.
1744 3881 2013 3937 Similiter

426 3983 613 4027 autem
665 3987 844 4042 neque
879 3989 1065 4029 rerum
1117 3989 1482 4029 venerearum
1533 3987 1692 4037 usus,
1744 3975 2010 4043 quoniam

429 4078 612 4134 neque
641 4081 793 4120 nunc
841 4077 925 4121 est
958 4067 1328 4130 necessarius,
1370 4064 1479 4119 nisi
1519 4074 1579 4119 ut
1630 4073 1880 4121 servetur
1919 4080 2008 4121 se-

428 4156 670 4212 cundum
698 4157 938 4226 speciem
977 4159 1126 4229 quod
1172 4171 1284 4213 non
1324 4165 1510 4227 potest
1535 4158 1742 4213 servari
1774 4157 1832 4214 in
1869 4158 2012 4213 indi-

429 4249 618 4316 viduo.
653 4249 786 4316 Item
817 4250 1068 4305 homines
1096 4250 1191 4320 qui
1227 4257 1536 4319 resurgent,
1566 4251 1650 4304 vel
1681 4265 1898 4321 semper
1929 4251 2013 4307 vi-

429 4349 582 4409 vent,
613 4351 671 4397 ct
701 4357 924 4412 semper
951 4342 1292 4397 nutrientur.
1339 4341 1404 4397 Et
1427 4343 1470 4399 si
1506 4358 1727 4414 semper
1756 4344 2011 4398 nutrien-

431 4442 542 4500 tur,
579 4449 923 4505 consequens
951 4434 1057 4498 his,
1088 4431 1238 4503 quod
1271 4435 1620 4505 augebuntur
1643 4450 1896 4506 corpora,
1923 4435 2009 4490 vel

2101 1953 2387 2023 δωδεκάτῳ
2423 1955 2561 2023 μετά
2593 1955 2662 2007 τὰ
2713 1953 2946 2024 φυσικὰ,
2982 1956 3063 2008 ὅτι
3116 1955 3148 2026 ἠ
3222 1955 3365 2014 κατά
3411 1957 3532 2010 νοῦν
3562 1955 3673 2032 (ibi)

2105 2045 2304 2117 ἀρίστη
2371 2047 2540 2100 ἐστίν.
2588 2045 2651 2098 Ἠ
2704 2046 2814 2116 ἄρα
2844 2047 2974 2116 περ)¹
3020 2046 3121 2120 τὴν
3171 2047 3417 2118 γαστέρα
3467 2047 3560 2100 καὶ
3608 2045 3676 2098 τά

2104 2139 2399 2207 ἀφροδίσια
2429 2139 2676 2208 χειρίστη
2713 2139 2883 2203 ἐστὶν,
2915 2138 2992 2210 τῷ
3024 2138 3119 2192 τοῦ
3151 2137 3244 2197 νοῦ
3267 2139 3458 2209 ἀγαθῷ
3497 2140 3673 2208 ἐμπο-

2103 2231 2210 2284 δὼν
2261 2231 2544 2301 γινομένη.
2593 2230 2734 2284 Ἀλλ’
2779 2231 2900 2285 ἐπεὶ
2951 2231 3001 2284 οἱ
3053 2231 3404 2304 Σαρῤακηνοὶ
3443 2230 3566 2286 οὔτε
3611 2232 3676 2285 τὰ

2109 2325 2248 2394 ρητά
2276 2326 2372 2392 τῆς
2397 2323 2548 2385 Θείας
2580 2323 2802 2394 Γραφῆς
2830 2323 3100 2393 δέχονται,
3129 2322 3250 2377 οὔτε
3283 2323 3352 2378 τά
3379 2323 3486 2378 τῶν
3531 2325 3678 2394 φιλο-

2109 2417 2291 2483 σόφων
2327 2414 2416 2466 διὰ
2444 2414 2568 2476 τοὺς
2604 2416 2660 2466 ὲν
2689 2411 2891 2484 πρώτῳ
2934 2413 3216 2485 κεφαλαίῳ
3248 2416 3674 2486 προειρημένους

2109 2507 2325 2575 λόγους,
2355 2507 2641 2561 ὲπανιτὲον
2692 2509 2758 2562 ἂν
2812 2506 2898 2578 εἴη
2963 2507 3200 2560 ὲπίτινα
3251 2489 3432 2584 λόγον,
3481 2507 3540 2561 δν
3587 2508 3677 2561 καὶ

2111 2602 2264 2655 αὐτοὶ
2295 2601 2478 2669 ἄλογοι
2517 2599 2867 2657 παντάπασιν
2921 2599 3073 2665 ὄντες
3139 2600 3237 2674 οὐχ
3289 2595 3393 2660 οἷοί
3443 2599 3502 2653 τέ
3541 2600 3677 2653 εἰσιν

2111 2693 2555 2764 ἀπαρνήσασθαι.

2185 2787 2433 2840 Γενέσοω
2477 2785 2658 2850 τοίνυν
2713 2785 2741 2839 ό
2796 2783 2955 2856 λόγος
3005 2785 3204 2856 ῥητὸν,
3245 2776 3312 2855 ,οὗ
3358 2785 3485 2854 ἄνευ
3531 2782 3680 2837 οὐδὲν

2118 2878 2291 2950 ἰσχύει
2326 2879 2386 2930 τὸ
2411 2878 2576 2948 ῥητόν
2602 2893 2614 2906 ·
2645 2878 2742 2932 καὶ
2770 2876 3037 2950 δεικτέον,
3082 2877 3164 2944 ὅτι
3186 2876 3309 2944 οὔτε
3339 2877 3399 2934 ὲν
3437 2878 3549 2940 τοῖς
3578 2875 3682 2947 τῆς

2117 2973 2415 3043 ἀκολασίας
2455 2971 2639 3040 ἔργοις
2667 2973 2701 3041 ἡ
2731 2970 3050 3041 εὐδαιμονία
3074 2970 3200 3030 ἐστὶ
3240 2969 3337 3024 τοῦ
3371 2969 3681 3041 ἀνθρώπω,

2120 3067 2214 3124 καὶ
2243 3067 2326 3119 ὅτι
2354 3064 2530 3120 ταῦτα
2561 3065 2662 3128 οδκ
2698 3064 2912 3130 ἔσονται
2945 3064 3082 3128 ἐκεῖ.
3121 3062 3220 3116 Διά
3269 3059 3426 3126 τοῦτο
3461 3060 3567 3134 γὰρ
3597 3061 3686 3138 ἒξ-

2043 3189 2087 3247 C
2120 3158 2368 3228 ἀνάγκης
2396 3158 2467 3217 τά
2500 3156 2648 3209 σιτία
2699 3153 3203 3247 λαμϐάνομεν-,ἴνα
3242 3169 3302 3206 τε
3332 3153 3688 3247 τὴνλδυναμε-

2119 3266 2218 3316 νην
2275 3249 2595 3318 συμὸαίνειν
2645 3247 2856 3318 φθοράν
2897 3249 2959 3315 ἐκ
3005 3246 3100 3312 τοῦ
3157 3245 3219 3299 τὸ
3265 3245 3494 3316 φυσικὸν
3520 3243 3688 3315 ὑγρὸν

2114 3327 2506 3407 ἀναλίσκεσθαι
2542 3340 2905 3410 φυνλαξώμεθα
2929 3340 3025 3394 καὶ
3045 3340 3184 3414 πρὸς
3217 3337 3463 3412 αὔξησιν.
3499 3337 3688 3392 Ταῦτα

2113 3432 2170 3485 δὲ
2203 3434 2269 3486 τὰ
2302 3433 2397 3486 δύο
2435 3433 2534 3498 οὐκ
2589 3433 2805 3486 ἔσονται
2859 3433 2996 3499 ἐκεῖ.
3069 3432 3279 3500 Πάντες
3335 3432 3442 3501 γὰρ
3475 3428 3532 3499 ἐν
3579 3445 3686 3496 τινι

2117 3524 2420 3594 συμμέτρῳ
2477 3525 2741 3593 ποσότητι
2782 3524 3206 3594 ἀναστήσονται,
3247 3521 3343 3576 καὶ
3373 3520 3463 3579 τοῦ
3496 3517 3685 3576 λοιποῦ

2112 3617 2174 3674 οὐ
2208 3617 2531 3688 δυνήσονται
2599 3615 2992 3694 ἀποθνῄσκειν,
3042 3616 3075 3694 ᾖ
3111 3615 3270 3673 ἄλλον
3319 3615 3441 3670 τινὰ
3484 3614 3684 3682 τρόπον

2113 3709 2428 3762 ἐκλείπειν·
2464 3709 2540 3772 ὡς
2585 3710 2678 3761 καὶ
2714 3709 2929 3772 αὺτδςό
2963 3709 3262 3780 Μαχούμετ
3306 3709 3364 3763 ὲν
3393 3709 3458 3778 τῇ
3489 3703 3684 3760 ἑαυτοῦ

2112 3801 2432 3871 διδασκαλίᾳ
2464 3802 2653 3872 φησιν,
2697 3799 2756 3854 Ὃ
2798 3800 2930 3864 Θεὸς
2977 3802 3274 3856 ἀποκτενεῖ
3317 3799 3406 3854 τὸν
3434 3798 3684 3863 θάνατον,

2114 3893 2208 3945 καὶ
2251 3894 2390 3962 μετὰ
2439 3893 2615 3953 ταῦτα
2671 3893 3068 3974 ἀναστῄσονται
3123 3891 3382 3960 ἀθάνατοι
3423 3891 3518 3943 καὶ
3552 3890 3683 3944 ἀκέ-

2117 3997 2282 4053 ραιοι.
2325 3980 2390 4033 Ἦ
2429 3980 2701 4050 ἀνάληψις
2733 3980 2840 4050 ἄρα
2873 3979 2983 4036 τῶν
3024 3979 3212 4034 σιτίων
3247 3978 3500 4050 οὐδαμῶς
3539 3979 3686 4032 ἐστιν

2112 4061 2414 4142 ἀναγκαία.
2463 4071 2699 4141 Ὁμοίως
2745 4071 2802 4133 δὲ
2827 4069 2949 4123 οὐδὲ
2984 4071 3016 4140 ἠ
3044 4069 3155 4124 τῶν
3198 4070 3524 4143 ἀφροδισίων
3549 4069 3686 4139 χρῆ-

2114 4177 2219 4226 σις,
2273 4161 2396 4212 ἐπεὶ
2444 4159 2580 4229 μηδὲ
2617 4158 2712 4212 νῦν
2769 4160 2922 4212 ἐστιν
2967 4158 3270 4229 ἀναγκαία,
3325 4161 3374 4212 εί
3413 4158 3490 4230 μὴ
3545 4157 3684 4211 ὥστε

2113 4251 2484 4323 φυλάττεσθαι
2523 4251 2690 4314 ’κατά
2732 4249 2794 4303 τὸ
2835 4247 2975 4314 εἶδος
3005 4251 3065 4303 τὸ
3094 4251 3168 4323 μὴ
3187 4235 3481 4321 δυνάμενον
3515 4253 3573 4302 ὲν
3609 4249 3684 4319 τῷ

2110 4344 2323 4416 ἀτόμῳ.
2357 4344 2482 4398 Ἔτι
2505 4344 2556 4395 οί
2591 4342 2944 4412 ἀνιστάμενοι
2995 4343 3273 4412 ἄνθρωποι
3306 4343 3340 4415 ἢ
3373 4343 3460 4397 ἀεὶ
3491 4341 3684 4414 ζήσον-

2111 4419 2303 4506 ται,ἢ
2349 4437 2440 4490 ἀεὶ
2489 4437 2666 4506 τροφῇ
2715 4435 3034 4506 χρήσονται,
3066 4435 3157 4498 ,ἐπ’
3201 4435 3430 4506 ἄπειρον
3474 4434 3684 4497 τούτοις

428 4536 592 4582 erunt
622 4534 678 4582 ει
703 4527 816 4583 illic
841 4527 1149 4596 egestiones
1189 4535 1247 4581 et
1290 4526 1411 4581 aliae
1457 4527 1752 4592 fteditatcs,
1783 4538 1844 4584 ut
1890 4536 2007 4584 tan-

2114 4528 2519 4604 αὐξηθὴσονται
2551 4529 2620 4583 τά
2649 4525 2898 4597 σώματα,
2923 4526 2956 4596 ἢ
2988 4527 3207 4581 ἔσονται
3239 4529 3332 4580 καὶ
3362 4528 3477 4580 ἐκεῖ
3500 4525 3683 4594 ἐκκρίι

432 4631 547 4676 tum
605 4623 920 4686 resolvatur
972 4629 1240 4702 quantum
1296 4623 1642 4690 convertitur
1694 4625 1750 4680 in
1799 4623 2007 4700 cibum,

429 4730 662 4785 quorum
691 4725 988 4784 utrumque
1019 4722 1103 4779 est
1133 4714 1548 4785 inconveniens.
1577 4716 1658 4772 Ad
1689 4717 1794 4772 hoc
1825 4727 2011 4772 autem

431 4805 728 4877 respondet
764 4805 1109 4861 Mahometus
1140 4806 1194 4860 in
1234 4806 1378 4862 libro
1435 4810 1520 4863 sui
1563 4809 1737 4879 ipsius
1803 4809 2014 4865 doctri-

431 4913 536 4961 nae,
573 4897 810 4952 dicens:
846 4897 994 4967 quod
1047 4912 1157 4952 non
1201 4901 1309 4954 erit
1342 4900 1457 4956 iilic
1503 4902 1711 4973 egestio
1740 4900 2008 4967 sordium,

429 4987 524 5041 sed
557 4986 814 5056 purgatio
861 5003 960 5057 per
991 4989 1275 5052 sudorem.
1313 4991 1380 5046 Et
1436 4993 1662 5048 adducit
1694 4992 2011 5063 exemplum

429 5079 586 5148 pueri
622 5078 676 5133 in
711 5089 870 5134 utero
901 5081 1095 5145 matris
1141 5084 1482 5153 exsistentis,
1512 5085 1607 5155 qui
1633 5086 1881 5140 nutritur
1925 5085 2009 5154 (ut

427 5170 584 5237 dicit)
616 5178 669 5225 et
703 5186 813 5225 non
864 5174 1055 5243 egerit.
1107 5171 1215 5240 Sed
1249 5191 1429 5247 neque
1462 5178 1773 5247 exemplum
1823 5177 2006 5247 hujus,

430 5278 609 5333 neque
651 5265 833 5329 ratio,
882 5268 926 5319 si
972 5267 1097 5338 quis
1132 5259 1426 5338 diligenter
1474 5270 1733 5339 reSpiciat
1775 5270 2011 5326 solutio-

429 5370 578 5419 nem,
611 5364 697 5410 est
737 5355 1032 5424 suﬂiciens.
1069 5359 1210 5416 Sunt
1257 5363 1404 5417 enim
1436 5362 1685 5433 quwdam
1713 5361 1782 5416 de
1828 5360 2011 5431 perfe-

427 5447 613 5504 ctione
665 5449 996 5524 imperfccti,
1033 5470 1154 5525 quae
1200 5456 1254 5510 in
1304 5472 1362 5512 re
1394 5455 1640 5528 perfecta
1673 5464 1860 5511 essent
1895 5469 2010 5509 ma-

423 5553 549 5611 gnae
579 5541 1048 5617 imperfectiones.
1086 5548 1220 5603 Item
1253 5549 1298 5604 si
1347 5565 1485 5605 usus
1526 5565 1711 5604 rerum
1746 5563 2010 5603 venerea-

427 5644 551 5690 .rum
602 5647 687 5694 est
736 5639 869 5709 illic,
921 5643 1026 5698 nisi
1079 5642 1284 5701 {rustra
1344 5659 1514 5712 esset,
1578 5651 1908 5716 sequeretur
1954 5653 2011 5698 et

507 5821 548 5852 ”
575 5825 730 5887 Joan.
764 5848 892 5901 xvn,
931 5832 984 5886 3.

2114 4640 2251 4692 σεις,
2287 4621 2382 4676 καὶ
2411 4620 2573 4676 ἄλλαι
2619 4618 3046 4690 αίσχημοσύναι,
3082 4617 3221 4682 ὥστε
3269 4619 3521 4686 τοσοῦτον
3556 4619 3686 4689 ἀναο

2110 4713 2337 4767 λύεσθαι
2365 4713 2486 4765 ὅσον
2514 4695 2780 4782 τρέπεται
2797 4712 2877 4775 εἰς
2898 4709 3132 4782 τροφὴν,
3156 4703 3231 4764 ὧν
3251 4710 3513 4786 ἑκάτερόν
3537 4711 3683 4762 ἐστιν

2109 4806 2334 4861 ἄτοπον.
2370 4804 2517 4872 Πρὸς
2567 4802 2728 4856 τοῦτο
2777 4801 2839 4870 δῇ
2896 4803 3257 4874 ἀποκρίνεται
3309 4804 3336 4854 ό
3366 4801 3683 4871 Μαχούμετ,

2111 4902 2171 4954 ἐν
2200 4899 2278 4971 τῷ
2309 4898 2504 4969 βιϐλίῳ
2555 4897 2653 4968 τῆς
2707 4896 2906 4950 ἑαυτοῦ
2957 4896 3308 4960 διδασκαλίας
3364 4895 3558 4964 λέγων,
3610 4895 3685 4966 ὡς

2110 4989 2229 5048 Οὐκ
2269 4991 2425 5044 ἔσται
2452 4991 2569 5042 ἐκεῖ
2606 4976 2854 5060 ἔκκρισις
2908 4988 3153 5059 αίσχρῶν
3179 5027 3195 5053 ,
3231 4987 3373 5050 ,ἀλλά
3425 4986 3686 5058 κάθαρσις

2115 5083 2184 5138 δι’
2225 5083 2503 5154 ἱδρώτων.
2560 5081 2673 5135 Καὶ
2711 5082 2958 5150 παράγει
3013 5079 3369 5151 παράδειγμα
3407 5079 3500 5147 τὸν
3529 5080 3588 5130 ὲν
3619 5079 3684 5147 τῇ

2113 5177 2319 5246 γαστρὶ
2381 5177 2479 5246 τῆς
2547 5174 2757 5252 μητρὸς
2835 5173 3004 5227 παῖδα
3070 5173 3131 5235 δς
3197 5173 3531 5241 τρεφόμενος
3577 5168 3687 5242 (ὥς

2117 5269 2300 5342 φησιν)
2337 5269 2438 5324 οὐκ
2491 5267 2756 5339 ἐκκρίνει.
2832 5265 2974 5320 Ἀλλ’
3037 5263 3161 5318 οὔτε
3221 5263 3282 5316 τὸ
3337 5263 3685 5333 παράδειγμα

2115 5361 2332 5422 τούτου,
2359 5358 2484 5412 οὔτε
2513 5357 2708 5426 ὁλόγος
2754 5355 2894 5426 πρὸς
2925 5353 3082 5407 λύσιν
3117 5352 3263 5406 ἐστὶν
3297 5352 3499 5420 ίκανδς,
3524 5351 3577 5402 εἴ
3605 5367 3688 5412 τις

2116 5454 2424 5510 ὲπιϐλέπει.
2469 5453 2594 5506 Εἰσὶ
2651 5450 2761 5520 γάρ
2812 5465 2938 5503 τινα
2993 5448 3052 5502 ἐν
3085 5448 3196 5512 τοῖς
3246 5443 3481 5510 ἀτελέσι,
3532 5443 3686 5510 λόγον

2115 5549 2312 5620 ἔχοντα
2365 5546 2701 5616 τελειότητος
2733 5558 2744 5572 ’
2786 5542 2930 5611 ἅπερ
2984 5543 3042 5594 ἐν
3101 5540 3212 5600 τοῖς
3262 5537 3489 5598 τελείοις
3533 5535 3683 5599 ὄντα,

2117 5643 2253 5714 πρὸς
2289 5640 2511 5704 ἀτελοῦς
2557 5635 2782 5701 ἐκείνοις
2815 5635 2982 5691 ὲστίν.
3013 5633 3131 5686 Ἔτι
3159 5631 3262 5701 εξὴ
3293 5629 3487 5702 χρῆσις
3515 5629 3683 5699 ἀφρο-
