4068 6498
399 406 533 471 1081

1700 404 2080 466 DEMETRH
2118 406 2428 468 CYDONII

3518 420 3651 488 1088

397 534 459 577 ιιι
487 537 596 577 non
626 528 848 591 propter
880 518 1123 575 laborent
1152 516 1411 572 animalia
1442 516 1510 571 ab
1539 516 1625 571 his
1654 517 1980 574 necessariis

2092 520 2273 588 ἡδοναὶ
2326 538 2748 589 προεκαιιουντο.
2790 525 2945 579 Ἐστι
2983 524 3159 582 τοίνυν
3208 528 3359 594 τάξις
3405 530 3656 604 ἀπρεπὴς

398 624 610 668 natura:
673 612 939 683 operibus
997 612 1390 681 elongarentur
1451 628 1465 663 :
1521 609 1669 679 quod
1731 611 1981 666 accidere

398 714 605 775 posset,
637 704 741 758 uisi
787 704 1042 759 animalia
1096 704 1406 773 voluptates
1441 714 1824 772 provocarent.-
1884 704 1984 762 Est

399 796 566 866 igitur
594 796 730 851 ordo
759 794 1154 850 inconveniens
1186 804 1240 849 et
1266 803 1655 864 praeposterus,
1686 796 1731 850 si
1757 807 1984 866 propter

398 888 545 943 solas
577 888 888 957 voluptates
949 886 1195 942 actiones
1226 886 1309 940 hae
1353 885 1733 957 perﬁciantur.
1767 887 1983 957 Nequa-

398 993 563 1048 quam
613 978 783 1048 igitur
840 978 895 1031 in
940 976 1028 1031 his
1065 978 1159 1046 qui
1218 974 1530 1047 resurgent,
1588 992 1824 1046 quorum
1873 978 1982 1031 vita

400 1068 543 1124 bene
573 1069 982 1123 ordinatissima
1013 1069 1364 1138 supponitur,
1400 1070 1589 1124 talium
1625 1081 1711 1126 est
1744 1086 1898 1131 usus,
1922 1077 1983 1124 et

401 1163 578 1217 multo
608 1163 792 1217 minus
823 1163 877 1215 in
912 1162 1116 1216 talibus
1157 1162 1339 1217 futura
1369 1165 1477 1217 erit
1521 1163 1794 1218 felicitas:
1826 1164 1987 1219 aliter

398 1254 543 1309 enim
567 1253 697 1322 quid
731 1253 1006 1322 prohibet,
1035 1262 1091 1307 et
1125 1255 1333 1323 reliqua
1367 1255 1625 1310 animalia
1648 1256 1984 1314 irrationalia

399 1342 579 1397 felicia
609 1357 731 1397 esse
780 1343 833 1395 in
865 1342 1143 1412 praedictis
1173 1344 1507 1408 actionibus,
1546 1362 1667 1415 quae
1698 1349 1983 1402 nobiscum

400 1434 845 1489 communicant?
891 1435 1025 1489 ltem
1077 1435 1121 1490 si
1180 1435 1235 1489 in
1262 1436 1347 1491 his
1393 1438 1704 1492 actionibus
1738 1447 1984 1495 extrema

400 1526 640 1581 hominis
662 1526 893 1581 felicitas
918 1539 1021 1594 est,
1042 1528 1185 1583 sicut
1222 1529 1565 1585 Mahbmetus
1595 1532 1772 1601 palam
1804 1532 1986 1589 dicere

398 1616 641 1686 videtur,
667 1620 827 1688 cujus
855 1618 1030 1689 gratia
1060 1636 1209 1677 nunc
1240 1631 1458 1692 oportet
1486 1625 1554 1680 ab
1574 1624 1663 1680 his
1689 1627 1984 1691 contineri,

399 1718 455 1765 et
481 1725 592 1781 non
631 1711 815 1779 potius
843 1712 934 1767 die
976 1724 1046 1768 ac‘
1070 1723 1234 1769 nocte
1285 1716 1576 1771 comedere
1610 1727 1668 1773 et
1697 1717 1985 1782 luxuriari,

400 1808 544 1855 utet
590 1801 682 1856 hic
716 1802 907 1859 felices
947 1818 1070 1861 esse
1115 1807 1429 1876 possimus?
1460 1808 1566 1864 Sed
1605 1814 1749 1880 apud
1797 1826 1988 1866 omnes

401 1894 675 1962 homines,
730 1903 785 1950 et
832 1897 977 1968 apud
1042 1898 1343 1957 Saracenos
1403 1902 1552 1971 ipsos
1611 1903 1990 1959 honorabilius

399 1986 664 2055 videtur,
724 1991 1011 2046 continere
1071 1993 1142 2047 ab
1218 1993 1326 2049 his.
1402 1995 1619 2051 Habent
1681 1979 1867 2052 autem
1935 2005 1990 2052 et

401 2079 664 2148 quosdam
715 2081 863 2137 viros
918 2085 1284 2152 speculativos
1332 2095 1391 2141 et
1454 2089 1818 2153 continentes,
1850 2104 1990 2159 quos

402 2172 642 2227 maxime
685 2173 929 2229 laudant.
976 2177 1083 2233 Sed
1135 2180 1394 2250 quoniam
1429 2179 1639 2236 fatuum
1672 2191 1779 2248 est,
1830 2184 1988 2239 valde

403 2266 803 2322 rationabiliter
848 2267 998 2337 loqui
1041 2284 1167 2324 cum
1233 2271 1457 2327 homine
1506 2274 1802 2343 prudentia
1869 2290 1992 2330 om-

403 2355 539 2409 nino
594 2358 828 2427 privato,
876 2359 1042 2414 liceat
1082 2361 1246 2417 simul
1298 2364 1537 2421 insanire
1564 2376 1620 2421 et
1668 2366 1897 2422 dicere:
1930 2367 1987 2423 Si

403 2448 460 2502 in
494 2449 695 2505 talibus
731 2452 1044 2507 actionibus
1073 2462 1317 2509 extrema
1352 2456 1594 2512 hominis
1630 2456 1863 2513 felicitas
1882 2469 1984 2524 est,

404 2540 537 2609 quid
592 2542 755 2597 faciet
810 2542 982 2613 igitur
1027 2545 1208 2598 anima
1254 2557 1500 2614 separata
1556 2557 1683 2604 ante
1741 2565 1989 2606 resurre-

403 2631 672 2698 ctionem,
696 2649 821 2698 quae
874 2638 1052 2705 neque
1100 2643 1424 2706 comedere,
1460 2656 1644 2712 neque
1707 2631 1978 2699 luxuriari

396 2714 628 2792 potest?
664 2723 771 2780 Sed
828 2740 1010 2795 neque
1054 2730 1233 2799 angeli
1286 2740 1547 2800 poterunt
1603 2747 1723 2787 esse
1770 2733 1995 2806 felices,‘

402 2829 531 2869 cum
584 2817 718 2873 tales
774 2819 1086 2890 voluptates
1111 2837 1220 2875 non
1255 2833 1498 2893 gustent.
1530 2825 1664 2881 Item
1705 2826 1750 2882 si
1782 2827 1839 2883 in
1882 2824 1993 2883 ha?

346 2984 354 2991 ο
404 2908 589 2965 bendo
642 2910 867 2981 quidem
936 2914 1138 2971 multas
1194 2916 1496 2985 mulieres,
1552 2920 1985 2979 innumerabiles

404 3013 588 3057 autem
618 3004 844 3073 pellices
883 3016 939 3061 et
971 3007 1226 3078 juniores
1264 3018 1507 3067 extrema
1544 3011 1831 3068 hominum
1864 3015 1985 3069 feli-

404 3096 542 3150 citas
574 3105 678 3160 est,
707 3100 990 3168 quomodo
1036 3112 1263 3171 possent
1308 3105 1574 3161 mulieres
1612 3105 1801 3163 felices
1838 3122 1981 3174 esse,

2084 613 2178 666 καὶ
2212 612 2623 685 πρωθύστερος,
2656 615 2706 669 εί
2734 616 2823 672 διὰ
2866 620 3036 687 μόνας
3076 622 3174 685 τὰς
3198 622 3388 691 ἡδονὰς
3420 627 3475 678 αἱ
3500 625 3655 695 ἐνέρ-

2083 720 2229 774 γειαι
2261 700 2429 758 αὗται
2473 706 2735 763 τελοίντο.
2770 710 3041 781 Οὐδαμῶς
3064 712 3173 781 ἄρα
3212 713 3271 768 ἐν
3294 715 3409 777 τοῖς
3436 714 3657 769 ἀνιστα-

2087 796 2313 867 μένοις,
2360 792 2436 853 ὧν
2495 802 2527 870 ἡ
2582 801 2696 873 ζωὴ
2727 803 3099 876 εὐτακτοτάτη
3157 807 3443 863 ὑπόκειται
3473 851 3487 875 ,
3544 810 3655 864 τῶν

2083 890 2341 944 τοιούτων
2389 891 2801 965 ἔσταιχρῆσις·
2849 897 2942 951 καὶ
2981 899 3162 970 πολλῷ
3206 900 3426 955 ἔλαττον
3458 904 3516 955 ὲν
3542 904 3658 965 τοῖς

2082 980 2347 1045 τοιούτοις
2374 983 2406 1054 ﬂ
2433 984 2708 1053 μέλλουσα
2737 986 2893 1041 ἔσται
2926 988 3258 1061 εὐδαιμονία.
3286 990 3491 1054 Ἀλλως
3521 991 3655 1061 γὰρ,

2084 1071 2139 1122 τί
2177 1072 2385 1124 ἐκώλυε
2416 1074 2508 1127 καὶ
2529 1074 2595 1128 τὰ
2626 1076 2790 1131 λοιπὰ
2817 1077 2988 1147 ἄλογα
3020 1077 3135 1144 ζῶα
3165 1080 3457 1150 εὐδαίμονα
3492 1077 3653 1147 εἶναι,

2086 1163 2143 1215 ὲν
2166 1166 2292 1225 ταῖς
2311 1166 2743 1237 προειρημέναις
2770 1167 3073 1240 ἐνεργείαις
3095 1171 3228 1240 ἡμῖν
3254 1171 3613 1226 κοινωνοῦντα
3636 1190 3653 1238 ς

2091 1254 2214 1309 Ἔτι
2253 1259 2301 1310 εί
2352 1259 2409 1311 ἐν
2459 1259 2688 1337 ταύταις
2732 1263 2855 1326 ταῖς
2895 1264 3202 1333 ἐνεργείαις
3242 1265 3275 1335 ἡ
3325 1266 3525 1335 ἐσχάτη
3560 1263 3656 1318 τοῦ

2086 1347 2374 1419 ἀνθρώπου
2408 1350 2729 1420 εὐδαιμονία
2783 1354 2954 1420 ἐστὶν,
2999 1353 3075 1417 ὡς
3103 1356 3131 1408 ὀ
3172 1344 3473 1426 Μαχούμετ
3500 1357 3657 1427 διαρ-

2090 1439 2258 1509 ρήδην
2309 1441 2460 1494 δοκεῖ
2491 1441 2696 1511 λέγειν,
2759 1445 2903 1508 τίνος
2959 1440 3123 1517 χάριν
3166 1445 3261 1500 νῦν
3311 1446 3417 1499 ἔδει
3457 1449 3660 1517 ἐγκρα-

2086 1530 2341 1584 τεύεσθαι
2363 1532 2592 1597 τούτων,
2621 1534 2738 1587 ἀλλ’
2766 1535 2828 1588 οὐ
2856 1536 3061 1604 μᾶλλον
3084 1536 3299 1607 ἡμέρας
3335 1538 3428 1590 καὶ
3457 1537 3658 1599 νυκτὸς

2088 1622 2291 1676 ἐσθίειν
2330 1639 2389 1676 τε
2445 1627 2539 1678 καὶ
2566 1626 3004 1692 ἀκολασταίνειν,
3043 1628 3133 1682 ἵνα
3172 1626 3411 1682 ἐνταῦθα
3454 1628 3635 1681 εὐδαί-

2092 1719 2257 1789 μονές
2294 1734 2440 1782 τινες
2469 1712 2663 1788 ὧμεν;
2707 1718 2873 1773 Ἀλλὰ
2913 1720 3067 1790 παρὰ
3123 1721 3290 1775 πᾶσιν
3324 1719 3655 1790 ἀνθρώποις,

2093 1811 2187 1863 καὶ
2213 1810 2368 1880 παρὰ
2402 1814 2517 1874 τοῖς
2555 1812 2940 1883 Σαρρακηνοῖς
2988 1812 3045 1866 δὲ
3092 1813 3297 1878 αὐτοῖς,
3333 1825 3657 1883 σεμνότερον

2091 1904 2240 1957 δοκεῖ
2273 1905 2708 1974 ἐγκρατεύεσθαι
2760 1909 2989 1964 τούτων.
3034 1907 3262 1977 Ἔχουσι
3295 1905 3351 1960 δὲ
3386 1905 3479 1959 καί
3504 1923 3657 1969 τινας

2090 1995 2291 2064 ἄνδρας
2326 1997 2701 2066 θεωρητικούς
2757 1997 2854 2051 καὶ
2908 1999 3197 2067 ἐγκρατεῖς
3224 2035 3241 2062 ,
3277 1994 3373 2060 οὓς
3422 1997 3656 2066 μάλιστα

2090 2086 2432 2142 ἐπαινοῦσιν.
2488 2087 2637 2141 Ἀλλ’
2686 2089 2807 2141 ἐπεὶ
2845 2089 3073 2158 ἀνόητόν
3103 2091 3219 2142 ὲστι
3253 2087 3372 2141 λίαν
3420 2088 3655 2155 λογικῶς

2090 2176 2437 2245 διαλέγεσθαι
2463 2176 2737 2248 ἀνθρώπῳ
2769 2180 3088 2249 φρονήσεως
3110 2178 3462 2233 παντάπασιν
3497 2177 3654 2231 ἐστε-

2091 2286 2157 2339 ρη
2169 2269 2334 2339 μένῳ,
2360 2267 2563 2333 ἐξέστω
2606 2269 3054 2338 συνανοηταίνειν
3096 2269 3300 2334 αὐτοῖς,
3328 2270 3424 2322 καὶ
3451 2265 3655 2334 λέγειν,

2090 2361 2151 2414 Εἰ
2177 2362 2235 2415 ἐν
2263 2360 2490 2425 ταύταις
2534 2363 2654 2423 ταῖς
2685 2361 3042 2431 ἐνεργείαιςὴ
3085 2360 3285 2431 ἒσχάτη
3316 2358 3406 2412 τοῦ
3447 2358 3656 2427 ἀνθρώο

2082 2470 2191 2505 ,που
2236 2453 2553 2523 εὐδαιμονία
2582 2452 2722 2517 ἐστὶ,
2751 2452 2804 2506 τί
2856 2453 3077 2525 ποιήσει
3102 2453 3212 2523 ἄρα
3255 2454 3287 2522 ἡ
3331 2450 3656 2522 χωρισθεῖσα

2088 2543 2234 2614 ψυχὴ
2289 2544 2395 2615 πρὸ
2448 2544 2549 2614 τῆς
2599 2543 3034 2613 ἀναστάσεως,ἠ
3073 2545 3212 2612 μήτε
3272 2542 3475 2598 ἐσθίειν
3502 2541 3657 2595 δυνα-

2090 2638 2248 2708 μένη,
2287 2638 2424 2708 μήτε
2456 2636 2840 2704 ἀσελγαίνειν;
2898 2636 3040 2689 Ἀλλ’
3065 2636 3175 2690 οὐδ’
3197 2637 3246 2690 οί
3293 2634 3513 2704 ἄγγελοί
3561 2652 3652 2687 πο-

2088 2747 2147 2783 τε
2183 2729 2506 2798 δυνήσονται
2555 2726 2697 2782 εἶναι
2725 2728 3065 2799 εὐδαίμονες,
3094 2726 3206 2781 τῶν
3255 2728 3513 2781 τοιούτων
3537 2726 3654 2795 ἠδο-

2088 2820 2193 2873 νῶν
2215 2820 2494 2888 ἄγευστοι.
2530 2820 2653 2873 Ἔτι
2703 2821 2767 2873 εί
2795 2819 2855 2873 ἒν
2901 2819 2981 2891 τῷ
3031 2818 3232 2884 πολλὰς
3266 2821 3363 2890 μὲν
3396 2819 3535 2889 ἔχειν
3563 2835 3658 2885 γυ-

2088 2915 2298 2976 ναῖκας,
2330 2911 2735 2984 ἀναριθμήτους
2777 2912 2835 2966 δὲ
2886 2910 3171 2974 παλλακὰς
3227 2911 3324 2965 κα)⁵
3354 2909 3639 2981 νεωτέρας,

2085 3007 2121 3079 ἡ
2166 3007 2369 3078 ἐσχάτη
2417 3021 2531 3058 των
2577 3004 2788 3075 ἀνδρῶν
2815 3003 3130 3075 εὐδαιμονία
3161 3003 3298 3069 ἐστὶ,
3324 3001 3440 3064 πῶς
3482 3000 3546 3052 ἂν
3568 2998 3663 3052 δύα

2090 3115 2278 3154 ναιντο
2310 3099 2367 3153 αἱ
2401 3099 2661 3167 γυναῖκες
2706 3092 2850 3150 εἶναι
2899 3095 3241 3167 εὐδαίμονες,
3274 3095 3321 3146 εί
3372 3093 3445 3163 μὴ
3490 3092 3665 3161 ἔχοιεν

403 3189 507 3245 nisi
541 3190 808 3245 haberent
853 3193 1042 3261 plures
1081 3196 1272 3251 viros?
1300 3195 1408 3252 Sed
1460 3215 1676 3266 rursus,
1709 3201 1986 3271 quomodo

2092 3191 2312 3254 πλείους
2366 3189 2610 3260 ἄνδρας;
2662 3187 2826 3241 Ἀλλὰ
2897 3186 3066 3241 πάλιν
3120 3185 3243 3250 πῶς
3296 3183 3518 3237 δυνατὸν
3565 3180 3660 3235 τὸν

402 3282 665 3351 possibile
690 3294 777 3338 est
810 3285 985 3339 virum
1011 3300 1134 3341 esse
1164 3287 1407 3365 beatum,
1436 3290 1595 3360 cujus
1624 3309 1762 3348 uxor
1789 3294 1989 3351 multos

404 3374 539 3427 alios
584 3375 782 3430 habeat
816 3377 1003 3433 viros?
1049 3378 1283 3435 Necesse
1327 3381 1516 3453 igitur,
1552 3383 1639 3438 vel
1697 3386 1986 3443 mulierem

407 3464 619 3520 beatam
648 3483 771 3523 esse
797 3476 855 3522 et
895 3468 1076 3524 virum
1109 3471 1404 3539 infelicem,
1434 3475 1517 3528 vel
1553 3476 1731 3531 virum
1765 3478 1988 3547 quidem

406 3554 640 3619 felicem,
663 3558 924 3614 mulieres
956 3569 1135 3615 autem
1165 3561 1483 3633 etjuniores
1500 3580 1686 3619 carum
1721 3566 1984 3622 infelices.

406 3646 695 3712 Quomodo
721 3658 905 3703 autem
926 3651 1187 3720 possibile
1211 3663 1315 3718 est,
1340 3669 1465 3710 esse
1486 3656 1709 3711 beatum
1726 3657 1988 3726 aliquem,

411 3740 569 3807 cujus
606 3742 785 3795 omnis
815 3742 1012 3798 domus
1042 3760 1204 3814 quam
1251 3757 1401 3802 amat
1454 3748 1653 3803 misera
1701 3756 1757 3804 et
1803 3748 1991 3804 infelix

408 3830 530 3883 cst?
566 3831 973 3887 Rationabilius
999 3834 1167 3904 igitur
1199 3843 1307 3906 est,
1350 3845 1407 3891 et
1444 3836 1595 3892 viros
1627 3846 1684 3892 et
1736 3839 1992 3895 mulieres

412 3921 645 3976 miseras
669 3938 791 3979 esse
824 3934 881 3980 et
907 3925 1175 3984 infelices.
1476 3926 1479 3931 ’

485 4098 613 4155 Haec
646 4108 905 4171 tanquam
942 4102 999 4156 in
1037 4104 1475 4175 transgressione
1508 4103 1652 4159 dicta
1698 4103 1988 4174 sufficiant,

415 4191 483 4247 ad
512 4192 999 4251 demonstrandum
1034 4196 1469 4254 irrationabilem
1521 4212 1642 4252 esse
1685 4199 1860 4269 legem
1904 4215 1992 4255 se-

414 4285 659 4337 cundum
702 4283 869 4339 ﬁnem
919 4294 977 4340 et
1009 4284 1296 4356 prmmium
1324 4285 1473 4355 quod
1518 4289 1806 4357 promittit.
1854 4287 2003 4344 lrra-'

417 4375 701 4431 tionabilis
743 4386 827 4432 est
855 4384 911 4432 et
939 4376 1246 4432 secundum
1284 4377 1387 4432 alia
1433 4379 1604 4434 multa
1639 4395 1760 4449 quae
1800 4382 1851 4435 in
1889 4380 1993 4436 hoc

415 4466 799 4532 continentur;
836 4466 982 4523 sicut
1023 4465 1079 4521 id
1135 4468 1280 4536 quod
1334 4466 1651 4537 frequenter
1687 4469 1989 4536 inducitur,

413 4558 559 4627 quod
590 4558 735 4614 Deus
761 4559 915 4630 jurat
937 4573 1032 4627 per
1061 4558 1276 4614 ﬁdelem
1309 4558 1528 4626 urbem,
1558 4572 1614 4616 et
1648 4577 1746 4631 per
1770 4562 1990 4617 ﬁcetum
2026 4538 2068 4593 θ

412 4659 469 4705 et
495 4651 762 4705 olivetum
791 4666 806 4705 :
831 4649 977 4721 quod
997 4650 1174 4721 palam
1205 4659 1430 4721 apparet
1458 4651 1512 4706 in
1540 4654 1781 4722 capitulo
1806 4653 1993 4715 Eltim,

418 4740 566 4811 quod
624 4741 1026 4811 interpretatur
1077 4739 1231 4809 ﬁcus.
1298 4742 1559 4799 Homines
1608 4759 1707 4814 per
1760 4745 1998 4816 majores

414 4846 548 4886 suos
592 4832 807 4902 jurant,
861 4830 1006 4888 sicut
1066 4846 1166 4901 per
1220 4833 1416 4903 Deum,
1459 4836 1546 4889 vel
1595 4851 1694 4905 per
1745 4845 1992 4899 sanctos;

414 4923 561 4980 Deus
597 4933 783 4978 autem
836 4937 948 4977 non
999 4923 1207 4980 habens
1254 4927 1517 4998 majorem
1563 4942 1662 4997 per
1700 4942 1862 4996 quem
1903 4927 1997 4997 jus

418 5032 539 5070 rare
566 5004 759 5085 possit,
809 5016 1097 5071 consuevit
1133 5032 1232 5088 per
1273 5019 1515 5089 seipsum
1556 5021 1770 5090 jurare,
1796 5030 1855 5074 ut
1882 5021 1997 5089 ipse

416 5109 483 5161 ad
510 5107 782 5161 Abraham
801 5107 1025 5178 juravit,
1055 5109 1196 5165 sicut
1222 5108 1394 5165 fertur
1417 5111 1471 5165 in
1493 5113 1671 5181 primo
1692 5111 1993 5181 Geneseos.

416 5188 524 5254 Per
571 5199 790 5253 ﬁcetum
842 5208 1027 5254 autem
1086 5203 1168 5257 vel
1219 5202 1481 5258 olivetum
1534 5202 1742 5271 jurare,
1796 5216 1996 5256 vanum

417 5299 503 5344 est
540 5299 598 5345 et
644 5292 963 5346 irrationale
995 5293 1243 5349 omnino.
1292 5295 1423 5349 Item
1459 5295 1576 5364 ipse
1622 5294 1880 5363 prohibet
1920 5294 2000 5347 vi-

420 5395 576 5445 num,
612 5389 836 5450 propter
870 5381 1154 5439 ebrietatis
1205 5385 1545 5449 evasionem,
1585 5384 1729 5439 sicut
1768 5384 1823 5437 in
1880 5383 2000 5453 plu-

422 5472 578 5526 ribus
615 5473 753 5527 locis
775 5473 927 5530 dicit.
965 5474 1070 5532 Sed
1096 5492 1220 5532 cum
1256 5478 1442 5533 viuum
1470 5491 1570 5546 per
1598 5478 1837 5550 seipsum
1886 5491 2001 5530 ma-

423 5564 537 5618 lum
570 5580 679 5621 non
711 5568 804 5632 sit,
851 5569 1053 5625 suﬁicit
1082 5571 1252 5626 solam
1278 5571 1602 5626 ebrietatem
1637 5585 1852 5625 cavere.
1891 5569 1998 5625 Sed

426 5655 640 5710 videtur
664 5673 856 5717 omnes
904 5663 1213 5718 Saracenos
1256 5670 1545 5732 suspectos
1593 5661 1819 5729 habere,
1851 5663 1997 5731 (μιθά

423 5744 608 5800 nullus
646 5762 835 5806 eorum
874 5754 1045 5821 possit
1085 5755 1169 5809 vel
1202 5753 1577 5816 mediocriter,
1614 5754 1697 5807 vel
1747 5768 1872 5809 cum
1915 5767 2002 5808 so-

420 5833 650 5895 bt'ictatc
684 5845 806 5902 riuo
857 5846 985 5929 uti,
1012 5848 1154 5903 unde
1194 5849 1312 5919 ejus
1362 5846 1675 5901 dehortatio
1701 5861 1766 5925 ex
1802 5861 1992 5901 neccs~

2092 3283 2261 3353 ἄνδρα
2288 3277 2430 3336 εἶναι
2467 3274 2766 3353 μακάριον,
2796 3271 3010 3343 οὗτινος
3056 3280 3089 3348 ἡ
3128 3278 3265 3349 γυνὴ
3303 3277 3532 3338 πολλοὺς
3563 3274 3662 3329 ἄλ-

2091 3376 2216 3439 λους
2252 3374 2454 3444 ἄνδρας
2513 3373 2663 3443 ἔχεις
2713 3372 2954 3441 Ἀνάγκη
3003 3371 3188 3425 τοίνυν
3221 3369 3253 3439 ἢ
3284 3371 3383 3437 τὴν
3427 3369 3660 3437 γυναῖκα

2090 3463 2232 3522 εἶναι
2261 3469 2573 3538 εὐδαίμονα,
2616 3468 2710 3520 καὶ
2738 3467 2829 3521 τὸν
2866 3466 3034 3536 ἄνδρα
3058 3463 3319 3534 δυστυχῆ,
3368 3463 3401 3533 ῆ
3436 3460 3526 3515 τὸν
3560 3459 3660 3529 μὲν

2091 3562 2258 3632 ἄνδρα
2297 3561 2590 3631 μακάριον,
2628 3558 2718 3622 τὰς
2759 3559 2816 3612 δὲ
2838 3560 3107 3626 γυναῖκας
3137 3555 3232 3608 καὶ
3259 3555 3360 3617 τὰς
3389 3552 3662 3623 νεωτέρας

2091 3651 2271 3706 αὐτῶν
2299 3650 2724 3720 κακοδαίμονας.
2758 3648 2879 3712 Πῶς
2914 3648 2970 3701 δὲ
2996 3645 3222 3701 δυνατὸν
3275 3639 3415 3698 εἶναι
3476 3643 3658 3713 μακὰ-

2094 3759 2230 3813 ριον,
2264 3734 2324 3795 οὗ
2368 3742 2519 3794 πᾶσα
2547 3740 2579 3809 ἡ
2614 3739 2762 3793 οίκία
2796 3739 2864 3809 ἢν
2913 3737 3128 3807 ἀγαπᾷ,
3171 3734 3332 3789 ἀθλία
3361 3734 3457 3787 καὶ
3496 3747 3667 3786 κακο-

2092 3832 2302 3902 δαίμων
2336 3831 2484 3886 ὲστίν
2507 3847 2529 3897 ;
2561 3829 2949 3900 Εὐλογώτερον
2976 3828 3155 3882 τοίνυν
3179 3828 3359 3895 λέγειν
3388 3824 3484 3878 καὶ
3534 3823 3679 3885 τοὺς

2092 3925 2294 3993 ἄνδρας
2350 3924 2444 3978 καὶ
2494 3923 2591 3987 τὰς
2630 3906 2894 3993 γυναῖκας
2938 3921 3132 3985 ἀθλίας
3170 3916 3311 3974 εἶναι
3357 3917 3453 3973 καὶ
3497 3933 3665 3972 κακο-

2090 4015 2375 4084 δαίμονας.

2176 4104 2365 4160 Ταῦτα
2426 4103 2613 4176 ὥσπερ
2692 4105 2752 4158 ἐν
2817 4102 3156 4175 παρεκϐάσει
3219 4099 3482 4174 εἰρημένα
3561 4097 3662 4167 ἀρ-

2093 4198 2260 4254 κείτω
2298 4197 2436 4269 πρὸς
2491 4197 2549 4250 τὸ
2578 4196 2746 4261 δεῖξαι
2789 4197 2982 4265 ἄλογον
3024 4191 3165 4251 εῖναι
3202 4195 3290 4248 τδν
3314 4194 3476 4264 νόμον
3518 4190 3669 4245 κατὰ

2091 4291 2153 4345 τὸ
2187 4289 2340 4353 τέλος
2391 4288 2485 4344 καὶ
2529 4288 2590 4341 τὸ
2627 4283 2789 4341 ἆθλον
2851 4289 3297 4357 δ’ὐπισχνεῖται.
3339 4287 3566 4353 Ἀλογον
3606 4283 3665 4335 δὲ

2094 4382 2188 4435 καὶ
2244 4379 2365 4434 καθ’
2418 4380 2583 4449 ἕτερα
2638 4378 2807 4432 πολλὰ
2852 4379 2920 4432 τὰ
2945 4379 3003 4432 ὲν
3032 4377 3221 4448 τούτῳ
3270 4377 3661 4447 περιεχόμεναο

2095 4469 2286 4540 ὥσπερ
2313 4469 2507 4524 αὐτόθι
2535 4467 2774 4537 συνεχῶς
2803 4465 3249 4538 παρεμὸάλλεται
3283 4465 3312 4517 ὁ
3342 4464 3470 4526 Θεὸς
3498 4463 3665 4532 ὀμνὺς

2097 4563 2239 4616 κατὰ
2264 4563 2365 4631 τῆς
2401 4558 2640 4622 πίστεως
2685 4559 2914 4623 πόλεως,
2947 4560 3042 4613 καὶ
3088 4560 3228 4611 κατὰ
3260 4555 3353 4609 τοῦ
3397 4553 3665 4615 συκεῶνος

2098 4652 2193 4706 καὶ
2226 4651 2319 4704 τοῦ
2353 4648 2628 4713 ὲλαιῶνος·
2663 4645 2692 4701 ὃ
2720 4646 2970 4717 φαίνεται
2997 4646 3290 4718 διαρρήδην
3343 4646 3399 4697 ὲν
3452 4640 3531 4712 τῷ
3570 4656 3662 4693 κε-

2099 4742 2314 4813 φαλαίῳ
2366 4741 2443 4811 τῷ
2500 4739 2714 4809 Ἑλτὶμ,
2758 4738 2787 4791 ὃ
2837 4737 3203 4810 ἑρμηνεύεται
3230 4733 3413 4803 συκῆ.
3457 4734 3521 4786 Ol
3553 4733 3662 4803 γὰρ

2097 4835 2378 4904 ἄνθρωποι
2409 4834 2553 4885 κατὰ
2602 4830 2696 4882 τοῦ
2749 4829 2993 4903 μείζονος
3036 4827 3349 4899 ὀμνύουσιν,
3381 4819 3491 4879 οἷον
3522 4824 3663 4877 κατὰ

2097 4925 2191 4980 τοῦ
2221 4923 2432 4993 Θεοῦ,ἣ
2470 4923 2578 4975 τῶν
2614 4920 2806 4987 ἁγίων.
2850 4920 2913 4975 '0
2935 4921 2992 4974 δὲ
3016 4920 3147 4983 Θεὸς
3174 4918 3250 4989 μὴ
3275 4917 3413 4989 ἔχων
3443 4914 3665 4986 μείζονα

2099 5014 2222 5068 καθ’
2249 5007 2313 5067 οὗ
2355 5011 2421 5065 ἂν
2453 5010 2723 5080 ὀμόσειεν,
2776 5006 2965 5060 είωθεν
3014 5006 3245 5077 ὀμνύναι
3290 5005 3414 5059 καθ’
3442 5003 3660 5065 ἑαυτοῦ,

2097 5107 2174 5171 ὡς
2208 5107 2370 5168 αὐτὸς
2406 5105 2510 5176 ἔφη
2537 5103 2616 5174 τῷ
2657 5101 2928 5172 Ἀϐραὰμ,
2961 5102 3035 5164 ὡς
3075 5101 3296 5168 λέγεται
3323 5099 3381 5151 ἐν
3403 5097 3479 5168 τῷ
3517 5096 3666 5165 πρώ-

2104 5218 2183 5271 τῳ
2216 5199 2313 5268 τῆς
2353 5198 2649 5258 Γενέσεως.
2679 5193 2755 5247 Τὸ
2796 5194 2855 5246 δὲ
2903 5194 3047 5247 κατὰ
3077 5193 3172 5245 τοῦ
3207 5191 3471 5252 συκεῶνος
3509 5188 3541 5259 ἢ
3570 5188 3665 5241 τοῦ

2099 5292 2356 5353 ὲλαιῶνος
2382 5289 2611 5361 ὀμνύναι
2639 5286 2870 5358 μάταιόν
2891 5290 3008 5340 ἑστι
3031 5289 3125 5341 καὶ
3148 5284 3340 5352 ἄλογον
3363 5283 3661 5345 παντελῶς.

2104 5386 2226 5438 Ἔτι
2276 5384 2437 5446 αὐτὸς
2480 5380 2678 5435 κωλύει
2751 5379 2842 5433 τὸν
2885 5373 3027 5432 οἶνον
3071 5378 3161 5431 διὰ
3202 5376 3303 5450 τὴν
3342 5378 3441 5447 τῆς
3494 5374 3675 5444 μέθης-

2101 5477 2411 5547 ἀποφυγὴν,
2461 5474 2536 5538 ὣς
2574 5488 2741 5544 φησιν
2781 5475 2840 5526 ὲν
2872 5470 3086 5524 πλείοσι
3119 5469 3326 5531 τόποις.
3379 5467 3533 5520 Ἀλλὰ
3568 5467 3662 5518 τοῦ

2101 5569 2248 5624 οἴνου
2314 5570 2387 5638 μὴ
2425 5566 2546 5621 καθ’
2599 5564 2794 5618 ἑαυτὸν
2827 5564 2982 5627 ὄντος
3031 5559 3242 5625 κακοῦ,
3284 5559 3443 5630 ἢρκει
3498 5557 3663 5629 μόνην

2103 5664 2203 5733 τὴν
2248 5661 2421 5731 μέθην
2481 5654 2844 5727 φυλάξασθαι.
2886 5655 3051 5710 Ἀλλὰ
3103 5653 3251 5707 δοκεῖ
3302 5652 3511 5711 πάντας
3538 5650 3661 5711 τοὺς

2102 5750 2499 5825 Σαρῤακηνοὺς
2533 5745 2890 5813 ὑποπτεύειν,
2935 5745 3012 5808 ὡς
3041 5744 3267 5816 μηδενὸς
3304 5741 3485 5796 αὐτῶν
3514 5740 3663 5793 δυνα-

2104 5847 2268 5917 μένου
2304 5846 2336 5916 ἢ
2376 5843 2611 5915 μετρίως
2640 5841 2671 5914 ἢ
2708 5841 2849 5914 μετὰ
2887 5841 3099 5913 νήψεως
3127 5836 3360 5907 χρῆσθαι
3388 5833 3469 5909 τῷ
3512 5835 3658 5903 οϊνῳ.
