4068 6456
378 342 514 408 1089

1534 340 1826 399 CONTRA
1868 340 2354 402 MAlIUMETEM

3497 339 3633 404 1090

378 452 543 514 Ὅθεν
591 456 849 527 ὴτούτου
897 458 1185 528 ἀπίιτροπὴ
1240 457 1298 525 ἐξ
1351 457 1597 528 ἀνάγκης
1657 457 1956 536 ἀναγκάζει

2070 461 2219 516 sitatc
2250 459 2394 530 cogit
2422 459 2507 514 vel
2553 458 2755 512 malum
2800 472 2922 512 esse
2947 458 3133 511 vinum
3175 457 3519 526 simpliciter,
3550 458 3635 512 vel

376 550 555 619 λέγειν
587 551 619 621 ἢ
669 550 837 603 κακὸν
867 546 1006 603 εἶναι
1039 553 1126 603 τὸν
1176 545 1317 603 οἶνον
1354 550 1564 613 ἁπλῶς,
1598 550 1629 620 ἢ
1666 552 1789 611 τοὺς
1823 550 1959 621 Σαρ-

389 644 658 714 ρακηνοὺς
707 643 969 712 ἀκρατεῖς
1009 643 1277 712 ὑπάρχειν
1320 642 1576 695 καθόλου.

384 758 466 812 6'.
490 755 621 809 Ὀτι
646 758 678 808 ὁ
695 754 814 808 τῶν
832 754 1235 823 Σαρῤακηνῶν
1257 757 1440 821 νόμος
1468 753 1962 825 ὁμολογουμένως

900 825 1160 894 περιέχει
1198 827 1452 894 ψεῦδος.

462 914 717 966 ¹Ἐννατον
746 913 829 966 δεῖ
858 912 1103 984 θεωρεῖν,
1122 915 1203 967 ὅτι
1236 916 1265 972 δ
1296 917 1456 983 νόμος
1489 905 1649 976 οὗτος
1678 914 1776 967 οὐκ
1811 913 1957 966 ἔστιν

390 1008 553 1075 νόμος
581 1004 743 1073 Θεοῦ,
771 1006 893 1058 ἐπεὶ
938 1005 1349 1076 ὁμολογούμενα
1385 1007 1634 1076 περιέχει
1663 1005 1856 1076 ψεύδη.
1904 1006 1964 1058 '0

390 1096 497 1165 γὰρ
552 1095 683 1158 Θεὸς
740 1095 931 1164 πρώτη
969 1097 1063 1147 καὶ
1102 1094 1249 1165 ἄκρα
1281 1096 1427 1147 ἐστὶν
1457 1092 1709 1163 ἀλήθεια,
1741 1094 1874 1165 παρ’
1902 1086 1964 1147 οὗ

386 1185 643 1255 λεχθῆναί
664 1204 716 1236 τι
737 1184 931 1253 ψεῦδος
954 1185 1210 1240 ἀδύνατον
1252 1184 1341 1237 Ἐν
1365 1185 1443 1255 τῷ
1487 1184 1787 1255 Ἀλκοράνῳ
1824 1185 1881 1237 δὲ
1907 1186 1965 1238 ἐν

390 1276 465 1346 τῷ
498 1276 778 1345 κεφαλαίῳ
822 1273 915 1327 τοῦ
954 1275 1109 1328 Ἰωνᾶ
1138 1292 1293 1344 φησι,
1327 1276 1421 1338 Τίς
1459 1274 1536 1336 εἰς
1580 1274 1676 1345 τὴν
1707 1273 1966 1344 ἀλήθειαν

390 1366 513 1435 ἄγει
533 1381 548 1429 ;
594 1365 702 1418 Kal.
736 1364 1178 1435 ἀποκρινόμενος,
1221 1361 1374 1417 εἶπεν
1399 1404 1415 1431 ,
1448 1365 1505 1418 ’0
1537 1366 1665 1428 Θεὸς
1704 1364 1967 1419 κατευθύ-

388 1474 472 1509 νει
500 1456 598 1524 τὴν
624 1456 908 1525 ἀλήθειαν*
938 1457 1032 1508 καὶ
1082 1459 1110 1509 ὁ
1162 1455 1514 1509 κατευθύνων
1560 1456 1658 1526 τὴν
1705 1456 1966 1526 ἀλήθειάν

390 1550 536 1601 ἐστιν
561 1547 943 1618 ἁλήθειαζκαὶ
974 1549 1240 1619 προσήκει
1265 1549 1453 1601 τοῦτον
1491 1548 1803 1619 μιμεῖσθαι.
1846 1549 1958 1603 Καὶ

395 1639 535 1708 μετὰ
574 1640 750 1716 ταῦτα
808 1637 1026 1717 ἀληθῶς
1073 1639 1173 1709 οὐχ
1231 1638 1461 1708 ἁρμόζει
1493 1638 1621 1708 θείῳ
1653 1640 1800 1710 νόμῳ
1846 1639 1963 1693 τόδε

391 1729 648 1799 λέγεσθαί
686 1748 739 1783 τι
776 1730 905 1784 ἄνευ
964 1728 1140 1783 Θεοῦ*
1193 1730 1330 1784 ἀλλὰ
1386 1731 1446 1784 τὸ
1500 1730 1699 1801 ψεῦδος
1755 1733 1849 1785 καὶ
1903 1731 1965 1784 τὸ

2064 552 2369 606 Saracenos
2403 549 2789 606 universaliter
2838 549 3245 605 incontinentes
3283 563 3424 603 esse.

2133 753 2223 809 IX.
2257 753 2407 819 Quod
2437 753 2522 807 (ea:
2550 752 2945 875 Saracenogunt
2985 750 3266 820 manifesta
3305 747 3571 802 contineat

2699 839 2815 875 men
2857 839 2996 875 acia.

2699 839 2996 876 menaacm.

2132 917 2289 971 Nono
2315 922 2535 985 oportet
2565 913 2940 979 considerare,
2975 912 3122 982 quod
3158 913 3242 966 lex
3275 912 3390 967 haec
3420 927 3528 965 nou
3557 918 3645 966 est

2063 1008 2147 1063 lex
2207 1008 2323 1070 Dei,
2371 1008 2632 1075 quoniam
2690 1006 2982 1060 manifesta
3041 985 3287 1059 contiiiet
3334 1001 3641 1058 mendacia.

2066 1097 2210 1151 Deus
2241 1098 2387 1173 enim
2418 1112 2631 1152 summa
2667 1105 2723 1149 et
2753 1094 2928 1164 prima
2963 1102 3048 1148 est
3078 1094 3303 1156 veritas,
3333 1109 3365 1147 a
3396 1107 3506 1161 quo
3535 1091 3645 1146 dici

2065 1190 2284 1259 aliquod
2334 1188 2681 1244 mendacium
2726 1193 2810 1242 est
2864 1186 3225 1256 impossibile.
3264 1184 3326 1237 ln
3353 1184 3642 1246 Alcorano,

2067 1282 2123 1335 in
2173 1296 2294 1350 cap.
2340 1280 2513 1345 Jonas,
2551 1280 2686 1334 dicit
2720 1297 2733 1332 :
2782 1278 2918 1344 Quis
2947 1278 3001 1332 in
3034 1279 3321 1332 veritatem
3372 1276 3560 1330 ducit?
3585 1284 3645 1329 et

2067 1375 2409 1444 respondens
2449 1373 2620 1428 dicit:
2653 1373 2795 1427 Deus
2843 1371 3033 1441 dirigit
3091 1371 3406 1432 veritatem,
3453 1378 3509 1423 et
3548 1366 3644 1438 qui

2065 1465 2251 1536 dirigit
2279 1465 2562 1519 veritatem
2605 1472 2691 1518 est
2719 1463 2939 1524 veritas,
2975 1472 3031 1518 et
3058 1462 3317 1517 convenit
3360 1476 3485 1516 eum
3519 1460 3645 1514 rmi-

2068 1557 2190 1613 tari.
2228 1557 2296 1610 Et
2324 1566 2447 1625 post
2500 1554 2615 1610 hinc
2642 1569 2769 1609 vere
2801 1570 2907 1608 non
2955 1555 3205 1622 congruit
3255 1553 3454 1607 dit-ina:
3510 1552 3638 1621 legi,

2066 1649 2177 1704 dici
2226 1648 2432 1717 aliquid
2469 1647 2587 1701 sine
2634 1646 2769 1720 Deo,
2817 1644 2909 1700 sed
2954 1644 3296 1699 mendacium
3330 1652 3386 1696 et
3420 1641 3644 1711 ﬁgmen-

2068 1751 2180 1795 tum
2216 1741 2422 1808 absque
2459 1740 2567 1794 Deo
2604 1738 2827 1792 dicitur.
2879 1736 3036 1792 Sicut
3064 1737 3211 1791 enim
3248 1736 3424 1801 inquit
3458 1733 3647 1804 Augu-

395 1823 619 1892 πλάσμα
668 1821 796 1876 ἄνευ
846 1821 981 1875 Θεοῦ
1008 1822 1247 1891 λέγεται.
1287 1824 1378 1886 Ὠς
1398 1823 1533 1895 ,γάρ
1558 1841 1724 1893 φησιν
1756 1824 1964 1894 Αὐγου-

2070 1833 2246 1888 stinus
2278 1846 2290 1884 :
2339 1831 2395 1886 Si
2430 1831 2484 1885 in
2515 1830 2826 1900 Evangelia
2878 1843 3050 1882 unum
3084 1827 3262 1882 solum
3300 1827 3645 1881 mendacium

397 1915 599 1981 στῖνος,
633 1915 695 1967 Et
722 1916 782 1968 ὲν
831 1912 909 1983 τῷ
946 1913 1263 1984 Εὑαγγελίῳ
1296 1914 1354 1967 ἓν
1392 1915 1553 1984 μόνον
1585 1916 1780 1985 ψεῦδος
1811 1916 1964 1987 εὑρί-

399 2023 583 2071 σκετο,
620 2006 741 2059 ὅλον
772 2006 839 2061 ἂν
866 2006 924 2059 τὸ
950 2006 1282 2074 Εὐαγγέλιον
1306 2005 1447 2059 κατὰ
1479 2006 1570 2061 τὸν
1613 2007 1775 2060 αὑτὸν
1808 2007 1966 2075 λόγον

399 2094 639 2148 ὕποπτον
679 2090 747 2164 ἦν
776 2097 872 2149 καὶ
915 2094 1112 2165 ψεῦδος
1156 2097 1741 2168 ἀποδεδοκιμασμένον.
1795 2098 1868 2151 Τὸ
1912 2098 1967 2151 δὲ

409 2187 733 2258 Ἀλκοράνον
770 2187 939 2241 πολλὰ
966 2187 1066 2258 μὲν
1101 2186 1280 2258 ἁληθῆ
1310 2188 1577 2259 περιέχει,
1609 2187 1666 2241 ἐν
1695 2206 1754 2242 τε
1787 2191 1969 2259 Εὐαγη

396 2277 563 2349 γελίῳ
615 2277 827 2349 καὶτῷ
855 2279 1005 2349 νόμῳ
1050 2279 1298 2342 Μωσέως
1345 2280 1449 2333 καὶ
1500 2281 1613 2343 τοῖς
1661 2282 1969 2352 προφήταις

396 2373 759 2443 περιεχόμενα
783 2388 798 2404 ο
827 2373 941 2426 ἀλλ’
975 2373 1137 2437 αὐτὸς
1176 2374 1205 2425 ὁ
1256 2372 1562 2443 Μαχούμετ
1612 2376 1853 2429 τοσαῦτα
1904 2378 1971 2430 ἐκ

398 2464 506 2517 τῶν
537 2462 682 2518 ἰδίων
709 2463 1003 2534 περιέϐαλε
1025 2464 1221 2536 ψεύδη,
1243 2464 1376 2519 ὥσθ’
1401 2467 1522 2520 ὅλον
1582 2467 1800 2537 ἀληθῶς
1842 2468 1972 2522 ὕπο-

411 2545 557 2610 πτον’
577 2558 671 2611 καὶ
715 2559 909 2626 ψεῦδος
944 2558 1150 2626 ὀφείλει
1181 2559 1521 2629 νομίζεσθαι,
1547 2560 1642 2614 καὶ
1677 2561 1853 2631 ἔργον·
1878 2559 1971 2615 τοῦ

396 2649 629 2719 ψεύστου
671 2650 766 2703 καὶ
791 2649 887 2703 τοῦ
912 2650 1115 2720 πατρὸς
1144 2651 1336 2707 αὐτοῦ.
1381 2653 1699 2721 ’Ᾱνάγονται
1727 2654 1784 2707 δὲ
1815 2657 1882 2706 τὰ
1915 2656 1974 2706 ἐν

395 2742 588 2811 ἐκείνῳ
634 2741 803 2812 ψεύδη
854 2743 983 2811 περὶ
1030 2743 1251 2808 ἑαυτοῦ,
1285 2745 1414 2813 περὶ
1448 2745 1556 2797 τῶν
1603 2745 1970 2815 Χριστιανῶν,

350 2874 353 2875 ν
396 2835 524 2906 περὶ
573 2834 681 2887 τῶν
721 2834 1009 2900 Ἰουδαίων,
1044 2836 1172 2906 περὶ
1201 2835 1310 2889 τῶν
1341 2837 1672 2900 ἀποστόλων,
1711 2838 1839 2906 περὶ
1869 2838 1975 2891 τῶν

396 2925 772 2997 πατριαρχῶν,
802 2927 930 2997 περὶ
962 2926 1070 2980 τῶν
1095 2927 1386 2999 δαιμόνων,
1411 2931 1538 2998 περὶ
1567 2928 1675 2983 τῶν
1700 2930 1972 2999 ἀγγέλων,

400 3017 667 3087 περὶτῆς
723 3016 999 3089 Παρθένου
1055 3020 1319 3090 Μαρίας,
1369 3022 1497 3092 περὶ
1559 3019 1655 3073 τοῦ
1714 3021 1972 3092 Χριστοῦ,

400 3113 526 3180 περὶ
559 3107 654 3162 τοῦ
682 3109 838 3165 Θεοῦ.

443 3198 582 3267 ,Καὶ
605 3200 734 3271 περὶ
793 3201 989 3255 ἑαυτοῦ
1052 3204 1156 3273 μέν
1205 3221 1391 3274 φησιν,
1418 3205 1501 3259 ὅτι
1533 3206 1652 3260 ἐστὶ
1678 3208 1851 3275 τέλοῖ,
1882 3209 1975 3263 καὶ

402 3292 657 3361 σφραγὶς,
691 3292 785 3346 καὶ
848 3294 1029 3362 σιωπὴ
1086 3295 1305 3349 πάντων
1356 3295 1464 3350 τῶν
1522 3298 1838 3367 προφητῶν.
1867 3301 1976 3354 Καὶ

398 3382 720 3451 προστάττει
734 3370 1115 3439 ἀποκτιννύναι
1139 3384 1317 3440 πάντα
1340 3385 1431 3440 τὸν
1450 3388 1568 3457 μετ’
1588 3389 1750 3443 αὑτὸν
1774 3390 1977 3461 διισχυ-

400 3471 680 3542 ριζόμενον
712 3471 851 3527 εἶναί
880 3491 1004 3528 τινα
1037 3478 1350 3547 προφήτην.
1405 3478 1567 3534 Ἀλλὰ
1597 3483 1671 3551 μὴ
1725 3482 1978 3536 συνεστάι

395 3565 465 3635 λη
490 3566 522 3635 ἡ
552 3565 672 3636 χεὶρ
715 3566 945 3637 Κυρίου,
984 3566 1123 3621 ὥστε
1176 3569 1250 3640 μὴ
1307 3570 1566 3624 δύνασθαι
1619 3573 1739 3642 μετ’
1773 3577 1978 3629 ἐκεῖνον

395 3655 578 3710 δοῦναι
612 3655 706 3709 καὶ
737 3657 907 3727 ἑτέρη)
960 3657 1176 3729 πνεῦμα
1225 3661 1586 3731 προφητείας.
1625 3664 1732 3717 Καὶ
1797 3664 1879 3718 ὅτι
1914 3666 1974 3719 οὐ

398 3752 556 3820 μόνον
587 3750 634 3802 οἱ
664 3751 982 3820 Χριστιανοὶ
1022 3754 1115 3805 καὶ
1166 3754 1214 3806 οἱ
1281 3754 1528 3807 Ἰουδαῖοι
1589 3756 1806 3824 λέγουσι
1847 3773 1976 3828 παρ’

397 3842 579 3906 αὐτοῖς
602 3835 741 3895 εἶναι
773 3843 1055 3914 προφήτας
1089 3845 1205 3914 μετ’
1228 3846 1457 3910 ἐκεῖνον,
1493 3847 1713 3915 πνεῦμα
1758 3865 1980 3918 προφη-

396 3934 544 3996 τείας
573 3934 895 4002 ὲσχηκότας,
928 3934 1065 3986 ἀλλὰ
1093 3936 1187 3988 καὶ
1218 3936 1374 3988 αὐτοὶ
1403 3937 1652 4012 ἐδέξαντο
1690 3940 1747 3991 ὲν
1802 3937 1977 3993 Βαϐυ-

399 4023 528 4076 λῶνι
583 4027 867 4095 προφήτην
918 4027 1041 4079 τινὰ
1096 4027 1269 4095 Σόλεμ
1302 4028 1721 4098 ὀνομαζόμενον,
1747 4030 1774 4084 ὃ
1806 4033 1977 4102 ἑρμη-

397 4114 606 4168 νεύεται
665 4115 908 4185 κλίμαξ,
959 4116 1018 4168 ὃν
1073 4118 1122 4171 οί
1183 4119 1454 4188 Τάρταροι
1496 4121 1849 4188 ἀπέκτειναν,
1884 4123 1978 4175 καὶ

404 4204 522 4273 μετ’
554 4206 716 4259 αὐτοῦ
738 4208 836 4259 οὐκ
868 4207 1047 4274 ὀλίγον
1082 4207 1282 4277 πλῆθος
1333 4211 1724 4281 Σαρρακηνῶν.
1772 4213 1895 4267 Ἔτι
1920 4213 1976 4265 δὲ

402 4296 528 4363 περ)⁸
581 4294 777 4347 ἑαυτοῦ
845 4312 1034 4363 φησιν,
1095 4297 1337 4368 ἐπαίρων
1391 4301 1603 4367 ἑαυτὸν,
1655 4300 1843 4372 ὥσπερ
1911 4304 1974 4355 ὲκ

396 4382 687 4453 προσώπου
714 4384 807 4437 τοῦ
843 4384 1002 4448 Θεοῦ,
1068 4387 1151 4438 ὅτι
1198 4388 1258 4440 El
1294 4389 1493 4452 πάντες
1523 4390 1798 4460 ἅνθρωποι
1847 4408 1972 4445 συν-

2067 1923 2430 1989 inveniretur,
2466 1930 2643 1976 totum
2675 1921 3027 1991 Evangelium
3057 1918 3363 1974 secundum
3396 1917 3647 1972 eamdem

2070 1994 2345 2069 rationem}
2386 2021 2703 2082 suspectum
2739 2020 2886 2067 esset
2938 2023 2995 2065 et
3044 2010 3259 2065 falsum.
3318 2010 3644 2065 Aleoranum

2067 2117 2248 2162 autem
2307 2108 2475 2161 multa
2506 2106 2729 2175 quidem
2766 2119 2893 2159 vera
2919 2102 3184 2168 continet,
3220 2117 3342 2171 quas
3369 2102 3425 2156 in
3473 2102 3651 2156 Evan-

2068 2199 2210 2270 gelio
2239 2209 2294 2253 et
2322 2199 2437 2268 lege
2468 2196 2637 2268 Moysi
2689 2207 2744 2250 et
2784 2194 3072 2264 pmphetis
3122 2192 3508 2260 continentur;
3550 2192 3647 2247 sed

2070 2293 2187 2362 ipse
2216 2291 2557 2365 Mahometus
2588 2299 2666 2343 tot
2714 2304 2779 2344 ex
2828 2288 3069 2359 propriis
3120 2285 3407 2341 manifesta
3454 2286 3650 2340 inserit

2070 2383 2373 2450 mendacia,
2409 2391 2469 2438 ut
2504 2391 2679 2437 totum
2714 2382 2829 2437 fere
2873 2388 3189 2452 suspectum
3240 2386 3295 2435 et
3328 2378 3526 2434 falsum
3557 2377 3653 2452 de-

2071 2474 2200 2529 beat
2223 2474 2543 2537 existimari,
2575 2482 2787 2542 etopus
2811 2450 3075 2540 illius—qui
3112 2471 3340 2524 mendax
3367 2476 3449 2522 est
3477 2476 3534 2521 et
3558 2450 3656 2536 pa-

2074 2577 2154 2621 ter
2198 2569 2339 2637 eius.
2391 2565 2752 2621 Reducuntur
2782 2573 2964 2619 autem
3016 2578 3137 2633 quae
3174 2563 3231 2615 in
3261 2576 3327 2616 eo
3366 2557 3652 2614 mendacia

2074 2661 2448 2724 continentur,
2511 2658 2577 2713 ad
2632 2659 2820 2713 decem
2870 2672 3071 2727 genera
3119 2654 3460 2725 principalia.
3512 2652 3658 2706 Dicit

2040 2752 2222 2817 enim
2271 2751 2554 2806 mendacia
2607 2750 2675 2805 de
2705 2750 2910 2818 seipso,
2945 2748 3012 2801 de
3042 2746 3393 2808 Christianis,
3438 2744 3506 2799 de
3553 2741 3653 2797 Ju-

2074 2842 2227 2907 daeis,
2260 2842 2330 2896 de
2370 2840 2654 2912 apostolis,
2708 2840 2777 2895 de
2805 2838 3156 2923 patriarchis,
3194 2838 3263 2892 de
3289 2834 3652 2899 dunnonibus,

2075 2934 2143 2989 de
2175 2934 2401 3006 angelis,
2434 2935 2501 2988 de
2541 2931 2764 3002 Virgine
2796 2930 2985 2997 Maria,
3016 2929 3085 2985 de
3115 2927 3356 2992 Christo,
3387 2926 3457 2982 de
3484 2927 3617 2981 Deo.

2150 3212 2216 3267 Et
2245 3210 2314 3266 de
2342 3210 2521 3281 seipso
2552 3207 2776 3279 quidem
2822 3206 2978 3273 dicit,
3024 3205 3173 3276 quod
3206 3213 3291 3260 est
3335 3203 3458 3259 linis
3493 3214 3550 3258 et
3577 3204 3655 3259 si-

2077 3302 2263 3373 gillum
2290 3311 2342 3358 et
2380 3303 2661 3358 silentium
2695 3304 2942 3355 omnium
2983 3298 3400 3369 prophetarum.
3451 3295 3519 3350 Et
3560 3296 3653 3367 ju-

2078 3395 2170 3453 bet
2199 3397 2460 3461 interimi,
2495 3394 2809 3465 quicunque
2851 3402 2975 3464 post
3026 3405 3155 3447 eum
3209 3405 3267 3445 se
3328 3387 3651 3458 prophetam

2075 3505 2199 3545 esse
2234 3489 2556 3544 asseruerit.
2587 3488 2694 3543 Sed
2724 3502 2835 3541 non
2868 3486 2950 3541 sic
2999 3490 3281 3538 tontracta
3328 3487 3415 3535 est
3459 3494 3655 3533 manus

2078 3581 2316 3645 Domini,
2346 3589 2539 3634 utnon
2588 3585 2777 3648 posset
2809 3588 2935 3646 post
2984 3575 3134 3629 illum
3196 3572 3327 3628 dare
3386 3580 3445 3625 et
3495 3567 3654 3623 alteri
3742 3566 3747 3577 '

2076 3672 2328 3742 spiritum
2360 3646 2679 3741 prophetiae.
2708 3669 2776 3723 Et
2809 3668 2957 3738 quod
3009 3683 3117 3721 non
3148 3666 3327 3722 solum
3355 3646 3655 3720 Christiani

2075 3773 2131 3820 et
2162 3762 2336 3818 Judaei
2369 3763 2563 3817 dicunt
2586 3762 2729 3831 apud
2760 3775 2857 3816 eos
2888 3774 3012 3815 esse
3056 3759 3372 3828 prophetas,
3411 3756 3505 3824 qui
3533 3762 3656 3825 post

2078 3858 2229 3912 illum
2262 3856 2515 3926 spiritum
2556 3853 2859 3924 prophetia:
2907 3847 3390 3915 habuerunt,.sed
3437 3855 3495 3901 et
3550 3845 3654 3915 ipsi

2075 3958 2436 4022 susceperunt
2463 3947 2608 4016 apud
2639 3944 2914 4015 Babylona
2960 3943 3286 4013 prophetam
3333 3936 3652 4009 quemdam,

2075 4040 2170 4109 qui
2211 4039 2392 4095 Solem
2443 4036 2842 4107 appellabatur,
2875 4032 3025 4104 quod
3056 4033 3453 4101 interpretatur
3479 4028 3652 4093 scala,
3756 4069 3763 4075 .

2075 4145 2236 4201 quem
2265 4129 2481 4183 Tartari
2513 4129 2937 4190 interemerunt,
2973 4132 3030 4179 et
3072 4137 3198 4177 eum
3247 4137 3315 4177 eo
3362 4136 3473 4176 non
3517 4135 3656 4191 pau-
3727 4170 3732 4175 .

2074 4237 2194 4278 cam
2220 4221 2631 4275 multitudinem
2685 4218 3110 4273 Saracenorum.
3170 4215 3304 4269 item
3352 4215 3422 4269 de
3474 4213 3657 4283 seipso
3721 4206 3725 4211 ’

2074 4316 2226 4380 dicit,
2267 4315 2506 4383 seipsum
2543 4313 2843 4379 extollens,
2881 4321 3140 4380 tanquam
3172 4325 3238 4364 ex
3259 4322 3490 4379 persona
3537 4306 3652 4370 Dei,

2056 4405 2229 4475 'Quod
2263 4406 2308 4460 si
2342 4420 2535 4460 omnes
2563 4404 2814 4459 homines
2847 4411 3332 4473 congregarentur,
3375 4406 3431 4454 et
3460 4411 3655 4454 omnes

397 4474 629 4543 αχθεῖεν,
673 4477 767 4528 καὶ
788 4477 962 4530 πάντα
987 4477 1054 4529 τὰ
1100 4479 1383 4547 πνεύματα
1417 4480 1449 4550 ἢ
1485 4481 1727 4550 ἄγγελοι,
1756 4483 1856 4537 οὐκ
1902 4483 1970 4538 ἂν

2075 4499 2303 4570 spiritus
2332 4499 2416 4554 vel
2454 4497 2654 4568 angeli,
2699 4511 2809 4550 non
2849 4504 3075 4564 possent
3122 4493 3303 4547 facere
3342 4491 3446 4546 tale
3496 4490 3659 4545 Alco-

396 4564 641 4619 δύναιντο
707 4566 934 4634 ποιῆσαι
988 4567 1227 4621 τοιοῦτον
1258 4568 1604 4640 ’Δλκοράνον,
1652 4569 1763 4627 οἷον
1811 4573 1968 4628 τοῦτό

396 4656 565 4708 ὲστιν.
596 4656 667 4707 Ἢ
694 4654 872 4719 τοίνυν
902 4655 1045 4708 οὕτω
1082 4657 1239 4711 τοῦτο
1270 4659 1401 4726 νόει,
1423 4660 1500 4723 ὡς
1543 4663 1618 4732 μὴ
1668 4662 1969 4736 δυνησομέ-

400 4764 506 4800 νων
538 4748 760 4800 ἐκείνων
798 4750 1018 4819 ποιῆσαι
1060 4749 1189 4803 ἄνευ
1237 4751 1336 4820 τῆς
1391 4755 1484 4805 τού
1514 4753 1648 4807 Θεοῦ
1683 4755 1967 4826 βοηθείαςο

402 4840 489 4890 καὶ
520 4839 569 4890 τί
606 4838 932 4907 θαυμαστὸν.
967 4842 1015 4892 εί
1045 4840 1119 4911 μή
1139 4840 1454 4911 δυνήσονται
1481 4844 1657 4908 τοῦτο,
1695 4847 1831 4916 ὅπερ
1877 4851 1971 4903 καὶ

401 4929 557 4991 αὐτὸς
589 4931 687 4981 οὐκ
713 4932 838 4983 ἄνευ
894 4929 1029 4983 Θεοῦ
1080 4932 1438 4999 πεποιηκέναι
1475 4933 1674 5004 φησίν;
1729 4933 1762 5004 ἥ
1803 4935 1972 4989 ,τοῦτο

400 5021 525 5086 νόει,
567 5020 640 5083 ὡς
696 5020 889 5090 οὐκᾶν
921 5022 1256 5092 δυνηθέντων
1282 5025 1504 5077 ἐκείνων
1531 5024 1779 5094 ποιῆσαι,
1806 5027 1854 5078 εί
1877 5026 1971 5079 καὶ

401 5111 503 5163 ὑπὸ
534 5112 667 5164 Θεοῦ
698 5111 995 5182 βοηίιοῐντο.
1053 5113 1213 5167 Ἀλλὰ
1261 5114 1423 5168 τοῦτο
1474 5116 1686 5185 φανερὰ
1728 5116 1974 5187 βλασφη-

406 5201 503 5268 μία
530 5204 665 5258 ἐστί.
1662 5204 1674 5210 ”
1765 5260 1771 5267 .

476 5292 607 5362 Περὶ
642 5294 698 5346 δὲ
729 5293 838 5348 τῶν
864 5294 1203 5362 Χριστιανῶν
1252 5314 1436 5368 φησιν,
1473 5297 1545 5361 ὡς
1590 5297 1838 5352 διδόντων
1897 5300 1974 5369 τῷ

402 5380 520 5452 Θεῷ
556 5386 832 5438 κοινωνόνο
869 5385 898 5438 ὃ
919 5386 1168 5455 φανερῶς
1195 5390 1312 5441 ἐστι
1342 5388 1556 5459 ψεῦδος.
1581 5389 1717 5443 Φασὶ
1766 5390 1873 5460 γὰρ
1923 5394 1972 5444 οἱ

392 5473 717 5549 ⁶Χριστιανοὶ
748 5475 868 5527 καθ’
904 5475 1028 5528 ὅλου
1054 5477 1412 5549 τοῦκόσμου,
1469 5480 1551 5532 ὅτι
1614 5483 1642 5533 ό
1665 5480 1793 5544 Θεός
1855 5486 1973 5535 ἐστι

402 5565 636 5635 μάλιστα
664 5559 745 5629 εἷς
777 5566 868 5622 καὶ
908 5568 1301 5634 ἁπλούστατος.
1342 5571 1489 5625 Μετὰ
1525 5573 1702 5627 ταῦτά
1731 5590 1898 5642 φησιν
1919 5577 1976 5628 ὲν

397 5654 475 5726 τῷ
550 5657 828 5728 κεφαλαίῳ
909 5658 986 5737 τῇ)
1060 5661 1409 5733 Τελτεούμπε
1438 5702 1455 5729 ,
1516 5662 1546 5715 ὃ
1612 5664 1975 5736 ἑρμηνεύεται

396 5744 700 5814 μετάνοια,
721 5747 803 5803 δτι
830 5750 880 5804 oi
909 5749 1227 5817 Χριστιανοὶ
1251 5751 1555 5809 θεοποιοῦσι
1577 5756 1703 5819 τοὺς
1752 5757 1977 5811 ὲπισκόυ

2070 4603 2266 4642 ranum
2303 4588 2446 4640 sicut
2479 4597 2566 4641 est
2599 4586 2724 4641 hoc.
2765 4583 2862 4639 Vel
2908 4584 3074 4654 igitur
3103 4584 3184 4638 sic
3230 4583 3336 4637 hoc
3387 4580 3655 4650 intelligo,

2070 4677 2217 4749 quod
2252 4694 2356 4732 non
2392 4669 2652 4748 poterunt
2682 4676 2759 4731 illi
2798 4675 2977 4730 facere
3011 4676 3221 4744 absque
3265 4672 3472 4727 auxilio
3504 4671 3598 4725 Dei
3636 4687 3652 4726 :

2071 4777 2127 4823 et
2156 4769 2286 4839 quid
2318 4769 2515 4822 mirum
2550 4768 2734 4823 sinon
2779 4776 3038 4836 poterunt
3074 4766 3198 4829 hoc,
3245 4764 3392 4835 quod
3438 4771 3501 4818 et’
3540 4762 3657 4831 ipse

2073 4876 2182 4914 non
2211 4859 2330 4914 sine
2363 4859 2474 4914 Deo
2519 4875 2578 4915 se
2622 4860 2815 4914 fecisse
2869 4858 3039 4913 dicit?
3093 4858 3179 4912 vel
3227 4857 3332 4912 hoc
3389 4856 3655 4925 intellige,

2074 4951 2218 5021 quod
2250 4966 2429 5019 neque
2480 4967 2549 5020 po
2580 4953 2787 5005 uisscnt
2837 4951 2914 5005 illi
2958 4950 3158 5012 facere,
3229 4948 3445 5004 etiamsi
3483 4964 3513 5001 a
3544 4948 3657 5003 Deo

2074 5044 2245 5114 adjuti
2272 5054 2479 5099 essent.
2522 5042 2629 5099 Sed
2661 5048 2765 5098 hoc
2799 5043 3087 5098 manifesta
3123 5043 3461 5114 blaSphemia
3487 5051 3593 5097 est.

2151 5310 2222 5363 De
2271 5311 2598 5367 Christianis
2633 5323 2815 5367 autem
2867 5314 3019 5380 dicit,
3063 5316 3209 5384 quod
3242 5315 3376 5370 dant
3429 5315 3537 5369 Deo
3569 5330 3657 5370 so—

2076 5399 2221 5454 cium
2261 5418 2274 5454 :
2308 5404 2454 5470 quod
2504 5405 2854 5459 manifestum
2907 5416 2992 5461 est
3045 5408 3415 5462 mendacium.
3456 5406 3654 5460 Dicunt

2076 5491 2223 5544 enim
2254 5490 2551 5546 Christiani
2600 5494 2765 5548 totius
2818 5496 3030 5561 mundi,
3063 5496 3209 5564 quod
3255 5496 3394 5549 Deus
3423 5502 3507 5548 est
3533 5507 3654 5547 ma-

2076 5581 2220 5633 xime
2248 5596 2391 5637 unus
2425 5591 2480 5635 et
2533 5583 2996 5653 simplicissimus.
3054 5587 3186 5641 Post
3245 5586 3360 5641 haec
3415 5584 3550 5639 dicit
3596 5583 3656 5639 in

2077 5671 2321 5739 capitulo
2355 5672 2700 5745 'lelteumpe,
2733 5678 2877 5745 quod
2905 5679 3296 5748 interpretatur
3325 5676 3652 5745 poenitentia,

2077 5759 2223 5824 quod
2251 5759 2552 5818 Christiani
2583 5766 2840 5823 deiﬁcant
2873 5769 3161 5828 cuiscooos
3193 5784 3347 5825 suos.
3375 5776 3432 5822 et
3471 5765 3654 5840 ponti-
