  <div class='ocr_page' id='page_1' title='image "/cluster/home/n/w/nwhite01/storage/ocr_20150623/154:no.2/coo.31924054870591/551.png"; bbox 0 0 4068 6468; ppageno 0'>
   <div class='ocr_carea' id='block_1_1' title="bbox 486 346 617 412">
    <p class='ocr_par' dir='ltr' id='par_1_1' title="bbox 486 346 617 412">
     <span class='ocr_line' id='line_1_1' title="bbox 486 346 617 412; baseline 0.015 -2"><span class='ocrx_word' id='word_1_1' title='bbox 486 346 617 412; x_wconf 81' lang='lat'><strong>1091</strong></span> 
     </span>
    </p>
   </div>
   <div class='ocr_carea' id='block_1_2' title="bbox 1774 342 2504 409">
    <p class='ocr_par' dir='ltr' id='par_1_2' title="bbox 1774 342 2504 409">
     <span class='ocr_line' id='line_1_2' title="bbox 1774 342 2504 409; baseline -0.004 -1"><span class='ocrx_word' id='word_1_2' title='bbox 1774 342 2155 408; x_wconf 68' lang='lat' dir='ltr'><strong>DEMETRII</strong></span> <span class='ocrx_word' id='word_1_3' title='bbox 2193 347 2504 409; x_wconf 79' lang='lat' dir='ltr'><strong>CYDONII</strong></span> 
     </span>
    </p>
   </div>
   <div class='ocr_carea' id='block_1_3' title="bbox 3611 356 3750 451">
    <p class='ocr_par' dir='ltr' id='par_1_3' title="bbox 3611 356 3750 451">
     <span class='ocr_line' id='line_1_3' title="bbox 3611 356 3750 451; baseline 0.022 -28"><span class='ocrx_word' id='word_1_4' title='bbox 3611 356 3750 451; x_wconf 66' lang='lat'><strong>1992</strong></span> 
     </span>
    </p>
   </div>
   <div class='ocr_carea' id='block_1_4' title="bbox 472 464 2049 543">
    <p class='ocr_par' dir='ltr' id='par_1_4' title="bbox 472 464 2049 536">
     <span class='ocr_line' id='line_1_4' title="bbox 472 464 2049 536; baseline -0.004 -13"><span class='ocrx_word' id='word_1_5' title='bbox 472 470 624 533; x_wconf 77' lang='lat' dir='ltr'><strong>tices,</strong></span> <span class='ocrx_word' id='word_1_6' title='bbox 652 476 710 523; x_wconf 88' lang='lat' dir='ltr'><strong>et</strong></span> <span class='ocrx_word' id='word_1_7' title='bbox 735 466 1036 523; x_wconf 85' lang='lat' dir='ltr'><strong>monachos</strong></span> <span class='ocrx_word' id='word_1_8' title='bbox 1064 484 1077 522; x_wconf 87' lang='lat'>:</span> <span class='ocrx_word' id='word_1_9' title='bbox 1107 466 1253 536; x_wconf 86' lang='lat' dir='ltr'><strong>quod</strong></span> <span class='ocrx_word' id='word_1_10' title='bbox 1304 465 1503 519; x_wconf 78' lang='lat' dir='ltr'><strong>falsum</strong></span> <span class='ocrx_word' id='word_1_11' title='bbox 1555 475 1659 522; x_wconf 82' lang='lat' dir='ltr'><strong>cst.</strong></span> <span class='ocrx_word' id='word_1_12' title='bbox 1714 464 1826 519; x_wconf 88' lang='lat' dir='ltr'><strong>lloc</strong></span> <span class='ocrx_word' id='word_1_13' title='bbox 1872 470 2049 518; x_wconf 79' lang='lat' dir='ltr'><strong>autem</strong></span> 
     </span>
    </p>
   </div>
   <div class='ocr_carea' id='block_1_5' title="bbox 2149 464 3741 543">
    <p class='ocr_par' dir='ltr' id='par_1_5' title="bbox 2160 464 3741 543">
     <span class='ocr_line' id='line_1_5' title="bbox 2160 464 3741 543; baseline 0.006 -27"><span class='ocrx_word' id='word_1_14' title='bbox 2160 481 2295 527; x_wconf 84' lang='grc' dir='ltr'>πους</span> <span class='ocrx_word' id='word_1_15' title='bbox 2328 464 2529 528; x_wconf 80' lang='grc' dir='ltr'>αὐτῶν,</span> <span class='ocrx_word' id='word_1_16' title='bbox 2565 466 2655 517; x_wconf 84' lang='grc' dir='ltr'>καὶ</span> <span class='ocrx_word' id='word_1_17' title='bbox 2679 466 2805 528; x_wconf 83' lang='grc' dir='ltr'>τοὺς</span> <span class='ocrx_word' id='word_1_18' title='bbox 2828 465 3105 536; x_wconf 79' lang='grc' dir='ltr'>ἀρχιερεῖς</span> <span class='ocrx_word' id='word_1_19' title='bbox 3142 468 3236 522; x_wconf 82' lang='grc' dir='ltr'>καὶ</span> <span class='ocrx_word' id='word_1_20' title='bbox 3262 470 3388 532; x_wconf 79' lang='grc' dir='ltr'>τοὺς</span> <span class='ocrx_word' id='word_1_21' title='bbox 3443 475 3741 543; x_wconf 79' lang='grc' dir='ltr'>μοναχούςο</span> 
     </span>
    </p>
   </div>
   <div class='ocr_carea' id='block_1_6' title="bbox 469 557 2056 628">
    <p class='ocr_par' dir='ltr' id='par_1_6' title="bbox 469 557 2056 628">
     <span class='ocr_line' id='line_1_6' title="bbox 469 557 2056 628; baseline -0.006 -10"><span class='ocrx_word' id='word_1_22' title='bbox 469 563 610 618; x_wconf 83' lang='lat' dir='ltr'><strong>dixit</strong></span> <span class='ocrx_word' id='word_1_23' title='bbox 645 560 1020 624; x_wconf 70' lang='lat' dir='ltr'><strong>Maliometus;</strong></span> <span class='ocrx_word' id='word_1_24' title='bbox 1046 568 1305 628; x_wconf 78' lang='lat' dir='ltr'><strong>tanquam</strong></span> <span class='ocrx_word' id='word_1_25' title='bbox 1335 559 1502 612; x_wconf 87' lang='lat' dir='ltr'><strong>homo</strong></span> <span class='ocrx_word' id='word_1_26' title='bbox 1532 558 1754 628; x_wconf 78' lang='lat' dir='ltr'><strong>ignarus</strong></span> <span class='ocrx_word' id='word_1_27' title='bbox 1787 557 2056 611; x_wconf 83' lang='lat' dir='ltr'><strong>Christia-</strong></span> 
     </span>
    </p>
   </div>
   <div class='ocr_carea' id='block_1_7' title="bbox 469 648 2059 722">
    <p class='ocr_par' dir='ltr' id='par_1_7' title="bbox 469 648 2059 722">
     <span class='ocr_line' id='line_1_7' title="bbox 469 648 2059 722; baseline -0.003 -13"><span class='ocrx_word' id='word_1_28' title='bbox 469 671 556 709; x_wconf 77' lang='lat' dir='ltr'><strong>na:</strong></span> <span class='ocrx_word' id='word_1_29' title='bbox 608 653 831 722; x_wconf 75' lang='lat' dir='ltr'><strong>linguae.</strong></span> <span class='ocrx_word' id='word_1_30' title='bbox 894 650 1197 707; x_wconf 76' lang='lat' dir='ltr'><strong>Christiani</strong></span> <span class='ocrx_word' id='word_1_31' title='bbox 1256 649 1406 704; x_wconf 90' lang='lat' dir='ltr'><strong>enim</strong></span> <span class='ocrx_word' id='word_1_32' title='bbox 1460 648 1701 704; x_wconf 73' lang='lat' dir='ltr'><strong>Chaldmi</strong></span> <span class='ocrx_word' id='word_1_33' title='bbox 1753 658 1807 703; x_wconf 92' lang='lat' dir='ltr'><strong>et</strong></span> <span class='ocrx_word' id='word_1_34' title='bbox 1866 663 2059 704; x_wconf 89' lang='lat' dir='ltr'><strong>omnes</strong></span> 
     </span>
    </p>
   </div>
   <div class='ocr_carea' id='block_1_8' title="bbox 467 738 2057 810">
    <p class='ocr_par' dir='ltr' id='par_1_8' title="bbox 467 738 2057 810">
     <span class='ocr_line' id='line_1_8' title="bbox 467 738 2057 810; baseline -0.007 -8"><span class='ocrx_word' id='word_1_35' title='bbox 467 745 778 802; x_wconf 75' lang='lat' dir='ltr'><strong>Orientales</strong></span> <span class='ocrx_word' id='word_1_36' title='bbox 824 752 1023 798; x_wconf 82' lang='lat' dir='ltr'><strong>vocant</strong></span> <span class='ocrx_word' id='word_1_37' title='bbox 1055 741 1347 810; x_wconf 78' lang='lat' dir='ltr'><strong>episcopos</strong></span> <span class='ocrx_word' id='word_1_38' title='bbox 1408 748 1463 794; x_wconf 89' lang='lat' dir='ltr'><strong>et</strong></span> <span class='ocrx_word' id='word_1_39' title='bbox 1496 738 1814 802; x_wconf 79' lang='lat' dir='ltr'><strong>monachos,</strong></span> <span class='ocrx_word' id='word_1_40' title='bbox 1865 739 2057 792; x_wconf 83' lang='lat' dir='ltr'><strong>colen-</strong></span> 
     </span>
    </p>
   </div>
   <div class='ocr_carea' id='block_1_9' title="bbox 469 830 2056 902">
    <p class='ocr_par' dir='ltr' id='par_1_9' title="bbox 469 830 2056 902">
     <span class='ocr_line' id='line_1_9' title="bbox 469 830 2056 902; baseline -0.004 -11"><span class='ocrx_word' id='word_1_41' title='bbox 469 848 554 891; x_wconf 87' lang='lat' dir='ltr'><strong>tes</strong></span> <span class='ocrx_word' id='word_1_42' title='bbox 585 850 703 897; x_wconf 89' lang='lat' dir='ltr'><strong>eos,</strong></span> <span class='ocrx_word' id='word_1_43' title='bbox 736 835 1005 902; x_wconf 77' lang='lat' dir='ltr'><strong>Rampan,</strong></span> <span class='ocrx_word' id='word_1_44' title='bbox 1043 832 1188 901; x_wconf 89' lang='lat' dir='ltr'><strong>quod</strong></span> <span class='ocrx_word' id='word_1_45' title='bbox 1231 832 1627 901; x_wconf 85' lang='lat' dir='ltr'><strong>interpretatur</strong></span> <span class='ocrx_word' id='word_1_46' title='bbox 1658 832 1933 901; x_wconf 77' lang='lat' dir='ltr'><strong>magister.</strong></span> <span class='ocrx_word' id='word_1_47' title='bbox 1966 830 2056 884; x_wconf 85' lang='lat' dir='ltr'><strong>vel</strong></span> 
     </span>
    </p>
   </div>
   <div class='ocr_carea' id='block_1_10' title="bbox 468 924 2058 998">
    <p class='ocr_par' dir='ltr' id='par_1_10' title="bbox 468 924 2058 998">
     <span class='ocr_line' id='line_1_10' title="bbox 468 924 2058 998; baseline -0.003 -16"><span class='ocrx_word' id='word_1_48' title='bbox 468 929 644 998; x_wconf 80' lang='lat' dir='ltr'><strong>major</strong></span> <span class='ocrx_word' id='word_1_49' title='bbox 666 932 851 982; x_wconf 75' lang='lat' dir='ltr'><strong>’meus.</strong></span> <span class='ocrx_word' id='word_1_50' title='bbox 889 926 948 980; x_wconf 91' lang='lat' dir='ltr'><strong>ln</strong></span> <span class='ocrx_word' id='word_1_51' title='bbox 980 925 1214 980; x_wconf 84' lang='lat' dir='ltr'><strong>Arabica</strong></span> <span class='ocrx_word' id='word_1_52' title='bbox 1249 934 1431 979; x_wconf 84' lang='lat' dir='ltr'><strong>autem</strong></span> <span class='ocrx_word' id='word_1_53' title='bbox 1502 924 1687 994; x_wconf 79' lang='lat' dir='ltr'><strong>lingua</strong></span> <span class='ocrx_word' id='word_1_54' title='bbox 1747 938 1931 993; x_wconf 86' lang='lat' dir='ltr'><strong>rampa</strong></span> <span class='ocrx_word' id='word_1_55' title='bbox 1973 934 2058 978; x_wconf 91' lang='lat' dir='ltr'><strong>est</strong></span> 
     </span>
    </p>
   </div>
   <div class='ocr_carea' id='block_1_11' title="bbox 466 1015 2053 1087">
    <p class='ocr_par' dir='ltr' id='par_1_11' title="bbox 466 1015 2053 1087">
     <span class='ocr_line' id='line_1_11' title="bbox 466 1015 2053 1087; baseline -0.003 -13"><span class='ocrx_word' id='word_1_56' title='bbox 466 1034 667 1074; x_wconf 88' lang='lat' dir='ltr'><strong>nomen</strong></span> <span class='ocrx_word' id='word_1_57' title='bbox 700 1020 820 1081; x_wconf 90' lang='lat' dir='ltr'><strong>Dei,</strong></span> <span class='ocrx_word' id='word_1_58' title='bbox 850 1018 997 1087; x_wconf 88' lang='lat' dir='ltr'><strong>quod</strong></span> <span class='ocrx_word' id='word_1_59' title='bbox 1043 1018 1437 1086; x_wconf 68' lang='lat' dir='ltr'><strong>interpretatur</strong></span> <span class='ocrx_word' id='word_1_60' title='bbox 1474 1016 1749 1077; x_wconf 75' lang='lat' dir='ltr'><strong>Dominus,</strong></span> <span class='ocrx_word' id='word_1_61' title='bbox 1781 1015 2053 1081; x_wconf 77' lang='lat' dir='ltr'><strong>absolute,</strong></span> 
     </span>
    </p>
   </div>
   <div class='ocr_carea' id='block_1_12' title="bbox 468 1106 2058 1181">
    <p class='ocr_par' dir='ltr' id='par_1_12' title="bbox 468 1106 2058 1181">
     <span class='ocr_line' id='line_1_12' title="bbox 468 1106 2058 1181; baseline -0.002 -16"><span class='ocrx_word' id='word_1_62' title='bbox 468 1112 613 1181; x_wconf 90' lang='lat' dir='ltr'><strong>quod</strong></span> <span class='ocrx_word' id='word_1_63' title='bbox 643 1122 697 1166; x_wconf 90' lang='lat' dir='ltr'><strong>et</strong></span> <span class='ocrx_word' id='word_1_64' title='bbox 723 1112 791 1165; x_wconf 87' lang='lat' dir='ltr'><strong>de</strong></span> <span class='ocrx_word' id='word_1_65' title='bbox 821 1112 940 1165; x_wconf 88' lang='lat' dir='ltr'><strong>solo</strong></span> <span class='ocrx_word' id='word_1_66' title='bbox 972 1110 1297 1179; x_wconf 81' lang='lat' dir='ltr'><strong>intelligitur</strong></span> <span class='ocrx_word' id='word_1_67' title='bbox 1332 1108 1468 1163; x_wconf 89' lang='lat' dir='ltr'><strong>Deo.</strong></span> <span class='ocrx_word' id='word_1_68' title='bbox 1513 1106 1669 1161; x_wconf 81' lang='lat' dir='ltr'><strong>Sicut</strong></span> <span class='ocrx_word' id='word_1_69' title='bbox 1698 1116 1754 1161; x_wconf 86' lang='lat' dir='ltr'><strong>et</strong></span> <span class='ocrx_word' id='word_1_70' title='bbox 1783 1108 1926 1177; x_wconf 81' lang='lat' dir='ltr'><strong>apud</strong></span> <span class='ocrx_word' id='word_1_71' title='bbox 1956 1121 2058 1162; x_wconf 87' lang='lat' dir='ltr'><strong>nos</strong></span> 
     </span>
    </p>
   </div>
   <div class='ocr_carea' id='block_1_13' title="bbox 469 1200 2058 1273">
    <p class='ocr_par' dir='ltr' id='par_1_13' title="bbox 469 1200 2058 1273">
     <span class='ocr_line' id='line_1_13' title="bbox 469 1200 2058 1273; baseline -0.003 -16"><span class='ocrx_word' id='word_1_72' title='bbox 469 1202 692 1273; x_wconf 81' lang='lat' dir='ltr'><strong>quando</strong></span> <span class='ocrx_word' id='word_1_73' title='bbox 728 1202 986 1264; x_wconf 82' lang='lat' dir='ltr'><strong>dicimus,</strong></span> <span class='ocrx_word' id='word_1_74' title='bbox 1034 1220 1052 1252; x_wconf 81' lang='grc' dir='ltr'><strong>ι</strong></span> <span class='ocrx_word' id='word_1_75' title='bbox 1104 1201 1367 1256; x_wconf 86' lang='lat' dir='ltr'><strong>Dominus</strong></span> <span class='ocrx_word' id='word_1_76' title='bbox 1398 1207 1604 1255; x_wconf 82' lang='lat' dir='ltr'><strong>tecum.</strong></span> <span class='ocrx_word' id='word_1_77' title='bbox 1648 1210 1668 1251; x_wconf 63' lang='grc' dir='ltr'><strong>ι</strong></span> <span class='ocrx_word' id='word_1_78' title='bbox 1706 1200 1865 1254; x_wconf 80' lang='lat' dir='ltr'><strong>Falso</strong></span> <span class='ocrx_word' id='word_1_79' title='bbox 1892 1200 2058 1269; x_wconf 79' lang='lat' dir='ltr'><strong>igitur</strong></span> 
     </span>
    </p>
   </div>
   <div class='ocr_carea' id='block_1_14' title="bbox 464 1286 2053 1359">
    <p class='ocr_par' dir='ltr' id='par_1_14' title="bbox 464 1286 2053 1359">
     <span class='ocr_line' id='line_1_14' title="bbox 464 1286 2053 1359; baseline -0.003 -13"><span class='ocrx_word' id='word_1_80' title='bbox 464 1292 597 1346; x_wconf 89' lang='lat' dir='ltr'><strong>dicit</strong></span> <span class='ocrx_word' id='word_1_81' title='bbox 626 1291 993 1355; x_wconf 81' lang='lat' dir='ltr'><strong>Mahometus,</strong></span> <span class='ocrx_word' id='word_1_82' title='bbox 1026 1290 1172 1359; x_wconf 90' lang='lat' dir='ltr'><strong>quod</strong></span> <span class='ocrx_word' id='word_1_83' title='bbox 1199 1290 1334 1343; x_wconf 88' lang='lat' dir='ltr'><strong>deos</strong></span> <span class='ocrx_word' id='word_1_84' title='bbox 1358 1287 1657 1343; x_wconf 85' lang='lat' dir='ltr'><strong>Christiani</strong></span> <span class='ocrx_word' id='word_1_85' title='bbox 1700 1286 1802 1341; x_wconf 84' lang='lat' dir='ltr'><strong>hos</strong></span> <span class='ocrx_word' id='word_1_86' title='bbox 1833 1294 2053 1341; x_wconf 76' lang='lat' dir='ltr'><strong>vocant.</strong></span> 
     </span>
    </p>
   </div>
   <div class='ocr_carea' id='block_1_15' title="bbox 461 1378 2054 1450">
    <p class='ocr_par' dir='ltr' id='par_1_15' title="bbox 461 1378 2054 1450">
     <span class='ocr_line' id='line_1_15' title="bbox 461 1378 2054 1450; baseline -0.004 -10"><span class='ocrx_word' id='word_1_87' title='bbox 461 1386 597 1441; x_wconf 88' lang='lat' dir='ltr'><strong>ltcm</strong></span> <span class='ocrx_word' id='word_1_88' title='bbox 626 1383 770 1439; x_wconf 88' lang='lat' dir='ltr'><strong>idem</strong></span> <span class='ocrx_word' id='word_1_89' title='bbox 800 1383 934 1437; x_wconf 90' lang='lat' dir='ltr'><strong>dicit</strong></span> <span class='ocrx_word' id='word_1_90' title='bbox 956 1383 1024 1437; x_wconf 89' lang='lat' dir='ltr'><strong>de</strong></span> <span class='ocrx_word' id='word_1_91' title='bbox 1055 1382 1408 1444; x_wconf 78' lang='lat' dir='ltr'><strong>Christianis,</strong></span> <span class='ocrx_word' id='word_1_92' title='bbox 1438 1380 1586 1450; x_wconf 83' lang='lat' dir='ltr'><strong>quod</strong></span> <span class='ocrx_word' id='word_1_93' title='bbox 1638 1380 1898 1435; x_wconf 86' lang='lat' dir='ltr'><strong>deilicant</strong></span> <span class='ocrx_word' id='word_1_94' title='bbox 1941 1378 2054 1433; x_wconf 83' lang='lat' dir='ltr'><strong>Ma-</strong></span> 
     </span>
    </p>
   </div>
   <div class='ocr_carea' id='block_1_16' title="bbox 461 1471 2053 1543">
    <p class='ocr_par' dir='ltr' id='par_1_16' title="bbox 461 1471 2053 1543">
     <span class='ocr_line' id='line_1_16' title="bbox 461 1471 2053 1543; baseline -0.004 -12"><span class='ocrx_word' id='word_1_95' title='bbox 461 1478 623 1531; x_wconf 85' lang='lat' dir='ltr'><strong>riam.</strong></span> <span class='ocrx_word' id='word_1_96' title='bbox 655 1474 872 1529; x_wconf 88' lang='lat' dir='ltr'><strong>lnducit</strong></span> <span class='ocrx_word' id='word_1_97' title='bbox 906 1486 1091 1529; x_wconf 84' lang='lat' dir='ltr'><strong>autem</strong></span> <span class='ocrx_word' id='word_1_98' title='bbox 1126 1474 1181 1527; x_wconf 89' lang='lat' dir='ltr'><strong>in</strong></span> <span class='ocrx_word' id='word_1_99' title='bbox 1211 1474 1458 1543; x_wconf 83' lang='lat' dir='ltr'><strong>capitulo</strong></span> <span class='ocrx_word' id='word_1_100' title='bbox 1488 1471 1758 1533; x_wconf 86' lang='lat' dir='ltr'><strong>Elmeide.</strong></span> <span class='ocrx_word' id='word_1_101' title='bbox 1789 1472 1935 1542; x_wconf 88' lang='lat' dir='ltr'><strong>quod</strong></span> <span class='ocrx_word' id='word_1_102' title='bbox 1965 1471 2053 1525; x_wconf 82' lang='lat' dir='ltr'><strong>in-</strong></span> 
     </span>
    </p>
   </div>
   <div class='ocr_carea' id='block_1_17' title="bbox 462 1562 2055 1639">
    <p class='ocr_par' dir='ltr' id='par_1_17' title="bbox 462 1562 2055 1639">
     <span class='ocr_line' id='line_1_17' title="bbox 462 1562 2055 1639; baseline -0.004 -15"><span class='ocrx_word' id='word_1_103' title='bbox 462 1578 806 1639; x_wconf 82' lang='lat' dir='ltr'><strong>terpretatur</strong></span> <span class='ocrx_word' id='word_1_104' title='bbox 839 1582 1047 1632; x_wconf 77' lang='lat' dir='ltr'><strong>mensa,</strong></span> <span class='ocrx_word' id='word_1_105' title='bbox 1089 1567 1237 1637; x_wconf 86' lang='lat' dir='ltr'><strong>quod</strong></span> <span class='ocrx_word' id='word_1_106' title='bbox 1286 1566 1542 1621; x_wconf 85' lang='lat' dir='ltr'><strong>Christus</strong></span> <span class='ocrx_word' id='word_1_107' title='bbox 1588 1573 1814 1620; x_wconf 74' lang='lat' dir='ltr'><strong>excuset</strong></span> <span class='ocrx_word' id='word_1_108' title='bbox 1878 1578 1937 1619; x_wconf 86' lang='lat' dir='ltr'><strong>se</strong></span> <span class='ocrx_word' id='word_1_109' title='bbox 1986 1562 2055 1618; x_wconf 91' lang='lat' dir='ltr'><strong>de</strong></span> 
     </span>
    </p>
   </div>
   <div class='ocr_carea' id='block_1_18' title="bbox 460 1644 2052 1732">
    <p class='ocr_par' dir='ltr' id='par_1_18' title="bbox 460 1644 2052 1732">
     <span class='ocr_line' id='line_1_18' title="bbox 460 1644 2052 1732; baseline -0.004 -15"><span class='ocrx_word' id='word_1_110' title='bbox 460 1676 528 1717; x_wconf 90' lang='lat' dir='ltr'><strong>eo</strong></span> <span class='ocrx_word' id='word_1_111' title='bbox 575 1663 720 1732; x_wconf 88' lang='lat' dir='ltr'><strong>apud</strong></span> <span class='ocrx_word' id='word_1_112' title='bbox 758 1663 949 1722; x_wconf 84' lang='lat' dir='ltr'><strong>Deum,</strong></span> <span class='ocrx_word' id='word_1_113' title='bbox 984 1659 1132 1729; x_wconf 86' lang='lat' dir='ltr'><strong>quod</strong></span> <span class='ocrx_word' id='word_1_114' title='bbox 1165 1674 1274 1714; x_wconf 91' lang='lat' dir='ltr'><strong>non</strong></span> <span class='ocrx_word' id='word_1_115' title='bbox 1330 1660 1471 1714; x_wconf 82' lang='lat' dir='ltr'><strong>dixit</strong></span> <span class='ocrx_word' id='word_1_116' title='bbox 1533 1644 1762 1723; x_wconf 83' lang='lat' dir='ltr'><strong>mundo,</strong></span> <span class='ocrx_word' id='word_1_117' title='bbox 1820 1665 2052 1712; x_wconf 82' lang='lat' dir='ltr'><strong>matrem</strong></span> 
     </span>
    </p>
   </div>
   <div class='ocr_carea' id='block_1_19' title="bbox 458 1745 2053 1819">
    <p class='ocr_par' dir='ltr' id='par_1_19' title="bbox 458 1745 2053 1819">
     <span class='ocr_line' id='line_1_19' title="bbox 458 1745 2053 1819; baseline -0.003 -14"><span class='ocrx_word' id='word_1_118' title='bbox 458 1751 581 1819; x_wconf 79' lang='lat' dir='ltr'><strong>eius</strong></span> <span class='ocrx_word' id='word_1_119' title='bbox 610 1766 732 1807; x_wconf 86' lang='lat' dir='ltr'><strong>esse</strong></span> <span class='ocrx_word' id='word_1_120' title='bbox 765 1750 947 1804; x_wconf 89' lang='lat' dir='ltr'><strong>deam.</strong></span> <span class='ocrx_word' id='word_1_121' title='bbox 979 1750 1051 1804; x_wconf 89' lang='lat' dir='ltr'><strong>Et</strong></span> <span class='ocrx_word' id='word_1_122' title='bbox 1080 1764 1245 1814; x_wconf 76' lang='lat' dir='ltr'><strong>vere;</strong></span> <span class='ocrx_word' id='word_1_123' title='bbox 1275 1764 1458 1819; x_wconf 89' lang='lat' dir='ltr'><strong>neque</strong></span> <span class='ocrx_word' id='word_1_124' title='bbox 1488 1746 1793 1815; x_wconf 80' lang='lat' dir='ltr'><strong>Christiani</strong></span> <span class='ocrx_word' id='word_1_125' title='bbox 1836 1746 1943 1801; x_wconf 88' lang='lat' dir='ltr'><strong>hoc</strong></span> <span class='ocrx_word' id='word_1_126' title='bbox 1973 1745 2053 1800; x_wconf 88' lang='lat' dir='ltr'><strong>di-</strong></span> 
     </span>
    </p>
   </div>
   <div class='ocr_carea' id='block_1_20' title="bbox 459 1807 2129 1905">
    <p class='ocr_par' dir='ltr' id='par_1_20' title="bbox 459 1807 2129 1905">
     <span class='ocr_line' id='line_1_20' title="bbox 459 1807 2129 1905; baseline -0.003 -7"><span class='ocrx_word' id='word_1_127' title='bbox 459 1807 616 1905; x_wconf 75' lang='lat' dir='ltr'><strong>cunt,</strong></span> <span class='ocrx_word' id='word_1_128' title='bbox 649 1841 874 1896; x_wconf 79' lang='lat' dir='ltr'><strong>Mariam</strong></span> <span class='ocrx_word' id='word_1_129' title='bbox 908 1840 1321 1896; x_wconf 76' lang='lat' dir='ltr'><strong>videlicet&#39;esse</strong></span> <span class='ocrx_word' id='word_1_130' title='bbox 1368 1807 1539 1895; x_wconf 78' lang='lat' dir='ltr'><strong>Deum</strong></span> <span class='ocrx_word' id='word_1_131' title='bbox 1591 1840 1679 1894; x_wconf 88' lang='lat' dir='ltr'><strong>vel</strong></span> <span class='ocrx_word' id='word_1_132' title='bbox 1727 1839 1908 1903; x_wconf 86' lang='lat' dir='ltr'><strong>deam,</strong></span> <span class='ocrx_word' id='word_1_133' title='bbox 1955 1836 2053 1893; x_wconf 84' lang='lat' dir='ltr'><strong>sed</strong></span> <span class='ocrx_word' id='word_1_134' title='bbox 2089 1807 2129 1859; x_wconf 74' lang='grc' dir='ltr'><strong><em>Β</em></strong></span> 
     </span>
    </p>
   </div>
   <div class='ocr_carea' id='block_1_21' title="bbox 458 1930 2051 2002">
    <p class='ocr_par' dir='ltr' id='par_1_21' title="bbox 458 1930 2051 2002">
     <span class='ocr_line' id='line_1_21' title="bbox 458 1930 2051 2002; baseline -0.002 -15"><span class='ocrx_word' id='word_1_135' title='bbox 458 1933 679 1997; x_wconf 90' lang='lat' dir='ltr'><strong>dicunt,</strong></span> <span class='ocrx_word' id='word_1_136' title='bbox 753 1933 901 2002; x_wconf 90' lang='lat' dir='ltr'><strong>quod</strong></span> <span class='ocrx_word' id='word_1_137' title='bbox 976 1931 1081 1987; x_wconf 75' lang='lat' dir='ltr'><strong>fuit</strong></span> <span class='ocrx_word' id='word_1_138' title='bbox 1137 1932 1434 2002; x_wconf 85' lang='lat' dir='ltr'><strong>purissima</strong></span> <span class='ocrx_word' id='word_1_139' title='bbox 1517 1933 1742 1987; x_wconf 83' lang='lat' dir='ltr'><strong>mulier.</strong></span> <span class='ocrx_word' id='word_1_140' title='bbox 1836 1930 2051 1985; x_wconf 79' lang='lat' dir='ltr'><strong>Etenim</strong></span> 
     </span>
    </p>
   </div>
   <div class='ocr_carea' id='block_1_22' title="bbox 459 2022 2051 2095">
    <p class='ocr_par' dir='ltr' id='par_1_22' title="bbox 459 2022 2051 2095">
     <span class='ocr_line' id='line_1_22' title="bbox 459 2022 2051 2095; baseline 0 -18"><span class='ocrx_word' id='word_1_141' title='bbox 459 2023 815 2095; x_wconf 79' lang='lat' dir='ltr'><strong>Evangelium</strong></span> <span class='ocrx_word' id='word_1_142' title='bbox 852 2038 965 2078; x_wconf 89' lang='lat' dir='ltr'><strong>non</strong></span> <span class='ocrx_word' id='word_1_143' title='bbox 993 2024 1150 2080; x_wconf 84' lang='lat' dir='ltr'><strong>deam</strong></span> <span class='ocrx_word' id='word_1_144' title='bbox 1182 2038 1303 2078; x_wconf 84' lang='lat' dir='ltr'><strong>eam</strong></span> <span class='ocrx_word' id='word_1_145' title='bbox 1332 2023 1744 2089; x_wconf 78' lang='lat' dir='ltr'><strong>nominat&quot;,vel</strong></span> <span class='ocrx_word' id='word_1_146' title='bbox 1776 2022 2051 2089; x_wconf 80' lang='lat' dir='ltr'><strong>nuntiam,</strong></span> 
     </span>
    </p>
   </div>
   <div class='ocr_carea' id='block_1_23' title="bbox 457 2116 906 2172">
    <p class='ocr_par' dir='ltr' id='par_1_23' title="bbox 457 2116 906 2172">
     <span class='ocr_line' id='line_1_23' title="bbox 457 2116 906 2172; baseline -0.002 0"><span class='ocrx_word' id='word_1_147' title='bbox 457 2117 554 2172; x_wconf 83' lang='lat' dir='ltr'><strong>sed</strong></span> <span class='ocrx_word' id='word_1_148' title='bbox 590 2116 906 2172; x_wconf 82' lang='lat' dir='ltr'><strong>mulierem.</strong></span> 
     </span>
    </p>
   </div>
   <div class='ocr_carea' id='block_1_24' title="bbox 529 2395 2051 2469">
    <p class='ocr_par' dir='ltr' id='par_1_24' title="bbox 529 2395 2051 2469">
     <span class='ocr_line' id='line_1_24' title="bbox 529 2395 2051 2469; baseline -0.002 -15"><span class='ocrx_word' id='word_1_149' title='bbox 529 2397 664 2454; x_wconf 86' lang='lat' dir='ltr'><strong>Item</strong></span> <span class='ocrx_word' id='word_1_150' title='bbox 699 2395 915 2454; x_wconf 83' lang='lat' dir='ltr'><strong>inducit</strong></span> <span class='ocrx_word' id='word_1_151' title='bbox 953 2397 1011 2452; x_wconf 85' lang='lat' dir='ltr'><strong>in</strong></span> <span class='ocrx_word' id='word_1_152' title='bbox 1051 2396 1247 2453; x_wconf 83' lang='lat' dir='ltr'><strong>eodem</strong></span> <span class='ocrx_word' id='word_1_153' title='bbox 1275 2397 1539 2469; x_wconf 75' lang='lat' dir='ltr'><strong>capitulo,</strong></span> <span class='ocrx_word' id='word_1_154' title='bbox 1567 2397 1756 2453; x_wconf 84' lang='lat' dir='ltr'><strong>dicens</strong></span> <span class='ocrx_word' id='word_1_155' title='bbox 1798 2396 1868 2452; x_wconf 88' lang='lat' dir='ltr'><strong>de</strong></span> <span class='ocrx_word' id='word_1_156' title='bbox 1891 2396 2051 2452; x_wconf 87' lang='lat' dir='ltr'><strong>Chri-</strong></span> 
     </span>
    </p>
   </div>
   <div class='ocr_carea' id='block_1_25' title="bbox 2159 552 3742 628">
    <p class='ocr_par' dir='ltr' id='par_1_25' title="bbox 2159 552 3742 628">
     <span class='ocr_line' id='line_1_25' title="bbox 2159 552 3742 628; baseline 0.006 -23"><span class='ocrx_word' id='word_1_157' title='bbox 2159 552 2187 605; x_wconf 82' lang='grc' dir='ltr'><strong>δ</strong></span> <span class='ocrx_word' id='word_1_158' title='bbox 2216 552 2409 620; x_wconf 80' lang='grc' dir='ltr'>ψεῦδός</span> <span class='ocrx_word' id='word_1_159' title='bbox 2439 555 2579 607; x_wconf 85' lang='grc' dir='ltr'>ἐστι.</span> <span class='ocrx_word' id='word_1_160' title='bbox 2612 553 2785 607; x_wconf 87' lang='grc' dir='ltr'>Τοῦτο</span> <span class='ocrx_word' id='word_1_161' title='bbox 2835 554 2893 608; x_wconf 72' lang='grc' dir='ltr'>δὲ</span> <span class='ocrx_word' id='word_1_162' title='bbox 2926 554 3032 625; x_wconf 76' lang='grc' dir='ltr'>ἔφη</span> <span class='ocrx_word' id='word_1_163' title='bbox 3090 556 3118 610; x_wconf 86' lang='grc' dir='ltr'><strong>ὁ</strong></span> <span class='ocrx_word' id='word_1_164' title='bbox 3176 554 3496 628; x_wconf 82' lang='grc' dir='ltr'>Μαχούμετ,</span> <span class='ocrx_word' id='word_1_165' title='bbox 3524 560 3600 623; x_wconf 75' lang='grc' dir='ltr'>ὡς</span> <span class='ocrx_word' id='word_1_166' title='bbox 3648 554 3742 615; x_wconf 68' lang='grc' dir='ltr'>ἀνι</span> 
     </span>
    </p>
   </div>
   <div class='ocr_carea' id='block_1_26' title="bbox 2160 644 3749 723">
    <p class='ocr_par' dir='ltr' id='par_1_26' title="bbox 2160 644 3749 723">
     <span class='ocr_line' id='line_1_26' title="bbox 2160 644 3749 723; baseline 0.007 -27"><span class='ocrx_word' id='word_1_167' title='bbox 2160 644 2378 714; x_wconf 78' lang='grc' dir='ltr'>θρωπος</span> <span class='ocrx_word' id='word_1_168' title='bbox 2408 646 2795 716; x_wconf 74' lang='grc' dir='ltr'>ἀνεπιστήμων</span> <span class='ocrx_word' id='word_1_169' title='bbox 2816 645 2913 717; x_wconf 81' lang='grc' dir='ltr'><strong>τῆς</strong></span> <span class='ocrx_word' id='word_1_170' title='bbox 2942 648 3243 705; x_wconf 75' lang='grc' dir='ltr'><strong>διαλέκτου.</strong></span> <span class='ocrx_word' id='word_1_171' title='bbox 3264 652 3327 704; x_wconf 79' lang='lat' dir='ltr'><strong>0i</strong></span> <span class='ocrx_word' id='word_1_172' title='bbox 3353 652 3460 722; x_wconf 87' lang='grc' dir='ltr'><strong>γάρ</strong></span> <span class='ocrx_word' id='word_1_173' title='bbox 3486 653 3749 723; x_wconf 77' lang='grc' dir='ltr'>Χριστια-</span> 
     </span>
    </p>
   </div>
   <div class='ocr_carea' id='block_1_27' title="bbox 2159 734 3737 812">
    <p class='ocr_par' dir='ltr' id='par_1_27' title="bbox 2159 734 3737 812">
     <span class='ocr_line' id='line_1_27' title="bbox 2159 734 3737 812; baseline 0.007 -26"><span class='ocrx_word' id='word_1_174' title='bbox 2159 736 2239 786; x_wconf 75' lang='grc' dir='ltr'>νοὶ</span> <span class='ocrx_word' id='word_1_175' title='bbox 2297 734 2577 803; x_wconf 83' lang='grc' dir='ltr'>Χαλδαῖοι,</span> <span class='ocrx_word' id='word_1_176' title='bbox 2613 735 2710 788; x_wconf 78' lang='grc' dir='ltr'>καὶ</span> <span class='ocrx_word' id='word_1_177' title='bbox 2742 737 2942 802; x_wconf 83' lang='grc' dir='ltr'>πάντες</span> <span class='ocrx_word' id='word_1_178' title='bbox 2988 739 3040 791; x_wconf 82' lang='grc' dir='ltr'>οἱ</span> <span class='ocrx_word' id='word_1_179' title='bbox 3066 740 3373 795; x_wconf 75' lang='grc' dir='ltr'>ἀνατολικώ</span> <span class='ocrx_word' id='word_1_180' title='bbox 3417 743 3737 812; x_wconf 77' lang='grc' dir='ltr'><strong>Χριστιανοὶ</strong></span> 
     </span>
    </p>
   </div>
   <div class='ocr_carea' id='block_1_28' title="bbox 2159 824 3735 905">
    <p class='ocr_par' dir='ltr' id='par_1_28' title="bbox 2159 824 3735 905">
     <span class='ocr_line' id='line_1_28' title="bbox 2159 824 3735 905; baseline 0.006 -27"><span class='ocrx_word' id='word_1_181' title='bbox 2159 824 2383 879; x_wconf 85' lang='grc' dir='ltr'>καλοῦσι</span> <span class='ocrx_word' id='word_1_182' title='bbox 2417 828 2543 890; x_wconf 84' lang='grc' dir='ltr'>τοὺς</span> <span class='ocrx_word' id='word_1_183' title='bbox 2571 828 2910 894; x_wconf 80' lang='grc' dir='ltr'><strong>ἐπισκόπους</strong></span> <span class='ocrx_word' id='word_1_184' title='bbox 2937 832 3033 883; x_wconf 78' lang='grc' dir='ltr'>καὶ</span> <span class='ocrx_word' id='word_1_185' title='bbox 3066 830 3193 896; x_wconf 75' lang='grc' dir='ltr'>τοὺς</span> <span class='ocrx_word' id='word_1_186' title='bbox 3227 835 3735 905; x_wconf 81' lang='grc' dir='ltr'>μοναχοὺς,τιμῶν-</span> 
     </span>
    </p>
   </div>
   <div class='ocr_carea' id='block_1_29' title="bbox 2159 918 3734 997">
    <p class='ocr_par' dir='ltr' id='par_1_29' title="bbox 2159 918 3734 997">
     <span class='ocr_line' id='line_1_29' title="bbox 2159 918 3734 997; baseline 0.008 -28"><span class='ocrx_word' id='word_1_187' title='bbox 2159 932 2251 979; x_wconf 86' lang='grc' dir='ltr'><strong>τες</strong></span> <span class='ocrx_word' id='word_1_188' title='bbox 2282 918 2503 981; x_wconf 75' lang='grc' dir='ltr'>αὐτοὺς,</span> <span class='ocrx_word' id='word_1_189' title='bbox 2542 918 2827 989; x_wconf 81' lang='grc' dir='ltr'>Ῥαμπάν,</span> <span class='ocrx_word' id='word_1_190' title='bbox 2860 920 2889 974; x_wconf 82' lang='grc' dir='ltr'><strong>ὃ</strong></span> <span class='ocrx_word' id='word_1_191' title='bbox 2920 922 3288 993; x_wconf 69' lang='grc' dir='ltr'>ἑρμηνεύεται</span> <span class='ocrx_word' id='word_1_192' title='bbox 3330 923 3734 997; x_wconf 47' lang='grc' dir='ltr'>διδάσκωιεῶ</span> 
     </span>
    </p>
   </div>
   <div class='ocr_carea' id='block_1_30' title="bbox 2161 993 3777 1088">
    <p class='ocr_par' dir='ltr' id='par_1_30' title="bbox 2161 993 3777 1088">
     <span class='ocr_line' id='line_1_30' title="bbox 2161 993 3777 1088; baseline 0.007 -29"><span class='ocrx_word' id='word_1_193' title='bbox 2161 1007 2365 1078; x_wconf 77' lang='grc' dir='ltr'>μείζων</span> <span class='ocrx_word' id='word_1_194' title='bbox 2399 1000 2553 1078; x_wconf 83' lang='grc' dir='ltr'>ἐμοῦ.</span> <span class='ocrx_word' id='word_1_195' title='bbox 2600 1011 2689 1065; x_wconf 86' lang='grc' dir='ltr'>Ἐν</span> <span class='ocrx_word' id='word_1_196' title='bbox 2722 1012 2779 1064; x_wconf 87' lang='grc' dir='ltr'>δὲ</span> <span class='ocrx_word' id='word_1_197' title='bbox 2808 1015 2874 1084; x_wconf 81' lang='grc' dir='ltr'>τῇ</span> <span class='ocrx_word' id='word_1_198' title='bbox 2923 1012 3188 1086; x_wconf 77' lang='grc' dir='ltr'>Ἀρασικῇ</span> <span class='ocrx_word' id='word_1_199' title='bbox 3233 1008 3454 1088; x_wconf 77' lang='grc' dir='ltr'><strong>γλώσσῃ</strong></span> <span class='ocrx_word' id='word_1_200' title='bbox 3472 1018 3532 1071; x_wconf 74' lang='grc' dir='ltr'>τὸ</span> <span class='ocrx_word' id='word_1_201' title='bbox 3549 993 3777 1088; x_wconf 55' lang='grc' dir='ltr'>ραμπάί</span> 
     </span>
    </p>
   </div>
   <div class='ocr_carea' id='block_1_31' title="bbox 2158 1102 3743 1179">
    <p class='ocr_par' dir='ltr' id='par_1_31' title="bbox 2158 1102 3743 1179">
     <span class='ocr_line' id='line_1_31' title="bbox 2158 1102 3743 1179; baseline 0.008 -25"><span class='ocrx_word' id='word_1_202' title='bbox 2158 1102 2306 1154; x_wconf 74' lang='grc' dir='ltr'>ἔστιν</span> <span class='ocrx_word' id='word_1_203' title='bbox 2335 1103 2505 1171; x_wconf 85' lang='grc' dir='ltr'>ὄνομα</span> <span class='ocrx_word' id='word_1_204' title='bbox 2535 1103 2631 1156; x_wconf 87' lang='grc' dir='ltr'><strong>τοῦ</strong></span> <span class='ocrx_word' id='word_1_205' title='bbox 2667 1104 2829 1172; x_wconf 92' lang='grc' dir='ltr'>Θεοῦ,</span> <span class='ocrx_word' id='word_1_206' title='bbox 2853 1104 2881 1158; x_wconf 78' lang='grc' dir='ltr'><strong>ὃ</strong></span> <span class='ocrx_word' id='word_1_207' title='bbox 2940 1102 3304 1178; x_wconf 78' lang='grc' dir='ltr'><strong>ἑρμηνεύεται</strong></span> <span class='ocrx_word' id='word_1_208' title='bbox 3346 1111 3577 1179; x_wconf 84' lang='grc' dir='ltr'>Κύριος,</span> <span class='ocrx_word' id='word_1_209' title='bbox 3608 1113 3743 1166; x_wconf 84' lang='grc' dir='ltr'>ἀπο-</span> 
     </span>
    </p>
   </div>
   <div class='ocr_carea' id='block_1_32' title="bbox 2159 1187 3755 1269">
    <p class='ocr_par' dir='ltr' id='par_1_32' title="bbox 2159 1187 3755 1269">
     <span class='ocr_line' id='line_1_32' title="bbox 2159 1187 3755 1269; baseline 0.006 -23"><span class='ocrx_word' id='word_1_210' title='bbox 2159 1192 2614 1264; x_wconf 78' lang='grc' dir='ltr'>λελυμένως,κα“ι</span> <span class='ocrx_word' id='word_1_211' title='bbox 2662 1197 2793 1267; x_wconf 76' lang='grc' dir='ltr'>περὶ</span> <span class='ocrx_word' id='word_1_212' title='bbox 2844 1196 3006 1266; x_wconf 87' lang='grc' dir='ltr'>μόνου</span> <span class='ocrx_word' id='word_1_213' title='bbox 3066 1199 3359 1269; x_wconf 76' lang='grc' dir='ltr'>νοούμενον</span> <span class='ocrx_word' id='word_1_214' title='bbox 3410 1202 3505 1255; x_wconf 90' lang='grc' dir='ltr'><strong>τοῦ</strong></span> <span class='ocrx_word' id='word_1_215' title='bbox 3566 1187 3755 1257; x_wconf 44' lang='grc' dir='ltr'>Θεοῦ(</span> 
     </span>
    </p>
   </div>
   <div class='ocr_carea' id='block_1_33' title="bbox 2156 1287 3740 1367">
    <p class='ocr_par' dir='ltr' id='par_1_33' title="bbox 2156 1287 3740 1367">
     <span class='ocr_line' id='line_1_33' title="bbox 2156 1287 3740 1367; baseline 0.006 -27"><span class='ocrx_word' id='word_1_216' title='bbox 2156 1287 2345 1359; x_wconf 83' lang='grc' dir='ltr'>ὥσπερ</span> <span class='ocrx_word' id='word_1_217' title='bbox 2383 1287 2479 1342; x_wconf 79' lang='grc' dir='ltr'>καὶ</span> <span class='ocrx_word' id='word_1_218' title='bbox 2507 1290 2636 1358; x_wconf 81' lang='grc' dir='ltr'>παρ’</span> <span class='ocrx_word' id='word_1_219' title='bbox 2664 1290 2815 1359; x_wconf 79' lang='grc' dir='ltr'>ἡμῖν,</span> <span class='ocrx_word' id='word_1_220' title='bbox 2845 1291 2972 1343; x_wconf 84' lang='grc' dir='ltr'>ὅταν</span> <span class='ocrx_word' id='word_1_221' title='bbox 2991 1290 3263 1361; x_wconf 80' lang='grc' dir='ltr'>λέγωμεν,</span> <span class='ocrx_word' id='word_1_222' title='bbox 3288 1293 3348 1345; x_wconf 86' lang='grc'><strong>’0</strong></span> <span class='ocrx_word' id='word_1_223' title='bbox 3378 1293 3577 1363; x_wconf 77' lang='grc' dir='ltr'>Κύριος</span> <span class='ocrx_word' id='word_1_224' title='bbox 3604 1297 3740 1367; x_wconf 83' lang='grc' dir='ltr'><strong>μετά</strong></span> 
     </span>
    </p>
   </div>
   <div class='ocr_carea' id='block_1_34' title="bbox 2158 1379 3740 1457">
    <p class='ocr_par' dir='ltr' id='par_1_34' title="bbox 2158 1379 3740 1457">
     <span class='ocr_line' id='line_1_34' title="bbox 2158 1379 3740 1457; baseline 0.006 -24"><span class='ocrx_word' id='word_1_225' title='bbox 2158 1379 2273 1435; x_wconf 84' lang='grc' dir='ltr'>σοῦ.</span> <span class='ocrx_word' id='word_1_226' title='bbox 2301 1379 2422 1433; x_wconf 79' lang='grc' dir='ltr'>Ἔτι</span> <span class='ocrx_word' id='word_1_227' title='bbox 2446 1380 2625 1434; x_wconf 77' lang='grc' dir='ltr'>τοίνυν</span> <span class='ocrx_word' id='word_1_228' title='bbox 2652 1383 2680 1434; x_wconf 81' lang='grc' dir='ltr'>ὁ</span> <span class='ocrx_word' id='word_1_229' title='bbox 2712 1381 3029 1452; x_wconf 87' lang='grc' dir='ltr'>Μαχούμετ,</span> <span class='ocrx_word' id='word_1_230' title='bbox 3059 1384 3141 1436; x_wconf 85' lang='grc' dir='ltr'>ὅτι</span> <span class='ocrx_word' id='word_1_231' title='bbox 3166 1382 3318 1449; x_wconf 79' lang='grc' dir='ltr'>Θεοὺς</span> <span class='ocrx_word' id='word_1_232' title='bbox 3345 1387 3392 1438; x_wconf 83' lang='lat' dir='ltr'><strong>oi</strong></span> <span class='ocrx_word' id='word_1_233' title='bbox 3424 1387 3740 1457; x_wconf 78' lang='grc' dir='ltr'>Χριστιανοὶ</span> 
     </span>
    </p>
   </div>
   <div class='ocr_carea' id='block_1_35' title="bbox 2154 1468 3737 1549">
    <p class='ocr_par' dir='ltr' id='par_1_35' title="bbox 2154 1468 3737 1549">
     <span class='ocr_line' id='line_1_35' title="bbox 2154 1468 3737 1549; baseline 0.004 -22"><span class='ocrx_word' id='word_1_234' title='bbox 2154 1473 2377 1537; x_wconf 79' lang='grc' dir='ltr'>τούτους</span> <span class='ocrx_word' id='word_1_235' title='bbox 2402 1472 2677 1527; x_wconf 84' lang='grc' dir='ltr'>καλοῦσιν.</span> <span class='ocrx_word' id='word_1_236' title='bbox 2720 1473 2837 1527; x_wconf 85' lang='grc' dir='ltr'><strong>Ἔτι</strong></span> <span class='ocrx_word' id='word_1_237' title='bbox 2865 1470 2893 1527; x_wconf 82' lang='grc' dir='ltr'><strong>δ</strong></span> <span class='ocrx_word' id='word_1_238' title='bbox 2930 1468 3093 1538; x_wconf 83' lang='grc' dir='ltr'>αύτός</span> <span class='ocrx_word' id='word_1_239' title='bbox 3124 1494 3257 1547; x_wconf 83' lang='grc' dir='ltr'>φησι</span> <span class='ocrx_word' id='word_1_240' title='bbox 3285 1480 3412 1549; x_wconf 73' lang='grc' dir='ltr'>περὶ</span> <span class='ocrx_word' id='word_1_241' title='bbox 3438 1478 3546 1533; x_wconf 84' lang='grc' dir='ltr'><strong>τῶν</strong></span> <span class='ocrx_word' id='word_1_242' title='bbox 3600 1480 3737 1549; x_wconf 86' lang='grc' dir='ltr'>Χρι-</span> 
     </span>
    </p>
   </div>
   <div class='ocr_carea' id='block_1_36' title="bbox 2157 1557 3738 1640">
    <p class='ocr_par' dir='ltr' id='par_1_36' title="bbox 2157 1557 3738 1640">
     <span class='ocr_line' id='line_1_36' title="bbox 2157 1557 3738 1640; baseline 0.005 -21"><span class='ocrx_word' id='word_1_243' title='bbox 2157 1567 2411 1631; x_wconf 68' lang='grc' dir='ltr'>στιανῶν,</span> <span class='ocrx_word' id='word_1_244' title='bbox 2440 1567 2521 1620; x_wconf 85' lang='grc' dir='ltr'><strong>δτι</strong></span> <span class='ocrx_word' id='word_1_245' title='bbox 2555 1557 2861 1620; x_wconf 74' lang='grc' dir='ltr'>θεοποιοῦσι</span> <span class='ocrx_word' id='word_1_246' title='bbox 2892 1566 2989 1638; x_wconf 83' lang='grc' dir='ltr'>τὴν</span> <span class='ocrx_word' id='word_1_247' title='bbox 3020 1564 3261 1640; x_wconf 77' lang='grc' dir='ltr'>Μαρίαν.</span> <span class='ocrx_word' id='word_1_248' title='bbox 3289 1570 3509 1639; x_wconf 83' lang='grc' dir='ltr'>Εἰσάγει</span> <span class='ocrx_word' id='word_1_249' title='bbox 3550 1571 3605 1624; x_wconf 78' lang='grc' dir='ltr'>δὲ</span> <span class='ocrx_word' id='word_1_250' title='bbox 3641 1573 3738 1627; x_wconf 80' lang='grc' dir='ltr'>καὶ</span> 
     </span>
    </p>
   </div>
   <div class='ocr_carea' id='block_1_37' title="bbox 2157 1656 3731 1729">
    <p class='ocr_par' dir='ltr' id='par_1_37' title="bbox 2157 1656 3731 1729">
     <span class='ocr_line' id='line_1_37' title="bbox 2157 1656 3731 1729; baseline 0.002 -18"><span class='ocrx_word' id='word_1_251' title='bbox 2157 1658 2215 1711; x_wconf 79' lang='grc' dir='ltr'>ὲν</span> <span class='ocrx_word' id='word_1_252' title='bbox 2236 1657 2312 1725; x_wconf 81' lang='grc' dir='ltr'><strong>τῷ</strong></span> <span class='ocrx_word' id='word_1_253' title='bbox 2334 1657 2619 1727; x_wconf 78' lang='grc' dir='ltr'><strong>κεφαλαίῳ</strong></span> <span class='ocrx_word' id='word_1_254' title='bbox 2634 1656 2711 1727; x_wconf 80' lang='grc' dir='ltr'><strong>τῷ</strong></span> <span class='ocrx_word' id='word_1_255' title='bbox 2742 1657 3014 1727; x_wconf 69' lang='grc' dir='ltr'>Ἑλμειδὴ,</span> <span class='ocrx_word' id='word_1_256' title='bbox 3033 1658 3063 1710; x_wconf 81' lang='grc' dir='ltr'><strong>ὃ</strong></span> <span class='ocrx_word' id='word_1_257' title='bbox 3078 1658 3439 1728; x_wconf 82' lang='grc' dir='ltr'><strong>ἑρμηνεύεται</strong></span> <span class='ocrx_word' id='word_1_258' title='bbox 3456 1658 3731 1729; x_wconf 76' lang='grc' dir='ltr'>τράπεζα,</span> 
     </span>
    </p>
   </div>
   <div class='ocr_carea' id='block_1_38' title="bbox 2154 1742 3732 1819">
    <p class='ocr_par' dir='ltr' id='par_1_38' title="bbox 2154 1742 3732 1819">
     <span class='ocr_line' id='line_1_38' title="bbox 2154 1742 3732 1819; baseline 0.002 -17"><span class='ocrx_word' id='word_1_259' title='bbox 2154 1748 2252 1802; x_wconf 83' lang='grc' dir='ltr'>τὸν</span> <span class='ocrx_word' id='word_1_260' title='bbox 2283 1748 2521 1819; x_wconf 77' lang='grc' dir='ltr'>Χριστὸν</span> <span class='ocrx_word' id='word_1_261' title='bbox 2548 1748 2987 1819; x_wconf 82' lang='grc' dir='ltr'>παραιτούμενον</span> <span class='ocrx_word' id='word_1_262' title='bbox 3017 1742 3157 1818; x_wconf 79' lang='grc' dir='ltr'>ὑπὲρ</span> <span class='ocrx_word' id='word_1_263' title='bbox 3207 1750 3401 1804; x_wconf 77' lang='grc' dir='ltr'>ἑαυτοῦ</span> <span class='ocrx_word' id='word_1_264' title='bbox 3432 1752 3524 1804; x_wconf 83' lang='grc' dir='ltr'>τὸν</span> <span class='ocrx_word' id='word_1_265' title='bbox 3579 1752 3732 1817; x_wconf 72' lang='grc' dir='ltr'>Θεὸν,</span> 
     </span>
    </p>
   </div>
   <div class='ocr_carea' id='block_1_39' title="bbox 2154 1833 3733 1915">
    <p class='ocr_par' dir='ltr' id='par_1_39' title="bbox 2154 1833 3733 1915">
     <span class='ocr_line' id='line_1_39' title="bbox 2154 1833 3733 1915; baseline 0.003 -22"><span class='ocrx_word' id='word_1_266' title='bbox 2154 1839 2230 1903; x_wconf 80' lang='grc' dir='ltr'>ὡς</span> <span class='ocrx_word' id='word_1_267' title='bbox 2255 1840 2354 1894; x_wconf 80' lang='grc' dir='ltr'>οὐκ</span> <span class='ocrx_word' id='word_1_268' title='bbox 2382 1840 2627 1903; x_wconf 71' lang='grc' dir='ltr'>εἰπόντος</span> <span class='ocrx_word' id='word_1_269' title='bbox 2657 1837 2734 1907; x_wconf 82' lang='grc' dir='ltr'>τῷ</span> <span class='ocrx_word' id='word_1_270' title='bbox 2763 1841 2953 1910; x_wconf 82' lang='grc' dir='ltr'>κόσμῳ</span> <span class='ocrx_word' id='word_1_271' title='bbox 2987 1840 3119 1893; x_wconf 75' lang='grc' dir='ltr'>Θεὸν</span> <span class='ocrx_word' id='word_1_272' title='bbox 3164 1833 3307 1895; x_wconf 76' lang='grc' dir='ltr'>εἶναι</span> <span class='ocrx_word' id='word_1_273' title='bbox 3370 1842 3466 1913; x_wconf 82' lang='grc' dir='ltr'>τὴν</span> <span class='ocrx_word' id='word_1_274' title='bbox 3518 1843 3733 1915; x_wconf 78' lang='grc' dir='ltr'>μητέρα</span> 
     </span>
    </p>
   </div>
   <div class='ocr_carea' id='block_1_40' title="bbox 2155 1924 3731 2004">
    <p class='ocr_par' dir='ltr' id='par_1_40' title="bbox 2155 1924 3731 2004">
     <span class='ocr_line' id='line_1_40' title="bbox 2155 1924 3731 2004; baseline -0.001 -18"><span class='ocrx_word' id='word_1_275' title='bbox 2155 1932 2341 1987; x_wconf 77' lang='grc' dir='ltr'>αὐτοῦ.</span> <span class='ocrx_word' id='word_1_276' title='bbox 2376 1931 2487 1986; x_wconf 76' lang='grc' dir='ltr'><strong>Καὶ</strong></span> <span class='ocrx_word' id='word_1_277' title='bbox 2512 1929 2751 2001; x_wconf 78' lang='grc' dir='ltr'>ἀληθῶς·</span> <span class='ocrx_word' id='word_1_278' title='bbox 2784 1928 2895 1984; x_wconf 78' lang='grc' dir='ltr'>οὐδ’</span> <span class='ocrx_word' id='word_1_279' title='bbox 2921 1926 2970 1983; x_wconf 75' lang='lat' dir='ltr'><strong>oi</strong></span> <span class='ocrx_word' id='word_1_280' title='bbox 3025 1924 3346 2001; x_wconf 74' lang='grc' dir='ltr'>Χριστιανοὶ</span> <span class='ocrx_word' id='word_1_281' title='bbox 3392 1933 3547 1986; x_wconf 79' lang='grc' dir='ltr'>τοῦτό</span> <span class='ocrx_word' id='word_1_282' title='bbox 3576 1951 3731 2004; x_wconf 83' lang='grc' dir='ltr'>φασι,</span> 
     </span>
    </p>
   </div>
   <div class='ocr_carea' id='block_1_41' title="bbox 2153 2016 3729 2101">
    <p class='ocr_par' dir='ltr' id='par_1_41' title="bbox 2153 2016 3729 2101">
     <span class='ocr_line' id='line_1_41' title="bbox 2153 2016 3729 2101; baseline 0.001 -22"><span class='ocrx_word' id='word_1_283' title='bbox 2153 2025 2252 2095; x_wconf 81' lang='grc' dir='ltr'>τὴν</span> <span class='ocrx_word' id='word_1_284' title='bbox 2285 2025 2563 2097; x_wconf 78' lang='grc' dir='ltr'>μακαρίαν</span> <span class='ocrx_word' id='word_1_285' title='bbox 2618 2020 2839 2094; x_wconf 81' lang='grc' dir='ltr'>Μαρίαν</span> <span class='ocrx_word' id='word_1_286' title='bbox 2887 2023 3130 2095; x_wconf 85' lang='grc' dir='ltr'>δηλονότι</span> <span class='ocrx_word' id='word_1_287' title='bbox 3161 2024 3293 2078; x_wconf 77' lang='grc' dir='ltr'>Θεὸν</span> <span class='ocrx_word' id='word_1_288' title='bbox 3320 2016 3455 2081; x_wconf 74' lang='grc' dir='ltr'>εἶναι</span> <span class='ocrx_word' id='word_1_289' title='bbox 3494 2030 3527 2101; x_wconf 74' lang='grc' dir='ltr'>ἢ</span> <span class='ocrx_word' id='word_1_290' title='bbox 3580 2028 3729 2095; x_wconf 77' lang='grc' dir='ltr'>θεὰν,</span> 
     </span>
    </p>
   </div>
   <div class='ocr_carea' id='block_1_42' title="bbox 2152 2108 3729 2205">
    <p class='ocr_par' dir='ltr' id='par_1_42' title="bbox 2152 2108 3729 2205">
     <span class='ocr_line' id='line_1_42' title="bbox 2152 2108 3729 2205; baseline -0.001 -33"><span class='ocrx_word' id='word_1_291' title='bbox 2152 2118 2290 2173; x_wconf 74' lang='grc' dir='ltr'>ἀλλὰ</span> <span class='ocrx_word' id='word_1_292' title='bbox 2320 2116 2538 2184; x_wconf 77' lang='grc' dir='ltr'>λέγουσι</span> <span class='ocrx_word' id='word_1_293' title='bbox 2567 2111 2729 2187; x_wconf 74' lang='grc' dir='ltr'>ψιλὴν</span> <span class='ocrx_word' id='word_1_294' title='bbox 2788 2108 3047 2205; x_wconf 51' lang='grc' dir='ltr'>γενέσθαι</span> <span class='ocrx_word' id='word_1_295' title='bbox 3097 2118 3352 2185; x_wconf 83' lang='grc' dir='ltr'>γυναῖκα.</span> <span class='ocrx_word' id='word_1_296' title='bbox 3378 2111 3489 2173; x_wconf 75' lang='grc' dir='ltr'><strong>Καὶ</strong></span> <span class='ocrx_word' id='word_1_297' title='bbox 3528 2119 3635 2190; x_wconf 78' lang='grc' dir='ltr'><strong>γάρ</strong></span> <span class='ocrx_word' id='word_1_298' title='bbox 3666 2120 3729 2171; x_wconf 80' lang='grc' dir='ltr'>τὸ</span> 
     </span>
    </p>
   </div>
   <div class='ocr_carea' id='block_1_43' title="bbox 2155 2207 3717 2281">
    <p class='ocr_par' dir='ltr' id='par_1_43' title="bbox 2155 2207 3717 2281">
     <span class='ocr_line' id='line_1_43' title="bbox 2155 2207 3717 2281; baseline -0.002 -16"><span class='ocrx_word' id='word_1_299' title='bbox 2155 2207 2488 2279; x_wconf 68' lang='grc' dir='ltr'>[εὐαγγέλιον</span> <span class='ocrx_word' id='word_1_300' title='bbox 2512 2208 2573 2261; x_wconf 76' lang='grc' dir='ltr'>οὐ</span> <span class='ocrx_word' id='word_1_301' title='bbox 2608 2209 2765 2265; x_wconf 76' lang='grc' dir='ltr'>θεὰν.</span> <span class='ocrx_word' id='word_1_302' title='bbox 2805 2208 2976 2277; x_wconf 76' lang='grc' dir='ltr'>αὐτὴν</span> <span class='ocrx_word' id='word_1_303' title='bbox 3041 2207 3322 2280; x_wconf 75' lang='grc' dir='ltr'>ὀνομάζει,</span> <span class='ocrx_word' id='word_1_304' title='bbox 3354 2209 3388 2281; x_wconf 72' lang='grc' dir='ltr'><strong>ἢ</strong></span> <span class='ocrx_word' id='word_1_305' title='bbox 3453 2208 3717 2280; x_wconf 76' lang='grc' dir='ltr'>ἀγγελίδα,</span> 
     </span>
    </p>
   </div>
   <div class='ocr_carea' id='block_1_44' title="bbox 2152 2298 2573 2371">
    <p class='ocr_par' dir='ltr' id='par_1_44' title="bbox 2152 2298 2573 2371">
     <span class='ocr_line' id='line_1_44' title="bbox 2152 2298 2573 2371; baseline -0.007 -12"><span class='ocrx_word' id='word_1_306' title='bbox 2152 2302 2291 2360; x_wconf 81' lang='grc' dir='ltr'><strong>ἀλλά</strong></span> <span class='ocrx_word' id='word_1_307' title='bbox 2317 2298 2573 2371; x_wconf 77' lang='grc' dir='ltr'>γυναῖκα.</span> 
     </span>
    </p>
   </div>
   <div class='ocr_carea' id='block_1_45' title="bbox 2227 2382 3726 2465">
    <p class='ocr_par' dir='ltr' id='par_1_45' title="bbox 2227 2382 3726 2465">
     <span class='ocr_line' id='line_1_45' title="bbox 2227 2382 3726 2465; baseline -0.001 -16"><span class='ocrx_word' id='word_1_308' title='bbox 2227 2393 2346 2449; x_wconf 80' lang='grc' dir='ltr'>Ἔτι</span> <span class='ocrx_word' id='word_1_309' title='bbox 2373 2393 2587 2459; x_wconf 73' lang='grc' dir='ltr'>εἰσάγει</span> <span class='ocrx_word' id='word_1_310' title='bbox 2614 2394 2673 2444; x_wconf 75' lang='grc' dir='ltr'>ἐν</span> <span class='ocrx_word' id='word_1_311' title='bbox 2698 2388 2777 2462; x_wconf 81' lang='grc' dir='ltr'>τῷ</span> <span class='ocrx_word' id='word_1_312' title='bbox 2823 2382 2972 2462; x_wconf 80' lang='grc' dir='ltr'>αὺτῷ</span> <span class='ocrx_word' id='word_1_313' title='bbox 3035 2393 3337 2464; x_wconf 79' lang='grc' dir='ltr'>κεφαλαίῳ,</span> <span class='ocrx_word' id='word_1_314' title='bbox 3371 2392 3543 2463; x_wconf 81' lang='grc' dir='ltr'>λέγων</span> <span class='ocrx_word' id='word_1_315' title='bbox 3603 2396 3726 2465; x_wconf 77' lang='grc' dir='ltr'>περὶ</span> 
     </span>
    </p>
   </div>
   <div class='ocr_carea' id='block_1_46' title="bbox 456 2476 2049 2559">
    <p class='ocr_par' dir='ltr' id='par_1_46' title="bbox 456 2489 2049 2559">
     <span class='ocr_line' id='line_1_46' title="bbox 456 2489 2049 2559; baseline 0.001 -14"><span class='ocrx_word' id='word_1_316' title='bbox 456 2491 657 2547; x_wconf 83' lang='lat' dir='ltr'><strong>stianis</strong></span> <span class='ocrx_word' id='word_1_317' title='bbox 680 2501 739 2546; x_wconf 91' lang='lat' dir='ltr'><strong>et</strong></span> <span class='ocrx_word' id='word_1_318' title='bbox 767 2491 993 2554; x_wconf 60' lang='lat' dir='ltr'><strong>ludatis,</strong></span> <span class='ocrx_word' id='word_1_319' title='bbox 1026 2489 1176 2559; x_wconf 83' lang='lat' dir='ltr'><strong>quod</strong></span> <span class='ocrx_word' id='word_1_320' title='bbox 1210 2502 1317 2545; x_wconf 88' lang='lat' dir='ltr'><strong>non</strong></span> <span class='ocrx_word' id='word_1_321' title='bbox 1348 2498 1479 2545; x_wconf 87' lang='lat' dir='ltr'><strong>sunt</strong></span> <span class='ocrx_word' id='word_1_322' title='bbox 1529 2490 1584 2544; x_wconf 87' lang='lat' dir='ltr'><strong>bi</strong></span> <span class='ocrx_word' id='word_1_323' title='bbox 1636 2489 1731 2545; x_wconf 84' lang='lat' dir='ltr'><strong>tllil</strong></span> <span class='ocrx_word' id='word_1_324' title='bbox 1786 2491 1905 2555; x_wconf 85' lang='lat' dir='ltr'><strong>Dei,</strong></span> <span class='ocrx_word' id='word_1_325' title='bbox 1962 2493 2049 2546; x_wconf 85' lang='lat' dir='ltr'><strong>vel</strong></span> 
     </span>
    </p>
   </div>
   <div class='ocr_carea' id='block_1_47' title="bbox 2149 2476 3725 2559">
    <p class='ocr_par' dir='ltr' id='par_1_47' title="bbox 2149 2476 3725 2559">
     <span class='ocr_line' id='line_1_47' title="bbox 2149 2476 3725 2559; baseline -0.003 -17"><span class='ocrx_word' id='word_1_326' title='bbox 2149 2488 2259 2542; x_wconf 83' lang='grc' dir='ltr'><strong>τῶν</strong></span> <span class='ocrx_word' id='word_1_327' title='bbox 2291 2482 2633 2559; x_wconf 79' lang='grc' dir='ltr'>Χριστιανῶν</span> <span class='ocrx_word' id='word_1_328' title='bbox 2668 2487 2763 2539; x_wconf 80' lang='grc' dir='ltr'>καὶ</span> <span class='ocrx_word' id='word_1_329' title='bbox 2814 2485 2921 2538; x_wconf 77' lang='grc' dir='ltr'>τῶν</span> <span class='ocrx_word' id='word_1_330' title='bbox 2966 2476 3257 2554; x_wconf 78' lang='grc' dir='ltr'>Ἰουδαίων,</span> <span class='ocrx_word' id='word_1_331' title='bbox 3314 2487 3389 2551; x_wconf 87' lang='grc' dir='ltr'><strong>ὡς</strong></span> <span class='ocrx_word' id='word_1_332' title='bbox 3437 2487 3537 2540; x_wconf 83' lang='grc' dir='ltr'>οὐκ</span> <span class='ocrx_word' id='word_1_333' title='bbox 3590 2487 3725 2539; x_wconf 75' lang='grc' dir='ltr'>εἰσίν</span> 
     </span>
    </p>
   </div>
   <div class='ocr_carea' id='block_1_48' title="bbox 457 2571 2049 2653">
    <p class='ocr_par' dir='ltr' id='par_1_48' title="bbox 457 2582 2047 2653">
     <span class='ocr_line' id='line_1_48' title="bbox 457 2582 2047 2653; baseline -0.001 -16"><span class='ocrx_word' id='word_1_334' title='bbox 457 2584 622 2639; x_wconf 80' lang='lat' dir='ltr'><strong>amici</strong></span> <span class='ocrx_word' id='word_1_335' title='bbox 670 2584 787 2639; x_wconf 88' lang='lat' dir='ltr'><strong>Dei.</strong></span> <span class='ocrx_word' id='word_1_336' title='bbox 828 2583 985 2649; x_wconf 80' lang='lat' dir='ltr'><strong>Quod</strong></span> <span class='ocrx_word' id='word_1_337' title='bbox 1018 2583 1262 2639; x_wconf 84' lang='lat' dir='ltr'><strong>ostendit</strong></span> <span class='ocrx_word' id='word_1_338' title='bbox 1308 2599 1375 2637; x_wconf 77' lang='lat' dir='ltr'><strong>ex</strong></span> <span class='ocrx_word' id='word_1_339' title='bbox 1415 2597 1483 2637; x_wconf 92' lang='lat' dir='ltr'><strong>eo</strong></span> <span class='ocrx_word' id='word_1_340' title='bbox 1531 2582 1680 2652; x_wconf 84' lang='lat' dir='ltr'><strong>quod</strong></span> <span class='ocrx_word' id='word_1_341' title='bbox 1729 2583 2047 2653; x_wconf 70' lang='lat' dir='ltr'><strong>adﬁguntur</strong></span> 
     </span>
    </p>
   </div>
   <div class='ocr_carea' id='block_1_49' title="bbox 2149 2571 3724 2653">
    <p class='ocr_par' dir='ltr' id='par_1_49' title="bbox 2151 2571 3724 2649">
     <span class='ocr_line' id='line_1_49' title="bbox 2151 2571 3724 2649; baseline -0.002 -15"><span class='ocrx_word' id='word_1_342' title='bbox 2151 2578 2295 2635; x_wconf 69' lang='grc' dir='ltr'>οὗτοι</span> <span class='ocrx_word' id='word_1_343' title='bbox 2321 2581 2426 2635; x_wconf 84' lang='grc' dir='ltr'>υίοὶ</span> <span class='ocrx_word' id='word_1_344' title='bbox 2454 2580 2615 2643; x_wconf 81' lang='grc' dir='ltr'>Θεοῦ,</span> <span class='ocrx_word' id='word_1_345' title='bbox 2650 2574 2681 2649; x_wconf 74' lang='grc' dir='ltr'>ἢ</span> <span class='ocrx_word' id='word_1_346' title='bbox 2718 2574 2864 2648; x_wconf 79' lang='grc' dir='ltr'>φίλοι</span> <span class='ocrx_word' id='word_1_347' title='bbox 2916 2571 3091 2633; x_wconf 75' lang='grc' dir='ltr'>Θεοῦ·</span> <span class='ocrx_word' id='word_1_348' title='bbox 3126 2576 3154 2631; x_wconf 85' lang='grc' dir='ltr'><strong>δ</strong></span> <span class='ocrx_word' id='word_1_349' title='bbox 3203 2574 3473 2633; x_wconf 82' lang='grc' dir='ltr'>δείκνυσιν</span> <span class='ocrx_word' id='word_1_350' title='bbox 3532 2579 3593 2632; x_wconf 76' lang='grc' dir='ltr'>ἐκ</span> <span class='ocrx_word' id='word_1_351' title='bbox 3630 2578 3724 2633; x_wconf 84' lang='grc' dir='ltr'><strong>τοῦ</strong></span> 
     </span>
    </p>
   </div>
   <div class='ocr_carea' id='block_1_50' title="bbox 458 2662 2049 2745">
    <p class='ocr_par' dir='ltr' id='par_1_50' title="bbox 458 2674 2046 2745">
     <span class='ocr_line' id='line_1_50' title="bbox 458 2674 2046 2745; baseline -0.001 -16"><span class='ocrx_word' id='word_1_352' title='bbox 458 2692 561 2745; x_wconf 90' lang='lat' dir='ltr'><strong>pro</strong></span> <span class='ocrx_word' id='word_1_353' title='bbox 588 2674 851 2745; x_wconf 85' lang='lat' dir='ltr'><strong>peccatis,</strong></span> <span class='ocrx_word' id='word_1_354' title='bbox 887 2675 1033 2730; x_wconf 86' lang='lat' dir='ltr'><strong>sicut</strong></span> <span class='ocrx_word' id='word_1_355' title='bbox 1081 2675 1197 2744; x_wconf 89' lang='lat' dir='ltr'><strong>ipse</strong></span> <span class='ocrx_word' id='word_1_356' title='bbox 1229 2674 1387 2729; x_wconf 87' lang='lat' dir='ltr'><strong>dicit.</strong></span> <span class='ocrx_word' id='word_1_357' title='bbox 1432 2675 1559 2729; x_wconf 64' lang='lat' dir='ltr'><strong>llmc</strong></span> <span class='ocrx_word' id='word_1_358' title='bbox 1585 2683 1769 2728; x_wconf 82' lang='lat' dir='ltr'><strong>autem</strong></span> <span class='ocrx_word' id='word_1_359' title='bbox 1815 2676 2046 2729; x_wconf 86' lang='lat' dir='ltr'><strong>demon-</strong></span> 
     </span>
    </p>
   </div>
   <div class='ocr_carea' id='block_1_51' title="bbox 2149 2662 3726 2745">
    <p class='ocr_par' dir='ltr' id='par_1_51' title="bbox 2151 2662 3726 2739">
     <span class='ocr_line' id='line_1_51' title="bbox 2151 2662 3726 2739; baseline -0.003 -15"><span class='ocrx_word' id='word_1_360' title='bbox 2151 2670 2429 2724; x_wconf 75' lang='grc' dir='ltr'>θλίϐεσθαι</span> <span class='ocrx_word' id='word_1_361' title='bbox 2464 2670 2603 2738; x_wconf 77' lang='grc' dir='ltr'>ὑπὲρ</span> <span class='ocrx_word' id='word_1_362' title='bbox 2630 2667 2937 2739; x_wconf 81' lang='grc' dir='ltr'>ἁμαρτιῶν,</span> <span class='ocrx_word' id='word_1_363' title='bbox 2962 2667 3037 2731; x_wconf 82' lang='grc' dir='ltr'>ὡς</span> <span class='ocrx_word' id='word_1_364' title='bbox 3060 2667 3221 2731; x_wconf 77' lang='grc' dir='ltr'>αὐτός</span> <span class='ocrx_word' id='word_1_365' title='bbox 3245 2676 3432 2739; x_wconf 80' lang='grc' dir='ltr'>φησιν.</span> <span class='ocrx_word' id='word_1_366' title='bbox 3463 2668 3608 2738; x_wconf 71' lang='grc' dir='ltr'>Αὕτη</span> <span class='ocrx_word' id='word_1_367' title='bbox 3665 2662 3726 2720; x_wconf 73' lang='grc' dir='ltr'>ὃδ</span> 
     </span>
    </p>
   </div>
   <div class='ocr_carea' id='block_1_52' title="bbox 456 2758 2049 2833">
    <p class='ocr_par' dir='ltr' id='par_1_52' title="bbox 456 2767 2046 2823">
     <span class='ocr_line' id='line_1_52' title="bbox 456 2767 2046 2823; baseline -0.002 0"><span class='ocrx_word' id='word_1_368' title='bbox 456 2769 652 2823; x_wconf 86' lang='lat' dir='ltr'><strong>stratio</strong></span> <span class='ocrx_word' id='word_1_369' title='bbox 698 2768 828 2821; x_wconf 83' lang='lat' dir='ltr'><strong>falsa</strong></span> <span class='ocrx_word' id='word_1_370' title='bbox 875 2776 960 2822; x_wconf 81' lang='lat' dir='ltr'><strong>est</strong></span> <span class='ocrx_word' id='word_1_371' title='bbox 990 2768 1264 2822; x_wconf 88' lang='lat' dir='ltr'><strong>omnino:</strong></span> <span class='ocrx_word' id='word_1_372' title='bbox 1306 2782 1325 2817; x_wconf 82' lang='grc' dir='ltr'><strong>ι</strong></span> <span class='ocrx_word' id='word_1_373' title='bbox 1387 2767 1570 2821; x_wconf 72' lang='lat' dir='ltr'><strong>Multa:</strong></span> <span class='ocrx_word' id='word_1_374' title='bbox 1616 2768 1762 2821; x_wconf 75' lang='lat' dir='ltr'><strong>enim</strong></span> <span class='ocrx_word' id='word_1_375' title='bbox 1816 2767 2046 2821; x_wconf 81' lang='lat' dir='ltr'><strong>tribula-</strong></span> 
     </span>
    </p>
   </div>
   <div class='ocr_carea' id='block_1_53' title="bbox 2149 2758 3720 2833">
    <p class='ocr_par' dir='ltr' id='par_1_53' title="bbox 2149 2758 3720 2833">
     <span class='ocr_line' id='line_1_53' title="bbox 2149 2758 3720 2833; baseline -0.002 -18"><span class='ocrx_word' id='word_1_376' title='bbox 2149 2764 2182 2833; x_wconf 77' lang='grc' dir='ltr'><strong>ἡ</strong></span> <span class='ocrx_word' id='word_1_377' title='bbox 2224 2760 2499 2825; x_wconf 79' lang='grc' dir='ltr'>ἀπόδειξις</span> <span class='ocrx_word' id='word_1_378' title='bbox 2515 2759 2718 2829; x_wconf 76' lang='grc' dir='ltr'>ψευδής</span> <span class='ocrx_word' id='word_1_379' title='bbox 2772 2758 2889 2814; x_wconf 68' lang='grc' dir='ltr'>ἔστι</span> <span class='ocrx_word' id='word_1_380' title='bbox 2931 2760 3232 2824; x_wconf 74' lang='grc' dir='ltr'>παντελῶς.</span> <span class='ocrx_word' id='word_1_381' title='bbox 3263 2760 3460 2815; x_wconf 61' lang='lat' dir='ltr'><strong>ﬂendi</strong></span> <span class='ocrx_word' id='word_1_382' title='bbox 3514 2760 3617 2830; x_wconf 70' lang='grc' dir='ltr'><strong>γὰρ</strong></span> <span class='ocrx_word' id='word_1_383' title='bbox 3662 2762 3720 2812; x_wconf 78' lang='lat' dir='ltr'><strong>at</strong></span> 
     </span>
    </p>
   </div>
   <div class='ocr_carea' id='block_1_54' title="bbox 457 2842 2049 2927">
    <p class='ocr_par' dir='ltr' id='par_1_54' title="bbox 457 2856 2049 2927">
     <span class='ocr_line' id='line_1_54' title="bbox 457 2856 2049 2927; baseline -0.003 -15"><span class='ocrx_word' id='word_1_384' title='bbox 457 2859 639 2913; x_wconf 84' lang='lat' dir='ltr'><strong>tiones</strong></span> <span class='ocrx_word' id='word_1_385' title='bbox 670 2858 1039 2927; x_wconf 73' lang='lat' dir='ltr'><strong>iustorum&quot;.</strong></span> <span class='ocrx_word' id='word_1_386' title='bbox 1093 2876 1111 2907; x_wconf 73' lang='grc' dir='ltr'><strong>ι</strong></span> <span class='ocrx_word' id='word_1_387' title='bbox 1169 2856 1236 2909; x_wconf 88' lang='lat' dir='ltr'><strong>Et</strong></span> <span class='ocrx_word' id='word_1_388' title='bbox 1281 2860 1424 2910; x_wconf 85' lang='lat' dir='ltr'><strong>sicut</strong></span> <span class='ocrx_word' id='word_1_389' title='bbox 1474 2856 1541 2909; x_wconf 83' lang='lat' dir='ltr'><strong>ad</strong></span> <span class='ocrx_word' id='word_1_390' title='bbox 1598 2856 1857 2912; x_wconf 73' lang='lat' dir='ltr'><strong>Hebraeos</strong></span> <span class='ocrx_word' id='word_1_391' title='bbox 1914 2856 2049 2911; x_wconf 85' lang='lat' dir='ltr'><strong>dicit</strong></span> 
     </span>
    </p>
   </div>
   <div class='ocr_carea' id='block_1_55' title="bbox 2149 2842 3725 2927">
    <p class='ocr_par' dir='ltr' id='par_1_55' title="bbox 2149 2842 3725 2923">
     <span class='ocr_line' id='line_1_55' title="bbox 2149 2842 3725 2923; baseline -0.003 -17"><span class='ocrx_word' id='word_1_392' title='bbox 2149 2851 2356 2919; x_wconf 82' lang='grc' dir='ltr'>θλίψεις</span> <span class='ocrx_word' id='word_1_393' title='bbox 2385 2851 2495 2904; x_wconf 85' lang='grc' dir='ltr'><strong>τῶν</strong></span> <span class='ocrx_word' id='word_1_394' title='bbox 2541 2848 2788 2904; x_wconf 79' lang='grc' dir='ltr'>δικαίων⁴</span> <span class='ocrx_word' id='word_1_395' title='bbox 2814 2850 2908 2904; x_wconf 80' lang='grc' dir='ltr'>καὶ</span> <span class='ocrx_word' id='word_1_396' title='bbox 2968 2848 3045 2914; x_wconf 78' lang='grc' dir='ltr'>ὡς</span> <span class='ocrx_word' id='word_1_397' title='bbox 3090 2851 3228 2923; x_wconf 62' lang='grc' dir='ltr'>πρές</span> <span class='ocrx_word' id='word_1_398' title='bbox 3283 2851 3407 2914; x_wconf 75' lang='grc' dir='ltr'>τοὺς</span> <span class='ocrx_word' id='word_1_399' title='bbox 3451 2842 3725 2922; x_wconf 76' lang='grc' dir='ltr'>Ἐϐραίους</span> 
     </span>
    </p>
   </div>
   <div class='ocr_carea' id='block_1_56' title="bbox 455 2944 2048 3019">
    <p class='ocr_par' dir='ltr' id='par_1_56' title="bbox 455 2944 2048 3019">
     <span class='ocr_line' id='line_1_56' title="bbox 455 2944 2048 3019; baseline -0.001 -16"><span class='ocrx_word' id='word_1_400' title='bbox 455 2948 755 3019; x_wconf 76' lang='lat' dir='ltr'><strong>Apostolus</strong></span> <span class='ocrx_word' id='word_1_401' title='bbox 791 2966 805 3002; x_wconf 90' lang='lat'>:</span> <span class='ocrx_word' id='word_1_402' title='bbox 850 2965 869 2999; x_wconf 85' lang='grc' dir='ltr'><strong>ι</strong></span> <span class='ocrx_word' id='word_1_403' title='bbox 905 2944 1170 3018; x_wconf 79' lang='lat' dir='ltr'><strong>Flagellat</strong></span> <span class='ocrx_word' id='word_1_404' title='bbox 1207 2962 1424 3001; x_wconf 87' lang='lat' dir='ltr'><strong>omnem</strong></span> <span class='ocrx_word' id='word_1_405' title='bbox 1467 2947 1637 2999; x_wconf 83' lang='lat' dir='ltr'><strong>lilium</strong></span> <span class='ocrx_word' id='word_1_406' title='bbox 1681 2962 1841 3017; x_wconf 87' lang='lat' dir='ltr'><strong>quem</strong></span> <span class='ocrx_word' id='word_1_407' title='bbox 1873 2946 2048 3001; x_wconf 86' lang='lat' dir='ltr'><strong>susci-</strong></span> 
     </span>
    </p>
   </div>
   <div class='ocr_carea' id='block_1_57' title="bbox 456 3037 2049 3111">
    <p class='ocr_par' dir='ltr' id='par_1_57' title="bbox 456 3037 2049 3111">
     <span class='ocr_line' id='line_1_57' title="bbox 456 3037 2049 3111; baseline -0.001 -17"><span class='ocrx_word' id='word_1_408' title='bbox 456 3042 540 3111; x_wconf 90' lang='lat' dir='ltr'><strong>pit</strong></span> <span class='ocrx_word' id='word_1_409' title='bbox 566 3042 630 3095; x_wconf 88' lang='lat'><strong>&quot;.</strong></span> <span class='ocrx_word' id='word_1_410' title='bbox 669 3059 688 3092; x_wconf 79' lang='grc' dir='ltr'><strong>ι</strong></span> <span class='ocrx_word' id='word_1_411' title='bbox 725 3040 898 3094; x_wconf 87' lang='lat' dir='ltr'><strong>Aliter</strong></span> <span class='ocrx_word' id='word_1_412' title='bbox 936 3050 1119 3093; x_wconf 77' lang='lat' dir='ltr'><strong>tatnen</strong></span> <span class='ocrx_word' id='word_1_413' title='bbox 1163 3037 1321 3108; x_wconf 82' lang='lat' dir='ltr'><strong>justi,</strong></span> <span class='ocrx_word' id='word_1_414' title='bbox 1360 3047 1416 3092; x_wconf 87' lang='lat' dir='ltr'><strong>et</strong></span> <span class='ocrx_word' id='word_1_415' title='bbox 1462 3038 1621 3092; x_wconf 74' lang='lat' dir='ltr'><strong>aliter</strong></span> <span class='ocrx_word' id='word_1_416' title='bbox 1676 3038 1827 3108; x_wconf 90' lang='lat' dir='ltr'><strong>impii</strong></span> <span class='ocrx_word' id='word_1_417' title='bbox 1863 3039 2049 3110; x_wconf 83' lang='lat' dir='ltr'><strong>ﬂagel-</strong></span> 
     </span>
    </p>
   </div>
   <div class='ocr_carea' id='block_1_58' title="bbox 2148 2934 3727 3015">
    <p class='ocr_par' dir='ltr' id='par_1_58' title="bbox 2148 2934 3727 3015">
     <span class='ocr_line' id='line_1_58' title="bbox 2148 2934 3727 3015; baseline 0.001 -20"><span class='ocrx_word' id='word_1_418' title='bbox 2148 2945 2312 3014; x_wconf 62' lang='grc' dir='ltr'>φησιν</span> <span class='ocrx_word' id='word_1_419' title='bbox 2335 2946 2364 2997; x_wconf 83' lang='grc' dir='ltr'>ὁ</span> <span class='ocrx_word' id='word_1_420' title='bbox 2402 2942 2743 3007; x_wconf 80' lang='grc' dir='ltr'>Ἀπόστολος,</span> <span class='ocrx_word' id='word_1_421' title='bbox 2776 2961 2794 2995; x_wconf 90' lang='grc' dir='ltr'><strong>ι</strong></span> <span class='ocrx_word' id='word_1_422' title='bbox 2811 2940 3086 3011; x_wconf 81' lang='grc' dir='ltr'>Μαστιγοῖ</span> <span class='ocrx_word' id='word_1_423' title='bbox 3107 2942 3285 2998; x_wconf 80' lang='grc' dir='ltr'>πάντα</span> <span class='ocrx_word' id='word_1_424' title='bbox 3313 2938 3447 3009; x_wconf 77' lang='grc' dir='ltr'>υίὸν,</span> <span class='ocrx_word' id='word_1_425' title='bbox 3471 2934 3530 2997; x_wconf 82' lang='grc' dir='ltr'><strong>δν</strong></span> <span class='ocrx_word' id='word_1_426' title='bbox 3556 2956 3727 3015; x_wconf 86' lang='grc' dir='ltr'>παρα-</span> 
     </span>
    </p>
   </div>
   <div class='ocr_carea' id='block_1_59' title="bbox 2145 3036 3723 3110">
    <p class='ocr_par' dir='ltr' id='par_1_59' title="bbox 2145 3036 3723 3110">
     <span class='ocr_line' id='line_1_59' title="bbox 2145 3036 3723 3110; baseline 0 -17"><span class='ocrx_word' id='word_1_427' title='bbox 2145 3039 2381 3110; x_wconf 81' lang='grc' dir='ltr'>δέχεται.</span> <span class='ocrx_word' id='word_1_428' title='bbox 2408 3057 2427 3092; x_wconf 78' lang='grc'><strong>»</strong></span> <span class='ocrx_word' id='word_1_429' title='bbox 2467 3038 2662 3110; x_wconf 82' lang='grc' dir='ltr'>Ὅμως</span> <span class='ocrx_word' id='word_1_430' title='bbox 2700 3039 2796 3093; x_wconf 72' lang='grc' dir='ltr'>καὶ</span> <span class='ocrx_word' id='word_1_431' title='bbox 2826 3036 2875 3093; x_wconf 84' lang='lat' dir='ltr'><strong>oi</strong></span> <span class='ocrx_word' id='word_1_432' title='bbox 2900 3036 3100 3094; x_wconf 84' lang='grc' dir='ltr'>δίκαιοι</span> <span class='ocrx_word' id='word_1_433' title='bbox 3125 3039 3218 3094; x_wconf 71' lang='grc' dir='ltr'>καὶ</span> <span class='ocrx_word' id='word_1_434' title='bbox 3252 3042 3299 3094; x_wconf 83' lang='lat' dir='ltr'><strong>oi</strong></span> <span class='ocrx_word' id='word_1_435' title='bbox 3354 3041 3570 3103; x_wconf 72' lang='grc' dir='ltr'>ἀσεϐεῖς</span> <span class='ocrx_word' id='word_1_436' title='bbox 3619 3057 3723 3110; x_wconf 82' lang='grc' dir='ltr'>μα-</span> 
     </span>
    </p>
   </div>
   <div class='ocr_carea' id='block_1_60' title="bbox 459 3130 2049 3205">
    <p class='ocr_par' dir='ltr' id='par_1_60' title="bbox 459 3130 2044 3205">
     <span class='ocr_line' id='line_1_60' title="bbox 459 3130 2044 3205; baseline -0.001 -18"><span class='ocrx_word' id='word_1_437' title='bbox 459 3133 645 3187; x_wconf 84' lang='lat' dir='ltr'><strong>lantur</strong></span> <span class='ocrx_word' id='word_1_438' title='bbox 668 3147 697 3185; x_wconf 90' lang='lat' dir='ltr'><strong>a</strong></span> <span class='ocrx_word' id='word_1_439' title='bbox 716 3132 863 3205; x_wconf 74' lang='lat' dir='ltr'><strong>Deo.</strong></span> <span class='ocrx_word' id='word_1_440' title='bbox 893 3131 1111 3186; x_wconf 69' lang='lat' dir='ltr'><strong>Etenim</strong></span> <span class='ocrx_word' id='word_1_441' title='bbox 1142 3130 1275 3200; x_wconf 90' lang='lat' dir='ltr'><strong>ipsis</strong></span> <span class='ocrx_word' id='word_1_442' title='bbox 1309 3130 1599 3185; x_wconf 84' lang='lat' dir='ltr'><strong>Saracenis</strong></span> <span class='ocrx_word' id='word_1_443' title='bbox 1629 3131 1799 3186; x_wconf 90' lang='lat' dir='ltr'><strong>multa</strong></span> <span class='ocrx_word' id='word_1_444' title='bbox 1833 3131 2044 3202; x_wconf 82' lang='lat' dir='ltr'><strong>ﬂagella</strong></span> 
     </span>
    </p>
   </div>
   <div class='ocr_carea' id='block_1_61' title="bbox 2149 3130 3724 3205">
    <p class='ocr_par' dir='ltr' id='par_1_61' title="bbox 2152 3130 3724 3205">
     <span class='ocr_line' id='line_1_61' title="bbox 2152 3130 3724 3205; baseline 0.001 -22"><span class='ocrx_word' id='word_1_445' title='bbox 2152 3132 2426 3194; x_wconf 79' lang='grc' dir='ltr'>στίζονται</span> <span class='ocrx_word' id='word_1_446' title='bbox 2487 3130 2642 3202; x_wconf 84' lang='grc' dir='ltr'>παρὰ</span> <span class='ocrx_word' id='word_1_447' title='bbox 2670 3131 2765 3185; x_wconf 87' lang='grc' dir='ltr'><strong>τοῦ</strong></span> <span class='ocrx_word' id='word_1_448' title='bbox 2832 3131 2990 3187; x_wconf 88' lang='grc' dir='ltr'>Θεοῦ.</span> <span class='ocrx_word' id='word_1_449' title='bbox 3050 3133 3161 3187; x_wconf 73' lang='grc' dir='ltr'><strong>Καὶ</strong></span> <span class='ocrx_word' id='word_1_450' title='bbox 3218 3132 3401 3196; x_wconf 78' lang='grc' dir='ltr'>αὐτοῖς</span> <span class='ocrx_word' id='word_1_451' title='bbox 3453 3133 3559 3205; x_wconf 86' lang='grc' dir='ltr'><strong>γάρ</strong></span> <span class='ocrx_word' id='word_1_452' title='bbox 3613 3134 3724 3196; x_wconf 86' lang='grc' dir='ltr'>τοῖς</span> 
     </span>
    </p>
   </div>
   <div class='ocr_carea' id='block_1_62' title="bbox 457 3221 1828 3292">
    <p class='ocr_par' dir='ltr' id='par_1_62' title="bbox 457 3221 1828 3292">
     <span class='ocr_line' id='line_1_62' title="bbox 457 3221 1828 3292; baseline -0.001 -13"><span class='ocrx_word' id='word_1_453' title='bbox 457 3223 676 3280; x_wconf 75' lang='lat' dir='ltr'><strong>Tartari</strong></span> <span class='ocrx_word' id='word_1_454' title='bbox 708 3224 1039 3286; x_wconf 85' lang='lat' dir='ltr'><strong>intulerunt,</strong></span> <span class='ocrx_word' id='word_1_455' title='bbox 1070 3222 1177 3277; x_wconf 85' lang='lat' dir='ltr'><strong>etsi</strong></span> <span class='ocrx_word' id='word_1_456' title='bbox 1220 3221 1392 3292; x_wconf 81' lang='lat' dir='ltr'><strong>legem</strong></span> <span class='ocrx_word' id='word_1_457' title='bbox 1427 3238 1534 3277; x_wconf 92' lang='lat' dir='ltr'><strong>non</strong></span> <span class='ocrx_word' id='word_1_458' title='bbox 1570 3223 1828 3279; x_wconf 82' lang='lat' dir='ltr'><strong>habeant.</strong></span> 
     </span>
    </p>
   </div>
   <div class='ocr_carea' id='block_1_63' title="bbox 528 3400 2045 3473">
    <p class='ocr_par' dir='ltr' id='par_1_63' title="bbox 528 3400 2045 3473">
     <span class='ocr_line' id='line_1_63' title="bbox 528 3400 2045 3473; baseline -0.001 -16"><span class='ocrx_word' id='word_1_459' title='bbox 528 3403 607 3458; x_wconf 85' lang='lat' dir='ltr'><strong>De</strong></span> <span class='ocrx_word' id='word_1_460' title='bbox 657 3402 865 3459; x_wconf 69' lang='lat' dir='ltr'><strong>Iudaeis</strong></span> <span class='ocrx_word' id='word_1_461' title='bbox 917 3402 1053 3458; x_wconf 86' lang='lat' dir='ltr'><strong>dicit</strong></span> <span class='ocrx_word' id='word_1_462' title='bbox 1110 3402 1457 3457; x_wconf 83' lang='lat' dir='ltr'><strong>Mahometus</strong></span> <span class='ocrx_word' id='word_1_463' title='bbox 1520 3400 1574 3454; x_wconf 94' lang='lat' dir='ltr'><strong>in</strong></span> <span class='ocrx_word' id='word_1_464' title='bbox 1633 3402 1873 3473; x_wconf 86' lang='lat' dir='ltr'><strong>capitulo</strong></span> <span class='ocrx_word' id='word_1_465' title='bbox 1921 3401 2045 3456; x_wconf 91' lang='lat' dir='ltr'><strong>Tel-</strong></span> 
     </span>
    </p>
   </div>
   <div class='ocr_carea' id='block_1_64' title="bbox 461 3492 2047 3563">
    <p class='ocr_par' dir='ltr' id='par_1_64' title="bbox 461 3492 2047 3563">
     <span class='ocr_line' id='line_1_64' title="bbox 461 3492 2047 3563; baseline -0.001 -16"><span class='ocrx_word' id='word_1_466' title='bbox 461 3502 700 3563; x_wconf 88' lang='lat' dir='ltr'><strong>tcumpe,</strong></span> <span class='ocrx_word' id='word_1_467' title='bbox 731 3493 879 3563; x_wconf 83' lang='lat' dir='ltr'><strong>quod</strong></span> <span class='ocrx_word' id='word_1_468' title='bbox 913 3494 1313 3563; x_wconf 90' lang='lat' dir='ltr'><strong>interpretatur</strong></span> <span class='ocrx_word' id='word_1_469' title='bbox 1338 3493 1667 3563; x_wconf 64' lang='lat' dir='ltr'><strong>poenitentia,</strong></span> <span class='ocrx_word' id='word_1_470' title='bbox 1704 3492 1850 3562; x_wconf 92' lang='lat' dir='ltr'><strong>quod</strong></span> <span class='ocrx_word' id='word_1_471' title='bbox 1890 3492 2047 3547; x_wconf 83' lang='lat' dir='ltr'><strong>deiti-</strong></span> 
     </span>
    </p>
   </div>
   <div class='ocr_carea' id='block_1_65' title="bbox 458 3581 2042 3660">
    <p class='ocr_par' dir='ltr' id='par_1_65' title="bbox 458 3581 2042 3660">
     <span class='ocr_line' id='line_1_65' title="bbox 458 3581 2042 3660; baseline 0.001 -19"><span class='ocrx_word' id='word_1_472' title='bbox 458 3594 587 3641; x_wconf 85' lang='lat' dir='ltr'><strong>cant</strong></span> <span class='ocrx_word' id='word_1_473' title='bbox 625 3585 873 3651; x_wconf 77' lang='lat' dir='ltr'><strong>Eleazar,</strong></span> <span class='ocrx_word' id='word_1_474' title='bbox 921 3596 977 3641; x_wconf 89' lang='lat' dir='ltr'><strong>et</strong></span> <span class='ocrx_word' id='word_1_475' title='bbox 1024 3581 1237 3643; x_wconf 26' lang='lat' dir='ltr'><strong>dicunt.</strong></span> <span class='ocrx_word' id='word_1_476' title='bbox 1261 3589 1408 3660; x_wconf 88' lang='lat' dir='ltr'><strong>quod</strong></span> <span class='ocrx_word' id='word_1_477' title='bbox 1442 3591 1558 3659; x_wconf 72' lang='lat' dir='ltr'><strong>ip:e</strong></span> <span class='ocrx_word' id='word_1_478' title='bbox 1593 3600 1678 3645; x_wconf 91' lang='lat' dir='ltr'><strong>est</strong></span> <span class='ocrx_word' id='word_1_479' title='bbox 1711 3590 1883 3644; x_wconf 84' lang='lat' dir='ltr'><strong>Filius</strong></span> <span class='ocrx_word' id='word_1_480' title='bbox 1924 3589 2042 3644; x_wconf 87' lang='lat' dir='ltr'><strong>Dei.</strong></span> 
     </span>
    </p>
   </div>
   <div class='ocr_carea' id='block_1_66' title="bbox 457 3678 2040 3737">
    <p class='ocr_par' dir='ltr' id='par_1_66' title="bbox 457 3678 2040 3737">
     <span class='ocr_line' id='line_1_66' title="bbox 457 3678 2040 3737; baseline 0.001 -5"><span class='ocrx_word' id='word_1_481' title='bbox 457 3678 572 3733; x_wconf 88' lang='lat' dir='ltr'><strong>Hoc</strong></span> <span class='ocrx_word' id='word_1_482' title='bbox 600 3687 783 3734; x_wconf 88' lang='lat' dir='ltr'><strong>autem</strong></span> <span class='ocrx_word' id='word_1_483' title='bbox 824 3680 1117 3737; x_wconf 78' lang='lat' dir='ltr'><strong>manifeste</strong></span> <span class='ocrx_word' id='word_1_484' title='bbox 1157 3691 1239 3737; x_wconf 90' lang='lat' dir='ltr'><strong>est</strong></span> <span class='ocrx_word' id='word_1_485' title='bbox 1275 3683 1651 3737; x_wconf 86' lang='lat' dir='ltr'><strong>mendacium.</strong></span> <span class='ocrx_word' id='word_1_486' title='bbox 1681 3680 1858 3735; x_wconf 71' lang='lat' dir='ltr'><strong>Judaei</strong></span> <span class='ocrx_word' id='word_1_487' title='bbox 1890 3681 2040 3735; x_wconf 86' lang='lat' dir='ltr'><strong>enim</strong></span> 
     </span>
    </p>
   </div>
   <div class='ocr_carea' id='block_1_67' title="bbox 454 3769 2042 3842">
    <p class='ocr_par' dir='ltr' id='par_1_67' title="bbox 454 3769 2042 3842">
     <span class='ocr_line' id='line_1_67' title="bbox 454 3769 2042 3842; baseline 0 -15"><span class='ocrx_word' id='word_1_488' title='bbox 454 3772 670 3827; x_wconf 91' lang='lat' dir='ltr'><strong>nullum</strong></span> <span class='ocrx_word' id='word_1_489' title='bbox 704 3772 981 3827; x_wconf 87' lang='lat' dir='ltr'><strong>hominem</strong></span> <span class='ocrx_word' id='word_1_490' title='bbox 1021 3774 1191 3828; x_wconf 84' lang='lat' dir='ltr'><strong>Deum</strong></span> <span class='ocrx_word' id='word_1_491' title='bbox 1227 3773 1454 3836; x_wconf 76' lang='lat' dir='ltr'><strong>iaciunt,</strong></span> <span class='ocrx_word' id='word_1_492' title='bbox 1494 3786 1676 3842; x_wconf 87' lang='lat' dir='ltr'><strong>neque</strong></span> <span class='ocrx_word' id='word_1_493' title='bbox 1707 3769 1907 3826; x_wconf 88' lang='lat' dir='ltr'><strong>Filium</strong></span> <span class='ocrx_word' id='word_1_494' title='bbox 1949 3771 2042 3827; x_wconf 67' lang='lat' dir='ltr'><strong>Dei</strong></span> 
     </span>
    </p>
   </div>
   <div class='ocr_carea' id='block_1_68' title="bbox 460 3860 2044 3934">
    <p class='ocr_par' dir='ltr' id='par_1_68' title="bbox 460 3860 2044 3934">
     <span class='ocr_line' id='line_1_68' title="bbox 460 3860 2044 3934; baseline 0 -17"><span class='ocrx_word' id='word_1_495' title='bbox 460 3864 656 3917; x_wconf 80' lang='lat' dir='ltr'><strong>dicunt</strong></span> <span class='ocrx_word' id='word_1_496' title='bbox 685 3872 826 3919; x_wconf 82' lang='lat' dir='ltr'><strong>esse.</strong></span> <span class='ocrx_word' id='word_1_497' title='bbox 860 3863 993 3918; x_wconf 81' lang='lat' dir='ltr'><strong>Item</strong></span> <span class='ocrx_word' id='word_1_498' title='bbox 1028 3864 1085 3918; x_wconf 91' lang='lat' dir='ltr'><strong>in</strong></span> <span class='ocrx_word' id='word_1_499' title='bbox 1116 3864 1356 3934; x_wconf 88' lang='lat' dir='ltr'><strong>capitulo</strong></span> <span class='ocrx_word' id='word_1_500' title='bbox 1390 3864 1609 3926; x_wconf 81' lang='lat' dir='ltr'><strong>Eluasa,</strong></span> <span class='ocrx_word' id='word_1_501' title='bbox 1665 3860 1813 3932; x_wconf 91' lang='lat' dir='ltr'><strong>quod</strong></span> <span class='ocrx_word' id='word_1_502' title='bbox 1868 3862 2044 3917; x_wconf 88' lang='lat' dir='ltr'><strong>inter-</strong></span> 
     </span>
    </p>
   </div>
   <div class='ocr_carea' id='block_1_69' title="bbox 456 3953 2046 4024">
    <p class='ocr_par' dir='ltr' id='par_1_69' title="bbox 456 3953 2046 4024">
     <span class='ocr_line' id='line_1_69' title="bbox 456 3953 2046 4024; baseline 0 -15"><span class='ocrx_word' id='word_1_503' title='bbox 456 3970 545 4024; x_wconf 75' lang='lat' dir='ltr'><strong>pr.</strong></span> <span class='ocrx_word' id='word_1_504' title='bbox 568 3963 713 4009; x_wconf 85' lang='lat' dir='ltr'><strong>tatur</strong></span> <span class='ocrx_word' id='word_1_505' title='bbox 738 3954 1002 4021; x_wconf 72' lang='lat' dir='ltr'><strong>mulieres,</strong></span> <span class='ocrx_word' id='word_1_506' title='bbox 1028 3954 1166 4009; x_wconf 86' lang='lat' dir='ltr'><strong>dicit</strong></span> <span class='ocrx_word' id='word_1_507' title='bbox 1196 3955 1344 4024; x_wconf 89' lang='lat' dir='ltr'><strong>quod</strong></span> <span class='ocrx_word' id='word_1_508' title='bbox 1379 3954 1482 4024; x_wconf 86' lang='lat' dir='ltr'><strong>ipsi</strong></span> <span class='ocrx_word' id='word_1_509' title='bbox 1521 3953 1693 4008; x_wconf 57' lang='lat' dir='ltr'><strong>Judaei</strong></span> <span class='ocrx_word' id='word_1_510' title='bbox 1729 3953 1922 4010; x_wconf 88' lang='lat' dir='ltr'><strong>dicunt</strong></span> <span class='ocrx_word' id='word_1_511' title='bbox 1951 3955 2046 4009; x_wconf 84' lang='lat' dir='ltr'><strong>in-</strong></span> 
     </span>
    </p>
   </div>
   <div class='ocr_carea' id='block_1_70' title="bbox 459 4044 2045 4116">
    <p class='ocr_par' dir='ltr' id='par_1_70' title="bbox 459 4044 2045 4116">
     <span class='ocr_line' id='line_1_70' title="bbox 459 4044 2045 4116; baseline 0 -16"><span class='ocrx_word' id='word_1_512' title='bbox 459 4047 743 4103; x_wconf 83' lang='lat' dir='ltr'><strong>teremisse</strong></span> <span class='ocrx_word' id='word_1_513' title='bbox 791 4046 1074 4102; x_wconf 84' lang='lat' dir='ltr'><strong>Christum</strong></span> <span class='ocrx_word' id='word_1_514' title='bbox 1121 4047 1332 4113; x_wconf 67' lang='lat' dir='ltr'><strong>Iesum,</strong></span> <span class='ocrx_word' id='word_1_515' title='bbox 1364 4045 1531 4099; x_wconf 87' lang='lat' dir='ltr'><strong>lilium</strong></span> <span class='ocrx_word' id='word_1_516' title='bbox 1565 4044 1770 4112; x_wconf 60' lang='lat' dir='ltr'><strong>Mariis,</strong></span> <span class='ocrx_word' id='word_1_517' title='bbox 1820 4056 2045 4116; x_wconf 79' lang='lat' dir='ltr'><strong>aposto-</strong></span> 
     </span>
    </p>
   </div>
   <div class='ocr_carea' id='block_1_71' title="bbox 456 4136 2040 4194">
    <p class='ocr_par' dir='ltr' id='par_1_71' title="bbox 456 4136 2040 4194">
     <span class='ocr_line' id='line_1_71' title="bbox 456 4136 2040 4194; baseline 0.002 -3"><span class='ocrx_word' id='word_1_518' title='bbox 456 4137 571 4192; x_wconf 91' lang='lat' dir='ltr'><strong>lum</strong></span> <span class='ocrx_word' id='word_1_519' title='bbox 627 4137 747 4193; x_wconf 89' lang='lat' dir='ltr'><strong>Dei.</strong></span> <span class='ocrx_word' id='word_1_520' title='bbox 803 4136 921 4191; x_wconf 85' lang='lat' dir='ltr'><strong>Hoc</strong></span> <span class='ocrx_word' id='word_1_521' title='bbox 954 4149 1136 4191; x_wconf 83' lang='lat' dir='ltr'><strong>autem</strong></span> <span class='ocrx_word' id='word_1_522' title='bbox 1193 4136 1481 4191; x_wconf 83' lang='lat' dir='ltr'><strong>manifeste</strong></span> <span class='ocrx_word' id='word_1_523' title='bbox 1535 4145 1620 4190; x_wconf 90' lang='lat' dir='ltr'><strong>est</strong></span> <span class='ocrx_word' id='word_1_524' title='bbox 1670 4136 2040 4194; x_wconf 87' lang='lat' dir='ltr'><strong>mendacium.</strong></span> 
     </span>
    </p>
   </div>
   <div class='ocr_carea' id='block_1_72' title="bbox 454 4228 2041 4298">
    <p class='ocr_par' dir='ltr' id='par_1_72' title="bbox 454 4228 2041 4298">
     <span class='ocr_line' id='line_1_72' title="bbox 454 4228 2041 4298; baseline 0.001 -15"><span class='ocrx_word' id='word_1_525' title='bbox 454 4228 575 4285; x_wconf 85' lang='lat' dir='ltr'><strong>Non</strong></span> <span class='ocrx_word' id='word_1_526' title='bbox 620 4229 769 4284; x_wconf 75' lang='lat' dir='ltr'><strong>enim</strong></span> <span class='ocrx_word' id='word_1_527' title='bbox 819 4228 1006 4284; x_wconf 71' lang='lat' dir='ltr'><strong>Iesum</strong></span> <span class='ocrx_word' id='word_1_528' title='bbox 1091 4228 1371 4284; x_wconf 86' lang='lat' dir='ltr'><strong>Christum</strong></span> <span class='ocrx_word' id='word_1_529' title='bbox 1426 4228 1619 4282; x_wconf 85' lang='lat' dir='ltr'><strong>dicunt</strong></span> <span class='ocrx_word' id='word_1_530' title='bbox 1672 4243 1793 4284; x_wconf 88' lang='lat' dir='ltr'><strong>esse</strong></span> <span class='ocrx_word' id='word_1_531' title='bbox 1843 4230 2041 4298; x_wconf 63' lang='lat' dir='ltr'><strong>Judaei,</strong></span> 
     </span>
    </p>
   </div>
   <div class='ocr_carea' id='block_1_73' title="bbox 454 4318 2040 4392">
    <p class='ocr_par' dir='ltr' id='par_1_73' title="bbox 454 4318 2040 4392">
     <span class='ocr_line' id='line_1_73' title="bbox 454 4318 2040 4392; baseline 0 -16"><span class='ocrx_word' id='word_1_532' title='bbox 454 4333 639 4389; x_wconf 85' lang='lat' dir='ltr'><strong>neque</strong></span> <span class='ocrx_word' id='word_1_533' title='bbox 657 4320 965 4391; x_wconf 80' lang='lat' dir='ltr'><strong>apostolum</strong></span> <span class='ocrx_word' id='word_1_534' title='bbox 997 4319 1170 4374; x_wconf 88' lang='lat' dir='ltr'><strong>luisse</strong></span> <span class='ocrx_word' id='word_1_535' title='bbox 1198 4318 1319 4383; x_wconf 88' lang='lat' dir='ltr'><strong>Dei,</strong></span> <span class='ocrx_word' id='word_1_536' title='bbox 1348 4318 1443 4373; x_wconf 88' lang='lat' dir='ltr'><strong>sed</strong></span> <span class='ocrx_word' id='word_1_537' title='bbox 1469 4318 1742 4374; x_wconf 87' lang='lat' dir='ltr'><strong>hominem</strong></span> <span class='ocrx_word' id='word_1_538' title='bbox 1768 4321 2040 4392; x_wconf 88' lang='lat' dir='ltr'><strong>iniquum,</strong></span> 
     </span>
    </p>
   </div>
   <div class='ocr_carea' id='block_1_74' title="bbox 452 4409 2044 4483">
    <p class='ocr_par' dir='ltr' id='par_1_74' title="bbox 452 4409 2044 4483">
     <span class='ocr_line' id='line_1_74' title="bbox 452 4409 2044 4483; baseline 0.002 -17"><span class='ocrx_word' id='word_1_539' title='bbox 452 4420 508 4466; x_wconf 89' lang='lat' dir='ltr'><strong>et</strong></span> <span class='ocrx_word' id='word_1_540' title='bbox 540 4411 735 4467; x_wconf 77' lang='lat' dir='ltr'><strong>dicunt</strong></span> <span class='ocrx_word' id='word_1_541' title='bbox 769 4412 897 4483; x_wconf 86' lang='lat' dir='ltr'><strong>ipsi,</strong></span> <span class='ocrx_word' id='word_1_542' title='bbox 929 4420 1155 4482; x_wconf 87' lang='lat' dir='ltr'><strong>propter</strong></span> <span class='ocrx_word' id='word_1_543' title='bbox 1205 4409 1602 4480; x_wconf 83' lang='lat' dir='ltr'><strong>blasphemiam</strong></span> <span class='ocrx_word' id='word_1_544' title='bbox 1655 4427 1782 4468; x_wconf 88' lang='lat' dir='ltr'><strong>eum</strong></span> <span class='ocrx_word' id='word_1_545' title='bbox 1840 4414 2044 4470; x_wconf 86' lang='lat' dir='ltr'><strong>intere-</strong></span> 
     </span>
    </p>
   </div>
   <div class='ocr_carea' id='block_1_75' title="bbox 458 4518 649 4558">
    <p class='ocr_par' dir='ltr' id='par_1_75' title="bbox 458 4518 649 4558">
     <span class='ocr_line' id='line_1_75' title="bbox 458 4518 649 4558; baseline 0.005 -1"><span class='ocrx_word' id='word_1_546' title='bbox 458 4518 649 4558; x_wconf 76' lang='lat' dir='ltr'><strong>misse.</strong></span> 
     </span>
    </p>
   </div>
   <div class='ocr_carea' id='block_1_76' title="bbox 529 4678 2037 4753">
    <p class='ocr_par' dir='ltr' id='par_1_76' title="bbox 529 4678 2037 4753">
     <span class='ocr_line' id='line_1_76' title="bbox 529 4678 2037 4753; baseline 0.003 -17"><span class='ocrx_word' id='word_1_547' title='bbox 529 4682 606 4736; x_wconf 89' lang='lat' dir='ltr'><strong>De</strong></span> <span class='ocrx_word' id='word_1_548' title='bbox 631 4679 897 4751; x_wconf 86' lang='lat' dir='ltr'><strong>apostolis</strong></span> <span class='ocrx_word' id='word_1_549' title='bbox 929 4688 1113 4734; x_wconf 87' lang='lat' dir='ltr'><strong>autem</strong></span> <span class='ocrx_word' id='word_1_550' title='bbox 1154 4678 1290 4735; x_wconf 82' lang='lat' dir='ltr'><strong>dicit</strong></span> <span class='ocrx_word' id='word_1_551' title='bbox 1343 4679 1401 4735; x_wconf 90' lang='lat' dir='ltr'><strong>in</strong></span> <span class='ocrx_word' id='word_1_552' title='bbox 1454 4681 1695 4753; x_wconf 78' lang='lat' dir='ltr'><strong>capitulo</strong></span> <span class='ocrx_word' id='word_1_553' title='bbox 1738 4682 2037 4752; x_wconf 82' lang='lat' dir='ltr'><strong>Abraham,</strong></span> 
     </span>
    </p>
   </div>
   <div class='ocr_carea' id='block_1_77' title="bbox 452 4769 2043 4844">
    <p class='ocr_par' dir='ltr' id='par_1_77' title="bbox 452 4769 2043 4844">
     <span class='ocr_line' id='line_1_77' title="bbox 452 4769 2043 4844; baseline 0.004 -19"><span class='ocrx_word' id='word_1_554' title='bbox 452 4788 620 4842; x_wconf 86' lang='lat' dir='ltr'><strong>quem</strong></span> <span class='ocrx_word' id='word_1_555' title='bbox 649 4771 842 4825; x_wconf 89' lang='lat' dir='ltr'><strong>dicunt</strong></span> <span class='ocrx_word' id='word_1_556' title='bbox 876 4777 1093 4841; x_wconf 83' lang='lat' dir='ltr'><strong>patrem</strong></span> <span class='ocrx_word' id='word_1_557' title='bbox 1123 4770 1293 4826; x_wconf 86' lang='lat' dir='ltr'><strong>fuisse</strong></span> <span class='ocrx_word' id='word_1_558' title='bbox 1324 4769 1517 4843; x_wconf 78' lang='lat' dir='ltr'><strong>Moysi,</strong></span> <span class='ocrx_word' id='word_1_559' title='bbox 1556 4772 1703 4844; x_wconf 90' lang='lat' dir='ltr'><strong>quod</strong></span> <span class='ocrx_word' id='word_1_560' title='bbox 1745 4774 1823 4830; x_wconf 91' lang='lat' dir='ltr'><strong>illi</strong></span> <span class='ocrx_word' id='word_1_561' title='bbox 1857 4776 2043 4831; x_wconf 82' lang='lat' dir='ltr'><strong>testati</strong></span> 
     </span>
    </p>
   </div>
   <div class='ocr_carea' id='block_1_78' title="bbox 458 4861 2042 4935">
    <p class='ocr_par' dir='ltr' id='par_1_78' title="bbox 458 4861 2042 4935">
     <span class='ocr_line' id='line_1_78' title="bbox 458 4861 2042 4935; baseline 0.003 -18"><span class='ocrx_word' id='word_1_562' title='bbox 458 4873 589 4919; x_wconf 87' lang='lat' dir='ltr'><strong>sunt</strong></span> <span class='ocrx_word' id='word_1_563' title='bbox 619 4872 675 4917; x_wconf 91' lang='lat' dir='ltr'><strong>et</strong></span> <span class='ocrx_word' id='word_1_564' title='bbox 704 4862 965 4916; x_wconf 71' lang='lat' dir='ltr'><strong>dixerunt</strong></span> <span class='ocrx_word' id='word_1_565' title='bbox 1010 4861 1251 4927; x_wconf 88' lang='lat' dir='ltr'><strong>Christo,</strong></span> <span class='ocrx_word' id='word_1_566' title='bbox 1304 4866 1451 4935; x_wconf 84' lang='lat' dir='ltr'><strong>quod</strong></span> <span class='ocrx_word' id='word_1_567' title='bbox 1510 4875 1697 4921; x_wconf 87' lang='lat' dir='ltr'><strong>essent</strong></span> <span class='ocrx_word' id='word_1_568' title='bbox 1758 4866 2042 4932; x_wconf 86' lang='lat' dir='ltr'><strong>Saraceni,</strong></span> 
     </span>
    </p>
   </div>
   <div class='ocr_carea' id='block_1_79' title="bbox 461 4954 2039 5025">
    <p class='ocr_par' dir='ltr' id='par_1_79' title="bbox 461 4954 2039 5025">
     <span class='ocr_line' id='line_1_79' title="bbox 461 4954 2039 5025; baseline 0.003 -16"><span class='ocrx_word' id='word_1_569' title='bbox 461 4954 881 5021; x_wconf 81' lang='lat' dir='ltr'><strong>ixnitatoresque</strong></span> <span class='ocrx_word' id='word_1_570' title='bbox 912 4962 969 5007; x_wconf 89' lang='lat' dir='ltr'><strong>et</strong></span> <span class='ocrx_word' id='word_1_571' title='bbox 996 4954 1231 5025; x_wconf 88' lang='lat' dir='ltr'><strong>apostoli</strong></span> <span class='ocrx_word' id='word_1_572' title='bbox 1266 4955 1584 5012; x_wconf 86' lang='lat' dir='ltr'><strong>Mahometi.</strong></span> <span class='ocrx_word' id='word_1_573' title='bbox 1616 4957 1685 5013; x_wconf 89' lang='lat' dir='ltr'><strong>Et</strong></span> <span class='ocrx_word' id='word_1_574' title='bbox 1727 4957 1833 5012; x_wconf 90' lang='lat' dir='ltr'><strong>hoc</strong></span> <span class='ocrx_word' id='word_1_575' title='bbox 1857 4968 2039 5014; x_wconf 88' lang='lat' dir='ltr'><strong>autem</strong></span> 
     </span>
    </p>
   </div>
   <div class='ocr_carea' id='block_1_80' title="bbox 456 5043 2037 5119">
    <p class='ocr_par' dir='ltr' id='par_1_80' title="bbox 456 5043 2037 5119">
     <span class='ocr_line' id='line_1_80' title="bbox 456 5043 2037 5119; baseline 0.003 -19"><span class='ocrx_word' id='word_1_576' title='bbox 456 5057 545 5101; x_wconf 91' lang='lat' dir='ltr'><strong>est</strong></span> <span class='ocrx_word' id='word_1_577' title='bbox 603 5043 974 5100; x_wconf 89' lang='lat' dir='ltr'><strong>mendacium.</strong></span> <span class='ocrx_word' id='word_1_578' title='bbox 1025 5044 1275 5101; x_wconf 88' lang='lat' dir='ltr'><strong>Christus</strong></span> <span class='ocrx_word' id='word_1_579' title='bbox 1323 5046 1470 5101; x_wconf 90' lang='lat' dir='ltr'><strong>enim</strong></span> <span class='ocrx_word' id='word_1_580' title='bbox 1518 5058 1574 5102; x_wconf 93' lang='lat' dir='ltr'><strong>et</strong></span> <span class='ocrx_word' id='word_1_581' title='bbox 1626 5048 1859 5119; x_wconf 80' lang='lat' dir='ltr'><strong>apostoli</strong></span> <span class='ocrx_word' id='word_1_582' title='bbox 1911 5060 2037 5104; x_wconf 88' lang='lat' dir='ltr'><strong>ante</strong></span> 
     </span>
    </p>
   </div>
   <div class='ocr_carea' id='block_1_81' title="bbox 461 5134 2038 5195">
    <p class='ocr_par' dir='ltr' id='par_1_81' title="bbox 461 5134 2038 5195">
     <span class='ocr_line' id='line_1_81' title="bbox 461 5134 2038 5195; baseline 0.005 -8"><span class='ocrx_word' id='word_1_583' title='bbox 461 5134 832 5190; x_wconf 79' lang='lat' dir='ltr'><strong>Mahometum</strong></span> <span class='ocrx_word' id='word_1_584' title='bbox 868 5134 1091 5191; x_wconf 83' lang='lat' dir='ltr'><strong>fuerunt</strong></span> <span class='ocrx_word' id='word_1_585' title='bbox 1138 5138 1411 5193; x_wconf 79' lang='lat' dir='ltr'><strong>sexcentis</strong></span> <span class='ocrx_word' id='word_1_586' title='bbox 1468 5141 1648 5195; x_wconf 87' lang='lat' dir='ltr'><strong>annis.</strong></span> <span class='ocrx_word' id='word_1_587' title='bbox 1694 5139 2038 5195; x_wconf 87' lang='lat' dir='ltr'><strong>Mahometus</strong></span> 
     </span>
    </p>
   </div>
   <div class='ocr_carea' id='block_1_82' title="bbox 456 5226 2042 5301">
    <p class='ocr_par' dir='ltr' id='par_1_82' title="bbox 456 5226 2042 5301">
     <span class='ocr_line' id='line_1_82' title="bbox 456 5226 2042 5301; baseline 0.003 -22"><span class='ocrx_word' id='word_1_588' title='bbox 456 5227 606 5280; x_wconf 90' lang='lat' dir='ltr'><strong>enim</strong></span> <span class='ocrx_word' id='word_1_589' title='bbox 642 5227 698 5280; x_wconf 92' lang='lat' dir='ltr'><strong>in</strong></span> <span class='ocrx_word' id='word_1_590' title='bbox 731 5226 1071 5295; x_wconf 85' lang='lat' dir='ltr'><strong>temporibus</strong></span> <span class='ocrx_word' id='word_1_591' title='bbox 1098 5226 1333 5283; x_wconf 85' lang='lat' dir='ltr'><strong>Heraclii</strong></span> <span class='ocrx_word' id='word_1_592' title='bbox 1393 5231 1669 5300; x_wconf 87' lang='lat' dir='ltr'><strong>apparuit,</strong></span> <span class='ocrx_word' id='word_1_593' title='bbox 1701 5230 1793 5299; x_wconf 90' lang='lat' dir='ltr'><strong>qui</strong></span> <span class='ocrx_word' id='word_1_594' title='bbox 1837 5231 2042 5301; x_wconf 86' lang='lat' dir='ltr'><strong>incepit</strong></span> 
     </span>
    </p>
   </div>
   <div class='ocr_carea' id='block_1_83' title="bbox 461 5314 2043 5386">
    <p class='ocr_par' dir='ltr' id='par_1_83' title="bbox 461 5314 2043 5386">
     <span class='ocr_line' id='line_1_83' title="bbox 461 5314 2043 5386; baseline 0.003 -16"><span class='ocrx_word' id='word_1_595' title='bbox 461 5314 737 5386; x_wconf 83' lang='lat' dir='ltr'><strong>imperare</strong></span> <span class='ocrx_word' id='word_1_596' title='bbox 764 5332 911 5373; x_wconf 91' lang='lat' dir='ltr'><strong>anno</strong></span> <span class='ocrx_word' id='word_1_597' title='bbox 957 5321 1363 5375; x_wconf 82' lang='lat' dir='ltr'><strong>sexcentesimo</strong></span> <span class='ocrx_word' id='word_1_598' title='bbox 1407 5322 1623 5377; x_wconf 90' lang='lat' dir='ltr'><strong>decimo</strong></span> <span class='ocrx_word' id='word_1_599' title='bbox 1668 5322 1736 5376; x_wconf 86' lang='lat' dir='ltr'><strong>ab</strong></span> <span class='ocrx_word' id='word_1_600' title='bbox 1791 5321 2043 5375; x_wconf 86' lang='lat' dir='ltr'><strong>incarna-</strong></span> 
     </span>
    </p>
   </div>
   <div class='ocr_carea' id='block_1_84' title="bbox 464 5407 2041 5483">
    <p class='ocr_par' dir='ltr' id='par_1_84' title="bbox 464 5407 2041 5483">
     <span class='ocr_line' id='line_1_84' title="bbox 464 5407 2041 5483; baseline 0.004 -23"><span class='ocrx_word' id='word_1_601' title='bbox 464 5407 617 5462; x_wconf 87' lang='lat' dir='ltr'><strong>tione</strong></span> <span class='ocrx_word' id='word_1_602' title='bbox 658 5408 897 5463; x_wconf 92' lang='lat' dir='ltr'><strong>Domini.</strong></span> <span class='ocrx_word' id='word_1_603' title='bbox 940 5410 1094 5467; x_wconf 91' lang='lat' dir='ltr'><strong>Unde</strong></span> <span class='ocrx_word' id='word_1_604' title='bbox 1142 5412 1234 5467; x_wconf 84' lang='lat' dir='ltr'><strong>vix</strong></span> <span class='ocrx_word' id='word_1_605' title='bbox 1269 5412 1601 5483; x_wconf 79' lang='lat' dir='ltr'><strong>septingenti</strong></span> <span class='ocrx_word' id='word_1_606' title='bbox 1634 5412 1762 5466; x_wconf 92' lang='lat' dir='ltr'><strong>anni</strong></span> <span class='ocrx_word' id='word_1_607' title='bbox 1794 5421 1945 5475; x_wconf 89' lang='lat' dir='ltr'><strong>sunt,</strong></span> <span class='ocrx_word' id='word_1_608' title='bbox 1974 5427 2041 5467; x_wconf 79' lang='lat' dir='ltr'><strong>ex</strong></span> 
     </span>
    </p>
   </div>
   <div class='ocr_carea' id='block_1_85' title="bbox 461 5500 2042 5569">
    <p class='ocr_par' dir='ltr' id='par_1_85' title="bbox 461 5500 2042 5569">
     <span class='ocr_line' id='line_1_85' title="bbox 461 5500 2042 5569; baseline 0.001 -16"><span class='ocrx_word' id='word_1_609' title='bbox 461 5512 575 5566; x_wconf 87' lang='lat' dir='ltr'><strong>quo</strong></span> <span class='ocrx_word' id='word_1_610' title='bbox 625 5500 727 5555; x_wconf 73' lang='lat' dir='ltr'><strong>fuit</strong></span> <span class='ocrx_word' id='word_1_611' title='bbox 757 5501 1117 5559; x_wconf 82' lang='lat' dir='ltr'><strong>Mahometus.</strong></span> <span class='ocrx_word' id='word_1_612' title='bbox 1173 5505 1314 5558; x_wconf 89' lang='lat' dir='ltr'><strong>Sunt</strong></span> <span class='ocrx_word' id='word_1_613' title='bbox 1361 5514 1544 5557; x_wconf 85' lang='lat' dir='ltr'><strong>autem</strong></span> <span class='ocrx_word' id='word_1_614' title='bbox 1603 5503 1751 5557; x_wconf 87' lang='lat' dir='ltr'><strong>mille</strong></span> <span class='ocrx_word' id='word_1_615' title='bbox 1797 5502 2042 5569; x_wconf 86' lang='lat' dir='ltr'><strong>ducenti,</strong></span> 
     </span>
    </p>
   </div>
   <div class='ocr_carea' id='block_1_86' title="bbox 2071 3178 2118 3238">
    <p class='ocr_par' dir='ltr' id='par_1_86' title="bbox 2071 3178 2118 3238">
     <span class='ocr_line' id='line_1_86' title="bbox 2071 3178 2118 3238; baseline 0 0"><span class='ocrx_word' id='word_1_616' title='bbox 2071 3178 2118 3238; x_wconf 88' lang='lat' dir='ltr'><strong>C</strong></span> 
     </span>
    </p>
   </div>
   <div class='ocr_carea' id='block_1_87' title="bbox 2152 3218 3726 3299">
    <p class='ocr_par' dir='ltr' id='par_1_87' title="bbox 2152 3218 3726 3299">
     <span class='ocr_line' id='line_1_87' title="bbox 2152 3218 3726 3299; baseline 0.001 -21"><span class='ocrx_word' id='word_1_617' title='bbox 2152 3223 2531 3295; x_wconf 63' lang='lat' dir='ltr'><strong>Bappaxqvoi&#39;;</strong></span> <span class='ocrx_word' id='word_1_618' title='bbox 2560 3222 2763 3289; x_wconf 79' lang='grc' dir='ltr'>πολλὰς</span> <span class='ocrx_word' id='word_1_619' title='bbox 2788 3223 3105 3296; x_wconf 73' lang='grc' dir='ltr'>δπήνεγκαν</span> <span class='ocrx_word' id='word_1_620' title='bbox 3142 3218 3191 3280; x_wconf 78' lang='lat' dir='ltr'><strong>oi</strong></span> <span class='ocrx_word' id='word_1_621' title='bbox 3225 3226 3501 3299; x_wconf 83' lang='grc' dir='ltr'>Τάρταροι</span> <span class='ocrx_word' id='word_1_622' title='bbox 3534 3218 3726 3298; x_wconf 77' lang='grc' dir='ltr'>μάστι-</span> 
     </span>
    </p>
   </div>
   <div class='ocr_carea' id='block_1_88' title="bbox 2149 3313 3066 3389">
    <p class='ocr_par' dir='ltr' id='par_1_88' title="bbox 2149 3313 3066 3389">
     <span class='ocr_line' id='line_1_88' title="bbox 2149 3313 3066 3389; baseline 0.004 -20"><span class='ocrx_word' id='word_1_623' title='bbox 2149 3333 2273 3385; x_wconf 87' lang='grc' dir='ltr'>γας,</span> <span class='ocrx_word' id='word_1_624' title='bbox 2306 3315 2485 3371; x_wconf 82' lang='grc' dir='ltr'>καίτοι</span> <span class='ocrx_word' id='word_1_625' title='bbox 2510 3316 2675 3387; x_wconf 89' lang='grc' dir='ltr'>νόμον</span> <span class='ocrx_word' id='word_1_626' title='bbox 2709 3315 2786 3388; x_wconf 81' lang='grc' dir='ltr'>μὴ</span> <span class='ocrx_word' id='word_1_627' title='bbox 2832 3313 3066 3389; x_wconf 76' lang='grc' dir='ltr'>ἔχοντες.</span> 
     </span>
    </p>
   </div>
   <div class='ocr_carea' id='block_1_89' title="bbox 2221 3396 3725 3479">
    <p class='ocr_par' dir='ltr' id='par_1_89' title="bbox 2221 3396 3725 3479">
     <span class='ocr_line' id='line_1_89' title="bbox 2221 3396 3725 3479; baseline 0.003 -22"><span class='ocrx_word' id='word_1_628' title='bbox 2221 3405 2360 3475; x_wconf 75' lang='grc' dir='ltr'>Περὶ</span> <span class='ocrx_word' id='word_1_629' title='bbox 2387 3404 2444 3457; x_wconf 75' lang='grc' dir='ltr'>δὲ</span> <span class='ocrx_word' id='word_1_630' title='bbox 2466 3396 2578 3457; x_wconf 79' lang='grc' dir='ltr'><strong>τῶν</strong></span> <span class='ocrx_word' id='word_1_631' title='bbox 2626 3403 2903 3459; x_wconf 82' lang='grc' dir='ltr'>Ἰουδαίων</span> <span class='ocrx_word' id='word_1_632' title='bbox 2960 3402 3184 3476; x_wconf 72' lang='grc' dir='ltr'>φησὶνδ</span> <span class='ocrx_word' id='word_1_633' title='bbox 3237 3406 3480 3479; x_wconf 81' lang='grc' dir='ltr'>Μωάμεθ</span> <span class='ocrx_word' id='word_1_634' title='bbox 3536 3410 3591 3461; x_wconf 74' lang='grc' dir='ltr'>ἐν</span> <span class='ocrx_word' id='word_1_635' title='bbox 3647 3408 3725 3478; x_wconf 82' lang='grc' dir='ltr'>τῷ</span> 
     </span>
    </p>
   </div>
   <div class='ocr_carea' id='block_1_90' title="bbox 2148 3491 3721 3569">
    <p class='ocr_par' dir='ltr' id='par_1_90' title="bbox 2148 3491 3721 3569">
     <span class='ocr_line' id='line_1_90' title="bbox 2148 3491 3721 3569; baseline 0.004 -22"><span class='ocrx_word' id='word_1_636' title='bbox 2148 3495 2430 3565; x_wconf 78' lang='grc' dir='ltr'>κεφαλαίῳ</span> <span class='ocrx_word' id='word_1_637' title='bbox 2454 3495 2543 3568; x_wconf 63' lang='grc' dir='ltr'><strong>⁴τῷ</strong></span> <span class='ocrx_word' id='word_1_638' title='bbox 2572 3495 2943 3567; x_wconf 87' lang='grc' dir='ltr'>Τελτεούμπε,</span> <span class='ocrx_word' id='word_1_639' title='bbox 2973 3491 3003 3550; x_wconf 89' lang='grc' dir='ltr'><strong>δ</strong></span> <span class='ocrx_word' id='word_1_640' title='bbox 3035 3491 3394 3569; x_wconf 72' lang='grc' dir='ltr'>ἑρμηνεύεται</span> <span class='ocrx_word' id='word_1_641' title='bbox 3418 3498 3721 3569; x_wconf 76' lang='grc' dir='ltr'>μετάνοια,</span> 
     </span>
    </p>
   </div>
   <div class='ocr_carea' id='block_1_91' title="bbox 2146 3584 3723 3660">
    <p class='ocr_par' dir='ltr' id='par_1_91' title="bbox 2146 3584 3723 3660">
     <span class='ocr_line' id='line_1_91' title="bbox 2146 3584 3723 3660; baseline 0.003 -21"><span class='ocrx_word' id='word_1_642' title='bbox 2146 3586 2224 3647; x_wconf 78' lang='grc' dir='ltr'><strong>ὡς</strong></span> <span class='ocrx_word' id='word_1_643' title='bbox 2257 3585 2651 3639; x_wconf 74' lang='grc' dir='ltr'>Θεοτιοιούντων</span> <span class='ocrx_word' id='word_1_644' title='bbox 2700 3586 2793 3642; x_wconf 75' lang='grc' dir='ltr'>τὸν</span> <span class='ocrx_word' id='word_1_645' title='bbox 2838 3584 3123 3660; x_wconf 79' lang='grc' dir='ltr'>Ἐλεάζαρ,</span> <span class='ocrx_word' id='word_1_646' title='bbox 3172 3589 3266 3643; x_wconf 82' lang='grc' dir='ltr'>καὶ</span> <span class='ocrx_word' id='word_1_647' title='bbox 3326 3590 3587 3658; x_wconf 84' lang='grc' dir='ltr'>λεγόντων</span> <span class='ocrx_word' id='word_1_648' title='bbox 3643 3590 3723 3644; x_wconf 84' lang='grc' dir='ltr'>ὅτι</span> 
     </span>
    </p>
   </div>
   <div class='ocr_carea' id='block_1_92' title="bbox 2146 3674 3723 3753">
    <p class='ocr_par' dir='ltr' id='par_1_92' title="bbox 2146 3674 3723 3753">
     <span class='ocr_line' id='line_1_92' title="bbox 2146 3674 3723 3753; baseline 0.003 -22"><span class='ocrx_word' id='word_1_649' title='bbox 2146 3677 2307 3742; x_wconf 76' lang='grc' dir='ltr'>αὐτός</span> <span class='ocrx_word' id='word_1_650' title='bbox 2334 3681 2483 3733; x_wconf 76' lang='grc' dir='ltr'>ἐστιν</span> <span class='ocrx_word' id='word_1_651' title='bbox 2510 3680 2539 3732; x_wconf 88' lang='grc' dir='ltr'>ὁ</span> <span class='ocrx_word' id='word_1_652' title='bbox 2566 3680 2696 3743; x_wconf 76' lang='grc' dir='ltr'><strong>Υἱὸς</strong></span> <span class='ocrx_word' id='word_1_653' title='bbox 2724 3678 2819 3734; x_wconf 90' lang='grc' dir='ltr'><strong>τοῦ</strong></span> <span class='ocrx_word' id='word_1_654' title='bbox 2851 3676 3009 3735; x_wconf 86' lang='grc' dir='ltr'>Θεοῦ.</span> <span class='ocrx_word' id='word_1_655' title='bbox 3039 3674 3209 3735; x_wconf 76' lang='grc' dir='ltr'>Τοῦτο</span> <span class='ocrx_word' id='word_1_656' title='bbox 3240 3680 3296 3735; x_wconf 78' lang='grc' dir='ltr'>δὲ</span> <span class='ocrx_word' id='word_1_657' title='bbox 3326 3682 3571 3753; x_wconf 79' lang='grc' dir='ltr'>φανερῶς</span> <span class='ocrx_word' id='word_1_658' title='bbox 3608 3682 3723 3735; x_wconf 70' lang='grc' dir='ltr'>ἔστι</span> 
     </span>
    </p>
   </div>
   <div class='ocr_carea' id='block_1_93' title="bbox 2144 3766 3721 3845">
    <p class='ocr_par' dir='ltr' id='par_1_93' title="bbox 2144 3766 3721 3845">
     <span class='ocr_line' id='line_1_93' title="bbox 2144 3766 3721 3845; baseline -0.015 -8"><span class='ocrx_word' id='word_1_659' title='bbox 2144 3770 2360 3839; x_wconf 68' lang='grc' dir='ltr'>Ψεῦδος.</span> <span class='ocrx_word' id='word_1_660' title='bbox 2386 3772 2451 3824; x_wconf 76' lang='grc' dir='ltr'><strong>Οἱ</strong></span> <span class='ocrx_word' id='word_1_661' title='bbox 2470 3771 2580 3843; x_wconf 76' lang='grc' dir='ltr'><strong>τὰρ</strong></span> <span class='ocrx_word' id='word_1_662' title='bbox 2622 3771 2863 3825; x_wconf 81' lang='grc' dir='ltr'>Ἰουδαῖοι</span> <span class='ocrx_word' id='word_1_663' title='bbox 2892 3771 3085 3826; x_wconf 71' lang='grc' dir='ltr'>οὐδένα</span> <span class='ocrx_word' id='word_1_664' title='bbox 3116 3770 3401 3845; x_wconf 73' lang='grc' dir='ltr'>ἄνθρωπον</span> <span class='ocrx_word' id='word_1_665' title='bbox 3449 3766 3721 3827; x_wconf 79' lang='grc' dir='ltr'>Θεοποιοῦ-</span> 
     </span>
    </p>
   </div>
   <div class='ocr_carea' id='block_1_94' title="bbox 2150 3858 3724 3935">
    <p class='ocr_par' dir='ltr' id='par_1_94' title="bbox 2150 3858 3724 3935">
     <span class='ocr_line' id='line_1_94' title="bbox 2150 3858 3724 3935; baseline 0.003 -21"><span class='ocrx_word' id='word_1_666' title='bbox 2150 3874 2255 3925; x_wconf 88' lang='grc' dir='ltr'>σιν,</span> <span class='ocrx_word' id='word_1_667' title='bbox 2283 3861 2405 3915; x_wconf 79' lang='grc' dir='ltr'>οὕτε</span> <span class='ocrx_word' id='word_1_668' title='bbox 2437 3862 2567 3917; x_wconf 86' lang='grc' dir='ltr'>Υίὺν</span> <span class='ocrx_word' id='word_1_669' title='bbox 2596 3862 2732 3917; x_wconf 83' lang='grc' dir='ltr'>Θεοῦ</span> <span class='ocrx_word' id='word_1_670' title='bbox 2760 3877 2929 3932; x_wconf 85' lang='grc' dir='ltr'>φασιν</span> <span class='ocrx_word' id='word_1_671' title='bbox 2958 3858 3121 3920; x_wconf 82' lang='grc' dir='ltr'>εῖναι.</span> <span class='ocrx_word' id='word_1_672' title='bbox 3152 3865 3278 3920; x_wconf 85' lang='grc' dir='ltr'>Ἔτι</span> <span class='ocrx_word' id='word_1_673' title='bbox 3326 3867 3382 3917; x_wconf 80' lang='grc' dir='ltr'>ἐν</span> <span class='ocrx_word' id='word_1_674' title='bbox 3419 3858 3496 3935; x_wconf 82' lang='grc' dir='ltr'>τῷ</span> <span class='ocrx_word' id='word_1_675' title='bbox 3558 3874 3724 3933; x_wconf 69' lang='grc' dir='ltr'>κεφα-</span> 
     </span>
    </p>
   </div>
   <div class='ocr_carea' id='block_1_95' title="bbox 2147 3952 3724 4026">
    <p class='ocr_par' dir='ltr' id='par_1_95' title="bbox 2147 3952 3724 4026">
     <span class='ocr_line' id='line_1_95' title="bbox 2147 3952 3724 4026; baseline 0.002 -19"><span class='ocrx_word' id='word_1_676' title='bbox 2147 3954 2284 4024; x_wconf 77' lang='grc' dir='ltr'>λαίῳ</span> <span class='ocrx_word' id='word_1_677' title='bbox 2312 3953 2390 4024; x_wconf 84' lang='grc' dir='ltr'>τῷ</span> <span class='ocrx_word' id='word_1_678' title='bbox 2432 3954 2724 4019; x_wconf 78' lang='grc' dir='ltr'>Ἐλνεσᾶ,δ</span> <span class='ocrx_word' id='word_1_679' title='bbox 2772 3952 3137 4026; x_wconf 78' lang='grc' dir='ltr'>ἑρμηνεύεται</span> <span class='ocrx_word' id='word_1_680' title='bbox 3204 3955 3507 4026; x_wconf 66' lang='grc' dir='ltr'>γυναῖκες,</span> <span class='ocrx_word' id='word_1_681' title='bbox 3560 3960 3724 4026; x_wconf 77' lang='grc' dir='ltr'>φησὶν</span> 
     </span>
    </p>
   </div>
   <div class='ocr_carea' id='block_1_96' title="bbox 2146 4046 3725 4119">
    <p class='ocr_par' dir='ltr' id='par_1_96' title="bbox 2146 4046 3725 4119">
     <span class='ocr_line' id='line_1_96' title="bbox 2146 4046 3725 4119; baseline 0.002 -20"><span class='ocrx_word' id='word_1_682' title='bbox 2146 4048 2345 4110; x_wconf 75' lang='grc' dir='ltr'>αὐτοὺς</span> <span class='ocrx_word' id='word_1_683' title='bbox 2391 4046 2519 4110; x_wconf 76' lang='grc' dir='ltr'>τοὺς</span> <span class='ocrx_word' id='word_1_684' title='bbox 2578 4046 2867 4112; x_wconf 81' lang='grc' dir='ltr'>Ἰουδαίους</span> <span class='ocrx_word' id='word_1_685' title='bbox 2903 4048 3085 4118; x_wconf 82' lang='grc' dir='ltr'>λέγειν</span> <span class='ocrx_word' id='word_1_686' title='bbox 3139 4050 3452 4104; x_wconf 78' lang='grc' dir='ltr'>ἀποκτείναι</span> <span class='ocrx_word' id='word_1_687' title='bbox 3479 4049 3568 4103; x_wconf 84' lang='grc' dir='ltr'>τὸν</span> <span class='ocrx_word' id='word_1_688' title='bbox 3596 4050 3725 4119; x_wconf 80' lang='grc' dir='ltr'>Χρι·</span> 
     </span>
    </p>
   </div>
   <div class='ocr_carea' id='block_1_97' title="bbox 2147 4135 3724 4214">
    <p class='ocr_par' dir='ltr' id='par_1_97' title="bbox 2147 4135 3724 4214">
     <span class='ocr_line' id='line_1_97' title="bbox 2147 4135 3724 4214; baseline 0.001 -21"><span class='ocrx_word' id='word_1_689' title='bbox 2147 4140 2271 4193; x_wconf 83' lang='grc' dir='ltr'>στὸν</span> <span class='ocrx_word' id='word_1_690' title='bbox 2314 4140 2541 4211; x_wconf 86' lang='grc' dir='ltr'>Ἰησοῦν,</span> <span class='ocrx_word' id='word_1_691' title='bbox 2578 4142 2670 4194; x_wconf 87' lang='grc' dir='ltr'>τὸν</span> <span class='ocrx_word' id='word_1_692' title='bbox 2717 4141 2836 4196; x_wconf 82' lang='grc' dir='ltr'>υίὸν</span> <span class='ocrx_word' id='word_1_693' title='bbox 2864 4141 2964 4212; x_wconf 82' lang='grc' dir='ltr'>τῆς</span> <span class='ocrx_word' id='word_1_694' title='bbox 3000 4135 3238 4214; x_wconf 86' lang='grc' dir='ltr'>Μαρίας,</span> <span class='ocrx_word' id='word_1_695' title='bbox 3297 4144 3389 4197; x_wconf 77' lang='grc' dir='ltr'>τὸν</span> <span class='ocrx_word' id='word_1_696' title='bbox 3431 4144 3724 4197; x_wconf 82' lang='grc' dir='ltr'>ἀπόστολον</span> 
     </span>
    </p>
   </div>
   <div class='ocr_carea' id='block_1_98' title="bbox 2145 4232 3722 4307">
    <p class='ocr_par' dir='ltr' id='par_1_98' title="bbox 2145 4232 3722 4307">
     <span class='ocr_line' id='line_1_98' title="bbox 2145 4232 3722 4307; baseline 0.003 -22"><span class='ocrx_word' id='word_1_697' title='bbox 2145 4232 2241 4286; x_wconf 83' lang='grc' dir='ltr'><strong>τοῦ</strong></span> <span class='ocrx_word' id='word_1_698' title='bbox 2267 4233 2426 4287; x_wconf 87' lang='grc' dir='ltr'>Θεοῦ.</span> <span class='ocrx_word' id='word_1_699' title='bbox 2458 4233 2633 4288; x_wconf 88' lang='grc' dir='ltr'>Τοῦτο</span> <span class='ocrx_word' id='word_1_700' title='bbox 2661 4235 2753 4287; x_wconf 77' lang='grc' dir='ltr'>καὶ</span> <span class='ocrx_word' id='word_1_701' title='bbox 2803 4234 3055 4307; x_wconf 82' lang='grc' dir='ltr'>φανερῶς</span> <span class='ocrx_word' id='word_1_702' title='bbox 3081 4237 3196 4289; x_wconf 76' lang='grc' dir='ltr'>ἐστι</span> <span class='ocrx_word' id='word_1_703' title='bbox 3253 4234 3465 4306; x_wconf 78' lang='grc' dir='ltr'>ψεῦδος.</span> <span class='ocrx_word' id='word_1_704' title='bbox 3491 4237 3565 4291; x_wconf 85' lang='grc' dir='ltr'><strong>Οὐ</strong></span> <span class='ocrx_word' id='word_1_705' title='bbox 3614 4236 3722 4307; x_wconf 77' lang='grc' dir='ltr'><strong>γὰρ</strong></span> 
     </span>
    </p>
   </div>
   <div class='ocr_carea' id='block_1_99' title="bbox 2144 4318 3721 4394">
    <p class='ocr_par' dir='ltr' id='par_1_99' title="bbox 2144 4318 3721 4394">
     <span class='ocr_line' id='line_1_99' title="bbox 2144 4318 3721 4394; baseline 0.002 -20"><span class='ocrx_word' id='word_1_706' title='bbox 2144 4322 2235 4374; x_wconf 75' lang='grc' dir='ltr'><strong>τὸν</strong></span> <span class='ocrx_word' id='word_1_707' title='bbox 2278 4321 2488 4391; x_wconf 84' lang='grc' dir='ltr'>Ἰησοῦν</span> <span class='ocrx_word' id='word_1_708' title='bbox 2532 4322 2766 4392; x_wconf 84' lang='grc' dir='ltr'>Χριστὸν</span> <span class='ocrx_word' id='word_1_709' title='bbox 2816 4318 2959 4377; x_wconf 77' lang='grc' dir='ltr'>εἷναί</span> <span class='ocrx_word' id='word_1_710' title='bbox 3012 4338 3177 4393; x_wconf 84' lang='grc' dir='ltr'>φασιν</span> <span class='ocrx_word' id='word_1_711' title='bbox 3216 4326 3264 4377; x_wconf 82' lang='lat' dir='ltr'><strong>ot</strong></span> <span class='ocrx_word' id='word_1_712' title='bbox 3311 4325 3573 4394; x_wconf 86' lang='grc' dir='ltr'>Ἰουδαῖοι,</span> <span class='ocrx_word' id='word_1_713' title='bbox 3606 4324 3721 4380; x_wconf 84' lang='grc' dir='ltr'>ἀλλ’</span> 
     </span>
    </p>
   </div>
   <div class='ocr_carea' id='block_1_100' title="bbox 2143 4408 3721 4486">
    <p class='ocr_par' dir='ltr' id='par_1_100' title="bbox 2143 4408 3721 4486">
     <span class='ocr_line' id='line_1_100' title="bbox 2143 4408 3721 4486; baseline 0.002 -20"><span class='ocrx_word' id='word_1_714' title='bbox 2143 4413 2265 4466; x_wconf 78' lang='grc' dir='ltr'>οὐδὲ</span> <span class='ocrx_word' id='word_1_715' title='bbox 2295 4411 2593 4467; x_wconf 83' lang='grc' dir='ltr'>ἀπόστολον</span> <span class='ocrx_word' id='word_1_716' title='bbox 2622 4411 2879 4481; x_wconf 83' lang='grc' dir='ltr'>γενέσθαι</span> <span class='ocrx_word' id='word_1_717' title='bbox 2925 4408 3087 4479; x_wconf 85' lang='grc' dir='ltr'>Θεοῦ,</span> <span class='ocrx_word' id='word_1_718' title='bbox 3123 4414 3238 4468; x_wconf 77' lang='grc' dir='ltr'>ἀλλ’</span> <span class='ocrx_word' id='word_1_719' title='bbox 3283 4415 3567 4486; x_wconf 81' lang='grc' dir='ltr'>ἄνθρωπον</span> <span class='ocrx_word' id='word_1_720' title='bbox 3618 4430 3721 4469; x_wconf 82' lang='grc' dir='ltr'>πο-</span> 
     </span>
    </p>
   </div>
   <div class='ocr_carea' id='block_1_101' title="bbox 2072 4502 3720 4578">
    <p class='ocr_par' dir='ltr' id='par_1_101' title="bbox 2072 4502 3720 4578">
     <span class='ocr_line' id='line_1_101' title="bbox 2072 4502 3720 4578; baseline 0 -20"><span class='ocrx_word' id='word_1_721' title='bbox 2072 4508 2116 4573; x_wconf 75' lang='lat' dir='ltr'><strong>b</strong></span> <span class='ocrx_word' id='word_1_722' title='bbox 2146 4504 2346 4576; x_wconf 70' lang='grc' dir='ltr'>νηρόνδ</span> <span class='ocrx_word' id='word_1_723' title='bbox 2379 4504 2473 4557; x_wconf 86' lang='grc' dir='ltr'><strong>καί</strong></span> <span class='ocrx_word' id='word_1_724' title='bbox 2500 4504 2665 4573; x_wconf 77' lang='grc' dir='ltr'>φασιν</span> <span class='ocrx_word' id='word_1_725' title='bbox 2714 4502 2913 4570; x_wconf 78' lang='grc' dir='ltr'>αὐτοὺς</span> <span class='ocrx_word' id='word_1_726' title='bbox 2965 4505 3094 4576; x_wconf 57' lang='grc' dir='ltr'><strong>περὶ⁵</strong></span> <span class='ocrx_word' id='word_1_727' title='bbox 3159 4504 3509 4578; x_wconf 78' lang='grc' dir='ltr'>βλασφημίας</span> <span class='ocrx_word' id='word_1_728' title='bbox 3561 4505 3720 4561; x_wconf 81' lang='grc' dir='ltr'>αὑτὸν</span> 
     </span>
    </p>
   </div>
   <div class='ocr_carea' id='block_1_102' title="bbox 2145 4596 2492 4653">
    <p class='ocr_par' dir='ltr' id='par_1_102' title="bbox 2145 4596 2492 4653">
     <span class='ocr_line' id='line_1_102' title="bbox 2145 4596 2492 4653; baseline 0.009 -4"><span class='ocrx_word' id='word_1_729' title='bbox 2145 4596 2492 4653; x_wconf 72' lang='grc' dir='ltr'>ἀποκτεῖναι.</span> 
     </span>
    </p>
   </div>
   <div class='ocr_carea' id='block_1_103' title="bbox 2216 4682 3720 4762">
    <p class='ocr_par' dir='ltr' id='par_1_103' title="bbox 2216 4682 3720 4762">
     <span class='ocr_line' id='line_1_103' title="bbox 2216 4682 3720 4762; baseline 0.001 -21"><span class='ocrx_word' id='word_1_730' title='bbox 2216 4689 2353 4759; x_wconf 74' lang='grc' dir='ltr'>Περὶ</span> <span class='ocrx_word' id='word_1_731' title='bbox 2378 4688 2435 4744; x_wconf 75' lang='grc' dir='ltr'>δι</span> <span class='ocrx_word' id='word_1_732' title='bbox 2470 4689 2577 4743; x_wconf 83' lang='grc' dir='ltr'><strong>τῶν</strong></span> <span class='ocrx_word' id='word_1_733' title='bbox 2605 4684 2921 4744; x_wconf 82' lang='grc' dir='ltr'>ἀποστόλων</span> <span class='ocrx_word' id='word_1_734' title='bbox 2945 4687 3108 4760; x_wconf 76' lang='grc' dir='ltr'>φησὶν</span> <span class='ocrx_word' id='word_1_735' title='bbox 3139 4688 3195 4745; x_wconf 84' lang='grc' dir='ltr'>ἐν</span> <span class='ocrx_word' id='word_1_736' title='bbox 3220 4682 3298 4762; x_wconf 80' lang='grc' dir='ltr'>τῷ</span> <span class='ocrx_word' id='word_1_737' title='bbox 3334 4689 3609 4760; x_wconf 82' lang='grc' dir='ltr'>κεφαλαίῳ</span> <span class='ocrx_word' id='word_1_738' title='bbox 3639 4688 3720 4760; x_wconf 85' lang='grc' dir='ltr'><strong>τῷ</strong></span> 
     </span>
    </p>
   </div>
   <div class='ocr_carea' id='block_1_104' title="bbox 2158 4776 3720 4853">
    <p class='ocr_par' dir='ltr' id='par_1_104' title="bbox 2158 4776 3720 4853">
     <span class='ocr_line' id='line_1_104' title="bbox 2158 4776 3720 4853; baseline 0.003 -21"><span class='ocrx_word' id='word_1_739' title='bbox 2158 4780 2359 4851; x_wconf 71' lang='grc' dir='ltr'>Ἀρὰμ,</span> <span class='ocrx_word' id='word_1_740' title='bbox 2388 4782 2448 4835; x_wconf 83' lang='grc' dir='ltr'>ὃν</span> <span class='ocrx_word' id='word_1_741' title='bbox 2472 4798 2607 4852; x_wconf 82' lang='grc' dir='ltr'>φησι</span> <span class='ocrx_word' id='word_1_742' title='bbox 2637 4776 2851 4853; x_wconf 81' lang='grc' dir='ltr'>πατέρα</span> <span class='ocrx_word' id='word_1_743' title='bbox 2880 4782 3134 4850; x_wconf 83' lang='grc' dir='ltr'>γενέσθαι</span> <span class='ocrx_word' id='word_1_744' title='bbox 3172 4782 3265 4835; x_wconf 90' lang='grc' dir='ltr'><strong>τοῦ</strong></span> <span class='ocrx_word' id='word_1_745' title='bbox 3299 4784 3592 4846; x_wconf 84' lang='grc' dir='ltr'>Μωῡσέως,</span> <span class='ocrx_word' id='word_1_746' title='bbox 3636 4781 3720 4836; x_wconf 84' lang='grc' dir='ltr'>ὅτι</span> 
     </span>
    </p>
   </div>
   <div class='ocr_carea' id='block_1_105' title="bbox 2147 4866 3721 4944">
    <p class='ocr_par' dir='ltr' id='par_1_105' title="bbox 2147 4866 3721 4944">
     <span class='ocr_line' id='line_1_105' title="bbox 2147 4866 3721 4944; baseline -0.001 -19"><span class='ocrx_word' id='word_1_747' title='bbox 2147 4871 2343 4925; x_wconf 74' lang='grc' dir='ltr'>ἐκεῖνοι</span> <span class='ocrx_word' id='word_1_748' title='bbox 2370 4873 2760 4943; x_wconf 76' lang='grc' dir='ltr'>ἐμαρτύρησαν</span> <span class='ocrx_word' id='word_1_749' title='bbox 2790 4873 2883 4925; x_wconf 75' lang='grc' dir='ltr'><strong>καὶ</strong></span> <span class='ocrx_word' id='word_1_750' title='bbox 2912 4867 3065 4926; x_wconf 75' lang='grc' dir='ltr'>εἷπον</span> <span class='ocrx_word' id='word_1_751' title='bbox 3095 4874 3174 4943; x_wconf 84' lang='grc' dir='ltr'>τῷ</span> <span class='ocrx_word' id='word_1_752' title='bbox 3223 4873 3465 4944; x_wconf 85' lang='grc' dir='ltr'>Χριστῷ,</span> <span class='ocrx_word' id='word_1_753' title='bbox 3495 4873 3570 4935; x_wconf 85' lang='grc' dir='ltr'>ὡς</span> <span class='ocrx_word' id='word_1_754' title='bbox 3609 4866 3721 4924; x_wconf 82' lang='grc' dir='ltr'>εἶεν</span> 
     </span>
    </p>
   </div>
   <div class='ocr_carea' id='block_1_106' title="bbox 2148 4957 3716 5032">
    <p class='ocr_par' dir='ltr' id='par_1_106' title="bbox 2148 4957 3716 5032">
     <span class='ocr_line' id='line_1_106' title="bbox 2148 4957 3716 5032; baseline 0.005 -24"><span class='ocrx_word' id='word_1_755' title='bbox 2148 4957 2513 5029; x_wconf 79' lang='grc' dir='ltr'>Σαρρακηνοὶ,</span> <span class='ocrx_word' id='word_1_756' title='bbox 2548 4960 2784 5030; x_wconf 78' lang='grc' dir='ltr'>μιμηταὶ</span> <span class='ocrx_word' id='word_1_757' title='bbox 2815 4960 2909 5013; x_wconf 74' lang='grc' dir='ltr'>καὶ</span> <span class='ocrx_word' id='word_1_758' title='bbox 2939 4961 3229 5015; x_wconf 81' lang='grc' dir='ltr'>ἀπόστολοι</span> <span class='ocrx_word' id='word_1_759' title='bbox 3270 4960 3363 5014; x_wconf 89' lang='grc' dir='ltr'><strong>τοῦ</strong></span> <span class='ocrx_word' id='word_1_760' title='bbox 3404 4961 3716 5032; x_wconf 83' lang='grc' dir='ltr'>Μαχούμετ.</span> 
     </span>
    </p>
   </div>
   <div class='ocr_carea' id='block_1_107' title="bbox 2150 5048 3716 5122">
    <p class='ocr_par' dir='ltr' id='par_1_107' title="bbox 2150 5048 3716 5122">
     <span class='ocr_line' id='line_1_107' title="bbox 2150 5048 3716 5122; baseline 0.003 -23"><span class='ocrx_word' id='word_1_761' title='bbox 2150 5048 2400 5101; x_wconf 85' lang='grc' dir='ltr'>Τοῦτοδέ</span> <span class='ocrx_word' id='word_1_762' title='bbox 2428 5050 2544 5102; x_wconf 66' lang='grc' dir='ltr'>ἐστι</span> <span class='ocrx_word' id='word_1_763' title='bbox 2594 5050 2805 5119; x_wconf 74' lang='grc' dir='ltr'>ψεῦδος.</span> <span class='ocrx_word' id='word_1_764' title='bbox 2847 5051 2905 5104; x_wconf 88' lang='lat'><strong>&#39;0</strong></span> <span class='ocrx_word' id='word_1_765' title='bbox 2968 5051 3067 5122; x_wconf 78' lang='grc' dir='ltr'>μὲν</span> <span class='ocrx_word' id='word_1_766' title='bbox 3100 5054 3210 5121; x_wconf 75' lang='grc' dir='ltr'><strong>γὰρ</strong></span> <span class='ocrx_word' id='word_1_767' title='bbox 3269 5052 3501 5121; x_wconf 80' lang='grc' dir='ltr'>Χριστὸς</span> <span class='ocrx_word' id='word_1_768' title='bbox 3536 5056 3626 5105; x_wconf 73' lang='grc' dir='ltr'>καὶ</span> <span class='ocrx_word' id='word_1_769' title='bbox 3667 5054 3716 5104; x_wconf 75' lang='lat' dir='ltr'><strong>oi</strong></span> 
     </span>
    </p>
   </div>
   <div class='ocr_carea' id='block_1_108' title="bbox 2142 5135 3711 5215">
    <p class='ocr_par' dir='ltr' id='par_1_108' title="bbox 2142 5135 3711 5215">
     <span class='ocr_line' id='line_1_108' title="bbox 2142 5135 3711 5215; baseline 0.003 -28"><span class='ocrx_word' id='word_1_770' title='bbox 2142 5135 2431 5188; x_wconf 80' lang='grc' dir='ltr'>ἀπόστολοι</span> <span class='ocrx_word' id='word_1_771' title='bbox 2466 5138 2573 5205; x_wconf 75' lang='grc' dir='ltr'>πρὸ</span> <span class='ocrx_word' id='word_1_772' title='bbox 2624 5135 2721 5188; x_wconf 84' lang='grc' dir='ltr'><strong>τοῦ</strong></span> <span class='ocrx_word' id='word_1_773' title='bbox 2754 5137 3053 5215; x_wconf 84' lang='grc' dir='ltr'>Μαχούμετ</span> <span class='ocrx_word' id='word_1_774' title='bbox 3090 5142 3375 5206; x_wconf 84' lang='grc' dir='ltr'>γεγόνασιν</span> <span class='ocrx_word' id='word_1_775' title='bbox 3424 5140 3711 5206; x_wconf 70' lang='grc' dir='ltr'>ἐξακοσίιι,</span> 
     </span>
    </p>
   </div>
   <div class='ocr_carea' id='block_1_109' title="bbox 2135 5225 3715 5298">
    <p class='ocr_par' dir='ltr' id='par_1_109' title="bbox 2135 5225 3715 5298">
     <span class='ocr_line' id='line_1_109' title="bbox 2135 5225 3715 5298; baseline 0.001 -21"><span class='ocrx_word' id='word_1_776' title='bbox 2135 5225 2343 5287; x_wconf 56' lang='grc' dir='ltr'>εέτεσιν.</span> <span class='ocrx_word' id='word_1_777' title='bbox 2382 5226 2441 5279; x_wconf 83' lang='grc' dir='ltr'>ὐ</span> <span class='ocrx_word' id='word_1_778' title='bbox 2470 5226 2576 5295; x_wconf 80' lang='grc' dir='ltr'><strong>γάρ</strong></span> <span class='ocrx_word' id='word_1_779' title='bbox 2611 5225 2905 5295; x_wconf 85' lang='grc' dir='ltr'>Μαχούμετ</span> <span class='ocrx_word' id='word_1_780' title='bbox 2953 5228 3046 5279; x_wconf 82' lang='grc' dir='ltr'><strong>ἐπὶ</strong></span> <span class='ocrx_word' id='word_1_781' title='bbox 3092 5227 3202 5283; x_wconf 81' lang='grc' dir='ltr'><strong>τῶν</strong></span> <span class='ocrx_word' id='word_1_782' title='bbox 3265 5227 3357 5280; x_wconf 87' lang='grc' dir='ltr'><strong>τοῦ</strong></span> <span class='ocrx_word' id='word_1_783' title='bbox 3400 5229 3715 5298; x_wconf 83' lang='grc' dir='ltr'>Ἡρακλείου</span> 
     </span>
    </p>
   </div>
   <div class='ocr_carea' id='block_1_110' title="bbox 2143 5312 3711 5389">
    <p class='ocr_par' dir='ltr' id='par_1_110' title="bbox 2143 5312 3711 5389">
     <span class='ocr_line' id='line_1_110' title="bbox 2143 5312 3711 5389; baseline 0.002 -20"><span class='ocrx_word' id='word_1_784' title='bbox 2143 5317 2350 5387; x_wconf 86' lang='grc' dir='ltr'>χρόνων</span> <span class='ocrx_word' id='word_1_785' title='bbox 2376 5317 2637 5387; x_wconf 82' lang='grc' dir='ltr'>ἀνεφάνη,</span> <span class='ocrx_word' id='word_1_786' title='bbox 2669 5316 2728 5380; x_wconf 83' lang='grc' dir='ltr'>ὃς</span> <span class='ocrx_word' id='word_1_787' title='bbox 2764 5317 2967 5388; x_wconf 73' lang='grc' dir='ltr'>ἤρξατο</span> <span class='ocrx_word' id='word_1_788' title='bbox 2993 5317 3298 5388; x_wconf 82' lang='grc' dir='ltr'>βασιλεύειν</span> <span class='ocrx_word' id='word_1_789' title='bbox 3318 5312 3395 5389; x_wconf 78' lang='grc' dir='ltr'><strong>τῷ</strong></span> <span class='ocrx_word' id='word_1_790' title='bbox 3439 5319 3711 5384; x_wconf 81' lang='grc' dir='ltr'>ἑξακοσιο-</span> 
     </span>
    </p>
   </div>
   <div class='ocr_carea' id='block_1_111' title="bbox 2146 5408 3713 5482">
    <p class='ocr_par' dir='ltr' id='par_1_111' title="bbox 2146 5408 3713 5482">
     <span class='ocr_line' id='line_1_111' title="bbox 2146 5408 3713 5482; baseline -0.001 -20"><span class='ocrx_word' id='word_1_791' title='bbox 2146 5410 2256 5480; x_wconf 89' lang='grc' dir='ltr'>στῷ</span> <span class='ocrx_word' id='word_1_792' title='bbox 2287 5409 2500 5479; x_wconf 77' lang='grc' dir='ltr'>δεκάτῳ</span> <span class='ocrx_word' id='word_1_793' title='bbox 2522 5408 2632 5463; x_wconf 73' lang='grc' dir='ltr'>ἔτει</span> <span class='ocrx_word' id='word_1_794' title='bbox 2660 5412 2759 5481; x_wconf 71' lang='grc' dir='ltr'>τῆς</span> <span class='ocrx_word' id='word_1_795' title='bbox 2778 5411 2871 5464; x_wconf 88' lang='grc' dir='ltr'><strong>τοῦ</strong></span> <span class='ocrx_word' id='word_1_796' title='bbox 2934 5411 3140 5482; x_wconf 82' lang='grc' dir='ltr'>Κυρίου</span> <span class='ocrx_word' id='word_1_797' title='bbox 3198 5410 3526 5482; x_wconf 84' lang='grc' dir='ltr'>σαρκώσεως</span> <span class='ocrx_word' id='word_1_798' title='bbox 3552 5428 3564 5441; x_wconf 89' lang='grc'><strong>·</strong></span> <span class='ocrx_word' id='word_1_799' title='bbox 3592 5410 3713 5463; x_wconf 80' lang='grc' dir='ltr'>ὅθεν</span> 
     </span>
    </p>
   </div>
   <div class='ocr_carea' id='block_1_112' title="bbox 2145 5489 3713 5573">
    <p class='ocr_par' dir='ltr' id='par_1_112' title="bbox 2145 5489 3713 5573">
     <span class='ocr_line' id='line_1_112' title="bbox 2145 5489 3713 5573; baseline 0 -19"><span class='ocrx_word' id='word_1_800' title='bbox 2145 5500 2299 5554; x_wconf 72' lang='grc' dir='ltr'>οὔπω</span> <span class='ocrx_word' id='word_1_801' title='bbox 2328 5503 2467 5555; x_wconf 75' lang='grc' dir='ltr'>εἰσὶν</span> <span class='ocrx_word' id='word_1_802' title='bbox 2496 5504 2800 5556; x_wconf 76' lang='grc' dir='ltr'>ἑπτακόσια</span> <span class='ocrx_word' id='word_1_803' title='bbox 2830 5489 2947 5573; x_wconf 70' lang='grc' dir='ltr'>ἔτη,</span> <span class='ocrx_word' id='word_1_804' title='bbox 2977 5504 3070 5573; x_wconf 81' lang='grc' dir='ltr'>ἀφ’</span> <span class='ocrx_word' id='word_1_805' title='bbox 3096 5498 3157 5557; x_wconf 70' lang='grc' dir='ltr'><strong>οὗ</strong></span> <span class='ocrx_word' id='word_1_806' title='bbox 3188 5504 3410 5572; x_wconf 82' lang='grc' dir='ltr'>γέγονεν</span> <span class='ocrx_word' id='word_1_807' title='bbox 3438 5505 3465 5557; x_wconf 85' lang='grc' dir='ltr'><strong>ό</strong></span> <span class='ocrx_word' id='word_1_808' title='bbox 3498 5500 3713 5572; x_wconf 77' lang='grc' dir='ltr'>Μαχού-</span> 
     </span>
    </p>
   </div>
   <div class='ocr_carea' id='block_1_113' title="bbox 460 5581 2049 5682">
    <p class='ocr_par' dir='ltr' id='par_1_113' title="bbox 460 5590 2049 5667">
     <span class='ocr_line' id='line_1_113' title="bbox 460 5590 2049 5667; baseline 0.005 -26"><span class='ocrx_word' id='word_1_809' title='bbox 460 5598 515 5643; x_wconf 86' lang='lat' dir='ltr'><strong>et</strong></span> <span class='ocrx_word' id='word_1_810' title='bbox 556 5590 701 5661; x_wconf 90' lang='lat' dir='ltr'><strong>plus,</strong></span> <span class='ocrx_word' id='word_1_811' title='bbox 732 5610 798 5650; x_wconf 81' lang='lat' dir='ltr'><strong>ex</strong></span> <span class='ocrx_word' id='word_1_812' title='bbox 833 5611 943 5667; x_wconf 90' lang='lat' dir='ltr'><strong>quo</strong></span> <span class='ocrx_word' id='word_1_813' title='bbox 983 5605 1140 5653; x_wconf 90' lang='lat' dir='ltr'><strong>natus</strong></span> <span class='ocrx_word' id='word_1_814' title='bbox 1179 5603 1265 5651; x_wconf 84' lang='lat' dir='ltr'><strong>est</strong></span> <span class='ocrx_word' id='word_1_815' title='bbox 1295 5594 1548 5651; x_wconf 79' lang='lat' dir='ltr'><strong>Christus</strong></span> <span class='ocrx_word' id='word_1_816' title='bbox 1589 5602 1645 5649; x_wconf 88' lang='lat' dir='ltr'><strong>et</strong></span> <span class='ocrx_word' id='word_1_817' title='bbox 1677 5595 1931 5663; x_wconf 85' lang='lat' dir='ltr'><strong>apostoli.</strong></span> <span class='ocrx_word' id='word_1_818' title='bbox 1978 5594 2049 5649; x_wconf 86' lang='lat' dir='ltr'><strong>Et</strong></span> 
     </span>
    </p>
   </div>
   <div class='ocr_carea' id='block_1_114' title="bbox 2149 5581 3716 5682">
    <p class='ocr_par' dir='ltr' id='par_1_114' title="bbox 2153 5581 3716 5682">
     <span class='ocr_line' id='line_1_114' title="bbox 2153 5581 3716 5682; baseline -0.002 -35"><span class='ocrx_word' id='word_1_819' title='bbox 2153 5611 2275 5663; x_wconf 88' lang='grc' dir='ltr'>μετ.</span> <span class='ocrx_word' id='word_1_820' title='bbox 2313 5596 2434 5649; x_wconf 72' lang='lat' dir='ltr'><strong>Elei</strong></span> <span class='ocrx_word' id='word_1_821' title='bbox 2458 5595 2517 5649; x_wconf 72' lang='grc' dir='ltr'>δὲ</span> <span class='ocrx_word' id='word_1_822' title='bbox 2542 5594 2701 5666; x_wconf 80' lang='grc' dir='ltr'>χίλιοι</span> <span class='ocrx_word' id='word_1_823' title='bbox 2724 5592 2986 5649; x_wconf 79' lang='grc' dir='ltr'>διακόσιοι</span> <span class='ocrx_word' id='word_1_824' title='bbox 3018 5594 3109 5648; x_wconf 76' lang='grc' dir='ltr'>καὶ</span> <span class='ocrx_word' id='word_1_825' title='bbox 3138 5591 3324 5662; x_wconf 76' lang='grc' dir='ltr'>πλέον,</span> <span class='ocrx_word' id='word_1_826' title='bbox 3356 5596 3412 5663; x_wconf 76' lang='grc' dir='ltr'><strong>ἐξ</strong></span> <span class='ocrx_word' id='word_1_827' title='bbox 3444 5581 3505 5650; x_wconf 74' lang='grc' dir='ltr'><strong>οῦ</strong></span> <span class='ocrx_word' id='word_1_828' title='bbox 3556 5591 3716 5682; x_wconf 35' lang='grc' dir='ltr'>γίγοιδ</span> 
     </span>
    </p>
   </div>
   <div class='ocr_carea' id='block_1_115' title="bbox 540 5776 2276 5844">
    <p class='ocr_par' dir='ltr' id='par_1_115' title="bbox 540 5776 2276 5844">
     <span class='ocr_line' id='line_1_115' title="bbox 540 5776 2276 5844; baseline -0.001 -13"><span class='ocrx_word' id='word_1_829' title='bbox 540 5776 584 5807; x_wconf 81' lang='grc'>¹⁸</span> <span class='ocrx_word' id='word_1_830' title='bbox 614 5776 770 5832; x_wconf 85' lang='lat' dir='ltr'><strong>Joan.</strong></span> <span class='ocrx_word' id='word_1_831' title='bbox 819 5794 855 5833; x_wconf 84' lang='lat' dir='ltr'><strong>ll</strong></span> <span class='ocrx_word' id='word_1_832' title='bbox 889 5788 943 5833; x_wconf 90' lang='lat' dir='ltr'><strong>et</strong></span> <span class='ocrx_word' id='word_1_833' title='bbox 972 5795 1083 5833; x_wconf 70' lang='lat' dir='ltr'><strong>xu.</strong></span> <span class='ocrx_word' id='word_1_834' title='bbox 1164 5778 1207 5810; x_wconf 80' lang='grc'><strong>¹⁶</strong></span> <span class='ocrx_word' id='word_1_835' title='bbox 1237 5777 1382 5835; x_wconf 84' lang='lat' dir='ltr'><strong>Psal.</strong></span> <span class='ocrx_word' id='word_1_836' title='bbox 1416 5793 1609 5841; x_wconf 71' lang='lat' dir='ltr'><strong>XXXIII,</strong></span> <span class='ocrx_word' id='word_1_837' title='bbox 1638 5777 1729 5831; x_wconf 57' lang='grc' dir='ltr'>ΩΟ.</span> <span class='ocrx_word' id='word_1_838' title='bbox 1811 5776 1849 5809; x_wconf 73' lang='grc'>⁸⁷</span> <span class='ocrx_word' id='word_1_839' title='bbox 1886 5776 2053 5831; x_wconf 80' lang='lat' dir='ltr'><strong>llchr.</strong></span> <span class='ocrx_word' id='word_1_840' title='bbox 2093 5791 2190 5844; x_wconf 81' lang='lat' dir='ltr'><strong>xu,</strong></span> <span class='ocrx_word' id='word_1_841' title='bbox 2220 5777 2276 5831; x_wconf 84' lang='lat'><strong>6.</strong></span> 
     </span>
    </p>
   </div>
  </div>
