4068 6464
351 380 524 448 ’1093
1291 443 1295 448 ,
1519 371 1819 440 CONTRA
1872 367 1961 436 MA

2063 373 2358 438 )METEM
2380 422 2394 437 .
3504 377 3641 440 li‘ﬂ’t

380 513 469 550 νεν
498 497 525 548 6
553 491 788 565 Χριστὸς
816 493 912 545 καὶ
958 490 1008 544 ol
1043 487 1352 545 ἀπόστολοι.
1379 481 1488 543 Καὶ
1525 490 1641 552 πῶς
1691 487 1952 559 ἠδύναντο

2063 489 2337 557 quomodo
2366 485 2597 556 apostoli
2625 494 2922 557 potuerunt
2956 488 3212 542 Saraceni
3244 501 3388 550 esse,
3419 496 3472 540 et
3520 488 3643 539 imi-

380 589 431 642 οἱ
487 585 778 640 ἀπόστολοι
805 578 978 650 ,εἶναι
1009 583 1374 654 Σαῤῥακηνοὶ,
1432 584 1526 637 καὶ
1576 583 1810 652 μιμηταὶ
1858 579 1953 634 τού

2063 583 2261 633 latores
2312 579 2626 640 Liahomeli,
2663 580 2750 634 eui
2801 596 2864 634 ex
2917 589 3146 650 persona
3182 580 3274 633 Dei
3323 566 3641 634 mandatum

379 678 702 750 Μαχούμετ,
750 669 795 745 ᾧ
843 683 909 731 ὲκ
963 679 1257 746 προσώπου
1318 675 1411 728 τοῦ
1470 673 1606 728 Θεοῦ
1675 673 1956 727 ἐντέταλτο

2063 679 2144 724 cst
2180 670 2345 741 (sicut
2375 671 2488 741 ipse
2520 672 2655 727 dicit
2698 673 2752 726 in
2785 673 3075 736 Alcorano,
3117 674 3168 726 in
3208 674 3448 742 capitulo
3481 674 3639 728 EICa—
3694 737 3700 743 ,

385 769 497 842 (ὡς
529 767 688 829 αὑτός
714 783 880 836 φησιν
910 767 967 820 ὲν
987 766 1065 835 τῷ
1103 764 1431 836 Ἀλκοράνῳ,
1455 765 1514 816 ὲν
1547 763 1625 834 τῷ
1680 763 1958 832 κεφαλαίῳ

2063 761 2259 833 minar)
2299 764 2442 833 quod
2480 763 2550 818 sit
2588 765 2702 833 ipse
2754 765 2964 834 primus
3020 763 3363 818 Sat-accitus?
3426 764 3644 819 Primus

392 863 460 932 τῷ
491 857 870 930 Ἐλκανιμὰρ),
889 853 1030 912 εἶναι
1063 858 1434 929 Σαρρακηνῷς
1468 857 1526 909 Ὀ
1550 855 1761 925 πρῶτος
1782 853 1960 906 τοίνυν

2063 853 2230 923 igitur
2259 855 2676 911 Saracenismus
2705 873 2732 911 a
2771 857 3079 911 Mahomcto
3112 858 3336 926 incepit.
3401 858 3647 926 Apostoli

390 946 732 1024 Σαρρακηνδς
752 952 860 1005 ἀπὸ
885 950 980 1005 τοῦ
1006 943 1298 1020 Μαχούμετ
1323 950 1547 1021 ἤρξατο.
1585 949 1647 1002 Ol
1673 945 1960 1002 ἀπόστολοι

2066 945 2233 1014 igitur
2262 961 2440 1016 neque
2474 945 2730 1002 Saraceni
2772 961 2894 1002 esse
2925 956 3247 1016 potuerunt,
3292 962 3470 1016 neque
3502 947 3648 1002 illius

387 1041 494 1111 ἄρα
522 1039 643 1092 οὔτε
667 1039 1012 1112 Σαρρακηνοὶ
1079 1032 1221 1092 εἶναι
1266 1040 1548 1108 ἠδύναντο,
1609 1036 1720 1090 οὔτ’
1750 1035 1961 1090 ὲιὶείνου

2066 1037 2374 1132 imitatores
2433 1054 2595 1106 quem
2670 1041 2947 1093 sexcentis
3007 1039 3168 1092 annis
3229 1047 3646 1107 pratccsscrunt.

389 1131 643 1204 μιμηταὶ,
711 1125 771 1184 οὗ
828 1131 1132 1196 ἑξακοσίοις
1188 1130 1364 1184 ἔτεσιν
1425 1132 1721 1200 ἡγήσαντο.
1781 1127 1871 1188 Ἦ.
1914 1129 1961 1180 ει

2069 1125 2164 1183 νει
2205 1130 2250 1182 si
2300 1128 2554 1183 Saraceni
2611 1137 2770 1183 erant
2826 1129 2926 1196 illi,
2988 1128 3328 1199 impossibile
3383 1142 3469 1185 est
3521 1145 3649 1185 cum

386 1219 730 1292 Σαρρακηνοὶ
756 1217 896 1293 ἦσαν
925 1223 1146 1287 ἐκεῖνοι,
1178 1222 1341 1276 αύτδν
1371 1221 1633 1276 ἀδύνατον
1658 1211 1796 1273 εἶναι
1818 1219 1961 1291 πρῶ⁴

2067 1221 2234 1278 fuisse
2262 1223 2499 1292 primum
2532 1222 2888 1278 Saraccuum.

384 1329 496 1369 τον.

457 1407 594 1478 Περὶ
620 1396 676 1460 δὲ
703 1407 812 1460 τῶν
846 1406 1199 1478 πατριαρχῶν
1252 1405 1312 1458 τδ
1367 1406 1498 1458 αὐτὸ
1551 1403 1961 1476 διισχυρίζεται.

2145 1404 2221 1458 De
2262 1403 2589 1474 patriarchis
2636 1402 2778 1460 idem
2816 1405 3032 1460 asserit.
3069 1406 3208 1462 Dicit
3245 1408 3388 1463 enim
3422 1408 3475 1462 in
3524 1409 3649 1479 plu-

385 1499 525 1568 Φησὶ
553 1500 662 1569 γὰρ
697 1500 754 1552 ἐν
783 1499 989 1552 πλείοσι
1043 1502 1228 1562 τόποις
1277 1496 1372 1550 τοῦ
1417 1498 1765 1568 Ἀλκοράνου,
1803 1497 1884 1550 ὅτι
1941 1498 1961 1550 6

2073 1495 2228 1550 ribus
2253 1495 2386 1550 locis
2414 1497 2690 1562 Alcorani,
2733 1498 2876 1567 quod
2905 1492 3178 1552 Abraham
3210 1508 3265 1554 et
3294 1500 3444 1555 Isaac
3478 1509 3532 1554 et
3559 1498 3653 1555 Ja-

399 1592 673 1663 Ἀδραὰμ,
709 1592 804 1646 καὶ
850 1595 877 1646 6
912 1593 1122 1659 Ἰσαὰκ,
1151 1591 1246 1647 καὶ
1294 1593 1322 1644 6
1363 1588 1580 1656 Ἰακὼϐ,
1637 1593 1731 1645 καὶ
1762 1587 1810 1643 οἱ
1865 1589 1961 1643 υἱοὶ

2072 1589 2175 1642 cob
2209 1595 2265 1642 et
2307 1583 2403 1642 ﬁlii
2463 1587 2682 1643 illorum
2734 1590 2991 1646 Saraceni
3040 1600 3219 1648 erant.
3269 1591 3415 1646 ltlcm
3467 1603 3650 1646 autem

387 1685 636 1749 ἐκείνων,
663 1685 1014 1755 Σαρρακηνοὶ
1040 1680 1205 1756 ἦσαν.
1234 1684 1307 1737 Τὸ
1335 1682 1382 1736 δ’
1405 1683 1536 1736 αύτό
1560 1700 1692 1752 φησι
1719 1683 1813 1735 καὶ
1843 1684 1961 1752 περῖ

2073 1679 2206 1736 dicit
2251 1690 2305 1736 et
2351 1680 2419 1735 de
2463 1681 2599 1746 Noe,
2654 1681 2800 1752 quod
2846 1682 2949 1738 fuit
2991 1683 3318 1740 Saracenus.
3378 1683 3445 1738 Et
3498 1686 3649 1755 quod

387 1774 480 1827 τοῦ
512 1774 658 1838 Νῶε,
703 1776 785 1828 ὅτι
839 1770 908 1847 ἦν
967 1776 1340 1847 Σαρῤακηνὸς,
1409 1774 1503 1826 καὶ
1540 1773 1622 1826 ὅτι
1677 1770 1766 1826 διὰ
1814 1770 1961 1825 τοῦτο

2077 1781 2366 1842 propterea
2404 1771 2670 1827 diluvium
2705 1774 2859 1830 venit
2908 1789 3075 1846 super
3119 1787 3344 1841 terram,
3375 1775 3502 1846 quia
3536 1777 3652 1848 ipse

387 1867 620 1936 ἐπῆλθεν
705 1837 1192 1936 καταπλυσμδςείς
1214 1837 1559 1934 ’κόσμοι
1587 1861 1675 1916 διὰ
1713 1863 1774 1916 τδ
1825 1863 1961 1916 ἐκεῖ·

2077 1837 2412 1930 prasdicabat
2457 1861 2792 1950 hominibus,
2837 1837 2994 1935 quod
3041 1866 3236 1922 ﬁerent
3286 1837 3654 1931 saraceni,.et

387 1969 475 2011 νον
502 1960 597 2012 ml.
623 1958 912 2028 παραινεῖν
941 1957 1066 2020 τοὺς
1095 1956 1417 2028 ἀνθρώπους
1462 1956 1714 2025 γενέσθαι
1749 1957 1965 2028 Σαρρα-

391 2051 611 2116 κηνοὺς,
648 2049 844 2112 αὐτοὺς
871 2035 1336 2120 δὲ’ἀπαρνεῖσθαι.
1363 2046 1536 2101 Τοῦτο
1570 2047 1627 2100 δὲ
1685 2049 1962 2114 παντελῶς

389 2139 503 2194 ἐστι
553 2139 772 2210 ψεῦδος.
819 2140 943 2203 Πῶς
978 2141 1087 2210 γὰρ
1133 2138 1363 2211 ἠδύνατο
1400 2136 1540 2193 εἶναι
1590 2139 1962 2214 Σαρρακηνδς,

385 2231 446 2296 ὃς
466 2232 820 2303 προηγήσατο
843 2233 938 2287 τοῦ
963 2232 1209 2303 Μωὰμεθ
1274 2232 1552 2302 δισχιλίοις
1586 2232 1961 2298 πεντακοσίοις

387 2327 600 2392 ἐτεσινς
653 2324 734 2377 ἔτι
767 2324 823 2377 δὲ
860 2325 956 2379 καὶ
1013 2325 1178 2379 αὐτοῦ
1209 2324 1308 2378 τοῦ
1355 2325 1654 2394 Μαχούμετ
1713 2325 1962 2394 λέγοντος

389 2417 578 2471 ἑαυτὸν
599 2416 851 2485 γενέσθαι
877 2415 1092 2488 πρῶτον
1119 2415 1472 2488 Σαῤῥακηνὸν
1500 2417 1556 2469 ὲν
1605 2415 1686 2486 τῷ
1747 2417 1958 2487 κόσμῳ.

399 2508 682 2562 Ἀδύνατον
701 2506 758 2560 δὲ
781 2507 960 2576 λέγειν
986 2509 1078 2561 τὸν
1106 2506 1230 2560 Νῶε
1255 2508 1348 2561 καὶ
1376 2507 1468 2562 τὸν
1509 2503 1760 2578 ’Δὸραὰμ
1818 2504 1961 2565 εῖναι

388 2600 792 2673 Μρρακηνοὺς,
811 2599 885 2663 ὡς
910 2599 1088 2652 αὐτῶν
1104 2602 1228 2663 τοὺς
1246 2601 1632 2671 Σαρρακηνοὺς
1666 2601 1960 2670 γεννησάνετ

385 2710 514 2747 των.
546 2689 696 2762 Αὕτη
722 2691 831 2761 γὰρ
858 2691 892 2761 ἡ
922 2690 1181 2761 ἐξήγησις
1209 2691 1423 2744 ἐναντία
1451 2693 1567 2745 ἐστὶ
1595 2691 1674 2763 τῷ
1703 2687 1962 2762 Ἀλκορά·

385 2791 483 2853 νφ,
517 2779 649 2832 ὅπου
671 2778 891 2847 λέγεται
921 2779 1011 2832 τὸν
1039 2778 1294 2850 Ἀδραὰμ
1314 2778 1388 2850 μὴ
1420 2779 1673 2848 γενέσθαι
1701 2779 1961 2850 Χριστιαο

384 2870 494 2936 νδν,
567 2869 702 2940 μηδὲ
763 2869 1037 2937 Ἰουδαῖον,
1094 2869 1229 2924 ἀλλὰ
1294 2871 1649 2942 Σαρρακηνὸν
1734 2855 1956 2941 ἀῆιριδῆ.

398 2961 635 3034 ’Δνάγκη
662 2962 744 3028 δὲ,
771 2960 960 3031 ὥσπερ
1015 2963 1080 3016 ἐκ
1113 2961 1206 3015 τοῦ
1283 2962 1535 3032 Ἀϐραὰμ
1591 2962 1879 3030 γεγόνασιν
1907 2962 1957 3015 oi

387 3045 754 3126 Σερρακηνοὶ,
782 3043 954 3115 οὕτως
974 3053 1031 3119 ἐξ
1052 3051 1216 3106 αύτοῦ
1249 3056 1342 3107 καὶ
1367 3053 1460 3106 τοῦ
1477 3053 1604 3106 Νῶε
1634 3054 1683 3106 oi
1713 3051 1958 3106 Ἰουδαῖοι

388 3147 482 3200 καὶ
506 3145 554 3199 oi
578 3143 902 3215 Χριστιανοὶ
921 3145 1312 3214 ἐγεννήθησαν.
1343 3143 1453 3196 Καὶ
1493 3143 1649 3198 τοῦτο
1693 3143 1750 3197 δέ
1797 3159 1957 3213 φασιν

388 3238 440 3292 οἱ
467 3237 833 3309 Σαρρακηνοὶ,
866 3235 940 3300 ὡς
970 3236 999 3289 6
1040 3235 1172 3299 Θεδς
1199 3235 1278 3307 τῷ
1329 3235 1630 3305 Μαχούμετ
1690 3235 1962 3304 ὑπέσχετο

391 3327 592 3399 μηδένα
644 3323 905 3381 εἰσελθεῖν
960 3328 1040 3390 είς
1080 3326 1176 3379 τὸν
1224 3327 1552 3396 παράδεισον
1613 3327 1720 3397 πρὸ
1784 3324 1968 3379 αὐτοῦ.

386 3420 496 3473 Καὶ
518 3417 657 3491 μετὰ
676 3418 847 3473 ταῦτα
865 3418 1124 3474 ἀνέλαϐεν
1138 3418 1299 3472 αὐτὸν
1326 3419 1353 3471 ὁ
1369 3419 1521 3486 Θεὸς,
1549 3419 1638 3473 καὶ
1665 3419 1874 3491 ἤγαγεν
1896 3415 1976 3482 είς

385 3512 478 3566 τὸν
498 3513 845 3583 παράδεισον,
871 3511 966 3566 καὶ
994 3508 1134 3565 εἶδεν
1158 3510 1344 3565 αὐτόθι
1368 3511 1567 3582 ἄνδρας
1593 3516 1650 3564 τε
1677 3513 1770 3566 καὶ
1791 3513 1976 3579 γυναῖ-

385 3619 490 3668 κας
511 3602 730 3669 πολλὰς,
759 3603 854 3656 καὶ
882 3600 1026 3670 εἷπε,
1057 3601 1122 3656 Τί
1146 3605 1287 3669 ἐστι,
1321 3601 1525 3672 Koma;
1571 3590 1628 3656 ⁵0
1680 3604 1736 3658 δὲ
1763 3607 1967 3676 Κύριος

385 3695 521 3764 πρὸς
554 3694 737 3760 αὑτὸν,
771 3694 864 3764 Μὴ
891 3693 1180 3766 θαυμάσῃς
1204 3709 1218 3722 ·
1257 3686 1527 3747 καὶοῦτοι
1570 3697 1679 3766 γὰρ
1733 3698 1972 3769 μιμηταί

387 3785 484 3841 σού
514 3785 972 3840 είσιν.Ἀδύνατον
995 3783 1050 3839 δὲ
1086 3784 1329 3857 μιμητὰς
1361 3779 1500 3840 εἶναι
1523 3787 1618 3839 τοῦ
1646 3788 1968 3860 Μαχούμετ,

387 3877 436 3931 εί
468 3877 544 3948 μὴ
564 3877 650 3931 διὰ
675 3876 768 3929 τοῦ
792 3875 1150 3946 Ἀλκοράνου.
1185 3875 1347 3930 Ἀλλὰ
1372 3875 1530 3930 τοῦτο
1561 3879 1661 3932 οῦκ
1701 3868 1770 3950 ἦν
1830 3878 1968 3933 ἀπο-

387 3967 804 4040 κεκαλυμμένον
859 3971 967 4040 πρὸ
1035 3969 1146 4022 τῶν
1210 3968 1417 4038 χρόνων
1477 3969 1572 4022 τοῦ
1645 3971 1966 4042 Μαχούμετ,

383 4057 575 4128 ὥσπερ
596 4061 655 4112 ὲν
693 4059 904 4111 πλείοσι
933 4059 1118 4121 τόποες
1144 4059 1310 4112 αὑτοῦ
1361 4060 1699 4130 περιέχεται,
1728 4063 1822 4115 καὶ
1858 4063 1966 4134 μά-

385 4146 542 4201 λιστα
561 4147 618 4200 ὲν
643 4147 710 4217 τῇ
732 4145 898 4217 ἀρχῇ.
918 4146 1120 4197 Τούτου
1148 4146 1205 4200 δὲ
1231 4144 1327 4199 τοῦ
1351 4147 1668 4217 πλάσματος
1687 4149 1746 4202 τὸ
1770 4149 1966 4220 ψεῦδος

387 4233 497 4301 πᾶς
543 4236 667 4291 νοῦν
712 4236 853 4306 ἔχων
904 4235 1128 4290 δύναται
1191 4237 1550 4306 κατανοῆσαι,
1573 4239 1666 4292 καὶ
1693 4237 1781 4292 διὰ
1808 4239 1964 4294 τοῦτο

387 4329 446 4382 ἐν
465 4330 576 4392 τοῖς
611 4326 871 4390 τοιούτοις
899 4325 1195 4396 διατρίὸειν
1229 4327 1288 4379 οὐ
1325 4327 1424 4382 δεῖ.

456 4420 592 4489 Περὶ
619 4419 676 4472 δὲ
704 4419 812 4474 τῶν
839 4419 1104 4488 δαιμόνων
1149 4418 1315 4472 ιδικόν
1352 4437 1406 4473 τι
1448 4421 1744 4490 κεφάλαιον
1780 4426 1838 4476 ἐν
1883 4413 1962 4495 τῷ

2068 1951 2176 2022 ipsi
2210 1962 2534 2008 renuerunt.
2561 1953 2675 2009 lloe
2704 1965 2887 2011 autem
2919 1956 3146 2012 omnino
3172 1967 3258 2012 est
3280 1957 3648 2014 mendacium.

2069 2043 2357 2111 Quomodo
2395 2047 2543 2102 enim
2591 2047 2774 2118 potuit
2823 2048 2940 2104 Noe
2994 2065 3117 2105 esse
3176 2048 3502 2114 Sarat-cnus,
3556 2050 3651 2119 qni

2068 2139 2355 2209 prtecessit
2383 2139 2750 2195 Mahomctum
2785 2139 3002 2196 duobus
3042 2130 3286 2196 millibus
3335 2142 3654 2213 quingentis

2067 2232 2227 2285 annis
2262 2231 2448 2288 iltem
2501 2241 2558 2287 et
2607 2233 2724 2303 ipse
2788 2232 3130 2288 Mahometus
3183 2231 3343 2298 dicit,
3410 2233 3650 2301 seipsmn

2071 2320 2243 2378 fuisse
2281 2324 2519 2394 primum
2565 2324 2899 2380 Saracenum
2937 2326 2994 2379 in
3042 2326 3270 2382 mundo.
3311 2326 3653 2395 lmpossibilc

2065 2423 2250 2470 autem
2279 2426 2387 2483 est,
2420 2417 2625 2484 dicere,
2647 2417 2845 2473 Noe‘tt
2872 2417 3147 2474 Abraham
3176 2433 3297 2473 esse
3324 2417 3650 2482 Saracenos,

2066 2499 2215 2578 quod
2244 2507 2346 2578 ipsi
2377 2511 2685 2564 Saracenos
2709 2509 3050 2579 genuissent.
3077 2507 3202 2563 Haec
3232 2509 3380 2564 enim
3432 2508 3654 2577 exposi-

2067 2599 2149 2654 tio
2176 2593 2454 2654 cbntraria
2489 2605 2574 2652 est
2609 2597 2907 2663 Alcorano,
2951 2598 3044 2652 ubi
3094 2598 3300 2652 dicitur
3332 2616 3347 2651 :
3377 2599 3654 2652 Abraham

2066 2707 2176 2748 non
2202 2691 2369 2747 fuisse
2392 2690 2793 2754 Christianum,
2824 2704 3003 2760 neque
3023 2690 3295 2756 Judaeum,
3327 2691 3421 2746 sed
3454 2707 3654 2760 purum

2064 2781 2420 2840 Saracennm.
2454 2785 2686 2841 Necesse
2719 2784 2905 2856 igitur,
2948 2785 3089 2839 sicut
3119 2799 3186 2838 ex
3216 2783 3489 2839 Abraham
3533 2792 3655 2846 nati

2063 2887 2192 2933 sunt
2244 2867 2525 2941 Saraceni,
2571 2878 2653 2934 sic
2684 2893 2748 2932 ex
2787 2893 2852 2932 eo
2905 2887 2959 2932 et
3011 2876 3124 2933 Noe
3173 2876 3345 2932 Judaei
3401 2885 3457 2930 et
3489 2876 3651 2932 Chri-

2064 2971 2231 3026 stiani
2279 2970 2390 3023 nati
2437 2978 2584 3022 sunt.
2634 2967 2700 3022 Et
2733 2969 2928 3024 dicunt
2964 2969 3130 3023 etiam
3181 2967 3462 3032 Saraceni,
3498 2968 3648 3038 quod

2063 3064 2208 3118 Deus
2237 3061 2494 3132 promisit
2532 3061 2862 3126 Mahometo,
2897 3070 2955 3115 ut
2983 3060 3166 3114 nullus
3198 3061 3434 3116 introeat
3465 3061 3521 3116 in
3556 3075 3652 3130 pa-

2068 3155 2308 3209 radisum
2343 3164 2472 3208 ante
2520 3167 2670 3206 eum.
2727 3153 2794 3206 Et
2841 3159 2965 3222 post
3013 3151 3129 3205 haec
3187 3151 3486 3220 assumpsit
3527 3167 3654 3205 cum

2045 3247 2052 3251 ’
2083 3246 2245 3312 Deus,
2276 3254 2332 3300 et
2380 3246 2535 3300 duxit
2575 3245 2628 3299 in
2657 3245 2990 3316 paradisum.
3027 3243 3093 3299 Et
3117 3243 3253 3299 vidit
3282 3243 3391 3298 illic
3417 3244 3565 3298 viros
3599 3251 3655 3297 et

2081 3341 2341 3395 m'ulieres
2395 3340 2617 3406 multas,
2673 3349 2730 3395 et
2786 3339 2923 3394 dixit
2964 3358 2978 3392 :
3015 3338 3158 3406 Quid
3213 3347 3318 3402 est,
3386 3337 3656 3392 Domine?

2082 3432 2341 3488 Dominus
2372 3441 2555 3488 autem
2595 3432 2737 3487 dixit
2768 3432 2835 3487 ad
2868 3447 2996 3488 eum
3046 3452 3059 3486 :
3097 3431 3176 3488 Ne
3219 3432 3460 3496 mireris,
3504 3441 3560 3486 (οι
3596 3430 3651 3484 hi

2075 3526 2224 3580 enim
2257 3525 2564 3581 imitatores
2603 3525 2680 3579 tui
2733 3532 2882 3580 sunt.
2931 3513 3244 3580 lmitatores
3291 3537 3472 3578 autem
3529 3537 3651 3577 esse

2076 3614 2370 3682 Mahometi
2422 3615 2790 3687 impossibile,
2838 3613 2949 3671 nisi
2992 3631 3088 3685 per
3136 3616 3497 3682 Alcoranum;
3554 3613 3652 3668 sed

2075 3705 2180 3761 hoc
2220 3719 2331 3759 non
2385 3704 2487 3758 fuit
2521 3705 2822 3760 revelatum
2871 3712 2998 3759 ante
3035 3712 3278 3774 tempora
3333 3701 3650 3765 Mahometi,

2073 3795 2216 3850 sicut
2245 3794 2302 3847 in
2334 3793 2586 3864 pluribus
2616 3794 2734 3864 ejus
2765 3793 2904 3849 locis
2931 3793 3268 3858 continetur,
3313 3802 3370 3846 et
3414 3793 3651 3846 maxime

2071 3884 2129 3938 in
2173 3884 2469 3954 principio.
2512 3883 2687 3954 Hujus
2742 3893 2925 3940 autem
2990 3884 3234 3954 figmenti
3299 3883 3648 3938 mendacium

2070 3977 2391 4047 quicunque
2441 3977 2782 4033 intellectum
2833 3977 3020 4042 habet,
3058 3969 3240 4046 potesi
3278 3975 3415 4030 bene
3463 3975 3650 4031 consi-

2068 4067 2286 4136 derare,
2316 4077 2374 4124 et
2405 4078 2628 4138 propter
2653 4067 2760 4123 hoc
2787 4066 2843 4123 in
2872 4067 3074 4124 talibus
3102 4067 3312 4124 versari
3345 4082 3454 4123 non
3484 4083 3650 4138 Opor-

2066 4165 2168 4215 tet.

2281 4221 2312 4247 δ

2134 4443 2210 4499 De
2243 4443 2584 4501 daemon.ous
2610 4455 2794 4502 autem
2825 4449 3063 4516 speciale
3097 4428 3378 4519 quoddam,
3433 4449 3647 4520 capitu-

386 4509 702 4584 Ἀλκοράνῳ
737 4512 908 4578 ἐστὶν,
940 4513 1072 4565 ὅπου
1099 4511 1396 4583 διαρρήδην
1453 4514 1691 4610 λέξεται,
1728 4515 1802 4578 ὡς
1851 4516 1961 4571 δαι-

2065 4534 2178 4589 lum
2209 4535 2266 4590 in
2300 4536 2573 4592 Alcorano
2601 4545 2706 4604 est,
2749 4509 3060 4610 ubi-palam
3093 4509 3314 4605 dicitur,
3339 4509 3647 4610 (ιυοιιίιαι-

388 4603 568 4669 μόνων
623 4601 827 4673 πλῆθος
879 4602 1037 4668 πολὺ,
1099 4603 1433 4667 ἀκούσαντες
1497 4595 1561 4658 τὸ
1613 4605 1960 4678 ’Λλκοράνον,

385 4696 685 4765 ἐχάρησαν,
713 4696 808 4748 καὶ
836 4694 1228 4765 ἐμαρτύρησαν
1255 4695 1332 4757 ὡς
1357 4695 1618 4764 ἠδύναντο
1647 4696 1734 4750 διὰ
1769 4696 1960 4754 τούτου

389 4786 652 4858 σωθῆναι.
702 4787 953 4842 Ἀνεϊπον
1003 4788 1060 4841 δὲ
1113 4788 1207 4841 καὶ
1263 4791 1490 4852 ἑαυτοὺς
1547 4791 1957 4863 Σαρρακηνοὺς,

385 4880 482 4932 καὶ
510 4880 815 4952 ἐσώθησαν.
849 4880 1020 4934 Τοῦτο
1053 4881 1259 4934 δὲ-ὃσον
1290 4882 1534 4952 περιέχει
1591 4882 1810 4952 ψεῦδος,
1858 4885 1960 4937 οὐκ

383 4975 684 5042 ἀναγκαῖον
713 4975 1100 5046 ἐπιχειρήματι
1128 4991 1232 5030 τινι
1279 4973 1718 5030 ἀποδείκνυσθαι.

455 5149 594 5222 Περὶ
625 5153 681 5206 δὲ
701 5151 810 5205 τῶν
841 5153 1088 5222 ἀγγέλων
1113 5154 1298 5223 φησὶν,
1320 5154 1394 5218 ὡς
1440 5157 1641 5222 πάντες
1692 5159 1959 5229 προσεκύ-

385 5249 556 5309 νησαν
615 5239 692 5310 τῷ
718 5239 912 5311 Ἀδὰμ,
951 5241 1090 5311 πλὴν
1150 5242 1242 5296 τοῦ
1300 5244 1569 5298 διαϐόλου.
1622 5246 1743 5298 Ἔτι
1791 5249 1955 5318 φησὶν

385 5332 668 5397 αὐτὸ;,ώς
717 5335 805 5386 ὅτε
865 5335 1000 5405 πρὸς
1067 5336 1157 5388 τδν
1218 5337 1350 5391 Θεὸν
1403 5335 1614 5408 ἀπῆλθε
1673 5343 1811 5410 μετὰ
1859 5341 1953 5396 τοῦ

383 5423 648 5498 Γαϐριὴλ,
674 5424 812 5482 εἶδεν
845 5431 904 5482 ἐν
931 5428 1010 5499 τῷ
1039 5430 1252 5501 οὐρανῷ
1278 5431 1507 5500 ἄγγελον
1541 5433 1638 5486 ἕνα
1695 5435 1954 5504 μυριάκις

381 5518 607 5586 μείζονα
635 5520 727 5572 τοῦ
755 5518 960 5591 κόσμου
993 5521 1214 5588 παντὸς,
1262 5523 1562 5594 θρηνοῦντα
1611 5525 1710 5588 τὰς
1756 5525 1949 5578 ἑαυτοῦ

379 5613 674 5681 ἁμαρτίας,
697 5607 742 5681 ᾧ
774 5614 1106 5685 συγγνώμην
1137 5616 1242 5684 ἰδίᾳ
1272 5618 1454 5689 δεήσει
1487 5620 1649 5682 αὐτὸς
1689 5620 1955 5692 ἐξῃτήσα-

376 5719 460 5758 το.
494 5705 603 5758 Kal
632 5707 802 5761 πολλὰ
830 5707 963 5763 ἄλλα
992 5708 1334 5778 ψευδέστατά
1357 5729 1511 5783 φησι,
1550 5716 1677 5783 περὶ
1701 5709 1775 5769 ὧν
1808 5717 1948 5778 διεξ-

375 5797 698 5870 οδικώτερον
735 5801 1203 5879 ἐπεξελευσὸμεθα
1228 5806 1364 5875 πρὸς
1401 5805 1477 5876 τῷ
1507 5807 1646 5861 τέλει
1675 5809 1772 5880 τῆς
1808 5828 1948 5882 παρτ

2065 4642 2289 4682 menum
2323 4629 2619 4686 multitudo
2651 4631 2821 4686 multa
2852 4633 3141 4688 audientes
3172 4635 3526 4699 Alcoranum,
3550 4651 3644 4706 ga-

2017 4751 2038 4769 .
2063 4719 2164 4775 visi
2192 4731 2342 4785 sunt,
2376 4729 2432 4776 et
2460 4722 2642 4776 testati
2676 4732 2824 4789 sunt,
2864 4723 3010 4794 quod
3040 4740 3140 4794 per
3169 4726 3345 4794 ipsum
3384 4735 3642 4796 poterant

2061 4811 2284 4866 salvari.
2320 4812 2588 4867 Dixerunt
2629 4825 2811 4868 autem
2840 4822 2895 4869 et
2939 4814 3157 4884 seipsos
3206 4817 3534 4879 Saracenos,
3583 4828 3641 4874 et

2061 4903 2253 4957 salvati
2286 4913 2433 4959 sunt.
2471 4905 2585 4960 Hoc
2609 4915 2790 4960 autem
2821 4917 3086 4976 quantum
3126 4909 3476 4964 mendacium
3507 4926 3640 4966 con-

2060 4991 2218 5056 tinet,
2257 5008 2364 5047 non
2415 5002 2502 5048 est
2553 4997 2928 5051 necessarium
2973 4999 3452 5069 argumentatione
3503 5015 3639 5070 qna-

2057 5083 2182 5138 dam
2223 5083 2612 5140 demonstrari.

2127 5174 2204 5229 De
2233 5175 2441 5244 angelis
2468 5185 2648 5230 autem
2673 5177 2826 5243 dicit,
2863 5179 3009 5250 quod
3049 5195 3240 5236 omnes
3268 5182 3638 5240 adoraverunt

2056 5264 2251 5329 Adam,
2305 5275 2503 5335 praeter
2559 5269 2862 5324 diabolum.
2912 5271 3047 5326 Item
3095 5273 3228 5327 dicit
3290 5273 3428 5342 ipse,
3483 5275 3633 5344 quod

2056 5357 2278 5425 quando
2310 5357 2375 5410 ad
2403 5359 2571 5412 Deum
2605 5361 2756 5414 venit
2786 5377 2911 5416 cum
2935 5362 3210 5427 Gallriele,
3236 5365 3374 5419 vidit
3409 5367 3460 5418 in
3490 5367 3641 5438 caelo.

2056 5448 2310 5518 angelum
2348 5465 2515 5504 unum
2558 5452 2653 5521 qui
2705 5453 2906 5508 millies
2952 5456 3126 5526 major
3154 5465 3274 5511 erat
3316 5456 3541 5523 mundo,
3573 5466 3632 5513 et

2054 5536 2222 5592 ﬂebat
2261 5541 2343 5593 sui
2385 5541 2556 5610 ipsius
2586 5553 2829 5611 peccata.
2867 5546 2933 5599 Et
2973 5547 3089 5616 ipse
3127 5549 3339 5602 veniam
3367 5548 3480 5602 suis
3499 5564 3627 5618 pre-

2051 5628 2206 5683 cibus
2245 5631 2348 5683 sibi
2392 5633 2726 5702 impetravit.
2761 5637 2828 5690 Et
2859 5637 3028 5690 multa
3068 5638 3172 5692 alia
3206 5637 3494 5694 falsissima
3541 5638 3629 5693 (‘i—

2052 5721 2149 5783 cit,
2179 5721 2245 5775 de
2281 5725 2480 5793 quibus
2518 5727 2681 5782 latius
2708 5730 3058 5785 narrabimus
3106 5731 3164 5784 in“
3205 5731 3312 5786 line
3343 5731 3631 5802 praesentis

2053 5819 2252 5883 aperis,
2291 5833 2414 5872 cum
2455 5820 2700 5876 dicemus
2745 5823 3009 5879 visionem
3036 5824 3310 5911 .maximse
3367 5825 3625 5892 iictionis,
