4068 6488
437 351 573 419 1895
1647 391 1667 399 -
1714 344 2041 406 ΒΕΜΕΤΒζ

2139 339 2454 431 CYDQNII
3193 404 3204 412 ,
3565 339 3713 406 mas

432 483 597 539 quam
625 466 869 539 seipsum
907 464 1114 520 vidisse
1169 463 1386 518 asserit.
1422 461 1558 517 Item
1606 460 1789 531 palam
1840 459 2025 514 dicere

2139 462 2296 529 οὑσης
2324 453 2740 527 πραγματείας,
2769 455 2897 509 ὅταν
2922 454 3051 526 περὶ
3074 453 3172 525 τῆς
3216 454 3446 523 μάλιστα
3493 459 3711 510 πεπλα-

433 561 649 615 videtur
680 559 748 614 de
779 558 1011 629 angelis,
1046 556 1191 628 quod
1224 565 1352 611 sunt
1381 554 1659 625 corporei.
1692 552 1838 608 Dicit
1873 552 2021 606 enim

2139 550 2336 620 σμένης
2361 548 2592 619 θεωρίας
2624 546 3023 618 διαλεγώμεθα,
3043 545 3110 617 ἥν
3139 546 3327 599 ἑαυτὸν
3361 546 3490 599 ίνῗείν
3503 547 3712 618 διισχυ-

436 650 489 702 iu
521 649 761 719 capitulo
804 649 939 713 Sad,
981 648 1034 702 in
1083 645 1335 717 pluribus
1376 646 1533 709 locis,
1564 644 1711 714 quod
1747 643 1926 715 angeli
1956 658 2024 697 ex

2139 640 2364 707 ρίζεται.
2409 642 2533 696 Ἔτι
2567 641 2866 713 διαρρήδην
2888 640 3067 708 λέγειν
3108 639 3257 693 δοκεῖ
3292 639 3421 710 περὶ
3450 639 3558 692 τῶν
3604 642 3752 725 ἀγοί

438 740 567 810 igne
602 740 774 794 creati
826 748 975 806 sunt,
1011 739 1264 793 homines
1308 745 1493 792 autem
1557 751 1624 790 ex
1680 745 1846 791 terra.
1881 734 2027 789 Dicit

2139 733 2323 801 γέλων.
2350 734 2431 787 ὅτι
2461 734 2569 786 είσὶ
2596 733 2920 810 σωματικοί.
2949 732 3086 801 Φησὶ
3116 732 3222 801 γὰρ
3243 732 3299 783 ἐν
3316 730 3393 800 τῷ
3426 730 3709 799 κεφαλαίῳ

437 833 585 883 enim
624 831 677 884 in
726 830 849 885 aliis
889 830 1042 896 locis,
1071 829 1217 898 quod
1266 836 1395 883 sunt
1441 829 1623 897 magni
1654 826 1853 897 spatio,
1885 823 2028 880 sicut

2139 824 2207 892 τῷ
2260 825 2368 877 Σὰδ
2414 826 2472 878 ὲν
2508 824 2716 885 πλείοσι
2766 802 2976 886 τόποις,
2999 822 3081 875 ὅτι
3109 824 3159 874 oi
3183 821 3403 890 ἄγγελοι
3429 823 3492 872 ἐκ
3535 823 3708 890 πυρὸς

439 923 491 976 in
524 924 883 992 sequentibus
913 922 1151 977 dicetur.

1909 1084 1976 1142 0

511 1193 586 1246 De
624 1188 844 1259 Virgine
889 1197 1073 1242 autem
1114 1186 1281 1241 Maria
1321 1176 1455 1240 dicit
1495 1186 1669 1255 palam
1698 1186 1756 1240 in
1786 1186 2029 1257 capitulo

438 1284 736 1345 Abraham,
765 1277 919 1349 quod
958 1279 1077 1349 ipsa
1129 1278 1232 1331 i'uit
1272 1276 1381 1331 ﬁlia
1414 1277 1718 1342 Abraham,
1748 1276 2027 1331 Abraham

445 1383 629 1429 autem
664 1380 820 1442 pater
854 1372 958 1425 fuit
987 1369 1158 1441 Moysi
1196 1377 1249 1423 et
1297 1371 1503 1423 Aaron.
1551 1368 1611 1422 In
1663 1368 1903 1438 capitulo
1932 1383 2030 1422 au-

440 1478 549 1523 tem
599 1465 850 1526 Mariem,
890 1463 1037 1533 quod
1078 1452 1475 1532 interpretatur
1510 1460 1705 1525 Maria,
1739 1461 1917 1531 palam
1948 1459 2033 1514 di-

439 1561 602 1622 citur,
659 1557 805 1625 quod
840 1556 1005 1609 Maria
1041 1563 1215 1607 mater
1244 1553 1450 1609 Christi
1485 1567 1643 1607 soror
1683 1551 1786 1606 fuit
1824 1552 2028 1620 Aaron,

440 1661 495 1706 et
546 1650 690 1720 quod
726 1650 932 1714 Moyses
957 1654 1012 1701 et
1052 1646 1231 1700 Aaron
1267 1645 1580 1733 habuerunt
1607 1644 1900 1735 quamdam
1945 1661 2033 1700 so-

442 1759 626 1797 rorem
675 1752 796 1809 quat
849 1738 1015 1793 Maria
1071 1736 1469 1808 appellabatur,
1526 1744 1581 1791 ct
1633 1736 1779 1806 quod
1822 1735 1877 1790 hi
1918 1746 2031 1791 tres

2130 913 2665 984 ὲδημιουργήθησαν,
2688 912 2738 966 οἱ
2767 912 2822 965 δὲ
2850 910 3127 980 ἄνθρωποι
3174 912 3237 963 ἐκ
3264 912 3405 979 χοός.
3435 911 3569 978 Φησὶ
3599 910 3711 978 γὰρ

2131 1009 2188 1058 ὲν
2211 1006 2420 1074 ἑτέροις
2456 1005 2662 1071 τόποις,
2687 1006 2767 1058 ὅτι
2797 1005 2904 1057 εἰσὶ
2927 1002 3157 1073 μεγάλοι
3199 1004 3265 1073 τῇ
3309 1002 3607 1065 διαστάσει,
3632 1001 3711 1063 ὡς

2131 1096 2190 1149 ὲν
2214 1098 2324 1160 τοῖς
2358 1096 2643 1164 ἑπομένοις
2695 1096 3001 1167 εἰρήσεται.

2204 1189 2340 1260 Περὶ
2367 1189 2424 1241 δὲ
2456 1189 2555 1259 τῆς
2590 1188 2870 1260 Παρθένου
2944 1186 3166 1257 Μαρίας
3227 1186 3362 1256 φησὶ
3410 1185 3709 1257 διαρρήδην

2133 1282 2191 1334 ὲν
2220 1280 2296 1350 τῷ
2326 1280 2605 1349 κεφαλαίῳ
2632 1279 2706 1349 τῷ
2744 1280 2998 1351 Ἀμράμ·
3026 1264 3065 1333 δ’
3084 1279 3141 1332 δὲ
3180 1278 3401 1350 Ἀμρὰμ
3428 1280 3608 1351 πατὴρ
3637 1275 3707 1349 ἦν

2132 1371 2225 1427 τοῦ
2259 1373 2504 1435 Μωσέως
2565 1374 2657 1426 καὶ.
2696 1372 2931 1444 ’Δαρών.
2963 1373 3055 1428 Ἐν
3108 1371 3166 1427 δὲ
3192 1373 3267 1442 τῷ
3296 1371 3571 1442 κεφαλαίῳ
3629 1371 3708 1442 τῷ

2133 1466 2377 1537 Μαριὲμ,
2407 1464 2435 1518 ὃ
2467 1464 2831 1536 ἑρμηνεύεται
2867 1466 3084 1533 Μαρία,
3115 1463 3408 1535 διαρρήδην
3457 1465 3609 1533 φησι,
3631 1464 3708 1528 ὡς

2134 1556 2167 1625 ἡ
2220 1555 2314 1606 τοῦ
2365 1553 2602 1624 Χριστοῦ
2658 1554 2841 1624 μήτηρ
2897 1554 3083 1623 Μαρία
3113 1552 3316 1623 ἀδελφὴ
3366 1546 3705 1623 ἦν’Ᾱαρών·

2135 1648 2228 1700 xc).
2252 1647 2333 1701 ὅτι
2362 1648 2459 1716 μὲν
2495 1645 2737 1715 Μωῦσῆς
2767 1647 2860 1699 καὶ
2886 1644 3099 1716 Ἀαρὼν
3131 1645 3287 1715 ἔσχον
3316 1646 3438 1699 τινὰ
3469 1644 3706 1713 ἀδελφὴν

2135 1740 2433 1809 λεγομένην
2457 1737 2825 1817 Μαρίαν,.καὶ
2851 1740 2933 1791 ὅτι
2966 1738 3017 1791 οἱ
3043 1740 3189 1804 τρεῖς
3221 1731 3368 1792 οὗτοι
3421 1733 3561 1808 ἦσαν
3595 1736 3707 1789 υἱοὶ

440 1843 595 1887 erant
630 1801 723 1885 lilii
772 1829 1071 1892 Abraham,
1104 1801 1250 1898 quod
1285 1801 1754 1882 manifestum-est
1788 1826 1841 1880 in
1876 1834 2030 1881 sexto

2139 1801 2226 1883 τοῦ
2265 1801 2511 1902 ;Ᾱμρὰμ,
2534 1801 2696 1899 δῆλον
2725 1832 2783 1884 ἐν
2814 1829 2890 1900 τῷ
2909 1831 3051 1900 ’ἐκτῳ
3068 1801 3173 1883 τῶν
3198 1801 3706 1900 Παραλειπομένων.

439 1925 928 1991 Paralipomenon.
966 1920 1074 1975 Sed
1108 1924 1252 1974 inter
1285 1921 1428 1974 hanc
1458 1920 1680 1973 Mariam
1720 1932 1776 1973 et
1813 1919 2027 1974 beatam

442 2018 713 2085 virginem
757 2013 1009 2078 Mariam,
1057 2023 1284 2067 matrem
1334 2011 1461 2067 Jesn
1497 2010 1701 2066 Christi
1746 2011 1867 2066 Filii
1912 2010 2028 2073 Dei,

443 2108 597 2161 mille
632 2106 919 2176 quingenti
954 2104 1083 2158 anni
1139 2103 1521 2157 intercessere.
1574 2103 1643 2157 Et
1695 2103 1868 2181 prima
1912 2101 2035 2171 qui-

443 2200 566 2251 dem
604 2196 779 2251 Maria
833 2197 886 2250 in
940 2210 1127 2249 eremo
1177 2205 1392 2249 mortua
1428 2205 1531 2259 est,
1566 2193 1786 2265 quando
1822 2194 2033 2265 Moyses

427 2286 599 2340 'dnxlt
636 2300 737 2351 per
764 2300 1017 2339 eremum
1076 2283 1220 2338 ﬁlios
1257 2284 1419 2339 Israel
1461 2284 1528 2339 ad
1560 2293 1762 2339 terram
1796 2285 2034 2354 promis-

434 2378 635 2433 ‘sionis.
683 2377 844 2431 Tunc
889 2386 1073 2432 autem
1128 2392 1306 2446 neque
1355 2378 1529 2432 Roma
1579 2376 1842 2432 aediﬁcata
1891 2386 2033 2443 erat,

444 2469 538 2522 sed
571 2478 695 2536 post
744 2468 862 2522 haec
894 2468 1122 2523 fundata
1164 2466 1266 2523 fuit
1296 2469 1352 2522 in
1388 2468 1735 2538 temporibus
1785 2468 2034 2523 Ezechiae

446 2560 591 2631 regis
644 2559 822 2626 Iudae,
877 2560 973 2630 qui
1024 2560 1126 2615 fuit
1179 2569 1305 2631 post
1350 2562 1729 2631 septingentos
1763 2570 1818 2615 et
1852 2561 2035 2631 plures

447 2667 647 2706 annos.
679 2651 839 2706 Jesus
871 2662 1055 2707 autem
1093 2652 1346 2709 Christus
1370 2662 1495 2724 post
1521 2653 1813 2710 Ezechiam
1850 2670 2034 2725 regem

447 2752 608 2793 natus
641 2750 729 2794 est
763 2755 828 2794 cx
860 2741 1084 2812 Virgine
1116 2743 1306 2810 Maria,
1349 2744 1564 2814 genitus
1606 2744 1661 2798 in
1698 2745 2036 2814 temporibus

2132 1922 2299 1976 Ἀλλὰ
2328 1923 2532 1990 μεταξὺ
2582 1921 2787 1992 ταύτης
2812 1939 2870 1974 τε
2910 1921 3010 1990 τῆς
3035 1922 3253 1991 Μαρίας
3278 1922 3369 1973 καὶ
3403 1922 3500 1990 τῆς
3532 1938 3707 1988 μακα-

2136 2017 2256 2105 ρίας
2318 2016 2597 2105 Παρθένου
2664 2019 2762 2086 τῆς
2821 2015 3061 2083 Μαρίας,
3108 2013 3208 2082 τῆς
3273 2012 3476 2105 μητρὶς
3527 2011 3705 2084 Ἰησοῦ

2134 2103 2371 2174 Χριστοῦ
2407 2104 2537 2157 Υἱοῦ
2572 2102 2666 2157 τοῦ
2689 2104 2847 2167 Θεοῦ,
2878 2103 3023 2173 χίλια
3077 2101 3441 2156 πεντακόσια’
3468 2101 3560 2172 ἔτη
3614 2102 3707 2172 ὲῤ-

2138 2196 2367 2268 ρύησαν.
2425 2196 2536 2250 Καὶ
2585 2198 2618 2266 ή
2654 2196 2751 2264 μὲν
2814 2195 3005 2264 πρώτη
3057 2193 3246 2264 Μαρία
3304 2194 3449 2263 ὲντῇ
3516 2193 3703 2264 ἐρήμῳ

2136 2290 2539 2354 ἀπέθανεν,δτε
2572 2291 2599 2342 ό
2641 2289 2880 2360 Μωῦσῆς
2900 2282 3001 2357 ἦγε
3056 2287 3145 2341 διὰ
3199 2287 3300 2357 τῆς
3364 2287 3568 2357 ἐρήμου
3618 2287 3699 2338 ἐπὶ

2135 2383 2233 2453 τὴν
2259 2385 2363 2454 γῆν
2396 2382 2496 2450 τῆς
2532 2379 2862 2448 ἐπαγγελίας
2898 2381 3024 2442 τοὺς
3074 2378 3224 2441 υἱοὺς
3278 2378 3518 2449 Ἰσραήλ.
3577 2377 3705 2428 Τότε

2135 2474 2190 2528 δὲ
2226 2474 2335 2528 οὐδ’
2368 2475 2401 2544 ἡ
2440 2472 2632 2542 Ῥώμη
2683 2469 2751 2543 ἦν
2809 2471 3227 2542 ᾠκοδομημένη,
3267 2469 3301 2540 ἢ
3359 2468 3494 2539 μετὰ
3540 2466 3707 2520 ταῦτα

2135 2567 2499 2637 τεθεμελίωτο
2547 2568 2639 2620 ἐπὶ
2698 2564 2805 2618 τῶν
2863 2565 3071 2635 χρόνων
3130 2563 3373 2617 Ἐζεκίου
3454 2561 3707 2633 βασιλέως

2136 2655 2330 2721 Ἰούδα,
2362 2657 2421 2720 ὃς
2454 2656 2649 2725 γέγονε
2701 2655 2839 2726 μετὰ
2906 2657 3204 2711 ἑπτακόσια
3250 2659 3346 2729 ἔτη
3382 2659 3477 2712 καὶ
3519 2655 3712 2732 πλείω..

2150 2749 2209 2802 '0
2236 2749 2291 2802 δὲ
2334 2748 2569 2820 Χριστὸς
2624 2747 2832 2818 Ἰησοῦς
2889 2748 3028 2818 μετὰ
3077 2748 3327 2813 Ἐζεκίαν
3382 2749 3567 2817 γέγονε
3617 2746 3708 2800 τὸν

448 2831 737 2886 Oetaviani
785 2831 1156 2901 imperatoris,
1200 2844 1327 2904 post
1354 2836 1731 2907 septingentos
1769 2845 1821 2890 et
1851 2837 2036 2905 plures

2140 2841 2386 2912 βασιλέα,
2444 2841 2727 2909 γεννηθεὶς
2756 2843 2820 2895 ὲκ
2877 2843 2975 2912 τῆς
3031 2841 3309 2913 Παρθένου
3355 2843 3569 2912 Μαρίας
3619 2841 3713 2893 ἐπὶ

448 2938 626 2976 annos
684 2924 752 2978 ab
835 2924 1094 2990 Ezechia,
1159 2941 1270 2993 quo
1327 2920 1571 2996 tempore
1626 2928 1738 2996 jam
1801 2927 2036 2984 Romani

2139 2932 2246 2988 τῶν
2276 2936 2483 3006 χρόνων
2530 2932 2794 3005 βασιλέως
2824 2933 3202 2999 Ὀκταϐιανοῦ,
3233 2933 3372 3003 μετὰ
3413 2934 3711 2988 ἑπτακόσια

448 3012 645 3066 mundi
679 3015 1059 3069 monarchiam
1089 3019 1371 3080 tenebant,
1404 3027 1459 3072 et
1488 3018 1764 3073 miserunt
1792 3036 1949 3091 reges
1980 3022 2033 3075 in

2140 3026 2234 3096 ἔτη
2258 3028 2354 3080 καὶ
2407 3026 2578 3079 πλείω
2632 3027 2740 3079 ἀπὸ
2809 3026 3081 3091 Ἐζεκίου,
3130 3026 3216 3093 ἐφ’
3250 3017 3311 3079 οὗ
3365 3027 3553 3098 χρόνου
3610 3026 3710 3097 ἥδη

448 3101 713 3159 Iudaeam.
743 3103 902 3160 Unde
930 3114 987 3160 et
1021 3105 1193 3161 Judzei
1239 3109 1424 3161 testati
1475 3117 1623 3171 sunt,
1664 3124 1723 3164 se
1777 3126 1885 3164 non
1940 3111 2038 3166 ha-

2140 3113 2286 3188 εῐχον
2310 3117 2408 3189 τὴν
2430 3114 2524 3170 τοῦ
2572 3116 2780 3185 κόσμου
2841 3116 3141 3188 μοναρχίαν
3170 3118 3219 3170 οί
3286 3117 3567 3186 Ῥωμαῖοι,
3615 3118 3715 3171 καὶ

452 3195 585 3250 bere
646 3211 855 3266 regem,
909 3198 1014 3252 nisi
1053 3197 1347 3253 Caesarem.
1408 3199 1471 3252 Et
1513 3210 1638 3253 nota
1697 3202 1865 3270 quod,
1898 3201 2040 3257 sicut

2140 3208 2473 3263 ἀπέστειλαν
2538 3207 2781 3278 βασιλεῖς
2819 3210 2897 3272 εἰς
2950 3209 3050 3279 τὴν
3083 3209 3372 3264 Ἰουδαίαν.
3426 3207 3583 3265 Ὅθεν
3620 3208 3716 3262 καὶ

451 3288 587 3342 dicit
620 3288 958 3358 Augustinus
998 3289 1099 3360 (l),
1127 3290 1298 3343 Roma
1326 3290 1547 3347 fundata
1581 3302 1665 3349 est
1698 3294 1751 3348 iu
1783 3296 2045 3364 temporia

455 3379 560 3435 bus
587 3381 791 3446 Achaz,
824 3382 910 3435 vel
938 3381 1240 3435 secundum
1277 3384 1543 3452 quosdam
1581 3386 1741 3451 alios,
1774 3387 2041 3443 Ezechiae.

457 3473 530 3527 Et
564 3481 698 3527 tunc
729 3472 1020 3528 habitabat
1052 3474 1289 3543 populus
1333 3474 1501 3531 lsrael
1544 3476 1599 3531 in
1631 3484 1778 3532 terra
1810 3474 2044 3548 promis-

453 3564 650 3626 sionis,
680 3565 826 3631 quod
866 3564 971 3619 fuit
1006 3566 1352 3636 septuaginta
1386 3567 1631 3637 quinque
1664 3568 1820 3623 anuis
1851 3587 1863 3622 :
1907 3584 2045 3637 quo-

340 3671 347 3689 '
455 3670 578 3708 rum
624 3656 817 3725 viginti
849 3663 1059 3726 septem
1091 3670 1464 3726 pervenerunt
1499 3661 1724 3731 quidem
1758 3660 1825 3714 ad
1855 3658 2042 3716 Jesum

457 3745 633 3799 Nave.
664 3744 937 3814 Tempore
965 3755 1145 3800 autem
1191 3747 1472 3812 Judicuiu,
1505 3750 1634 3803 anni
1688 3754 1915 3806 tlecenti
1965 3755 2045 3808 vi—

458 3836 597 3909 ginti
629 3853 851 3902 novem,
892 3853 959 3892 ex
1004 3853 1113 3907 quo
1168 3841 1492 3911 inceperunt
1541 3856 1663 3895 esse
1736 3858 1892 3912 reges
1936 3844 2045 3900 illic

466 3929 734 3983 trecentis
768 3930 1047 4015 sexaginta
1089 3931 1305 3987 duobus
1356 3934 1533 3987 annis.
1597 3934 1643 3989 A
1696 3950 1805 4003 quo
1863 3947 2045 3992 autem

444 4022 616 4074 'urbis
646 4022 1000 4077 fundamenta
1030 4024 1173 4094 jacta
1217 4033 1344 4079 sunt
1374 4040 1548 4093 usque
1581 4025 1648 4079 ad
1700 4028 2044 4083 nativitatem

460 4106 693 4166 Christi.
730 4110 1066 4179 septingenti
1106 4111 1505 4182 quinquaginta
1542 4114 1649 4168 duo
1695 4117 1822 4171 anni
1870 4118 2045 4173 inter—

459 4197 638 4262 fuere,
668 4199 813 4254 sicut
842 4200 976 4255 dicit
1016 4201 1284 4256 diaconus
1332 4202 1534 4258 Paulus
1583 4208 1635 4259 in
1671 4207 1931 4264 Romanis
1957 4212 2045 4266 hi-

461 4292 676 4347 storiis.
719 4291 977 4347 Permisit
1021 4292 1190 4363 igitur
1212 4292 1449 4363 Spiritus
1480 4309 1723 4364 sanctus,
1766 4301 2046 4360 Mahomc-

461 4392 579 4438 tum
605 4384 685 4439 sic
709 4385 1057 4439 manifestum
1102 4386 1450 4441 mendacium
1479 4404 1698 4460 capere,
1730 4404 1789 4448 ut
1816 4397 2048 4465 quilibet

461 4476 631 4532 homo
656 4477 817 4532 tacile
846 4477 1231 4546 deceptionem
1272 4480 1759 4540 animadverteret.

2142 3301 2534 3372 ἐμαρτύρησαν
2579 3301 2628 3353 οὶ
2662 3300 2903 3356 Ἰουδαῖοι
2942 3301 3018 3372 μὴ
3076 3300 3219 3372 ἔχειν
3284 3301 3509 3372 βασιλέα
3555 3302 3605 3353 εί
3639 3300 3714 3372 μὴ

2145 3395 2430 3463 Καίσαρα.
2467 3395 2575 3446 Καὶ
2611 3393 2917 3463 σημείωσαι
2950 3395 3054 3459 ὅτι,
3087 3393 3268 3458 καθώς
3294 3411 3458 3466 φησιν
3501 3393 3709 3460 Αὐγου-

2144 3488 2319 3549 στῖνος
2348 3487 2404 3539 ὲν
2427 3484 2507 3558 τῷ
2529 3492 2597 3555 ιη’
2625 3485 2818 3556 βιϐλίῳ
2846 3490 2974 3554 περὶ
3022 3485 3124 3554 τῆς
3178 3485 3384 3549 πόλεως
3439 3483 3531 3540 τοῦ
3558 3483 3713 3549 Θεοῦ,

2143 3582 2177 3650 ἡ
2213 3582 2309 3652 μὲν
2344 3578 2535 3650 Ῥώμη
2565 3579 2880 3650 ᾠκοδόμητο
2907 3579 3003 3631 ἐπὶ
3056 3578 3165 3634 τῶν
3213 3579 3423 3651 χρόνων
3459 3575 3653 3647 Ἀχαζ,
3682 3575 3716 3646 ἢ

2144 3673 2289 3727 κατά
2315 3689 2468 3736 τινας
2497 3671 2727 3737 ἄλλους,
2757 3670 2852 3724 τοῦ
2893 3671 3158 3734 Ἐζεκίου.
3188 3671 3320 3723 Τότε
3362 3668 3417 3723 δὲ
3440 3663 3507 3739 ἦν
3534 3668 3719 3738 χρόνος

2143 3764 2223 3835 τῷ
2255 3764 2474 3835 Ἰσραὴλ
2505 3765 2563 3817 ὲν
2583 3766 2650 3835 τῇ
2700 3765 2772 3833 γῇ
2805 3763 2902 3832 τῆς
2929 3763 3261 3832 ἐπαγγελίας
3281 3765 3309 3816 ό
3337 3761 3447 3816 τῶν
3476 3762 3722 3826 Ξέπτακο-

2148 3857 2277 3910 σίων
2300 3856 2579 3910 δεκαοκτώ
2601 3872 2615 3888 ⁸
2651 3856 2710 3922 ἐξ
2728 3850 2804 3910 ὧν
2835 3857 3008 3909 εἴκοσι
3035 3856 3173 3909 ἑπτὰ
3200 3856 3299 3925 μὲν
3337 3855 3597 3923 ἀνήκουσι
3646 3854 3721 3922 τῷ

2147 3944 2323 4014 Ἰησοῦ
2384 3945 2479 3998 τοῦ
2532 3946 2729 4015 Natu-71'
2776 3945 2855 4015 τῷ
2888 3945 2943 3998 δὲ
2994 3946 3170 4014 χρόνῳ
3215 3944 3323 3996 τῶν
3380 3942 3595 4013 Κριτῶν
3642 3939 3722 3994 ἔτι

2147 4038 2436 4108 τριακόσια
2466 4038 2642 4091 εἴκοσι
2678 4037 2869 4089 ἐννέα·
2904 4036 2964 4099 ἐξ
3015 4029 3076 4090 οὗ
3118 4035 3171 4087 δὲ
3215 4034 3450 4105 ἤρξαντο
3491 4030 3724 4102 βασιλεῖς

2147 4124 2287 4181 εἶναι
2311 4127 2806 4195 αὐτόθιτριακόσια
2833 4126 3097 4195 ἑξήκοντα
3131 4125 3225 4178 δύο
3267 4126 3383 4196 ἐτη.
3415 4125 3537 4193 Ἀφ’
3576 4118 3634 4178 οὗ
3668 4123 3725 4178 δὲ

2147 4218 2320 4286 οίτῆς
2376 4217 2584 4279 πόλεως
2646 4215 2887 4285 θεμέλιοι
2948 4214 3358 4285 κατεϐλήθησαν
3414 4216 3573 4285 μέχρι
3624 4212 3726 4281 τῆς

2149 4312 2453 4378 γεννήσεως
2499 4308 2594 4361 τοῦ
2626 4308 2862 4378 Χριστοῦ
2910 4307 3210 4360 ἑπτακόσια
3251 4306 3583 4376 πεντήκοντα
3632 4302 3725 4355 δύο

2149 4400 2479 4471 ἕτη,¹ὥσπερ
2509 4402 2672 4470 φησὶν
2698 4405 2727 4452 ὁ
2745 4399 2987 4460 διάκονος
3022 4398 3230 4461 Παῦλος
3258 4399 3315 4449 ὲν
3339 4398 3457 4458 ταῖς
3493 4394 3727 4462 Ῥωμαῖ-

2079 4488 2122 4543 D
2156 4496 2278 4555 καίς
2338 4490 2622 4561 ἱστορίαις.
2677 4491 3037 4561 Συνεχώρησε
3079 4489 3255 4543 τοίνυν
3298 4489 3358 4542 τὸ
3399 4486 3619 4556 Πνεῦμα
3662 4485 3725 4539 τὸ

461 4573 619 4642 ἅγιον
670 4571 817 4627 οὕτω
869 4572 1209 4645 περιφανοῦς
1262 4574 1493 4644 ψεύδους
1540 4581 1744 4636 ἁλῶναι
1810 4584 1901 4640 τὸν
1959 4589 2284 4661 Μαχούμετ,
2346 4590 2489 4643 ὥστε
2547 4588 2727 4642 πάντα
2784 4587 3070 4657 ἄνθρωπον
3128 4586 3324 4657 ῥᾳδίως
3380 4581 3477 4653 τὴν
3512 4582 3724 4652 ἀπάτην

463 4671 743 4741 φωράσαι.

534 4761 612 4816 De
638 4759 859 4815 Christo
888 4760 1023 4816 dicit
1052 4760 1221 4827 idem,
1260 4765 1406 4835 quod
1443 4765 1534 4822 ille
1557 4784 1735 4839 neque
1769 4780 1855 4827 est
1882 4772 2065 4840 Deus,‘

463 4866 645 4922 neque
678 4851 853 4906 Filius
879 4852 1011 4918 Dei;
1057 4864 1115 4910 et
1149 4857 1293 4925 quod
1326 4858 1441 4929 ipse
1481 4860 1733 4916 Christus
1774 4863 1841 4917 de
1870 4872 2052 4934 seipso

467 4942 576 4998 hoc
622 4958 730 4997 non
764 4942 926 5006 dixit,
968 4944 1062 4997 sed
1093 4947 1243 5015 quod
1274 4950 1414 5018 apud
1455 4953 1623 5005 Deum
1678 4969 1735 5008 se
1768 4955 2051 5010 humiliter

465 5034 777 5098 excusavit,
813 5050 1092 5104 nunquam
1147 5043 1352 5107 mundo
1383 5042 1487 5097 hoc
1528 5045 1685 5099 dixit.
1728 5046 1841 5100 an
1867 5058 2050 5102 autem

472 5128 763 5182 manifeste
804 5136 891 5181 est
933 5128 1309 5206 mendacium.
1353 5134 1628 5203 Scriptum
1682 5139 1826 5191 enim
1861 5149 1944 5193 est
1995 5141 2047 5192 in

474 5216 768 5287 Evangelio
795 5215 1047 5283 Joannis,
1082 5221 1228 5289 quod
1264 5221 1377 5290 ipse
1409 5224 1550 5279 dixit
1580 5227 1819 5298 seipsum
1856 5228 2052 5283 Filium

469 5322 591 5362 esse
648 5310 779 5367 Dei:
834 5322 891 5366 et
951 5321 1080 5368 tunc
1103 5312 1274 5369 Judaei
1315 5316 1606 5374 voluerunt
1654 5333 1780 5375 eum
1816 5322 2057 5393 lapidare

472 5401 629 5466 quasi
696 5412 919 5473 propter
975 5406 1368 5476 blasphemiam
1412 5410 1478 5468 ι’.
1536 5412 1684 5468 Dixit
1749 5424 1933 5469 autem
2001 5427 2058 5472 et

474 5500 718 5562 seipsum
772 5499 1035 5566 aequalem
1081 5516 1204 5557 esse
1245 5503 1375 5570 Deo,
1417 5514 1473 5559 et
1508 5506 1866 5577 principium,
1911 5511 2056 5579 quod

553 5628 596 5661 ¹⁸
623 5628 781 5686 Joan.
816 5635 1054 5699 “11458.

552 5738 629 5812 (1)
667 5738 787 5800 Lib.
821 5760 979 5815 xvut,
1009 5746 1085 5802 De
1111 5745 1223 5802 Civ.
1255 5744 1374 5804 Dei.

2223 4769 2361 4841 Περὶ
2392 4768 2449 4821 δὲ
2476 4750 2571 4821 τοῦ
2604 4761 2842 4838 Χριστοῦ
2875 4783 3047 4837 φησιν
3092 4767 3119 4818 ὁ
3180 4765 3363 4831 αὐτὸς,
3390 4763 3465 4827 ώς
3526 4765 3727 4818 ἐκεῖνος

2101 4933 2103 4935 ι
2149 4864 2274 4919 οῦτε
2304 4862 2435 4925 Θεός
2469 4863 2640 4925 ἐστιν,
2698 4860 2824 4913 οῦτε
2879 4859 3014 4912 θεοῦ
3073 4858 3232 4921 Υίὸςο
3260 4857 3356 4911 καὶ
3412 4857 3485 4919 ώς
3520 4855 3727 4917 αὑτὸςὸ

2151 4954 2383 5023 Χριστος
2409 4953 2538 5022 περὶ
2566 4950 2760 5004 ἑαυτοῦ
2791 4950 2952 5002 τοῦτο
3005 4950 3104 5003 οὐκ
3145 4947 3371 5017 ἔφησεν,
3421 4947 3555 5001 ἀλλὰ
3609 4945 3725 5016 μεθ’

2153 5044 2459 5114 ὑποστολῆς
2497 5041 2626 5113 περὶ
2652 5041 2842 5095 τούτου
2882 5040 3074 5094 ἑαυτὸν
3120 5040 3213 5091 ἐπὶ
3260 5037 3353 5091 τοῦ
3399 5037 3531 5091 Θεοῦ
3589 5051 3727 5103 παρ-

2150 5143 2355 5211 ῃτεῖτο,
2410 5138 2486 5200 ώς
2552 5134 2819 5206 μηδέποτε
2878 5134 2964 5203 τῷ·
3022 5134 3211 5203 κόσμῳ
3263 5130 3410 5185 τοῦτ’
3468 5126 3722 5199 εἰρηκώς.

2154 5230 2325 5282 Τοῦτο
2355 5229 2409 5281 δὲ
2439 5226 2688 5297 φανερῶς
2721 5226 3065 5296 ὲστιῲεῦδος.
3091 5226 3405 5293 Γέγραπται
3432 5225 3539 5293 γὰρ
3575 5220 3725 5288 διαρ-

2156 5321 2323 5391 ρήῐην
2358 5321 2416 5373 ὲν
2469 5319 2544 5387 τῷ
2603 5317 2695 5371 τοῦ
2730 5318 2978 5372 Ἰωάννου
3042 5316 3382 5385 Εὑαγγελίῳ,
3431 5314 3513 5367 ὅτι
3568 5310 3727 5370 αὐτὸς

2153 5411 2311 5467 εἶπεν
2336 5411 2529 5466 ἑαυτὸν
2562 5411 2688 5466 Υίὸν
2722 5407 2861 5464 εἶναι
2886 5410 3019 5463 Θεοῦ
3040 5427 3051 5439 ·
3089 5411 3183 5467 καὶ
3227 5409 3352 5462 τότε
3406 5408 3454 5460 οἱ
3487 5402 3725 5459 Ἰουδαῖοι

2155 5509 2417 5582 ἐθέλησαν
2445 5509 2610 5566 αὑτὸν
2651 5505 2998 5576 λιθοϐολῆσαι
3052 5507 3127 5570 ώς
3180 5506 3305 5576 περὶ
3361 5497 3726 5575 βλασφημίας.
