4068 6462
413 349 547 414 1097

1619 338 1915 399 CONTRA
1961 338 2472 401 ΜΛΠΟΜΕΤΕΜ.

3521 339 3540 402 l
3553 339 3657 403 098

413 459 623 528 Ἐφησε
650 457 705 510 δὲ
735 457 927 510 ἑαυτὸν
959 457 1053 510 καὶ
1096 455 1208 511 ἴσον
1243 450 1380 510 εἶναι
1412 454 1550 524 Θεῷ,
1587 456 1678 507 καὶ
1732 452 1926 522 ἀρχὴν,
1955 450 1977 504 ὃ

2089 453 2189 507 εοΙί
2223 454 2332 506 1)εο
2359 452 2591 507 maxime
2623 463 2703 506 est
2737 453 3018 522 proprium
3050 474 3060 518 ;
3099 453 3385 524 dixitque:
3425 454 3483 509 Si
3537 469 3657 507 ver-

411 547 647 616 μέιλιστα
676 547 794 616 Θεῷ
822 547 968 617 μόνῳ
993 546 1137 600 ἐστὶν
1171 546 1400 598 οἰκεῖον·
1435 547 1528 596 καὶ
1579 537 1750 605 εἶπεν,
1782 542 1842 593 Et
1871 542 1980 602 τοῖς

408 639 590 706 λόγοις
623 655 725 707 μου
767 637 841 707 μὴ
873 637 1055 690 θέλετε
1088 635 1384 698 πιστεύειν,
1421 636 1534 694 τοῖς
1561 632 1739 702 ἔργοις
1762 629 1982 682 πιστεύ-

409 749 558 785 σατε.
595 731 1094 802 Προαποδέδεικται
1127 731 1184 782 δὲ
1244 731 1302 782 ὲν
1364 730 1444 799 τῷ
1478 726 1645 797 τρίτῳ
1698 725 1979 794 κεφαλαίῳ

407 825 481 885 ὡς
507 823 769 876 ἀδύνατον
808 821 988 889 λέγειν
1022 822 1149 882 τοὺς
1201 819 1588 891 Σαρῤακηνοὺς
1638 817 1978 886 ἐφθαρμένον

407 911 545 967 εἶναι
575 913 635 965 τὸ
659 913 988 981 Εὑαγγέλιον
1016 928 1029 942 °
1069 913 1163 965 καὶ
1191 913 1273 965 ὅτι
1305 911 1366 964 τὸ
1397 908 1530 979 παρ’
1551 910 1684 978 ἡμῖν
1737 907 1978 975 Εὐαγγέ-

407 1007 518 1058 λιον
547 1008 639 1058 καὶ
662 1006 759 1074 τὴν
788 1002 1027 1057 παλαιὰν
1082 1003 1355 1073 Διαθήκην
1383 1000 1660 1071 ὀφείλουσι
1709 999 1976 1066 δέχεσθαι.

421 1095 580 1148 Ἀλλὰ
614 1095 708 1149 καὶ
735 1093 894 1157 αὐτὸς
945 1097 972 1148 ό
1027 1093 1328 1165 Μαχούμετ
1365 1093 1421 1144 ἐν
1458 1090 1536 1160 τῷ
1591 1089 1870 1159 κεφαλαίῳ
1902 1087 1980 1158 τῷ

416 1186 661 1254 Ἐλακὰφ
693 1185 847 1257 ζητεῖ
878 1185 1153 1256 δειχθῆναι
1183 1182 1330 1252 αὐτῷ
1354 1181 1413 1236 τὸ
1443 1183 1604 1252 ῥητὸν
1630 1181 1724 1234 τοῦ
1776 1179 1977 1250 βιϐλίου

403 1277 433 1330 δ
461 1279 773 1348 γέγραπται
804 1277 911 1348 πρὸ
943 1275 1038 1330 τοῦ
1068 1273 1420 1345 ’Δλκοράνου.
1447 1271 1601 1325 Μετὰ
1633 1270 1808 1324 ταῦτά
1845 1286 1978 1340 φησι

406 1369 534 1438 περὶ
558 1368 656 1422 τοῦ
685 1367 945 1439 Χριστοῦ,
970 1366 1044 1428 ὡς
1081 1365 1241 1429 αὐτὸς
1294 1365 1416 1419 οῦτε
1450 1363 1811 1433 ἐσταύρωται,
1853 1360 1978 1414 οὔτε

403 1457 696 1522 ἀπέθανεν,
739 1456 854 1510 ἀλλ’
883 1459 911 1510 ό
937 1456 1068 1516 Θεὸς
1127 1456 1264 1526 πρὸς
1317 1456 1392 1526 τῷ
1422 1456 1566 1509 τέλει
1625 1452 1725 1507 τοῦ
1771 1453 1977 1522 κόσμου

407 1551 622 1618 ποιήσει
648 1542 837 1600 τοῦτον
867 1547 1160 1600 ἀποθανεῖν
1179 1562 1193 1577 ⁸
1236 1548 1330 1600 καὶ
1383 1546 1517 1601 ἄλλα
1547 1545 1748 1615 ἄπειρα
1785 1543 1975 1614 ψεύδη,

402 1633 478 1692 ὧν
533 1637 796 1692 τάναντία
832 1638 891 1689 ὲν
925 1637 1035 1698 τοῖς
1065 1635 1438 1705 Εὐαγγελίοις,
1475 1637 1572 1690 καὶ
1626 1637 1746 1698 ταῖς
1792 1636 1978 1698 ἄλλαις

405 1731 444 1783 Γ
451 1731 651 1800 ραφαῖς
683 1729 1025 1798 περιέχονται
1051 1745 1066 1764 ο
1105 1726 1141 1781 ἃ
1173 1728 1381 1798 μακρὸν
1415 1729 1480 1782 ἂν
1508 1727 1590 1799 εἴη
1623 1729 1972 1793 καταλέγειν.

2089 542 2174 598 bis
2204 544 2338 598 meis
2369 559 2475 598 non
2517 544 2684 598 vultis
2725 545 2971 610 credere,
3024 545 3261 599 credatis
3305 544 3658 614 operibus“.

2087 635 2227 691 Ante
2261 647 2443 691 autem
2485 636 2919 692 demonstratum
2965 645 3045 692 est
3101 638 3156 691 in
3201 637 3364 692 tertio
3396 636 3656 706 capitulo,

2085 728 2230 796 quod
2280 727 2618 797 impossibile
2659 738 2739 784 est
2785 730 2930 798 quod
2977 728 3236 783 Saraceni
3283 729 3495 792 dicunt,
3529 743 3658 782 cor-

2087 829 2307 888 ruptum
2363 833 2487 872 esse
2550 819 2927 889 Evangelium,
2983 829 3040 873 et
3097 819 3242 888 quod
3303 818 3657 889 Evangelium

2085 910 2232 974 quod
2263 920 2348 965 est
2374 911 2517 980 apud
2553 927 2669 975 nos,
2711 923 2767 966 et
2798 913 2964 966 Vetus
2992 913 3425 974 Testamentum,
3457 912 3660 966 debent

2086 1003 2386 1072 suscipere.
2431 1002 2536 1057 Sed
2578 1012 2632 1057 rt
2661 1005 2776 1072 ipse
2810 1004 3146 1058 Mahometus
3186 1005 3237 1057 in
3271 1004 3510 1073 capitulo
3538 1003 3661 1056 Ela-

2084 1091 2221 1159 caph
2272 1093 2465 1160 quaerit
2517 1093 2882 1148 demonstrari
2955 1094 3004 1147 ei
3063 1095 3442 1149 auctoritatem
3526 1092 3656 1146 libri

2084 1181 2177 1247 qui
2216 1183 2450 1252 scriptus
2479 1193 2562 1237 est
2598 1195 2726 1240 ante
2769 1185 3119 1238 Alcoranum.
3153 1183 3401 1239 Posthtec
3425 1183 3560 1238 dicit
3588 1182 3657 1236 de

2083 1271 2321 1338 Christo,
2385 1275 2530 1344 quod
2584 1277 2922 1346 ipse-neque
2968 1276 3263 1331 crueitixus
3313 1287 3419 1341 est,
3477 1289 3659 1344 neque.

2085 1363 2354 1432 mortuus,
2394 1368 2489 1422 sed
2516 1368 2659 1422 Deus
2682 1369 2734 1422 in
2765 1370 2869 1424 line
2899 1368 3089 1422 mundi
3118 1368 3281 1423 faciet
3326 1367 3475 1421 hunc
3494 1367 3657 1424 mori.

2083 1465 2141 1510 et
2181 1458 2284 1511 alia
2347 1457 2559 1514 inﬁnita
2622 1460 2930 1524 mendacia,
2977 1477 3213 1530 quorum
3271 1459 3549 1514 contraria
3599 1459 3658 1512 in

2085 1548 2394 1622 Evangeliis
2455 1561 2512 1605 ct
2558 1552 2684 1606 aliis
2747 1551 3049 1622 Scripturis
3101 1553 3479 1620 continentur,
3537 1569 3660 1624 quae

2084 1640 2305 1710 longum
2341 1651 2488 1697 esset
2521 1657 2802 1698 enarrare.

477 1824 613 1890 Περὶ
638 1821 694 1874 δὲ
727 1822 821 1874 τοῦ
858 1821 990 1873 Θεοῦ
1015 1821 1204 1884 ἁπλῶς
1237 1820 1648 1890 διισχυρίζεται,
1687 1823 1761 1884 ὼς
1793 1822 1977 1875 οὐδένα

2160 1813 2235 1868 De
2281 1815 2393 1870 Deo
2437 1825 2618 1870 autem
2683 1817 3008 1888 simpliciter
3057 1823 3274 1887 asserit,
3318 1825 3463 1894 quod
3505 1825 3659 1879 nullo

401 1915 602 1984 τρόπον
629 1914 854 1966 δυνατὸν
885 1913 1044 1967 αὐτὸν
1076 1912 1221 1984 ἔχειν
1249 1913 1387 1978 υίδν,
1440 1913 1524 1966 ὃτι
1553 1913 1687 1984 μηδὲ
1749 1917 1981 1982 γυναῖκα

404 2005 538 2073 ἔχει·
573 2005 670 2057 καὶ
718 2001 876 2056 τοῦτο
930 2003 1170 2074 συνεχῶς
1233 2004 1603 2057 ἐπανακυκλοῖ
1650 2007 1770 2056 ἀντὶ
1821 2005 1981 2058 ἄλλου

404 2097 544 2158 τινὸς
587 2096 1016 2165 ἐπιχειρήματος
1044 2093 1290 2168 ἰσχυροῦ.
1319 2095 1488 2149 Τοῦτο
1515 2093 1572 2148 δὲ
1595 2095 1656 2148 τὸ
1698 2097 1982 2167 ἐπιχείρη-

406 2202 481 2257 μα
501 2188 685 2256 ὅμοιον
726 2186 916 2257 ὥσπερ
959 2186 1220 2240 εῐποιτδν
1271 2187 1404 2242 Θεὸν
1457 2187 1532 2259 μὴ
1580 2182 1716 2241 εἶναι
1770 2189 1980 2250 οὐσίαν,

309 2280 316 2286 ’
401 2277 483 2330 ὅτι
509 2277 582 2346 μὴ
611 2275 724 2346 ἔχει
751 2277 1118 2349 συμὸεσηκδς,
1162 2277 1194 2346 ἢ
1227 2278 1300 2350 μὴ
1359 2276 1479 2350 ζῇν,
1513 2281 1595 2332 ὅτι
1630 2279 1706 2350 μὴ
1735 2280 1898 2333 ἐσθίει
1945 2279 1980 2350 ἢ

405 2371 923 2441 ἀναπνεῖ.Ἀνόητος
952 2374 985 2444 ἡ
1008 2373 1232 2444 τοιαύτη
1257 2375 1547 2444 φαντασία,
1569 2375 1666 2428 καὶ
1693 2375 1981 2447 ἀνθρώπου

403 2461 767 2534 ὲστερημένου
822 2462 1090 2533 λογισμοῦ
1120 2466 1214 2517 καὶ
1264 2464 1379 2518 νοῦ.
1405 2466 1490 2518 Οίμ
1521 2467 1631 2536 γὰρ
1665 2465 1984 2536 Χριστιανοὶ

405 2553 499 2623 οὔχ
523 2553 600 2616 ὡς
629 2555 693 2606 ὲκ
725 2555 985 2621 γυναικὸς
1037 2555 1275 2608 διδόασιν
1336 2555 1464 2608 Υίὸν
1527 2555 1606 2626 τῷ
1674 2557 1814 2629 Θεῷ,
1867 2557 1984 2611 ἀλλ’

403 2643 589 2713 ὥσπερ
620 2646 684 2697 ὲκ
715 2644 816 2714 μὲν
843 2644 937 2696 τοῦ
992 2646 1164 2718 πυρὸς
1197 2645 1296 2716 τὴν
1365 2647 1598 2718 θέρμην,
1632 2647 1693 2712 ἐξ
1743 2647 1896 2719 ἡλίου
1925 2647 1983 2702 δὲ

401 2736 461 2787 τὸ
494 2736 856 2806 ἀπαύγασμα,
897 2738 991 2790 καὶ
1022 2740 1112 2792 τὸν
1161 2738 1318 2808 λόγον
1347 2739 1454 2793 ἀπὸ
1482 2741 1578 2794 τοῦ
1631 2741 1879 2809 λέγοντος
1898 2755 1913 2771 ο
1944 2739 1983 2794 ἃ.

404 2829 580 2882 πάντα
635 2829 848 2898 ἀληθῶς
887 2829 1136 2898 λέγονται
1189 2833 1501 2901 γεννᾶσθαι,
1538 2834 1588 2886 εί
1649 2833 1854 2904 καὶμὴ
1917 2835 1979 2886 ὲκ

403 2920 680 2985 γυναικός.
717 2921 776 2972 '0
802 2920 908 2990 γὰρ
937 2921 1065 2986 Υἱὸς
1121 2923 1217 2976 τοῦ
1254 2923 1391 2976 Θεοῦ
1461 2924 1806 2994 ἀπαύγασμά
1858 2926 1976 2977 ἐστι

403 3012 496 3062 καὶ
525 3011 696 3078 Λόγος
733 3012 826 3063 τοῦ
860 3013 1032 3065 ἀϊδίου
1065 3013 1298 3082 Πατρὸς,
1331 3014 1599 3078 συναϊδιος
1633 3014 1726 3068 καὶ
1781 3014 1979 3084 όμοού-

403 3120 537 3166 stoc,
572 3105 664 3155 καὶ
693 3105 750 3154 ἐν
784 3105 849 3173 τῇ
899 3105 1035 3174 αὖτῇ
1092 3104 1316 3174 ἰσότητιο
1352 3105 1563 3175 Ὥσπερ
1623 3105 1679 3213 δξ
1717 3106 1974 3213 ήιΡέρξέη
2003 3154 2046 3213 c

404 3192 494 3242 καὶ
522 3191 580 3241 τὸ
603 3189 945 3260 ἀπαύγασμα
972 3193 1030 3242 οὔ
1073 3191 1396 3262 χωρίζονται
1421 3191 1515 3244 τοῦ
1545 3190 1734 3261 πυρὸς,
1759 3192 1818 3244 τὸ
1860 3191 1976 3263 πῦρ

406 3279 589 3347 μέντοι
652 3280 825 3332 ἐνίοτε
887 3280 981 3332 τοῦ
1025 3280 1463 3348 ἀπαυγάσματος
1515 3282 1646 3349 ἡμῖν
1706 3281 1832 3334 ἀνευ
1877 3283 1976 3352 τῆς

402 3369 608 3437 θέρμης
641 3371 905 3433 κοινωνεῖ,
928 3369 1116 3438 ὥσπερ
1141 3369 1234 3420 ἐπὶ
1259 3367 1354 3420 τοῦ
1380 3367 1482 3437 τῆς
1530 3367 1808 3437 λαμπάδος
1865 3386 1978 3438 (pm-

399 3460 508 3522 τό,’
543 3461 710 3512 ἐνίοτε
746 3459 802 3512 δὲ
823 3461 917 3530 τῆς
942 3459 1153 3530 θέρμης
1208 3459 1336 3513 ἄνευ
1362 3459 1456 3512 τοῦ
1515 3460 1972 3529 ἀπαυγάσματος,

401 3552 590 3620 ὥσπερ
617 3555 674 3603 ὲν
691 3551 768 3621 τῷ
793 3553 1180 3622 πεπυρωμένῳ
1227 3550 1455 3622 σιδήρῳ⁶
1476 3551 1618 3604 οὕτω
1651 3553 1745 3604 καὶ
1789 3552 1818 3603 ό
1849 3551 1976 3614 Υἱὸς

401 3645 494 3697 τοῦ
527 3645 660 3698 Θεοῦ
678 3646 910 3716 ἠδύνατο
929 3647 1278 3718 σαρκωθῆναι
1303 3648 1394 3700 καὶ
1438 3646 1566 3700 ἄνευ
1598 3645 1694 3700 τοῦ
1727 3646 1818 3700 τὸν
1871 3647 1980 3699 Παε

398 3743 532 3808 τέρα
592 3739 624 3806 ἦ
673 3739 734 3792 τὸ
786 3739 1011 3810 Πνεῦμα
1067 3741 1130 3793 τὸ
1175 3739 1331 3808 ἅγιον
1376 3738 1750 3810 σαρκωθῆναι,
1784 3742 1835 3820 εί
1884 3740 1978 3793 καὶ

399 3831 683 3902 ἀδιαίρετά
704 3833 809 3885 εἰσι
841 3831 910 3885 τὰ
957 3833 1096 3903 ἔργα
1128 3832 1225 3902 τῆς
1279 3830 1528 3901 Τριάδος.
1563 3830 1722 3886 Οὕτω
1751 3832 1914 3887 πάλιν
1948 3833 1978 3886 ό

315 3979 328 3985 ε
402 3925 525 3988 ria;
564 3925 656 3979 τοῦ
715 3923 904 3978 Θεοῦό
934 3924 1026 3978 τοῦ
1081 3923 1216 3997 Θεοῦ
1270 3925 1464 3993 Λόγος,
1515 3925 1574 3978 τὸ
1611 3922 1708 3978 τοῦ
1763 3925 1979 3995 Πατρὸς

401 4015 772 4086 ἀπαύγασμα,
809 4015 1048 4086 ἠδύνατο
1077 4017 1136 4070 ὲν
1173 4016 1418 4087 αἰσθητῷ
1447 4015 1636 4086 βιϐλίῳ
1676 4017 1976 4087 γραφῆναι,

398 4102 536 4155 ὥστε
571 4105 664 4157 ὑπ’
689 4102 994 4170 ἀνθρώπων
1041 4103 1544 4171 ἀναγινώσκεσθαι,
1585 4104 1678 4156 καὶ
1704 4103 1978 4170 αἰσθητῶς

398 4196 464 4245 τὰ
512 4194 647 4262 ἔργα
682 4191 849 4244 αὑτοῦ
882 4193 1138 4260 ὁρᾶσθαι,
1165 4194 1258 4244 καὶ
1300 4188 1441 4244 εἶναι
1478 4191 1642 4262 σαρκὶ
1673 4193 1974 4260 ἡνωμένον.

400 4287 506 4338 Καὶ
534 4287 594 4336 τὸ
626 4285 726 4353 μὲν
764 4284 968 4353 βιϐλίον
1025 4284 1085 4336 τὸ
1135 4285 1556 4352 γεγραμμένον,
1615 4286 1891 4337 τουτέστιν
1931 4285 1975 4364 ⁴ἡ

400 4379 555 4448 σὰρξ,
581 4376 812 4446 ἠδύνατο
841 4376 1284 4445 διαῤῥήσεσθαι,‹
1319 4377 1348 4426 ό
1370 4375 1427 4427 δὲ
1457 4375 1550 4426 τοῦ
1577 4376 1782 4446 Κυρίου
1803 4377 1977 4443 Λόγος

400 4471 551 4538 μένει
584 4470 660 4532 είς
708 4467 800 4521 τὸν
849 4467 1052 4521 ἀίῶνα·
1099 4485 1116 4517 ι
1141 4465 1332 4538 ὥσπερ
1363 4467 1458 4519 καὶ
1487 4466 1546 4519 τὸ
1587 4467 1694 4531 τοῦ⁹
1715 4467 1976 4537 βασιλέως

397 4562 748 4630 πρόσταγμα,
805 4558 1014 4628 τοῦτον
1050 4558 1208 4624 λόγον
1238 4557 1402 4610 αὑτοῦ
1429 4558 1509 4621 είς
1562 4560 1662 4620 τὴν
1703 4557 1971 4611 ὑπἀὖτὺν

395 4648 500 4712 γῆν
531 4648 586 4697 ἐν
610 4647 802 4716 βιϐλίῳ
830 4646 1164 4713 πέμποντος,
1199 4643 1357 4705 αὐτὸς
1386 4643 1486 4713 μὲν
1508 4645 1606 4697 οὐκ
1632 4646 1698 4698 ἂν
1719 4646 1970 4715 καυθείη,

393 4738 456 4790 τὸ
475 4738 533 4790 δὲ
566 4737 771 4805 βιὸλίον
805 4734 1030 4788 δύναται
1068 4731 1346 4786 καίεσθαι.
1376 4734 1516 4786 Φασὶ
1545 4735 1728 4788 τοίνυν
1760 4735 1810 4786 oi
1836 4735 1972 4804 Xpt-

2089 1903 2250 1957 modo
2283 1903 2542 1970 possibile
2593 1913 2676 1960 est
2707 1921 2833 1961 eum
2887 1907 3093 1962 habere
3129 1911 3348 1977 Filium,
3396 1916 3657 1984 quoniam

2087 2007 2314 2047 uxorem
2347 2009 2455 2048 non
2487 1995 2676 2051 habet.
2703 1997 2765 2050 Et
2793 1997 2898 2053 hoc
2927 2001 3190 2058 continue
3225 2006 3446 2074 repetit,
3470 2007 3661 2063 dicens

2084 2098 2185 2153 pro
2208 2085 2311 2138 alia
2345 2085 2580 2155 quadam
2610 2087 2738 2143 forti
2784 2093 3278 2160 argumentatione.
3321 2095 3448 2152 "me
3478 2108 3658 2154 autem

2083 2182 2488 2247 argumentatio
2519 2179 2715 2236 similis
2746 2191 2850 2248 est,
2882 2184 3025 2238 sicut
3053 2183 3098 2239 si
3132 2187 3254 2255 quis
3277 2187 3444 2251 dicat,
3489 2191 3658 2248 Deum

2083 2282 2194 2322 non
2237 2283 2359 2323 esse
2407 2270 2793 2340 substantiam,
2845 2275 3103 2343 quoniam
3154 2292 3261 2330 non
3307 2279 3471 2334 habet
3516 2285 3663 2338 acci-

2081 2359 2238 2424 dens,
2284 2360 2370 2416 vel
2411 2377 2520 2416 non
2557 2362 2765 2429 vivere,
2818 2367 3077 2435 quoniam
3127 2385 3238 2423 non
3297 2373 3535 2427 comedit
3574 2377 3657 2429 vel

2083 2452 2338 2522 respirat.
2383 2453 2552 2509 Fatua
2577 2463 2663 2510 est
2693 2455 2817 2512 talis
2863 2457 3173 2526 phantasia,
3205 2470 3262 2515 et
3303 2462 3544 2519 hominis
3571 2480 3663 2520 ca-

2083 2542 2259 2599 rentis
2303 2545 2585 2601 intellectu
2630 2557 2687 2602 et
2737 2550 2975 2606 ratione.
3021 2551 3503 2622 Christiani,enim
3550 2577 3658 2615 non

2085 2638 2344 2703 tanquam
2370 2650 2436 2690 ex
2474 2638 2703 2693 muliere
2726 2639 2858 2693 dant
2892 2639 3092 2696 Filium
3137 2644 3269 2710 Deo,
3308 2647 3403 2701 sed
3427 2647 3568 2705 sicut
3594 2664 3659 2705 ex

2085 2721 2209 2792 igne
2258 2727 2620 2805 caliditatcm,
2673 2745 2739 2784 ex
2790 2733 2906 2786 sole
2960 2743 3142 2789 autem
3191 2737 3562 2806 splendorem,
3606 2750 3664 2796 et

2081 2814 2312 2870 verbum
2345 2818 2415 2873 ab
2447 2834 2512 2873 eo
2543 2821 2634 2890 qui
2673 2823 2956 2892 loquitur;
3015 2841 3134 2894 qua:
3173 2830 3357 2882 omnia
3407 2846 3532 2886 vere
3577 2832 3664 2885 di-

2081 2919 2284 2962 cuntur
2313 2910 2482 2980 gigni.
2531 2915 2636 2966 etsi
2701 2930 2809 2968 non
2861 2931 2927 2970 ex
2982 2917 3234 2974 muliere.
3287 2921 3458 2976 Filius
3511 2925 3659 2980 enim

2079 2999 2178 3055 Dei
2224 3003 2482 3071 splendor
2539 3014 2641 3068 est,
2694 3016 2750 3058 et
2806 3007 3043 3062 Verbum
3089 3013 3410 3080 sempiterni
3457 3013 3658 3081 Patris,

2081 3100 2412 3147 coazternum
2456 3104 2513 3149 et
2551 3097 3049 3161 consubstantiaic,
3094 3108 3150 3153 et
3178 3101 3232 3154 in
3262 3103 3448 3157 eadem
3479 3121 3661 3176 mqua-

2078 3183 2231 3240 litate
2253 3187 2323 3240 '°.
2352 3188 2503 3242 Sicut
2531 3198 2712 3243 autem
2739 3191 2986 3246 caliditas
3017 3203 3070 3246 et
3111 3195 3370 3263 splendor
3412 3213 3517 3252 non
3568 3215 3657 3253 se-

2077 3286 2342 3344 parantur
2389 3279 2459 3332 ab
2491 3279 2634 3348 igne,
2675 3281 2814 3351 ignis
2863 3291 3043 3338 tamen
3075 3285 3372 3354 aliquando
3415 3307 3444 3343 a
3475 3291 3659 3359 spicuo

2076 3367 2205 3422 dore
2239 3369 2526 3425 nobiscum
2553 3373 2674 3427 sine
2700 3375 2979 3430 caliditate
3011 3381 3475 3449 communicatur,
3515 3385 3660 3438 sicut

2078 3458 2131 3511 in
2161 3459 2282 3514 luce
2309 3461 2594 3530 lampadis,
2663 3463 2960 3534 aliquando
2984 3483 3163 3524 autem
3185 3472 3432 3526 caliditas
3451 3476 3658 3544 absque

2077 3549 2366 3618 Splendore
2400 3563 2506 3617 est,
2539 3555 2682 3608 sicut
2724 3556 2776 3609 in
2821 3572 3052 3614 accenso
3086 3561 3268 3615 ferro:
3304 3563 3384 3617 sic
3413 3576 3466 3618 et
3493 3565 3660 3620 Filius

2079 3641 2172 3695 Dei
2201 3643 2376 3710 potuit
2414 3643 2712 3712 incarnari,
2762 3657 2819 3702 et
2848 3651 3054 3719 absque
3093 3667 3203 3721 quo
3233 3654 3553 3709 incarnatus
3576 3672 3662 3712 es-

2079 3740 2164 3786 set
2198 3733 2359 3789 Pater
2420 3737 2507 3790 vel
2553 3737 2792 3810 Spiritus
2849 3753 3092 3806 sanctus,
3147 3745 3251 3798 etsi
3304 3744 3658 3801 indivisibiiia

2077 3831 2207 3877 sunt
2237 3839 2403 3894 Opera
2439 3827 2725 3884 Trinitatis
2756 3831 2873 3886 :sic
2906 3849 3094 3888 rursus
3121 3835 3292 3890 Filius
3317 3837 3410 3892 Dei
3441 3849 3496 3893 et
3525 3841 3662 3896 Ver-

2077 3913 2208 3968 bum
2244 3915 2338 3970 Dei
2381 3917 2559 3973 Patris
2609 3921 2787 3989 potuit
2827 3922 2882 3975 in
2923 3925 3168 3979 sensibili
3202 3926 3340 3980 libro
3374 3931 3562 3995 scribi,
3599 3941 3660 3986 ut

2077 4004 2148 4058 ab
2182 4005 2499 4062 hominibus
2544 4009 2839 4078 legeretur,
2881 4023 2937 4067 et
2971 4015 3310 4072 sensibiliter
3341 4033 3506 4090 opera
3537 4023 3658 4093 ejus

2077 4096 2416 4164 viderentur,
2449 4107 2504 4153 et
2549 4113 2670 4154 esse
2699 4103 2850 4156 carni
2905 4105 3111 4158 unitus.
3147 4106 3213 4160 Et
3245 4108 3386 4163 liber
3431 4113 3655 4180 quidem

2076 4186 2316 4256 scriptus
2368 4188 2549 4256 potuit
2580 4188 2905 4260 interrumpi
2947 4211 2960 4246 :
3004 4212 3022 4244 ι
3068 4192 3307 4249 Verbum
3340 4209 3520 4253 autem
3554 4203 3658 4255 Dn-

2081 4278 2211 4331 mini
2248 4289 2432 4334 manet
2468 4282 2520 4334 in
2547 4291 2810 4336 aeternum
2841 4283 2908 4335 ".
2951 4303 2969 4334 ι
3007 4284 3158 4340 Sicut
3187 4298 3239 4340 et
3269 4291 3408 4358 regis
3436 4293 3656 4345 manda-

2080 4377 2217 4434 tum,
2253 4365 2348 4440 qui
2397 4372 2567 4427 mittit
2601 4374 2829 4430 verbum
2868 4392 3027 4430 suum
3060 4377 3112 4430 in
3149 4379 3288 4431 libro
3337 4382 3401 4434 ad
3451 4390 3652 4437 terram

2079 4476 2200 4530 quae
2238 4463 2341 4517 sub
2373 4480 2439 4518 eo
2490 4466 2595 4529 est,
2648 4467 2823 4536 ipsum
2877 4477 3058 4522 autem
3111 4472 3336 4523 verbum
3375 4489 3654 4542 nunquam

2077 4553 2324 4607 comburi
2356 4562 2553 4622 potest,
2601 4556 2742 4610 liber
2768 4568 2950 4612 autem
3005 4558 3254 4612 comburi
3301 4573 3508 4629 potest.
3569 4565 3656 4618 Di-

2075 4653 2206 4695 cunt
2253 4643 2418 4712 igitur
2466 4643 2784 4713 Christiani,
2813 4647 3114 4712 Christum,
3151 4665 3277 4704 cum
3311 4653 3381 4704 sit
3414 4653 3654 4708 Verbum

2076 4730 2191 4793 Dei,
2225 4731 2422 4784 Filium
2455 4749 2576 4788 esse
2606 4734 2722 4788 Dei.
2751 4735 2865 4789 Hoc
2895 4736 3039 4790 idem
3085 4747 3142 4791 et
3192 4739 3535 4798 Mahometus
3586 4746 3657 4800 de

397 4831 606 4883 στιανο⁹ι
655 4829 746 4880 τὸν
783 4827 1020 4897 Χριστὸν
1075 4826 1249 4891 Λόγον
1304 4823 1432 4876 ὅντα
1478 4824 1616 4877 Θεοῦ
1671 4825 1798 4878 Υίδν
1829 4821 1966 4877 εἶναι

2080 4835 2139 4874 co
2175 4821 2330 4885 dixit,
2401 4825 2506 4877 etsi
2562 4839 2740 4893 neque
2790 4827 3016 4890 sciebat,
3068 4843 3247 4898 neque
3295 4832 3655 4904 iutciligcbat.

394 4921 552 4975 Θεοῦ.
587 4920 748 4972 Τοῦτ’
783 4919 914 4972 αὐτὸ
951 4919 1009 4972 δὲ
1058 4921 1152 4972 καὶ
1199 4919 1228 4969 ὁ
1277 4915 1578 4987 Μαχούμετ
1629 4918 1758 4986 περὶ
1796 4915 1964 4970 αὑτοῦ

2080 4911 2211 4966 Dicit
2263 4915 2408 4967 enim
2443 4915 2496 4968 in
2530 4917 2800 4971 Aicorano
2844 4918 2897 4971 in
2945 4921 3188 4989 capitulo
3236 4921 3454 4990 Elucsa,
3508 4928 3658 4995 quod

394 5014 617 5083 ἔφησεν,
649 5013 697 5064 εί
722 5010 817 5063 καὶ
857 5010 996 5079 μήτε
1024 5009 1412 5078 ἐπιστάμενος,
1451 5008 1600 5078 μήτε
1640 5009 1794 5060 νοῶν.
1829 5009 1969 5076 Φησὶ

395 5107 503 5175 γὰρ
546 5109 603 5158 ἐν
646 5105 725 5173 τῷ
767 5102 1078 5172 ’Λλκορὰνῳ
1115 5104 1172 5154 ὲν
1203 5101 1280 5171 τῷ
1310 5101 1584 5170 κεφαλαίῳ
1607 5099 1685 5170 τῷ
1719 5099 1966 5162 Ἑλνεσᾶ,

395 5195 423 5247 ὃ
474 5193 842 5264 ἑρμηνεύεται
889 5190 1199 5259 γυναῖκες,
1251 5190 1332 5240 ὅτι
1391 5189 1418 5239 ό
1464 5189 1700 5256 Χριστὸς
1761 5184 1965 5256 Ἰησοῦς

399 5266 512 5346 υίὸς
542 5283 642 5350 τῆς
692 5279 909 5346 Μαρίας
947 5277 1108 5344 λόγος
1137 5276 1254 5327 ἐστὶ
1292 5275 1386 5328 τοῦ
1419 5274 1580 5338 Θεοῦ,
1611 5273 1707 5326 καὶ
1751 5273 1971 5336 πνεῦμά

396 5375 512 5426 ἐστι
542 5373 698 5428 Θεοῦ.
729 5370 880 5422 Διατὶ
909 5369 1090 5422 τοίνυν
1121 5369 1221 5420 οὐκ
1255 5367 1443 5434 ἔλεγεν
1475 5367 1504 5418 ό
1535 5364 1860 5434 Μαχοὺμετ,
1888 5364 1970 5416 ὅτι

397 5463 658 5518 ἀδύνατον
688 5462 781 5514 τὸν
810 5459 942 5512 Θεὸν
970 5460 1117 5528 ἔχειν
1149 5458 1307 5527 λόγον
1342 5458 1376 5529 ἢ
1405 5457 1644 5526 πνεῦμα,
1681 5457 1803 5508 ἐπεὶ
1836 5455 1971 5526 μηδὲ

396 5556 634 5628 γυναῖκα
663 5553 813 5623 exet;
847 5552 1123 5623 Ζητητέον
1154 5553 1336 5606 τοίνυν
1381 5550 1511 5619 περὶ
1537 5549 1648 5602 τῶν
1682 5548 1971 5619 Σαρρακηη

472 5710 512 5741 ¹⁹
551 5710 711 5765 Joan.
745 5725 801 5774 χ,
832 5707 924 5762 58.
1003 5709 1046 5739 ¹⁰
1075 5707 1241 5762 Hebr.
1273 5725 1310 5771 ι,
1339 5710 1399 5763 ’5.
1475 5710 1515 5740 ¹¹
1554 5709 1697 5765 l‘sul.
1737 5726 1880 5776 cm,
1905 5711 1957 5765 ‘2.

673 5812 938 5869 l‘a'moa.
985 5813 1098 5866 (in.
1143 5804 1341 5866 CLlV.

2074 5001 2470 5076 interpretatur
2510 5007 2772 5072 mulieres,
2815 5011 2960 5077 quod
3011 5012 3262 5067 Christus
3303 5015 3466 5070 Jesus
3506 5017 3654 5072 illius

2075 5091 2281 5159 Mariae,
2323 5095 2552 5174 verbum
2584 5108 2666 5150 est
2704 5099 2822 5160 Dei,
2853 5111 2910 5153 et
2954 5102 3183 5170 spiritus
3209 5114 3294 5158 est
3323 5105 3443 5160 Dei.
3472 5107 3656 5172 Quare

2076 5183 2244 5251 igitur
2266 5199 2372 5238 non
2407 5185 2546 5240 dixit
2573 5187 2938 5252 Maliometus,
2982 5192 3127 5258 quod
3185 5193 3524 5263 impossibile
3571 5209 3656 5252 est

2079 5273 2248 5329 Deum
2287 5276 2491 5332 habere
2524 5279 2751 5332 verbum
2793 5281 2877 5333 vel
2908 5282 3181 5350 spiritum,
3212 5287 3472 5353 quoniam
3513 5304 3654 5342 uxo-

2078 5382 2192 5421 rem
2227 5383 2336 5422 non
2371 5368 2580 5424 habet?
2606 5370 2971 5438 Quarendum
3006 5373 3172 5443 igitur
3201 5391 3232 5428 a
3263 5376 3566 5443 Saracenis,
3596 5390 3656 5433 ut

2075 5469 2325 5529 quaerant
2362 5461 2467 5531 ipsi
2507 5478 2535 5515 a
2592 5463 2919 5528 Mahumeto,
2953 5466 3173 5534 quando
3205 5467 3342 5522 dicit
3373 5469 3652 5524 Christum

2079 5551 2460 5609 verbumvesse
2489 5552 2606 5619 Dei,
2646 5562 2703 5609 et
2734 5553 2990 5622 spiritum
3038 5571 3104 5610 ex
3158 5556 3289 5624 Deo,
3345 5566 3530 5613 utrum
3580 5555 3652 5616 ap-

3189 5787 3266 5851 35
