4068 6454
452 376 591 443 1399

1711 378 2096 442 DEMETRII
2139 377 2454 439 CYDONII

3548 369 3687 437 1100

445 493 644 560 spiritu
687 493 771 548 vel
815 494 986 549 verbo
1031 494 1185 560 dicit,
1217 496 1285 551 de
1329 495 1651 551 accidentali
1704 493 1849 564 quod
1899 508 2024 563 pro-

2143 491 2252 554 νῶν,
2282 488 2423 542 ὥστε
2468 485 2700 558 ζητῆσαι
2728 476 2924 549 αὐτοὺς
2954 483 3109 556 παρά
3137 482 3231 537 τοῦ
3263 482 3529 552 λίωάμεθ,
3561 485 3688 539 ὅταν

441 583 642 649 fertur,
690 583 773 638 vel
821 585 890 640 de
938 587 1243 651 essentiali,
1288 586 1343 641 id
1379 595 1465 641 est
1512 596 1717 641 creato.
1770 584 1860 640 Sic
1913 599 2021 637 non

446 676 625 731 solum
656 676 884 731 verbum
912 686 967 731 et
1010 678 1236 746 spiritus
1288 678 1379 731 l)ei
1428 688 1511 732 est
1550 692 1581 731 a
1637 677 1769 740 Deo,
1825 674 1923 729 sed
1968 682 2025 727 et

445 769 614 824 verba
642 778 699 825 et
726 770 955 839 spiritus
995 771 1228 824 aliorum
1261 770 1674 839 prophetarum,
1709 778 1763 824 et
1793 768 2027 823 aliorum

450 859 739 913 hominum
770 860 1082 917 beatorum.
1116 859 1181 913 Et
1220 860 1519 914 secundum
1554 860 1658 914 hoc
1692 875 1802 913 non
1832 873 2028 927 magna

450 952 698 1023 quaedam
739 954 860 1008 laus
910 962 995 1007 est
1040 956 1153 1007 lucc
1182 952 1249 1007 de
1278 951 1520 1016 Christo,
1552 965 1716 1020 quem
1751 951 2030 1005 Mahome-

452 1057 540 1101 tus
569 1046 788 1115 proprie
816 1055 872 1100 et
910 1060 1075 1115 supra
1123 1060 1313 1103 omnes
1357 1045 1611 1100 homines
1658 1045 1775 1100 vult
1816 1043 2028 1101 consti-

452 1146 632 1191 tuere.
662 1135 768 1191 Sed
811 1152 989 1204 neque
1027 1146 1251 1207 propter
1287 1136 1447 1190 talem
1484 1136 1751 1190 rationem
1781 1145 1838 1190 et
1867 1135 2028 1189 talent

451 1228 704 1298 spiritum
740 1228 1026 1298 pluraliter
1072 1228 1219 1305 Deus
1257 1229 1323 1281 de
1354 1227 1537 1298 seipse
1575 1227 1843 1296 loquitur,
1887 1228 2031 1281 sicut

455 1320 792 1374 inducuntur
821 1320 876 1373 in
912 1330 1027 1374 toto
1072 1320 1363 1391 Qicorano.
1427 1320 1484 1374 Si
1547 1329 1731 1374 autem
1784 1318 1919 1374 dicit
1963 1317 2031 1373 de

454 1414 699 1466 increato
742 1420 798 1466 et
841 1411 1122 1465 essentiali
1171 1411 1342 1465 verbo
1392 1411 1489 1466 Dei
1545 1422 1601 1466 et
1663 1411 1882 1480 spiritu,
1952 1410 2033 1464 sic

453 1501 645 1571 utique
696 1501 985 1555 nobiscum
1043 1502 1289 1555 sentiunt
1349 1514 1456 1555 tam
1515 1500 1583 1555 de
1629 1500 2029 1565 incarnatione,

454 1608 616 1664 quam
652 1594 722 1649 de
751 1594 1011 1665 mysterio
1044 1593 1349 1649 Trinitatis.
1377 1595 1512 1649 Item
1536 1594 1669 1649 dicit
1694 1593 2036 1648 Multoutetus

454 1689 521 1739 tle
559 1686 670 1741 Deo
706 1687 758 1739 in
799 1686 1039 1755 capitulo
1066 1686 1366 1740 Elmiuim:
1400 1686 1555 1753 Quod
1603 1686 1649 1739 si
1681 1686 1821 1739 Deus
1869 1683 2037 1738 liabe-

455 1786 543 1832 ret
586 1777 784 1842 tilium,
820 1778 875 1830 in
931 1778 1180 1847 periculo
1225 1781 1338 1845 jam
1389 1785 1536 1832 totus
1580 1775 1822 1831 mundus
1861 1785 2029 1832 esset.

454 1869 613 1923 Esset
657 1869 804 1923 enim
839 1869 1078 1924 scbisma
1113 1868 1257 1923 inter
1285 1884 1403 1924 eos.
1440 1869 1563 1924 ch
1610 1878 1794 1923 autem
1828 1883 2030 1938 suppo—
2066 1845 2105 1900 Β

456 1962 586 2016 sitio
616 1962 775 2023 valde
804 1961 938 2016 falsa
977 1972 1079 2017 est.
1116 1963 1391 2032 Supponit
1427 1963 1597 2028 enim,
1636 1978 1742 2017 non
1774 1960 2029 2031 possibile

456 2069 577 2107 esse
614 2053 785 2107 Deum
817 2053 1024 2108 habere
1077 2054 1269 2118 lilimn,
1304 2054 1410 2109 nisi
1460 2055 1710 2124 iniquum
1760 2063 1814 2108 et
1863 2052 2033 2107 auda-

456 2158 575 2197 cem
608 2155 666 2199 et
706 2144 1136 2200 iuobedientem.
1182 2146 1294 2201 Nos
1343 2156 1528 2201 autem
1566 2146 1824 2209 dicimus,
1884 2143 2029 2215 quod

458 2235 632 2291 Filius
660 2234 752 2290 Dei
783 2245 869 2290 est
894 2236 1132 2291 Verbum
1169 2237 1286 2303 Dei,
1318 2248 1376 2291 et
1420 2237 1651 2292 scientia
1702 2235 1898 2304 Patris,
1938 2251 2034 2306 per

457 2344 620 2394 quam
649 2331 834 2385 omnia
863 2339 1143 2399 operatur.
1187 2328 1423 2384 Verbum
1455 2338 1637 2385 autem
1671 2329 2035 2399 comprehen—

458 2437 578 2475 sum
615 2421 669 2475 in
700 2430 907 2485 mente,
967 2430 1024 2475 et
1075 2422 1303 2475 artiﬁcis
1351 2422 1603 2485 scientia,
1654 2436 1932 2491 nunquam
1977 2422 2032 2475 in

460 2515 683 2570 homine
722 2521 1010 2583 separatur
1058 2528 1090 2567 ιι
1157 2514 1501 2584 concipiente
1555 2514 1859 2569 intellectu.
1916 2514 2032 2569 Nisi

459 2604 665 2659 alicubi
717 2597 1105 2674 blaspbetnaus
1161 2604 1499 2661 Maltometus
1539 2607 1701 2671 dicat,
1737 2606 2033 2661 dissentire

459 2692 528 2748 ad
565 2695 805 2763 seipsum
839 2693 1034 2758 Deum,
1078 2702 1135 2748 et
1187 2696 1462 2750 contraria
1509 2696 1691 2750 dicere
1732 2698 1817 2751 sui
1862 2696 2035 2765 ipsius

461 2786 769 2841 intellectui
818 2795 875 2840 et
926 2786 1268 2857 cogitationi.
1305 2787 1451 2842 Idem
1508 2788 1853 2843 Mahometus
1903 2788 2036 2843 dicit

461 2879 516 2932 in
550 2877 791 2948 capitulo
829 2876 1039 2945 Elezat,
1084 2878 1230 2949 quod
1267 2879 1411 2934 Deus
1439 2888 1496 2934 et
1523 2880 1700 2950 angeli
1726 2880 1850 2949 ejus
1877 2888 2037 2935 orant

462 2988 561 3041 pro
592 2971 902 3029 Mabometo
931 2981 987 3029 et
1021 2973 1327 3029 Saracenis.
1368 2973 1524 3040 Quod
1561 2974 1783 3044 quidem
1817 2983 1900 3029 est
1932 2990 2035 3028 an.

461 3060 732 3130 gelorum,
764 3070 849 3117 est
875 3061 1262 3117 omittendum.
1291 3061 1437 3133 Deus
1468 3070 1651 3117 autem
1686 3063 1904 3132 quando
1936 3078 2036 3133 pro

461 3155 544 3208 eis
595 3154 750 3207 orat?
784 3155 958 3219 Quem
992 3155 1152 3208 orat?
1203 3130 1460 3224 Angelos,
1496 3153 1581 3208 vel
1630 3153 1902 3220 homines,
1950 3153 2036 3208 vel

464 3246 745 3317 seipsum?
777 3245 885 3302 Sed
917 3247 1025 3302 hoc
1053 3256 1138 3301 est
1184 3246 1553 3312 mendacium,
1593 3255 1713 3301 orat
1741 3248 1982 3316 seipsum
2018 3264 2035 3302 :

461 3351 518 3395 et
557 3340 792 3395 maxime
841 3340 1145 3397 secundum
1193 3339 1584 3403 Maltomctum,
1636 3340 1729 3409 qui
1765 3338 1926 3394 Verbi
1958 3340 2041 3394 iu-

463 3433 836 3487 carnationem
889 3441 1069 3504 negat,
1121 3442 1176 3487 et
1220 3447 1401 3501 neque
1438 3447 1792 3502 personarum
1829 3433 2035 3487 discre-

466 3526 672 3581 tionem
706 3526 859 3595 ponit
889 3526 944 3580 in
977 3525 1204 3580 divinis.
1240 3524 1398 3579 Ponit
1449 3536 1631 3579 autem
1664 3536 1721 3582 et
1756 3526 1861 3580 alia
1891 3540 2043 3578 men-

464 3621 620 3675 dacia
651 3619 921 3690 quaedam,
961 3629 1019 3674 et
1064 3618 1445 3688 impossibilia,
1499 3620 1641 3674 sicut
1694 3619 1750 3672 in
1802 3616 2041 3687 capitulo

464 3712 679 3767 Elasiar
726 3710 929 3765 dicitur
958 3711 1116 3780 quasi
1148 3726 1213 3764 ex
1245 3725 1476 3779 persona
1511 3709 1606 3764 Dei
1636 3727 1651 3763 :
1694 3709 1750 3761 Si
1785 3708 1890 3762 hoc
1935 3707 2041 3761 mi-

466 3804 703 3856 serimus
750 3802 1083 3857 Alcoranum
1117 3817 1284 3872 super
1315 3817 1484 3856 unum
1526 3808 1790 3864 montem,
1823 3799 2041 3855 videres

460 3895 574 3963 jam
603 3910 729 3948 eum
765 3898 955 3964 utique
1004 3895 1239 3950 scissum
1291 3909 1321 3947 a
1379 3891 1688 3949 reverentia
1739 3899 1796 3945 et
1848 3891 2043 3944 timore

470 3987 585 4040 hei.
621 3986 690 4040 Et
719 3986 863 4041 sicut
910 3986 965 4039 in
1016 3987 1258 4057 capitulo
1302 3984 1636 4046 Elcaminar,
1673 3982 1820 4053 quod
1871 3982 2043 4037 inter.

465 4086 716 4148 pretatur
749 4076 901 4144 luna,
937 4077 1090 4143 dicit,
1137 4077 1283 4146 quod
1345 4076 1475 4129 luna
1529 4075 1765 4128 contrita
1822 4084 1927 4140 est,
1986 4082 2042 4129 et

469 4171 637 4224 multa
666 4170 795 4234 alia,
826 4184 947 4239 qua:
984 4168 1205 4239 longum
1233 4179 1381 4222 esset
1403 4182 1684 4223 enarrare.

2066 3187 2108 3245 ε

2127 581 2261 650 λέγῃ
2305 581 2396 632 τὸν
2429 577 2665 648 Χριστὸν
2693 576 2849 645 λόγον
2881 571 3021 631 εῖναι
3048 573 3140 628 τοῦ
3164 574 3319 641 Θεοῦ,
3351 574 3447 629 καὶ
3471 573 3688 644 πνεῦμα

2127 672 2193 724 ικ
2223 667 2383 731 Θεοῦ,
2410 668 2638 737 πότερον
2662 664 2793 737 περὶ
2823 664 2915 719 τοῦ
2944 664 3253 734 πνεύματος
3284 665 3379 717 καὶ
3409 662 3501 718 τοῦ
3529 663 3689 733 λόγου

2129 763 2265 832 φησι
2290 760 2384 814 τοῦ
2415 760 2781 833 προφορικοῦ,
2824 758 2857 828 ἢ
2889 758 3021 827 περὶ
3068 757 3162 810 τοῦ
3193 755 3504 820 οὐσιώδους,
3534 772 3691 810 τουτ-

2129 857 2246 909 ἐστι
2273 856 2403 925 περὶ
2431 853 2526 907 τοῦ
2560 853 2802 918 κτιστοῦ,
2833 851 2868 924 ἢ
2905 850 3310 918 τοῦ,ἀκτίστου.
3342 850 3402 902 Ei
3435 848 3533 918 μὲν
3564 849 3691 919 περὶ

2128 948 2223 1003 τοῦ
2260 946 2612 1016 ἑξωτερικοῦ,
2649 947 2769 1018 ἢτοι
2804 944 2899 998 τοῦ
2926 942 3168 1007 κτιστοῦ,
3210 941 3379 1004 οὕτως
3423 943 3484 993 οὐ
3534 938 3690 1009 μόνον

2131 1044 2160 1095 6
2218 1041 2372 1108 λόγος
2428 1040 2524 1093 καὶ
2571 1037 2633 1091 τὸ
2688 1036 2911 1105 πνεῦμα
2956 1032 3051 1087 τοῦ
3088 1031 3223 1087 Θεοῦ
3286 1033 3432 1085 ἔστιν
3485 1032 3549 1084 ὲκ
3596 1028 3691 1083 τοῦ

2130 1112 2309 1197 Θεοῦ,
2348 1130 2487 1184 ἀλλά
2545 1128 2642 1184 καὶ
2682 1131 2731 1181 oi
2782 1129 2931 1194 λόγοι
2984 1125 3075 1179 καὶ
3126 1120 3197 1178 ei
3255 1122 3542 1192 πνεύματα
3586 1121 3693 1174 τῶν

2132 1224 2307 1280 ἄλλων
2333 1222 2649 1292 προφητῶν,
2689 1221 2783 1274 καὶ
2810 1223 2920 1275 τῶν
2959 1218 3137 1273 ἄλλων
3180 1215 3464 1286 μακαρίων
3493 1212 3695 1283 ἀνθρώ-

2135 1335 2272 1372 πων.
2322 1317 2432 1371 Καὶ
2479 1316 2621 1369 κατὰ
2660 1314 2818 1367 τοῦτο
2865 1312 2926 1366 οὐ
2962 1305 3135 1382 μέγας
3169 1309 3251 1372 τίς
3280 1308 3429 1360 ἐστιν
3478 1305 3696 1369 ἔπαινος

2134 1409 2294 1464 τοῦτο
2338 1408 2471 1478 περὶ
2501 1406 2597 1459 τοῦ
2635 1404 2901 1475 Χριστοῦ,
2941 1404 3001 1457 ὃν
3038 1406 3066 1457 6
3097 1400 3396 1471 Μαχούμετ
3429 1399 3571 1459 ἰδίως
3602 1396 3697 1450 καὶ

2136 1501 2273 1572 ὑπὲρ
2311 1499 2517 1562 πάντας
2546 1498 2870 1567 ἀνθρώπους
2902 1494 3150 1565 βούλεται
3181 1490 3517 1547 συνιστάναι.
3561 1487 3699 1543 Ἀλλ’

2135 1589 2258 1641 οὐδὲ
2288 1589 2375 1640 διὰ
2412 1586 2502 1639 τὸν
2550 1585 2795 1639 τοιοῦτον
2827 1582 2986 1652 λόγον
3015 1585 3109 1637 καὶ
3147 1582 3209 1635 τὸ
3249 1582 3491 1635 τοιοῦτον
3542 1578 3704 1633 πνεῦ-

2140 1699 2216 1753 μα
2274 1679 2654 1749 πληθυντικῶς
2713 1680 2741 1731 6
2788 1677 2921 1739 Θεὸς
2970 1674 3101 1745 περ)⁵
3161 1672 3359 1729 ἑαυτοῦ
3408 1671 3700 1740 διελέγετο,

2138 1772 2327 1843 ὥσπερ
2358 1770 2639 1837 εἰσάγεται
2669 1769 2727 1822 ὲν
2754 1767 2860 1837 ὅλῳ
2891 1766 2971 1836 τῷ
3009 1764 3343 1835 ’Δλκοράνῳ.
3369 1763 3432 1816 Ei
3462 1763 3519 1817 δὲ
3558 1761 3704 1829 λέγει

2137 1863 2395 1936 περὶτοῦ
2426 1862 2688 1916 ἀκτίστου
2734 1861 2830 1914 καὶ
2878 1856 3171 1920 οὐσιώδους
3202 1857 3379 1925 Λόγου
3422 1856 3516 1909 τοῦ
3565 1856 3702 1908 Θεοῦ

2137 1959 2233 2012 καὶ
2273 1958 2612 2026 Πνεύματος,
2667 1952 2811 2007 οὕτω
2868 1950 3263 2021 συμϐαίνουσιν
3316 1951 3446 2020 ἡμῖν
3499 1947 3591 2002 ἐπί
3644 1965 3704 2003 τε

2138 2052 2238 2119 τῆς
2274 2048 2603 2119 σαρκώσεως
2657 2045 2752 2099 καὶ
2807 2044 2900 2097 τοῦ
2950 2043 3051 2113 τῆς
3099 2043 3328 2114 Τριάδος
3382 2041 3704 2113 μυστηρίου.

2147 2145 2270 2198 Ἔτι
2302 2144 2467 2212 φησιν
2499 2144 2527 2193 6
2560 2137 2856 2210 Μαχούμετ
2886 2136 3014 2208 περὶ
3044 2136 3139 2189 τοῦ
3172 2134 3306 2189 Θεοῦ
3335 2138 3392 2189 ὲν
3423 2135 3498 2203 τῷ
3533 2153 3703 2204 κεφα-

2140 2235 2279 2304 λαίῳ
2308 2235 2385 2304 τῷ
2431 2233 2835 2303 Ἐλμουμηνὶμ,
2870 2231 2954 2284 ὅτι
2998 2232 3048 2284 εί
3082 2215 3110 2283 6
3149 2227 3281 2293 Θεὸς
3308 2224 3454 2298 εῖχεν
3486 2228 3619 2291 υἱὸν,
3645 2229 3699 2279 ἐν

2141 2328 2375 2399 κινδύνῳ
2404 2328 2469 2382 ἂν
2498 2322 2565 2397 ἢν
2595 2327 2713 2388 ὅλος
2741 2329 2769 2377 6
2819 2326 3047 2393 κόσμος.
3079 2316 3188 2376 Ἦν
3212 2321 3317 2391 γὰρ
3345 2320 3410 2374 ἂν
3437 2322 3491 2372 ἐν
3525 2320 3702 2380 αὐτοῖς

2144 2429 2375 2496 σχίσμα.
2425 2420 2576 2491 Αὕτη
2624 2418 2680 2470 δὲ
2739 2419 2774 2487 ὴ
2826 2416 3084 2479 ὑπόθεσις
3143 2414 3264 2467 λίαν
3324 2406 3438 2466 ἐστὶ
3484 2411 3702 2481 ψευδής.

2154 2516 2483 2585 Ὑποτίθησι
2518 2513 2626 2583 γὰρ
2667 2510 2744 2581 μὴ
2791 2503 2902 2563 οἷόν
2951 2524 3011 2562 τε
3074 2502 3214 2560 εἶναι
3270 2506 3361 2558 τὸν
3401 2505 3531 2558 Θεὸν
3563 2501 3701 2572 ἔχειν

2144 2608 2283 2672 υἱὸν,
2324 2610 2372 2660 εί
2430 2607 2505 2676 μὴ
2542 2603 2782 2673 πονηρὸν
2817 2600 2913 2653 καὶ
2950 2597 3287 2675 αὑθάδηῠκαὶ
3317 2596 3702 2648 ἀνυπότακτον.

2158 2697 2345 2770 Ἡμεῖς
2396 2698 2452 2750 δέ
2503 2713 2706 2767 φαμεν,
2761 2694 2845 2747 ὃτι
2878 2691 2907 2743 6
2940 2690 3068 2750 Υίδς
3103 2689 3195 2743 τοῦ
3232 2688 3366 2741 Θεοῦ
3393 2687 3562 2755 Λόγος
3590 2686 3702 2737 ἐστὶ

2144 2792 2238 2847 τοῦ
2271 2790 2430 2856 Θεοῦ,
2475 2789 2570 2842 καὶ
2616 2788 2899 2858 ἐπιστήμη
2944 2784 3038 2838 τοῦ
3090 2783 3323 2854 Πατρός,
3346 2781 3413 2834 δι’
3441 2776 3507 2852 ἦς
3536 2779 3703 2833 πάντα

2146 2883 2463 2953 ἐργάζεται.
2503 2881 2562 2934 '0
2583 2879 2642 2934 δὲ
2689 2879 2848 2949 λόγος
2891 2879 2920 2931 6
2943 2873 3269 2946 συλληφθεὶς
3297 2876 3355 2927 ὲν
3386 2875 3451 2943 τῇ
3483 2870 3701 2941 διανοίᾳ,

2147 2977 2242 3030 καὶ
2282 2978 2315 3045 ἡ
2371 2972 2464 3027 τοῦ
2509 2972 2753 3043 τεχνίτου
2785 2969 3084 3040 ἐπιστήμη,
3116 2967 3373 3021 οὐδέποτε
3409 2965 3515 3019 οὐδ’
3548 2967 3603 3018 ὲν
3623 2964 3699 3034 τῷ

2148 3068 2419 3139 ἀνθρώπῳ
2473 3065 2779 3120 διίστανται
2843 3063 2938 3117 τοῦ
3012 3059 3484 3130 συλλαμϐάνοντος
3555 3057 3645 3111 νοῦ
3682 3072 3697 3085 ·

2144 3165 2192 3217 εί
2245 3162 2319 3233 μή
2375 3177 2479 3213 που
2515 3157 2855 3231 βλασφημῶν
2909 3158 2937 3209 6
2971 3154 3273 3227 Μαχούμετ
3318 3156 3433 3224 ἐρεῖ
3456 3151 3709 3223 διχονοεῖν

2144 3254 2279 3324 πρός
2310 3255 2505 3307 ἑαυτὸν
2540 3253 2633 3305 τὸν
2663 3251 2817 3318 Θεὸν,
2849 3251 2943 3302 καὶ
2973 3248 3275 3315 ἀντιλέγειν
3299 3248 3378 3317 τῷ
3415 3243 3604 3299 ἑαυτοῦ
3636 3242 3711 3315 νῷ

2146 3348 2245 3401 καὶ
2298 3347 2555 3417 νοήματι.
2600 3345 2725 3398 Ἔτι
2757 3344 2785 3397 6
2819 3342 3122 3414 Μσχούμετ
3159 3342 3325 3412 φησὶν
3352 3342 3409 3394 ἑν
3444 3338 3519 3409 τῷ
3549 3354 3714 3405 κεφα-

2144 3438 2283 3509 λαίῳ
2311 3436 2390 3508 τῷ
2423 3435 2680 3502 Ἐλεζὰπ,
2718 3436 2800 3488 ὅτι
2846 3436 2875 3489 6
2915 3434 3047 3498 Θεὸς
3085 3434 3180 3487 καὶ
3210 3434 3260 3488 oi
3289 3433 3513 3500 ἄγγελοι
3547 3428 3711 3483 αὐτοῦ

2145 3528 2395 3599 εὔχονται
2430 3529 2572 3598 ὑπὲρ
2602 3526 2697 3581 τοῦ
2736 3512 2983 3597 Μωάμεθ
3016 3526 3111 3580 καὶ
3147 3525 3256 3580 τῶν
3291 3525 3466 3579 ἄλλων
3505 3524 3714 3595 Σαρῤα-

2147 3621 2351 3690 κηνῶν.
2391 3622 2464 3675 T6
2499 3623 2599 3692 μὲν
2644 3620 2740 3675 οῦν
2791 3622 2900 3673 τῶν
2929 3619 3176 3689 ἀγγέλων
3204 3617 3529 3689 παρεατέον.
3572 3616 3630 3668 ὀ
3657 3615 3713 3668 δὲ

2147 3713 2282 3776 Θεὸς
2327 3713 2414 3766 ὅτε
2461 3713 2605 3783 ὑπὲρ
2638 3711 2820 3765 αὐτῶν
2852 3710 3111 3782 εὔχεται,
3155 3711 3262 3763 τίνι
3316 3706 3715 3778 εὔχεταιςτοῖς

2149 3802 2428 3872 ἀγγέλοις,
2470 3802 2502 3874 ἢ
2534 3806 2647 3866 τοῖς
2680 3801 3011 3872 ἀνθρώποις,
3056 3802 3090 3871 ἢ
3123 3800 3343 3871 ἐαυτῷ;
3382 3799 3542 3852 Ἀλλά
3570 3796 3716 3850 τοῦτ’

2147 3896 2268 3950 ἐστὶ
2292 3895 2512 3965 ψεῦδος,
2546 3898 2607 3949 τ’)
2644 3895 2904 3968 εὔχεσθαι
2936 3896 3137 3966 ἐαυτῷ·
3177 3897 3271 3949 καὶ
3311 3894 3547 3962 μάλιστα
3574 3892 3715 3944 κατά

2147 3985 2238 4039 τὸν
2267 3987 2585 4056 Μαχούμετ,
2619 3986 2677 4050 ὃς
2707 3989 2802 4040 καὶ
2838 3982 2935 4058 τὴν
2984 3986 3079 4040 τοῦ
3121 3987 3296 4054 Λόγου
3323 3984 3597 4055 σάρκωσιν
3622 3981 3720 4048 ἀρ-

2148 4082 2353 4143 νεῖται,
2407 4081 2502 4133 καὶ
2559 4080 2682 4133 οὐδὲ
2730 4080 3008 4151 διάκρισιν
3058 4078 3370 4150 προσώπων
3411 4075 3623 4146 τίθησιν
3657 4075 3716 4125 ὲν

2146 4174 2260 4235 τοῖς
2287 4170 2475 4236 θείοις.
2514 4172 2711 4243 Τίθησι
2755 4172 2813 4225 δὲ
2871 4173 2965 4226 καὶ
3010 4172 3145 4226 ἄλλα
3193 4171 3330 4226 ἄττα
3388 4169 3557 4239 ψεύδη
3623 4167 3718 4219 καὶ

468 4261 729 4327 ἀδύνατα,
766 4261 959 4332 ὥσπερ
1008 4265 1067 4315 ὲν
1101 4259 1180 4331 τῷ
1223 4260 1508 4331 κεφαλαίῳ
1545 4260 1623 4332 τῷ
1674 4259 1944 4330 Ἐλαστάρ
1976 4259 2195 4328 λέγεται
2222 4263 2411 4335 ὥσπερ
2452 4267 2517 4318 ὲκ
2584 4267 2881 4334 προσώπου
2925 4264 3017 4318 τοῦ
3058 4265 3223 4331 Θεοῦ,
3281 4267 3342 4319 El
3392 4264 3717 4335 ἐπέμψαμεν

467 4353 626 4407 τοῦτο
657 4354 716 4406 τὸ
758 4353 1080 4423 ’Λλκοράνον
1101 4358 1181 4418 εἰς
1203 4355 1261 4408 ἒν
1296 4354 1406 4408 τῶν
1435 4354 1599 4426 όρῶν,
1633 4351 1776 4419 είδες
1807 4354 1873 4408 ἂν
1905 4355 2057 4426 αὐτῷ
2094 4356 2313 4427 σχισθὲν
2341 4359 2448 4412 ἀπὸ
2495 4359 2594 4427 τῆς
2636 4359 2933 4423 εὐλαϐείας
2988 4360 3082 4414 καὶ
3108 4359 3204 4413 τοῦ
3232 4361 3396 4430 φόϐου
3438 4358 3532 4414 τοῦ
3561 4358 3715 4413 Θεοῦ*

468 4452 565 4503 καὶ
604 4449 795 4520 ὥσπερ
827 4452 885 4501 ἐν
929 4448 1007 4518 τῷ
1048 4448 1327 4518 κεφαλαίῳ
1392 4447 1468 4518 τῷ
1518 4448 1824 4518 Ἐλκαμάρ,
1889 4447 1919 4501 6
1989 4449 2360 4520 ἑρμηνεύεται
2408 4449 2671 4518 σελήνη,
2725 4453 2913 4521 φησιν,
2949 4452 3030 4505 δτι
3089 4453 3121 4523 η
3161 4454 3358 4523 σελήνη
3401 4453 3717 4524 συνετρίϐη.

460 4542 578 4605 ,Καὶ
611 4540 783 4594 πολλά
817 4539 975 4603 ἀλλα,
1001 4538 1042 4607 ⁸ὃ.
1082 4538 1291 4609 μακρὸν
1325 4538 1391 4592 ἂν
1419 4539 1505 4607 εῐη
1540 4539 1894 4610 ἀπαριθμεῖν.

548 4631 705 4687 Unde
743 4639 926 4700 potest
982 4628 1240 4683 omnibus
1288 4628 1631 4699 sapientibus
1691 4626 2045 4684 manifestum
2074 4628 2127 4689 D

472 4741 614 4791 esse,
651 4724 824 4792 legem
848 4721 993 4775 illam
1036 4734 1146 4774 non
1175 4734 1298 4775 esse
1327 4736 1359 4774 ιι
1407 4721 1540 4784 Deo,
1596 4736 1719 4790 qua:
1753 4729 1833 4775 tot
1883 4728 1941 4775 et
1962 4720 2045 4776 sic

469 4815 760 4871 manifesta
794 4811 1045 4867 continet
1078 4810 1383 4867 mendacia.
1434 4812 1798 4868 Inveniuntur
1858 4820 2043 4866 autem

469 4915 598 4977 post
629 4906 748 4961 haec
778 4912 835 4959 et
859 4902 967 4958 alia
996 4901 1246 4972 quaedam
1299 4903 1502 4957 absona
1529 4943 1545 4970 ,
1604 4919 1727 4973 quae
1782 4911 2045 4971 tanquam

472 5000 628 5053 ﬁrma
660 4995 924 5053 Saraceni
958 4993 1249 5060 allirmant,
1286 4996 1646 5074 translatae):
1685 4995 1959 5050 Alcorano
1987 4995 2045 5047 in

470 5092 695 5145 modum
723 5087 1106 5157 expositionis,
1139 5076 1720 5142 continentttr’autem
1757 5087 1934 5155 palam
1990 5083 2046 5139 in

470 5180 614 5236 libro
628 5180 919 5235 Mabometi
937 5178 1005 5232 de
1030 5178 1466 5248 expositionibus
1485 5180 1582 5251 (l):
1603 5182 1665 5234 ex
1694 5178 1897 5251 quibus
1921 5190 2045 5231 cum

473 5272 645 5327 multa
672 5270 804 5334 sint,
838 5283 1011 5351 pauca
1056 5268 1148 5324 hic
1182 5270 1650 5325 commemorabo.
1719 5269 1903 5324 Unum
1960 5277 2046 5322 est

472 5362 620 5431 quod
672 5359 829 5424 dicit,
859 5359 1008 5430 quod
1061 5372 1309 5416 creatum
1366 5362 1471 5416 fuit
1520 5361 1722 5417 caelum
1765 5375 1831 5414 ex
1870 5360 2048 5425 fumo,

472 5451 659 5508 l‘umus
688 5462 871 5508 autem
901 5468 968 5508 ex
999 5454 1349 5509 exhalatione
1390 5454 1588 5516 maris,
1655 5466 1808 5506 mare
1860 5460 2047 5505 autem

2227 4627 2392 4682 Ὅθεν
2435 4627 2658 4682 δύναται
2708 4630 2843 4682 πᾶσι
2891 4632 3073 4698 σοφοῖς
3118 4630 3369 4697 γενέσθαι
3412 4635 3725 4703 καταφανὲς

2153 4719 2245 4774 τὸν
2274 4720 2440 4789 νόμον
2471 4722 2678 4773 ἐκεῖνον
2710 4720 2786 4792 μὴ
2817 4716 2954 4774 εἶναι
2986 4724 3138 4790 παρὰ
3165 4721 3302 4776 Θεοῦ
3321 4762 3336 4786 ,
3366 4725 3599 4779 τοσαῦτα
3628 4727 3724 4779 καὶ

2152 4811 2298 4865 οὕτω
2337 4811 2472 4881 δῆλα
2515 4812 2837 4882 περιέχοντα
2874 4810 3068 4881 ψεύδη.
3105 4814 3462 4882 Εὑρίσκονται
3495 4816 3551 4869 δὲ
3585 4817 3724 4886 μετά

2151 4904 2323 4957 ταῦτα
2353 4902 2447 4955 καί
2469 4920 2590 4956 τινα
2620 4902 2756 4956 ἄλλα
2786 4905 3061 4977 ἀπᾴδοντα
3082 4947 3096 4973 ,
3124 4906 3268 4977 ἅπερ
3297 4907 3370 4970 ὡς
3402 4907 3597 4977 βέϐαια
3642 4909 3724 4962 6t-

2155 4995 2598 5064 ισχυρίζονταιοί
2642 4996 3017 5067 Σαρῤακηνοὶ,
3064 5001 3480 5070 μεταφερόμενα
3526 5004 3589 5055 ἐκ
3628 5002 3722 5055 τοῦ

2166 5087 2495 5163 Ἀλκοράνου
2525 5088 2837 5157 ἐξηγήσεως
2863 5092 3051 5160 τρόπῳ
3074 5106 3088 5122 ·
3124 5094 3465 5163 περιέχονται
3495 5095 3550 5147 δὲ
3577 5095 3728 5166 διαρ-

2158 5180 2327 5251 ρήδην
2368 5183 2428 5232 ὲν
2463 5181 2541 5249 τῷ
2582 5181 2709 5249 περὶ
2748 5179 3054 5251 διηγήσεων
3092 5181 3187 5235 τοῦ
3226 5184 3469 5253 Μωὰμεθ
3515 5184 3723 5255 βιϐλίῳ.

2158 5270 2251 5334 Ἐξ
2277 5263 2357 5321 ὧν
2384 5267 2596 5322 πολλῶν
2621 5266 2812 5333 ὄντων,
2844 5268 3043 5335 ὀλίγων
3077 5271 3310 5324 ἐνταῦθα
3344 5273 3723 5343 μνημονεύσω.

2150 5360 2248 5413 Ἐν
2279 5362 2427 5414 ἐστιν
2459 5361 2488 5413 ὃ
2518 5345 2703 5428 φησιν,
2736 5360 2819 5413 ὅτι
2849 5362 2876 5414 6
2909 5363 3127 5425 κτιστὸς
3155 5363 3383 5433 οὐρανὸς
3412 5367 3633 5433 γέγονεν
3660 5364 3725 5419 ὲκ

2149 5447 2359 5501 καπνοῦ
2384 5465 2399 5479 ·
2431 5450 2459 5501 6
2490 5448 2546 5500 δὲ
2581 5448 2787 5510 καπνὸς
2820 5453 2886 5501 ὲκ
2917 5451 3016 5520 τῆς
3049 5451 3469 5521 ἀναθυμιάσεως
3500 5453 3597 5522 τῆς
3631 5451 3725 5505 θα-

472 5556 541 5597 ex
576 5546 814 5615 quodam
848 5553 1033 5600 monte
1061 5546 1155 5615 qui
1187 5545 1340 5615 Caph
1370 5546 1701 5614 appellatur,
1747 5552 1802 5598 et
1845 5544 1893 5596 is
1943 5543 2040 5596 cir-

2148 5541 2353 5611 λόισσης
2379 5556 2392 5571 ’
2427 5541 2459 5608 ὴ
2492 5540 2546 5592 δὲ
2577 5541 2822 5595 θάλασσα
2846 5541 2911 5595 εκ
2938 5559 3082 5607 τινος
3111 5543 3272 5625 ὅρους
3305 5545 3429 5614 Κὺφ
3460 5544 3724 5612 καλωμέο

474 5637 652 5689 cumit
685 5646 858 5692 totum
893 5642 1083 5693 orbem
1113 5648 1408 5703 terrarum,
1457 5646 1510 5691 et
1555 5636 1795 5691 sustinet
1822 5635 2046 5690 caelum.

551 5794 626 5865 (l)
669 5796 716 5851 ls
746 5808 827 5852 est
857 5796 951 5866 qui
979 5796 1322 5860 inscribitur,
1375 5794 1447 5849 De
1481 5791 1731 5847 doctrina
1769 5772 2096 5847 Machuuiet.

2150 5652 2263 5699 νου,
2295 5632 2323 5685 δ
2352 5632 2744 5704 περιζώννυσιν
2770 5634 2900 5705 ὅλην
2926 5635 3022 5707 τὴν
3050 5636 3393 5708 οἰκουμένην,
3423 5638 3515 5690 καὶ
3548 5637 3723 5708 ἀνέχει
