4068 6460
372 378 531 481 ’μοι

1605 407 1906 467 CONTRA
1947 402 2453 468 MAHOMETEM.

3493 400 3631 467 1102

393 533 486 585 τὸν
516 524 764 599 οὐρανόν.
796 523 935 595 Φησὶ
968 522 1023 577 δὲ
1059 524 1152 575 καὶ
1181 520 1270 574 τὸν
1301 521 1449 590 ἥλιον
1481 520 1575 572 καὶ
1607 521 1705 585 τὴν
1736 519 1964 587 σελήνην

2074 517 2320 586 Dicitque
2354 518 2524 572 solem
2558 526 2610 573 et
2645 517 2830 571 lunam
2882 515 3107 585 aequalis
3140 514 3279 570 lucis
3330 525 3384 571 et
3414 516 3633 572 virtutis

399 626 520 677 ῑσου
555 620 734 689 φωτὸς
767 619 862 671 καὶ
894 616 1176 684 δυνάμεως
1210 612 1466 680 γενέσθαι
1486 648 1501 674 ,
1533 610 1626 662 καὶ
1695 609 1962 679 μηδεμίαν

318 712 327 717 ’
393 716 666 783 διάκρισιν
699 707 837 764 εἶναι
876 694 1089 779 μεταξίί
1112 705 1307 766 νυκτὸς
1341 704 1435 756 καὶ
1467 702 1702 773 ἡμέρας.
1738 699 1874 753 Ποτὲ
1907 700 1964 753 δὲ

397 804 701 870 πετομένου
746 799 838 851 τοῦ
892 797 1154 868 Γαϐριὴλ,
1204 795 1403 861 συνέϐη
1448 793 1507 845 τὸ
1559 793 1755 860 πτερὸν
1797 790 1962 844 αὑτοῦ

396 891 639 962 ἅψασθαι
682 891 780 959 τῆς
832 889 1084 959 σελήνης,
1130 886 1164 957 ἢ
1212 886 1304 938 καὶ
1353 882 1543 951 ὥσπερ
1589 882 1802 953 δρῶμεν
1844 881 1963 945 νῦν,

395 982 708 1052 ἐσκοτίσθη,
737 981 859 1033 Ἔτι
895 979 1031 1047 φησὶ
1058 978 1150 1030 τὸν
1183 977 1281 1046 μὲν
1312 976 1409 1029 σῦν
1438 974 1529 1026 τὸν
1559 974 1749 1043 ἄγριον
1776 975 1840 1024 ἐκ
1868 974 1965 1039 τῆς

396 1076 600 1144 κόπρου
627 1074 721 1125 τοῦ
749 1073 1037 1140 ἐλέφαντος
1062 1069 1410 1138 γεννηθῆναι,
1439 1064 1531 1119 τὸν
1555 1064 1611 1117 δέ
1641 1062 1746 1134 μῦν
1773 1064 1838 1115 ἐκ
1864 1062 1966 1132 τῆς

395 1167 603 1234 κόπρου
630 1164 725 1216 τοῦ
752 1164 953 1234 χοίρου.
978 1162 1077 1231 τὴν
1100 1162 1155 1212 δὲ
1180 1158 1353 1228 γαλῆν
1381 1159 1443 1210 ἐκ
1467 1155 1562 1209 τοῦ
1592 1154 1844 1225 μετώπου
1871 1151 1964 1204 τοῦ

392 1256 623 1318 λέοντος.
657 1254 857 1307 Τοῦτον
890 1255 943 1306 δὲ
973 1254 1062 1305 τὸν
1090 1248 1609 1321 τρπονοέξηγεῖται.
1628 1246 1828 1309 ,Ὄντος
1857 1244 1965 1314 γὰρ

392 1348 487 1400 τοῦ
516 1347 637 1400 Νῶε
667 1349 722 1398 ἐν
747 1349 811 1415 τῇ
840 1344 1057 1412 κιϐωτῷ
1085 1344 1221 1412 μετά
1246 1341 1352 1394 τῶν
1376 1339 1507 1392 υἱῶν
1530 1339 1621 1391 καὶ
1643 1336 1751 1390 τῶν
1775 1334 1928 1398 ζώων
1949 1375 1964 1401 ,

393 1437 483 1489 ὅτε
530 1434 664 1503 πρὸς
708 1436 985 1485 ἀπόπατον
1032 1431 1298 1499 ἐχώρουν,
1345 1426 1590 1480 ἐκλίνετο
1634 1427 1666 1493 ἠ
1713 1424 1965 1489 κιϐωτὸς,

396 1529 491 1581 καὶ
524 1527 754 1596 μάλιστα
782 1526 869 1578 ὅτε
898 1525 927 1576 6
953 1522 1149 1589 ἐλέφας
1181 1520 1360 1590 ἐπῄει,
1391 1520 1499 1573 Kal
1522 1517 1611 1569 διὰ.
1638 1517 1700 1569 τὸ
1726 1516 1848 1569 λίαν
1876 1531 1968 1583 φο-

395 1615 625 1675 ϐεῖσθαι,
646 1612 932 1682 ἠρώτησεν
954 1612 982 1662 ό
1004 1608 1126 1662 Νῶε
1147 1608 1236 1661 τὸν
1259 1607 1360 1659 Θεό
1374 1627 1412 1661 ι.
1438 1607 1532 1667 Ὃς
1554 1605 1680 1675 ἐφη,
1705 1603 1965 1667 Ἀπελθε,

395 1706 492 1760 καὶ
527 1706 906 1774 προσκύνησον
938 1701 1029 1754 τὸν
1063 1699 1314 1769 πρωκτὸν
1346 1696 1512 1751 αὐτοῦ
1551 1696 1685 1767 πρὸς
1719 1697 1787 1765 τῇ
1821 1695 1927 1764 όπῇ
1948 1733 1964 1760 ,

397 1796 457 1862 ἐξ
502 1791 572 1867 ῆς
619 1797 865 1865 πρόεισιν
909 1795 943 1860 ἡ
992 1792 1219 1862 κόπρος.
1263 1783 1341 1844 Ob
1389 1788 1704 1858 γενομένου,
1749 1785 1866 1856 ἄμα
1905 1800 1965 1836 τε

2067 610 2256 676 fuisse,
2293 620 2348 664 et
2370 610 2571 664 nullam
2602 609 2988 665 discretionem
3018 624 3137 665 esse
3164 610 3305 664 inter
3335 619 3551 665 noctem
3579 623 3631 667 et

2068 703 2237 757 diem.
2274 703 2584 771 Aliquando
2614 711 2797 756 autem
2833 702 3053 766 accidit,
3090 703 3234 771 quod
3264 702 3395 757 dum
3424 703 3637 759 volaret

2066 790 2306 854 Gabriel,
2336 790 2418 844 ala
2448 792 2568 861 ejus
2602 791 2787 844 lunam
2814 791 3072 860 tetigerit,
3105 806 3226 861 quae
3248 800 3304 845 et
3324 791 3469 846 sicut
3489 806 3636 846 nunc

2070 881 2340 944 videmus,
2393 883 2685 936 obscurata
2712 891 2817 937 est.
2845 882 2979 936 ltem
3012 883 3170 943 dicit,
3198 891 3254 937 et
3283 897 3437 938 suem
3474 898 3636 953 agre-

2067 981 2205 1025 stem
2241 988 2309 1026 ex
2355 982 2598 1027 stercore
2650 973 2960 1042 elephantis
2987 984 3175 1027 natum
3208 988 3332 1029 esse
3354 1013 3368 1038 ,
3421 989 3634 1029 murem

2069 1075 2250 1119 autem
2278 1080 2341 1119 ex
2388 1074 2630 1120 stercore
2658 1066 2834 1135 porci,
2889 1075 3095 1119 cattum
3123 1075 3308 1120 autem
3359 1080 3426 1120 ex
3455 1065 3635 1122 fronte

2068 1157 2265 1212 leonis.
2301 1155 2415 1212 Hoc
2442 1172 2624 1212 autem
2659 1159 2764 1211 isto
2787 1159 2950 1212 modo
2974 1159 3291 1228 exponitur.
3318 1158 3454 1214 Cum
3488 1161 3634 1214 enim

2066 1246 2182 1301 Noe
2210 1258 2356 1302 esset
2381 1248 2435 1301 in
2462 1263 2589 1302 arca
2620 1263 2746 1302 cum
2778 1248 2906 1303 ﬁliis
2936 1257 2991 1301 et
3024 1249 3380 1313 animalibus,
3410 1250 3636 1319 quando

2068 1337 2137 1392 ad
2161 1338 2417 1399 latrinam
2449 1348 2820 1405 secesserunt,
2858 1339 3122 1393 inclinata
3155 1348 3241 1393 est
3266 1354 3412 1404 arca,
3438 1350 3494 1395 et
3520 1356 3642 1394 ma-

2072 1429 2218 1484 xime
2263 1430 2485 1499 quando
2510 1430 2736 1500 elephas
2763 1430 2974 1484 aderat.
3034 1430 3099 1484 Et
3153 1440 3440 1500 propterea
3489 1430 3638 1500 quod

2070 1518 2224 1573 valde
2253 1519 2456 1584 timuit,
2488 1519 2768 1573 consuluit
2797 1518 2913 1573 Noe
2948 1519 3137 1574 Deum.
3185 1519 3287 1585 Qui
3318 1520 3457 1574 dixit
3486 1539 3499 1574 :
3534 1520 3643 1575 Re-

2068 1611 2225 1671 cede,
2269 1618 2326 1665 et
2363 1609 2530 1665 adora
2565 1611 2814 1679 podicem
2844 1610 2968 1681 ejus
2995 1609 3061 1665 ad
3087 1610 3355 1674 foramen,
3410 1627 3477 1665 ex
3525 1626 3638 1681 quo

2069 1700 2323 1769 provenit
2360 1711 2594 1757 stercus.
2630 1700 2751 1767 Quo
2780 1702 2924 1756 facto
2980 1701 3144 1756 simul
3175 1700 3343 1757 exivit
3398 1711 3636 1769 stercus,

2069 1800 2125 1847 et
2155 1806 2280 1847 cum
2299 1808 2366 1848 eo
2395 1809 2594 1862 porcus
2623 1793 2781 1848 valde
2808 1806 3058 1863 magnus,
3090 1794 3248 1864 cujus
3281 1803 3460 1848 rostro
3497 1802 3640 1849 ster-

394 1854 607 1959 éﬁ'ﬁslvij
637 1854 870 1958 κόπρος,
900 1854 997 1939 κάὶ
1023 1854 1121 1939 σὺν
1147 1885 1285 1953 αὐτῇ
1314 1854 1498 1951 χοῖρος
1522 1854 1800 1948 *μέγιστος*
1817 1876 1965 1942 λίαν,

2074 1898 2202 1938 cora
2229 1884 2394 1953 (sicut
2423 1887 2731 1956 consuevit)
2755 1886 3071 1949 ell‘odiente,
3099 1901 3222 1941 mus
3253 1896 3416 1940 natus
3448 1895 3555 1951 est,
3583 1895 3641 1941 et

376 1974 560 2049 ,οῦτῷ
595 1978 787 2048 ῥύγχει
814 1978 910 2039 τὰς
937 1976 1178 2045 κόπρους
1212 1973 1322 2045 (ὠς
1348 1969 1576 2040 εἴωθεν)
1606 1968 1932 2040 ὀρύσσοντος
1951 2007 1971 2033 ,

396 2072 424 2124 6
456 2071 559 2139 μῦς
591 2068 893 2137 ἐγεννήθη,
926 2067 1020 2119 καὶ⁵
1051 2064 1255 2136 ἤρξατο
1283 2061 1594 2117 κατεσθίειν
1608 2060 1720 2137 κτὰς
1753 2057 1970 2119 σανίδας

399 2163 499 2232 τῆς
547 2159 812 2215 κιϐωτοῦ.
857 2159 967 2213 Kal
1008 2160 1132 2210 τότε
1179 2156 1413 2226 μάλιστα
1456 2150 1824 2222 ἐφοϐήθησαν.
1865 2147 1971 2202 Καὶ

274 2289 305 2331 ³-
397 2254 754 2324 ἐπερωτήσας
785 2254 813 2304 ό
844 2249 968 2304 Νῶε
1001 2250 1095 2302 τὸν
1126 2247 1356 2318 Κύριον,
1386 2244 1625 2307 ἐπάταξε
1658 2245 1749 2295 τὸν
1781 2241 1969 2294 λέοντα

395 2348 455 2399 ἐν
480 2345 558 2416 τῷ
594 2332 850 2415 μετώπῳ.
879 2343 990 2396 Καὶ
1020 2339 1212 2409 ἐξῆλθε
1244 2337 1386 2407 γαλῆ
1418 2336 1506 2389 διά
1533 2336 1641 2387 τῶν
1675 2337 1970 2405 μυκτήρων

397 2438 583 2491 αὐτοῦ.
618 2434 730 2489 Καὶ
761 2434 965 2503 ταύτην
999 2429 1139 2485 εἷναί
1175 2447 1309 2500 φησι
1344 2430 1445 2498 τὴν
1477 2428 1678 2489 αἰτίαν,
1711 2424 1779 2478 δι’
1802 2426 1869 2495 ἢν
1901 2425 1970 2478 τὰ

396 2525 490 2580 τοῦ
518 2526 704 2596 χοίρου
731 2528 868 2596 κρέα
894 2522 1180 2592 ἀκάθαρτα
1208 2518 1348 2574 εἶναι
1375 2520 1529 2589 φασί.
1557 2518 1696 2588 Φησὶ
1721 2519 1777 2572 δὲ
1806 2518 1969 2572 πάλιν

396 2618 455 2671 ἐν
487 2618 566 2689 τῷ
605 2615 788 2687 αὐτῷ,
823 2617 905 2670 ὅτι
941 2617 970 2668 6
1002 2614 1137 2677 Θεὸς
1170 2613 1306 2684 πρὸς
1342 2612 1421 2682 τῷ
1453 2612 1598 2665 τέλει
1628 2610 1724 2664 τοῦ
1760 2611 1968 2681 κόσμου

396 2708 685 2760 ἀποκτενεῖ
713 2705 898 2758 πᾶσαν
931 2702 1105 2756 κτίσιν
1126 2742 1141 2767 ,
1172 2703 1268 2754 καὶ⁷
1294 2702 1419 2762 τοὺς
1446 2699 1711 2768 ἀγγέλους
1744 2700 1839 2751 καὶ
1867 2700 1968 2767 ἀρ-

398 2797 696 2868 χαγγέλους
717 2831 737 2865 ,
765 2794 864 2849 καὶ
890 2777 1045 2848 οὐδὲν
1074 2790 1539 2861 ὑπολειφθήσεται
1571 2791 1680 2855 ζῶν
1708 2789 1848 2861 πλὴν
1874 2788 1977 2843 τοῦ

396 2889 534 2943 Θεοῦ
566 2887 661 2942 καὶ
688 2887 783 2941 τοῦ
813 2887 1068 2941 θανάτου·
1100 2885 1160 2949 ὃς
1185 2885 1335 2937 ἐστιν
1365 2882 1598 2952 ἄγγελός
1623 2898 1708 2946 τις
1738 2881 1971 2951 λεγόμε-

397 2998 486 3043 νος
521 2980 756 3051 ’Δδριήλ.
785 2979 895 3032 Καὶ
923 2979 1045 3032 τότε
1079 2977 1376 3030 ἐντελεῖται
1410 2975 1612 3044 Κύριος
1641 2973 1721 3045 τῷ
1753 2973 1972 3045 Ἀδριὴλ

400 3076 720 3129 ἀποκτεῖναι
754 3070 968 3126 ἑαυτόν.
1003 3063 1077 3124 Οῦ
1117 3070 1453 3138 γενομένου,
1488 3066 1732 3137 φωνήσει
1768 3065 1974 3136 Κύριος

401 3169 550 3237 φωνῇ
584 3165 798 3237 μεγάλῃ
818 3204 835 3232 ,
866 3162 964 3217 καὶ
993 3164 1146 3233 ἐρεῖ·
1180 3159 1290 3215 Ποῦ
1325 3163 1462 3213 εἰσιν
1493 3160 1542 3211 οἱ
1573 3158 1848 3229 σατράπαι
1874 3157 1969 3211 τοῦ
1996 3202 2040 3261 C

402 3259 608 3329 κόσμου
634 3256 727 3311 καὶ
754 3257 804 3309 οί
835 3255 1132 3326 ἀρχοντες;
1162 3254 1275 3307 Kal
1306 3250 1445 3321 μετά
1473 3250 1647 3304 ταῦτα
1676 3250 1969 3320 ἀναστήσει

403 3349 598 3403 πάντα.
625 3346 799 3409 Αὐτός
826 3361 887 3398 τε
915 3343 1076 3398 πάλιν
1103 3345 1131 3396 6
1156 3339 1455 3412 Μαχούμετ
1486 3343 1708 3410 ἐποίησε
1741 3340 1968 3411 βιϐλίον,

400 3439 534 3492 ὅπου
585 3436 792 3507 ἔγραψε
839 3433 1073 3503 δώδεκαέ
1097 3431 1341 3503 χιλιάδας
1389 3430 1566 3499 λόγων
1615 3430 1968 3502 θαυμαστῶν.

400 3526 799 3598 Θαυμαζόντων
841 3524 900 3579 δὲ
941 3524 1037 3579 καὶ
1082 3521 1418 3595 ζητούντων,
1467 3524 1516 3575 εί
1565 3523 1744 3576 πάντα
1788 3523 1972 3576 ἐκεῖνα

403 3621 576 3690 ἀληθῆ
607 3618 749 3685 εἶεν,
781 3618 1116 3688 ἀπεκρίνατο
1147 3615 1283 3687 μόνα
1308 3615 1378 3669 τὰ
1406 3613 1680 3685 τρισχίλια
1710 3613 1972 3681 ἀλήθειαν

402 3717 567 3787 ἔχειν,
612 3714 681 3768 τὰ
720 3711 765 3766 δ’
793 3711 926 3766 ἄλλα
964 3709 1138 3781 ψευδῆ
1181 3704 1342 3764 εἶναι.
1373 3709 1542 3761 Ὅταν
1582 3707 1761 3761 τοίνυν
1798 3709 1858 3760 ἐν
1894 3705 1973 3777 τῷ

404 3807 786 3877 προειρημένῳ
818 3801 1005 3872 βιϐλίῳ
1033 3800 1225 3869 ψευδές
1251 3817 1304 3853 τι
1335 3798 1841 3869 καταλαμϐάνηται,
1870 3813 1973 3867 φα-

408 3898 491 3952 σὶν
518 3895 573 3965 οἱ
607 3892 951 3965 Μρῤακηνοὶ
987 3891 1084 3944 καὶ
1114 3889 1273 3944 τοῦτο
1308 3889 1399 3954 τὸν
1432 3887 1731 3958 Μαχούμετ
1760 3888 1969 3954 εἰπεῖν,

406 3989 483 4060 μὴ
517 3962 701 4042 πάντα
739 3984 880 4040 εἶναι
917 3981 1117 4052 ἀληθῆ,
1148 3977 1286 4034 εἶναι
1323 3980 1382 4037 δὲ
1421 3980 1515 4033 καὶ
1547 3979 1705 4034 τοῦτο
1745 3978 1803 4045 ἐξ
1841 3976 1976 4031 ἐκεῖ.

407 4098 512 4134 νων
538 4096 553 4113 ο
595 4081 655 4131 τὸ
694 4077 739 4132 δ’
770 4076 1065 4130 ὑπόλοιπον
1103 4073 1226 4126 ὅλον
1265 4072 1324 4124 ἐν
1360 4073 1425 4141 τῇ
1466 4069 1659 4124 ἐαυτοῦ
1701 4069 1848 4140 ἰσχύϊ
1885 4070 1973 4123 ἀεὶ

405 4171 704 4247 διαμένειν.
740 4168 911 4222 Τοῦτο
943 4165 1184 4219 πιστεύω
1218 4163 1344 4227 τοὺς
1376 4161 1766 4233 Σαρρακηνοὺς
1798 4160 1974 4213 ποιεῖν

405 4267 503 4320 καὶ
546 4267 640 4318 ἐπὶ
680 4262 774 4317 τοῦ
812 4257 1153 4325 Ἀλκοράνου.
1197 4257 1261 4309 El
1306 4255 1415 4324 γὰρ
1458 4255 1549 4307 καὶ
1593 4251 1763 4305 πολλά
1802 4249 1971 4320 ψευδῆ

408 4354 919 4426 καταλαμϐάνονται
951 4353 1009 4404 ἐν
1041 4347 1190 4418 αὐτῷ
1214 4388 1229 4412 ,
1266 4347 1415 4416 ὅμως
1447 4344 1535 4400 διά
1564 4361 1684 4398 τινα
1718 4343 1975 4415 περιεχό-

412 4464 549 4520 μενοι
570 4451 627 4502 ἐν
649 4445 798 4514 αύτῷ
823 4443 1019 4515 ἀληθῆ,
1044 4441 1234 4510 ὥσπερ
1256 4440 1392 4494 Θεοῦ
1417 4441 1571 4508 λόγος
1595 4437 1820 4504 τιμᾶται
1845 4431 1974 4505 παρ’

2069 1975 2490 2044 incepitrodere
2512 1976 2729 2032 tabulas
2755 1992 2911 2033 arcae.
2937 1977 3006 2032 Et
3029 1987 3159 2033 tunc
3184 1978 3421 2032 maxime
3443 1980 3641 2034 timue-

2070 2076 2219 2122 runt.
2256 2064 2685 2138 lit-interrogans
2713 2069 2828 2124 Noe
2866 2070 3183 2136 Dominum,
3228 2072 3497 2141 percussit
3523 2070 3641 2126 leo-

2069 2160 2192 2213 nem
2238 2159 2293 2213 in
2321 2158 2524 2214 fronte.
2549 2159 2617 2215 Et
2640 2161 2808 2216 exivit
2836 2162 3069 2216 mustela
3087 2160 3165 2231 (l)
3186 2177 3288 2232 per
3311 2178 3472 2219 nares
3494 2165 3637 2236 ejus.

2072 2250 2136 2304 Et
2172 2250 2315 2331 hanc
2349 2251 2542 2305 dicunt
2570 2266 2693 2307 esse
2723 2248 2971 2315 causam‘,
3003 2261 3228 2322 propter
3255 2267 3418 2322 quam
3449 2267 3645 2309 carnes

2072 2342 2224 2410 porci
2261 2357 2371 2396 non
2405 2342 2587 2398 licitas
2616 2357 2741 2399 esse
2775 2341 2987 2398 dicunt.
3059 2342 3204 2398 Dicit
3238 2352 3419 2398 autem
3449 2359 3646 2400 rursus

2070 2432 2125 2485 in
2156 2433 2349 2488 eodem
2385 2435 2647 2503 capitulo,
2674 2435 2819 2504 quod
2853 2435 2997 2490 Deus
3020 2437 3075 2505 in
3107 2436 3212 2490 line
3238 2434 3426 2489 mundi
3450 2435 3647 2491 interi-

2070 2536 2182 2582 met
2209 2541 2427 2582 omnem
2454 2536 2788 2595 creaturam,
2824 2537 2880 2583 et
2903 2529 3144 2599 angelos,
3185 2538 3243 2584 et
3266 2527 3644 2597 archangelos,

2069 2627 2126 2674 et
2155 2619 2295 2673 nihil
2324 2619 2602 2690 relinquet
2627 2620 2820 2675 vivens
2847 2629 3047 2689 praeter
3085 2620 3257 2675 Deum
3303 2629 3360 2674 et
3389 2629 3647 2684 mortem,

2071 2727 2196 2781 quae
2220 2722 2306 2768 est
2331 2714 2559 2784 angelus
2587 2713 2833 2783 quidam,
2862 2713 2954 2783 qui
2978 2712 3182 2768 dicitur
3209 2712 3419 2767 Adriel.
3488 2711 3648 2767 Tune

2074 2804 2362 2861 mandabit
2394 2805 2654 2861 dominus
2679 2805 2911 2869 Adrieli,
2978 2815 3040 2859 ut
3066 2804 3351 2858 interimat
3380 2804 3648 2873 seipsum.

2074 2895 2194 2962 Quo
2213 2896 2376 2962 facto,
2397 2897 2655 2952 clamabit
2674 2897 2940 2952 Dominus
2971 2911 3105 2952 voce
3127 2910 3342 2966 magna,
3372 2905 3429 2950 et
3457 2894 3603 2950 dicet
3630 2937 3645 2953 .

2073 2987 2176 3043 Ubi
2205 2997 2335 3043 sunt
2363 2996 2597 3057 satrapae
2631 2988 2821 3043 mundi
2845 2997 2913 3043 et‘
2933 2985 3248 3058 principes?
3276 2986 3344 3041 Et
3376 2993 3501 3056 post
3530 2986 3651 3041 haec

2072 3088 2362 3148 resurgent
2396 3077 2604 3133 omnia.
2667 3077 2898 3148 Ipseque
2929 3092 3125 3132 rursus
3153 3076 3490 3132 Mahometus
3518 3078 3650 3134 fecit

2074 3169 2300 3235 librum,
2334 3170 2390 3225 in
2419 3185 2531 3241 quo
2556 3170 2781 3241 scripsit
2812 3169 3108 3225 duodecim
3142 3169 3315 3224 millia
3342 3170 3643 3225 verborum

2076 3242 2430 3317 mirabilium.
2462 3261 2791 3317 Mirantibus
2824 3270 3009 3316 autem
3036 3269 3093 3317 et
3120 3261 3495 3332 quaerentibus
3522 3262 3648 3332 qui-

2075 3352 2334 3413 busdam.
2377 3358 2422 3408 sl
2458 3353 2639 3408 omnia
2690 3352 2783 3407 illa
2825 3368 2956 3408 vera
3006 3353 3171 3407 sunt?
3207 3353 3491 3422 respondit
3529 3352 3646 3406 sola

2074 3446 2185 3500 tria
2209 3444 2386 3499 millia
2409 3445 2696 3499 veritatem
2724 3444 2948 3509 habere,
2979 3444 3084 3498 alia
3117 3455 3301 3499 autem
3331 3443 3464 3499 falsa
3502 3459 3645 3499 esse.

2073 3536 2304 3604 Quando
2335 3537 2505 3607 igitur
2534 3540 2589 3590 in
2628 3536 2894 3607 praedicto
2946 3537 3087 3592 libro
3134 3536 3332 3591 falsum
3372 3538 3646 3606 quoddam

2074 3628 2530 3700 deprehenditur,
2580 3628 2774 3685 dicunt
2802 3629 3084 3689 Saraceni,
3135 3639 3192 3684 et
3235 3629 3340 3684 hoc
3369 3630 3651 3684 Mahome-

2079 3729 2199 3774 tum
2239 3718 2462 3781 dixisse,
2488 3734 2596 3774 non
2636 3728 2819 3774 tamen
2846 3719 3030 3774 omnia
3078 3734 3201 3774 esse
3236 3734 3388 3786 vera,
3447 3730 3501 3774 et
3544 3718 3651 3775 hoc

2075 3826 2144 3867 ex
2183 3813 2291 3867 illis
2318 3828 2477 3878 esse;
2513 3813 2805 3891 reliquum
2826 3821 3006 3867 autem
3039 3821 3213 3865 totum
3246 3812 3300 3866 in
3323 3827 3423 3866 suo
3451 3814 3652 3867 robore

2074 3902 2425 3974 permanere.
2455 3902 2636 3959 Credo
2658 3903 2822 3957 etiam
2857 3900 3001 3958 idem
3047 3902 3231 3959 facere
3265 3905 3564 3961 Saracenos
3592 3905 3651 3959 in
3686 3916 3695 3925 ‘

2074 3993 2367 4048 Alcorano.
2393 3992 2509 4048 Etsi
2532 3994 2677 4047 enim
2709 3993 2878 4047 multa
2916 3991 3197 4048 mendacia
3226 3992 3649 4062 deprehendun-

2077 4092 2167 4139 tur
2182 4086 2237 4139 in
2256 4099 2346 4150 eo,
2367 4093 2547 4139 tamen
2573 4092 2800 4155 propter
2818 4085 3088 4154 quaedam,
3120 4101 3244 4156 quae
3263 4086 3315 4141 in
3338 4085 3456 4156 ipso
3473 4087 3650 4142 conti-

2079 4186 2306 4242 nentur,
2328 4192 2482 4241 vera,
2509 4177 2654 4232 sicut
2702 4177 2799 4232 Dei
2826 4178 3078 4240 verbum,
3117 4180 3170 4232 in
3199 4178 3379 4249 pretio
3410 4179 3648 4244 habetur

2082 4269 2227 4339 apud
2252 4284 2368 4323 eos.
2412 4269 2627 4323 Dictum
2658 4279 2943 4324 estautem
2985 4270 3148 4325 nobis
3192 4271 3469 4340 superius,
3499 4273 3648 4342 quod

2079 4362 2226 4421 sicut
2288 4359 2419 4416 dicit
2444 4361 2814 4430 Augustinus:
2875 4360 3156 4429 Si.unum
3190 4362 3368 4418 solum
3421 4363 3647 4418 verbum

2079 4445 2279 4502 falsum
2327 4448 2384 4502 in
2438 4448 2734 4519 Evangelio
2794 4451 3160 4517 inveniretur,
3211 4452 3421 4522 justum
3480 4463 3647 4521 esset,

411 4541 614 4603 αὐτοῖς.
648 4539 875 4609 Εἴρηται
909 4535 967 4590 δὲ
1001 4535 1133 4604 ἡμῖν
1164 4532 1454 4603 ἀνωτέρω,
1484 4531 1567 4584 ὅτι
1597 4528 1776 4592 καθώς
1812 4544 1975 4598 φησιν

2082 4541 2228 4610 quod
2256 4549 2430 4596 totum
2487 4542 2841 4625 Evangelium
2896 4543 3154 4599 frivolum
3190 4554 3247 4600 et
3278 4560 3480 4600 vanum
3535 4547 3653 4603 exi-

411 4633 793 4702 Αύγουστῖνος,
820 4628 884 4682 Εί
916 4626 1075 4699 μόνον
1097 4620 1177 4689 εἷς
1202 4624 1357 4693 λόγος
1386 4623 1588 4694 ψευδὴς
1614 4623 1673 4675 ἐν
1699 4620 1778 4692 τῷ
1803 4620 1979 4690 Εὐαγ-

409 4725 577 4797 γελίῳ
603 4724 911 4797 εὑρίσκετο,
942 4716 1012 4792 ἦν
1041 4719 1106 4774 ἀν
1136 4717 1322 4773 δικαία
1350 4717 1500 4771 αἰτία
1528 4716 1622 4770 τοῦ
1651 4716 1712 4769 τὸ
1742 4714 1982 4784 Εὐαγγέο

406 4819 523 4873 λιον
552 4819 674 4873 ὅλον
709 4817 935 4887 μάταιον
965 4809 1281 4882 λογίζεσθαι
1314 4812 1406 4863 καὶ
1443 4808 1706 4880 μυθῶδες.
1746 4806 1888 4876 Ἐγὼ
1921 4806 1979 4862 δὲ

409 4911 641 4983 βεϐαίως
673 4909 923 4980 ᾐσθόμην
943 4945 960 4972 ,
996 4908 1078 4961 ὃτι
1109 4905 1218 4958 τῶν
1252 4902 1622 4972 Σαμακηνῶν
1653 4903 1702 4954 οἱ
1741 4900 1977 4969 μάλιστα

410 5003 565 5073 σοφοὶ
595 5001 688 5055 καὶ
717 4999 1061 5071 γραμμάτων
1090 4996 1307 5068 ἔχοντες
1338 4997 1534 5065 πεῖραν
1561 4995 1622 5047 οὐ
1656 4992 1972 5047 πιστεύουσι

407 5098 519 5158 τοῖς
544 5093 640 5149 τοῦ
675 5091 1003 5160 ’Δλκοράνου
1031 5089 1234 5159 λόγοις,
1260 5088 1396 5141 ἀλλά
1423 5086 1484 5139 τὸ
1513 5085 1739 5155 πλάσμα
1767 5084 1867 5155 τῆς
1894 5085 1975 5159 διο

412 5185 709 5248 δασκαλίας
738 5182 922 5243 αὐτοῖς
949 5179 1474 5249 ἀποκεκαλυμμένον
1497 5176 1636 5233 ἐστί.
1665 5179 1898 5248 Σημεῖον
1921 5176 1977 5229 δὲ

412 5282 475 5336 τδ
510 5281 623 5343 τοῖς
664 5276 849 5339 ἄλλοις
891 5276 1075 5344 σοφοῖς
1120 5274 1317 5336 αὐτοὺς
1359 5271 1595 5342 δημοσίᾳ
1633 5269 1980 5337 διαλέγεσθαι

413 5368 826 5443 παραιτεῖσθαι,
880 5366 1070 5437 ὥσπερ
1121 5364 1233 5433 ἐγὼ
1281 5363 1370 5448 διά
1416 5363 1515 5433 τῆς
1562 5363 1761 5433 πείρας
1810 5361 1983 5432 ἔγνων

416 5461 608 5531 αὐτῆς.
641 5461 752 5516 Kal
784 5458 916 5514 αὐτὸ
947 5457 1005 5511 δὲ
1034 5456 1096 5510 τδ
1126 5455 1452 5525 Ἀλκοράνον
1483 5456 1542 5506 οὐ
1580 5452 1858 5523 βούλονται
1892 5453 1984 5521 δη-

415 5551 798 5625 μοσιεύεσθαιο
843 5550 1183 5619 σφοδρότατα
1227 5547 1338 5618 γὰρ
1386 5545 1646 5617 ἄχθονται
1689 5543 1782 5596 ὑπ’
1809 5542 1984 5599 ἀλλων

412 5644 927 5716 ἀναγινωσκομένων
947 5683 964 5712 ,
998 5643 1094 5699 καὶ
1125 5640 1383 5712 οὐδαμῶς
1420 5638 1698 5693 ἐθέλουσιν
1730 5638 1811 5699 είς
1845 5635 1983 5691 ἄλλα

2077 4632 2402 4686 stimaretur
2428 4642 2483 4688 et
2509 4633 2844 4689 fabulosum.
2872 4636 2987 4706 Ego
3014 4644 3197 4691 autem
3223 4637 3455 4694 ﬁrmiter
3478 4640 3649 4707 sensi,

2078 4724 2224 4795 quod
2260 4724 2665 4782 Saracenorum
2694 4728 2931 4783 maxime
2957 4730 3261 4799 sapientes,
3297 4742 3350 4785 et
3381 4732 3478 4802 qui
3502 4732 3653 4790 litte-

2078 4832 2262 4871 rarum
2299 4817 2554 4887 peritiam
2596 4819 2831 4883 habent,
2885 4821 3067 4878 verbis
3128 4823 3385 4878 Alcorani
3443 4827 3654 4883 nullam

2079 4909 2345 4965 adhibent
2366 4911 2552 4977 fidem,
2596 4914 2690 4966 sed
2748 4911 3025 4970 fictionem
3056 4915 3323 4972 doctrinm
3349 4918 3469 4989 ejus
3496 4934 3657 4975 aver-

2083 5009 2226 5057 tunt.
2253 5000 2481 5072 Signum
2511 5013 2694 5058 autem
2729 5004 2915 5076 hujus,
2948 5007 3093 5076 quod
3127 5022 3252 5063 cum
3286 5010 3409 5064 aliis
3441 5011 3657 5080 sapien-

2085 5091 2237 5146 tibus
2264 5091 2319 5145 hi
2356 5091 2572 5160 publice
2604 5092 2890 5164 disputare
2914 5106 3191 5161 recusant,
3243 5097 3388 5152 sicut
3428 5113 3530 5168 ego
3558 5112 3657 5168 per

2087 5182 2488 5251 esperientiam
2542 5184 2714 5255 ipsam
2758 5176 3022 5256 cognovi.
3070 5188 3140 5242 Et
3196 5189 3377 5258 ipsum
3434 5190 3656 5245 Alcora-

2088 5289 2221 5330 num
2252 5274 2307 5329 in
2365 5276 2607 5332 medium
2659 5276 2845 5332 afferri
2898 5279 3128 5345 nolunt;
3176 5281 3656 5336 vehementissime

2081 5367 2229 5421 enim
2293 5368 2607 5435 tristantur,
2660 5383 2786 5425 cum
2843 5371 2914 5425 ab
2972 5371 3096 5427 aliis
3158 5372 3383 5443 legitur,
3447 5384 3500 5428 et
3552 5387 3653 5427 ne-

2082 5456 2356 5525 qanuam
2412 5455 2604 5511 volunt
2661 5456 2716 5511 in
2770 5457 2908 5537 alias
2973 5459 3189 5528 linguas
3242 5458 3422 5527 ipsum
3478 5470 3656 5512 trans-

2083 5548 2242 5604 ferri.
2296 5547 2513 5605 Scimus
2565 5558 2772 5617 autem,
2825 5552 2971 5620 quod
2996 5565 3195 5621 purum
3250 5564 3445 5605 aurum
3472 5565 3654 5621 neque

2084 5652 2283 5709 aquam
2315 5641 2510 5710 (timet,
2540 5654 2722 5713 neque
2748 5642 2949 5712 ignem.
2980 5642 3048 5696 Et
3088 5637 3313 5712 propter
3359 5642 3465 5696 hoc
3491 5637 3653 5697 Chri-

484 5833 566 5905 (Ι)
595 5831 809 5890 Cattus.
839 5831 920 5887 Ita
940 5824 1091 5886 enim
1121 5826 1288 5883 habet
1312 5824 1465 5881 liber
1494 5824 1571 5880 De
1591 5824 1738 5881 doct.
1773 5824 2103 5880 Maeliumet.
