4068 6456
477 315 617 383 1103
1747 338 1902 399 ΒΕΜ
1913 339 2045 400 ΕἸἜ

2169 340 2490 402 CYDONII
3277 321 3285 329 ’
3605 354 3742 421 1104

426 442 433 455 ‘
472 435 643 492 sliani
674 437 893 493 veritati
919 439 1016 495 Dei
1041 440 1407 503 confidentes.
1463 460 1586 512 quae
1634 442 1940 502 fortis~ima
1974 462 2045 504 es1

2164 450 2471 521 γράμματα
2499 454 2593 507 καὶ
2618 454 2931 523 διαλέκτους
2954 458 3088 514 αὐτὸ
3112 459 3536 531 μεταφέρεσθαι.
3556 465 3742 535 Ἵσμεν

473 536 528 581 et
571 539 759 584 manet
792 531 847 584 in
872 543 1166 599 :eternum,
1201 534 1440 589 libenter
1493 536 1561 591 de
1593 535 1887 609 Evangrlio
1931 557 2045 594 cun

2157 537 2236 603 δὲ,
2260 540 2345 592 ὅτι
2367 540 2427 593 τὸ
2451 541 2692 611 καθαρὸν
2715 544 2937 614 χρυσίον
2958 544 3083 600 οὔτε
3107 548 3167 600 τὸ
3191 547 3336 620 ὕδωρ
3359 550 3595 605 δέδοικεν
3616 531 3741 607 οῦτε

474 617 598 673 aliis
657 620 980 676 nationibus
1035 623 1340 694 disputant,
1399 636 1456 681 et
1502 629 1744 698 gaudent
1778 645 1903 684 cum
1938 631 2045 685 alii:

2160 630 2227 684 τὸ·
2259 631 2392 702 πῦρ.
2430 633 2541 684 Καὶ
2581 632 2671 686 διὰ
2704 636 2865 689 τοῦτο
2896 637 2946 689 οί
2984 617 3339 709 Χριστιανοὶ,
3371 644 3437 712 τῇ
3473 642 3567 696 τοῦ
3604 643 3741 697 Θεοῦ

477 712 801 769 nationibus
858 714 1163 784 disputare,
1226 726 1280 769 et
1331 722 1570 788 gaudent
1621 736 1745 776 cum
1811 722 1881 777 ab
1939 725 2045 779 alii:

2161 722 2392 795 ἀληθείᾳ
2439 722 2792 797 θαρροῦντες,
2842 728 3169 809 ἰσχυροτάτῃ
3212 747 3272 784 τε
3322 729 3455 803 οῦσῃ
3506 734 3601 787 καὶ
3649 751 3744 804 με-

479 803 799 859 nationibus
852 805 1073 875 legitur,
1118 807 1544 878 desideranlque
1571 811 1748 880 ipsum
1801 815 2045 869 omnibus

2165 814 2333 888 νούσῃ
2363 817 2441 878 εἰς
2470 817 2562 869 τὸν
2574 819 2800 885 αἰῶνα,
2832 803 3090 888 ἀσμένως
3122 823 3251 892 περὶ
3282 822 3377 876 τοῦ
3408 803 3747 893 Εὐαγγελίου

474 895 775 964 publicari,
798 897 927 951 etin
963 898 1099 952 alias
1128 900 1342 971 linguas
1378 902 1687 967 transferri,
1726 914 1783 959 et
1807 921 1916 960 non
1967 907 2045 961 lit-

2161 910 2274 971 τοῖς
2316 909 2501 973 ἄλλοις
2545 911 2728 978 γένεσι
2772 911 3136 981 διαλέγονται,
3181 917 3276 967 καὶ
3323 917 3603 986 χαίρουσιν
3647 918 3742 971 ὑπ’

474 983 614 1042 teris
639 987 840 1051 solum.
870 988 965 1044 sed
999 988 1165 1044 etiam
1197 993 1495 1060 scripturis
1556 995 1796 1063 publicis
1849 996 2045 1053 Christi

2160 1000 2339 1054 ἄλλων
2375 1003 2914 1074 ἁναγινωσκομένου.
2958 1005 3315 1076 Ἐπιθυμοῦσί
3347 1024 3406 1060 τε
3445 1009 3572 1062 αὐτὸ
3605 1013 3742 1064 πᾶσι

472 1077 787 1146 passionem
824 1079 1145 1147 ostendunt,
1189 1082 1335 1150 quod
1369 1081 1441 1137 ab
1472 1083 1594 1140 aliis
1622 1086 1882 1155 gentibus
1914 1088 2045 1147 ludit

2155 1090 2604 1161 δημοσιεύεσθαι,
2640 1099 2736 1149 καὶ
2778 1099 2859 1161 είς
2898 1098 3067 1163 ἄλλας
3113 1102 3519 1172 μεταφέρεσθαι
3558 1104 3741 1157 διαλέ-

472 1167 652 1222 brium
680 1177 735 1224 et
773 1170 1074 1240 ignominia
1108 1171 1348 1227 videtur.

2154 1202 2339 1252 κτους,
2383 1186 2473 1240 καὶ
2515 1188 2576 1241 οὐ
2627 1191 2921 1261 γράμμασι
2964 1167 3147 1261 μόνον,
3185 1167 3459 1249 ἀλλὰ-καὶ
3504 1203 3741 1267 γραφαῖς

467 1259 759 1331 δημοσίαις
793 1263 853 1316 τὸ
884 1263 980 1317 τοῦ
1004 1265 1245 1332 Χριστοῦ
1268 1265 1440 1331 πάθος
1472 1267 1835 1338 δεικνύουσιν,
1861 1272 1996 1344 ὅπερ
2026 1275 2131 1328 ὑπὸ
2162 1277 2271 1330 τῶν
2303 1278 2482 1333 ἄλλων
2515 1259 2685 1336 ἐθνῶν
2721 1259 3047 1352 παιγνιῶδες
3080 1288 3174 1341 καὶ
3208 1290 3401 1359 ἀτιμία
3434 1259 3735 1361 νομίζεται.

672 1382 736 1436 Χ.
767 1383 919 1448 Quod
952 1383 1186 1440 violenta
1212 1387 1281 1439 sit
1308 1387 1393 1440 lea:
1424 1385 1842 1457 Saracenorum.

543 1475 769 1530 Decimo
804 1477 1072 1532 debemus
1117 1479 1490 1547 considerare,
1540 1485 1687 1552 quod
1719 1484 2050 1541 Alcoranum

2218 1388 2301 1451 ‘1'.
2326 1397 2459 1454 Ὅτι
2491 1401 2556 1454 τὸ
2592 1400 2954 1469 Ἁλκοράνον
2981 1405 3093 1458 οὐκ
3122 1405 3258 1459 ἐστι
3289 1407 3474 1476 νόμος
3495 1408 3665 1462 Θεοῦ.
3710 1384 3721 1388 ’

2235 1490 2474 1546 Δέκατον
2506 1494 2796 1565 ὀφείλομεν
2824 1501 3069 1563 σκοπεῖν,
3095 1499 3179 1551 ὅτι
3205 1499 3267 1552 τὸ
3296 1499 3615 1568 ’Δλκοράνον
3636 1503 3737 1555 οὐκ

467 1583 577 1622 non
611 1579 696 1624 est
727 1568 818 1623 lex
847 1569 967 1634 Dei,
997 1571 1240 1625 violenta
1272 1573 1419 1627 enim
1453 1583 1559 1627 cst.
1615 1575 1685 1629 Et
1718 1585 1780 1629 ut
1810 1577 2045 1632 breviter

2157 1583 2275 1638 ἔστι
2306 1586 2471 1655 νόμος
2499 1585 2670 1639 Θεοῦ·
2692 1587 2878 1658 βίαιος
2908 1589 3014 1661 γάρ
3047 1593 3186 1645 ἐστι.
3220 1592 3329 1645 Καὶ
3358 1593 3633 1662 συντόμως
3659 1595 3737 1647 εἰ·

464 1663 671 1727 dicam,
722 1661 808 1716 lex
864 1661 979 1721 haec
1034 1664 1258 1732 proprie
1316 1663 1423 1719 dici
1456 1675 1636 1734 potest
1679 1666 1763 1720 lex
1800 1669 1965 1723 credis
1996 1678 2045 1723 et

2159 1682 2304 1739 πεῖν.
2330 1644 2553 1750 δρόμος
2580 1644 2734 1743 οὗτος
2763 1644 2971 1752 κυρίως
2984 1644 3066 1737 ⁵ἂν
3091 1644 3735 1755 λέγοιτονόμοςήσφάγῖῗγς

463 1757 683 1818 mortis,
727 1768 838 1807 non
895 1753 1076 1808 solum
1100 1754 1249 1824 quod
1276 1755 1343 1810 ad
1394 1768 1653 1811 αλιι-τηεψ
1689 1770 1921 1815 mortem
1952 1776 2051 1816 nos

464 1846 661 1911 mittit,
687 1845 783 1901 sed
813 1845 960 1916 quod
992 1848 1267 1918 corporali
1300 1850 1448 1905 caede
1474 1850 1735 1906 homines
1762 1852 1909 1919 cogit
1929 1868 2045 1907 cre-

465 1938 599 1992 dere
635 1937 722 1992 his
761 1952 882 2009 quae
917 1938 987 1993 ab
1015 1953 1081 1993 eo
1109 1939 1230 2008 ipso
1263 1940 1551 1995 dicuntur.
1613 1941 1681 1995 Et
1717 1942 1772 1996 in
1807 1942 1928 2012 ipso
1956 1943 2049 1996 Al—

465 2045 674 2087 eorano
711 2032 764 2084 in
801 2029 1044 2099 capitulo
1073 2030 1394 2101 Emparaca,
1452 2031 1600 2102 quod
1662 2032 2053 2104 interpretatur

464 2140 645 2189 vacca,
683 2121 908 2187 dicitur,
940 2122 1085 2190 quod
1114 2121 1169 2178 in
1195 2123 1318 2193 lege
1346 2124 1438 2179 Dei
1463 2139 1572 2178 non
1598 2132 1683 2180 est
1715 2124 2049 2196 compulsio,

465 2224 523 2269 et
551 2211 699 2283 quod
729 2213 837 2283 jam
868 2212 1154 2268 definitum
1188 2223 1271 2267 est
1304 2228 1524 2283 aequum
1557 2212 1627 2268 ab
1658 2199 1870 2283 in’iquo.
1919 2212 2053 2281 Qua:

465 2308 616 2361 enim
651 2315 735 2362 est
768 2305 941 2376 major
973 2305 1304 2376 eompulsio,
1335 2318 1499 2376 quam
1533 2305 1755 2362 credes?
1803 2305 1914 2361 Le!
1944 2305 2051 2376 igi-

467 2411 558 2454 tur
585 2413 710 2469 quae
743 2413 843 2470 per
869 2398 1013 2452 hanc
1038 2397 1296 2453 homines
1324 2399 1628 2469 compellit,
1678 2414 1791 2455 non
1843 2407 1930 2455 est
1962 2399 2050 2455 lex

465 2492 582 2548 Dei.
620 2490 729 2562 Ipsi
754 2504 822 2545 au
851 2505 939 2544 em
970 2488 1230 2546 Saraceni
1254 2498 1454 2545 vocant
1482 2505 1603 2547 eam
1640 2489 2051 2545 denominative

463 2584 758 2649 Elesalem,
795 2582 940 2650 quod
975 2579 1483 2652 interpretaturum
1535 2583 1727 2637 salutis
1749 2581 1867 2646 Dei,
1927 2596 2051 2651 qua:

460 2675 685 2747 proprie
710 2674 875 2730 debet
915 2672 1023 2728 dici
1077 2671 1258 2742 (sicut
1286 2672 1498 2729 dictum
1529 2682 1614 2729 est
1641 2675 1660 2746 )
1687 2674 1774 2729 lex
1799 2674 1963 2728 caedis
1994 2681 2052 2728 et

463 2764 680 2821 mortis.
757 2764 826 2820 Et
866 2763 984 2819 haec
1013 2764 1099 2818 via
1138 2763 1433 2819 commoda
1466 2762 1574 2820 fuit
1604 2764 1698 2819 tali
1730 2763 1835 2834 legi
1870 2771 1933 2818 et
1970 2762 2049 2816 le-

461 2857 736 2927 gislatori,
771 2867 829 2913 ut
868 2857 1067 2915 timore
1104 2856 1298 2913 mortis
1345 2845 1649 2926 corporalis
1704 2856 2050 2911 consentiant

460 2952 564 3024 legi
590 2952 783 3008 mortis
801 2962 1052 3007 aeternae:
1085 2952 1232 3007 sicut
1258 2966 1289 3006 e
1312 2964 1582 3006 converso
1604 2948 1901 3004 Christiani
1926 2963 2050 3002 cor-

458 3045 706 3117 poralem
767 3053 1003 3099 mortem
1064 3053 1506 3106 contemnentes,
1549 3043 1713 3095 vitam
1777 3050 2037 3095 aeternam

458 3146 899 3208 consequuntur.
931 3135 1001 3196 Ut
1038 3135 1169 3191 vidit
1234 3137 1400 3206 igitur
1451 3133 1818 3199 llahomelns,
1858 3135 2041 3203 potius

459 3243 646 3287 autem
676 3229 935 3285 alumnus
961 3231 1080 3301 ejus
1107 3228 1384 3290 diabolus.
1418 3227 1596 3297 legem
1626 3226 1766 3281 hanc
1798 3242 1828 3280 a
1856 3226 2042 3281 divina

457 3321 581 3392 lege
641 3321 869 3375 omnino
909 3320 1154 3382 ὤθει-τε,
1204 3329 1260 3372 et
1303 3317 1371 3372 ab
1421 3333 1485 3372 ea
1534 3333 1657 3389 quae
1686 3318 1741 3372 in
1781 3317 1962 3373 Ve:eri
1988 3325 2044 3373 et

455 3417 613 3473 Novo
641 3414 1020 3479 Testamento,
1048 3421 1106 3470 et
1148 3411 1215 3467 ad
1241 3411 1480 3483 seipsam
1505 3412 1897 3479 dissentire,et
1920 3410 2046 3467 abs-

456 3524 567 3578 que
593 3508 746 3563 omni
775 3507 991 3585 ratione
1019 3514 1075 3562 et
1127 3506 1399 3560 miraculo
1431 3504 1723 3561 manifesta
1756 3503 2044 3559 mendacia

458 3597 770 3658 continere,
801 3606 1007 3652 etcum
1033 3595 1380 3652 existimaret
1423 3596 1628 3651 multos
1665 3603 1891 3665 propter
1928 3593 2045 3648 haec

459 3691 579 3744 fore
608 3688 703 3757 qui
748 3689 797 3743 ei
847 3686 1319 3751 contradicerent,
1378 3685 1535 3741 dedit
1587 3685 1692 3755 ipsi
1732 3684 2045 3747 Mabometo

460 3782 893 3837 instrumentum
950 3776 1258 3848 preprium,
1317 3776 1372 3831 id
1402 3785 1490 3832 est
1520 3790 1711 3831 ensem
1733 3775 1802 3848 ad
1850 3774 2043 3829 interi-

462 3871 845 3928 mendum.‘Et
865 3844 980 3939 ipse
1004 3844 1158 3926 dedit
1181 3868 1500 3924 mandatum
1534 3870 1589 3920 in
1612 3867 1750 3938 lege,
1770 3844 1836 3920 ἶιι
1860 3866 2045 3924 interi-

462 3960 747 4037 rnerentur
795 3964 1115 4033 quicunque
1153 3962 1286 4017 huic
1334 3959 1437 4030 legi
1487 3958 1941 4026 adversarentur,
1990 3968 2046 4015 et

458 4072 569 4111 non
603 4056 918 4111 crederent.
954 4053 1019 4107 Et
1047 4061 1276 4123 propter
1305 4052 1411 4105 hoc
1445 4065 1555 4105 non
1585 4050 1638 4103 in
1670 4066 1781 4105 uno
1804 4049 2055 4121 capitulo,

458 4152 639 4205 solum
669 4146 897 4214 dicitur,
956 4147 1049 4200 sed
1084 4160 1183 4215 per
1215 4153 1391 4199 totum
1422 4143 1651 4207 librum,
1716 4145 1861 4199 sicut
1892 4160 2047 4199 man-

458 4246 647 4295 datum
666 4239 943 4309 quoddam
975 4235 1326 4291 universale:
1367 4234 1695 4299 lnterimite,
1715 4235 2041 4292 interitnite.

2154 1777 2248 1824 καὶ
2285 1771 2553 1835 θανάτου,
2585 1775 2647 1827 οὐ
2687 1775 2848 1844 μόνον
2874 1775 2961 1829 ὅτι
2995 1777 3203 1849 αἰωνίῳ
3237 1776 3602 1850 πάραπὲμπει
3634 1782 3734 1836 0a-

2153 1864 2320 1935 νάτῳ,
2349 1865 2465 1919 ἀλλ’
2487 1867 2570 1919 ὅτι
2598 1870 2783 1937 σφαγῇ
2813 1872 3102 1941 σωματικῇ
3135 1871 3228 1924 καὶ
3254 1871 3468 1943 θανάτῳ
3493 1874 3617 1936 τοὺς
3639 1875 3735 1927 άν-

2155 1954 2410 2026 θρὼπους
2435 1955 2684 2026 βιάζεται
2708 1957 2987 2014 πιστεύειν
3011 1963 3123 2024 τοῖς
3143 1964 3202 2015 ὲν
3224 1962 3374 2035 αὐτῷ
3397 1944 3730 2035 λεγομένοις.

2153 2045 2349 2100 Καίτοι
2384 2063 2449 2113 γε
2493 2050 2553 2101 ὲν
2588 2048 2740 2120 αὐτῷ
2771 2051 2851 2118 τῷ
2888 2052 3204 2125 Ἀλκοράνῳ
3244 2059 3302 2110 ἒν
3334 2056 3413 2129 τῷ
3452 2060 3734 2131 κεφαλαίῳ

2151 2138 2232 2210 τῷ
2266 2139 2558 2210 Ἐλμπακα
2571 2142 2641 2212 pd
2659 2182 2676 2208 ,
2706 2142 2735 2196 δ
2764 2144 3132 2215 ἑρμηνεύεται
3155 2147 3348 2216 βοῦς,
3377 2148 3594 2220 λέγεται
3612 2193 3627 2217 ,
3654 2155 3732 2216 ὡς

2152 2231 2212 2284 ὲν
2240 2229 2320 2301 τῷ
2353 2230 2505 2302 νόμῳ
2534 2231 2628 2285 τοῦ
2663 2232 2801 2287 Θεοῦ
2837 2235 2938 2288 οὐκ
2974 2235 3090 2289 ἔστι
3127 2237 3216 2306 βία
3236 2279 3252 2303 ,
3284 2241 3382 2297 καὶ
3412 2243 3493 2295 ὅτι
3522 2243 3584 2295 τὸ
3618 2243 3728 2301 ἴσον

2152 2322 2212 2387 ιε
2240 2325 2414 2394 ἀρχῆς
2444 2324 2544 2395 ἠδη
2572 2323 2878 2396 διώρισται.
2909 2329 3022 2381 Οὐκ
3052 2328 3170 2383 ἔστι
3197 2330 3254 2383 δὲ
3288 2333 3488 2397 μείζων
3514 2335 3725 2404 ἀνάγκη

2151 2414 2250 2484 τῆς
2275 2415 2366 2469 διὰ
2393 2415 2764 2486 τῆςοσφαγῆς.
2797 2418 2857 2473 '0
2886 2420 2995 2487 ἄρα
3024 2422 3111 2475 διὰ
3138 2424 3346 2495 ταύτης
3369 2427 3496 2490 τοὺς
3526 2428 3731 2498 ἀνθρὼ-

2150 2521 2290 2570 πους
2328 2506 2659 2576 ἀναγκάζων
2692 2510 2855 2581 νόμος
2890 2512 2992 2567 οὐκ
3025 2513 3143 2568 ἐστι
3178 2516 3343 2587 νόμος
3376 2517 3535 2574 Θεοῦ.
3567 2520 3728 2573 Αὐτοὶ

2148 2597 2207 2651 δὲ
2246 2599 2297 2651 οί
2341 2598 2690 2672 Σάρρακηνοὶ
2732 2604 2997 2659 καλοῦσιν
3036 2607 3199 2662 αὐτὸν
3244 2612 3589 2681 παρωνύμως
3630 2611 3727 2681 τὴν

2161 2686 2485 2757 Ἐλεσαλὲμ,
2533 2689 2563 2742 δ
2611 2691 2979 2763 ἑρμηνεύεται
3028 2698 3330 2767 σωτηρίας
3375 2702 3578 2770 νόμος,
3628 2703 3722 2754 καὶ

2151 2781 2340 2849 νόμος
2370 2780 2543 2847 Θεοῦ,
2570 2785 2777 2854 κυρίως
2810 2786 3042 2855 ὀφείλων
3067 2787 3344 2857 λέγεσθαι.
3373 2791 3549 2854 καθὼς
3577 2794 3728 2862 εἰρη-

2152 2889 2275 2936 ται,
2315 2873 2480 2943 νόμος
2515 2875 2901 2946 κατακρίσεως
2938 2879 3035 2932 καὶ
3078 2879 3334 2938 θανάτου.
3369 2883 3479 2937 Καὶ
3515 2882 3647 2952 αὕτη
3688 2886 3725 2955 ἡ

2073 3005 2115 3056 c
2153 2964 2268 3028 ὁδὸς
2293 2966 2471 3020 οἰκεία
2498 2967 2692 3035 γέγονε
2715 2970 2947 3042 τοιούτῳ
2972 2973 3123 3044 νόμῳ
3152 2975 3245 3029 καὶ
3273 2976 3559 3049 νομοθέτῃ,
3584 2977 3725 3031 ὥστε

2146 3058 2225 3130 τῷ
2263 3058 2360 3112 τοῦ
2405 3060 2725 3131 σωματικοῦ
2768 3063 3000 3118 θανάτου
3046 3067 3196 3137 φόϐῳ
3239 3071 3727 3138 συγκατατίθεσθαι

2145 3150 2223 3221 τῷ
2253 3151 2347 3206 τοῦ
2382 3153 2603 3208 αἰωνίου
2640 3153 2876 3210 θανάτου
2910 3156 3062 3229 νόμῳ
3088 3172 3103 3188 ⁸
3138 3157 3328 3232 ὥσπερ
3360 3161 3421 3215 τὸ
3454 3162 3722 3217 ἀνάπαλιν

2144 3245 2194 3297 οι
2224 3245 2547 3318 Χριστιανοὶ
2574 3244 2670 3298 τοῦ
2702 3248 3022 3319 σωματικοῦ
3053 3250 3285 3305 θανάτου
3315 3254 3722 3324 καταφρονοῦν-

2144 3355 2272 3402 τες,
2311 3339 2647 3410 τυγχάνουσι
2690 3340 2791 3410 τῆς
2827 3343 3054 3421 αίωνίου
3097 3342 3265 3414 ζωῆς.
3305 3346 3447 3400 Ἰδὼν
3484 3348 3660 3402 τοίνυν
3694 3353 3727 3403 δ

2145 3428 2394 3499 Μωάμεθ
2419 3467 2434 3494 ,
2471 3429 2675 3499 μᾶλλον
2701 3430 2762 3483 δὲ
2796 3433 2825 3484 ὁ
2856 3432 3088 3502 τροφεὺς
3124 3434 3291 3489 αὐτοῦ
3324 3436 3567 3501 διάϐολος
3586 3481 3601 3504 ,
3633 3441 3724 3492 τὸν

2144 3522 2310 3593 νόμον
2337 3520 2530 3577 τοῦτον
2561 3521 2654 3575 τοῦ
2689 3522 2838 3577 θείου
2872 3524 3036 3594 νόμου
3072 3527 3351 3591 παντελῶς
3382 3530 3722 3602 διιστάμενον

2144 3611 2241 3667 τοῦ
2265 3630 2326 3666 τε
2355 3616 2414 3667 ἐν
2439 3615 2506 3684 τῇ
2533 3612 2747 3685 Παλαιᾷ
2774 3615 2871 3669 καὶ
2899 3618 2958 3669 ὲν
2983 3619 3048 3686 τῇ
3082 3619 3279 3690 Καινῇ,
3309 3620 3443 3672 ἀλλὰ
3473 3622 3563 3674 καὶ
3590 3623 3721 3690 πρὸς

2148 3705 2341 3761 ἑαυτὸν
2370 3707 2769 3778 διαφωνοῦντα,
2801 3709 2895 3762 καὶ
2924 3709 3054 3764 ἄνευ
3086 3712 3287 3776 παντὸς
3318 3715 3414 3768 καὶ
3441 3715 3600 3783 λόγου
3629 3720 3722 3770 καὶ

2148 3797 2429 3868 θαύματος
2453 3800 2549 3853 καὶ
2576 3804 2788 3873 φανερὰ
2813 3803 3139 3874 περιέχοντα
3162 3804 3356 3874 ψεύδη,
3381 3807 3475 3861 καὶ
3501 3808 3723 3872 πολλοὺς

2148 3889 2441 3945 ὑπολαϐὼν
2462 3890 2550 3946 διὰ
2572 3895 2749 3948 ταῦτα
2772 3894 2994 3950 ἔσεσθαι
3015 3897 3144 3960 τοὺς
3169 3897 3531 3971 ἀντεροῦντας
3553 3901 3720 3970 αὐτῷ,

2146 3983 2381 4038 δέδωκεν
2411 3984 2562 4056 αὐτῷ
2587 3985 2666 4057 τῷ
2695 3986 2944 4058 Μωάμεθ
2975 3988 3208 4060 ὄργανον
3232 3992 3454 4059 οἰκεῖον,
3480 3993 3726 4049 τουτέστι

2149 4075 2302 4145 ξίφος
2332 4076 2470 4148 πρὸς
2499 4079 2562 4131 τὸ
2597 4078 2849 4147 φονεύειν
2870 4095 2883 4110 ·
2919 4083 3017 4137 καὶ
3048 4083 3213 4146 αὐτὸς
3244 4082 3476 4138 δέδωκεν
3506 4085 3725 4157 ἐντολὴν

2148 4169 2204 4221 ὲν
2230 4168 2309 4239 τῷ
2336 4170 2486 4241 νόμῳ
2514 4161 2842 4240 φονεύεσθαι
2871 4173 3085 4238 πάντας
3108 4175 3236 4239 τοὺς
3285 4178 3727 4248 ἐναντιουμένους

2149 4262 2244 4313 καὶ
2277 4261 2354 4332 μὴ
2389 4263 2768 4327 πιστεύοντας.
2797 4265 3029 4319 Καὶδιὰ
3051 4250 3211 4321 τοῦτο
3240 4269 3339 4322 οὐκ
3369 4271 3427 4323 ἐν
3452 4271 3531 4324 ἑνὶ
3561 4288 3727 4341 κεφα-

462 4333 589 4388 llazc
621 4332 707 4387 via
740 4330 1032 4385 manifeste
1063 4328 1340 4382 contraria
1381 4336 1467 4381 est
1492 4327 1736 4395 Christo,
1766 4329 1861 4399 qui
1885 4345 2044 4383 man-

2147 4327 2290 4423 latnt
2316 4327 2475 4423 μόνον
2503 4353 2747 4423 λέγεται,
2778 4357 2914 4411 ἀλλὰ
2943 4356 3010 4411 δι’
3030 4358 3152 4413 ὅλου
3170 4359 3263 4412 τοῦ
3284 4360 3510 4429 βισλίου,
3536 4327 3724 4434 ὥσπερ

458 4426 553 4479 dat
583 4437 638 4478 et
664 4422 919 4478 inimicos
941 4435 1152 4485 amare,
1171 4430 1227 4474 et
1243 4434 1343 4489 pro
1376 4420 1833 4490 persequentibus
1855 4430 2038 4484 Orare,

457 4529 511 4572 et
546 4519 627 4572 eis
654 4517 747 4586 qui
784 4530 886 4571 nos
918 4512 1211 4571 offendunt
1241 4512 1590 4568 benefacere.
1620 4512 1729 4568 Sed
1761 4512 2045 4569 Mahome-

461 4620 548 4665 tus
578 4607 900 4667 Antichristi
930 4619 1241 4676 przecursor
1286 4606 1588 4671 exsistens,
1633 4607 1776 4661 viam
1832 4622 2043 4677 praepa-

460 4703 600 4757 ravit
630 4703 684 4755 in
716 4699 925 4754 mundo
954 4697 1066 4752 tilio
1091 4696 1445 4768 perditionis.
1486 4694 1619 4763 Quae
1650 4698 1735 4751 via
1769 4705 2040 4766 quantum
2066 4686 2069 4687 ⁷

457 4809 541 4851 est
573 4794 991 4861 irrationabilis,
1020 4793 1376 4850 manifestum
1412 4793 1516 4847 fuit
1572 4794 1629 4849 in
1662 4803 1860 4850 octavo
1891 4793 2043 4863 capi-

461 4892 596 4946 tulo.
628 4889 846 4944 Etenim
872 4888 1019 4942 sicut
1043 4885 1181 4941 dicit
1210 4888 1550 4958 Augustinus
1578 4905 1591 4941 :
1619 4887 1892 4942 Cretcrum
1921 4894 2042 4956 pot-

458 4990 546 5034 est
574 4979 740 5032 homo
771 4976 977 5031 invitus
1002 4975 1246 5040 credere,
1277 4986 1461 5047 potest
1479 4976 1642 5033 etiam
1667 4977 1920 5031 confiteri
1943 4991 2040 5031 ore

458 5074 551 5141 qni
581 5072 798 5142 cogitur
820 5071 1086 5136 credere;
1122 5073 1288 5128 corde
1331 5084 1514 5129 autem
1547 5072 1775 5127 credere
1811 5072 2039 5127 minime

458 5168 578 5238 cegi
612 5174 814 5237 potest,
847 5181 972 5221 cum
1002 5164 1118 5234 ipse
1150 5165 1421 5221 Dominus
1449 5168 1687 5221 maxime
1715 5182 1819 5221 cor.
1842 5166 1912 5221 ab
1942 5166 2040 5221 ho-

458 5258 605 5311 mine
636 5266 869 5326 quaerat,
894 5256 1049 5325 juxta
1084 5256 1218 5311 illud
1260 5276 1272 5310 :
1312 5275 1330 5308 ι
1368 5256 1493 5323 Fili,
1557 5258 1742 5327 praebe
1770 5258 1905 5312 mihi
1944 5272 2041 5312 cor

460 5350 724 5403 ιυυιηη.»
767 5348 1046 5404 Deductus
1076 5359 1263 5405 autem
1288 5348 1389 5404 fuit
1423 5349 1737 5404 Mahometo
1775 5358 1833 5403 et
1865 5364 2041 5404 avun-

456 5439 614 5494 culus
646 5439 765 5508 ejns
791 5428 980 5499 dicens
1007 5457 1020 5494 :
1055 5440 1198 5508 Quid
1231 5441 1390 5506 mihi,
1445 5441 1492 5496 si
1542 5441 1648 5496 hoc
1677 5456 1787 5495 non
1825 5440 2037 5509 fecero,

456 5528 532 5582 fili
581 5529 770 5584 fratris
805 5530 957 5586 mei?
1008 5531 1109 5587 Cui
1154 5533 1267 5604 jam
1313 5532 1661 5588 Mahometus
1713 5534 2036 5604 respondit:

458 5617 779 5679 Interimam
806 5635 879 5692 te,
905 5640 939 5681 ο
958 5627 1251 5682 avuncule.
1284 5628 1380 5683 llic
1408 5637 1592 5683 autem
1622 5627 1762 5683 dixit
1795 5644 1809 5682 :
1833 5629 2041 5700 Impos-

526 5784 571 5814 ”
603 5788 760 5843 l'iav.
799 5804 952 5856 χλιιι,
993 5788 1083 5842 26.

2147 4463 2230 4509 τις
2258 4447 2449 4519 ἐντολὴ
2476 4446 2732 4517 καθόλου,
2760 4452 3158 4522 Ἀποκτείνετε,
3186 4456 3551 4512 ἀποκτείνετε.
3576 4458 3724 4529 Αὕτη

2148 4538 2182 4609 ἠ
2212 4538 2329 4602 ὁδὸς
2356 4542 2611 4611 φανερῶς
2640 4543 2861 4598 ἐναντία
2890 4546 3009 4599 ἐστὶ
3032 4545 3110 4617 τῷ
3139 4547 3379 4620 Χριστῷ,
3406 4548 3462 4613 ὃς
3492 4550 3729 4604 ἐντέλλε-

2147 4647 2241 4684 ται
2274 4634 2368 4685 καὶ
2396 4633 2524 4698 τοὺς
2550 4636 2782 4706 ἐχθροὺς
2809 4639 3052 4709 ἀγαπᾷν,
3082 4642 3179 4693 καὶ
3206 4641 3347 4712 ὑπὲρ
3373 4642 3480 4697 τῶν
3507 4644 3729 4697 διωκόνο

2146 4741 2257 4779 των
2284 4727 2563 4797 εὔχεσθαι,
2595 4732 2689 4784 καὶ
2713 4735 2839 4797 τοὺς
2866 4732 3208 4802 βλάπτοντας
3233 4737 3561 4804 εὐεργετεῖν.
3583 4739 3724 4791 Ἀλλ’

2144 4818 2174 4870 ὁ
2197 4817 2446 4887 Μωάμεθ
2471 4819 2566 4873 τοῦ
2599 4820 2972 4893 Ἀντιχρίστου
2998 4826 3307 4896 πρόδρομος
3334 4828 3429 4895 ὢν,
3455 4828 3570 4882 ὁδὸν
3595 4844 3729 4898 προ-

2147 4906 2452 4975 ητοίμασεν
2480 4908 2538 4960 ὲν
2568 4907 2647 4978 τῷ
2675 4909 2870 4982 κόσμῳ
2895 4910 2972 4982 τῷ
2998 4910 3099 4982 τῆς
3128 4913 3407 4978 ἀπωλείας
3435 4916 3534 4985 υίῴ
3553 4931 3569 4946 ⁸
3601 4915 3724 4984 ἣτις

2144 4999 2263 5062 ὁδὸς
2296 5000 2464 5052 πόσον
2491 5000 2638 5053 ἐστὶν
2669 5001 2884 5070 ἄλογος,
2902 5002 3077 5072 ’δῆλον
3108 5003 3332 5072 γέγονεν
3361 5007 3419 5060 ὲν
3448 5005 3525 5076 τῷ
3552 5004 3724 5075 ὀγδόῳ
3766 5079 3783 5085 _

2147 5085 2450 5155 κεφαλαίῳ.
2481 5088 2591 5140 Καὶ
2617 5088 2748 5158 γὰρ,
2778 5088 2963 5154 καθώς
2989 5106 3156 5160 φησιν
3181 5092 3257 5143 At)
3270 5093 3565 5158 γουστϊνος,
3591 5091 3725 5146 ἄλλα

2149 5179 2248 5248 μὲν
2282 5180 2349 5247 iv
2381 5160 2467 5243 τις
2509 5180 2762 5252 δυνηθείη
2809 5183 2904 5233 καὶ
2947 5186 3023 5252 μὴ
3067 5181 3415 5253 βουλόμενος,
3448 5182 3722 5236 πιστεύειν

2144 5270 2203 5323 δὲ
2229 5271 2483 5341 οὐδαμῶς
2512 5270 2653 5342 πλὴν
2678 5270 2870 5325 θέλων.
2903 5272 3053 5343 Ἐρεῖ
3071 5252 3253 5328 τοίνυν
3329 5274 3571 5345 βιασθείς
3592 5292 3607 5305 ο
3633 5273 3722 5344 Τῷ

2150 5364 2251 5434 μὲν
2278 5362 2789 5435 σώματιέηιστεύω,
2819 5364 3070 5435 οὐδαμῶς
3098 5365 3156 5418 δὲ
3180 5367 3246 5434 τῇ
3281 5365 3477 5434 καρδίᾳ
3504 5370 3725 5417 πιστεύα

2149 5466 2233 5503 σει
2258 5490 2274 5514 ,
2308 5449 2476 5504 αὐτοῦ
2510 5448 2604 5504 τοῦ
2648 5452 2859 5522 Κυρίου
2903 5452 3144 5523 μάλιστα
3178 5452 3277 5522 τὴν
3312 5453 3539 5523 καρδίαν
3574 5452 3722 5522 παρᾶ

2144 5542 2239 5595 τοῦ
2268 5541 2558 5614 ἀνθρώπου
2588 5543 2900 5616 ζητοῦντος,
2934 5547 3078 5600 κατὰ
3109 5545 3169 5599 τό
3192 5562 3207 5576 ·
3245 5564 3265 5598 ι
3291 5546 3382 5601 Υἱὲ
3402 5585 3419 5611 ,
3449 5546 3721 5617 παράσχες

2151 5652 2244 5706 μοι
2272 5618 2374 5707 τὴν
2405 5637 2633 5706 καρδίαν
2668 5653 2782 5692 σου.
2819 5656 2837 5691 ι
2873 5638 3134 5711 Παρήχθη
3165 5639 3219 5694 δι
3249 5640 3323 5709 τῷ
3351 5640 3593 5709 Μωάμεο
3628 5638 3721 5693 καὶ
