4068 6464
396 395 534 462 1105

1596 398 1900 463 CONTRA
1940 399 2448 461 MAllOMETEM.

3489 353 3645 458 ἰιοδ

392 509 420 561 6
452 507 594 569 θεῖος
625 505 788 560 αὗτοῦ
820 507 1166 577 Σαρῥακηνὺς
1199 509 1476 578 ἐσόμενος,
1508 509 1602 562 καὶ
1633 505 1752 562 εἷπε
1774 525 1788 539 ·
1819 509 1884 562 Τί
1917 509 1964 562 δὲ

2076 511 2234 564 sibile
2291 519 2392 564 est“
2423 521 2542 563 esse
2575 506 2847 576 quoddam
2882 504 3076 559 aliud?
3124 502 3267 558 Nihil
3298 501 3440 555 aliud
3486 499 3646 556 dixit.
3683 502 3691 511 '

393 597 705 670 ἔσταιέμοὶ
740 599 813 668 μὴ
845 601 1000 654 τοῦτο
1033 603 1366 672 ποιήσαντι,
1403 602 1484 654 υἱὲ
1516 603 1612 655 τοῦ
1646 600 1782 672 ἐμοῦ
1813 601 1970 655 ἁδελ-

391 681 618 758 φοῢςᾯ
638 689 701 759 δὴ
732 691 758 741 6
788 690 1034 760 Μωάμεθ
1059 693 1391 762 ἀπεκρίνατο
1422 707 1437 723 ο
1471 691 1785 746 Ἀποκτενῶ
1815 709 1892 758 σε,
1923 686 1968 746 ὧ

390 779 521 834 θεῖε.
563 779 622 833 '0
665 780 721 834 δὲ
767 777 940 847 εἶπεν,
979 783 1267 838 Ἀδύνατον
1311 783 1454 839 εἶναί
1498 803 1551 838 τι
1595 785 1758 853 ἄλλο;
1806 786 1971 840 Οὐδὲν

301 907 304 909 μ
391 871 576 943 ἕτερον
607 872 733 944 ἔφη.
766 875 878 929 Καὶ
907 873 1060 932 εἶπεν
1091 882 1116 932 6
1149 879 1290 941 θεῖος
1313 920 1328 944 ,
1367 879 1748 949 Ἀκολουθήσω
1779 898 1860 934 σοι
1891 881 1972 944 εἰς

391 965 525 1035 ὅπερ
559 965 625 1020 ἂν
661 967 822 1038 θέλῃς
844 1010 859 1033 ,
895 969 1115 1044 γλώσσῃ
1155 973 1347 1041 μόνον,
1385 970 1503 1025 ἀλλ’
1526 973 1585 1024 ού
1623 971 1854 1043 καρδίᾳ,
1891 971 1970 1042 τῷ

391 1057 494 1108 δέει
522 1057 614 1110 τοῦ
647 1056 856 1126 ξίφους,
891 1059 948 1112 '0
977 1061 1032 1114 δὲ
1066 1063 1242 1134 Ὀμὰρ
1270 1064 1299 1117 6
1326 1063 1440 1125 υίὸς
1466 1061 1557 1116 τοῦ
1593 1063 1968 1135 Κατεμπααδῆ

392 1148 837 1219 ἀναγκαζόμενος
869 1147 990 1205 εἷπε
1014 1153 1236 1223 ,κΚύριε
1259 1196 1272 1220 ,
1310 1153 1372 1206 σὺ
1408 1149 1558 1218 οἶδας
1589 1156 1671 1208 ὅτι
1712 1156 1858 1225 μόνῳ
1891 1155 1969 1226 τῷ

392 1237 486 1290 τοῦ
523 1238 754 1294 θανάτου
791 1241 941 1311 φόϐῳ
977 1244 1203 1312 γίνομαι
1239 1246 1612 1316 Σαρρακηνός.
1649 1247 1758 1303 Καὶ
1789 1249 1817 1301 6
1852 1247 1969 1311 υίὸς

391 1329 446 1382 δὲ
474 1330 569 1383 τοῦ
597 1333 949 1402 Ἑμπιασταᾶ
975 1338 1052 1407 τῷ
1080 1337 1230 1408 φόϐῳ
1259 1337 1355 1391 τοῦ
1385 1338 1572 1406 ξίφους
1600 1339 1794 1408 γέγονε
1827 1340 1968 1411 Σαρ-

2074 602 2143 656 Ει
2170 602 2302 655 dixit
2332 600 2639 655 avunculus
2679 616 2693 654 :
2720 599 2931 666 Sequar
2964 606 3015 652 te
3041 596 3109 652 ad
3141 595 3513 666 quodcunque
3545 609 3646 648 vo-
3689 600 3701 614 ‘

2075 693 2268 756 lueris,
2301 693 2486 764 lingua
2515 700 2746 755 tantum,
2784 691 2879 746 sed
2901 707 3011 746 non
3041 689 3228 754 corde,
3262 689 3458 742 timore
3475 685 3647 743 ensis.

2073 784 2440 842 Omarautem
2500 784 2645 839 filius
2675 782 2992 853 Catempadi
3051 789 3276 838 coactus
3333 778 3648 835 dixitzDo-

2076 879 2246 941 mine,
2273 886 2330 932 tu
2365 878 2472 932 scis
2506 876 2654 946 quod
2688 878 2807 931 solo
2834 877 3034 931 timore
3087 875 3283 929 mortis
3320 873 3393 927 tio
3424 872 3651 926 Sarace-

2075 988 2200 1027 ειυς.
2233 972 2300 1026 Ει
2332 971 2476 1025 ﬁlius
2503 981 2686 1026 autem
2716 969 3037 1039 Empiascaa
3059 967 3255 1022 timore
3292 965 3442 1020 ensis
3474 963 3652 1017 factus

2073 1072 2157 1120 est
2191 1063 2523 1119 Saracenus.
2580 1059 2739 1116 Unde
2777 1060 2926 1114 misit
2977 1071 3033 1114 et
3087 1059 3299 1112 litteras
3347 1056 3413 1110 ad
3446 1055 3649 1114 Mesce.

2073 1171 2210 1226 quas
2230 1154 2428 1209 mulier
2441 1153 2689 1222 quaadam
2715 1151 3011 1207 occultavit
3029 1150 3131 1206 sub
3159 1149 3407 1204 crinibus
3430 1147 3647 1217 capitis.

2071 1247 2336 1302 nuntians
2366 1245 2455 1301 his
2484 1246 2577 1315 qui
2604 1257 2734 1301 sunt
2766 1245 2820 1299 in
2843 1244 2979 1298 urbe
3004 1244 3300 1300 adventum
3331 1240 3648 1302 Mahometi.

2071 1348 2130 1393 ut
2157 1342 2418 1392 caverent
2457 1335 2559 1404 ipsi
2593 1337 2701 1388 vim
2729 1333 2990 1390 doctrinae
3025 1333 3192 1389 illius.

392 1423 646 1492 ρακηνός.
666 1425 829 1479 Ὅθεν
851 1425 1064 1498 έπεμψε
1090 1431 1187 1483 καὶ
1211 1430 1511 1502 γράμματα
1540 1431 1618 1495 είς
1674 1431 1772 1503 τὴν
1829 1431 2037 1497 Μεσκὲ,
2069 1429 2106 1486 ἃ
2149 1431 2287 1501 γυνὴ
2329 1447 2412 1492 τις
2454 1427 2689 1498 ἔκρυψεν
2731 1427 2834 1480 ὑπὸ
2869 1435 2969 1491 τὰς
3007 1427 3200 1497 τρίχας
3236 1425 3337 1496 τῆς
3378 1424 3649 1492 κε’ραλῆςο

395 1514 611 1584 μηνύων
643 1519 756 1580 τοῖς
797 1519 854 1572 ἐν
887 1522 954 1592 τῇ
993 1521 1144 1575 πόλει
1179 1524 1278 1593 τὴν
1314 1523 1618 1594 παρουσίαν
1652 1525 1750 1578 τοῦ
1791 1524 2040 1594 Μωάμεθ
2063 1565 2077 1590 ,
2142 1521 2284 1576 ὥστε
2354 1519 2696 1589 φυλάξασθαι
2763 1520 2959 1582 αὐτοὺς
2989 1519 3088 1590 τὴν
3155 1518 3276 1589 βίαν
3308 1517 3406 1587 τῆς
3438 1516 3645 1570 ἐκείνου

387 1604 759 1674 δδασκαλίας.

472 1699 671 1754 Ἱστέον
699 1702 754 1756 δὲ
784 1703 1047 1775 τέτταρας
1083 1699 1226 1758 εἶναι
1257 1707 1456 1778 μοίρας
1487 1707 1594 1762 τῶν
1621 1709 1964 1781 κατεχόντων

2138 1703 2458 1759 Notandum
2495 1712 2699 1767 autem,
2760 1711 2998 1772 quatuor
3044 1715 3166 1758 esse
3222 1712 3406 1771 partes
3454 1717 3644 1757 eorum

389 1792 487 1860 τὴν
547 1793 755 1863 πλάνην
798 1796 892 1850 τοῦ
937 1799 1182 1870 Μωάμεθ
1211 1815 1225 1830 ⁸
1264 1801 1454 1872 πρώτη
1508 1803 1672 1872 μοῖρα
1716 1803 1828 1854 τῶν
1874 1801 1966 1854 τὸν

389 1883 428 1934 Σ
469 1884 844 1956 ρῤακηνισμδν
901 1889 1242 1945 ὑπελθόντων
1299 1893 1388 1947 διὰ
1436 1891 1534 1946 τοῦ
1605 1892 1828 1962 ξίφους,
1891 1891 1968 1957 ὡς

388 1974 639 2046 εἴρηταιο
681 1976 731 2030 οἳ
767 1979 863 2032 καὶ
893 1978 989 2032 νῦν
1038 1980 1137 2052 τὴν
1177 1982 1386 2037 ἑαυτῶν
1419 1985 1783 2052 γινώσκοντες
1827 1981 1970 2036 πλάο

390 2083 505 2134 νην,
532 2068 880 2139 ἐξωμόσαντο
915 2073 981 2126 ἂν
1017 2074 1201 2142 αὗτδν,
1233 2077 1281 2129 εἰ
1307 2076 1382 2146 μὴ
1412 2077 1469 2129 τὸ
1504 2077 1658 2144 ξίφος
1701 2074 1963 2131 ὲδειλίων.

394 2155 562 2227 Ἀλλη
600 2159 768 2228 μοῖρά
811 2160 932 2214 ἐστι
981 2163 1089 2216 τῶν
1147 2163 1250 2218 ὑπὸ
1299 2163 1394 2218 τοῦ
1443 2164 1700 2219 διαϐόλου
1747 2165 1966 2235 ἠπατη-

393 2247 592 2315 μένων,
617 2253 989 2304 πιστευόντων
1037 2253 1214 2324 ἀληθῆ
1265 2253 1406 2308 εἶναι
1449 2254 1519 2309 τὰ
1565 2255 1758 2326 ψευδῆ.
1793 2257 1964 2328 Τρίτη

394 2342 557 2410 μοῖρα
603 2341 714 2395 τῶν
758 2341 833 2414 μὴ
882 2343 1226 2415 βουλομένων
1272 2345 1576 2416 ἀποστῆναι
1624 2347 1725 2419 τῆς
1756 2348 1967 2418 πλάνης

389 2431 497 2481 τῶν
544 2433 826 2502 προγόνων
877 2435 1084 2500 αὐτῶν,
1143 2437 1279 2492 ἀλλὰ
1334 2439 1602 2509 λεγόντων
1654 2443 1875 2512 κρατεῖν
1930 2440 1966 2496 ἃ

391 2521 780 2590 κατεῖχοννκαὶ
829 2521 880 2576 οἱ
933 2525 1170 2596 πατέρες
1222 2525 1446 2580 αὐτῶνθ
1507 2521 1582 2582 ὧν
1637 2528 1965 2599 ἀφίστανται

394 2612 616 2678 μᾶλλον,
649 2613 700 2666 οἳ
747 2615 871 2668 ἀντὶ
924 2616 1024 2684 τῆς
1083 2615 1552 2691 είδωλολατρείας,
1697 2621 1964 2693 πρότερον

388 2703 725 2774 κατείχοντο,
759 2707 860 2777 τὴν
892 2707 988 2761 τοῦ
1034 2709 1282 2780 Μωάμεθ
1318 2713 1557 2783 αἵρεσιν,
1586 2712 1663 2777 ώς
1706 2713 1771 2767 ἂν
1802 2709 1967 2787 ἦττον

393 2798 651 2868 πονηρὰν,
682 2799 1076 2870 ἁναμφιόόλως
1117 2804 1451 2874 προείλοντο.
1482 2805 1760 2876 Τέταρτον
1801 2805 1966 2877 μέρος

389 2889 508 2941 ἐστὶ
533 2891 642 2944 τῶν
671 2893 758 2946 διὰ
792 2895 851 2948 τὸ
882 2895 1070 2950 ἄνετον
1096 2899 1196 2967 τῆς
1227 2897 1368 2961 ὁδοῦ,
1405 2899 1498 2952 καὶ
1530 2897 1592 2951 τὸ
1623 2898 1733 2952 τῶν
1771 2915 1966 2968 γυναι-

390 2982 502 3035 κῶν
531 2983 756 3055 πλῆθος.
793 2988 889 3040 καὶ
941 2988 1010 3042 τὰ
1057 2989 1192 3044 ἄλλα
1237 2991 1516 3062 ἐνδόσιμα,
1549 2991 1751 3061 μᾶλλον
1784 2991 1882 3062 τὴν
1909 2993 1968 3045 ὲν

2076 1796 2168 1867 qui
2209 1796 2447 1850 retinent
2500 1809 2748 1850 errorem
2805 1792 3124 1848 Mahometi.
3187 1793 3394 1858 Prima,
3452 1809 3646 1848 eorum

2074 1888 2165 1957 qui
2195 1886 2424 1957 ingressi
2468 1894 2596 1958 sunt
2631 1885 3069 1941 Saracenismum
3101 1902 3198 1957 per
3221 1902 3433 1952 ensem,
3462 1896 3521 1942 ut
3562 1888 3655 1942 di-

2073 1987 2231 2036 ctum
2248 1988 2367 2046 est;
2396 1980 2676 2050 quietiam
2709 1995 2858 2034 nunc
2885 1995 3078 2035 eorum
3111 1981 3356 2050 ipsorum
3403 1996 3647 2036 errorem

2073 2079 2494 2142 cognoscentes,
2521 2070 2913 2141 resipiscerent
2938 2073 3152 2142 utique,
3191 2071 3298 2127 nisi
3331 2087 3457 2128 eum
3485 2089 3653 2142 prop-

2073 2171 2159 2218 ter
2193 2178 2383 2217 ensem
2419 2162 2699 2217 timerent.
2735 2163 2858 2218 Alia
2899 2164 3168 2234 particula
3207 2179 3400 2219 eorum
3425 2174 3530 2228 est,
3557 2167 3650 2234 qui

2075 2251 2288 2322 decepti
2318 2261 2444 2306 sunt
2468 2268 2499 2306 a
2533 2250 2778 2318 diabolo,
2815 2255 3105 2308 credentes
3155 2271 3280 2308 vera
3345 2271 3466 2309 esse
3497 2272 3652 2311 inert-

2075 2343 2250 2401 dacia.
2287 2341 2475 2400 Tertia
2502 2345 2769 2416 particula
2793 2353 2877 2400 est
2907 2361 3098 2399 eorum
3126 2347 3220 2415 qui
3250 2347 3444 2400 uolunt
3473 2347 3654 2403 disce-

2075 2435 2205 2490 dere
2226 2435 2295 2490 ab
2321 2450 2513 2490 errore
2548 2438 2820 2507 majorum
2848 2452 3099 2503 suorum,
3138 2439 3232 2494 sed
3261 2439 3477 2503 dicunt,
3509 2439 3652 2495 deti-

2075 2543 2206 2584 nere
2243 2543 2299 2582 se
2336 2544 2398 2584 ea
2431 2544 2552 2598 quae
2579 2543 2770 2582 eorum
2804 2537 2985 2596 patres
3029 2530 3366 2594 detinebant,
3392 2547 3420 2584 a
3449 2531 3653 2601 quibus

2075 2621 2312 2672 maxime
2335 2619 2632 2675 discedunt
2654 2618 2674 2675 ι’
2703 2621 2796 2687 qui
2829 2636 2927 2689 pro
2952 2619 3280 2687 idololatria,
3310 2638 3472 2691 quam
3499 2622 3652 2692 prius

2074 2711 2418 2775 detinebant,
2451 2712 2753 2768 Mahometi
2787 2720 2993 2768 sectam
3027 2723 3286 2784 tanquam
3321 2714 3504 2768 minus
3537 2730 3654 2768 ma-

2077 2806 2183 2858 lam
2212 2804 2330 2860 sine
2378 2804 2550 2858 dubio
2585 2805 2891 2874 elegerunt.
2949 2805 3155 2872 Quarta
3180 2821 3308 2876 pars
3337 2821 3530 2860 eorum
3557 2787 3654 2876 qui

2076 2903 2299 2966 propter
2328 2896 2713 2951 remissionem
2752 2897 2898 2961 vitae,
2937 2905 2994 2951 et
3026 2897 3315 2952 mulierum
3344 2897 3652 2952 multitudi-

2077 2995 2297 3048 nem,et
2320 2987 2425 3042 alia
2451 2987 2827 3051 remissibilia,
2855 2987 3038 3057 potius
3062 2988 3117 3042 in
3140 2987 3646 3044 hisimmunditiam

387 3075 602 3139 τούτοις
642 3079 986 3151 ἀκαθαρσίαν
1035 3085 1134 3152 τῆς
1185 3083 1496 3155 ἀῖδιότητος
1533 3083 1626 3137 τοῦ
1678 3081 1964 3153 μέλλοντος

2071 3093 2233 3147 quam
2254 3078 2613 3133 :eternitatem
2643 3077 2813 3133 futuri
2841 3079 3023 3134 seculi
3065 3089 3410 3143 amaverunt,
3443 3090 3645 3136 etcum

390 3168 584 3234 αἰῶνος
624 3172 944 3244 ἠγάπησαν.
990 3175 1097 3228 Καὶ
1152 3176 1363 3240 τούτοις
1410 3176 1518 3230 elei.
1573 3175 1887 3245 σύμφρονες
1918 3178 1968 3229 οἱ

389 3263 542 3334 παρὰ
583 3267 697 3328 τοῖς
747 3266 1122 3337 Σαῤῥακηνοῖς
1175 3267 1474 3338 σοφώτεροι
1518 3261 1826 3337 λεγόμενοι,
1876 3269 1969 3322 καὶ

389 3357 737 3426 γραμμάτων
779 3359 1147 3429 ἐπιστήμονες
1180 3359 1355 3423 ὄντες.
1391 3360 1468 3414 Οὐ
1503 3359 1612 3430 γὰρ
1646 3361 1966 3414 πιστεύουσι

384 3444 478 3497 τὸν
507 3446 671 3515 νόμον
703 3445 930 3500 ἐκείνων
967 3445 1146 3516 ἀληθῆ
1181 3441 1339 3510 εῖναι,
1388 3445 1421 3517 ἢ
1471 3447 1681 3515 ἀγαθὸν
1733 3447 1961 3511 ἁπλῶςο

385 3535 503 3589 ἀλλ’
531 3537 565 3608 ἡ
599 3538 891 3611 σφοδρότης
922 3538 1030 3592 τῶν
1054 3539 1258 3610 ἡδονῶν
1293 3540 1607 3593 καταπαύει
1637 3539 1737 3611 τὴν
1781 3541 1967 3610 κρίσιν

385 3629 480 3683 τοῦ
510 3628 696 3699 λόγου,
723 3631 799 3695 ὥς
843 3648 1012 3702 φησιν
1062 3633 1090 3684 6
1146 3633 1342 3700 σοφός·
1393 3630 1583 3697 ὥσπερ
1638 3632 1730 3685 καὶ
1778 3631 1969 3686 πολλοὶ

387 3722 733 3794 γραμμάτων
781 3723 1040 3794 ἔμπειροι
1099 3723 1254 3794 παρὰ
1313 3725 1426 3787 τοῖς
1491 3725 1844 3795 Χριστιανοτς
1903 3724 1964 3778 ού

391 3817 723 3886 φυλάττουσι
772 3815 864 3871 τὸν
886 3816 981 3871 τοῦ
1035 3815 1378 3885 Εὑαγγελίου
1429 3816 1615 3887 νόμον,
1645 3817 1824 3872 καίτοι
1869 3834 1967 3872 πι-

389 3909 673 3970 στεύοντες
719 3907 895 3979 ἀληθῆ
939 3902 1082 3962 εἶναι
1129 3909 1225 3962 καὶ
1268 3906 1473 3977 ἀγαθόν
1495 3923 1511 3940 ⁶
1545 3907 1748 3979 μᾶλλον
1777 3909 1834 3962 δὲ
1861 3910 1966 3988 τὴν

384 3997 502 4050 ὁδὸν
538 3996 836 4067 μιμοῦνται
862 3995 965 4067 ’τοῦ
1009 3996 1358 4064 ’Δλκοράνου,
1390 3997 1574 4051 καίτοι
1611 4001 1963 4063 πιστεύοντες

385 4091 473 4144 ἐπ’
519 4089 781 4160 ἀληθείας
832 4091 1042 4144 ἐκεῖνον
1101 4090 1437 4144 πεπλάσθαι.
1481 4091 1593 4143 Καὶ
1640 4090 1836 4143 τούτου
1869 4107 1967 4161 ση-

389 4186 542 4256 μεῖον
599 4188 658 4239 ὲν
714 4184 1090 4257 ἀμφοτέροις·
1146 4183 1594 4255 μετατιθεμένων
1638 4183 1748 4252 γάρ
1800 4199 1963 4235 τινων

386 4278 758 4353 Σαρρακηνῶν
805 4281 888 4341 εἰς
938 4277 1326 4348 Χριστιανοὺς,
1360 4278 1456 4330 καὶ
1495 4273 1841 4346 Χριστιανῶν
1875 4291 1964 4326 τι-

384 4392 492 4428 νων
543 4373 844 4444 γινομένων
900 4369 1312 4444 Σαρρακηνῶν,
1384 4369 1412 4422 6
1478 4369 1577 4437 μὲν
1632 4365 1961 4438 Χριστιανὸς

2076 3170 2162 3225 his
2195 3171 2501 3224 concordes
2531 3180 2681 3235 sunt,
2710 3172 2802 3239 qui
2832 3171 2981 3240 apud
3033 3187 3128 3227 eos
3152 3174 3519 3243 sapientiores
3545 3192 3645 3248 ap-
3735 3200 3740 3206 ·

2071 3261 2366 3332 pellantur.
2394 3261 2459 3315 Et
2491 3260 2583 3329 qui
2616 3261 2932 3315 litterarum
2974 3263 3225 3331 peritiam
3251 3265 3480 3333 habent,
3532 3284 3643 3322 non

2070 3353 2304 3409 credunt
2334 3353 2510 3423 legem
2535 3353 2748 3407 illorum
2778 3369 2899 3409 esse
2929 3370 3138 3420 veram,
3169 3357 3255 3411 vel
3288 3357 3487 3412 bonam
3514 3362 3647 3414 sim-

2071 3446 2285 3517 pliciter
2317 3462 2333 3501 :
2365 3445 2462 3501 sed
2495 3445 2843 3501 vehementia
2883 3448 3230 3518 voluptatum
3281 3450 3442 3504 sedat
3495 3452 3646 3522 judio

2069 3539 2216 3593 cium
2241 3538 2490 3605 rationis,
2527 3547 2694 3608 prout
2721 3538 2856 3593 dicit
2897 3539 3139 3610 sapiens.
3199 3539 3356 3596 Sicut
3382 3553 3438 3597 et
3485 3544 3642 3599 multi

2067 3629 2378 3708 litterarum
2421 3632 2634 3701 experti
2687 3631 2830 3701 apud
2861 3630 3206 3693 Christianos
3266 3650 3375 3689 non
3421 3646 3644 3693 servant

2069 3722 2353 3793 Evangelii
2369 3722 2568 3794 legem,
2607 3722 2711 3778 etsi
2735 3723 2962 3778 credant
2983 3740 3166 3780 veram
3189 3740 3312 3780 esse
3334 3737 3390 3782 et
3420 3728 3640 3794 bonam,

2069 3817 2254 3886 potius
2287 3815 2576 3871 imitantur
2600 3815 2745 3869 viam
2776 3797 3031 3871 Alcorani
3057 3855 3074 3879 .
3135 3820 3385 3887 quamvis
3417 3822 3643 3877 credant

2070 3903 2126 3956 in
2160 3903 2393 3958 veritate
2421 3903 2577 3957 illum
2604 3917 2844 3958 errasse.
2904 3904 2972 3959 Et
2997 3905 3163 3978 hujus
3223 3908 3300 3963 rei
3334 3908 3549 3979 signum
3584 3912 3637 3965 in

2070 3995 2318 4065 utrisque
2343 4002 2446 4049 est.
2475 3994 2940 4051 Transmutantur
2968 3998 3110 4052 enim
3133 3998 3354 4068 quidam
3379 4001 3640 4058 Saraceni

2069 4084 2125 4138 in
2141 4083 2507 4148 Christianos,
2527 4093 2586 4150 et
2603 4084 2904 4140 Christiani
2937 4087 3158 4156 quidam
3193 4085 3329 4144 ﬁunt
3353 4091 3637 4147 Saraceni.

2065 4176 2415 4231 Christianus
2469 4174 2694 4245 quidem
2723 4193 3010 4248 nunquam
3048 4179 3105 4234 in
3142 4190 3317 4237 morte
3353 4182 3507 4238 ﬂeret
3537 4185 3637 4241 Sa—

2066 4280 2321 4329 racenos,
2355 4266 2451 4320 sed
2487 4267 2541 4320 in
2599 4267 2744 4332 vita;
2796 4267 3108 4324 Saracenus
3155 4282 3338 4325 autem
3371 4273 3424 4326 in
3466 4283 3640 4329 morte

2067 4357 2250 4427 potius
2311 4357 2370 4412 iit
2421 4358 2792 4426 Christianus,
2860 4376 3023 4429 quam
3074 4362 3131 4415 in
3185 4363 3316 4417 vita.
3394 4364 3636 4436 Uterque

381 4435 751 4518 οὐδέποθ’-ἂν
795 4462 854 4515 ὲν
910 4435 993 4530 τῷ·
1020 4435 1259 4528 ’θανάτῳ
1315 4435 1528 4525 γένοιτο
1580 4435 1954 4526 Σαρρακηνδς,

2069 4449 2236 4521 igitur
2282 4451 2481 4506 horum
2531 4451 2713 4521 potius
2743 4453 2896 4523 eligit
2927 4453 3271 4511 Christianus
3300 4459 3438 4514 mori
3477 4435 3641 4529 quam

384 4555 500 4609 ἀλλ’
537 4558 594 4610 ὲν
624 4556 690 4625 τῇ
736 4554 885 4624 ζωῇο
917 4554 946 4605 6
985 4552 1042 4606 δὲ
1089 4548 1447 4621 Σαρῥακηνδς
1500 4550 1558 4601 ὲν
1609 4548 1688 4620 τῷ
1742 4545 1957 4616 θανάτῳ

387 4648 590 4720 μᾶλλον
619 4647 830 4716 γίνεται
862 4643 1189 4717 Χριστιανὸς
1223 4643 1255 4713 ἢ
1286 4643 1347 4695 ὲν
1387 4645 1452 4710 τῇ
1488 4640 1622 4711 ζωῇ.
1661 4639 1955 4710 Ἐκάτερος

379 4745 489 4813 ἄρα
557 4741 882 4810 Χριστιανὸς
955 4740 1191 4810 αἱρεῖται
1269 4735 1472 4806 μᾶλλον
1532 4734 1826 4788 ἀποθανεῖν

379 4853 549 4890 κοιτο.

449 4930 588 5000 Τρία
637 4927 695 4980 δέ
727 4928 834 4980 εἱσι
886 4923 1248 4994 φανερώτατα
1284 4922 1382 4992 τῆς
1414 4912 1536 4994 βίας
1565 4921 1661 4975 τοῦ
1693 4937 1960 4992 προειρηά

383 5024 544 5096 μένου
599 5022 765 5090 νόμου
791 5018 918 5073 ἄνευ
959 5017 1052 5070 τοῦ
1106 5015 1534 5087 προρῥηθέντος,
1580 5015 1718 5084 ὅπερ
1765 5009 1836 5085 ἦν
1872 5029 1961 5066 το-

381 5114 650 5176 σαυτάκις
712 5111 894 5179 λέγειν
952 5107 1048 5162 καὶ
1104 5107 1474 5176 προστάσσειν
1537 5103 1956 5160 ἀποκτιννύναι.

376 5207 603 5277 Πρῶτόν
638 5206 758 5256 ἔστι
790 5202 850 5256 τὸ
903 5201 996 5254 τὸν
1028 5199 1328 5268 Μαχούμετ
1367 5199 1603 5261 ἐκείνοις
1653 5198 1832 5251 εἰπεῖν
1861 5197 1957 5250 ἐπὶ

379 5299 636 5354 τοσοῦτον
698 5297 976 5363 διαμενεῖν
1027 5293 1120 5346 τὸν
1170 5295 1336 5363 νόμον
1385 5291 1573 5356 αὑτοῦ,
1605 5291 1692 5357 ἐφ’
1739 5290 1864 5343 ὅσον
1890 5288 1958 5342 ἂν

381 5394 566 5456 αὐτοῖς
598 5389 852 5460 διαμείνῃ
892 5388 997 5439 καὶ
1034 5388 1065 5456 ἡ
1102 5387 1161 5438 ὲν
1191 5389 1304 5448 τοῖς
1344 5384 1534 5447 ὅπλοις
1588 5383 1760 5452 ἰσχὺς,
1801 5382 1955 5452 καὶὴ

381 5487 718 5556 πρόσκαιρος
755 5480 1066 5534 δυναστεία.
1130 5476 1272 5530 Ἀλλ’
1316 5477 1794 5544 ὁμολογουμένως,
1853 5493 1954 5528 κα-

381 5579 489 5642 θώς
517 5593 681 5646 φησιν
733 5575 761 5627 6
809 5575 1216 5644 Χρυσόστομος,
1249 5567 1474 5638 τοιαύτη
1501 5569 1584 5630 τίς
1614 5569 1761 5620 ἐστιν
1796 5567 1827 5636 ἡ
1857 5566 1956 5631 τῆς

379 5668 639 5740 ἀληθείας
690 5665 872 5735 φύσις,
922 5663 1061 5716 ὥστε
1103 5662 1198 5714 καὶ
1243 5660 1394 5731 παρὰ
1431 5659 1644 5712 πολλῶν
1683 5658 1954 5726 πολεμου-

382 5762 520 5830 μένη
569 5758 771 5830 μᾶλλον
826 5755 1068 5825 ἱσχύειν⁶
1127 5752 1318 5821 ὥσπερ
1370 5750 1468 5804 καὶ
1523 5749 1839 5803 τούναντίον
1893 5749 1956 5802 τὸ

381 5852 574 5923 ψεῦδος
630 5851 736 5904 ὑπὸ
783 5849 996 5904 πολλῶν
1049 5844 1440 5924 βοηθούμενον,
1473 5845 1530 5896 ὲν
1581 5841 1759 5910 ἐαυτῷ
1791 5840 1953 5894 ἀσθε-

2067 4541 2395 4606 Saraccnus,
2447 4543 2552 4598 nisi
2605 4543 2791 4614 aliquo
2825 4545 2988 4600 modo
3027 4547 3284 4616 praedicta
3330 4549 3382 4603 vi
3428 4552 3643 4608 abstra-

2065 4636 2249 4691 batur.

1912 4731 1946 4802 ἢ
1985 4729 2378 4802 Σαῤῥακηνόςο
2433 4732 2484 4784 εί
2533 4733 2608 4802 μή
2656 4747 2760 4784 που
2799 4735 2864 4804 τῇ
2909 4735 3282 4807 προειρημένῃ
3314 4737 3424 4810 ’βίᾳ
3479 4737 3645 4808 ἀφέλ-

2130 4917 2257 4973 Tria
2290 4928 2418 4974 sunt
2461 4920 2910 4978 manifestissima
2947 4922 3099 4993 signa
3136 4922 3408 4979 violentia:
3448 4929 3644 4998 prasti-

2056 5022 2157 5066 Ctae
2199 5011 2358 5081 legis,
2391 5013 2597 5082 absque
2627 5013 2714 5069 his
2755 5031 2876 5084 quae
2917 5017 3080 5072 toties
3111 5027 3241 5074 ante
3285 5019 3432 5076 dicta
3472 5031 3600 5076 sunt
3627 5040 3646 5078 :

2055 5103 2202 5174 quod
2231 5105 2451 5174 quidem
2483 5106 2607 5172 fuit,
2634 5108 2780 5175 quod
2814 5107 2977 5163 toties
3005 5111 3139 5166 dicit
3167 5122 3221 5166 et
3250 5115 3474 5169 mandat
3507 5116 3646 5170 inte-

2054 5197 2280 5251 rimere.
2312 5197 2560 5252 Primum
2597 5201 2814 5269 sigmun
2847 5211 2954 5266 est,
2983 5203 3128 5271 quod
3165 5203 3510 5260 Mahometus
3537 5206 3642 5262 illis

2065 5289 2224 5353 dixit,
2248 5290 2303 5343 in
2338 5297 2547 5344 tantum
2573 5305 2898 5360 permanere
2922 5293 3098 5364 legem
3130 5295 3267 5365 ejus,
3298 5296 3350 5350 in
3378 5307 3638 5365 quantum

2065 5384 2146 5438 eis
2168 5392 2487 5453 permaneat
2515 5393 2569 5438 et
2599 5385 2654 5439 in
2691 5386 2861 5439 armis
2885 5385 2988 5447 vis,
3023 5397 3077 5441 et
3106 5388 3420 5456 temporalis
3452 5400 3643 5456 poten—

2059 5475 2155 5529 tia.
2183 5475 2290 5531 Sed
2320 5478 2463 5531 sicut
2492 5477 2628 5531 dicit
2657 5478 3102 5549 Chrysostomus,
3128 5480 3251 5534 talis
3275 5487 3360 5534 est
3391 5480 3639 5535 veritatis

2059 5578 2276 5634 natura,
2317 5577 2380 5623 ut
2429 5579 2642 5624 etcum
2693 5585 2722 5623 a
2771 5569 2962 5625 multis
3013 5580 3380 5641 oppugnatur,
3443 5573 3638 5626 fortius

2058 5660 2387 5726 invalescat;
2425 5669 2480 5716 et
2501 5675 2533 5716 e
2555 5675 2824 5717 converso
2848 5664 3214 5729 mendacium,
3242 5678 3378 5718 cum
3398 5678 3425 5715 a
3455 5663 3640 5719 multis

2057 5752 2370 5821 adjuvatur,
2405 5753 2458 5806 in
2495 5754 2676 5823 seipse
2708 5753 3050 5809 debilitatur.
3083 5753 3297 5808 Veritas
3331 5754 3497 5824 igitur
3530 5771 3637 5808 non

2058 5843 2268 5916 indiget
2310 5846 2516 5918 auxilio
2563 5863 2635 5902 ex.
2667 5847 2956 5916 temporali
3007 5856 3274 5916 potentia,
3320 5856 3376 5903 et
3407 5847 3644 5903 maxime
