4068 6450
452 322 593 390 1107

1712 342 2088 405 DEMETRII
2134 346 2442 409 CYDUNII

3575 346 3715 413 1108

395 477 410 494 .
448 438 665 497 Domin.
713 446 944 511 veritas,
996 462 1120 517 quae
1167 461 1354 506 manet
1384 452 1440 507 in
1482 462 1749 512 aeternum
1773 460 1837 512 “.
1871 459 2027 515 Chri-

2140 464 2272 516 νεῖν.
2315 465 2381 517 Ἠ
2413 462 2639 533 ἀλήθεια
2677 466 2858 518 τοίνυν
2887 465 2947 516 οὺ
2977 465 3150 518 δεῖται
3183 464 3281 534 τῆς
3310 465 3374 518 ὲκ
3412 465 3508 535 τῆς
3538 484 3712 536 προσ-

442 531 752 590 stianorum
783 538 929 592 enim
955 537 1066 605 lex,
1099 544 1503 610 persecutionis
1537 556 1784 619 tempore
1819 559 2027 607 trecen-

443 622 517 679 tis
578 626 738 682 annis
793 630 1056 686 continue
1108 632 1371 700 durante,
1426 640 1659 694 maxime
1711 641 1920 707 crevit,
1974 654 2030 698 et

441 729 676 769 numero
699 715 966 785 fidelium,
983 730 1037 775 et
1057 723 1351 792 splendore
1372 725 1783 785 miraculorum.
1801 730 2028 801 Signum

442 815 628 861 autem
673 819 728 863 et
773 809 876 865 hoc
919 807 1197 869 violentiae
1246 816 1383 886 legis
1429 820 1572 888 apud
1610 820 1755 878 illos.
1798 822 2029 890 Quando

441 902 592 955 enim
617 903 683 957 ad
724 903 1029 961 doctrinam
1058 910 1416 974 conveniunt,
1447 921 1506 966 ut
1533 913 1709 983 legem
1738 931 1835 972 eos
1864 916 2029 973 Sara-

445 1012 710 1052 cenorum
753 1001 1014 1072 magister
1054 1001 1269 1066 doceat,
1304 1016 1357 1059 et
1384 993 1479 1075 qui
1514 1006 1678 1067 debet
1719 1026 2029 1081 proponere

444 1091 706 1154 verbum,
757 1093 1001 1162 primum
1050 1095 1268 1153 nudans
1319 1115 1545 1165 ensem,
1600 1103 1811 1158 nudum
1866 1122 2027 1161 manu

442 1184 672 1244 detinet.
706 1184 760 1238 in
807 1197 1077 1256 quantum
1124 1189 1308 1254 docet.
1354 1191 1439 1247 vel
1473 1195 1631 1263 ponit
1662 1196 1730 1251 ad
1763 1207 2029 1255 terrorem

443 1273 499 1328 iu
523 1275 761 1346 quodam
793 1278 1061 1335 eminenti
1092 1281 1235 1337 loco.
1267 1280 1566 1340 Christiani
1605 1295 1789 1344 autem
1823 1290 2031 1345 docen-

442 1373 546 1426 tes.
578 1383 686 1422 non
716 1383 928 1438 ensem,
955 1372 1049 1427 sed
1081 1388 1301 1429 crucem
1335 1376 1556 1443 tollunt,
1594 1393 1703 1434 non
1735 1383 2029 1449 violentiae,

441 1457 538 1513 sed
570 1463 1014 1518 mansuetudinis
1048 1464 1202 1536 signa
1235 1468 1613 1535 ostendentes,
1645 1479 1902 1543 tanquam
1934 1475 2034 1530 ho-

441 1551 620 1607 mines
646 1553 740 1623 qui
774 1555 1069 1611 mittuntur
1091 1573 1121 1612 a
1148 1558 1371 1615 Christo
1402 1561 1546 1617 sicut
1571 1579 1702 1620 oves
1748 1566 1801 1620 in
1849 1568 2032 1623 medio

440 1642 720 1712 luporum.
755 1645 1004 1703 Tertium
1044 1660 1230 1706 autem
1270 1652 1485 1725 signum
1519 1656 1686 1713 cadis
1728 1666 1785 1713 et
1826 1660 2035 1715 violen~

442 1737 533 1792 tiae
583 1747 689 1804 est,
734 1741 881 1810 quod
948 1745 1210 1799 assessini
1262 1762 1293 1801 a
1343 1747 1632 1804 Saracenis
1684 1751 2025 1815 nutriuntur,

440 1827 735 1884 homicidae
770 1831 1056 1886 hominum
1095 1834 1286 1900 futuri,
1328 1839 1532 1907 quibus
1562 1857 1629 1895 ex
1666 1841 1781 1911 ipsa
1814 1845 2032 1903 actione
2067 1832 2105 1885 Β

439 1921 617 1975 activa
647 1932 699 1976 et
726 1923 941 1992 passiva
966 1927 1132 1980 vitam
1159 1936 1421 1985 aeternam
1449 1934 1800 2002 promittunt,
1824 1945 1882 1992 et
1903 1936 2034 1991 mit-

442 2022 566 2067 tunt
592 2030 689 2069 eos
719 2032 815 2084 per
860 2017 1051 2072 orbem
1099 2029 1397 2091 terrarum,
1431 2033 1493 2079 ut
1521 2026 1805 2098 principes
1838 2029 2030 2085 mundi

439 2105 631 2162 dolose
682 2109 1025 2168 interimant.
1079 2115 1145 2169 Hi
1183 2123 1366 2171 autem
1404 2117 1666 2173 assessini
1720 2129 1900 2176 castra
1935 2120 2035 2176 ha-

436 2196 574 2251 bent
602 2208 659 2253 et
699 2214 857 2255 arces
901 2201 1049 2259 circa
1092 2204 1297 2260 Liltum
1343 2215 1609 2275 montem,
1656 2200 2035 2283 obediuntque

436 2291 660 2347 sultano
718 2293 1035 2366 Babylonis,
1088 2298 1183 2368 qui
1244 2310 1330 2356 est
1382 2310 1551 2371 caput
1606 2301 2031 2362 Saracenorum.

436 2379 615 2454 Hique
654 2384 870 2457 legibus
911 2396 965 2443 et
1006 2390 1202 2445 ordine
1248 2389 1509 2448 Saraceni
1541 2402 1692 2462 sunt,
1718 2405 1775 2449 et
1800 2411 1912 2451 non
1936 2413 2035 2453 vo-

435 2464 633 2529 cantur
674 2476 938 2535 assessini
973 2496 1005 2535 a
1049 2480 1363 2549 Saracenis,
1406 2483 1501 2539 sed
1531 2485 1844 2552 lsmaelitae,
1874 2489 2031 2557 quasi

436 2566 595 2623 radix
640 2579 697 2625 et
733 2571 911 2628 tribus
957 2572 1383 2642 Saracenorum,
1408 2584 1465 2631 et
1507 2578 1675 2648 primi
1709 2579 2031 2638 defensores

436 2665 495 2713 et
523 2672 950 2719 conservatores
974 2665 1113 2734 legis
1141 2666 1461 2725 Mahometi.
1488 2669 1570 2726 Ad
1594 2670 1696 2726 hoc
1719 2672 1867 2727 enim
1892 2689 2034 2743 prze-

436 2751 601 2824 cipue
635 2755 989 2812 instruuntur
1012 2768 1070 2814 et
1099 2761 1450 2830 nutriuntur,
1479 2771 1540 2819 ut
1567 2764 1770 2820 eadem
1801 2765 2029 2822 faciant.

434 2841 552 2899 Hoc
581 2846 761 2901 scelus
791 2863 901 2902 non
932 2848 1235 2907 Christiani
1269 2854 1470 2921 solum,
1501 2856 1596 2925 qui
1624 2854 2030 2914 sanctissimam

433 2934 611 3006 legem
659 2938 886 3005 habent,
942 2942 1359 3011 abominantur,
1408 2948 1503 3003 sed
1547 2957 1603 3003 et
1650 2948 1885 3017 Tartari,
1937 2952 2030 3021 qui

432 3024 640 3079 nullam
689 3027 860 3099 legem
895 3031 1107 3102 seipsos
1155 3032 1361 3090 habere
1396 3037 1612 3104 dicunt,
1646 3049 1841 3109 praeter
1871 3053 2031 3097 natu-

2144 554 2337 625 καίρου
2391 555 2676 624 δυνάμεως
2729 556 3020 628 βοηθείας,
3074 557 3171 610 καὶ
3233 558 3467 627 μάλιστα
3526 558 3559 627 ὴ
3613 558 3709 612 τοῦ

2142 650 2353 720 Κυρίου
2391 649 2638 721 ἀλήθεια,
2660 651 2780 722 ἥτις
2830 651 2980 721 μένει
3025 653 3106 727 είς
3145 651 3236 706 τὸν
3285 652 3479 705 αἰῶνα.
3514 652 3575 704 '0
3606 655 3715 723 γὰρ

2141 741 2251 794 τῶν
2268 740 2309 794 Χ
2322 742 2615 811 ριστιανῶν
2628 743 2817 811 νόμος,
2853 742 2947 796 τοῦ
2965 741 3063 795 τοῦ
3094 742 3337 811 διωγμοῦ
3357 743 3545 811 καιροῦ
3564 761 3716 817 τρια-

2140 831 2349 894 κοσίοις
2380 831 2517 884 δέκα
2551 833 2696 885 ἔτεσι
2735 830 2977 900 συνεχῶς
3013 830 3426 901 διαρκέσαντος,
3478 829 3711 891 μάλιστα

2140 924 2509 981 ἐπέδωκεικαὶ
2538 926 2616 993 τῷ
2655 923 2877 994 ἀριθμῷ
2907 924 3014 978 τῶν
3048 922 3279 1003 πιστῶν,
3314 922 3408 976 καὶ
3459 925 3523 992 τῇ
3571 923 3716 991 λαμ-

2138 1018 2372 1089 πρότητι
2419 1019 2530 1072 τῶν
2566 1017 2885 1087 θαυμάτων.
2917 1018 3152 1088 Σημεῖον
3196 1015 3252 1069 δὲ
3299 1016 3395 1069 καὶ
3426 1015 3578 1069 τοῦτο
3614 1015 3715 1084 τῆς

2142 1110 2263 1182 βίας
2292 1109 2387 1165 τοῦ
2427 1114 2559 1181 παρ’
2607 1111 2837 1173 ἐκείνοις
2892 1109 3085 1178 νόμου.
3117 1109 3287 1163 Ὅταν
3333 1108 3441 1178 γὰρ
3492 1108 3583 1162 ἐπὶ
3616 1106 3716 1174 τὴν

2137 1202 2487 1259 διδασκαλίαν
2539 1206 2932 1276 συνέρχωνται,
2976 1201 3119 1255 ὥστε
3175 1203 3267 1255 τὸν
3317 1200 3480 1269 νόμον
3534 1199 3718 1261 αὐτοῖς

2137 1294 2482 1365 διδαχθῆναι,
2525 1298 2552 1349 ὁ
2596 1296 2707 1350 τῶν
2754 1294 3131 1368 Σαρῤακηνῶν
3177 1293 3517 1356 διδάσκαλος,
3549 1295 3577 1345 ὁ
3621 1291 3715 1345 τοῦ

2138 1383 2299 1452 λόγου
2351 1384 2710 1453 καθηγεμὼν,
2748 1385 2966 1455 πρῶτον
3012 1383 3418 1451 ἀπογυμνώσας
3449 1383 3509 1434 τὸ
3540 1381 3713 1448 ξίφος,

2138 1477 2344 1546 γυμνὸν
2376 1479 2596 1549 κατέχει
2628 1479 2693 1548 τῇ
2719 1477 2863 1547 χειρὶ
2912 1476 3109 1555 ἐφόσον
3148 1474 3409 1536 διδάσκει,
3444 1473 3475 1545 ἢ
3526 1471 3712 1541 τίθησι

2141 1571 2277 1640 πρὸς
2317 1571 2658 1640 κατάπληξιν
2702 1572 2760 1623 ὲν
2810 1553 3280 1640 ὑπερανεστηκότι
3306 1568 3459 1637 τόπῳ
3491 1567 3616 1621 τινί.
3651 1566 3718 1620 Ol

2138 1670 2458 1737 Χριστιανοὶ
2505 1668 2561 1721 δὲ
2593 1668 2944 1729 διδάσκοντες
2991 1667 3053 1720 οὐ
3106 1666 3281 1734 ξίφος,
3315 1665 3449 1718 ἀλλὰ
3486 1664 3717 1734 σταυρὸν

2140 1760 2407 1826 αἰρουσιν,
2438 1759 2500 1811 οὐ
2551 1750 2671 1828 βίας
2722 1759 2925 1828 σημεῖα
2973 1753 3305 1819 δεικνύντες,
3338 1753 3463 1807 ἀλλ’,
3508 1754 3715 1823 ἡμερέ-

2135 1868 2332 1923 τητος.
2388 1850 2463 1913 ὡς
2523 1849 2591 1907 ἂν
2655 1848 2935 1919 ἄνθρωποι
2997 1847 3348 1918 πεμπόμενοι
3408 1845 3559 1913 παρᾶ
3611 1844 3711 1898 τοῦ

2134 1940 2374 2013 Χριστοῦ
2432 1941 2506 2005 ὡς
2558 1928 2821 2017 πρόϐατα
2869 1940 2926 1991 ἒν
2982 1938 3134 2006 μέσῳ
3178 1936 3380 2015 λύκων.
3426 1937 3618 2007 Τρίτον
3656 1936 3715 1989 δὲ

2137 2035 2364 2106 σημεῖον
2417 2032 2528 2086 τῶν
2585 2032 2763 2101 φόνων
2822 2031 2920 2085 καὶ
2974 2032 3074 2112 τῆς
3130 2029 3259 2101 βίας
3314 2029 3432 2087 ἐστὶ
3480 2029 3540 2087 τὸ
3587 2030 3715 2090 τοὺς

2146 2125 2469 2196 Ἀσσυρίους
2524 2123 2629 2177 ὑπὸ
2684 2121 2793 2177 τῶν
2850 2121 3228 2201 Σαρῤακηνῶν
3289 2119 3714 2205 διατρέφεσθαι,

2135 2220 2316 2288 φονεῖς
2358 2218 2653 2289 ἐσομένους
2685 2213 3019 2305 ἀνθρώπων.
3055 2209 3151 2279 Οἷς
3198 2214 3267 2268 διτ
3306 2213 3399 2278 οὒς
3432 2213 3710 2281 ἐνεργοῦσι

2134 2314 2229 2366 καὶ
2261 2312 2535 2381 πάσχουσι
2567 2311 2785 2381 φόνους,
2823 2307 2924 2378 τὴν
2952 2307 3171 2389 αἰώνιον
3198 2306 3344 2378 ζωὴν
3387 2305 3713 2376 ὑπισχνοῦνο

2134 2421 2225 2458 ται
2252 2420 2265 2435 ·
2306 2403 2399 2467 οὒς
2431 2405 2528 2457 καὶ
2555 2403 2955 2457 ἀποστέλλουσι
2979 2399 3258 2472 πανταχοῦ
3289 2400 3414 2462 τοὺς
3447 2399 3712 2467 ἄρχοντας

2133 2493 2228 2550 τοῦ
2288 2495 2495 2562 κόσμου
2553 2494 2743 2559 δολίως
2789 2496 3258 2558 ἀποκτενοῦντας.
3321 2486 3482 2546 Οὗτοι
3545 2491 3602 2548 δὲ
3661 2487 3712 2541 οί

2132 2582 2392 2654 ἀσεσηνοὶ
2448 2583 2661 2653 κάστρα
2716 2601 2774 2637 τε
2840 2583 3026 2653 έχουσι
3091 2585 3181 2637 καὶ
3242 2582 3416 2654 ἄκρας
3473 2580 3599 2648 περὶ
3645 2578 3710 2631 τὸ

2132 2672 2323 2727 Λίλτον
2354 2672 2500 2744 δρος,
2527 2672 2864 2727 ὑπακούουσι
2889 2691 2948 2726 τε
2976 2673 3063 2749 τῷ⁴
3102 2672 3383 2747 σουλτάνῳη
3406 2672 3501 2740 τῆς
3540 2667 3711 2722 Βαϐυ-

2132 2762 2323 2829 λῶνος,
2359 2750 2571 2836 κεφαλῇ
2610 2763 2726 2818 ὄντι
2761 2763 2870 2818 τῶν
2905 2763 3301 2834 Σαρῤακηνῶν.
3335 2763 3442 2815 Καὶ
3473 2759 3624 2813 αὐτοὶ
3652 2757 3712 2809 δὲ

2130 2854 2243 2916 τοῖς
2263 2854 2451 2919 νόμοις
2497 2857 2592 2909 καὶ
2630 2856 2696 2925 τῇ
2740 2854 2895 2921 τάξει
2946 2852 3295 2925 Σαρρακηνοί
3344 2853 3472 2912 εἰσι,
3518 2850 3612 2903 καὶ
3642 2847 3705 2902 οὗ

2133 2945 2426 2998 καλοῦνται
2482 2932 2743 3016 ἆσεσηνοὶ
2793 2947 2942 3016 παρὰ
2984 2932 3102 2999 ’τῶν
3151 2943 3546 3016 Σαρῤακηνῶν,
3574 2942 3713 2995 ἀλλὰ

2144 3037 2513 3108 ’Ῑσμαηλῖται,
2542 3032 2657 3101 οἷον
2689 3036 2816 3107 ῥίζα
2850 3039 2944 3091 καὶ
2984 3037 3127 3110 φυλὴ
3154 3037 3261 3091 τῶν
3315 3034 3707 3110 Σαρρακηνῶν,

432 3116 626 3173 ralem.
661 3119 741 3174 Ex
769 3120 854 3177 his
884 3123 1057 3192 igitur
1081 3139 1315 3197 apparet
1342 3130 1653 3199 manifeste,
1682 3132 1831 3203 quod
1868 3134 2027 3190 Sara-

2134 3131 2229 3184 κα).
2284 3129 2492 3200 πρῶτοι
2542 3129 2832 3201 ἐκδικηταὶ
2881 3132 2975 3186 καὶ
3025 3132 3361 3202 συντηρηταὶ
3402 3131 3495 3184 τοῦ
3549 3132 3714 3196 νόμου

432 3221 696 3265 cenorum
729 3211 820 3268 lex
855 3214 961 3269 lex'
983 3225 1066 3272 est
1102 3219 1268 3276 czedis
1298 3230 1353 3276 et
1386 3220 1677 3279 violentiae.
1710 3222 1806 3280 Est
1840 3234 2024 3281 autem

432 3299 766 3369 violentum,
802 3306 962 3377 cujus
1010 3318 1194 3365 motus
1227 3321 1311 3367 est
1345 3312 1414 3368 ab
1442 3324 1621 3382 extra,
1665 3318 1759 3386 qui
1810 3319 2023 3375 nullum

2132 3223 2225 3278 τοῦ
2257 3223 2523 3294 Μωάμεθ.
2565 3225 2710 3303 Πρὸς
2754 3225 2916 3283 τοῦτο
2966 3226 3075 3296 γὰρ
3111 3226 3259 3307 ἰδίως
3297 3225 3494 3289 αὐτοὺς
3537 3222 3719 3276 νουθε-

2133 3316 2286 3371 τοῦσι
2351 3319 2448 3385 καί
2514 3317 2846 3403 τρέφουσιν,
2899 3320 3042 3393 ὥστε
3104 3319 3300 3399 φόνους
3363 3317 3714 3390 ἐργάζεσθαι.

430 3403 776 3450 momentum
824 3398 988 3469 hujus
1031 3403 1177 3471 quod
1224 3413 1478 3460 movetur
1513 3407 1768 3474 remittit,
1803 3418 1865 3465 ut
1892 3410 2027 3468 dicit

2135 3412 2306 3466 Τοῦτο
2360 3400 2496 3481 ἄγος
2555 3398 2653 3483 οὐχ
2702 3414 2757 3466 οί
2809 3415 3135 3483 Χριστιανοὶ
3191 3398 3376 3485 μόνον,
3412 3413 3715 3480 ἁγιώτατον

429 3483 782 3544 Aristoteles.
817 3491 882 3546 Et
927 3507 995 3546 ex
1036 3493 1141 3549 hoc
1185 3495 1561 3563 manifestum,
1605 3500 1754 3579 quod
1790 3515 1899 3557 non
1943 3510 2027 3557 est

2132 3500 2348 3581 ἔχοντες
2374 3503 2561 3581 νόμον,
2588 3502 2999 3575 βδελύσσονται,
3035 3504 3173 3558 ἀλλὰ
3195 3483 3297 3558 -καὶ
3330 3504 3379 3556 οἱ
3412 3502 3712 3571 Τάρταροι,

429 3591 521 3648 lex
551 3576 671 3632 Dei.
1179 3624 1194 3634 .
1698 3576 1701 3579 Ἴ
2142 3593 2192 3646 οἳ
2239 3576 2453 3658 οὐδέναξ
2481 3595 2646 3666 νόμον
2678 3595 2909 3661 ἑαυτούς
2946 3612 3111 3665 φασιν
3140 3595 3284 3666 ἔχειν
3329 3593 3467 3664 πλὴν
3493 3591 3583 3646 τοῦ
3615 3608 3715 3660 φυ-

433 3667 611 3724 σικοῦ.
647 3671 743 3727 Ἐκ
792 3674 1001 3728 τούτων
1044 3676 1226 3732 τοίνυν
1278 3680 1529 3751 φαίνεται
1563 3676 1838 3751 φανερῶς,
1870 3681 1947 3744 ὡς
1984 3682 2014 3734 ὁ
2052 3680 2161 3735 τῶν
2187 3683 2564 3755 Σαρῤακηνῶν
2595 3683 2763 3754 νόμος
2791 3685 2954 3765 νόμος
3017 3686 3141 3743 ἐστὶ
3186 3683 3416 3767 ’σφαγῆς
3448 3682 3543 3743 καὶ,
3568 3681 3714 3752 βίας.

437 3768 594 3824 Ἔστι
664 3770 721 3825 δὲ
761 3771 958 3843 βίαιον,
1003 3768 1063 3830 οῦ
1118 3777 1151 3846 ἡ
1213 3777 1427 3848 κίνησίς
1480 3762 1627 3831 ἐστιν
1679 3777 1901 3844 ἔξωθεν,
1967 3779 2088 3832 οὐδὲ
2132 3780 2266 3861 μίαν
2299 3780 2397 3836 τοῦ
2449 3781 2773 3857 κινουμένου
2834 3762 3132 3846 ἐνδιδόντος
3189 3762 3386 3853 ροπῇν,
3426 3780 3501 3845 ὼς
3549 3778 3715 3859 φησὶν

443 3865 849 3938 Ἀριστοτέλης.
886 3870 1011 3922 Κὰκ
1040 3869 1233 3924 τούτου
1264 3870 1447 3942 δῆλον,
1476 3868 1553 3936 ὡς
1585 3872 1685 3925 οὐκ
1716 3871 1833 3924 ἐστι
1860 3870 2023 3942 νόμος
2056 3871 2214 3930 Θεοῦ.

430 3983 527 4046 XI.
570 3982 718 4052 Quod
751 3984 1079 4061 Alcoranum
1124 4004 1230 4063 non
1272 3996 1347 4042 est
1389 3987 1474 4043 lex
1506 3987 1641 4054 Dei;
1670 3988 2027 4044 inordinatum

2137 3992 2244 4047 lA'.
2279 3993 2408 4047 Ὅτι
2444 3994 2511 4048 τὸ
2560 3992 2934 4061 Ἀλκορώνον
2970 3994 3083 4047 οὐκ
3129 3995 3263 4049 ἐστι
3314 3994 3498 4063 νόμος
3528 3995 3710 4051 Θεοῦ’

1094 4060 1235 4114 enim
1260 4070 1359 4115 est.

502 4152 811 4211 Undecimo
840 4152 1333 4218 considerandum,
1367 4151 1516 4222 quod
1548 4152 1882 4208 Alcoranu'm
1913 4168 2023 4210 non

429 4254 518 4305 est
561 4246 649 4302 lex
689 4245 809 4312 Dei,
853 4245 1231 4301 inordinatum
1283 4244 1432 4299 enim
1483 4254 1589 4300 est.
1628 4245 1760 4314 Quae
1799 4247 1948 4302 enim
1992 4262 2022 4300 a

429 4335 544 4395 Deo
572 4344 723 4401 sunt,
757 4336 1011 4391 ordinata
1037 4345 1191 4400 sunt,
1219 4343 1278 4390 ut
1300 4335 1746 4405 dicitApostolus
1765 4337 1833 4391 “.
1865 4336 2026 4393 Vide-

429 4445 556 4486 mus
592 4406 780 4487 autem
813 4430 918 4484 hoc
959 4430 1016 4483 in
1055 4427 1320 4499 operibus
1371 4438 1603 4497 naturae,
1639 4439 1696 4484 et
1741 4434 1796 4486 in
1844 4433 2020 4488 sacris

430 4524 755 4595 Scripturis.
805 4523 1213 4580 Firmissimum
1274 4522 1422 4578 enim
1466 4539 1575 4578 non
1631 4525 1808 4580 solum
1862 4526 2023 4582 Chri-

428 4617 645 4684 stianis,
698 4616 793 4672 sed
822 4617 989 4672 etiam
1033 4615 1166 4685 ipsis
1191 4613 1501 4682 Saracenis,
1549 4615 1718 4689 Moysi
1760 4619 1936 4690 legem
1968 4628 2025 4674 et

428 4710 730 4782 prophetas
772 4717 831 4765 et
871 4707 1226 4779 Evangelium
1256 4722 1288 4762 a
1334 4708 1448 4764 Deo
1490 4723 1631 4766 esse.
1675 4710 1802 4766 Haec
1835 4719 2021 4766 autem

429 4802 617 4857 omnia
651 4802 907 4857 ordinata
957 4808 1106 4857 sunt.
1149 4800 1362 4874 Moyses
1394 4802 1543 4858 enim
1574 4803 1733 4859 valde
1766 4803 2020 4861 ordinate

428 4893 625 4965 incipit
657 4911 687 4948 a
716 4893 906 4949 mundi
945 4893 1247 4961 creatione,
1279 4904 1337 4950 et
1370 4894 1634 4967 deinceps
1667 4904 1841 4952 totum
1872 4895 2019 4954 Pen-

426 4984 749 5043 tateuchum
781 4987 1059 5059 percurrit
1111 4988 1418 5044 secundum
1456 4990 1707 5047 ordinem
1752 4991 2019 5061 temporis

424 5085 484 5132 et
512 5076 763 5133 historiae
788 5096 802 5144 ;
824 5088 899 5157 ,οι
924 5078 1017 5157 alii
1064 5089 1248 5135 autem
1281 5082 1562 5153 propheta;
1593 5085 1732 5139 bene
1764 5084 2017 5142 ordinate

425 5180 823 5238 processerunt
848 5160 1152 5228 secundum
1180 5174 1434 5231 ordinem
1460 5166 1752 5247 temporis,
1783 5176 2016 5233 demon-

424 5250 662 5339 strantes
703 5265 929 5341 quando
962 5275 1019 5322 et
1058 5266 1260 5336 quibus
1303 5267 1550 5338 regibus,
1581 5268 1675 5324 vel
1706 5269 2011 5341 secundum

424 5355 677 5425 ordinem
710 5340 972 5425 hiStorim,
1001 5358 1085 5413 vel
1111 5361 1179 5414 ad
1210 5360 1395 5415 minus
1419 5359 1724 5415 secundum
1755 5360 2011 5437 ordinem

423 5447 693 5504 materia).
738 5449 807 5505 Et
863 5449 1217 5522 Evangelium
1282 5452 1425 5508 bene
1478 5466 1544 5507 ac
1601 5452 2013 5510 ordinatissime

422 5530 697 5607 procedit,
728 5549 786 5596 et
818 5542 1081 5612 temporis
1114 5542 1331 5607 ordine,
1364 5525 1421 5598 et
1459 5540 1726 5609 historiae,
1760 5551 1818 5599 et
1842 5550 2015 5600 mate-

422 5625 543 5683 riae.
579 5629 775 5703 Incipit
824 5634 1047 5704 quidem
1095 5633 1164 5688 ab
1206 5633 1587 5690 incarnatione
1620 5643 1677 5690 et
1727 5635 2013 5692 nativitale

494 5765 540 5798 ³³
568 5768 711 5829 Psal.
733 5787 880 5840 cxvu,
909 5772 964 5827 ‘2.
1041 5770 1087 5804 “
1112 5771 1277 5829 Rom.
1307 5786 1426 5841 xm,
1458 5772 1511 5825 l.

2716 4063 2978 4122 ἄτακτον
3004 4064 3136 4134 γάρ.

2214 4156 2535 4210 Ἐνδέκατον
2592 4155 2937 4228 θεωρητέον,
2987 4160 3069 4211 ὃτι
3129 4157 3190 4216 τὸ
3245 4158 3565 4228 Ἀλκορὰνον
3608 4159 3711 4217 οῦκ

2130 4246 2249 4302 ἐστι
2293 4248 2455 4317 νόμος
2502 4248 2674 4302 Θεοῦο
2711 4250 2954 4304 ἄτακτον
3000 4248 3109 4318 γάρ
3163 4250 3303 4308 ἐστι.
3334 4251 3416 4305 Τὰ
3468 4252 3526 4305 δὲ
3560 4252 3710 4322 παρὰ

2126 4341 2220 4394 τοῦ
2250 4340 2387 4395 Θεοῦ
2417 4342 2731 4417 τεταγμένα
2763 4343 2927 4407 εἰσὶν,
2967 4340 3043 4404 ὥς
3089 4360 3256 4414 φησιν
3287 4344 3315 4396 δ
3363 4343 3709 4419 Ἀπόστολος.

2137 4433 2387 4504 Ὀρῶμεν
2414 4435 2472 4488 δὲ
2505 4434 2663 4487 τοῦτο
2694 4432 2753 4487 ἐν
2782 4420 2844 4488 τε
2886 4437 2987 4504 τῆς
3022 4438 3243 4506 φύσεως
3277 4437 3462 4510 ἔργοις
3507 4438 3604 4492 καὶ
3647 4440 3710 4494 ὲν

2125 4528 2247 4588 ταῖς
2306 4526 2482 4596 ίεραίς
2534 4526 2802 4598 Γραφαῖς.
2854 4528 3221 4597 Βεσαιὸτατον
3275 4531 3384 4602 γάρ
3446 4531 3596 4585 ἐστιν
3643 4531 3705 4584 οὐ

2125 4620 2286 4689 μόνον
2318 4620 2690 4690 Χριστιανοῖς,
2721 4620 2861 4675 ἀλλὰ
2893 4624 2988 4678 καὶ
3017 4624 3207 4686 αὐτοῖς
3256 4626 3370 4688 τοίς
3411 4626 3707 4696 Σαῤῥακη-

2119 4713 2253 4776 νοῖς,
2285 4712 2377 4766 τὸν
2425 4712 2519 4767 τοῦ
2549 4715 2833 4780 Μωῦσέως
2884 4719 3049 4789 νόμον
3094 4717 3193 4771 καὶ
3243 4717 3374 4781 τοὺς
3423 4718 3708 4787 προφήτας

2119 4801 2215 4854 καὶ
2275 4801 2338 4855 τδ
2390 4802 2732 4872 Εὑαγγέλιον
2792 4805 2945 4878 παρὰ
2998 4804 3135 4860 Θεοῦ
3198 4804 3360 4862 εἶναι.
3413 4806 3598 4859 Ταῦτα
3648 4805 3709 4858 δὲ

2122 4893 2303 4959 πάντα
2350 4897 2662 4966 τεταγμένα
2716 4900 2877 4954 εἰσίν.
2916 4897 2976 4953 ’0
3013 4900 3114 4970 μὲν
3162 4899 3271 4968 γὰρ
3317 4899 3559 4971 Μωῡσῆς
3584 4899 3707 4953 λίαν

2119 4987 2399 5055 εὐτάκτως
2438 4989 2645 5061 ἤρξατο
2674 4992 2743 5046 ἐκ
2780 4992 2885 5063 τῆς
2933 4992 3027 5046 τοῦ
3072 4995 3282 5063 κόσμου
3313 4992 3703 5064 δημιουργίας,

2119 5080 2212 5157 καὶ
2232 5079 2434 5151 ἐφεξῆς
2466 5082 2596 5155 ὅλην
2615 5083 2717 5153 τὴν
2749 5084 3129 5156 Πεντάτευχον
3162 5084 3409 5154 διεξῆλθε
3439 5085 3578 5155 κατα
3605 5085 3704 5157 τὴν

2118 5154 2275 5237 τάξιν
2303 5173 2398 5226 τοῦ
2432 5191 2491 5227 τε
2528 5154 2723 5246 χρόνου
2757 5177 2851 5232 καὶ
2891 5177 2990 5247 τῆς
3033 5154 3275 5247 ίστορίας
3302 5194 3316 5209 ’
3351 5177 3453 5231 καὶ
3475 5154 3705 5255 οἱᾶλλοι

2118 5263 2176 5318 δὲ
2207 5264 2490 5335 προφῆται
2538 5266 2821 5330 εὐτάκτως
2870 5266 3169 5337 προῆλθον,
3208 5266 3519 5331 δεικνύντες
3560 5267 3707 5325 κατὰ,

2118 5356 2218 5428 τὴν
2251 5357 2345 5411 τοῦ
2373 5357 2567 5428 χρόνου
2600 5358 2776 5424 τάξιν,
2810 5358 2942 5411 πότε
2961 5359 3056 5412 καὶ
3086 5359 3180 5412 ἐπὶ
3208 5358 3380 5412 ποίων
3412 5357 3696 5428 βασιλέων,

2119 5448 2153 5521 ἢ
2186 5449 2325 5503 κατὰ
2355 5450 2454 5521 τὴν
2481 5450 2637 5516 τάξιν
2676 5450 2776 5521 τῆς
2812 5450 3079 5521 ἱστορίας,
3109 5451 3142 5522 ἦ
3173 5450 3528 5520 τούλάχιστον
3560 5451 3703 5511 κατὰ

2116 5543 2219 5617 τὴν
2251 5543 2407 5610 τάξιν
2435 5545 2535 5615 τῆς
2568 5544 2726 5616 ὕλης.
2763 5545 3099 5619 Ἀρχόμενον
3134 5546 3234 5616 μὲν
3277 5546 3385 5600 ἀπὸ
3426 5547 3524 5616 τῆς
3570 5562 3699 5616 σαρ-

2120 5632 2345 5701 κώσεως
2382 5638 2479 5692 καλ⁴
2507 5638 2607 5709 τῆς
2638 5639 2950 5704 γεννήσεως
2978 5638 3075 5694 τοῦ
3113 5638 3389 5727 Χριστοῦ,
3412 5639 3609 5709 ἐφεξῆς
3642 5638 3698 5693 re
