4068 6472
432 348 572 417 1109

1635 362 1932 423 CONTRA
1977 361 2031 419 Μ
2041 362 2081 418 Α
2092 359 2493 421 HOMETEM.

3528 364 3669 429 illi)

422 473 552 540 περὶ
580 467 675 524 τοῦ
711 468 826 543 βίου
858 472 953 525 καὶ
981 473 1080 542 τῆς
1111 472 1464 537 διδασκαλίας
1503 477 1599 530 καὶ
1631 476 1738 528 τῶν
1765 475 1953 536 θαυμά

2087 472 2311 537 Christi,
2345 473 2607 542 deinceps
2646 481 2831 527 autem
2862 473 2931 528 de
2962 474 3075 530 vita
3110 483 3165 529 et
3198 474 3446 529 doctrina
3477 488 3531 532 ct
3564 473 3662 537 tui.
3726 536 3735 545 ,

418 578 530 617 των
560 562 723 616 αὑτοῦ
752 575 767 592 ⁸
800 563 894 614 καὶ
924 565 1063 632 μετὰ
1091 564 1263 616 ταῦτα
1299 566 1426 633 περὶ
1465 566 1559 619 τοῦ
1605 566 1861 631 θανάτου,
1892 567 1985 619 καὶ

318 713 328 720 ,
417 655 518 723 τῆς
563 652 934 716 ἀναστάσεως,
996 657 1088 707 καί
1133 654 1237 723 τῆς
1282 655 1621 725 ἀναλήψεως.
1663 656 1751 707 Ἐν
1803 656 1859 709 δὲ
1907 656 1983 723 τῷ

426 745 737 814 Ἀλκοράνῳ
765 745 1044 808 παντελῶς
1092 749 1318 818 οὐδεμία
1348 750 1466 803 ἐστὶ
1497 749 1670 815 τάξις,
1695 749 1816 803 οὔτε
1859 750 1986 819 χρόα

415 854 530 899 νου,
567 836 689 891 οὐδὲ
744 836 853 906 γὰρ
903 838 1052 906 λέγει
1098 841 1190 893 ἐπὶ
1240 842 1402 895 τίνων
1448 841 1795 913 βασιλέων,ἧ
1840 843 1981 896 κατὰ

414 929 536 983 τίνα
562 929 771 999 καιρὸν,
810 927 936 982 οὔτε
970 930 1213 999 ἱστορίας
1243 933 1417 999 τάξις.
1455 932 1528 990 Τὸ
1556 932 1655 1000 μὲν
1689 933 1799 1003 γὰρ
1829 935 1983 1003 πρῶ-

412 1035 527 1082 τον,
573 1017 697 1071 ὅθεν
752 1010 1008 1090 ἦρξατο,⁶
1028 1021 1248 1089 λέγεται
1294 1022 1663 1095 ἐπιγραφὴ,ἢ
1721 1024 1984 1091 διάνοιξις

414 1106 506 1160 τοῦ
537 1106 768 1175 βιϐλίον,
805 1109 863 1160 ὲν
904 1100 948 1176 ᾧ
997 1108 1386 1181 ἀναμφιϐόλως
1427 1112 1644 1174 οἰκείως
1680 1112 1884 1184 ἤρξατο
1918 1115 1983 1169 ὲκ

416 1196 728 1266 προσευχῆς
786 1198 880 1250 καὶ
937 1196 1106 1267 ὕμνου
1163 1200 1340 1254 Θεοῠο
1397 1200 1598 1270 ἐφεξῆς
1647 1202 1701 1256 δὲ
1762 1204 1983 1273 ἀμέσως

417 1287 553 1352 μετὰ
589 1288 847 1357 βραχεῖαν
877 1289 1041 1360 εὐχὴν
1065 1291 1268 1360 ἤρξατο
1291 1293 1391 1362 τῆς
1432 1293 1843 1364 πραγματείας.
1874 1296 1981 1348 Καὶ

413 1381 529 1431 ἐστι
552 1379 855 1459 ’κεφᾴλαιον
884 1382 1141 1454 δεύτερον
1179 1387 1308 1453 περὶ
1363 1390 1462 1456 τῆς
1491 1388 1708 1458 πυρρᾶς
1737 1387 1881 1458 βοὸς,
1914 1388 1981 1459 ἣν

411 1469 579 1537 ἔθυσε¹
622 1472 880 1536 Μωῦσῆς,
907 1469 975 1545 ἧς
1024 1476 1234 1543 ἱστορία
1278 1477 1427 1530 ἐστὶν
1460 1479 1517 1530 ἐν
1571 1476 1650 1548 τῷ
1683 1477 1978 1549 Λευῖτικῷ.

412 1559 609 1630 Τρίτον
637 1561 694 1615 δὲ
742 1565 1037 1631 κεφάλαιον
1062 1569 1191 1638 περὶ
1224 1568 1317 1622 τοῦ
1359 1567 1506 1623 οἴκου
1556 1571 1649 1623 τοῦ
1699 1571 1976 1643 Ἀϐραὰμ.

410 1651 468 1713 ὃς
496 1653 691 1720 γέγονε
739 1655 1278 1726 πατὴρυΜωῢσέωςο
1320 1662 1378 1713 ὲν
1423 1654 1468 1728 ᾧ
1494 1660 1668 1715 πολλὰ
1710 1663 1839 1731 περὶ
1883 1662 1977 1716 τοῦ

409 1737 647 1812 Χριστοῦ
671 1747 1035 1815 παρενέϐαλε,
1061 1750 1155 1805 καί
1175 1768 1311 1821 φησι
1330 1753 1428 1822 τὴν
1455 1753 1731 1825 Παρθένον
1755 1753 1977 1825 Μαρίαν

410 1834 643 1906 ἀδελφὴν
670 1837 923 1905 γενέσθαι
948 1841 1227 1907 Μωῦσέως
1256 1847 1351 1899 καὶ
1382 1848 1615 1918 ’Λαρών.
1649 1849 1756 1903 Καὶ
1780 1850 1978 1918 ἐφεξῆς

411 1926 606 1980 ἕπεται
637 1928 697 1981 τὸ
728 1928 987 2000 τέταρτον
1022 1934 1319 2002 κεφάλαιον
1368 1939 1498 2010 περὶ
1529 1940 1637 1995 τῶν
1674 1944 1971 2009 γυναικῶν.

354 2044 363 2052 -
422 2016 658 2088 ὀμοίως
691 2020 746 2073 δὲ
795 2022 888 2076 καί
936 2027 1065 2094 περὶ
1117 2026 1227 2080 τῶν
1283 2029 1459 2083 ἄλλων
1494 2031 1664 2095 οὕτως
1702 2035 1981 2101 ἀτάκτως,

409 2105 548 2162 ὥστε
596 2111 799 2180 μηδένα
832 2110 972 2171 εἶναι
1019 2117 1308 2188 ἄνθρωπον
1359 2121 1418 2186 ὃς
1455 2122 1523 2176 ἂν
1555 2125 1770 2180 δύναιτο
1819 2127 1978 2194 λόγον

406 2199 699 2258 ἀποδοῦναι
722 2205 823 2276 τῆς
865 2208 1072 2273 τάξεως
1096 2210 1200 2280 ’τῆς
1244 2213 1485 2284 ίστορίας
1534 2218 1629 2269 καὶ
1674 2219 1784 2270 τῶν
1810 2236 1978 2288 κεφα-

404 2292 594 2352 λαίων.
636 2296 779 2350 Ἀλλ’
807 2299 927 2353 οὐδὲ
958 2301 991 2371 ἡ
1024 2300 1127 2370 τῆς
1152 2300 1286 2372 ὕλης
1316 2304 1467 2367 τάξις
1496 2308 1667 2362 ἐστίν.
1698 2310 1974 2365 Οὐδέποτε

408 2385 516 2456 γὰρ
547 2385 677 2455 μίαν
731 2389 1087 2459 ἐπεξέρχεται
1114 2390 1246 2461 ὕλην
1283 2395 1582 2458 εὐτάκτως,
1622 2397 1737 2450 ἀλλ’
1778 2400 1976 2471 ἐφεξῆς

408 2476 514 2564 απὸ
539 2480 668 2544 μιᾶς
699 2477 831 2550 ὕλης
859 2484 943 2551 ἐφ’
974 2485 1170 2555 ἑτέραν
1205 2487 1459 2539 ὑπόθεσιν
1490 2490 1766 2554 παντελῶς
1797 2493 1977 2564 ἀσύμ-

409 2562 572 2617 ϐατον
637 2571 1025 2640 μεταφέρεται,
1068 2574 1326 2645 ἄντικρυς
1385 2574 1575 2638 ῶσπερ
1645 2562 1974 2652 ὲξεστηκῶς.

418 2654 562 2708 Ἀλλ’
589 2657 711 2710 οὐδὲ
739 2659 893 2725 τάξιν
920 2661 1034 2731 ἔχει
1063 2664 1530 2735 ἐπιχειρημάτων,
1572 2669 1606 2739 ἦ
1648 2685 1795 2733 τινος
1842 2672 1976 2725 ἀπο-

402 2744 643 2815 δείξεως.
701 2750 844 2813 Ἀλλ’
897 2753 930 2822 ἡ
985 2753 1306 2812 διδασκαλία
1350 2760 1502 2812 πᾶσα
1556 2759 1616 2826 ἐξ
1663 2761 1976 2827 ὑποθέσεως

399 2839 646 2923 ςπρόεισι,
676 2842 772 2896 καὶ
802 2843 1132 2916 ὑποθέμενος
1162 2850 1285 2904 τινὰ
1324 2850 1585 2921 πρότασιν
1612 2852 1739 2906 καθ’
1774 2855 1976 2924 ἑαυτὴν

406 2931 606 3002 ἀληθῆ,
638 2932 696 3001 ἐξ
733 2935 948 3007 ἐκείνης
996 2939 1165 3012 ἄλλην
1214 2941 1337 2996 τινὰ
1386 2947 1769 3015 συμπεραίνει,
1806 2947 1976 3019 μηδὲν

406 3023 633 3093 ἔχουσαν
684 3027 861 3081 κοινὸν
924 3030 1059 3100 πρὸς
1115 3033 1216 3103 τὴν
1261 3034 1508 3105 πρώτην.
1566 3031 1691 3091 Οἶόν
1744 3041 1861 3092 ἐστι
1915 3038 1977 3093 τὸ

408 3116 651 3188 συνεχῶς
694 3117 825 3189 παρ’
869 3121 1036 3175 αὐτοῦ
1075 3122 1388 3195 λεγόμενον,
1423 3128 1562 3181 ὃτιὸ
1605 3127 1738 3193 Θεὸς
1775 3128 1975 3201 ὑψηλός
2007 3148 2050 3206 C

403 3208 522 3262 ἐστι
569 3210 666 3264 καὶ
709 3212 937 3279 ἀγαθὸς,
995 3214 1088 3268 καὶ
1139 3218 1199 3270 τὸ
1261 3218 1585 3291 Ἀλκορὰνον
1631 3232 1794 3295 νόμος
1859 3231 1981 3283 ἐστὶ

405 3301 703 3373 σωτηρίας,
729 3303 823 3356 καὶ
847 3305 874 3356 6
902 3305 1033 3368 Θεός
1057 3309 1169 3358 ἐστι
1198 3308 1351 3374 Θεὸς,
1374 3314 1469 3364 καὶ
1509 3314 1589 3367 ὅτι
1621 3317 1798 3381 οὐδείς
1825 3319 1976 3372 ἐστιν

400 3391 558 3454 ἄλλος
584 3392 717 3457 Θεὸς
752 3396 893 3465 πλὴν
920 3394 1016 3455 τοῦ
1036 3397 1191 3460 Θεοῦ,
1226 3381 1318 3452 καὶ
1348 3404 1375 3455 6
1409 3403 1654 3474 Μωάμεθ
1688 3410 1806 3461 ἐστὶ
1844 3426 1981 3480 προι-

401 3481 579 3551 φήτης
623 3481 856 3553 ἀληθής.
914 3482 1129 3537 Ὀποίον
1171 3485 1225 3539 δέ
1269 3488 1386 3542 ἐστι
1433 3489 1592 3545 τοῦτο
1653 3496 1712 3547 τὸ
1766 3499 1981 3566 συμπέ-

403 3588 613 3640 ρασμα,
639 3571 701 3626 τὸ
730 3574 824 3627 τὸν
848 3575 1092 3652 Minius!)
1118 3571 1257 3631 εἶναι
1284 3581 1462 3649 ἀληθῆ
1494 3583 1588 3637 τοῦ
1612 3583 1746 3638 Θεοῦ
1770 3586 1978 3656 δοῦλον,

401 3662 486 3714 ὅτι
516 3661 546 3713 6
578 3661 710 3724 Θεός
743 3663 860 3715 ὲστι
906 3664 1072 3731 Θεόςς
1112 3668 1223 3720 Καὶ
1274 3667 1463 3741 ὥσπερ
1496 3671 1555 3723 ἐν
1593 3671 1669 3743 τῷ
1699 3675 1980 3748 κεφαλαίῳ

401 3754 480 3824 τῷ
519 3754 805 3824 Ἐλμαῖδᾶ,
854 3755 882 3809 6
923 3757 1291 3827 ἑρμηνεύεται
1346 3762 1619 3831 τράπεζα,
1663 3768 1817 3834 φησι,
1867 3768 1985 3821 Κοι-

399 3841 667 3919 τὲστησσν
695 3844 830 3915 ἡμῖν
859 3846 887 3897 6
914 3844 1047 3906 Θεὸς
1066 3847 1244 3900 οίκίαν
1278 3848 1543 3921 Ἑλαρὰμ,
1560 3854 1836 3907 τουτέστιν
1858 3892 1979 3912 .....

401 3930 542 4000 αὕτη
594 3932 748 3986 ἔστὶν
795 3930 944 3998 οἶκος
985 3938 1209 3990 Μεσκέ’
1253 3941 1363 4009 μήν
1411 3942 1526 3994 ἐστι
1576 3943 1677 4013 τῆς
1718 3946 1977 4014 νηστείας

400 4025 496 4080 τοῦ
559 4027 1044 4105 Σαρρακηνισμοῢ.
1097 4032 1205 4083 Καὶ
1257 4031 1579 4100 γινώσκετε,
1639 4035 1722 4088 ὅτι
1774 4038 1803 4091 6
1846 4038 1977 4098 Θεὸς

402 4120 580 4173 πάντα
620 4116 753 4182 οῐδε,
788 4120 946 4177 τὰὲν
992 4121 1208 4192 οὐρανῷ
1255 4124 1351 4177 καὶ
1399 4126 1467 4177 τὰ
1517 4127 1609 4180 ἐπὶ
1660 4128 1780 4196 γῆς,
1812 4129 1905 4181 καὶ
1949 4131 1977 4183 6

398 4211 533 4275 Θεὸς
590 4205 700 4265 οἶδε
760 4212 870 4266 πᾶν
925 4213 1062 4280 ὅπερ
1122 4213 1292 4268 ἐστίν.
1355 4214 1518 4271 Ἀλλὰ
1571 4215 1658 4277 τίς
1718 4216 1976 4273 τοσοῦτον

398 4302 650 4372 ἀνόητος,
683 4302 815 4357 ὥστ’
851 4303 1237 4373 ἀμφιϐάλλειν,
1277 4306 1324 4357 εί
1349 4305 1377 4357 6
1414 4307 1556 4369 Θεὸς.
1582 4308 1759 4360 πάντα
1794 4304 1973 4371 οἷδενς

401 4392 581 4447 Ἔστω
611 4392 668 4446 δὲ
724 4394 821 4446 καὶ
854 4392 979 4446 τινὰ
1022 4394 1408 4462 ἀμφιϐάλλειν,
1441 4395 1605 4450 ποίαν
1650 4396 1974 4451 ἀκολουθίαν

2090 565 2291 620 raculis
2315 566 2452 637 ejus,
2486 573 2540 619 et
2568 571 2690 633 post
2720 564 2835 618 hch
2867 565 2934 618 de
2961 574 3134 619 morte
3164 574 3220 620 et
3254 568 3659 624 resulrectioue

2085 665 2141 708 et
2206 655 2579 722 assumptione
2634 654 2785 709 dicit.
2839 654 3111 711 Alcorano
3174 667 3357 731 autem
3435 658 3659 712 omnino

2085 747 2270 802 nullus
2299 755 2381 801 est
2411 748 2545 800 ordo
2577 746 2861 815 temporis.
2903 763 3078 817 neque
3115 748 3261 803 enim
3297 747 3428 803 dicit
3461 750 3662 817 quibus

2087 839 2329 909 regibus,
2361 837 2445 894 vel
2484 837 2783 894 secundum
2815 838 2959 908 quod
2992 850 3226 909 tempus,
3262 855 3443 909 neque
3476 840 3661 895 histo—

2086 929 2179 983 riae
2200 930 2336 984 ordo
2358 939 2460 983 est.
2481 929 2723 983 Primum
2759 929 2905 984 enim
2929 931 3232 1001 capitulum
3258 931 3401 986 unde
3429 931 3657 1001 incepit,

2085 1020 2288 1076 dicitur
2323 1021 2610 1089 inscriptio
2653 1023 2737 1076 vel
2779 1022 3011 1091 aperitio
3056 1022 3207 1088 libri,
3244 1024 3300 1076 in
3349 1039 3459 1093 quo
3500 1024 3662 1079 indu-

2084 1113 2256 1168 bitato
2288 1112 2510 1183 proprie
2545 1113 2751 1181 incepit
2777 1114 2843 1166 ab
2879 1113 3129 1168 oratione
3168 1125 3223 1170 et
3255 1115 3418 1170 laude
3450 1116 3567 1170 Dei.
3597 1117 3662 1170 Et

2084 1203 2289 1272 absque
2346 1203 2527 1257 medio
2576 1211 2698 1273 post
2743 1202 2966 1258 brevem
3017 1204 3322 1261 orationem
3367 1215 3657 1261 tractatum

2085 1294 2309 1364 incepit.
2347 1295 2415 1348 Et
2447 1303 2531 1348 est
2562 1294 2863 1362 capitulum
2902 1295 3205 1349 secundum
3233 1295 3300 1349 de
3329 1295 3473 1348 fulva
3499 1295 3659 1358 bore,

2082 1403 2251 1457 quam
2273 1387 2471 1442 obtulit
2500 1385 2734 1456 Moyses,
2754 1388 2913 1456 cujus
2940 1387 3165 1445 historia
3192 1396 3276 1443 est
3310 1389 3362 1441 ir.
3388 1387 3654 1443 Levitico.

2082 1480 2327 1534 Tertium
2364 1489 2548 1534 autem
2580 1480 2881 1549 capitulum
2915 1490 3000 1535 est
3036 1480 3104 1534 de
3151 1479 3314 1534 domo
3359 1472 3661 1541 Abraham,

2082 1571 2177 1640 qui
2208 1570 2310 1624 fuit
2334 1577 2487 1639 pater
2513 1568 2699 1640 Moysi,
2735 1571 2789 1624 in
2815 1586 2922 1639 quo
2949 1571 3119 1625 multa
3151 1571 3219 1625 de
3247 1570 3467 1626 Christo
3490 1573 3657 1625 inter-

2082 1662 2230 1727 serit,
2282 1671 2339 1715 et
2393 1661 2528 1716 dicit
2585 1661 2847 1731 virginem
2908 1661 3130 1717 Mariam
3186 1676 3434 1717 sororem
3486 1661 3654 1716 fuisse

2081 1752 2248 1823 Moysi
2297 1760 2353 1807 et
2406 1753 2613 1807 Aaron.
2665 1753 2732 1806 Et
2782 1753 3043 1822 deinceps
3096 1753 3348 1822 sequitur
3396 1765 3651 1820 quartum

2085 1844 2407 1913 capitulum,
2452 1844 2518 1899 de
2571 1843 2910 1900 mulieribus.
2956 1843 3219 1898 Similiter
3265 1852 3447 1899 autem
3489 1855 3546 1901 et
3588 1847 3654 1901 de

2084 1932 2206 1986 aliis
2246 1933 2325 1987 sic
2368 1930 2680 1986 inordinate
2712 1932 2979 2001 procedit.
3015 1933 3152 1987 adeo
3187 1934 3332 2003 quod
3384 1946 3543 1988 neum
3574 1937 3659 1984 est

2082 2024 2176 2093 qui
2229 2023 2399 2093 possit
2444 2023 2670 2109 reddere
2720 2025 2985 2080 rationem
3038 2026 3249 2082 ordinis
3296 2026 3541 2080 historiae
3607 2033 3659 2076 ct

2081 2108 2468 2183 capitulorum.
2501 2115 2563 2166 Et
2592 2106 2773 2183 neque
2800 2116 3046 2170 materiae
3076 2116 3212 2170 ordo
3242 2106 3653 2184 est.Nunquam

2081 2207 2226 2262 enim
2255 2222 2417 2260 unam
2451 2207 2733 2262 materiam
2762 2207 2903 2263 bene
2936 2209 3301 2278 ordinateque
3333 2208 3653 2278 pertransit,

2082 2298 2176 2352 sed
2208 2297 2466 2368 deinceps
2499 2298 2566 2353 ab
2596 2315 2700 2353 una
2747 2300 2974 2356 materia
3004 2301 3068 2354 ad
3114 2301 3342 2354 alterum
3387 2315 3485 2370 per
3527 2316 3656 2367 sup-

2083 2390 2409 2459 positionem
2436 2391 2659 2447 omnino
2688 2391 3129 2458 impertincntem
3158 2393 3507 2454 transfertur,
3537 2402 3652 2446 tan-

2081 2496 2244 2549 quam
2304 2482 2633 2539 abstractus.
2686 2482 2790 2537 Sed
2839 2490 2895 2537 et
2941 2499 3122 2552 neque
3178 2485 3430 2538 ordinem
3486 2482 3651 2537 habet

2081 2571 2636 2640 argumentationum,
2659 2575 2739 2627 vel
2764 2572 2993 2642 alicujus
3015 2575 3518 2630 demonstrationis.
3544 2576 3649 2629 Sed

2082 2660 2263 2714 omnis
2294 2659 2547 2715 doctrina‘
2586 2676 2652 2714 ex
2700 2661 3078 2731 suppositione
3120 2662 3393 2730 procedit,
3440 2671 3497 2716 et
3525 2677 3663 2730 sup—

2081 2752 2383 2822 positiones
2429 2752 2721 2822 quamdam
2774 2737 3213 2823 propositionem
3263 2770 3362 2823 per
3419 2754 3655 2823 seipsam

2083 2859 2374 2911 veram,ex
2405 2845 2495 2900 illa
2523 2845 2683 2901 aliam
2711 2846 3003 2919 quamdam
3035 2846 3331 2908 concludit.
3365 2861 3485 2915 quae
3516 2845 3655 2900 nihil

2083 2949 2373 2992 commune
2434 2938 2597 2992 habet
2629 2940 2698 2992 ad
2750 2938 3006 3007 primam.
3056 2937 3212 2993 Sicut
3257 2944 3344 2992 est
3393 2938 3656 2991 continue

2084 3027 2228 3101 quod
2264 3027 2333 3083 ab
2359 3042 2424 3083 eo
2454 3028 2681 3092 dicitur,
2714 3029 2862 3097 quod
2890 3029 3037 3084 Deus
3068 3037 3156 3083 est
3191 3028 3441 3083 excelsus
3472 3036 3529 3081 et
3555 3027 3655 3081 bn-

2085 3133 2211 3184 nus,
2234 3129 2288 3172 et
2312 3119 2455 3188 quod
2491 3118 2817 3173 Alcoranum
2847 3120 2934 3174 lex
2964 3127 3050 3174 est
3077 3118 3291 3183 salutis,
3317 3125 3373 3171 et
3403 3117 3548 3172 Deus
3572 3124 3660 3172 est

2085 3209 2248 3275 Deus,
2274 3219 2327 3263 et
2366 3210 2509 3279 quod
2542 3209 2728 3263 nullus
2758 3219 2841 3262 cst
2870 3209 3010 3264 alius
3045 3209 3188 3263 Deus
3220 3216 3422 3278 praeter
3460 3207 3652 3270 Deum,

2081 3311 2133 3354 et
2158 3299 2496 3354 Mahometus
2525 3310 2610 3356 est
2643 3300 2904 3370 propheta
2938 3315 3118 3355 verus.
3159 3300 3290 3364 Quae
3322 3305 3504 3351 autem
3539 3297 3657 3351 haec

2079 3391 2386 3456 conclusio,
2427 3391 2793 3446 Mahnmetum
2830 3406 2949 3446 esse
2975 3405 3167 3445 verum
3199 3389 3293 3444 Dei
3321 3402 3566 3455 servum,
3600 3396 3657 3442 et

2079 3483 2225 3554 quod
2255 3483 2399 3538 Deus
2422 3491 2507 3538 est
2536 3482 2714 3536 Drus?
2736 3482 2803 3537 Et
2828 3482 2883 3536 in
2914 3483 3156 3551 capitulo
3176 3479 3479 3545 Elmaiada,
3508 3481 3657 3550 quod

2080 3575 2476 3644 interpretatur
2518 3591 2719 3640 mensa,
2760 3574 2897 3629 dicit
2932 3592 2944 3627 :
2980 3573 3281 3627 Constituit
3320 3573 3482 3628 nobis
3512 3572 3660 3627 Deus

2079 3664 2303 3723 domum
2335 3664 2570 3726 Elaram,
2614 3665 2666 3721 id
2703 3673 2790 3720 est
2834 3664 3157 3720 vocationis.
3191 3664 3317 3719 Haec
3344 3674 3427 3719 est
3460 3664 3659 3718 domus

2080 3771 2298 3811 mensae.
2331 3756 2643 3810 Mensis'est
2675 3755 2869 3826 jejunii
2902 3754 3288 3810 Saracenismi.
3318 3754 3386 3808 Et
3411 3754 3516 3809 hoc
3547 3762 3652 3819 est,

2077 3857 2140 3903 ut
2164 3849 2371 3911 sciatis,
2406 3848 2551 3916 quod
2583 3848 2727 3902 Deus
2755 3850 2938 3902 omnia
2978 3848 3129 3901 novit
3157 3863 3276 3917 quae
3303 3834 3432 3902 sunt
3458 3847 3512 3899 in
3543 3860 3657 3901 cce-

2078 3941 2134 3996 lo
2164 3949 2219 3996 et
2246 3956 2368 4010 qua:
2397 3949 2523 3993 sunt
2558 3940 2607 3992 in
2643 3950 2808 4005 terra,
2839 3949 2896 3994 et
2929 3938 3072 3994 Deus
3105 3939 3209 3993 scit
3244 3937 3508 4008 quidquid
3547 3947 3651 3991 est.

2080 4030 2186 4084 Sed
2236 4030 2360 4100 quis
2410 4039 2495 4083 est
2545 4037 2653 4082 tam
2690 4029 2936 4091 demens,
2982 4039 3043 4082 ut
3088 4027 3305 4081 dubitet
3326 4027 3471 4103 _quin
3510 4025 3652 4079 Deus

2079 4121 2225 4176 sciat
2247 4118 2469 4174 omnia?
2499 4117 2606 4173 Sed
2637 4113 2818 4190 posito
2849 4119 2997 4189 quod
3033 4118 3313 4173 dubitetur
3340 4118 3410 4170 ab
3445 4118 3649 4186 aliquo,

2079 4228 2200 4282 quae
2222 4221 2307 4267 est
2336 4212 2448 4268 haec
2473 4211 2886 4279 consequentia,
2912 4210 3059 4281 quod
3091 4224 3277 4264 mensa
3308 4219 3363 4263 et
3383 4208 3652 4284 jejunium
3752 4248 3757 4251 .

2079 4304 2285 4359 mensis
2335 4301 2696 4359 Saracenismi
2747 4302 2910 4358 faciat
2957 4302 3123 4370 scire,
3161 4302 3308 4371 quod
3353 4303 3498 4356 Deus
3548 4301 3651 4355 scit

2078 4396 2303 4467 omnia?
2334 4394 2401 4450 Ει
2429 4395 2689 4450 continue
2722 4403 2904 4449 autem
2948 4394 3169 4449 videtur
3194 4392 3346 4464 loqui
3392 4403 3650 4463 tanquam

376 4482 510 4553 ,ἔχει
541 4485 601 4537 τὸ
629 4484 721 4538 τὸν
758 4481 906 4538 οἶκον
934 4486 1121 4543 Μεσκὲ
1155 4487 1247 4538 καὶ
1274 4487 1375 4556 τὴν
1405 4485 1657 4557 νηστείαν
1685 4487 1781 4540 τοῦ
1829 4491 1971 4561 Σαρ-

2081 4487 2397 4553 somniator,
2427 4497 2482 4541 et
2512 4487 2748 4540 maxime
2779 4486 2926 4539 circa
2959 4485 3119 4539 tinent
3148 4485 3297 4548 libri,
3333 4485 3424 4539 ubi
3459 4486 3652 4539 viden-

399 4571 739 4643 ρκκηνισμοῦ
772 4572 941 4643 μηνὸς
981 4575 1153 4626 ποιεῖν
1180 4573 1473 4640 γινώσκειν
1507 4576 1682 4629 αἴτιον
1713 4578 1968 4642 γενέσθαι

395 4661 493 4715 τοῦ
527 4663 724 4717 ειδέναι
755 4663 848 4715 τὸν
890 4663 1024 4716 Θεὸν
1054 4665 1231 4715 πάντα
1262 4664 1555 4731 γινώσκειν
1582 4685 1596 4733 ;
1629 4667 1877 4735 Συνεχῶς
1912 4667 1969 4719 δὲ

395 4754 543 4808 δοκεῖ
570 4755 913 4821 διαλέγεσθαι
945 4754 1130 4824 ὥσπερ
1161 4756 1567 4821 ὲνυπνιασθεὶς,
1605 4760 1698 4810 καὶ
1726 4760 1965 4827 μάλιστα

398 4848 526 4914 περὶ
562 4847 622 4899 τὸ
656 4846 808 4909 τέλος
852 4846 948 4899 τοῦ
980 4846 1208 4914 βιόλίου,
1240 4848 1375 4900 ὅπου
1414 4848 1567 4902 δοκεῖ
1609 4852 1739 4914 τοὺς
1776 4852 1971 4920 λόγους

398 4938 703 4992 ἐπιλείπειν
732 4937 921 5008 αὐτῷ·
952 4936 1143 5007 ὥσπερ
1190 4941 1250 4993 ὲν
1294 4940 1371 5011 τῷ
1417 4941 1701 5012 κεφαλαίῳ
1737 4942 1815 5010 τῷ
1851 4942 1972 4997 Ἐλ-
2012 4992 2018 4998 .

396 5030 661 5100 καφερὶμ,
691 5028 721 5082 6
744 5030 1103 5100 ἑρμηνεύεται
1131 5031 1434 5097 αἱρετικω,
1456 5035 1591 5102 φησι
1620 5032 1761 5086 κατὰ
1784 5034 1931 5100 λέξιν
1952 5052 1966 5066 ο

395 5118 466 5177 Ὦ
500 5123 837 5192 βλάσφημοι,
877 5121 939 5172 οὐ
984 5122 1302 5191 προσκυνῶ,
1341 5122 1369 5176 6
1426 5128 1808 5194 προσκυνεῖτε,
1851 5126 1968 5180 οὗθ’

395 5215 554 5286 ὑμεῖς
610 5214 991 5279 προσκυνεῖτε,
1015 5213 1043 5266 6
1077 5214 1397 5283 προσκυνῶ.
1440 5215 1600 5284 Ὑμῖν
1634 5217 1662 5268 6
1705 5217 1969 5288 ὑμέτερος

331 5359 338 5364 .
393 5310 578 5379 νόμος,
612 5308 707 5360 καὶ
740 5307 866 5375 ἐμοὶ
895 5307 922 5358 6
949 5305 1114 5374 νόμος
1152 5306 1180 5357 6
1209 5306 1363 5375 ἐμός.
1396 5305 1561 5359 Ἀλλὰ
1601 5309 1709 5372 πᾶς
1756 5309 1968 5378 αἱρετι-

392 5399 490 5461 κὸς
544 5397 703 5451 τοῦτο
749 5397 970 5450 δύναται
1012 5396 1215 5462 λέγειν,
1251 5396 1340 5449 ἵνα
1396 5396 1664 5467 διακόπτῃ
1700 5398 1800 5467 τὴν
1832 5397 2000 5470 ὕλην’

392 5489 493 5560 τὴν
528 5489 657 5559 περὶ
702 5482 804 5557 τῆς
846 5484 1130 5557 ζητήσεως
1176 5485 1275 5556 τῆς
1302 5486 1606 5560 Δὀιληθείοις.
1670 5487 1812 5540 Ἀλλ’
1849 5489 1970 5542 οὐδὲ

400 5557 685 5653 μέμνημαί
717 5596 850 5633 ποτε
905 5578 994 5633 διὰ
1051 5578 1253 5640 παντὸς
1301 5557 1395 5631 τοῦ
1431 5578 1637 5648 βιϐλίου
1693 5579 1753 5632 ἓν
1810 5583 1971 5650 μόνον

397 5674 736 5747 ἐπιχείρημα
783 5672 959 5744 εὑρὼν
992 5673 1116 5726 κατ’
1144 5671 1364 5726 εὐθεῖαν
1408 5671 1666 5727 ὑπόθεσιν
1701 5673 1796 5726 καὶ
1839 5674 1973 5744 πρέ-

399 5784 610 5823 πουσαν
667 5764 840 5832 τάξιν.
905 5766 971 5822 Ἦ
1016 5765 1073 5820 δὲ
1132 5764 1244 5837 τῷν
1298 5765 1580 5838 ὀνομάτων
1636 5767 1792 5833 τάξις
1855 5770 1975 5825 ἐκεῖ

1865 6022 1907 6037 ’-

2083 4588 2170 4632 tur
2216 4577 2267 4631 ei
2313 4576 2480 4630 verba
2512 4573 2765 4630 deficere.
2805 4572 2960 4627 Sicut
2991 4572 3046 4626 in
3097 4573 3333 4642 capitulo
3381 4571 3650 4641 Elcaphe-

2079 4687 2199 4724 rum
2254 4668 2399 4739 quod
2442 4669 2835 4737 interpretatur
2883 4666 3135 4731 hmretici,
3183 4665 3318 4719 dicit
3363 4665 3431 4719 de
3481 4664 3649 4718 vcrho

2079 4763 2144 4815 ad
2195 4762 2423 4815 verbum
2452 4777 2466 4814 :
2501 4759 2546 4815 Ο
2581 4758 2965 4823 exsccrabilcs,
3017 4772 3127 4810 non
3164 4755 3333 4810 adoro
3365 4755 3510 4824 quod
3554 4770 3653 4807 vos

2079 4854 2340 4921 adoratis,
2365 4836 2541 4923 neque
2566 4838 2925 4905 vos'adoratis
2956 4838 3100 4919 quod
3128 4865 3230 4919 ego
3258 4848 3460 4912 adoro;
3494 4847 3651 4901 vobis

2077 4956 2264 5002 vestra
2298 4947 2408 5010 lex,
2446 4952 2502 4998 et
2528 4943 2665 4999 mihi
2694 4958 2812 4997 mea
2839 4943 2948 4996 lex.
2973 4941 3078 4995 Sed
3106 4941 3336 5010 quilibet
3362 4941 3652 4997 hazreticus

2077 5045 2259 5108 potest
2298 5037 2404 5090 hoc
2429 5036 2634 5101 dicere,
2669 5043 2729 5088 ut
2758 5033 3052 5088 intercidat
3091 5033 3377 5087 materiam
3420 5050 3542 5103 quae
3570 5045 3652 5087 est

2078 5129 2147 5185 de
2189 5127 2548 5198 inquisitione
2579 5126 2847 5180 veritatis.
2881 5125 2949 5178 Et
2991 5140 3171 5194 neque
3209 5126 3534 5179 reminiscor
3562 5137 3650 5175 me

2080 5223 2353 5278 invenisse
2394 5220 2448 5274 in
2483 5227 2596 5274 toto
2627 5219 2771 5273 libro
2801 5232 2965 5273 unam
3008 5219 3181 5273 solam
3223 5215 3651 5288 argumentatio-

2078 5331 2203 5370 nem
2260 5330 2383 5385 quae
2412 5310 2714 5368 secundum
2741 5319 2947 5365 rectam
2975 5310 3410 5379 suppositionem
3437 5318 3493 5360 et
3519 5321 3653 5359 con-

2078 5406 2390 5460 venientem
2415 5403 2664 5458 ordinem
2693 5400 2971 5470 procedat.
2994 5392 3291 5456 Nominum
3312 5405 3493 5451 autem
3515 5395 3651 5448 ordo

2078 5498 2189 5553 illic
2225 5497 2580 5568 grammatice
2619 5504 2674 5548 et
2727 5494 3035 5563 rhythmice
3079 5492 3320 5561 optimus
3361 5496 3464 5544 est.
3513 5488 3649 5544 Fere

2077 5590 2223 5646 enim
2254 5597 2400 5643 totus
2436 5587 2577 5641 liber
2606 5585 2865 5639 metricus
2899 5594 2954 5638 et
2981 5584 3322 5655 rhythmicus
3356 5592 3458 5636 est.
3496 5581 3651 5637 Unde

2077 5686 2135 5732 et
2161 5676 2315 5731 valde
2343 5675 2645 5745 gloriantur
2688 5673 2945 5728 Saraceni
3004 5676 3057 5727 in
3089 5674 3167 5728 sic
3201 5672 3434 5741 pulchro
3466 5680 3523 5725 et
3555 5688 3652 5726 or-

2066 5779 2207 5846 ‘nato
2237 5769 2479 5826 Arabicae
2505 5766 2799 5823 locutionis
2827 5766 3020 5834 modo;
3053 5774 3109 5823 et
3139 5783 3205 5822 cx
3239 5767 3326 5823 his
3357 5782 3660 5839 argumcn—v
