4068 6478
414 380 553 454 1111
1663 382 2008 467 usumin

2090 382 2406 451 CYDONII
3540 380 3676 448 1112

409 505 620 564 tantur,
655 511 849 553 verum
882 495 1211 568 prophetam
1244 495 1412 553 fuisse
1445 494 1840 552 Mahometnm.
1873 495 1991 550 Non

2099 495 2508 568 γραμματικῶς
2525 494 2621 551 καὶ
2637 495 3020 569 ἀριθμητικῶς
3036 493 3299 565 καλλίστη
3319 494 3457 549 ὲστί.
3480 495 3677 568 Σχεδὸν

406 589 556 646 enim
582 589 665 646 sic
686 598 880 644 ornate
900 589 1154 645 scivisset
1179 588 1331 660 loqui
1355 589 1521 645 homo
1543 588 1770 643 omnino
1798 589 1989 643 idiota.

2103 586 2212 658 γὰρ
2242 588 2305 640 τὸ
2330 586 2536 658 βιϐλίον
2560 587 2703 653 ὅλον,
2736 589 2833 642 καὶ
2857 588 3128 658 ρυθμικόν
3158 589 3328 642 ἐστιν.
3363 588 3529 643 Ὅθεν
3556 591 3676 644 λίαν

409 680 516 736 Sed
548 679 695 735 sicut
726 680 988 750 superius
1026 680 1205 735 visum
1247 690 1333 736 est
1381 681 1434 735 in
1482 669 1682 751 quarto
1726 679 1993 751 capitulo,

2103 678 2422 748 καυχῶνται
2471 679 2521 732 οί
2566 680 2915 751 Σαῤῥακηνολ⁸
2958 680 3044 748 ἐφ’
3082 678 3225 734 οὕτω
3273 681 3426 751 καλῷ
3459 685 3555 737 κα)⁵
3582 701 3679 737 κε-

407 785 520 824 non
552 770 844 825 consuevit
873 770 1019 828 Deus
1052 770 1202 842 loqui
1236 772 1293 829 in
1323 771 1550 836 mundo,
1581 772 1665 826 vel
1706 786 1830 827 cum
1866 785 1998 841 pro-

2109 769 2447 841 κοσμημένῳ
2490 769 2792 842 ’Δραϐικῆς
2822 770 3117 836 διαλέξεως
3149 772 3335 841 τρόπῳ
3358 789 3372 804 ·
3407 772 3513 826 κάκ
3555 773 3680 826 τού-

411 861 616 930 phetis,
650 877 750 932 per
777 876 973 919 versus
1012 862 1099 918 vel
1132 863 1445 936 rhythmos.
1477 863 1569 920 Sic
1616 865 1784 935 igitur
1826 863 2002 919 mani—

2107 877 2217 914 των
2247 860 2622 931 ἐπιχειροῦσιν
2647 861 2821 933 ἀληθῆ
2851 863 3144 933 προφήτην
3174 859 3317 917 εἶναι
3345 863 3436 916 τὸν
3461 862 3674 934 Ιίαχού⁴

412 954 634 1018 i'estum,
668 954 830 1028 quod,
858 955 945 1009 Iex
978 954 1095 1012 haec
1139 970 1246 1010 non
1287 964 1374 1012 est
1399 973 1428 1011 a
1462 957 1596 1023 Deo,
1629 973 1753 1028 quae
1786 957 1999 1014 nullum

2111 971 2235 1026 μετ.
2272 955 2388 1011 Οὐκ
2439 953 2505 1012 ἂν
2557 956 2668 1027 γὰρ
2711 952 2856 1009 οὕτω
2914 955 3156 1025 κοσμίως
3206 954 3476 1025 ἠπίστατο
3510 955 3681 1009 διαλέ-

414 1042 586 1100 habet
616 1045 865 1102 ordinem
920 1044 1027 1102 nisi
1080 1046 1258 1101 solum
1301 1046 1674 1119 rhythmicum
1715 1059 1771 1106 et
1814 1063 2001 1121 gram-

2108 1048 2307 1118 γεσθαι
2369 1046 2661 1120 ἄνθρωπος
2740 1045 3025 1111 παντελῶς
3098 1045 3337 1114 ίδιώτης.
3398 1045 3539 1101 ’Δλλ’
3604 1046 3681 1110 ὡς

415 1135 700 1203 maticum,
725 1137 819 1207 qui
855 1137 969 1192 Deo
1007 1152 1119 1192 non
1149 1138 1430 1211 congruit.

2107 1138 2369 1210 ἀνωτέρω
2391 1138 2733 1211 τεθεώρηται
2771 1139 2830 1192 ἒν
2869 1139 2952 1210 τῷ
2982 1136 3229 1209 τετάρτῳ
3252 1138 3555 1207 κεφαλαίῳ,
3580 1139 3682 1193 οὐκ

413 1228 609 1285 είωθεν
645 1231 674 1283 6
718 1230 853 1295 Θεὸς
892 1232 1250 1302 διαλέγεσθαί
1294 1235 1374 1306 τῷ
1402 1236 1616 1309 κόσμῳ,
1648 1238 1683 1310 ή
1712 1239 1828 1303 τοῖς
1857 1236 2197 1309 προφήταις,
2254 1236 2324 1291 δι’
2373 1234 2524 1290 ἐπῶν
2592 1235 2627 1307 ή
2696 1234 2943 1307 ῥυθμῶν.
3011 1234 3170 1289 Οὕτω
3209 1235 3388 1290 τοίνυν
3429 1237 3682 1304 φανερὸν,

414 1322 498 1376 δτι
525 1323 554 1376 6
589 1323 756 1393 νόμος
805 1316 963 1389 οὗτος
1006 1325 1110 1381 οὐκ
1161 1326 1278 1382 ιστι
1321 1329 1474 1402 παρά
1507 1329 1665 1398 Θεοῦ,
1717 1330 1997 1404 μηδεμίαν
2035 1330 2176 1401 ἔχων
2200 1327 2377 1396 τάξιν,
2400 1330 2448 1382 εί
2475 1328 2550 1401 μή
2609 1328 2773 1397 μόνον
2832 1327 3110 1399 ῥυθμικὴν
3140 1329 3233 1382 καὶ
3262 1327 3683 1399 γραμματικὴν,

415 1413 450 1484 ἢ
481 1414 563 1486 τῷ
585 1416 708 1487 Θεῷ
739 1417 838 1488 οὐχ
865 1417 1124 1491 ἁρμόζει.

415 1504 533 1562 XII.
570 1505 723 1574 Quod
749 1508 834 1565 lea:
855 1508 1248 1637 Saracenorun‘t
1268 1529 1372 1569 non
1397 1522 1475 1570 εει
1496 1514 1631 1583 Dei;
1653 1516 1836 1589 iniqua
1864 1516 2003 1572 enim

1162 1599 1215 1637 es
1244 1624 1259 1637 .

2001 1554 2003 1565 .
2184 1512 2284 1567 IB'.
2316 1511 2448 1564 Ὀτι
2468 1511 2502 1564 d
2533 1511 2722 1579 νόμος
2742 1502 2922 1576 οὗτος
2951 1509 3066 1563 οὐκ
3092 1506 3229 1563 ἐστι
3254 1508 3417 1580 παρὰ
3440 1508 3607 1565 Θεοῦ.

1162 1599 1259 1639 eu.
2337 1609 2341 1614 ‘

487 1663 831 1724 Duodeclmo
861 1680 1082 1740 oportet
1124 1661 1500 1740 considerare,
1555 1676 1705 1745 quod
1746 1666 1858 1733 Iex'
1887 1675 2005 1732 haec

2183 1665 2500 1723 Δωδὲκατον
2520 1663 2601 1717 δεῖ
2624 1661 2872 1734 θεωρεῖν,
2897 1663 2980 1718 ὅτι
3013 1664 3044 1716 6
3070 1652 3244 1734 ’νόμος
3264 1656 3421 1729 οὗτος
3448 1666 3545 1720 οὐκ
3565 1665 3686 1721 ιστι

415 1770 529 1812 non
556 1765 641 1814 est
664 1774 696 1814 a
725 1759 861 1817 Deo.
893 1761 1042 1818 Deus
1074 1763 1223 1818 enim
1253 1773 1339 1820 est
1370 1781 1584 1822 summe
1600 1766 1794 1843 .bonus
1817 1785 1832 1824 :
1858 1768 2005 1839 opti-

2188 1756 2265 1828 ηρά
2296 1751 2457 1809 Θεοῦ.
2499 1752 2559 1807 '0
2587 1752 2697 1823 γὰρ
2722 1752 2856 1816 Θεὸς
2901 1752 3090 1825 ἄκρως
3137 1754 3289 1808 ἔστιν
3327 1755 3685 1824 ἀγαθός·τοῦ
3790 1816 3794 1817 ν

415 1848 492 1902 ml
519 1857 703 1905 autem
732 1861 818 1907 est
861 1853 1067 1923 optima
1097 1854 1300 1920 Iacere,
1327 1835 1631 1914 secundum
1659 1835 2000 1932 Dionysium.

2104 1848 2163 1904 δὲ
2183 1848 2408 1920 ἀρίστου
2443 1846 2593 1900 ἐστὶν
2622 1845 2822 1915 ἄριστα
2854 1849 3052 1911 ποιεῖν,
3079 1846 3223 1901 κατά
3261 1846 3354 1901 τὸν
3387 1847 3684 1905 Διονύσιον.

418 1937 576 2007 Quod
606 1936 788 1999 autem
818 1943 905 2000 lex
941 1945 1202 2003 Alcorani
1235 1947 1422 2019 iniqua
1451 1958 1557 2009 est.
1588 1965 1655 2006 ex
1687 1951 1807 2023 ipso
1835 1953 2000 2009 Alco-

2108 1941 2232 1995 Ὀτι
2257 1940 2315 1994 δὲ
2348 1941 2375 1994 6
2401 1938 2568 2008 νόμος
2598 1935 2696 1990 τοῦ
2742 1937 3073 2009 Ἀλκοράνου
3125 1939 3368 2010 πονηρός
3418 1941 3586 2003 ἐστιν,
3619 1939 3682 2004 ἐξ

423 2045 560 2087 rano
603 2032 959 2091 manifestum
989 2045 1104 2113 est.
1126 2037 1340 2095 Dicitur
1361 2040 1507 2095 enim
1556 2040 1609 2097 in
1640 2043 1883 2113 capitqu
1908 2044 2004 2100 EI-

2105 2033 2274 2088 αύτοῦ
2301 2031 2400 2087 τοῦ
2445 2032 2776 2103 ’Λλκοράνου
2820 2031 3080 2101 φανερόν.
3110 2029 3347 2101 Λέγεται
3375 2032 3487 2103 γὰρ
3516 2034 3574 2085 ὲν
3601 2032 3683 2105 τῷ

418 2122 594 2193 caph,
637 2134 696 2181 et
739 2126 797 2182 in
840 2108 1104 2199 capitulo'
1140 2129 1365 2202 Elgem,
1412 2132 1559 2203 quod
1607 2108 2007 2206 interpretatur

2106 2124 2393 2198 κεφαλαίῳ
2418 2124 2496 2195 τῷ
2540 2125 2769 2193 Ἐλκάφ,
2802 2124 2900 2179 καὶ
2928 2125 2987 2178 ἑν
3021 2123 3098 2195 τῷ
3124 2124 3411 2196 κεφαλαίῳ
3456 2126 3682 2196 Ἐλγὶμ,

417 2215 703 2279 άωικωιεε,
743 2218 891 2289 quod
936 2221 1118 2291 ipsum
1163 2223 1494 2280 Alcoranum
1530 2226 1711 2297 placet
1739 2228 2007 2284 daemoni-

2104 2220 2135 2275 6
2172 2218 2544 2291 ἑρμηνεύεται
2599 2217 2904 2287 δαίμονες,
2955 2219 3038 2273 ὅτι
3083 2217 3217 2273 αὐτὸ
3242 2216 3304 2271 τὸ
3360 2215 3681 2290 ’Δλκοράνον

419 2307 545 2374 bus,
576 2316 633 2363 et
660 2307 714 2363 in
741 2309 936 2366 eodem
967 2311 1345 2381 delectantur;
1379 2315 1658 2374 daemones
1685 2327 1867 2375 autem
1901 2320 2008 2375 ini-

2106 2313 2338 2384 ἀρέσκει
2375 2312 2491 2374 τοῖς
2543 2310 2788 2378 δαίμοσι,
2818 2309 2912 2363 καὶ
2958 2310 3244 2379 χαίρουσιν
3281 2308 3451 2381 αὐτῷ.
3483 2310 3544 2364 Ol
3571 2311 3684 2365 δαί-

416 2399 514 2468 qui
544 2410 677 2457 sunt
703 2404 1030 2472 etperversi
1068 2405 1373 2463 secundum
1404 2409 1768 2474 voluntatem,
1800 2411 2007 2482 quibus

2110 2420 2274 2474 μονες
2324 2401 2554 2475 πονηροί
2607 2402 2716 2454 είσι
2767 2402 2862 2455 καὶ
2910 2401 3345 2472 διεστραμμένοι
3393 2402 3534 2456 κατὰ
3582 2401 3682 2471 τήν

418 2500 616 2560 praeter
646 2493 896 2564 iniquum
931 2496 1082 2551 aliud
1120 2497 1298 2566 placet
1327 2496 1498 2567 nihil;
1531 2501 1870 2558 Aicoranum
1903 2503 2005 2575 igi-

2107 2495 2350 2565 θέλησιν,
2386 2487 2633 2564 οῖςπλήν
2667 2491 2764 2546 τοῦ
2801 2491 3044 2564 πονηροῦ
3101 2492 3255 2547 οὐδὲν
3308 2492 3497 2564 ἕτερον
3554 2494 3680 2563 696-

419 2593 512 2637 tur
541 2582 744 2639 malum
785 2594 890 2640 est.
917 2586 1052 2641 Item
1090 2588 1424 2644 Alcoranum
1454 2606 1621 2647 causa
1649 2602 1735 2649 est
1762 2595 2006 2650 omnium

2108 2603 2231 2641 cum
2260 2602 2276 2619 ·
2338 2585 2401 2638 τὸ
2466 2585 2796 2656 Ἀλκοράνον
2849 2585 2958 2656 ἀρα
3015 2583 3188 2639 κακόν
3235 2585 3409 2640 ἑστιν.
3454 2585 3574 2641 Ἔτι
3619 2584 3679 2638 τὸ

418 2675 717 2740 malorum,
751 2677 897 2732 sicut
929 2678 1119 2743 caedis,
1156 2681 1384 2751 rapinae,
1426 2684 1675 2753 periurii,
1705 2692 1761 2739 et
1811 2686 2007 2756 hujus-

2117 2679 2449 2752 Ἀλκορόινον
2496 2676 2671 2732 αἴτιόν
2718 2679 2836 2732 ἐστι
2886 2675 3109 2731 πάντων
3160 2677 3271 2730 τῶν
3310 2677 3495 2732 κακῶν
3520 2693 3534 2709 ⁶
3569 2671 3675 2731 οἷον

418 2765 589 2830 modl,
631 2782 755 2837 qua:
801 2783 911 2823 non
953 2769 1130 2825 solum
1190 2773 1459 2842 permittit
1502 2774 1860 2840 Alcoranum,
1908 2776 2004 2832 sed

2108 2776 2306 2846 φόνων,
2348 2772 2630 2844 ἁρπαγῆς,
2666 2769 2978 2841 ἐπιορκίας,
3023 2769 3123 2824 καὶ
3167 2768 3278 2823 τῶν
3322 2768 3611 2823 τοιούτων·
3642 2767 3677 2823 ἃ

418 2856 587 2913 etiam
627 2858 852 2915 mandat
895 2860 1065 2932 (sicut
1101 2863 1359 2933 superius
1379 2864 1730 2921 manifestum
1767 2864 1914 2937 fuit),
1949 2873 2007 2923 et

2105 2869 2173 2939 δή
2224 2867 2286 2922 οὐ
2338 2867 2499 2937 μόνον
2555 2865 2835 2935 συγχωρεῖ
2888 2862 2950 2916 τὸ
3012 2861 3363 2933 Ἀλκοράνον,
3402 2861 3537 2918 ἀλλά
3587 2861 3678 2915 καὶ

419 2948 660 3005 maxime
686 2954 889 3007 caedes.
918 2951 1036 3009 Non
1065 2954 1344 3011 suﬁieiens
1372 2963 1559 3011 autem
1586 2957 1872 3014 excusatio
1896 2967 2003 3026 εει,

2107 2958 2463 3033 προστάσσει,
2492 2958 2568 3022 ὡς
2599 2956 2861 3025 ἀνωτέρω
2891 2955 3086 3025 γέγονε
3115 2954 3298 3026 δῆλον,
3322 2954 3423 3009 καὶ
3451 2954 3675 3025 μάλιστα

417 3040 682 3099 mandare
748 3044 998 3102 inﬁdeles
1066 3048 1334 3114 interimi,
1397 3048 1495 3105 sed
1543 3065 1726 3122 neque
1789 3050 2002 3110 ﬁdeles.

2106 3053 2324 3124 φόνους.
2363 3050 2478 3121 Οὐχ
2538 3048 2703 3119 ἱκανὴ
2755 3047 2814 3101 δὲ
2847 3047 3184 3119 παραίτησις
3220 3046 3282 3100 τὸ
3311 3046 3670 3116 προστάσσειν

418 3133 563 3191 Dicit
590 3136 740 3192 enim
771 3137 1104 3208 indubitate,
1129 3141 1276 3213 quod
1309 3141 1486 3201 ﬁdelis
1520 3159 1630 3201 non
1666 3144 1836 3202 debet
1866 3146 2006 3203 inte—

2070 3191 2073 3208 ,
2105 3146 2233 3210 τοὺς
2258 3142 2523 3205 ἀπίστους
2551 3139 2971 3204 ἀποκτιννύναι,
2999 3139 3139 3193 ἀλλά
3167 3138 3246 3213 μὴ
3274 3138 3405 3202 τοῦς
3433 3138 3676 3203 πιστούς.

424 3231 628 3288 rimere
669 3231 927 3292 ﬁdelem:
960 3236 1110 3306 ipsos
1141 3248 1326 3297 autem
1362 3239 1612 3296 inﬁdeles
1653 3241 1876 3298 mandat
1922 3242 2008 3298 in-

2073 3231 2243 3313 “!!qu
2280 3238 2392 3308 γὰρ
2425 3232 2836 3305 ἀναμφιϐόλως,
2886 3233 2968 3287 ὃτι
3012 3233 3042 3287 6
3095 3232 3291 3296 πιστὸς
3333 3232 3432 3287 ούκ
3478 3232 3679 3302 ὀφείλει

420 3325 709 3392 terimere,
756 3326 863 3383 nisi
929 3329 1140 3384 tributa
1202 3331 1440 3387 solvant.
1489 3330 1784 3388 Tributum
1839 3332 2008 3405 igitur

2106 3327 2500 3385 ἀποκτιννύναι
2560 3327 2793 3392 πιστὸν,
2848 3325 3048 3388 αὐτοὺς
3107 3324 3165 3379 δὲ
3231 3323 3359 3388 τοὺς
3420 3323 3682 3388 ἀπίστους

417 3414 633 3471 solvere
678 3416 958 3475 sufﬁciens
1000 3434 1165 3475 causa
1194 3428 1281 3477 est
1312 3421 1689 3490 interimendi,
1736 3425 1825 3485 vel
1869 3439 2005 3481 non.

2109 3420 2456 3477 ἀποκτείνειν
2504 3417 2834 3480 ἐντέλλεται,
2870 3416 2929 3469 si
2987 3415 3063 3488 μὴ
3106 3415 3307 3487 φόρους
3356 3415 3578 3471 τελοῖεν.
3609 3415 3681 3468 Τὸ

419 3504 605 3572 Quare
652 3522 787 3575 non,
820 3509 876 3564 in
901 3521 1170 3580 quantum
1226 3512 1478 3571 inﬁdeles
1532 3524 1682 3582 sunt,
1728 3524 1818 3572 est
1860 3515 2011 3573 tale?

2107 3513 2221 3585 ἄρα
2267 3511 2469 3585 φόρους
2513 3509 2689 3564 τελεῖν
2750 3507 2914 3580 ἱκανή
2964 3508 3114 3562 ἐστιν
3170 3509 3321 3562 αίτία
3368 3506 3463 3562 τοῦ
3508 3507 3540 3579 ή
3585 3524 3681 3577 φο-

420 3596 576 3663 item,
607 3597 755 3654 sicut
780 3599 833 3656 in
862 3602 1118 3672 pluribus
1156 3602 1294 3660 locis
1325 3606 1581 3663 Alcorani
1606 3606 1842 3664 dicitur:
1870 3606 2005 3662 Nul-

2107 3605 2381 3670 νεύεσθαι,
2415 3602 2449 3676 ἢ
2497 3603 2597 3674 μή.
2623 3602 2788 3656 Ὠστε
2829 3601 2891 3654 ού
2925 3599 3062 3654 καθὸ
3104 3600 3365 3665 ἀπίστους
3410 3600 3469 3654 τὸ
3507 3598 3683 3653 τοιοῦ-

418 3689 535 3743 lum
577 3700 663 3747 est
691 3693 868 3763 majus
915 3695 1140 3761 malum,
1184 3713 1349 3768 quam
1380 3700 1493 3756 Deo
1539 3688 1889 3756 mendacium
1919 3701 2008 3758 in-

2106 3712 2235 3766 τον;
2278 3697 2401 3750 Ἔτι
2431 3693 2616 3757 καθὼς
2648 3694 2705 3748 ὸν
2736 3692 2947 3747 πλείοσι
2983 3692 3171 3757 τόποις
3213 3690 3308 3746 τοῦ
3361 3692 3680 3763 ’Λλκοράνου

412 3781 665 3853 jungere.
700 3784 1030 3844 Alcoranum
1059 3798 1244 3849 autem
1279 3794 1449 3847 multa
1485 3801 1542 3849 et
1582 3794 1689 3851 alia
1720 3793 2005 3852 mendacia

2107 3790 2347 3861 λέγεται,
2374 3788 2542 3845 Οὐδέν
2572 3788 2690 3842 ἐστι
2730 3786 2915 3858 μεῖζον
2941 3785 3135 3854 κακὸν,
3162 3785 3195 3856 ἢ
3226 3784 3304 3856 τῷ
3333 3783 3451 3854 Θεῷ
3489 3783 3681 3855 ψεῦδος

421 3868 681 3944 injunglt,
718 3886 1088 3949 praeterquam
1135 3896 1259 3953 quae
1301 3881 1448 3938 dieta
1480 3893 1611 3938 sunt
1644 3883 1903 3953 superius
1949 3886 2007 3942 in

2107 3882 2429 3940 ἐπιτιθέναι.
2457 3881 2532 3935 Τὸ
2561 3881 2615 3936 δὲ
2654 3877 2979 3948 ’Δλκοράνον
3019 3876 3189 3931 πολλά
3226 3877 3321 3931 καὶ
3343 3876 3480 3930 ἀλλα
3509 3874 3679 3947 ψεύδη

420 3976 569 4018 nono
601 3966 864 4035 capitulo,
898 3968 967 4027 de
1001 3972 1305 4028 mendaciis
1334 3988 1457 4046 quae
1495 3973 1551 4030 in
1587 3973 1693 4031 hoc
1721 3976 2011 4034 continen-

2109 3975 2385 4049 ἐπιτίθησι
2433 3973 2513 4047 τῷ
2544 3971 2668 4044 Θεῷ
2717 3971 2872 4044 παρὰ
2911 3970 2981 4027 τὰ
3010 3966 3287 4040 ἀνώτερον
3332 3956 3599 4041 είρημένα
3625 3970 3683 4023 ἐν

422 4060 533 4121 tur,
563 4071 686 4126 qua:
712 4059 898 4115 omnia
923 4060 976 4116 in
1012 4062 1187 4117 Deum
1213 4061 1467 4119 reﬂectit.
1489 4063 1789 4122 Possumus
1822 4075 2006 4124 autem

2107 4070 2187 4143 τῷ
2225 4068 2434 4141 ὲννάτῳ
2462 4065 2743 4137 κεφαλαίῳ
2789 4065 2921 4137 περὶ
2966 4063 3076 4118 τῶν
3108 4063 3169 4117 ἐν
3209 4062 3386 4134 τούτῳ
3434 4081 3687 4134 περιεχο-

418 4156 477 4201 ει
508 4146 613 4202 alia
641 4149 798 4219 plura
827 4153 1141 4211 ostendere.
1173 4151 1231 4207 ln
1261 4153 1505 4224 capitulo
1530 4156 1678 4212 enim
1711 4157 2009 4231 Eiempha-

2113 4163 2292 4235 μένων
2319 4159 2554 4232 ψευδῶν,
2579 4157 2615 4213 ἀ
2641 4157 2820 4211 πάντα
2852 4157 2933 4221 είς
2963 4156 3057 4209 τὸν
3075 4153 3211 4209 Θεὸν
3233 4152 3684 4224 ὲπανακάμπτει,

421 4239 497 4300 ai,
522 4242 667 4310 quod
696 4241 1094 4313 interpretatur
1125 4247 1296 4310 lucra,
1330 4247 1485 4314 dicit,
1515 4250 1661 4320 quod
1695 4261 1826 4311 sunt
1862 4269 2012 4325 qua:-

2111 4256 2161 4309 εί
2204 4254 2267 4308 τὸ
2305 4251 2634 4324 ’Δλκοράνον
2676 4247 2771 4322 (ῶς
2820 4244 2977 4317 φασι)
3027 4246 3191 4316 νόμος
3242 4246 3363 4299 ἐστὶ
3402 4244 3559 4299 Θεοῦ.
3590 4245 3688 4297 Δυο

419 4331 545 4389 dam
581 4332 677 4388 Dei
736 4343 793 4389 et
840 4336 1075 4405 apostoli
1119 4337 1296 4405 lucra,
1340 4347 1405 4394 et
1432 4339 1567 4396 dent
1598 4343 1710 4420 Deo
1756 4346 2007 4415 quintam

2111 4346 2325 4420 νάμεθα
2377 4346 2435 4400 δὲ
2479 4348 2574 4400 καὶ
2612 4342 2750 4397 ἄλλα
2803 4341 2978 4395 πλείω
3009 4338 3304 4394 δεικνύναι.
3352 4338 3441 4392 Ἐν
3470 4337 3580 4409 γὰρ
3609 4336 3685 4407 τῷ

424 4431 634 4493 partem
659 4436 727 4478 ex
761 4425 966 4495 quibus
991 4426 1301 4484 lucrantur.
1331 4427 1438 4484 Sed
1457 4418 1724 4503 numquid
1751 4433 1898 4491 Deus
1923 4443 2010 4492 est

2113 4418 2395 4510 κεφαλαίῳ
2442 4434 2521 4507 τῷ
2586 4433 2927 4507 Ἐλεμφαάλ,
2979 4431 3008 4487 6
3060 4432 3428 4503 ἑρμηνεύεται
3480 4430 3682 4499 κέρδη,

424 4516 505 4569 sic
534 4515 760 4587 iniquus
792 4527 851 4573 ut
875 4519 1160 4594 permittat
1188 4523 1458 4593 rapinam,
1485 4533 1545 4580 ut
1574 4525 1730 4583 illinc
1755 4528 2006 4598 quintam

2075 4531 2410 4603 1φησὶν,ὄτι
2457 4528 2566 4583 είσί
2609 4545 2732 4582 τινα
2779 4525 2875 4581 τοῦ
2920 4522 3057 4578 Θεοῦ
3106 4525 3202 4579 καὶ
3244 4523 3339 4578 τοῦ
3384 4522 3681 4578 ἀποστόλου

422 4608 605 4679 rapiat
631 4610 889 4678 partem?
914 4611 1000 4666 vel
1031 4611 1113 4667 sic
1144 4628 1353 4684 pauper
1382 4614 1548 4683 Deus,
1578 4627 1640 4673 ut
1668 4633 1780 4674 non
1810 4620 2012 4677 habeat

2109 4620 2299 4692 κέρδη,
2322 4617 2420 4673 καὶ
2449 4618 2695 4673 δότωσαν
2741 4615 2819 4688 τῷ
2857 4614 2979 4686 Θεῷ
3005 4615 3068 4668 τὸ
3113 4614 3365 4686 πέμπτον
3411 4614 3575 4685 μέρος
3622 4613 3683 4681 ἐξ

424 4699 570 4755 unde
603 4700 813 4755 nutriat
841 4715 1113 4773 pauperes
1156 4704 1278 4774 ejus
1309 4713 1363 4758 et
1390 4706 1586 4763 viduas
1631 4717 1688 4764 et
1728 4710 2009 4780 orphanos

2107 4704 2182 4767 ὧν
2230 4708 2630 4783 κερδαίνουσιν.
2670 4708 2828 4763 Ἀλλὰ
2874 4709 3089 4780 μήποτε
3135 4709 3163 4762 6
3204 4707 3336 4770 Θεὸς
3364 4707 3536 4772 οὕτως
3563 4708 3682 4760 ἐστὶ

420 4802 478 4847 ει
515 4795 861 4864 peregrinos,
890 4794 960 4849 de
987 4794 1192 4873 quibus
1218 4796 1330 4855 illic
1358 4799 1625 4870 loquitur,
1657 4802 1763 4858 nisi
1790 4802 2013 4874 permit-

2107 4802 2368 4873 πονηρὸς,
2401 4801 2545 4855 ὥστε
2594 4799 3221 4873 συγχωρείννὰρπαγήν,
3260 4799 3327 4852 ἵν’
3370 4798 3580 4853 ἐκεῖθεν
3622 4798 3681 4852 τὸ

423 4896 501 4944 tat
545 4889 836 4959 rapinam?
866 4887 1049 4960 Quare
1096 4901 1157 4947 ut
1204 4892 1359 4950 illinc
1400 4895 1670 4962 lucretur,
1711 4907 1863 4955 certe
1892 4899 2008 4970 jam

2107 4894 2363 4964 πέμπτον
2392 4892 2549 4947 λάϐοι
2585 4891 2787 4964 μέρος;
2828 4889 2861 4963 ἢ
2900 4890 3044 4945 οὕτω
3086 4889 3258 4960 πένης
3290 4889 3317 4941 6
3350 4889 3505 4955 Θεὸς,
3540 4888 3680 4942 ὥστε

420 4981 552 5037 facit
574 4983 916 5039 Mahometus
946 4983 1119 5041 Deum
1145 4996 1455 5045 consortem
1486 4988 1594 5047 sibi
1626 4991 1682 5045 in
1715 4992 1881 5058 maio,
1914 4991 2008 5064 qui

2109 4986 2188 5060 μή
2218 4987 2360 5057 ἔχειν
2389 4986 2514 5040 ὅθεν
2561 4985 2630 5040 ἂν
2672 4983 2850 5057 θρέψῃ
2884 4983 3013 5047 τοὺς
3057 4985 3309 5053 πτωχοὺς
3336 4981 3522 5049 αὐτοῦ,
3556 4998 3679 5034 του-

367 5076 371 5079 ’
423 5088 532 5128 non
564 5082 748 5145 potest
788 5073 994 5130 habere
1030 5088 1353 5134 consortem
1383 5081 1438 5136 in
1478 5080 1646 5137 bono.
1685 5083 1845 5152 Item,
1901 5093 1973 5140 ett

2106 5082 2255 5134 τέστι
2280 5080 2381 5144 τὰς
2407 5080 2584 5151 χήρας
2616 5079 2710 5133 καὶ
2742 5079 2871 5142 τοὺς
2898 5077 3175 5147 ὀρφανοὺς
3206 5077 3300 5128 καὶ
3333 5076 3459 5137 τοὺς
3486 5072 3680 5145 παροί-

422 5166 725 5238 aliquando
757 5167 1091 5227 Alcoranum
1127 5172 1418 5241 prohibeat
1451 5176 1702 5247 rapinam
1736 5187 1792 5233 et
1822 5178 2010 5250 perju-

2106 5189 2261 5236 κους,
2291 5172 2421 5245 περὶ
2445 5163 2522 5225 ὧν
2554 5170 2674 5224 ἐκεῖ
2715 5166 3048 5237 διαλέγεται,
3078 5167 3129 5219 εί
3183 5164 3260 5236 μὴ
3307 5164 3680 5235 συγχωρήσειε

420 5257 565 5313 rium
595 5266 652 5312 et
684 5255 790 5312 alia
848 5260 1096 5328 quaedam
1129 5263 1293 5331 maia,
1327 5271 1506 5320 tamen
1540 5266 1657 5320 haec
1704 5268 2007 5337 prohibitio

2105 5264 2204 5335 τήν
2247 5265 2543 5336 ἁρπαγήν;
2575 5259 2731 5315 Ὠστ⁹
2784 5260 2998 5314 ἐκεῖθεν
3027 5257 3357 5330 κερδαίνειν,
3392 5256 3607 5328 ἀληθῶς
3655 5256 3681 5308 6

420 5350 710 5420 permissio
747 5351 995 5422 quaedam
1038 5355 1225 5422 potius
1269 5364 1376 5411 est.
1404 5356 1549 5412 Dicit
1590 5357 1738 5412 enim
1767 5377 1780 5414 :
1809 5359 1892 5415 Ne
1928 5360 2009 5416 fa-

2105 5355 2352 5427 Μωάμεθ
2403 5353 2661 5409 κοινωνὸν
2718 5350 2901 5422 ἑαυτῷ
2957 5352 3105 5405 ποιεῖ
3162 5347 3255 5401 τὸν
3310 5347 3446 5403 Θεὸν
3497 5350 3556 5401 ὲν
3604 5346 3680 5417 τῷ

419 5442 577 5498 ciatis
625 5443 790 5510 mala,
834 5460 945 5499 non
995 5445 1140 5501 enim
1185 5447 1403 5517 placent
1460 5448 1594 5505 Deo.
1652 5450 1754 5506 Sin
1817 5463 2005 5509 autem

2105 5447 2352 5519 πονηρῷ,
2386 5447 2447 5501 ὅν
2479 5463 2613 5517 φησι
2645 5442 2722 5515 μή
2748 5442 3012 5497 δύνασθαι
3051 5441 3196 5512 ἔχειν
3236 5440 3491 5493 κοινωνὸν
3521 5439 3579 5491 ὲν
3604 5435 3680 5508 τῷ

417 5531 643 5599 faueris,
674 5533 795 5603 ipse
823 5543 908 5591 est
949 5537 1265 5592 misericors
1313 5545 1370 5592 et
1413 5538 1726 5608 miserator,
1754 5549 1812 5596 et
1844 5540 2005 5599 facile

2104 5540 2313 5608 ἀγαθῷ.
2340 5539 2462 5592 Ἔτι
2486 5539 2535 5591 εί
2554 5543 2650 5591 καὶ
2678 5534 2852 5589 ἐνίοτε
2884 5533 2945 5588 τὸ
2987 5533 3313 5605 ’Δλκορὰνον
3356 5530 3554 5585 κωλύει
3585 5533 3678 5602 τήν

415 5623 577 5677 vobis
608 5634 814 5698 parcet.
848 5626 922 5681 De
955 5627 1144 5701 rapina
1179 5636 1365 5683 autem
1396 5628 1536 5682 nihil
1572 5644 1815 5699 unquam
1849 5645 2005 5685 man-

2104 5631 2366 5702 ἁρπαγὴν
2421 5629 2518 5684 καὶ
2561 5628 2660 5698 τὴν
2695 5627 2983 5695 ἐπιορκίαν
3050 5626 3143 5678 κα)⁸
3197 5622 3335 5677 ἄλλα
3388 5620 3527 5676 τινὰ⁸
3572 5623 3680 5675 τῶν

419 5712 566 5770 davit
596 5729 654 5771 ut
702 5722 1044 5786 restituatur,
1075 5735 1257 5789 neque
1286 5721 1449 5775 talem
1495 5720 1598 5789 ipsi
1646 5722 2005 5779 consuetudi-

2104 5720 2310 5789 κακῶν,
2337 5721 2488 5791 ὅμως
2515 5720 2653 5793 αὐτὴ
2695 5721 2727 5790 ή
2771 5716 3008 5781 κώλυσις
3042 5713 3390 5785 συγχώρησις
3431 5725 3515 5776 τις
3544 5713 3676 5782 μᾶλ-

421 5819 545 5863 nem
569 5811 791 5881 habent,
819 5814 914 5871 sed
948 5812 1145 5871 suﬁicit
1182 5812 1236 5867 in
1265 5813 1372 5867 ﬁne
1408 5812 1742 5869 Saracenum
1772 5814 1956 5870 dicere
1983 5831 1997 5869 :

2104 5816 2196 5869 λόν
2223 5816 2360 5867 ἐστι.
2385 5813 2524 5883 Φησῖ
2554 5812 2684 5883 γὰρ,
2716 5810 2808 5881 Μὴ
2846 5809 3112 5881 ποιήσητε
3142 5805 3209 5860 τὰ
3248 5805 3341 5859 καὶ
3384 5803 3450 5858 τὰ
3495 5805 3639 5863 κακά
3659 5819 3671 5834 ·
