4068 6460
366 382 501 449 1113

1564 392 1867 453 CONTRA
1909 396 2421 461 MAIIOMETEM.

3490 392 3627 459 liii

364 505 428 558 οὐ
469 503 580 574 γὰρ
621 502 919 573 ἀρέσκουσι
966 502 1044 576 τῷ
1075 504 1215 576 Θεῷ.
1253 506 1314 559 Ei
1352 506 1407 560 δὲ
1442 510 1731 578 ποιήσητε,
1775 510 1938 572 αὐτός

2048 489 2297 572 Νιιιιέει
2341 516 2485 572 Deus
2532 495 2731 586 pracier
2783 517 2981 581 Deum,
3035 522 3091 571 ct
3148 511 3492 568 Maltometus
3545 521 3628 566 est

364 597 513 650 ἐστιν
567 595 817 665 ἐλεήμων
869 599 964 650 καὶ
1020 598 1343 669 οἰκτίρμων,
1400 600 1497 653 καὶ
1551 602 1751 671 ῥᾳδίως
1812 603 1944 671 ὑμῖν

366 686 767 756 συγγνώσεται.
806 689 942 759 Περὶ
989 690 1046 743 δέ
1075 691 1174 760 τῆς
1215 692 1473 762 ἁρπαγῆς
1502 693 1654 747 οὐδὲν
1682 695 1944 749 οὐδέποτε

366 780 672 835 ἐνετείλατο
717 781 860 836 ὥστε
910 783 1242 854 ἀποδοθῆναι
1269 801 1285 818 ο
1325 784 1449 839 οὐδὲ
1502 786 1751 840 τοιοῦτον
1790 789 1947 842 αὐτοὶ

366 873 486 938 ἔθος
523 873 761 945 ἔχουσιν.
798 873 942 928 Ἀλλ’
975 876 1139 945 ἀρκεῖ
1178 876 1315 947 πρὸς
1366 876 1444 947 τῷ
1485 878 1631 931 τέλει
1670 877 1763 931 τὸν
1804 878 1946 949 Σαρ-

369 965 606 1037 ρακηνὸν
628 966 827 1025 εἰπεῖν.
860 966 976 1019 υύκ
1007 966 1122 1020 ἐστι
1153 968 1288 1032 Θεὸς
1308 968 1449 1040 πλὴν
1478 969 1573 1023 τοῦ
1602 967 1763 1033 Θεοῦ,
1796 971 1889 1023 καὶ
1919 973 1948 1025 6

368 1058 614 1129 Μωάμεθ
645 1058 943 1124 ἀπόστολος
966 1056 1097 1115 ἐστι
1140 1062 1238 1116 τοῦ
1262 1061 1423 1128 Θεοῦ,
1454 1063 1646 1136 ὥσπερ
1685 1066 1948 1136 ἀνωτέρω

369 1151 561 1219 γέγονε
607 1149 772 1221 δῆλον
822 1154 881 1205 ἐν
932 1153 1013 1228 τῷ
1065 1153 1307 1225 πέμπτῳ
1358 1155 1666 1225 κεφαλαίῳ.
1712 1156 1847 1227 Περὶ
1888 1158 1948 1210 δὲ

365 1243 467 1312 τῆς
498 1244 786 1316 ἐπιορκίας
814 1246 1117 1317 διαρρήδην
1147 1248 1315 1317 φησὶν
1340 1248 1399 1300 ἐν
1451 1247 1527 1316 τῷ
1558 1246 1840 1319 κεφαλαίῳ
1865 1246 1945 1318 τῷ

382 1333 686 1404 Έλμειντὲ,
716 1336 746 1389 ὃ
792 1337 1185 1408 ἑρμηνεύεται,
1215 1339 1507 1406 τράπεζα·
1561 1339 1635 1393 Οὐ
1683 1339 1947 1407 λογιεῖται

370 1425 502 1495 ὑμῖν
535 1425 564 1478 6
600 1423 734 1488 Θεὸς
768 1425 870 1496 τὴν
922 1425 1146 1498 ἀπάτην
1191 1427 1286 1482 τοῦ
1337 1428 1528 1499 ὅρκου,
1560 1427 1699 1483 ἀλλά
1743 1428 1949 1483 ὡσανεὶ

369 1518 577 1586 ιλιγεν,
611 1518 688 1572 οὐ
723 1518 1036 1590 χρηματίας
1069 1521 1216 1591 ὑμᾶς
1258 1521 1477 1592 ἐνόχους
1509 1521 1717 1593 ποιεῖὴ
1751 1522 1946 1593 ἐπιορ-

2044 610 2327 678 apostolus
2361 610 2481 675 Dei,
2526 610 2673 665 sicut
2720 610 2978 680 superius
3024 606 3375 662 manifestum
3427 604 3531 660 fuit
3573 604 3626 659 in

2046 701 2243 770 quinto
2267 702 2528 771 capitulo.
2559 703 2636 757 De
2679 701 2924 772 perjurio
2967 708 3151 776 autem
3185 698 3365 770 palam
3404 697 3537 751 dicit
3575 697 3630 749 in

2043 793 2291 864 capitulo
2342 795 2546 856 Elmin,
2580 793 2727 863 quod
2782 794 3178 864 interpretatur
3231 806 3413 844 mensa
3442 803 3461 842 :
3511 786 3630 841 Non

2045 885 2341 955 imputabit
2374 885 2529 941 vobis
2564 884 2710 940 Deus
2741 871 3146 939 fraudationem
3170 880 3495 953 jurameuti,
3535 877 3629 933 sed

2046 977 2447 1034 invocationem
2501 978 2640 1048 ejus.
2686 975 2852 1043 Quasi
2901 976 3044 1029 dicat
3096 991 3111 1028 :
3159 972 3469 1042 Perjurium
3520 985 3627 1023 non

2045 1065 2253 1138 obligat
2298 1066 2366 1122 ad
2398 1067 2637 1137 culpam,
2673 1067 2768 1122 sed
2806 1066 2871 1120 ad
2904 1079 3143 1134 pmuam.
3174 1064 3238 1119 Et
3279 1073 3464 1133 postea
3496 1060 3632 1115 sub-

2046 1156 2165 1211 dit:
2198 1156 2302 1212 Pro
2335 1160 2773 1229 transgressione
2811 1167 2995 1212 autem
3031 1158 3153 1229 ejus
3185 1156 3384 1211 suﬂicit
3439 1155 3630 1208 decem

2045 1263 2346 1319 pauperum
2394 1249 2672 1315 educatio,
2715 1249 2800 1304 vel
2848 1248 3075 1303 totidem
3109 1248 3516 1305 indumentum.
3547 1244 3632 1299 vel

2046 1340 2215 1394 unius
2245 1340 2443 1409 captivi
2478 1341 2802 1410 redemptio.
2834 1339 2937 1407 Qui
2984 1351 3169 1396 autem
3229 1340 3342 1392 lure
3381 1352 3489 1391 non
3533 1352 3635 1406 po-

2047 1441 2154 1488 test
2188 1431 2391 1497 l'accre,
2420 1442 2502 1489 ter
2522 1434 2820 1505 jejunabit.
2858 1435 2934 1488 Ex
2962 1434 3084 1488 istis
3108 1432 3362 1504 equidem
3393 1445 3638 1497 sequun-

2047 1534 2140 1580 tur
2185 1524 2368 1581 omnia
2423 1526 2587 1580 mala.
2640 1527 2762 1582 Non
2821 1527 2969 1581 enim
3028 1525 3223 1579 timent
3281 1537 3497 1593 rapere.
3548 1520 3633 1574 vel

368 1609 483 1676 κία,
513 1609 654 1665 ἀλλά
682 1611 977 1682 τιμωρίας.
1010 1612 1122 1667 Καὶ
1151 1613 1292 1683 μετὰ
1333 1613 1513 1667 ταῦτα
1536 1615 1702 1684 φησὶν
1734 1616 1946 1668 ὑποκα-

2048 1617 2324 1688 decipere,
2375 1618 2457 1674 vel
2511 1620 2782 1689 pejerare,
2836 1633 2941 1673 nec
2991 1617 3155 1672 ﬁdem
3211 1631 3459 1680 servare;
3507 1628 3633 1667 cum

365 1700 519 1769 τιὼν,
563 1703 739 1775 ’Υπὲρ
779 1705 837 1759 δὲ
878 1705 974 1776 τῆς
1015 1706 1386 1776 παραϐάσεως
1416 1706 1585 1760 αὐτοῦ
1625 1707 1789 1778 ἀρκεῖ
1815 1706 1946 1761 δέκα

2048 1708 2362 1766 Christiano
2416 1709 2795 1781 praecipiatur,
2867 1709 3030 1764 ﬁdem
3085 1722 3307 1764 servare
3379 1714 3634 1776 oportere

368 1798 621 1867 πενήτων
650 1796 847 1870 τροφὴ,
880 1798 915 1870 ἢ
949 1798 1154 1869 ἔνδυμα
1180 1800 1484 1867 τοσούτων,
1526 1799 1561 1870 ἢ
1589 1799 1710 1861 ἐνὸς
1739 1801 1946 1870 αἰχμασ

2048 1801 2216 1859 etiam
2249 1802 2490 1858 inimicis
2527 1811 2584 1858 et
2611 1802 2946 1857 infidelibus.
2985 1800 3199 1856 Habent
3238 1810 3417 1854 tamen
3454 1796 3635 1868 quod-

368 1882 541 1940 λώτου
585 1884 876 1957 λύτρωσις.
913 1888 972 1941 Ὀ
1017 1888 1074 1941 δέ
1124 1887 1297 1943 ταῦτα
1354 1888 1431 1958 μὴ
1475 1889 1777 1958 δυνάμενος
1825 1890 1946 1960 τρὶς

2049 1890 2173 1946 dam
2218 1891 2528 1947 indubitate
2575 1907 2750 1963 genus
2788 1892 3092 1963 juramenti
3147 1889 3431 1956 Saraceni,
3485 1887 3631 1959 quod

370 1976 678 2048 νηστεύσει.
713 1978 938 2043 Τούτοις
971 1978 1027 2032 δὲ
1052 1979 1278 2035 ἐπονται
1313 1983 1495 2036 πάντα
1521 1982 1692 2036 κακά.
1718 1982 1800 2036 Οὐ
1831 1982 1944 2053 γάρ

2048 1998 2157 2038 non
2200 1982 2269 2037 de
2318 1984 2465 2038 laeili
2516 1983 3058 2054 transgrederentur,
3105 1982 3173 2038 de
3205 1997 3314 2050 quo
3346 1988 3469 2051 post
3517 1979 3636 2033 ha'c

370 2069 669 2124 δεδοίκασιν
701 2070 974 2142 ἁρπάζειν
1016 2072 1049 2143 ἢ
1105 2073 1404 2146 ἀπατᾷν,ἢ
1454 2076 1775 2146 ἐπιορκειν·
1832 2075 1946 2129 ἀλλ’

2048 2075 2478 2146 speculabimur.
2525 2076 2873 2132 Mahometus
2934 2085 3120 2132 autem
3174 2075 3352 2144 palam
3392 2072 3526 2127 dicit
3579 2071 3634 2126 in

369 2163 488 2219 οὐδὲ
512 2163 733 2235 τηροῦσι
765 2165 836 2219 τά
858 2164 1052 2235 πιστὰ,
1078 2166 1186 2221 τῶν
1207 2168 1552 2240 Χριστιανῶν
1577 2166 1946 2222 πιστευόντων

2048 2167 2294 2237 capitulo
2346 2167 2675 2232 Elmetaare,
2729 2168 2875 2237 quod
2914 2162 3345 2236 interpretatur
3407 2164 3632 2223 necatio,
3690 2204 3697 2213 .

367 2253 467 2323 τὴν
514 2254 699 2308 πίστιν
743 2256 854 2308 δεῖν
910 2256 1276 2325 φυλάττεσθαι
1314 2258 1410 2312 καὶ
1451 2260 1562 2321 τοῖς
1601 2258 1816 2327 ἐχθροῖς
1855 2258 1946 2312 καὶ

2050 2256 2197 2325 quod
2230 2256 2373 2311 Deus
2404 2257 2818 2326 dispensaverat
2844 2256 2919 2322 ei,
2956 2264 3016 2310 ut
3052 2272 3160 2310 non
3207 2264 3452 2309 servaret
3485 2250 3630 2321 quod

368 2340 635 2404 ἀπίστοις.
669 2342 894 2413 Ἔχουσι
926 2344 983 2398 δέ
1012 2361 1064 2398 τι
1092 2345 1479 2417 ἀναμφιϐόλως
1507 2347 1557 2400 ot
1596 2348 1945 2420 Σαρρακηνοὶ

2048 2348 2198 2403 licite
2221 2348 2521 2420 iuraverat,
2547 2364 2659 2403 non
2690 2348 2928 2418 amplius
2955 2347 3210 2403 videlicet
3238 2346 3304 2400 ad
3336 2344 3633 2400 Jacobitis-

368 2433 523 2499 γένος
561 2432 750 2503 ὅρκου,
781 2435 921 2504 ὅπερ
947 2435 1050 2490 οὐκ
1098 2436 1165 2490 ἂν
1212 2437 1412 2510 ῥᾳδίως
1448 2441 1781 2509 παραϐαῖεν,
1816 2442 1946 2512 περί

2048 2456 2160 2498 sam
2183 2442 2474 2512 quamdam
2513 2442 2798 2509 accedere,
2836 2458 2960 2512 qua:
3010 2440 3177 2495 Maria
3227 2438 3630 2509 appellabatur.
3668 2426 3671 2433 ’
3772 2437 3781 2445 ’

369 2519 428 2579 οὗ
452 2525 589 2596 μετὰ
631 2525 806 2580 ταῦτα
837 2526 1273 2599 θεωρηθήσεται.
1313 2531 1373 2584 '0
1410 2529 1467 2584 δὲ
1503 2532 1750 2603 Μωέιμεθ
1784 2533 1943 2605 διαρο

2052 2533 2121 2588 Et
2163 2534 2241 2588 sic
2269 2534 2553 2602 pejeravit,
2600 2534 2759 2605 cujus
2798 2533 3145 2589 remissionis
3187 2542 3350 2587 testes
3395 2538 3543 2593 sunt,
3575 2537 3635 2582 ut

369 2616 535 2687 ρήδην
592 2617 759 2687 φησὶν
807 2620 867 2672 ἐν
915 2618 996 2690 τῷ
1046 2621 1331 2703 κεφαλαίῳ
1372 2621 1452 2693 τῷ
1488 2624 1724 2694 Ἐλμετά
1757 2625 1883 2693 ἀρέ,
1913 2624 1942 2678 ὃ

2054 2623 2209 2689 dicit,
2240 2624 2467 2680 Michael
2502 2635 2556 2679 et
2588 2625 2833 2679 Gabriel.
2871 2624 3064 2695 Iniqua
3097 2624 3260 2695 igitur
3294 2632 3378 2676 cst
3408 2622 3494 2675 lex
3519 2621 3632 2681 illa,

367 2709 729 2780 ἑρμηνεύεται
897 2712 981 2766 ὅτι
1011 2715 1040 2768 6
1065 2714 1199 2776 Θεὸς
1232 2716 1503 2791 ’ἐνέδωκεν
1543 2718 1695 2788 αὐτῴ
1733 2718 1808 2788 μὴ
1845 2736 1946 2786 φυ-

2050 2732 2215 2787 quam
2259 2726 2570 2788 sequuntur
2617 2718 2800 2772 omnia
2855 2718 3015 2773 mala.
3062 2718 3159 2772 Est
3217 2727 3399 2770 autem
3448 2714 3635 2783 iniqua

365 2802 542 2868 λάξαι,
597 2804 626 2856 6
677 2804 906 2868 δικαίως
964 2804 1249 2876 ὀμώμοκε,
1311 2807 1372 2861 τὸ
1435 2808 1637 2880 μηκέτι
1697 2810 1942 2879 δηλονότι

2050 2819 2367 2880 prepterea,
2411 2810 2556 2881 quod
2591 2818 2671 2865 tot
2713 2821 2771 2865 et
2801 2811 2879 2865 sic
2907 2826 3099 2881 magna
3142 2810 3281 2863 mala
3319 2820 3376 2863 et
3416 2806 3639 2861 menda-

368 2893 687 2964 προσελθεῖν
724 2893 1105 2968 ’ἰακωϐιτίσσῃ
1133 2897 1263 2960 τινὶ,
1290 2895 1673 2970 ὀνομαζομένῃ
1714 2898 1904 2969 Μαρία
1925 2914 1940 2930 ·

2049 2900 2133 2956 cia
2164 2902 2276 2957 Deo
2302 2902 2559 2974 injungit.

366 2989 457 3042 καὶ
507 2986 678 3051 οὔτως
743 2986 1116 3060 ἐπιώρκησεν.
1174 2984 1283 3055 Ἦς
1345 2990 1607 3056 ἐνδόσεως
1640 2993 1941 3064 μάρτυρές
1978 2994 2239 3060 εἰσιν.ὧς
2270 3014 2477 3067 φησιν,
2526 3000 2554 3051 6
2617 2998 2845 3069 Μιχαὴλ
2876 2998 2972 3053 καὶ
3015 2997 3044 3050 6
3091 2995 3357 3067 Γαϐριὴλ.
3390 2992 3634 3063 Πονηρὸς

365 3080 473 3150 ἀρα
510 3078 713 3133 ἐστὶνό
742 3077 906 3149 νόμος
938 3074 1228 3149 ἐκεῖνος,ᾧ
1251 3082 1448 3136 ἕπεται
1474 3083 1654 3138 πάντα
1710 3083 1781 3138 τὰ
1836 3085 2006 3142 κακά.
2052 3087 2209 3142 Ἔστι
2269 3088 2326 3141 δὲ
2384 3089 2622 3161 πονηρὸς
2672 3088 2771 3143 καὶ
2818 3088 2908 3143 διὰ
2948 3088 3009 3142 τὸ
3049 3087 3289 3141 τοσαῦτα
3348 3085 3444 3138 καὶ
3491 3082 3634 3136 οὕτω

368 3175 579 3246 μεγάλα
604 3176 751 3228 κακά
789 3172 886 3228 καὶ
922 3171 1095 3245 ψεύδη
1129 3175 1436 3229 ἐπιτιθέναι
1459 3175 1539 3247 τῷ
1569 3172 1711 3245 Θεῷὶ

436 3236 548 3324 lia!
582 3273 733 3340 παρά
761 3275 831 3324 τά
886 3236 1011 3343 εἰῡρη
1024 3236 1160 3340 μένα
1190 3272 1248 3326 δὲ
1277 3272 1372 3325 καὶ
1400 3236 1537 3327 ἀλλά
1566 3236 1739 3327 πολλά
1766 3272 1944 3328 ἐπιτί-

2121 3267 2190 3324 Et
2234 3275 2433 3337 praeter
2482 3236 2765 3337 praedicta.
2809 3267 2975 3323 etiam
3026 3267 3130 3322 alia
3176 3268 3349 3322 multa
3398 3267 3635 3339 injungit

365 3364 491 3436 θησι
532 3363 701 3436 ψεύδη
743 3364 839 3419 καὶ
884 3365 1108 3434 ἀνόητα.
1137 3365 1276 3436 Φησὶ
1306 3364 1417 3436 γὰρ
1464 3365 1554 3419 τὸν
1581 3366 1715 3420 Θεὸν
1743 3383 1946 3438 παραι-

363 3457 595 3534 τεῖσθαι,
628 3456 717 3510 διὰ
764 3456 826 3510 τὸ
870 3456 1085 3528 πέμψαι
1132 3457 1433 3512 ἀπόστολον
1479 3458 1571 3512 τὸν
1617 3458 1943 3530 Μαχούμετ,

363 3549 650 3622 ἄνθρωπον
686 3551 838 3619 ὄντα,
888 3552 1024 3607 ἀλλά
1061 3552 1137 3624 μὴ
1171 3553 1376 3622 μᾶλλον
1426 3554 1717 3623 ἀγγέλους,
1753 3554 1843 3609 διὰ
1885 3553 1946 3609 τὸ

364 3640 607 3702 ἐκείνους
648 3640 1017 3712 μὴδύνασθαι
1074 3642 1193 3710 μετ’
1244 3643 1548 3711 ἀσφαλείας
1593 3644 1684 3698 τὸν
1741 3645 1946 3716 κόσμον

364 3732 700 3805 διέρχεσθαι.
745 3733 857 3787 Καὶ
917 3734 1120 3804 μήπως
1144 3734 1172 3785 6
1213 3732 1508 3807 Μαχούμετ
1538 3736 1946 3806 ἀσφαλέστερον

364 3823 472 3877 τῶν
514 3820 761 3889 ἀγγέλων
795 3819 934 3891 διῄει
965 3821 1055 3874 τὸν
1095 3821 1330 3890 κόσμους
1379 3823 1439 3876 Εἰ
1476 3823 1535 3876 δὲ
1582 3824 1709 3887 τοὺς
1741 3825 1945 3893 ἀγαθο-

366 3914 554 3976 ποιοὺς
581 3913 678 3967 καὶ
704 3912 1084 3984 εἰρηνοποιοὺς
1126 3913 1216 3967 διὰ
1253 3913 1364 3969 τῶν
1406 3915 1658 3984 ἀγγέλων
1695 3916 1945 3985 βούλεται

366 4008 526 4069 νοεῖν,
563 4004 645 4059 ἐτι
693 4005 803 4060 οὐδ’
849 4005 1022 4069 οὕτως
1075 4005 1377 4075 ἀμφίϐολον
1404 4009 1534 4072 τοὺς
1570 4002 1810 4077 ἀγαθοὺς
1848 4008 1945 4062 καὶ

367 4096 676 4167 εἰρηνικοὺς
733 4095 845 4151 τῶν
894 4079 1200 4169 ἀνθρώπων
1280 4099 1691 4169 ἀσφαλέστερον
1749 4099 1944 4153 διιέναι

365 4188 459 4239 τὸν
501 4188 704 4258 κόσμον
736 4187 769 4259 ἢ
809 4187 935 4252 τοὺς
984 4190 1277 4259 πονηρούς.
1327 4190 1551 4258 Εἰσάγει
1586 4189 1643 4242 δὲ
1676 4189 1769 4241 τὸν
1810 4190 1945 4242 Θεὸν

369 4279 611 4348 συνεχῶς
637 4278 1043 4349 διαλεγόμενον,
1091 4282 1185 4334 καὶ
1214 4274 1465 4348 λέγοντα,
1513 4281 1596 4334 ὅτι
1620 4280 1684 4334 οὐ
1723 4280 1943 4344 παιδιᾶς

368 4372 529 4444 χάριν
555 4372 925 4443 ἐδημιούγησε
966 4372 1058 4426 τὸν
1102 4372 1332 4443 κόσμον.
1372 4374 1536 4427 Ἀλλά
1573 4374 1656 4437 τίς
1689 4373 1945 4427 τοσοῦτον

367 4463 618 4533 ἀνόητος,
642 4464 785 4518 ὥστε
808 4463 1129 4532 λογίσασθαι
1160 4467 1289 4537 περὶ
1320 4466 1415 4519 τοῦ
1444 4465 1600 4530 Θεοῦ,
1631 4469 1706 4530 ὡς
1732 4465 1947 4530 παίζων

369 4556 639 4625 πεποίηκε
696 4556 790 4609 τὸν
829 4556 1067 4627 κόσμους
1110 4555 1234 4609 Ἔτι
1283 4558 1311 4611 δ
1344 4557 1644 4629 Μαχούμετ
1679 4559 1944 4628 σαρκικὸς

2049 3362 2332 3418 mendacia
2376 3370 2431 3416 et
2473 3360 2642 3416 fatua.
2707 3360 2852 3415 Dicit
2891 3360 3062 3426 enim,
3097 3360 3243 3430 quod
3280 3360 3425 3413 Deus
3457 3376 3515 3415 se
3540 3376 3635 3414 ex-

2046 3464 2203 3511 cusat
2243 3470 2311 3509 ex
2362 3469 2430 3510 eo
2478 3454 2626 3526 quod
2680 3455 2828 3509 misit
2878 3455 3194 3525 apostolum
3240 3447 3632 3519 Maliometum,

2049 3547 2351 3612 hominem,
2405 3556 2462 3603 et
2511 3561 2619 3602 non
2678 3548 2955 3618 angelum.
3016 3547 3084 3601 Et
3133 3547 3230 3610 ait.
3288 3545 3435 3615 quod
3492 3545 3639 3600 Deus

2048 3637 2205 3705 dixit,
2239 3638 2387 3709 quod
2425 3638 2665 3694 misisset
2715 3638 2961 3708 angelos,
2996 3639 3092 3693 sed
3132 3638 3234 3708 ipsi
3280 3653 3387 3692 non
3424 3637 3637 3706 potuis-

2047 3741 2171 3788 sent
2224 3730 2492 3785 mundam
2558 3746 2683 3788 cum
2744 3731 3041 3786 securitate
3099 3731 3457 3799 pertransire.
3527 3718 3661 3784 Sed

2046 3822 2297 3893 nunquid
2331 3825 2676 3879 Mahometus
2725 3824 2975 3878 securius
3010 3838 3110 3891 per
3144 3822 3438 3886 mundum,
3471 3838 3633 3892 quam

2046 3916 2247 3988 angeli,
2286 3915 2616 3971 accedebat?
2640 3913 2799 3982 Quod
2833 3914 2877 3970 si
2908 3914 3134 3984 angelos
3169 3913 3428 3985 intelligit
3462 3914 3637 3970 bonos

2046 4018 2104 4058 et
2130 4003 2390 4073 paciﬁcos
2417 4004 2690 4070 homines,
2723 4004 2907 4059 adhuc
2942 4019 3052 4059 non
3083 4013 3169 4060 est
3205 4004 3461 4067 dubium,
3487 4006 3634 4074 quod

2048 4095 2179 4151 boni
2231 4106 2286 4151 et
2332 4095 2545 4166 paciﬁci
2593 4097 2849 4152 homines
2902 4097 3153 4152 securius
3197 4092 3463 4152 mun'dum
3507 4113 3634 4166 per-

2047 4195 2332 4242 transcunt
2364 4203 2526 4256 quam
2574 4187 2723 4242 mali.
2768 4186 3096 4258 lnducitque
3146 4188 3315 4243 Deum
3372 4189 3636 4242 continue

2045 4278 2387 4347 loquentem,
2438 4289 2494 4333 et
2549 4279 2849 4345 dicentem,
2913 4281 3061 4348 quod
3121 4276 3231 4335 non
3284 4279 3400 4333 ludi
3461 4280 3636 4350 gratia

2046 4369 2259 4425 creavit
2304 4372 2591 4424 mundum.
2629 4369 2738 4425 Sed
2791 4369 2918 4441 quis
2966 4382 3052 4425 est
3105 4379 3214 4424 tam
3269 4369 3519 4434 deu‘teus,
3577 4380 3635 4424 ut

2047 4461 2328 4517 existimet
2392 4461 2459 4516 de
2508 4461 2643 4527 Deo,
2708 4463 2856 4532 quod
2933 4465 3192 4533 tanquam
3264 4462 3460 4517 ludens
3507 4461 3637 4515 fecit

2051 4552 2357 4608 mundum?
2391 4553 2524 4607 ltem
2568 4552 2912 4609 Mahometus
2952 4555 3259 4609 Saracenus
3291 4553 3455 4606 homo
3489 4554 3637 4606 exsi-

366 4645 651 4717 ἀςθρωπος
676 4646 771 4713 ὣν,
808 4649 901 4702 καὶ
947 4647 1185 4718 συνεχῶς
1218 4648 1488 4719 ἀκολασίᾳ
1525 4652 1943 4720 προσκείμενος,

2052 4655 2223 4710 stens,
2256 4654 2312 4698 et
2345 4645 2621 4701 continuae
2654 4646 3098 4715 intemperantia:
3129 4645 3369 4710 deditus,
3409 4645 3461 4698 in
3491 4645 3638 4715 capi-

366 4739 531 4810 ἐντῷ
577 4739 858 4810 κεφαλαίῳ
890 4739 970 4811 τῷ
1032 4738 1250 4811 Ἐλινὴρ
1295 4740 1541 4806 Ἐλαζάπ
1589 4743 1800 4810 εἰσάγει
1853 4742 1946 4795 τὸν

367 4829 501 4884 Θεὸν
528 4828 756 4899 λέγοντα
816 4832 892 4901 μὴ
937 4830 1283 4901 εἰσέρχεσθαι
1312 4832 1393 4895 εἰς
1429 4832 1610 4886 οἰκίαν
1648 4833 1941 4904 ἀκλήτους.

367 4923 478 4976 Καὶ
505 4923 843 4993 πρόσκειται,
872 4924 947 4985 ὡς
981 4922 1049 4977 ἂν
1080 4926 1142 4976 ἐκ
1166 4923 1460 4994 προσώπου
1511 4923 1607 4978 τοῦ
1637 4924 1797 4992 Θεοῦ,
1838 4928 1948 4981 Καὶ

369 5012 510 5083 μετά
531 5013 592 5067 τὸ
622 5012 886 5066 εἰσελθεῖν
914 5016 1007 5067 καὶ
1038 5018 1233 5083 φαγεῖν
1263 5015 1529 5083 ἑξέλθετε,
1556 5020 1651 5071 καὶ
1678 5019 1762 5090 μὴ
1794 5019 1949 5073 ίστα-

369 5107 462 5160 σθε
497 5107 636 5177 πρὸς
667 5108 729 5160 τὸ
764 5093 984 5176 ὁμιλεῖν
1008 5113 1123 5173 τοῖς
1164 5110 1458 5183 θυρωροῖς.
1498 5112 1647 5184 Βαρὺ
1697 5117 1806 5185 γάρ
1829 5116 1945 5168 ἐστι

365 5197 444 5267 τῷ
479 5197 755 5270 προφήτῃ,
804 5198 900 5251 καὶ
932 5197 1253 5267 αἰσχύνεται
1286 5199 1510 5268 ιλέγειν.
1555 5199 1697 5254 Ἀλλ’
1736 5204 1763 5255 ό
1811 5200 1945 5263 Θεὸς

366 5293 470 5344 οὐκ
496 5290 821 5362 αἰσχύνεται
859 5289 1042 5359 λέγειν
1066 5291 1165 5362 τὴν
1195 5292 1476 5363 ἀλήθειαν.
1524 5292 1613 5356 Ὠς
1653 5294 1712 5346 ἐν
1758 5292 1951 5363 βραχεῖ

368 5378 447 5441 δὲ,
507 5381 618 5434 πᾶν
658 5380 796 5450 ὅπερ
824 5380 891 5434 ἂν
934 5380 1166 5451 ἠθέλησε
1222 5382 1472 5453 ποιῆσαι,
1531 5383 1563 5454 ἢ
1619 5382 1768 5454 αὺτῷ
1819 5381 1950 5452 παρ’

371 5468 545 5522 ἄλλων
574 5469 849 5538 γενέσθαι,
879 5470 940 5523 τὸ
969 5469 1092 5524 ὅλον
1120 5469 1198 5539 τῷ
1215 5471 1333 5541 Θεῷ
1353 5471 1610 5539 ἀνετίθει,
1643 5472 1716 5535 ώς
1739 5472 1949 5525 ἐκείνου

371 5561 811 5629 προστάσσοντος
867 5560 1012 5615 οὕτω
1059 5563 1331 5632 γίνεσθαι.
1389 5562 1513 5619 Κάκ
1542 5565 1735 5618 τούτου
1770 5566 1950 5619 πάντα

369 5653 439 5706 τὰ
477 5655 623 5706 κακὰ.
650 5653 1046 5725 ἠκολούθησεν,
1094 5655 1287 5728 ὥσπερ
1326 5657 1387 5722 ἐξ
1414 5658 1702 5722 αὐθεντίας
1736 5657 1832 5711 τοῦ
1868 5658 1951 5721 νός

374 5761 477 5815 μου
498 5759 512 5773 ’
544 5747 845 5813 τουτέστιν,
884 5748 1295 5816 ἀποκτιννύναι,
1329 5750 1622 5821 ἀρπάξειν,
1671 5748 1950 5821 μοιχεύειν

377 5837 518 5907 μετά
546 5836 644 5909 τῆς
677 5839 1118 5911 γυναικδς¹Ζεῒθ,
1171 5841 1496 5914 αἰμομιξίας
1544 5843 1749 5912 ποιεῖν,
1812 5826 1951 5915 μετᾶ

2055 4736 2170 4792 tulo
2210 4734 2385 4789 Elinir
2431 4734 2655 4805 Elacap,
2704 4734 2919 4790 inducit
2966 4734 3135 4789 Deum
3188 4734 3463 4790 dicentem
3504 4753 3518 4789 :
3559 4737 3637 4792 Ne

2052 4825 2436 4896 ingrediamini
2481 4825 2706 4881 domum
2755 4827 2990 4896 alicujus
3024 4827 3128 4881 nisi
3185 4826 3398 4882 invitati
3431 4837 3483 4883 et
3538 4845 3637 4882 vo-

2052 4917 2182 4984 cati,
2211 4926 2266 4973 et
2290 4917 2395 4971 nisi
2426 4925 2774 4987 perstrepant
2802 4917 2870 4973 de
2902 4917 3055 4973 foris.
3085 4918 3154 4973 Et
3184 4918 3337 4974 addit
3370 4929 3633 4991 tanquam

2052 5025 2122 5068 ex
2154 5025 2389 5081 persona
2435 5008 2532 5065 Dei
2563 5025 2579 5063 :
2617 5008 2683 5063 Et
2730 5017 3021 5079 postquam
3066 5010 3299 5081 ingressi
3334 5010 3550 5066 fueritis
3583 5022 3640 5067 et

2052 5102 2424 5167 comederitis,
2457 5102 2626 5168 exite,
2653 5112 2709 5156 et
2735 5118 2804 5157 ne
2834 5101 2991 5157 stetis
3029 5102 3111 5157 ad;
3142 5102 3480 5172 loquendum
3512 5117 3636 5158 cum

2045 5194 2405 5265 janitoribus,
2435 5194 2565 5262 quia
2601 5195 2894 5250 molestum
2934 5202 3019 5249 est
3046 5195 3351 5264 prophetae,
3380 5189 3439 5248 et
3478 5209 3629 5247 vere-

2051 5289 2295 5343 cundum
2341 5299 2427 5345 est
2478 5289 2684 5345 dicere.
2733 5289 2838 5345 Sed
2886 5289 3033 5345 Deus
3084 5307 3193 5344 non
3231 5289 3639 5345 verecundatur

2052 5380 2235 5436 dicere
2264 5383 2573 5465 veritatem.
2605 5381 2851 5436 Breviter
2884 5391 3088 5448 autem,
3115 5381 3381 5451 quidquid
3417 5381 3639 5435 volebat

2054 5473 2256 5550 facere,
2290 5474 2377 5528 vel
2406 5474 2557 5543 quod
2603 5474 2781 5535 ﬂeret,
2816 5473 2870 5528 id
2910 5481 3084 5527 totum
3133 5474 3243 5527 Deo
3292 5473 3635 5543 injungehat,

2052 5567 2218 5637 idque
2253 5566 2547 5643 mandabat
2580 5566 2724 5635 quod
2759 5565 2833 5620 ita
2879 5564 3051 5621 ﬁeret.
3090 5566 3158 5620 Et
3184 5581 3248 5620 ex
3301 5566 3403 5620 hoc
3438 5565 3662 5643 subse«_

2051 5668 2176 5713 cuta
2201 5641 2549 5712 sunt'omuia
2592 5657 2755 5721 mala,
2780 5657 2940 5728 quasi
2985 5674 3051 5712 ex
3095 5656 3426 5712 auctoritate
3460 5655 3635 5726 legis;

2053 5749 2105 5804 id
2154 5760 2259 5815 est,
2314 5749 2650 5811 interimere,
2692 5764 2908 5819 rapere,
2956 5749 3239 5817 mcechari,
3284 5763 3410 5804 cum
3462 5762 3636 5802 uxore

2055 5841 2211 5898 Zeitli
2240 5842 2510 5897 incestqu
2538 5842 2904 5911 committere,
2938 5856 3063 5898 cum
3093 5841 3258 5899 Maria
3306 5841 3646 5899 Jacobitissa-
