4068 6458
374 328 509 391 1117

1572 330 1871 390 CONTRA
1910 329 2181 389 MAHUM
2194 332 2419 393 ETEM.

3492 315 3628 382 tm
3711 406 3719 415 ἢ

366 441 533 509 ήκουε
565 437 721 508 δίκην
754 438 1000 503 κώδωνος
1053 438 1428 511 περιηχούσης
1456 437 1620 494 αὑτοῦ
1664 442 1775 501 τοῖς
1820 439 1944 491 ώσι.

2071 455 2159 493 .em
2188 455 2314 511 post
2339 444 2453 497 haec
2475 438 2869 510 responsiones
2891 428 3176 507 quasdam,
3201 446 3337 503 quas
3361 430 3441 504 (ut
3463 431 3625 486 dixit)

367 530 482 584 Kal.
503 530 627 583 ἐπεὶ
669 529 887 599 ἰδιώτης
912 526 1002 600 ἦν,
1036 531 1130 586 καὶ
1164 531 1551 602 ἀγράμματος,
1589 531 1824 585 δέδωκεν
1847 528 1949 582 αὐ-

368 621 450 693 τῷ
506 623 535 675 6
586 620 830 685 διάϐολος
889 623 1112 692 ἑτέρους
1155 622 1391 685 οἰκείους
1441 622 1594 691 αὑτῷ
1639 618 1951 692 αἰρετικοὺς

369 731 525 779 τινας
555 717 649 768 καὶ
669 713 986 781 Ἰουδαίους,
1014 718 1110 770 καὶ
1130 714 1496 786 Χριστιανοὺς
1524 715 1723 787 ὁμοίως
1750 716 1952 785 αἱρετι-

372 804 523 866 κούς.
557 803 975 874 Προσεκολλήθη
1019 805 1129 877 γὰρ
1152 805 1299 878 αὐτῷ
1336 824 1421 868 τις
1462 804 1802 874 Ἰακωϐἰτης,
1831 802 1952 855 ὀνό-

378 911 509 963 ματι
533 894 777 965 Βαειρὰ,“
806 898 901 950 καὶ.
927 896 1179 966 διήρκεσε
1221 898 1361 966 μετά
1400 896 1491 950 τοῦ
1536 894 1779 964 Μωάμεθ
1833 910 1957 963 σχε-

376 987 465 1041 δὸν
494 988 657 1056 μέχρι
680 988 935 1042 θανάτου.
972 988 1222 1042 Φαίνεται
1254 988 1310 1041 δὲ
1344 988 1419 1049 ώς
1468 988 1605 1057 μετά
1630 983 1805 1040 ταῦτα
1856 985 1955 1038 αὖ·

377 1078 472 1133 τδν
512 1081 539 1131 6
578 1078 879 1149 Μαχούμετ
930 1080 1269 1135 ἀπέκτεινεν.
1323 1079 1486 1133 Ἀλλά
1535 1078 1631 1130 καὶ
1708 1073 1950 1130 Ἰουδαῖοί

376 1184 545 1233 τινες,
579 1168 766 1232 Φινεὲς
821 1169 1065 1240 δηλονότι
1119 1170 1215 1223 καὶ
1244 1170 1433 1236 Αὒδιά,
1481 1168 1708 1237 ὀνόματι
1741 1165 1949 1230 Σαλὼν,

381 1262 521 1335 μετά
570 1263 746 1315 ταῦτα
776 1261 832 1314 δὲ
862 1261 1113 1316 Αὑδαλλᾶ
1144 1260 1455 1331 εἰρημένος,
1511 1260 1605 1313 καὶ
1645 1257 1841 1325 Σελὲμ,
1899 1257 1950 1311 οἳ

380 1355 475 1409 καὶ
508 1355 764 1423 γεγόνασι
821 1353 1196 1426 Σαρρακηνοί·
1247 1353 1341 1406 καί
1394 1340 1542 1414 τινες
1574 1349 1950 1418 Νεστοριανοὶ,

381 1446 430 1501 οἳ
457 1445 690 1517 μάλιστα
713 1443 1026 1497 κοινωνοῦσι
1056 1441 1429 1514 Σαρῤακηνοῖς
1452 1440 1699 1507 λέγοντες
1731 1437 1806 1505 μὴ
1822 1434 1955 1489 Θεὸν

382 1534 742 1606 γεγεννῆσθαι
780 1535 846 1586 ὲκ
891 1534 985 1603 τῆς
1009 1532 1227 1602 Μαρίας
1262 1531 1561 1601 Παρθένου,
1594 1529 1709 1583 ἀλλ’
1737 1530 1959 1600 ἀνθρω-

383 1646 482 1681 πον
519 1623 729 1696 Ἰησοῦν
754 1626 1009 1694 Χριστόν.
1042 1626 1153 1678 Καὶ
1171 1623 1293 1677 τότε
1321 1621 1622 1691 συνέθηκεν
1658 1623 1686 1674 6
1711 1620 1956 1689 Μωάμεθ

382 1719 503 1771 τινὰ
531 1716 697 1787 νόμου
730 1716 917 1786 τρόπῳ
950 1715 1037 1768 διὰ
1062 1714 1170 1767 τῶν
1200 1714 1424 1783 ἑτέρων,
1476 1710 1774 1782 λαμϐάνων
1824 1710 1948 1764 τινά

389 1812 487 1881 μὲν
519 1773 716 1878 ὲκιτῆς
747 1773 1011 1869 [laxatam
1063 1805 1185 1859 τινὰ
1203 1805 1259 1858 66
1284 1773 1352 1857 ἑκ
1397 1773 1495 1874 τῆς
1518 1773 1737 1873 Ιξαινῆς
1765 1802 1962 1873 Διιθή-
1991 1773 2033 1827 Β

385 1916 510 1969 κης.
549 1899 625 1952 Οὔ
670 1899 776 1969 μὴν
803 1897 925 1951 τότε
955 1898 983 1949 6
1016 1895 1143 1959 λαὸς
1172 1890 1282 1964 εἷχε
1310 1894 1371 1946 τδ
1410 1892 1758 1959 ’Λλκοράνον.
1783 1891 1957 1957 Λέγε-

385 2007 475 2046 ται
509 1992 694 2061 μέντοι
743 1991 803 2043 ὲν
858 1990 981 2050 ταῖς
1012 1986 1191 2040 αὐτῶν
1225 1986 1490 2056 ἱστορίαις
1521 1986 1696 2037 εἰπεῖν
1724 1985 1815 2036 τὸν
1840 1984 1964 2036 M1-

388 2083 589 2155 χούμετ
612 2097 626 2112 °
663 2080 948 2153 Κατήλθεν
1002 2079 1088 2133 ἐπ’
1122 2080 1222 2149 ἐμὲ
1261 2078 1323 2132 τὸ
1375 2077 1704 2146 ’Δλκοράνον
1736 2076 1794 2127 ὲν
1820 2073 1962 2127 ἑπτὰ

389 2175 649 2245 ἀνδράσι*
703 2173 800 2227 καί⁵
847 2173 984 2244 ὅπερ
1041 2171 1108 2226 ἂν
1161 2171 1296 2225 πολὺ
1332 2162 1390 2243 ᾖ,
1424 2168 1602 2239 ἀρκεῖ.
1640 2167 1875 2234 Λέγουσι
1904 2162 1962 2219 δὲ

388 2265 610 2327 τούτους
629 2264 884 2336 γενέσθαι
905 2265 995 2319 τδν
1012 2264 1189 2333 Ναφὲ,
1214 2265 1308 2319 καί
1336 2265 1476 2332 Ἔδν,
1495 2264 1695 2334 Ὀμὰρ,
1725 2261 1963 2336 Ὀμὸρά,

401 2334 691 2428 Ἑλρεσὰρ,
708 2354 876 2427 Ἀσὴρ
898 2355 988 2409 τὸν
1013 2354 1126 2408 υἰὺν
1147 2355 1239 2408 τοῦ
1258 2354 1400 2426 Κετὴ
1411 2373 1464 2427 ρ,
1495 2356 1590 2409 καί
1614 2354 1705 2406 τὸν
1732 2334 1850 2406 υἰδν
1867 2352 1963 2407 τοῦ

393 2450 596 2532 Ἀμερ.
640 2446 905 2520 Ἐροῦμεν
932 2448 1117 2499 τοίνυν
1169 2448 1377 2513 αὐτοῖς,
1441 2446 1785 2515 ’Δνέγνωσάν
1835 2461 1966 2498 ποτε

387 2541 544 2597 τοῦτο
560 2540 794 2596 ινώπιον
817 2540 914 2594 τοῦ
939 2538 1220 2608 Μωάμεθ;
1243 2540 1337 2593 καὶ
1355 2541 1557 2603 πάντες
1580 2538 1788 2610 ἐροῦσι,
1809 2538 1965 2607 Οὐχὶ,

387 2631 502 2687 ἀλλ’
532 2632 763 2686 ἐνώπιον
778 2634 885 2685 τῶν
915 2633 1326 2704 πρεσϐυτέρων,
1354 2630 1451 2685 καὶ
1470 2631 1643 2692 οὕτως
1674 2630 1837 2700 μέχρι
1870 2631 1967 2683 τοῦ

388 2725 653 2795 Μωάμεθ.
688 2725 914 2780 Βέὸαιον
955 2727 1012 2780 δέ
1044 2728 1213 2790 ἐστιν,
1242 2726 1327 2779 δτι
1364 2719 1515 2779 οὗτοι
1554 2724 1618 2777 οὐ
1654 2723 1971 2793 συνεφώνη-

388 2833 490 2871 σαν
517 2819 629 2881 τοῖς
660 2817 901 2888 πρώτοις
932 2816 1325 2887 πρεσδυτέροις
1375 2818 1434 2870 ἰν
1476 2819 1543 2886 τῇ
1571 2814 1880 2883 ἀναγνώσει
1905 2816 1971 2885 ἢν

390 2907 487 2965 νῦν
514 2908 865 2980 κατέχουσιν.
902 2909 968 2962 Ὃ
1001 2907 1279 2961 δείκνυται
1324 2910 1388 2961 ἐκ
1421 2907 1511 2960 τοῦ
1537 2907 1596 2960 τὸ
1626 2907 1718 2959 τοῦ
1752 2906 1971 2977 πρώτου

394 3003 595 3072 μέρους
622 3001 958 3071 ἀνάγνωσμα
976 3001 1219 3054 ἐναντίον
1239 2993 1378 3053 εἶναι
1406 2999 1486 3070 τῷ
1519 3000 1761 3070 δευτέρῳ
1787 2999 1969 3070 μέρει.

2052 535 2315 589 audiebat
2340 530 2496 602 quasi
2529 546 2629 602 per
2660 528 2881 582 modum
2914 540 3191 594 campanae
3216 525 3626 583 circumsonan-

2053 628 2123 682 tis
2156 626 2383 681 auribus
2414 624 2554 695 ejus.
2585 622 2654 676 Et
2685 620 2812 690 quia
2845 619 3013 673 idiota
3041 626 3183 679 erat,
3211 623 3263 669 et
3291 615 3629 677 illitteratus,

2060 719 2217 775 dedit
2245 718 2298 774 ei
2330 717 2585 772 diabolus
2618 715 2802 770 socios
2834 711 3108 782 proprios.
3150 718 3205 763 et
3236 705 3499 776 quosdam
3529 703 3637 756 ine-

2055 813 2258 866 reticos
2301 817 2359 864 et
2387 808 2627 872 Iudaeos,
2677 812 2734 859 et
2771 800 3117 858 Christianos
3167 797 3423 853 similiter
3465 795 3634 847 han-e-

2057 905 2217 958 ticos.
2272 900 2518 956 Adhaesit
2551 896 2698 952 enim
2750 896 2799 950 ei
2843 892 3063 963 quidam
3098 889 3369 951 Jacobita,
3416 886 3637 941 nomine

2055 993 2237 1054 Baira,
2264 1000 2320 1045 et
2350 988 2567 1043 duravit
2591 1000 2715 1039 cum
2749 983 3061 1038 Mahometo
3089 994 3262 1048 usque
3286 977 3352 1030 ad
3378 986 3636 1030 mortem.

2056 1089 2385 1155 Ferturque,
2426 1083 2573 1152 quod
2607 1080 2949 1135 Mahometus
2979 1087 3165 1148 postea
3201 1073 3499 1128 interfecit.
3531 1070 3637 1123 Sed

2056 1191 2110 1234 et
2140 1178 2315 1234 Judaai
2351 1176 2599 1246 quidam,
2648 1171 2887 1228 Phinecs
2920 1167 3195 1228 videlicet,
3222 1173 3276 1218 et
3309 1163 3505 1225 Audia,
3539 1177 3642 1213 no-

2060 1269 2207 1323 mine
2256 1268 2447 1330 Salon,
2499 1273 2624 1335 post
2674 1264 2790 1318 haec
2840 1270 3023 1316 autem
3061 1256 3268 1311 Andala
3324 1254 3529 1314 dictus,
3583 1261 3641 1306 et

2062 1362 2280 1417 Solem:
2312 1354 2406 1430 qui
2435 1358 2602 1414 etiam
2651 1354 2779 1410 facti
2816 1362 2946 1407 sunt
2980 1349 3267 1405 Saraceni.
3314 1348 3382 1402 Et
3416 1344 3638 1416 quidam

2060 1452 2397 1515 Nestoriani,
2432 1451 2523 1522 qui
2566 1449 2801 1503 maxime
2836 1462 2959 1500 cum
2989 1443 3281 1500 Saracenis
3307 1439 3645 1495 conveniunt

2062 1546 2330 1607 dicentes,
2383 1545 2526 1613 quod
2559 1545 2705 1598 Deus
2754 1558 2860 1596 non
2894 1550 2977 1595 est
3014 1548 3177 1596 natus
3214 1536 3283 1591 de
3317 1536 3474 1588 beata
3511 1531 3639 1586 Vir-

2064 1639 2210 1709 gine.
2247 1638 2341 1694 sed
2384 1638 2549 1692 homo
2581 1636 2740 1692 Jesus
2760 1634 3040 1690 Christus.
3078 1634 3143 1687 Et
3172 1641 3302 1684 tunc
3330 1625 3642 1690 composuit

2066 1732 2401 1785 Mahometus
2435 1728 2683 1797 quantam
2720 1727 2774 1780 in
2810 1725 3031 1780 modum
3103 1722 3241 1792 legis
3292 1736 3392 1789 per
3437 1718 3641 1780 socios,

2062 1839 2347 1877 assumens
2372 1820 2619 1891 quaedam
2636 1819 2856 1889 quidem
2880 1834 2910 1871 a
2928 1816 3139 1881 Veteri,
3171 1812 3421 1884 qutedam
3457 1819 3642 1863 autem

2063 1932 2092 1971 a
2140 1916 2293 1970 Novo
2324 1914 2702 1968 Testamento.
2734 1910 2854 1964 Non
2894 1919 3075 1962 tamen
3114 1916 3245 1961 tunc
3276 1904 3513 1976 populus
3544 1903 3647 1955 ha-

2066 2008 2232 2063 bebat
2248 2008 2602 2062 Alcoranum.
2637 2003 2845 2057 Dicitur
2874 2012 3055 2056 tamen
3084 2001 3137 2053 in
3161 2014 3350 2053 eorum
3379 1996 3644 2057 historiis,

2065 2100 2209 2170 quod
2246 2098 2588 2153 Mahometus
2638 2093 2811 2159 dicit:
2839 2091 3133 2148 Descendit
3182 2089 3249 2143 ad
3304 2104 3391 2142 me
3424 2087 3647 2141 Alcora-

2065 2208 2197 2247 num
2232 2190 2286 2245 in
2319 2198 2527 2259 septem
2558 2187 2714 2254 viris,
2742 2197 2798 2241 et
2825 2183 3094 2255 quidquid
3126 2189 3211 2235 est
3242 2180 3379 2235 satis
3424 2177 3646 2233 sufﬁt-it.

2066 2285 2265 2338 Dicunt
2315 2292 2495 2335 autem
2546 2279 2647 2333 hos
2683 2276 2873 2341 fuisse,
2922 2273 3134 2343 Naphe,
3182 2280 3239 2324 et
3288 2268 3424 2329 Eon,
3459 2265 3648 2329 Omar,

2070 2375 2258 2436 Omra,
2284 2373 2533 2437 Eleesar,
2570 2370 2695 2425 Asir
2727 2368 2897 2422 tilium
2924 2365 3137 2429 Cethir,
3167 2372 3222 2417 et
3252 2360 3647 2423 ﬁliumﬁmer.

2068 2468 2314 2521 Diximus
2362 2464 2531 2532 igitur
2567 2461 2669 2523 eis,
2720 2458 2940 2531 quando
2995 2457 3250 2526 legerunt
3306 2453 3412 2505 hoc
3464 2465 3651 2504 coram

2069 2557 2426 2614 Mahometo?
2454 2556 2523 2610 Et
2558 2569 2753 2608 omnes
2780 2551 3063 2613 dixerunt,
3090 2551 3237 2618 quod
3269 2548 3405 2611 non,‘
3432 2543 3528 2599 sed
3560 2558 3655 2595 co—

2072 2664 2188 2703 ram
2221 2646 2557 2709 senioribus,
2591 2654 2646 2701 et
2690 2643 2771 2698 sic
2800 2658 2977 2711 usque
3009 2641 3074 2695 ad
3109 2639 3503 2694 Mahometum.
3531 2634 3653 2689 Fir-

2079 2753 2229 2792 mum
2284 2745 2469 2791 autem
2523 2745 2631 2798 est,
2667 2732 2816 2803 quod
2870 2732 2923 2785 hi
2963 2746 3070 2784 non
3099 2735 3480 2784 convenerunt
3528 2740 3653 2779 cum

2075 2829 2391 2886 senioribus
2424 2808 2702 2897 prioribus
2739 2823 2794 2877 in
2843 2823 3029 2877 littera
3069 2836 3235 2891 quam
3263 2831 3414 2873 nunc
3443 2825 3655 2871 tenent.

2074 2920 2229 2987 Quod
2277 2919 2543 2989 probatur
2584 2931 2649 2970 ex
2698 2929 2787 2976 eo,
2825 2913 2971 2984 quod
3022 2911 3209 2967 littera
3262 2908 3450 2989 prima.
3481 2906 3656 2975 partis

2077 3013 2355 3070 contraria
2406 3018 2490 3064 est
2527 3009 2667 3079 parti
2700 3007 2978 3063 secundae.
3010 3005 3053 3059 Δ
3084 3013 3331 3072 tempore
3366 3000 3510 3054 extim
3546 2998 3657 3051 Ma-

401 3094 535 3149 'A1:6
561 3092 670 3163 γάρ
706 3091 804 3145 τοῦ
836 3091 1027 3162 καιροῦ
1046 3092 1141 3146 τοῦ
1172 3089 1419 3162 Μωάμεθ
1443 3090 1620 3153 οὐδεὶς
1647 3090 1965 3161 ἐπιστήμων

2073 3108 2278 3163 homcli
2328 3104 2511 3158 nullus
2559 3103 2768 3172 peritus
2822 3096 3227 3160 l‘uitAlcorani,
3276 3094 3383 3149 nisi
3439 3091 3649 3149 Audala

387 3189 580 3258 γέγονε
607 3184 704 3239 τοῦ
738 3185 1089 3255 Ἀλκοράνου,
1119 3187 1168 3238 εἰ
1210 3183 1285 3254 μὴ
1315 3187 1343 3237 6
1377 3183 1626 3237 Αὐδαλλᾶ
1662 3186 1690 3237 6
1728 3183 1842 3245 υἱδς
1865 3180 1959 3235 τοῦ

388 3280 706 3343 Μεσετοὺδ,
755 3279 852 3332 καὶ
882 3284 911 3332 6
963 3277 1090 3333 Ζείθ
1145 3281 1173 3332 ὁ
1219 3278 1334 3341 υἰδς
1363 3274 1463 3331 τοῦ
1492 3276 1746 3351 Ταμπὲθ,
1803 3277 1897 3331 καὶ
1937 3277 1966 3330 6

364 3373 577 3429 “Κανάν
602 3373 717 3435 υἰδς
755 3371 947 3443 Ὀφήν,
1001 3373 1095 3426 καὶ
1119 3373 1147 3425 6
1188 3370 1370 3442 Ἐμπῆ
1397 3369 1513 3435 υίὸς
1546 3370 1693 3424 Τὰπ.
1726 3370 1863 3439 Περὶ
1906 3367 1964 3420 δὲ

390 3463 487 3520 τοῦ
508 3465 641 3535 Ἀλῆ
662 3462 758 3517 τοῦ
794 3462 910 3516 υἰοῦ
941 3462 1034 3516 τοῦ
1062 3462 1350 3533 Ἀὁιτελὲμ
1381 3462 1525 3525 τινὲς
1568 3461 1820 3530 λέγουσιν
1852 3459 1971 3513 ἐπί-

395 3555 624 3612 στασθαι
645 3556 831 3626 μέρος,
864 3555 1006 3617 τινες
1034 3555 1090 3608 δὲ
1118 3552 1202 3608 οὗ.
1230 3553 1503 3617 Ἕκαστος
1529 3553 1586 3606 66
1611 3552 1817 3609 τούτων
1843 3567 1971 3606 συν-

398 3648 596 3717 έθηκεν
619 3646 965 3714 Ἀλκοράνον,
1017 3643 1095 3714 τῷ
1142 3644 1250 3696 τῶν
1299 3642 1475 3698 ἄλλων
1511 3642 1826 3713 Ἀλκοράνῳ
1852 3643 1967 3694 avo-

399 3736 700 3807 μοιότατον.
733 3734 1118 3805 Ἐπολέμησαν
1136 3733 1194 3787 δὲ
1222 3736 1319 3788 καὶ⁵
1351 3732 1489 3803 πρὸς
1520 3733 1785 3804 ἀλλήλους
1809 3732 1973 3803 μέχρι

397 3829 657 3895 θανάτου,
704 3826 781 3899 μὴ
805 3826 1086 3898 δεχόμενοι
1128 3827 1200 3881 τὰ
1228 3826 1339 3880 τῶν
1369 3826 1567 3881 ἀλλων.
1609 3826 1767 3881 Μετὰ
1795 3824 1854 3879 66
1881 3825 1976 3877 τὸν

397 3920 624 3974 ικείνων
650 3917 881 3975 θάνατον
928 3916 1272 3988 εδιχονόησεν
1304 3917 1333 3970 6
1356 3915 1488 3980 λαὸς
1520 3919 1579 3970 ὲν
1609 3915 1687 3986 τῷ
1711 3915 1975 3981 ’Δλκορά-

399 4029 477 4084 νῳ
524 4013 687 4083 μέχρι
712 4011 808 4065 τοῦ
838 4009 1034 4081 καιροῦ
1054 4010 1149 4063 τοῦ
1176 4010 1425 4081 Περπᾶν,
1455 4008 1550 4062 τοῦ
1581 4006 1974 4076 υἰοῦἚλεκὶμ,

398 4104 457 4168 δς
478 4103 778 4173 συνέθηκεν
808 4101 992 4165 αὐτοῖς
1013 4100 1172 4154 τοῦτο
1200 4100 1262 4155 τὸ
1290 4098 1616 4171 Ἀλκοράνον
1647 4101 1675 4154 δ
1704 4100 1800 4153 νῦν
1824 4099 1978 4169 έχου-

402 4213 508 4251 σιν.
534 4194 839 4265 Ἐνέπρησε
888 4193 945 4247 66
983 4193 1168 4248 καὶτὰ
1190 4193 1323 4248 ἀλλα
1344 4192 1676 4263 Ἀλκοράνα.
1705 4193 1816 4246 Καὶ
1854 4192 1976 4244 τότε

400 4290 449 4344 οἰ
494 4287 778 4361 εἰρημένοι
832 4282 972 4341 ἑπτὰ
1018 4285 1127 4339 τῶν
1168 4286 1376 4339 πόλεων
1417 4285 1678 4357 ἄρχοντες
1717 4286 1976 4339 ἀντεῖπον

399 4381 652 4453 ἀλλήλοις
677 4378 737 4434 ἐν
783 4396 844 4433 τε
872 4381 940 4449 τῇ
974 4379 1337 4448 γραμματικῇ
1380 4378 1475 4459 καὶ
1504 4379 1620 4442 τοῖς
1655 4375 1803 4439 ἰδίοις
1829 4374 1975 4428 ἰδιώ-

2070 3197 2216 3252 illius
2243 3195 2508 3254 Mesetud.
2550 3201 2605 3249 et
2653 3190 2988 3253 Zeith'tllius
3019 3187 3308 3256 Tatnpeth,
3364 3193 3418 3238 et
3465 3182 3653 3237 Cana:

2071 3288 2216 3342 filius
2267 3285 2485 3357 Ophyn,
2547 3288 2603 3339 et
2647 3282 2798 3351 Enpe
2831 3281 2976 3336 illius
3028 3279 3164 3349 'l‘ap.
3222 3277 3294 3357 De
3325 3275 3411 3351 Ali
3467 3283 3649 3327 autem

2073 3378 2182 3432 lilio
2246 3350 2557 3438 Abitalem,
2629 3350 2852 3441 quidam
2915 3370 3105 3423 dicunt
3174 3350 3314 3421 scire
3387 3376 3645 3434 partem,

2072 3469 2294 3540 quidam
2342 3476 2526 3521 autem
2581 3454 2710 3519 non.
2755 3462 2999 3530 Quilibet
3041 3470 3224 3513 autem
3274 3457 3470 3511 horum
3500 3470 3655 3509 com-

2074 3560 2257 3628 posuit
2274 3560 2624 3620 Alcoranum,
2649 3555 2889 3631 aliorum
2906 3553 3177 3607 Alcurano
3200 3549 3652 3604 dissimillimum.

2075 3651 2464 3721 Pugnarerunt
2505 3656 2688 3703 autem
2722 3655 2779 3702 et
2825 3646 2971 3700 inter
3001 3661 3059 3699 se
3091 3659 3266 3714 usque
3297 3641 3361 3695 ad
3394 3644 3653 3700 mortem,

2076 3758 2187 3797 non
2220 3741 2589 3810 suscipientes
2630 3753 2752 3808 quae
2779 3745 2941 3792 erant
2969 3737 3225 3795 aliorum.
3260 3734 3389 3789 Post
3420 3742 3653 3787 mortem

2076 3834 2338 3889 dissensit
2386 3833 2624 3903 populus
2680 3831 2736 3884 in
2786 3830 3075 3893 Alcorano,
3110 3842 3283 3897 usque
3336 3825 3403 3879 ad
3434 3833 3652 3893 tempus

2076 3927 2355 3998 Mermpan
2387 3926 2481 3981 ﬁlii
2504 3926 2728 3988 Elezen,
2749 3920 3268 3993 quicomposuiteis
3294 3918 3399 3972 hoc
3429 3918 3658 3971 Alcora-

2078 4032 2209 4072 num
2271 4016 2418 4086 quod
2453 4029 2598 4069 nunc
2626 4013 2849 4069 habent.
2876 4009 3195 4067 Combussit
3239 4016 3420 4063 autem
3456 4017 3512 4061 et
3542 4006 3651 4060 alia

2077 4111 2369 4163 Alcorana.
2398 4107 2467 4162 Et
2498 4117 2631 4159 tunc
2665 4105 2830 4160 etiam
2861 4103 3144 4157 civitatum
3178 4100 3418 4171 praefecti
3446 4106 3657 4167 septem

2078 4198 2538 4255 contradicebant
2564 4197 2668 4252 sibi
2694 4197 2747 4250 in
2770 4196 3130 4266 grammatica
3152 4202 3207 4247 et
3230 4190 3469 4261 propriis
3520 4190 3660 4242 idin-

2079 4291 2343 4346 matibus.
2404 4288 2726 4344 Invenimus
2787 4282 2974 4341 autem
3030 4285 3085 4339 in
3136 4298 3328 4337 eorum
3387 4280 3656 4345 historiis,

2080 4384 2226 4455 quod
2253 4382 2467 4454 repudii
2491 4380 2794 4451 capitulum
2818 4378 3120 4457 excedebat
3146 4374 3447 4457 capitulum
3466 4374 3657 4437 bovis,

405 4486 589 4541 μασιν.
618 4468 869 4539 Εὖρομεν
894 4466 961 4531 δὲ,
994 4468 1055 4519 ὲν
1084 4469 1203 4528 ταῖς
1246 4456 1511 4534 ἱστορίαις
1543 4464 1745 4528 αὐτῶν,
1776 4464 1859 4517 ὅτι
1914 4463 1969 4516 τὸ

2080 4477 2224 4548 quod
2262 4475 2499 4546 primum
2534 4474 2588 4527 in
2633 4456 2888 4527 ducentis
2946 4469 3164 4540 triginta
3190 4456 3497 4522 sententiis
3532 4465 3656 4529 fuit,

399 4562 495 4617 τοῦ
520 4558 852 4618 ἀποστασίου
893 4557 1190 4628 κεφάλαιον
1235 4555 1562 4627 ὑπερέϐαινε
1584 4571 1601 4588 ο
1624 4555 1686 4608 τὸ
1714 4555 1770 4607 δὲ
1802 4555 1977 4625 κεῳά-

401 4651 553 4704 λαιον
581 4651 680 4721 τῆς
720 4648 841 4719 βοὸς
868 4648 931 4701 τὸ
974 4646 1189 4718 πρῶτον
1236 4649 1294 4699 ὲν
1342 4645 1649 4710 διακοσίαις
1671 4645 1972 4714 τριάκοντα

401 4740 744 4808 ἀποφάσεσιν
779 4731 870 4808 ἦν,
902 4735 1070 4791 νῦνδὲ
1098 4735 1400 4806 συνέστηκε
1424 4736 1485 4788 τὸ
1510 4728 1630 4789 ὅλον
1657 4737 1719 4789 ἐκ
1748 4734 1974 4790 δώδεκα.

401 4831 540 4885 Φασὶ
560 4832 616 4885 66
640 4830 789 4886 ἄλλοι
814 4829 986 4882 καὶτὸ
1010 4827 1303 4897 κεφάλαιον
1341 4828 1441 4897 τῆς
1471 4827 1595 4898 βοὸς
1633 4827 1812 4899 χιλίας
1837 4831 1945 4882 ἀπο
1958 4858 1981 4895 -_
2003 4810 2007 4818 λ

401 4924 595 4991 φάσεις
623 4921 898 4993 περιέχειν
928 4921 1081 4985 ποτὲ,
1115 4921 1354 4991 σήμερον
1379 4920 1436 4973 66
1476 4920 1732 4974 τοσοῦτον
1762 4920 1857 4975 καὶ
1894 4921 1976 4975 ἔτι
2017 4948 2023 4953 -

400 5012 650 5068 διακόσια
688 5010 1016 5081 ὀγδοήκοντα
1048 5009 1206 5065 ἑπτά.
1253 5008 1586 5081 Ἐμφέρεται
1615 5009 1672 5061 δὲ
1721 5012 1816 5062 καὶ
1848 5012 1978 5080 περί

403 5123 549 5171 τινος
588 5102 815 5159 δυνατοῦ
854 5103 1080 5175 ὀνόματι
1127 5102 1345 5172 Ἐλγάν,
1395 5103 1478 5157 ὅτι
1516 5103 1736 5172 ἀφεῖλεν
1783 5105 1847 5156 ἐκ
1880 5102 1973 5155 τοῦ

416 5200 741 5272 Ἀλκοράνου
764 5199 1089 5270 ὁγδοήκοντα
1119 5200 1281 5251 πέντε
1311 5197 1635 5268 ἀποφάσεις,
1664 5199 1757 5251 καὶ
1783 5198 1981 5269 προσέ-

403 5294 575 5364 θηκεν
604 5293 772 5356 ἀλλας
807 5293 1076 5365 τοσαύτας
1106 5294 1184 5355 εἰς
1222 5291 1383 5345 ἄλλον
1420 5292 1622 5345 σκοπὸν
1659 5291 1977 5362 ἀφυρώσας.

406 5386 529 5451 Πῶς
551 5387 731 5441 τοίνυν
759 5386 908 5440 ἐστὶν
935 5384 1156 5459 ἀληθὲς,
1185 5384 1320 5453 ὅπερ
1346 5384 1481 5452 φασὶ
1507 5400 1570 5436 πε
1583 5384 1635 5454 pl.
1664 5383 1759 5436 τοῦ
1794 5383 1983 5437 Ἀλκο-

406 5478 780 5551 pavendi-natu
808 5478 903 5531 τὸν
953 5477 1105 5543 Θεὸν,
1162 5477 1245 5531 δτι
1290 5475 1483 5546 Ἡμεῖς
1535 5476 1845 5546 καταϐῆναι
1888 5495 1983 5529 πε-

404 5570 716 5645 ποιήκαμεν
738 5567 837 5639 τήν
866 5566 1318 5637 ἀνάμνησινρκαί
1353 5569 1514 5638 ἡμεῖς
1541 5567 1711 5637 αὐτὴν
1750 5568 1981 5633 φυλάξο-

407 5677 543 5730 μεν;
579 5658 903 5738 Διηγοῦνται
952 5657 1009 5713 δέ
1047 5674 1191 5720 τινες
1242 5657 1425 5711 αὐτῶν
1464 5657 1727 5729 ἱστορίαν,
1772 5659 1847 5722 ὡς
1885 5658 1980 5712 τοῦ

405 5751 707 5825 Μαχούμετ
733 5752 1009 5829 φαρμάκῳ
1040 5750 1404 5814 ἀποθανόντος
1425 5791 1440 5818 ,
1481 5750 1583 5805 οὐκ
1613 5746 1758 5823 εἶχεν
1794 5751 1825 5805 6
1852 5751 1980 5816 λαὸς

2081 4583 2229 4623 nunc
2256 4575 2439 4623 autem
2489 4574 2663 4620 totum
2713 4562 3075 4617 constitutum
3119 4568 3202 4614 est.
3251 4560 3304 4613 in
3343 4557 3655 4612 duodecim.

2081 4659 2281 4714 Dicunt
2329 4663 2515 4710 autem
2562 4654 2675 4718 alii,
2711 4652 2859 4724 quod
2909 4661 2966 4706 et
2996 4650 3299 4720 capitulum
3360 4647 3514 4725 bovis
3555 4648 3658 4701 ati-

2079 4742 2298 4822 quaudo
2346 4747 2493 4801 mille
2529 4746 2834 4801 sententias
2879 4743 3227 4817 continebat,
3277 4741 3440 4796 hodie
3477 4750 3659 4794 tamen

2079 4841 2358 4911 octoginta
2405 4847 2640 4907 septem.
2682 4837 2951 4891 Referunt
3013 4835 3178 4893 etiam
3214 4844 3274 4893 et
3316 4834 3385 4889 de
3417 4833 3657 4904 quodam

2080 4931 2311 5002 potenti,
2336 4922 2559 4984 nomine
2586 4928 2767 4998 Elgas,
2799 4925 2945 4996 quod
2970 4925 3266 4989 abstulerit
3287 4924 3354 4977 ab
3383 4923 3660 4983 Alcorano

2080 5006 2357 5092 octoginta
2394 5021 2641 5090 quinque
2675 5018 3001 5083 sententias,
3039 5024 3096 5071 et
3125 5015 3337 5070 addidit
3369 5006 3662 5069 alias'toti-

2081 5114 2203 5168 dem
2251 5111 2480 5166 alterius
2512 5125 2728 5164 sensus.
2770 5106 3060 5175 Quomodo
3102 5108 3273 5177 igitur
3332 5115 3417 5161 est
3465 5119 3658 5159 verum

2081 5204 2229 5276 quod
2250 5204 2442 5258 dicunt
2473 5200 2542 5257 de
2562 5202 2854 5266 Alcorano,
2882 5199 3028 5270 quod
3060 5199 3203 5255 Deus
3233 5199 3398 5256 dicit:
3427 5199 3540 5251 Nos
3569 5198 3664 5252 dc-

2083 5296 2349 5353 scendere
2394 5294 2624 5349 fecimus
2664 5293 3047 5359 monitionem,
3081 5300 3138 5347 et
3182 5307 3284 5345 nos
3313 5306 3434 5346 eam
3468 5306 3659 5346 serva-

2082 5386 2305 5441 bimus?
2338 5384 2576 5440 Narrant
2602 5385 2770 5439 etiam
2801 5383 3048 5453 quietiam
3078 5381 3346 5446 historiae,
3377 5380 3520 5449 quod
3555 5380 3660 5433 Ma-

2083 5478 2339 5531 hometus
2385 5492 2611 5535 veneno,
2635 5484 2887 5530 mortuus
2928 5483 3033 5535 est.
3067 5488 3170 5527 nec
3205 5471 3397 5526 habuit
3424 5471 3660 5539 populus

2081 5569 2438 5624 Alcoranutn.
2485 5566 2622 5623 Cum
2661 5575 2845 5620 autem
2891 5565 3324 5635 Empeumpeccr
3351 5564 3659 5633 susciperet

2085 5660 2477 5731 principatum,
2527 5658 2788 5727 prazcepit
2834 5665 2895 5711 ut
2929 5656 3161 5728 quilibet
3206 5656 3488 5726 colligeret
3535 5671 3659 5725 qurc

2086 5760 2301 5824 posset;
2329 5760 2383 5807 et
2420 5751 2523 5805 hoc
2549 5749 2817 5821 quodest
2870 5766 2980 5821 prae
3013 5766 3099 5811 ma
3143 5750 3287 5816 ibus,
3322 5749 3657 5806 Aleoranum
