4068 6458
379 342 512 409 1121

1527 384 1535 393 .
1577 338 1884 401 CONTRA
1926 339 2432 402 MAHOMETEM.

3496 346 3633 401 llZ'z

373 457 480 513 ποῦ
511 454 680 509 αὐτὸν
710 451 1114 523 ἐπισκεψομαις
1164 451 1275 505 Kal
1320 448 1473 504 εἶπεν
1515 449 1543 501 6
1572 449 1835 521 Γαϐριὴλ,
1864 449 1957 503 Ἐν

2082 466 2183 507 oco
2214 451 2308 506 ubi
2338 459 2442 507 est.
2468 450 2535 507 Et
2561 448 2792 505 adduxit
2822 447 2953 505 mihi
2976 449 3284 521 iumentum
3314 448 3488 521 majus
3517 451 3643 519 qui;

374 548 453 619 τῷ
484 547 639 615 τόπῳ
667 545 803 598 ὅπου
837 545 975 599 ἐστί.
1006 545 1115 600 Kal
1150 543 1332 614 ἤγαγέ
1383 559 1477 613 μοι
1517 542 1736 611 κτῆνος,
1770 540 1956 611 μεῖζον

381 641 481 709 μὲν
510 640 656 704 ὄνου,
691 637 913 691 ἔλαττον
958 636 1018 689 δὲ
1053 635 1302 706 ἡμιόνου,
1353 635 1449 687 καὶ
1479 633 1541 685 τὸ
1577 633 1752 703 ὄνομα
1796 631 1960 701 Ἐλμ-

382 733 585 807 περᾴκ⁴
627 732 723 785 καὶ
751 726 874 784 είπέ
902 746 1015 798 μοι,
1075 727 1359 780 ’Δνάϐαινε
1414 723 1592 789 τοῦτο,
1647 724 1738 779 καὶ
1767 723 1956 777 ἔλαυνε

379 826 546 896 μέχρι
579 823 673 877 τοῦ
707 825 856 877 οἴκου
884 822 980 875 τοῦ
1012 821 1192 889 ἁγίου.
1238 821 1347 873 Καὶ
1375 819 1452 882 ὡς
1482 817 1802 889 ἐφρόντιζον
1832 819 1961 870 ἀνα-

376 916 603 983 ϐαίνειν,
645 915 811 985 ἔφυγε
837 914 898 967 τὸ
936 912 1152 983 κτῆνος.
1181 912 1291 966 Καὶ
1317 906 1470 964 εἶπεν
1521 908 1692 979 αὐτῷ,
1741 909 1961 963 Ἱστασο

379 1009 658 1079 ἀσφαλῶς⁸
710 1009 740 1061 6
782 1005 1086 1077 Μαχούμετ
1147 1005 1257 1076 γάρ
1299 1005 1496 1058 ἐστινὸ
1528 1005 1603 1079 σὲ-
1635 1001 1961 1074 βουλόμενος

378 1077 674 1169 ἀναϐῆναι.
738 1100 847 1152 Kal
868 1094 1141 1167 ἀπεκρίθη
1169 1097 1229 1149 1:6
1252 1097 1466 1165 κτῆνος,
1497 1077 1757 1166 Μηύπὲρ
1791 1096 1959 1149 αὐτοῦ

380 1192 695 1262 ἀπεστάλην
722 1210 737 1257 ;
785 1188 1086 1260 Ἀπεκρίθη
1108 1190 1134 1240 6
1160 1187 1420 1257 Γαϐριὴλ,
1449 1186 1578 1241 Ναί.
1616 1189 1727 1240 Kal
1755 1185 1875 1241 εἷπε
1901 1188 1962 1241 τὸ

383 1284 596 1352 κτῆνος,
665 1282 744 1336 Οὐ
801 1281 1145 1351 συγχωρήσω
1197 1278 1365 1332 αὑτὸν
1417 1276 1708 1349 ἀναϐῆναι,
1769 1281 1818 1332 εί
1886 1279 1962 1351 μὴ

386 1376 647 1446 πρότερον
676 1375 821 1442 ὑπὲρ
848 1371 985 1441 ἐμοῦ
1013 1371 1106 1425 τοῦ
1135 1370 1271 1424 Θεοῦ
1303 1370 1544 1443 δεηθείη.
1569 1370 1715 1437 Ἐγὼ
1739 1371 1797 1426 δὲ
1816 1372 1966 1442 ἐδεή-

338 1486 341 1487 ν
381 1468 481 1536 θην
512 1464 605 1518 τοῦ
638 1463 775 1517 Θεοῦ
816 1479 921 1535 μου
945 1461 1089 1532 ὑπὲρ
1112 1460 1209 1514 τοῦ
1236 1463 1489 1533 κτήνους,
1518 1462 1725 1533 ἐπέϐην
1774 1479 1832 1516 τε
1861 1462 1966 1515 a6-

380 1559 491 1615 τοῦ.
519 1557 613 1610 καὶ
635 1557 969 1636 περιεπάτει.
985 1552 1391 1624 ἐπικαθημένου
1423 1570 1525 1624 μου
1554 1554 1750 1625 πορείᾳ
1769 1553 1961 1623 λεπτῇ·

381 1647 639 1718 ἐστήριζέ
671 1664 730 1699 τε
764 1646 861 1717 τὴν
894 1645 1066 1715 χηλὴν
1096 1643 1189 1698 τοῦ
1222 1644 1384 1721 ποδὸς
1413 1647 1472 1697 ὲν
1498 1644 1575 1715 τῷ
1599 1646 1835 1712 ὁρίζοντι
1867 1649 1968 1718 τῆς

381 1742 557 1810 δῷεως
588 1740 774 1792 αὑτοῦ.
810 1740 915 1791 Kal
967 1736 1140 1800 οὕτως
1191 1732 1354 1807 ἦλθον
1404 1739 1484 1800 είς
1524 1737 1619 1791 τὸν
1682 1733 1830 1793 οἷκον
1874 1739 1967 1794 τὸν

386 1795 626 1903 ἅγιον-ὲν
652 1833 896 1886 ἐλάττονι
959 1795 1315 1900 διαστηματι,
1350 1830 1385 1900 ἦ
1425 1795 1549 1885 ὅσον
1608 1831 1676 1886 ἂν
1732 1833 1783 1902 ήυ
1833 1830 1965 1902 βολὴ
2000 1795 2040 1850 Β

386 1925 669 1996 ὀφθαλμοῦ
704 1925 1008 1995 τελεσθείη.
1061 1919 1171 1977 Ἦν
1216 1922 1275 1977 δὲ
1326 1923 1423 1978 καὶ
1478 1926 1508 1978 6
1555 1923 1798 1996 Γαϐριὴλ
1851 1923 1969 1995 μετ’

387 2019 544 2090 ἐμοῦ,
578 2020 671 2073 καὶ
699 2018 875 2091 ἢγαγέ
901 2034 970 2088 με
1009 2020 1090 2082 είς
1121 2017 1425 2088 ἀπορρῶγα
1485 2015 1543 2069 ὲν
1577 2015 1656 2086 τῷ
1708 2016 1842 2087 οῐκῳ
1889 2015 1972 2088 τῷ

388 2113 528 2184 ἁγίῳ
558 2115 615 2166 ἐν
661 2116 728 2182 τῇ
778 2110 1160 2183 Ἰερουσαλὴμ,
1206 2110 1301 2162 καὶ
1345 2106 1470 2163 εἷπε
1502 2126 1595 2177 μοι
1631 2110 1660 2161 6
1697 2108 1961 2181 Γαϐριὴλ·

388 2205 696 2276 Κατάϐηοι,
734 2205 817 2258 ὅτι
883 2203 993 2258 ἀπὸ
1032 2204 1127 2274 τῆς
1183 2203 1390 2274 πέτρας
1438 2199 1643 2271 ταύτης
1709 2201 1973 2273 ἀναϐήσει

389 2298 467 2360 είς
502 2296 592 2350 τὸν
637 2295 887 2367 ούρλνὸν.
920 2295 1030 2348 Kal
1068 2294 1326 2365 κατέϐην.
1371 2294 1482 2346 Kal
1532 2295 1561 2346 6
1593 2291 1835 2363 Γαϐριὴλ
1871 2293 1972 2363 iic-

320 2402 335 2411 '
390 2383 656 2453 φαλίσατο
689 2383 826 2453 μετὰ
866 2381 1069 2436 κύκλου
1100 2382 1237 2453 πρὸς
1274 2380 1374 2451 τὴν
1424 2380 1729 2453 ἀπορρῶγα
1755 2382 1817 2433 τὸ
1837 2381 1974 2449 κτῆ-

391 2492 478 2538 νος
506 2476 568 2529 τὸ
597 2475 941 2544 Ἐλμπαρὰκ,
985 2473 1080 2527 καὶ
1132 2472 1402 2526 ἐϐάστασέ
1455 2488 1524 2542 με
1582 2472 1640 2525 ὲν
1664 2475 1777 2533 τοῖς
1802 2468 1976 2541 ὤμοις

396 2566 560 2621 αὐτοῦ
595 2568 759 2638 μέχρι
785 2566 881 2621 τοῦ
906 2564 1165 2636 οὐρανοῦ.
1197 2565 1309 2619 Kal
1339 2565 1431 2619 ὅτε
1458 2563 1699 2635 ῆλθομεν
1729 2563 1866 2634 πρὸς
1885 2562 1977 2616 τὸν

393 2658 644 2729 οὐρανὸν,
680 2657 844 2727 ἔκοψε
892 2658 992 2726 τὴν
1033 2649 1206 2726 θύραν
1261 2656 1289 2709 6
1330 2653 1597 2725 Γαϐριήλο
1646 2653 1861 2726 ὲῤῥήθη
1917 2669 1977 2706 τε

393 2752 530 2820 1:96;
556 2750 738 2814 αὑτὸν,
769 2750 866 2812 Τίς
891 2744 978 2814 si;
1014 2746 1339 2819 Ἀπεκρίθη,
1372 2745 1518 2815 Ἐγώ
1568 2746 1685 2815 είμι
1708 2744 1976 2816 Γαϐριὴλ.

405 2839 646 2911 Ἐῤῥήθη
672 2854 732 2890 τε
766 2837 928 2892 πάλιν
952 2838 1126 2908 αὐτῷ’
1176 2839 1285 2891 Kal
1332 2837 1416 2900 τίς
1463 2838 1579 2890 ἐστι
1644 2837 1786 2905 μετὰ
1837 2835 1978 2902 σοῦ;

302 3004 305 3011 _
408 2930 734 3003 Ἀπεκρίθη,
770 2930 831 2984 '0
861 2929 1180 3000 Μαχούμετ.
1236 2924 1374 2982 Elite
1399 2928 1456 2981 δὲ
1508 2930 1537 2982 ὁ
1587 2926 1852 2998 θυρωρὸς,
1885 2927 1979 3000 Μὴ

395 3023 536 3094 ὑπὲρ
555 3023 742 3076 τούτου
777 3016 846 3093 ἦν
873 3023 904 3092 ἡ
945 3021 1218 3093 ἀποστολὴ
1243 3036 1258 3086 ;
1303 3019 1434 3074 Ναί.
1474 3020 1584 3073 Kal
1605 3019 1818 3090 ἤνοιξεν
1842 3020 1977 3089 ἡμῖν

2060 541 2186 597 dem
2213 541 2392 605 asino,
2419 543 2602 596 minus
2630 550 2813 595 autem
2848 541 3020 601 mulo.
3050 549 3104 595 et
3126 555 3327 595 nomen
3353 541 3473 610 ejus
3496 540 3642 594 Elm-

2059 646 2246 702 parac.
2286 632 2350 687 Et
2380 631 2519 708 dixit
2565 631 2739 705 mihi:
2784 630 3038 686 Asccnde
3076 631 3203 698 hoc,
3252 640 3309 686 et
3335 633 3513 702 equite
3545 648 3642 686 ns-

2059 738 2168 792 que
2215 722 2281 777 ad
2315 722 2537 776 domum
2566 731 2836 776 sanctam.
2873 720 3123 791 Cumque
3164 735 3413 775 curarem
3446 737 3633 776 ascen-

2061 816 2216 880 dere,
2256 814 2467 886 aufugit
2489 816 2818 887 iumentum.
2853 814 3105 884 Dixitque
3128 811 3210 868 ei:
3242 812 3338 868 Sta
3372 812 3639 879 ﬁrmiter;

2062 907 2404 962 Mahometus
2434 908 2582 961 enim
2608 916 2715 970 est,
2747 907 2837 976 qui
2866 907 2982 960 vult
3017 914 3068 960 te
3100 904 3425 960 ascendere.
3459 904 3524 958 Et
3551 920 3645 959 re-

2069 999 2622 1071 sponditiumentum
2649 1016 2664 1053 :
2697 997 2975 1067 Numquid
3004 1012 3104 1067 pro
3130 1011 3196 1052 eo
3223 997 3449 1051 missum
3477 1012 3596 1050 sum
3620 996 3646 1048 2

2066 1091 2370 1161 Respondit
2417 1090 2679 1146 Gabriel:
2732 1090 2955 1159 Utique.
3012 1089 3078 1142 Et
3107 1087 3247 1143 dixit
3287 1088 3636 1159 iumentum:
3742 1093 3757 1099 ”

2062 1181 2178 1236 Non
2202 1182 2521 1253 permittam
2546 1196 2669 1235 eum
2693 1181 3017 1244 ascendere,
3048 1180 3154 1233 nisi
3184 1179 3336 1249 prius
3367 1182 3641 1249 rogaverit

2067 1269 2233 1324 Deum
2265 1284 2365 1338 pro
2395 1283 2502 1323 me.
2559 1269 2671 1338 Ego
2701 1276 2884 1321 autem
2917 1266 3206 1321 intercessi
3256 1282 3356 1335 pro
3385 1269 3642 1337 iumento

2066 1361 2215 1432 apud
2235 1359 2408 1414 Deum
2432 1375 2638 1425 meum,
2666 1358 3003 1429 ascendique
3023 1358 3223 1427 ipsum,
3246 1367 3302 1412 ct
3323 1357 3645 1411 ambulabat

2066 1470 2154 1509 me
2187 1453 2465 1510 insidente
2505 1453 2656 1507 tenui
2687 1467 2898 1522 gressu,
2926 1450 3341 1520 collocabatque
3374 1450 3641 1521 ungulam
3694 1496 3695 1499 η

2068 1545 2226 1615 pedis
2256 1546 2312 1599 in
2347 1546 2631 1600 horizontc
2661 1544 2812 1598 visus
2840 1543 2946 1599 sui.
2978 1542 3046 1596 Et
3072 1542 3153 1596 sic
3180 1542 3303 1597 veni
3331 1541 3387 1595 in
3419 1541 3642 1596 domum
3718 1544 3725 1551 '

2068 1647 2313 1694 sanctam
2362 1637 2419 1691 in
2471 1634 2675 1692 minori
2728 1635 2928 1705 spatio,
2980 1649 3142 1703 quam
3194 1642 3462 1703 quantum
3498 1631 3645 1686 oculi

2072 1727 2214 1784 ictus
2248 1726 2434 1798 perlici
2466 1739 2670 1797 posset.
2706 1726 2833 1779 Erat
2861 1735 3045 1780 autem
3085 1722 3304 1779 Gabriel
3336 1737 3555 1777 mecum
3586 1732 3646 1778 et

2069 1819 2232 1875 duxit
2261 1834 2349 1873 me
2382 1818 2450 1872 ad
2503 1833 2697 1888 rupem
2730 1818 2784 1871 in
2822 1816 2985 1871 domo
3015 1823 3203 1870 sancta
3234 1814 3559 1878 Jerusalem,
3593 1819 3650 1865 ct

2070 1908 2209 1965 dixit
2236 1908 2370 1961 mihi
2390 1906 2634 1963 Gabriel:
2657 1906 2961 1972 Descende,
2986 1905 3245 1977 quoniam
3276 1905 3344 1959 ab
3370 1906 3473 1960 hac
3492 1915 3648 1975 petra

2072 2002 2336 2059 ascemles
2367 2000 2423 2055 in
2456 2001 2682 2055 emtum.
2713 1998 2777 2054 Et
2801 1997 3087 2055 descendi.
3121 1998 3189 2054 Et
3209 1997 3427 2052 Gabriel
3454 1997 3518 2051 ad
3557 2013 3651 2050 ru-

2071 2109 2197 2165 pem
2243 2093 2555 2164 iumentum
2597 2091 2884 2161 Elmparac
2938 2105 3064 2145 cum
3094 2089 3312 2161 cingulo
3356 2089 3565 2159 ligavit,
3597 2099 3654 2143 ct

2073 2185 2311 2257 portavit
2336 2198 2421 2240 me
2450 2185 2505 2239 in
2540 2184 2786 2239 humeris
2813 2183 2928 2239 suis
2951 2198 3127 2252 usque
3147 2183 3211 2237 ad
3237 2184 3462 2237 coelum.
3486 2180 3655 2235 Cum-

2073 2293 2183 2348 que
2232 2278 2577 2334 venissemus
2630 2275 2697 2331 ad
2735 2276 2959 2341 caelum,
3012 2275 3249 2346 pulsavit
3274 2274 3498 2345 ianuam
3549 2271 3658 2328 Ga-

2075 2367 2235 2425 briel.
2285 2367 2616 2437 Dictumque
2641 2365 2746 2419 fuit
2768 2365 2857 2420 ei:
2887 2363 3023 2431 Quis
3050 2363 3149 2418 es?
3180 2362 3508 2433 Respondit,
3538 2361 3654 2428 Ego

2075 2478 2198 2519 sum
2224 2460 2466 2518 Gabriel.
2498 2459 2828 2528 Dictumque
2859 2454 2967 2511 fuit
2992 2470 3189 2510 rursus
3216 2454 3264 2508 ei
3289 2472 3302 2506 :
3330 2454 3399 2508 Et
3430 2453 3553 2522 quis
3573 2459 3661 2506 est

2079 2552 2293 2624 tecum?
2314 2548 2636 2620 Respondit,
2663 2545 3027 2602 Mahometus.
3054 2543 3199 2599 Dixit
3217 2553 3398 2598 autem
3421 2542 3656 2610 ianitor:

2075 2641 2358 2710 Numquid
2406 2655 2509 2712 pro
2551 2655 2619 2694 eo
2651 2639 2850 2694 missus
2883 2634 3075 2691 fuisti?
3119 2634 3188 2688 Et
3235 2633 3375 2687 dixit
3413 2632 3656 2694 Gabriel,

2079 2733 2277 2790 Etiam.
2313 2732 2383 2787 Et
2408 2730 2626 2809 aperuit
2656 2728 2820 2785 nobis
2840 2727 3089 2799 ianuam.
3114 2725 3190 2802 .Et
3213 2724 3320 2781 vidi
3348 2733 3539 2792 gentes
3567 2740 3664 2779 an-

2082 2825 2355 2897 gelorum,
2394 2829 2454 2878 et
2480 2821 2568 2877 bis
2597 2819 2822 2876 ﬂectens
2855 2834 2957 2890 pro
2986 2818 3067 2873 eis
3095 2831 3293 2887 genua,
3333 2815 3502 2871 effudi
3540 2829 3664 2869 ora-

2081 2916 2309 2972 tionem.
2340 2914 2405 2968 Et
2434 2922 2558 2983 post
2595 2912 2714 2967 haec
2736 2912 2885 2982 cepit
2917 2924 3002 2964 me
3028 2905 3270 2968 Gabriel,
3299 2914 3354 2961 et
3383 2905 3542 2959 duxit
3573 2920 3661 2958 me

2085 3007 2152 3063 ad
2206 3003 2510 3061 secundum
2543 3001 2765 3057 corium.
2812 3000 2945 3055 Erat
2976 3007 3160 3051 autem
3196 2992 3434 3065 spatium
3463 2993 3660 3047 horum

397 3084 718 3186 τὴν-πύλην.
761 3084 870 3169 Kal
891 3084 1037 3170 εἶδον
1059 3084 1491 3183 ἔθνη-ἀγγέλων
1527 3084 1979 3182 καὶ-δὶςίκάμῷας

2089 3099 2320 3153 duorum
2353 3095 2619 3150 caelorum
2658 3092 2762 3148 iter
2791 3091 3217 3162 quingentorum
3251 3101 3548 3142 annorum.
3594 3084 3664 3140 Et

399 3176 539 3279 ὑπὲρ
588 3176 772 3261 αύτῶν
817 3209 888 3261 τὰ
942 3176 1189 3275 γόνατα,
1216 3176 1434 3275 ἀξ-έγεον
1477 3176 1981 3276 προσευχήνίίξῇ

2086 3203 2251 3260 quam
2288 3186 2524 3258 primum
2558 3185 2795 3255 pulsavit
2822 3184 3065 3254 ianuam,
3097 3179 3386 3252 responsio
3412 3176 3551 3233 facta
3578 3189 3663 3231 est

403 3302 540 3369 μετὰ
570 3302 747 3355 ταῦτα
784 3300 945 3355 ἔλαϐέ
974 3318 1042 3368 με
1062 3302 1090 3353 6
1118 3300 1382 3370 Γαϐριὴλ,
1414 3303 1511 3354 καὶ
1537 3300 1714 3370 ἤγαγὲ
1738 3316 1807 3369 με
1847 3300 1985 3370 πρὸς

396 3395 489 3447 τὸν
526 3394 782 3461 δεύτερον
802 3395 1059 3463 οὐρανόν.
1086 3390 1199 3447 Ἦν
1241 3392 1300 3446 δὲ
1351 3393 1412 3446 τὸ
1438 3393 1713 3463 διάστημα
1739 3391 1847 3445 τῶν
1891 3390 1986 3445 δύο

397 3481 606 3538 τούτων
644 3482 891 3553 οὐρανῶν
918 3482 1038 3547 666;
1067 3481 1439 3537 πεντακοσίων
1461 3481 1619 3536 ἐτῶν.
1655 3480 1763 3535 Kal
1794 3479 1984 3551 ὥσπερ

401 3574 622 3646 πρῶτον
650 3573 818 3645 ἔκοψε
870 3574 972 3643 τὴν
1005 3574 1198 3646 θύραν,
1253 3577 1349 3629 καὶ
1411 3573 1707 3643 ἀπόκρισις
1763 3571 1986 3642 γέγονεν

402 3667 741 3739 αὐτῷ’κατὰ
788 3667 969 3721 πάντα
1034 3666 1197 3736 ὁμοία
1255 3666 1418 3739 μέχρι
1465 3666 1560 3719 καὶ
1603 3665 1697 3719 τοῦ
1754 3662 1985 3733 ἑϐδόμου

399 3754 654 3827 οὐρανοῦ.
718 3753 808 3806 Ἐν
863 3745 909 3823 ᾧ
957 3753 1172 3826 ἑϐδόμῳ
1241 3752 1471 3824 ούρανῷη
1513 3752 1806 3822 διαγράφει
1862 3751 1989 3805 ίδείν

399 3844 528 3899 λαὸν
554 3843 826 3912 ἀγγέλων.
860 3841 934 3898 Τὸ
958 3844 1136 3915 μῆκος
1166 3842 1288 3903 ἑνὸς
1339 3845 1572 3898 ἑκάστου
1626 3843 1862 3913 ἀγγέλου
1919 3837 1991 3914 ἦν

404 3936 497 3991 τοῦ
526 3938 734 4007 κόσμου
754 3935 1017 3999 πολλάκις
1046 3935 1439 4006 χιλιοπλάσιον,
1481 3929 1556 3991 ὧν
1581 3931 1694 4007 είχέ
1717 3952 1802 3999 τις
1825 3934 1992 3989 ἑπτα-

405 4026 595 4091 κοσίας
638 4025 886 4098 χιλιάδας
939 4027 1203 4095 κεφαλὰς,
1265 4027 1361 4081 καὶ
1408 4027 1468 4079 ἐν
1525 4026 1736 4099 ἑκάστῃ
1778 4025 1989 4097 κεφαλῇ

406 4120 741 4183 ἑπτακοσίας
779 4118 1052 4191 μυριάδας
1082 4118 1351 4188 στόματα,
1384 4119 1480 4173 καὶ
1528 4121 1586 4172 ὲν
1613 4117 1826 4185 ἑκάστῳ
1870 4117 1993 4170 στό-

414 4231 547 4283 ματι
571 4212 747 4284 χιλίας
780 4210 1115 4273 ἑπτακοσίας
1145 4209 1421 4279 γλώσσας,
1453 4209 1709 4274 αίνούσας
1742 4209 1837 4263 τὸν
1857 4207 1993 4262 Θεὸν

408 4305 760 4368 ἑπτακοσίοις
818 4303 1099 4374 μυριάδων
1128 4301 1407 4372 ίδιώμασι.
1465 4302 1571 4356 Καὶ
1626 4299 1995 4375 προσέϐλεψεν

411 4399 509 4452 ἕνα
531 4396 642 4450 τῶν
664 4395 914 4466 ἀγγέλων
965 4393 1291 4467 θρηνοῦντα.
1328 4395 1440 4448 Kal
1471 4393 1706 4465 ἐζήτησε
1750 4392 1851 4463 τὴν
1907 4393 1993 4446 al-

2083 3279 2135 3334 ei
2163 3278 2465 3333 secundum
2496 3275 2686 3329 omnia
2717 3273 2914 3328 similis
2938 3285 3113 3340 usque
3139 3270 3206 3325 ad
3233 3269 3525 3339 septimum
3549 3282 3666 3323 cae-

2084 3368 2222 3424 lum.
2255 3367 2311 3421 In
2339 3381 2449 3436 quo
2487 3363 2721 3435 septimo
2767 3362 2907 3418 coelo
2935 3358 3203 3416 describit
3231 3374 3290 3415 se
3316 3358 3520 3415 vidisse
3563 3372 3667 3427 po-

2085 3456 2278 3523 pulum
2327 3455 2669 3526 angelorum.
2697 3451 2988 3508 Prolixita’s
3021 3451 3455 3521 uniuscuiusque
3488 3450 3665 3518 angeli

2089 3550 2265 3607 multo
2298 3549 2507 3605 millies
2538 3547 2745 3604 mundo
2774 3545 2952 3618 maior
2984 3553 3125 3611 erat,
3161 3557 3399 3614 quorum
3435 3540 3669 3611 quisque

2090 3649 2325 3706 habebat
2352 3647 2696 3718 septuaginta
2726 3643 2899 3700 millia
2947 3641 3211 3714 capitum,
3244 3648 3301 3696 et
3330 3641 3384 3694 in
3422 3638 3671 3708 quolibet

2091 3740 2273 3810 capite
2320 3738 2669 3808 septingenta
2718 3734 2890 3790 millia
2939 3748 3058 3799 ora,
3104 3742 3161 3786 et
3205 3732 3260 3785 in
3292 3729 3540 3801 quolibet
3571 3742 3670 3782 ore

2091 3831 2240 3888 mille
2270 3830 2645 3900 septingentas
2679 3827 2917 3901 linguas,
2948 3824 3234 3879 laudantes
3262 3822 3431 3874 Deum
3460 3818 3670 3889 septin-

2091 3921 2272 3992 gentis
2302 3918 2551 3975 millibus
2579 3915 2955 3971 idiomatibus.
2996 3913 3068 3968 Et
3103 3911 3317 3983 aspexit
3366 3923 3534 3962 unum
3566 3922 3668 3973 an:

2093 4011 2338 4081 gelorum
2391 4007 2633 4060 ﬂentem.
2687 4005 2748 4059 Et
2782 4003 3037 4073 quresivit
3080 4015 3306 4081 causam
3340 3996 3502 4053 ﬂetus
3524 3996 3666 4067 eius.

2095 4076 2165 4156 iit
2202 4098 2505 4169 respondit,
2541 4112 2599 4153 se
2629 4105 2915 4166 peceatum
2942 4076 3087 4147 esse.
3116 4085 3241 4162 Ipse
3273 4101 3455 4145 autem
3496 4088 3673 4143 oravit

2094 4205 2196 4261 pro
2228 4205 2315 4249 eo.
2371 4189 2594 4258 Sicque,
2647 4184 2848 4255 inquit,
2896 4182 3117 4239 Gabriel
3147 4180 3553 4237 commendavit
3581 4194 3671 4234 me

2094 4282 2254 4337 alteri
2279 4280 2494 4351 angelo,
2528 4288 2585 4333 et
2608 4278 2700 4333 ille
2725 4277 2817 4331 alii
2844 4316 2859 4341 ,
2884 4289 2941 4331 et
2970 4275 3050 4330 sic
3075 4274 3356 4342 deinceps.
3385 4284 3672 4340 quousque

2097 4374 2225 4430 steti
2275 4387 2463 4429 coram
2496 4373 2611 4427 Deo
2671 4379 2727 4425 et
2775 4368 3034 4425 tribunali
3083 4368 3221 4436 eius.
3274 4365 3343 4419 Et
3379 4364 3557 4433 tetigit
3588 4377 3676 4417 me

409 4488 648 4558 clavsoﬁ
679 4451 876 4560 θρίινου
907 4451 1092 4541 αὑτοῦ.
1113 4487 1223 4540 Kal
1238 4451 1981 4556 ἀπεκρίθη-ἁμαρτίανεῐναι.

2102 4468 2249 4522 Deus
2274 4479 2438 4519 manu
2499 4478 2596 4518 sua
2649 4461 2790 4516 inter
2826 4461 3106 4524 humeros,
3141 4471 3313 4526 usque
3345 4454 3482 4508 adeo
3520 4461 3579 4507 ut
3604 4451 3673 4505 ad

413 4584 585 4644 Δύτδς
642 4580 701 4634 δὲ
759 4579 954 4651 ἐδεήθη
1013 4578 1157 4651 ὑπὲρ
1204 4576 1390 4632 αὐτοῦ.
1435 4575 1594 4633 Οὕτω
1644 4592 1706 4630 τε
1735 4615 1751 4643 ,
1803 4574 1992 4645 φησὶν,

415 4674 442 4724 6
475 4668 716 4740 Γαϐριὴλ
770 4666 1042 4741 παρέθετό
1101 4682 1170 4737 με
1232 4664 1452 4735 ἀγγέλῳ
1500 4664 1695 4737 ἑτέρῳ,
1743 4664 1997 4726 κάκεῖνος

386 4748 720 4834 ’ἄλλῳικαὶ
745 4760 917 4824 οὕτως
959 4758 1179 4831 ἐφεξῆς,
1215 4757 1409 4829 μέχρις
1439 4755 1601 4825 ἔστην
1641 4755 1872 4808 ἐνώπιον
1899 4754 1995 4806 τοῦ

414 4854 550 4908 Θεοῦ
582 4853 794 4909 καὶτοῦ
826 4853 1071 4925 βήματος
1104 4849 1294 4907 αὐτοῦ.
1330 4848 1440 4903 Kal
1464 4848 1643 4920 ἥψατό
1676 4843 1776 4917 μου
1800 4851 1828 4900 6
1864 4846 1995 4910 Θεὸς

415 4950 485 5017 τῇ
509 4945 652 5017 χειρί
681 4945 846 5001 αὐτοῦ
875 4947 934 4997 ὲν
960 4946 1113 5014 μέσῳ
1138 4942 1247 4996 τῶν
1271 4941 1461 5011 ὤμων,
1498 4941 1601 5004 ἓως
1647 4935 1710 4993 οῦ
1732 4941 1765 5007 ἡ
1795 4937 1998 5007 ψυχρό-

416 5052 514 5105 της
537 5026 634 5105 ⁸τῆς
667 5032 851 5104 χειρὸς
882 5030 1048 5087 αὐτοῦ
1081 5029 1265 5101 διῆλθε
1297 5029 1463 5101 μέχρι
1492 5027 1588 5081 τοῦ
1645 5026 1845 5098 μυελοῦ
1896 5026 1994 5094 τῆς

414 5127 624 5197 ῥάχεως
660 5123 756 5178 τοῦ
785 5122 980 5176 νώτου.
1024 5122 1136 5175 Kal
1170 5117 1290 5175 εἶπέ
1332 5137 1422 5190 μοι
1461 5121 1489 5172 6
1519 5118 1672 5183 Θεὸς,
1721 5116 1998 5186 Ἐπέθηκα

415 5218 498 5270 σοὶ
518 5217 613 5271 καὶ
631 5215 711 5284 τῷ
754 5212 869 5282 λαῷ
908 5230 1003 5267 σου
1025 5213 1212 5283 εὐχάς.
1244 5212 1563 5265 Καταϐάντι
1617 5209 1674 5263 δέ
1711 5227 1803 5280 μοι
1856 5211 1996 5279 πρὸς

414 5305 506 5359 τὸν
535 5307 795 5376 τέταρτον
840 5304 1070 5375 οὐρανὸν
1094 5302 1514 5356 συνεϐούλευσεν
1538 5302 1566 5354 6
1602 5305 1627 5353 λ
1657 5301 1839 5370 ωῦσῆς
1865 5301 1999 5352 ἐπα-

415 5399 624 5453 νελθεῖν
653 5397 788 5469 πρὸς
816 5397 881 5451 τὸ
926 5395 1187 5466 κουφίσαι
1213 5396 1304 5448 τὴν
1329 5394 1478 5459 λαὸν,
1517 5395 1591 5463 μὴ
1625 5393 1755 5449 ὄντα
1772 5392 1998 5446 δυνατὸν

415 5492 665 5562 ἐξαρκεῖν
695 5489 991 5553 τοσαύταις
1022 5487 1227 5559 εὐχαῖς,
1283 5485 1390 5539 Καὶ
1413 5489 1480 5557 τῇ
1519 5487 1713 5558 πρώτῃ
1740 5484 1992 5555 ὲπανόδῳ

416 5582 609 5637 ἔλαϐον
631 5582 818 5638 ἄνεσιν
852 5582 963 5635 ἀπὸ
1017 5581 1151 5636 δέκα
1205 5580 1367 5650 μέχρι
1424 5580 1519 5632 καὶ
1582 5579 1681 5649 τῆς
1727 5577 1997 5649 τετάρτης

418 5674 706 5730 ὲτανόδοω
733 5673 823 5725 καὶ
844 5674 912 5741 τῇ
942 5671 1169 5742 πέμπτῃ
1198 5664 1457 5738 ὲπὰνόδῳ¹
1494 5666 1749 5720 τοσοῦτον
1788 5667 1872 5731 ,είς
1936 5666 1998 5718 τὸ

421 5768 643 5820 ἔλαττον
669 5759 830 5834 ἦλθεν
854 5764 881 5817 ὁ
901 5762 1250 5835 ἀριθμδςτῶν
1278 5760 1476 5832 εὐχῶν,
1494 5758 1565 5824 ὡς
1584 5760 1770 5830 ὀλίγας
1801 5759 1996 5813 ἐναπο-

2095 4556 2395 4614 medullam
2443 4555 2616 4626 apinae
2667 4551 2817 4607 dorsi
2866 4549 2973 4605 mei
3007 4547 3282 4619 frigiditas
3328 4560 3527 4599 manus
3554 4545 3674 4615 eius

2095 4648 2477 4731 pertransii'et.
2530 4646 2597 4700 Et
2648 4644 2789 4700 dixit
2832 4642 2969 4697 mihi
3004 4639 3186 4696 Deus:
3221 4637 3462 4708 Imposui
3493 4637 3589 4692 tibi
3618 4644 3677 4691 et

2099 4743 2246 4815 plebi
2270 4727 2387 4797 tua;
2394 4739 2697 4800 orationes.
2720 4738 2968 4804 Cumque
2989 4729 3396 4788 descendissem
3421 4727 3488 4782 ad
3511 4743 3677 4797 quar-

2101 4844 2216 4889 tum
2255 4835 2480 4897 caelum,
2519 4829 2800 4885 consuluit
2835 4825 2969 4893 mihi
2997 4825 3233 4896 Moyses,
3280 4832 3342 4877 ut
3370 4833 3679 4877 revertere:

2099 4929 2167 4983 ad
2197 4924 2490 4989 levandum
2522 4921 2806 4993 populum,
2837 4916 2934 4989 qui
2964 4925 3044 4971 tot
3071 4914 3529 4993 orationesierre
3566 4930 3676 4967 non

2099 5027 2338 5093 poterat.
2377 5017 2446 5072 Et
2488 4990 2669 5086 primo
2721 5012 2907 5068 reditu
2955 5008 3173 5064 obtinui
3221 4990 3604 5061 remissionem
3649 5020 3681 5058 a

2097 5115 2289 5170 decem
2324 5124 2498 5180 usque
2522 5107 2588 5162 ad
2619 5114 2896 5178 quartam,
2924 5111 2981 5158 et
3010 5118 3041 5157 a
3067 5109 3263 5172 quarto
3297 5099 3475 5155 reditu
3502 5112 3676 5166 usque

2099 5205 2168 5260 ad
2218 5203 2536 5272 septimum.
2572 5199 2644 5253 Et
2693 5197 2751 5252 in
2802 5195 2910 5250 ﬁne
2948 5203 3159 5249 tantum
3209 5193 3264 5246 in
3297 5191 3477 5244 minus
3526 5188 3680 5242 venit

2100 5310 2370 5352 numerus
2398 5293 2737 5355 orationum,
2788 5296 2849 5341 ut
2877 5301 3067 5357 pauca:
3104 5290 3477 5339 remanerent.
3505 5280 3676 5333 Cum-

2099 5403 2207 5458 que
2256 5386 2466 5442 diceret
2504 5383 2752 5454 Moyses:
2803 5380 2915 5435 Nec
2963 5379 3068 5433 hoc
3098 5382 3361 5447 poterunt
3395 5372 3538 5426 ferre
3573 5370 3678 5422 ho-

2099 5481 2301 5544 mines,
2336 5491 2439 5548 ego
2463 5491 2576 5547 prae
2598 5472 2922 5530 confusione
2953 5467 3378 5531 verecundatns,
3413 5461 3561 5532 quod
3592 5473 3679 5515 to-

2101 5572 2209 5628 ties
2236 5569 2605 5639 ascenderim,
2637 5567 2790 5621 nolui
2822 5566 2944 5635 plus
2971 5563 3295 5619 ascendere.
3329 5555 3421 5612 sed
3453 5555 3679 5610 rediens

2100 5662 2166 5719 ad
2199 5662 2512 5732 Elmparac,
2548 5656 2794 5728 equitavi
2826 5654 3166 5710 descendens
3201 5652 3256 5704 in
3297 5648 3522 5704 domum
3568 5645 3680 5707 Mc,-

2101 5755 2238 5812 chm.
2283 5755 2489 5810 llurum
2542 5760 2726 5806 autem
2781 5747 3027 5805 omnium
3083 5753 3298 5813 tempus
3347 5739 3530 5794 minus
3573 5735 3673 5799 [uit
