4068 6460
526 370 666 436 1123
1778 342 2164 429 DEMETRII
2205 338 2548 427 crooxli'
2855 341 2858 344 ’
3641 373 3755 441 ιιει

518 504 682 563 quam
709 484 919 542 decima
942 498 1073 556 pars
1104 484 1303 539 noctis.
1330 481 1573 539 Visionis
1600 488 1782 535 autem
1802 478 1969 550 hujus
1984 476 2104 547 plus

2212 480 2416 547 μεῖναι.
2446 476 2708 543 Εἰπόντος
2737 478 2793 532 δὲ
2827 477 2919 533 τοῦ
2951 479 3193 543 Μωσέως
3228 480 3360 550 μηδὲ
3411 482 3649 539 τοσοῦτον
3674 485 3754 541 δυ-

517 581 772 653 estquod
807 578 1142 646 dimisimus,
1174 593 1338 649 quam
1370 575 1515 647 quod
1541 576 1906 629 narravimus.
1930 571 2096 627 Cum-

2206 569 2470 639 νήσεσθαι
2499 570 2592 624 τὸν
2619 570 2768 636 λαὸν,
2824 570 2932 639 ἐγὼ
2968 569 3280 641 αἰσχυνθεὶς
3341 571 3414 636 ὡς
3456 568 3754 642 τοσαυτάκις

518 692 627 748 que
663 682 945 729 narrasset
968 666 1313 726 Mahometus
1340 669 1617 723 universis
1647 656 1922 736 gentibus,
1949 663 2102 719 mille

2206 661 2432 727 ἀναϐάς,
2464 664 2566 717 οῦκ
2591 663 2793 734 ἀνέϐην
2844 662 3030 717 πλέον’
3062 663 3179 719 ἀλλ’
3210 662 3383 735 ἐλθὼν
3409 667 3486 729 είς
3509 666 3567 719 τδ
3613 666 3753 738 Ἐλμ-

518 768 769 824 homines
799 780 830 820 a
864 766 983 836 lege
1018 770 1386 819 recesserunt.
1424 760 1745 814 Dicentibus
1777 767 1960 810 autem
1990 755 2101 810 illis

2206 753 2415 823 παρὰκ,
2443 755 2675 823 ἤλαυνον
2726 753 2969 809 ἐπανιὼν
3017 755 3098 817 είς
3141 755 3231 808 τὸν
3259 750 3407 809 οἷκον
3465 757 3554 811 τοῦ
3600 758 3750 815 Μεκέ.

520 862 569 915 ei
595 880 608 916 :
637 857 887 913 Ascende
914 857 983 923 de
1017 854 1107 910 die
1151 856 1206 907 in
1238 854 1461 916 caelum,
1503 860 1563 904 ut
1597 865 1700 904 nos
1738 847 2098 919 aspiciamus,

2206 845 2424 900 Τούτων
2455 847 2513 901 δὲ
2539 839 2762 902 πάντων
2789 849 2980 919 χρόνος
3008 847 3247 902 ἐλάττων
3272 848 3304 919 ἢ
3333 849 3396 902 τὸ
3418 848 3632 904 δέκατον
3668 854 3756 924 μέ-

504 944 577 1009 ἐι
627 951 910 1005 videamus
972 948 1265 1003 obviantes
1318 945 1415 999 tibi
1481 942 1728 1013 angelos,
1781 955 1892 994 non
1946 954 2103 994 reco-

2206 955 2298 1010 ρος
2327 938 2428 1008 τῆς
2454 939 2672 1002 νυκτός.
2700 939 2811 1010 Τῆς
2840 940 2896 993 δὲ
2928 938 3159 1009 θεωρίας
3182 939 3386 1009 ταύτης
3416 941 3572 996 πλέον
3613 942 3640 996 δ
3668 936 3783 997 πα(

532 1044 722 1113 gnovit
770 1039 1033 1110 suiipsius
1064 1037 1435 1103 mendacium,
1465 1035 1562 1090 sed
1610 1034 1781 1088 dixit:
1807 1032 1953 1086 Laus
1985 1030 2097 1085 Deo

2208 1030 2529 1101 ρελίπομεν,
2557 1032 2590 1100 ἢ
2616 1030 2644 1085 ὃ
2689 1030 3092 1103 διηγησάμεθα,
3150 1031 3316 1103 φησὶν
3349 1034 3375 1085 6
3413 1036 3756 1103 συγγραφεύς.

522 1147 663 1187 meo.
695 1130 976 1201 Numquid
996 1129 1144 1183 aliud
1177 1128 1453 1197 quoddam
1486 1142 1605 1181 sum
1639 1139 1742 1195 ego
1771 1138 1931 1193 quam
1958 1134 2104 1175 unus

2206 1119 2425 1192 Ταύτην
2454 1120 2512 1174 δὲ
2541 1124 2639 1192 τὴν
2660 1122 2895 1192 θεωρίαν
2919 1123 3327 1195 διηγησαμένου
3389 1122 3484 1177 τοῦ
3539 1125 3757 1196 Μωάμεο

522 1226 829 1287 hominum,
879 1233 935 1277 et
970 1221 1295 1290 apostolus?
1342 1220 1432 1274 Sic
1480 1220 1535 1272 in
1570 1215 1814 1286 capitulo
1863 1210 2104 1284 proph‘e-

2206 1216 2370 1268 παντὶ
2405 1212 2483 1282 τῷ
2503 1214 2636 1284 λαῷ,
2668 1214 2988 1285 ἀπέστησαν
3033 1215 3130 1269 τοῦ
3156 1217 3322 1286 νόμου
3358 1216 3519 1271 αὐτοῦ
3541 1218 3751 1287 χιλιάδες

519 1329 696 1373 tarum
750 1324 938 1369 narrat
989 1313 1057 1369 de
1128 1314 1216 1368 his
1268 1312 1363 1382 qui
1398 1311 1716 1382 quaerebant
1755 1308 1942 1363 ab'eo
1982 1305 2102 1361 ﬁeri

2206 1304 2534 1377 ἀνθρώπων.
2620 1304 2899 1358 Είπόντων
2954 1305 3000 1360 δ’
3031 1306 3257 1360 ἐκείνων
3318 1307 3488 1378 αὐτῷ,
3527 1294 3758 1378 Ἀνάσηθι

519 1403 812 1465 miracula,
864 1402 1056 1471 sicque
1109 1400 1371 1455 dixerunt
1421 1399 1767 1454 Mahomelo:
1829 1393 2103 1453 Audivisti

2206 1396 2423 1465 ἡμέρας
2454 1393 2533 1456 είς
2581 1393 2673 1447 τὸν
2703 1393 2955 1462 οὐρανὸν,
3003 1395 3258 1465 δρώντων
3286 1397 3468 1467 ήμῶν,
3499 1398 3591 1451 καὶ
3647 1399 3756 1451 ῐδω-

515 1494 813 1563 insomnia,
867 1493 1241 1563 blaSphemias
1271 1490 1641 1562 congregasti,
1670 1488 1757 1544 vel
1792 1487 1935 1542 forte
1968 1500 2104 1553 poe-

2208 1502 2309 1557 μεν
2342 1485 2469 1546 τοὺς
2500 1483 2881 1548 συναντῶντάς
2926 1502 3005 1539 σοι
3027 1486 3312 1555 ἀγγέλους*
3343 1489 3444 1541 ούκ
3476 1490 3674 1558 ἐπέγνω
3709 1493 3767 1557 τὸ,

518 1589 625 1643 tice
659 1587 925 1658 loqueris.
978 1586 1115 1642 Veni
1144 1587 1211 1639 ad
1245 1600 1347 1639 nos
1378 1583 1445 1638 ad
1480 1583 1664 1637 minus
1709 1581 1763 1634 in
1795 1594 1908 1634 uno
1940 1578 2103 1634 mira-

2206 1575 2400 1630 ἑαυτοῦ
2429 1575 2648 1645 ψεῦδος,
2674 1576 2790 1629 ἀλλ’
2820 1572 2995 1629 εἷπεν*
3030 1578 3249 1641 Αίνεσις
3281 1577 3362 1657 τῷ
3395 1579 3510 1650 Θεῷ
3541 1598 3657 1651 μου.
3680 1582 3757 1652 Μὴ

518 1680 667 1739 culo.
704 1694 814 1749 quo
851 1678 1016 1733 modo
1049 1676 1203 1733 missi
1236 1683 1365 1731 sunt
1394 1683 1449 1729 et
1486 1675 1720 1744 priores.
1755 1669 2101 1740 Respondit:

2206 1666 2336 1721 ἀλλο
2380 1684 2437 1720 τι
2466 1668 2582 1737 εἰμὶ
2632 1667 2743 1735 ἐγὼ
2774 1666 2807 1739 ἢ
2845 1664 2926 1731 εἷς
2950 1669 3059 1722 τῶν
3094 1668 3399 1741 ἀνθρώπων
3439 1673 3531 1725 καὶ
3558 1672 3761 1726 ἀπόστι-

517 1768 909 1824 Subvertimus
934 1767 1097 1838 (dixit
1123 1764 1291 1835 Deus)
1327 1763 1493 1818 urbes
1522 1777 1709 1817 coram
1739 1775 1846 1815 non
1870 1760 2104 1815 creden-

2207 1758 2327 1827 λος;
2359 1758 2547 1822 υῦτως
2585 1759 2643 1812 ὲν
2667 1758 2748 1829 τῷ
2775 1759 3054 1830 κεφαλαίῳ
3076 1758 3187 1814 τῶν
3211 1762 3506 1834 προφητῶν
3525 1763 3759 1835 διηγεῖται

517 1860 688 1927 tibus,
721 1860 990 1931 numquid
1016 1859 1071 1913 hi
1108 1858 1370 1914 credent?
1409 1867 1466 1911 et
1488 1854 1765 1925 quomodo
1786 1857 2104 1922 exspectant

2215 1852 2472 1922 περὶτῶν
2504 1852 2815 1923 ζητούντων
2877 1853 3135 1921 γενέσθαι
3191 1858 3327 1929 παρ’
3354 1856 3520 1910 αὐτοῦ
3553 1858 3750 1926 σημεῖα.

517 1953 588 2008 ab
637 1968 705 2008 eo
746 1952 1057 2008 miracula?
1085 1950 1154 2007 Et
1189 1950 1475 2020 respondit
1514 1948 1629 2002 eis:
1681 1945 1953 2013 Quoniam
2001 1944 2097 2013 qui

2206 1935 2373 1994 Εἶπον
2406 1939 2542 2010 πρὸς
2573 1943 2666 1993 τὸν
2691 1938 2960 2010 Μωάμεθ·
3015 1942 3296 2008 Ἤκουσας
3330 1945 3571 2012 ἐνύπνια,
3621 1944 3759 2014 βλασ-

515 2053 915 2115 praecesserunt
969 2059 1088 2109 vos,
1142 2058 1252 2097 non
1303 2040 1661 2097 crediderunt
1706 2036 2007 2101 miraculis,
2041 2043 2101 2090 et

2207 2033 2418 2102 φημῐας
2451 2034 2776 2102 σῦνήγαγες,
2809 2034 2842 2105 ἦ
2877 2034 3007 2098 ἴσως
3032 2037 3334 2106 ποιητικῶς
3368 2037 3596 2108 φθέγγῃ.
3630 2036 3756 2090 mea

513 2150 697 2205 neque
716 2150 811 2190 vos
829 2136 994 2191 etiam
1012 2133 1294 2188 miraculis
1310 2131 1636 2196 crederetis,
1652 2127 1757 2183 nisi
1771 2143 1869 2198 per
1885 2140 2098 2182 ensem.

2206 2126 2344 2194 πρὸς
2375 2122 2543 2194 ήμῶν
2557 2124 2930 2195 -τοῦλάχιστον
2980 2127 3040 2179 έν
3069 2128 3150 2181 ένὶ
3180 2127 3448 2199 θαύματι,
3507 2130 3566 2183 δν
3588 2130 3754 2200 τρόπον

513 2228 899 2298 ἀπεστάλησαν
921 2226 1017 2281 καὶ
1047 2226 1098 2279 oi
1164 2225 1450 2297 πρότερον.
1502 2220 1909 2293 Ἀποκρίνετάν
1958 2215 2363 2288 Ἀνετρέψαμεν
2418 2215 2643 2286 (ἔφησεν
2672 2218 2701 2271 6
2754 2219 2908 2288 Θεὸς)
2941 2220 3039 2284 τὰς
3089 2221 3274 2287 πόλεις
3325 2222 3625 2294 ἔμπροσθεν
3674 2223 3749 2276 τῶν

517 2324 591 2392 μὴ
623 2321 1018 2374 πιστευόντωνο
1056 2312 1157 2392 ’μὴ
1220 2314 1365 2373 οὗτοι
1417 2318 1767 2370 πιστεύσουσι
1792 2355 1808 2380 ,
1871 2312 1983 2366 Καὶ
2021 2309 2137 2374 πῶς
2175 2309 2509 2381 ἀναμενοῦσι
2577 2308 2709 2382 παρ’
2734 2311 2900 2366 αὐτοῦ
2922 2314 2990 2367 τὰ
3022 2310 3318 2385 Dougan;
3396 2318 3752 2388 Ἀποκρινείτει

512 2415 720 2481 αὐτοῖς,
742 2415 825 2467 ὃτι
851 2416 914 2467 Οἱ
963 2413 1069 2484 πρὸ
1098 2412 1259 2483 ήμῶν
1291 2414 1392 2466 οὐκ
1438 2410 1771 2465 ἐπίστευσαν
1808 2406 2104 2477 θαύμασιν,
2140 2403 2265 2458 οὔτε
2299 2404 2611 2472 πιστεύετε,
2634 2409 2681 2460 εί
2733 2408 2808 2477 μὴ
2840 2408 2930 2462 διὰ
2962 2409 3169 2478 ξίφους.

1146 2535 1458 2607 Responsio.

585 2652 788 2710 Audite
825 2653 1019 2724 igitur,
1047 2650 1438 2717 Mahometani,
1477 2650 1524 2705 si
1554 2648 1881 2705 Alcoranum
1911 2658 2101 2701 verum

515 2744 873 2803 eﬁstimatis.
899 2745 1023 2815 Ipse
1057 2744 1205 2800 enim
1237 2743 1585 2799 Mahometus
1609 2750 1715 2807 est,
1744 2740 1839 2810 qui
1870 2739 2105 2795 afﬁrmat

518 2833 734 2887 nullum
771 2832 1098 2887 miraculum
1131 2840 1190 2887 8e
1225 2831 1446 2886 fecisse.
1476 2831 1662 2900 Longe
1691 2838 1875 2884 autem
1919 2828 2104 2897 plures

516 2923 744 2978 fuerunt
792 2936 931 2992 quos
968 2921 1118 2976 ensis
1156 2922 1522 2990 consumpsit,
1568 2935 1732 2990 quam
1788 2919 1885 2989 qui
1930 2917 2097 2988 gratis

517 3031 643 3071 eum
672 3016 853 3069 secuti
878 3020 1032 3079 sunt,
1067 3014 1209 3069 sicut
1239 3013 1496 3083 superius
1526 3012 1963 3068 demonstratum
1989 3019 2096 3067 est.

519 3106 647 3163 llaec
679 3106 798 3161 sola
852 3105 998 3160 fictio
1042 3106 1277 3161 visionis
1305 3104 1584 3197 praedictae
1635 3105 1801 3160 debet
1849 3104 2100 3160 sullicere
2128 3140 2172 3197 α

520 3198 589 3252 ad
635 3197 1033 3253 confutandum
1064 3196 1333 3267 quidquid
1365 3196 1505 3250 dixit
1554 3205 1610 3250 et
1658 3196 1790 3253 fecit
1831 3195 2103 3251 Mahome—

521 3297 629 3343 tus.
665 3287 822 3344 Sicut
868 3287 1017 3341 enim
1047 3302 1428 3357 saepenumero
1458 3296 1585 3342 ante
1632 3286 1840 3341 dictum
1878 3297 1983 3350 est,
2021 3286 2103 3342 sic

519 3378 773 3449 permisit
799 3393 927 3435 eum
969 3378 1212 3448 Spiritus
1243 3391 1471 3434 sanctus
1502 3379 1745 3443 mentiri,
1781 3389 1840 3433 ut
1870 3379 2103 3450 quilibet

520 3471 687 3527 homo
723 3470 886 3525 facile
926 3470 1247 3542 figmentum
1278 3481 1655 3541 cognosceret.
1685 3472 1846 3528 Nunc
1879 3473 2101 3543 quidem

524 3562 662 3617 dicit
684 3561 753 3618 de
788 3562 972 3630 seipso
1001 3561 1250 3615 inaudita
1281 3561 1568 3627 miracula,
1597 3563 1893 3633 aliquando
1917 3571 2100 3616 autem

526 3653 663 3707 dicit
694 3668 754 3709 se
790 3653 1005 3707 nullum
1048 3653 1371 3708 miraculum
1425 3654 1644 3710 fecisse.
1698 3654 1766 3707 Et
1804 3651 2101 3721 aliquando

526 3745 684 3811 dicit,
713 3745 861 3815 quod
890 3753 978 3799 est
1006 3746 1184 3800 solum
1212 3747 1439 3802 nuntius
1467 3758 1523 3801 et
1565 3747 1731 3801 homo
1759 3761 1776 3811 ;
1809 3743 2102 3812 aliquando

528 3850 680 3899 vero,
713 3836 860 3904 quod
886 3843 943 3891 et
968 3836 1090 3905 plus
1114 3844 1200 3892 est
1235 3852 1400 3907 quam
1435 3838 1683 3906 angelus,
1724 3847 1780 3891 et
1812 3852 1976 3905 supra
2006 3852 2105 3891 an-

527 3928 700 3994 gelos.
734 3927 795 3979 Et
820 3942 994 3995 quare
1030 3926 1267 3999 indiguit
1292 3929 1448 3984 asino
1474 3931 1558 3985 vel
1584 3930 1838 3999 jumento
1865 3945 1893 3982 ιι
1919 3929 2102 3987 Mecca

526 4030 704 4087 usque
744 4015 814 4071 ad
843 4015 1296 4089 Jerusalem,.qui
1347 4035 1414 4075 ex
1444 4018 1746 4076 Jerusalem
1802 4034 1978 4089 usque
2033 4021 2100 4076 ad

527 4109 782 4164 ultimum
824 4109 1026 4164 coelum
1073 4110 1328 4166 ascendit
1365 4111 1573 4179 absque
1604 4110 1793 4165 asino?
1814 4110 2102 4177 Quomodo

527 4200 704 4268 [.otuit
731 4208 808 4254 tot
837 4199 1160 4271 Splendores
1190 4200 1509 4272 angelorum
1538 4201 1596 4254 in
1625 4201 1767 4256 curio
1800 4203 2101 4275 sustinere,

528 4291 623 4362 qui
649 4292 887 4358 dicebat,
922 4295 1070 4362 quod
1098 4292 1320 4362 quando
1362 4292 1659 4361 apparebat
1696 4294 1802 4349 sibi
1838 4311 1981 4351 unus
2004 4312 2103 4351 an-

527 4383 705 4452 gelus,
739 4397 958 4454 semper
1002 4381 1057 4437 in
1109 4391 1306 4437 terram
1354 4382 1701 4449 concidebat,
1736 4392 1792 4439 et
1838 4400 2100 4455 spumans

2790 2532 2846 2587 Ἀ
2858 2534 3195 2603 ντίρῤησις.

2310 2642 2615 2699 Ἀκούσατε
2643 2645 2825 2700 τοίνυν
2855 2647 2904 2700 οί
2930 2645 3000 2700 τὰ
3025 2646 3328 2718 Μαχούμετ
3352 2648 3675 2721 φρονοῦντες,
3717 2645 3756 2699 εί

2211 2736 2407 2807 ἀληθὲς
2439 2737 2500 2790 τὸ
2557 2738 2880 2811 ’ᾼλκοράνον
2910 2739 3190 2811 νομίζετε.
3212 2740 3392 2805 Αῦτδς
3422 2744 3450 2796 6
3502 2740 3756 2811 Παχούμετ

2210 2828 2619 2884 διαεεὸαιοῦται
2675 2831 2847 2902 μηδὲν
2905 2832 3268 2902 πεποιηκέναι
3334 2832 3541 2904 θαῦμα.
3603 2830 3757 2900 nono

2211 2921 2434 2985 ¹ιιτλείους
2462 2922 2732 2990 ἐγένοντο,
2760 2922 2855 2987 οὓς
2880 2923 2943 2977 τὸ
2966 2923 3117 2993 ξίφος
3150 2924 3401 2995 ἀνήλωσε
3435 2926 3539 2978 τῶν
3559 2924 3756 2977 ἑκόντων

2205 3015 2692 3084 ἀκολουθησάντων
2718 3014 2887 3086 αὐτῷ,
2924 3014 3114 3086 ὥσπερ
3175 3016 3437 3086 ἀνωτέρω
3476 3015 3755 3087 δεδήλωται.

2207 3106 2380 3161 Τοῦτο
2415 3107 2576 3177 μόνον
2599 3106 2700 3175 τῆς
2735 3107 3144 3178 προειρημένης
3202 3106 3443 3180 θεωρίας
3471 3109 3529 3161 τὸ
3556 3106 3752 3173 πλάσμα

2205 3200 2376 3271 ἐχρῆν
2406 3199 2641 3269 ἀρκέσαι
2676 3199 2814 3270 πρὸς
2844 3199 3108 3271 αίσχύνην
3151 3202 3380 3269 παντὸς,
3432 3200 3462 3255 δ
3507 3198 3757 3266 πεποίηκε,

2206 3291 2303 3343 καὶ
2330 3289 2489 3343 εἶπεν
2520 3293 2548 3343 6
2582 3289 2855 3359 Μωάμεθ.
2899 3290 2988 3354 Ὠς
3017 3292 3125 3363 γὰρ
3153 3291 3423 3355 πολλάκις
3449 3291 3758 3364 προείρηται,

2202 3380 2346 3434 οὕτω
2375 3381 2761 3452 συνεχώρησεν
2793 3374 2957 3437 αὐτὸν
2997 3385 3059 3437 τὸ
3094 3384 3327 3454 Πνεῦμα
3374 3385 3434 3440 τὸ
3459 3386 3605 3454 ἀγιον
3651 3380 3761 3453 ψεύ⁴

2206 3458 2426 3535 σασθαι,
2462 3472 2603 3525 ὥστε
2659 3472 2838 3526 πάντα
2878 3473 3171 3544 ἄνθρωπον
3228 3476 3433 3547 ῥᾳδίως
3488 3473 3757 3543 ἔπιγνῶνιι

2202 3558 2264 3611 τὸ
2298 3560 2545 3629 πλάσμα.
2574 3558 2688 3611 Νῦν
2727 3560 2826 3629 μὲν
2886 3560 2997 3631 γάρ
3052 3577 3187 3632 φησι
3250 3565 3382 3634 περὶ
3433 3562 3614 3618 ἑαυτοῦ
3650 3559 3760 3629 ἀνή-

2204 3666 2407 3703 κουστα
2437 3649 2711 3719 θαύματα,
2736 3650 2924 3705 ἄλλοτε
2963 3652 3021 3705 δέ
3055 3669 3245 3723 φησιν,
3279 3654 3364 3708 ὃτι
3385 3652 3760 3724 ἀπεσταλμένος

2203 3739 2500 3811 ὲστὶεμόνον
2524 3742 2618 3794 καὶ
2635 3742 2941 3813 ἄνθρωπος’
2962 3745 3130 3798 ἐνίοτε
3148 3746 3224 3807 δὲ,
3245 3747 3330 3801 ὅτι
3349 3748 3444 3801 καὶ
3470 3747 3620 3801 πλέον
3634 3743 3761 3796 ἐστὶν

2203 3834 2471 3903 anew
2502 3838 2599 3892 καὶ
2627 3836 2769 3908 ὑπὲρ
2802 3838 3055 3906 ἀγγέλων
3084 3841 3279 3899 δεῖται.
3345 3843 3410 3897 Τί
3430 3843 3485 3896 δὲ
3511 3842 3602 3896 καὶ
3617 3840 3761 3894 ἐδεῖτο

2204 3926 2378 3999 δνουῆ
2403 3929 2633 3998 κτήνους
2652 3928 2761 3981 ἀπὸ
2784 3929 2881 3999 τῆς
2904 3931 3057 3985 Μεκὲ
3085 3932 3250 4005 μέχρι
3274 3936 3378 4004 τῆς
3410 3932 3758 4005 Ἰερουσαλήμῖ

2209 4020 2310 4084 Ὃς
2351 4021 2419 4074 ὲκ
2467 4021 2564 4092 τῆς
2605 4020 2966 4094 Ἰερουσαλὴμ
2994 4024 3156 4096 μέχρι
3180 4025 3275 4080 τοῦ
3305 4027 3531 4098 ἐσχάτου
3556 4020 3758 4095 ούρανοῦ

2211 4112 2415 4184 ἀνῆλθε
2447 4116 2618 4185 χωρὶς
2641 4115 2803 4182 ὅνους
2841 4117 2952 4170 Καὶ
2984 4118 3103 4183 πῶς
3128 4120 3370 4192 ἠδυνήθη
3402 4117 3655 4180 τοσαύτας
3677 4114 3760 4167 αὖ·

2204 4204 2306 4274 γάς
2338 4207 2591 4275 ἀγγέλων
2618 4209 2678 4261 ὲν
2723 4206 2801 4279 τῷ
2826 4208 3042 4281 οὐρανῷ
3070 4211 3384 4281 ὑπομεῖναι,
3431 4213 3461 4266 6
3483 4212 3664 4279 λέγων.
3695 4206 3758 4267 ὥς
3846 4274 3852 4282 ,

2202 4299 2291 4352 ὅτε
2320 4299 2483 4371 αὐτῷ»
2515 4296 2595 4375 εἷς
2619 4301 2850 4370 ἀγγελος
2887 4305 3240 4373 ἐπεφαίνετο,
3282 4306 3641 4361 καταπίπτειν
3684 4316 3759 4352 συν

2204 4392 2375 4463 νεχῶς
2406 4392 2501 4446 ἐπὶ
2532 4393 2635 4465 τὴν
2661 4394 2790 4466 γῆν,
2825 4398 2919 4450 καὶ
2948 4397 3122 4468 ἀφρὸν
3160 4399 3464 4453 ἀποπτύειν
3490 4397 3582 4451 καὶ
3603 4391 3759 4448 cavi).-

526 4473 858 4541 agitabatur,
915 4482 973 4528 et
1033 4472 1462 4540 incurvabantur
1519 4481 1575 4528 et
1634 4476 2104 4532 contrahebantur

2212 4483 2405 4537 κετθαι
2444 4484 2544 4548 τὰς
2588 4487 2779 4556 χεῖρας
2832 4488 3086 4552 καὶτοὺς
3137 4489 3307 4553 πόδας
3360 4488 3560 4553 αὐτοῦς
3640 4475 3758 4536 Ἀλλ’

526 4578 721 4619 manus
746 4574 802 4620 et
830 4566 997 4635 pedes
1028 4565 1190 4635 ejus?
1217 4563 1284 4617 Et
1308 4578 1486 4634 neque
1517 4566 1571 4620 in
1602 4568 1863 4637 praedicta
1894 4570 2104 4625 visione

526 4658 685 4725 ponit
726 4672 785 4711 se
836 4668 1076 4726 raptum,
1127 4655 1222 4711 sed
1272 4655 1425 4721 dicit,
1478 4660 1623 4728 quod
1681 4662 1930 4717 ascendit
1976 4680 2102 4719 cum

527 4765 759 4818 corpore
792 4749 969 4803 simul
1008 4761 1065 4803 et
1107 4748 1312 4813 anima,
1362 4751 1520 4822 cujus
1562 4752 1779 4823 signum
1837 4764 1943 4821 est,
1975 4756 2105 4825 quia

526 4838 661 4895 dicit
687 4842 832 4909 quod
862 4840 1010 4894 Deus
1048 4856 1215 4893 manu
1256 4857 1353 4896 sua
1384 4844 1563 4913 tetigit
1588 4860 1712 4899 eum
1745 4845 1890 4901 inter
1916 4847 2109 4902 hume-

530 4942 642 4997 ros,
667 4938 722 4983 et
743 4931 919 4984 sensit
943 4928 1297 4998 {rigiditatem
1324 4947 1497 5002 usque
1520 4934 1586 4987 ad
1610 4936 1908 4989 medullam
1933 4937 2106 5006 spinae

529 5021 703 5078 dorsi.
729 5021 885 5076 Unde
913 5022 1083 5075 Deum
1116 5032 1173 5075 et
1205 5026 1428 5094 angelos
1457 5026 1720 5097 supponit
1771 5029 2102 5097 positionem

526 5109 732 5167 habere
771 5111 948 5180 spatio
982 5114 1275 5181 corporali.

526 5248 641 5307 XV.
719 5250 794 5303 De
855 5249 1367 5325 rquisbusdnmlsex
1433 5257 1663 5325 quwsuis
1721 5257 1774 5309 in
1839 5255 2105 5309 Alcorano

597 5324 982 5385 communibus,
1015 5331 1064 5374 et
1095 5323 1159 5375 de
1195 5321 1391 5379 Christi
1432 5321 1499 5378 od
1528 5326 1888 5380 Mahometum
1926 5326 2100 5380 excel-

598 5391 788 5446 lentia.

533 5523 546 5534 -
595 5504 1009 5575 Consequenter
1047 5508 1329 5565 movendae
1364 5518 1495 5565 sunt
1535 5510 1912 5567 dubitationes
1952 5524 2104 5581 qua--

526 5590 653 5649 dam
708 5606 764 5652 et
793 5601 1125 5668 quaestiones
1163 5602 1218 5655 in
1261 5603 1554 5668 Alcorano,
1605 5603 1674 5658 de
1724 5605 1927 5674 quibus
1977 5620 2103 5659 cum

528 5697 637 5740 non
674 5687 886 5756 possint
913 5692 1181 5747 rationem
1214 5693 1446 5748 reddere
1475 5695 1756 5760 Saraceni,
1786 5711 1895 5753 non
1928 5697 2104 5752 solum

530 5780 869 5836 voeabuntur
917 5782 1264 5853 simpliciter,
1320 5785 1417 5841 sed
1471 5787 1635 5841 etiam
1677 5802 1946 5860 cogentur
2001 5790 2104 5847 de-

2207 4575 2329 4628 οὐδὲ
2361 4577 2417 4628 έν
2449 4579 2515 4647 τῇ
2545 4578 2923 4651 προειρημένη
2953 4578 3158 4652 θεωρίᾳ
3175 4581 3368 4635 ἑαυτὸν
3388 4577 3651 4651 ἡρπάσθαι
3673 4590 3762 4643 φη·

2208 4670 2315 4733 σιν,
2341 4667 2476 4721 ἀλλά
2508 4668 2648 4738 μετά
2692 4668 2945 4740 σώματος
3001 4660 3095 4724 καὶ
3138 4673 3317 4743 ψυχῆς
3372 4670 3625 4725 ἀνελθεῖν.
3670 4663 3756 4730 Στγ

2210 4758 2362 4826 μεῖον
2400 4756 2479 4821 δὲ,
2520 4756 2764 4826 ἅψασθαι
2800 4759 2892 4811 τὸν
2928 4759 3061 4813 Θεὸν
3090 4760 3254 4814 αὐτὸν
3300 4763 3367 4832 τῇ
3404 4759 3544 4829 χειρὶ
3586 4758 3638 4809 ὲν
3661 4752 3755 4810 toi;

2207 4846 2404 4917 ὤμοις,
2432 4853 2526 4903 καὶ
2553 4849 2841 4904 αἰσθέσθαι
2871 4841 3087 4922 ψύξεως
3127 4854 3288 4925 μέχρι
3321 4854 3412 4908 καὶ
3439 4852 3531 4905 τοῦ
3580 4840 3753 4919 μυελυῦ

2207 4939 2307 5008 τῆς
2346 4934 2555 5010 ῥάχεως
2594 4941 2686 4995 τοῦ
2715 4942 2906 4999 νώτου.
2971 4945 3077 4999 Καὶ
3124 4946 3250 5008 τοὺς
3297 4944 3557 5014 ἀγγέλους
3595 4936 3753 4991 τοίνυν

2208 5035 2303 5087 καὶ
2335 5034 2425 5088 τὸν
2450 5036 2586 5089 Θεὸν
2614 5036 2902 5109 ὑποτίθησι
2959 5038 3110 5093 θέσιν
3156 5038 3302 5110 ἔχειν
3351 5034 3622 5108 σωματικῇ
3657 5031 3754 5082 διασ

2210 5125 2420 5180 στάσει.
3221 5134 3233 5144 ’

2210 5264 2314 5318 ιε’.
2349 5265 2491 5340 Περὶ
2519 5280 2700 5340 τινων
2717 5265 2785 5329 ἐξ
2807 5264 3151 5340 ζητημάτων
3172 5267 3267 5321 ἐπὶ
3294 5265 3395 5319 τοῦ
3411 5256 3747 5340 ξΔλκοράνου
3853 5327 3862 5340 .

2279 5327 2523 5394 κοινῶν,
2558 5335 2654 5387 καὶ
2690 5327 2820 5403 περί
2856 5327 2985 5404 ’τῆξ
3028 5339 3134 5391 τοῦ
3184 5337 3439 5406 Χριστοῦ
3470 5336 3609 5402 πρὸς
3663 5327 3750 5379 τὸν

2277 5407 2597 5476 Μαχούμετ
2618 5407 2942 5475 ὺπερδχῆς.

2289 5519 2608 5588 Ἐπομένως
2638 5520 2887 5588 κινητέον
2929 5521 2997 5576 ἂν
3054 5522 3139 5593 εἴη
3197 5521 3430 5589 ἀπορίας
3483 5510 3624 5575 τινὰς
3668 5507 3745 5561 καὶ

2207 5610 2464 5682 ζητήσεις
2485 5615 2544 5666 έν
2573 5613 2648 5681 τῷ
2685 5613 3017 5686 ’Λλκοράνῳ,
3062 5617 3188 5685 περὶ
3242 5608 3314 5667 ὧν
3362 5610 3435 5682 μή
3491 5605 3746 5675 δυνάμενοι

2209 5703 2370 5772 λόγον
2405 5705 2454 5757 οἱ
2486 5706 2835 5776 Σαρῤακηνοὶ
2860 5707 3176 5774 ἀποδοῦναι,
3208 5706 3267 5759 οὐ
3301 5704 3455 5775 μόνον
3483 5696 3746 5766 κληθήσον-

2208 5778 2298 5849 ται
2330 5797 2536 5862 ἁπλῶς,
2567 5798 2702 5853 ἀλλά
2737 5799 2828 5852 καὶ
2862 5800 3365 5870 ἀναγκασθήσονται
3411 5796 3523 5860 ταῖς
3562 5779 3744 5843 ἀποδεί-
