4068 6460
346 396 482 461 1125

1513 380 1814 440 CONTRA
1865 379 2369 445 ΜΛΗΟΜΕΤΕΜ.

3444 381 3583 447 1126

335 514 475 578 ξεσι,
503 504 836 579 βιαζόμενοι,
873 501 1136 555 εἰσελθεῖν
1168 499 1246 561 είς
1279 498 1366 549 τὶν
1396 497 1606 548 δεῖπνον
1631 495 1734 561 τῆς
1766 494 1901 568 ἁλη-
1932 537 1940 553 ι

2042 498 2518 563 tonstrationibns,
2551 498 2727 554 coacti
2781 498 2835 553 in
2873 497 3186 553 convivium
3218 497 3465 553 veritatis
3500 500 3589 554 in-

333 600 503 660 θείας.

401 687 625 761 Πρῶτον
663 684 883 756 ζήτημα
907 685 1042 747 ἐστι,
1091 681 1144 732 τί
1177 678 1424 749 βούλεται
1471 678 1529 729 τὸ
1585 676 1910 747 Ἀλκοράνον

330 781 531 847 λέγειν,
565 780 694 830 ὅταν
715 778 1042 836 τοσαυτάκις
1093 771 1290 844 εἰσάγῃ
1329 771 1422 823 τὸν
1467 769 1598 821 Θεὸν
1621 768 1914 838 πληθυντι-

331 873 443 933 κῶς
474 870 600 939 περὶ
631 866 824 920 ἑαυτοῦ
852 865 1265 932 διαλεγόμενον;
1308 862 1444 931 Φησὶ
1468 860 1577 930 γὰρ
1602 861 1660 913 ὲν
1711 859 1788 926 τῷ
1820 876 1912 912 κε-

333 960 546 1030 φαλαίῳ
573 959 650 1026 τῷ
683 956 1113 1024 Ἥλιμπακερὰμ
1165 955 1230 1005 ὲκ
1283 950 1574 1022 προσώπου
1626 949 1719 1003 τοῦ
1752 948 1910 1010 Θεοῦ,

337 1055 579 1114 Εἴπομεν
643 1051 759 1112 τοῖς
808 1047 1080 1116 ἀγγέλοις,
1125 1043 1543 1109 Προσκυνήσατε
1585 1039 1664 1110 τῷ
1722 1040 1914 1110 Ἀδὰμ,

338 1148 433 1197 καὶ
468 1144 534 1195 τὰ
571 1141 754 1195 λοιπά.
791 1141 902 1194 Καὶ
952 1139 1108 1190 τοῦτο
1143 1137 1280 1204 μετὰ
1344 1133 1513 1187 ταῦτα
1549 1133 1722 1186 διόλου
1769 1132 1916 1199 λέγει

343 1236 502 1304 μέχρι
532 1231 626 1284 τοῦ
663 1230 847 1292 τέλους
889 1229 984 1282 τοῦ
1039 1227 1270 1298 βιϐλίου,
1331 1224 1462 1277 ποτὲ
1498 1225 1594 1292 μὲν
1627 1223 1919 1291 πληθυντι-

339 1325 450 1384 κῶς
477 1324 604 1390 περὶ
650 1320 786 1374 Θεοῦ
831 1319 1244 1385 διαλεγόμενος,
1281 1314 1409 1367 ποτὲ
1451 1314 1506 1366 δὲ
1549 1313 1760 1375 ἑνικῶς.
1827 1314 1922 1364 Βε-

343 1414 622 1465 εαιότατον
647 1412 705 1463 δέ
737 1414 852 1463 ἐστι
883 1412 1020 1462 πᾶσι
1076 1408 1422 1477 Χριστιανοίς
1478 1407 1574 1459 καὶ
1638 1404 1920 1467 Ἰουδαίοις

345 1506 439 1556 καὶ
502 1503 611 1554 τῶν
665 1501 1038 1573 Σαρῤακηνῶν
1090 1502 1205 1561 τοῖς
1261 1500 1404 1568 λόγῳ
1465 1496 1769 1567 χρωμένοις
1825 1496 1921 1550 ἕνα

345 1592 482 1648 εἶναι
512 1596 602 1646 τὸν
627 1593 783 1659 Θεὸν,
811 1591 906 1646 καὶ⁵
947 1592 1109 1662 μόνον
1143 1591 1232 1642 καὶ
1285 1587 1512 1651 ἁπλοῦν,
1568 1589 1663 1640 καὶ
1701 1588 1776 1657 μὴ
1829 1586 1922 1638 δύο

343 1687 540 1744 νασθαι
575 1685 722 1757 ἔχειν
744 1687 864 1739 τινὰ
889 1687 1166 1738 κοινωνόν.
1213 1685 1364 1736 Διατί
1394 1681 1574 1735 τοίνυν
1635 1681 1925 1749 πληθυντι-

345 1780 455 1841 κῶς
483 1777 780 1846 φθέγγεται
814 1777 942 1846 περὶ
990 1776 1230 1840 ὲαυτοῦ;
1278 1774 1424 1827 Ἀλλ’·
1442 1774 1502 1827 οὑ
1553 1773 1806 1825 δύνανται
1833 1771 1924 1824 λέ-

345 1887 463 1938 γειν
496 1868 621 1936 περὶ
653 1867 847 1920 ἑαυτοῦ
875 1871 969 1921 καὶ
1001 1867 1108 1919 τῶν
1138 1864 1386 1933 ἀγγέλων
1415 1865 1510 1917 τὸν
1541 1864 1675 1915 Θεὸν
1715 1863 1921 1929 λέγειν.

349 1963 585 2028 Λέγεται
632 1963 740 2029 γὰρ
777 1962 913 2022 ἐκεῖ,
976 1959 1218 2026 Εἴπομεν
1266 1960 1376 2018 τοῖς
1434 1955 1708 2022 ἀγγέλοις.
1766 1954 1924 2006 Ἔστι

350 2052 757 2120 τοίνυνόλόγος
806 2049 902 2104 τοῦ
947 2050 1081 2102 Θεοῦ
1143 2042 1316 2114 οὗτος,
1371 2048 1432 2100 οὐ
1487 2049 1598 2099 τῶν
1654 2046 1923 2113 ἀγγέλων,

351 2138 484 2198 ἀλλὰ
517 2146 652 2215 πρὸς
679 2146 808 2206 τοὺς
827 2144 1114 2211 ἀγγέλους.
1145 2142 1268 2194 Ἔτι
1299 2143 1357 2194 ἐν
1402 2140 1476 2210 τῷ
1513 2140 1794 2210 κεφαλαίῳ
1846 2138 1924 2208 τῷ

352 2237 456 2289 Σὰδ
478 2236 692 2303 λέγεται
722 2236 802 2288 ὅτι
843 2238 1041 2296 πάντες
1070 2235 1118 2285 οἱ
1141 2232 1360 2299 ἄγγελοι
1397 2231 1815 2301 προσεκύνησαν
1849 2227 1928 2300 τῷ

366 2311 536 2396 Ἀδὰμ
561 2327 702 2395 πλὴν
729 2325 820 2378 τοῦ
849 2324 1118 2377 διαϐόλου.
1149 2323 1321 2376 Πᾶσιν
1350 2321 1459 2392 ἄρα
1514 2325 1626 2384 τοῖς
1678 2322 1930 2390 ἀγγέλοις

354 2407 558 2465 εἶπενὸ
587 2413 739 2476 Θεὸς,
803 2411 1226 2482 Προσκυνήσατε
1278 2409 1356 2480 τῷ
1402 2410 1597 2479 Ἀδάμ.
1672 2409 1796 2462 Ἔτι
1870 2411 1929 2462 ὲν

357 2499 568 2560 πολλοῖς
610 2498 796 2560 τόποις
833 2499 928 2550 τοῦ
977 2498 1303 2568 Ἀλκοράνου
1345 2498 1654 2565 εἰσάγονται
1684 2495 1929 2550 τοιαῦταί

356 2605 498 2650 τινες
573 2587 838 2653 διαλέξεις
895 2587 1284 2656 πληθυντικῶς
1356 2591 1487 2655 περὶ
1541 2588 1635 2642 τοῦ
1689 2588 1824 2640 Θεοῦ
1875 2587 1931 2638 ὲν

355 2680 633 2744 τοιαύταις
682 2681 1008 2752 ἐνεργείαις,
1055 2681 1113 2734 ἐν
1158 2676 1246 2744 αἷς
1292 2681 1342 2731 οί
1408 2680 1629 2747 ἄγγελοι
1683 2677 1934 2748 οὐδαμῶς

251 2843 262 2854 ⁸
358 2772 436 2842 τῷ
466 2771 583 2841 Θεῷ
613 2772 978 2836 κοινωνοῦσιν,
1029 2773 1219 2843 ὥσπερ
1285 2774 1342 2826 ὲν
1371 2776 1436 2840 τῇ
1469 2771 1563 2825 τοῦ
1603 2772 1809 2840 κόσμου
1838 2771 1935 2840 δη-

363 2859 764 2929 μιουργίᾳ,καὶ
791 2862 856 2929 τῇ
902 2861 1186 2913 δικαιώσει
1246 2859 1340 2912 τοῦ
1385 2859 1636 2922 ἀσεϐοῦς.
1703 2859 1935 2926 Λέγεται

361 2951 468 3018 γὰρ
496 2953 555 3004 ὲν
582 2951 858 3015 πλείστοις
907 2951 1097 3014 τόποις
1153 2953 1250 3004 τοῦ
1311 2950 1667 3020 Ἀλκορὰνου,
1743 2951 1933 3018 Ἡμεῖς

363 3043 574 3114 (φησὶν)
603 3043 1118 3115 ἐδημιουργήσαμεν
1141 3044 1233 3097 τὸν
1272 3043 1522 3114 οὐρανὸν,
1556 3043 1655 3096 καὶ
1680 3042 1779 3110 τὴν
1807 3042 1934 3109 γῆν,

366 3133 460 3183 καὶ
490 3131 557 3184 τὰ
602 3132 803 3199 μεταξὺ
825 3133 886 3184 οὐ
919 3132 1230 3200 παρέργως⁹
1271 3131 1368 3183 καὶ
1405 3132 1565 3200 ἡμεῖς
1613 3129 1933 3182 ὲδικαιώσαέ

371 3238 470 3288 μεν
499 3224 589 3273 τὸν
645 3221 952 3289 ἄνθρωπον,
1011 3222 1106 3272 καὶ
1142 3223 1303 3290 ἡμεῖς
1361 3219 1787 3287 ἀπεστάλκαμεν
1844 3215 1936 3269 τὸν

369 3314 480 3363 υἱὸν
532 3313 632 3383 τῆς
679 3313 918 3383 Μαρίας,
975 3313 1071 3365 καὶ
1133 3310 1444 3380 δεδώκαμεν
1505 3311 1652 3380 αὐτῷ
1712 3309 1939 3380 Πνεῦμα

369 3401 542 3468 ᾶγιον,
567 3401 662 3453 καὶ
700 3403 760 3454 τὸ
813 3402 1166 3470 Εὑαγγέλιον,
1189 3401 1285 3453 καὶ
1323 3400 1599 3470 θαύματα,
1633 3401 1730 3452 καὶ
1756 3398 1938 3451 τοιαῦ-

372 3494 440 3547 τά
475 3510 598 3546 τινα
633 3496 688 3546 ἐν
719 3487 799 3554 οἷς
818 3495 866 3544 οἱ
893 3492 1120 3560 ἄγγελοι
1149 3493 1402 3562 οὐδαμῶς
1452 3490 1709 3543 δύνανται
1749 3506 1940 3542 κοινω-

372 3585 488 3636 νεῖν
523 3585 600 3655 τῷ
629 3585 770 3653 Θεῷ.
804 3585 867 3636 Οἱ
894 3586 1002 3654 γὰρ
1027 3585 1247 3653 ἄγγελοι
1274 3583 1788 3654 ὲδημιουργήθησαν
1835 3583 1942 3637 ὑπὸ

372 3679 466 3732 τοῦ
495 3679 654 3741 Θεοῦ,
713 3679 827 3730 ἀλλ’
858 3679 918 3730 οὐ
983 3677 1480 3748 συνδημιουργοῦσι
1547 3679 1623 3748 τῷ
1683 3677 1802 3748 Θεῷ
1850 3679 1943 3731 τὸν

373 3772 603 3841 οὐρανὸν
625 3774 718 3824 καὶ
744 3769 842 3840 τὴν
867 3771 987 3839 γῆν,
1022 3770 1115 3822 καὶ
1143 3771 1212 3823 τὰ
1258 3768 1486 3840 μεταξύ.
1537 3771 1644 3824 Καὶ
1676 3770 1736 3822 οὐ
1757 3769 1945 3823 δύναν-

374 3882 466 3916 ται
489 3860 669 3931 mw
694 3865 743 3916 οἱ
771 3863 1138 3932 Σαρῤακηνοὶ,
1173 3861 1248 3926 ὡς
1280 3865 1314 3932 ἡ
1365 3862 1706 3931 πληθυντικὴ
1763 3861 1946 3931 ἐκείνη

379 3957 532 4026 φωνὴ
551 3960 700 4027 φωνή
727 3963 841 4008 ἐστι
862 3954 956 4007 τοῦ
991 3956 1202 4025 Θεοῦ,ἧ
1228 3955 1378 4025 φωνὴ
1395 3955 1530 4007 Θεοῦ
1551 3956 1642 4009 καί
1667 3972 1810 4018 τινος
1837 3954 1952 4007 ἑτέ-

383 4063 480 4116 ρου
500 4047 590 4099 νοῦ
609 4046 638 4098 ὑ
654 4046 1047 4115 περόεὸῃότος
1078 4046 1318 4110 κτιστοῦ,
1350 4046 1417 4098 δι’
1447 4037 1508 4098 οὗ
1528 4048 1702 4098 πάντα
1727 4045 1954 4113 πεποίη-

385 4153 477 4189 κεν
505 4140 533 4189 ὸ
570 4137 726 4200 Θεὸς,
755 4135 830 4199 ὥς
859 4153 1013 4204 φασι.
1051 4137 1218 4206 Δῆλον
1244 4137 1372 4205 γὰρ,
1403 4136 1484 4188 ὅτι
1525 4137 1633 4188 πᾶν
1665 4135 1799 4202 ὅπερ
1822 4134 1888 4188 ἂν

383 4238 536 4301 παρ).
560 4235 650 4282 τὸν
683 4232 816 4282 Θ.ὸει
851 4232 1055 4298 κτίσμα
1094 4230 1232 4292 ἐστὶ,
1284 4229 1380 4280 καὶ¹
1419 4227 1570 4280 οὐδὲν
1635 4230 1840 4296 κτίσμα
1861 4226 1951 4280 δύ-

385 4340 542 4376 ναται
576 4322 1028 4391 συνδῃμιουργεῖν
1051 4320 1126 4389 τῷ
1343 4319 1465 4372 Ἔτι
1491 4318 1554 4370 οὐ
1585 4319 1810 4372 δυνατὸν
1865 4317 1952 4370 λέο

386 4433 505 4484 γειν
530 4413 914 4484 πληθυντικῶς
943 4414 1033 4465 τὸν
1057 4413 1189 4464 Θεὸν
1230 4410 1575 4478 διαλέγεσθαι
1615 4409 1704 4463 διὰ
1745 4411 1843 4472 τὰς
1897 4409 1954 4463 ὲν

2017 589 2207 644 troirc.

2089 680 2272 736 Prima
2305 685 2535 751 qumstio
2563 695 2667 748 est,
2697 684 2836 752 Quid
2869 685 2988 740 vult
3014 685 3344 738 Alcoramun
3379 682 3587 746 dicere,

2016 772 2240 841 quando
2273 774 2437 828 toties
2472 775 2684 830 inducit
2728 777 2900 830 Deum
2957 776 3240 844 pluraliter
3295 775 3364 829 de
3407 776 3590 842 seipso

2015 863 2330 933 loquentem
2355 865 2378 918 ?
2406 865 2550 918 Dicit
2579 853 2722 920 ei'im
2765 867 2817 919 in
2846 867 3239 934 Elimpaceram
3267 880 3333 919 ex
3357 880 3589 933 persona

2019 955 2112 1009 Dei
2141 975 2152 1009 :
2187 955 2434 1012 Diximus
2462 959 2671 1027 angelis
2694 953 3146 1016 adorareAdam,
3180 964 3235 1010 et
3266 955 3496 1022 reliqua.
3524 953 3591 1006 Et

2018 1051 2141 1116 pest
2173 1047 2287 1102 haec
2319 1063 2415 1116 per
2446 1059 2620 1101 tntum
2657 1047 2793 1100 dicit
2819 1063 2990 1115 usque
3024 1047 3090 1098 ad
3123 1044 3285 1098 linem
3317 1044 3465 1109 libri,
3491 1043 3594 1096 ali-

2019 1139 2238 1208 quando
2295 1140 2581 1208 pluraliter
2625 1139 2691 1193 de
2727 1138 2838 1192 Deo
2876 1139 3130 1206 loquens.
3168 1135 3462 1204 aliquando
3497 1149 3593 1186 an.

2023 1240 2128 1285 tem
2180 1232 2553 1301 singulariter.
2587 1231 2987 1284 Firmissimum
3031 1231 3175 1282 enim
3207 1237 3292 1282 est
3338 1228 3596 1281 omnibus

2021 1323 2350 1378 Christianis
2396 1333 2446 1376 et
2497 1324 2696 1378 Judteis
2757 1332 2813 1376 et
2864 1321 3174 1383 Saracenis,
3233 1319 3326 1388 qui
3380 1318 3595 1371 ratione

2023 1419 2278 1478 utuntur,
2309 1427 2479 1466 unum
2508 1428 2628 1467 esse
2659 1413 2854 1476 Deum,
2890 1422 2946 1467 et
2975 1412 3154 1466 solum
3182 1419 3235 1464 et
3266 1408 3596 1477 simplicem,

2023 1513 2078 1559 et
2108 1520 2216 1558 non
2268 1519 2428 1573 posse
2474 1503 2678 1558 habere
2718 1513 3033 1559 consortem
3069 1498 3598 1571 quemdam.Quare

2025 1596 2194 1665 igitur
2217 1596 2499 1665 pluraliter
2524 1597 2765 1664 loquitur
2789 1595 2856 1650 de
2879 1611 2945 1650 eo
2971 1594 3120 1665 ipso?
3142 1593 3208 1646 Et
3234 1608 3342 1646 non
3366 1599 3601 1660 possunt

2025 1689 2235 1752 dicere,
2265 1688 2410 1758 quod
2442 1688 2848 1757 Deusloquitur
2878 1687 2946 1741 de
2975 1687 3157 1755 seipso
3189 1693 3244 1740 et
3273 1684 3339 1738 de
3362 1683 3593 1770 angelis.

2028 1778 2240 1835 Dicitur
2268 1781 2416 1835 enim
2443 1781 2516 1835 ibi
2545 1800 2559 1835 :
2592 1781 2839 1835 Diximus
2862 1779 3090 1850 angelis.
3126 1779 3220 1832 Est
3251 1777 3413 1847 igitur
3444 1777 3600 1831 locu-

2030 1871 2104 1923 tio
2134 1871 2249 1924 hace
2280 1871 2400 1936 Dei,
2428 1887 2535 1925 non
2568 1871 2912 1939 angelorum,
2948 1871 3042 1924 sed
3090 1869 3158 1925 ad
3194 1869 3438 1936 angelos.
3467 1865 3598 1921 Item

2029 1961 2082 2014 in
2135 1962 2316 2030 capite
2361 1961 2468 2016 Sad
2531 1961 2755 2023 dieitur,
2805 1961 2952 2029 quod
2997 1975 3190 2013 omnes
3236 1957 3606 2012 adoraverunt

2028 2050 2222 2116 Adam,
2261 2063 2462 2120 printer
2511 2051 2812 2106 diabolum.
2855 2051 3126 2104 Omnibus
3181 2049 3346 2119 igitur
3393 2046 3607 2117 angelis

2029 2141 2167 2196 dixit
2218 2145 2358 2197 Deus
2388 2161 2400 2196 :
2432 2144 2669 2197 Adorate
2699 2142 2892 2197 Adam.
2943 2142 3076 2196 ltem
3129 2139 3184 2193 in
3221 2139 3408 2192 multis
3441 2137 3605 2192 Alea-

2031 2233 2149 2287 rani
2177 2233 2312 2288 locis
2339 2234 2675 2288 inducuntur
2707 2234 2842 2288 tales
2868 2233 3120 2302 qumdam
3153 2229 3461 2286 locutiones
3488 2228 3608 2296 plu-

2031 2325 2220 2381 raliter
2255 2326 2323 2380 de
2363 2327 2493 2390 Deo,
2524 2327 2579 2380 in
2612 2326 2812 2380 talibus
2845 2325 3160 2378 actionibus
3189 2321 3242 2374 in
3271 2320 3473 2391 quibus
3501 2334 3605 2372 an-

2031 2418 2134 2490 geli
2165 2433 2507 2488 nequaquam
2560 2433 2683 2471 cum
2744 2416 2854 2471 Deo
2911 2414 3344 2479 communicant,
3370 2411 3516 2466 sicut
3548 2410 3604 2464 in

2032 2509 2312 2563 creatione
2363 2506 2555 2562 mundi
2607 2517 2664 2561 et
2707 2505 3101 2576 justiﬁeatione
3150 2504 3330 2574 impii.
3398 2501 3611 2555 Dicitur

2039 2600 2188 2655 enim
2224 2599 2277 2653 in
2318 2599 2568 2668 pluribus
2599 2597 2733 2652 locis
2761 2596 3019 2651 Alcorani
3047 2613 3060 2648 :
3095 2595 3229 2658 Nos,
3265 2593 3421 2654 dicit,
3453 2608 3611 2647 crea-

2035 2692 2214 2746 vimus
2271 2691 2467 2746 coelum
2515 2698 2569 2743 et
2603 2697 2822 2753 terram,
2853 2697 2909 2743 et
2942 2703 3061 2757 qua:
3103 2692 3228 2742 sunt
3284 2685 3339 2740 in
3407 2683 3612 2743 medio.

2035 2791 2239 2839 etnon
2304 2783 2574 2837 incassum
2635 2778 3001 2848 judicavimus
3050 2776 3352 2840 hominem,
3406 2783 3462 2827 et
3513 2787 3616 2826 nos

2038 2876 2285 2931 misimus
2343 2874 2514 2928 lilium
2574 2871 2776 2934 Mariae,
2833 2882 2888 2924 et
2927 2868 3181 2924 dedimus
3242 2866 3293 2922 ei
3348 2864 3614 2934 Spiritqu

2038 2977 2288 3024 sanctum
2320 2975 2376 3022 et
2409 2963 2790 3033 Evangelium,
2817 2970 2874 3017 et
2911 2959 3198 3024 miracula,
3228 2966 3284 3011 et
3310 2957 3435 3011 talia
3466 2971 3618 3025 qna:-

2041 3062 2165 3116 dam
2197 3061 2251 3114 in
2279 3058 2482 3128 quibus
2521 3055 2699 3126 angeli
2734 3068 3080 3124 nequaquam
3112 3059 3344 3122 possunt
3371 3065 3624 3104 commu—

1962 3160 2006 3218 (ζ
2043 3152 2226 3204 nicare
2269 3164 2390 3203 CUIII
2439 3145 2569 3199 Deo.
2603 3144 2797 3213 Angeli
2851 3141 2999 3196 enim
3041 3140 3212 3196 creati
3261 3148 3389 3194 sunt
3419 3154 3447 3190 a
3482 3137 3614 3197 Deo.

2045 3241 2140 3297 sed
2181 3255 2292 3294 non
2325 3237 2488 3292 simul
2529 3245 2720 3290 creant
2765 3249 2889 3288 cum
2926 3233 3036 3287 Deo
3073 3232 3273 3287 caelum
3307 3240 3362 3283 et
3396 3239 3626 3294 terram,

2044 3341 2099 3386 et
2128 3346 2248 3400 qua:
2287 3338 2416 3384 sunt
2455 3329 2511 3382 in
2546 3327 2752 3382 medio.
2785 3325 2854 3379 Et
2881 3341 2989 3379 non
3025 3331 3254 3394 possunt
3293 3322 3477 3375 dii-ere
3521 3319 3622 3374 Sa«

2048 3421 2255 3486 raccni,
2287 3420 2432 3490 quod
2465 3419 2693 3489 pluralis
2724 3417 2813 3471 illa
2845 3432 2949 3470 vox
2981 3426 3067 3470 est
3099 3414 3216 3479 Dei,
3247 3422 3303 3468 et
3331 3411 3617 3483 cujusdam

2047 3513 2274 3568 alterius
2317 3511 2628 3564 intellectus
2651 3509 2744 3579 qui
2777 3508 2994 3563 excedit
3025 3515 3295 3570 creatum,
3327 3520 3424 3574 per
3455 3519 3624 3573 quem

2049 3605 2180 3660 fecit
2202 3603 2386 3658 omnia
2416 3601 2578 3656 Deus.
2613 3601 2843 3655 Constat
2865 3600 3037 3664 cnim,
3066 3597 3211 3667 quod
3244 3594 3513 3667 quidquid
3540 3602 3629 3648 est.

2051 3705 2250 3768 praeter
2283 3692 2477 3768 Deum,
2520 3699 2774 3747 creatura
2821 3700 2928 3754 est,
2961 3699 3016 3744 et
3065 3703 3095 3742 a
3137 3689 3246 3742 Deo
3271 3696 3541 3750 creatum,
3571 3695 3625 3738 et

2050 3786 2200 3840 nulla
2232 3797 2482 3839 creatura
2512 3789 2688 3850 potest
2720 3795 2840 3835 esse
2871 3778 3033 3833 simul
3062 3777 3297 3832 creatrix
3329 3791 3454 3830 cum
3491 3772 3628 3827 Deo.

2052 3878 2187 3933 Item
2221 3893 2327 3930 non
2353 3874 2610 3944 possibile
2648 3883 2732 3928 est
2760 3872 2966 3946 dicere,
2997 3871 3141 3938 quod
3170 3870 3312 3923 Deus
3346 3867 3632 3936 pluraliter

2054 3966 2304 4035 loquitur
2329 3973 2551 4034 propter
2577 3963 2824 4016 diversas
2844 3976 2965 4029 quae
2991 3959 3044 4014 in
3071 3974 3137 4012 eo
3159 3967 3287 4011 sunt
3311 3957 3625 4026 qualitates.

2057 4057 2200 4111 sicut
2252 4062 2335 4109 est
2378 4051 2644 4122 potentia.
2682 4051 2973 4120 sapientia,
2998 4048 3212 4120 iustitia
3243 4056 3298 4101 ct
3349 4046 3476 4100 talia
3505 4061 3629 4116 quae

2057 4148 2263 4201 Arabes
2292 4154 2488 4199 vocant
2539 4143 2767 4213 Saphat.
2803 4143 2925 4196 llaec
2968 4147 3113 4196 enim
3164 4155 3271 4194 non
3322 4138 3632 4194 accidentia

2058 4247 2189 4293 sunt
2245 4238 2299 4290 in
2337 4235 2465 4301 Deo,
2501 4251 2681 4304 neque
2723 4233 3064 4295 differentia,
3101 4231 3194 4298 sed
3232 4241 3364 4286 sunt
3409 4231 3464 4284 in
3511 4229 3630 4298 ipsa

2059 4329 2244 4386 divina
2274 4329 2537 4384 essentia.
2569 4327 2724 4383 Unde
2758 4327 2812 4381 in
2861 4326 2973 4382 Deo
3020 4327 3226 4381 nullam
3272 4324 3630 4395 compositio-

2062 4434 2187 4473 nem
2230 4433 2330 4472 nec
2367 4417 2736 4486 pluralitalem
2767 4417 2995 4481 faciunt,
3027 4427 3085 4470 ut
3113 4432 3212 4486 per
3257 4417 3347 4470 illa
3391 4416 3533 4470 Deus
3563 4413 3637 4468 de

387 4509 535 4578 αὐτῷ
563 4508 854 4576 διαφόρους
898 4506 1208 4575 ποιότητας,
1259 4499 1371 4557 οἷον
1431 4505 1680 4573 δύναμιν,
1742 4503 1940 4570 σοφίαν

2060 4512 2242 4580 seipso
2288 4509 2578 4577 pluraliter
2627 4511 2906 4580 loquatur.
2960 4510 3103 4577 Quin
3155 4511 3265 4565 imo
3305 4525 3406 4566 nec
3445 4511 3633 4575 homo,

388 4601 756 4665 δικαιοσύνην,
781 4598 873 4652 καὶ
922 4598 991 4651 τὰ
1021 4597 1258 4662 τοιαῦτα,
1294 4595 1329 4649 ἃ
1374 4598 1422 4649 oi
1461 4595 1696 4666 Ἄραϐες
1738 4594 1960 4650 καλοῦσι

392 4695 560 4765 σαφα.
596 4693 778 4747 Ταῦτα
806 4692 914 4762 γὰρ
947 4691 1005 4743 οὺ
1044 4680 1426 4760 συμϐεϐηκότα
1459 4690 1596 4741 εἰσὶν
1622 4691 1679 4740 ὲν
1707 4688 1782 4758 τῷ
1821 4687 1962 4758 Θεῷ,

392 4788 513 4842 οὔτε
541 4788 793 4854 διάφορα,
823 4784 938 4838 ἀλλ’
967 4787 1108 4839 εἰσὶν
1130 4784 1266 4854 αὐτὴ
1308 4786 1339 4854 ὴ
1366 4784 1484 4836 θεία
1520 4785 1697 4837 οὐσία.
1724 4783 1884 4837 Ὅθεν
1909 4789 1965 4837 ὲν

393 4883 468 4952 τῷ
506 4881 623 4950 Θεῴ
652 4879 770 4932 οὐδὲ
799 4879 930 4948 μίαν
959 4877 1204 4931 σύνθεσιν
1233 4876 1266 4946 ἦ
1291 4875 1494 4944 πλῆθος
1533 4874 1968 4939 ποιοῦσιν,,ὥστε

394 4975 484 5027 διὰ
510 4973 682 5026 ταῦτα
713 4971 804 5023 τὸν
842 4969 976 5022 Θεὸν
1015 4958 1386 5039 πληθυντικῶς
1411 4965 1774 5034 διαλέγεσθαι.
1805 4967 1964 5022 Μᾶλ-

395 5067 485 5116 λον
537 5063 637 5133 μὲν
673 5061 766 5114 οὖν
833 5059 1254 5131 οὔτ’ᾶνθρωπος
1305 5059 1670 5127 οὔτ’ἄγγελος
1729 5059 1815 5111 διὰ
1863 5057 1962 5128 τὴν

397 5157 596 5209 τούτων
621 5154 884 5224 διαφορὰν
905 5152 1126 5206 δύναται
1171 5155 1301 5221 περὶ
1347 5151 1542 5204 ἐαυτοῦ
1587 5151 1962 5224 πληθυντικῶς

398 5248 594 5315 λέγειν’
629 5247 803 5299 καίτοι
830 5244 1002 5297 ταῦτα
1024 5247 1081 5298 ὲν
1113 5244 1191 5314 τῷ
1226 5245 1443 5314 ἀγγέλῳ
1465 5244 1558 5296 καὶ
1596 5243 1672 5312 τῷ
1703 5243 1974 5314 ἀνθρώπῳ

403 5335 785 5408 συμϐεϐηκότα
849 5336 977 5401 εἰσὶ,
1030 5334 1121 5386 καί
1168 5351 1292 5388 τινα
1346 5333 1590 5387 σύνθεσιν
1659 5335 1715 5384 ὲν
1765 5333 1976 5395 τούτοις

404 5429 633 5484 ποιοῦσι.
670 5429 776 5482 Καὶ
808 5429 998 5492 ὅντως,
1037 5430 1117 5482 ὅτι
1162 5422 1315 5492 οὗτος
1364 5428 1462 5498 τῆς
1521 5426 1806 5493 διαλέξεως
1852 5425 1978 5496 τρό-

403 5538 522 5585 πος,
569 5521 628 5572 τὸ
670 5523 762 5574 τὸν
798 5521 930 5574 Θεὸν
980 5521 1219 5592 δηλονότι
1279 5520 1376 5573 ἕνα
1433 5519 1560 5572 ὄντα
1605 5518 1976 5589 πληθυντικῶς

407 5615 536 5681 περὶ
580 5611 771 5665 ἑαυτοῦ
819 5611 1183 5678 διαλέγεσθαι,
1233 5609 1379 5674 ama
1431 5611 1534 5663 ὑπὸ
1591 5610 1684 5662 τοῦ
1734 5610 1976 5672 Μωσέως

396 5802 398 5804 ’
481 5791 527 5822 ⁸⁸
561 5790 694 5847 Gen.
723 5803 764 5857 1,
793 5742 885 5844 9.6.

2062 4618 2165 4658 nec
2189 4603 2414 4670 angelus
2447 4609 2671 4671 propter
2700 4617 2892 4656 eorum
2954 4600 3324 4656 diﬂ‘erentiam
3357 4609 3536 4670 potest
3564 4602 3639 4658 de

2064 4696 2248 4764 seipso
2293 4694 2582 4762 pluraliter
2627 4693 2802 4764 loqui,
2860 4694 2962 4747 etsi
3020 4692 3137 4747 haec
3181 4693 3235 4746 in
3301 4693 3519 4747 homine
3579 4704 3640 4747 et

2069 4785 2261 4856 angelo
2290 4784 2594 4840 accidentia
2621 4796 2770 4849 sunt,
2799 4793 2856 4838 et
2889 4783 3182 4853 quamdam
3211 4783 3265 4836 in
3297 4783 3384 4838 his
3413 4797 3640 4853 compo-

2073 4880 2329 4935 sitionem
2375 4876 2606 4931 faciunt.
2645 4875 2724 4929 Et
2754 4889 2882 4929 vere
2920 4874 3043 4928 talis
3090 4873 3388 4928 locutionis
3421 4875 3640 4937 modus“,

2069 4974 2241 5028 Deum
2295 4970 2547 5025 videlicet
2594 4986 2764 5023 unum
2816 4969 3172 5023 exsistentem
3223 4969 3508 5038 pluraliter
3572 4969 3645 5022 de

2069 5066 2250 5134 seipso
2297 5061 2469 5132 loqui,
2501 5061 2670 5118 semel
2719 5076 2748 5115 a
2800 5060 2984 5132 Moyse
3037 5061 3317 5116 invenitur
3356 5062 3408 5114 in
3440 5059 3645 5115 Genesi

2070 5157 2274 5211 illatus.
2311 5154 2371 5208 ln
2408 5153 2738 5208 formatione
2771 5154 2942 5222 enim
2995 5155 3236 5209 hominis
3294 5154 3513 5208 locutus
3561 5160 3645 5206 est

2077 5242 2243 5311 Deus,
2277 5245 2466 5300 dicens
2494 5261 2508 5298 :
2545 5263 2565 5296 ι
2599 5245 2884 5300 Faciamus
2914 5245 3192 5300 hominem
3249 5244 3316 5298 ad
3348 5243 3642 5314 imaginem

2074 5345 2315 5390 nostram
2330 5337 2395 5391 ".
2425 5355 2443 5388 ι
2464 5336 2620 5402 Quod
2651 5337 2841 5391 dicunt
2870 5337 3064 5402 Judaei,
3093 5351 3279 5390 vocem
3307 5349 3428 5389 esse
3450 5333 3544 5388 Dei
3573 5333 3645 5386 ad

2073 5424 2490 5496 angelos.Quod
2525 5426 2744 5495 quidem
2773 5435 2854 5479 est
2887 5425 3224 5478 contrarium
3260 5422 3461 5476 divinae
3493 5421 3646 5475 Scri-

2075 5529 2400 5588 pturaz,quze
2423 5532 2705 5587 nunquam
2735 5517 2870 5570 dicit
2895 5515 3148 5585 angelum
3174 5510 3478 5567 secundum
3512 5511 3648 5566 ima-

2075 5611 2254 5681 ginem
2281 5610 2520 5664 hominis
2545 5608 2834 5665 formatum
2875 5623 3022 5673 esse,
3047 5607 3142 5663 sed
3173 5603 3479 5685 secundum
3515 5605 3649 5657 ima-
