4068 6476
515 317 652 395 1127

1793 331 1946 390 DEM
1962 330 2138 390 ETRI
2153 330 2204 406 Ι,
2221 329 2537 392 CYDONII

3561 293 3564 296 ’
3621 332 3734 398 me

512 445 693 514 ginem
728 442 842 497 Dei.
876 443 944 498 Et
987 443 1094 499 hoc
1136 452 1222 499 est
1267 445 1408 512 quod
1459 445 1626 500 etiam
1673 443 1826 498 addit
1876 443 2088 514 Moyses

2210 443 2426 513 εὓρηται
2475 449 2532 498 ἐν
2561 449 2623 515 τῇ
2667 445 2883 499 Γενέσει
2935 446 3396 515 εἰσενηνεγμένος.
3453 445 3534 498 Ἐν
3559 445 3655 515 γὰρ
3681 449 3735 516 τῇ

511 536 797 604 deinceps,
830 543 954 605 post
1000 535 1126 591 illos
1177 547 1460 590 sermones
1516 536 1751 590 dicens:
1791 554 1809 586 ι
1856 534 1922 589 Et
1964 535 2096 590 fecit

515 627 658 680 Dens
689 627 968 682 hominem
1017 628 1320 682 secundum
1359 629 1652 699 imaginem
1688 637 1743 682 ct
1779 627 2098 683 similitudi-

514 732 640 772 nem
695 719 781 772 'sui
830 719 1031 788 ipsius,
1099 719 1403 773 secundum
1466 719 1759 789 imaginem
1814 717 1907 772 Dei
1969 717 2098 771 fecit

514 827 640 864 eum
675 812 742 864 ⁸⁸.
784 831 800 862 ι
836 807 932 865 Est
966 812 1133 882 igitur
1165 828 1265 864 vox
1303 811 1388 876 illa
1419 811 1599 864 Patris
1648 811 1714 865 ad
1747 808 1969 876 Filium,
2012 809 2097 864 vel

519 902 688 956 totius
713 903 1000 958 Trinitatis
1025 907 1090 958 ad
1130 903 1385 973 seipsam.
1417 903 1572 959 Unus
1605 906 1751 958 enim
1783 911 1840 957 et
1865 902 2099 972 simplex

519 993 663 1050 Deus
687 997 948 1061 essentia,
979 996 1157 1050 trinns
1187 1006 1272 1051 est
1303 995 1355 1050 in
1386 995 1659 1061 personis.
1689 995 1754 1050 Et
1780 995 1883 1050 hoc
1913 996 2098 1050 dicere

519 1090 792 1156 potuisset
852 1089 1187 1142 Alcoranum
1256 1088 1614 1163 simpliciter,
1666 1087 1769 1142 nisi
1824 1088 2102 1142 timuisset

520 1195 679 1248 posse
726 1194 849 1234 esse
899 1195 1260 1248 personarum
1319 1180 1732 1245 discretionem,
1766 1179 2100 1234 discretione

518 1272 820 1324 secundum
844 1274 1166 1326 essentiam.
1205 1272 1441 1340 PrOpter
1475 1273 1578 1328 hoc
1609 1273 1745 1326 dicit
1781 1272 1833 1326 in
1864 1271 2101 1342 capitulo

517 1359 753 1415 Elnesan
785 1378 799 1414 :
851 1361 896 1418 Ο
938 1362 1178 1416 societas
1206 1361 1358 1428 libri,
1392 1378 1459 1417 ne
1495 1364 1699 1419 vacetis
1754 1363 1808 1420 in
1856 1362 1975 1433 lege
2005 1377 2099 1417 ve-

518 1460 650 1515 stra,
698 1462 751 1506 et
781 1469 850 1507 ne
877 1454 1074 1508 dicatis
1103 1453 1170 1509 de
1204 1453 1313 1509 Deo
1353 1463 1550 1524 prmter
1579 1456 1888 1520 veritatem,
1946 1451 2093 1524 quod

518 1544 771 1598 Christus
794 1544 954 1598 Jesus
981 1543 1125 1600 tilius
1144 1554 1232 1600 est
1261 1545 1466 1612 Mariae,
1499 1556 1554 1600 et
1586 1547 1871 1617 apostolus
1897 1542 2015 1609 Dari,
2044 1554 2100 1600 et

519 1638 761 1694 Verbum
800 1637 919 1703 Dei,
959 1639 1104 1708 quod
1139 1639 1193 1693 in
1228 1655 1291 1694 ea
1329 1638 1511 1707 posuit
1551 1654 1648 1709 per
1673 1639 1938 1708 Spiritum
1969 1651 2097 1692 san-

518 1739 689 1782 ctum.
723 1728 862 1783 Ecce
893 1729 984 1783 hic
1027 1730 1276 1785 nominat
1315 1728 1508 1796 Deum,
1543 1743 1598 1786 et
1623 1729 1862 1786 Verbum
1899 1730 2014 1794 Dei,
2043 1738 2099 1785 et

519 1820 787 1889 Spiritum
845 1833 1096 1876 sanctum
1128 1839 1145 1889 ;
1181 1822 1277 1878 sed
1336 1824 1558 1888 timens,
1592 1839 1660 1878 ne
1721 1831 1944 1893 preptcr
1982 1823 2096 1878 haec
2131 1801 2172 1859 Β

519 1912 704 1967 divina
761 1916 1007 1968 essentia
1055 1916 1354 1978 dividatur,
1406 1916 1489 1970 vel
1548 1915 1971 1986 multiplicetur,
2019 1915 2104 1970 vel

523 2005 878 2070 terminatur,
923 2009 1205 2079 subjungit
1258 2010 1445 2063 statim
1480 2025 1492 2061 :
1525 2007 1591 2062 Et
1633 2023 1701 2062 ne
1755 2008 1950 2062 dicatis
1995 2015 2108 2064 tres

520 2096 674 2162 deos,
702 2103 958 2166 quoniam
996 2099 1138 2155 Deus
1167 2101 1311 2156 Deus
1343 2117 1483 2156 unus
1511 2109 1616 2156 est.
1667 2101 1807 2158 Ecce
1834 2111 2102 2171 quantutn

522 2195 993 2263 appropinquavit
1025 2194 1091 2248 ad
1121 2194 1256 2249 illud
1294 2195 1442 2265 quod
1475 2203 1558 2250 est
1604 2195 1840 2250 maxime
1871 2195 2104 2250 arduum

524 2288 577 2340 in
612 2287 736 2345 ﬁde.
775 2285 937 2340 modo
969 2286 1204 2355 quodam
1235 2287 1342 2342 hoc
1369 2288 1558 2343 dicens
1588 2286 1856 2342 Joannis:
1889 2306 1908 2339 ι
1947 2287 2108 2342 Pater

521 2385 579 2430 ct
622 2376 863 2431 Verbum
899 2385 956 2430 et
987 2376 1248 2446 Spiritus,
1279 2385 1336 2431 et
1380 2377 1434 2430 hi
1470 2387 1582 2432 tres
1615 2392 1785 2431 unum
1818 2388 1946 2432 sunt
1972 2376 2037 2430 ³⁷.
2083 2395 2103 2430 ι

522 2464 739 2518 lnducit
763 2464 932 2534 igitur
959 2465 1014 2520 in
1045 2466 1318 2520 Alcorano
1344 2464 1687 2520 Mahometus
1721 2466 1891 2520 Deum
1919 2464 2109 2535 plura-

521 2558 653 2613 liter
689 2559 1035 2627 loquentem,
1061 2556 1323 2627 ignorans
1350 2573 1593 2612 causam.
1624 2557 1914 2612 Manifesta
1944 2556 2112 2628 igitur

523 2651 656 2704 hinc
691 2651 868 2720 prima
903 2650 1164 2720 quaestio,
1218 2649 1367 2720 quod
1419 2650 1789 2705 communiter
1832 2649 2110 2705 credimus

523 2759 649 2798 cum
687 2743 774 2797 his
828 2741 998 2798 Deum
1033 2757 1156 2799 esse
1187 2758 1358 2798 unum
1391 2755 1447 2798 et
1475 2744 1653 2799 solum
1684 2754 1742 2798 et
1773 2743 2107 2813 simplicem.

525 2835 632 2905 ipsi
664 2849 847 2891 autem
880 2836 1086 2890 habent
1118 2837 1173 2890 in
1203 2836 1494 2901 Alcorano,
1523 2837 1665 2891 Deus
1696 2837 1858 2891 habet
1887 2846 1942 2892 et
1970 2836 2112 2892 Ver-

2201 538 2264 590 π)
2277 538 2397 590 ἀσει
2419 539 2512 592 τοῦ
2544 538 2836 610 ἀνθρώπου
2867 539 3131 608 ἐλάλησεν
3154 540 3181 591 ό
3210 538 3338 602 Θεὸς
3369 538 3556 606 λέγων,
3595 540 3735 607 Ποιή-

2202 645 2388 695 σωμεν
2421 628 2709 700 ἄνθρωπον
2742 629 2864 684 κατ’
2886 630 3076 686 εἰκόνα
3105 631 3398 700 ἡμετέραν.
3440 631 3505 682 '0
3529 647 3675 696 φασιν
3697 631 3740 682 οἰ

2211 721 2454 775 Ἰουδαῖοι
2483 722 2667 793 φωνὴν
2691 720 2832 777 εἶναι
2858 722 2952 776 τοῦ
2983 720 3119 776 Θεοῦ
3155 721 3289 791 πρὸς
3320 721 3439 784 τοὺς
3458 722 3696 788 ἀγγέλους
3722 736 3734 750 ·

2198 812 2337 880 ὅπερ
2365 811 2512 865 ἐστὶν
2553 813 2796 866 ἐναντίον
2817 815 2881 884 τῇ
2915 812 3038 884 θείᾳ
3086 813 3296 884 Γραφῇ,
3347 814 3461 884 ἥτις
3515 814 3739 866 οὐδέποτε

2200 906 2334 974 φησὶ
2363 905 2454 958 τὸν
2488 905 2719 974 ἄγγελον
2751 906 2874 960 κατ’
2893 907 3078 960 εἰκόνα
3109 905 3396 977 ἀνθρώπου
3439 903 3738 970 πεπλάσθαι,

2197 997 2334 1051 ἀλλὰ
2371 996 2493 1050 κατ’
2519 999 2702 1052 εἰκόνα
2727 998 2886 1055 Θεοῦ.
2926 1000 2992 1052 Ὀ
3026 999 3120 1052 καὶ
3158 997 3510 1068 προστίθησιν
3548 997 3574 1049 6
3600 997 3743 1051 Μωῦ-

2201 1089 2320 1159 σῆς,
2346 1090 2547 1159 ἐφεξῆς
2575 1091 2693 1159 μετ’
2725 1091 2975 1154 ἐκείνους
2993 1092 3121 1155 τοὺς
3147 1090 3336 1159 λόγους
3371 1090 3555 1158 λέγων,
3591 1108 3608 1140 ι
3645 1091 3740 1144 Kal

2199 1184 2454 1255 εποίησεν
2511 1187 2538 1238 6
2597 1186 2728 1249 Θεὸς
2790 1186 2884 1240 τὸν
2933 1186 3220 1258 ἄνθρωπον
3265 1167 3408 1241 ’κατ’
3446 1186 3617 1240 εἰκόνα
3663 1187 3745 1240 καὶ

2198 1277 2458 1346 ὁμοίωσιν
2482 1276 2671 1344 αὑτοῦ,
2722 1279 2845 1332 κατ’
2871 1279 3058 1334 εἰκόνα
3086 1279 3221 1333 Θεοῦ
3249 1280 3503 1351 ἐποίησεν
3529 1279 3692 1338 αὐτόν.
3724 1296 3739 1330 ι

2205 1369 2360 1422 Ἔστι
2400 1369 2580 1423 τοίνυν
2612 1370 2644 1439 ὴ
2680 1369 2834 1447 (ptavi)
2857 1371 3042 1442 ἐκείνη
3080 1371 3174 1425 τοῦ
3226 1373 3437 1442 Πατρὸς
3491 1373 3615 1445 πρὸς
3668 1372 3744 1426 τὸν

2200 1461 2351 1527 Υίὸν,
2379 1461 2412 1531 ἢ
2448 1461 2578 1532 ὅλης
2599 1463 2698 1532 τῆς
2732 1460 2963 1532 Τριάδος
3021 1465 3160 1534 πρὸς
3209 1465 3409 1536 ἑαυτήν
3428 1481 3444 1498 ο
3470 1467 3496 1518 ὸ
3525 1465 3626 1534 γὰρ
3678 1457 3745 1525 εἷς

2202 1555 2297 1606 καί⁵
2327 1554 2533 1618 ἁπλοῦς
2561 1553 2693 1617 Θεὸς
2714 1557 2781 1624 τῇ
2805 1554 2968 1625 οὐσίᾳ
2993 1555 3270 1623 τριαδικός
3300 1557 3417 1610 ἐστι
3468 1558 3573 1620 τοῖς
3603 1571 3745 1626 προσ-

2207 1646 2402 1710 ώποις.
2435 1645 2548 1700 Καὶ
2576 1646 2722 1700 τοῦτ’
2751 1646 2818 1701 ἂν
2848 1643 2969 1701 εἷπε
3000 1648 3093 1701 καὶ
3130 1647 3192 1700 τὸ
3223 1648 3540 1718 ’Λλκοράνον
3561 1647 3740 1711 ἁπλῶς,

2202 1742 2252 1794 εἰ
2281 1742 2358 1812 μὴ
2397 1741 2655 1795 ἐδεδοίκει
2677 1739 2738 1794 τὸ
2757 1740 2834 1811 μὴ
2861 1741 3122 1796 δύνασθαι
3157 1736 3299 1796 εἰναι
3323 1739 3618 1812 προσώπων
3651 1740 3738 1793 διί-

2206 1845 2387 1899 κρισιν
2410 1830 2537 1884 ἄνευ
2563 1831 2662 1902 τῆς
2721 1828 2841 1882 κατ’
2862 1829 3051 1882 οὐσίαν
3080 1829 3433 1898 διακρίσεως.
3484 1827 3578 1882 Διὰ
3613 1825 3746 1880 τοῦτό

2208 1940 2374 1992 φησιν
2391 1926 2448 1977 ἐν
2473 1922 2550 1994 τῷ
2579 1924 2857 1994 κεφαλαίῳ
2879 1924 2957 1994 τῷ
2996 1923 3274 1988 Ἑλνεσάν,
3303 1917 3374 1976 Ὦ
3407 1921 3612 1991 ἑτερεία
3663 1921 3740 1990 τῆς

2209 2011 2417 2082 βίϐλου,
2480 2013 2555 2082 μὴ
2592 2011 2882 2080 σχολάζετε
2916 2014 2975 2064 ὲν
3015 2013 3094 2083 τῷ
3128 2012 3282 2082 νόμῳ
3320 2011 3496 2082 ἡμῶν,
3548 2009 3636 2062 καὶ
3686 2008 3744 2076 μὴ

2206 2102 2396 2170 λέγετε
2427 2105 2555 2172 περί
2577 2103 2712 2156 Θεοῦ
2747 2103 2887 2174 πλὴν
2916 2101 3015 2174 τῆς
3043 2103 3327 2174 ἀληθείας,
3360 2103 3440 2156 ὅτι
3469 2095 3516 2156 "6
3547 2099 3744 2172 Χριστὸς

2221 2193 2431 2264 Ἰησοῦς
2465 2195 2580 2255 υἱός
2614 2196 2729 2248 ἐστι
2757 2195 2854 2265 τῆς
2885 2194 3127 2266 Μαρίας,
3189 2195 3285 2248 καὶ
3345 2193 3628 2255 ἀπόστολος
3672 2189 3739 2244 τοῦ

2209 2283 2368 2351 Θεοῦ,
2403 2284 2498 2338 καὶ
2531 2286 2700 2352 Λόγος
2722 2285 2881 2348 Θεοῦ,
2931 2284 2960 2337 ὃ
3017 2287 3076 2337 ὲν
3105 2286 3245 2356 αὐτῇ
3282 2284 3444 2355 ἔθηκε
3480 2284 3564 2338 διὰ
3611 2281 3740 2338 Πνεύο

2213 2393 2406 2447 ματος.
2431 2377 2563 2430 Ἰδοὺ
2594 2375 2831 2429 ἐνταῦθα
2852 2375 3106 2447 ὀνομάζει
3130 2376 3284 2443 Θεὸν,
3320 2379 3414 2431 καὶ
3459 2378 3621 2445 Λόγον
3641 2374 3742 2428 Θεοῦ

2210 2468 2306 2521 καὶ
2346 2467 2572 2537 Πνεῦμα
2623 2469 2798 2536 ἆγιον.
2863 2467 3022 2521 Ἀλλὰ
3054 2468 3403 2540 ξφοὸούμενος
3443 2461 3635 2538 ἵναμὴ
3679 2465 3743 2517 διὰ

2211 2559 2440 2630 ταῦταή
2475 2557 2597 2614 θεία
2627 2559 2787 2613 οὐσία
2821 2559 3080 2631 μερισθῇ,
3107 2559 3140 2630 ἢ
3173 2559 3474 2631 πληθυνοῇ,
3504 2559 3535 2630 ἢ
3563 2556 3738 2627 ὁρισθῇ.

2213 2651 2539 2722 προστίθησι
2563 2651 2845 2721 παρευθύς
2867 2668 2884 2687 ο
2942 2651 3054 2706 Kal
3082 2653 3159 2723 μὴ
3189 2653 3398 2706 εἰποιτε
3431 2653 3596 2722 τρεῖς,
3625 2651 3692 2704 ὅτι
3724 2651 3754 2699 6.

2211 2745 2342 2808 Θεὸς
2371 2744 2504 2808 Θεός
2550 2745 2700 2798 ἔστιν
2756 2739 2859 2808 εἷς.
2909 2745 3044 2799 Ἰδοὺ
3092 2745 3260 2798 πόσον
3317 2745 3685 2815 πεπλησίακεν,
3725 2739 3746 2791 6
3806 2805 3811 2812 _

2215 2839 2451 2908 μάλιστα
2505 2837 2762 2906 μέγιστόν
2788 2838 2937 2891 ἐστιν
2961 2839 3021 2890 ἐν
3044 2840 3112 2908 τῇ
3168 2839 3378 2906 πίστει,
3430 2837 3618 2908 τρόπον
3653 2832 3748 2886 τινὰ

536 2927 667 2982 bum
700 2937 750 2982 et
788 2927 1054 2998 Spiritum
1089 2946 1102 2982 :
1132 2940 1187 2984 et
1216 2929 1296 2984 sic
1323 2928 1602 2984 credimus
1634 2945 1827 2983 verum
1854 2939 1910 2983 et
1938 2944 2108 2983 unum

2213 2930 2386 2985 ταυτα
2414 2928 2589 2997 λέγων
2618 2927 2696 2997 τῷ
2731 2929 2974 3000 Ἰωάννῃ·
3045 2947 3065 2981 ι
3097 2931 3126 2981 6
3149 2929 3362 3000 Πατὴρ,
3423 2931 3451 2982 6
3476 2928 3630 2996 Λόγος
3675 2924 3749 2976 καὶ

529 3028 586 3072 οι
609 3019 915 3088 simplicem
954 3020 1148 3075 Deum.
1181 3020 1250 3074 Et
1275 3019 1494 3089 proprie
1534 3019 1601 3074 de
1629 3035 1687 3074 se
1719 3020 1967 3090 loquitur
1997 3021 2109 3075 sin-

2213 3019 2276 3072 τὸ
2306 3017 2550 3088 Πνεῦμα,
2590 3017 2686 3070 καὶ
2708 3010 2853 3070 οῦτοι
2876 3018 2926 3070 οἰ
2957 3018 3107 3088 τρεῖς
3131 3018 3191 3070 τὸ
3219 3018 3280 3072 ἕν
3310 3020 3465 3072 εἰσιν.
3505 3035 3522 3069 ι
3567 3013 3750 3080 Είσάγοι

528 3111 800 3181 gulari-ter
827 3130 840 3178 ;
867 3123 1158 3182 propterea
1186 3122 1369 3166 autem
1394 3113 1539 3182 quod
1574 3113 1751 3168 trinus
1785 3123 1871 3168 est
1904 3114 1958 3168 in
1989 3129 2109 3184 per-

2215 3112 2396 3166 τοίνυν
2428 3113 2486 3164 ἐν
2512 3109 2954 3181 τῷφἋλκοράνῳ
2985 3111 3012 3162 6
3039 3110 3287 3181 Μωάμεθ
3344 3111 3433 3165 τὸν
3471 3109 3594 3170 Θεὸν
3639 3104 3751 3172 πληο

527 3205 703 3273 εοιιὶε,
743 3207 1044 3277 aliquando
1079 3207 1148 3261 de
1179 3221 1237 3260 se
1276 3205 1564 3274 pluraliter
1598 3204 1872 3275 loquitur.

2221 3203 2490 3265 θυντικῶς
2525 3201 2934 3272 διαλεγόμενον,
2988 3202 3202 3269 ἀγνοῶν
3255 3203 3354 3274 τὴν
3380 3202 3569 3256 αἰτίαν.
3612 3197 3750 3268 Δῆλον

524 3304 706 3354 τοίνυν
759 3301 1008 3353 ἐντεῦθεν
1041 3303 1100 3354 τὸ
1137 3303 1352 3370 «prii-rw
1381 3300 1621 3371 ζήτημα,
1649 3303 1732 3354 ὅτι
1762 3304 1957 3367 κοινῶς
2007 3305 2334 3373 πιστεύομεν
2385 3301 2505 3368 μετ’
2556 3297 2737 3352 αὐτῶν
2805 3297 2896 3351 τὸν
2961 3294 3094 3349 Θεὸν
3148 3295 3245 3349 ἕνα
3316 3296 3410 3350 καὶ
3457 3294 3605 3366 μόνον
3642 3287 3754 3342 εἰναι

526 3389 874 3448 καὶδιπλοῦν.
907 3391 1071 3444 Αὑτοί
1098 3392 1155 3445 δὲ
1175 3392 1394 3463 ἔχουσιν
1447 3393 1506 3446 ὲν
1538 3391 1615 3462 τῷ
1674 3391 1992 3463 Ἀλκοράνῳ
2021 3408 2034 3425 ο
2081 3393 2143 3447 '0
2215 3394 2349 3454 Θεὸς
2389 3391 2504 3462 ἔχει
2530 3391 2624 3445 καὶ
2685 3391 2856 3458 Λόγον
2892 3391 2985 3443 καὶ
3041 3388 3294 3457 Πνεῦμα.
3348 3389 3456 3444 Καὶ
3501 3385 3630 3440 οὕτω
3681 3396 3753 3433 πι-

528 3484 790 3554 στεύομεν
815 3486 905 3538 τὸν
931 3486 1107 3555 ἀληθῆ
1137 3489 1231 3538 καὶ
1265 3487 1360 3539 ἕνα
1387 3486 1484 3540 καὶ
1507 3486 1712 3540 ἁπλοῦν
1771 3485 1933 3551 Θεὸν,
1975 3486 2052 3550 ὡς
2115 3487 2215 3556 μὲν
2253 3487 2348 3541 Eva
2378 3485 2578 3549 ἑνικῶς
2610 3483 2972 3552 διαλέγεσθαι’
3009 3481 3100 3536 διὰ
3135 3482 3279 3536 δὲτὸ
3339 3481 3600 3552 τριαδικὸν
3637 3472 3752 3530 εἶναι

529 3583 642 3642 τοῖς
669 3581 1009 3648 προσώποις,
1051 3579 1224 3632 ἐνίοτε
1257 3581 1353 3634 καὶ
1377 3579 1779 3648 πληθυντικῶς.

599 3671 854 3728 Secunda
881 3671 1112 3740 quaestio
1153 3679 1261 3736 est,
1291 3671 1438 3742 quod
1473 3673 1808 3727 Alcoranum
1855 3673 2109 3727 continue

2286 3670 2552 3742 Δεύτερον
2588 3671 2814 3741 ζήτημά
2842 3670 3012 3735 ἐστιν,
3046 3671 3126 3724 ὅτι
3171 3670 3234 3724 τὸ
3270 3669 3586 3740 ’Λλκοράνον
3624 3679 3756 3718 συνε-

531 3762 785 3816 meminit
815 3761 1059 3831 Spiritus
1089 3763 1290 3827 sancti,
1317 3772 1374 3817 et
1403 3762 1569 3817 Verbi
1603 3761 1721 3816 Dei.
1755 3761 1889 3827 Quis
1915 3772 1998 3816 est
2027 3761 2109 3816 ille

2216 3762 2458 3832 χέστατα
2506 3763 2788 3833 μέμνηται
2837 3763 2933 3817 τοῦ
2966 3763 3122 3830 ἁγίου
3173 3763 3507 3834 Πνεῦματος,
3554 3760 3637 3812 καὶ
3676 3752 3752 3806 τοῦ

530 3857 771 3927 Spiritus
805 3864 1056 3922 sanctus,
1098 3865 1154 3910 et
1187 3855 1334 3925 quod
1385 3865 1470 3910 est
1523 3854 1656 3909 illud
1694 3853 1934 3908 Verbum
1985 3853 2109 3910 Dei‘:

2217 3856 2396 3924 Λόγου
2426 3856 2522 3909 τοῦ
2546 3853 2707 3910 Θεοῦ.
2739 3854 2804 3907 Τί
2828 3855 3005 3909 τοίνυν
3033 3855 3151 3908 ἐστὶ
3185 3854 3347 3909 τοῦτο
3386 3854 3445 3907 τὸ
3477 3851 3679 3920 Πνεῦμα
3707 3843 3756 3897 τὺ

533 3948 606 4004 De
632 3947 842 4018 Spiritu
878 3957 1069 4004 sancto
1116 3948 1339 4018 quidem
1375 3948 1511 4002 dicit
1542 3947 1598 4001 in
1630 3947 1872 4017 capitulo
1897 3948 2109 4018 Elpace-

2218 3947 2410 4016 ἅγιον,
2446 3948 2541 4002 καὶ
2571 3947 2658 4010 τίς
2691 3947 2720 3998 6
2749 3946 2843 4000 τοῦ
2877 3945 3015 3999 Θεοῦ
3045 3947 3260 4012 Λόγοςς
3293 3945 3427 4017 Περὶ
3455 3946 3548 4016 μὲν
3577 3937 3661 3996 οὖν
3679 3935 3754 3990 τοῦ

533 4059 648 4098 ram
699 4059 764 4097 ex
819 4058 1052 4110 persona
1100 4042 1193 4097 Dei
1244 4058 1260 4094 :
1307 4040 1569 4094 Dedimus
1622 4039 1752 4094 Jesu
1795 4040 1908 4096 ﬁlio
1936 4041 2109 4096 Mariae

2223 4042 2381 4111 ἁγίου
2405 4040 2724 4110 Πνεῦματός
2767 4054 2935 4108 φησιν
2967 4039 3025 4090 ὲν
3056 4036 3135 4107 τῷ
3163 4037 3459 4106 ’κεφαλαίῳ
3485 4034 3556 4104 τῷ
3593 4031 3757 4085 Ἐλπαο

533 4146 592 4191 ut
626 4138 832 4193 faceret
857 4139 1106 4208 prodigia
1137 4147 1193 4192 et
1212 4136 1479 4192 miracula
1508 4134 1818 4200 manifesta,
1846 4144 1902 4191 et
1929 4135 2109 4206 perfe-

2222 4131 2410 4204 κερὰμ
2435 4133 2498 4184 ὲκ
2528 4129 2822 4202 προσώπου
2851 4128 2943 4184 τοῦ
2971 4129 3106 4182 Θεοῦ
3132 4144 3148 4159 ο
3189 4129 3500 4199 Ἐδώκαμεν
3525 4124 3596 4196 τῷ
3609 4118 3754 4193 ’ἰησσῦ

533 4230 712 4284 cimus
753 4243 880 4284 eum
926 4245 1026 4300 per
1077 4229 1348 4298 Spiritum
1399 4235 1689 4293 sanctum;
1725 4235 1782 4282 et
1812 4228 1918 4283 hoc
1969 4227 2109 4282 idem

2221 4222 2300 4291 τῷ
2336 4219 2438 4290 υἰῷ
2463 4222 2562 4292 τῆς
2592 4219 2818 4288 Μαρίας
2852 4219 3026 4272 ποιεῖν
3057 4217 3257 4285 τέρατα
3284 4218 3380 4270 καὶ
3405 4215 3640 4283 θαύματα
3669 4225 3755 4278 φα-

535 4324 733 4394 repetit
761 4339 859 4394 per
887 4332 1060 4377 totum
1098 4323 1422 4391 capitulum.
1450 4321 1585 4374 item
1617 4321 1754 4375 dicit
1781 4322 1838 4376 in
1871 4320 2109 4390 capitulo

2222 4310 2378 4379 νερὰ,
2405 4311 2502 4362 καὶ
2533 4307 2931 4377 ὲτελειώσαμεν
2956 4308 3120 4360 αὐτὸν
3145 4307 3232 4360 διὰ
3261 4306 3569 4376 Πνεύματος
3591 4302 3726 4368 ἁγίου
3743 4309 3754 4325 ⁸

534 4415 776 4484 Elcmpai
811 4414 1079 4469 de'Maria
1108 4428 1122 4466 :
1153 4411 1552 4481 lnspiravimus
1579 4411 1633 4465 in
1664 4426 1781 4465 eam
1807 4428 1873 4466 ex
1906 4411 2109 4481 Spiritu

2225 4406 2320 4459 καὶ
2344 4401 2489 4457 τοῦτ’
2519 4402 2651 4455 αὐτὸ
2682 4399 3137 4471 ἑπαναλαμδάνει
3160 4399 3249 4454 διὰ
3278 4400 3479 4462 παντὸς
3507 4395 3596 4450 τοῦ
3616 4407 3758 4484 κεφα-

533 4482 743 4560 sancto.
787 4505 852 4560 Et
893 4506 948 4558 in
981 4504 1238 4573 pluribus
1293 4503 1420 4556 aliis
1466 4502 1605 4557 locis
1638 4502 1841 4557 similia
1874 4502 2009 4558 dicit
2054 4504 2109 4558 de

2229 4498 2408 4552 λαίου.
2441 4496 2562 4547 Ἔτι
2581 4494 2748 4563 φησὶν
2764 4495 2822 4547 ὲν
2838 4493 2918 4564 τῷ
2940 4492 3221 4562 κεφαλαίῳ
3247 4491 3326 4561 τῷ
3342 4490 3528 4547 Ἐλπιᾶ
3548 4486 3663 4555 περὶ
3679 4482 3758 4550 τῆς

535 4601 742 4669 Spiritu
784 4606 998 4654 sancto.
1053 4595 1122 4649 Et
1167 4609 1276 4648 non
1313 4603 1548 4664 possunt
1593 4594 1781 4649 dicere
1827 4594 2109 4658 Saraceni,

2224 4583 2469 4654 Μαρίας,
2486 4581 2935 4666 Ἐνεφυσὴσαμεν
2965 4583 3045 4644 είς
3077 4580 3246 4650 αὐτὴν
3277 4581 3341 4634 ἐκ
3363 4577 3455 4632 τοῦ
3481 4574 3756 4669 Πνεῦμαῖος

534 4702 849 4745 creaturam
887 4687 1181 4758 quamdatn
1224 4699 1368 4750 esse,
1398 4688 1542 4740 sicut
1589 4684 1817 4755 angelus
1865 4683 2115 4752 quidam,

535 4780 748 4834 scilicet
777 4775 1255 4846 bonus,quoniam
1282 4775 1632 4846 singulariter
1657 4775 1726 4830 de
1757 4790 1825 4830 eo
1851 4775 2114 4844 loquitur,

540 4882 794 4941 tanquam
818 4871 887 4925 de
915 4885 1025 4923 uno
1049 4878 1263 4923 sancto.
1287 4869 1474 4924 Sancti
1501 4877 1686 4924 autem
1715 4867 1896 4938 angeli
1928 4867 2118 4936 plures

535 4973 688 5027 sunt,
721 4970 777 5015 et
817 4974 1013 5014 omnes
1048 4966 1177 5014 sunt
1205 4960 1322 5014 Dei.
1363 4958 1494 5024 Qua:
1537 4959 1707 5028 igitur
1737 4971 1928 5021 causa,
1961 4965 2024 5010 ut
2053 4955 2122 5010 de

537 5053 632 5107 illo
680 5051 1033 5122 singulariter
1067 5051 1301 5116 diceret,
1349 5061 1540 5106 nostro
1589 5059 1645 5104 et
1697 5049 1939 5103 sancto?
1987 5048 2122 5102 item

534 5158 645 5197 non
678 5150 827 5197 esset
855 5157 1049 5212 magna
1079 5143 1203 5196 laus
1229 5141 1296 5196 dc
1323 5142 1569 5203 Christo,
1603 5157 1770 5211 quem
1785 5142 2120 5194 Alcoranum

537 5232 776 5287 intendit
809 5231 1161 5300 singulariter
1203 5232 1616 5295 commendare,
1663 5231 1810 5299 quod
1849 5231 1996 5283 Deus
2029 5228 2122 5282 de—

535 5321 714 5378 disset
746 5325 795 5377 ei
825 5325 1074 5393 angelum
1111 5328 1414 5378 custodem.
1449 5325 1694 5392 Quisque
1754 5323 1904 5377 enim
1936 5321 2122 5376 horni-

538 5427 672 5466 num
723 5413 887 5469 habet
928 5415 1182 5484 angelum
1229 5421 1539 5470 custodem.
1580 5415 1793 5469 Ltcnim
1822 5413 1966 5466 Deus
1994 5412 2125 5466 facit

540 5507 765 5574 angelos
811 5509 1063 5578 spiritus,
1101 5517 1157 5562 et
1209 5519 1430 5562 nostros
1466 5507 1770 5577 apostolos,
1800 5506 1942 5560 sicut
1990 5503 2124 5557 dicit

537 5594 872 5652 Alcoranum
920 5599 975 5651 in
1022 5599 1262 5668 capitulo
1311 5598 1576 5652 Eltnaice.
1615 5596 1751 5650 ltem
1796 5593 1975 5665 angeli
2011 5608 2120 5648 non

615 5754 660 5791 ὀ
687 5755 824 5812 Gen.
863 5774 901 5826 ι,
936 5759 1026 5812 227.
1107 5757 1150 5789 "
1184 5756 1342 5812 .luau.
1375 5775 1424 5822 ν,
1460 5759 1511 5811 7.

2225 4675 2318 4728 τοῦ
2342 4675 2522 4743 ἁγίουο
2547 4676 2717 4744 καὶξέν
2733 4663 2976 4728 πλείοσιν
3003 4671 3185 4736 ἄλλοις
3205 4672 3389 4733 τόποις
3409 4669 3476 4724 τὰ
3499 4669 3646 4737 ὅμοια
3668 4662 3757 4714 δια-

2225 4768 2420 4834 λέγετα
2431 4783 2448 4817 ι
2463 4782 2530 4818 πε
2542 4767 2594 4834 pl
2611 4764 2702 4818 τοῦ
2716 4765 2874 4834 ἁγίου
2895 4758 3348 4832 Πνεῦματος.Καὶ
3365 4765 3426 4817 οὑ
3441 4762 3672 4815 δύνανται
3685 4751 3756 4803 λέ·

2225 4873 2346 4926 γειν
2375 4858 2425 4908 οἰ
2447 4858 2791 4929 Σαρῤακηνοὶ
2810 4857 3015 4926 κτίσμα
3045 4873 3098 4910 τι
3120 4853 3284 4922 εἶναι,
3319 4849 3428 4909 οἷον
3458 4846 3668 4918 ἄγγελός
3693 4854 3758 4900 τις

2229 4949 2453 5016 ἀγαθός·
2482 4948 2607 5000 ἐπεὶ
2635 4946 2833 5010 ἑνικῶς
2861 4949 2990 5015 περί
3017 4947 3182 5000 αὐτοῦ
3205 4947 3528 5014 διαλέγεται,
3548 4940 3615 4998 ὡς
3652 4931 3757 5000 περὶ

2229 5041 2346 5103 ἑνὸς
2369 5040 2542 5108 ἁγίου.
2564 5041 2627 5094 Ol
2650 5038 2706 5092 δὲ
2727 5037 2874 5106 ἅγιοι
2897 5039 3119 5107 ἄγγελοι
3144 5038 3327 5092 πολλοί
3349 5039 3472 5101 εἰσι,
3492 5033 3579 5087 καὶ
3595 5027 3758 5082 nam;

2231 5129 2337 5182 εἰσὶ
2372 5129 2464 5182 τοῦ
2502 5128 2661 5182 Θεοῦ.
2694 5129 2791 5191 Τίς
2812 5130 2990 5183 τοίνυν
3014 5133 3048 5200 ἡ
3079 5131 3224 5184 αἰτία
3257 5129 3447 5190 ἑνικῶς
3476 5110 3754 5192 περὶαὺτοῦ

2228 5222 2606 5288 διαλέγεσθαι,
2637 5222 2730 5274 καὶ
2750 5221 2931 5286 λέγειν
2959 5224 3228 5294 ἡμετέρου
3253 5223 3345 5275 καὶ
3364 5219 3550 5286 ἁγίου;
3583 5208 3676 5264 Kal
3694 5202 3756 5294 Et“

2229 5314 2329 5366 οὐκ
2347 5313 2412 5366 ἂν
2432 5309 2498 5382 ἦν
2523 5313 2666 5382 μέγα
2684 5310 2960 5382 ἐγκώμιον
2981 5292 3116 5382 περὶ
3145 5313 3238 5365 τοῦ
3253 5306 3505 5382 Χριστοῦ,
3529 5303 3582 5354 ὃν
3599 5297 3649 5350 τὸ
3664 5292 3754 5345 ’Λλ-

2231 5406 2464 5475 κοράνον
2495 5406 2641 5468 ἰδίως
2675 5408 2868 5458 σκοπεῖ
2909 5408 3188 5476 συνιστᾷν,
3238 5404 3300 5457 τὸ
3335 5401 3512 5456 δοῦναι
3542 5394 3625 5448 τὸν
3647 5384 3754 5439 Θεὸν

2233 5498 2384 5569 αὐτῷ
2416 5497 2644 5567 ἄγγελον
2677 5499 3198 5565 φύλακα.”Εκαστος
3229 5496 3336 5565 γὰρ
3367 5492 3470 5548 τῶν
3493 5480 3756 5554 ἀνθρώπων

2230 5592 2344 5662 ἔχει
2374 5590 2609 5662 ἄγγελον
2642 5590 2882 5660 φύλακα.
2913 5591 3022 5644 Καὶ
3048 5591 3156 5660 γὰρ
3185 5593 3212 5644 ὁ
3244 5588 3370 5650 Θεὸς
3396 5583 3532 5640 ποιεῖ
3554 5577 3664 5635 τοὺς
3679 5569 3756 5632 ἀγα
