4068 6468
385 305 524 373 1152')

1580 299 1879 361 CONTRA
1922 294 2432 356 MAHOMETEM.

3512 291 3646 356 11⁵³0

382 425 577 495 τέλους
636 419 921 490 πνεύματα
985 421 1078 473 καὶ
1131 417 1435 488 ἡμετέρους
1478 415 1833 474 ἀποστόλους,
1889 411 1964 470 ὼς

2076 407 2415 461 sanctiticant
2441 407 2711 471 homines,
2740 417 2835 462 sed
2864 409 3007 465 Deus
3027 409 3360 475 immediate,
3382 411 3603 466 etsolus
3629 429 3643 464 :

387 515 522 585 φησὶ
550 512 614 566 τὸ
647 510 971 580 Ἀλκοράνον
998 509 1055 560 ὲν
1085 507 1162 577 τῷ
1190 505 1474 576 κεφαλαίῳ
1509 502 1584 572 τῷ
1623 501 1967 570 Ἐλμεὶαικέ.

393 609 512 660 Ἔτι
542 606 591 659 οἱ
620 602 843 672 ἄγγελοι
873 602 971 671 οὐχ
1001 599 1288 667 ἁγιάζουσι
1320 599 1446 658 τοὺς
1477 593 1825 666 ἀνθρώπους,
1853 590 1969 645 ἀλλ’

387 703 414 754 ὁ
445 699 580 760 Θεὸς
608 695 832 764 ἀμέσως
857 695 951 747 καὶ
987 692 1178 761 μόνοιν
1211 688 1400 759 ὥσπερ
1437 687 1594 757 μόνος
1640 687 1668 738 ό
1705 683 1838 748 Θεὸς
1871 684 1970 746 τὰς

390 789 663 860 ἁμαρτίας
695 785 909 856 ἀφίησι,
943 783 1128 857 καθὼς
1157 782 1378 850 λέγεται
1417 783 1475 832 ὲν
1508 780 1588 847 τῷ
1634 776 1967 846 Ἀλκοράνῳ.

391 885 466 937 Τὸ
495 880 893 953 προειρημένον
923 877 1102 930 τοίνυν
1151 873 1374 943 Πνεῦμα
1407 869 1620 940 ἀληθής
1669 870 1784 921 ἐστι
1809 868 1962 928 Θεός.

401 973 635 1043 ’Δληθὴς
665 971 722 1025 δὲ
753 970 884 1033 Θεὸς
906 968 1003 1022 καὶ
1032 971 1060 1022 6
1090 967 1220 1037 περὶ
1247 964 1342 1018 τοῦ
1382 963 1700 1030 Πνεύματος
1719 959 1968 1024 διαλεγό-

392 1059 575 1140 μενος,
606 1068 634 1120 6
668 1066 846 1134 λέγων
872 1080 886 1095 ο
927 1080 947 1115 ι
984 1060 1311 1129 Δεδὼκαμεν
1336 1055 1488 1125 αὐτῷ
1513 1052 1756 1121 Πνεῦμα
1787 1050 1964 1118 ἅγιον,

2077 513 2334 569 tanquam
2367 501 2514 554 solus
2541 500 2684 554 Deus
2717 510 2894 570 potest
2921 508 3143 571 peccata
3177 503 3478 569 dimittere,
3505 506 3648 561 sicut

2075 593 2209 646 dicit
2245 592 2298 644 in
2335 591 2625 645 Alcorano.
2665 591 2966 646 Praedictus
2997 592 3165 662 igitur
3201 593 3445 664 Spiritus
3483 611 3650 649 verus

2073 692 2158 737 cst
2189 684 2371 747 Deus;
2416 699 2580 736 verus
2634 691 2819 737 autem
2872 684 3015 740 Deus
3059 692 3115 738 et
3152 685 3246 754 qui
3291 685 3359 739 de
3393 686 3651 754 prtedieto

2073 772 2281 842 Spiritu
2305 765 2550 840 loquitur
2571 771 2760 825 dicens
2787 788 2800 824 :
2840 792 2857 823 ‹
2883 771 3143 829 Dedimus
3165 773 3214 830 ei
3232 772 3498 844 Spiritum
3529 790 3656 830 san-

2073 872 2248 923 ctum,
2283 874 2339 917 et
2371 864 2759 932 inspiravimus
2783 878 2848 918 ex
2880 863 3088 933 Spiritu
3108 874 3297 920 sancto
3342 885 3359 916 ι
3385 867 3654 932 Quoniam

2077 956 2244 1024 igitur
2271 956 2454 1010 divina
2487 957 2724 1009 essentia
2757 945 2872 1010 una
2900 965 2986 1011 est
3023 965 3079 1010 et
3118 957 3372 1026 simplex,
3406 972 3516 1011 non
3558 974 3656 1025 po-

2079 1053 2181 1099 test
2209 1046 2467 1110 discerni,
2501 1045 2581 1098 vel
2633 1046 2838 1111 dividi,
2873 1054 2935 1121 et;
2957 1047 3031 1101 ibi
3071 1055 3158 1102 est
3190 1048 3326 1103 dans
3358 1057 3410 1102 et
3441 1048 3652 1103 datum.

391 1136 486 1215 καὶ
529 1157 946 1228 ὲνεφυσήσαμεν
988 1154 1054 1207 ἐκ
1081 1151 1178 1205 τοῦ
1223 1147 1545 1217 Πνεύματος
1591 1143 1686 1197 τοῦ
1719 1142 1898 1210 ἁγίου.
1941 1160 1960 1192 ι

2078 1138 2256 1198 Dans,
2291 1137 2384 1205 qui
2426 1137 2580 1200 dicit,
2629 1136 2960 1205 «Dedimus;
2997 1157 3014 1188 ι
3044 1150 3098 1194 et
3124 1140 3302 1204 datus,
3334 1142 3424 1209 qui
3450 1140 3655 1211 dicitur

400 1253 557 1305 Ἐπεὶ
602 1219 783 1302 τᾉενυζι
813 1219 860 1318 τῖ’
895 1245 1015 1298 θεία
1045 1243 1204 1297 οὐσία
1239 1239 1340 1312 μία
1383 1238 1502 1290 ἐστὶ
1548 1235 1644 1290 και
1671 1234 1841 1301 ἁπλῆ,
1875 1234 1969 1286 καὶ

2079 1219 2317 1296 Spiritus
2365 1236 2622 1291 sanctus,
2656 1229 2750 1297 qui
2798 1228 3001 1283 dicitur
3031 1230 3192 1284 datus
3239 1240 3293 1284 et
3333 1232 3650 1299 inspiratus.

390 1346 451 1398 οὐ
479 1343 704 1396 δύναται
737 1337 1136 1409 διακρίνεσθαι,
1170 1335 1203 1404 ἢ
1234 1331 1602 1402 διαιρεῖσθαι·
1631 1327 1749 1381 ἐκεῖ
1773 1324 1830 1377 δέ
1855 1323 1970 1376 ἐστι

2076 1319 2222 1374 Inter
2269 1320 2488 1372 dantem
2545 1327 2750 1384 autem,
2792 1329 2848 1374 et
2882 1321 2976 1390 qui
3019 1322 3198 1386 datur,
3239 1323 3544 1392 requiritu’r
3595 1330 3657 1377 ut

389 1436 571 1498 διδοὺς
603 1434 698 1485 καὶ
722 1430 1018 1500 διδόμενον,
1047 1427 1226 1489 διδοὺς
1260 1422 1361 1495 μὲν
1383 1424 1411 1476 6
1441 1421 1640 1488 λέγων,
1670 1436 1688 1484 ι
1715 1412 1968 1469 Δεδώκα·

2076 1409 2450 1479 distinguatur
2485 1411 2851 1479 personaliter
2882 1413 3087 1477 solum,
3125 1430 3234 1470 non
3262 1415 3650 1476 essentialitcr,

395 1545 517 1598 μεν,
551 1544 568 1577 ι
602 1524 881 1594 δίδομενον
913 1520 970 1574 δὲ
1000 1519 1062 1572 τὸ
1089 1515 1314 1586 Πνεῦμα
1348 1513 1377 1568 6
1405 1512 1604 1567 διδόται
1639 1507 1736 1598 καὶ.
1789 1501 1966 1598 ἔμφυ-

2076 1511 2127 1556 et
2143 1501 2222 1556 sic
2241 1503 2375 1556 solis
2393 1501 2749 1558 relationibus
2766 1503 3209 1574 distinguuntur.
3229 1506 3294 1560 Et
3311 1506 3425 1561 haec
3442 1516 3522 1562 cst
3540 1507 3656 1562 sola

393 1591 554 1671 ξᾶται
579 1632 592 1647 ·
608 1591 811 1685 μεταξὺ
839 1611 895 1664 δὲ
916 1608 1010 1663 τοῦ
1032 1609 1267 1669 διδόντος
1297 1604 1391 1658 καὶ
1417 1602 1693 1672 διδομένου
1721 1596 1966 1665 ζητεῖται

2076 1591 2530 1662 discretiquuam
2547 1593 2843 1648 Christiani
2864 1595 2914 1648 in
2932 1596 3184 1664 personis
3203 1597 3404 1650 divinis
3421 1596 3652 1652 faciunt.

391 1714 665 1782 διάκρισις
689 1724 703 1738 ο
736 1707 950 1776 ἀνάγκη
977 1704 1067 1757 τὸν
1097 1701 1310 1755 διδόντα
1336 1689 1430 1751 καὶ
1453 1694 1783 1766 ἐμφυσῶντα
1805 1689 1961 1752 Θεὸν,
2001 1687 2096 1782 καὶ
2129 1685 2190 1738 τὸ
2222 1686 2513 1782 διδόμενον
2562 1690 2659 1782 καὶ
2726 1690 3122 1758 ἐμφυσώμενον
3157 1689 3384 1762 Πνεῦμα
3433 1711 3655 1763 προσω-

396 1779 570 1866 πικῶς
613 1796 989 1869 διακρίνεσθαι
1021 1798 1200 1866 μόνον,
1245 1791 1362 1847 ἀλλ’
1391 1791 1491 1846 οὐκ
1522 1784 1820 1847 οὐσιωδῶς.
1854 1782 1965 1835 Καὶ
2000 1780 2146 1833 οῦτω
2179 1779 2371 1849 μόναις
2432 1779 2553 1841 ταῖς
2614 1781 2919 1853 ἀναφοραῖς
2949 1783 3318 1854 διακρίνονται
3342 1801 3356 1818 ο
3401 1791 3494 1842 καὶ
3515 1789 3654 1862 αῦτη

395 1897 512 1948 ἐστὶ
569 1893 714 1960 μόνη
756 1891 790 1960 ἡ
829 1889 1122 1955 διάκρισις,
1168 1885 1240 1955 ἢν
1283 1883 1331 1936 οί
1379 1877 1698 1952 Χριστιανοὶ
1745 1876 1803 1926 ὲν
1836 1873 1960 1955 ’τοῖς
2003 1871 2171 1934 θείοις
2202 1870 2517 1940 προσώποις
2544 1871 2776 1927 τιθέασι.

463 1985 539 2037 Τὸ
566 1983 622 2035 δὲ
653 1981 785 2032 αὐτὸ
830 1977 1148 2030 παντάπασι
1180 1973 1423 2042 ζήτημα,
1453 1969 1482 2021 ὃ
1509 1968 1639 2037 τεερὶ
1679 1963 1776 2018 τοῦ
1805 1962 1964 2030 ἁγίου

2147 1961 2296 2014 ilanc
2357 1960 2608 2016 eamdem
2661 1963 2886 2018 omnino
2946 1967 3305 2036 quaestionem
3350 1987 3514 2042 quam
3586 1976 3656 2032 de

397 2078 714 2144 Πνεύματος
757 2069 1131 2139 ἐζητήσαμεν,
1160 2062 1438 2134 δυνάμεθα
1472 2060 1658 2130 ζητεῖν
1693 2058 1788 2109 καὶ
1843 2051 1970 2121 περὶ

394 2173 489 2229 τοῦ
525 2171 702 2236 Λόγου
731 2165 824 2219 τοῦ
849 2160 996 2220 Θεοῦ,
1021 2159 1129 2214 Καὶ
1152 2157 1262 2226 γὰρ
1296 2157 1352 2208 ὲν
1386 2150 1466 2220 τῷ
1509 2147 1815 2216 Ἀλκοράνῳ
1845 2156 1973 2236 συν-

404 2265 544 2335 εχῶς
582 2234 857 2331 μέμνηται
888 2253 982 2306 τοῦ
1021 2251 1197 2318 Λόγου
1257 2245 1348 2300 τοῦ
1381 2242 1546 2335 Θεοῦ.
1587 2240 1826 2335 Λέγεται
1862 2234 1970 2335 γὰρ

396 2329 893 2426 ἐν’τῷήκεφαλαίῳ
941 2345 1020 2415 τῷ
1055 2340 1300 2414 Ἀμρὰμ,
1333 2334 1500 2392 Εἶπον
1549 2336 1598 2388 οἱ
1649 2330 1870 2426 ἄγγελοι
1901 2329 1969 2426 τῇ

403 2420 658 2519 μακαρίᾳ,
676 2433 961 2512 Μαρία,Ὦ
986 2434 1196 2504 Μαρία,
1228 2435 1255 2485 ό
1276 2433 1408 2492 Θεὸς
1437 2424 1712 2519 προέθηκέ
1745 2420 1970 2519 σεμύπὲρ

401 2514 579 2601 στάσας
609 2535 708 2597 τὰς
737 2534 1022 2601 γυναῖκας.
1056 2527 1165 2581 Καὶ
1189 2524 1328 2595 μετὰ
1354 2521 1529 2575 ταῦτα
1557 2515 1710 2572 εἷπον
1736 2516 1786 2568 οἱ
1807 2514 1972 2580 ἄγγε-

399 2629 501 2690 λοι,
531 2621 603 2679 Ὦ
649 2622 856 2693 Μαρία,
889 2611 1303 2686 εὐαγγελίζεται
1348 2626 1430 2663 σοι
1475 2611 1504 2662 6
1538 2605 1699 2702 Cebg,
1741 2604 1775 2674 ἢ
1807 2606 1973 2702 ἀναγῖ

400 2721 583 2791 γέλλει
647 2734 730 2770 σοι
787 2711 879 2765 τὸν
928 2710 1099 2777 Λόγον
1154 2703 1342 2769 αὑτοῦ,
1377 2701 1474 2755 καὶ
1501 2699 1564 2752 τὸ
1595 2698 1766 2791 ὄνομα
1805 2695 1970 2747 αὑτοῦ

401 2787 632 2882 Χριστὸς
676 2803 882 2876 Ἰησοῦς
911 2803 1024 2864 υίὸς
1057 2801 1160 2869 τῆς
1190 2797 1430 2864 Μαρίας.
1467 2792 1573 2847 Καὶ
1606 2793 1664 2889 ὲν
1696 2787 1972 2889 maxiem:

400 2879 538 2972 λαίῳ
565 2900 643 2970 τῷ
687 2895 914 2966 Ἑλνεσᾷ
959 2894 1177 2977 λέγεται
1197 2931 1212 2955 ,
1241 2888 1335 2958 Μὴ
1364 2888 1527 2957 εἴπῃς
1548 2884 1674 2980 περὶ
1697 2879 1807 2980 *τοῦ
1838 2879 1972 2980 Θεοῦ

406 2970 547 3061 πλην
577 2991 672 3060 τῆς
702 2973 986 3055 ἀληθείας,
1010 2983 1093 3035 ὅτι
1119 2982 1147 3034 ὁ
1175 2979 1410 3049 Χριστὸς
1451 2974 1656 3068 Ἰησοῦς
1688 2974 1716 3026 6
1736 2970 1975 3068 bibi-:73;

319 3108 338 3114 -
403 3060 620 3151 Μαρίας
645 3073 940 3135 ἀπόστολος
961 3073 1076 3124 ἐστι
1095 3068 1189 3122 τοῦ
1211 3068 1366 3130 Θεοῦ,
1392 3067 1486 3118 καὶ
1504 3064 1676 3131 Λόγος
1698 3060 1791 3114 τοῦ
1814 3060 1971 3122 Θεοῦ,

400 3175 460 3228 ὃν
489 3172 648 3234 αὐτὸς
677 3170 868 3237 έθηκεν
918 3167 975 3217 ὲν
1006 3163 1142 3232 αὐτῇ
1173 3161 1263 3213 διὰ
1295 3158 1610 3225 Πνεύματος
1639 3154 1820 3221 ἁγίου.
1859 3153 1972 3202 Διι-

404 3259 718 3330 οχυρίζεται
772 3252 952 3306 τοίνυν
1013 3247 1330 3301 παντάπασι
1383 3245 1476 3297 τὸν
1515 3243 1750 3330 Χριστόν
1799 3239 1973 3330 Λόγον

2076 2050 2286 2119 Spiritu
2338 2061 2537 2106 sancto
2602 2054 2992 2122 quarsivimus,
3044 2075 3336 2127 possumus
3409 2080 3656 2133 qua-rere

2073 2143 2241 2198 etiam
2299 2143 2367 2199 de
2423 2142 2600 2200 Verbo
2662 2146 2782 2202 Dei.
2843 2149 3055 2205 Dicitur
3107 2154 3254 2208 enim
3306 2156 3360 2210 in
3410 2160 3654 2228 capitulo

2074 2235 2348 2290 Abraham
2381 2253 2395 2289 :
2435 2238 2700 2296 Dixerunt
2723 2241 2901 2310 angeli
2936 2243 3108 2299 beata:
3135 2246 3318 2302 Mariae
3347 2265 3359 2296 τ
3392 2249 3436 2304 Ο
3463 2252 3654 2315 Maria,

2077 2325 2220 2381 Deus
2263 2330 2562 2398 praposuit
2601 2341 2654 2386 te
2685 2347 2848 2401 supra
2874 2348 3066 2388 omnes
3113 2337 3391 2393 mulieres.
3432 2342 3498 2394 Et
3533 2353 3658 2411 post

2077 2419 2192 2474 haec
2221 2420 2478 2476 dixerunt
2507 2425 2726 2492 angeli:
2773 2424 2816 2478 Ο
2857 2425 3046 2487 Maria.
3087 2430 3306 2485 nuntiat
3345 2432 3443 2487 tibi
3482 2433 3652 2498 Deus,

2078 2512 2161 2565 vel
2231 2513 2444 2569 nuntiat
2494 2515 2590 2568 tibi
2650 2517 2886 2570 Verbum
2943 2520 3098 2589 ejus,
3151 2532 3206 2576 et
3278 2540 3474 2580 nomen
3538 2527 3657 2597 ejus

2079 2602 2332 2655 Christus
2358 2602 2520 2658 Iesus
2568 2605 2714 2660 tiiius
2759 2605 2964 2662 Mariae.
2997 2609 3065 2663 Et
3095 2611 3150 2665 in
3185 2613 3427 2681 capitulo
3459 2615 3654 2670 Elnesa

2078 2691 2320 2747 dicitur:
2371 2694 2450 2749 Nc
2497 2695 2647 2768 dicas
2687 2698 2756 2752 de
2785 2698 2896 2754 Deo
2929 2712 3129 2770 praeter
3157 2706 3466 2770 veritatem,
3509 2711 3657 2778 quod

2076 2782 2329 2839 Christus
2368 2790 2531 2840 Jcsus
2577 2785 2720 2842 ﬁlius
2767 2788 2950 2844 Mariae
2996 2795 3276 2861 apostolus
3322 2804 3408 2852 est
3445 2798 3560 2864 Dei,
3601 2809 3659 2854 et

2078 2875 2317 2929 Verbum
2365 2877 2475 2935 Dei.
2506 2879 2652 2946 quod
2699 2879 2814 2948 ipse
2843 2884 3024 2951 posuit
3058 2885 3112 2939 in
3160 2902 3224 2940 ea
3263 2903 3360 2956 per
3389 2888 3656 2958 Spiritum

2077 2978 2347 3022 sanctum.
2382 2969 2625 3024 Allirmat
2651 2972 2815 3042 igitur
2840 2972 3390 3042 omnino,‘Christum
3414 2982 3657 3038 Verbum

2075 3073 2196 3113 esse
2252 3058 2364 3113 Dei.
2417 3060 2691 3126 Quaeritur
2742 3063 3110 3135 igitur,-quod
3156 3071 3225 3124 sit
3281 3070 3387 3126 hoc
3416 3072 3655 3128 Verbum

2078 3148 2217 3205 Dei?
2247 3159 2425 3205 utrum
2460 3150 2699 3208 Verbum
2729 3156 3068 3212 accidentale
3092 3200 3104 3221 .
3142 3161 3226 3216 vel
3254 3163 3437 3231 potius
3468 3181 3658 3234 perso-

2079 3241 2200 3296 nale
2224 3253 2280 3297 et
2303 3243 2474 3298 reale?
2503 3243 2557 3299 Si
2589 3245 2724 3300 dicit
2755 3249 2981 3302 verbum
3013 3266 3134 3306 esse
3163 3255 3349 3310 vocale
3375 3258 3576 3319 solum.
3602 3269 3658 3316 ct

404 3325 541 3400 εἶναι
570 3342 727 3398 Θεοῦ.
779 3341 1034 3411 Ζητεῖται
1072 3336 1273 3400 τοίνυν,
1299 3333 1381 3398 τίς
1429 3334 1494 3388 ἂν
1529 3332 1614 3401 είη
1647 3325 1800 3392 οὗτος
1823 3331 1850 3382 6
1879 3325 1972 3380 τοῦ

2079 3335 2437 3402 accidentale,
2470 3337 2574 3392 hoc
2600 3352 2708 3391 non
2735 3349 2914 3408 potest
2942 3341 3072 3396 dici.
3107 3336 3380 3416 Loquitur
3409 3350 3554 3403 enim
3593 3354 3658 3406 de

403 3433 539 3487 Θεοῦ
567 3431 771 3499 Λόγος;
819 3428 1046 3496 πότερον
1087 3425 1259 3493 Λόγος
1293 3421 1676 3491 συμϐεϐηκὼς,
1707 3418 1738 3487 ἢ
1775 3417 1972 3486 μᾶλλον
2012 3416 2018 3423 ’

2085 3424 2195 3480 Deo
2226 3426 2558 3482 Alcoranum
2607 3437 2664 3484 et
2699 3430 3053 3501 Evangelium
3088 3437 3461 3508 singulariter,
3504 3452 3560 3497 ct
3591 3443 3660 3496 de

406 3522 754 3597 προσωπικὸς
786 3521 882 3574 καὶ
919 3518 1334 3590 πραγματικός;
1371 3515 1433 3568 Εἰ
1467 3515 1616 3580 λέγει
1650 3513 1804 3580 λόγον
1836 3506 1972 3582 εἷναι

2080 3531 2190 3570 uno
2227 3517 2402 3572 Verbo
2453 3528 2659 3574 tantum
2685 3561 2700 3586 ,
2741 3524 2968 3579 verbum
3014 3506 3198 3584 autem
3249 3529 3345 3585 Dei
3387 3534 3572 3589 vocale
3606 3545 3662 3590 et
3713 3529 3716 3532 ’

406 3611 710 3684 ςωνητικδν
760 3609 942 3678 μόνον,
977 3608 1072 3660 καὶ
1124 3603 1529 3675 συμϐεϐηκότα,
1565 3601 1722 3655 τοῦτο
1768 3601 1866 3660 οὐκ
1911 3599 1972 3651 ἂν

2078 3608 2438 3680 accidentale,
2459 3613 2602 3680 quod
2634 3629 2662 3664 a
2692 3614 2802 3669 Deo
2829 3618 2961 3682 exit,
2981 3635 3091 3674 non
3116 3637 3308 3687 unum,
3334 3626 3427 3678 sed
3460 3628 3628 3680 multa

403 3705 622 3757 δύναιτο
653 3699 862 3774 λέγειν.
889 3697 1209 3765 Διαλέγεται
1245 3695 1354 3764 γὰρ
1396 3695 1525 3762 περὶ
1555 3689 1719 3744 αὐτοῦ
1758 3689 1818 3740 τὸ
1857 3687 1972 3740 Ἀλ-

2078 3695 2273 3752 Omnia
2307 3699 2453 3753 enim
2510 3693 2652 3755 bona
2689 3705 2850 3758 verba
2897 3715 2953 3761 et
2980 3719 3170 3764 sancta
3218 3722 3274 3764 ct
3335 3729 3461 3767 vera
3495 3716 3662 3769 verba

406 3794 633 3864 κορὰνον
679 3793 770 3844 καὶ
811 3790 871 3842 τὸ
905 3787 1235 3856 Εὑαγγέλιον
1285 3785 1502 3850 ἑνικῶς,
1552 3784 1626 3846 ὡς
1671 3782 1803 3852 περὶ
1859 3779 1972 3841 ἐνὸς

2082 3789 2178 3846 Dei
2221 3793 2328 3848 diei
2365 3805 2615 3862 possunt.
2663 3797 2795 3852 Item
2839 3815 2947 3854 non
3000 3813 3148 3858 esset
3191 3806 3466 3860 excellens
3505 3826 3660 3862 roni-

408 3887 570 3953 μόνου
597 3881 800 3948 Λόγου.
839 3877 898 3932 Ὀ
926 3879 982 3932 δὲ
1023 3875 1331 3948 φωνητικὸς
1367 3875 1524 3940 λόγος
1570 3874 1664 3926 καὶ
1692 3871 1972 3942 συμϐεϐη-

2082 3885 2358 3940 mendatio
2405 3885 2633 3950 Christi,
2683 3906 2843 3959 quem
2875 3893 3206 3949 Alcoranum
3263 3897 3500 3953 intendit
3548 3902 3660 3953 si-i-

405 3976 516 4039 κὼς
553 3975 653 4044 οὐχ
693 3967 793 4037 εἷς,
850 3971 987 4025 ἀλλὰ
1038 3970 1246 4025 πολλοί.
1291 3970 1500 4029 Πάντες
1547 3970 1657 4037 γὰρ
1687 3968 1735 4018 οί
1781 3964 1972 4033 ἀγαθοὶ

2080 3976 2337 4044 gulariter
2373 3979 2779 4045 commendare,
2813 3984 2858 4036 si
2895 3996 3120 4053 propter
3145 3986 3250 4041 hoc
3280 3988 3496 4044 dicatur
3528 3991 3659 4046 Ver-

404 4068 552 4136 λόγοι
601 4069 692 4120 καὶ
721 4066 890 4133 ἅγιοι,
922 4063 1019 4116 καὶ
1078 4055 1321 4131 ἀληθεῖς,
1353 4061 1502 4128 λόγοι
1555 4059 1693 4112 Θεοῦ
1722 4058 1972 4111 δύνανται

2081 4068 2209 4123 bum
2259 4070 2378 4135 Dei,
2432 4078 2690 4141 tanquam
2745 4074 2912 4129 verba
2953 4077 3046 4130 Dei
3097 4078 3305 4133 dicens.
3341 4079 3458 4135 Non
3508 4084 3659 4137 enim

404 4158 658 4227 λέγεσθαι
690 4158 811 4211 Ἔτι
841 4155 900 4208 δὲ
924 4155 1024 4208 οὐκ
1059 4154 1126 4208 ἂν
1145 4149 1214 4224 ἦν
1243 4150 1582 4221 ὑπερϐάλλον
1615 4166 1670 4202 τι
1697 4149 1972 4216 ἐγκώμιον

2081 4157 2232 4211 solus
2264 4158 2538 4226 Christus,
2569 4161 2662 4216 sed
2705 4164 2871 4218 etiam
2913 4166 3003 4220 alii
3049 4169 3330 4238 propheta:
3361 4174 3526 4228 verba
3565 4174 3655 4227 [lci

407 4250 499 4304 τοῦ
526 4247 788 4320 Χριστοῦ,
817 4247 877 4300 ὃν
907 4247 1050 4310 ἰδίως
1081 4246 1144 4299 τὸ
1160 4244 1485 4315 Ἀλκορὰνον
1535 4241 1786 4312 βούλεται
1823 4243 1972 4293 ἐπαι-

2080 4247 2495 4319 nuntiaverunt,
2518 4260 2574 4304 et
2607 4259 2784 4306 tamen
2827 4254 3011 4310 nullus
3037 4257 3253 4311 illorum
3291 4260 3494 4316 dicitur
3529 4262 3660 4318 Ver-

406 4345 542 4407 νεῖν,
573 4345 622 4395 εί
645 4341 737 4395 διὰ
767 4339 924 4393 τοῦτο
952 4338 1164 4406 λέγοιτο
1194 4337 1367 4404 Λόγος
1412 4335 1570 4398 Θεοῦ,
1606 4335 1682 4397 ὡς
1727 4333 1852 4396 τοὺς
1883 4332 1972 4386 λό-

2084 4335 2214 4389 bum
2260 4337 2374 4391 Dei.
2425 4339 2500 4395 De
2548 4342 2668 4396 solo
2712 4345 2863 4398 enim
2916 4345 3136 4402 Christo
3190 4350 3544 4421 Evangelium
3602 4367 3659 4410 ct

410 4449 540 4502 γους
573 4431 742 4487 εἰπὼν
767 4429 858 4484 τοῦ
885 4429 1046 4484 Θεοῦ.
1079 4429 1155 4482 Οὐ
1189 4428 1350 4497 μόνος
1369 4428 1478 4498 γὰρ
1501 4428 1529 4480 6
1550 4424 1803 4496 Χριστὸς,
1841 4423 1972 4478 ἀλλὰ

2080 4429 2411 4484 Alcoranum
2451 4431 2606 4494 dicit,
2639 4435 2784 4502 quod
2829 4439 2899 4492 sit
2932 4439 3167 4494 Verbum
3210 4443 3324 4497 Dei.
3357 4443 3411 4498 Si
3471 4457 3654 4500 autem

407 4522 502 4577 καὶ
531 4524 581 4576 οἱ
613 4521 764 4576 ἄλλοι
799 4515 1074 4590 ὴροςῆται
1119 4519 1246 4581 τοὺς
1288 4517 1495 4606 λόγους,
1517 4516 1851 4606 ἀνήγγειλαν
1883 4513 1972 4606 τοῦ

2081 4521 2453 4576 essentiaiitcr
2491 4524 2728 4578 Verbum
2776 4530 3046 4597 capiatur,
3114 4534 3459 4590 manifestum
3509 4541 3656 4606 quod

410 4611 568 4674 Θεοῦ,
608 4612 700 4662 καὶ
759 4611 906 4678 ὅμως
937 4606 1114 4670 οὐδεὶς
1148 4605 1373 4660 ἐκείνων
1422 4605 1597 4672 Λόγος
1624 4605 1840 4672 λέγεται
1881 4601 1972 4654 τοῦ

2086 4612 2481 4678 sempiternum
2539 4616 2944 4672 essctVerbum
2995 4621 3116 4683 Dei,
3160 4635 3214 4678 et
3260 4624 3403 4681 Deus
3471 4645 3654 4684 verus.

409 4702 566 4755 Θεοῦ.
601 4701 735 4771 Περὶ
768 4703 932 4770 μόνου
959 4701 1078 4769 έγὰρ
1124 4698 1218 4752 τοῦ
1270 4698 1508 4768 Χριστοῦ
1544 4698 1604 4751 τὸ
1644 4697 1972 4768 Εὐαγγέλιον

2086 4702 2241 4758 Sicut
2271 4703 2416 4756 enin)
2457 4706 2682 4758 verbum
2715 4707 2859 4775 quod
2900 4712 3148 4778 procedit
3189 4731 3253 4768 ex
3300 4733 3394 4771 ore
3429 4734 3659 4792 eorrup-

409 4796 505 4847 καὶ
534 4783 595 4846 τὸ
637 4793 964 4860 Ἀλκοράνον
995 4792 1182 4860 φησὶν,
1211 4790 1286 4853 ὡς
1317 4789 1401 4859 εἴη
1424 4790 1599 4858 Λόγος
1631 4789 1788 4844 Θεοῦ.
1830 4788 1894 4842 Εἰ
1926 4786 1972 4839 δὲ

2086 4794 2257 4848 tibilis
2288 4793 2548 4856 hominis,
2581 4799 2940 4866 corruptibile
2963 4815 3049 4856 est
3079 4818 3143 4857 ex
3172 4809 3497 4864 necessitate
3528 4829 3540 4864 :
3577 4783 3659 4867 sic

407 4883 684 4947 οὑσιωδῶς
710 4884 807 4937 καὶ
835 4882 1206 4952 προσωπικῶς
1240 4885 1268 4936 ό
1305 4883 1475 4948 Λόγος
1510 4881 1862 4951 λαμϐάνοιτο,
1890 4878 1972 4948 δῆ-

2086 4884 2326 4938 Verbum
2374 4885 2519 4952 quod
2573 4901 2638 4940 ex
2686 4890 3024 4957 sempiterno
3081 4911 3178 4951 ore
3239 4903 3508 4970 procedit,
3559 4920 3658 4974 per

405 4978 522 5043 λον,
558 4976 634 5035 ὡς
669 4975 840 5037 ἀΐδιος
873 4975 940 5027 ἂν
982 4975 1066 5045 εἴη
1095 4977 1122 5028 6
1147 4973 1241 5027 τοῦ
1275 4974 1412 5027 Θεοῦ
1458 4973 1654 5042 Λόγος,
1711 4971 1807 5025 καὶ
1851 4970 1972 5069 Θεὸς

2084 4977 2229 5045 quod
2261 4975 2460 5030 cmlum
2503 4985 2558 5030 et
2591 4987 2791 5033 terram
2827 4992 2883 5036 et
2926 5000 3048 5052 quae
3100 5000 3227 5044 sunt
3261 4992 3312 5046 in
3365 4970 3660 5069 medio-(ut

409 5065 639 5136 ἀληθής.
666 5065 878 5132 Ὥσπερ
897 5065 1005 5133 γὰρ
1031 5067 1060 5117 6
1086 5067 1150 5129 ἐκ
1179 5063 1273 5118 τοῦ
1296 5067 1574 5134 ,στόματος
1601 5061 1694 5116 τοῦ
1729 5058 1972 5152 φθαρτοῦ

2086 5072 2342 5126 Alcorani
2383 5073 2551 5128 verbo
2583 5077 2728 5142 utar)
2783 5076 2934 5140 fecit,
2966 5082 3364 5152 sempiternum
3389 5098 3443 5142 et
3471 5058 3658 5144 incor-

407 5154 696 5224 ἀνθρώπου
729 5152 936 5223 προῖὼν
957 5152 1114 5220 λόγος
1149 5152 1390 5221 φθαρτὸς
1432 5153 1490 5218 ἐξ
1525 5153 1774 5219 ἀνάγκης
1805 5149 1972 5215 ἐστὶν,

2088 5164 2348 5233 ruplibile
2374 5179 2495 5218 esse
2532 5181 2759 5222 necesse
2785 5178 2884 5223 cst.
2923 5171 3199 5242 Quidquid
3233 5192 3299 5231 cx
3328 5176 3436 5232 Deo
3473 5190 3656 5236 autem

405 5243 558 5300 οὕτω
585 5245 682 5299 καὶ
725 5245 754 5296 ό
795 5244 854 5309 ἐξ
885 5243 1058 5296 ἀϊδίου
1113 5243 1392 5312 προελθὼν
1431 5243 1526 5295 τοῦ
1569 5244 1836 5312 στόματος
1883 5240 1972 5294 τοῦ

2089 5255 2360 5323 procedit,
2400 5256 2763 5311 essentialiler
2790 5268 2873 5313 est
2903 5261 3067 5327 Deus,
3087 5240 3152 5317 et
3185 5265 3288 5320 hoc
3318 5267 3478 5321 modo
3515 5267 3660 5323 υοιιιι

409 5338 545 5401 Θεοῦ
577 5338 775 5405 Λόγος,
806 5337 874 5390 δι’
899 5329 959 5389 οὗ
1001 5337 1091 5389 τὸν
1120 5337 1349 5406 οὐρανὸν
1382 5336 1479 5390 καὶ
1510 5339 1610 5406 τὴν
1654 5335 1759 5405 γῆν
1787 5335 1883 5387 καὶ
1911 5333 1972 5385 τό

2089 5351 2175 5398 est
2206 5344 2300 5398 Dei
2335 5345 2598 5399 Verbum.
2627 5347 2783 5403 Unde
2813 5366 2935 5404 cum
2975 5352 3214 5408 Verbum
3271 5357 3456 5427 aliquo
3497 5360 3661 5411 modo

413 5429 616 5499 μεταξὺ
675 5429 784 5500 (ἵνα
835 5428 1046 5498 τῷ·τοῦ
1086 5429 1412 5500 Ἀλκοράνου
1463 5431 1759 5500 χρήσωμαι
1809 5427 1972 5497 λόγῳ)

2089 5436 2306 5491 (Ιίίΐετοι
2332 5452 2362 5491 a
2395 5438 2612 5493 dicente
2642 5449 2698 5493 et
2729 5441 3045 5500 continente
3085 5444 3350 5510 Verbum,
3383 5459 3439 5503 et
3470 5450 3522 5504 in
3562 5451 3658 5506 Dei

406 5518 684 5587 ἐποίησεν,
714 5517 991 5588 ἄφθαρτον
1024 5517 1120 5572 καὶ
1141 5519 1311 5572 ἀΐδιον
1346 5516 1482 5574 εἶναι
1513 5520 1747 5588 ἀνάγκη.
1781 5520 1896 5571 Πᾶν
1922 5517 1972 5570 δὲ

2088 5528 2328 5583 essentia
2359 5545 2467 5584 non
2501 5532 2674 5599 possit
2713 5546 2835 5587 esse
2866 5535 3064 5590 divisio
3111 5553 3204 5593 seu
3239 5539 3521 5596 distinctio
3569 5558 3660 5596 es-

293 5632 298 5637 ι
405 5608 468 5661 τὸ
493 5609 558 5662 ἐκ
585 5608 677 5662 τοῦ
707 5609 839 5662 Θεοῦ
869 5604 1059 5679 προϊὸν
1087 5610 1365 5677 οὐσιωδῶς
1391 5614 1505 5664 ἐστι
1541 5611 1695 5676 Θεὸς,
1723 5610 1817 5664 καὶ
1851 5609 1972 5662 τοῦ-

2086 5617 2353 5681 seutialis,
2386 5628 2606 5687 oportet
2632 5623 2777 5692 quod
2807 5623 2880 5679 ibi
2912 5626 2984 5680 sit
3009 5626 3290 5684 distinctio
3320 5633 3623 5700 personalis
3649 5645 3664 5686 :

403 5715 496 5753 τον
520 5699 612 5752 τὸν
641 5701 841 5770 τρόπον
871 5701 1001 5764 Θεός
1045 5702 1194 5753 ἐστιν
1220 5703 1249 5752 6
1292 5701 1387 5754 τοῦ
1424 5701 1561 5756 Θεοῦ
1592 5702 1786 5769 Λόγος.
1810 5699 1972 5753 Ὅθεν

2084 5720 2140 5766 et
2170 5709 2317 5780 quod
2350 5710 2588 5766 Verbum
2621 5727 2650 5766 a
2677 5713 2896 5772 dicente
2919 5718 3157 5789 propriis
3185 5729 3241 5776 ct
3275 5723 3406 5778 solis
3442 5723 3661 5780 relatio-

742 5799 1014 5890 ξἈτιιοι..
1061 5801 1176 5861 Gn.
1218 5802 1420 5868 CLIV.

2671 5852 2674 5854 ~
3274 5816 3350 5877 36
