4068 6462
501 300 632 367 1131

1748 299 2126 360 DEMETRII
2175 303 2491 364 CYDONII

3605 313 3720 380 111.2

496 410 662 465 nibus
692 407 1087 480 distinguatur,
1121 409 1265 464 sicut
1303 414 1358 462 et
1389 408 1456 462 de
1498 407 1704 477 Spiritu
1734 406 1946 462 dictum
1973 418 2076 464 est.

2185 412 2308 468 ἐπεὶ
2334 414 2364 468 6
2397 413 2556 484 λόγος
2591 413 2685 467 τοῦ
2716 414 2966 485 λέγοντος
3009 416 3103 470 καὶ
3132 415 3225 470 τοῦ
3265 419 3503 485 νοοῦντος
3533 423 3616 478 τὸν
3647 425 3722 480 λό-

494 503 564 557 Ει
586 505 690 558 hoc
711 512 796 558 est
813 502 1074 568 Verbum,
1094 517 1205 572 quo
1227 501 1373 557 Deus
1395 501 1578 557 omnia
1606 517 1729 572 quae
1757 510 1887 556 sunt
1915 503 2075 567 dixit,

500 613 518 646 ι
546 595 708 651 Fiant
733 605 788 651 et
803 594 948 651 facta
969 603 1126 650 sunt:
1151 613 1166 646 ι
1189 595 1329 648 sicut
1346 601 1400 649 et
1417 594 1470 646 in
1489 592 1760 648 Alcerano
1776 592 1979 650 dicitur
2011 595 2080 650 Et

501 691 812 744 secundum
843 689 950 744 hec
983 687 1244 745 convenit
1277 687 1608 743 Alceranum
1633 687 2078 759 cumEvangelie

494 781 855 852 Jeannis,qui
885 783 1052 836 dicit:
1081 781 1310 837 r-Omnia
1338 795 1437 850 per
1455 781 1632 850 ipsum
1655 784 1794 835 facta
1824 783 2072 837 sunt".i

483 873 772 941 Quoniam
811 873 982 943 igitur
1007 873 1074 927 ab
1107 887 1175 927 ee
1225 873 1319 942 qui
1357 872 1622 942 loquitur,
1651 873 1896 928 Verbum
1931 887 2080 928 cem-

497 965 884 1036 prehenditur,
929 973 984 1019 et
1019 963 1464 1019 intellectualiter
1503 963 1749 1034 gignitur
1780 978 1793 1017 :
1826 973 1883 1018 et
1929 963 2076 1034 quod

496 1060 566 1114 ab
595 1060 770 1114 altero
792 1067 1090 1130 generatur
1107 1059 1408 1112 secundum
1429 1055 1848 1112 similitudinem
1871 1053 2078 1125 speciei

491 1161 553 1204 et
581 1161 816 1214 naturae,
845 1149 1051 1204 dicitur
1083 1147 1229 1201 [ilius
1259 1165 1274 1212 ;
1304 1154 1529 1216 propter
1560 1147 1683 1212 hoc,
1712 1145 1953 1199 Verbum
1983 1143 2076 1199 Dei

493 1242 732 1298 dicimus
763 1240 958 1295 Filium
1002 1239 1123 1304 Dei,
1151 1240 1292 1293 sicut
1323 1239 1404 1294 sel
1437 1238 1479 1291 si
1512 1246 1800 1308 generaret
1826 1251 1892 1291 ex
1913 1251 1972 1292 se
2001 1246 2082 1292 ta-

495 1338 601 1392 iem
639 1335 988 1405 splendorem
1017 1333 1109 1403 qui
1135 1341 1282 1387 esset
1311 1333 1412 1395 sel,
1432 1331 1588 1384 illum
1619 1329 1787 1384 solem
1813 1339 1867 1384 ct
1897 1329 2082 1400 splen-

493 1427 684 1480 dorem
737 1427 1048 1480 diceremus
1096 1422 1267 1476 lilium
1319 1420 1472 1475 solis.
1512 1419 1572 1474 In
1605 1419 1714 1474 hoc
1765 1430 1944 1474 tamen
1991 1426 2081 1474 est

493 1517 834 1581 differentia,
885 1515 1034 1585 quod
1085 1514 1139 1569 in
1189 1513 1483 1574 creaturis,
1526 1513 1579 1565 in
1629 1512 1831 1580 quibus
1872 1527 1994 1567 esse
2022 1519 2080 1566 et

492 1607 733 1663 essentia
779 1603 1066 1672 differunt,
1094 1618 1199 1658 non
1235 1611 1465 1672 possunt
1504 1599 1862 1670 multiplicari
1894 1600 2080 1672 subje-

494 1713 606 1764 cta,
636 1716 759 1756 cum
808 1716 920 1756 non
946 1697 1347 1768 multiplicatur
1389 1705 1606 1750 natura.
1639 1694 1796 1751 Unde
1823 1701 1879 1748 et
1911 1693 2078 1748 homo

493 1795 662 1848 alium
698 1791 977 1846 hominem
1007 1790 1224 1860 gignit:
1255 1788 1399 1842 Deus
1435 1794 1643 1851 autem,
1687 1786 1740 1838 in
1779 1800 1890 1856 que
1929 1783 2076 1840 idem

494 1890 580 1937 est
605 1897 724 1938 esse
751 1891 807 1937 et
831 1880 1096 1947 essentia,
1123 1894 1189 1936 ex
1216 1878 1398 1947 seipse
1423 1876 1652 1931 verbum
1686 1875 1934 1947 gignens,
1965 1891 2077 1930 non

495 1975 664 2030 alium
709 1976 878 2028 Deum
913 1981 1163 2044 generat.
1198 1971 1391 2026 Divina
1422 1970 1571 2024 enim
1608 1970 1847 2023 essentia
1899 1983 2080 2037 neque

495 2065 780 2119 dissimilis
807 2073 911 2128 est,
941 2077 1126 2131 neque
1153 2061 1339 2116 innata
1366 2070 1452 2116 est
1490 2057 1846 2129 multiplicari
1875 2073 2082 2113 secun-

494 2156 625 2210 dum
643 2156 880 2223 aliquem
901 2154 1146 2219 modum,
1163 2161 1667 2223 preptersummam
1688 2149 2079 2221 perlectienem

493 2258 551 2302 ct
594 2247 1024 2316 simplicitatem.
1062 2245 1410 2300 Mahemetus
1443 2244 1609 2314 igitur
1654 2244 1887 2298 audiens
1923 2242 2084 2299 Chri-

497 2339 676 2393 tianos
710 2340 961 2394 dicentes
985 2339 1158 2393 Deum
1210 2336 1415 2391 habere
1450 2335 1647 2401 lilium,
1682 2335 1921 2392 nescivit
1943 2349 2081 2390 con-

495 2428 762 2492 siderare,
790 2427 937 2495 quod
972 2425 1235 2496 possibile
1265 2432 1498 2480 estesse
1532 2423 1938 2492 lilium'absque
1968 2438 2084 2477 ruu-

479 2519 651 2587 liere.
683 2518 753 2572 Et
796 2526 1018 2587 propter
1050 2517 1157 2571 hoc
1201 2517 1412 2570 nullam
1457 2515 1622 2570 aliam
1655 2514 1884 2570 adduxit
1915 2530 2082 2583 argu-

496 2609 896 2663 mentationem
946 2607 1060 2682 nisi
1107 2605 1254 2675 quod
1303 2605 1446 2659 Deus
1489 2620 1600 2659 non
1643 2612 1825 2673 potest
1875 2604 2081 2657 habere

495 2700 725 2766 Filium,
758 2699 886 2770 quia
913 2713 1140 2754 uxorem
1168 2713 1275 2751 non
1308 2697 1490 2751 habet.
1517 2696 1585 2750 Et
1613 2711 1721 2748 non
1750 2695 2080 2763 excogitavit

489 2793 642 2863 quod
678 2792 818 2847 dixit
861 2791 1056 2856 David,
1089 2805 1254 2858 quem
1289 2797 1499 2842 tantum
1532 2785 1940 2842 commendavit
1970 2784 2083 2838 Ma-

501 2884 776 2948 hemetus,
812 2880 907 2952 qui
936 2888 1139 2951 pra-ter
1172 2878 1343 2931 lilium
1392 2877 1702 2931 naturalem
1737 2875 1878 2928 dixit
1905 2873 2079 2927 Deum

498 2974 703 3030 multos
725 2973 933 3028 habere
966 2973 1106 3026 ﬁlios
1129 2968 1443 3040 adoptivos,
1472 2968 1664 3023 dicens
1690 2983 1704 3022 :
1743 2985 1762 3018 ι
1803 2966 1914 3036 Ege
1941 2964 2078 3031 dixi,

493 3069 570 3122 dii
609 3069 766 3130 estis,
797 3075 858 3120 et
892 3065 989 3120 ﬁlii
1024 3064 1236 3119 Excelsi
1267 3077 1461 3116 omnes
1489 3063 1558 3124 '9,
1589 3079 1608 3113 ι
1643 3071 1696 3116 et
1724 3074 1834 3114 non
1859 3074 1928 3112 ex
1958 3073 2080 3110 mu-

493 3162 650 3216 liere.
688 3161 838 3214 Alias
879 3167 1062 3213 tamen
1100 3157 1230 3210 licet
1261 3155 1629 3209 Mahemetum
1663 3151 1827 3208 simul
1857 3166 1986 3206 cum
2011 3165 2078 3204 eo

496 3252 822 3322 intelligere,
877 3251 970 3318 qui
1013 3250 1147 3303 dicit
1177 3249 1403 3302 Mariam
1435 3261 1598 3319 posse
1647 3245 1852 3300 habere
1905 3245 2078 3299 ﬁlium

494 3346 706 3415 absque
731 3345 856 3398 viro
883 3360 898 3396 :
928 3340 1024 3396 sed
1053 3341 1353 3410 quomodo,
1382 3355 1490 3394 non
1523 3340 1920 3393 convenienter
1945 3353 2080 3392 cen-

494 3437 783 3499 sideravit,
826 3435 975 3504 quod
1011 3435 1154 3488 Deus
1201 3442 1258 3486 et
1288 3436 1494 3500 absque
1527 3429 1758 3484 muliere
1807 3427 2082 3498 potuisset

493 3529 698 3584 habere
759 3527 956 3582 lilium.
1017 3526 1220 3580 Verum
1280 3524 1448 3592 igitur
1504 3522 1644 3575 dixit
1698 3521 2081 3584 Mahometus,

493 3620 717 3691 quando
750 3619 887 3674 dixit
913 3615 1190 3672 Christum
1214 3615 1400 3670 Jesum
1437 3614 1608 3667 lilium
1638 3613 1840 3676 Mariae,
1860 3622 1916 3666 et
1945 3611 2082 3665 Ver-

495 3712 628 3767 bum
672 3711 767 3767 Dei
809 3723 933 3765 esse
962 3725 976 3764 :
1005 3706 1102 3764 sed
1154 3722 1264 3760 non
1314 3706 1604 3761 intellexit.
1641 3705 1696 3760 Si
1730 3704 1880 3759 enim
1921 3705 2082 3759 intel-

493 3801 746 3860 lexisset,
795 3800 1066 3874 dixisset:
1115 3796 1197 3854 Ex
1236 3811 1346 3867 que
1401 3805 1479 3850 est
1535 3796 1680 3850 lilius
1732 3795 1949 3863 Mariaa,
1996 3806 2084 3851 est

494 3907 661 3949 verus
710 3893 916 3957 homo;
961 3906 1028 3946 ex
1079 3903 1189 3959 quo
1243 3897 1331 3943 est
1363 3887 1600 3943 Verbum
1651 3887 1772 3952 Dei,
1803 3897 1888 3943 est
1917 3903 2082 3944 verus

497 3984 664 4040 Deus.
694 3983 814 4039 Non
846 3983 997 4038 enim
1039 3993 1124 4040 est
1154 3983 1300 4039 Deus
1335 3980 1676 4050 compositus
1704 3988 1762 4034 et
1796 3978 2085 4049 imperfec-

497 4086 607 4140 tus,
639 4076 784 4131 sicut
827 4077 1015 4138 homo,
1065 4074 1225 4144 cujus
1285 4073 1514 4127 verbum
1567 4081 1620 4125 et
1662 4071 2082 4141 comprehensio

498 4170 722 4232 mentis,
752 4180 807 4222 ct
853 4182 945 4228 ars
995 4176 1052 4222 et
1100 4166 1268 4230 actio,
1312 4180 1424 4219 non
1466 4172 1554 4219 est
1582 4163 1769 4218 homo.
1801 4163 2084 4232 Quidquid

496 4272 681 4315 autem
729 4268 814 4315 est
883 4259 1011 4322 Dei,
1049 4268 1136 4313 est
1179 4257 1344 4312 Deus.
1394 4255 1550 4311 Unde
1603 4265 1659 4310 et
1689 4255 1933 4312 Verbum
1984 4256 2080 4312 Dei

504 4354 560 4405 lit
581 4367 644 4406 us
668 4361 774 4416 est,
810 4359 866 4406 et
899 4351 1212 4405 intellectus
1264 4347 1360 4402 Dei
1397 4347 1541 4402 Deus
1569 4357 1657 4403 est
1697 4357 1754 4401 et
1795 4349 1940 4402 actio
1982 4347 2081 4403 Dei

2107 3109 2154 3172 C

2184 522 2279 574 γον
2319 505 2573 578 διαφέρει
2609 508 2811 577 τρόπον
2855 507 2997 569 τινὰ,
3051 509 3109 562 ἐν
3141 509 3196 562 δὲ
3244 512 3308 580 τῇ
3343 510 3460 581 θείᾳ
3502 514 3721 586 οὖσίᾳοῦ

2181 597 2406 650 δύναται
2446 594 2588 652 εἶναι
2649 598 2914 668 διαίρεσις
2973 599 3006 670 ἢ
3055 599 3357 671 διάκρισιςο
3401 604 3602 674 ἀνάγκη
3627 609 3724 662 ἐκεῖ

2183 691 2326 746 εἶναι
2359 693 2721 763 προσωπικὴν
2765 691 2937 762 μόνην
2981 691 3274 764 διάκρισιν,
3312 693 3450 748 ὥστε
3479 695 3565 749 τὸν
3587 698 3725 766 λόγον

2182 781 2278 835 τοῦ
2311 781 2562 850 λέγοντος
2599 782 2901 855 ἀναφοραῖς
2925 782 3298 854 διακρίνεσθαι
3327 780 3530 852 μόναις,
3558 786 3725 860 ὥσπερ

2184 872 2438 942 καὶπερὶ
2469 872 2564 926 τοῦ
2601 872 2760 940 ἁγίου
2809 875 3128 946 Πνεῦματος
3167 877 3404 948 εἴρηται.
3453 881 3557 932 Καὶ
3592 874 3726 944 οὗτός

2182 966 2333 1018 ἐστιν
2363 967 2391 1018 6
2420 964 2600 1033 λόγος,
2641 959 2686 1034 ᾧ
2726 967 2755 1019 6
2803 967 2958 1033 Θεὸς,
2997 967 3180 1021 Πάντα
3205 968 3274 1021 τὰ
3325 969 3576 1040 γινόμεια
3601 970 3723 1036 εἷπε,

2187 1073 2208 1110 r
2244 1055 2509 1118 Γενέσθω,
2543 1057 2640 1111 καὶ
2665 1057 2924 1126 γέγονεν’
2963 1076 2983 1111 ι
3015 1059 3206 1130 ὥσπερ
3250 1061 3346 1114 καὶ
3372 1063 3428 1115 ἐν
3449 1061 3523 1130 τῷ
3561 1063 3726 1117 Ἀλκο-

2182 1145 2336 1214 ράνῳ
2363 1143 2605 1211 λέγεται.
2638 1144 2750 1196 Καὶ
2795 1143 2938 1197 κατά
2965 1144 3124 1198 τοῦτο
3169 1151 3449 1220 συμφωνεὶ
3472 1150 3528 1202 τὸ
3559 1147 3726 1202 Ἀλκο-

2186 1237 2346 1306 ράνον
2377 1236 2456 1304 τῷ
2481 1235 2800 1308 Εὐαγγελΐῳ
2830 1235 2925 1292 τοῦ
2974 1238 3244 1305 Ἰωάννου,
3265 1233 3329 1304 ’ὃς
3349 1257 3500 1310 φησι,
3522 1259 3539 1292 ι
3564 1242 3726 1295 Πάντα

2180 1327 2249 1382 δι’
2279 1327 2446 1381 αὐτοῦ
2475 1328 2714 1396 ἐγένετο.
2748 1346 2766 1380 ι
2817 1329 2972 1383 Ἐπεὶ
3009 1331 3190 1384 τοίνυν
3228 1331 3336 1385 ὑπὸ
3371 1330 3462 1384 τοῦ
3502 1332 3728 1399 λέγοντος

2181 1423 2209 1475 6
2235 1421 2392 1490 λόγος
2433 1420 2897 1491 συλλαμῦάνεται,
2940 1421 3039 1476 καὶ
3080 1423 3284 1491 νοερῶς
3332 1427 3616 1491 γεννᾶται·
3646 1426 3729 1478 καὶ

2180 1513 2242 1567 τὸ
2273 1513 2366 1584 ἀφ’
2401 1515 2589 1583 ἐτέρου
2615 1513 2958 1584 γεννώμενον
2981 1512 3108 1568 καθ’
3131 1514 3429 1587 ὁμοιότητα
3457 1515 3549 1570 τοῦ
3576 1516 3729 1581 είδπυς

2181 1606 2400 1675 καὶτῆς
2433 1605 2648 1673 φύσεως
2679 1605 2904 1675 λέγεται
2931 1606 3070 1675 υίὸς,
3108 1607 3199 1662 διὰ
3245 1609 3406 1662 τοῦτο
3449 1610 3536 1663 τὸν
3579 1610 3727 1678 Λόγον

2180 1695 2276 1750 τοῦ
2309 1685 2446 1749 Θεοῦ
2487 1696 2718 1768 λέγομεν
2745 1699 2873 1752 Υίὸν
2893 1697 2989 1752 τοῦ
3024 1698 3161 1753 Θεοῦ
3182 1714 3202 1733 ο
3235 1698 3429 1770 ὥσπερ
3470 1701 3498 1754 6
3529 1700 3664 1770 ἥλιος
3687 1702 3728 1754 εί

2179 1789 2420 1843 τοιοῦτον
2479 1792 2825 1860 ἀπαύγασμα
2857 1791 3052 1859 ἐγέννα
3078 1791 3139 1857 ἐξ
3161 1793 3390 1856 ἑαυτοῦ,
3423 1793 3558 1847 ὥστε
3607 1789 3728 1846 εἶναι

2179 1879 2354 1952 ἥλιον,
2389 1882 2606 1946 πάντως
2635 1884 2844 1936 ἐκεῖνον
2881 1877 2974 1936 τὸν
3007 1881 3162 1954 ἥλιον
3187 1884 3286 1937 καὶ
3319 1886 3380 1937 τὸ
3415 1884 3728 1954 ἀπαύγασμα

2181 1971 2278 2024 καὶ
2308 1972 2422 2025 υἱὸν
2465 1972 2532 2025 ἂν
2573 1973 2838 2043 ἐλέγομεν
2887 1973 2984 2026 τοῦ
3019 1975 3200 2044 ἡλίου.
3231 1975 3324 2027 Ἐν
3372 1973 3542 2044 τούτῳ
3574 1973 3727 2044 μέντοι

2180 2063 2398 2134 ἐστινὴ
2443 2064 2701 2133 διαφορὰ,
2755 2064 2840 2117 ὅτι
2864 2066 2923 2118 ἐν
2957 2065 3059 2131 μὲν
3112 2068 3226 2128 τοῖς
3265 2066 3562 2136 κτίσμασι-ι
3590 2067 3641 2118 ἐν
3665 2061 3731 2128 οἷς
3801 2106 3809 2119 .

2180 2155 2431 2225 διαφέρει
2471 2155 2536 2207 τὸ
2575 2149 2720 2209 εἶναι
2757 2155 2856 2208 καὶ
2887 2156 2922 2224 ἡ
2950 2155 3132 2221 οὐσία,
3167 2159 3232 2209 οὐ
3261 2156 3519 2211 δύνανται
3554 2157 3730 2209 πολλα-

2182 2244 2579 2310 πλασιάζεσθαι
2601 2245 2669 2300 τὰ
2688 2247 3045 2318 ὑποκείμενα,
3067 2249 3144 2318 μὴ
3166 2248 3263 2301 καὶ
3288 2251 3384 2318 τῆς
3405 2248 3608 2317 φύσεως
3620 2247 3727 2300 πολ-

2181 2339 2720 2421 λαπλασιαζομὲνης.
2743 2340 2910 2394 Ὅθεν
2939 2343 2966 2395 6
2986 2341 3276 2413 ἄνθρωπος
3291 2343 3450 2397 ἀλλον
3473 2341 3728 2411 ἄνθρωπον

2181 2433 2350 2512 γεννᾶ
2366 2444 2382 2461 ’
2409 2431 2516 2484 όκδὲ
2543 2431 2698 2495 Θεὸς,
2717 2430 2781 2486 ἐν
2801 2425 2845 2500 ᾧ
2861 2432 3060 2486 ταυτόν
3085 2435 3203 2486 ἐστι
3227 2433 3291 2486 τὸ
3313 2430 3451 2489 εἶναι
3480 2433 3573 2488 καὶ
3596 2434 3625 2502 ὴ
3653 2433 3726 2485 οὐ·

2184 2524 2296 2587 σία,
2318 2523 2376 2589 ἐξ
2413 2523 2608 2576 ἑαυτοῦ
2640 2523 2846 2592 γεννῶν
2880 2524 3193 2592 Λόγον,οῦκ
3222 2524 3402 2591 ἄλλως
3429 2525 3556 2579 Θεὸν
3571 2526 3724 2593 γεννᾶ.

2193 2617 2258 2668 Ἥ
2283 2615 2394 2684 γὰρ
2427 2616 2546 2668 θεία
2566 2615 2748 2681 οὐσία,
2770 2614 2880 2668 οὒτ’
2905 2616 3160 2686 ἀνόμοιός
3188 2619 3360 2679 ἐστιν,
3393 2617 3516 2690 οὔτε
3544 2617 3725 2685 πέφυκα

2182 2707 2757 2771 πολλαπλασιάζεσθαι
2781 2707 2926 2763 κατὰ
2957 2725 3080 2761 τινα
3105 2711 3306 2776 τρόπον
3335 2710 3425 2763 δα
3455 2716 3549 2780 τὴν
3580 2708 3725 2775 ἄκραν

2181 2800 2498 2870 τελειότητα
2523 2800 2617 2853 καὶ
2652 2785 2956 2872 ἁπλότητα.
2997 2801 3056 2854 '0
3085 2801 3333 2870 Μωάμεθ
3382 2803 3555 2855 τοίνυν
3591 2797 3727 2853 ἀκού-

2183 2911 2287 2956 σας
2319 2894 2448 2956 τοὺς
2473 2895 2838 2965 Χριστιανοὺς
2869 2894 3126 2961 λέγοντας
3157 2894 3251 2947 τὸν
3291 2896 3421 2948 Θεὸν
3445 2893 3580 2965 ἔχειν
3602 2891 3724 2952 Υἰὸν,

2181 2985 2283 3039 οὐκ
2307 2985 2549 3055 ἠδυνήθη
2586 2985 2936 3053 λογίσασθαι,
2974 2988 3049 3046 ὡς
3071 2985 3302 3040 δυνατὸν
3335 2983 3475 3040 εἶναι
3515 2987 3618 3039 υἱὸν
3639 3000 3727 3053 χω·

2187 3078 2273 3147 ρὶς
2296 3077 2577 3146 γυναικός.
2619 3076 2732 3129 Καὶ
2759 3075 2850 3128 διά
2891 3075 3052 3128 τοῦτο
3083 3075 3238 3129 οὐδὲν
3269 3077 3397 3130 ἄλλο
3441 3077 3726 3147 παρήγαγεν

2182 3169 2521 3240 ἐπιχείρημα
2549 3168 2683 3240 περὶ
2710 3167 2804 3221 τοῦ
2848 3169 2923 3240 μὴ
2962 3169 3109 3239 ἔχειν
3150 3171 3267 3221 υἱὸν
3298 3169 3389 3222 τὸν
3425 3169 3569 3234 Θεὸν,
3598 3166 3627 3235 ἢ
3660 3165 3728 3217 ὅτι

2180 3263 2280 3316 οὐκ
2306 3261 2422 3333 ἔχει
2446 3265 2706 3332 γυναῖκα.
2734 3261 2849 3316 Καὶ
2875 3262 2977 3315 οὐκ
3002 3263 3291 3330 ἐνενόησεν
3317 3265 3397 3317 ὅτι
3431 3263 3458 3314 6
3493 3259 3661 3321 Δαῦὶδ,
3680 3257 3728 3308 ὃν

2181 3351 2437 3406 τοσοῦτον
2468 3351 2836 3422 ἐγκωμιάζει,
2895 3353 3050 3423 παρά
3104 3355 3194 3405 τὸν
3251 3354 3414 3422 φύσει
3473 3353 3580 3404 υίὸν
3626 3344 3728 3400 εἷπε

2182 3445 2277 3497 καὶ
2317 3445 2513 3509 ἄλλους
2541 3446 2688 3506 υἱοὺς
2727 3444 3073 3514 εἰσποιητοὺς
3107 3443 3277 3512 ἔχειν,
3309 3445 3508 3512 λέγων·
3550 3459 3566 3488 σ
3609 3437 3726 3504 Ἐγὼ

2181 3527 2335 3597 εἶπα,
2372 3532 2498 3585 Θεοί
2542 3533 2688 3597 ἐστε,
2729 3533 2825 3585 καὶ
2861 3531 2971 3585 olei.
3004 3517 3269 3601 Ὑψίστου
3323 3535 3550 3593 πάντεςο
3596 3547 3614 3580 ι
3650 3525 3727 3579 καὶ

2179 3619 2281 3673 οὐκ
2309 3620 2375 3672 ὲκ
2401 3619 2888 3690 γυναικός.”ομως
2913 3619 3092 3685 ἔξεστι
3123 3601 3553 3688 συνανοηταίνειν
3580 3612 3724 3682 αὐτῷ.

2193 3707 2254 3763 '0
2279 3709 2583 3780 Μαχούμετ
2611 3709 2783 3763 εἰπὼν
2814 3711 2915 3779 τὴν
2938 3710 3161 3778 Μαρίαν
3181 3710 3444 3764 δύνασθαι
3472 3709 3607 3779 ἔχειν
3631 3704 3726 3757 υίὸν

2183 3802 2313 3856 ἄνευ
2370 3803 2586 3873 ἀνδρὸς,
2620 3804 2739 3867 πῶς
2771 3805 2871 3858 οὐκ
2904 3804 2969 3856 ἂν
3013 3805 3242 3867 εἰκότως
3281 3805 3576 3873 ἐλογίσατο,
3611 3796 3726 3851 ὄτιό

2181 3891 2315 3960 Θεὸς
2331 3897 2427 3950 καὶ
2454 3896 2586 3951 ἄνευ
2609 3897 2880 3964 γυναικὸς
2903 3896 3131 3950 ἐδύνατο
3163 3897 3230 3950 ἀν
3255 3896 3402 3968 ἔχειν
3425 3896 3569 3958 υίόν;
3595 3890 3727 3956 Ἀλη-

2183 3989 2274 4052 θὲς
2301 3989 2480 4044 τοίνυν
2512 3989 2716 4058 ἔφησεν
2737 3991 2765 4043 6
2793 3988 3114 4060 Μαχούμετ,
3143 3989 3234 4042 ὅτε
3265 3984 3390 4043 εἷπε
3416 3988 3502 4040 τὸν
3523 3982 3726 4060 Χριστὸν

2195 4077 2410 4146 Ἰησοῦν
2444 4075 2538 4129 τὸν
2573 4077 2692 4130 υἱὸν
2716 4078 2817 4144 τῆς
2845 4078 3066 4144 Μαρίας
3103 4076 3199 4129 καὶ
3225 4076 3398 4142 Λόγον
3425 4071 3553 4128 εἶναι
3577 4067 3724 4123 Θεοῦ*

2181 4169 2296 4222 ἀλλ’
2324 4169 2427 4223 οὐκ
2459 4168 2766 4238 ἐνενόησεν.
2800 4169 2863 4222 Ei
2898 4169 3008 4238 γὰρ
3041 4169 3204 4235 ἐνόει,
3231 4164 3385 4222 εἶπεν
3414 4168 3497 4232 ἂν,
3530 4164 3588 4218 El
3611 4157 3725 4214 καίδ

2184 4261 2301 4323 υἱός
2331 4261 2451 4314 ἐστι
2477 4260 2577 4330 τῆς
2613 4259 2856 4330 Μαρίας,
2901 4260 3108 4329 ἀληθής
3145 4262 3295 4314 ἐστιν
3320 4259 3606 4327 ἄνθρωπος,
3647 4250 3725 4302 καὶ

2184 4352 2322 4406 καθὸ
2357 4352 2530 4417 Λόγος
2588 4353 2706 4404 ἐστὶ
2736 4351 2830 4404 τοῦ
2862 4351 3020 4416 Θεοῦ,
3059 4351 3283 4421 ’ἀληθής
3323 4352 3437 4404 ἐστι
3493 4345 3630 4406 Θεός.
3661 4338 3723 4392 Οὔ

501 4443 650 4499 Deus
680 4452 785 4498 est.
818 4444 1152 4498 Alceranutn
1185 4450 1369 4494 autem
1417 4438 1698 4493 hominem
1731 4440 1909 4494 solum
1937 4439 2079 4508 cepit

2190 4444 2298 4514 γάρ
2325 4448 2474 4498 ἐστιν
2527 4445 2555 4498 6
2587 4443 2720 4507 Θεὸς
2756 4444 3012 4507 σύνθετος
3048 4443 3080 4514 ἢ
3114 4444 3334 4512 ἀτελὴς,
3376 4442 3556 4507 ὥσπερ
3581 4440 3605 4489 6
3645 4432 3722 4485 ἄνα

501 4538 801 4593 Christum.
853 4533 923 4588 Et
967 4543 1192 4602 propter
1238 4531 1345 4586 hoc
1388 4539 1678 4601 postquam
1725 4530 1896 4595 dixit,
1929 4528 2078 4599 quod

505 4629 745 4684 Verbum
772 4635 858 4682 est
892 4623 1009 4688 Dei,
1047 4621 1284 4684 addidit,
1311 4621 1458 4692 quod
1493 4621 1654 4677 .lesus
1683 4621 1766 4676 sic
1807 4630 1894 4676 est
1930 4618 2078 4689 apud

502 4721 696 4786 Deum,
727 4719 870 4774 sicut
907 4715 1106 4781 Adam,
1136 4729 1300 4784 quem
1349 4713 1561 4769 creavit
1592 4713 1661 4768 de
1706 4714 1839 4767 limo
1872 4721 2034 4766 terra:
2061 4727 2079 4774 ;

498 4822 556 4868 et
597 4811 737 4865 dixit
767 4810 839 4873 ei,
868 4807 1019 4862 Esto.
1050 4806 1118 4861 Et
1146 4803 1425 4875 quomodo
1456 4805 1562 4860 hoc
1604 4819 1727 4859 cum
1762 4803 2078 4874 praeceden-

501 4903 648 4957 tibus
679 4899 937 4955 convenit
961 4899 994 4966 ’ζ
1021 4897 1156 4953 Cum
1187 4897 1336 4952 enim
1366 4897 1591 4965 dixerit,
1626 4896 1776 4967 quod
1808 4897 1952 4950 Deus
1987 4896 2076 4948 in-

497 4991 702 5048 fuderit
737 4990 978 5048 Verbum
1013 4988 1238 5054 Mariae,
1273 4997 1330 5043 et
1375 4986 1642 5058 Spiritum
1693 4987 1835 5058 ejus,
1865 5000 1930 5041 ex
1964 5001 2075 5056 quo

501 5091 662 5138 natus
695 5087 780 5135 est
821 5079 1094 5143 Christus,
1124 5087 1182 5136 et
1216 5087 1342 5148 post
1387 5079 1502 5133 hinc
1548 5093 1740 5132 rursus
1787 5076 2073 5146 opinatur,

500 5183 560 5229 ιιι
613 5173 783 5228 Adam
833 5172 879 5226 is
922 5172 994 5226 sit
1023 5186 1186 5242 quem
1223 5171 1478 5226 formavit
1515 5185 1581 5224 ex
1617 5178 1784 5236 terra,
1821 5170 2082 5226 inconve-

499 5269 660 5325 niens
694 5269 880 5338 igitur,
917 5265 1156 5323 Verbum
1187 5266 1283 5322 Dei
1315 5277 1372 5322 et
1411 5266 1679 5336 Spiritum
1714 5267 1834 5335 ejus
1872 5273 2075 5320 terram

499 5375 645 5416 esse.
675 5357 788 5414 Nisi
814 5358 1002 5429 alique
1033 5359 1196 5414 modo
1223 5358 1316 5414 Dei
1349 5370 1599 5416 naturam
1639 5366 1839 5412 terram
1870 5372 2078 5428 suppoq

495 5466 712 5517 namus,
746 5451 893 5522 quod
943 5441 1103 5507 absit.
1153 5452 1313 5507 Esset
1356 5451 1506 5507 enim
1546 5449 1785 5505 Verbum
1839 5451 1980 5522 ejus,
2016 5461 2076 5507 et

497 5527 738 5613 Spiritus
770 5543 890 5612 ejus
921 5541 1067 5598 sicut
1093 5541 1345 5612 quaedam
1380 5550 1583 5606 statua,
1613 5548 1737 5610 qua;
1781 5553 1959 5611 neque
1990 5541 2075 5597 in-

567 5723 608 5758 “
633 5722 788 5782 Joan.
823 5743 859 5794 t,
890 5727 949 5788 ὅ,
1024 5724 1070 5759 ³⁸
1107 5722 1252 5780 ιήί.
1282 5737 1460 5779 uim.
1491 5721 1542 5776 ϐ’.

2139 4539 2424 4605 -θρωπος,
2480 4528 2542 4589 οὗ
2591 4536 2620 4589 6
2674 4536 2853 4604 λόγος,
2901 4537 2995 4588 καὶ
3059 4538 3094 4606 ἡ
3159 4535 3422 4606 σύλληψις
3482 4533 3573 4600 τῆς
3623 4527 3723 4577 δυ’

2184 4627 2355 4691 volas.
2415 4628 2510 4679 καὶ
2561 4629 2594 4696 ἡ
2624 4627 2808 4698 τέχνη,
2847 4626 2944 4679 καὶ
2992 4627 3026 4697 ἡ
3072 4626 3323 4696 ἐνέργεια
3357 4625 3454 4677 οὐκ
3485 4622 3619 4673 ἔστιν
3642 4615 3720 4668 ἄν·

2185 4719 2426 4789 θρωπος.
2454 4719 2673 4783 Μᾶλλον
2696 4719 2797 4790 μὲν
2819 4715 2914 4772 οὖν
2964 4721 3100 4789 ὅπερ
3123 4719 3189 4773 ἂν
3272 4717 3365 4769 τοῦ
3409 4713 3556 4775 Θεοῦ,
3611 4703 3722 4763 Θεός

2185 4810 2354 4863 ἐστιν.
2411 4809 2575 4863 Ὅθεν
2621 4811 2716 4864 καὶ
2760 4812 2789 4863 6
2843 4808 2940 4862 τοῦ
2995 4809 3131 4862 Θεοῦ
3184 4809 3356 4876 Λόγος
3411 4804 3537 4864 Θεὸς
3589 4799 3718 4849 ἐστι’

2188 4902 2283 4955 καὶ
2311 4903 2339 4955 6
2369 4901 2494 4965 νοῦς
2525 4900 2620 4954 τοῦ
2646 4901 2783 4954 Θεοῦ
2815 4902 2949 4964 Θεός
2992 4903 3112 4953 ἐστι
3135 4915 3150 4930 ·
3184 4901 3279 4952 καὶ
3318 4899 3348 4966 ή
3380 4894 3612 4963 ἐνέργεια
3640 4878 3720 4937 τοῦ

2185 4993 2320 5048 Θεοῦ
2375 4993 2510 5057 Θεός
2546 4995 2686 5047 ἐστι.
2723 4993 2796 5046 Τὸ
2853 4993 2912 5046 δὲ
2947 4991 3271 5063 ’Λλκοράνον
3329 4988 3597 5056 ἄνθρωπον
3636 4973 3719 5044 μό·

2187 5103 2276 5140 νον
2298 5085 2459 5139 ἔλαϐε
2486 5085 2577 5138 τὸν
2599 5085 2857 5156 Χριστόν.
2888 5086 2995 5137 Καὶ
3020 5085 3105 5138 διὰ
3131 5083 3288 5138 τοῦτο
3313 5082 3444 5153 μετά
3472 5081 3530 5129 τὸ
3547 5070 3715 5125 εἰπεῖν,

2187 5177 2270 5230 δτι
2308 5179 2480 5242 Λόγος
2527 5173 2595 5247 ἦν
2621 5176 2715 5231 τοῦ
2761 5176 2920 5238 Θεοῦ,
2957 5177 3319 5247 προσέθηκεν,
3356 5174 3434 5226 ὅτι
3477 5169 3504 5221 6
3540 5157 3716 5230 Ἰησοῦς

2186 5267 2363 5332 οὕτως
2395 5271 2513 5322 ἐστὶ
2535 5271 2674 5340 πρὸς
2700 5275 2792 5322 τὸν
2825 5269 2980 5336 Θεὸν,
3011 5269 3204 5339 ὥσπερ
3240 5269 3268 5320 6
3303 5264 3485 5332 Ἀδὰμ.
3509 5259 3563 5310 ὃν
3581 5252 3717 5306 ἐπλα-

2185 5375 2277 5413 σεν
2326 5361 2390 5413 ἐκ
2423 5359 2525 5428 τῆς
2562 5363 2666 5431 γῆς
2691 5376 2706 5392 ο
2743 5360 2836 5414 καὶ
2877 5354 3032 5416 εἶπεν
3077 5359 3244 5430 αὐτῷ,
3289 5359 3434 5410 Ἕσο.
3461 5353 3558 5404 Καὶ
3583 5340 3715 5431 τοῦτο

2185 5451 2305 5515 πῶς
2362 5455 2475 5515 τοῖς
2509 5453 2948 5523 προηγουμένοις
2987 5453 3224 5522 συνᾴδει,
3259 5449 3396 5503 ὥστε
3444 5444 3529 5496 τὸν
3572 5430 3710 5523 αὐτὸν

2183 5544 2428 5612 δοξάζειν
2480 5519 2714 5599 ἐνθεῖναι
2749 5519 2849 5612 μὲν
2886 5546 2951 5616 τῇ
2985 5519 3175 5616 Μαρίᾳ
3227 5545 3315 5598 τὸν
3351 5539 3512 5607 Λόγον
3553 5525 3635 5583 καὶ
3662 5519 3712 5571 τὸ
