4068 6460
473 279 611 347 1133

1660 287 1961 348 CONTRA
2003 283 2512 348 MAHOMETEM.

3591 287 3725 352 1134

470 388 695 462 Πνεῦμα
717 389 902 456 αὐτοῦ,
931 391 989 458 ἐξ
1005 383 1065 446 οῦ
1095 394 1343 462 γενέσθαι
1377 394 1463 448 τὸν
1487 395 1720 464 Χριστξῦν
1742 411 1754 426 ⁸
1788 394 1880 448 καὶ
1905 391 2044 462 μετά

2160 391 2362 462 lell‘igit,
2397 379 2572 459 neque
2603 391 2796 460 spirat.
2831 391 2986 446 Nunc
3017 401 3200 448 autem
3224 392 3368 450 Deus
3399 403 3608 462 noster,
3632 399 3727 466 qui
3765 423 3782 430 ~~

469 481 644 534 ταῦτα
673 481 838 536 πάλιν
866 482 1131 549 δοξάζειν,
1155 484 1231 548 ὡς
1260 485 1351 538 τὸν
1389 485 1560 554 ’Λδάμ
1589 485 1751 538 αὐτὸν
1788 479 1953 548 εἶναι,
1983 483 2045 536 ὸν

469 572 704 624 ἔπλασεν
733 573 798 624 ἐκ
823 573 922 640 τῆς
953 577 1093 643 γῆςς
1139 575 1482 644 ’Λσύμᾶατον
1522 575 1801 638 παντελῶς
1833 575 1925 629 τὸν
1946 576 2046 629 Λό-

467 679 566 731 γον
596 663 689 717 τοῦ
736 663 870 718 Θεοῦ
902 667 998 720 καὶ
1034 669 1095 720 τὸ
1147 668 1371 739 Πνεῦμα
1409 670 1574 722 αὑτοῦ
1625 668 1755 739 χοῦν
1784 663 1958 722 εἶναι·
1996 668 2044 722 ει

471 755 548 826 μή
579 772 683 808 που
714 757 813 826 τὴν
838 758 930 811 τοῦ
967 757 1104 811 Θεοῦ
1139 759 1302 829 φύσιν
1356 761 1487 831 χοῦν
1520 759 1874 832 ὑποθώμεθα,
1905 761 2048 830 ὅπερ

469 849 661 919 ἀπείη.
688 845 801 902 Ἦν
849 845 1058 920 γὰρᾶν
1106 855 1135 905 6
1162 853 1338 923 Λόγος
1388 854 1556 908 αὑτοῦ
1584 857 1679 908 καὶ
1710 855 1772 908 τὸ
1818 853 2048 924 Πνεῦμα

469 939 635 994 αὑτοῦ
671 940 860 1012 ὥσπερ
893 959 977 1005 τις
1010 944 1252 1014 ἀνδριὰς,
1289 949 1428 1017 μήτε
1461 947 1620 1010 νοῶν,
1658 947 1794 1017 μήτε
1845 944 2045 999 πνέων.

472 1030 586 1083 Νῦν
625 1030 682 1084 δὲ
713 1031 742 1084 ό
771 1030 903 1096 Θεὸς
930 1033 1109 1104 ἡμῶν,
1145 1035 1204 1098 ὅς
1225 1038 1376 1088 ἐστιν
1403 1035 1770 1106 εὐλογημένος
1803 1036 1884 1099 είς
1919 1034 2048 1098 τοὺς

471 1121 700 1186 αἰῶνας,
728 1122 833 1194 ὁρᾷ
866 1125 961 1178 καὶ
988 1123 1181 1179 ἀκούει
1229 1125 1425 1190 πάντα,
1457 1125 1552 1180 καὶ
1597 1125 1715 1196 ἔχει
1746 1126 1924 1194 Λόγον
1954 1142 2047 1178 σε·

475 1216 831 1284 σαρκωμένον
858 1216 921 1269 ἐκ
949 1215 1049 1286 τῆς
1080 1217 1242 1286 ἁγίας
1264 1217 1568 1289 Παρθένου,
1599 1221 1694 1272 καὶ
1727 1217 1950 1287 Πνεῦμα
1978 1221 2046 1290 τῇ

479 1306 741 1376 Παρθένῳ
769 1308 1123 1373 ὲπισκιάσαν,
1149 1310 1247 1363 καὶ
1277 1309 1376 1379 τὴν
1405 1310 1705 1382 ἀνδρότητα
1744 1311 1838 1364 τοῦ
1867 1313 2047 1380 Λόγου

475 1394 792 1464 πληρώσαν.
828 1396 892 1448 Ei
930 1395 976 1448 δ’
1013 1396 1496 1467 ὑπολαμϐάνουσιν
1529 1399 1732 1469 ὁμοίως
1757 1401 1854 1454 καὶ
1883 1403 1941 1455 ἐν
1970 1400 2050 1470 τῷ

483 1484 658 1554 Ἀδὰμ
683 1485 777 1538 τόν
813 1502 874 1538 τε
908 1484 1079 1554 Λόγον
1108 1487 1202 1540 τοῦ
1243 1487 1380 1540 Θεοῦ
1411 1489 1506 1541 καὶ
1538 1491 1598 1542 τὸ
1643 1489 1870 1561 Πνεῦμα
1892 1491 2048 1560 γενέ-

475 1577 622 1640 σθαι,
650 1576 766 1631 ἀλλ’
795 1577 897 1630 οὐκ
919 1577 1274 1647 ἐκφεύξονται
1305 1581 1395 1632 τοῦ
1439 1581 1672 1650 ψεύδους
1703 1583 1764 1634 τὸ
1791 1581 2045 1650 φανερόν.

473 1671 534 1722 Εἰ
562 1669 669 1738 γὰρ
694 1670 721 1720 ὁ
753 1669 926 1736 Λόγος
964 1669 1058 1723 τοῦ
1089 1660 1226 1723 Θεοῦ
1256 1675 1325 1743 τῇ
1360 1673 1526 1744 σαρκὶ
1551 1676 1646 1726 καὶ
1675 1673 1760 1742 τῷ
1800 1673 1886 1744 χοῖ
1915 1673 2050 1726 ἑκεί-

2148 489 2233 534 est
2267 480 2592 534 benedictus
2629 481 2682 534 in
2714 480 2932 543 Stecula,
2965 481 3114 536 videt
3157 490 3212 536 et
3243 482 3398 538 audit
3440 485 3644 552 omnia,
3675 496 3734 540 et

2155 571 2320 626 habet
2379 571 2621 626 Verbum
2668 572 3012 638 incarnatum
3066 587 3135 627 ex
3185 573 3350 629 Maria
3403 576 3647 645 Virgine,
3678 589 3734 632 et

2150 660 2416 734 Spiritum
2450 670 2700 716 sanctum
2729 663 2821 730 qui
2851 677 2971 716 eam
3003 663 3448 729 obumbravit,et
3477 667 3731 722 humani-

2151 761 2316 809 tatem
2346 754 2510 809 Verbi
2554 753 2895 823 adimplevit:
2928 753 2986 810 Si
3017 765 3202 810 autem
3244 757 3561 811 existimant
3587 767 3642 812 et
3677 761 3732 814 in

2152 843 2323 901 Adam
2345 845 2580 900 Verbum
2614 845 2712 900 Dei
2735 853 2787 900 et
2817 844 3083 915 Spiritum
3115 840 3306 914 fuisse,
3329 863 3436 902 non
3467 847 3734 918 effugient

2151 935 2506 992 manifestum
2537 936 2908 992 mendacium.
2941 937 2997 993 Si
3029 938 3174 993 enim
3208 938 3448 995 Verbum
3477 939 3574 996 Dei
3606 959 3732 997 cum

2151 1042 2318 1082 carne
2353 1035 2410 1080 et
2448 1037 2596 1082 terra
2643 1027 2794 1085 illius
2830 1032 3046 1084 unitum
3073 1038 3242 1098 esset,
3269 1040 3326 1086 et
3357 1031 3599 1104 Spiritus
3648 1052 3735 1090 re-

2151 1118 2414 1188 plevisset
2449 1117 2652 1182 Adam,
2695 1134 2976 1189 nunquam
3007 1120 3265 1191 decipere
3294 1125 3564 1192 potuisset
3584 1125 3736 1180 illum

2153 1211 2406 1274 Satanas,
2429 1212 2516 1266 vel
2544 1210 3050 1267 lefellissel.Verbo
3078 1223 3260 1268 tamen
3294 1231 3396 1272 suo
3423 1216 3562 1272 dixit
3593 1217 3738 1275 Deus

2154 1304 2320 1358 Adae:
2369 1305 2522 1368 Esto,
2574 1305 2681 1360 hoc
2724 1305 2918 1359 eodem
2963 1307 3133 1360 verto
3199 1321 3310 1376 quo
3355 1309 3485 1364 fecit
3531 1313 3740 1376 omnia,

2152 1396 2296 1464 quod
2331 1395 2552 1464 quidem
2595 1397 2663 1448 ab
2725 1405 2934 1450 aeterno
2975 1406 3099 1451 erat
3145 1398 3287 1466 apud
3322 1398 3514 1453 Deum.
3549 1401 3739 1471 Itaque

2150 1487 2405 1543 Christus
2450 1503 2617 1542 verus
2666 1498 2749 1542 est
2798 1488 2938 1542 heus
2983 1496 3040 1543 et
3083 1489 3322 1545 Verbum
3383 1491 3500 1548 Dei.
3546 1494 3736 1563 Neque

2151 1579 2299 1633 enim
2330 1579 2570 1634 Verbum
2610 1579 2701 1633 Dei
2739 1580 2921 1634 minus
2950 1590 3036 1635 est
3071 1595 3234 1650 quam
3274 1591 3419 1638 totus
3451 1584 3613 1640 Deus.
3637 1585 3738 1640 Est

2154 1671 2322 1725 etiam
2355 1671 2520 1725 homo
2551 1686 2734 1731 verus,
2762 1687 2830 1726 ex
2859 1672 3079 1742 Virgine
3117 1673 3284 1727 Maria
3315 1676 3562 1743 genitus;
3591 1688 3646 1732 et
3680 1679 3733 1731 in

469 1781 561 1816 νον
598 1764 798 1833 ἦνωτο,
834 1763 930 1814 καὶ
959 1761 1020 1815 τὸ
1055 1762 1282 1832 Πνεῦμα
1325 1764 1422 1817 τοῦ
1463 1764 1601 1818 Θεοῦ
1641 1765 1926 1836 ἐπλήρωσε
1957 1765 2048 1818 τὸν

2160 1749 2421 1836 quantum
2474 1765 2662 1830 homo,
2706 1773 2761 1818 et
2796 1766 3078 1834 apostolus
3118 1776 3202 1822 est
3237 1768 3353 1831 Dei,
3385 1777 3441 1824 et
3467 1771 3736 1840 propheta

483 1853 676 1922 ’Λὸἀμ,
705 1852 954 1904 οὐδέποτ’
981 1851 1047 1904 ἂν
1075 1852 1360 1922 ἠπάτησεν
1411 1856 1620 1907 ἐκεῖνον
1650 1857 1678 1908 6
1713 1857 1981 1923 Σατανᾶς,
2011 1855 2045 1924 ἢ

473 1943 770 1996 κατέϐαλεν
799 1960 814 1973 ο
851 1943 928 2012 τῷ
955 1943 1013 1995 δὲ
1045 1944 1202 2012 Λόγῳ
1231 1944 1400 1998 αὐτοῦ
1450 1941 1602 2000 εἷπεν
1626 1948 1654 1999 6
1683 1946 1826 2014 Θεὸς,
1844 1947 1922 2016 τῷ
1964 1947 2050 1999 ’Λ-

471 2037 604 2104 δὰμ,
637 2037 789 2100 Ἔσο,
821 2029 864 2102 ᾧ
923 2036 1100 2090 πάντα
1135 2037 1428 2108 πεποίηκε,
1486 2043 1580 2091 καὶ
1610 2039 1670 2102 ὃς
1705 2039 1764 2104 ἐξ
1787 2039 1958 2093 ἀϊδίου
1979 2033 2048 2108 ἦν

474 2132 605 2200 παρ’
659 2128 830 2199 αὐτῷ.
862 2130 1018 2183 Ἐστι
1069 2130 1251 2184 τοίνυν
1300 2131 1328 2183 ό
1384 2129 1616 2200 Χριστὸς
1645 2130 1777 2194 Θεὸς
1817 2129 2047 2199 ἀληθὴς,

474 2223 597 2276 ἐπεὶ
625 2222 719 2274 καὶ
750 2222 923 2288 Λόγος
949 2219 1107 2275 Θεοῦ.
1140 2222 1217 2275 Οὐ
1246 2221 1358 2291 γάρ
1379 2223 1495 2276 ὲστι
1523 2223 1764 2276 ἐλάττων
1788 2224 1882 2274 τοῦ
1911 2221 2048 2274 Θεοῦ

471 2310 500 2362 6
539 2310 708 2376 Λόγος
747 2309 933 2364 αὑτοῦ.
971 2311 1127 2363 Ἔστι
1178 2311 1234 2364 δὲ
1273 2311 1367 2364 καὶ
1415 2309 1704 2380 ἄνθρωπος
1747 2310 1953 2381 ἀληθὴς
1987 2312 2050 2363 ἐκ

471 2405 570 2472 τῆς
630 2400 908 2473 Παρθένου
943 2403 1168 2472 Μαρίας
1220 2403 1642 2472 γεγεννημένος,
1679 2403 1772 2455 κα)⁵
1817 2402 2051 2454 καθόσνν

472 2491 759 2563 ἄνθρωπος
811 2492 906 2545 καὶ
939 2491 1235 2554 ἀπόστολος
1267 2494 1382 2544 ἐστι
1410 2491 1505 2546 τοῦ
1538 2492 1694 2554 Θεοῦ,
1724 2493 1820 2545 καὶ
1845 2492 2054 2562 προφή-

473 2601 574 2654 της
604 2581 772 2636 αὑτοῦ
818 2584 912 2636 καὶ
939 2583 1145 2646 δοῦλος.
1181 2584 1294 2637 Καὶ
1328 2585 1457 2637 ὅσον
1487 2585 1625 2656 πρὸς
1666 2583 1823 2637 τοῦτο
1870 2585 2053 2646 καλῶς

474 2690 610 2741 φησι
639 2673 699 2725 τὸ
722 2671 1045 2742 ’Λλκοράνον
1070 2673 1128 2725 ὲν
1152 2672 1233 2743 τῷ
1259 2673 1541 2743 κεφαλαίῳ
1582 2674 1661 2743 τῷ
1697 2673 1944 2740 Ἒλνεσᾶ,
1972 2676 2053 2728 ὅτι

475 2764 600 2818 οὔτε
634 2768 661 2818 6
721 2766 980 2834 Χριστὸς,
1009 2763 1132 2818 οὔτε
1163 2767 1214 2817 οἱ
1257 2766 1440 2819 πιστοὶ
1475 2766 1700 2835 ἄγγελοι
1728 2767 2054 2836 ἀρνήσονται

473 2855 657 2909 δοῦλον
691 2857 852 2909 αὐτὸν
891 2853 1032 2910 εἶναι
1057 2857 1152 2910 τοῦ
1180 2855 1340 2923 Θεοῦ,
1373 2858 1622 2911 τουτέστι
1664 2857 1803 2930 καθὸ
1849 2856 2056 2926 ἄνθρω-

479 2967 600 3004 πον.
635 2951 748 3017 Οὐχ
783 2949 1100 3020 εὑρίσκεται
1152 2952 1338 3019 μέντοι
1382 2951 1442 3004 ὲν
1471 2951 1576 3020 ὅλῳ
1613 2949 1690 3018 τῷ
1736 2947 2056 3019 Εὑαγγελτίῳ

477 3043 641 3096 αὐτὸν
685 3043 775 3096 τὸν
810 3042 1050 3110 Χριστὸν
1073 3044 1248 3096 εἰπεῖν
1279 3043 1408 3113 περὶ
1438 3042 1633 3096 ἑαυτοῦ
1653 3042 1729 3106 ὡς
1754 3042 1840 3113 εἴη
1870 3042 2054 3106 δοῦλος

478 3133 635 3197 Θεοῦ,
671 3133 755 3186 ἵνα
802 3135 878 3202 μὴ
923 3135 1133 3202 πλάνην
1166 3112 1458 3206 εἰσαγάγῃ.
1503 3133 1645 3187 Ἀλλ’
1677 3135 1798 3187 οὐδὲ
1827 3112 2056 3206 super)-
2083 3112 2130 3170 α

475 3217 787 3290 δηνέἷπεν,
835 3221 975 3288 Ἑγώ
1033 3221 1150 3290 είμι
1203 3221 1356 3283 Θεὸς,
1411 3220 1521 3274 οὐδ’
1575 3222 1889 3293 ἄνθρωπος,
1938 3221 2052 3273 ἀλλ’

477 3313 706 3380 ἀληθέσι
730 3315 824 3364 καὶ
862 3315 1118 3382 φανεροῖς
1142 3311 1323 3382 έργοις
1353 3311 1555 3378 ἔδειξεν
1585 3313 1776 3366 ἑαυτὸν
1796 3313 1890 3366 καὶ
1922 3312 2056 3366 Θεὸν

475 3405 607 3458 ὄντα
645 3404 844 3472 ἀληθῆ,
907 3405 1002 3456 καὶ
1061 3403 1349 3472 ἄνθρωπον
1383 3403 1583 3473 ἀληθῆ.
1622 3405 1734 3456 Καὶ
1763 3405 1853 3458 διὰ
1895 3403 2057 3456 τοῦτο

475 3494 654 3560 εἶπεν,
690 3514 709 3548 ι
747 3497 808 3548 Ei
874 3495 998 3565 ἐμοὶ
1043 3495 1104 3547 οὐ
1134 3495 1319 3548 θέλετε
1377 3494 1678 3563 πιστεύειν,
1707 3498 1822 3559 τοῖς
1870 3496 2056 3565 ἔργοις

479 3588 832 3642 πιστεύσατε.
875 3605 895 3638 ι
928 3587 1042 3642 Καὶ
1069 3585 1212 3657 αῦτη
1245 3588 1362 3638 ἐστὶ
1390 3587 1802 3657 δραστικωτέρα
1835 3589 2056 3642 ἀπόδει-

479 3682 580 3747 ξις,
611 3681 643 3752 ἢ
673 3681 723 3733 εί
757 3679 938 3746 λόγοις
983 3681 1166 3750 μόνοις
1193 3680 1353 3733 τοῦτο
1374 3676 1549 3735 εἶπεν.
1581 3681 1810 3751 Εἴρηται
1839 3680 1896 3734 δὲ
1920 3682 2059 3734 ἀνω-

477 3775 642 3842 τέρω,
678 3772 766 3824 διὰ
795 3771 846 3824 τί
882 3773 991 3842 πρὸ
1015 3770 1111 3824 τοῦ
1141 3770 1349 3836 πάθους
1382 3771 1544 3824 τοῦτο
1571 3772 1672 3826 οὐκ
1696 3772 1890 3842 εἴρηκε
1911 3771 2060 3843 διαρ-

481 3864 672 3934 manv.
701 3864 762 3915 Ui
799 3862 847 3915 δ’
869 3861 1160 3915 ἀπόστολοι
1193 3861 1290 3916 καὶ
1311 3862 1360 3914 οἱ
1385 3861 1774 3929 εὐαγγελισταὶ
1804 3859 1902 3914 καὶ
1929 3859 2062 3930 πρό·

479 3967 636 4019 τερον
672 3949 769 4001 καὶ
820 3947 959 4015 μετὰ
991 3947 1170 4001 ταῦτα
1200 3945 1346 4001 οὕτω
1405 3948 1676 4018 φανεροὺς
1729 3948 1925 4015 λόγους
1965 3947 2061 4018 καλ

481 4039 738 4108 θαύματα
765 4039 860 4090 καὶ
889 4030 1043 4089 εἷπον
1078 4039 1173 4088 καὶ
1216 4035 1447 4101 ἔδειξαν,
1471 4035 1546 4098 ὡς
1587 4036 1767 4089 πάντα
1813 4039 1906 4089 τὸν
1962 4034 2060 4088 κός

486 4148 620 4202 σμον
653 4127 1212 4198 συνε).αθῆναι,τοῦτο
1229 4128 1536 4182 πιστεῦσαι.
1553 4126 1614 4181 '0
1639 4127 1696 4180 δὲ
1725 4127 2050 4197 Μαχούμετ,

485 4222 626 4293 μετά
653 4221 715 4275 τὸ
749 4221 933 4282 καλῶς
965 4220 1140 4271 εἰπεῖν
1158 4217 1252 4271 τὸν
1274 4216 1513 4288 Χριστὸν
1537 4213 1676 4270 εἶναι
1699 4216 1872 4285 Λόγον
1899 4213 2058 4281 Θεοῦ,

482 4313 586 4366 οὐκ
610 4312 740 4381 ἔστη
773 4315 830 4364 έν
857 4312 923 4380 τῇ
951 4309 1202 4380 ἀληθείᾳ,
1230 4308 1348 4361 ἀλλ’
1375 4311 1630 4363 ἀντεῖπεν
1659 4307 1860 4376 ἐαυτῷ,
1889 4305 2060 4359 εἰπὼν

484 4405 647 4458 αὑτὸν
687 4403 776 4457 τὸν
810 4403 1046 4472 Χριστὸν
1079 4403 1156 4471 μὴ
1184 4397 1328 4454 εἷναι
1358 4401 1524 4454 Θεόνο
1563 4401 1720 4454 τοῦτο
1745 4398 1842 4469 μὲν
1871 4399 1947 4461 ὠς
1983 4399 2061 4451 εί-

483 4497 602 4550 πὼν
657 4495 1107 4566 παραιτήσασθαι
1163 4493 1256 4548 τὸν
1315 4493 1552 4564 Χριστὸν
1600 4493 1798 4546 ἑαυτὸν
1843 4493 1937 4546 ἐπὶ
1965 4489 2061 4545 τοῦ

484 4587 621 4641 Θεοῦ
651 4589 780 4658 περὶ
806 4588 1024 4652 τούτου,
1066 4585 1094 4639 ὃ
1131 4584 1382 4656 φανερῶς
1425 4584 1641 4655 ἐδείχθη
1684 4583 1876 4653 ψεῦδος
1912 4583 1970 4636 ὃν
2005 4585 2065 4638 ἐν

484 4677 564 4751 τῷ
594 4679 798 4747 έννάτῳ
829 4677 1111 4746 κεφαλαίῳ
1131 4690 1146 4706 ·
1172 4676 1330 4728 τοῦτο
1355 4675 1412 4729 δὲ
1444 4675 1526 4728 ὅτι
1557 4669 1710 4728 εἶπεν
1732 4675 1896 4729 αὑτὸν
1926 4674 2064 4746 Χρι-

486 4772 612 4823 στὸν
650 4772 860 4824 εἰπεῖν·
901 4787 920 4820 ι
970 4769 1332 4838 Προσκυνεῖτε
1365 4767 1458 4820 τὸν
1492 4766 1626 4820 Θεόν
1669 4783 1775 4837 μου
1800 4767 1897 4821 καὶ
1925 4768 2061 4822 Θεὸν

490 4862 666 4932 ὑμῶν,
714 4861 806 4913 τὸν
849 4860 1055 4929 Κύριόν
1097 4876 1200 4929 μου
1257 4859 1350 4912 καὶ
1408 4857 1616 4929 Κύριον
1651 4858 1824 4930 ὑμῶν.
1873 4877 1892 4913 ι
1928 4858 2065 4914 Τοῦ-

488 4969 547 5006 το
611 4951 669 5004 δὲ
725 4950 976 5019 οὐδαμῶς
1023 4949 1102 5021 τῷ
1157 4949 1302 5019 λόγῳ
1361 4948 1743 5020 προσίσταται.
1817 4948 2066 5002 Καθόσον

489 5044 599 5114 γὰρ
650 5041 854 5112 ἀληθὴς
902 5040 1188 5108 ἄνθρωπος
1232 5036 1324 5111 ἦν,
1373 5041 1470 5094 καὶ
1517 5039 1724 5112 ἀληθὴς
1782 5041 1968 5103 δοῦλος
1995 5037 2066 5112 ἦν

490 5137 585 5188 τοῦ
638 5135 798 5201 Θεοῦ,
836 5136 911 5198 ὡς
971 5134 1229 5203 ἀνωτέρω
1277 5135 1470 5201 γέγονε
1525 5132 1706 5204 δῆλον.
1742 5133 2066 5204 Συμϐέὸηκε

487 5227 670 5280 τοίνυν
707 5225 787 5296 τῷ
812 5225 1134 5296 Μαχούμετ,
1159 5223 1188 5278 ὃ
1219 5224 1348 5295 περὶ
1381 5226 1489 5281 τῶν
1513 5225 1688 5279 ἄλλων
1708 5223 1868 5288 αὐτὸς
1894 5224 2065 5296 ἐγραο

489 5319 590 5384 dav
625 5321 682 5372 ὲν
719 5317 797 5386 τῷ
827 5315 1110 5386 κεφαλαίῳ
1148 5316 1241 5369 τοῦ
1282 5314 1455 5380 Ἰωνᾶ,
1497 5316 1692 5386 λέγων,
1732 5313 1872 5369 εἷναί
1912 5332 2064 5378 τινας

493 5409 1000 5479 ἀποδοκιμάζοντας
1056 5407 1092 5464 ἃ
1148 5411 1222 5479 μὴ
1259 5408 1458 5472 νοοῦσι,
1497 5410 1590 5462 καὶ
1631 5408 1668 5462 ἃ.
1699 5407 1774 5479 μὴ
1806 5408 2062 5462 δύνανται

2159 1856 2277 1920 Dei,
2308 1865 2362 1909 et
2393 1869 2592 1910 servus
2622 1855 2740 1908 Dei.
2769 1854 2836 1909 Et
2869 1865 3131 1924 quantum
3161 1857 3230 1912 ad
3271 1858 3398 1923 hoc,
3428 1859 3567 1916 bene
3605 1860 3742 1916 dicit

2159 1947 2487 2002 Alcorannm
2546 1947 2603 2001 in
2647 1947 2890 2017 capitulo
2940 1947 3161 2014 Elnesa,
3195 1949 3343 2019 quod
3372 1965 3552 2022 neque
3580 1952 3744 2008 Chri-

2159 2050 2296 2104 stus,
2341 2055 2522 2109 neque
2576 2038 2768 2093 ﬁdeles
2815 2038 2990 2108 angeli
3027 2041 3307 2107 negabunt
3349 2059 3476 2100 eum
3521 2059 3738 2101 servum

2157 2145 2280 2186 esse
2310 2128 2427 2194 Dei,
2466 2129 2520 2184 id
2554 2135 2660 2194 est,
2691 2127 2748 2182 in
2777 2136 3044 2197 quantum
3087 2129 3253 2186 homo
3290 2143 3394 2187 t'Sl.
3439 2133 3560 2190 Non
3595 2135 3747 2191 inve-

2157 2223 2311 2276 nitur
2350 2229 2536 2274 tamcn
2579 2220 2634 2274 in
2665 2230 2784 2276 toto
2813 2220 3132 2289 Evangelio,
3158 2222 3303 2291 quod
3341 2224 3457 2293 ipse
3483 2224 3742 2280 Christus

2159 2311 2307 2365 dicat
2352 2309 2420 2364 de
2462 2310 2666 2379 seipse,
2713 2310 2861 2379 quod
2901 2311 2975 2364 sit
3005 2325 3196 2364 servus
3242 2311 3358 2379 Dei,
3395 2327 3461 2368 ue
3493 2325 3738 2370 errorem

2161 2403 2405 2459 inducat.
2451 2401 2556 2456 Sed
2605 2413 2779 2470 neque
2817 2401 2996 2470 palam
3034 2401 3210 2457 dixit:
3254 2405 3366 2474 Ego
3408 2420 3529 2459 sum
3575 2407 3745 2469 Deus,

2162 2510 2340 2566 neque
2368 2495 2558 2560 homo,
2578 2493 2675 2547 sed
2699 2491 2846 2548 veris
2871 2504 2930 2547 et
2949 2494 3252 2550 manifestis
3281 2497 3542 2565 operibus
3563 2506 3747 2552 osten-

2162 2587 2266 2652 dit,
2298 2587 2540 2656 seipsum
2581 2593 2639 2641 et
2671 2585 2839 2638 Deum
2866 2599 2991 2639 esse
3022 2600 3237 2653 verum,
3266 2597 3322 2642 et
3346 2586 3626 2644 hominem
3656 2604 3746 2644 ve.

2157 2667 2309 2726 'rum.
2361 2673 2428 2726 Et
2457 2679 2686 2741 prepter
2719 2671 2828 2726 hoc
2860 2670 3033 2726 dixit:
3077 2690 3099 2725 ι
3133 2672 3190 2728 Si
3245 2674 3382 2730 mihi
3425 2692 3536 2733 non
3577 2678 3745 2732 vultis

2163 2765 2411 2830 credere,
2441 2763 2700 2834 operibus
2729 2764 2939 2820 credite
2971 2767 3036 2818 '°.
3061 2783 3082 2817 ι
3115 2766 3180 2821 Et
3215 2768 3330 2822 haec
3357 2777 3439 2824 est
3459 2771 3746 2838 ,eﬂlcacior

2161 2853 2443 2924 probatio,
2471 2867 2634 2922 quam
2666 2852 2710 2908 si
2739 2854 2927 2910 verbis
2952 2855 3082 2911 solis
3112 2855 3217 2911 hoc
3244 2857 3492 2914 dixisset.
3529 2859 3745 2916 Dictum

2163 2956 2249 3000 est
2275 2954 2453 3000 autem
2483 2945 2759 3014 superius,
2788 2961 2958 3014 quare
2981 2956 3112 3003 ante
3149 2951 3458 3019 passionem
3491 2953 3596 3008 hoc
3632 2968 3741 3008 non

2165 3034 2302 3089 dixit
2331 3035 2532 3104 palam.
2564 3034 2814 3104 Apostoli
2845 3047 3030 3091 autem
3085 3046 3142 3092 et
3179 3041 3526 3109 evangelista.-
3567 3043 3744 3112 prius,

2162 3133 2217 3202 et
2242 3125 2484 3195 posthaec
2516 3135 2572 3180 et
2600 3126 2692 3180 alii
2721 3126 3132 3196 pradicatores,
3155 3129 3238 3182 sic
3262 3131 3552 3185 manifesta
3581 3131 3745 3186 verba

2163 3225 2218 3270 et
2245 3215 2506 3270 dixerunt
2533 3224 2588 3270 et
2624 3216 3010 3282 ostenderunt,
3045 3226 3104 3271 ut
3137 3230 3286 3274 totus
3335 3220 3574 3276 nnmdus
3614 3236 3748 3276 con-

2163 3308 2484 3363 vinceretur
2525 3307 2636 3362 Vhoc
2681 3308 2932 3364 credere.
2963 3309 3308 3365 Mahometus
3357 3319 3564 3377 autem,
3599 3323 3748 3384 post-

2167 3414 2333 3468 quam
2370 3398 2512 3454 bene
2543 3398 2682 3453 dixit
2731 3398 3016 3454 Christum
3047 3415 3168 3458 esse
3203 3404 3442 3459 Verbum
3485 3406 3602 3469 Dei,
3635 3421 3744 3463 non

2164 3491 2316 3546 stetit
2347 3490 2401 3545 in
2433 3489 2690 3558 veritate,
2720 3492 2817 3546 sed
2863 3494 3196 3550 contradixit
3227 3497 3330 3550 sibi
3368 3497 3496 3566 ipsi,
3533 3498 3744 3568 dicens,

2165 3579 2347 3649 ipsum
2399 3578 2682 3635 Christum
2753 3596 2863 3636 non
2910 3597 3037 3639 esse
3091 3585 3287 3642 Deum.
3334 3587 3540 3644 Tamen
3585 3589 3749 3658 dixit,

2165 3671 2314 3740 quod
2345 3671 2487 3740 apud
2520 3671 2691 3726 Deum
2724 3688 2784 3728 se
2834 3674 3140 3740 excusavit,
3174 3677 3321 3746 quod
3348 3678 3533 3747 patuit
3577 3693 3747 3747 supe-

2167 3763 2286 3818 rius
2324 3762 2378 3817 in
2407 3778 2553 3818 nono
2582 3765 2846 3833 capitulo,
2870 3766 3162 3821 manifeste
3201 3767 3402 3823 falsum
3430 3784 3575 3835 esse,
3618 3781 3738 3824 tum

2125 3919 2128 3924 ‘
2166 3854 2296 3924 quia
2338 3853 2475 3910 dicit
2523 3855 2669 3924 quod
2717 3855 2834 3926 ipse
2883 3855 3140 3913 Christus
3186 3858 3368 3914 dixit:
3431 3878 3450 3912 ι
3508 3860 3748 3916 Adorate

2166 3945 2343 4004 Deum
2372 3959 2552 4005 meum
2580 3953 2638 4002 et
2663 3946 2834 4002 Deum
2862 3956 3128 4016 vestrum,
3158 3948 3451 4004 Dominum
3483 3967 3662 4006 meum
3691 3962 3750 4007 et

2168 4037 2462 4092 Dominum
2509 4045 2756 4092 vestrum
2784 4037 2853 4094 ".
2897 4056 2918 4090 ι
2953 4038 3081 4094 llaec
3119 4049 3304 4095 autem
3360 4041 3501 4098 ratio
3541 4059 3750 4113 nequa-

2168 4141 2333 4198 quam
2365 4136 2602 4183 constat.
2642 4127 2701 4182 ln
2737 4137 3008 4198 quantum
3040 4130 3188 4185 enim
3231 4148 3392 4188 verus
3423 4134 3588 4190 homo
3612 4135 3747 4204 .l‘uit,

2168 4234 2335 4274 verus
2365 4235 2557 4275 servus
2585 4228 2670 4274 est
2703 4221 2823 4286 Dei,
2857 4231 2918 4276 ut
2947 4223 3209 4292 superius
3242 4226 3590 4282 manifestum
3613 4227 3749 4284 fuit.

2167 4308 2450 4378 Coutingit
2493 4325 2624 4380 ergo
2678 4309 2747 4365 de
2799 4310 3132 4378 Mahometo,
3175 4315 3322 4384 quod
3353 4315 3426 4370 de
3477 4316 3599 4371 aliis
3627 4319 3752 4387 ipse

2169 4398 2392 4467 scripsit
2418 4399 2471 4452 in
2507 4399 2748 4468 capitulo
2771 4399 2946 4465 Jonas,
2976 4401 3189 4468 dicens,
3221 4403 3370 4471 quod
3398 4404 3622 4473 quidam
3664 4419 3750 4459 re-

2170 4488 2406 4558 probant
2436 4505 2558 4559 quae
2603 4506 2714 4546 non
2763 4492 3097 4564 intelligunt,
3131 4502 3186 4549 et
3211 4509 3332 4565 qua:
3377 4511 3486 4550 non
3519 4505 3751 4566 possunt

2169 4595 2470 4650 exponere.
2520 4581 2678 4634 Sicut
2718 4590 2774 4637 et
2801 4585 2920 4652 ipse
2948 4583 3267 4653 reprobavit
3295 4586 3619 4657 mysterium
3663 4586 3751 4641 in-

2167 4672 2530 4738 carnationis,
2558 4681 2845 4743 propterea
2903 4675 3051 4742 quod
3078 4675 3195 4745 ipse
3246 4692 3355 4732 non
3388 4678 3750 4749 intelligebat,

2173 4779 2277 4819 nec
2305 4772 2524 4834 poterat
2549 4778 2824 4834 exponere
2848 4779 2971 4835 quae
2997 4765 3052 4820 in
3091 4766 3391 4838 Evangelio
3427 4769 3754 4823 dicebantur

2171 4854 2240 4910 de
2268 4855 2516 4910 Christo.
2545 4855 2616 4910 Et
2644 4855 2950 4912 secundum
2981 4855 3238 4912 eamdem
3272 4861 3538 4913 rationem
3571 4874 3755 4928 neque

2172 4947 2460 5007 Trinitatis
2510 4948 2833 5018 mysterium
2883 4949 3168 5019 suscepit;
3211 4965 3321 5005 non
3371 4951 3520 5005 enim
3571 4953 3754 5021 potuit

2173 5040 2481 5110 intelligere
2517 5055 2882 5110 personarum
2929 5040 3348 5109 discretionem,
3398 5043 3605 5112 absque
3643 5043 3757 5097 dis-

2173 5134 2421 5190 cretione
2476 5148 2600 5205 qua:
2651 5138 2738 5188 est
2795 5133 3098 5188 secundum
3153 5135 3470 5188 essentiam.
3507 5135 3569 5186 lit
3618 5133 3752 5202 quid

2176 5226 2376 5282 mirum
2427 5225 2472 5280 si
2521 5225 2684 5280 homo
2716 5226 2954 5281 carnalis
2997 5241 3106 5280 non
3142 5227 3378 5295 percipit
3408 5226 3751 5279 «xcella-ntis-

2173 5320 2310 5373 sima
2357 5318 2452 5372 Dei
2500 5318 2798 5389 mysteria?
2830 5317 2956 5374 llaec
3000 5318 3224 5388 quidem
3271 5319 3437 5388 igitur
3481 5319 3776 5372 sutiiciaut'

2173 5410 2241 5465 de
2281 5413 2440 5464 tertia
2477 5411 2804 5480 quastione.

493 5504 842 5572 ἐξηγεῖσθαι·
882 5501 1068 5572 ὥσπερ
1109 5501 1202 5552 καὶ
1253 5500 1415 5562 αὐτὸς
1470 5499 1842 5570 ἀπεδοκίμασε
1899 5499 1961 5551 τὸ
2031 5501 2338 5570 μυστήριον
2364 5500 2465 5570 τῆς
2515 5501 2868 5572 σαρκώσεως,
2902 5503 2994 5557 διὰ
3047 5502 3109 5556 τὸ
3163 5503 3301 5574 μήτε
3332 5503 3474 5557 νοεῖν
3505 5505 3641 5573 μήτε
3667 5503 3759 5555 δύο

491 5597 684 5652 νασθαι
726 5593 1039 5663 ἐξηγεῖσθαι
1096 5596 1162 5649 τὰ
1197 5598 1256 5648 ὲν
1300 5596 1377 5666 τῷ
1410 5595 1731 5665 Εὑαγγελίῳ
1787 5595 2061 5666 λεγόμενα
2104 5598 2235 5667 περὶ
2302 5597 2398 5650 τοῦ
2464 5598 2742 5669 Χριστοῦ..
2772 5597 2876 5653 Καὶ
2926 5601 3066 5654 κατὰ
3101 5601 3191 5653 τὸν
3225 5599 3388 5653 αὐτὸν
3417 5599 3575 5668 λόγον
3627 5599 3753 5654 οὐδὲ

566 5694 610 5725 ⁸⁸
640 5693 797 5748 Joan.
849 5708 900 5756 x,
930 5692 1017 5746 58.
1101 5692 1141 5724 ⁸³
1183 5692 1338 5747 Joan.
1369 5708 1459 5756 xx,
1490 5693 1576 5744 17.
