4068 6464
368 428 566 494 -1137

1594 426 1890 490 CONTRA
1932 429 2446 492 MAHOMETEM.

3539 431 3677 500 “38

416 546 527 610 λῶς
550 546 857 618 ἐλάμϐανον
876 546 974 618 τὴν
1004 546 1099 601 τοῦ
1132 520 1807 617 ’Ᾱλκοράνουσυμδουλὴν,
1828 548 2005 617 ἁναμο

2111 559 2168 605 et
2197 552 2336 608 alios
2381 550 2682 622 prophetas
2703 593 2717 618 ,
2761 559 2816 607 et
2863 550 3308 622 frequentissime
3336 551 3500 612 dicat.
3531 551 3674 621 quod

417 638 656 708 φισόλως
682 638 748 692 ἂν
777 638 1083 708 ὡδηγοῦντο
1105 633 1295 708 ἐἶχον
1325 636 1434 706 γὰρ
1459 635 1527 690 ἂν
1560 636 1618 690 τὸ
1641 629 1996 707 Εὐαγγέλιον,

420 731 620 784 καὶτὸν
640 732 804 801 νόμον
822 732 957 786 Μωῦ
966 732 1124 795 σέως,
1143 731 1238 785 καὶ
1256 730 1357 792 τὰς
1374 729 1541 793 ἄλλας
1568 729 1729 798 ἁγίας
1748 724 1997 800 Γραφὰς,

2104 642 2338 698 alterum
2388 643 2547 697 alteri
2601 657 2711 697 non
2769 642 3006 712 praefert.
3055 642 3129 696 Et
3181 642 3298 697 haec
3332 642 3396 696 ad
3426 651 3677 712 quartam

2104 733 2507 802 qum-stionem.

423 826 665 896 μάλιστα
693 828 859 882 αὐτοῦ
890 826 987 880 τοῦ
1026 826 1359 898 Ἀλκοράνου
1388 826 1520 880 ὅταν
1548 826 1873 898 ἐγκωμιάζῃ
1905 826 1999 881 τὸν
2031 828 2299 900 Μωῡσῆν,
2328 832 2422 884 τὸν
2476 831 2657 893 Δασιδ,
2691 831 2781 884 τὸν
2845 828 3187 900 Σολομῶντα.
3214 820 3309 884 καὶ
3337 831 3462 893 τοὺς
3490 830 3682 889 ἄλλους

419 923 730 994 προφήτας,
765 921 1019 992 λέγοντος
1050 921 1314 992 συνεχῶς,
1349 918 1428 985 ὡς
1457 917 1667 975 τούτων
1692 920 1844 976 οὐδέν
1878 922 1996 975 ἔστι
2032 926 2429 998 προτιμότερον
2456 926 2550 981 τοῦ
2617 927 2828 997 ἑτέρου.
2885 926 3072 980 Ταῦτα
3097 928 3192 980 καὶ
3226 927 3363 999 πρὸς
3395 926 3455 980 τὸ
3485 926 3682 995 τέταρ-

414 1032 507 1068 τον
525 1015 771 1085 ζήτημα.

483 1110 742 1180 Πίμπτον
770 1109 909 1179 ζήτη
919 1111 996 1180 μά
1019 1111 1157 1164 ἐστι’
1177 1107 1245 1162 Τί
1267 1107 1334 1164 ἂν
1353 1106 1602 1180 βούλοιτο
1621 1108 1805 1177 λέγειν
1827 1109 1855 1162 ὁ
1874 1109 1996 1165 Μα-

421 1200 508 1271 ίού
517 1217 638 1270 μετ,
656 1201 713 1254 ὲν
728 1199 806 1270 τῷ
826 1199 1134 1271 ’Δλκοράνῳ
1149 1200 1476 1264 τοσαυτάκις
1498 1200 1835 1270 παλιλλογῶν
1851 1219 1918 1255 πε
1925 1202 1982 1272 pl.

407 1291 606 1345 ἑαυτοῦ
632 1291 727 1344 καὶ
755 1292 1003 1361 γράφων,
1030 1291 1323 1346 Πιστεύετε
1347 1293 1428 1355 είς
1448 1291 1540 1346 τὸν
1569 1291 1703 1346 Θεὸν
1729 1293 1825 1345 κα)⁵
1846 1292 1986 1347 ἀπό-

411 1381 615 1446 στολον,
630 1381 934 1436 ὑπακούετε
947 1381 1024 1452 τῷ
1036 1382 1155 1454 Θεῷ
1168 1382 1263 1437 καὶ
1272 1382 1353 1452 τῷ
1369 1382 1675 1453 ἀποστόλιρ,
1691 1381 2000 1438 ἀκολουθεῖ-

405 1490 465 1526 τε
486 1472 565 1543 τῷ
585 1472 706 1544 Θεῷ
722 1476 813 1527 καὶ
843 1474 921 1545 τῷ
939 1475 1222 1545 ἀποστδλῳ
1240 1492 1256 1542 ;
1279 1474 1474 1544 Ἴσμεν
1487 1474 1595 1545 γὰρ
1616 1474 1852 1546 μόνῳτῷ
1868 1474 1988 1545 Θεῷ

406 1564 711 1634 ὀφείλεσθαι
751 1565 958 1631 πίστιν,
991 1565 1158 1635 τιμὴν
1195 1565 1472 1635 λατρείας,
1509 1567 1793 1638 ἐνέργειαν
1848 1567 1989 1621 ὑπα-

407 1657 561 1726 κοῆς,
602 1656 695 1710 καὶ
728 1656 1082 1727 ἀκολούθησιν
1113 1655 1254 1712 ὀδοῦ.
1292 1656 1465 1721 Αὐτὸς
1495 1657 1604 1729 γάρ
1632 1658 1927 1730 δστιμόνος
1952 1644 1994 1731 ἦ

406 1747 547 1817 ἀρχὴ
572 1749 665 1803 καῖ
686 1749 750 1803 τὸ
775 1749 925 1813 τέλος
953 1751 1191 1805 πάντων.
1214 1749 1375 1804 Ὅθεν
1390 1750 1563 1813 οὐδεὶς
1580 1750 1835 1805 οὐδέποτε
1856 1768 1990 1823 προ-

2168 1114 2369 1180 Quinta
2399 1115 2630 1195 quaestio
2651 1124 2736 1171 est
2767 1115 2944 1182 :Quid
2974 1120 3091 1171 vult
3115 1115 3301 1171 dicere
3331 1114 3677 1170 Mahometus

2100 1202 2157 1259 in
2186 1207 2478 1269 Alcorano,
2506 1206 2655 1276 quod
2680 1207 2840 1263 toties
2873 1206 3008 1262 dicit
3041 1217 3096 1262 et
3121 1200 3324 1276 repetit
3356 1206 3423 1262 de
3450 1222 3507 1261 se
3537 1206 3685 1287 seri-1

2100 1293 2256 1362 hens,
2277 1294 2498 1350 Credite
2540 1296 2596 1351 in
2630 1297 2886 1352 Deum'et
2928 1298 3256 1367 apostolum,
3303 1296 3523 1352 ohedite
3570 1298 3684 1353 Deo
3718 1328 3723 1331 -

2099 1389 2156 1437 et
2176 1385 2445 1453 apostolo.
2478 1386 2785 1456 sequamini
2815 1386 2982 1441 Deum
3004 1397 3062 1443 et
3083 1387 3391 1457 apostolum
3413 1388 3444 1441 ?‘
3460 1384 3687 1444 Scimus

2097 1471 2268 1538 enim,
2301 1475 2403 1529 soli
2453 1475 2565 1530 Deo
2599 1476 2786 1531 deberi
2838 1476 3023 1540 ﬁdem,
3052 1477 3322 1533 honorem
3361 1477 3537 1532 divini
3568 1478 3688 1533 eul-
3756 1514 3769 1529 .

2093 1568 2202 1629 tus,
2232 1552 2514 1618 actionem'
2554 1564 2905 1630 obedientiae,
2954 1575 3011 1621 et
3057 1567 3335 1635 sequelam
3395 1567 3521 1622 vim.
3554 1566 3673 1636 Ipse

2092 1652 2238 1709 enim
2260 1656 2411 1711 solus
2442 1666 2527 1712 est
2562 1658 2912 1729 principium,
2940 1667 2997 1714 et
3039 1659 3161 1713 linis
3225 1659 3492 1734 omnium.
3527 1659 3683 1715 Unde

2093 1746 2279 1802 nullus
2320 1763 2560 1818 unquam
2618 1750 2891 1819 prepheta-
2913 1765 3079 1805 ausus
3120 1759 3206 1805 est
3232 1749 3346 1803 haec
3380 1746 3590 1811 dicere,
3619 1759 3677 1804 et

407 1836 877 1908 φὴτης’ὲτόλμησε
905 1837 1080 1890 ταῦτα
1114 1838 1311 1918 εἰπεῖν,
1342 1838 1438 1893 καὶ
1464 1837 1542 1910 τῷ
1567 1839 1687 1909 Θεῷ
1708 1840 1989 1909 ἐξομοιοῦν

2109 1839 2205 1896 Deo
2227 1840 2466 1911 seipsum
2498 1841 2553 1896 in
2597 1842 2795 1897 talibus
2838 1842 3113 1897 associare
3143 1858 3156 1895 :
3187 1842 3278 1897 cui
3325 1843 3535 1896 nullum
3569 1857 3675 1897 un-

408 1924 599 1977 ἑαυτὸν
631 1926 689 1975 ὲν
717 1926 827 1986 τοῖς
856 1924 1141 1990 τοιούτοις,
1174 1917 1218 1992 ᾧ
1245 1925 1451 1994 μηδένα
1492 1925 1762 1996 μηδέποτε
1793 1943 1986 1982 κοινω-

2109 1948 2254 2004 luam
2298 1934 2559 2004 possibile
2594 1944 2678 1990 est
2732 1935 2945 1990 socium
2998 1936 3083 1988 vel
3137 1934 3300 1989 simul
3350 1935 3670 2003 participem

407 2016 494 2069 νὲιν
523 2015 557 2084 ἢ
590 2017 967 2086 συμμεριστὴν
996 2015 1277 2083 γενέσθαι.
1322 2014 1382 2068 '0
1421 2016 1519 2086 μὲν
1547 2017 1658 2088 γὰρ
1687 2017 1893 2090 Κύριος
1927 2021 1992 2075 ἐν

2109 2026 2232 2083 ieri.
2285 2027 2551 2083 Dominus
2588 2027 2738 2084 enim
2779 2029 2835 2084 in
2883 2030 3003 2099 lege
3048 2028 3214 2098 Moysi
3247 2029 3450 2084 Judacis
3487 2028 3665 2083 dixit:

407 2104 486 2173 τῷ
513 2106 660 2176 νόμῳ
689 2106 784 2159 τοῦ
812 2107 1091 2171 Μωῦσέως
1120 2111 1234 2172 τοῖς
1257 2107 1532 2173 Ἰουδαίοις
1573 2113 1760 2181 φησὶν,
1790 2112 1989 2166 ιἿδετε

2109 2136 2119 2169 l
2155 2118 2321 2173 Scitis
2351 2119 2497 2188 quod
2545 2135 2646 2190 ego
2684 2134 2803 2180 sum
2838 2120 2988 2175 solus
3013 2119 3081 2174 ³¹.
3128 2139 3147 2172 ι
3184 2120 3416 2190 Propter
3452 2120 3553 2174 hoc
3586 2135 3684 2172 au-

408 2195 489 2248 ὅτι
514 2196 623 2264 ἐγώ
643 2198 759 2267 είμι
787 2198 999 2271 μόνος.)
1030 2199 1131 2253 Διὰ
1155 2200 1314 2255 τοῦτο
1330 2200 1387 2253 δὲ
1410 2203 1505 2256 καὶ
1526 2204 1555 2255 ὁ
1593 2201 1779 2266 Ἠλίας
1805 2206 1993 2274 φησὶν,

2109 2192 2234 2262 λεπι-
2266 2214 2322 2262 et
2377 2208 2526 2264 Elias
2578 2209 2755 2265 dicit:
2800 2228 2820 2262 ι
2870 2209 2927 2266 Si
2976 2211 3241 2266 Dominus
3301 2221 3406 2276 est,
3451 2210 3525 2265 ite
3558 2219 3685 2280 post

415 2308 435 2342 ι
466 2290 526 2343 Εἰ
558 2291 762 2362 Κύριος
792 2293 821 2345 ὁ
852 2290 985 2354 Θεός
1012 2293 1151 2361 ἐστι,
1177 2294 1480 2363 πορεύεσθε
1509 2295 1686 2349 ὀπίσω
1711 2296 1880 2350 αὐτοῦ
1905 2315 1917 2329 ·
1944 2298 1995 2351 εί

2109 2300 2274 2367 ipsum
2299 2339 2315 2364 ,
2336 2300 2383 2354 si
2417 2309 2601 2354 autem
2632 2300 2779 2363 Ilaal,
2803 2300 3110 2371 sequamini
3144 2316 3271 2356 eum
3294 2298 3361 2356 ³³.
3403 2320 3421 2353 ι
3454 2301 3680 2356 Videtur

409 2380 469 2435 δὲ
500 2383 669 2450 Βάαλ,
697 2384 1104 2454 ἀκολουθήσατε
1134 2386 1308 2456 αὐτῷ.
1341 2405 1359 2438 t
1393 2388 1557 2441 Δοκεῖ
1580 2387 1762 2441 τοίνυν
1790 2390 1854 2442 ἐκ
1884 2376 1995 2441 τῶν

2109 2389 2266 2459 igitur
2313 2404 2380 2445 ex
2431 2391 2654 2457 talibus,
2681 2390 3048 2447 Mahometum
3080 2408 3192 2447 nou
3230 2395 3411 2448 solum
3454 2392 3586 2447 dare
3616 2405 3677 2446 se

411 2469 673 2524 τοιούτων
699 2474 728 2526 ὁ
756 2473 1057 2544 Μαχούμετ
1090 2473 1153 2526 οὐ
1174 2473 1334 2543 μόνον
1367 2473 1572 2528 διδόναι
1594 2475 1687 2528 τὸν
1717 2475 1852 2531 Θεδν
1886 2493 1999 2529 κοι-

2109 2480 2216 2535 Deo
2250 2481 2598 2550 participem,
2626 2482 2721 2537 sed
2754 2482 2933 2538 facere
2966 2483 3210 2553 seipsum
3262 2483 3411 2538 illius
3445 2484 3677 2544 socium,

412 2558 603 2626 νωνὸν,
633 2560 769 2614 ἀλλὰ
799 2561 897 2616 καὶ
927 2561 1123 2619 ἑαυτὸν
1148 2565 1324 2616 ποιεῖν
1358 2564 1573 2617 ἐκείνου
1608 2566 1868 2619 κοινωνὸν
1900 2566 1996 2621 καὶ

2109 2580 2157 2627 et
2187 2571 2359 2626 simul
2405 2582 2740 2627 consortem.
2768 2574 2835 2628 Et
2876 2575 2957 2629 sic
2998 2573 3202 2630 dicitur
3227 2576 3282 2629 in
3318 2575 3559 2645 capitulo
3585 2574 3673 2628 El-

415 2652 818 2722 συμμεριστήν.
844 2653 958 2708 Καὶ
992 2653 1136 2709 οὕτω
1165 2655 1382 2722 λέγεται
1403 2657 1460 2710 ὲν
1482 2655 1557 2727 τῷ
1587 2656 1921 2729 Ἀλκοράνῳ,
1945 2663 2004 2714 ἑν

2109 2677 2237 2718 nesa
2263 2679 2277 2717 :
2310 2662 2431 2719 Non
2471 2675 2658 2735 parcet
2710 2666 2876 2730 Deus,
2905 2666 2951 2721 si
2983 2667 3106 2737 quis
3132 2667 3181 2720 ei
3213 2668 3423 2722 dederit
3448 2668 3677 2737 partici-

409 2743 489 2814 τῷ
514 2743 797 2817 κεφαλαίῳ
824 2745 902 2816 τῷ
936 2746 1191 2802 Ἑλνεσᾶο
1223 2748 1296 2802 Ού
1328 2748 1578 2818 φείσεται
1601 2750 1630 2804 ὁ
1658 2749 1813 2815 Θεὸς,
1843 2750 1899 2803 εἴ
1921 2767 2006 2816 τις

2109 2768 2251 2824 pem.
2290 2753 2451 2810 Solus
2481 2765 2661 2808 autem
2696 2753 2970 2819 Christus,
3007 2772 3187 2827 neque
3230 2772 3458 2812 consors
3508 2774 3691 2830 neque

413 2836 564 2908 αὐτῷ
582 2837 747 2908 διδοίη
768 2841 1047 2897 κοινωνόν.
1065 2840 1244 2904 Μόνος
1259 2841 1315 2894 δὲ
1339 2843 1366 2894 ὁ
1390 2840 1627 2910 Χριστὸς
1654 2842 2002 2913 μήτεξκοινω-

2109 2846 2383 2915 particeps
2426 2845 2542 2911 Dei,
2571 2845 2666 2900 sed
2701 2847 2847 2901 Deus
2889 2863 3055 2903 verus
3087 2855 3142 2903 et
3178 2848 3343 2902 homo
3378 2865 3562 2911 verus,
3594 2867 3691 2919 po-

413 2928 524 2991 νδς,
550 2931 687 2999 μήτε
716 2932 1097 3002 συμμεριστὴς
1119 2932 1195 2986 ὣν
1220 2933 1312 2987 τοῦ
1338 2932 1499 2998 Θεοῦ,
1526 2933 1663 2988 ἀλλὰ
1691 2934 1821 2996 Θεὸς
1850 2933 1924 2987 ὢν
1940 2935 2003 2986 ἀι

2112 2934 2219 2990 tuit
2271 2935 2457 2991 dicere
2488 2952 2506 2989 :
2547 2955 2566 2986 ‹
2605 2937 2835 3001 Credite
2877 2938 3164 3000 in.Deum,
3204 2949 3260 2993 ct
3305 2939 3361 2993 in
3394 2954 3480 2993 me
3511 2940 3692 2994 credi-

412 3019 582 3092 ληθὴς
608 3022 703 3076 καὶ
715 3022 995 3095 ἄνθρωπος
1018 3025 1223 3093 ἀληθὴς
1236 3025 1518 3097 δεδύνηται
1534 3025 1737 3095 λέγειν,
1749 3043 1767 3076 ι
1781 3023 2006 3081 Πιστεῶ

2113 3035 2168 3081 te
2201 3026 2267 3080 ³⁵.
2322 3044 2341 3077 ι
2397 3025 2499 3092 Qui
2549 3036 2757 3081 tamen-
2788 3044 3068 3097 nunquam
3127 3029 3266 3084 dixit
3317 3047 3331 3084 :
3374 3029 3593 3084 Credite
3634 3031 3689 3084 in

415 3130 503 3187 ετε
531 3115 610 3178 είς
631 3116 724 3170 τὸν
738 3115 890 3178 Θεὸν,
908 3115 1002 3169 καὶ
1020 3116 1096 3180 είς
1110 3116 1209 3187 ἐμὲ
1230 3117 1569 3172 πιστεύετεοι
1587 3118 1764 3172 καίτοι
1790 3118 1997 3180 ἐκεῖνος

2115 3119 2288 3174 Deum
2314 3129 2368 3173 et
2398 3118 2453 3172 in
2486 3134 2594 3182 me,
2624 3120 2708 3173 vel
2741 3119 2962 3175 obedite
2991 3120 3104 3176 Deo
3133 3131 3189 3176 et
3225 3123 3383 3185 mihi,
3408 3139 3476 3177 ne
3509 3122 3691 3176 homi-

416 3207 671 3261 οὐδέποτε
702 3203 1161 3274 εἷπε,,Πιστεύετε
1200 3210 1280 3274 είς
1302 3209 1393 3264 τὸν
1424 3193 1676 3281 Θεδνζῖιαὶ
1701 3211 1783 3276 είς
1806 3208 2001 3280 tum,

2109 3218 2209 3261 nes
2262 3204 2553 3261 crederent
2601 3221 2727 3262 eum
2762 3208 2859 3262 Dei
2893 3208 3211 3277 participem
3262 3218 3319 3264 et
3351 3219 3688 3264 consortem.

424 3296 761 3387 ἰῗπακούετε
792 3300 870 3374 τῷ
891 3301 1010 3373 Θεῷ
1033 3304 1128 3358 καὶ
1157 3302 1302 3375 ἐμοὶ,
1333 3303 1423 3366 ἵνα
1448 3304 1523 3375 μὴ
1548 3304 1877 3358 πιστεύωσιν
1906 3302 1956 3358 οἱ
1981 3301 2260 3373 ἄνθρωποι
2292 3299 2549 3354 κοινωνὸν
2587 3303 2749 3356 αὐτὸν
2782 3288 2876 3381 τοῦ
2902 3304 3036 3356 Θεοῦ
3068 3304 3163 3357 καὶ
3192 3307 3558 3375 συμμέτικσν.

488 3416 691 3471 Ἕκτον
736 3414 959 3487 ζήτημὰ
1000 3418 1170 3483 ἔστιν,
1214 3418 1365 3481 ὅπως
1404 3418 1466 3474 τὸ
1502 3421 1832 3493 Ἀλκοράνον
1867 3422 1998 3493 περὶ

2174 3419 2340 3476 Sexta
2371 3421 2605 3491 quaestio
2659 3428 2745 3476 est
2775 3438 2788 3475 :
2823 3419 2960 3476 Cum
3011 3421 3343 3476 Alcoranum
3379 3421 3447 3475 de
3470 3421 3693 3475 Clu-isto

418 3507 518 3578 μὲν
544 3509 638 3562 τοῦ
665 3507 902 3580 Χριστοῦ
934 3511 1106 3564 πολλά
1145 3527 1280 3582 φησι
1307 3511 1404 3566 καὶ
1435 3514 1861 3586 μεγαλοπρεπῆ,
1883 3515 2002 3569 τοὺ-

2109 3515 2326 3586 quidem
2361 3515 2533 3587 multa
2582 3515 2718 3571 dicit
2772 3524 2828 3571 et
2864 3515 3170 3586 magniﬁca,
3202 3530 3234 3569 e
3283 3514 3562 3569 contrario
3593 3531 3692 3567 au-

418 3600 634 3655 ναντίον
667 3601 725 3654 δὲ
758 3601 951 3673 εὐτελῆ
984 3603 1115 3671 περὶ
1146 3602 1244 3657 τοῦ
1282 3604 1567 3675 Μωάμεθ’
1606 3605 1856 3677 ζητεῖται
1884 3607 2002 3662 τοί-

2109 3617 2221 3664 tem
2254 3624 2430 3680 pauca
2469 3611 2537 3667 de
2583 3609 2917 3673 Mahometo,
2949 3615 3007 3663 et
3037 3608 3263 3678 quidem
3315 3607 3467 3669 vilia,
3490 3607 3694 3676 quaeri-

419 3710 533 3758 νυν,
568 3694 722 3747 Διατί
755 3695 806 3747 oi
839 3695 1191 3767 Σαῤῥακηνοὶ
1211 3695 1273 3749 οὐ
1309 3696 1512 3766 μᾶλλον
1541 3697 1899 3753 ἀκολουθοῦσι
1924 3699 2005 3770 τῷ

2109 3709 2197 3757 tur
2227 3702 2418 3773 igitur,
2474 3690 2644 3773 quare
2681 3700 2937 3756 Saraceni
2978 3715 3088 3767 non
3140 3700 3324 3769 potius
3391 3710 3697 3770 sequuntur

419 3784 539 3856 Θεῷ
565 3785 597 3860 ἢ
627 3785 705 3856 τῷ
731 3785 1004 3856 Μωάμεθ,
1039 3789 1135 3842 καὶ
1165 3787 1245 3857 τῷ
1266 3788 1589 3859 Εὐαγγελίῳ
1622 3789 1656 3860 ἢ
1688 3789 1768 3859 τῷ
1811 3789 2006 3844 Ἀλκο-

2109 3793 2390 3850 Christum
2430 3810 2595 3864 quam
2631 3784 3022 3855 Mahometum,
3052 3807 3107 3846 et
3139 3793 3496 3863 Evangelium
3529 3806 3693 3861 quam

423 3876 607 3948 ρὰνῳ;
655 3878 765 3930 Kal.
792 3877 916 3932 ἐπεὶ
934 3874 1204 3933 τάναντία
1236 3880 1561 3949 παράλληλα
1584 3880 1844 3952 τιθέμενα
1869 3881 2007 3950 μᾶλ-

420 3968 511 4022 λον
532 3968 911 4035 ὲκφαίνονται,
931 3970 1140 4040 ἴδωμεν
1154 3972 1248 4024 καὶ
1267 3971 1708 4040 παραῶὶλλοντες
1727 3971 2005 4041 ἀλλήλοις,

420 4059 475 4112 τί
511 4059 573 4113 τὸ
614 4059 939 4131 ’Δλκοράνον
977 4061 1105 4131 περὶ
1139 4062 1411 4130 ἑκατέρου
1448 4060 1699 4125 διέξεισι.
1730 4063 1869 4130 Φησὶ
1898 4063 2008 4133 γὰρ

422 4149 483 4204 τὸ
521 4150 849 4222 Ἀλκοράνον
872 4149 962 4203 τὸν
991 4149 1230 4222 Χριστὸν
1257 4154 1325 4222 τῇ
1361 4150 1561 4206 ἑαυτοῦ
1598 4153 1771 4223 μητρὶ
1797 4151 1867 4205 δι’
1899 4154 2006 4222 ἀγ-

423 4241 584 4310 γέλου
639 4240 1063 4313 εὐηγγελῆσθαι,
1115 4244 1210 4295 καὶ
1244 4242 1334 4295 διὰ
1385 4241 1708 4312 Πνεύματος
1757 4241 1918 4310 ἁγίου
1950 4242 2009 4312 ή-

423 4334 670 4403 γιᾶσθαι,
701 4335 798 4388 καὶ
825 4334 1055 4404 δυνάμει
1085 4334 1222 4388 Θεοῦ
1253 4334 1640 4404 συνειλῆφθαι,
1663 4334 1782 4387 ἀλλ’
1811 4334 1872 4387 οὐ
1908 4334 2010 4404 φύ-

425 4439 561 4484 σεως
578 4422 856 4493 ἐνεργείαο
882 4418 978 4476 καὶ
996 4423 1062 4477 ὲκ
1081 4421 1360 4494 Παρθένου
1389 4422 1731 4494 ἁγιωτάτης,
1752 4423 1851 4476 καὶ
1866 4422 2009 4494 ὑπὲρ

426 4515 606 4578 πάσας
655 4514 756 4579 τὰς
803 4515 968 4579 ἄλλας
1000 4517 1268 4583 γυναῖκας
1303 4514 1560 4584 καθαρὰς
1618 4498 2006 4586 γεγεννῆσθαι.

2109 3884 2441 3941 Alcorauum
2463 3886 2487 3939 ?
2512 3886 2582 3940 Et
2629 3885 2758 3954 quia
2793 3884 3069 3938 contraria
3095 3885 3249 3954 juxta
3284 3901 3343 3939 se
3372 3888 3548 3954 posita
3580 3900 3698 3938 ma.

2109 3976 2190 4047 gis
2226 3976 2568 4042 elucescunt,
2604 3976 2889 4030 videamus
2922 3966 2953 4030 ε
2985 3975 3207 4045 regione
3249 3985 3306 4030 et
3339 3976 3697 4041 intrinsecus,

2109 4067 2246 4138 quid
2294 4064 2625 4123 Alcoranum
2682 4067 2750 4122 de
2805 4076 3039 4136 utroque
3097 4075 3301 4121 narrat.
3348 4068 3490 4121 Dicit
3544 4069 3693 4122 enim

2109 4159 2468 4225 Alcoranum,
2499 4158 2645 4228 quod
2684 4157 2939 4214 Christus
2987 4173 3100 4212 suae
3148 4158 3308 4212 matri
3352 4157 3452 4213 fuit
3482 4175 3697 4211 annuu-

2114 4252 2303 4305 tiatus'
2335 4266 2430 4321 per
2468 4251 2744 4320 angelum,
2778 4260 2835 4307 et
2869 4250 3242 4305 sanetilicatus
3297 4266 3393 4320 per
3427 4238 3694 4320 Spiritum

2111 4350 2385 4405 sanctum,
2409 4334 2466 4397 et
2510 4343 2710 4397 virtute
2739 4340 2833 4396 Dei
2873 4350 3196 4411 conceptus.
3235 4357 3342 4395 nou
3374 4342 3697 4412 operatione

2111 4440 2347 4494 naturae,
2373 4439 2429 4485 et
2478 4446 2551 4485 ex
2575 4431 2923 4486 sanctissima
2959 4430 3178 4501 Virgine
3215 4430 3404 4494 Maria,
3440 4442 3496 4486 et
3528 4448 3695 4500 supra

2115 4532 2308 4572 omnes
2339 4518 2477 4572 alias
2510 4518 2771 4573 mulieres
2815 4502 3070 4584 mundas,
3099 4519 3320 4589 genitus
3344 4529 3448 4573 est.
3485 4520 3558 4573 De
3585 4521 3699 4575 Ma-

426 4607 562 4677 llepi.
588 4608 645 4661 δὲ
672 4606 765 4660 τοῦ
809 4606 1054 4677 Μωάμεθ
1083 4605 1234 4660 οὐδὲν
1276 4605 1520 4659 τοιοῦτόν
1557 4624 1747 4676 φησιν,
1780 4605 1897 4660 ἀλλ’
1927 4607 2006 4661 ὅτι

2118 4608 2342 4664 hometo
2390 4616 2575 4662 autem
2611 4608 2750 4663 nihil
2814 4609 2918 4665 tale
2949 4596 3103 4672 dicit,
3135 4609 3229 4663 sed
3285 4610 3430 4679 quod
3459 4610 3562 4664 fuit
3600 4627 3695 4663 or-

425 4693 493 4769 ἦν
522 4697 755 4770 ὀρφανὸς
778 4698 872 4752 καὶ
904 4698 1205 4768 πλανήτης,
1236 4697 1341 4751 ὑπὸ
1373 4697 1511 4751 Θεοῦ
1548 4698 1857 4768 συναχθείς.
1883 4699 2006 4755 Ἔτι

2116 4699 2356 4775 phanus,
2383 4712 2442 4754 et
2494 4714 2687 4769 vagus,
2718 4714 2749 4753 a
2785 4700 2907 4754 Deo.
2935 4701 3259 4755 conductus.
3291 4680 3423 4757 Item
3458 4702 3594 4756 dicit
3627 4703 3697 4758 de

428 4790 565 4856 (pan
605 4789 737 4861 περὶ
776 4788 870 4844 τοῦ
905 4788 1170 4861 Χριστοῦ,
1199 4789 1283 4843 ὅτι
1323 4789 1443 4843 ἐστὶ
1482 4789 1656 4857 Λόγος
1695 4789 1870 4844 Θεοῦ’
1914 4792 2014 4846 καὶ

430 4878 573 4931 κατὰ
601 4878 763 4931 τοῦτο
796 4879 954 4933 οὐδὲν
978 4878 1214 4949 ⁴ἠδύνατο
1243 4878 1482 4946 ἀγνοεῖν.
1528 4878 1588 4932 '0
1618 4879 1674 4932 δὲ
1709 4876 2036 4950 Μαχούμετ

428 4964 499 5038 ἦν
527 4971 817 5041 προφήτης
847 4970 1170 5040 ἀμφίϐολος.
1202 4970 1342 5041 Φησὶ
1387 4970 1498 5041 γὰρ
1524 4972 1719 5026 ἑαυτὸν
1766 4975 2008 5041 ἀγνοεῖν,

432 5061 484 5114 τί
511 5061 664 5116 ἔσται
698 5063 869 5133 αὐτῷ,
891 5063 924 5131 ἥ
952 5064 1066 5125 τοῖς
1094 5063 1264 5128 ἰδίοιςι
1291 5064 1463 5127 Αὐτός
1483 5081 1544 5118 τε
1574 5059 1728 5118 εἶπεν
1747 5106 1763 5130 ,
1806 5066 2013 5134 Ἀγνοῶ

433 5155 662 5226 πότερον
689 5153 798 5221 ἐγὼ
819 5155 864 5226 ἢ,
886 5154 1044 5224 ὑμεῖς
1075 5155 1198 5208 ἔστε
1223 5156 1282 5209 ὲν
1309 5154 1588 5226 εὐθύτητι.
1612 5154 1774 5209 Ὅθεν
1799 5156 1890 5210 καὶ
1917 5156 2013 5224 φέ-

437 5264 588 5314 ρεται
622 5248 799 5300 εἰπεῖν
824 5246 987 5300 αὑτὸν
1017 5246 1147 5317 περὶ
1171 5246 1268 5302 τοῦ
1297 5248 1505 5320 πατρὸς
1534 5248 1745 5319 καὶτῆς
1775 5248 2004 5320 μητρὸς,

353 5372 362 5378 ι
434 5338 546 5391 Εἴθ’
597 5338 745 5410 ᾔδειν
815 5337 870 5392 τί
945 5339 1060 5392 ἐστι
1111 5338 1183 5393 τὸ
1242 5340 1404 5411 ἔργον
1464 5339 1665 5394 αὐτῶν.
1732 5341 1854 5394 ’Έτι
1948 5358 2005 5395 τε

431 5430 694 5500 φέρεται,
747 5430 830 5484 ὅτι
870 5429 1061 5494 αὐτὸς
1119 5431 1309 5503 γέγονε
1363 5432 1557 5503 παρὰ,
1588 5431 1699 5487 τῶν
1741 5432 2011 5488 Ἰουδαίων

437 5557 547 5577 .....
581 5524 676 5578 καὶ
717 5521 798 5585 είς
831 5523 1012 5594 φρέαρ
1041 5523 1396 5596 ἀπορριφείς.
1425 5522 1745 5595 Ἐπικρατεῖ
1766 5541 1827 5579 τε
1856 5526 2008 5596 κοινῇ

436 5614 607 5675 αὑτὸν,
626 5616 718 5667 τὸν
741 5614 1041 5686 Μαχούμετ
1062 5617 1386 5689 δηλητηρίων
1402 5616 1500 5688 τὴν
1525 5616 1675 5688 ζωὴν
1703 5618 2006 5682 ἐκτελέσαι,

436 5707 573 5775 ὅπερ
615 5706 835 5762 ἐνέϐαλε
882 5707 1056 5779 τούτῳ
1088 5711 1185 5781 τὴν
1213 5710 1384 5782 φλέϐα
1432 5712 1739 5783 τεμνομένη
1781 5712 2012 5767 Ἰουδαία

516 5857 559 5891 ³’
592 5860 753 5917 Deut.
786 5879 961 5931 xxx”,
995 5864 1083 5919 59.
1163 5864 1209 5897 ³³
1245 5864 1287 5920 ll
1322 5864 1450 5936 Reg.
1491 5879 1644 5927 mu,
1674 5865 1764 5920 2|.
1848 5865 1891 5898 εί
1923 5864 2082 5921 Joan.

2117 4786 2363 4857 Christo,
2397 4790 2543 4860 quod
2592 4798 2676 4845 est
2708 4790 2943 4846 Verbum
2999 4792 3198 4858 Dei,et
3249 4794 3551 4849 secundum
3591 4794 3697 4849 hoc

2112 4880 2254 4935 nihil
2294 4881 2474 4950 potuit
2507 4881 2759 4957 ignorare
2788 4897 2803 4934 :
2829 4880 3174 4937 Mahometus
3215 4892 3399 4938 autem
3429 4884 3533 4939 fuit
3561 4901 3698 4955 pro.

2113 4973 2278 5045 pheta
2310 4974 2583 5036 incertus;
2637 4972 2774 5029 dicit
2823 4974 2993 5035 enim,
3023 4989 3082 5030 se
3138 4978 3353 5031 nescire
3382 4977 3515 5047 quid
3540 4977 3609 5033 de
3636 4994 3696 5033 se

2112 5066 2209 5123 ﬁet
2255 5081 2321 5121 ac
2365 5066 2501 5121 suis.
2530 5066 2676 5122 Dicit
2729 5066 2897 5122 etiam
2934 5068 3050 5137 ipse
3077 5086 3091 5122 :
3118 5069 3328 5131 Nescio
3378 5080 3561 5125 utrum
3594 5088 3696 5141 ego

2110 5168 2207 5211 aut
2271 5172 2368 5212 vos
2420 5172 2612 5211 sumus
2663 5157 2720 5213 'tn
2788 5142 3144 5213 rectitudine.
3197 5160 3354 5216 Unde
3410 5172 3467 5216 et
3517 5161 3697 5216 fertur

2116 5249 2325 5305 dixisse
2353 5248 2421 5304 de
2449 5257 2603 5319 patre
2631 5258 2687 5305 et
2710 5256 2883 5303 matre
2920 5265 3043 5314 sua,
3076 5250 3292 5306 Utinam
3319 5252 3516 5306 scirem
3546 5254 3696 5322 quod
3738 5316 3747 5325 η

2118 5348 2208 5396 est
2245 5355 2391 5409 opus
2438 5356 2651 5396 eorum.
2690 5340 2823 5396 Item
2865 5340 3055 5407 fertur,
3082 5343 3229 5412 quod
3261 5343 3374 5413 ipse
3425 5344 3529 5398 fuit
3563 5361 3699 5412 ιιι-,το
3738 5335 3762 5377 ’ί

2118 5429 2370 5501 stigiatus
2395 5444 2426 5483 a
2455 5429 2682 5494 Judacis,
2705 5429 2916 5485 acubus
2946 5429 3017 5483 ab
3061 5430 3338 5500 aliquibus
3370 5430 3699 5484 mulieribus

2120 5520 2177 5575 in
2224 5521 2435 5575 vultum
2476 5536 2708 5576 cacreum
2746 5519 3009 5575 immissis
3064 5530 3121 5575 et
3180 5520 3439 5591 projectis
3482 5521 3538 5575 in
3592 5538 3697 5590 pu-

2122 5619 2290 5667 teum.
2321 5611 2713 5681 Allirmantque
2766 5612 3156 5675 communiter,
3204 5612 3383 5680 ipsum
3420 5611 3699 5666 Mahomir-

2131 5717 2247 5761 tum
2281 5723 2493 5765 veneno
2540 5708 2704 5765 vitam
2758 5700 3022 5773 ﬁnivissc,
3046 5708 3194 5776 quod
3230 5710 3544 5780 assumpsit,
3570 5724 3696 5769 cum

2120 5880 2232 5932 XIV,
2269 5867 2316 5922 ι.
3527 5851 3539 5860 ~
3584 5894 3609 5923 1
