4068 6450
536 361 676 428 1139

1795 382 2177 449 DEMETRII
2215 387 2528 451 CYDONII
2579 466 2588 472 ,

3646 411 3764 480 iiii)
3794 466 3801 475 .

533 501 663 559 hulc
695 503 886 562 Judaea
942 507 1193 576 qumdam
1227 525 1424 567 venam
1483 516 1769 574 secuisset.
1802 518 1960 586 item,
2007 521 2106 591 ips:

2226 521 2331 567 τις.
2370 505 2493 559 Ἔτι
2514 505 2676 570 αὐτὸς
2700 508 2800 577 μὲν
2830 511 2856 562 ὀ
2895 511 3126 580 Χριστὸς
3147 515 3212 569 ἐκ
3237 519 3329 572 τοῦ
3365 521 3599 596 Ἀϐραὰμ
3625 534 3766 601 κατή-

531 597 757 666 quidem
790 599 1051 660 Christus
1081 603 1151 658 ab
1183 605 1458 663 Abraham
1515 608 1804 667 descendit
1843 623 1899 668 et
1941 614 2117 681 lsaac,

529 691 619 745 cui
651 691 795 747 facta
847 702 932 748 est
962 697 1256 765 promissio
1287 699 1356 756 de
1391 699 1778 760 benedictione
1836 715 1892 761 et
1923 723 2121 764 conse-

529 786 747 855 quenda
806 786 1149 845 haereditate.
1200 789 1546 849 Mahometus
1595 805 1778 851 autem
1835 798 2122 855 descL-ndit

530 893 631 947 per
660 877 883 944 lsmael,
916 881 984 936 ad
1018 895 1182 953 quem
1217 898 1328 940 non
1381 888 1631 955 pervenit
1663 891 1988 958 promissio;
2021 893 2119 948 sed

529 971 598 1026 de
637 986 704 1025 eo
737 973 1001 1042 scriptum
1051 978 1328 1046 est,quod
1367 996 1385 1029 ι
1426 978 1545 1034 Erit
1579 980 1796 1037 ferreus
1828 983 2014 1045 homo,
2058 995 2115 1039 et

531 1079 731 1120 manus
779 1067 899 1137 ejus
952 1076 1144 1123 contra
1190 1083 1404 1137 omnes,
1447 1091 1466 1124 ι
1518 1083 1575 1128 et
1625 1076 1835 1146 reliqua
1888 1077 1953 1132 ³⁵.
1983 1079 2116 1133 ltem

470 1217 475 1223 ,
529 1156 784 1213 Christus
839 1158 1053 1214 nullum
1135 1175 1378 1230 unquam
1417 1173 1741 1242 .peccatum
1817 1169 2115 1225 commisit.

532 1248 771 1318 Spiritus
800 1249 948 1305 enim
999 1251 1096 1314 Dei
1128 1259 1186 1307 et
1224 1253 1466 1310 Verbum
1504 1257 1602 1314 Dei
1631 1273 1739 1314 non
1770 1262 1951 1329 potuit
1991 1278 2120 1333 pec-

432 1339 449 1352 ‘
525 1356 674 1397 care.
700 1341 1048 1400 Mahometus
1081 1351 1267 1401 autem
1314 1345 1602 1404 idololatra
1649 1351 1754 1406 fuit
1798 1363 1854 1408 et
1887 1355 2114 1409 homici-

526 1435 616 1501 da,
667 1435 907 1492 lascivus
959 1445 1016 1492 et
1077 1451 1271 1508 rapax,
1331 1440 1635 1512 multisque
1687 1443 1811 1499 aliis
1874 1446 2116 1516 peccatis

526 1526 824 1592 obnoxius,
879 1526 934 1582 in
970 1527 1174 1597 quibus
1218 1529 1385 1597 Deus,
1416 1540 1479 1587 ut
1511 1533 1723 1600 dicunt,
1749 1535 1803 1591 ei
1847 1539 2110 1606 pepercit.

523 1617 660 1672 ltcm
717 1617 978 1676 Christus
1012 1621 1283 1691 stupenda
1338 1622 1470 1681 fecit
1523 1625 1788 1690 miracula
1844 1638 1901 1684 et
1935 1630 2112 1686 utilia.

524 1708 683 1766 Sicut
731 1711 882 1770 enim
939 1713 1146 1769 dicitur
1178 1714 1234 1769 in
1287 1718 1530 1786 capitulo
1587 1719 1943 1789 Elmaida,Jn
1981 1724 2111 1789 ﬁne,

2233 613 2362 664 γετο
2387 597 2476 652 διὰ
2497 598 2592 653 τοῦ
2641 599 2846 666 Ἰσαὰκ,
2875 598 2919 673 ᾧ
2945 607 3236 676 γεγόνασιν
3264 614 3318 666 αι
3337 613 3640 685 ἐπαγγελίαι
3661 597 3768 708 περὶ

2232 690 2328 759 τῆς
2373 691 2626 762 εὐλογίας
2661 694 2758 750 καὶ
2784 696 2886 766 τῆς
2929 698 3205 774 ἑψομένης
3235 705 3617 778 κληρονομίας*
3665 717 3692 767 6
3721 690 3768 770 δὲ

2231 782 2532 854 Μαχούμετ
2561 786 2832 858 κατήγετο
2857 788 2946 844 διὰ
2977 791 3071 846 τοῦ
3115 795 3362 867 Ἰσμαὴλ,
3395 791 3438 867 ᾧ
3465 801 3558 855 οὐκ
3596 804 3770 876 ἀνῆκεν

2231 876 2263 948 ἡ
2303 876 2612 948 ἐπαγγελία
2636 897 2650 911 '
2683 880 2823 937 ἀλλά
2856 902 2926 939 πε
2937 885 2990 955 pl.
3017 887 3228 943 ἐκείνου
3258 892 3563 964 γέγραπται
3602 899 3768 967 μόνον,

2238 986 2258 1021 ι
2301 971 2497 1024 Ἔσται
2529 972 2786 1043 σιδηροῦς
2838 977 3149 1048 ἄνθρωπος,
3185 986 3280 1037 καὶ
3328 987 3384 1039 αἱ
3434 991 3603 1060 χεῖρες
3627 991 3772 1050 αὐτοῦ

2228 1060 2321 1113 ἐπὶ
2350 1061 2579 1128 πάντας,
2617 1082 2636 1114 ι
2664 1064 2759 1117 καὶ
2789 1066 2857 1120 τὰ
2879 1066 3062 1123 λοιπά.
3095 1071 3218 1127 Ἔτι
3247 1076 3276 1128 6
3297 1076 3396 1146 μὲν
3417 1079 3636 1148 Χριστὸς
3653 1083 3770 1135 οὐδὲ·

2229 1169 2359 1204 ποτε
2408 1153 2664 1221 οὐδεμίαν
2701 1157 2958 1229 ἐποίησεν
2985 1160 3262 1234 ἁμαρτίαν
3287 1184 3301 1198 ’
3345 1169 3404 1222 τὸ
3443 1171 3548 1243 γὰρ
3580 1172 3770 1244 Πνεῦμα

2225 1243 2325 1297 τοῦ
2356 1244 2518 1310 Θεοῦ,
2551 1247 2650 1299 καὶ
2677 1246 2706 1300 6
2735 1248 2908 1318 Λόγος
2939 1252 3036 1306 τοῦ
3070 1254 3228 1322 Θεοῦ,
3262 1258 3322 1312 οὐ
3353 1259 3569 1316 δύναται
3593 1263 3745 1335 πλανη

2227 1332 2388 1402 θῆναι
2409 1349 2423 1364 ο
2454 1336 2482 1388 6
2503 1333 2560 1390 δὲ
2594 1336 2898 1408 Μαχούμετ
2925 1341 3322 1417 εἰδωλολάτρης
3349 1349 3556 1418 γέγονε,
3582 1351 3666 1405 καὶ
3689 1332 3769 1419 φό-

2226 1430 2369 1491 νεὺς,
2423 1427 2662 1499 ἀσελγής
2704 1447 2766 1485 τε
2807 1432 2907 1487 καὶ
2961 1435 3168 1509 ἅρπαξ,
3219 1441 3315 1492 καὶ
3366 1441 3573 1504 πολλοῖς
3617 1443 3766 1505 ἄλλοι,

2225 1515 2622 1591 ἁμαρτήμασιν
2653 1522 2858 1595 ἔνοχος,
2885 1527 2973 1597 ἐφ’
2992 1523 3074 1592 οἷς
3106 1531 3134 1582 6
3154 1530 3286 1595 Θεὸς
3321 1532 3419 1604 (ὥς
3447 1536 3621 1605 φασιν)
3649 1535 3771 1605 αὑτῴ

2226 1609 2491 1680 συνέγνω.
2535 1613 2654 1668 Ἔτι
2685 1617 2714 1670 6
2745 1617 2846 1688 μὲν
2874 1619 3109 1690 Χριστὸς
3141 1624 3348 1694 φρικτὰ
3381 1628 3635 1697 πεποίηκε
3666 1627 3771 1681 θαύ-

2227 1719 2373 1771 ματα
2410 1705 2505 1758 καὶ
2547 1710 2801 1779 χρήσιμα
2821 1726 2835 1741 ο
2860 1709 2936 1775 ὡς
2957 1711 3066 1783 γὰρ
3089 1713 3307 1783 λέγεται
3337 1719 3434 1772 καὶ
3457 1719 3514 1770 ὲν
3535 1717 3608 1788 τῷ
3624 1736 3770 1786 κεφα-

523 1801 782 1858 Christus
821 1818 998 1861 caecos
1041 1805 1400 1874 illuminavit,
1428 1809 1678 1880 leprosos
1721 1815 2030 1883 mundavit,
2057 1825 2106 1873 el

2221 1792 2358 1866 λαίῳ
2390 1795 2468 1866 τῷ
2511 1797 2757 1869 Ἐλμοῑδὲ
2787 1799 2924 1870 πρὸς
2956 1803 3036 1872 τῷ
3059 1803 3226 1868 τέλει,
3261 1809 3289 1860 6
3319 1808 3550 1880 Χριστὸς
3571 1809 3769 1876 τυιξλοὺς

522 1901 771 1949 mortuos
799 1895 1088 1951 suscitavit
1121 1867 1508 1957 :Mahometus
1543 1910 1728 1958 autem
1763 1905 1978 1960 nullum
2011 1908 2106 1963 mi-

2221 1887 2455 1957 ἐφώτισε
2518 1890 2756 1962 λεπροὺς
2791 1894 3114 1967 ὲκαθάρισε,
3179 1899 3276 1954 καὶ
3318 1903 3545 1971 νεκροὺς
3571 1901 3769 1970 ἀνέστης

524 1982 775 2038 raculum
805 1983 957 2052 fecit,
980 1986 1288 2072 secundum
1330 1989 1687 2048 Alcoranum.
1716 1993 1784 2049 Et
1812 2011 1935 2066 quae
1959 1998 2026 2053 de
2047 2006 2113 2054 eo

521 2073 804 2141 dicuntur,
843 2077 924 2132 vel
967 2077 1441 2148 inconvenientia,
1469 2085 1555 2139 vel
1584 2085 1946 2156 impossibilia
1986 2103 2115 2149 sunt

519 2174 576 2219 et
622 2165 852 2232 absona,
882 2167 1029 2226 sicut
1090 2169 1283 2227 lunam
1341 2173 1578 2232 divisam
1618 2178 1957 2252 reintegrare
1981 2223 1997 2248 ,
2028 2183 2112 2238 vel

520 2257 763 2326 inutilia,
794 2259 939 2316 sicut
972 2263 1243 2320 camelum
1286 2266 1472 2336 loqui,
1506 2269 1594 2326 vel
1616 2273 1845 2329 omnino
1875 2277 2110 2331 occulta.

517 2348 686 2406 Muita
718 2352 868 2408 enim
918 2352 1056 2411 dixit
1084 2356 1330 2426 seipsum
1359 2361 1414 2415 in
1451 2363 1669 2420 occulto
1695 2373 1752 2421 et
1779 2373 1942 2421 nocte
1971 2366 2115 2423 face-

517 2457 599 2508 re,
634 2459 758 2514 qua:
787 2445 874 2523 \in
921 2447 1010 2503 die
1068 2450 1393 2521 requisitus,
1422 2457 1718 2512 ostendere
1765 2471 1874 2513 non
1907 2460 2112 2529 potuit.

516 2533 678 2590 Unde
718 2536 769 2590 ei
827 2535 1135 2594 dixerunt:
1185 2540 1335 2597 Dicis
1370 2553 1423 2598 te
1473 2546 1781 2602 ascendere
1816 2548 1872 2602 in
1908 2549 2108 2605 cmlum

515 2627 584 2681 ad
623 2627 796 2683 Deum
821 2637 1009 2696 nocte,
1033 2619 1273 2688 ascende
1320 2633 1389 2691 de
1440 2635 1552 2702 die,
1576 2646 1637 2694 ut
1663 2639 1948 2696 videamus
1988 2659 2108 2708 nos,

514 2725 572 2770 et
605 2716 916 2772 credemus.
950 2719 1206 2776 Christus
1234 2733 1422 2780 autem
1470 2727 1708 2782 maxima
1735 2740 1792 2785 et
1820 2733 2108 2803 magniﬁca

514 2807 782 2863 miracula
813 2808 1052 2866 faciebat
1072 2811 1140 2868 de
1161 2813 1270 2882 die,
1301 2822 1357 2872 et
1388 2815 1444 2870 in
1486 2817 1801 2886 manifesto,
1833 2829 1889 2876 et
1918 2837 2105 2877 coram

513 2899 705 2954 multis
749 2900 984 2958 testibus
1019 2903 1349 2964 videntibus
1378 2926 1393 2963 :
1423 2924 1596 2979 quare
1659 2913 1950 2971 manifesta
1977 2926 2108 2971 sunt

512 3009 679 3062 opera
731 2995 898 3051 illius.
947 2996 1219 3054 Praeterea
1283 2998 1544 3058 Christus
1585 3004 1816 3074 quidem
1851 3008 2108 3078 magister

511 3084 618 3139 fuit
649 3087 945 3152 excrliens,
981 3089 1127 3145 sicut
1172 3091 1378 3148 dicitur
1426 3095 1483 3149 in
1511 3095 1811 3153 Alcorano.
1833 3098 1902 3154 Et
1931 3100 1987 3156 in
2016 3117 2108 3158 ca-

2222 1992 2350 2030 σεν⁶
2394 1981 2422 2032 6
2467 1977 2526 2032 δὲ
2566 1979 2810 2052 Μωάμεθ
2860 1983 3133 2057 πεποίηκε
3178 1986 3365 2058 θαῦμα
3404 1989 3553 2042 οὐδὲν
3582 1990 3770 2042 κατὰτὸ

2233 2068 2559 2140 Ἀλκοράνον
2580 2087 2594 2103 ο
2613 2074 2708 2127 καὶ
2731 2073 2890 2130 ἅτινα
2915 2078 3044 2148 περὶ
3067 2078 3232 2133 αὐτοῦ
3255 2080 3520 2149 λέγοιντο,
3549 2082 3578 2153 ἢ
3603 2082 3768 2145 ἄτοπα,

2217 2154 2517 2224 ἢάδύνατά
2565 2160 2670 2212 εισι
2718 2162 2814 2214 καὶ
2871 2165 3084 2236 ἀπηχῆ,
3119 2165 3312 2240 ὥσπερ
3340 2170 3406 2222 τὸ
3437 2171 3535 2238 τὴν
3577 2171 3770 2240 σελήνην

2197 2244 2586 2316 διαιρεθεῖσαν
2612 2251 2974 2307 ἐπισκευάσαι
2998 2269 3012 2284 ·
3043 2255 3074 2326 ἢ
3104 2255 3380 2328 ἀχρηστα,
3410 2259 3592 2330 ὥσπερ
3617 2261 3671 2314 τὸ
3695 2259 3767 2330 τὴν

2218 2337 2469 2408 κάμηλον
2520 2339 2863 2410 φθέγξασθαι
2892 2361 2909 2378 ο
2963 2347 2996 2417 ἢ
3047 2353 3368 2405 παντάπασι
3417 2352 3767 2424 κεκρυμμέναο

2220 2431 2392 2485 πολλὰ
2407 2432 2518 2504 γὰρ
2534 2432 2726 2504 ἔλεγεν
2745 2436 2940 2491 ἑαυτὸν
2959 2442 3134 2494 ποιεῖν
3145 2443 3211 2498 ὲν
3234 2445 3467 2516 κρυπτῷ
3484 2445 3575 2498 καὶ
3591 2445 3766 2507 νυκτὸς,

2217 2523 2253 2577 ἀ
2297 2524 2397 2595 τῆς
2434 2526 2650 2597 ἡμέρας
2701 2529 3110 2602 ἀπαιτούμενος
3153 2535 3432 2593 δεικνύναι
3497 2538 3590 2591 οὐκ
3633 2533 3768 2609 εἶχεν.

2217 2616 2386 2672 Ὅθεν
2418 2616 2571 2690 αὐτῷ
2610 2619 2823 2690 ἔλεγον,
2849 2623 2959 2694 Φὴς
2988 2627 3316 2699 ἀνέρχεσθαι
3352 2632 3434 2696 εἰς
3461 2633 3548 2685 τὸν
3578 2629 3766 2700 οὐρανὸν

2216 2710 2413 2774 νυκτὸς
2439 2712 2576 2782 πρὸς
2605 2713 2698 2766 τὸν
2719 2713 2855 2770 Θεόν
2881 2731 2895 2748 ⁸
2926 2717 3163 2789 ἀνάϐηθι
3192 2722 3286 2775 καί
3311 2723 3526 2794 ἡμέρας
3552 2723 3762 2794 ὁρώντων

2214 2803 2247 2873 ἡ
2259 2803 2400 2872 μῶν,
2431 2793 2944 2879 καὶπιστεύσομεν.
2987 2809 3050 2865 '0
3077 2811 3134 2866 δὲ
3166 2793 3405 2884 Χριστὸς
3430 2793 3662 2888 μέγιστα
3689 2815 3764 2868 καὶ

2221 2896 2616 2968 μεγαλοπρεπῆ
2651 2900 2912 2971 θαύματα
2947 2903 3123 2960 ἐποίει
3153 2908 3370 2979 ἡμέρας
3393 2913 3489 2964 καὶ
3515 2913 3569 2964 ὲν
3596 2909 3665 2980 τῷ
3686 2925 3762 2976 φα-

2215 2989 2380 3060 νερῷ,
2417 2994 2510 3045 καὶ
2573 2993 2787 3048 πολλῶν
2823 2998 3076 3065 ὁρώντων
3122 3001 3374 3068 ἐνώπιον,
3411 3004 3548 3058 ὥστε
3591 3003 3765 3071 φανερὰ

2215 3082 2358 3142 εἶναι
2402 3087 2470 3143 τὰ
2500 3087 2637 3161 ἔργα
2669 3092 2901 3150 ἐκείνου.
2949 3094 3108 3150 Μετά
3136 3097 3309 3152 ταῦτα
3358 3098 3390 3153 6
3429 3100 3528 3169 μὲν
3566 3082 3763 3170 Χριστὸς

508 3176 686 3248 pitulo
725 3179 992 3246 Elmcidc,
1016 3183 1171 3254 quasi
1223 3199 1292 3240 ex
1340 3200 1578 3256 persona
1604 3189 1703 3244 Dei
1733 3209 1748 3245 :
1783 3190 1828 3247 Ο
1855 3191 2104 3259 Christe,

2212 3180 2533 3247 διδάσκαλος
2569 3184 2794 3254 γέγονεν
2854 3185 3061 3259 ἔξοχος.
3099 3189 3189 3254 Ὠς
3225 3190 3338 3261 γὰρ
3371 3191 3579 3262 λέγεται
3619 3192 3669 3243 ὲν
3704 3187 3764 3257 τῷ

508 3269 799 3330 considera
859 3287 1023 3342 quem
1079 3273 1206 3330 dedi
1262 3275 1360 3330 tibi
1400 3275 1671 3347 Spiritum
1720 3292 1997 3351 sanctum,
2048 3294 2118 3341 ut-

507 3360 776 3430 loquaris.
822 3362 982 3425 Item,
1037 3365 1089 3418 in
1137 3367 1433 3424 cunabulis
1484 3369 1648 3426 docui
1697 3380 1750 3428 te
1800 3374 2026 3441 librum,
2055 3386 2109 3432 ει

508 3452 858 3523 sapientiam,
888 3467 944 3510 et
970 3456 1148 3526 legem
1197 3459 1392 3530 Moysi,
1421 3471 1477 3516 et
1505 3463 1885 3535 Evangelium.
1921 3469 2108 3524 Maba-

508 3553 693 3598 metus
743 3554 926 3600 autem
975 3547 1172 3602 doctor
1207 3549 1312 3605 fuit
1335 3553 1584 3623 ignarus,
1615 3566 1673 3611 et
1711 3557 1877 3613 homo
1909 3559 2104 3626 idiota,

509 3639 771 3693 nescieus
811 3639 974 3699 aliam
1004 3639 1247 3710 linguam
1283 3642 1392 3699 nisi
1436 3659 1615 3710 suam,
1648 3647 1908 3717 ignorans
1937 3650 2102 3704 etiam

508 3729 1023 3799 interpretationem
1089 3733 1222 3805 legis
1284 3749 1420 3792 sure.
1474 3737 1619 3793 Dicit
1685 3740 1873 3805 enim,
1926 3741 2104 3796 solum

506 3820 680 3877 Deum
717 3823 862 3880 scire
901 3823 1162 3898 Alcorani
1200 3828 1623 3898 expositionem.
1654 3830 1788 3885 Item
1822 3831 2099 3899 Christus,

505 3916 815 3972 secundum
863 3918 1245 3990 Evangelium,
1276 3922 1575 3978 cruciﬁxus
1615 3931 1720 3989 est,
1748 3935 1804 3978 et
1832 3935 2102 3992 mortuus,

505 4017 563 4063 et
598 4009 1147 4076 resurrexitvere,et
1178 4013 1430 4067 ascendit
1461 4013 1515 4068 in
1548 4014 1739 4079 oculos,
1765 4023 1820 4069 et
1851 4006 2006 4071 sedet
2033 4016 2102 4071 ad

506 4099 786 4155 dexteram
834 4102 953 4156 Dei.
1007 4103 1344 4158 Alcoranum
1385 4115 1571 4160 autem
1619 4106 1776 4172 dicit,
1811 4108 1958 4177 quod
1989 4125 2101 4165 non

507 4203 596 4249 est
631 4203 907 4261 mortuus,
953 4195 1052 4250 sed
1096 4198 1398 4268 assumpsit
1432 4212 1562 4252 eum
1609 4197 1778 4254 Deus.
1829 4201 2012 4268 Quare
2045 4212 2102 4257 et

504 4285 809 4342 secundum
840 4286 1228 4356 Evangelium,
1274 4297 1331 4343 et
1376 4289 1689 4346 secundum
1737 4293 2097 4360 Alcoranum,

503 4386 559 4432 ct
594 4379 647 4432 in
678 4394 900 4435 omnem
946 4391 1211 4436 eventum
1247 4381 1506 4438 Christus
1555 4382 1715 4439 vivit.
1757 4385 2100 4443 Mahometus

482 4481 689 4527 .autem
742 4473 973 4528 omnino
1026 4483 1283 4529 mortuus
1309 4483 1411 4530 est.
1447 4474 1558 4530 Sed
1585 4479 1784 4532 melior
1815 4488 1902 4535 est
1938 4480 2098 4552 adju-

2225 3271 2560 3346 Ἀλκοράνῳ,
2599 3276 2658 3331 ὲν
2688 3276 2766 3348 τῷ
2795 3281 3082 3352 κεφαλαίῳ
3113 3281 3191 3353 τῷ
3217 3283 3490 3353 Ἐλμεῖδὲ,
3517 3284 3689 3350 ὥσπερ
3713 3281 3764 3332 ἐκ

2212 3367 2512 3436 προσώπου
2548 3367 2643 3421 τοῦ
2674 3367 2810 3422 Θεοῦ
2831 3383 2847 3399 ⁶
2870 3365 2942 3423 Ὦ
2969 3372 3194 3442 Χριστὲ,
3221 3374 3542 3446 ἀναλόγισαι
3565 3373 3668 3436 πῶς
3697 3387 3763 3423 σοι

2210 3453 2425 3505 δέδωκα
2459 3453 2687 3526 Πνεῦμα
2729 3456 2906 3523 ἀγιον,
2957 3456 3100 3512 ὥστε
3133 3459 3488 3528 διαλέγεσθαι
3519 3461 3593 3513 ἔτι
3624 3461 3673 3511 ἐν
3707 3459 3760 3526 τῇ

2211 3544 2450 3616 βρεφικῇ
2501 3547 2662 3616 κλίνῃ
2694 3547 2972 3617 κείμενον,
3021 3551 3119 3604 καὶ
3147 3551 3369 3618 ἐδίδαξα
3401 3571 3462 3607 σε
3494 3553 3661 3622 βίῦλον
3685 3551 3762 3602 καὶ

2210 3636 2430 3718 σοφίαν,
2459 3638 2554 3691 τὸν
2589 3639 2837 3706 Μωσέως
2865 3642 3029 3712 νόμον
3063 3642 3157 3698 καὶ
3192 3645 3251 3698 τὸ
3281 3646 3610 3718 Εὑαγγέλιον
3631 3659 3644 3672 ·
3673 3644 3699 3696 6
3717 3641 3762 3694 δὲ

2207 3717 2456 3801 Μώάμεθ
2493 3731 2816 3798 διδάσκαλος
2844 3730 2913 3806 ἦν
2943 3736 3180 3805 ἀγνοῶν,
3229 3717 3521 3810 ἄνθρωπος
3553 3736 3759 3802 ἰδιώτης.

2206 3819 2332 3872 οὐδὲ
2367 3820 2500 3890 μίαν
2539 3820 2699 3885 εἰδὼς
2728 3822 2989 3892 γλῶσσαν
3020 3825 3162 3896 πλὴν
3193 3825 3293 3896 τῆς
3338 3827 3552 3892 ἑαυτοῦ,
3579 3822 3761 3892 ἀγνοῶν

2208 3911 2305 3964 καὶ
2331 3912 2435 3984 τὴν
2464 3913 2770 3983 ἑρμηνείαν
2804 3915 2902 3969 τοῦ
2931 3917 3129 3971 ἑαυτοῦ
3163 3918 3356 3988 νόμου.
3387 3909 3523 3988 Φηιῆ
3555 3919 3652 3987 γὰρ
3681 3914 3760 3984 μό-

2205 4021 2296 4058 νον
2339 4005 2431 4060 τὸν
2474 4005 2608 4060 Θεὸν
2637 4007 2838 4062 ειδέναι
2867 4008 2968 4079 τὴν
3011 4009 3107 4062 τοῦ
3150 4010 3482 4083 Ἀλκοράνου
3508 4010 3757 4080 ἐξήγησιν.

2209 4097 2331 4151 Ἔτι
2361 4099 2389 4151 6
2414 4097 2514 4167 μὲν
2538 4097 2776 4168 Χριστὸς
2807 4101 2950 4154 κατὰ
2967 4102 3030 4154 τὸ
3061 4103 3398 4172 Εὐαγγέλιον
3423 4103 3755 4171 ἐσταύρωται,

2205 4189 2301 4243 καὶ
2349 4189 2606 4258 τέθνηκε,
2654 4193 2751 4244 καὶ
2779 4191 3081 4263 ἐγήγερται
3115 4195 3356 4266 ἀληθῶς,
3391 4196 3584 4266 ἀνῆλθε
3612 4212 3665 4247 τε
3691 4195 3758 4253 εἰς

2202 4283 2330 4346 τοὺς
2350 4283 2639 4352 οὐρανοὺς,
2667 4285 2761 4338 καὶ
2794 4286 3034 4356 κάθηται
3058 4289 3118 4341 ὲν
3139 4289 3292 4362 δεξιᾷ
3317 4289 3415 4344 τοῦ
3443 4290 3575 4344 Θεοῦ
3596 4305 3609 4320 ·
3635 4287 3688 4341 τὸ
3711 4284 3756 4337 δὲ

2213 4371 2544 4443 Ἀλκοράνον
2591 4377 2782 4444 φησὶν,
2819 4375 2902 4430 ὅτι
2947 4377 3008 4430 οὐ
3048 4379 3332 4451 τέθνηκεν.
3381 4382 3498 4436 ἀλλ’
3523 4377 3755 4434 ἀνέλαθεν

2202 4467 2368 4518 αὐτὸν
2391 4466 2418 4517 6
2451 4466 2605 4529 Θεός.
2635 4467 2801 4519 Ὥστε
2828 4469 2970 4522 κατά
2992 4469 3051 4523 τὸ
3077 4471 3418 4541 Εὐαγγέλιον
3443 4475 3535 4527 καὶ
3560 4473 3685 4526 κατά
3704 4467 3753 4519 τὸ

503 4571 592 4616 tor
648 4562 826 4628 vivus,
856 4578 1024 4633 quam
1082 4573 1358 4620 mortuus.
1385 4564 1593 4622 Omitto
1623 4568 1760 4624 alias
1789 4571 2092 4626 secundum

2213 4554 2542 4627 Ἀλκοράνον
2573 4557 2671 4611 καὶ
2705 4559 2849 4612 κατά
2884 4563 3068 4615 πᾶσαν
3099 4563 3327 4618 ἔκϐασιν
3369 4567 3397 4618 6
3433 4567 3652 4635 Χριστὸς
3678 4563 3750 4630 ζῆν

499 4655 787 4723 quodlibet
811 4655 1194 4722 excellentius,
1223 4672 1360 4727 quas
1389 4657 1457 4714 de
1485 4659 1709 4716 Christo
1739 4661 2097 4732 Evangelium

499 4747 705 4813 posuit.
732 4745 931 4802 Mirum
967 4748 1160 4818 igitur,
1191 4765 1361 4819 quare
1421 4750 1689 4808 Saraceni
1715 4769 1826 4810 non
1850 4770 2094 4823 sequun-

500 4844 592 4892 tur
621 4836 812 4908 potius
849 4838 1136 4894 Christum
1193 4855 1360 4910 quam
1411 4842 1805 4911 Mahometum,
1837 4857 1891 4902 et
1915 4847 2096 4902 Evan-

498 4929 704 4998 gelium
733 4931 917 5001 potius
958 4946 1124 4999 quam
1163 4931 1519 5000 Alcoranum,
1546 4950 1672 4991 cum
1716 4937 1877 4993 valde
1914 4940 2094 4994 credi-

499 5019 611 5076 bile
644 5023 737 5087 sit,
767 5038 863 5092 per
885 5023 1173 5078 meliorem
1205 5025 1573 5097 legislatorem
1601 5031 1885 5087 meliorem
1909 5033 2085 5102 legem

498 5111 686 5166 datam
711 5126 854 5173 esse.
879 5121 936 5167 et
965 5113 1165 5169 melius
1198 5129 1229 5168 a
1261 5117 1374 5172 Deo
1409 5133 1790 5176 conservatam
1832 5139 2083 5179 veracem

497 5212 556 5259 et
607 5205 1010 5274 incorruptam,
1043 5206 1189 5264 sicut
1219 5211 1480 5280 superius
1512 5212 1954 5272 demonstratum
2002 5228 2087 5274 cst

497 5291 555 5349 in
589 5297 751 5353 tertio
776 5298 1043 5369 capitulo.

519 5628 530 5636 .
605 5585 745 5642 XVI.
782 5585 853 5644 De
886 5586 1159 5660 Evangelii
1189 5593 1259 5646 ad
1283 5593 1609 5649 Aleae-anum
1639 5595 1968 5651 excellentia.

567 5741 847 5816 Evangelii
907 5759 1090 5804 autem
1155 5752 1221 5805 nd
1275 5752 1608 5807 Alcm-anum
1665 5754 2074 5822 excellentiam,

568 5856 610 5888 ³³
642 5859 774 5917 Gen.
809 5880 919 5929 ΧΗ,
960 5866 1038 5919 Il.

2199 4647 2228 4699 6
2260 4647 2315 4700 δὲ
2345 4649 2649 4720 Μαχούμετ
2691 4652 2975 4717 παντελῶς
3021 4655 3275 4725 τέθνηκε.
3311 4658 3542 4713 Βελτίων
3569 4659 3621 4710 δέ
3655 4658 3790 4707 ἐστ..

2197 4739 2293 4794 τοῦ
2315 4741 2642 4812 τεθνηκότος
2664 4743 2866 4815 βοηθοῦ
2895 4748 2923 4800 ὁ
2946 4744 3057 4812 ζῶν
3076 4748 3288 4820 βοηθός.
3326 4753 3438 4808 Καὶ
3461 4749 3747 4820 παραλείπω

2198 4835 2296 4904 τάς
2351 4833 2518 4897 ἄλλας
2566 4829 2691 4891 καθ’
2738 4838 2970 4896 ἕκαστον
3029 4841 3339 4915 ὑπεροχὰς,
3396 4844 3629 4914 ἀς’περὶ
3669 4838 3747 4893 τοῦ

2195 4926 2434 5002 Χριστοῦ
2465 4926 2527 4980 τὸ
2571 4928 2913 4998 Εὐαγγέλιον
2953 4933 3159 5004 τίθησι.
3203 4936 3524 5006 Θαυμαστὸν
3559 4933 3746 4991 τοίνυν,

2163 5030 2165 5034 ‘
2195 5019 2312 5082 πῶς
2333 5018 2389 5071 οῐ
2411 5019 2760 5093 Σαρρακηνοὶ
2775 5023 2836 5075 οὐ
2856 5025 3061 5095 μᾶλλον
3085 5027 3440 5082 ἀκολουθοῦσι
3460 5028 3532 5097 τῷ
3556 5020 3746 5097 Χριστῷ

2196 5113 2228 5184 ἢ
2265 5113 2341 5183 τῷ
2368 5114 2616 5186 Μωάμεθ
2636 5130 2652 5148 ο
2679 5117 2773 5169 καὶ
2796 5115 2875 5189 τῷ
2907 5117 3227 5191 Εὑαγγελῑῳ
3262 5121 3461 5193 μᾶλλον
3486 5121 3517 5192 ἡ
3547 5118 3618 5188 τῷ
3647 5114 3746 5170 Ἀλ-

2197 5207 2435 5276 κοράνῳ,
2474 5207 2713 5277 μάλιστα
2736 5207 2858 5263 λίαν
2884 5209 3039 5275 ὄντος
3075 5213 3309 5267 πιθανοῦ
3333 5213 3420 5268 διά
3447 5212 3540 5266 τοῦ
3567 5206 3746 5281 βελτίο·

2195 5315 2287 5360 νος
2337 5298 2634 5368 νομοθέτου
2663 5299 2916 5369 βελτίονα
2951 5302 3116 5372 νόμον
3142 5303 3408 5373 δεδόσθαι,
3441 5304 3534 5358 καὶ
3562 5301 3744 5374 βέλτιον

2197 5389 2634 5462 συντηρούμενον
2668 5393 2774 5447 ὑπὸ
2799 5393 2958 5462 Θεοῦ,
2993 5397 3170 5470 ἀληθῆ
3209 5415 3269 5452 τε
3300 5399 3392 5452 καὶ
3422 5394 3738 5464 ἀδιάφθορον,

2192 5484 2266 5547 ὡς
2306 5486 2572 5556 ἀνωτέρω
2597 5486 2863 5541 δέδεικται
2895 5491 2952 5543 ἐν
2981 5493 3060 5564 τῷ
3089 5493 3258 5564 τρίτῳ
3291 5492 3580 5564 κεφαλαίῳ.

2195 5589 2307 5659 ις’.
2346 5593 2483 5660 Περὶ
2516 5590 2621 5663 τῆς
2661 5595 2768 5650 τοῦ
2818 5599 3190 5672 Etiam-aliqu
3222 5603 3366 5672 πρὸς
3398 5602 3461 5655 τὸ
3501 5590 3738 5664 Ἀλκορά·

2754 5685 2866 5721 νον
2898 5671 3223 5741 ὑπεροχῆς.

2263 5757 2372 5827 Τὴν
2402 5757 2455 5810 δὲ
2488 5757 2581 5811 τοῦ
2609 5760 2944 5830 Εὐαγγελίου
2973 5766 3108 5835 πρὸς
3127 5767 3188 5820 τὸ
3229 5767 3540 5836 Ἀλκοράνον
3568 5761 3733 5827 ὑπερο-
