4068 6456
393 390 523 459 1141

1479 425 1486 429 ·
1598 408 1897 468 CONTRA
1938 410 2448 473 ΜΑΠΟΜΕΤΕΜ.

3512 415 3653 482 11-2

385 513 488 582 χὴν
522 515 585 566 ἐκ
621 515 728 568 τῶν
775 517 1030 588 ἁ·.ωτέρω
1085 520 1392 590 εἰρημένων
1438 521 1638 592 ῥαδίως
1687 524 1968 594 δυνάμεθα

2086 526 2228 582 ἐείιε
2257 543 2324 584 ex
2362 529 2744 601 superioribus
2774 530 2939 589 dictis
2980 546 3273 608 possumus
3298 512 3652 603 cognoscere.

388 604 614 670 γνῶναι.
649 607 1143 674 Προαποδέδεικται
1178 613 1288 682 γάρ
1315 611 1390 684 μὴ
1419 607 1560 668 εἶναι
1603 616 1662 667 τὸ
1700 615 1961 686 Ἀλκορά-

387 707 477 746 νον
500 693 662 763 νόμον
685 695 842 759 Θεοῦ,
871 697 959 752 διὰ
1000 699 1062 752 τὸ
1099 701 1236 770 μήτε
1263 701 1362 772 τὴν
1397 701 1667 765 Παλαιὰν,
1698 704 1838 773 μήτε
1863 701 1962 772 τὴν

388 780 534 834 Νέαν
589 783 766 852 τούτῳ
827 789 1288 858 συμμαρτυρεῖν
1346 789 1442 841 καὶ
1484 789 1568 841 ὅτι
1614 785 1737 842 οὔτε
1789 790 1848 842 ἐν
1894 789 1962 858 τῇ

365 874 612 940 κφράσει,
663 876 787 929 οὔτε
834 878 893 930 ἐν
941 881 1064 941 ταῖς
1113 881 1445 950 ἀποφάσεσι,
1505 881 1792 948 συμϐαίνει
1849 881 1964 942 τοῖς

314 956 319 960 ’
387 963 608 1028 ἄλλοις·
653 967 746 1020 καὶ
799 969 880 1021 ὅτι
939 972 1210 1039 ἀντιλέγει
1259 972 1480 1042 ἐαυτῷο
1516 975 1610 1028 καὶ
1649 975 1730 1028 ὃτι
1785 973 1964 1028 οὐδενὶ

391 1056 631 1125 θαύματι
675 1058 989 1127 βεϐαιοῦται
1011 1079 1028 1096 ο
1055 1066 1148 1117 καὶ
1177 1066 1262 1119 ὅτι
1303 1066 1452 1118 ἐστὶν
1484 1067 1681 1135 ἄλογον
1706 1082 1721 1097 ο
1755 1068 1852 1119 καὶ
1880 1069 1964 1120 ὅτι

390 1148 600 1217 φανερά
655 1153 901 1219 περιέχει
953 1145 1160 1223 ψεύδη·
1211 1157 1307 1208 καὶ
1357 1157 1438 1210 δτι
1494 1157 1687 1228 βίαιον,
1738 1166 1832 1220 καὶ
1882 1159 1967 1212 ὅτι

389 1239 643 1306 ἄτακτον,
678 1245 773 1296 καὶ
802 1245 885 1298 ὃτι
917 1247 1174 1316 πονηρὸν.
1202 1249 1296 1302 καὶ
1325 1249 1408 1300 ὅτι
1431 1249 1756 1318 ἀμφίϐολον.
1778 1250 1964 1304 Ταῦτα

362 1321 499 1402 ’γὰρ
533 1335 709 1387 πάντα
751 1337 828 1398 ὡς
859 1340 917 1390 ἐν
950 1336 1144 1409 βραχεῖ
1189 1339 1258 1393 δι’
1304 1339 1600 1400 αὑτοῦ-τοῦ
1635 1342 1966 1411 Ἀλκοράνου

391 1425 904 1492 προαποδέδεικται.
931 1428 1082 1499 Πλὴν
1111 1431 1227 1492 τοῖς
1255 1431 1314 1482 ἐν
1344 1429 1495 1498 αΰτῷ
1530 1429 1609 1499 τῷ
1653 1431 1965 1500 Ἀλκοράνῳ

391 1515 825 1583 ἀναγινώσκουσι
858 1518 1068 1589 βέλτιον
1089 1521 1368 1574 δείκνυται
1394 1521 1589 1576 ταῦτα.
1621 1521 1777 1574 Ὠσθ’
1818 1523 1968 1592 ἡμᾶς

393 1605 743 1674 θαρρούντως
772 1608 1034 1662 δύνασθαι
1065 1609 1266 1678 λέγειν,
1305 1611 1367 1664 Εἰ
1401 1614 1534 1682 ἡμῖν
1579 1611 1861 1664 πιστεύειν
1904 1613 1968 1664 οὐ

393 1694 685 1767 βούλεσθε,
747 1700 808 1754 τὸ
876 1701 1206 1770 Ἀλκοράνον
1258 1703 1565 1771 άνάγνωτε.
1629 1703 1851 1756 Τούτων
1911 1704 1969 1756 δὲ

390 1787 651 1843 τάναντία
681 1790 775 1842 ἐπὶ
800 1793 901 1862 τῆς
932 1783 1683 1866 Εὐαγγελικῆςδιδασκαλίας
1716 1795 1969 1864 φαίνεται

2072 619 2214 674 Ante
2242 618 2390 675 enim
2421 622 2856 680 demonstratum
2899 635 3006 694 est,
3033 641 3142 680 non
3170 641 3291 682 esse
3314 627 3647 682 Alcoranum

2070 709 2246 779 legem
2301 712 2423 778 Dei,
2476 725 2769 786 propterea
2818 717 2966 786 quod
3014 733 3192 787 neque
3253 718 3426 772 Vetus
3471 733 3651 788 neque

2071 803 2284 858 Novum
2343 806 2764 864 Testamentum
2827 810 2971 865 hanc
3024 819 3334 877 testantur,
3393 821 3448 865 et
3505 811 3652 881 quod

2072 911 2252 963 neque
2278 895 2333 950 in
2366 897 2530 968 stylo,
2551 915 2731 969 neque
2775 901 2831 956 in
2889 902 3184 958 sententiis
3212 918 3336 957 cum
3368 902 3491 958 aliis
3523 919 3656 956 con-

2071 989 2244 1053 venit,
2274 997 2329 1042 et
2377 991 2522 1060 quod
2569 993 2900 1048 contradicit
2935 994 3040 1049 sibi
3075 995 3202 1063 ipsi,
3235 1003 3292 1048 et
3315 995 3460 1062 quod
3499 994 3650 1048 nullo

2073 1082 2345 1137 miraculo
2399 1085 2776 1152 conﬁrmatur,
2828 1097 2884 1142 et
2931 1089 3077 1158 quod
3128 1098 3214 1143 est
3257 1089 3654 1151 irrationabile,

2071 1181 2128 1226 et
2158 1174 2302 1242 quod
2337 1177 2626 1232 manifesta
2661 1179 2908 1235 continet
2952 1181 3258 1243 mendacia,
3285 1192 3340 1234 et
3374 1181 3518 1249 quod
3547 1180 3659 1233 vio-

2074 1262 2308 1329 lentum,
2334 1276 2394 1320 et
2422 1267 2568 1336 quod
2616 1268 3016 1334 inordinatum,
3043 1281 3098 1324 et
3127 1269 3271 1338 quod
3302 1270 3574 1339 iniquum,
3603 1276 3660 1323 et

2073 1350 2220 1418 quod
2259 1352 2604 1423 ambiguum.
2644 1354 2769 1409 Haec
2824 1358 2972 1412 enim
3007 1356 3190 1410 omnia
3233 1370 3330 1425 per
3364 1355 3538 1419 ipsum
3566 1354 3660 1408 Al-

2076 1453 2340 1496 coranum
2386 1443 2629 1504 breviter
2671 1453 2802 1499 sunt
2841 1454 2970 1500 ante
3021 1444 3659 1500 demonstrata.Verun-

2077 1538 2257 1586 tamen
2283 1533 2521 1602 idipsum
2568 1534 2900 1591 Aleoranum
2953 1537 3282 1607 legentibus,
3315 1535 3514 1589 melius
3545 1534 3661 1589 haec

2077 1621 2548 1686 demonstrantur.
2576 1627 2776 1694 ,Quare
2820 1643 2920 1683 nos
2960 1629 3222 1682 audacter
3255 1627 3439 1680 dicere
3471 1639 3662 1694 possu-

2078 1729 2222 1781 mus,
2263 1715 2323 1771 Si
2363 1717 2522 1772 nohis
2562 1719 2787 1773 credere
2824 1734 2932 1772 non
2980 1718 3165 1784 vultis,
3209 1717 3549 1772 Alcoranum
3582 1715 3658 1769 le-

2080 1805 2214 1874 gite.
2242 1804 2448 1861 [lorum
2477 1817 2662 1862 autem
2690 1809 2962 1863 contraria
2990 1809 3046 1862 iu
3069 1807 3381 1878 evangelica
3408 1806 3659 1860 doctrina

394 1881 673 1949 καθαρῶς.
704 1882 812 1934 Καὶ
843 1882 951 1952 γὰρ
979 1884 1006 1936 6
1040 1883 1365 1956 Μαχούμετ,
1396 1884 1588 1953 ὥσπερ
1616 1884 1976 1955 ἐξῃρημένως

2086 1895 2378 1953 manifeste
2422 1907 2710 1967 apparent.
2742 1900 2959 1954 Etenim
2991 1899 3331 1954 Mahometus
3361 1898 3658 1967 prmcipue,

395 1973 536 2043 ὑπὲρ
597 1973 806 2037 πάντας
858 1977 985 2038 τοὺς
1035 1975 1194 2042 ὄντας
1259 1977 1549 2048 προφήτας
1595 1977 1628 2048 ἢ
1681 1978 1974 2046 ἐσομένους

397 2063 627 2134 ἐπῄνεσε
661 2065 752 2120 τὸν
793 2065 1051 2134 Χριστὸν,
1073 2067 1219 2122 οὕτω
1256 2069 1349 2124 καὶ
1379 2070 1481 2139 τὴν
1515 2068 1610 2122 τοῦ
1637 2069 1972 2137 Εὑαγγελίου

301 2191 316 2202 ί
396 2153 747 2229 διδασκαλίαν
768 2155 1107 2225 ἐμεγάλυνεν
1138 2158 1279 2228 ὑπὲρ
1311 2157 1495 2221 πάσας
1516 2157 1618 2222 τὰς
1651 2157 1802 2221 θείας
1835 2159 1976 2228 Γρα-

399 2244 526 2310 φάς.
557 2244 750 2314 Ἰσμεν
778 2245 836 2298 δὲ
896 2246 971 2308 ὡς
1000 2246 1160 2299 οὐδέν
1219 2248 1368 2300 ἐστιν
1419 2245 1592 2309 οὕτως
1634 2247 1834 2316 ἰσχυρά
1881 2247 1977 2300 καὶ

397 2336 599 2406 δυνατὴ
637 2337 918 2407 μαρτυρία
949 2337 1296 2402 διδασκαλίας
1331 2338 1365 2408 ἣ
1399 2338 1517 2410 βίου
1546 2329 1647 2408 11.6
1674 2338 1825 2408 παρὰ
1867 2339 1976 2392 τῶν

397 2427 626 2494 ἐπάγειν
653 2428 838 2491 αὐτοῖς
869 2429 1080 2499 μέμψιν
1109 2429 1538 2500 ἐπιχειρούντων
1564 2429 1808 2493 ἔπαινος.
1837 2432 1978 2501 Φησὶ

399 2521 459 2574 δὲ
505 2522 666 2586 αὐτὸς
707 2523 738 2575 6
791 2523 1093 2593 Μαχούμετ
1138 2525 1196 2576 ἐν
1246 2523 1325 2593 τῷ
1387 2523 1724 2594 Ἀλκοράνῳ,
1783 2527 1842 2578 ἐν
1883 2525 1978 2596 τῷ

402 2614 682 2684 κεφαλαίῳ
723 2615 819 2694 τῷἶ
852 2617 1122 2686 Ἐλμεῖδὲ,
1188 2617 1488 2688 Ὦρίσαμεν
1544 2617 1645 2686 τὴν
1703 2618 1821 2671 ὁδὸν
1870 2618 1978 2672 τῶν

399 2704 707 2776 ἀνθρώπων
754 2705 846 2760 διὰ
896 2707 990 2760 τοῦ
1052 2707 1230 2778 Ἰησοῦ
1272 2706 1512 2778 Χριστοῦ
1556 2707 1652 2762 τοῦ
1706 2708 1822 2762 υἱοῦ
1878 2709 1978 2777 τῆς

399 2797 768 2866 Μαρίας,·τοῢ
795 2799 1164 2868 άληθεστάτου
1193 2803 1475 2871 προφήτου
1497 2817 1512 2834 ·
1537 2801 1635 2854 καὶ
1665 2799 1979 2870 δεδώκαμεν

401 2887 552 2959 αὐτῷ
584 2890 645 2942 τὸ
681 2891 1035 2959 Εὑαγγέλιον,
1067 2892 1126 2944 ἐν
1171 2884 1218 2959 ᾧ
1266 2893 1416 2946 ἐστιν
1457 2891 1672 2963 ὁδηγία,
1709 2893 1804 2946 καὶ
1841 2892 1978 2962 φῶς,

405 2983 498 3034 καὶ
535 2982 765 3051 ἀλήθεια
814 2985 1048 3053 φανερά,
1093 2983 1256 3038 Ἀλλά
1289 2987 1381 3039 καὶ
1431 2987 1491 3037 ὲν
1539 2985 1758 3048 πολλοῖς
1791 2985 1979 3049 τόποις

399 3071 496 3125 τοῦ
535 3073 866 3144 Ἀλκορὰνου
898 3073 1256 3146 ἐξῃρημένους
1280 3075 1620 3145 ἐγκωμιάζει
1648 3076 1706 3128 τὸ
1730 3075 1978 3143 Εὐαγγέ-

401 3163 535 3219 λιον.
580 3163 744 3217 Ἀλλὰ
791 3163 883 3217 καὶ
929 3161 1060 3217 αὐτὸ
1091 3163 1154 3218 τὸ
1187 3163 1523 3232 Εὐαγγέλιον
1555 3168 1613 3216 ἐν
1644 3165 1797 3236 πάσῃ
1825 3159 1994 3235 χώρᾳξ

2011 2039 2014 2041 Α
2076 1987 2234 2056 quasi
2281 2003 2446 2058 supra
2489 2005 2680 2045 omnes
2728 1995 3031 2060 prephetas
3085 1991 3180 2060 qui
3237 1999 3369 2046 sunt
3422 1991 3508 2044 vel
3563 1989 3658 2062 qui

2077 2077 2248 2135 futuri
2291 2090 2440 2144 sunt,
2492 2081 2777 2137 Christum
2813 2081 3248 2146 commendavit,
3272 2089 3330 2137 et
3373 2079 3660 2150 Evangelii

2077 2169 2392 2224 doctrinam
2437 2187 2605 2242 supra
2630 2187 2820 2228 omnes
2859 2173 3074 2229 divinas
3107 2172 3427 2241 Scripturas
3455 2173 3665 2241 magniv

2078 2257 2284 2315 licavit.
2325 2259 2545 2316 Scimus
2594 2272 2814 2328 autem,
2843 2261 2993 2330 quod
3045 2261 3258 2316 nullum
3311 2261 3393 2316 sic
3436 2268 3660 2315 esttam

2081 2350 2359 2420 validum,
2382 2360 2604 2422 tamque
2649 2363 2846 2422 potens
2875 2354 3250 2409 testimonium
3281 2353 3549 2407 doctrinae
3580 2353 3661 2408 vel

2080 2443 2229 2509 vitae,
2251 2458 2415 2512 quam
2446 2443 2568 2499 laus
2593 2444 2664 2499 ab
2705 2445 2794 2500 bis
2835 2445 2930 2515 qui
2959 2453 3234 2499 conantur
3277 2444 3666 2513 reprehensio-

2085 2548 2212 2588 nem
2247 2535 2536 2590 inducere.
2573 2535 2718 2591 Dicit
2746 2543 2931 2591 autem
2959 2536 3074 2604 ipse
3109 2534 3454 2589 Mahometus
3478 2535 3530 2587 in
3572 2535 3667 2589 Alc-

2079 2639 2307 2691 corauo,
2342 2628 2396 2680 in
2426 2626 2671 2695 capitulo
2701 2626 2948 2681 Elmeide
2987 2644 3002 2681 :
3053 2624 3497 2680 Terminavitnns
3521 2625 3663 2679 viam

2081 2704 2370 2770 hominum
2409 2731 2507 2786 per
2554 2717 2740 2772 Jesum
2780 2717 3061 2772 Christum
3095 2717 3266 2770 lilium
3322 2717 3526 2778 Mariae,
3573 2732 3667 2771 vc-

2082 2806 2430 2862 racissimum
2451 2809 2795 2876 prophetam,
2819 2819 2876 2863 et
2910 2808 3168 2863 dedimus
3199 2809 3247 2861 ei
3284 2807 3664 2877 Evangelium,

2082 2895 2138 2949 in
2166 2911 2277 2967 quo
2313 2906 2397 2951 est
2458 2897 2722 2952 deductio
2772 2906 2829 2953 et
2884 2899 2976 2952 lux
3004 2910 3056 2952 et
3093 2899 3297 2953 veritas
3349 2899 3662 2953 manifesta.

2082 2987 2150 3041 Et
2203 2988 2256 3042 in
2309 2988 2498 3044 multis
2528 2989 2668 3044 locis
2703 2989 2957 3044 Aleorani
3009 2990 3283 3059 praecipue
3315 2990 3666 3045 commendat

2083 3074 2474 3144 Evangelium.
2525 3077 2746 3133 Etenim
2784 3079 2961 3148 ipsum
3006 3079 3363 3150 Evangelinm
3420 3079 3475 3134 in
3511 3080 3664 3135 omni

2083 3165 2206 3220 loco
2269 3176 2324 3220 ct
2385 3167 2570 3234 lingua
2630 3167 3099 3223 execllentiésime
3159 3167 3364 3222 mundo
3422 3167 3662 3238 seipsum

405 3256 498 3308 καὶ
530 3255 797 3327 διαλέκτῳ
821 3255 1140 3326 ὑψηλότατα
1180 3255 1259 3327 τῷ
1295 3228 1514 3327 κόσμον
1537 3228 1977 3326 φανεροῖῃέαυτό.

2088 3256 2418 3312 manifestat.
2477 3259 2656 3324 Quare
2719 3257 3068 3313 conﬁdenter
3122 3259 3308 3313 dicere
3345 3273 3560 3327 possem
3596 3256 3665 3311 de

405 3348 566 3401 Ὥστε
599 3349 951 3419 θαρρούντως
981 3350 1194 3420 εἴποιμι
1225 3349 1292 3404 ἂν
1334 3351 1468 3420 περὶ
1498 3349 1664 3404 αὐτοῦ
1691 3351 1806 3412 τοῖς
1839 3350 1978 3421 Σαρα

405 3441 685 3508 ρακηνοῐς,
717 3440 777 3491 El
816 3439 892 3508 τῷ
927 3439 1182 3510 ὑμετέρῳ
1227 3439 1475 3507 Μωάμεθ
1507 3438 1789 3509 βούλοισθε
1825 3437 1858 3510 ἢ
1905 3439 1981 3507 μὴ

404 3528 686 3600 βούλοισθε
713 3531 994 3585 πιστεύειν
1036 3533 1166 3604 περὶ
1199 3530 1293 3585 τοῦ
1343 3531 1702 3599 Εὑαγγελίου,
1740 3532 1800 3582 ἐν
1834 3529 1983 3599 αὐτῷ

403 3623 484 3693 τῷ
517 3623 836 3695 Εὑαγγελίῳ
873 3626 1178 3700 ἀνάγνωτε.
1211 3625 1324 3678 Καὶ
1372 3625 1516 3689 ἐπεὶ,
1555 3623 1740 3688 καθὼς
1767 3625 1984 3692 λέγεται

405 3716 466 3768 ἐν
507 3714 588 3782 τῷ
645 3701 961 3787 Ἀλκοράνιρ
1007 3720 1067 3770 ἐν
1113 3716 1193 3788 τῷ
1240 3717 1521 3788 κεφαλαίῳ
1564 3717 1642 3788 τῷ
1702 3716 1985 3788 Ἐλενφὰν,

408 3803 734 3874 βουλόμενος
765 3807 792 3859 6
839 3807 972 3869 Θεὸς
1005 3807 1298 3877 ἀληθεύειν
1335 3808 1436 3880 τὴν
1471 3808 1728 3878 ἀλήθειαν
1771 3808 1862 3863 διὰ
1890 3808 1986 3861 τοῦ

404 3897 567 3965 λόγου
611 3899 804 3966 αὑτοῦ,
840 3903 935 3955 καὶ
970 3903 1362 3957 διακόπτεσθαι
1399 3903 1501 3972 τὴν
1537 3903 1714 3973 ἀρχὴν
1743 3903 1854 3958 τῶν
1899 3905 1989 3957 al-

410 3991 664 4060 ρετικῶν,
707 3991 850 4046 ὥστε
899 3993 1000 4064 τὴν
1069 3995 1330 4065 ἀλήθειαν
1380 3992 1692 4067 ἀληθεύειν,
1740 3997 1837 4048 καὶ
1887 3996 1991 4064 τὴν

413 4085 751 4164 ματαιότητα
812 4086 1206 4154 ματαιοῢσθαι,
1238 4088 1633 4159 προενοήσατο,
1665 4088 1759 4140 καὶ
1784 4086 1988 4157 ᾠκονό-

415 4191 586 4246 μησεν
613 4179 642 4230 6
676 4177 832 4245 Θεὸς,
866 4179 956 4232 ἵνα
993 4181 1069 4250 μὴ
1115 4181 1144 4232 6
1195 4179 1398 4252 κόσμος
1442 4179 1511 4232 δι’
1558 4179 1784 4246 άγνοιαν
1823 4178 1994 4231 ἀπόλ-

411 4271 586 4336 λυται,
628 4271 719 4324 τὸν
747 4271 942 4334 κοινῶς
981 4271 1119 4324 πᾶσι
1161 4274 1257 4328 καὶ
1289 4273 1450 4341 μόνον
1483 4272 1780 4338 ἀναγκαῖον
1803 4271 1995 4341 νόμον,

409 4363 691 4418 τουτέστιν
718 4363 812 4416 τὸν
842 4364 937 4417 τοῦ
969 4363 1326 4433 Εὐαγγελίου,
1355 4363 1460 4418 οὐκ
1481 4365 1540 4417 ἐν
1563 4363 1646 4417 ἐνὶ
1669 4363 1844 4435 τόπῳ,
1872 4363 1990 4419 ἀλλ’

413 4453 472 4504 ἐν
517 4453 799 4525 διαφόροις
835 4453 1148 4525 ἐπαρχίαις,
1183 4453 1295 4508 οὐδ’
1342 4453 1401 4506 ἐν
1435 4453 1518 4507 ἐνὶ
1553 4454 1824 4526 ἰδιώματι,
1857 4441 2013 4512 ἀλλᾶ

2084 3361 2150 3401 eo
2181 3346 2474 3404 Saracenis
2509 3367 2522 3404 :
2557 3349 2612 3404 Si
2656 3360 2837 3404 vestro
2876 3349 3188 3404 Mahometo
3214 3349 3404 3412 vultis,
3437 3349 3519 3402 vel
3555 3363 3664 3402 non

2085 3441 2255 3494 vultis
2285 3441 2518 3496 credere
2547 3442 2615 3497 de
2647 3443 2966 3514 Evangelio,
3005 3443 3057 3497 id
3095 3443 3274 3510 ipsum
3306 3442 3665 3510 Evangelium

2087 3531 2274 3601 legite.
2325 3533 2391 3586 Et
2427 3535 2715 3603 quoniam,
2748 3536 2892 3590 sicut
2945 3536 3152 3591 dicitur
3205 3538 3260 3591 in
3312 3537 3585 3591 Alcorano
3613 3537 3667 3590 in

2087 3611 2332 3692 capitulo
2385 3626 2695 3697 Elemplial,
2746 3629 2940 3684 volens
2989 3629 3132 3684 Deus
3163 3628 3307 3699 quod
3353 3629 3671 3683 verilicetur

2089 3717 2298 3771 veritas
2325 3733 2424 3784 per
2459 3719 2691 3774 verbum
2747 3736 2932 3784 suum,
2965 3730 3022 3775 et
3075 3721 3444 3776 inlercidatur
3476 3722 3672 3792 guber-

2091 3805 2247 3861 natio
2310 3808 2724 3875 haereticorum,
2773 3822 2832 3867 et
2886 3822 2948 3867 ut
2997 3813 3205 3866 veritas
3246 3811 3560 3865 verilicetur
3614 3819 3672 3864 et.

2092 3898 2309 3952 vanitas
2352 3912 2668 3968 evanescat,
2724 3903 2968 3971 providit
3013 3913 3071 3959 et
3125 3903 3467 3974 dispensavit
3504 3903 3670 3967 Deus,

2091 4004 2164 4044 ne
2215 3991 2455 4048 mundus
2502 4007 2601 4062 per
2659 3993 3024 4064 ignorantiam
3083 3996 3395 4064 periret,ut
3427 3994 3513 4047 lex
3550 3993 3662 4058 illa,

2093 4095 2216 4149 quae
2265 4083 2596 4152 generaliter
2637 4063 2894 4139 omnibus
2937 4092 2993 4138 et
3023 4084 3137 4139 sola
3188 4082 3498 4138 necessaria
3529 4090 3668 4148 erat,

2095 4172 2183 4226 lex
2217 4187 2282 4227 ea
2316 4187 2440 4241 qua;
2465 4181 2551 4228 est
2572 4173 2876 4244 Evangelii,
2911 4189 3019 4230 non
3063 4175 3118 4228 in
3150 4190 3262 4230 uno
3312 4173 3582 4238 locogsed
3617 4177 3672 4227 in

2095 4262 2335 4318 diversis
2381 4264 2714 4333 provinciis;
2768 4281 2948 4335 neque
3003 4267 3060 4320 in
3095 4281 3206 4320 uno
3255 4265 3538 4330 idiomate,
3573 4274 3668 4320 sed

2097 4353 2335 4410 diversis
2360 4365 2415 4410 et
2449 4356 2504 4411 in
2537 4357 2792 4414 omnibus
2819 4357 3025 4428 linguis
3054 4358 3410 4422 scriberetur,
3444 4357 3675 4412 Hebrai-

2098 4459 2191 4511 ce,
2218 4444 2430 4512 Graece,
2462 4460 2521 4502 et
2549 4447 2762 4512 Latine,
2795 4456 2853 4504 et
2896 4457 3020 4518 post
3057 4449 3173 4503 hmc
3213 4449 3451 4504 fideliter
3491 4459 3673 4502 trans-

413 4541 690 4616 διαφόροις
769 4547 864 4600 καὶ
935 4545 1252 4610 καθολικαῖς
1318 4546 1621 4612 διαλέκτοις
1674 4549 1983 4620 γραφῆναι,

2102 4539 2364 4596 ferretur.
2400 4540 2463 4595 ln
2497 4541 2604 4597 line
2644 4551 2831 4597 autem
2863 4542 3144 4612 Evangelii
3179 4541 3464 4596 mandavit
3509 4542 3678 4596 disci-

416 4635 686 4705 ἐϐραῖκῶς
736 4641 832 4690 καὶ
881 4636 1196 4707 ῥωμαῖκῶς,
1227 4635 1321 4690 καὶ
1374 4635 1512 4704 μετὰ
1559 4637 1732 4691 ταῦτα
1763 4637 1996 4705 πιστῶς,

343 4741 346 4743 ‘
417 4710 497 4793 εἶς
527 4728 704 4791 πάσας
737 4727 1126 4800 μετενεχθῆναι
1161 4728 1257 4791 τὰς
1280 4727 1616 4792 διαλέκτους.
1659 4731 1802 4799 Πρὸς
1833 4731 1892 4784 δὲ
1918 4731 1997 4802 τῷ

415 4820 884 4890 τοῦἘὺαγγελίου
914 4822 1058 4877 τέλει
1082 4821 1409 4875 ’ἐνετείλατο
1453 4825 1565 4887 τοῖς
1615 4821 1786 4877 αὑτοῦ
1819 4824 1997 4895 μαθη-

421 4914 539 4975 ταῖς
571 4912 599 4964 6
629 4913 865 4982 Χριστὸς
916 4915 997 4975 είς
1045 4911 1222 4966 πάντα
1268 4913 1361 4966 τὸν
1405 4915 1611 4982 κόσμον
1657 4915 1996 4984 δραστηρίως

421 5003 658 5073 κηρύξαι
697 5002 757 5056 τὸ
779 5003 1133 5071 Εὐαγγέλιον.
1170 5003 1350 5074 Ὅπερ
1383 5003 1468 5057 ἵνα
1513 5004 1802 5058 τελειῶσαι
1845 5005 1998 5075 ἰσχύ-

423 5111 583 5160 σωσι,
607 5095 844 5148 δέδωκεν
881 5095 1063 5158 αὐτοῖς
1114 5096 1364 5166 χάρισμα
1391 5097 1676 5164 γλωσσῶν,
1707 5098 1816 5156 καὶ,
1835 5096 1999 5150 δύνα-

427 5203 520 5255 μιν
565 5170 883 5256 θαυμάτων.
915 5188 990 5241 Τὸ
1025 5187 1072 5242 δ’
1124 5189 1450 5259 ’Δλκοράνον
1498 5189 1785 5260 ἀραὸικῶς
1840 5190 2002 5261 μόνον

423 5279 604 5352 ἐαυτῷ
633 5297 800 5349 φησιν
827 5282 931 5335 ὑπὸ
960 5281 1055 5335 τοῦ
1085 5282 1222 5336 Θεοῦ
1247 5282 1499 5338 δεδόσθαι
1529 5298 1545 5316 ο
1573 5281 1672 5336 καὶ
1695 5284 1746 5335 οἱ
1777 5284 1999 5354 Σαρρα-

425 5372 583 5440 κηνοὶ
638 5370 873 5440 βεϐαίως
921 5372 1241 5426 πιστεύουσι
1293 5373 1497 5444 μηδένα
1543 5372 1806 5427 δύνασθαι
1844 5372 2004 5427 τοῦτο

426 5462 756 5530 γινώσκειν,
817 5463 916 5534 τὴν
992 5463 1268 5537 ἀραϐικὴν
1333 5464 1638 5533 ἀγνοοῦντα
1699 5465 2000 5521 διάλεκτον.

429 5553 662 5608 Ἐπεται
707 5554 764 5607 δὲ
824 5556 898 5626 μὴ
950 5555 1162 5620 πάντας
1223 5555 1517 5624 γινώσκειν
1567 5557 1666 5625 τὴν
1729 5558 2005 5627 ἀραϐικὴν

425 5646 701 5712 γλῶσσαν,
739 5649 874 5716 μήτε
905 5647 1165 5701 δύνασθαι
1198 5647 1407 5716 ταύτην
1452 5647 1765 5717 μανθάνειν.
1793 5648 2004 5718 Γέγρα-

431 5756 564 5792 πται
591 5739 646 5792 δὲ
676 5741 734 5794 ἐν
761 5739 838 5808 τῷ
876 5741 1202 5812 Ἀλκοράνῳ,
1243 5740 1428 5804 καθὼς
1469 5739 1566 5794 καὶ
1600 5739 2000 5804 ἀποδέδεικται,

346 5877 364 5896 ,
436 5829 637 5902 μηδᾶνι
684 5831 944 5886 δύνασθαι
999 5832 1238 5900 σωθῆναι
1288 5831 1427 5901 πλὴν
1483 5833 1541 5885 ἐν
1581 5834 1655 5900 τῷ
1706 5834 1854 5902 νόμῳ
1896 5834 2004 5888 τῶν

2098 4633 2246 4704 pulis
2272 4635 2390 4690 suis
2434 4634 2711 4701 Christus,
2745 4644 2808 4688 ut
2836 4633 2892 4688 in
2944 4634 3204 4688 universo
3251 4633 3460 4688 mundo
3489 4632 3677 4687 effica-

2099 4727 2240 4782 citer
2271 4726 2632 4797 Evangelium
2666 4725 3055 4796 praedicarent.
3107 4724 3269 4792 Quod
3303 4733 3366 4779 ut
3408 4724 3679 4794 perﬁcere

2101 4829 2351 4889 possent,
2385 4819 2540 4875 dedit
2577 4819 2660 4875 eis
2702 4819 2935 4890 gratiam
2965 4819 3282 4888 linguarum
3328 4826 3385 4872 et
3413 4817 3677 4872 virtutem

2101 4913 2519 4968 miraculorum.
2570 4914 2905 4969 Aleoranum
2959 4921 3152 4968 autem
3197 4912 3436 4968 Arabicc
3497 4912 3678 4967 solum

2104 5007 2212 5064 sibi
2239 5007 2344 5078 ipsi
2397 5007 2536 5063 dicit
2577 5023 2608 5061 a
2645 5007 2758 5062 Deo
2793 5007 2990 5060 datum
3016 5020 3177 5067 esse;
3209 5014 3266 5061 et
3294 5004 3553 5060 Saraceni
3586 5003 3678 5058 ﬁr-

2104 5103 2272 5157 miter
2303 5101 2562 5164 credunt,
2596 5101 2808 5154 nullum
2845 5115 3007 5169 posse
3051 5097 3158 5153 hoc
3187 5098 3333 5153 scire
3360 5097 3456 5167 qui
3485 5097 3681 5151 Arabi-

2104 5203 2224 5244 cam
2253 5189 2500 5259 linguam
2529 5189 2765 5259 ignoret.
2796 5188 3062 5258 Sequitur
3097 5194 3306 5252 autem,
3343 5199 3453 5238 non
3491 5198 3683 5238 omnes

2103 5279 2249 5335 scire
2270 5280 2558 5336 Arabicam
2584 5280 2850 5351 linguam,
2877 5293 3055 5349 neque
3083 5292 3243 5348 posse
3273 5277 3414 5331 hanc
3445 5272 3679 5328 discere.

2107 5370 2386 5444 Scriptum
2421 5381 2604 5428 autem
2642 5373 2810 5428 estin
2844 5372 3135 5436 Alcorano,
3171 5370 3316 5425 sicut
3344 5377 3401 5423 et
3425 5375 3554 5422 ante
3587 5365 3685 5421 de-

2109 5474 2476 5520 monstratum
2511 5474 2619 5532 est,
2654 5465 2867 5521 nullum
2902 5478 3064 5535 posse
3098 5463 3318 5526 salvari,
3357 5471 3558 5532 praeter
3585 5474 3684 5514 eos

2107 5555 2203 5624 qui
2237 5566 2369 5611 sunt
2401 5557 2455 5611 in
2484 5557 2603 5626 lege
2637 5555 3060 5612 Saracenorum.
3083 5553 3266 5620 Quare
3291 5551 3684 5607 convenienter

2107 5647 2280 5717 quaeri
2303 5637 2536 5718 posset,
2568 5648 2614 5702 si
2648 5649 2794 5703 solos
2820 5647 2955 5703 velit
2984 5647 3293 5702 Saracenos
3331 5643 3474 5697 Deus
3503 5641 3685 5697 salvos

2109 5737 2253 5805 ﬁeri,
2280 5747 2338 5793 et
2365 5753 2460 5794 eos
2488 5738 2580 5808 qui
2602 5737 2890 5793 Arabicam
2923 5737 3165 5804 linguam
3201 5735 3402 5790 sciunt.
3421 5732 3686 5788 Christia-

2110 5846 2308 5887 norum
2341 5840 2523 5890 autem
2549 5831 2657 5898 lex,
2701 5846 2822 5901 qua!
2854 5830 3058 5898 scripta
3086 5837 3166 5882 est
3199 5827 3254 5882 in
3289 5825 3546 5882 erunibus
3577 5823 3684 5879 lin-
