4068 6474
481 368 622 438 1143

1738 372 2121 443 DEMETRII
2163 383 2480 445 CYDONII

3480 442 3483 445 ,
3591 382 3753 449 1144-

478 489 623 575 guis,
659 486 819 556 dicit,
849 489 996 559 quod
1028 489 1177 546 Deus
1202 489 1319 547 vult
1359 505 1554 575 omnes
1583 492 1837 550 homines
1882 492 2063 549 salvos

2172 497 2563 569 Σειρίδακηνῶν.
2601 498 2754 555 Ὄστ’
2786 498 3011 562 είκότως
3041 498 3110 555 ἁν
3144 496 3424 572 ζητηθείη,
3453 498 3500 552 εί
3539 500 3711 570 μόνους

481 574 624 632 fieri.
660 575 922 634 Saraceni
970 579 1160 651 igitur,
1202 585 1295 653 qui
1329 583 1451 640 solo
1489 583 1717 641 nomine
1755 584 1950 641 salvati
1980 583 2065 640 di-

477 677 706 734 cuntur,
741 669 887 726 sicut.
935 679 1066 727 ante
1095 672 1304 728 dictum
1348 683 1454 741 est,
1483 685 1540 731 et
1591 675 1686 732 alii
1730 689 1924 732 omnes
1965 675 2062 747 qui

482 766 791 822 secundum
826 768 1117 824 veritatem
1144 770 1328 827 salvos
1355 786 1415 827 se
1451 772 1570 828 ﬁeri
1603 772 1816 838 volunt,
1846 772 2065 829 discant

475 856 757 912 Christum
810 873 933 914 esse
974 859 1341 926 Salvatorem,
1377 861 1671 933 legantque
1700 862 2060 935 Evangelium

479 948 536 1002 in
595 964 927 1020 quacunque
988 950 1175 1023 lingua
1237 953 1450 1018 volunt,
1507 964 1563 1011 et
1607 955 1891 1012 invenient
1941 957 2061 1014 fere

478 1045 754 1102 contraria
790 1045 970 1097 omnia
997 1059 1119 1113 qua:
1150 1045 1412 1114 praedicta
1442 1056 1649 1104 suntet
1680 1048 2060 1105 demonstrata

479 1132 549 1183 ab
597 1131 895 1187 Alcorano.
943 1133 1379 1205 Invenientqne,
1441 1138 1590 1208 quod
1640 1139 1811 1212 Moysi
1873 1140 1960 1195 lex
2006 1149 2063 1196 et

475 1220 762 1291 propheta:
814 1223 994 1293 ipsum
1042 1218 1340 1292 testantur,
1371 1236 1428 1284 et
1477 1230 1686 1286 nullam
1723 1244 1845 1287 esse
1876 1231 2059 1288 Evan-

476 1312 604 1383 gelii
639 1315 1114 1382 contrarietatem,
1149 1318 1243 1373 sed
1281 1316 1467 1389 potius
1506 1322 1976 1392 complementum
2007 1332 2063 1379 et

474 1406 874 1477 perfectionem
901 1410 1150 1464 omnium
1190 1400 1423 1467 aliarum
1450 1411 1887 1483 Scripturarum.
1911 1414 2067 1470 inve-

473 1499 632 1554 nient
663 1515 888 1573 quoque
929 1502 986 1556 in
1028 1501 1326 1572 Evangelio
1373 1504 1575 1576 stylnm
1625 1521 1735 1560 non
1769 1507 2060 1562 metricum

473 1595 560 1649 vel
594 1594 1106 1667 rhythmicum,sed
1142 1597 1449 1667 simplicem
1476 1608 1533 1654 et
1558 1614 2059 1664 communem,non

475 1688 705 1758 quidem
756 1696 987 1758 propter
1047 1688 1457 1758 simplicitatem
1511 1689 1914 1759 scribentium,
1964 1692 2060 1748 sed

474 1791 703 1852 propter
754 1781 1049 1837 utilitatem
1109 1782 1452 1852 legentium;
1493 1792 1554 1837 ut
1603 1782 1673 1838 ab
1720 1783 1869 1838 omni
1925 1782 2060 1837 sim-

474 1871 607 1939 plici
639 1882 695 1927 et
729 1872 899 1926 idiota
926 1872 1325 1928 convenienter
1356 1872 1585 1942 intelligi
1618 1882 1820 1941 posset.
1846 1872 2065 1927 Modum
2103 1860 2143 1915 Β

472 1978 585 2018 non
614 1954 779 2018 habet
805 1963 1235 2018 assentatorium
1262 1981 1278 2030 ;
1306 1978 1485 2034 neque
1516 1963 1695 2033 turpia
1728 1964 1811 2018 vel
1836 1963 2064 2020 desueta

474 2058 727 2122 nomina,
760 2055 858 2110 sed
896 2056 1214 2111 communia
1249 2064 1305 2111 et
1339 2055 1756 2112 honestissima.
1799 2056 2060 2113 Fabulam

475 2157 662 2204 autem
703 2146 933 2203 omnino
963 2147 1173 2203 nullam
1205 2147 1457 2204 continet
1502 2148 1858 2219 Evangelium
1885 2166 1901 2216 ;
1933 2159 1988 2205 et
2016 2150 2061 2205 si

477 2240 745 2311 quasdam
771 2240 1071 2311 aliquando
1097 2241 1389 2311 parabolas
1412 2241 1660 2312 apponit,
1678 2257 1744 2296 ex
1767 2242 1883 2313 ipsa
1908 2243 2062 2298 verbi

477 2332 877 2403 consequentia
907 2332 1199 2389 manifeste
1226 2333 1559 2399 ostenditur,
1580 2333 1727 2404 quod
1752 2334 2062 2405 parabolice

474 2424 749 2495 loquitur.
781 2422 1055 2479 Convenit
1085 2433 1271 2479 autem
1304 2424 1360 2479 in
1397 2414 1712 2491 sententiis,
1745 2441 1856 2480 non
1883 2425 2062 2482 solum

473 2531 601 2571 cum
635 2514 760 2571 aliis
800 2514 974 2570 sacris
1005 2514 1328 2585 Scripturis.
1357 2515 1504 2572 sicut
1543 2517 1756 2571 dictum
1808 2524 1916 2579 est,
1962 2517 2061 2573 sed

473 2607 642 2660 etiam
694 2622 821 2662 cum
871 2607 1245 2676 philosophis,
1279 2606 1373 2677 qui
1427 2607 1496 2663 de
1540 2608 1844 2664 virtutibus
1893 2615 1950 2663 et
1997 2609 2065 2664 de

472 2708 726 2753 extremo
758 2698 1045 2753 hominum
1086 2697 1195 2753 line
1217 2698 1673 2767 demonstrative,
1710 2700 1794 2754 vel
1825 2700 2068 2755 rationa-

477 2788 673 2844 biliter
707 2797 1109 2844 tractaverunt.
1142 2788 1312 2845 Addit
1361 2789 1531 2845 etiam
1584 2793 1835 2861 quaedam
1880 2790 2067 2853 excel-

474 2882 722 2950 sissima,
755 2881 820 2938 ad
850 2897 973 2953 quae
1008 2878 1279 2938 naturalis
1305 2881 1546 2937 humana
1577 2882 1717 2938 ratio
1741 2897 1852 2937 non
1881 2889 2066 2952 patcst

470 2974 791 3042 pervenire.
842 2975 914 3031 Et
956 2990 1307 3046 nequaquam
1361 2974 1571 3047 aliquid
1614 2974 1782 3039 dicit,
1818 2975 1907 3032 cui
1937 2975 2065 3046 quis

472 3065 911 3123 demonstrative
935 3067 1110 3137 possit
1138 3067 1370 3129 instare,
1400 3066 1531 3137 quia
1561 3081 1687 3123 cum
1716 3066 2065 3123 demonstra-

473 3156 556 3212 tio
588 3158 872 3214 contineat
893 3160 1266 3225 verum,nihil
1288 3169 1474 3231 potest
1505 3176 1627 3218 esse
1642 3161 1697 3223 ei
1725 3161 2064 3218 contrarium

476 3248 589 3304 nisi
623 3249 846 3307 falsum.
889 3249 1322 3323 Speculantibus
1351 3262 1535 3309 autem
1570 3253 1887 3325 diligenter,
1914 3253 2066 3308 nulla

479 3343 850 3399 contradictio
905 3343 961 3398 in
996 3344 1312 3417 Evangeliis
1357 3348 1698 3403 continetur.
1734 3346 1915 3414 Quare
1955 3362 2065 3403 non

474 3436 656 3491 solum
692 3452 862 3493 unum
890 3439 1249 3511 Evangelium
1280 3456 1405 3497 curn
1435 3441 1619 3512 seipse
1651 3441 1933 3508 convenit,
1968 3438 2066 3496 sed

475 3530 650 3585 etiam
694 3538 937 3600 quatuor
985 3530 1131 3586 inter
1173 3547 1255 3597 se,
1302 3533 1358 3587 in
1410 3532 1674 3588 omnibus
1733 3531 2067 3588 necessariis

471 3623 623 3678 circa
659 3621 847 3689 ﬁdem,
875 3622 1203 3693 simpliciter
1244 3624 1620 3691 conveniunt;
1649 3622 1701 3676 id
1733 3631 1838 3685 est,
1865 3622 1936 3677 de
1983 3621 2070 3675 in-

475 3713 823 3781 carnatione,
842 3713 1119 3780 doctrina,
1133 3714 1415 3786 passione,
1429 3714 1861 3781 resurrectione,
1881 3727 2070 3769 ascen-

472 3807 635 3864 sione
676 3806 920 3876 Christi,
963 3817 1023 3862 et
1062 3807 1301 3878 Spiritus
1342 3808 1518 3864 sancti
1569 3806 1874 3872 missione,
1915 3812 1973 3862 et
2019 3805 2065 3862 si

473 3908 716 3970 quatuor
743 3901 1041 3973 Evangelia
1066 3902 1123 3958 in
1152 3901 1384 3959 diversis
1411 3901 1547 3957 locis
1577 3909 1634 3955 et
1677 3898 1912 3954 diversis
1955 3897 2069 3959 lin-

444 3994 620 4067 guis,
666 4011 770 4052 nec
814 4011 929 4051 non
976 4011 1008 4050 a
1056 3996 1295 4052 diversis
1343 3993 1668 4050 auctoribus
1713 4007 1746 4048 a
1788 3989 2066 4063 principio

474 4086 792 4157 conscripta
823 4096 973 4155 sunt,
994 4095 1052 4141 ut
1082 4096 1209 4142 ante
1243 4086 1452 4141 dictum
1487 4092 1592 4139 est.
1610 4075 1844 4150 Quidam
1882 4092 2067 4168 tamen

476 4179 852 4250 simpliciores
899 4179 1399 4242 existimaverunt,
1461 4176 1517 4231 in
1576 4175 1878 4248 Evangelia
1942 4191 2068 4234 esse

477 4271 959 4335 contrarietatem,
988 4280 1288 4341 propterea
1319 4267 1467 4338 quod
1506 4268 1643 4324 illud
1677 4268 1827 4339 quod
1857 4270 1912 4324 in
1955 4268 2068 4324 alio

478 4361 783 4432 Evangelio
814 4362 1159 4427 continetur,
1188 4360 1245 4415 in
1276 4360 1385 4415 alio
1412 4360 1710 4430 Evangelio
1735 4375 1848 4416 non
1871 4361 2066 4431 (conti-

476 4462 668 4511 netur.
700 4453 815 4509 Hoc
848 4464 1034 4509 autem
1063 4468 1173 4508 non
1215 4460 1298 4508 est
1326 4453 1718 4518 contradictio,
1751 4452 1850 4510 sed
1880 4452 2069 4523 potius

2175 591 2421 663 βούλοιτο
2473 590 2716 664 σωθῆναι
2771 590 2900 656 τοὺς
2954 588 3343 665 Σαρῤακηνοὺς
3373 589 3403 642 6
3450 589 3592 654 Θεὸς,
3630 592 3713 645 καὶ

2174 684 2300 747 τοὺς
2324 682 2693 752 γινώσκοντας
2719 682 2820 751 τὴν
2845 683 2955 738 τῶν
2993 682 3241 752 ’Δρὰὁων
3270 679 3538 749 γλῶσσαν.
3578 678 3634 734 '0
3661 681 3713 734 δὲ

2172 775 2280 829 τῶν
2322 772 2666 845 Χριστιανῶν
2708 774 2896 845 νόμος,
2926 774 2956 828 6
3008 775 3070 828 έν
3113 772 3315 837 πάσαις
3344 771 3716 843 γεγραμμένος

2170 868 2294 930 ταῖς
2320 862 2651 931 διαλέκτοις,
2689 867 2827 935 φησὶ
2862 864 2969 919 τὸν
2997 864 3133 919 Θεὸν
3173 867 3382 927 πάντας
3420 862 3714 933 ἀνθρώπους
3766 930 3769 935 η

2172 956 2349 1011 θέλειν
2392 953 2653 1024 σωθῆναι.
2689 955 2756 1008 Ol
2792 952 3144 1027 Σαρῤακηνοὶ
3186 953 3362 1007 τοίνυν
3408 953 3461 1021 οἱ,
3491 952 3626 1021 μόνῳ
3648 950 3715 1019 τῷ

2170 1047 2398 1118 ὀνόματι
2427 1048 2715 1117 λεγόμενοι
2768 1045 3125 1117 σεσωσμένοι,
3167 1044 3352 1108 καθὼς
3396 1044 3714 1113 προείρηται,

2173 1139 2269 1195 καὶ
2297 1141 2346 1194 oi
2377 1138 2527 1195 ἄλλοι
2560 1140 2763 1202 πάντες
2785 1139 2836 1194 oi
2871 1138 3015 1193 κατά
3042 1136 3307 1209 ἀλήθειαν
3337 1136 3571 1206 σωθῆναι
3604 1135 3715 1205 βου-

2171 1231 2413 1301 λόμενοι,
2468 1229 2793 1299 μαθέτωσαν
2845 1229 2939 1284 τδν
2995 1228 3236 1299 Χριστὸν
3292 1224 3435 1282 εἶναι
3488 1227 3714 1295 Σωτῆρα.

2170 1321 2697 1388 ἁναγινωσκέτωσάν
2729 1338 2790 1375 τε
2822 1320 2882 1374 τὸ
2909 1320 3248 1389 Εὐαγγέλιον
3274 1320 3334 1374 ὲν
3438 1320 3504 1374 ἂν
3527 1318 3717 1388 βούλον-

2171 1428 2264 1466 ται
2297 1412 2585 1482 διαλέκτῳ,
2619 1411 2714 1465 καὶ
2753 1412 3051 1483 εὑρήσουσι
3093 1410 3284 1482 σχεδὸν
3313 1411 3532 1465 ἐναντία
3560 1410 3719 1464 πάντα

2169 1506 2286 1566 τοῖς
2316 1504 2739 1575 προειρημένοις
2764 1504 2861 1557 καὶ
2897 1503 3267 1574 δεδειγμένοις
3292 1503 3399 1557 ὑπὸ
3428 1502 3521 1557 τοῦ
3556 1502 3723 1556 ’Λλκο-

2174 1598 2362 1668 ράνου.
2391 1598 2702 1669 Εὖρήσουσι
2749 1598 3251 1671 συμμαρτυροῦντα
3305 1597 3456 1670 αὐτῷ
3511 1597 3595 1652 τὸν
3635 1597 3718 1651 τοῦ

2170 1690 2415 1754 Μωσέως
2449 1690 2614 1759 νόμον
2667 1692 2764 1745 καὶ
2792 1690 2920 1754 τοὺς
2949 1691 3271 1763 προφήτας,
3282 1690 3554 1762 μηδεμιᾶς
3576 1686 3720 1758 οὔσης
3758 1750 3761 1753 _

2172 1784 2312 1855 πρὸς
2359 1785 2560 1848 αὐτοὺς
2594 1782 2688 1838 τοῦ
2739 1785 3078 1855 Εὐαγγελίου
3118 1784 3514 1855 ἐναντιότητος,
3545 1781 3721 1853 μᾶλλον

2175 1879 2278 1948 μὲν
2304 1878 2396 1933 οῦν
2423 1877 2888 1950 συμπληρωτικὸν
2917 1879 3012 1933 καὶ
3036 1876 3359 1949 τελειότητα
3386 1876 3597 1931 πάντων
3629 1872 3722 1927 τῶν

2174 1968 2369 2023 ἄλλων.
2411 1967 2724 2040 Εὑρήσοοσί
2759 1984 2821 2022 τε
2868 1969 2930 2023 ὲν
2966 1966 3046 2038 τῷ
3077 1966 3401 2037 Εὐαγγελίῳ
3431 1966 3625 2036 φράσιν
3666 1963 3718 2017 οὒ

2176 2060 2444 2133 μετρικὴν
2476 2059 2511 2130 ἢ
2556 2058 2855 2132 ῥυθμικὴν,
2893 2058 3011 2114 ἀλλ’
3061 2058 3242 2129 ἁπλῆν
3289 2059 3390 2114 καὶ
3440 2057 3639 2125 κοινὴν,
3668 2055 3718 2108 οὗ

2172 2151 2263 2206 διὰ
2309 2151 2409 2223 τὴν
2464 2149 2746 2220 ἁπλότητα
2795 2150 2908 2205 τῶν
2954 2149 3300 2221 γραφόντων,
3342 2147 3478 2203 ἁλλὰ
3520 2147 3603 2201 διὰ
3638 2146 3721 2214 τὴν

2173 2240 2443 2312 ὠφέλειαν
2506 2243 2619 2297 τῶν
2661 2239 3169 2310 ἀναγινωσκόντων,
3210 2238 3346 2293 ὥσθ’
3397 2237 3502 2293 ὑπὸ
3546 2235 3721 2297 παντὸς

2172 2337 2349 2393 ἁπλοῦ
2383 2354 2444 2392 τε
2500 2338 2599 2393 καὶ
2646 2336 2861 2392 ίδιώτου
2909 2338 3125 2401 οίκείως
3161 2334 3622 2407 ἀναγινώσκεσθαι
3650 2332 3721 2387 δύ-

2173 2431 2397 2487 νασθαι.
2429 2427 2605 2495 Ἧθος
2643 2429 2702 2484 δὲ
2755 2430 2871 2502 ἔχει
2917 2431 2980 2485 οὑ
3033 2428 3449 2496 κολακευτικὸν,
3480 2427 3590 2482 ἀλλ’
3632 2421 3721 2479 οὐδ’

2172 2522 2377 2593 αἰσχρὰ
2402 2522 2436 2593 ἢ
2467 2522 2611 2593 ἀήθη
2640 2521 2908 2593 ὀνόματα,
2936 2520 3073 2577 ἀλλὰ
3106 2521 3264 2577 κοινὰ
3296 2521 3392 2577 καὶ
3425 2518 3717 2590 σεμνότατα.

2172 2615 2361 2671 Μῦθον
2387 2615 2446 2669 δὲ
2473 2614 2668 2670 οὐδένα
2702 2614 2985 2679 παντελῶς
3016 2614 3265 2687 περιέχει
3299 2613 3363 2669 τὸ
3397 2610 3718 2679 Εὐαγγέλιον,

2174 2708 2311 2763 ἀλλά
2335 2708 2431 2764 καὶ
2463 2710 2516 2763 εί
2538 2724 2692 2774 τινας
2720 2707 2894 2763 ἐνίοτε
2927 2707 3247 2780 παραϐολὰς
3273 2708 3652 2779 παρατίθησιν,
3673 2700 3721 2768 ἑξ

2175 2797 2347 2867 αὐτῆς
2400 2799 2502 2869 τῆς
2549 2797 2647 2852 τοῦ
2703 2798 2865 2868 λόγου
2900 2797 3228 2862 ἀκολουθίας
3275 2797 3550 2854 δείκνυται
3586 2812 3722 2865 φανε-

2178 2889 2310 2962 ρῶς,
2352 2890 2437 2944 ὄτι
2499 2888 2891 2960 παρασολικῶς
2937 2877 3278 2960 διᾶλέγεται.
3328 2890 3550 2962 Συνᾲδει
3592 2886 3642 2941 δὲ
3672 2889 3719 2940 ἑν

2174 2983 2296 3045 ταῖς
2334 2980 2680 3050 ἀποφάσεσιν
2721 2980 2784 3034 οὐ
2819 2980 2984 3051 μόνον
3018 2981 3139 3044 ταῖς
3185 2979 3382 3044 ἄλλαις
3414 2981 3577 3051 ίεραϊς
3602 2978 3725 3049 Γρασ

2158 3075 2327 3144 ’φαῖς,
2366 3072 2550 3137 καθὼς
2596 3072 2838 3144 εἴρηται,
2869 3072 3008 3129 ἀλλὰ
3040 3072 3138 3128 καὶ
3160 3074 3271 3138 τοῖς
3292 3062 3603 3142 ’φιλοσόφοις
3626 3070 3718 3130 τοῖς

2176 3166 2306 3237 περὶ
2334 3166 2548 3236 ἀρετῶν
2574 3167 2670 3220 καὶ
2697 3166 2793 3220 τοῦ
2819 3166 3052 3237 ἐσχάτου
3090 3165 3199 3221 τῶν
3237 3166 3539 3237 ἀνθρώπων
3561 3164 3719 3222 τέλους

2171 3255 2571 3318 ἀποδεικτικῶς
2601 3254 2634 3326 ἢ
2662 3254 2899 3324 λογικῶς
2938 3253 3718 3326 πραγματευσαμένοις.ι]ροσ-

2172 3350 2357 3422 τίθησι
2389 3349 2579 3419 μέντοι
2624 3348 2719 3401 καί
2748 3365 2870 3403 τινα
2909 3347 3245 3418 ὑψηλότατα,
3280 3346 3372 3418 ἐφ’
3403 3346 3439 3402 ἁ
3471 3348 3498 3401 6
3523 3339 3720 3414 φυσικδς

2172 3445 2267 3500 καὶ
2310 3443 2654 3516 ἀνθρώπινος
2704 3442 2862 3510 λόγος
2911 3442 2972 3495 οὐ
3019 3441 3246 3497 δύναται
3292 3440 3594 3513 ἐφικέσθαι.
3627 3432 3720 3489 Καὶ

2170 3536 2323 3591 οὐδὲν
2377 3533 2633 3605 οὐδαμῶς
2685 3550 2888 3604 φησιν,
2952 3525 2999 3602 ᾧ
3066 3534 3133 3589 ἀν
3197 3550 3279 3598 τις
3360 3526 3720 3588 ἀποδεικτικῶς

2170 3630 2419 3696 ὲνσταίη.
2446 3627 2559 3695 Τῆς
2604 3626 2711 3696 γὰρ
2744 3625 3082 3691 ἀποδείξεως
3108 3624 3314 3695 ἀληθὲς
3363 3620 3715 3693 περιεχούσης,

2173 3720 2335 3790 μόνον
2403 3720 2466 3773 τὸ
2528 3718 2732 3789 ψεῦδος
2789 3719 2963 3791 ταύτῃ
3029 3716 3254 3773 δυνατὸν
3333 3713 3716 3780 ἐναντιωθῆναι.

2182 3810 2453 3889 ’Δκριβῶς
2492 3828 2553 3865 τε
2601 3810 3028 3874 σκοπουμένοις,
3055 3809 3177 3864 οὐδὲ
3228 3808 3331 3879 μία
3381 3802 3720 3870 ὲναντιολογία

2171 3900 2230 3951 ὲν
2259 3901 2374 3962 τοῖς
2401 3898 2755 3967 Εὑαγγελίοις
2790 3898 3132 3969 εὑρίσκεται.
3174 3898 3341 3951 Ὥστε
3377 3899 3451 3968 μὴ
3491 3895 3639 3965 μόνον
3672 3889 3720 3940 ἓν

2171 3990 2507 4060 Εὐαγγέλιον
2535 3989 2715 4061 ἑαυτῷ
2751 3992 3093 4061 συμφωνεῖν,
3120 3990 3255 4044 άλλά
3284 3991 3380 4044 καὶ
3417 3988 3481 4043 τὰ
3508 3987 3721 4053 τέσσαρα

2170 4080 2426 4157 ἀλλήλοις
2456 4086 2515 4140 ὲν
2547 4085 2685 4139 πᾶσι
2727 4086 2842 4148 τοῖς
2888 4084 3017 4155 περὶ
3051 4083 3151 4156 τὴν
3178 4082 3372 4149 πίστιν
3410 4077 3720 4146 ἀναγκαίοις,
3774 4108 3785 4113 ί

2169 4179 2417 4233 τουτέστι
2445 4178 2574 4249 περὶ
2602 4180 2701 4246 τῆς
2734 4175 3087 4249 σαρκώσεως,
3117 4177 3218 4247 τῆς
3245 4174 3605 4236 διδασκαλίας,
3639 4165 3718 4221 τοῦ

2172 4270 2403 4336 πάθους,
2447 4269 2547 4341 τῆς
2590 4270 2972 4341 ἀναστάσεως,
2999 4270 3102 4340 τῆς
3130 4267 3453 4339 ἀναλήψεως
3494 4264 3580 4317 τοῦ
3610 4260 3720 4327 Χρι“

2173 4362 2327 4425 ατοῦ,
2358 4361 2538 4416 καίτοι
2569 4377 2635 4430 γε
2665 4361 2776 4414 τῶν
2810 4352 3094 4431 τεσσάρων
3140 4359 3491 4429 Εὐαγγελίων
3527 4359 3582 4410 ἐν
3621 4354 3721 4406 6m-

2172 4456 2362 4524 φόροις
2390 4454 2582 4518 τόποις
2622 4454 2721 4509 καὶ
2759 4453 3045 4525 διαφόροις
3089 4453 3419 4517 διαλέκτοις,
3447 4451 3525 4504 ἔτι
3554 4464 3607 4501 τε
3630 4442 3719 4497 ὑπὸ

478 4543 824 4615 dispensatio
873 4543 994 4609 Dei,
1041 4542 1199 4612 quasi
1245 4542 1551 4613 inspirante
1600 4542 1811 4615 Spiritu
1847 4553 2066 4612 sancto,

2173 4545 2451 4619 διαφόρων
2495 4544 2865 4614 συγγραφέων
2900 4546 2958 4610 ἐξ
2991 4544 3170 4614 ἀρχῆς
3214 4536 3717 4611 συγγεγραμμένων,

478 4646 543 4690 ιιι
586 4637 735 4707 quod
786 4635 854 4691 ab
895 4651 1009 4692 uno
1052 4634 1405 4707 Evangelista
1463 4637 1900 4706 praetermissum
1955 4647 2065 4703 est,

2175 4640 2253 4704 ὡς
2304 4639 2654 4713 προείρηται.
2713 4638 2870 4702 Τινὲς
2941 4638 3128 4707 μέντοι
3201 4638 3312 4690 τῶν
3368 4629 3719 4713 ἁπλουστέρων

478 4730 620 4787 alter
657 4729 826 4795 dicat,
861 4728 1009 4800 quod
1064 4737 1251 4784 autem
1282 4727 1353 4784 ab
1382 4744 1493 4785 uno
1528 4730 1866 4801 evangelista
1897 4732 2066 4795 scrip-

2177 4731 2451 4786 ὐπέλαδου
2500 4733 2560 4785 ὲν
2590 4712 2664 4802 τῷ
2706 4729 3030 4801 Εὐαγγελίῳ
3070 4724 3213 4782 εἶναι
3258 4724 3615 4791 ἐναντιότητα,
3644 4712 3718 4769 διὰ

482 4829 600 4877 tum
630 4829 739 4884 est,
770 4821 961 4876 nullus
992 4820 1225 4875 aliorum
1258 4821 1426 4876 trium
1457 4821 1701 4893 negavit,
1733 4822 1821 4878 vel
1844 4832 2066 4877 contra-

2174 4823 2236 4877 τὸ
2266 4823 2409 4895 ὅπερ
2459 4823 2518 4876 ἂν
2549 4823 2631 4877 ἑνὶ
2681 4821 3004 4891 Εὑαγγελίῳ
3039 4819 3379 4891 γέγραπται,
3408 4818 3464 4870 ὲν
3489 4812 3622 4881 ἄλλῳ
3654 4804 3716 4875 μὴ

482 4916 630 4971 rium
655 4914 863 4985 aliquid
880 4914 1155 4970 dixit.Sed
1183 4914 1234 4973 hi
1260 4923 1498 4985 quatuor
1526 4932 1637 4971 non
1666 4915 1851 4971 omnia
1878 4930 2066 4985 opera,

2177 4913 2555 4989 περιέχεσθαι.
2590 4912 2765 4968 Τοῦτο
2793 4913 2851 4965 δὲ
2881 4911 2981 4966 οὐκ
3006 4913 3156 4964 ἔστιν
3187 4904 3568 4973 ἐναντιολογία,
3597 4897 3713 4953 ἀλλὰ

484 5011 574 5064 vel
610 5008 781 5065 verba
811 5008 1019 5063 Christi
1071 5009 1547 5080 conscripserunt,
1592 5008 1689 5066 sed
1739 5009 1920 5065 solum
1946 5023 2066 5079 qua

2180 5008 2385 5080 μᾶλλον
2425 5005 2711 5076 οἰκονομία
2749 5004 2908 5059 Θεοῦ.
2938 5004 3044 5057 Τοῦ
3097 5004 3207 5074 γὰρ
3244 5004 3400 5071 ἁγίου
3433 4995 3715 5063 Πνεύματος

486 5102 557 5159 ad
586 5102 821 5157 Salutem
870 5109 1002 5155 sunt
1031 5100 1207 5172 magis
1235 5103 1571 5159 necessaria.

2177 5098 2617 5172 παροτρύνοντος
2666 5096 2729 5151 τὸ
2772 5095 3067 5167 παρ’.ὲνὸς
3115 5091 3501 5164 εὐαγγελιστοῦ
3551 5095 3716 5139 σεσιω-

486 5196 735 5266 πημένον
773 5193 961 5264 ἕτερος
1006 5191 1153 5251 εἶπε.
1186 5195 1259 5250 Τὸ
1300 5196 1358 5251 δὲ
1393 5197 1483 5266 ὑφ’
1518 5196 1639 5260 ἑνὸς
1708 5193 2099 5265 εὐαγγελιστοῦ
2140 5194 2355 5264 γραφὲν
2399 5191 2579 5254 οὐδεὶς
2646 5192 2927 5262 ἠρνήσατο
2962 5188 3072 5242 τῶν
3101 5185 3276 5241 ἄλλων
3318 5180 3499 5253 τριῶν,
3527 5178 3555 5247 ἢ
3579 5177 3714 5253 ἐγαν·

486 5292 605 5344 τῖον
663 5305 718 5341 τι
776 5284 953 5343 εἶπεν.
999 5286 1163 5340 Ἀλλά
1211 5289 1306 5341 καὶ
1348 5280 1496 5342 οὗτοι
1552 5288 1605 5341 οἱ
1657 5282 1947 5357 τέσσαρες,
2003 5286 2066 5341 οὐ
2103 5287 2285 5341 πάντα
2328 5284 2398 5339 τά
2448 5285 2586 5355 ἔργα
2634 5282 2668 5353 ἢ
2743 5279 2869 5343 τοὺς
2909 5278 3101 5349 λόγους
3146 5276 3240 5331 τοῦ
3291 5269 3519 5344 Χριστοῦ
3584 5276 3716 5319 συνε-

488 5389 796 5459 γράψαντο,
827 5385 962 5439 ἀλλὰ
1004 5387 1164 5455 μόνον
1187 5386 1255 5439 τὰ
1283 5384 1420 5456 πρὸς
1452 5385 1732 5456 σωτηρίαν
1768 5384 2201 5457 ἀναγκαιότερα.
3416 5462 3428 5466 Δ
3484 5460 3496 5466 _
3602 5455 3623 5466 Δ
3671 5448 3683 5466 ⁸

558 5455 849 5549 Quomodo
873 5487 1054 5534 autem
1081 5455 1338 5535 doctrina
1364 5455 1676 5536 Christiana
1702 5477 1945 5549 perfecte
1970 5478 2066 5533 mi-

2251 5476 2379 5538 Πῶς
2411 5476 2471 5529 δὲ
2514 5478 2546 5545 ἡ
2584 5470 2951 5543 Χριστιανικὴ
2998 5466 3319 5523 διδασκαλία
3357 5460 3567 5521 τελείως
3595 5455 3712 5549 θαῦ-

490 5572 700 5628 raculis
754 5571 828 5627 sit
882 5572 1229 5637 conﬁrmata,
1273 5573 1330 5628 in
1361 5571 1597 5644 septimo
1631 5572 1872 5642 capitulo
1895 5572 2066 5628 mani-

2183 5588 2318 5643 μασι
2349 5543 2684 5641 βεϐαιοῦται,
2714 5564 2970 5634 φανερῶς
3010 5566 3069 5618 ἐν
3098 5561 3175 5634 τῷ
3222 5560 3431 5629 ἑϐδόμῳ
3460 5543 3709 5655 sanciat?

492 5666 633 5722 leste
658 5672 786 5720 ante
830 5664 1267 5721 demonstratum
1320 5675 1429 5733 est,
1481 5681 1658 5735 quare
1698 5680 1819 5720 non
1858 5673 2066 5735 oportet

2181 5662 2674 5734 προαποδέδεικται
2694 5674 2709 5691 ⁶
2733 5659 2827 5723 καὶ
2851 5658 2912 5710 οὐ
2940 5658 3024 5711 δεῖ
3043 5656 3137 5709 ὲπί
3166 5655 3325 5707 πλέον
3349 5651 3405 5704 ἐν
3431 5647 3536 5707 τοῖς
3553 5647 3712 5694 αὐτοις

494 5759 734 5830 amplius
785 5759 839 5814 in
890 5759 1099 5815 eisdem
1152 5760 1387 5816 versari.
1434 5758 1595 5814 Nulla
1655 5766 1841 5815 autem
1890 5770 1975 5815 cst
2018 5760 2066 5813 in

2179 5731 2502 5821 διατρίϐειν.
2539 5750 2781 5820 Οὐδεμία
2805 5748 2863 5802 δέ
2893 5749 3053 5835 ἐστινὴ
3072 5747 3129 5799 ἐν
3159 5743 3237 5815 τῷ
3271 5740 3455 5809 κόσμῳ
3486 5731 3708 5837 διδασκῖ

494 5850 702 5909 mundo
727 5852 1001 5920 domina,
1027 5853 1113 5908 vel
1144 5854 1250 5920 lex,
1297 5867 1420 5945 qn‘a:
1441 5855 1520 5910 sic
1556 5851 1900 5910 rationabilis
1924 5851 2066 5908 exsi-

2184 5846 2331 5920 λίκῆ
2368 5848 2524 5915 νόμοέ
2577 5844 2749 5907 οὕτως
2780 5842 2996 5913 εὔλογος
3036 5829 3117 5894 ἲυν
3174 5839 3268 5893 καὶ
3313 5834 3522 5891 τέλειος,
3550 5826 3709 5881 ὥσπερ
