4068 6472
276 422 287 437 ³
373 398 512 467 1145

1570 404 1873 464 CONTRA
1915 401 2430 474 MAHJMETEM.

3496 414 3633 479 1146

373 517 402 569 ὁ
438 514 935 583 εύαγγελικδς,’ὂς
985 516 1167 571 πάντα
1213 515 1283 570 τά
1331 496 1486 584 πάθη
1531 517 1598 570 ἐκ
1640 518 1740 585 τῆς
1795 518 1951 588 ῥίζης

2064 527 2166 575 stat
2188 531 2246 576 et
2283 524 2526 592 perfecta
2569 524 2716 579 sicut
2741 525 3081 595 evangelica,
3110 538 3233 593 quae
3266 540 3458 582 omnes
3502 541 3632 597 pas—

373 605 713 660 ἀνέσπασενο
750 606 812 660 ού
853 607 1018 677 μόνον
1066 607 1167 680 τὴν
1198 606 1440 661 ἄτακτον
1488 608 1795 676 ἐνέργειαν,
1827 610 1860 680 ἢ
1888 609 1951 663 τὸ

371 696 575 763 ἔξωθεν
619 696 775 767 ῥῆμα
819 697 1071 766 κωλύων,
1113 697 1251 752 ἀλλά
1295 700 1391 753 καὶ
1431 698 1531 767 τὴν
1576 698 1817 753 ἄτακτον
1854 699 1949 753 τοῦ

372 786 636 858 λογισμοῦ
686 787 929 859 κίνησιν,
969 790 1003 860 ἢ
1039 789 1140 861 τὴν
1184 790 1335 845 ενδον
1376 790 1641 858 διάθεσιν,
1669 786 1782 843 οἷον
1832 793 1951 844 ἐπι-

374 874 598 947 θυμίαν,
626 878 799 952 ὀργὴν
833 879 1094 944 ἄτακτον,
1132 881 1228 934 καὶ
1272 882 1342 935 τά
1380 880 1628 947 τοιαῦτα,
1662 877 1743 945 οἷς
1774 884 1953 936 πάντα

374 968 444 1022 τὰ
474 968 582 1036 ἔξω
631 971 781 1025 κακά
814 972 1060 1027 ἕπονται.
1094 972 1396 1042 Ἐφύτευσε
1425 972 1484 1027 δὲ
1516 976 1611 1027 καὶ
1657 976 1946 1045 ἀπήρτησε

373 1059 555 1114 πάντα
580 1061 649 1115 τὰ
676 1061 858 1130 ἀγαθὰ
889 1064 949 1117 ἐν
976 1066 1041 1134 τῇ
1072 1062 1263 1135 ἐντολῇ
1291 1064 1391 1134 τῆς
1433 1064 1779 1135 τελειοτάτης
1811 1066 1953 1133 ἀγά-

374 1169 504 1221 πης,
540 1150 637 1204 τοῦ
667 1152 804 1206 Θεοῦ
826 1153 1075 1224 δηλονότι
1122 1154 1221 1207 καὶ
1254 1152 1349 1207 τοῦ
1381 1154 1615 1223 πλησίον
1636 1173 1651 1188 ο
1686 1155 1809 1226 ἣτις
1834 1150 1957 1210 ἐστὶ

310 1237 321 1247 ’
374 1242 654 1314 πλήρωμα
698 1245 888 1313 νόμου.
916 1244 1282 1314 Φυτευθείσης
1318 1246 1428 1315 γάρ
1465 1246 1652 1314 φιλίας
1695 1247 1791 1301 καὶΙ
1816 1247 1958 1317 ἀγά-

375 1348 483 1399 πης
504 1332 752 1400 τελείας,
781 1334 815 1404 ἢ
846 1333 958 1387 τῶν
1010 1333 1157 1387 ίδίων
1210 1334 1435 1401 ἀγαθῶν
1479 1338 1594 1398 τοῖς
1625 1336 1811 1401 ἀλλοις
1841 1354 1958 1391 κοι-

376 1426 569 1476 νωνεῖν
601 1423 931 1492 ἀναγκάζει,
970 1407 1071 1478 οῦκ
1116 1423 1199 1478 ἐτι
1232 1426 1381 1479 ἐστὶν
1413 1428 1716 1494 ἀναγκαῖον
1747 1428 1957 1482 δικαιο-

375 1513 543 1583 σύνην
605 1513 821 1586 ζητεῖν,
878 1516 1181 1583 ἐνάγουσαν
1249 1516 1390 1586 πρὸς
1449 1519 1512 1570 τὸ
1573 1519 1647 1572 τά
1695 1518 1954 1590 ἀλλότρια

374 1606 709 1661 ἀποδιδόναι.
748 1607 870 1661 Ἐτι
899 1608 1146 1678 περιέχει
1190 1608 1252 1661 τὺ
1296 1607 1631 1679 Εύαγγέλιον
1662 1609 1723 1662 τὸ
1759 1610 1958 1664 οἰκειό-

375 1715 538 1752 τατον
594 1699 689 1751 καὶ
739 1700 972 1767 φυσικὸν
999 1701 1374 1770 πρόσταγμα·
1416 1718 1434 1752 ι
1484 1702 1627 1755 Ὅσα
1666 1700 1733 1755 ἀν
1765 1701 1957 1773 θέλητε

377 1786 464 1840 ῖνα
510 1786 737 1840 ποιῶσιν
776 1788 907 1858 ύμῖν
952 1789 1001 1842 οἱ
1051 1788 1352 1860 ἄνθρωποι,
1397 1790 1494 1844 καὶ
1543 1790 1702 1860 ὑμεῖς
1748 1792 1956 1843 ποιεῖτε

2055 613 2245 670 siones
2298 614 2567 670 radicitus
2616 616 2822 672 avellit.
2872 616 2988 670 Non
3050 617 3226 672 solum
3268 617 3631 672 inordinatam

2055 707 2331 762 actionem
2389 717 2448 763 et
2505 708 2752 763 exterius
2808 711 3038 763 verbum
3102 709 3398 777 prohibet,
3444 708 3540 763 sed
3578 717 3636 762 et

2055 800 2430 854 inordinatum
2486 800 2654 855 animi
2717 809 2964 863 motum,
3023 802 3115 855 vel
3165 800 3523 855 intrinsecum
3556 798 3638 854 af-

2056 890 2286 955 fectum,
2322 894 2468 948 sicut
2502 894 3035 963 concupiscentiam,
3069 893 3207 947 iram
3239 892 3635 955 inordinatam,

2057 992 2115 1038 et
2164 984 2392 1049 similia,
2433 1000 2501 1039 ex
2561 984 2764 1052 quibus
2825 985 3011 1038 omnia
3046 984 3189 1038 mala
3240 983 3527 1038 exteriora
3553 974 3637 1036 se—

2057 1086 2329 1145 quuntuy.
2362 1077 2739 1146 Plantavitqne
2780 1086 2835 1131 et
2863 1076 3207 1130 conservavit
3238 1077 3420 1149 omnia.
3492 1075 3635 1128 bona

2058 1163 2113 1218 in
2140 1167 2392 1220 mandato
2435 1166 2850 1235 perfectissime
2881 1165 3216 1229 dilectionis,
3243 1166 3340 1220 Dei
3380 1165 3639 1221 videlicet
3676 1200 3682 1205 .

2060 1265 2116 1313 et
2153 1259 2413 1327 proximi.
2448 1258 2641 1313 Habita
2677 1259 3095 1315 enimamicitia
3135 1257 3481 1312 etcliaritate
3515 1272 3641 1325 pcr-

2059 1343 2201 1400 fecta
2225 1388 2240 1411 ,
2294 1362 2416 1415 quae
2455 1348 2675 1417 prepria
2709 1348 2850 1402 bona
2896 1363 3018 1401 cum
3057 1347 3182 1400 aliis
3230 1345 3637 1399 communicare

2061 1434 2233 1504 cogit,
2258 1450 2368 1490 non
2405 1446 2490 1490 est
2529 1436 2904 1491 necessarium
2924 1436 3198 1507 justitiam
3223 1449 3491 1502 quaerere,
3514 1450 3637 1502 qua:

2061 1542 2165 1582 nos
2194 1526 2407 1582 inducit
2436 1527 2502 1582 ad
2536 1528 2937 1583 restituendum
2975 1529 3182 1584 aliena.
3222 1527 3356 1581 ltem
3391 1526 3639 1581 continet

2064 1616 2420 1689 Evangelium
2456 1620 2926 1676 naturalissimum
2947 1629 2996 1675 et
3023 1618 3461 1689 propriissimum
3483 1631 3637 1670 man-

2062 1710 2252 1765 datum
2289 1730 2303 1767 :
2342 1730 2361 1763 ‹
2390 1712 2740 1783 Quaecunque
2786 1714 2954 1768 vultis
3007 1723 3070 1768 ut
3106 1714 3308 1767 faciant
3344 1710 3500 1765 vobis
3544 1710 3642 1763 ho-

2063 1802 2267 1869 mines,
2308 1813 2362 1857 et
2389 1819 2488 1859 vos
2520 1804 2683 1859 facite
2735 1804 2989 1859 similiter
3025 1805 3108 1858 eis
3152 1803 3225 1855 ³⁸.
3287 1821 3307 1854 ι
3352 1802 3471 1868 Quo
3522 1801 3638 1855 solo

374 1864 577 1946 ὁμοίως
608 1880 811 1942 αὐτοῖς.
846 1899 865 1933 ι
902 1882 966 1934 Ὃ
1000 1883 1159 1950 μόνον
1190 1883 1305 1967 τοῖς
1333 1882 1697 1953 κτησαμένοις
1722 1882 1845 1936 οὐδὲ
1879 1881 1951 1936 ἒν

2064 1892 2281 1958 habito,
2309 1908 2417 1947 non
2456 1903 2542 1949 est
2575 1895 2944 1950 necessarium
2984 1894 3129 1947 aliud
3174 1904 3505 1962 prreceptum
3552 1905 3642 1944 re-

375 1966 504 2022 ἄλλο
539 1968 688 2022 ἐστὶν
715 1971 1014 2038 ἀναγκαῖον
1070 1966 1405 2044 πρόσταγμα
1429 2013 1446 2041 ,
1479 1975 1604 2028 ὅσον
1647 1973 1786 2045 πρὸς
1820 1976 1960 2038 ’τοὺς

376 2060 629 2130 πλησίον.
660 2063 736 2116 Οὐ
770 2064 931 2134 μόνον
957 2064 1016 2118 δὲ
1048 2065 1314 2137 ἀλήθειαν
1339 2066 1587 2138 περιέχει
1628 2067 1688 2120 τὸ
1719 2066 1963 2137 Εὐαγγέ-

376 2150 509 2216 λιον,
553 2153 671 2208 ἀλλ’
722 2153 914 2225 ῶσπερ
964 2156 1313 2211 πιστεύουσιν
1373 2158 1425 2211 οί
1479 2157 1794 2213 διδάσκαλοι
1850 2158 1962 2212 τῶν

376 2240 747 2310 Χριστιανῶν,
782 2246 831 2299 εί
863 2246 922 2299 ἓν
972 2247 1136 2317 μόνον
1167 2249 1227 2302 ἐν
1265 2248 1345 2320 τῷ
1390 2249 1716 2323 Εὐαγγελίῳ
1748 2253 1963 2323 εὕροιτο

276 2384 289 2393 ,
375 2332 593 2402 ψεῦδος,
642 2335 765 2389 ὅλον
821 2337 1050 2402 εἰκότως
1100 2339 1171 2393 ἂν
1225 2342 1584 2413 ὑπωπτεύθη,
1631 2343 1824 2413 ὥσπερ
1868 2346 1965 2398 καὶ

376 2423 638 2496 ἀνωτέρω
682 2428 969 2498 διώρισται
1012 2432 1072 2485 ἐν
1113 2430 1193 2502 τῷ
1236 2432 1446 2503 ἐννάτῳ
1486 2435 1795 2506 κεφαλαίῳ.
1829 2436 1964 2491 Βίαν

370 2513 434 2569 δέ
462 2516 585 2571 οὐδὲ
631 2519 762 2588 μίαν
796 2524 1075 2593 συγχωρεῖ
1100 2524 1161 2577 τὸ
1200 2524 1534 2594 Εύαγγέλιον
1556 2544 1574 2561 ο
1627 2528 1833 2597 μᾶλλον
1865 2529 1965 2599 μὲν

376 2607 471 2663 οὖν
495 2604 589 2663 καὶ
620 2611 790 2683 αὐτὴν
815 2611 914 2683 τὴν
939 2614 1062 2683 βίαν
1092 2614 1186 2669 καὶ
1212 2615 1315 2687 τὴν
1341 2617 1558 2672 ἀδικίαν
1587 2606 1964 2690 μακροθύμως

379 2700 490 2754 δεῖν
521 2702 711 2771 φέρειν
742 2705 931 2774 φησιν,
955 2705 1153 2775 λέγων,
1206 2727 1227 2761 ι
1267 2707 1396 2764 Ἐάν
1432 2710 1516 2774 τίς
1546 2728 1607 2764 σε
1649 2713 1853 2783 ραπίσῃ
1885 2714 1967 2776 εῖς

382 2790 483 2860 τὴν
509 2790 690 2858 δεξιὰν
727 2794 979 2862 σιαγόνα,
1018 2795 1256 2866 στρέψον
1297 2797 1450 2865 αύτῷ
1492 2798 1590 2852 καὶ
1622 2799 1723 2869 τὴν
1755 2800 1924 2869 ἀλλην
1948 2818 1965 2833 ⁸

382 2878 479 2951 καὶ
518 2880 576 2933 εῖ
613 2897 701 2944 τις
740 2882 850 2934 ἀπὸ
897 2883 992 2937 σοῦ
1022 2884 1178 2938 λάϐοι
1228 2884 1320 2941 τὸν
1350 2886 1574 2955 χιτῶνα,
1612 2889 1685 2956 μὴ
1716 2886 1967 2959 κωλύσῃς

292 3038 307 3043 ’
378 2969 563 3035 αὐτὸν,
592 2971 729 3025 ἀλλά
773 2972 864 3036 δδς
913 2975 1009 3029 καὶ
1050 2974 1112 3029 τὸ
1163 2975 1402 3047 ἱμάτιον.
1442 2996 1462 3030 ι
1492 2977 1750 3031 Διδάσκει
1779 2979 1836 3033 δέ
1871 2979 1968 3033 καὶ

380 3060 520 3130 ύπέρ
558 3061 659 3130 τῆς
693 3062 1082 3134 ἐπενεχθείσης
1111 3064 1326 3129 ἀδικίας
1358 3066 1453 3119 καὶ
1484 3066 1677 3136 μίσους
1711 3068 1965 3122 εὐποιίαν

382 3152 478 3205 καὶ
519 3154 744 3225 ἀγάπην
802 3155 1135 3220 ἀποδιδόναι,
1179 3157 1376 3226 λέγων,
1435 3175 1455 3208 ι
1512 3158 1795 3227 Ἀγαπᾶτε
1839 3161 1966 3223 τοὺς

380 3245 611 3316 ἐχθροὺς
643 3246 819 3313 ὑμῶν,
849 3247 1034 3311 καλῶς
1073 3251 1284 3302 ποιεῖτε
1334 3253 1447 3313 τοῖς
1505 3235 1958 3321 μισοῦσινύμᾶς,

381 3338 475 3391 καὶ
508 3337 734 3413 εὔχεσθε
765 3341 910 3411 ὑπὲρ
940 3341 1049 3395 τῶν
1078 3343 1502 3412 ἐπηρεαζόντων
1534 3344 1632 3396 καὶ
1656 3343 1961 3397 διωκόντων

381 3428 547 3495 ὑμᾶς.
588 3448 608 3482 ι
643 3431 717 3484 Οὐ
756 3431 865 3501 μὴν
916 3431 1078 3487 τοῦτο
1128 3431 1607 3509 ἐναντιοῦταιηεῐ
1653 3450 1803 3497 τινες
1848 3436 1960 3489 τῶν

381 3520 727 3590 Χριστιανῶν
778 3523 1008 3592 πονηροὶ
1044 3524 1105 3577 ού
1142 3521 1488 3593 φυλάσσουσι
1537 3525 1716 3580 ταῦτα
1754 3526 1959 3581 πάντα.

382 3612 458 3663 Ub
491 3611 600 3682 γὰρ
642 3614 675 3682 ἠ
717 3613 826 3666 τῶν
858 3615 1114 3685 πονηρῶν
1154 3614 1458 3688 διαστροφὴ
1493 3616 1693 3671 κωλύει
1736 3618 1837 3689 τὴν
1865 3619 1963 3673 τοῦ

381 3703 690 3771 ἀγιωτάτου
721 3705 886 3774 νόμου
921 3706 1240 3777 τελειότητα
1270 3710 1363 3762 καὶ
1395 3708 1678 3780 ἀλήθειαν.

390 3871 394 3875 4
455 3798 840 3871 Εὐτακτοτάτη
875 3799 933 3854 δέ
963 3802 1113 3855 ἐστιν
1142 3802 1176 3873 ἠ
1205 3804 1300 3856 τοῦ
1329 3804 1672 3873 Εύαγγελίου
1703 3807 1964 3863 διδασκα-

384 3888 495 3955 λία,
536 3888 720 3954 καθὼς
753 3893 1242 3962 προαποδεδεικται
1280 3897 1341 3949 ἐν
1385 3895 1463 3967 τῷ
1500 3898 1772 3969 ἑνδεκάτῳ
1798 3918 1968 3970 κεφα-

385 3983 545 4051 λαίῳ,
574 3983 670 4036 καὶ
715 3985 810 4038 τοῦ
849 3987 1044 4055 χρόνου
1079 3987 1252 4055 τάξει,
1291 3990 1388 4042 καὶ
1445 3990 1637 4054 τόπου,
1665 3994 1779 4049 ,καὶ
1822 3994 1969 4048 διδα-

298 4086 307 4091 “
390 4075 640 4141 σκαλίας,
673 4076 766 4128 καὶ
809 4074 960 4145 ὕλης.
1002 4078 1267 4149 Ἀρχεται
1323 4081 1422 4150 μὲν
1467 4081 1576 4151 γὰρ
1607 4082 1671 4136 ἐκ
1701 4084 1800 4153 τῆς
1829 4100 1969 4155 σαρ-

385 4164 606 4230 κεῦσεως
654 4166 747 4221 τοῦ
789 4167 1051 4234 Χριστοῦ,
1080 4170 1175 4222 καὶ
1223 4168 1518 4237 διορίζεται
1562 4172 1633 4226 τά
1681 4173 1821 4242 πρὸς
1865 4175 1967 4244 τὴν

385 4258 637 4330 γέννησιν
671 4258 863 4311 τούτου
894 4258 1191 4329 ἀνήκοντα.
1228 4261 1339 4314 Καὶ
1383 4261 1523 4330 μετὰ
1547 4262 1650 4331 τὴν
1679 4263 1963 4331 γέννησιν,

382 4347 462 4419 τῷ
496 4350 829 4421 προσήκοντι
857 4350 1034 4421 καιρῷ
1065 4350 1314 4405 δείκνυσι
1348 4350 1451 4423 τὴν
1492 4353 1842 4408 διδασκαλίαν
1868 4356 1967 4408 καὶ

323 4448 329 4455 ’
384 4442 484 4512 τὴν
524 4443 716 4511 σοφίαν
763 4442 952 4510 αὐτοῦ,
999 4443 1297 4511 καΓμετά
1356 4444 1530 4499 ταῦτα
1584 4446 1684 4517 τὴν
1731 4447 1967 4519 δύναμιν

2064 1990 2259 2054 spectu
2293 1983 2555 2053 proximi.
2592 1983 2710 2039 Non
2745 1985 2920 2039 solum
2962 1983 3126 2038 etiam
3168 1981 3454 2037 veritatem
3509 1996 3643 2034 con—

2065 2075 2206 2130 tinet
2244 2075 2603 2146 Evangelium
2629 2114 2646 2140 ,
2703 2076 2823 2141 sed,
2862 2075 3005 2131 sicut
3051 2074 3289 2130 credunt
3338 2070 3639 2125 Christiani

2064 2166 2341 2232 doctores,
2375 2167 2419 2221 si
2446 2181 2615 2220 unum
2663 2166 2837 2221 solum
2881 2164 3225 2220 mendacium
3264 2164 3320 2217 in
3348 2161 3642 2232 Evangelio

2067 2258 2439 2326 inveniretur,
2490 2268 2663 2314 totum
2707 2256 3062 2327 Evangelium
3092 2254 3294 2309 merito
3324 2260 3641 2321 suSpcctum

2068 2349 2398 2415 haberetur,
2433 2349 2579 2405 sicut
2605 2348 2864 2419 superius
2896 2347 3326 2402 determinatum
3358 2355 3443 2398 est
3466 2342 3519 2396 in
3546 2357 3643 2396 no—

2065 2457 2139 2497 no
2177 2443 2442 2512 capitulo.
2485 2444 2815 2499 Violentiam
2883 2450 3069 2497 autem
3124 2441 3330 2495 nullam
3400 2439 3642 2508 permit-

2067 2533 2134 2587 tit
2170 2533 2523 2603 Evangelium
2545 2576 2560 2598 ,
2592 2535 2725 2605 quin
2756 2535 2867 2588 imo
2916 2542 2973 2588 et
3000 2536 3173 2602 ipsam
3205 2532 3545 2586 violentiam~
3588 2539 3646 2584 et

2070 2624 2331 2695 injuriam
2359 2626 2634 2695 patienter
2668 2635 2924 2695 oportere
2950 2624 3091 2678 ferre
3123 2625 3237 2687 ait,
3268 2624 3500 2677 dicens:
3532 2641 3551 2672 ι
3587 2621 3644 2677 Si

2068 2718 2197 2787 quis
2255 2729 2308 2773 te
2356 2719 2530 2788 alapis
2587 2717 2926 2788 percusserit
2976 2717 3042 2771 ad
3112 2716 3393 2770 dexteram
3428 2729 3643 2784 genam.

2071 2819 2228 2863 verte
2253 2818 2310 2863 et
2336 2808 2592 2872 alteram,
2623 2818 2677 2862 et
2706 2808 2750 2863 si
2782 2809 2909 2877 quis
2938 2822 2968 2861 a
3004 2816 3056 2861 te
3089 2806 3271 2874 capiat
3305 2806 3552 2875 pallium,
3580 2818 3647 2856 ne

2068 2898 2363 2968 prohibeas
2389 2913 2515 2952 eum
2539 2938 2553 2957 .
2588 2898 2681 2952 sed
2733 2897 2800 2957 da
2833 2897 2998 2952 etiam
3033 2890 3269 2950 tunicam
3302 2894 3376 2947 ³⁷.
3415 2912 3434 2945 ι
3480 2893 3649 2947 Decet

2070 2992 2239 3044 etiam
2270 3005 2370 3059 pro
2400 2989 2551 3044 illata
2599 2988 2797 3059 injuria
2840 2997 2897 3041 et
2941 2986 3090 3051 odio,
3118 2985 3449 3039 beneticium
3483 2994 3537 3037 et
3565 2983 3651 3035 di-

2069 3080 2365 3136 lectionem
2419 3080 2672 3143 reddere,
2706 3080 2900 3134 dicens
2960 3096 2976 3134 :
3017 3096 3049 3130 ις
3097 3076 3313 3147 ῡὶὶίεἰιο
3389 3075 3646 3130 inimicos

1989 3200 2036 3260 ε
2071 3178 2308 3235 vestros,
2359 3169 2674 3225 benefacite
2717 3167 2846 3222 odio
2893 3165 3222 3221 habentibus
3251 3178 3369 3224 vos,
3399 3170 3456 3217 et
3491 3170 3648 3216 orate

2070 3274 2174 3329 pro
2225 3259 2656 3333 malignantibus
2689 3299 2704 3324 ,
2756 3267 2813 3313 et
2851 3257 2939 3312 his
2993 3257 3087 3325 qui
3153 3270 3251 3309 vos
3305 3267 3651 3323 persequun-

2067 3357 2159 3405 tur
2191 3350 2260 3407 ³⁸.
2300 3368 2319 3401 ι
2378 3350 2496 3405 Νοη
2535 3358 2717 3403 tamen
2773 3348 2879 3403 hoc
2929 3347 3277 3409 adversatur,
3330 3344 3376 3399 Si
3422 3341 3646 3413 quidam

2067 3440 2519 3497 Christianorum
2554 3440 2725 3511 iniqui
2763 3454 2869 3494 non
2901 3447 3124 3494 servant
3150 3439 3269 3492 haec
3303 3434 3648 3491 oinnia.Non

2056 3533 2216 3588 enim
2266 3532 2583 3600 iniquorum
2634 3531 2918 3601 perversio
2980 3531 3236 3600 prohibet
3286 3529 3651 3585 sanctissima:

2069 3622 2211 3693 legis
2239 3622 2637 3693 perfectionem
2672 3622 3063 3691 etﬂveritatem.

2142 3806 2289 3861 Bene
2308 3804 2719 3861 ordinatissima
2746 3812 2926 3858 autem
2953 3811 3039 3856 est
3065 3801 3345 3872 Evangelii
3372 3800 3647 3866 doctrina,

2069 3898 2217 3954 sicut
2246 3907 2382 3951 ante
2438 3896 2873 3951 demonstratum
2923 3903 3009 3949 est
3054 3893 3270 3948 decimo
3299 3894 3355 3947 in
3385 3893 3651 3962 capitulo,

2073 4000 2129 4046 et
2158 3988 2422 4057 temporis
2454 3988 2649 4041 ordine
2671 4025 2687 4051 ,
2718 3997 2772 4039 et
2818 3985 2947 4051 loci,
2980 3993 3036 4038 et
3075 3984 3365 4047 doctrinae,
3394 3992 3450 4037 et
3482 3992 3652 4037 male-

2070 4082 2184 4137 riae.
2215 4080 2415 4148 incipit
2438 4078 2584 4133 enim
2614 4079 2683 4132 ab
2715 4075 3098 4131 incarnatione
3133 4075 3366 4139 Christi,
3398 4074 3654 4130 determi‘

2076 4187 2220 4228 nans
2246 4185 2369 4240 qua;
2405 4170 2470 4224 ad
2506 4168 2849 4223 nativitatem
2882 4168 3045 4239 hujus
3075 4176 3204 4223 sunt
3240 4166 3648 4223 convenientia.

2078 4263 2141 4316 Et
2173 4270 2299 4330 post
2332 4257 2678 4314 nativitatem
2710 4258 3061 4312 convenienti
3108 4265 3360 4326 tempore
3407 4257 3652 4311 ostendit

2072 4353 2390 4408 doctrinam
2427 4360 2483 4405 et
2515 4351 2842 4421 sapientiam
2867 4352 3007 4421 ejus.
3041 4350 3108 4404 Et
3137 4356 3258 4419 post
3286 4348 3437 4414 haec,
3469 4357 3524 4403 et
3556 4363 3652 4416 po-

2071 4443 2302 4498 tentiam
2338 4450 2395 4497 et
2424 4442 2786 4509 miracula,et
2812 4441 3071 4510 deinceps
3098 4441 3405 4510 passionem
3430 4449 3484 4495 et
3507 4454 3655 4492 mor-

388 4535 482 4588 καὶ
520 4535 590 4588 τά
641 4533 944 4603 θαύματα·
988 4534 1084 4589 καὶ
1135 4535 1340 4605 ἐφεξῆς
1399 4536 1460 4597 τὸ
1508 4537 1683 4602 πάθος
1723 4543 1821 4593 καὶ
1871 4541 1962 4593 τὸν

2077 4548 2209 4600 tem,
2259 4533 2455 4589 ultimo
2507 4542 2692 4588 autem
2752 4532 3238 4594 resurrectionem,
3278 4540 3334 4585 et
3387 4532 3441 4583 in
3478 4532 3652 4585 cmlos

389 4625 639 4688 θάνατον,
686 4627 914 4698 ἔσχατον
960 4626 1018 4679 δὲ
1060 4626 1160 4697 τὴν
1213 4627 1535 4693 ἀνάστασιν,
1584 4632 1683 4683 καὶ
1731 4630 1834 4701 τὴν
1884 4634 1968 4695 εἰς

390 4718 656 4788 οὐρανούς
708 4718 1006 4790 ἀνάληψιν.
1060 4717 1303 4786 Ἀληθῶς
1358 4718 1462 4787 μὲν
1519 4719 1672 4772 οὐδὲν
1733 4723 1969 4791 πονηρὸν

387 4809 618 4865 δυνατὸν
648 4811 943 4882 εὑρεθῆναι
976 4812 1035 4864 ἐν
1082 4810 1407 4883 διδασκαλίᾳ
1451 4812 1725 4881 τοσαύτης
1765 4813 1971 4867 τελειό-

389 4915 550 4972 τητος
576 4916 593 4933 ⁸
628 4903 679 4955 εί
727 4902 832 4961 καὶ,
864 4904 915 4955 οἱ
957 4903 1183 4957 ἄστατοί
1229 4902 1324 4957 καὶ
1372 4902 1693 4957 ἀπαίδευτοι
1745 4904 1968 4971 λέγουσι

392 4992 743 5065 βλασφημίας
790 4994 946 5058 τινὰς
981 4990 1338 5064 περιέχεσθαι
1392 4996 1452 5049 ἐν
1498 4994 1578 5065 τῷ
1625 4996 1970 5069 Ιεζύαγγελίῳ,

385 5086 578 5155 ὥσπερ
613 5084 744 5157 περὶ
785 5084 886 5155 τῆς
927 5085 1265 5156 σαρκώσεως
1296 5084 1390 5140 τοῦ
1420 5087 1683 5157 Χριστοῦ,
1736 5090 1834 5144 καὶ
1875 5090 1971 5145 τοῦ

388 5178 621 5253 πάθους,
656 5178 737 5231 ἔτι
773 5195 833 5231 τε
885 5179 1015 5248 περὶ
1068 5177 1164 5232 τοῦ
1213 5180 1314 5248 τῆς
1353 5178 1584 5251 Τριάδος
1638 5186 1968 5254 μυστηρίου,

392 5269 524 5339 περὶ
554 5265 752 5341 ὧν(ὼς
778 5268 1131 5340 προείρηται)
1178 5269 1494 5341 γέγραπται
1549 5273 1608 5328 ἐν
1652 5275 1732 5344 τῷ
1778 5276 1970 5329 ’Δλκο-

393 5361 562 5433 ράνῳ,
592 5361 1114 5432 ἀποδοκιμαζόντων
1167 5360 1198 5414 ὃ
1243 5363 1321 5433 μὴ
1369 5363 1577 5419 νοοῦσι.
1627 5364 1964 5436 Βεϐαιοτάτη

389 5450 449 5505 δέ
476 5452 647 5516 ἐστιν,
674 5452 749 5515 ὡς
794 5452 1122 5523 βεϐαιότατα
1158 5452 1568 5524 γινωσκομένη,
1614 5454 1723 5508 τίνι
1762 5456 1962 5526 χρόνῳ,

387 5544 496 5597 ’τίνι
534 5545 704 5614 τόπῳ,
741 5546 832 5598 καὶ
866 5541 1021 5615 παρὰ
1044 5541 1205 5596 τίνων
1237 5544 1544 5614 ἀνθρωπων
1571 5544 1603 5614 ἡ
1630 5544 1965 5617 εύαγγελικη

391 5636 709 5706 συνεῑράφη
753 5633 1092 5689 διδασκαλία.
1133 5632 1255 5686 Ἔτι
1306 5649 1363 5687 τε
1421 5631 1750 5703 βεϐαιοτάτη
1791 5634 1964 5701 ἐστὶν,

463 5816 506 5850 ³⁸
540 5816 730 5875 Matth.
756 5839 848 5890 vn,
884 5822 963 5880 [2.
1044 5823 1085 5859 ³⁷
1118 5826 1304 5883 Matth.
1342 5843 1391 5890 v,
1422 5827 1509 5881 59.
1591 5828 1635 5860 ³⁸
1668 5828 1800 5905 ibid.
1832 5831 1919 5886 Η.

2071 4627 2472 4683 ascensionem.
2514 4624 2657 4681 Sane
2688 4624 2900 4678 nullum
2953 4625 3158 4678 malum
3190 4630 3370 4693 potest
3415 4622 3650 4676 inveniri

2072 4717 2135 4773 in
2162 4717 2420 4772 doctrina
2453 4727 2613 4772 tantm
2668 4715 3024 4785 perfectionis
3070 4733 3086 4769 :
3139 4715 3246 4771 etsi
3290 4715 3572 4769 instabiles
3596 4723 3654 4770 ct

2075 4810 2286 4866 indocti
2320 4810 2526 4876 dicant,
2575 4808 2950 4878 blasphemias
2978 4808 3239 4876 quasdam
3266 4808 3321 4862 in
3354 4807 3655 4877 Evangelio

2078 4903 2378 4964 contineri,
2405 4902 2551 4957 sicut
2577 4904 2641 4956 de
2666 4902 3046 4958 incarnatione
3065 4901 3269 4956 Christi
3294 4911 3351 4956 et
3374 4901 3651 4971 passione,
3705 4946 3711 4973 ε

2080 4994 2214 5049 item
2244 4991 2313 5047 de
2363 4992 2649 5046 Trinitatis
2684 4990 2947 5062 mysterio
2993 5007 3007 5044 :
3038 4991 3107 5043 de
3148 4991 3387 5060 quibus,
3437 4997 3496 5043 ut
3525 4998 3653 5043 ante

2079 5069 2423 5151 dictumiest,
2478 5085 2743 5153 scriptum
2773 5092 2862 5139 est
2908 5083 2965 5136 in
3013 5081 3321 5144 Alcorano,
3368 5080 3513 5151 quod
3547 5076 3689 5148 ipsi'

2016 5162 2027 5173 ’
2078 5176 2379 5247 reprobaut
2434 5189 2557 5244 qua).
2609 5189 2718 5228 non
2764 5173 3100 5243 intelligunt.
3155 5171 3472 5228 Certissima
3519 5185 3653 5224 vero

2077 5278 2165 5325 est
2183 5269 2272 5325 lex
2300 5268 2641 5337 evangelica,
2673 5266 2804 5335 quia
2842 5265 3150 5321 certissime
3178 5264 3354 5319 scitur
3381 5277 3489 5332 quo
3517 5269 3653 5314 tem-

2075 5375 2230 5430 pore,
2276 5375 2390 5429 quo
2418 5360 2572 5424 loco;
2592 5374 2622 5413 a
2654 5357 2857 5432 quibus
2878 5357 3194 5414 hominibus
3225 5355 3535 5424 conscripta
3567 5362 3651 5406 est

2074 5453 2388 5524 evangelita
2433 5454 2708 5508 doctrina.
2739 5451 3123 5508 Ccrtissirnum
3155 5450 3317 5506 etiam
3370 5459 3474 5513 est,
3503 5448 3648 5517 quod

2075 5545 2601 5600 convenientissima
2631 5553 2684 5600 et
2714 5543 2973 5599 facillime
3006 5537 3361 5612 intelligihilis
3385 5553 3494 5608 est,
3519 5539 3648 5611 quia

2075 5636 2782 5724 credendaproponuntur
2838 5635 3371 5713 perrevclalionem
3420 5635 3539 5703 Dei,
3591 5641 3646 5687 ct
