4070 6504
465 406 601 470 ΗΠ

1723 413 2100 473 DEMETHII
2144 412 2460 473 CYl)ONIi
3385 470 3401 484 ,
3597 412 3718 479 Ηίὸ

465 537 572 575 non
597 520 974 591 investiganda
1003 536 1102 592 per
1139 523 1406 578 rationem
1427 565 1441 589 ,
1487 530 1547 577 ut
1577 523 1946 594 simpliciores
1981 524 2047 578 ad

2164 523 2225 585 b;
2274 524 2499 586 τελείως
2549 522 2852 592 νοουμένη,
2899 523 2993 578 καὶ
3045 525 3186 578 κατὰ
3243 527 3339 578 τὸν
3383 527 3722 598 προσήκοντα

463 627 587 666 eam
637 611 800 666 facile
850 615 1112 668 accedere
1159 615 1387 684 possint.
1434 615 1566 670 Item
1604 625 1824 686 oportet
1867 619 2045 680 scire,

464 702 610 773 quod
648 704 784 757 nihil
813 713 897 759 est
930 705 986 759 in
1012 705 1335 774 Evangelia,
1367 706 1510 776 quod
1540 722 1648 760 non
1688 707 1946 776 possibile
1975 707 2047 762 sit

467 811 498 848 a
525 795 686 848 nobis
715 795 986 866 intelligi,
1009 797 1104 866 qui
1132 797 1258 852 fidei
1298 798 1508 853 lumine
1545 814 1736 854 sumus
1763 800 1955 870 adjuti.
1983 800 2049 854 Et

468 887 598 940 licet
643 885 696 940 in
725 901 784 940 se
815 886 1123 942 certissima
1146 928 1164 953 ,
1210 897 1392 944 tamen
1430 905 1540 944 non
1581 891 1652 944 ab
1683 893 1941 968 omnibus
1968 892 2052 945 in-

467 978 759 1048 telligitur,
797 979 889 1033 sed
943 979 1011 1033 ab
1053 980 1356 1036 humilibus
1396 982 1612 1048 solum,
1663 992 1718 1038 et
1752 984 2051 1038 humilibus

469 1068 657 1122 corde.
689 1067 924 1136 Superbi
958 1076 1138 1124 autem
1167 1081 1223 1125 et
1249 1072 1500 1128 carnales
1526 1088 1634 1128 non
1660 1082 1889 1144 possunt
1909 1073 2051 1127 hanc

470 1159 816 1228 intelligere;
877 1174 1113 1229 quorum
1174 1161 1489 1218 intellectus
1535 1163 1616 1218 sic
1649 1179 1709 1218 se
1762 1164 1925 1218 habet
1982 1162 2050 1218 ad

465 1266 628 1316 eam,
672 1251 818 1305 sicut
869 1253 1281 1320 vespertilionis
1330 1255 1526 1309 oculus
1580 1254 1648 1310 ad
1698 1255 1891 1312 solem.
1955 1253 2053 1308 Sa-

466 1331 756 1398 cri-autem
798 1344 1128 1401 Christianae
1157 1347 1282 1402 fidei
1335 1347 1590 1404 doctores
1632 1364 1742 1403 non
1790 1356 2053 1418 tanquam

464 1437 885 1506 vespertiliones
920 1437 974 1491 in
1014 1447 1176 1493 nocte
1213 1439 1419 1504 volant,
1447 1439 1544 1494 sed
1586 1439 1808 1495 attentis
1840 1440 2038 1504 oculis,

469 1539 730 1598 tauquam
770 1524 1037 1598 'aquilm,
1075 1531 1325 1586 veritatis
1377 1531 1562 1586 radios
1605 1531 1659 1586 ln
1692 1531 1892 1601 seipsis
1922 1546 2056 1586 con-

469 1619 837 1688 templantur;
872 1620 998 1674 aliis
1023 1630 1204 1676 autem
1241 1622 1646 1692 ignorantibus,
1692 1629 1749 1677 et
1788 1622 2054 1678 rationem

468 1712 848 1782 quaerentibus
869 1752 884 1778 ,
913 1714 1151 1784 propria:
1191 1712 1630 1784 interpretantur
1659 1713 1783 1770 ﬁdei
1816 1725 1871 1769 et
1915 1713 2058 1769 veri-

474 1804 604 1860 tatis
632 1806 913 1875 mysteria.
947 1806 1015 1861 Et
1041 1821 1152 1861 non
1174 1805 1491 1880 dicunteis,
1519 1808 1664 1862 sicut
1696 1807 1751 1862 in
1783 1807 2056 1862 Alcorano

471 1895 529 1949 in
559 1896 800 1964 capitulo
827 1897 1002 1963 Jonas,
1029 1907 1086 1952 et
1120 1899 1174 1952 in
1213 1898 1459 1970 capitulo
1487 1898 1867 1968 Elcaplterim,
1901 1897 2052 1968 quod

469 1988 808 2043 conveniens
841 1997 929 2043 est
982 1989 1290 2047 Saracenos
1332 1991 1519 2046 dicere
1570 1991 1696 2045 aliis
1731 1990 2058 2045 nationibus

471 2097 591 2144 qua:
615 2097 725 2134 non
755 2081 996 2136 credunt
1023 2121 1038 2146 ,
1081 2091 1136 2138 et
1169 2083 1553 2138 contradicunt
1579 2081 1850 2137 Alrorano
1877 2097 1894 2140 :
1926 2081 2057 2136 Mihi

471 2187 588 2228 mea
627 2173 785 2239 ﬁdes,
819 2182 877 2228 et
909 2174 1068 2230 vobis
1112 2185 1317 2232 vestra.
1351 2176 1458 2232 Sed
1491 2187 1618 2231 sunt
1666 2175 1836 2246 parati
1871 2175 1938 2230 ad
1976 2190 2059 2230 re-

469 2265 824 2332 sponsionem
869 2265 1184 2336 cuicunque
1215 2269 1461 2337 poscenti
1513 2268 1779 2323 rationem
1830 2267 1900 2322 de
1955 2266 2059 2321 [ide

469 2368 527 2410 et
560 2373 656 2426 spe
683 2373 805 2428 quae
832 2357 888 2412 in
913 2359 995 2414 eis
1023 2369 1132 2416 est.
1161 2358 1275 2416 lloc
1315 2370 1499 2416 autem
1527 2371 1610 2417 est
1642 2360 1928 2432 proprium
1971 2375 2063 2414 sa-

470 2452 695 2520 pientis,
751 2453 1022 2507 rationem
1075 2461 1133 2508 et
1178 2468 1399 2510 causam
1442 2457 1525 2509 sui
1574 2454 1758 2524 operis
1811 2453 2062 2509 reddere.

467 2542 641 2597 Aliter
669 2543 818 2597 enim
845 2543 1084 2614 quilibet
1110 2544 1332 2600 futurus
1359 2557 1546 2616 posset
1575 2548 1751 2617 legem
1783 2547 2022 2602 condere
2045 2586 2062 2612 ,

477 2645 535 2688 et
560 2634 894 2690 concludere
919 2636 1187 2706 quidquid
1212 2637 1397 2701 vellet,
1420 2647 1477 2692 et
1495 2639 1703 2704 dicere,
1729 2639 1874 2694 Nihil
1898 2653 2060 2708 opor-

471 2734 551 2780 tet
585 2729 925 2782 contrarium
953 2730 1184 2786 credere
1214 2729 1303 2786 his
1336 2746 1459 2801 quae
1483 2732 1552 2786 ab
1584 2747 1652 2786 eo
1679 2733 1858 2803 posita
1907 2741 2062 2788 sunt.

2150 614 2352 683 τρόπον
2378 629 2392 644 ο
2426 612 2742 682 προτίθεται
2775 613 2903 683 γὰρ,
2942 613 3018 676 ὡς
3073 614 3193 669 δέον
3227 617 3411 688 ταύτῃ
3460 618 3722 672 πιστεύειν

2151 705 2271 776 θείᾳ
2323 704 2689 773 ἀποκαλύψει,
2751 704 2869 758 ἀλλ’
2924 705 2986 758 οὐ
3045 703 3272 777 ζητήσει
3316 703 3366 775 ’ἦ
3428 710 3722 779 καταλήψει

2151 799 2430 866 λογισμῶν
2460 797 2840 868 ἀνθρωπίνων,
2874 797 3016 851 ὥστε
3051 800 3294 862 καὶτοὺς
3317 800 3720 870 ἁπλουστέρους

2153 892 2242 945 ἐπ’
2271 891 2442 961 αὐτὴν
2476 891 2674 961 ῥᾳδίως
2705 890 3024 944 ἀναϐαίνειν
3052 891 3353 948 δύνασθαι.
3387 893 3510 952 Ἔτι
3551 894 3608 947 δὲ
3651 895 3725 947 δεῖ

2155 983 2466 1054 γινώσκειν,
2505 983 2588 1037 ὅτι
2622 982 2791 1053 μηδὲν
2828 984 2976 1038 ἐστιν
3015 986 3072 1037 ὲν
3103 985 3181 1054 τῷ
3211 986 3563 1056 Εὑαγγελίῳ,
3596 986 3622 1040 ὃ
3656 987 3722 1058 μὴ

2152 1076 2380 1131 δυνατὸν
2410 1075 2500 1144 ὑφ’
2537 1073 2694 1144 ἡμῶν
2746 1075 3008 1141 νοεῖσθαι,
3047 1077 3127 1144 τῷ
3165 1077 3272 1146 τῆς
3329 1078 3570 1138 πίστεως
3615 1079 3727 1147 βοη-

2155 1168 2434 1238 θουμένων
2467 1167 2624 1234 φωτί.
2665 1169 2725 1222 Ei
2760 1168 2820 1222 δὲ
2864 1167 2962 1222 καὶ
3005 1169 3396 1239 ἀσφαλεστάτη
3431 1170 3597 1234 ἐστὶν,
3619 1171 3726 1224 ἀλλ’

2153 1263 2304 1332 ὅμως
2332 1261 2432 1330 οὐχ
2461 1261 2568 1315 ὑπὸ
2598 1262 2821 1314 πάντων
2855 1264 3083 1326 νοεῖται,
3125 1262 3242 1316 ἀλλ’
3273 1263 3384 1316 ὑπὸ
3412 1261 3524 1316 τῶν
3551 1281 3729 1318 ταπει-

2155 1353 2492 1423 νῶνμόνονι
2515 1353 2612 1405 καὶ
2653 1353 2930 1406 ταπεινῶν
2981 1348 3049 1425 τῇ
3105 1353 3335 1426 καρδίᾳ.
3369 1355 3438 1408 Oi
3479 1354 3534 1408 δὲ
3576 1356 3729 1426 ὑπερ.

2157 1446 2355 1516 ήφανοι
2385 1446 2481 1499 καὶ
2506 1447 2762 1516 σαρκικοί.
2785 1445 2846 1497 οὐ
2878 1445 3389 1513 δύνανται.ταύτην
3423 1449 3588 1508 νοεῖν,
3615 1440 3728 1498 ὦνὸ

2155 1537 2282 1601 νοῦς
2319 1536 2494 1598 οὕτως
2527 1536 2642 1607 ἔχει
2661 1534 2796 1605 πρὸς
2837 1534 3030 1605 αὐτὴν,
3061 1535 3252 1608 ὥσπερ
3285 1538 3314 1591 δ
3344 1537 3449 1606 τῆς
3491 1535 3728 1605 νυκτερί-

2153 1631 2246 1694 δος
2307 1629 2588 1700 ὀφθαλμὸς
2657 1631 2794 1698 πρὸς
2855 1629 2948 1685 τὸν
3013 1627 3186 1700 ἥλιον.
3233 1629 3300 1684 Οἱ
3357 1629 3415 1682 δὲ
3469 1628 3604 1698 ἱεροὶ
3643 1629 3729 1698 τῆς

2157 1721 2562 1793 Χριστιανικῆς
2608 1722 2848 1785 πίστεως
2893 1721 3233 1786 διδάσκαλοι,
3278 1720 3382 1790 οὐχ
3437 1720 3513 1783 ὡς
3557 1736 3728 1784 νυκτε-

2089 1865 2136 1927 B
2163 1816 2307 1887 ρίδες
2346 1818 2407 1868 εν
2453 1815 2612 1869 νυκτὶ
2645 1816 2928 1880 πέτονται,
2973 1813 3090 1869 ἀλλ’
3122 1815 3382 1868 ἀτενέσιν
3423 1813 3729 1882 ὀφθαλμοῖς,

2163 1909 2354 1978 ὥσπερ
2380 1907 2549 1971 ἀετοὶ,
2575 1907 2676 1970 τὰς
2720 1908 2826 1976 τῆς
2868 1906 3130 1979 ἀληθείας
3175 1908 3414 1969 ἀκτῖνας
3441 1907 3501 1959 ὲν
3538 1907 3730 1966 ἑαυτοῖς

2166 1997 2457 2069 θεωροῦσι.
2488 1999 2617 2062 Τοῖς
2657 1997 2714 2052 δὲ
2757 1998 2939 2060 ἄλλοις
2969 1998 3086 2061 τοῖς
3129 1995 3420 2066 ἀγνοοῦσι,
3454 1997 3551 2050 καί⁵
3590 1995 3729 2062 λόγον

2170 2088 2451 2161 ζητοῦσιν,
2487 2087 2706 2151 οἰκείως
2743 2086 3114 2159 ἐρμηνεῦουσι
3139 2087 3208 2141 τὰ
3247 2088 3355 2157 τῆς
3385 2086 3621 2145 πίστεως
3653 2083 3730 2134 καὶ

2161 2183 2262 2250 τῆς
2291 2181 2556 2252 ἀληθείας
2591 2181 2898 2251 μυστήρια.
2954 2179 3096 2232 Ἀλλ’
3147 2179 3206 2231 οὐ
3259 2179 3519 2248 λέγουσιν
3549 2176 3725 2237 αὐτοῖς,

2163 2269 2354 2341 ὥσπερ
2405 2271 2464 2323 ἐν
2515 2269 2592 2336 τῷ
2671 2267 3008 2338 Ἀλκοράνῳ,
3075 2268 3135 2321 ὲν
3193 2267 3274 2336 τῷ
3336 2266 3624 2334 κεφαλαίῳ
3669 2261 3723 2327 τῷ

2177 2362 2571 2433 Ἐλκαφερεὶμ,
2619 2362 2702 2414 ὅτι
2747 2359 2868 2414 δέον
2931 2360 3058 2423 τοὺς
3119 2359 3517 2430 Σαῤῥακηνοὺς
3571 2356 3724 2423 λέγειν

2164 2457 2278 2517 τοῖς
2309 2453 2490 2515 ἄλλοις
2521 2451 2706 2519 γένεσι
2763 2455 2876 2514 τοῖς
2920 2452 3010 2521 μὴ’
3035 2451 3361 2504 πιστεύουσι
3406 2447 3723 2513 καὶιλέγουσι

2164 2547 2245 2616 τῷ
2282 2545 2616 2614 ’Λλκορὰνῳ,
2659 2543 2816 2614 Ἐμοὶ
2862 2545 2894 2614 ὴ
2948 2541 3132 2604 πίστις
3181 2544 3216 2611 ἠ
3271 2541 3404 2611 ἐμὴ,
3442 2541 3534 2592 καὶ
3563 2535 3723 2606 ὑμῖνή

2168 2640 2412 2708 ὑμετέρα
2437 2653 2450 2668 ο
2485 2637 2600 2690 ἀλλ’
2633 2635 2779 2690 είσὶν
2816 2636 3032 2705 ἕτοιμοι
3065 2634 3204 2704 πρὸς
3240 2633 3549 2700 ἀπολογίαν
3588 2624 3725 2680 παντὶ

2167 2732 2248 2802 τῷ
2277 2730 2521 2784 αἰτοῦντι
2559 2729 2622 2782 λό
2636 2745 2725 2798 γον
2775 2729 2907 2798 περὶ
2937 2727 3038 2797 τῆς
3066 2728 3126 2779 ὲν
3163 2727 3356 2788 αὐτοῖς
3384 2725 3615 2780 πίστεως
3647 2717 3724 2770 καὶ

403 2813 408 2820 ’
470 2822 708 2888 ἐλπίδος.
737 2825 912 2879 Τοῦτο
941 2827 997 2881 δέ
1026 2828 1176 2883 ἐστιν
1213 2827 1347 2883 ἴδιον
1395 2828 1493 2883 τοῦ
1531 2830 1724 2899 σοφοῦ,
1747 2830 1908 2899 λόγον
1952 2829 2048 2885 τοῦ
2091 2829 2223 2884 ἰδίου
2253 2829 2420 2899 ἔργου
2454 2824 3034 2887 ἀποδιδόναι.·Ἀλλως
3103 2825 3215 2894 γὰρ
3284 2821 3354 2875 ἂν
3389 2822 3496 2884 πᾶς
3525 2818 3724 2885 ἀνόητος

469 2919 702 2989 ἠδύνατο
737 2922 903 2990 νόμον
958 2924 1288 3008 συντιθέναι,
1331 2926 1430 2979 καὶ
1472 2929 1874 2999 συμπεραίνειν
1916 2928 2054 2998 ὅπερ
2097 2926 2163 2979 ἂν
2227 2917 2491 2996 βούλοιτό,
2519 2923 2612 2977 καὶ
2642 2921 2826 2990 λέγειν
2887 2919 3054 2991 μηδὲν
3077 2918 3190 2972 δεῖν
3218 2917 3466 2974 ἐναντίον
3501 2910 3722 2967 πιστεύει

471 3013 600 3066 σθαι
630 3017 742 3076 τοῖς
781 3015 876 3068 ὑπ’
905 3016 1076 3070 αὐτοῦ
1111 3017 1474 3088 τεθειμένοις.
1597 3065 1600 3070 .
2453 3019 2459 3024 ’

525 3155 690 3210 XVII.
726 3154 800 3209 De
825 3153 1221 3211 Saracenorum
1253 3162 1591 3228 responsione
1619 3162 1690 3214 ad
1716 3162 1990 3216 vrcrdicta.

544 3355 622 3409 Ad
686 3356 804 3427 haec
861 3366 1047 3412 autem
1116 3369 1391 3412 conantur
1455 3361 1788 3430 respondere
1837 3361 2058 3430 quidam

470 3448 844 3518 superstitiosi
912 3458 970 3504 et
1025 3453 1358 3506 contentiosi
1416 3453 1675 3543 ὅθι-θοριιί
1709 3494 1723 3516 ,
1773 3453 2060 3510 dicentes:

478 3542 596 3596 Non
632 3543 867 3598 dicimus
898 3543 1046 3616 quod
1082 3545 1439 3614 Evangelium
1476 3563 1584 3601 non
1614 3547 1738 3601 sita
1780 3548 1910 3609 Deo,
1937 3561 2062 3601 cum

473 3635 812 3688 Aleoranum
860 3635 966 3688 hoc
1002 3635 1294 3692 manifeste
1321 3645 1578 3705 testetur,
1617 3653 1797 3706 neque
1826 3638 2066 3694 dicimus

479 3727 864 3798 imperfectum
897 3745 1042 3795 esse,
1073 3745 1198 3785 eum
1247 3747 1278 3786 a
1311 3732 1424 3786 Deo
1451 3733 1517 3788 sit
1549 3774 1564 3798 ,
1626 3732 1720 3786 sed
1756 3740 1862 3786 tam
1893 3731 2064 3786 ardua

475 3830 536 3874 et
588 3819 832 3890 perfecta
873 3821 1120 3877 continet
1166 3823 1548 3894 Evangelium,
1581 3831 1642 3876 ut
1681 3839 1787 3877 non
1833 3824 2066 3878 sulliciat

389 3967 401 3985 κ
477 3913 723 3967 rutundus
759 3929 823 3967 ea
878 3913 1168 3980 perﬁcere.
1223 3914 1359 3979 Quis
1410 3914 1558 3969 enim
1613 3914 1788 3969 Deum
1839 3931 1906 3970 ex
1950 3925 2067 3970 toto

478 4005 670 4071 corde,
696 4015 752 4060 et
781 4005 1094 4074 proximum
1129 4008 1274 4064 sicut
1309 4007 1553 4076 seipsum
1589 4016 1773 4076 potest
1803 4008 2068 4080 diligere?

476 4097 612 4164 Quis
652 4107 833 4167 potest
888 4115 988 4168 pro
1038 4100 1502 4171 persequentibus
1566 4109 1621 4154 et
1682 4101 2069 4156 calumnianti-

478 4192 586 4247 bus
612 4191 818 4246 orare?
847 4192 986 4258 Quis
1017 4207 1085 4246 ex
1131 4202 1246 4248 toto
1284 4192 1451 4247 corde
1488 4191 1812 4251 benefacere
1846 4197 2070 4250 malefa~

479 4284 806 4340 cientibus?
860 4284 927 4338 Et
973 4284 1080 4338 alia
1127 4284 1378 4353 quaedam
1415 4285 1810 4354 perfectissima
1845 4292 2070 4344 mandat

482 4372 859 4442 Evangelium.
891 4373 1160 4438 Quoniam
1197 4374 1363 4442 igitur
1395 4389 1506 4428 non
1547 4387 1666 4431 erat
1704 4377 1790 4433 lex
1817 4394 1940 4450 quas
1965 4395 2066 4448 po-

485 4464 681 4520 tuisset
727 4465 964 4529 servari,
1022 4464 1268 4534 providit
1323 4467 1528 4522 mundo
1560 4468 1704 4524 Deus
1743 4485 1842 4538 per
1889 4471 2066 4541 legem

2092 3167 2138 3226 (ι
2175 3156 2276 3212 1Ζ’.
2317 3157 2456 3228 Περὶ
2487 3155 2600 3225 τῆς
2648 3153 2767 3228 τῶν
2813 3153 3220 3228 Σαῤῥακηνῶν
3245 3151 3578 3220 ἀπολογίας
3600 3143 3726 3222 πρίξς

2698 3226 2769 3277 τὰ
2799 3227 3220 3294 προειρημένα.

2245 3362 2388 3434 Πρὸς
2415 3361 2592 3416 ταῦτα
2629 3361 2686 3413 δὲ
2740 3358 3121 3430 ἐπιχειροῦσιν
3169 3355 3562 3428 ἀπολογεῖσθαί
3601 3365 3725 3410 τινες

2169 3451 2566 3521 δεισιδαίμονες
2593 3451 2958 3520 Σαῤῥακηνοὶ,
2997 3449 3092 3501 καὶ
3130 3448 3414 3520 δυσ-ἔριδες
3434 3488 3449 3512 ,
3479 3445 3723 3511 λέγοντες·

2173 3547 2248 3598 Οὐ
2281 3545 2464 3613 φαμὲν
2500 3544 2562 3597 τὸ
2625 3542 2967 3610 Εὐαγγέλιον
3005 3540 3107 3594 οὐκ
3144 3537 3288 3594 εῖναι
3496 3532 3640 3592 Θεοῦ,
3674 3527 3726 3579 τὺ

2172 3636 2282 3706 γὰρ
2323 3635 2650 3706 ’Λλκοράνον
2698 3631 2859 3687 τοῦτό
2925 3649 3114 3702 φησιν’
3165 3631 3292 3686 οὔτε
3345 3629 3520 3700 φαμὲν
3563 3621 3726 3684 ἀτελὲς

2174 3725 2338 3793 εἶναι,
2370 3727 2526 3798 παρὰ
2570 3725 2708 3780 Θεοῦ
2736 3727 2818 3779 δν⁸
2863 3725 2982 3778 ἀλλ’
3015 3725 3159 3778 οὕτω
3201 3724 3422 3794 μεγάλα
3445 3719 3536 3773 καὶ
3567 3715 3727 3768 τέλεια

2177 3820 2426 3891 περιέχει
2453 3819 2515 3872 τὸ
2543 3819 2901 3886 Εὐαγγέλιον,
2934 3817 3077 3870 ὥστε
3107 3817 3181 3887 μὴ
3209 3817 3404 3888 ἀρκεῖν
3427 3814 3518 3866 τὸν
3545 3807 3725 3875 κόσμον

2175 3912 2349 3966 ταῦτα
2378 3910 2621 3965 τελέσαι.
2666 3911 2765 3973 Τίς
2797 3911 2908 3980 γὰρ
2940 3909 3034 3963 τὸν
3081 3908 3214 3961 Θεὸν
3251 3909 3314 3973 ἐξ
3341 3907 3467 3975 ὅλης
3499 3897 3726 3968 καρδίας,

2176 4005 2387 4062 καὶτὸν
2419 4003 2651 4074 πλησίον
2703 4004 2779 4066 ὼς
2822 4002 3016 4054 ἑαυτὸν
3069 4001 3296 4054 δύναται
3341 3995 3596 4065 ἀγαπᾷν;
3641 3985 3723 4045 Τίς

2173 4099 2406 4153 δύναται
2439 4095 2582 4168 ὑπὲρ
2609 4096 2719 4150 τῶν
2785 4095 3091 4149 διωκόντων
3135 4092 3417 4161 εὓχεσθαι,
3450 4089 3540 4141 καὶ
3577 4093 3721 4168 συκο-

2175 4185 2524 4257 φαντούντων
2598 4185 2698 4247 Τίς
2744 4184 2806 4248 ἐξ
2846 4184 2975 4252 ὅλης
3021 4182 3122 4251 τῆς
3167 4179 3400 4249 καρδίας
3445 4166 3725 4242 εὐεργετεῖν

2175 4279 2302 4340 τοὺς
2352 4277 2829 4340 κακοποιοῦντας;
2865 4276 2975 4328 Καὶ
3022 4274 3161 4328 ἀλλα
3198 4273 3265 4325 δέ
3292 4286 3415 4324 τινα
3440 4261 3724 4318 τελειότατα

2179 4372 2521 4443 προστάττει
2567 4370 2628 4422 τὺ
2689 4368 3044 4435 Εὐαγγέλιον.
3108 4367 3231 4418 Ὅτι
3285 4362 3467 4416 τοίνυν
3513 4354 3608 4443 οὐξι

2177 4466 2342 4534 νόμος
2393 4462 2683 4533 τηρεῖσθαι
2730 4461 3051 4529 δυνάμενος,
3088 4457 3458 4527 προενοήσατο
3509 4442 3600 4498 τοῦ
3647 4437 3723 4534 κί-

486 4557 713 4618 salutis,.
742 4565 798 4611 et
829 4557 973 4612 levia
1005 4555 1136 4610 fecit
1166 4555 1446 4624 mandata,
1474 4568 1531 4613 et
1558 4559 1710 4614 dedit
1745 4527 2062 4616 mundova

2181 4527 2318 4620 cuou
2355 4557 2384 4607 ὁ
2415 4527 2548 4616 Θεὸς
2584 4552 2676 4606 διὰ
2705 4550 2801 4605 τοῦ
2825 4527 2992 4620 νδμου
3023 4548 3125 4619 τῆς
3155 4545 3449 4616 σωτηρίας,
3465 4538 3558 4633 οιαὶ
3584 4527 3722 4633 exod-

485 4662 774 4714 corauum,
805 4649 955 4715 quod
988 4644 1212 4699 minime
1243 4645 1490 4701 continet
1519 4645 1760 4702 ditlicilia
1804 4649 1939 4714 haec,
1971 4647 2062 4704 sed

2177 4667 2306 4719 φισε
2345 4652 2446 4712 τὰς
2476 4643 2722 4710 ἐντολὰς,
2754 4645 2882 4705 δοὺς
2926 4643 3007 4713 τῷ
3050 4642 3242 4712 κόσμῳ
3286 4642 3348 4692 τὸ
3402 4623 3717 4719 ’Λλκοράνοξν

484 4738 646 4794 facile
679 4748 763 4793 est
801 4739 866 4793 ad
899 4736 1225 4794 salvandum
1267 4739 1517 4795 homines
1547 4757 1646 4810 per
1674 4743 1876 4811 ipsum.
1917 4742 2072 4798 Unde

482 4834 698 4898 dicunt,
739 4833 1076 4887 Alcorannm
1107 4833 1280 4902 magis
1313 4849 1434 4888 esse
1464 4850 1779 4902 commune,
1812 4847 1869 4890 et
1913 4835 2072 4890 valde

486 4927 738 4982 suﬂicere
767 4925 832 4979 ad
865 4924 1099 4980 salutem
1131 4926 1362 4979 mundo.
1395 4928 1452 4982 Et
1485 4940 1712 4998 propter
1745 4929 1850 4984 hoc
1875 4917 2075 4984 vocant

485 5020 817 5074 Alcoranum
873 5019 1282 5073 antonomatico
1351 5019 1528 5088 legem
1589 5022 1801 5076 salutis.
1872 5023 2074 5076 Dicunt

489 5109 688 5178 igitur,
723 5109 870 5178 quod
903 5109 1239 5164 Alcoranum
1277 5114 1719 5183 successitquasi
1749 5115 1870 5170 loco
1898 5115 2076 5170 Evan-

487 5200 640 5269 gelii,
670 5209 726 5255 et
757 5199 1028 5269 quidquid
1059 5199 1185 5255 boni
1218 5211 1337 5257 erat
1358 5201 1412 5256 in
1437 5203 1754 5274 Evangelio,
1789 5212 1962 5258 totum
1991 5211 2076 5258 est

489 5291 544 5344 iu
578 5291 872 5357 Alcorano;
908 5300 965 5346 et
995 5291 1141 5362 quod
1163 5293 1272 5364 jam
1307 5309 1419 5349 non
1465 5305 1549 5351 est
1573 5310 1713 5365 opus
1755 5294 2071 5366 Evangelia.

489 5381 599 5438 Sed
646 5385 753 5438 hoc
807 5383 1158 5440 manifestum
1223 5387 1473 5442 continet
1528 5387 1898 5443 mendacium.
1957 5386 2073 5442 Non

487 5473 638 5528 enim
667 5474 931 5544 possibile
972 5487 1056 5533 est
1100 5477 1318 5543 dicere,
1361 5479 1429 5534 ad
1466 5488 1684 5549 tempus
1717 5479 1908 5534 datum
1951 5495 2075 5535 esse

493 5563 871 5635 Evangelium,
909 5577 968 5623 ut
1001 5579 1132 5641 puta
1165 5586 1338 5642 usque
1368 5572 1437 5645 ad
1468 5571 1820 5638 Alcoranum,
1866 5581 1923 5627 et
1952 5580 2076 5642 post

490 5652 610 5711 lia-.c
657 5659 988 5716 Aleoranum
1043 5664 1091 5718 ei
1143 5664 1482 5719 successisse
1515 5662 1584 5717 ad
1633 5664 1862 5718 salutem
1899 5664 2078 5718 homi—

488 5757 646 5834 num,
694 5766 817 5806 cum
848 5753 1180 5809 Alcorauum
1234 5756 1525 5811 manifeste
1557 5763 1807 5820 testetur,
1835 5755 1981 5825 quod
2019 5756 2073 5809 in

497 5835 792 5914 Evangelio
815 5857 900 5903 est
941 5848 1200 5906 deductio
1239 5859 1292 5905 et
1324 5849 1493 5905 salus.
1530 5848 1796 5904 l‘raﬂerea
1838 5863 1946 5903 non
1977 5863 2074 5919 po-

2179 4710 2253 4815 i‘il
2310 4710 2569 4812 περέέχον
2631 4741 2700 4794 τὰ
2755 4710 2994 4810 δυσχερῆ
3046 4710 3244 4800 ταῦτα,
3294 4728 3427 4786 ἀλλὰ
3481 4710 3724 4815 ῥᾴδιονηὸῖι

2179 4805 2411 4906 ἒτρδςλτο
2446 4805 2719 4896 σωζεσθαι
2752 4805 3006 4884 δι’
3051 4830 3178 4891 τοὺς
3215 4805 3722 4906 ἀνθρώπους-’θθῆ

2179 4891 2315 4994 φασί
2361 4925 2422 4976 τὸ
2464 4891 2797 4992 Ἀλκορὰνον
2830 4918 3031 4987 μᾶλλόν
3081 4911 3223 4970 εἶναι
3265 4891 3458 4968 κοινὸν,
3497 4901 3582 4953 καὶ
3615 4891 3714 4993 λίαν

2176 5017 2371 5087 ἀρκεῖν
2430 5013 2571 5080 πρὸς
2637 5012 2918 5084 σωτηρίαν
2953 5009 3032 5080 τῷ
3065 5009 3277 5078 κόσμῳ,
3325 5002 3431 5058 Καὶ
3463 4994 3548 5049 διὰ
3581 4997 3716 5087 τουτο

2177 5079 2406 5163 καλοῦσι
2425 5079 2488 5160 το
2523 5079 2851 5176 Ἀλκοράνον
2866 5079 3230 5174 παρωνύμως
3261 5099 3420 5168 νόμον
3447 5079 3713 5184 outrage?

2177 5198 2317 5252 Φασὶ
2351 5195 2556 5259 τοίνυν,
2595 5173 2767 5247 suis
2809 5173 3141 5262 Ἀλκοράνον
3170 5187 3436 5252 διεδέξατο
3461 5177 3518 5231 τὸ
3560 5173 3713 5272 Effer

2177 5292 2380 5360 γέλιον·
2420 5289 2515 5341 καὶ
2549 5288 2658 5341 πᾶν
2696 5288 2834 5356 ὅπερ
2862 5280 2932 5355 ἦν
2963 5260 3168 5352 ἀγαθὸν
3195 5283 3254 5336 ὲν
3295 5276 3371 5344 τῷ
3408 5260 3712 5360 Εὑαηελίφὶρ

2178 5344 2353 5446 οὕτως
2387 5382 2511 5435 ὅλον
2545 5381 2605 5432 ὲν
2652 5377 2733 5448 τῷ
2771 5344 3091 5447 ’λλδίοράνῳ
3141 5373 3311 5438 ἐστίν.
3343 5363 3492 5426 Ὣστῖ
3520 5355 3613 5427 ἤδη
3645 5344 3708 5448 lilii

2179 5438 2533 5545 sivat'xpsiav
2558 5471 2652 5524 τοῦ
2704 5438 3074 5538 ίῧὺαγγελίουί
3119 5467 3281 5521 Ἀλλά
3308 5458 3472 5516 ταῦτα.
3503 5438 3707 5520 φανερὸν

2181 5570 2505 5641 περιέχουσι
2535 5564 2753 5636 ψεῦδος.
2780 5563 2858 5616 Οὐ
2877 5563 2986 5632 γὰρ
3012 5561 3238 5614 δυνατὸν
3261 5557 3434 5623 λέγειν

2184 5627 2276 5733 ρὸν
2303 5627 2562 5714 δεδόσθαί
2591 5659 2653 5710 τὸ
2687 5627 3047 5723 Εὑαγγέλι-ον,
3081 5648 3195 5707 οἷον
3228 5649 3398 5722 μέχρι.
3417 5635 3509 5733 105-
3541 5627 3704 5733 ’ξλξῗ

2184 5709 2682 5824 agripeta:
2730 5709 2905 5802 ταέτα
2941 5746 3001 5800 τὸ
3036 5709 3356 5817 ίΑλκοριὰνον
3402 5728 3523 5786 αὐτὸ
3555 5709 3704 5824 meo?

2184 5802 2204 5824 I‘
2223 5802 2272 5806 ⁷⁷⁷
2300 5802 2340 5805 '-
2453 5802 2462 5803 ί
2540 5802 2560 5820 ς
3200 5802 3212 5817 '
3633 5809 3643 5820 .

2183 5846 2376 5912 ξασθαι
2432 5845 2562 5915 πρὸς
2618 5843 2716 5913 τὴν
2770 5841 3052 5912 σωτηρίαν
3103 5839 3211 5894 τῶν
3246 5828 3544 5901 ἀνθρώταιδνο
3585 5802 3701 5865 Αυτδ
