4070 6466
375 431 514 502 illi)

1586 433 1884 494 CONTRA
1926 431 2436 496 MAIIOBIETEM.

3491 421 3626 485 11ἰο

373 553 484 629 γᾴρ
536 550 597 604 τὸ
642 547 972 621 ’Δλκοράνον
1014 547 1268 620 φανερῶς
1316 549 1609 618 μαρτυρεῖ,
1649 546 1734 599 ὅτι
1789 547 1849 598 ὲν
1879 542 1953 613 τῷ

2063 519 2322 610 testdici,
2358 548 2504 616 quod
2543 553 2826 617 postquam
2853 540 3001 615 dedit
3023 536 3396 606 Evangelium,
3431 536 3626 590 adver-

372 640 693 712 Εὐάγγελίῳ
727 643 878 695 ἐστὶν
917 640 1115 708 ὁδηγία
1162 639 1260 692 καὶ
1306 636 1577 706 σωτηρία.
1613 637 1736 689 Ἔτι
1761 636 1824 688 οὐ
1853 633 1948 686 δυ-

373 730 535 785 νατὸν
565 731 768 798 λέγειν,
814 731 898 784 ὅτι
936 729 1076 800 μετὰ
1109 729 1170 783 τὸ
1205 729 1392 783 δοῦναι
1423 729 1484 780 τὸ
1526 726 1878 794 Εὑαγγέλιον,
1923 727 1951 777 6

373 822 506 886 Θεὸς
553 821 796 875 συνεῖδεν
818 860 834 885 ,
865 820 940 882 ὡς
970 821 1031 874 οὐ
1073 819 1364 890 δυνήσεται
1394 819 1422 872 6
1455 818 1660 888 κόσμος
1704 819 1950 888 τηρῆσαι

373 914 528 978 αὐτὸ,
561 913 656 966 καὶ
685 912 774 966 διὰ
797 911 959 965 τοῦτο
981 910 1334 981 διωρθώσατο
1369 910 1468 980 μὲν
1493 909 1591 979 τὴν
1614 909 1939 979 ἑρμηνείαν,

371 1005 470 1072 τὴν
512 1003 572 1056 δὲ
627 1004 854 1074 ἐντολὴν
885 1002 1234 1071 κουφοτέραν
1272 999 1556 1068 ἐποίησεν,
1611 1000 1686 1062 ὡς
1723 999 1790 1052 ἂν
1842 1000 1952 1052 ἀπὸ

370 1097 482 1150 τῶν
509 1095 912 1149 ἀποϐαινόντων
953 1093 1022 1148 τὰ
1070 1093 1258 1147 δέοντα
1311 1090 1682 1159 γινώσκεσθαι
1725 1088 1950 1152 συνιείς.

376 1187 528 1257 ’ᾘδει
553 1187 663 1256 γὰρ
701 1188 729 1239 6
759 1187 892 1248 Θεὸς
942 1185 1002 1248 ἐξ
1051 1185 1244 1255 ἀρχῆς,
1271 1184 1324 1237 τί
1366 1185 1464 1254 μὲν
1494 1184 1555 1237 τὸ
1601 1181 1941 1250 Εὑαγγέλιον

377 1275 643 1345 περιέξει,
677 1275 730 1329 τί
781 1276 837 1328 δὲ
891 1277 941 1329 οἱ
987 1276 1271 1348 ἄνθρωποι
1299 1276 1650 1344 συνήδονται.
1682 1275 1792 1327 Καὶ
1823 1274 1952 1328 ἄνευ

372 1367 428 1419 δὲ
463 1367 665 1420 τούτων
695 1369 944 1422 mla-31:6
985 1370 1047 1422 τὸ
1093 1369 1419 1437 ’Λλκοράνον
1457 1368 1666 1438 (gnatm:
1695 1367 1771 1430 ὡς
1801 1366 1954 1419 οὐδέν

343 1463 348 1468 ”
373 1459 516 1510 εἰσιν
551 1459 598 1510 οἱ
627 1458 1000 1529 Σαρῤακηνοὶ,
1043 1459 1200 1530 εἰμὴ
1228 1458 1585 1530 πληρώσαιεν
1611 1459 1674 1512 τὸ
1707 1458 1958 1527 Εὐαγγέ-

373 1549 509 1612 λιον,
547 1549 643 1602 καὶ
693 1550 784 1600 τὸν
815 1549 980 1619 νόμον
1035 1549 1337 1614 Μωῦσέως,
1371 1551 1468 1602 καὶ
1498 1551 1562 1602 τὸ
1600 1551 1952 1620 Ἀλχοράνον,

373 1636 448 1698 ὡς
502 1636 716 1706 εἴρηται
779 1637 1059 1706 ἀνωτέρω.
1108 1639 1171 1692 Οἱ
1229 1638 1286 1690 δὲ
1317 1638 1644 1708 Χριστιανοὶ
1693 1639 1860 1711 μόνον
1894 1639 1956 1690 τὸ

375 1728 708 1794 Εὐαγγέλιον
760 1727 1055 1798 πληρῶσαι
1128 1729 1463 1797 ὀφείλουσιν.
1522 1731 1644 1784 Ἔτι
1716 1731 1834 1794 πῶς
1889 1730 1957 1784 ἂν

375 1819 608 1888 ἠδύνατο
639 1819 700 1872 τὸ
751 1819 1096 1888 Εὑαγγέλιον
1141 1819 1350 1873 τέλειον
1381 1820 1662 1889 λέγεσθαι,
1698 1819 1776 1890 μὴ
1813 1820 1952 1875 ἀνάε-

374 1911 536 1977 λογον
576 1909 636 1963 ὃν
664 1912 730 1981 τῇ
760 1910 869 1962 τῶν
915 1908 1222 1980 ἀνθρώπων
1264 1911 1519 1978 δυνάμει,
1571 1911 1710 1978 μηδὲ
1757 1911 1952 1974 κοινῶς

378 2000 664 2071 τηρεῖσθαι
689 2001 1024 2069 δυνάμενον;
1063 2000 1188 2053 Ἔτι
1218 2001 1268 2053 εί
1293 1999 1496 2054 τέλειόν
1525 2001 1723 2053 ἔστιτὸ
1771 2000 1950 2068 Εὐαγ-

379 2092 579 2159 γέλιον,
618 2093 716 2143 καὶ
754 2091 1002 2162 περιέχει
1035 2092 1106 2146 τὰ
1149 2093 1290 2161 πρὸς
1322 2092 1422 2162 τὴν
1466 2091 1745 2162 σωτηρίαν
1788 2093 1956 2162 ἀναγ-

377 2188 529 2249 καῖα,
589 2185 642 2236 τί
673 2184 732 2237 δὲ
766 2183 1083 2253 θαυμαστὸν
1109 2184 1164 2238 εἰ
1211 2201 1367 2247 τινας
1429 2184 1528 2238 καὶ
1577 2185 1751 2248 ἄλλας
1811 2203 1950 2256 συμ-

375 2274 568 2337 ϐουλὰς
613 2275 826 2344 ὑψηλὰς
866 2275 1142 2346 περιέχει,
1177 2277 1426 2349 μεγάλης
1461 2275 1631 2340 οὔσας
1682 2279 1956 2348 τελειότη-

373 2379 486 2427 τος,
555 2361 760 2426 ταύτας
821 2364 1008 2432 μέντοι
1062 2363 1137 2434 μὴ
1205 2365 1388 2430 λέγειν
1455 2366 1764 2434 ἀναγκαίας
1813 2363 1955 2420 εἷναι

374 2453 511 2525 πρὸς
543 2455 858 2524 σωτηρίαν;
894 2455 1017 2508 Ἔτι
1053 2456 1176 2508 ὅσον
1224 2473 1310 2519 τις
1341 2457 1506 2526 νόμος
1567 2457 1768 2526 μᾶλλον
1799 2459 1951 2512 ἑστιν

374 2543 597 2612 ἄνετος,¹
617 2546 874 2600 τοσοῦτόν
909 2548 1026 2600 ἐστι
1060 2548 1186 2600 καθ’
1218 2548 1413 2601 ἑαυτὸν
1453 2544 1619 2620 ἦττον
1655 2548 1951 2618 ἔμμισθος.

376 2637 437 2689 Εἰ
495 2635 676 2690 τοίνυν
733 2636 792 2690 τὸ
863 2637 1193 2708 Ἀλκοράνον
1247 2639 1581 2708 κουφότερόν
1656 2641 1779 2693 ἐστι
1846 2639 1944 2692 τοῦ

376 2730 736 2798 Εὑαγγελίου,
790 2730 888 2800 οὐχ
918 2730 1121 2799 ὁμοίως
1167 2731 1277 2801 ἄρα
1330 2732 1449 2785 ἐστὶ
1482 2732 1617 2803 πρὸς
1667 2733 1954 2802 σωτηρίαν

374 2823 722 2892 δραστήριον.
752 2823 828 2875 Οὐ
857 2823 968 2892 γὰρ
998 2821 1065 2877 ἂν
1099 2822 1303 2875 ἔδωκεν
1341 2826 1370 2876 6
1411 2822 1548 2886 Θεὸς
1586 2823 1754 2894 νόμον
1781 2825 1954 2893 ἀδρα-

377 2917 632 2984 νὲστερον
681 2916 782 2982 μὲν
841 2918 980 2984 πρὸς
1037 2915 1353 2986 σωτηρίαν,
1416 2915 1823 2986 ἐπιπονώτερον
1875 2916 1954 2970 δέ.

377 3005 611 3080 Λέγεται
662 3003 719 3055 δὲ
774 3002 831 3056 ὲν
870 3001 947 3072 τῷ
985 3003 1324 3074 Ἀλκοράνῳ,
1354 3006 1438 3059 ὅτι
1471 3005 1539 3059 δι’
1571 3005 1736 3059 αὑτοῦ
1777 3007 1872 3060 καὶ
1903 3007 1954 3060 οἱ

377 3096 627 3162 δαίμονες
671 3094 912 3160 σωθῆναι
967 3094 1277 3159 δύνανται,
1337 3097 1413 3155 ὡς
1465 3097 1726 3166 ἀνωτέρω
1759 3098 1952 3166 γέγονε

2055 639 2120 693 tit
2150 640 2296 708 quod
2355 639 2593 694 mundus
2630 653 2738 691 non
2793 634 3000 704 poterit
3052 632 3234 701 ipsum
3285 641 3537 695 servare,
3571 637 3627 682 et

2052 728 2296 782 correxit
2349 729 2551 798 stylum
2581 768 2596 791 ,
2657 736 2714 780 et
2753 723 3080 793 temperavit
3110 733 3116 737 '
3143 728 3477 788 pratceptum
3501 759 3518 782 ,
3563 726 3628 771 ut

2053 819 2198 873 Deus
2229 818 2370 873 facta
2410 827 2593 872 nostra
2628 827 2784 887 putet
2834 814 2902 868 ab
2951 821 3176 866 eventu.
3230 810 3450 864 Sciebat
3477 808 3624 862 enim

2054 908 2194 963 Deus
2231 925 2262 963 a
2313 909 2607 979 principio,
2682 905 2906 976 etquid
2953 901 3306 972 Evangelium
3359 898 3624 961 continet,

2053 1012 2112 1056 et
2137 1004 2270 1072 quid
2303 1005 2555 1057 homines
2591 1002 2733 1056 ferre
2767 1005 3016 1070 possunt.
3048 996 3318 1049 Prmterea
3363 1003 3416 1045 et
3446 992 3625 1060 ipsum

2053 1095 2386 1148 AIcoranum
2421 1075 2592 1156 dicit,
2643 1093 2787 1161 quod
2838 1090 2975 1142 nihil
3019 1096 3151 1141 sunt
3192 1083 3472 1147 Saraceni,
3523 1083 3625 1136 nisi

2054 1187 2389 1254 adimpleant
2419 1184 2795 1253 Evangelium,
2835 1189 2890 1234 et
2928 1181 3098 1249 legem
3144 1174 3340 1245 Moysi,
3371 1182 3429 1226 ut
3458 1168 3626 1241 s'upeo

2057 1279 2173 1332 rius
2214 1278 2421 1332 dictum
2456 1287 2561 1331 est.
2615 1272 2914 1330 Christiani
2949 1282 3130 1324 autem
3163 1269 3338 1323 solum
3380 1267 3629 1332 Evange-

2055 1369 2190 1424 lium
2211 1369 2511 1438 adimplere
2532 1359 2754 1422 debent.
2788 1366 2923 1417 Item
2952 1360 3226 1431 quomodo
3252 1355 3629 1428 possetEvan-

2057 1459 2260 1528 gelium
2303 1458 2606 1528 perfectum
2661 1456 2792 1518 dici,
2828 1454 2872 1509 si
2921 1469 3032 1506 non
3082 1462 3266 1520 posset
3324 1445 3626 1502 secundum

2055 1551 2204 1604 vires
2260 1550 2328 1604 ab
2375 1549 2696 1604 hominibus
2745 1545 3003 1603 servari?
3036 1543 3195 1608 Item,
3230 1542 3276 1596 si
3327 1541 3626 1609 perfectum

2062 1649 2149 1696 est
2175 1641 2557 1711 Evangelium,
2589 1650 2642 1693 et
2671 1638 2738 1692 ad
2761 1635 2992 1691 salutem
3029 1632 3336 1688 necessaria
3361 1628 3627 1684 continet:

2060 1729 2191 1799 quid
2223 1730 2424 1796 obstat,
2459 1730 2502 1785 si
2540 1730 2786 1800 quaedam
2820 1728 2930 1780 alta
2953 1724 3180 1779 consilia
3214 1721 3476 1784 continet,
3509 1735 3630 1785 qua:

2033 1834 2269 1890 ,magna:
2301 1819 2657 1889 perfectionis
2695 1814 3009 1871 exsistant?
3048 1810 3173 1865 Hatc
3203 1821 3382 1864 tamen
3411 1821 3517 1860 non
3549 1804 3632 1857 di—

2060 1912 2138 1966 cit
2165 1911 2478 1968 necessaria
2495 1926 2618 1966 esse
2638 1910 2706 1964 ad
2738 1908 2990 1963 salutent.
3014 1905 3172 1967 Item,
3201 1908 3463 1972 quantum
3487 1913 3632 1966 quae-

2057 2018 2168 2072 que
2197 2003 2287 2058 lex
2325 2003 2500 2072 magis
2536 1999 2885 2057 remissibilis
2909 2004 2994 2052 cst
3019 2035 3035 2060 ,
3068 2002 3280 2049 tantum
3309 1999 3392 2044 est
3440 2003 3537 2056 per
3574 2000 3633 2040 se

2058 2096 2243 2150 minus
2273 2093 2528 2150 mercede
2560 2093 2744 2162 digna.
2783 2089 2842 2144 Si
2878 2087 3043 2158 igitur
3067 2085 3396 2140 Alcoranum
3431 2087 3514 2132 est
3547 2093 3633 2130 re-

2059 2183 2386 2240 missibilius
2414 2196 2582 2253 quam
2637 2178 3016 2250 Evangelium,
3050 2189 3161 2228 non
3197 2186 3329 2239 ergo
3376 2166 3634 2254 similiter
3704 2246 3706 2248 ν

2059 2273 2244 2328 estad
2285 2273 2517 2327 salutem
2565 2270 2777 2325 eflicax.
2827 2268 2944 2323 Non
2980 2265 3127 2319 enim
3165 2260 3317 2317 dedit
3365 2259 3508 2312 Deus
3552 2257 3630 2310 Ie-

2058 2382 2182 2435 gem
2209 2365 2439 2419 minoris
2471 2363 2746 2427 ellicacize,
2771 2368 2826 2415 et
2850 2360 2916 2415 ad
2936 2359 3171 2413 salutem
3194 2351 3628 2408 laboriosiorem.

2059 2455 2130 2508 Et
2165 2464 2386 2509 constat
2420 2453 2473 2506 in
2507 2454 2782 2506 Alcorano
2807 2490 2820 2510 ,
2857 2447 3002 2518 quod
3047 2453 3103 2500 et
3129 2459 3227 2513 per
3257 2443 3432 2511 ipsum
3466 2440 3627 2493 Alco-
3692 2445 3700 2453 '

2058 2563 2254 2601 ranum
2287 2547 2564 2600 daemones
2593 2544 2790 2598 salvari
2823 2548 3094 2610 possunt,
3122 2548 3184 2593 ut
3230 2548 3483 2604 superius
3518 2547 3635 2585 ma-

2059 2651 2321 2705 nifestum
2343 2649 2442 2702 fuit
2477 2648 2532 2701 in
2567 2646 2804 2715 septimo
2831 2642 3088 2712 capitulo,
3125 2638 3220 2710 qui
3265 2652 3371 2690 non
3404 2643 3634 2708 possunt

2059 2742 2258 2800 salvari
2291 2756 2389 2810 per
2422 2737 2803 2809 Evangelium.
2836 2735 2931 2788 Est
2967 2734 3135 2804 igitur
3161 2731 3492 2786 Alcoranum
3526 2740 3638 2779 ma-

2064 2836 2148 2904 gis
2181 2834 2423 2888 salutare
2444 2847 2606 2900 quam
2646 2827 3023 2896 Evattgrlium,
3054 2838 3184 2894 ergo
3216 2831 3272 2876 et
3305 2819 3640 2876 laboriosius

2057 2929 2114 2976 et
2147 2919 2446 2974 dillicilius.
2495 2919 2656 2981 Item,
2688 2916 2735 2971 si
2765 2915 3100 2970 Alcorauum
3135 2911 3354 2966 facilior
3382 2910 3468 2963 lex
3512 2915 3593 2962 est
3619 2949 3634 2969 ,

2056 3010 2422 3082 periculosius
2460 3018 2518 3063 et
2551 3007 2758 3078 majore
2803 3003 3230 3074 reprehensione
3257 3000 3483 3069 dignum
3517 2997 3626 3052 erit

2058 3117 2178 3158 eam
2206 3117 2316 3155 non
2344 3099 2646 3154 observari.
2679 3098 2783 3152 Sed
2811 3093 3072 3150 Saraceni
3093 3107 3213 3148 eam
3240 3106 3349 3144 non
3382 3095 3634 3153 servant;

376 3185 535 3256 δῆλον
566 3189 626 3239 ὲν
656 3185 734 3254 τῷ
765 3185 981 3256 έδδόμιμ
1013 3186 1318 3260 κεφαλαίῳ,
1355 3187 1554 3250 οἵτινες
1590 3189 1649 3240 οὐ
1685 3188 1947 3242 δύνανται

2059 3193 2428 3264 periculosius
2479 3192 2644 3261 igitur
2670 3195 2924 3260 peccant.
2963 3186 3118 3254 Quod
3156 3193 3338 3238 autem
3371 3196 3490 3236 eam
3521 3193 3634 3232 non

375 3277 464 3329 διὰ
495 3275 592 3329 τοῦ
623 3274 955 3344 Εὑαγγε).ίου
987 3276 1248 3345 σωθῆναι.
1287 3275 1480 3328 Ἔστιν
1511 3277 1622 3347 ἄρα
1657 3277 1718 3330 τὸ
1756 3279 1952 3332 Ἀλκο-

379 3368 542 3436 ρὰνον
570 3366 918 3436 σωτηριὼδες
955 3366 1159 3440 μᾶλλον
1211 3365 1246 3434 ἢ
1298 3365 1360 3420 τὸ
1411 3366 1782 3434 Εὐαγγέλιοψ
1808 3366 1950 3421 ὥστε

375 3456 780 3526 ἐπιπονώτερον
805 3456 1394 3534 καὶβυσχερέστερον.
1426 3457 1548 3510 Ἔτι
1582 3458 1632 3510 εἰ
1664 3458 1724 3511 τὸ
1762 3457 1954 3512 Ἀλκο-

379 3551 540 3618 ράνον
570 3550 717 3620 ῥᾴων
766 3547 928 3618 νόμος
965 3540 1139 3614 ἐστὶν,
1181 3549 1672 3621 ὲπικινδυνὼτερον
1714 3553 1806 3606 καὶ
1839 3551 1957 3621 μεί-

379 3643 531 3707 ζονος
557 3641 708 3708 ἄξιον
750 3642 1012 3710 μέμψεως
1057 3641 1213 3695 ἔσται
1244 3643 1306 3696 τὸ
1337 3643 1414 3713 μὴ
1455 3643 1746 3714 φυλάττειν
1769 3645 1950 3699 αὐτόν.

389 3735 535 3789 Ἀλλ’
555 3738 605 3789 οί
635 3735 984 3807 Σαρῥακηνοὶ
1030 3735 1218 3789 τοῦτον
1265 3735 1327 3788 οὐ
1360 3735 1645 3806 τηροῦσινο
1679 3736 1958 3792 ἐπικινδυ-

378 3830 612 3897 νώτερον
647 3826 759 3896 ἄρα
802 3827 1232 3896 ἁμαρτάνουσιν.
1283 3827 1410 3881 Ὅτι
1457 3829 1513 3881 δὲ
1566 3829 1728 3882 τοῦτο
1777 3848 1958 3900 παρα-

377 3919 646 3983 ϐαίνουσι,
674 3919 854 3988 δῆλον.
903 3919 1127 3972 Πίνουσι
1173 3919 1282 3991 γὰρ
1334 3917 1512 3986 οἶνον,
1561 3923 1656 3976 καὶ
1708 3921 1958 3992 βοτάναις

382 4009 771 4078 μεθύσκονται,
795 4007 1036 4062 ἐσθίουσί
1059 4011 1116 4063 τέ
1144 4027 1264 4064 τινα
1284 4011 1575 4082 ἀκάθαρτα
1599 4011 1730 4082 παρ’
1752 4013 1978 4078 αὐτοῖς,-

377 4099 438 4151 οὺ
477 4097 706 4169 τηροῦσί
748 4115 805 4151 τε
841 4099 942 4167 τὴν
989 4099 1268 4165 νηστείαν,
1316 4099 1442 4153 οὔτε
1475 4102 1575 4169 τὴν
1622 4103 1956 4172 προσευχὴν,

379 4187 486 4243 οὔτ’
530 4189 884 4244 ἀναλίσκουσι
945 4189 1092 4243 κατὰ
1146 4190 1245 4260 τὴν
1301 4191 1482 4244 αὐτῶν
1532 4191 1831 4262 εὐπορίανο
1864 4194 1958 4245 καὶ

379 4283 516 4338 ἄλλα
559 4281 752 4346 πολλὰ,
799 4281 837 4335 ἃ
872 4279 1082 4351 βέλτιον
1130 4276 1272 4335 οἶδεν
1310 4284 1338 4334 6
1380 4283 1438 4336 ὲν
1477 4286 1545 4354 τῇ
1583 4283 1721 4354 πρὸς
1759 4284 1957 4347 αὐτοὺς

378 4371 700 4439 ἀναστροφῇ
729 4371 930 4440 πεῖραν
977 4369 1185 4423 τούτων
1213 4369 1418 4428 λαϐὼν.
1455 4370 1568 4425 Εῖτ’
1615 4373 1728 4444 ἄρα
1776 4375 1958 4446 ῥᾴδιον

380 4460 542 4516 τοῦτο
583 4461 763 4530 φαῖεν,
804 4461 917 4514 εἴτε
935 4460 1220 4532 δυσχερὲς,
1243 4462 1336 4516 τὸν
1359 4463 1602 4517 κίνδυνον
1630 4465 1730 4518 οὐκ
1755 4465 1956 4535 ἐκφεύο

380 4568 591 4620 γουσιν.
630 4552 774 4606 Ἀλλ’
803 4553 890 4604 ἐπ’
919 4551 1179 4622 ἀληθείας
1216 4553 1245 4605 6
1293 4554 1595 4624 Μαχούμετ
1629 4557 1958 4629 ἐπεχείρησε

379 4643 485 4714 μὲν
512 4643 694 4713 ῥᾴδιον
728 4643 914 4696 δοῦναι
945 4644 1111 4711 νόμον
1133 4683 1150 4706 ,
1199 4644 1263 4698 οῦ
1315 4647 1733 4718 συγκεχώρηται
1775 4651 1958 4716 μέντοι

264 4773 270 4780 .
377 4735 532 4806 παρὰ
567 4735 704 4788 Θεοῦ
747 4732 892 4788 οὕτω
941 4735 1205 4790 διαθεῖναι
1253 4735 1345 4788 τὸν
1387 4737 1651 4804 κάλαμον,
1707 4737 1846 4792 ὥστε
1880 4742 1958 4809 μὴ

377 4825 550 4880 πολλὰ
567 4825 806 4896 δυσχερῆ
834 4825 1162 4895 παραμίξτι.
1191 4825 1447 4896 Περιέχει
1478 4827 1576 4897 μὲν
1599 4828 1706 4901 γὰρ
1738 4831 1765 4882 6
1796 4831 1958 4901 νόμος

374 4921 586 4980 ἐκεῖνος⁹
618 4917 940 4988 δυσχέρειαν
975 4914 1177 4989 πολλὴν
1216 4919 1276 4972 ὲν
1316 4919 1395 4990 τῷ
1427 4919 1687 4981 νοεῖσθαι.
1726 4921 1957 4988 Λέγεται

376 5011 488 5081 γὰρ
546 5012 607 5063 ἐν
667 5009 839 5080 αὐτῷ,
876 5010 950 5072 ὡς
999 5010 1105 5063 ὑπὸ
1158 5012 1324 5079 μόνου
1375 5013 1577 5065 νοεῖται
1637 5009 1735 5064 τοῦ
1792 5009 1954 5065 Θεοῦ.

377 5101 550 5156 Τοῦτο
581 5087 634 5154 ἃ.
666 5103 814 5165 Em;
853 5101 1003 5154 ἐστὶν
1044 5100 1260 5169 ἄλογον,
1293 5101 1453 5170 δῆλον
1495 5103 1721 5169 γέγονεν
1755 5102 1959 5155 ἀνωτέ-

381 5212 462 5264 ρω
486 5196 544 5247 ὲν
573 5195 652 5263 τῷ
684 5195 858 5262 ὀγδόῳ
902 5192 1204 5262 κεφαλαίῳ.
1246 5193 1370 5246 Ἔτι
1423 5210 1483 5245 τε
1535 5170 1810 5264 δυσχερής
1840 5195 1956 5246 ἐστι

377 5287 510 5356 περὶ
539 5287 600 5339 τὸ
630 5285 1010 5340 πιστεύεσθαι.
1042 5285 1184 5352 Φησὶ
1222 5285 1332 5354 γὰρ
1374 5286 1473 5354 τὴν
1521 5285 1803 5355 Παρθένον
1835 5285 1956 5340 Μα-

379 5381 504 5450 ρίαν
537 5378 808 5448 παρθένον
849 5377 1112 5446 γεννῆσαι
1145 5377 1241 5430 τὸν
1280 5377 1510 5448 Ἰησοῦν,
1555 5380 1653 5431 καὶ
1689 5379 1782 5431 τὸν
1823 5379 1956 5431 Θεὸν

377 5469 523 5540 ἔχειν
571 5469 746 5531 Λόγον
807 5469 903 5524 καὶ
960 5468 1185 5538 Πνεῦμα
1242 5467 1399 5536 ἅγιον
1427 5483 1441 5499 ⁸
1480 5470 1640 5523 ἆτινα
1682 5469 1952 5537 ἀναγκαῖά

380 5562 523 5615 εἰσιν
566 5562 702 5631 πρὸς
754 5560 854 5629 τὴν
909 5560 1192 5631 ἡμετέραν
1238 5559 1464 5623 πίστιν,
1515 5559 1652 5630 πλὴν
1710 5560 1952 5630 θαύμασι

383 5651 770 5723 βεϐαιωθέντα.
809 5652 930 5705 Ἔτι
961 5668 1021 5704 τε
1051 5641 1328 5723 δυσχερής
1359 5653 1510 5704 ἐστιν
1543 5652 1951 5724 ἀποπληρωθῆο

383 5759 472 5796 ναι
497 5741 763 5812 δι’ἔργων
793 5759 808 5773 ο
848 5737 960 5796 οἷόν
1006 5745 1122 5805 ἐστι
1173 5744 1233 5796 τὸ
1266 5744 1710 5813 περιτέμνεσθαι,
1763 5747 1856 5798 καὶ
1893 5746 1952 5797 τὸ

385 5832 462 5902 μὴ
513 5832 690 5887 πίνειν
721 5828 882 5898 οἶνον,
924 5834 1016 5886 καὶ
1045 5833 1173 5902 περὶ
1199 5833 1294 5886 τ(ιῦ
1328 5834 1695 5904 φυλάττεσθαι
1718 5837 1824 5912 ⁹διὰ
1857 5838 1944 5891 τοῦ

2053 3294 2317 3349 servant,
2366 3299 2468 3339 nec
2513 3283 2810 3352 complent,
2878 3279 3228 3332 manifestum
3278 3282 3381 3328 cst.
3433 3271 3641 3326 Bibunt

2060 3373 2209 3427 enim
2249 3371 2462 3431 vinum,
2493 3377 2550 3424 et
2599 3367 2968 3429 inebriantur,
3000 3363 3409 3431 comeduntque
3444 3359 3636 3414 illicita

2054 3462 2196 3532 apud
2227 3476 2354 3523 eos;
2386 3475 2496 3516 non
2524 3469 2744 3514 servant
2773 3458 3067 3529 jejunium,
3088 3469 3266 3524 neque
3294 3452 3626 3515 orationem,

2063 3569 2244 3624 neque
2279 3553 2599 3623 expendunt
2642 3551 2798 3622 juxta
2857 3564 3049 3603 eorum
3085 3546 3420 3609 facultatem,
3451 3552 3505 3598 ct
3534 3541 3640 3596 alia

2061 3648 2253 3713 multa,
2289 3661 2412 3716 quae
2439 3645 2638 3700 melius
2674 3644 2776 3699 scit
2803 3644 2894 3712 qui
2949 3642 3003 3696 in
3044 3639 3464 3706 conversatione
3496 3637 3640 3691 inter

2059 3751 2158 3792 eos
2185 3735 2583 3806 experientiam
2621 3733 2818 3788 horum
2851 3731 3019 3800 capit.
3053 3731 3180 3786 Sive
3235 3729 3452 3783 facilem
3499 3725 3642 3780 hanc

2059 3828 2284 3892 dicunt,
2336 3828 2457 3882 sive
2497 3825 2799 3890 tlillicilem,
2848 3823 3156 3892 periculum
3211 3835 3322 3875 non
3376 3819 3637 3874 evadunt.

2061 3920 2167 3975 Sed
2204 3921 2259 3974 in
2287 3918 2523 3972 veritate
2551 3958 2566 3981 ,
2623 3915 2965 3988 Illahometus
3014 3921 3246 3967 conatus
3282 3918 3367 3965 est
3415 3907 3636 3978 quidem

2060 4010 2275 4064 facilem
2309 4012 2486 4078 legem
2520 4005 2674 4071 dare,
2710 4021 2818 4059 non
2855 4013 3034 4057 tamen
3083 4001 3408 4071 permissum
3437 4007 3518 4052 esl
3557 3998 3639 4052 sic

2066 4113 2335 4166 calamum
2373 4118 2682 4178 temperare
2734 4107 2866 4178 quin
2921 4105 3162 4159 diflicilia
3206 4104 3376 4158 multa
3406 4103 3640 4157 interse-

2058 4201 2250 4256 ruerit.
2277 4197 2530 4253 Continet
2560 4197 2704 4251 enim
2729 4196 2814 4251 Iex
2854 4195 2944 4249 illa
2988 4193 3360 4248 difﬁcultatem
3408 4191 3634 4244 multam

2065 4291 2132 4346 ad
2184 4305 2304 4344 eam
2341 4288 2781 4359 intelligendam.
2818 4287 3029 4340 Dicitur
3059 4285 3202 4339 enim
3255 4283 3308 4337 in
3343 4282 3633 4344 Alcorano,

2059 4382 2207 4452 quod
2238 4397 2268 4435 a
2302 4380 2419 4434 solo
2451 4378 2563 4434 Deo
2617 4377 2963 4447 intelligitur.
3000 4379 3114 4430 Hoc
3153 4383 3333 4428 autem
3363 4374 3638 4442 quomodo

2061 4475 2136 4528 sit
2169 4471 2546 4527 irrationabile
2570 4511 2584 4534 ,
2621 4470 2972 4525 manifestum
3027 4467 3129 4521 fuit
3168 4469 3222 4520 in
3260 4475 3452 4520 octavo
3487 4463 3637 4532 capi-

1993 4543 2034 4597 θ
2066 4564 2201 4618 ιυΙο.
2250 4563 2384 4617 Item
2437 4562 2682 4615 continet
2713 4561 2878 4615 etiam
2911 4557 3281 4611 (Iillicultatcm
3315 4554 3382 4609 ad
3409 4554 3638 4608 creden-

2066 4657 2219 4710 dum.
2254 4656 2398 4710 Dicit
2448 4656 2596 4708 enim
2627 4695 2643 4720 ,
2689 4655 2954 4724 virginem
2988 4653 3209 4707 Mariam
3246 4649 3520 4720 peperisse
3546 4649 3638 4703 Je-

2063 4765 2212 4816 sum,
2252 4759 2306 4803 et
2343 4750 2512 4804 Deum
2551 4749 2754 4802 habere.
2788 4747 3026 4802 Verbum
3075 4753 3131 4798 et
3161 4742 3424 4813 Spiritum
3475 4755 3636 4796 sanc-

2060 4849 2212 4904 tum,
2248 4856 2368 4910 quae
2417 4838 2727 4894 necessaria
2783 4845 2913 4891 sunt
2954 4834 3024 4890 ad
3082 4844 3323 4888 nostram
3360 4833 3542 4894 fidem,
3579 4839 3636 4885 et

2059 4942 2244 4988 tamen
2310 4931 2594 4986 miraculis
2649 4929 2994 4984 confirmata.
3059 4927 3194 4981 Item
3257 4923 3494 4978 dillicilis
3548 4932 3637 4979 est

2057 5033 2282 5094 propter
2311 5035 2476 5090 opera
2507 5019 2817 5090 adimpleri,
2867 5017 3011 5084 sicut
3063 5014 3408 5078 circumcidi,
3436 5024 3492 5069 et
3521 5028 3635 5067 non

2059 5115 2252 5169 bibere
2286 5114 2500 5177 vinum,
2551 5121 2607 5166 et
2659 5124 2854 5165 cavere
2887 5106 3210 5162 ebrietatem
3243 5121 3339 5176 per
3371 5105 3632 5164 ciceram,

2058 5216 2114 5262 et
2143 5205 2248 5259 alia
2278 5219 2400 5274 qua:
2432 5211 2560 5258 sunt
2609 5201 2677 5257 de
2703 5201 2914 5272 jejunio
2946 5208 3002 5254 et
3027 5200 3300 5260 oratione,
3330 5205 3386 5251 et
3417 5196 3485 5258 de
3514 5195 3634 5250 col-

2057 5297 2264 5352 latione
2300 5297 2530 5351 cuilibet
2557 5293 2862 5350 secundum
2909 5293 3226 5348 facultatem
3255 5289 3358 5344 sibi
3385 5289 3564 5342 datam
3599 5301 3632 5341 ο

2055 5386 2188 5452 Deo,
2219 5397 2277 5441 et
2325 5389 2496 5442 multa
2543 5387 2672 5450 alia,
2701 5401 2824 5455 quae
2858 5382 3015 5454 pauci
3067 5381 3469 5436 Saracenorum
3506 5393 3628 5432 scr-

2054 5487 2207 5531 Vant.
2254 5477 2407 5532 Sicut
2452 5477 2618 5548 igitur
2666 5477 2769 5531 fuit
2803 5473 3012 5528 mundo
3058 5471 3448 5532 necessarium,
3481 5468 3630 5538 quod
3689 5503 3692 5508 -

2056 5567 2450 5624 alleviarcntur
2474 5578 2748 5638 praecepta
2774 5563 3075 5634 Evangelii,
3122 5571 3178 5616 et
3215 5561 3439 5616 daretur
3468 5561 3632 5614 Alco-

2058 5676 2250 5714 rauum
2283 5661 2459 5714 levius
2490 5681 2503 5716 z
2547 5661 2621 5714 ita
2665 5667 2848 5728 posset
2883 5655 2989 5711 dici
3021 5655 3091 5710 ab
3119 5653 3324 5721 aliquo.
3357 5651 3502 5721 quod
3534 5667 3623 5704 es-

2055 5760 2139 5805 set
2180 5751 2558 5805 nca-ssarium
2603 5761 2662 5804 ut
2701 5751 2925 5805 daretur
2972 5745 3078 5800 alia
3135 5744 3220 5798 lex
3266 5743 3459 5805 levior,
3507 5759 3625 5808 qua:

2057 5846 2244 5907 posset
2271 5839 2339 5894 ab
2367 5839 2684 5893 hominibus
2706 5835 3009 5895 observari,
3036 5845 3092 5889 ct
3125 5841 3230 5886 tam
3271 5832 3622 5904 Erangclimu
