4070 6510
414 426 547 495 1151
1693 427 2079 489 DEM-ETRII
2113 429 2427 491 CYDONII‘
2682 492 2685 496 ,
3556 435 3691 504 1152

409 558 577 615 quam
628 541 963 601 Alcoranum
1006 540 1347 600 delerentur.
1385 542 1484 599 Vel
1539 542 1585 598 si
1622 528 1996 614 pauci's’alva-

2110 544 2303 615 σίκερα
2351 545 2444 598 καὶ
2481 545 2549 609 δι’
2576 545 2754 603 ἄλλων
2782 547 2882 619 τὴν
2921 548 3114 621 μέθην,
3155 553 3404 622 καὶπερὶ
3435 556 3688 624 νηστείας

412 643 629 700 rentur,
686 644 836 691 esset
892 634 1059 706 culpa
1103 635 1201 691 Dei
1255 635 1350 704 qui
1401 635 1566 691 talem
1620 638 1795 706 legem
1846 635 2002 690 dedit

2113 637 2209 690 καὶ
2259 638 2573 708 προσευχῆς
2600 680 2616 706 ,
2677 641 2775 694 καὶ
2823 644 2956 713 περὶ
3016 644 3359 713 μεταδόσεως
3408 646 3554 700 κατὰ
3590 646 3690 717 τὴν

410 740 576 795 quam
613 726 872 783 homines
905 742 1131 783 servare
1173 741 1286 781 non
1329 736 1573 797 possent.
1620 726 1776 793 Quod
1813 727 1857 781 si
1894 726 2001 781 hoc

2112 732 2267 799 παρὰ
2308 731 2448 785 Θεοῦ
2487 732 2785 804 δεδομένην
2821 735 3090 806 εὐπορίαν
3122 736 3361 807 ἑκάστῳ·
3388 739 3483 792 καὶ
3519 736 3691 792 πολλὰ

409 826 494 873 est
543 819 967 883 inconveniens.
1019 817 1279 872 standum
1326 826 1410 872 est
1460 816 1515 872 in
1551 818 1750 887 primo,
1784 817 2004 872 scilicet

2110 822 2271 886 ἄλλα,
2322 822 2467 895 ἅπερ
2501 824 2678 894 ὀλίγοι
2738 825 3074 896 φυλάττουσι
3136 831 3247 883 τῶν
3297 831 3685 901 Σαῤῥακηνῶν.

412 907 560 977 quod
591 909 954 980 Evangelium
989 909 1063 966 sit
1110 911 1197 966 lex
1228 926 1260 965 a
1297 910 1444 975 Deo,
1476 910 1822 967 sanctissima
1858 910 2006 981 pari-

2114 914 2331 985 Ὠσπερ
2363 916 2550 969 τοίνυν
2597 917 2789 988 γέγονε
2818 921 2898 992 τῷ
2926 921 3119 992 κόσμῳ
3152 922 3448 991 ἀναγκαῖον
3490 942 3690 993 κουφο-

414 1008 498 1053 ter
528 1011 585 1053 et
616 1001 990 1059 obscrva‘bilis
1026 1003 1257 1069 mundo,
1287 1012 1342 1059 et
1370 1018 1494 1073 quae
1525 1004 1673 1059 vires
1717 1003 2002 1059 hominum

2110 1008 2277 1080 τέρας
2324 1008 2580 1076 γενέσθαι
2628 1011 2728 1074 τὰς
2778 1011 2874 1066 τοῦ
2916 1015 3249 1084 Εὐαγγελίου
3303 1016 3563 1081 ἐντολὰς,
3597 1017 3692 1068 καὶ

413 1106 523 1146 non
554 1093 793 1149 excedit.

2112 1099 2188 1162 ὡς
2219 1099 2550 1171 κουφότερον
2604 1101 2666 1155 τδ
2708 1102 3039 1174 Ἀλκοράνον
3091 1105 3351 1177 δοθῆναι,
3402 1106 3545 1160 οὕτω
3597 1108 3692 1163 καὶ

412 1191 733 1260 περαιτέρω
762 1191 983 1256 πάντως
1007 1188 1076 1264 ἦν
1099 1193 1402 1262 ἀναγκαῖον
1431 1193 1594 1250 ἄλλον
1632 1195 2007 1267 ἐλαφρότερον
2047 1194 2215 1266 νόμον
2250 1195 2475 1265 δοθῆναι
2538 1199 2673 1269 ῥᾷον
2741 1199 3048 1271 δυνάμενον
3095 1202 3202 1256 ὑπὸ
3245 1202 3354 1256 τῶν
3390 1200 3692 1271 ἀνθρώπων

409 1281 717 1350 τηρεῖσθαι.
761 1283 831 1335 Ἢ
866 1282 1064 1352 ὀλίγων
1112 1284 1285 1339 ὅντων
1316 1286 1447 1340 τῶν.
1474 1286 1827 1356 σωζομένων,
1865 1285 2079 1358 μέμψις
2142 1286 2214 1341 ἂν
2272 1286 2564 1358 ἠκολούθει
2599 1289 2679 1360 τῷ
2740 1290 2884 1363 Θεῷ,
2937 1296 3182 1348 τοιοῦτον
3218 1295 3474 1348 δεδωκότι
3504 1295 3692 1363 νόμον,

409 1376 469 1430 ὃν
512 1376 613 1430 οὐκ
649 1377 715 1432 ἂν
759 1378 1029 1448 ἠδύναντο
1073 1376 1372 1447 φυλάττειν
1418 1383 1470 1436 oi
1506 1382 1812 1454 ἄνθρωποι.
1846 1378 1935 1436 Εί
1968 1382 2026 1436 δὲ
2068 1381 2228 1436 τοῦτό
2258 1372 2412 1437 ἔστιν
2440 1383 2666 1451 ἄτοπον,
2734 1387 2817 1441 δεῖ
2845 1387 2956 1458 ἄρα
3002 1390 3096 1443 ἐπὶ
3133 1388 3230 1459 τοῦ
3279 1390 3496 1460 πρώτου
3541 1393 3695 1446 ἵστα-

413 1470 725 1526 σθαιοιῗωτε
761 1473 1008 1542 δηλονότι
1030 1476 1094 1528 τὸ
1129 1475 1467 1545 Εὐαγγέλιον
1530 1472 1673 1533 εἶναι
1731 1479 1900 1551 νόμον
1925 1479 2080 1551 παρὰ
2117 1476 2257 1533 Θεοῦ
2307 1477 2619 1547 ἁγιώτατόν
2668 1497 2733 1534 τε
2795 1481 2961 1554 ὁμοῦ,
3013 1484 3112 1539 καὶ
3158 1485 3258 1556 τὴν
3306 1486 3534 1558 δύναμιν
3581 1490 3693 1544 τῶν

411 1565 508 1619 ἀνθ
517 1566 720 1635 ρώπων
749 1571 849 1642 οὐχ
884 1569 1284 1643 ὑπεραίροντα.
1697 1627 1705 1633 ,
1972 1569 1976 1573 ⁴

439 1774 489 1789 ομ.

1343 1953 2283 2125 CHRISTIANZE
2400 1958 2789 2131 FlDEl

939 2283 955 2293 ,
1059 2192 1771 2321 CONFESSIO,
1892 2196 2260 2286 FACTA
2374 2195 3064 2302 SARACENIS,

1656 2383 2008 2449 INCERTO
2061 2386 2485 2489 AUCTOREs

490 2532 610 2591 Sive
639 2533 929 2588 Richardus
963 2531 1333 2604 Florentinus,
1368 2531 1507 2604 quod
1537 2531 1707 2604 stylus
1765 2541 1817 2587 et
1871 2532 1997 2587 alia:
2036 2531 2283 2603 quaedam
2321 2532 2742 2604 circumstantia:
2795 2532 3158 2604 subindicant,
3210 2534 3319 2590 sive
3372 2531 3508 2588 alius
3556 2538 3705 2591 han:

418 2606 542 2673 ﬁdei
581 2605 902 2663 Christianis
940 2603 1330 2673 exornologesin
1367 2602 1486 2671 fecit
1520 2602 1651 2674 :pia
1681 2615 1821 2659 certe
1855 2610 1952 2674 est,
1991 2602 2311 2669 et'spiritum
2349 2602 2701 2674 apostolicum
2730 2603 2953 2659 redolet.
2992 2603 3216 2661 Exhibet
3247 2613 3425 2659 autem
3471 2606 3696 2674 formam

416 2671 699 2746 proﬁtendi
746 2674 1067 2746 catholicam
1102 2682 1150 2746 et
1183 2671 1531 2746 orthodoxa-1n
1563 2671 1571 2674 ⁷
1611 2673 1810 2729 Christi
1849 2671 2338 2746 religionemritra
2383 2672 2736 2746 petulantiam
2774 2683 2834 2746 et
2879 2675 3182 2740 maledicta,
3225 2671 3536 2746 rursumque
3580 2678 3691 2730 sine

416 2740 560 2801 omni
584 2750 703 2817 [nco
728 2743 978 2817 ﬁguratae
1016 2745 1191 2817 potius
1222 2742 1616 2817 abnegationis,
1658 2760 1823 2817 quam
1873 2740 2238 2817 confessionis.
2275 2740 2451 2817 Quod
2475 2743 2529 2817 si
2569 2744 2879 2816 ardentibus
2916 2748 3047 2800 votis
3071 2763 3103 2800 a
3140 2755 3292 2814 patre
3323 2740 3498 2800 messis
3532 2749 3694 2816 impe-

418 2812 684 2869 traremus
726 2812 927 2882 aliquot
988 2815 1253 2886 ejusmodi
1303 2817 1599 2886 operarios,
1651 2812 1742 2886 qui
1796 2813 1992 2881 peritia
2033 2815 2379 2886 Adivinarum_
2412 2812 2818 2886 scripturarum
2856 2812 3149 2881 instructi,
3190 2825 3243 2870 et
3290 2831 3471 2870 amore
3517 2812 3691 2871 divino

415 2887 741 2957 inﬂammati
772 2880 980 2957 adirent
1007 2880 1250 2938 hationes
1287 2880 1495 2939 alienas
1548 2904 1579 2941 a
1635 2880 1883 2957 Christo,
1926 2893 1982 2937 ut
2024 2884 2119 2957 ille
2162 2885 2243 2938 vir
2296 2880 2547 2957 erimius;
2565 2883 2858 2957 Aigyptum
2913 2888 3069 2957 adiit;
3120 2880 3407 2957 didicitque
3456 2886 3689 2957 linguam

416 2952 718 3021 Arabicam,
752 2956 1125 3029 “doctrinam
1168 2956 1319 3029 istius
1362 2964 1526 3029 secta:
1578 2958 1795 3029 propius
1853 2955 2129 3029 inspexit,
2175 2969 2299 3008 mox
2338 2954 2462 3029 iride
2506 2952 2873 3029 Christianam
2918 2956 3080 3029 ﬁdem
3122 2952 3382 3028 exposuit,
3434 2952 3689 3029 eteorum

415 3028 669 3150 togulam
724 3026 1192 3152 refellititnservata
1241 3024 1988 3093 Christiana'moderatione,
2045 3027 2342 3081 videremus
2387 3025 2531 3081 breui
2590 3027 2799 3097 fructus
2846 3028 3083 3098 copiosos
3129 3024 3199 3084 ἐπ’
3236 3029 3427 3082 horrea
3483 3024 3692 3083 Domini

469 3115 516 3152 ei
566 3106 732 3152 nostri
787 3113 847 3152 co
895 3114 989 3152 ιοι.
2504 3148 2517 3152 -
3055 3145 3067 3152 .

469 3115 516 3152 es
566 3113 732 3153 nosm
787 3113 989 3168 COlltgl.

488 3380 600 3434 Nos
636 3377 811 3446 tales,
855 3386 992 3448 etc.,
1028 3378 1363 3436 Christianae
1395 3380 1525 3438 ﬁdei
1574 3380 1940 3453 professores,
1975 3394 2009 3435 a

2200 3377 2401 3449 Ἦμείς
2429 3377 2480 3431 οί
2512 3376 2706 3443 δείνες,
2739 3376 2841 3433 καὶ
2871 3375 2941 3432 τὰ
2968 3376 3156 3445 λοιπὰ,
3178 3379 3276 3450 τῆς
3305 3377 3695 3449 Χριστιανικῆς

418 3474 739 3545 longinquis
762 3474 1015 3545 partibus
1032 3474 1342 3542 venientes,
1371 3477 1813 3545 exsistentesque
1836 3473 2010 3544 gratia

2115 3474 2357 3537 πίστεως
2388 3471 2750 3545 ὀμολογηταὶ,
2802 3473 2913 3528 ἀπὸ
2970 3465 3201 3545 μακρῶν
3239 3472 3422 3527 τόπων
3471 3471 3695 3545 ἐρχόμε-

422 3567 515 3623 Dei
567 3583 716 3623 sanae
760 3568 987 3635 mentis,
1033 3567 1197 3623 hodie
1250 3568 1309 3623 in
1362 3568 1593 3623 nomine
1655 3564 2010 3622 sanctissimas

2112 3583 2218 3631 νοι,
2252 3565 2350 3620 καὶ
2375 3565 2718 3636 ὑπάρχοντες
2743 3566 2812 3637 τῇ
2843 3563 2942 3619 τοῦ
2974 3564 3113 3619 Θεοῦ
3142 3564 3327 3636 χάριτι
3362 3563 3549 3634 ὑγιοῦς
3581 3564 3696 3617 δια-

419 3658 737 3724 Trinitatis,
760 3659 941 3714 Patris
965 3670 1022 3715 et
1066 3658 1296 3729 Filii,-et
1329 3660 1575 3732 Spiritus
1603 3659 1813 3723 sancti,
1847 3656 2010 3713 unius

2114 3661 2287 3726 νοίας,
2329 3661 2576 3733 σήμερον
2600 3662 2659 3716 ὲν
2687 3659 2767 3731 τῷ
2799 3660 3031 3732 ὀνόματι
3069 3659 3169 3729 τῆς
3195 3650 3503 3731 ἁγιωτάτης
3533 3657 3697 3729 Τριά-

420 3752 623 3806 summi
649 3760 707 3806 et
741 3751 1142 3821 omnipotentis
1180 3752 1300 3820 Dei,
1331 3751 1602 3808 creatoris
1645 3759 1703 3805 et
1734 3749 2010 3819 guberna-

2113 3752 2224 3816 δος,
2274 3750 2369 3806 τοῦ
2413 3751 2652 3823 Πατρὺς,
2711 3751 2813 3805 καὶ
2865 3751 2960 3806 τοῦ
3024 3750 3178 3816 Υίοῦ,
3230 3751 3326 3806 καὶ
3384 3750 3480 3804 τοῦ
3540 3751 3705 3818 ἁγίου

421 3845 559 3900 toris
613 3844 1027 3911 universorum,
1061 3862 1201 3916 pura
1248 3855 1305 3901 et
1336 3847 1552 3901 sincera
1586 3843 1926 3908 intentione,
1956 3851 2015 3898 et

420 3938 572 3995 nulla
597 3937 837 3993 humana
869 3938 1129 4009 passione
1159 3938 1320 4002 moti,
1346 3950 1537 3993 coram
1571 3944 1665 3990 tua
1690 3941 1747 3989 et
1786 3945 2011 3989 tuorum

425 4043 648 4087 terrena
688 4038 746 4088 et
773 4031 1091 4087 transitoria
1126 4037 1399 4100 potestate
1427 4042 1532 4083 nos
1566 4026 1851 4097 humiliter
1870 4041 2017 4104 prae-

425 4118 730 4192 sentamus,
761 4123 828 4179 ad
852 4124 964 4179 duo
992 4123 1225 4178 ﬁrmiter
1245 4131 1303 4178 et
1325 4128 1648 4177 constanter
1671 4119 2012 4177 faciendum.

422 4217 608 4274 Primo
639 4217 862 4288 quidem
916 4216 982 4271 ad
1019 4213 1392 4286 proﬁtendum
1421 4228 1627 4270 nomen
1658 4212 1877 4269 Domini
1912 4228 2013 4268 no-

2114 3840 2463 3909 Πνεύματος,
2524 3841 2622 3895 τοῦ
2690 3840 2811 3904 ἑνὸς
2869 3841 3046 3911 ἄκρου
3091 3842 3188 3895 καὶ
3249 3840 3692 3912 παντοκράτορος

2112 3933 2273 3999 Θεοῦ,
2324 3933 2420 3988 τοῦ
2466 3932 2815 4005 δημιουργοῦ
2869 3935 2966 3988 καὶ
3016 3934 3351 4005 κυϐερνήτου
3381 3933 3491 3987 τῶν
3536 3933 3699 4000 ὅλων,

2112 4025 2342 4097 καθαρῷ
2396 4026 2496 4080 καὶ
2551 4027 2840 4099 εἰλικρινεῖ
2873 4027 3063 4098 σκοπῷ
3099 4029 3195 4083 καὶ
3257 4027 3448 4099 μηδενὶ
3479 4026 3692 4098 ἀνθρω-

2082 4118 2260 4189 ’πίνῳ
2291 4117 2458 4174 πάθει
2521 4118 2879 4190 κινούμενοι,
2940 4118 3255 4189 ἔμπροσθεν
3311 4120 3410 4189 τῆς
3452 4120 3554 4189 σῆς
3604 4121 3699 4173 καὶ

2109 4205 2233 4260 τῶν
2250 4206 2360 4262 σῶν
2392 4206 2585 4275 γηῖνου
2618 4209 2715 4262 καὶ
2747 4209 3477 4279 παρερχομένηςεὲξουσίας,
3505 4226 3699 4263 ταπει-

423 4310 523 4364 stri
554 4310 683 4365 Jesu
726 4307 977 4372 Christi,
1020 4307 1250 4376 ejusque
1304 4304 1535 4361 sincerae
1559 4316 1617 4361 et
1647 4305 2010 4361 immaculata:

2112 4299 2222 4363 νῶς
2270 4299 2696 4369 παριστάμεθα,
2726 4296 2876 4354 ’ὥστε
2910 4302 3007 4355 δύο
3043 4303 3167 4356 τινὰ
3206 4304 3430 4374 ποιῆσαι
3467 4303 3699 4372 βεϐαίως

424 4400 550 4457 lidci
578 4440 594 4467 ,
628 4410 798 4471 atque
852 4399 1030 4454 sancti
1080 4395 1359 4468 Evangelii
1400 4397 1736 4453 veritatem:
1767 4397 2010 4452 secundo

2112 4393 2210 4447 καὶ
2232 4391 2534 4456 εὐσταθῶς·
2560 4393 2781 4464 πρῶτον
2817 4395 2940 4465 μὲν,
2973 4394 3117 4449 ὥστε
3143 4394 3475 4466 ὁμολογῆσαι
3506 4396 3565 4449 τὸ
3585 4396 3703 4449 δνο-

378 4482 387 4489 ’
423 4492 491 4548 ad
548 4487 991 4547 annuntiandum
1045 4487 1207 4543 vobis
1253 4487 1436 4552 viam,
1464 4497 1621 4542 extra
1674 4502 1837 4557 quam
1873 4488 2010 4543 salvi

2117 4502 2194 4555 μα
2251 4484 2349 4539 τοῦ
2413 4487 2624 4558 Κυρίου
2686 4488 2847 4558 ἡμῶν
2916 4487 3094 4559 Ἰησοῦ
3147 4487 3410 4560 Χριστοῦ,
3450 4491 3549 4544 καὶ
3598 4492 3699 4557 τῆς

421 4599 545 4641 esse
568 4601 677 4639 non
708 4583 961 4654 potestis.
982 4581 1062 4636 Ad
1089 4581 1330 4651 primum
1355 4581 1504 4652 cogit
1532 4597 1634 4638 nos
1658 4582 1880 4638 divinus
1914 4583 2010 4637 lio-

2113 4578 2366 4650 καθαρᾶς
2419 4580 2516 4633 καὶ
2568 4581 2882 4653 ἀμωμήτου
2946 4583 3186 4647 πίστεως
3225 4581 3415 4648 αὑτοῦ,
3470 4581 3564 4636 καὶ
3603 4581 3698 4636 τοῦ

334 4680 341 4691 '
423 4693 527 4732 nor
560 4685 730 4746 atque
762 4689 939 4729 amor.
982 4672 1199 4728 Etenim
1245 4672 1300 4728 in
1337 4672 1459 4744 lege
1499 4673 1684 4728 divina
1740 4675 2008 4745 scriptum

2115 4668 2276 4737 ἁγίου
2332 4670 2670 4739 Εὑαγγελίου
2718 4673 2819 4743 τὴν
2878 4673 3184 4744 ἀλήθειανο
3225 4672 3501 4745 δεύτερον,
3554 4672 3698 4726 ὥστε

421 4778 506 4827 est
532 4788 547 4824 :
579 4788 597 4821 ι
628 4743 835 4837 Diliges
872 4766 1164 4821 Dominum
1198 4766 1371 4821 Deum
1416 4775 1570 4822 tuum
1595 4783 1661 4822 ex
1691 4776 1808 4823 toto
1837 4743 2010 4823 corde

2111 4764 2433 4833 ἀναγγεῖλαι
2463 4764 2594 4835 ὑμῖν
2616 4763 2716 4836 τὴν
2754 4765 2897 4830 ὁδὸν,
2927 4743 2997 4837 ἦς
3035 4766 3141 4831 ἔξω
3188 4743 3439 4836 σωθῆναι
3492 4766 3553 4819 ού
3596 4765 3696 4818 δύο

423 4868 540 4926 um,
564 4877 632 4917 ex
675 4868 787 4916 tota
812 4858 993 4913 anima
1023 4866 1136 4926 tua,
1160 4873 1228 4914 ex
1254 4867 1369 4914 tota
1398 4868 1584 4915 mente
1609 4869 1702 4916 tua
1720 4860 1787 4914 ".
1826 4878 1846 4911 ι
1878 4859 2010 4926 Quae

2114 4856 2304 4912 νασθε.
2340 4858 2486 4928 Πρὸς
2516 4858 2580 4913 τὸ
2610 4858 2839 4930 πρῶτον
2853 4859 3159 4929 ἀναγκάζει
3199 4859 3347 4930 ἡμᾶς
3379 4862 3413 4930 ἡ
3443 4859 3534 4912 τοῦ
3556 4857 3693 4911 Θεοῦ

421 4953 663 5025 quidem'
696 4949 923 5007 dilectio
954 4949 1022 5003 ad
1071 4949 1322 5005 divinum
1367 4954 1610 5022 pertinet
1653 4951 1924 5006 honorem
1953 4960 2013 5006 et

421 5060 695 5110 amorem,
723 5045 818 5113 qui
848 5042 1071 5113 quidem
1104 5043 1285 5107 honor
1313 5054 1370 5099 et
1410 5047 1568 5100 amor
1593 5043 1650 5099 in
1673 5042 1849 5099 libera
1887 5052 2011 5098 tan-

421 5137 572 5205 dem,
629 5143 935 5205 spontanea
989 5141 1048 5190 et
1101 5135 1408 5191 voluntaria
1449 5152 1635 5191 coram
1689 5130 2012 5192 hominibus

423 5229 777 5288 confessione
835 5228 1148 5286 ostenditur
1190 5238 1246 5285 et
1271 5229 1605 5285 declaratur.
1636 5229 1791 5286 Unde
1819 5242 1876 5284 et
1905 5230 2012 5284 Do-

351 5350 364 5364 -
423 5323 607 5387 minus
629 5321 794 5377 .lesus
819 5320 874 5375 in
900 5320 1197 5392 Evangelio
1227 5337 1328 5377 suo
1351 5322 1429 5378 ait
1455 5340 1469 5376 :
1494 5340 1513 5374 ι
1538 5320 1733 5378 Omnis
1758 5321 1851 5392 qui
1878 5336 2011 5377 con-

425 5412 674 5470 litebitur
703 5427 792 5468 me
823 5427 1005 5467 coram
1040 5413 1366 5470 hominibus
1388 5453 1404 5479 ,
1457 5413 1765 5469 conﬁtebor
1798 5420 1857 5468 et
1906 5428 2010 5485 ego

423 5517 569 5575 eum,
599 5518 784 5559 coram
842 5505 1004 5560 Patre
1033 5520 1157 5561 meo
1181 5546 1197 5573 ,
1235 5506 1331 5576 qui
1365 5512 1450 5561 est
1479 5505 1536 5561 in
1587 5505 1772 5569 caelis;
1820 5514 1878 5560 et
1916 5506 2010 5577 qui

420 5596 712 5653 erubuerit
738 5613 849 5665 me,
894 5608 951 5654 et
988 5613 1144 5655 meos
1167 5613 1480 5666 sermones,
1521 5600 1670 5655 hunc
1701 5598 1877 5654 Filius
1914 5598 2014 5655 ho-

422 5689 592 5745 minis
648 5691 945 5749 erubescet
999 5691 1058 5748 in
1092 5691 1381 5765 majestate
1415 5706 1516 5748 sua
1580 5700 1638 5748 et
1686 5691 1907 5763 Patris,
1956 5701 2015 5749 et

495 5871 539 5905 ³⁸
569 5876 728 5935 Deut.
764 5896 839 5950 vr,
878 5879 941 5947 5;
978 5878 1175 5938 Matth.
1217 5894 1357 5948 nn,
1389 5878 1480 5934 57.

2112 4950 2251 5021 τιμὴ
2298 4954 2396 5005 καὶ
2447 4951 2664 5022 ἀγάπη.
2698 4952 2810 5006 Καὶ
2837 4953 2949 5023 γὰρ
2989 4954 3049 5006 ὲν
3094 4951 3174 5022 τῷ
3222 4952 3375 5024 νόμῳ
3430 4951 3523 5006 τοῦ
3559 4948 3697 5003 Θεοῦ

2112 5044 2455 5114 γέγραπται,
2505 5062 2526 5097 ι
2582 5044 2926 5115 Ἀγαπήσεις
2966 5044 3178 5115 Κύριον
3211 5045 3304 5098 τὸν
3346 5044 3481 5100 Θεόν
3513 5061 3606 5097 σου
3638 5043 3696 5109 ἑξ

2111 5137 2243 5208 ὅλης
2279 5137 2376 5209 τῆς
2403 5137 2637 5208 καρδίας
2669 5153 2786 5203 σου,
2825 5140 2923 5193 καὶ
2949 5136 3012 5203 ἐξ
3059 5136 3190 5208 ὅλης
3228 5138 3327 5209 τῆς
3360 5137 3539 5207 ψυχῆς
3577 5153 3693 5200 σου,

2113 5231 2211 5285 καὶ
2254 5232 2315 5285 ὲν
2354 5230 2454 5303 ὅλῃ
2515 5233 2582 5302 τῇ
2622 5230 2835 5301 διανοίᾳ
2876 5247 2995 5297 σου,
3030 5249 3051 5287 s
3090 5231 3215 5303 ⁴ἤτις
3258 5231 3324 5302 δὴ
3353 5231 3542 5303 ἀγάπη
3570 5230 3699 5283 ἀνά-

2112 5338 2273 5391 γεται
2323 5324 2460 5395 πρὸς
2514 5323 2615 5393 τὴν
2662 5320 2760 5376 τοῦ
2811 5321 2954 5376 Θεοῦ
3007 5325 3176 5394 τιμὴν
3231 5323 3327 5377 καὶ
3382 5322 3693 5377 τδν“πόθον.

2112 5414 2264 5487 Αὕτη
2292 5416 2350 5470 δὲ
2382 5417 2418 5486 ἡ
2448 5417 2583 5487 τιμὴ
2613 5418 2712 5469 καὶ
2735 5417 2764 5470 ὁ
2793 5415 2960 5481 πόθος
2999 5416 3277 5471 δείκνυται
3302 5416 3397 5469 καὶ
3431 5412 3695 5486 φανεροῦ-

2112 5526 2205 5563 ται
2250 5510 2309 5563 ὲν
2363 5511 2431 5579 τῇ
2479 5506 2752 5581 ἐλευθέρᾳ
2813 5510 2909 5562 καὶ
2959 5507 3193 5579 ἑκουσίῳ
3250 5508 3560 5579 ἔμπροσθεν
3588 5504 3696 5561 τῶν

2114 5601 2424 5673 ἀνθρώπων
2450 5602 2734 5673 ὁμολογίᾳ.
2768 5601 2935 5657 Ὅθεν
2967 5602 3068 5657 καὶ
3088 5602 3118 5655 ὁ
3172 5602 3450 5673 Δεσπότης
3492 5598 3696 5670 Ἰησοῦς

2119 5692 2178 5747 ὲν
2206 5680 2287 5763 τῷ
2338 5692 2456 5764 ἰδίῳ
2494 5692 2814 5765 Εὐαγγελίῳ
2841 5691 3018 5763 λέγει,
3060 5711 3079 5746 ι
3127 5692 3245 5759 Πᾶς
3271 5694 3439 5763 ὅστις,
3461 5708 3528 5764 με
3565 5694 3696 5759 ὁμο-
