4070 6474
350 328 502 416 1153

1485 326 1495 337 ’
1576 354 1877 443 comm
1915 355 2402 416 MAHOMETEM

3509 362 3650 426 1154

365 472 594 539 λογήσει
650 467 965 538 ἔμπροσθεν
1002 469 1106 523 τῶν
1129 469 1463 541 ἀνθρώπων,
1501 471 1825 541 ὁμολογήσω
1859 472 1952 524 καὶ

2053 481 2373 526 sanctorum
2427 470 2746 540 angelorum
2777 469 2843 525 ⁸ο.
2897 491 2915 525 ι
2963 473 3040 529 Ad
3094 476 3397 530 secundum
3451 479 3648 533 incitat

367 561 479 627 ἐγὼ
518 560 683 613 αὐτὸν
713 559 1154 631 ἔμπροσθεν’τοῦ
1209 561 1418 632 Πατρός
1472 577 1578 630 μου
1617 562 1712 615 τοῦ
1760 565 1819 614 ἐν
1859 562 1953 615 οὑ-

370 654 573 722 ρανοῖς·
612 653 709 706 καὶ
758 651 817 713 ὃς
857 650 923 705 ἂν
957 650 1300 722 ἐπαισχυνθῇ
1360 654 1571 721 μακά).
1618 653 1743 714 τοὺς
1787 651 1956 722 ἐμοὺς

363 745 583 814 λόγους,
616 743 807 797 τοῦτον
837 744 933 797 καὶ
972 742 1011 797 δ’
1040 744 1170 807 Υίὺς
1210 742 1307 797 τοῦ
1338 742 1630 813 ἀνθρώπου
1657 746 1953 814 ἐπαισχυν.

364 835 599 909 θήσεται
655 836 714 887 ἐν
762 837 830 906 τῇ
863 836 990 908 δόξῃ
1020 835 1211 901 αὐτοῦ,
1244 836 1340 889 καὶ
1391 835 1483 890 τοῦ
1522 837 1735 907 [ἰατρὸς
1765 834 1955 901 αὑτοῦ,

364 927 598 981 καὶτῶν
638 927 892 995 ἀγγέλων
936 927 1047 982 τῶν
1093 928 1303 996 ἁγίωνέ
1328 941 1349 980 ι
1388 927 1533 998 Πρὸς
1580 927 1640 981 τὸ
1696 927 1955 997 δεύτερον

363 1019 627 1089 διεγείρει
672 1020 824 1089 ἡμᾶς
867 1022 896 1074 ό
934 1019 1097 1088 ζῆλος
1137 1021 1309 1095 καιή
1365 1019 1555 1091 ἀγάπη
1598 1020 1632 1090 ἠ
1666 1019 1952 1088 ἀδελφική.

366 1112 533 1166 Ὅθεν
571 1112 666 1166 καὶ
711 1115 776 1184 τῇ
834 1114 1096 1184 ἀνωτέρω
1137 1112 1412 1195 εἰρημένῃ
1448 1112 1638 1184 ἐντολῇ
1670 1115 1804 1184 περὶ
1846 1111 1949 1181 τῆς

363 1201 585 1270 ἀγάπης
614 1201 710 1256 τοῦ
740 1201 877 1256 Θεοῦ
904 1205 1128 1273 ἀμέσως
1155 1204 1487 1258 συνάπτεται
1516 1205 1550 1276 ἡ
1601 1203 1790 1273 ἐντολὴ
1819 1205 1954 1274 περὶ

364 1293 469 1362 τῆς
494 1295 721 1366 ἀγάπης
742 1296 840 1350 τοῦ
870 1296 1119 1368 πλησίον.
1151 1297 1324 1351 Ὅταν
1345 1297 1457 1367 γὰρ
1474 1297 1717 1365 λέγεται,
1757 1315 1775 1348 ι
1794 1297 1959 1365 ’Δγα-

2062 582 2163 620 nos
2202 565 2352 620 zelus
2391 576 2447 620 et
2498 581 2653 620 amor
2712 566 3009 624 fraternus.
3068 569 3225 626 Unde
3273 581 3329 627 et
3374 576 3645 643 superiori

2062 658 2323 712 mandato
2362 651 2442 711 de
2478 657 2775 713 dilectione
2825 658 2922 714 Dei
2971 661 3285 718 immediate
3333 665 3651 735 adiungitur

2065 756 2398 820 prmeeptum
2433 748 2499 802 de
2545 749 2843 805 dilectione
2877 752 3291 820 proximi.Cum
3328 756 3474 809 enim
3515 757 3647 812 dici.

2038 850 2041 855 ‘
2066 849 2189 894 tur:
2215 860 2233 891 ι
2274 840 2472 911 Diliges
2494 840 2784 895 Dominum
2811 843 2983 897 Deum
3019 851 3195 909 tuum,
3220 865 3237 896 ι
3264 858 3395 911 etc.,
3417 848 3649 917 subjun-

2064 932 2211 1003 gitur
2238 940 2294 986 et
2320 932 2503 986 statim
2539 949 2553 986 :
2590 951 2608 984 ‹
2652 941 2708 987 et
2737 934 3052 1003 proximum
3113 945 3264 990 tuum
3302 938 3444 994 sicut
3484 945 3536 993 te
3561 940 3648 1010 ip—

2063 1039 2208 1088 sum,
2247 1043 2263 1075 ι
2304 1024 2358 1079 id
2388 1035 2496 1083 est.
2534 1025 2599 1079 ad
2635 1026 2889 1081 eumdem
2917 1025 3102 1090 ﬁnem,
3128 1031 3192 1080 ad
3222 1030 3468 1084 eamdem
3497 1032 3648 1084 salu-

2038 1111 2170 1171 tem
2203 1125 2261 1170 et
2294 1115 2635 1181 felicitatem,
2665 1117 2731 1170 ad
2792 1133 2954 1185 quam
2991 1118 3225 1188 teipsum
3256 1119 3438 1190 diligis
3465 1129 3521 1173 et
3551 1122 3638 1175 di-

2059 1206 2216 1274 rigis,
2254 1207 2449 1274 diligas
2499 1218 2553 1261 et
2605 1209 2920 1277 proximum
2978 1218 3165 1276 tuum,
3210 1219 3262 1265 et
3312 1212 3561 1266 eamdem
3594 1213 3646 1266 ei

2056 1313 2323 1368 procures
2353 1299 2608 1356 salutem.

304 1406 311 1413 ε
366 1386 564 1453 πήσεις
618 1387 828 1458 Κύριον
864 1388 956 1442 τὸν
1003 1388 1138 1442 Θεόν
1189 1406 1308 1453 σου,
1343 1409 1363 1442 ι
1400 1392 1494 1444 καὶ
1535 1389 1604 1442 τά
1638 1388 1825 1455 λοιπὰ,
1884 1389 2046 1454 εὐθὺς
2086 1391 2376 1460 ἐπάγεται,
2406 1412 2423 1444 ι
2459 1395 2552 1446 καὶ
2601 1393 2694 1446 τὸν
2728 1393 2958 1461 πλησίον
3022 1411 3118 1448 σου
3182 1393 3259 1457 ὡς
3322 1395 3571 1448 σαυτόν·
3622 1414 3640 1446 ι

308 1540 311 1541 ν
364 1479 615 1539 τουτέστι
646 1479 787 1548 πρὸς
832 1479 895 1532 τὸ
956 1480 1094 1534 αὐτὸ
1159 1481 1335 1545 τέλος,
1396 1476 1533 1550 πρὶς
1573 1478 1672 1551 τὴν
1720 1480 1893 1552 αὐτὴν
1945 1482 2221 1552 σωτηρίαν
2267 1486 2361 1536 καὶ
2408 1484 2780 1555 εὐδαιμονίαν,
2835 1485 2973 1554 πρὸς
3050 1486 3122 1553 ἣν
3162 1484 3387 1537 σεαυτὸν
3425 1486 3645 1558 ἀγαπᾷς

365 1577 461 1628 καὶ
517 1571 872 1635 ἀπευθύνεις,
924 1573 1236 1642 ἀγαπήσεις
1270 1572 1363 1627 καὶ
1411 1573 1505 1626 τδν
1533 1571 1765 1643 πλησίον
1828 1591 1945 1641 σου,
1985 1577 2082 1627 καὶ
2126 1578 2225 1644 τὴν
2259 1575 2429 1646 αὐτὴν
2459 1576 2608 1648 αὐτῷ
2640 1579 2928 1648 φροντιεῖςκ
2947 1578 3247 1650 σωτηρίαν.

437 1665 686 1720 Γνωστὸν
711 1664 806 1718 οῦν
850 1665 994 1719 ἔστω
1027 1660 1178 1735 ὑμῖν,
1209 1666 1602 1734 ποθεινότατοι,
1633 1668 1783 1737 ἡμᾶς
1816 1662 1955 1720 εἶναι

2130 1669 2331 1724 Νοιιιιη
2383 1669 2570 1740 itaque
2619 1673 2690 1726 sit
2736 1671 2914 1738 vobis,
2961 1663 3331 1740 dilectissimi;
3380 1691 3481 1731 nos
3518 1690 3644 1733 esse

368 1759 591 1823 αὐτοὺς,
631 1757 743 1812 ἀπὸ
773 1758 986 1811 πολλῶν
1022 1758 1124 1828 ἢδη
1154 1758 1418 1812 ἐνιαυτῶν
1451 1761 1519 1830 τῇ
1547 1760 1816 1832 θεραπείᾳ
1855 1760 1950 1815 τοῦ

362 1851 501 1904 Θεοῦ
539 1849 977 1920 ἀφιερωμένους,
1018 1851 1068 1904 εἰ
1119 1851 1216 1904 καὶ
1258 1850 1512 1916 ἀναξίους
1562 1853 1658 1905 καὶ
1691 1853 1953 1922 ἁμαρτω·
1988 1868 1995 1891 ι

363 1944 512 2007 λοὺς,
565 1942 663 1997 καὶ
697 1943 1151 2012 πεφυτευμένους
1184 1944 1242 1994 ἐν
1270 1942 1346 2013 τῷ
1377 1943 1781 2016 οῐκῳιΚυρίου,
1816 1944 1953 2014 πρὸς

363 2035 424 2087 ab
452 2034 687 2104 μελετᾷν
735 2035 794 2086 ἐν
840 2033 918 2102 τῷ
944 2033 1293 2111 νόμῳμαίηοῦ
1325 2034 1540 2105 ἡμέρας
1590 2033 1690 2087 καὶ
1729 2034 1948 2098 νυκτὸς,

365 2129 456 2179 καὶ
490 2129 548 2179 ὲν
577 2129 646 2197 τῇ
687 2125 909 2196 ἀκριϐεῖ
946 2126 1148 2198 μελέτῃ
1198 2128 1364 2180 αὐτοῦ
1395 2130 1489 2181 καὶ
1517 2127 1765 2193 ἐξετάσει
1814 2126 1950 2195 ἀλη-

362 2216 601 2271 θέστατα
625 2216 1012 2287 ἐδιδάχθημεν,
1064 2218 1148 2271 ὅτι
1193 2220 1225 2288 ἡ
1273 2217 1458 2282 πίστις
1510 2219 1608 2289 τῆς
1646 2216 1948 2287 καθολικῆς

373 2307 704 2379 Ἐκκλησίας
748 2308 859 2361 τῶν
897 2307 1267 2379 Χριστιανῶν,
1303 2303 1524 2380 ἧστινος
1559 2310 1722 2377 ἡμεῖς
1779 2310 1950 2378 ἐσμεν

359 2398 718 2469 ὁμολογηταὶ,
763 2397 911 2452 ἐστιν
946 2397 1293 2469 ἀληθεστάτη
1322 2440 1335 2463 ,
1377 2398 1639 2468 οὐδεμίαν
1678 2400 1737 2452 ἐν
1776 2399 1949 2468 ἑαυτῇ

360 2492 696 2561 περιέχουσα
723 2490 942 2562 ἀπάτην
990 2490 1025 2564 ἢ
1070 2491 1287 2562 ψεῦδος.
1339 2493 1450 2545 Καὶ
1498 2492 1560 2545 τὸ
1614 2492 1949 2561 Εὑαγγέλιον

359 2580 455 2636 τοῦ
480 2582 717 2653 Χριστοῦ
758 2584 876 2637 ἐστι
906 2583 1070 2653 νόμος
1111 2583 1249 2637 Θεοῦ
1306 2583 1561 2655 ἄμωμος,
1594 2584 1949 2653 ἐπιστρέφων

360 2674 460 2737 τὰς
509 2673 710 2745 ψυχάς·
767 2674 1191 2746 μαρτυρία-τοῦ
1251 2675 1457 2746 Κυρίου
1509 2677 1704 2739 πιστὴ,
1757 2677 1950 2744 σοφίαν

363 2766 622 2836 παρέχων
657 2769 911 2835 νηπίοις.’
945 2765 1300 2820 Δικαιοσύναι
1351 2767 1559 2837 Κυρίου
1596 2764 1831 2832 εὐθεῖαι,
1860 2766 1951 2818 εὐ-

363 2860 687 2932 φραίνουσαι
739 2861 993 2932 καρδίας
1030 2861 1223 2934 ἐντολὴ
1258 2862 1472 2932 Κυρίου
1507 2861 1811 2932 τηλαυγὴς,
1842 2878 1954 2928 φω-

358 2951 588 3016 τίζουσα
630 2954 969 3023 ὀρθαλμοὺς,
1035 2954 1113 3017 ὡς
1169 2954 1265 3009 ἀπ’
1309 2954 1478 3008 αὐτοῦ
1529 2955 1625 3007 τοῦ
1674 2952 1809 3007 Θεοῦ
1853 2953 1948 3007 καὶ

346 3045 569 3121 ’Πατρὺς
595 3021 684 3101 διά
709 3021 1011 3114 τοῦ-Λόγου
1043 3047 1236 3113 αὑτοῦ,
1267 3047 1356 3101 διὰ
1382 3049 1484 3115 τῆς
1512 3046 1706 3115 σοφίας
1743 3045 1941 3112 αὑτοῦ,
1975 3021 2018 3080 c

359 3138 426 3190 δι’
449 3138 615 3192 αὑτοῦ
648 3137 744 3192 τοῦ
783 3137 1109 3210 μονογενοῦς
1157 3137 1291 3192 Υίοῦ
1327 3137 1520 3205 αὐτοῦ,
1551 3139 1619 3191 δι’
1656 3133 1717 3191 οῦ
1765 3138 1950 3192 πᾶσαν

362 3234 428 3283 ἐκ
446 3229 543 3283 τοῦ
592 3230 819 3303 μηδενὸς
883 3233 1181 3303 παρήγαγε
1258 3231 1442 3284 κτίσιν
1469 3271 1487 3295 ,
1555 3230 1947 3300 νομοθετηθεὶς

362 3321 468 3375 ὑπὸ
498 3320 606 3374 τῶν
628 3320 1014 3393 πατριαρχῶν,
1067 3320 1397 3384 πολυτύπως
1440 3318 1808 3391 προορισθεὶς,
1841 3319 1949 3371 ὑπὸ

363 3411 474 3465 τῶν
531 3411 834 3483 προφητῶν
889 3413 1265 3484 προρῤηθεὶς,
1326 3413 1420 3465 καὶ
1457 3412 1737 3480 διαφόροις
1775 3410 1953 3478 αἰνίγ-

366 3508 631 3573 μασικαὶ
668 3502 864 3572 τύποις
908 3503 1292 3574 προτυπωθεὶς
1317 3503 1426 3575 πρὸ
1460 3503 1673 3556 πολλῶν
1708 3503 1946 3573 χρόνων,

363 3598 422 3649 ἐν
455 3596 704 3666 ἐκατέρῳ
742 3594 821 3667 τῷ
874 3596 989 3666 λαῷ
1021 3595 1117 3649 τοῦ
1163 3594 1325 3663 Θεοῦ,
1365 3594 1447 3667 τῷ
1505 3613 1566 3649 τε
1615 3578 1947 3666 καλουμένῳ

367 3691 476 3743 τῶν
521 3688 798 3744 Ἰουδαίων
832 3690 929 3743 καὶ
976 3688 1054 3759 τῷ
1109 3688 1217 3742 τῶν
1249 3687 1454 3741 ἐθνῶνο
1504 3688 1598 3741 καὶ
1628 3685 1856 3756 ὕστερον
1881 3686 1948 3739 δι’

362 3784 532 3853 αὐτῆς
569 3783 667 3853 τῆς
699 3782 852 3846 θείας
890 3783 1087 3852 σοφίας
1115 3779 1607 3853 ἐνανθρωπισάσης
1640 3779 1718 3850 τῷ
1757 3780 1949 3849 κόσμῳ

362 3875 697 3947 παραδοθείς
726 3892 786 3928 τε
813 3877 908 3929 καὶ⁹
938 3873 1306 3945 φανερωθεὶς,
1332 3872 1663 3944 θαυμασίοις
1698 3871 1951 3944 σημείοις

338 3966 460 4037 ,καὶ
492 3965 756 4036 δυνάμεσι
800 3964 1146 4035 βεδαιωθεὶς,
1183 3964 1291 4019 ὑπὸ
1339 3964 1448 4018 τῶν
1492 3963 1811 4018 ἀποστόλων
1851 3979 1955 4032 κη-

365 4058 609 4130 ρυχθείς,
651 4056 748 4111 καὶ
780 4056 859 4128 τῷ
888 4055 1086 4125 αἵματι
1120 4055 1519 4125 καθαγιασθεὶς
1559 4053 1727 4111 αὐτοῦ
1768 4070 1827 4107 τε
1858 4055 1950 4107 τοῦ

363 4149 655 4220 νομοδότου
701 4145 879 4219 Ἰησοῦ
934 4148 1202 4218 Χριστοῦ,
1255 4147 1356 4201 καὶ
1385 4145 1569 4199 αὐτῶν
1608 4145 1721 4198 τῶν
1776 4145 1952 4212 ἁγίων

362 4245 704 4310 ἀποστόλων,
757 4242 855 4296 καὶ
895 4241 1006 4296 τῶν
1054 4240 1458 4311 ἀναριθμήτων
1484 4237 1689 4308 ἐφεξῆς
1733 4238 1952 4315 μαρτύ·

288 4362 295 4367 ι
366 4354 501 4407 ρων,
533 4335 644 4391 τῶν
694 4353 751 4389 τε
790 4333 966 4404 ἀγίων
998 4332 1094 4388 τοῦ
1151 4332 1393 4404 Χριστοῦ
1440 4331 1799 4402 ὁμολογητῶν
1851 4330 1947 4383 καὶ
1979 4373 2021 4427 D

364 4428 713 4483 διδασκάλων
755 4429 967 4500 ῥήμασι
1027 4425 1122 4479 καὶ
1181 4424 1600 4494 παραδείγμασι
1662 4421 1947 4494 πολλαχῶς

374 4525 470 4577 καὶ
510 4521 837 4591 θαυμασίως
869 4517 1235 4590 φανερωθεὶς,
1281 4517 1378 4570 καὶ
1410 4514 1519 4567 τῶν
1560 4515 1732 4582 ἀγίων
1762 4512 1949 4583 χηρῶν

365 4616 465 4668 καὶ
527 4613 816 4685 παρθένων
866 4610 998 4683 ,θείᾳ
1039 4609 1241 4679 μᾶλλον
1280 4608 1313 4680 ἢ
1373 4606 1695 4679 ἀνθρωπίνῃ
1743 4607 1949 4674 ἐγκρα-

362 4706 485 4778 τείᾳ
540 4708 636 4783 κα),
688 4705 1028 4775 καθαρότητι
1064 4701 1371 4772 παρθενικῇ
1406 4697 1804 4767 στεφανωθεὶς,
1847 4696 1946 4749 καὶ

360 4802 430 4869 τῇ
468 4799 580 4856 τῶν
642 4797 1063 4873 μετανοοῦντων,
1103 4794 1288 4848 αὐτῶν
1341 4793 1627 4862 θαυμασία
1681 4789 1952 4859 καθάρσει

363 4892 505 4962 ὑπὲρ
544 4891 702 4961 χιόνα
752 4889 1100 4951 λευκανθείς.
1158 4887 1248 4939 Ἐν
1283 4884 1454 4954 ὁποίῳ
1497 4884 1649 4952 νόμῳ
1678 4880 1854 4933 πάντα
1888 4879 1955 4930 τὰ

344 4986 456 5049 ,τὸν
508 4980 846 5055 ἀνθρώπινον
888 4980 1291 5050 ὑπερόαίνοντα
1323 4977 1451 5031 νοῦν
1476 4975 1863 5047 κηρύττονται,
1899 4971 1956 5023 αἱ

361 5080 463 5150 τῆς
496 5078 700 5150 σαρκὸς
753 5076 941 5147 ἡδοναὶ
1002 5073 1348 5147 κωλύονται,
1406 5073 1474 5124 τά
1533 5072 1592 5121 ἐν
1632 5066 1710 5135 τῷ
1764 5065 1958 5134 κόσμῳ

362 5173 546 5225 πάντα
591 5170 941 5225 διδάσκονται
980 5164 1475 5236 καταφρονεῖσθαι,
1517 5163 1587 5214 τὰ
1630 5158 1687 5212 δὲ
1744 5159 1959 5236 ἀόρατα

2056 1762 2309 1816 homines
2342 1762 2452 1832 jam
2485 1778 2513 1816 a
2563 1763 2813 1832 plur'bus
2847 1766 3008 1820 annis
3042 1765 3231 1822 divino
3269 1768 3439 1822 cultui
3477 1767 3640 1821 dedi-

2055 1861 2229 1917 catos,
2261 1851 2391 1906 licet
2421 1851 2677 1921 indignos
2708 1864 2766 1908 et
2798 1866 3140 1924 peceatores,
3171 1858 3553 1929 planlalosque
3586 1861 3640 1913 in

2053 1942 2218 1997 domo
2247 1942 2462 1996 Domini
2497 1945 2562 1997 ad
2597 1945 2971 2000 meditandum
3006 1948 3059 2001 in
3094 1947 3212 2018 lege
3254 1948 3428 2017 ipsius
3458 1950 3547 2002 die
3577 1965 3643 2003 ac

2055 2040 2234 2086 nocte.
2269 2030 2326 2084 lu
2362 2034 2519 2101 cujus
2551 2033 2797 2101 diligenti
2843 2035 3201 2091 meditatione
3232 2048 3289 2091 et
3327 2049 3642 2106 perscruta-

2056 2124 2200 2178 tione
2233 2125 2514 2179 verissime
2550 2126 2865 2190 ἁὶιίιοίιῐιυε,
2906 2129 3054 2197 quod
3088 2128 3223 2185 fides
3252 2130 3517 2185 Ecclesiae
3551 2147 3642 2186 ca-

2057 2216 2271 2271 tholicae
2302 2217 2777 2283 Christianorum,
2809 2220 2969 2289 cujus
3000 2235 3100 2276 nos
3133 2236 3324 2276 sumus
3371 2222 3642 2291 professo-

2052 2320 2166 2369 res,
2202 2316 2287 2361 est
2322 2308 2632 2373 verissima,
2681 2308 2886 2362 nullam
2930 2309 2985 2363 in
3022 2324 3083 2365 se
3112 2311 3404 2365 continens
3435 2312 3641 2366 falsita-

2056 2403 2164 2450 tem
2196 2404 2293 2469 aut
2327 2395 2699 2452 mendacium.
2729 2396 2795 2451 Et
2825 2398 3184 2469 Evangelium
3211 2401 3414 2455 Christi
3442 2417 3527 2457 εει
3554 2403 3638 2455 lex

2055 2485 2271 2541 Domini
2316 2489 3058 2555 immaculata,-convertens
3103 2494 3342 2556 animas;
3395 2495 3645 2547 testium-

2053 2580 2208 2634 nium
2238 2580 2460 2634 Domini
2495 2580 2678 2645 ﬁdele,
2710 2583 3038 2652 sapientiam
3066 2592 3337 2654 praestans
3369 2586 3635 2654 parvulis.

2051 2673 2290 2729 Justitim
2322 2672 2541 2750 Domini
2574 2686 2757 2740 recta,
2800 2675 3141 2733 lmtiﬁcantes
3172 2677 3339 2732 corda
3374 2693 3386 2729 :
3432 2693 3636 2747 pnece-

2052 2779 2209 2839 ptum
2243 2767 2463 2823 Domini
2499 2768 2770 2834 lucidum,
2823 2769 3140 2824 illuminans
3183 2770 3394 2837 oculos,
3454 2780 3641 2839 utpote

2053 2860 2124 2914 ab
2156 2859 2280 2930 ipso
2312 2859 2424 2915 Deo
2453 2860 2613 2915 Patre
2649 2877 2746 2930 per
2782 2859 3019 2916 Verbum
3056 2876 3243 2927 suum,
3278 2877 3377 2929 per
3418 2849 3643 2930 sapien-

2057 2954 2187 3007 tiam
2230 2967 2408 3018 suam,
2457 2969 2554 3023 per
2605 2954 2785 3022 ipsum
2837 2953 3177 3025 unigenitum
3218 2968 3378 3008 suum
3417 2953 3636 3012 Filium.

2052 3062 2153 3116 per
2179 3061 2341 3115 quem
2371 3046 2685 3100 universam
2714 3061 2780 3101 ex
2814 3046 2985 3101 nihilo
3016 3044 3276 3115 produxit
3304 3053 3638 3103 creaturam,

2054 3140 2260 3194 dictata
2293 3154 2322 3212 ᾳ
2354 3138 2684 3208 patriarchis
2721 3137 2911 3191 multis
2948 3140 3295 3208 praasignata,
3327 3152 3357 3190 a
3404 3136 3641 3205 prophe-

2057 3216 2129 3288 tis
2163 3231 2430 3302 prmdicta
2475 3231 2644 3286 variis
2687 3231 3071 3302 tentigmatihus
3101 3239 3158 3286 et
3198 3226 3411 3301 lig'uris,
3450 3230 3641 3283 multis

2057 3335 2221 3381 antea
2253 3325 2469 3380 saeculis
2499 3323 2644 3394 apud
2672 3333 2968 3394 utrumque
2994 3326 3255 3395 pepulum
3283 3325 3401 3389 Dei,
3428 3322 3641 3381 scilicet

2052 3417 2146 3488 qui
2175 3416 2490 3473 Judteorum
2522 3415 2834 3482 dicebatur,
2865 3424 2923 3470 et
2951 3416 3236 3485 gentilem,
3267 3417 3636 3486 praefigurata.

2026 3502 2121 3564 ‘Et
2155 3509 2373 3564 tandem
2412 3523 2510 3578 per
2540 3508 2713 3577 ipsam
2743 3505 2986 3561 divinam
3020 3507 3346 3576 sapientiam
3378 3506 3614 3561 huinana

2057 3607 2164 3653 tam
2219 3597 2428 3651 mundo
2476 3596 2701 3659 tradita,
2755 3605 2811 3649 et
2858 3592 3232 3657 manifestata,
3290 3592 3640 3647 mirabilibus

2054 3687 2229 3759 signis
2261 3696 2317 3741 et
2348 3687 2621 3756 portentis
2648 3684 2995 3746 conﬁrmata,
3027 3684 3097 3738 ab
3139 3682 3404 3753 apostolis
3450 3681 3643 3751 praedi-

2054 3791 2175 3837 cata
2213 3796 2228 3834 :
2271 3780 2443 3849 ipsius
2476 3776 2811 3850 legislatoris
2850 3776 2981 3831 Jesu
3011 3774 3240 3836 Christi,
3279 3776 3636 3842 ipsorumque

2056 3886 2284 3926 suorum
2339 3870 2743 3939 apostolorum.
2798 3874 2856 3921 et
2912 3864 3398 3919 innumerabilium
3446 3865 3640 3917 subse-

2056 3961 2355 4032 qucntium’
2378 3946 2680 4029 martyrum
2710 3958 2979 4028 sanguine
3017 3965 3339 4010 consecrata
3369 3971 3382 4007 :
3415 3962 3606 4008 sancto
3625 3981 3638 3993 -

2028 4070 2181 4119 ,rum
2223 4051 2428 4108 Christi
2477 4049 2856 4105 confessorum
2909 4056 2964 4102 et
3015 4048 3304 4102 doctorum
3365 4045 3547 4099 verbis
3585 4058 3642 4097 et

2054 4143 2323 4212 exemplis
2386 4141 2774 4211 multipliciter
2819 4146 2876 4195 et
2932 4137 3261 4193 mirabiliter
3314 4135 3637 4190 declarata:

2056 4245 2375 4292 sanctarum
2420 4233 2714 4287 viduarum
2768 4240 2824 4286 et
2872 4229 3147 4301 virginum
3218 4226 3405 4281 divina
3456 4225 3642 4294 potius

2056 4344 2220 4398 quam
2255 4328 2495 4380 humana
2529 4323 2873 4379 continentia
2904 4330 2959 4376 et
2999 4319 3238 4391 pu‘ritate
3268 4316 3519 4386 virginali
3547 4318 3642 4369 de—
3724 4384 3731 4387 _

2053 4431 2239 4476 corata
2273 4438 2288 4475 :
2327 4423 2572 4488 ipsorum
2620 4414 2942 4486 paenitentia
2985 4410 3272 4465 mirahibili
3311 4408 3639 4479 purgatione

2055 4527 2225 4581 super
2272 4510 2454 4564 niVem
2506 4507 2780 4561 dealbata.
2835 4503 2890 4558 In
2924 4520 3030 4573 qua
3069 4516 3287 4557 omnem
3333 4504 3635 4552 humanum

2026 4596 2399 4660 intellectum
2447 4597 2771 4655 excedentia
2846 4594 3242 4666 praedicantur,
3329 4591 3640 4660 voluptates

2057 4693 2242 4753 carnis
2267 4692 2619 4756 cohibentur,
2648 4688 2834 4760 omnia
2859 4702 2981 4756 qua:
3002 4685 3058 4739 in
3088 4683 3294 4738 mundo
3324 4676 3472 4744 sunt;
3505 4695 3639 4734 con-

2058 4786 2229 4843 temni
2261 4785 2551 4849 docentur,
2585 4792 2640 4837 et
2673 4779 2996 4841 invisibilia,
3034 4775 3443 4838 immaterialia,
3476 4772 3644 4843 spiri-

2056 4879 2251 4939 tualia,
2279 4884 2595 4938 et'aeterna,
2630 4888 2738 4927 non
2775 4871 2960 4942 qualia
3006 4885 3133 4924 caro
3161 4876 3216 4922 et
3259 4867 3482 4936 sanguis
3515 4881 3641 4935 per—

2057 4969 2311 5035 suadent,
2356 4960 2780 5038 promittuntur,
2839 4972 2898 5018 et
2941 4972 2999 5017 ut
3023 4976 3147 5016 cum
3201 4961 3473 5016 Altcorano
3513 4973 3644 5011 con-

2057 5060 2366 5124 cludamus,
2403 5059 2457 5114 in
2505 5073 2615 5128 qua
2644 5066 2730 5111 est
2775 5056 3028 5117 directio,
3074 5061 3130 5108 et
3187 5057 3281 5108 lux
3334 5060 3390 5106 et
3439 5050 3642 5105 veritas

2061 5149 2372 5206 manifesta.

362 5271 465 5325 καὶ
506 5267 802 5334 άῦλα,.κα“ι
867 5246 1217 5335 πνευματικὰ
1259 5263 1368 5316 καὶο
1397 5259 1616 5325 αἰώνια,
1663 5256 1763 5326 οὐχ
1803 5235 1968 5307 ὁποῖα
2006 5253 2041 5324 ἡ
2078 5249 2218 5319 σὰρξ
2280 5248 2378 5300 καὶ
2439 5245 2503 5297 τὸ
2553 5239 2694 5314 αἷμα
2730 5238 3217 5335 συμϐουλεύουσιν,
3256 5235 3626 5335 ἐπαγγέλλον-

364 5379 480 5419 ταισ
516 5365 613 5417 καὶ
652 5330 752 5414 ⁷ῖνα
787 5358 929 5432 μετά
956 5330 1052 5412 τοῦ
1099 5356 1430 5428 ’Λλκοράνου
1478 5351 1949 5423 συμπεράνωμεν,
1988 5347 2046 5399 ἐν
2081 5338 2126 5413 ᾧ
2163 5346 2313 5396 ἐστιν
2367 5341 2402 5410 ἠ
2469 5336 2779 5410 διόρθωσις,
2831 5336 2925 5390 καὶ
2965 5334 3026 5387 τὸ
3063 5332 3200 5402 φῶς,
3261 5330 3358 5382 καὶ
3390 5330 3423 5395 ἡ
3461 5342 3624 5392 φανε-

365 5461 608 5533 ρωθεῖσα
640 5456 889 5528 ἀλήθεια.

439 5552 607 5607 Ὅσον
656 5546 751 5603 οὖν
814 5547 952 5619 πρὸς
999 5546 1061 5600 τὸ
1117 5543 1341 5615 πρῶτον
1403 5541 1502 5614 ὅλῃ
1561 5539 1659 5609 τῆς
1710 5535 1954 5598 διανοίας

367 5644 530 5717 ἡμῶν
587 5648 652 5717 τῇ
704 5640 911 5715 σχέσει,
964 5640 1063 5713 ὅλῃ
1112 5641 1212 5710 τῆς
1262 5635 1487 5709 καρδίας
1539 5631 1640 5704 τῆς
1672 5627 1949 5715 ἡμετέρας

439 5788 490 5826 ’⁸³³
528 5787 720 5845 Matth.
761 5802 813 5853 ι,
849 5783 943 5839 $2.

2134 5531 2410 5599 Quantum
2449 5528 2617 5599 igitur
2642 5525 2708 5581 ad
2740 5524 2999 5594 primum,
3050 5528 3162 5575 tota
3213 5517 3413 5591 mentis
3443 5523 3641 5568 nostra:

2059 5624 2375 5691 devotione,
2410 5630 2524 5679 toto
2553 5617 2737 5678 cordis
2773 5615 2946 5674 nostri
2993 5610 3274 5669 desiderio
3306 5614 3378 5666 et
3427 5607 3642 5662 fervore

2922 5775 2949 5782 η.

2604 5847 2632 5875 ι

2809 5876 2857 5886 κν
