4070 6466
392 367 523 432 115:7

387 573 521 627 τῶν.
566 571 757 636 Ὅστις
804 568 897 626 οῦν
923 575 1067 628 θέλει
1101 574 1366 641 σωθῆναι,
1408 573 1513 644 πρὸ
1544 574 1762 626 πάντων
1800 573 1960 643 χρεία

389 665 538 714 ἐστὶν
563 664 712 733 αὐτῷ
744 667 973 735 κρατεῖν
1000 666 1100 734 τὴν
1131 666 1429 736 καθολικὴν
1461 665 1667 730 πίστιν,
1707 665 1957 732 δηλονότι

388 750 488 818 τῆς
545 750 845 819 καθολικῆς
897 752 1232 822 Ἐκκλησίας
1295 749 1404 804 τῶν
1462 749 1829 818 Χριστιανῶν,
1879 751 1956 814 ὡς

389 843 526 913 αὐτῇ
558 844 626 913 τῇ
674 842 974 913 Ἐκκλησία
1002 844 1090 896 διὰ
1128 843 1225 896 τοῦ
1270 842 1610 911 Εὐαγγελίου
1647 842 1960 911 ’παροιδίδω⁴

391 946 496 994 σιν,
533 930 620 982 ἵνα
650 929 980 1000 φωτίζηται,
1013 933 1110 986 καὶ
1165 931 1367 1003 βλέπῃ,
1422 932 1517 984 καὶ
1548 931 1800 1002 γικὼσκῃ
1832 929 1962 983 ταύ-

389 1037 488 1088 την
541 1019 640 1089 τὴν
685 1019 823 1086 ὁδὸν,
855 1015 924 1094 ἦς
977 1021 1083 1086 ἔξω
1124 1022 1186 1075 οὐ
1229 1021 1456 1077 δύναται
1493 1020 1778 1085 σώζεσθαι.
1803 1021 1961 1076 Μετὰ

390 1109 585 1174 ταῦτα,
648 1110 734 1164 ἵνα
783 1111 852 1165 τὰ
903 1114 1184 1184 μυστήρια
1213 1114 1314 1182 τῆς
1354 1112 1684 1182 Ἐκκλησίας
1714 1112 1964 1176 εὐλαϐῶς

1600 323 1902 429 conruit.
1942 370 2465 431 MAIIOMETEM.

385 480 687 548 δαιμονίας·
713 483 809 533 καὶ
834 481 992 535 τοῦτο
1020 482 1109 535 διὰ
1137 482 1247 534 τῶν
1281 481 1515 534 ἐντολῶν
1551 483 1646 534 καὶ
1687 481 1798 534 τῶν
1833 482 1958 552 ἁρε-

2067 490 2355 550 cognoscat
2401 482 2544 535 hanc
2592 482 2732 536 viam
2785 493 2936 538 extra
2981 499 3144 554 quam
3180 501 3288 540 non
3340 500 3424 542 est
3470 498 3641 543 satus.
3738 539 3744 548 ,

3509 377 3646 440 H58

2074 572 2280 627 Deinde
2317 582 2376 626 ut
2419 583 2766 629 sacramenta
2816 572 3069 631 Ecclesiae
3116 587 3433 632 reverenter
3465 580 3642 634 susci-

2069 666 2204 732 piat,
2240 674 2302 719 ut.
2333 674 2569 734 ponatur
2605 665 2660 719 in
2708 666 2796 721 via
2841 682 2941 735 per
2975 683 3138 737 quam
3173 683 3398 723 necesse
3450 681 3536 724 est
3575 671 3642 725 ad

2069 755 2300 809 salutem
2333 755 2638 810 ambulare.
2673 754 2913 812 Tandem
2943 767 3004 812 ut
3029 759 3200 828 possit
3237 759 3529 816 terminum
3558 777 3647 816 sa—

2065 842 2198 897 lutis
2221 853 2277 898 et
2306 841 2584 898 felicitatis
2614 844 2828 907 TSecure
2858 847 3149 917 attingere,
3181 865 3321 918 opus
3350 860 3432 905 est
3465 861 3524 906 ut
3549 853 3648 905 ob-

2067 942 2250 989 servet
2273 935 2586 1004 evangelica
2619 946 2888 1006 praecepta
2919 948 2977 994 et
3020 939 3228 1007 divina,
3255 950 3312 994 et
3341 942 3651 996 secundum

2067 1023 2302 1080 virtutes
2333 1018 2675 1102 theologicas
2707 1027 2916 1097 pariter
2940 1037 2997 1083 et
3025 1033 3263 1087 murales
3292 1047 3449 1086 suam
3477 1034 3651 1087 vitam

2072 1115 2310 1180 ordinet,
2343 1124 2397 1170 et
2426 1126 2712 1186 cperetur.-

391 1203 739 1297 ἀναδέξηται,
783 1203 860 1267 ὡς
910 1205 978 1257 ἂν
1032 1205 1166 1276 τεθῇ
1216 1207 1274 1259 ὲν
1301 1207 1368 1276 τῇ
1405 1205 1532 1275 ὁδῷ,
1566 1205 1637 1257 δι’
1683 1200 1753 1277 ἧς
1819 1205 2034 1274 ἀνάγκη
2079 1205 2230 1258 ἐστὶν
2260 1207 2468 1261 ὁδεύειν
2499 1209 2637 1279 πρὸς
2683 1210 2784 1280 τὴν
2814 1210 3112 1280 σωτηρίαν.
3145 1212 3440 1282 ’Υστερον,
3471 1215 3546 1278 ὡς
3581 1214 3655 1266 ἂν

396 1295 602 1364 δυνηὈῇ
636 1297 773 1365 προς
804 1295 895 1348 τὸν
926 1296 1054 1366 ὅρον
1086 1299 1184 1366 τῆς
1231 1298 1507 1367 σωτηρίας
1572 1295 1668 1350 καὶ
1729 1297 1827 1365 τῆς
1887 1297 2236 1368 εὐδαιμονίας
2287 1299 2548 1366 ἀσφαλῶς
2598 1299 2821 1367 φθάσαι,
2876 1305 3035 1370 χρεία
3065 1305 3213 1357 ἐστὶν
3273 1307 3360 1358 ἵνα
3398 1307 3645 1379 (pulier

391 1387 489 1449 τὰς
521 1387 889 1454 εὐαγγελικὰς
932 1389 1151 1452 ἐντολὰς
1204 1391 1301 1442 καὶ
1368 1389 1521 1453 θείας
1547 1431 1563 1456 ,

394 1479 592 1532 ἑαυτοῦ
636 1479 781 1550 ζωὴν
827 1480 1001 1554 τάττῃ
1031 1483 1126 1534 καὶ
1171 1482 1397 1552 ἐνεργῇ.

1632 1388 1728 1442 καὶ
1771 1390 1913 1443 κατὰ
1949 1390 2049 1461 τὰς
2089 1392 2292 1460 ἀρετὰς
2343 1395 2441 1455 τὰς
2497 1394 2814 1463 θεολογικὰς
2862 1395 2997 1466 ὁμοῦ
3047 1400 3140 1450 καὶ
3181 1400 3278 1462 τὰς
3311 1401 3508 1468 ἠθικὰς
3543 1403 3652 1471 τὴν

462 1572 581 1640 Χρὴ
636 1573 834 1636 τοξνυν,
884 1565 929 1624 ὦ
975 1572 1364 1636 ποθεινότατοι,
1413 1572 1500 1626 διὰ
1534 1573 1634 1644 τὴν
1687 1573 1965 1644 σωτηρίαν

2141 1573 2372 1644 Oportet
2435 1593 2590 1648 ergo,
2649 1579 3016 1647 dilectissimi,
3074 1597 3175 1650 pro
3224 1593 3404 1637 vestra
3469 1587 3648 1641 salute

393 1663 568 1732 ὑμῶν,
597 1664 694 1716 καὶ
723 1662 970 1734 περὶτοῦ
998 1662 1135 1716 Θεοῦ
1170 1665 1265 1718 καὶ
1300 1667 1431 1733 περὶ
1470 1665 1568 1732 τῆς
1619 1666 1965 1737 προειρημέ-

394 1773 490 1823 νης
511 1754 652 1818 ὁδοῦ,
673 1755 796 1825 ἥτις
821 1755 974 1807 ἐστὶν
994 1756 1022 1808 ό
1051 1756 1307 1826 Χριστὸς,
1333 1755 1508 1819 ἄλλως
1533 1757 1628 1810 καὶ
1654 1758 1815 1811 πλέον
1837 1774 1966 1828 φρο-

393 1852 503 1899 νεῖν
536 1849 631 1900 καὶ
655 1831 812 1900 νοεῖεῗ
827 1849 973 1916 παρὸ
1016 1852 1073 1899 ὲν
1107 1847 1183 1916 τῷ
1227 1848 1538 1916 ’Λλκοράνῳ
1583 1849 1740 1918 ὑμῶν
1766 1848 1919 1918 ἔχετε
1946 1864 1961 1879 ’

394 1939 451 1992 ὲν
479 1931 652 2005 ᾧτινι,
684 1940 731 1990 εί
759 1937 852 1990 καὶ
877 1941 1006 2010 περὶ
1033 1937 1127 1992 τοῦ
1160 1938 1296 1990 Θεοῦ
1325 1941 1418 1992 καὶ
1442 1925 1726 1993 αὐτοῦτοῦ
1755 1940 1964 2010 Κυρίου

393 2029 552 2098 ἡμῶν
597 2028 774 2098 Ἰησοῦ
823 2029 1066 2099 Χριστοῦ
1113 2031 1284 2083 πολλὰ
1318 2033 1492 2102 ἀληθῆ
1538 2033 1634 2085 καὶ
1671 2036 1899 2102 φανερὰ,
1929 2033 1966 2087 ἃ

395 2119 490 2172 καὶ
515 2121 676 2190 ἡμεῖς
711 2121 1104 2191 ὁμολογοῦμεν,
1154 2121 1333 2192 ἔχετε,
1358 2123 1507 2192 ὅμως
1539 2125 1670 2178 διότι
1716 2125 1778 2177 οὐ
1821 2124 1967 2177 κατὰ

391 2213 484 2264 τὸν
509 2213 672 2266 αὐτὸν
698 2213 918 2283 τρόπον,
951 2211 1027 2275 ὡς
1055 2212 1193 2285 αὐτὴ
1241 2215 1274 2285 ὴ
1305 2216 1531 2285 ἀλήθεια
1575 2219 1635 2270 ὲν
1664 2215 1742 2286 τῷ
1783 2217 1966 2285 Εὐαγ-

392 2305 559 2374 γελίῳ
613 2305 981 2373 ἐφανέρωσεν,
1019 2305 1145 2359 οὐδὲ
1191 2307 1412 2370 ἱκανῶς·
1449 2308 1538 2362 διὰ
1566 2309 1723 2363 τοῦτο
1745 2309 1908 2372 αὐτὸς
1937 2311 1966 2364 ὁ

393 2395 556 2464 νόμος
607 2395 702 2448 τοῦ
746 2395 1077 2468 Ἀλκοράνου
1132 2399 1233 2451 οὐκ
1289 2399 1451 2470 ἀρκεῖ
1485 2401 1618 2470 πρὸς
1666 2403 1962 2473 σωτηρίαν.

393 2487 739 2556 Παραδίδωσι
760 2489 869 2558 γὰρ
898 2490 1029 2542 αὐτὸ
1059 2490 1121 2543 τὸ
1162 2490 1492 2562 Ἀλκορὰνον
1525 2495 1656 2564 περὶ
1684 2493 1776 2547 τοῦ
1804 2494 1964 2562 Θεοῦ,

390 2577 474 2628 ὅτι
505 2577 654 2628 ἐστὶν
682 2571 782 2640 εἷς,
809 2576 1122 2647 ἀσώματος,
1160 2579 1344 2644 ἄῦλος,
1378 2580 1633 2652 ἀόρατος,
1679 2583 1966 2654 ἀκατάλη-

393 2685 547 2734 πτος,
585 2660 798 2731 οὗτινος
824 2666 947 2722 οὐτε
999 2669 1225 2740 μέτοχος
1256 2709 1272 2737 ,
1308 2669 1433 2726 οὔτε
1481 2676 1742 2738 κοινωνός
1792 2675 1963 2730 ἐστιν·

392 2760 450 2810 ἐν
477 2760 544 2829 τῇ
601 2759 746 2828 χειρὶ
802 2759 970 2813 αὐτοῦ
1023 2761 1136 2830 ζωή
1163 2762 1256 2815 καὶ
1305 2761 1559 2828 θάνατος’
1621 2765 1786 2829 αὐτὸς
1823 2767 1966 2837 ὑπὲρ

393 2849 573 2901 πάντα
603 2849 855 2913 δυνατὸς,
887 2851 1028 2922 ὑπὲρ
1060 2853 1238 2908 πάντα
1265 2855 1653 2925 εὐλογημένοςο
1685 2857 1847 2921 αὐτὸς
1876 2858 1970 2928 δη·-

397 2939 676 3040 μιουργὸς,
715 2941 1078 3040 ἔοὸερνήτης
1128 2946 1224 2997 καὶ
1271 2945 1566 3016 δικαιωτὴς
1615 2949 1724 3001 τῶν
1755 2949 1964 3020 ψυχῶν,
1993 2983 2036 3040 C

394 3032 488 3085 καὶ
518 3031 686 3084 πολλὰ
707 3031 862 3098 ἄλλα,
893 3033 1053 3086 ἆτινα
1079 3036 1174 3088 καὶ
1196 3037 1359 3106 ἡμεῖς
1385 3037 1604 3106 ἀληθῶς
1640 3039 1967 3110 πιστεύομεν

393 3124 490 3178 καὶ
520 3125 886 3196 κηρύττομεν.
952 3126 1118 3192 Ἀλλ’,
1147 3127 1206 3179 ὲν
1234 3128 1430 3199 τούτῳ,
1467 3130 1567 3183 ὅτι·
1595 3132 1844 3200 ἀρνεῖται
1873 3135 1966 3187 τὸν

392 3217 524 3271 Θεὸν
556 3220 652 3270 καὶ
698 3219 941 3290 Πατέρα,
985 3219 1046 3272 οὐ
1084 3219 1366 3290 σαρκικῶς
1413 3223 1476 3273 ὲκ
1510 3224 1792 3290 γυναικὸς,
1839 3223 1965 3278 ἐπεὶ

392 3308 616 3378 πνεῦμά
645 3310 820 3374 ἐστιν,
849 3309 966 3364 ἀλλ’
997 3314 1060 3364 ἐκ
1085 3311 1188 3382 τῆς
1236 3312 1426 3370 οὐσίας
1456 3313 1624 3366 αὐτοῦ
1659 3313 1862 3386 νοερῶς
1906 3314 1967 3379 ἐξ

397 3404 571 3458 ἀϊδίου
603 3403 875 3457 συναῖδιον
899 3404 1073 3471 ἐαυτῷ
1097 3403 1356 3474 γεννῆσαι
1388 3403 1538 3468 Υίὸν,
1577 3406 1672 3459 καὶ
1715 3421 1963 3476 προαγα-

394 3498 512 3562 γεῖν
543 3494 769 3563 Πνεῦμα
802 3494 981 3562 ἅγιον,
1017 3496 1274 3560 ἐλεεινῶς
1312 3496 1682 3566 πεπλάνηται,
1715 3497 1962 3552 ἐκλείπει

392 3604 451 3638 τε
481 3587 590 3640 ἀπὸ
617 3587 718 3655 τῆς
747 3585 1011 3656 ἀληθείας
1041 3586 1136 3640 τοῦ
1167 3585 1531 3655 Εὐαγγελίου·
1562 3586 1700 3654 ὅπερ
1731 3587 1966 3656 βεϐαίως

391 3677 633 3732 διδάσκει
668 3677 764 3730 ἕνα
795 3673 938 3730 εἶναι
964 3677 1056 3730 τὸν
1089 3677 1222 3730 Θεὸν
1255 3679 1314 3732 ὲν
1352 3681 1420 3749 τῇ
1450 3679 1607 3749 οὐσίᾳ
1637 3679 1731 3732 καὶ
1761 3681 1825 3748 τῇ
1856 3677 1962 3747 φύς

395 3786 496 3832 σει,
529 3771 624 3822 καὶ
653 3769 862 3839 Τριάδα
891 3770 950 3821 ὲν
979 3771 1094 3832 τοῖς
1138 3769 1474 3840 προσώποις,
1522 3771 1690 3842 ἤγουν
1719 3771 1962 3840 Πατέρα,

391 3862 486 3914 καὶ
510 3860 662 3924 Υἰὺν,
689 3861 787 3914 καὶ
816 3859 1046 3929 Πνεῦμα
1072 3860 1250 3929 ἅγιον·
1280 3862 1404 3916 οὐδὲ
1447 3857 1586 3917 εἶναι
1616 3864 1782 3917 αὐτὸν
1835 3864 1966 3917 Υίδν

391 3950 425 4020 ἢ
474 3951 536 4002 τὸ
557 3993 564 3999 ..
581 3948 809 4018 Πνεῦμα
869 3949 929 4002 τὸ
979 3948 1155 4017 ἅγιον,
1215 3951 1443 4021 μέτοχον
1492 3949 1819 4022 ἢκοινωνδν
1870 3949 1965 4002 τοῦ

393 4042 550 4109 θεοῦ,
586 4041 776 4111 ἐπειδὴ
804 4039 1069 4110 ἑκάτερος
1100 4041 1284 4096 αὐτῶν
1308 4043 1368 4095 οὐ
1400 4045 1601 4114 μετοχῇ
1639 4059 1749 4095 τινι
1783 4043 1817 4108 ἢ
1848 4059 1966 4096 κοι-

395 4134 580 4205 νωνίᾳ,
613 4133 751 4186 ἀλλὰ
776 4131 1052 4193 οὐσιωδῶς
1086 4133 1182 4186 καὶ
1230 4135 1478 4202 φυσικῶς
1511 4136 1628 4186 ἐστι
1671 4132 1827 4198 Θεὸς,
1864 4132 1964 4203 τὴν

391 4227 560 4298 αὐτὴν
612 4227 750 4296 μετὰ
777 4224 871 4279 τοῦ
919 4224 1057 4278 Θεοῦ
1115 4227 1213 4279 καὶ
1244 4225 1456 4295 Πατρδς
1511 4225 1821 4294 ἀδιαίρετον
1867 4225 1962 4278 καὶ

2071 1673 2178 1719 tam
2216 1667 2284 1721 de
2319 1667 2428 1722 Deo
2461 1685 2626 1738 quam
2657 1670 2725 1724 de
2755 1672 3067 1739 supradicta
3100 1675 3208 1737 via,
3237 1691 3360 1743 quae
3387 1677 3644 1732 Christus

2069 1765 2170 1824 est,
2203 1765 2256 1811 et
2284 1759 2406 1828 pius
2439 1762 2668 1824 sentire,
2705 1777 2867 1829 quam
2906 1764 2961 1816 in
2997 1776 3182 1818 vestro
3232 1765 3505 1820 Aleorano
3553 1769 3646 1821 ha-

2065 1845 2262 1912 beatis,
2295 1848 2348 1901 in
2379 1863 2489 1918 quo
2518 1850 2642 1904 licet
2674 1859 2780 1904 tam
2823 1849 2892 1905 de
2936 1852 3044 1915 Deo
3083 1869 3244 1921 quam
3289 1854 3357 1908 de
3390 1855 3507 1923 ipso
3538 1857 3646 1910 Do.

2067 1938 2219 1991 mino
2246 1948 2436 1993 nostro
2470 1940 2595 1995 Jesu
2629 1940 2849 1996 Christo
2881 1944 3050 1996 multa
3091 1959 3221 1998 vera
3267 1953 3324 1998 et
3358 1947 3644 2014 praeclara,

2067 2044 2190 2098 qua:
2221 2039 2273 2084 et
2303 2045 2403 2086 nos
2438 2032 2787 2098 conﬁtemur,
2822 2032 3108 2099 habeatis;
3146 2045 3324 2090 tamen
3363 2038 3490 2104 quia
3533 2055 3642 2092 non

2066 2137 2284 2189 eadem,
2317 2135 2379 2178 ut
2412 2125 2527 2195 ipsa
2562 2125 2764 2180 veritas
2811 2127 2862 2179 in
2910 2123 3204 2196 Evangelio
3249 2129 3644 2195 manifestavit,

2068 2228 2173 2269 nec
2239 2215 2599 2278 suﬁieieuter,
2644 2214 2768 2269 ideo
2815 2214 2930 2285 ipsa
2971 2219 3060 2270 lex
3105 2218 3358 2271 Alcorani
3389 2235 3497 2272 non
3535 2221 3647 2274 suf-

2069 2307 2184 2362 ﬁcit
2240 2306 2309 2360 ad
2361 2306 2614 2362 salutem.
2650 2305 2841 2361 Tradit
2880 2307 3028 2361 enim
3079 2308 3197 2375 ipse
3240 2311 3545 2366 Alcoranus
3577 2313 3646 2366 de

2072 2397 2203 2464 Deo,
2236 2397 2384 2466 quod
2420 2413 2562 2451 unus
2596 2397 2690 2456 sit.
2731 2406 2786 2452 et
2817 2397 3200 2468 incorporeus,
3240 2399 3638 2468 immuterialis,

2070 2489 2381 2554 invisibilis,
2416 2488 3037 2558 incomprehensibilis:
3085 2493 3174 2545 cui
3219 2507 3319 2546 nee
3368 2493 3646 2562 particeps

2072 2596 2173 2636 nec
2203 2582 2388 2636 secius
2432 2589 2537 2646 est,
2587 2581 2640 2633 in
2684 2580 2802 2650 ejus
2855 2596 3021 2634 manu
3071 2583 3184 2636 vita
3215 2592 3270 2637 et
3301 2597 3448 2637 mors
3481 2602 3493 2637 :
3531 2584 3646 2652 ipse

2072 2685 2242 2740 super
2300 2674 2484 2724 oana
2543 2677 2762 2738 potens,
2817 2683 2986 2738 super
3047 2671 3229 2725 omnia
3282 2671 3643 2727 benedictus:

2072 2763 2187 2834 ipse
2216 2752 2454 2827 creator,
2487 2761 2845 2830 gubernator.
2879 2770 2934 2816 et
2953 2762 3285 2831 juStilicator
3311 2763 3639 2831 animarum,

2069 2863 2126 2909 et
2159 2853 2330 2908 multa
2358 2853 2465 2906 alia
2497 2867 2619 2920 quae
2665 2860 2814 2907 certe
2846 2861 2902 2906 et
2945 2868 3046 2907 nos
3076 2852 3379 2919 credimus,
3407 2865 3462 2909 et
3498 2871 3635 2924 prae-

2071 2947 2335 3000 dicamus.
2369 2943 2474 2997 Sed
2524 2942 2577 2996 in
2629 2941 2754 3008 hoc,
2787 2944 2934 3012 quod
2985 2953 3146 3012 negat
3196 2945 3366 2998 Deum
3399 2947 3642 3006 Patrem,

2069 3051 2180 3090 non
2210 3034 2508 3089 carnaliter
2533 3049 2600 3087 ex
2635 3033 2861 3100 femina,
2889 3049 3014 3088 cum
3051 3036 3279 3104 spiritus
3316 3039 3408 3104 sit,
3438 3037 3532 3091 sed
3575 3052 3642 3091 ex

2068 3126 2382 3182 substantia
2433 3138 2530 3180 sua
2581 3125 3028 3180 intellectualiter
3061 3125 3130 3180 ab
3168 3136 3372 3182 asterno
3412 3137 3641 3183 comter-

2067 3233 2201 3274 num
2247 3217 2352 3271 sibi
2383 3217 2639 3285 genuisSe
2668 3215 2893 3284 Filium,
2923 3210 2977 3274 et
3013 3218 3338 3286 produxisse
3378 3218 3642 3290 Spiritum

2067 3317 2343 3372 sanetum,
2380 3307 2774 3361 miserabiliter
2804 3317 2975 3371 errat,
3008 3316 3063 3362 et
3105 3307 3290 3363 deﬁcit
3335 3323 3365 3361 a
3410 3307 3646 3363 veritate

2069 3397 2350 3466 Evangelii
2390 3416 2403 3452 :
2439 3397 2584 3466 quod
2624 3397 2856 3451 ﬁrmiter
2885 3397 3070 3464 docet,
3102 3414 3270 3452 unutn
3307 3414 3429 3454 esse
3472 3400 3640 3453 Deum

2069 3489 2122 3542 in
2164 3488 2475 3542 suhSIanlia
2521 3497 2578 3542 et
2628 3497 2848 3556 natura,
2895 3498 2954 3543 et
3001 3490 3207 3543 trinum
3258 3490 3314 3543 in
3365 3491 3644 3560 personis,

2068 3580 2282 3634 scilicet
2333 3580 2549 3634 Patrem
2596 3588 2655 3633 et
2702 3580 2904 3634 Filium
2949 3587 3006 3634 et
3053 3579 3317 3646 Spiritum
3366 3590 3641 3638 sauctmu.

2069 3671 2181 3726 Nec
2211 3672 2410 3726 Filium
2443 3679 2539 3725 aut
2563 3670 2830 3740 Spiritum
2865 3683 3118 3727 sanctum
3162 3688 3282 3728 esse
3323 3675 3642 3744 participem

2069 3773 2164 3818 aut
2192 3763 2404 3817 socium
2438 3763 2567 3828 Deo,
2593 3777 2718 3817 cum
2751 3773 3047 3832 utrumque
3081 3779 3189 3817 non
3223 3765 3646 3833 participatione

2072 3861 2168 3906 aut
2208 3852 2497 3918 societate,
2531 3853 2626 3906 sed
2672 3852 3111 3908 substantialiter
3138 3864 3192 3908 et
3220 3855 3547 3908 naturaliter
3575 3857 3647 3910 sit

2071 3943 2236 4009 Deus,
2255 3943 2504 3997 eamdem
2537 3958 2663 3998 cum
2700 3943 2812 3997 Deo
2847 3944 3006 3999 Patre
3032 3945 3324 3999 indivisam
3358 3954 3412 3999 ct
3440 3945 3646 4014 impar-

2068 4035 2224 4089 titam
2250 4032 2517 4088 habentes
2547 4033 2771 4089 diritatis
2802 4045 3078 4089 naturam.
3104 4034 3279 4101 Quam
3334 4035 3644 4104 incompre-
3717 4052 3720 4056 '

2038 4129 2400 4183 ~hensibilem
2451 4127 2674 4182 deitatis
2721 4126 3071 4180 altitudinem
3121 4139 3284 4180 nemo
3327 4134 3642 4194 cognoscet,

2066 4225 2170 4279 nisi
2220 4223 2400 4293 primo
2443 4237 2543 4294 per
2589 4221 2956 4275 humilitatem
2989 4219 3285 4289 E'vangelio
3317 4219 3641 4274 crediderit.

390 4321 690 4389 ἀμέριστον
717 4317 935 4388 ἔχοντες
981 4319 1081 4387 τῆς
1110 4317 1366 4386 θεότητος
1393 4315 1579 4386 φύσιν.
1607 4317 1788 4386 Ὅπερ
1817 4315 1960 4370 ἀκα-

2068 4314 2224 4371 Unde
2275 4323 2332 4368 et
2381 4311 2606 4382 quidam
2664 4311 3018 4380 antiquorum
3072 4308 3465 4379 prophetarum
3518 4307 3638 4361 ait:

393 4412 667 4481 τὰληπτον
698 4409 801 4478 τῆς
839 4407 1095 4478 θεότητος
1142 4407 1274 4477 ὕψος
1303 4407 1477 4470 οὐδεὶς
1520 4407 1813 4476 γνώσεται,
1863 4406 1960 4460 ἐὰν

395 4507 474 4574 μὴ
496 4503 712 4574 πρῶτον
734 4499 1215 4563 διὰταπεινώσεως
1235 4497 1312 4568 τῷ
1327 4499 1644 4569 Εὐαγγελίῳ
1669 4497 1960 4572 πιστεύσῃ.

397 4597 560 4649 Ὅθεν
588 4595 681 4648 καί
705 4610 787 4657 τις
830 4591 941 4646 τῶν
969 4591 1212 4663 ἀρχαίων
1235 4591 1532 4662 προφητῶν
1557 4591 1729 4659 λέγει,
1772 4607 1793 4643 r
1837 4589 1964 4644 Ἐὰν

363 4753 370 4759 _
398 4688 472 4759 μὴ
502 4684 850 4755 πιστεύσητε,
880 4683 942 4736 οὐ
975 4685 1051 4752 μὴ
1084 4682 1299 4751 συνῆτε.
1342 4701 1360 4735 ι
1389 4684 1498 4736 Καὶ
1522 4684 1549 4735 ό
1579 4682 1784 4752 Κύριος
1804 4681 1966 4754 ήμῶν

355 4770 552 4838 ἀὐτὸς
601 4778 659 4829 ὲν
708 4774 786 4844 τῷ
847 4772 1166 4842 Εὐαγγελίῳ
1226 4772 1613 4842 διαλεγόμενος
1673 4773 1811 4842 πρὸς
1872 4771 1965 4826 τὸν

392 4869 614 4939 Πατέρα
646 4868 832 4936 φησὶν,
873 4882 893 4917 ι
935 4863 1398 4935 Ἐξομολογοῦμαί
1431 4880 1532 4924 σοι,
1563 4862 1767 4930 Πάτερ,
1789 4862 1964 4930 Κύριε

394 4959 487 5013 τοῦ
525 4955 762 5029 οὐρανοῦ
811 4956 910 5008 καὶ
960 4955 1059 5025 τῆς
1107 4955 1234 5024 γῆς,
1284 4953 1368 5006 ὅτι
1424 4953 1752 5023 ἀπέκρυψας
1792 4953 1965 5006 ταῦτα

393 5051 502 5106 ἀπὸ
565 5049 746 5120 σοφῶν
806 5047 902 5101 καὶ
953 5047 1218 5123 συνετῶν,
1274 5045 1370 5098 καὶ
1415 5044 1772 5112 ἀπεκάλυψας
1825 5043 1966 5098 αὐτὰ

393 5141 632 5213 νηπίοις.
675 5157 695 5192 ι
731 5137 844 5193 Καὶ
869 5137 1042 5189 πολλὰ
1078 5135 1212 5191 ἄλλα
1252 5137 1431 5207 ἀληθῆ
1464 5135 1694 5207 λαμπρὰ
1741 5136 1838 5192 καὶ
1870 5153 1966 5207 με.

393 5229 713 5299 γαλοπρεπῆ
743 5227 1077 5296 παραδίδωσι
1107 5226 1238 5295 περὶ
1264 5226 1428 5280 αὐτοῦ
1457 5226 1548 5280 τοῦ
1577 5229 1783 5297 Κυρίου
1809 5226 1966 5296 ἡμῶν

407 5322 582 5394 Ἰησοῦ
615 5319 850 5391 Χριστοῦ
880 5319 941 5372 τὸ
985 5315 1338 5389 Ἀλκορόινον·
1387 5314 1520 5383 οἷον,
1551 5319 1636 5371 ὅτι
1680 5319 1709 5370 ό
1761 5317 1966 5387 Κύριος

395 5412 554 5484 ⁴ἡμῶν
595 5409 804 5482 Ἰησοῦς
836 5409 1070 5479 Χριστός
1103 5411 1253 5461 ἐστιν
1299 5407 1429 5472 Υίδς
1458 5411 1559 5480 τῆς
1603 5409 1824 5478 Μαρίας
1863 5407 1966 5475 τῆς

396 5504 696 5574 Παρθένου,
735 5501 834 5571 τῆς
873 5501 1102 5571 ἀρίστης
1145 5498 1337 5554 πασῶν
1385 5499 1498 5552 τῶν
1536 5500 1834 5567 γυναικῶνο
1882 5499 1966 5551 ὅτι

396 5601 544 5651 ἐστὶν
593 5597 821 5663 ἄγγελος
849 5593 1007 5657 Θεοῦ,
1059 5579 1160 5645 καί
1201 5591 1422 5663 πνεῦμα
1457 5593 1646 5658 αὐτοῦ,
1699 5594 1847 5664 ῥῆμα
1879 5593 1968 5646 οὐ-

464 5757 506 5784 ”
557 5755 745 5808 Matth.
783 5770 855 5817 ιιι,
892 5753 982 5808 ‘25.

2072 4423 2090 4458 ι
2128 4406 2240 4461 Nisi
2282 4404 2658 4470 credideritis,
2691 4418 2798 4458 non
2835 4402 3162 4472 intelligitis.
3196 4420 3217 4454 ι
3261 4401 3332 4456 Ει
3378 4401 3646 4455 Dominus

2065 4505 2254 4552 noster
2290 4497 2406 4567 ipse
2448 4496 2504 4550 in
2551 4494 2851 4564 Evangelia
2901 4494 3132 4564 loquens
3163 4491 3229 4545 ad
3263 4490 3482 4545 Patrem
3515 4491 3590 4544 ait
3624 4506 3640 4541 :

2068 4608 2089 4643 ι
2121 4589 2398 4645 Centiteor
2435 4589 2558 4652 tibi,
2592 4588 2775 4650 Pater,
2812 4585 3042 4641 Domine
3071 4583 3196 4640 οωιί
3234 4593 3294 4639 et
3335 4593 3516 4648 terrae,
3546 4583 3675 4652 qui‘

2065 4680 2405 4736 abscondisti
2462 4680 2578 4734 haec
2630 4676 2992 4752 sapientibus,
3045 4685 3102 4730 et
3140 4673 3528 4741 prudentibus,
3584 4683 3642 4728 et

2073 4772 2328 4829 revelasti
2355 4787 2418 4826 ea
2454 4768 2781 4841 parvulis“.
2816 4786 2834 4819 ι
2872 4766 3038 4821 Multa
3071 4766 3296 4834 insuper
3325 4779 3476 4829 vera,
3504 4780 3642 4834 prte—

2064 4865 2217 4921 clara
2273 4872 2330 4918 ct
2375 4861 2658 4932 magniﬁca
2706 4859 2873 4912 tradit
2901 4857 2970 4912 de
3015 4856 3135 4926 ipso
3173 4856 3409 4911 Domino
3454 4863 3642 4910 nostro

2061 4956 2192 5014 Iesu
2243 4953 2468 5012 Christo
2523 4953 2860 5014 Alcoranus;
2915 4957 3129 5018 utpote,
3179 4947 3324 5018 quod
3377 4947 3640 5003 Dominus

2065 5057 2254 5104 noster
2279 5045 2440 5102 Jesus
2466 5043 2726 5100 Christus
2753 5049 2838 5097 est
2865 5040 3010 5094 lilius
3033 5039 3214 5093 Mariae
3231 5037 3496 5108 Virginis,
3526 5054 3641 5092 om-

2064 5137 2215 5193 nium
2263 5135 2557 5190 mulierum
2605 5133 2826 5203 cptimze
2870 5149 2883 5185 :
2922 5131 3069 5200 quod
3114 5130 3187 5184 sit
3249 5132 3341 5186 Dei
3390 5131 3640 5196 nuntius,

2064 5242 2308 5297 suusque
2337 5225 2587 5296 spiritus,
2628 5223 2872 5279 Verbum
2915 5221 3129 5276 caelitus
3165 5223 3391 5276 missum
3421 5221 3636 5277 Mariae:

2063 5319 2147 5372 vir
2177 5318 2440 5387 optimus,
2474 5314 2715 5385 sapiens,
2755 5313 3046 5382 prepheta,
3081 5313 3171 5381 qui
3207 5327 3411 5366 czecum
3449 5319 3640 5365 natum

2063 5417 2229 5480 atque
2259 5409 2542 5478 leprosum
2577 5408 2814 5471 curavit,
2850 5418 3101 5460 mortuos
3141 5404 3445 5468 suscitavit,
3490 5405 3636 5474 quod

2065 5517 2190 5557 cum
2221 5502 2423 5556 virtute
2451 5499 2635 5554 divina
2667 5499 2901 5560 venerit,
2937 5497 3084 5566 quod
3116 5496 3317 5552 librum
3348 5495 3638 5565 legifer-um

2067 5593 2338 5657 attulerit,
2371 5593 2656 5662 omnisque
2712 5591 3012 5663 magisterii
3046 5590 3319 5661 peritiam,
3353 5589 3498 5657 quad
3558 5596 3639 5640 te-
