4070 6494
510 332 648 396 1159
1182 314 1185 317 ’
1771 326 2154 388 DEME'l‘RIl
2182 318 2525 423 CYDONtI'
3348 324 3351 325 ί
3530 292 3535 295 ’
3610 324 3724 391 1150

436 446 439 447 ⁷
503 460 840 509 stamentum
875 462 939 503 ac
975 446 1329 519 Evangelium
1370 444 1804 515 mandatumque
1851 446 1977 499 ﬁliis
2006 445 2043 498 ιε

2122 449 2163 508 Α
2195 448 2423 515 ρανὸθεν
2448 447 2701 517 πεμφθὲν
2736 449 2801 521 τῇ
2850 446 3061 520 Μαρίᾳο
3092 446 3230 519 ἀνὴρ
3282 446 3533 518 ἄριστος,
3568 450 3729 517 σοφὸς,

500 544 614 598 rael
642 541 948 607 edocuerit,
986 539 1155 594 Vetus
1194 537 1607 593 Testamentum
1647 537 2080 602 conﬁrmaverit,

2186 545 2495 612 προφήτης
2535 542 2684 604 ὅστις
2716 541 2917 611 τυφλὸν
2942 545 3004 595 ἐκ
3029 541 3254 611 γενετῆς
3292 541 3389 593 καὶ
3414 538 3605 609 λεπρὸν
3624 539 3726 593 ἐϐε-

501 642 558 691 et
600 628 850 705 quaedam
880 633 1036 703 prius
1068 630 1343 702 prohibita
1398 630 1567 685 licitis
1613 629 2082 686 adnumeraverit.

2188 633 2488 703 ρὰπευσεν,
2533 634 2761 704 νεκροὺς
2796 636 3114 701 ἀνήγειρεν·
3165 632 3246 685 ὅτι
3291 631 3429 694 μετὰ
3475 631 3726 703 δυνάμεως

504 726 630 781 llaec
661 726 853 795 utique
877 734 934 779 et
965 724 1120 792 plura
1169 723 1275 777 alia
1336 724 1595 792 praeclare
1624 722 1770 802 dicta
1814 723 1868 777 in
1919 724 2084 776 Alco-

2187 722 2337 787 θείας
2364 720 2554 794 ἦλθεν,
2590 724 2673 779 ὅτι
2699 726 2760 778 τὸ
2786 725 2994 795 βιϐλίον
3022 724 3083 777 τὸ
3121 724 3420 794 νομοφόρον
3454 726 3727 794 προσήνεγ-

504 833 641 872 rano
666 816 733 871 de
776 806 1003 870 Dom'iuo
1038 822 1229 870 nostro
1267 815 1396 871 .lcsu
1431 814 1653 870 Christo
1686 823 1743 869 et
1770 831 1871 870 nos
1899 814 2086 870 credi-

2187 833 2305 881 κεν,
2342 818 2437 870 καὶ
2467 821 2652 889 πάσης
2676 812 3033 881 διδασκαλίας
3069 820 3402 888 ἐπιστήμην·
3450 817 3530 870 ὅτι
3557 815 3728 884 Διαθή-

508 924 652 975 mns,
694 917 751 963 et
795 923 919 963 cum
964 906 1113 961 omni
1168 907 1521 961 veneratione
1573 907 1925 976 suscipimus.
1974 907 2084 963 Sed

2187 923 2292 977 κην
2321 908 2415 960 καὶ
2448 908 2783 977 Εὐαγγέλιον
2815 908 2911 962 καὶ
2953 906 3178 973 ἐντολὴν
3228 909 3342 969 τοῖς
3369 906 3501 970 υἱοῖς
3536 906 3727 975 Ἰσραὴλ

505 1001 772 1070 quianon
822 1000 1013 1053 cadent
1051 998 1359 1053 intentione
1408 1013 1516 1066 qua
1565 999 1619 1052 in
1655 1000 1953 1069 Evangelia
1999 1000 2086 1056 di-

2187 996 2416 1063 ἑδίδαξε,
2472 1000 2573 1068 τὴν
2626 1000 2875 1053 Παλαιὰν
2927 986 3203 1069 Δίαθήκην
3259 996 3597 1058 ἐϐεϐαίωσεν,
3641 996 3719 1048 καί

506 1103 732 1156 cuntur,
765 1100 822 1145 et
869 1090 1125 1160 plurima,
1173 1097 1229 1144 et
1268 1087 1477 1158 majora
1510 1090 1791 1158 praedictis
1820 1090 2087 1145 omittun-

2186 1107 2310 1143 τινα.
2339 1093 2397 1144 τὸ
2414 1091 2680 1159 πρότερον
2709 1092 3068 1160 κεκωλυμένα
3091 1095 3206 1154 τοῖς
3244 1090 3600 1159 ἐνδεδομένοις
3622 1105 3729 1140 συν·

508 1193 618 1246 tur,
654 1192 709 1237 et
741 1190 1010 1251 negantur
1044 1181 1113 1236 de
1142 1180 1285 1249 ipso,
1316 1179 1441 1234 ideo
1494 1179 1635 1234 liber
1686 1181 1945 1236 Alcorani
1975 1197 2085 1237 non

2184 1186 2515 1255 ηρίθμησεν.
2567 1184 2752 1239 Ταῦτα
2800 1184 2864 1256 δὴ
2906 1186 3002 1249 καὶ
3064 1184 3289 1238 πλείονα
3321 1184 3454 1238 ἄλλα
3486 1179 3727 1256 λαμπρῶς

507 1276 685 1331 solum
732 1288 839 1327 non
889 1273 1089 1327 suﬁicit
1140 1272 1208 1326 ad
1262 1273 1520 1335 salutem,
1576 1272 1671 1327 sed
1726 1275 1952 1329 omnino
2001 1281 2087 1329 est

2188 1280 2455 1350 εἰρημένα
2486 1280 2544 1333 ἐν
2577 1277 2656 1346 τῷ
2703 1277 3016 1350 Ἀλκοράνῳ
3046 1280 3177 1348 περὶ
3206 1277 3303 1330 τοῦ
3346 1275 3565 1345 Κυρίου·
3592 1271 3727 1343 ἡμῶν

505 1376 699 1422 contra
728 1365 981 1418 salutem.
1026 1363 1290 1418 Praedicta
1323 1364 1491 1433 igitur
1536 1364 1613 1418 de
1644 1364 1867 1420 Christo
1909 1367 1965 1420 in
1994 1365 2089 1421 Al-

2199 1369 2377 1440 Ἷησοῦ
2409 1369 2647 1442 Χριστοῦ
2682 1370 2777 1424 καὶ
2806 1369 2966 1438 ἡμεῖς
2990 1366 3345 1436 πιστεύομεν,
3376 1366 3468 1418 καὶ
3493 1362 3617 1433 μετὰ
3640 1360 3728 1413 πά-

507 1471 711 1512 corano
764 1457 965 1526 posita,
1017 1470 1251 1510 necesse
1284 1464 1366 1509 est
1392 1464 1449 1510 ct
1477 1456 1637 1510 aliter
1672 1458 2000 1528 intelligere,
2029 1466 2087 1514 et

2122 1460 2126 1470 '
2191 1475 2294 1527 σης
2341 1456 2526 1519 αἰδοῦς
2565 1455 2967 1526 ὑποδεκόμεθα.
3012 1454 3175 1509 Ἀλλὰ
3217 1453 3355 1506 διότι
3394 1452 3455 1505 οὐ
3501 1448 3573 1519 τῷ
3601 1446 3729 1514 αὐτῷ

508 1551 648 1605 ultra
685 1565 750 1604 ea
782 1550 889 1623 alia
924 1547 1130 1618 majora
1160 1558 1217 1602 et
1258 1547 1455 1603 altiora
1487 1548 1557 1603 de
1584 1547 1806 1605 Christo
1835 1550 2085 1608 credere.

2192 1549 2402 1620 σκοπῷ,
2436 1543 2481 1617 ᾧ
2526 1549 2624 1603 καὶ
2667 1551 2728 1602 ἐν
2769 1546 2847 1619 τῷ
2878 1545 3197 1616 Εύαγγελεῳ
3228 1544 3502 1613 λέγονται,
3538 1539 3624 1593 καὶ
3670 1537 3728 1589 τὰ

505 1642 733 1712 Oportet
766 1640 916 1695 enim
951 1640 1204 1705 credere,
1245 1639 1391 1709 quod
1437 1640 1693 1697 Christus
1742 1657 1850 1697 non
1906 1647 2087 1698 solum

2144 1672 2145 1675 η
2194 1639 2369 1712 πλείω
2396 1640 2495 1692 καί⁴
2540 1638 2715 1708 μείζω
2744 1636 2856 1691 τῶν
2896 1635 3320 1708 προειρημένων
3364 1632 3623 1701 ἀφίενται,
3653 1627 3731 1678 καὶ

504 1710 590 1788 est
626 1733 807 1788 Mariae
843 1732 1104 1802 Virginis,
1155 1732 1251 1786 sed
1299 1732 1467 1786 etiam
1513 1733 1608 1788 Dei
1647 1733 1966 1805 nnigenitus
1999 1735 2088 1790 Fi-

2189 1710 2567 1803 ἀπαρνοῦνται
2614 1731 2745 1802 περὶ
2771 1728 2961 1797 αὐτοῦ,
2992 1729 3082 1782 διὰ
3130 1726 3292 1782 τοῦτο
3314 1725 3374 1779 τὸ
3421 1723 3611 1795 βιϐλίον
3654 1717 3732 1773 τοῦ

506 1828 634 1889 lius,
665 1826 1152 1881 consubstantialis
1195 1835 1247 1879 et
1292 1825 1588 1895 coaequans
1627 1820 1726 1896 per
1753 1829 1941 1882 omnia
1974 1829 2087 1884 Deo

2122 1810 2164 1869 Β
2203 1824 2534 1892 Ἀλκοράνου
2566 1822 2628 1876 οὗ
2663 1823 2826 1893 μόνον
2851 1822 2954 1875 οὐκ
2987 1822 3149 1892 ἀρκεῖ
3170 1821 3310 1890 πρὸς
3335 1818 3435 1887 τὴν
3466 1812 3729 1885 σωτηρίαν,

507 1920 656 1973 Patri
685 1920 755 1974 ab
782 1928 1012 1984 aeterno,
1047 1927 1104 1973 et
1144 1918 1265 1990 sine
1298 1926 1547 1987 tempore
1575 1934 1640 1975 ac
1681 1919 1864 1987 initio,
1898 1929 1959 1977 ut
1994 1920 2089 1978 Dei

2149 1971 2153 1975 .
2192 1917 2333 1972 ἀλλὰ
2372 1920 2469 1970 καί⁵
2501 1915 2852 1969 παντάπασίν
2882 1915 2999 1967 ἐστι
3028 1912 3172 1966 κατὰ
3208 1912 3310 1981 τῆς
3344 1909 3624 1979 σωτηρίας.
3664 1904 3727 1957 Te

514 2011 774 2076 Verbum,
816 2020 879 2063 ut
904 2009 1200 2079 sapientia,
1226 2018 1287 2061 ut
1320 2010 1519 2071 virtus,
1545 1998 1781 2079 genitus,
1807 2026 1905 2081 per
1927 2025 2091 2081 quem

2194 2010 2571 2082 προειρημένα
2598 2008 2783 2063 τοίνυν
2810 2006 2953 2078 περὶ.
2974 2005 3069 2059 τοῦ
3102 2003 3372 2076 Χριστοῦ,
3421 2003 3479 2055 ὲν
3528 1998 3601 2068 τῷ
3637 1996 3730 2049 Ἀλ-

511 2104 696 2157 omnia
728 2102 889 2157 facta.
921 2102 1025 2168 Qui
1056 2110 1281 2173 propter
1313 2116 1417 2157 nos
1453 2103 1726 2168 homines,
1769 2112 1825 2156 et
1869 2114 2095 2174 propter

2194 2106 2415 2174 κορὰνῳ
2445 2103 2702 2173 κείμενα,
2731 2101 2946 2171 ἀνάγκη
2973 2100 3093 2152 ὶστὶ
3133 2098 3232 2151 κειιί⁵
3256 2096 3433 2159 ἄλλως
3474 2095 3625 2156 νοεῖν,
3658 2090 3729 2142 καί

510 2204 755 2250 nostram
785 2194 1017 2249 salutem
1052 2193 1340 2249 descendit
1382 2192 1460 2248 de
1482 2194 1661 2260 cmlis,
1692 2202 1750 2249 et
1777 2180 2094 2251 incarnatus

2196 2199 2455 2252 ἐπέκεινα
2481 2195 2689 2248 τούτων
2711 2194 2849 2249 ἄλλα
2892 2186 3117 2262 μείζονα
3148 2194 3245 2244 καὶ
3293 2187 3593 2260 ὑψηλότερα
3628 2182 3725 2250 περὶ

516 2287 587 2341 de
623 2286 834 2356 Spiritu
869 2296 1084 2349 sancto,
1130 2300 1198 2338 ex
1231 2284 1395 2338 Maria
1428 2283 1672 2354 Virgine,
1710 2293 1767 2340 et
1814 2285 1979 2340 homo
2014 2286 2094 2341 fa-

2192 2293 2436 2364 Χριστοῦ
2457 2291 2758 2346 πιστεύειν.
2788 2290 2883 2343 Δεῖ
2901 2290 3009 2359 γὰρ
3038 2284 3342 2350 πιστεύειν,
3372 2283 3453 2337 ὅτι
3484 2283 3510 2335 ὁ
3535 2276 3721 2349 Χριστὸς

509 2391 635 2435 ctus
660 2380 751 2433 sit.
784 2379 939 2445 Quod
971 2378 1139 2433 etiam
1176 2377 1499 2444 cruciﬁxus,
1529 2387 1800 2440 mortuus,
1830 2388 1886 2433 et
1910 2379 2097 2448 sepul-

2194 2386 2255 2439 οὐ
2308 2384 2471 2455 μόνον
2505 2382 2624 2436 ἐστὶ
2667 2382 2769 2451 τῆς
2810 2379 3092 2451 Παρθένου
3133 2375 3372 2446 Μαρίας,
3403 2371 3514 2426 ἀλλ’
3561 2371 3634 2422 ἔτι
3658 2366 3726 2418 καὶ

512 2482 603 2527 tus
632 2488 759 2526 vere
786 2481 843 2526 et
892 2472 949 2525 in
979 2471 1201 2541 propria
1234 2485 1466 2539 persona
1492 2470 1677 2524 fuerit.
1712 2469 1868 2536 Quod
1895 2485 1925 2524 a
1948 2486 2096 2526 mer-

2194 2478 2291 2532 τοῦ
2346 2476 2482 2531 Θεοῦ
2520 2475 2818 2545 μονογενὴς
2848 2473 3007 2536 Υἱὸς,
3042 2469 3331 2541 ὁμοούσιος
3383 2470 3472 2521 καὶ
3506 2464 3725 2534 ὁμότιμος

512 2567 624 2620 tuis
688 2564 848 2643 tert‘ia
916 2564 1007 2618 die
1077 2564 1468 2629 resurrexerit,
1546 2563 1966 2633 ascenderitque
2039 2565 2094 2618 in

2198 2572 2292 2626 καὶ
2325 2572 2442 2634 ἶσος
2477 2568 2620 2622 κατά
2644 2569 2830 2623 πάντα
2858 2566 2936 2636 τῷ
2968 2564 3090 2634 Θεῷ
3129 2563 3227 2618 καὶ
3256 2559 3452 2630 Πατρὶ,
3486 2558 3540 2624 ἐξ
3570 2555 3725 2611 ἀϊδίους

512 2656 715 2711 εοειιιηι
742 2655 964 2725 propria
988 2655 1213 2718 virtute,
1241 2662 1303 2708 ut
1328 2653 1494 2717 Deus,
1522 2654 1666 2709 unde
1691 2665 1955 2709 venerat:
1984 2669 2095 2709 non

2201 2666 2291 2718 καὶ
2333 2664 2463 2718 ἄνευ
2492 2661 2686 2732 χρόνου
2725 2659 2823 2714 καὶ
2848 2659 3045 2729 ἀρχῆς,
3074 2655 3150 2719 ὠς
3184 2653 3324 2708 Θεοῦ
3354 2652 3541 2719 Λόγος,
3570 2648 3635 2709 ὡς
3656 2659 3726 2694 σο·

515 2757 579 2801 ut
635 2759 888 2801 creatura
940 2755 1170 2811 tractus,
1214 2755 1276 2801 ut
1320 2747 1627 2801 Alcoranus
1690 2756 1872 2800 vester
1908 2746 2085 2817 ﬁngit.

2201 2754 2321 2823 φία,
2348 2753 2423 2817 ὡς
2457 2753 2712 2822 δύναμις,
2741 2747 3047 2819 γεννηθείς’
3090 2746 3159 2800 δι’
3187 2741 3254 2798 οὖ
3287 2745 3461 2798 πάντα
3509 2737 3724 2808 ἐγένετο·

515 2838 813 2923 sedeatque
864 2853 1010 2892 nunc
1074 2838 1139 2891 ad
1186 2837 1469 2893 dexteram
1532 2837 1726 2892 Patris.
1774 2837 1931 2903 Quod
1981 2849 2101 2892 tan-

2199 2848 2347 2911 ὃστις
2379 2846 2605 2916 ὕστερον
2636 2844 2705 2897 δι’
2736 2843 2884 2913 ἡμᾶς
2919 2843 3045 2905 τοὺς
3074 2832 3421 2911 ἀνθρώπους,
3450 2834 3541 2888 καὶ
3558 2830 3635 2884 διὰ
3653 2824 3729 2923 τὴν

515 2916 641 2986 dem
677 2934 731 2985 in
767 2931 873 2985 ﬁne
917 2930 1103 2985 saeculi
1144 2940 1415 2984 venturus
1452 2928 1525 2984 sit
1568 2944 1692 2984 cum
1725 2930 1919 3000 gloria,
1948 2930 2099 3001 judi-

2200 2938 2480 3009 ἡμετέραν
2530 2935 2829 3005 σωτηρίαν,
2867 2931 3074 3002 κατέϐη
3118 2932 3183 2984 ἐκ
3213 2934 3326 2984 τῶν
3366 2925 3614 2999 οὐρανῶν,
3655 2916 3728 2972 καὶ

515 3040 643 3079 care
679 3024 834 3078 vivos
869 3034 926 3078 et
962 3032 1212 3079 mortuos
1241 3042 1254 3076 :
1286 3022 1445 3093 cujus
1478 3023 1627 3092 regni
1660 3038 1769 3078 non
1804 3024 1912 3079 erit
1945 3023 2094 3080 ﬁnis.

2203 3029 2495 3101 ὲσαρκώθη
2518 3030 2580 3082 ὲκ
2601 3026 2919 3095 Ιῐνεύματος
2944 3023 3102 3095 ἁγίου
3124 3024 3221 3078 καὶ
3246 3022 3463 3093 Μαρίας
3492 3017 3582 3086 τῆς
3614 3013 3732 3079 Παρ-

515 3115 749 3185 Oportet
795 3113 964 3185 igitur
1012 3114 1240 3168 credere
1286 3111 1432 3181 quod
1479 3111 1736 3167 Christus
1811 3113 1883 3168 sit
1937 3128 2099 3169 verus

2127 3158 2170 3216 ο
2204 3121 2386 3186 Θένου,
2415 3120 2509 3174 καὶ
2551 3118 2840 3187 ἄνθρωπος
2879 3115 3127 3183 γέγονεν·
3178 3113 3276 3166 καὶ
3303 3113 3384 3167 ὅτι
3408 3102 3729 3202 ⁸ὲσταυρώθηί

520 3208 664 3261 Deus
685 3216 743 3263 et
764 3222 925 3262 verus
958 3206 1144 3269 homo,
1162 3204 1413 3260 Salvator
1443 3213 1499 3258 et
1528 3203 1864 3274 Redemptor
1885 3206 2099 3272 mundi,

2128 3189 2170 3216 υ
2205 3216 2299 3269 καὶ
2330 3213 2594 3274 ἀπέθανε,
2639 3211 2737 3265 καὶ
2779 3210 2955 3278 ἐτάφη
3005 3205 3251 3277 ἀληθῶςο
3281 3205 3377 3258 καὶ
3401 3199 3566 3256 ταῦτα
3591 3198 3641 3249 ὲν
3670 3189 3731 3258 τῷ

519 3298 779 3355 sacerdos
820 3298 875 3353 in
905 3308 1169 3352 aeternum
1197 3300 1499 3351 secundum
1532 3294 1777 3349 ordinem
1814 3295 2103 3351 Melchise-

2208 3306 2325 3378 ἰδίῳ
2364 3303 2648 3376 προσώπῳ
2693 3296 2784 3372 ἦν·
2818 3301 2902 3355 ὅτι
2925 3301 2990 3370 τῇ
3022 3298 3187 3371 τρίτῃ
3233 3296 3419 3367 ἡμέρᾳ
3441 3292 3622 3355 ἀνέστη
3647 3282 3733 3337 ἀπὸ

519 3399 682 3463 dech,
733 3411 1018 3468 agnusque
1069 3384 1475 3457 immaculatus,
1525 3391 1619 3461 qui
1680 3391 1821 3446 tollit
1879 3404 2104 3460 peccata

2204 3399 2314 3451 τῶν
2344 3395 2581 3468 νεκρῶν,
2611 3394 2784 3464 ἀνέϐη
2819 3395 2903 3457 εἰς
2931 3392 3024 3447 τὸν
3055 3389 3290 3461 οὐρανὸν
3317 3391 3385 3459 τῇ
3407 3384 3523 3454 ⁸ἰδίᾳ
3544 3379 3733 3445 δυνάμει

520 3488 713 3544 mundi
750 3505 767 3542 :
812 3487 1023 3541 habens
1050 3485 1234 3539 claves
1280 3484 1430 3553 regni
1466 3483 1755 3543 cmlorum.
1796 3492 1851 3537 et
1880 3496 2102 3535 omnem

2207 3492 2283 3554 ὡς
2311 3490 2468 3556 Θεὸς,
2499 3487 2622 3542 ὅθεν
2652 3486 2948 3557 κατῆλθεψ
2985 3485 3084 3556 οὐχ
3126 3484 3202 3547 ὡς
3231 3481 3439 3551 κτίσμα
3471 3468 3733 3531 έλκυσθεὶςς

522 3583 579 3635 in
631 3579 773 3635 caelo
823 3588 880 3633 et
928 3577 983 3632 in
1049 3585 1193 3630 terra
1243 3585 1593 3643 potestatem.
1649 3572 1816 3645 Cuju~
1865 3583 2104 3643 potestas

2206 3584 2281 3645 ὼς
2305 3582 2678 3636 καταπλάττει
2725 3579 2785 3633 τὸ
2845 3577 3163 3647 Ἄλκοράνον
3193 3575 3373 3644 ὑμῶν’
3419 3571 3511 3624 καί⁵
3537 3565 3733 3631 κάθηται

520 3680 729 3727 ωιετιια
767 3679 872 3732 εει,
920 3676 978 3723 et
1026 3683 1253 3737 regnum
1301 3666 1424 3737 ejus
1467 3664 1912 3735 incorruptibile.
1946 3664 2105 3729 Quod

2206 3673 2304 3730 νῦν
2329 3676 2388 3727 ὲν
2411 3675 2479 3744 τῇ
2511 3671 2663 3743 δεξιᾷ
2703 3670 2797 3724 τοῦ
2832 3670 3066 3739 Πατρός*
3098 3667 3194 3720 καὶ
3225 3668 3310 3719 ὅτι
3338 3664 3554 3733 ὕστερον
3591 3657 3640 3707 ὲν

525 3760 719 3832 regnet
759 3759 815 3814 in
849 3761 1010 3814 domo
1043 3757 1213 3813 Jacob
1248 3757 1300 3810 in
1347 3766 1642 3821 :eternum,
1679 3765 1738 3810 et
1784 3754 1941 3824 regni
1988 3756 2108 3825 ejus

2207 3764 2353 3818 τέλει
2375 3742 2489 3818 τῶν
2519 3742 2734 3817 αἰώνων
2755 3760 3047 3814 ἐλεύσεται·
3074 3758 3216 3829 μετὰ
3248 3754 3597 3827 δόξης-κρῖναι
3623 3742 3737 3808 ζῶν·

488 3898 492 3901 .
525 3870 635 3908 non
667 3852 775 3907 erit
801 3849 945 3905 ﬁnis.
990 3848 1147 3916 Quod
1176 3848 1435 3904 Christus
1463 3848 1535 3903 sit
1564 3847 1678 3909 ille,
1716 3847 1769 3900 in
1802 3862 1912 3916 quo
1940 3846 2095 3902 bene-

2207 3873 2309 3921 τας
2343 3856 2442 3909 καὶ
2478 3853 2732 3925 νεκρούς·
2766 3845 2827 3905 οὗ
2857 3853 2955 3921 τῆς
2987 3849 3270 3921 βασιλείας
3305 3845 3573 3909 οὐκέσται
3594 3836 3734 3925 τέλος·

523 3944 773 4001 dicendae
816 3950 983 3997 erunt
1029 3956 1222 3996 omnes
1268 3949 1482 4011 gentes,
1526 3939 1595 3994 de
1644 3954 1755 4009 quo
1810 3938 2108 4008 promissio

2210 3950 2302 4001 Δεῖ
2325 3949 2507 4001 τοίνυν
2555 3922 2858 4011 πιστεύειν,
2893 3944 2978 3996 ὅτι
3028 3944 3057 3995 ὁ
3100 3940 3338 4011 Χριστός
3384 3938 3527 3990 ἔστιν
3569 3922 3738 3993 ἀληθὴς

444 4092 449 4093 ,
484 4050 487 4053 ‘
525 4036 669 4092 facta
701 4044 789 4090 est
820 4019 1054 4089 Abrahae
1098 4033 1154 4087 in
1188 4033 1342 4087 Isaac
1388 4030 1501 4085 ﬁlio
1544 4030 1752 4093 liberae,
1802 4040 1865 4085 ει·
1896 4045 2007 4084 non

2211 4042 2365 4105 Θεὸς,
2396 4041 2489 4094 καὶ
2524 4036 2733 4108 ἀληθὴς
2763 4035 3075 4105 ἄνθρωπος,
3105 4031 3298 4102 Σωτὴρ
3341 4028 3435 4083 καὶ
3482 4013 3736 4108 Δυτρωτῂς

528 4127 755 4181 lsmaele
797 4125 911 4179 tilio
948 4124 1184 4187 ancillae,
1235 4131 1372 4178 teste
1402 4121 1723 4190 Scriptura:
1759 4138 1778 4172 ι
1829 4122 1976 4193 Ejiee
2012 4135 2111 4176 an-

2210 4133 2305 4188 τοῦ
2341 4131 2574 4201 κόσμου,
2620 4106 2808 4199 ίερεὺς
2847 4126 2930 4189 εἰς
2974 4125 3066 4179 τὸν
3111 4123 3284 4177 αἰῶνα
3313 4120 3451 4176 κατὰ
3498 4115 3589 4183 τὴν
3616 4106 3738 4169 τάξιν

440 4216 447 4221 ’
525 4219 706 4272 eillam
732 4226 789 4272 et
813 4217 982 4271 ﬁlium
1008 4217 1151 4286 ejus,
1173 4214 1301 4284 quia
1327 4214 1379 4268 in
1407 4210 1557 4267 Isaac
1582 4214 1692 4267 erit
1719 4212 1815 4268 tibi
1843 4228 2047 4268 semen.

2211 4220 2572 4293 Μελχισεδέκο
2607 4220 2703 4273 καὶ
2738 4218 2909 4288 ἀμνὸς
2930 4216 3180 4286 ἄμωμος,
3210 4215 3239 4266 ὁ
3270 4213 3436 4283 αῐρων
3464 4205 3554 4296 τὴν
3589 4201 3738 4296 ἀμαρ-

525 4310 684 4376 Quod
718 4311 834 4380 ipse
865 4309 937 4363 sit
970 4308 1064 4362 ille
1102 4305 1352 4365 Messias.
1381 4312 1438 4359 et
1467 4304 1734 4375 propheta
1757 4306 2107 4375 agnumde

2212 4313 2335 4368 τίαν
2361 4329 2453 4366 του
2485 4314 2722 4380 κόσμου,
2750 4309 2890 4379 ἔχων
2913 4310 3011 4371 τὰς
3039 4306 3189 4371 κλεῖς
3213 4306 3313 4371 τῆς
3354 4295 3609 4374 βασιλείας
3647 4299 3739 4339 τυιν

524 4419 638 4473 quo
666 4402 877 4473 Moyses
902 4408 961 4455 et
991 4399 1275 4469 prophetae
1305 4396 1648 4466 scripserunt
1673 4398 1726 4452 in
1756 4398 1900 4470 lege.
1931 4399 2106 4464 Quem

2213 4405 2487 4473 οὐρανῶν,
2526 4405 2626 4457 καὶ
2654 4404 2836 4457 πᾶσαν
2860 4405 2916 4456 ἐν
2952 4399 3169 4472 οὐρανῷ
3196 4400 3291 4454 καὶ
3327 4400 3385 4452 ἐν
3410 4396 3477 4464 γῇ
3506 4380 3735 4476 ἔξουςίανξ

528 4496 764 4550 Abraam
804 4506 1025 4548 summo
1071 4487 1349 4544 desiderio
1382 4489 1743 4558 exspectavit,
1780 4498 1840 4543 ut
1868 4491 2103 4557 videret,

2139 4514 2184 4569 ι)
2211 4489 2418 4559 οὗτινος
2444 4498 2478 4560 ἠ
2510 4494 2728 4563 ἐξουσία
2757 4493 2930 4556 ἀῖδιός
2955 4493 3259 4569 ὲστινηκαὶ
3284 4493 3317 4559 ἡ
3347 4480 3581 4560 βασιλεία
3602 4474 3738 4569 amt-1'3

528 4596 585 4643 et
635 4585 856 4641 tandem
888 4583 1048 4649 vidit,
1095 4590 1151 4636 et
1195 4580 1446 4650 gravisus
1485 4589 1588 4637 est.
1620 4580 1722 4647 Qui
1755 4599 1783 4635 a
1822 4583 2108 4652 prophetis

2139 4560 2177 4569 ν
2215 4587 2514 4658 ἄφθαρτοςο
2544 4560 2626 4639 δτι
2657 4584 2970 4655 βασιλεύσει
3002 4585 3061 4637 ὲν
3083 4562 3158 4651 ui)
3188 4583 3322 4652 οῐκῳ
3357 4572 3537 4632 Ἰακὼϐ
3562 4570 3639 4658 εἰς
3666 4560 3740 4613 τὸν

531 4678 851 4731 nominatur
878 4671 1121 4744 Angelus
1171 4671 1509 4736 testamenti,
1553 4670 1899 4738 Emmanuel,
1928 4672 2109 4728 Salu-

2215 4678 2411 4740 αἰῶνα,
2447 4678 2545 4732 καί¹
2591 4676 2691 4748 τῆς
2727 4676 3010 4747 βασιλείας
3036 4675 3201 4728 αὑτοῦ
3251 4674 3349 4727 οὐκ
3389 4669 3535 4722 ἔσται
3575 4656 3735 4714 τέλος⁴

531 4772 671 4835 tare,
694 4762 1084 4825 Consiliarius,
1119 4758 1285 4827 Deus,
1311 4760 1488 4825 fortis,
1512 4770 1667 4831 pater
1696 4761 1866 4817 futuri
1884 4765 2107 4828 saeculi,

2209 4770 2294 4822 ὅτι
2324 4769 2355 4820 ὁ
2387 4768 2625 4841 Χριστός
2669 4770 2821 4822 ἐστιν
2869 4769 3099 4831 ἐκεῖνος,
3153 4767 3210 4817 εν
3242 4757 3285 4831 ᾧ
3329 4752 3735 4840 εὐλογίαιίίήσοντείι

500 4846 503 4849 Ἴ
533 4859 790 4928 princeps
830 4854 1002 4926 pacis.
1060 4850 1185 4907 Haec
1222 4859 1278 4906 et
1322 4853 1495 4907 multa
1530 4854 1649 4934 alia
1672 4855 1839 4909 tradit
1868 4853 2107 4924 Evange-

2214 4863 2387 4915 πᾶσαι
2416 4863 2473 4915 αί
2504 4861 2714 4929 γενεαὶ,
2738 4860 2835 4913 καὶ
2860 4859 2991 4930 περὶ
3016 4850 3077 4911 οὗ
3106 4859 3137 4925 η
3165 4851 3460 4923 ἐπαγγελία
3487 4844 3653 4913 γέγονε
3675 4846 3736 4935 τοι

529 4948 667 5002 lium
697 4946 766 5002 de
800 4946 888 5000 via
919 4942 1140 5009 salutis,
1172 4957 1293 5010 quae
1324 4942 1581 4999 Christus
1627 4953 1732 5008 est,
1770 4952 1829 4998 ut
1871 4959 1994 5000 eam
2026 4945 2109 4999 vi-

2225 4950 2482 5022 ’Δϐραὰμ
2522 4955 2581 5005 ὲν
2608 4951 2689 5024 τῷ
2726 4950 2916 5006 Ἰσαὰκ
2948 4949 3026 5019 τῷ
3054 4947 3157 5019 υίῷ
3195 4947 3295 5016 τῆς
3339 4937 3625 5004 ἐλευθέρας.
3661 4937 3735 4976 και

528 5050 779 5099 aeamus,
807 5043 862 5090 et
888 5048 1284 5103 cognoscamus
1315 5050 1412 5104 per
1443 5035 1629 5090 ﬁdem.

2214 5043 2315 5097 ούκ
2348 5045 2407 5097 ἐν
2451 5043 2531 5115 τῷ
2577 5041 2808 5114 ’Ῑσμαὴλ
2833 5041 2931 5112 τῷν
2952 5041 3054 5112 υίῷ
3086 5041 3189 5111 τῆς
3232 5036 3531 5101 παιδίσκης,
3561 5032 3733 5115 Pupil"

531 5132 735 5203 ρούσης
757 5131 856 5201 τῆς
878 5130 1105 5201 Γραφῆς
1300 5129 1399 5202 τὴν
1460 5131 1759 5202 παιδίσκην
1788 5132 1885 5187 καὶ
1912 5134 2003 5189 τὸν
2027 5137 2143 5191 υἰὸν
2208 5140 2403 5209 αὐτῆς.
2439 5111 2586 5194 Διότι
2644 5111 2704 5196 έν
2732 5111 2812 5209 τῷ
2854 5111 3039 5192 Ἰσαὰκ
3087 5138 3241 5191 ἐσται
3269 5151 3349 5188 σοι
3375 5127 3641 5214 σπέρμαί»
3673 5111 3737 5214 δξι

531 5223 695 5287 αὐτός
724 5224 871 5276 ἐστιν
902 5222 1111 5284 ἐκεῖνος
1137 5223 1166 5275 ὁ
1198 5222 1432 5290 Μεσίας,
1463 5225 1558 5277 καὶ
1608 5226 1637 5278 ὁ
1668 5225 1846 5293 μέγας
1891 5230 2201 5299 προφήτης,
2236 5233 2367 5302 περὶ
2393 5226 2456 5287 οἵ,
2488 5233 2518 5286 ὁ
2577 5232 2823 5301 Μωῦσῆς
2886 5232 2983 5284 και
3044 5231 3097 5285 οι
3154 5228 3423 5302 προφῆτᾳι
3458 5210 3737 5302 ἔγραψανέγ

536 5320 612 5393 τῷ
637 5320 811 5392 νόμῳ,
839 5318 899 5374 ὃν
927 5321 954 5373 ὁ
996 5318 1250 5390 Ἀϐραὰμ
1280 5319 1430 5391 ἄκρᾳ
1474 5321 1742 5392 ἐπιθυμία
1807 5294 2216 5397 προσεδόκησεν
2284 5294 2437 5396 ἰδεῖν,
2501 5330 2597 5383 καὶ
2629 5294 2860 5399 ὕστερον
2900 5324 3034 5393 εἶδε,
3101 5294 3214 5381 καὶ⁷
3251 5294 3438 5393 ἐχάρην
3480 5315 3613 5367 ὅστις
3652 5294 3735 5399 ὕξτδ

533 5415 644 5469 τῶν
676 5412 975 5485 “pegma”
1022 5412 1350 5485 ὀνομάζεται
1413 5415 1647 5484 ἄγγελος
1719 5416 2009 5490 διαθήκης,
2046 5395 2426 5496 Ἐμμανουὴλ.
2460 5427 2664 5495 σωτὴρ,
2716 5395 3043 5496 σύμϐουλος,
3076 5423 3229 5487 Θεὸς,
3295 5412 3522 5487 ισχυρδςν
3586 5395 3735 5496 ﬂii]?

533 5506 628 5561 τοῦ
673 5507 959 5578 μέλλοντος
991 5507 1210 5574 αἰῶνος,
1240 5508 1424 5579 ἄρχων
1475 5512 1721 5580 εἰρήνης.
1768 5489 1955 5565 Ταῦτα
2024 5489 2127 5569 καί
2160 5489 2335 5570 πολλὰ
2360 5489 2501 5572 tilla
2524 5489 2866 5591 παραδίδωσι
2888 5518 2950 5571 τὸ
2970 5517 3301 5585 Εὗαγγέλιον
3328 5507 3450 5577 περὶ
3502 5498 3590 5565 τῆς
3636 5489 3731 5543 ὁδοῦ

534 5599 636 5667 τῆς
664 5600 961 5670 σωτηρίας,
991 5600 1113 5670 ἥτις
1133 5601 1284 5654 ἐστὶν
1308 5603 1337 5654 ὁ
1363 5594 1627 5669 Χριστὸς,
1656 5601 1743 5656 ἵνα
1778 5604 1951 5676 αὐτὴν
1976 5606 2192 5677 ὁρῶμεν
2220 5611 2312 5664 καὶ
2338 5593 2689 5682 γινώσκομεν
2709 5611 2802 5664 διὰ
2835 5611 3098 5672 πίστεως.

608 5690 809 5745 Verum
841 5690 969 5761 quia
998 5691 1276 5747 modicum
1309 5689 1528 5761 proﬁcit
1562 5707 1899 5764 rvgnoscere
1942 5704 1998 5750 et
2028 5670 2112 5751 vi;

2294 5670 2465 5773 Πλὴν,
2517 5670 2650 5757 διότι
2700 5702 2884 5770 ὀλίγον
2939 5670 3143 5772 ὠφελεῖ
3191 5695 3469 5769 γινώσκειν
3512 5683 3616 5773 τὴν.
3634 5670 3728 5773 ὁδ”ξ

533 5777 665 5838 dere
694 5783 832 5839 viam
868 5784 1083 5854 salutis,
1114 5784 1217 5839 nisi
1261 5783 1314 5837 in
1346 5798 1427 5838 ea.
1453 5776 1621 5839 humo
1658 5784 1749 5852 sit,
1785 5793 1840 5841 rt
1875 5798 2114 5856 ponatur

2223 5789 2321 5860 τῆς
2350 5754 3127 5860 ἀληθείας,καίβλέπειν,ἂν
3162 5754 3240 5861 pd;
3263 5787 3289 5839 ὁ
3312 5780 3567 5851 ἄνθρωπος
3658 5754 3732 5812 καὶ
