  <div class='ocr_page' id='page_1' title='image "/cluster/home/n/w/nwhite01/storage/ocr_20150623/154:no.2/coo.31924054870591/586.png"; bbox 0 0 4070 6464; ppageno 0'>
   <div class='ocr_carea' id='block_1_1' title="bbox 346 338 480 405">
    <p class='ocr_par' dir='ltr' id='par_1_1' title="bbox 346 338 480 405">
     <span class='ocr_line' id='line_1_1' title="bbox 346 338 480 405; baseline -0.022 0"><span class='ocrx_word' id='word_1_1' title='bbox 346 338 480 405; x_wconf 82' lang='grc'><strong>1161</strong></span> 
     </span>
    </p>
   </div>
   <div class='ocr_carea' id='block_1_2' title="bbox 1546 335 2386 400">
    <p class='ocr_par' dir='ltr' id='par_1_2' title="bbox 1546 335 2386 400">
     <span class='ocr_line' id='line_1_2' title="bbox 1546 335 2386 400; baseline -0.004 -1"><span class='ocrx_word' id='word_1_2' title='bbox 1546 336 1843 400; x_wconf 78' lang='lat' dir='ltr'><strong>CONTRA</strong></span> <span class='ocrx_word' id='word_1_3' title='bbox 1883 335 2386 398; x_wconf 79' lang='lat' dir='ltr'><strong>MAHOMETEM.</strong></span> 
     </span>
    </p>
   </div>
   <div class='ocr_carea' id='block_1_3' title="bbox 3458 339 3595 407">
    <p class='ocr_par' dir='ltr' id='par_1_3' title="bbox 3458 339 3595 407">
     <span class='ocr_line' id='line_1_3' title="bbox 3458 339 3595 407; baseline 0.036 -5"><span class='ocrx_word' id='word_1_4' title='bbox 3458 339 3595 407; x_wconf 70' lang='grc'><strong>1162</strong></span> 
     </span>
    </p>
   </div>
   <div class='ocr_carea' id='block_1_4' title="bbox 338 444 1921 522">
    <p class='ocr_par' dir='ltr' id='par_1_4' title="bbox 338 447 1921 522">
     <span class='ocr_line' id='line_1_4' title="bbox 338 447 1921 522; baseline -0.004 -14"><span class='ocrx_word' id='word_1_5' title='bbox 338 455 471 522; x_wconf 79' lang='grc' dir='ltr'>τεθῇ</span> <span class='ocrx_word' id='word_1_6' title='bbox 514 455 588 507; x_wconf 65' lang='grc' dir='ltr'>ἐν</span> <span class='ocrx_word' id='word_1_7' title='bbox 653 450 813 522; x_wconf 77' lang='grc' dir='ltr'>αὐτῇ,</span> <span class='ocrx_word' id='word_1_8' title='bbox 866 450 954 505; x_wconf 80' lang='grc' dir='ltr'><strong>διὰ</strong></span> <span class='ocrx_word' id='word_1_9' title='bbox 1009 449 1166 504; x_wconf 85' lang='grc' dir='ltr'>τοῦτο</span> <span class='ocrx_word' id='word_1_10' title='bbox 1213 450 1471 513; x_wconf 70' lang='grc' dir='ltr'>ἐπέκεινα</span> <span class='ocrx_word' id='word_1_11' title='bbox 1509 450 1610 520; x_wconf 82' lang='grc' dir='ltr'>τῆς</span> <span class='ocrx_word' id='word_1_12' title='bbox 1673 447 1921 510; x_wconf 88' lang='grc' dir='ltr'>πίστεως</span> 
     </span>
    </p>
   </div>
   <div class='ocr_carea' id='block_1_5' title="bbox 2026 444 3592 522">
    <p class='ocr_par' dir='ltr' id='par_1_5' title="bbox 2028 444 3592 521">
     <span class='ocr_line' id='line_1_5' title="bbox 2028 444 3592 521; baseline 0.004 -22"><span class='ocrx_word' id='word_1_13' title='bbox 2028 445 2084 499; x_wconf 90' lang='lat' dir='ltr'><strong>in</strong></span> <span class='ocrx_word' id='word_1_14' title='bbox 2115 460 2201 510; x_wconf 87' lang='lat' dir='ltr'><strong>ea,</strong></span> <span class='ocrx_word' id='word_1_15' title='bbox 2237 446 2362 518; x_wconf 74' lang='lat' dir='ltr'><strong>ideo</strong></span> <span class='ocrx_word' id='word_1_16' title='bbox 2393 445 2539 503; x_wconf 20' lang='lat' dir='ltr'><strong>ultra,</strong></span> <span class='ocrx_word' id='word_1_17' title='bbox 2565 444 2751 507; x_wconf 82' lang='lat' dir='ltr'><strong>iidem,</strong></span> <span class='ocrx_word' id='word_1_18' title='bbox 2785 447 3097 503; x_wconf 84' lang='lat' dir='ltr'><strong>necessaria</strong></span> <span class='ocrx_word' id='word_1_19' title='bbox 3125 455 3253 503; x_wconf 83' lang='lat' dir='ltr'><strong>sunt</strong></span> <span class='ocrx_word' id='word_1_20' title='bbox 3279 453 3592 521; x_wconf 79' lang='lat' dir='ltr'><strong>evangelica</strong></span> 
     </span>
    </p>
   </div>
   <div class='ocr_carea' id='block_1_6' title="bbox 340 534 1913 612">
    <p class='ocr_par' dir='ltr' id='par_1_6' title="bbox 340 534 1913 612">
     <span class='ocr_line' id='line_1_6' title="bbox 340 534 1913 612; baseline -0.004 -14"><span class='ocrx_word' id='word_1_21' title='bbox 340 545 615 612; x_wconf 70' lang='grc' dir='ltr'>ἀναγκαῖά</span> <span class='ocrx_word' id='word_1_22' title='bbox 660 545 766 596; x_wconf 85' lang='grc' dir='ltr'>εἰσι</span> <span class='ocrx_word' id='word_1_23' title='bbox 819 542 890 596; x_wconf 70' lang='grc' dir='ltr'>τὰ</span> <span class='ocrx_word' id='word_1_24' title='bbox 937 543 1272 610; x_wconf 81' lang='grc' dir='ltr'>εὐαγγελικά</span> <span class='ocrx_word' id='word_1_25' title='bbox 1335 541 1637 612; x_wconf 77' lang='grc' dir='ltr'>μυστήρια.</span> <span class='ocrx_word' id='word_1_26' title='bbox 1685 540 1775 593; x_wconf 82' lang='grc' dir='ltr'>Ἐν</span> <span class='ocrx_word' id='word_1_27' title='bbox 1831 534 1913 601; x_wconf 71' lang='grc' dir='ltr'>οἷς</span> 
     </span>
    </p>
   </div>
   <div class='ocr_carea' id='block_1_7' title="bbox 341 630 1916 707">
    <p class='ocr_par' dir='ltr' id='par_1_7' title="bbox 341 630 1916 707">
     <span class='ocr_line' id='line_1_7' title="bbox 341 630 1916 707; baseline -0.003 -19"><span class='ocrx_word' id='word_1_28' title='bbox 341 635 560 707; x_wconf 86' lang='grc' dir='ltr'>πρῶτον</span> <span class='ocrx_word' id='word_1_29' title='bbox 586 634 680 687; x_wconf 76' lang='grc' dir='ltr'>καὶ</span> <span class='ocrx_word' id='word_1_30' title='bbox 715 633 857 704; x_wconf 86' lang='grc' dir='ltr'>θύρα</span> <span class='ocrx_word' id='word_1_31' title='bbox 898 634 1009 705; x_wconf 81' lang='grc' dir='ltr'><strong>τῶν</strong></span> <span class='ocrx_word' id='word_1_32' title='bbox 1045 634 1220 690; x_wconf 76' lang='grc' dir='ltr'>ἄλλων</span> <span class='ocrx_word' id='word_1_33' title='bbox 1271 633 1386 687; x_wconf 76' lang='grc' dir='ltr'>ἐστὶ</span> <span class='ocrx_word' id='word_1_34' title='bbox 1420 635 1481 686; x_wconf 83' lang='grc' dir='ltr'>τὸ</span> <span class='ocrx_word' id='word_1_35' title='bbox 1529 633 1684 699; x_wconf 71' lang='grc' dir='ltr'>ἅγιον</span> <span class='ocrx_word' id='word_1_36' title='bbox 1722 630 1916 702; x_wconf 69' lang='grc' dir='ltr'>βάπτι-</span> 
     </span>
    </p>
   </div>
   <div class='ocr_carea' id='block_1_8' title="bbox 343 721 1914 798">
    <p class='ocr_par' dir='ltr' id='par_1_8' title="bbox 343 721 1914 798">
     <span class='ocr_line' id='line_1_8' title="bbox 343 721 1914 798; baseline -0.004 -15"><span class='ocrx_word' id='word_1_37' title='bbox 343 741 492 798; x_wconf 86' lang='grc' dir='ltr'>σμα·</span> <span class='ocrx_word' id='word_1_38' title='bbox 525 726 654 798; x_wconf 84' lang='grc' dir='ltr'>περὶ</span> <span class='ocrx_word' id='word_1_39' title='bbox 682 721 746 781; x_wconf 76' lang='lat'><strong>06</strong></span> <span class='ocrx_word' id='word_1_40' title='bbox 776 742 942 796; x_wconf 81' lang='grc' dir='ltr'>φησιν</span> <span class='ocrx_word' id='word_1_41' title='bbox 975 726 1004 779; x_wconf 82' lang='grc' dir='ltr'><strong>ὁ</strong></span> <span class='ocrx_word' id='word_1_42' title='bbox 1030 727 1234 796; x_wconf 78' lang='grc' dir='ltr'>Κύριος</span> <span class='ocrx_word' id='word_1_43' title='bbox 1262 725 1322 777; x_wconf 72' lang='grc' dir='ltr'>ιν</span> <span class='ocrx_word' id='word_1_44' title='bbox 1357 723 1436 794; x_wconf 80' lang='grc' dir='ltr'>τῷ</span> <span class='ocrx_word' id='word_1_45' title='bbox 1465 722 1788 793; x_wconf 79' lang='grc' dir='ltr'>Εὐαγγελίῳ</span> <span class='ocrx_word' id='word_1_46' title='bbox 1818 721 1914 776; x_wconf 92' lang='grc' dir='ltr'><strong>τοῦ</strong></span> 
     </span>
    </p>
   </div>
   <div class='ocr_carea' id='block_1_9' title="bbox 352 814 1911 888">
    <p class='ocr_par' dir='ltr' id='par_1_9' title="bbox 352 814 1911 888">
     <span class='ocr_line' id='line_1_9' title="bbox 352 814 1911 888; baseline -0.003 -14"><span class='ocrx_word' id='word_1_47' title='bbox 352 819 598 874; x_wconf 78' lang='grc' dir='ltr'>Ἰωάννου</span> <span class='ocrx_word' id='word_1_48' title='bbox 639 817 770 888; x_wconf 80' lang='grc' dir='ltr'>πρὸς</span> <span class='ocrx_word' id='word_1_49' title='bbox 795 817 1148 888; x_wconf 72' lang='grc' dir='ltr'>Νικόδημονὲ</span> <span class='ocrx_word' id='word_1_50' title='bbox 1182 835 1203 870; x_wconf 77' lang='grc' dir='ltr'><strong>ι</strong></span> <span class='ocrx_word' id='word_1_51' title='bbox 1246 817 1420 888; x_wconf 79' lang='grc' dir='ltr'>’Δμὴν</span> <span class='ocrx_word' id='word_1_52' title='bbox 1458 814 1603 886; x_wconf 81' lang='grc' dir='ltr'>ἀμὴν</span> <span class='ocrx_word' id='word_1_53' title='bbox 1628 814 1770 882; x_wconf 83' lang='grc' dir='ltr'>λέγω</span> <span class='ocrx_word' id='word_1_54' title='bbox 1806 832 1911 881; x_wconf 86' lang='grc' dir='ltr'>σοι,</span> 
     </span>
    </p>
   </div>
   <div class='ocr_carea' id='block_1_10' title="bbox 338 904 1914 980">
    <p class='ocr_par' dir='ltr' id='par_1_10' title="bbox 338 904 1914 980">
     <span class='ocr_line' id='line_1_10' title="bbox 338 904 1914 980; baseline -0.004 -17"><span class='ocrx_word' id='word_1_55' title='bbox 338 910 406 964; x_wconf 80' lang='grc' dir='ltr'>ἂν</span> <span class='ocrx_word' id='word_1_56' title='bbox 445 911 519 978; x_wconf 84' lang='grc' dir='ltr'>μή</span> <span class='ocrx_word' id='word_1_57' title='bbox 557 926 641 972; x_wconf 90' lang='grc' dir='ltr'><strong>τις</strong></span> <span class='ocrx_word' id='word_1_58' title='bbox 690 909 1035 980; x_wconf 64' lang='grc' dir='ltr'>ἀναγεννηθῇ</span> <span class='ocrx_word' id='word_1_59' title='bbox 1067 907 1140 975; x_wconf 59' lang='lat' dir='ltr'><strong>{EE</strong></span> <span class='ocrx_word' id='word_1_60' title='bbox 1195 906 1391 965; x_wconf 78' lang='grc' dir='ltr'>ὓδατος</span> <span class='ocrx_word' id='word_1_61' title='bbox 1443 905 1539 959; x_wconf 75' lang='grc' dir='ltr'>καὶ</span> <span class='ocrx_word' id='word_1_62' title='bbox 1594 904 1914 975; x_wconf 82' lang='grc' dir='ltr'>Πνεύματος</span> 
     </span>
    </p>
   </div>
   <div class='ocr_carea' id='block_1_11' title="bbox 341 994 1913 1068">
    <p class='ocr_par' dir='ltr' id='par_1_11' title="bbox 341 994 1913 1068">
     <span class='ocr_line' id='line_1_11' title="bbox 341 994 1913 1068; baseline -0.003 -16"><span class='ocrx_word' id='word_1_63' title='bbox 341 999 521 1066; x_wconf 83' lang='grc' dir='ltr'>ἁγίου,</span> <span class='ocrx_word' id='word_1_64' title='bbox 553 1000 615 1052; x_wconf 82' lang='grc' dir='ltr'>οὐ</span> <span class='ocrx_word' id='word_1_65' title='bbox 661 998 885 1053; x_wconf 76' lang='grc' dir='ltr'>δύναται</span> <span class='ocrx_word' id='word_1_66' title='bbox 922 999 1186 1053; x_wconf 76' lang='grc' dir='ltr'><strong>εἰσελθεῖν</strong></span> <span class='ocrx_word' id='word_1_67' title='bbox 1235 999 1317 1061; x_wconf 87' lang='grc' dir='ltr'><strong>εἰς</strong></span> <span class='ocrx_word' id='word_1_68' title='bbox 1353 999 1453 1068; x_wconf 79' lang='grc' dir='ltr'><strong>τὴν</strong></span> <span class='ocrx_word' id='word_1_69' title='bbox 1505 994 1783 1066; x_wconf 86' lang='grc' dir='ltr'>βασιλείαν</span> <span class='ocrx_word' id='word_1_70' title='bbox 1817 996 1913 1048; x_wconf 90' lang='grc' dir='ltr'><strong>τοῦ</strong></span> 
     </span>
    </p>
   </div>
   <div class='ocr_carea' id='block_1_12' title="bbox 342 1086 1915 1159">
    <p class='ocr_par' dir='ltr' id='par_1_12' title="bbox 342 1086 1915 1159">
     <span class='ocr_line' id='line_1_12' title="bbox 342 1086 1915 1159; baseline -0.002 -17"><span class='ocrx_word' id='word_1_71' title='bbox 342 1087 500 1142; x_wconf 83' lang='grc' dir='ltr'>Θεοῦ.</span> <span class='ocrx_word' id='word_1_72' title='bbox 562 1107 582 1141; x_wconf 73' lang='grc' dir='ltr'><strong>ι</strong></span> <span class='ocrx_word' id='word_1_73' title='bbox 640 1089 755 1142; x_wconf 73' lang='grc' dir='ltr'><strong>Καὶ</strong></span> <span class='ocrx_word' id='word_1_74' title='bbox 793 1090 932 1158; x_wconf 85' lang='grc' dir='ltr'><strong>μετά</strong></span> <span class='ocrx_word' id='word_1_75' title='bbox 964 1088 1066 1159; x_wconf 80' lang='grc' dir='ltr'><strong>τὴν</strong></span> <span class='ocrx_word' id='word_1_76' title='bbox 1100 1088 1397 1143; x_wconf 82' lang='grc' dir='ltr'><strong>ἀνάστασιν</strong></span> <span class='ocrx_word' id='word_1_77' title='bbox 1427 1086 1593 1141; x_wconf 85' lang='grc' dir='ltr'>αὐτοῦ</span> <span class='ocrx_word' id='word_1_78' title='bbox 1624 1086 1790 1139; x_wconf 76' lang='grc' dir='ltr'>ἀνιὼν</span> <span class='ocrx_word' id='word_1_79' title='bbox 1832 1087 1915 1150; x_wconf 84' lang='grc' dir='ltr'><strong>είς</strong></span> 
     </span>
    </p>
   </div>
   <div class='ocr_carea' id='block_1_13' title="bbox 341 1175 1914 1249">
    <p class='ocr_par' dir='ltr' id='par_1_13' title="bbox 341 1175 1914 1249">
     <span class='ocr_line' id='line_1_13' title="bbox 341 1175 1914 1249; baseline -0.002 -17"><span class='ocrx_word' id='word_1_80' title='bbox 341 1178 432 1232; x_wconf 80' lang='grc' dir='ltr'>τὸν</span> <span class='ocrx_word' id='word_1_81' title='bbox 460 1177 715 1249; x_wconf 76' lang='grc' dir='ltr'>οὐρανὸν,</span> <span class='ocrx_word' id='word_1_82' title='bbox 753 1178 1087 1249; x_wconf 81' lang='grc' dir='ltr'>παραδιδοὺς</span> <span class='ocrx_word' id='word_1_83' title='bbox 1114 1177 1305 1233; x_wconf 88' lang='grc' dir='ltr'>τούτου</span> <span class='ocrx_word' id='word_1_84' title='bbox 1336 1177 1433 1231; x_wconf 90' lang='grc' dir='ltr'><strong>τοῦ</strong></span> <span class='ocrx_word' id='word_1_85' title='bbox 1481 1175 1788 1247; x_wconf 80' lang='grc' dir='ltr'><strong>μυστηρίου</strong></span> <span class='ocrx_word' id='word_1_86' title='bbox 1823 1177 1914 1229; x_wconf 75' lang='grc' dir='ltr'><strong>τὸν</strong></span> 
     </span>
    </p>
   </div>
   <div class='ocr_carea' id='block_1_14' title="bbox 343 1263 1922 1338">
    <p class='ocr_par' dir='ltr' id='par_1_14' title="bbox 343 1263 1922 1338">
     <span class='ocr_line' id='line_1_14' title="bbox 343 1263 1922 1338; baseline 0.001 -17"><span class='ocrx_word' id='word_1_87' title='bbox 343 1267 534 1335; x_wconf 84' lang='grc' dir='ltr'><strong>τύπον,</strong></span> <span class='ocrx_word' id='word_1_88' title='bbox 561 1263 686 1322; x_wconf 78' lang='grc' dir='ltr'>εἰπε</span> <span class='ocrx_word' id='word_1_89' title='bbox 731 1269 848 1332; x_wconf 86' lang='grc' dir='ltr'>τοῖς</span> <span class='ocrx_word' id='word_1_90' title='bbox 882 1266 1171 1338; x_wconf 79' lang='grc' dir='ltr'><strong>μαθηταῖς,</strong></span> <span class='ocrx_word' id='word_1_91' title='bbox 1201 1284 1224 1319; x_wconf 75' lang='grc' dir='ltr'><strong>ι</strong></span> <span class='ocrx_word' id='word_1_92' title='bbox 1254 1266 1625 1338; x_wconf 73' lang='grc' dir='ltr'><strong>Πορευθέντες</strong></span> <span class='ocrx_word' id='word_1_93' title='bbox 1649 1263 1745 1322; x_wconf 79' lang='grc' dir='ltr'>οὖν</span> <span class='ocrx_word' id='word_1_94' title='bbox 1773 1266 1922 1322; x_wconf 83' lang='grc' dir='ltr'>διδά-</span> 
     </span>
    </p>
   </div>
   <div class='ocr_carea' id='block_1_15' title="bbox 348 1357 1922 1430">
    <p class='ocr_par' dir='ltr' id='par_1_15' title="bbox 348 1357 1922 1430">
     <span class='ocr_line' id='line_1_15' title="bbox 348 1357 1922 1430; baseline -0.001 -17"><span class='ocrx_word' id='word_1_95' title='bbox 348 1377 507 1414; x_wconf 82' lang='grc' dir='ltr'>σκετε</span> <span class='ocrx_word' id='word_1_96' title='bbox 538 1360 720 1415; x_wconf 83' lang='grc' dir='ltr'>πάντα</span> <span class='ocrx_word' id='word_1_97' title='bbox 756 1360 827 1414; x_wconf 85' lang='grc' dir='ltr'><strong>τά</strong></span> <span class='ocrx_word' id='word_1_98' title='bbox 879 1358 1033 1430; x_wconf 63' lang='grc' dir='ltr'>ἔθνη,</span> <span class='ocrx_word' id='word_1_99' title='bbox 1078 1358 1436 1429; x_wconf 75' lang='grc' dir='ltr'><strong>βαπτίζοντες</strong></span> <span class='ocrx_word' id='word_1_100' title='bbox 1477 1359 1680 1423; x_wconf 82' lang='grc' dir='ltr'>αὐτοὺς</span> <span class='ocrx_word' id='word_1_101' title='bbox 1727 1359 1810 1422; x_wconf 89' lang='grc' dir='ltr'><strong>εἰς</strong></span> <span class='ocrx_word' id='word_1_102' title='bbox 1860 1357 1922 1412; x_wconf 81' lang='grc' dir='ltr'>τδ</span> 
     </span>
    </p>
   </div>
   <div class='ocr_carea' id='block_1_16' title="bbox 349 1446 1922 1523">
    <p class='ocr_par' dir='ltr' id='par_1_16' title="bbox 349 1446 1922 1523">
     <span class='ocr_line' id='line_1_16' title="bbox 349 1446 1922 1523; baseline -0.004 -15"><span class='ocrx_word' id='word_1_103' title='bbox 349 1453 519 1522; x_wconf 73' lang='grc' dir='ltr'>ὄνομα</span> <span class='ocrx_word' id='word_1_104' title='bbox 544 1451 640 1504; x_wconf 88' lang='grc' dir='ltr'><strong>τοῦ</strong></span> <span class='ocrx_word' id='word_1_105' title='bbox 673 1451 888 1523; x_wconf 68' lang='grc' dir='ltr'>Πατρός</span> <span class='ocrx_word' id='word_1_106' title='bbox 916 1451 1010 1504; x_wconf 78' lang='grc' dir='ltr'>καὶ</span> <span class='ocrx_word' id='word_1_107' title='bbox 1041 1449 1135 1506; x_wconf 89' lang='grc' dir='ltr'><strong>τοῦ</strong></span> <span class='ocrx_word' id='word_1_108' title='bbox 1160 1447 1292 1503; x_wconf 87' lang='grc' dir='ltr'>Υἰοῦ</span> <span class='ocrx_word' id='word_1_109' title='bbox 1323 1449 1418 1502; x_wconf 77' lang='grc' dir='ltr'>καὶ</span> <span class='ocrx_word' id='word_1_110' title='bbox 1443 1448 1536 1502; x_wconf 89' lang='grc' dir='ltr'><strong>τοῦ</strong></span> <span class='ocrx_word' id='word_1_111' title='bbox 1563 1449 1722 1517; x_wconf 79' lang='grc' dir='ltr'>ἁγίου</span> <span class='ocrx_word' id='word_1_112' title='bbox 1749 1446 1922 1503; x_wconf 78' lang='grc' dir='ltr'>Πνεύ-</span> 
     </span>
    </p>
   </div>
   <div class='ocr_carea' id='block_1_17' title="bbox 350 1537 1923 1611">
    <p class='ocr_par' dir='ltr' id='par_1_17' title="bbox 350 1537 1923 1611">
     <span class='ocr_line' id='line_1_17' title="bbox 350 1537 1923 1611; baseline -0.003 -16"><span class='ocrx_word' id='word_1_113' title='bbox 350 1559 541 1611; x_wconf 79' lang='grc' dir='ltr'>ματος,</span> <span class='ocrx_word' id='word_1_114' title='bbox 566 1541 909 1603; x_wconf 77' lang='grc' dir='ltr'>διδάσκοντες</span> <span class='ocrx_word' id='word_1_115' title='bbox 940 1539 1140 1602; x_wconf 81' lang='grc' dir='ltr'>αὐτοὺς</span> <span class='ocrx_word' id='word_1_116' title='bbox 1168 1541 1360 1609; x_wconf 83' lang='grc' dir='ltr'>τηρεῖν</span> <span class='ocrx_word' id='word_1_117' title='bbox 1376 1537 1558 1592; x_wconf 85' lang='grc' dir='ltr'>πάντα</span> <span class='ocrx_word' id='word_1_118' title='bbox 1585 1539 1688 1593; x_wconf 80' lang='grc' dir='ltr'>ὅσα</span> <span class='ocrx_word' id='word_1_119' title='bbox 1721 1541 1923 1593; x_wconf 71' lang='grc' dir='ltr'>ἐνετει-</span> 
     </span>
    </p>
   </div>
   <div class='ocr_carea' id='block_1_18' title="bbox 345 1629 1923 1705">
    <p class='ocr_par' dir='ltr' id='par_1_18' title="bbox 345 1629 1923 1705">
     <span class='ocr_line' id='line_1_18' title="bbox 345 1629 1923 1705; baseline 0 -21"><span class='ocrx_word' id='word_1_120' title='bbox 345 1635 530 1705; x_wconf 75' lang='grc' dir='ltr'>λάμην</span> <span class='ocrx_word' id='word_1_121' title='bbox 588 1633 738 1699; x_wconf 82' lang='grc' dir='ltr'>ὑμῖν.</span> <span class='ocrx_word' id='word_1_122' title='bbox 775 1650 794 1685; x_wconf 74' lang='grc' dir='ltr'><strong>ι</strong></span> <span class='ocrx_word' id='word_1_123' title='bbox 840 1633 952 1686; x_wconf 74' lang='grc' dir='ltr'><strong>Καὶ</strong></span> <span class='ocrx_word' id='word_1_124' title='bbox 1004 1630 1187 1696; x_wconf 72' lang='grc' dir='ltr'>πάλιν,</span> <span class='ocrx_word' id='word_1_125' title='bbox 1226 1649 1247 1683; x_wconf 76' lang='grc' dir='ltr'><strong>ι</strong></span> <span class='ocrx_word' id='word_1_126' title='bbox 1290 1630 1657 1699; x_wconf 74' lang='grc' dir='ltr'>Πορευθέντες</span> <span class='ocrx_word' id='word_1_127' title='bbox 1697 1632 1778 1693; x_wconf 87' lang='grc' dir='ltr'><strong>εἰς</strong></span> <span class='ocrx_word' id='word_1_128' title='bbox 1829 1629 1923 1684; x_wconf 76' lang='grc' dir='ltr'>τὸν</span> 
     </span>
    </p>
   </div>
   <div class='ocr_carea' id='block_1_19' title="bbox 348 1716 1920 1790">
    <p class='ocr_par' dir='ltr' id='par_1_19' title="bbox 348 1716 1920 1790">
     <span class='ocr_line' id='line_1_19' title="bbox 348 1716 1920 1790; baseline -0.001 -17"><span class='ocrx_word' id='word_1_129' title='bbox 348 1722 552 1790; x_wconf 82' lang='grc' dir='ltr'>κόσμον</span> <span class='ocrx_word' id='word_1_130' title='bbox 599 1720 801 1780; x_wconf 84' lang='grc' dir='ltr'>πάντα,</span> <span class='ocrx_word' id='word_1_131' title='bbox 858 1716 1135 1788; x_wconf 78' lang='grc' dir='ltr'><strong>κηρύξατε</strong></span> <span class='ocrx_word' id='word_1_132' title='bbox 1183 1716 1244 1772; x_wconf 76' lang='grc' dir='ltr'>τὸ</span> <span class='ocrx_word' id='word_1_133' title='bbox 1291 1717 1625 1784; x_wconf 76' lang='grc' dir='ltr'>Εὐαγγέλιον</span> <span class='ocrx_word' id='word_1_134' title='bbox 1659 1719 1808 1789; x_wconf 81' lang='grc' dir='ltr'>πάσῃ</span> <span class='ocrx_word' id='word_1_135' title='bbox 1852 1720 1920 1788; x_wconf 79' lang='grc' dir='ltr'>τῇ</span> 
     </span>
    </p>
   </div>
   <div class='ocr_carea' id='block_1_20' title="bbox 2020 535 3593 607">
    <p class='ocr_par' dir='ltr' id='par_1_20' title="bbox 2020 535 3593 607">
     <span class='ocr_line' id='line_1_20' title="bbox 2020 535 3593 607; baseline 0.003 -15"><span class='ocrx_word' id='word_1_136' title='bbox 2020 546 2387 592; x_wconf 83' lang='lat' dir='ltr'><strong>sacramenta.</strong></span> <span class='ocrx_word' id='word_1_137' title='bbox 2416 535 2564 592; x_wconf 87' lang='lat' dir='ltr'><strong>Inter</strong></span> <span class='ocrx_word' id='word_1_138' title='bbox 2602 552 2723 606; x_wconf 65' lang='lat' dir='ltr'><strong>quae</strong></span> <span class='ocrx_word' id='word_1_139' title='bbox 2756 538 3018 607; x_wconf 87' lang='lat' dir='ltr'><strong>primum,</strong></span> <span class='ocrx_word' id='word_1_140' title='bbox 3055 548 3111 595; x_wconf 90' lang='lat' dir='ltr'><strong>et</strong></span> <span class='ocrx_word' id='word_1_141' title='bbox 3152 540 3318 605; x_wconf 79' lang='lat' dir='ltr'><strong>lanua</strong></span> <span class='ocrx_word' id='word_1_142' title='bbox 3358 542 3593 596; x_wconf 88' lang='lat' dir='ltr'><strong>aliorum</strong></span> 
     </span>
    </p>
   </div>
   <div class='ocr_carea' id='block_1_21' title="bbox 2017 629 3592 700">
    <p class='ocr_par' dir='ltr' id='par_1_21' title="bbox 2017 629 3592 700">
     <span class='ocr_line' id='line_1_21' title="bbox 2017 629 3592 700; baseline 0.003 -17"><span class='ocrx_word' id='word_1_143' title='bbox 2017 636 2103 683; x_wconf 87' lang='lat' dir='ltr'><strong>est</strong></span> <span class='ocrx_word' id='word_1_144' title='bbox 2152 637 2403 684; x_wconf 88' lang='lat' dir='ltr'><strong>sanctum</strong></span> <span class='ocrx_word' id='word_1_145' title='bbox 2454 629 2759 699; x_wconf 77' lang='lat' dir='ltr'><strong>baptisma;</strong></span> <span class='ocrx_word' id='word_1_146' title='bbox 2814 629 2883 686; x_wconf 91' lang='lat' dir='ltr'><strong>de</strong></span> <span class='ocrx_word' id='word_1_147' title='bbox 2939 646 3048 700; x_wconf 87' lang='lat' dir='ltr'><strong>quo</strong></span> <span class='ocrx_word' id='word_1_148' title='bbox 3101 632 3178 686; x_wconf 89' lang='lat' dir='ltr'><strong>ait</strong></span> <span class='ocrx_word' id='word_1_149' title='bbox 3227 630 3491 687; x_wconf 88' lang='lat' dir='ltr'><strong>Dominus</strong></span> <span class='ocrx_word' id='word_1_150' title='bbox 3535 633 3592 689; x_wconf 90' lang='lat' dir='ltr'><strong>in</strong></span> 
     </span>
    </p>
   </div>
   <div class='ocr_carea' id='block_1_22' title="bbox 2019 719 3593 790">
    <p class='ocr_par' dir='ltr' id='par_1_22' title="bbox 2019 719 3593 790">
     <span class='ocr_line' id='line_1_22' title="bbox 2019 719 3593 790; baseline 0.004 -16"><span class='ocrx_word' id='word_1_151' title='bbox 2019 719 2316 790; x_wconf 86' lang='lat' dir='ltr'><strong>Evangelio</strong></span> <span class='ocrx_word' id='word_1_152' title='bbox 2344 721 2570 777; x_wconf 81' lang='lat' dir='ltr'><strong>Joannis</strong></span> <span class='ocrx_word' id='word_1_153' title='bbox 2612 722 2679 776; x_wconf 90' lang='lat' dir='ltr'><strong>ad</strong></span> <span class='ocrx_word' id='word_1_154' title='bbox 2716 721 3076 777; x_wconf 86' lang='lat' dir='ltr'><strong>Nicodemum</strong></span> <span class='ocrx_word' id='word_1_155' title='bbox 3110 738 3126 776; x_wconf 88' lang='lat'><strong>:</strong></span> <span class='ocrx_word' id='word_1_156' title='bbox 3180 740 3198 775; x_wconf 85' lang='grc' dir='ltr'><strong>ι</strong></span> <span class='ocrx_word' id='word_1_157' title='bbox 3231 722 3403 780; x_wconf 85' lang='lat' dir='ltr'><strong>Amen</strong></span> <span class='ocrx_word' id='word_1_158' title='bbox 3436 740 3593 781; x_wconf 78' lang='lat' dir='ltr'><strong>amen</strong></span> 
     </span>
    </p>
   </div>
   <div class='ocr_carea' id='block_1_23' title="bbox 2018 810 3599 884">
    <p class='ocr_par' dir='ltr' id='par_1_23' title="bbox 2018 810 3599 884">
     <span class='ocr_line' id='line_1_23' title="bbox 2018 810 3599 884; baseline 0.003 -19"><span class='ocrx_word' id='word_1_159' title='bbox 2018 810 2142 867; x_wconf 85' lang='lat' dir='ltr'><strong>dico</strong></span> <span class='ocrx_word' id='word_1_160' title='bbox 2179 811 2300 874; x_wconf 91' lang='lat' dir='ltr'><strong>tibi,</strong></span> <span class='ocrx_word' id='word_1_161' title='bbox 2335 810 2442 866; x_wconf 86' lang='lat' dir='ltr'><strong>nisi</strong></span> <span class='ocrx_word' id='word_1_162' title='bbox 2476 812 2600 882; x_wconf 87' lang='lat' dir='ltr'><strong>quis</strong></span> <span class='ocrx_word' id='word_1_163' title='bbox 2631 824 2854 868; x_wconf 87' lang='lat' dir='ltr'><strong>renatus</strong></span> <span class='ocrx_word' id='word_1_164' title='bbox 2896 813 3066 868; x_wconf 73' lang='lat' dir='ltr'><strong>fuerit</strong></span> <span class='ocrx_word' id='word_1_165' title='bbox 3111 829 3176 869; x_wconf 82' lang='lat' dir='ltr'><strong>ex</strong></span> <span class='ocrx_word' id='word_1_166' title='bbox 3219 829 3360 884; x_wconf 87' lang='lat' dir='ltr'><strong>aqua</strong></span> <span class='ocrx_word' id='word_1_167' title='bbox 3390 824 3446 869; x_wconf 91' lang='lat' dir='ltr'><strong>ct</strong></span> <span class='ocrx_word' id='word_1_168' title='bbox 3477 816 3599 884; x_wconf 73' lang='lat' dir='ltr'><strong>5pi~</strong></span> 
     </span>
    </p>
   </div>
   <div class='ocr_carea' id='block_1_24' title="bbox 2022 902 3591 976">
    <p class='ocr_par' dir='ltr' id='par_1_24' title="bbox 2022 902 3591 976">
     <span class='ocr_line' id='line_1_24' title="bbox 2022 902 3591 976; baseline 0.001 -22"><span class='ocrx_word' id='word_1_169' title='bbox 2022 902 2134 955; x_wconf 89' lang='lat' dir='ltr'><strong>ritu</strong></span> <span class='ocrx_word' id='word_1_170' title='bbox 2167 911 2381 967; x_wconf 87' lang='lat' dir='ltr'><strong>sancto,</strong></span> <span class='ocrx_word' id='word_1_171' title='bbox 2413 916 2523 956; x_wconf 91' lang='lat' dir='ltr'><strong>non</strong></span> <span class='ocrx_word' id='word_1_172' title='bbox 2558 911 2737 972; x_wconf 91' lang='lat' dir='ltr'><strong>potest</strong></span> <span class='ocrx_word' id='word_1_173' title='bbox 2766 903 2998 958; x_wconf 90' lang='lat' dir='ltr'><strong>introire</strong></span> <span class='ocrx_word' id='word_1_174' title='bbox 3028 905 3081 957; x_wconf 90' lang='lat' dir='ltr'><strong>in</strong></span> <span class='ocrx_word' id='word_1_175' title='bbox 3106 919 3333 976; x_wconf 78' lang='lat' dir='ltr'><strong>regnum</strong></span> <span class='ocrx_word' id='word_1_176' title='bbox 3359 904 3452 959; x_wconf 86' lang='lat' dir='ltr'><strong>Dei</strong></span> <span class='ocrx_word' id='word_1_177' title='bbox 3478 904 3546 958; x_wconf 71' lang='lat'><strong>“.</strong></span> <span class='ocrx_word' id='word_1_178' title='bbox 3573 925 3591 955; x_wconf 73' lang='grc' dir='ltr'><strong>ι</strong></span> 
     </span>
    </p>
   </div>
   <div class='ocr_carea' id='block_1_25' title="bbox 2021 992 3596 1062">
    <p class='ocr_par' dir='ltr' id='par_1_25' title="bbox 2021 992 3596 1062">
     <span class='ocr_line' id='line_1_25' title="bbox 2021 992 3596 1062; baseline 0.003 -16"><span class='ocrx_word' id='word_1_179' title='bbox 2021 992 2096 1047; x_wconf 80' lang='lat' dir='ltr'><strong>Et</strong></span> <span class='ocrx_word' id='word_1_180' title='bbox 2120 1003 2244 1062; x_wconf 89' lang='lat' dir='ltr'><strong>post</strong></span> <span class='ocrx_word' id='word_1_181' title='bbox 2276 993 2735 1048; x_wconf 68' lang='lat' dir='ltr'><strong>restirrectiouem</strong></span> <span class='ocrx_word' id='word_1_182' title='bbox 2762 1009 2915 1049; x_wconf 84' lang='lat' dir='ltr'><strong>suam</strong></span> <span class='ocrx_word' id='word_1_183' title='bbox 2943 995 3247 1050; x_wconf 87' lang='lat' dir='ltr'><strong>ascendens</strong></span> <span class='ocrx_word' id='word_1_184' title='bbox 3280 995 3337 1050; x_wconf 86' lang='lat' dir='ltr'><strong>in</strong></span> <span class='ocrx_word' id='word_1_185' title='bbox 3369 997 3596 1061; x_wconf 62' lang='lat' dir='ltr'><strong>corium,</strong></span> 
     </span>
    </p>
   </div>
   <div class='ocr_carea' id='block_1_26' title="bbox 2021 1083 3602 1158">
    <p class='ocr_par' dir='ltr' id='par_1_26' title="bbox 2021 1083 3602 1158">
     <span class='ocr_line' id='line_1_26' title="bbox 2021 1083 3602 1158; baseline 0.001 -20"><span class='ocrx_word' id='word_1_186' title='bbox 2021 1083 2248 1139; x_wconf 76' lang='lat' dir='ltr'><strong>tradens</strong></span> <span class='ocrx_word' id='word_1_187' title='bbox 2292 1084 2459 1155; x_wconf 85' lang='lat' dir='ltr'><strong>hujus</strong></span> <span class='ocrx_word' id='word_1_188' title='bbox 2493 1086 2820 1140; x_wconf 87' lang='lat' dir='ltr'><strong>sacramenti</strong></span> <span class='ocrx_word' id='word_1_189' title='bbox 2852 1086 3105 1147; x_wconf 86' lang='lat' dir='ltr'><strong>formam,</strong></span> <span class='ocrx_word' id='word_1_190' title='bbox 3136 1086 3316 1157; x_wconf 88' lang='lat' dir='ltr'><strong>inquit</strong></span> <span class='ocrx_word' id='word_1_191' title='bbox 3359 1086 3602 1158; x_wconf 80' lang='lat' dir='ltr'><strong>discipu-</strong></span> 
     </span>
    </p>
   </div>
   <div class='ocr_carea' id='block_1_27' title="bbox 2019 1174 3601 1248">
    <p class='ocr_par' dir='ltr' id='par_1_27' title="bbox 2019 1174 3601 1248">
     <span class='ocr_line' id='line_1_27' title="bbox 2019 1174 3601 1248; baseline 0.003 -19"><span class='ocrx_word' id='word_1_192' title='bbox 2019 1174 2123 1229; x_wconf 79' lang='lat' dir='ltr'><strong>lis:</strong></span> <span class='ocrx_word' id='word_1_193' title='bbox 2162 1193 2180 1226; x_wconf 82' lang='lat' dir='ltr'><strong>t</strong></span> <span class='ocrx_word' id='word_1_194' title='bbox 2217 1175 2424 1231; x_wconf 84' lang='lat' dir='ltr'><strong>Euntes</strong></span> <span class='ocrx_word' id='word_1_195' title='bbox 2480 1175 2695 1247; x_wconf 83' lang='lat' dir='ltr'><strong>igitur&#39;,</strong></span> <span class='ocrx_word' id='word_1_196' title='bbox 2746 1177 2938 1233; x_wconf 85' lang='lat' dir='ltr'><strong>docete</strong></span> <span class='ocrx_word' id='word_1_197' title='bbox 2997 1192 3193 1233; x_wconf 89' lang='lat' dir='ltr'><strong>omnes</strong></span> <span class='ocrx_word' id='word_1_198' title='bbox 3246 1186 3459 1248; x_wconf 82' lang='lat' dir='ltr'><strong>gentes,</strong></span> <span class='ocrx_word' id='word_1_199' title='bbox 3511 1181 3601 1233; x_wconf 55' lang='lat' dir='ltr'><strong>lia-</strong></span> 
     </span>
    </p>
   </div>
   <div class='ocr_carea' id='block_1_28' title="bbox 2024 1265 3597 1340">
    <p class='ocr_par' dir='ltr' id='par_1_28' title="bbox 2024 1265 3597 1340">
     <span class='ocr_line' id='line_1_28' title="bbox 2024 1265 3597 1340; baseline 0.003 -21"><span class='ocrx_word' id='word_1_200' title='bbox 2024 1265 2303 1334; x_wconf 83' lang='lat' dir='ltr'><strong>ptizantes‘</strong></span> <span class='ocrx_word' id='word_1_201' title='bbox 2325 1281 2422 1322; x_wconf 88' lang='lat' dir='ltr'><strong>eos</strong></span> <span class='ocrx_word' id='word_1_202' title='bbox 2456 1270 2509 1320; x_wconf 88' lang='lat' dir='ltr'><strong>in</strong></span> <span class='ocrx_word' id='word_1_203' title='bbox 2540 1266 2767 1323; x_wconf 88' lang='lat' dir='ltr'><strong>nomine</strong></span> <span class='ocrx_word' id='word_1_204' title='bbox 2800 1269 3001 1334; x_wconf 84' lang='lat' dir='ltr'><strong>Patris,</strong></span> <span class='ocrx_word' id='word_1_205' title='bbox 3024 1279 3080 1323; x_wconf 88' lang='lat' dir='ltr'><strong>et</strong></span> <span class='ocrx_word' id='word_1_206' title='bbox 3101 1269 3247 1329; x_wconf 80' lang='lat' dir='ltr'><strong>Filii.</strong></span> <span class='ocrx_word' id='word_1_207' title='bbox 3276 1280 3331 1323; x_wconf 92' lang='lat' dir='ltr'><strong>et</strong></span> <span class='ocrx_word' id='word_1_208' title='bbox 3355 1269 3597 1340; x_wconf 77' lang='lat' dir='ltr'><strong>Spiritus</strong></span> 
     </span>
    </p>
   </div>
   <div class='ocr_carea' id='block_1_29' title="bbox 2022 1358 3598 1432">
    <p class='ocr_par' dir='ltr' id='par_1_29' title="bbox 2022 1358 3598 1432">
     <span class='ocr_line' id='line_1_29' title="bbox 2022 1358 3598 1432; baseline 0.002 -20"><span class='ocrx_word' id='word_1_209' title='bbox 2022 1358 2217 1420; x_wconf 90' lang='lat' dir='ltr'><strong>sancti,</strong></span> <span class='ocrx_word' id='word_1_210' title='bbox 2276 1358 2542 1413; x_wconf 88' lang='lat' dir='ltr'><strong>docentes</strong></span> <span class='ocrx_word' id='word_1_211' title='bbox 2591 1375 2686 1415; x_wconf 89' lang='lat' dir='ltr'><strong>eos</strong></span> <span class='ocrx_word' id='word_1_212' title='bbox 2733 1375 2955 1416; x_wconf 85' lang='lat' dir='ltr'><strong>servare</strong></span> <span class='ocrx_word' id='word_1_213' title='bbox 3022 1362 3207 1415; x_wconf 85' lang='lat' dir='ltr'><strong>omnia</strong></span> <span class='ocrx_word' id='word_1_214' title='bbox 3253 1376 3598 1432; x_wconf 65' lang='lat' dir='ltr'><strong>quaecunque</strong></span> 
     </span>
    </p>
   </div>
   <div class='ocr_carea' id='block_1_30' title="bbox 2022 1448 3598 1509">
    <p class='ocr_par' dir='ltr' id='par_1_30' title="bbox 2022 1448 3598 1509">
     <span class='ocr_line' id='line_1_30' title="bbox 2022 1448 3598 1509; baseline 0.003 -7"><span class='ocrx_word' id='word_1_215' title='bbox 2022 1448 2277 1503; x_wconf 81' lang='lat' dir='ltr'><strong>mandavi</strong></span> <span class='ocrx_word' id='word_1_216' title='bbox 2308 1449 2466 1505; x_wconf 82' lang='lat' dir='ltr'><strong>vobis</strong></span> <span class='ocrx_word' id='word_1_217' title='bbox 2495 1450 2563 1504; x_wconf 74' lang='grc'><strong>⁸⁸.</strong></span> <span class='ocrx_word' id='word_1_218' title='bbox 2604 1469 2623 1501; x_wconf 75' lang='grc' dir='ltr'><strong>ι</strong></span> <span class='ocrx_word' id='word_1_219' title='bbox 2662 1450 2726 1505; x_wconf 86' lang='lat' dir='ltr'><strong>Et</strong></span> <span class='ocrx_word' id='word_1_220' title='bbox 2756 1450 2997 1506; x_wconf 86' lang='lat' dir='ltr'><strong>iterum:</strong></span> <span class='ocrx_word' id='word_1_221' title='bbox 3039 1469 3058 1503; x_wconf 80' lang='grc' dir='ltr'><strong>ι</strong></span> <span class='ocrx_word' id='word_1_222' title='bbox 3090 1450 3299 1509; x_wconf 88' lang='lat' dir='ltr'><strong>Euntes</strong></span> <span class='ocrx_word' id='word_1_223' title='bbox 3347 1452 3402 1505; x_wconf 89' lang='lat' dir='ltr'><strong>in</strong></span> <span class='ocrx_word' id='word_1_224' title='bbox 3438 1468 3598 1507; x_wconf 83' lang='lat' dir='ltr'><strong>mun-</strong></span> 
     </span>
    </p>
   </div>
   <div class='ocr_carea' id='block_1_31' title="bbox 2023 1539 3602 1612">
    <p class='ocr_par' dir='ltr' id='par_1_31' title="bbox 2023 1539 3602 1612">
     <span class='ocr_line' id='line_1_31' title="bbox 2023 1539 3602 1612; baseline 0.002 -18"><span class='ocrx_word' id='word_1_225' title='bbox 2023 1539 2155 1594; x_wconf 90' lang='lat' dir='ltr'><strong>dum</strong></span> <span class='ocrx_word' id='word_1_226' title='bbox 2187 1539 2530 1603; x_wconf 87' lang='lat' dir='ltr'><strong>universum,</strong></span> <span class='ocrx_word' id='word_1_227' title='bbox 2565 1541 2863 1610; x_wconf 67' lang='lat' dir='ltr'><strong>praedicate</strong></span> <span class='ocrx_word' id='word_1_228' title='bbox 2891 1541 3240 1612; x_wconf 85' lang='lat' dir='ltr'><strong>Evangelium</strong></span> <span class='ocrx_word' id='word_1_229' title='bbox 3268 1542 3417 1597; x_wconf 89' lang='lat' dir='ltr'><strong>omni</strong></span> <span class='ocrx_word' id='word_1_230' title='bbox 3448 1557 3602 1597; x_wconf 78' lang='lat' dir='ltr'><strong>erra-</strong></span> 
     </span>
    </p>
   </div>
   <div class='ocr_carea' id='block_1_32' title="bbox 2024 1629 3601 1704">
    <p class='ocr_par' dir='ltr' id='par_1_32' title="bbox 2024 1629 3601 1704">
     <span class='ocr_line' id='line_1_32' title="bbox 2024 1629 3601 1704; baseline 0.003 -22"><span class='ocrx_word' id='word_1_231' title='bbox 2024 1637 2183 1687; x_wconf 72' lang='lat' dir='ltr'><strong>tum.</strong></span> <span class='ocrx_word' id='word_1_232' title='bbox 2222 1629 2326 1704; x_wconf 76' lang='lat' dir='ltr'><strong>Qui</strong></span> <span class='ocrx_word' id='word_1_233' title='bbox 2390 1629 2707 1694; x_wconf 89' lang='lat' dir='ltr'><strong>crediderit,</strong></span> <span class='ocrx_word' id='word_1_234' title='bbox 2735 1639 2791 1686; x_wconf 90' lang='lat' dir='ltr'><strong>et</strong></span> <span class='ocrx_word' id='word_1_235' title='bbox 2844 1631 3150 1702; x_wconf 84' lang='lat' dir='ltr'><strong>baptizatus</strong></span> <span class='ocrx_word' id='word_1_236' title='bbox 3197 1629 3383 1692; x_wconf 80' lang='lat' dir='ltr'><strong>fuerit,</strong></span> <span class='ocrx_word' id='word_1_237' title='bbox 3414 1631 3601 1687; x_wconf 68' lang='lat' dir='ltr'><strong>Salvus</strong></span> 
     </span>
    </p>
   </div>
   <div class='ocr_carea' id='block_1_33' title="bbox 2024 1721 3602 1795">
    <p class='ocr_par' dir='ltr' id='par_1_33' title="bbox 2024 1721 3602 1795">
     <span class='ocr_line' id='line_1_33' title="bbox 2024 1721 3602 1795; baseline 0.001 -19"><span class='ocrx_word' id='word_1_238' title='bbox 2024 1722 2218 1777; x_wconf 75' lang='lat' dir='ltr'><strong>erit“.</strong></span> <span class='ocrx_word' id='word_1_239' title='bbox 2253 1740 2272 1775; x_wconf 75' lang='grc' dir='ltr'><strong>ι</strong></span> <span class='ocrx_word' id='word_1_240' title='bbox 2304 1721 2402 1777; x_wconf 87' lang='lat' dir='ltr'><strong>Est</strong></span> <span class='ocrx_word' id='word_1_241' title='bbox 2432 1722 2599 1793; x_wconf 82' lang='lat' dir='ltr'><strong>igitur</strong></span> <span class='ocrx_word' id='word_1_242' title='bbox 2635 1723 2741 1778; x_wconf 92' lang='lat' dir='ltr'><strong>hoc</strong></span> <span class='ocrx_word' id='word_1_243' title='bbox 2768 1733 3199 1784; x_wconf 85' lang='lat' dir='ltr'><strong>sacramentum,</strong></span> <span class='ocrx_word' id='word_1_244' title='bbox 3232 1739 3342 1795; x_wconf 78' lang='lat' dir='ltr'><strong>quo</strong></span> <span class='ocrx_word' id='word_1_245' title='bbox 3373 1739 3602 1794; x_wconf 78' lang='lat' dir='ltr'><strong>regene—</strong></span> 
     </span>
    </p>
   </div>
   <div class='ocr_carea' id='block_1_34' title="bbox 349 1795 1921 1889">
    <p class='ocr_par' dir='ltr' id='par_1_34' title="bbox 349 1807 1917 1879">
     <span class='ocr_line' id='line_1_34' title="bbox 349 1807 1917 1879; baseline -0.002 -15"><span class='ocrx_word' id='word_1_246' title='bbox 349 1814 559 1865; x_wconf 83' lang='grc' dir='ltr'>κτίσει·</span> <span class='ocrx_word' id='word_1_247' title='bbox 584 1813 614 1866; x_wconf 85' lang='grc' dir='ltr'><strong>ό</strong></span> <span class='ocrx_word' id='word_1_248' title='bbox 645 1809 948 1873; x_wconf 71' lang='grc' dir='ltr'>πιστεύσας</span> <span class='ocrx_word' id='word_1_249' title='bbox 996 1810 1095 1863; x_wconf 76' lang='grc' dir='ltr'>καὶ</span> <span class='ocrx_word' id='word_1_250' title='bbox 1147 1807 1490 1879; x_wconf 74' lang='grc' dir='ltr'>βαπτισθεὶς,</span> <span class='ocrx_word' id='word_1_251' title='bbox 1525 1808 1858 1879; x_wconf 83' lang='grc' dir='ltr'>σωθήσεται.</span> <span class='ocrx_word' id='word_1_252' title='bbox 1897 1826 1917 1861; x_wconf 72' lang='grc' dir='ltr'><strong>ι</strong></span> 
     </span>
    </p>
   </div>
   <div class='ocr_carea' id='block_1_35' title="bbox 2026 1795 3599 1889">
    <p class='ocr_par' dir='ltr' id='par_1_35' title="bbox 2027 1815 3599 1889">
     <span class='ocr_line' id='line_1_35' title="bbox 2027 1815 3599 1889; baseline 0.002 -21"><span class='ocrx_word' id='word_1_253' title='bbox 2027 1830 2214 1869; x_wconf 81' lang='lat' dir='ltr'><strong>ramur</strong></span> <span class='ocrx_word' id='word_1_254' title='bbox 2265 1815 2333 1869; x_wconf 89' lang='lat' dir='ltr'><strong>ad</strong></span> <span class='ocrx_word' id='word_1_255' title='bbox 2386 1816 2579 1881; x_wconf 91' lang='lat' dir='ltr'><strong>vitam,</strong></span> <span class='ocrx_word' id='word_1_256' title='bbox 2628 1817 3005 1872; x_wconf 86' lang='lat' dir='ltr'><strong>necessarium</strong></span> <span class='ocrx_word' id='word_1_257' title='bbox 3059 1817 3125 1889; x_wconf 80' lang='lat' dir='ltr'><strong>ad</strong></span> <span class='ocrx_word' id='word_1_258' title='bbox 3162 1818 3429 1880; x_wconf 81' lang='lat' dir='ltr'><strong>salutem;</strong></span> <span class='ocrx_word' id='word_1_259' title='bbox 3471 1818 3599 1889; x_wconf 85' lang='lat' dir='ltr'><strong>quia</strong></span> 
     </span>
    </p>
   </div>
   <div class='ocr_carea' id='block_1_36' title="bbox 353 1893 1923 1972">
    <p class='ocr_par' dir='ltr' id='par_1_36' title="bbox 353 1893 1923 1972">
     <span class='ocr_line' id='line_1_36' title="bbox 353 1893 1923 1972; baseline -0.001 -15"><span class='ocrx_word' id='word_1_260' title='bbox 353 1902 511 1957; x_wconf 82' lang='grc' dir='ltr'>Ἐστι</span> <span class='ocrx_word' id='word_1_261' title='bbox 535 1902 719 1955; x_wconf 81' lang='grc' dir='ltr'>τοίνυν</span> <span class='ocrx_word' id='word_1_262' title='bbox 748 1901 909 1955; x_wconf 89' lang='grc' dir='ltr'>τοῦτο</span> <span class='ocrx_word' id='word_1_263' title='bbox 938 1900 1000 1954; x_wconf 81' lang='grc' dir='ltr'>τδ</span> <span class='ocrx_word' id='word_1_264' title='bbox 1043 1901 1363 1972; x_wconf 82' lang='grc' dir='ltr'>μυστήριον,</span> <span class='ocrx_word' id='word_1_265' title='bbox 1392 1893 1436 1969; x_wconf 82' lang='grc' dir='ltr'><strong>ᾧ</strong></span> <span class='ocrx_word' id='word_1_266' title='bbox 1487 1900 1923 1971; x_wconf 85' lang='grc' dir='ltr'>ἀναγεννώμεθα</span> 
     </span>
    </p>
   </div>
   <div class='ocr_carea' id='block_1_37' title="bbox 266 1992 1923 2065">
    <p class='ocr_par' dir='ltr' id='par_1_37' title="bbox 266 1992 1923 2065">
     <span class='ocr_line' id='line_1_37' title="bbox 266 1992 1923 2065; baseline -0.001 -19"><span class='ocrx_word' id='word_1_267' title='bbox 266 2018 279 2033; x_wconf 73' lang='grc' dir='ltr'><strong>κ</strong></span> <span class='ocrx_word' id='word_1_268' title='bbox 346 1996 482 2065; x_wconf 70' lang='grc' dir='ltr'>πρὸς</span> <span class='ocrx_word' id='word_1_269' title='bbox 532 1994 633 2063; x_wconf 80' lang='grc' dir='ltr'>τὴν</span> <span class='ocrx_word' id='word_1_270' title='bbox 667 1992 834 2063; x_wconf 77' lang='grc' dir='ltr'>ζωὴν,</span> <span class='ocrx_word' id='word_1_271' title='bbox 876 1994 1177 2061; x_wconf 84' lang='grc' dir='ltr'>ἀναγκαῖον</span> <span class='ocrx_word' id='word_1_272' title='bbox 1226 1992 1366 2064; x_wconf 76' lang='grc' dir='ltr'>πρὸς</span> <span class='ocrx_word' id='word_1_273' title='bbox 1421 1992 1698 2062; x_wconf 85' lang='grc' dir='ltr'>σωτηρίαν</span> <span class='ocrx_word' id='word_1_274' title='bbox 1721 2006 1756 2053; x_wconf 80' lang='lat'><strong>&#39;,</strong></span> <span class='ocrx_word' id='word_1_275' title='bbox 1787 1993 1923 2047; x_wconf 87' lang='grc' dir='ltr'>διότι</span> 
     </span>
    </p>
   </div>
   <div class='ocr_carea' id='block_1_38' title="bbox 348 2083 1925 2157">
    <p class='ocr_par' dir='ltr' id='par_1_38' title="bbox 348 2083 1925 2157">
     <span class='ocr_line' id='line_1_38' title="bbox 348 2083 1925 2157; baseline 0.002 -21"><span class='ocrx_word' id='word_1_276' title='bbox 348 2087 444 2139; x_wconf 67' lang='grc' dir='ltr'><strong>ἐὰν</strong></span> <span class='ocrx_word' id='word_1_277' title='bbox 493 2086 567 2154; x_wconf 89' lang='grc' dir='ltr'>μή</span> <span class='ocrx_word' id='word_1_278' title='bbox 602 2103 684 2148; x_wconf 87' lang='grc' dir='ltr'><strong>τις</strong></span> <span class='ocrx_word' id='word_1_279' title='bbox 728 2085 1070 2157; x_wconf 77' lang='grc' dir='ltr'>ἀναγεννηθῇ</span> <span class='ocrx_word' id='word_1_280' title='bbox 1116 2084 1175 2152; x_wconf 79' lang='grc' dir='ltr'><strong>ἐξ</strong></span> <span class='ocrx_word' id='word_1_281' title='bbox 1223 2083 1419 2148; x_wconf 75' lang='grc' dir='ltr'>ὕδατος</span> <span class='ocrx_word' id='word_1_282' title='bbox 1466 2085 1562 2138; x_wconf 80' lang='grc' dir='ltr'>καὶ</span> <span class='ocrx_word' id='word_1_283' title='bbox 1608 2085 1925 2155; x_wconf 88' lang='grc' dir='ltr'>Πνεύματος</span> 
     </span>
    </p>
   </div>
   <div class='ocr_carea' id='block_1_39' title="bbox 349 2176 1923 2253">
    <p class='ocr_par' dir='ltr' id='par_1_39' title="bbox 349 2176 1923 2253">
     <span class='ocr_line' id='line_1_39' title="bbox 349 2176 1923 2253; baseline 0 -21"><span class='ocrx_word' id='word_1_284' title='bbox 349 2179 527 2245; x_wconf 78' lang='grc' dir='ltr'>ἁγίου,</span> <span class='ocrx_word' id='word_1_285' title='bbox 569 2178 632 2230; x_wconf 76' lang='grc' dir='ltr'>οὐ</span> <span class='ocrx_word' id='word_1_286' title='bbox 678 2177 905 2232; x_wconf 85' lang='grc' dir='ltr'>δύναται</span> <span class='ocrx_word' id='word_1_287' title='bbox 940 2177 1202 2231; x_wconf 72' lang='grc' dir='ltr'><strong>εἰσελθεῖν</strong></span> <span class='ocrx_word' id='word_1_288' title='bbox 1230 2176 1323 2240; x_wconf 66' lang='grc' dir='ltr'><strong>ἐἰς</strong></span> <span class='ocrx_word' id='word_1_289' title='bbox 1374 2179 1477 2245; x_wconf 79' lang='grc' dir='ltr'>τὴν</span> <span class='ocrx_word' id='word_1_290' title='bbox 1502 2177 1795 2253; x_wconf 84' lang='grc' dir='ltr'>βασιλείαν</span> <span class='ocrx_word' id='word_1_291' title='bbox 1828 2177 1923 2232; x_wconf 91' lang='grc' dir='ltr'><strong>τοῦ</strong></span> 
     </span>
    </p>
   </div>
   <div class='ocr_carea' id='block_1_40' title="bbox 348 2264 1924 2336">
    <p class='ocr_par' dir='ltr' id='par_1_40' title="bbox 348 2264 1924 2336">
     <span class='ocr_line' id='line_1_40' title="bbox 348 2264 1924 2336; baseline 0 -18"><span class='ocrx_word' id='word_1_292' title='bbox 348 2265 507 2320; x_wconf 84' lang='grc' dir='ltr'>Θεοῦ.</span> <span class='ocrx_word' id='word_1_293' title='bbox 550 2266 706 2318; x_wconf 70' lang='grc' dir='ltr'>Ἐπεὶ</span> <span class='ocrx_word' id='word_1_294' title='bbox 732 2266 919 2319; x_wconf 82' lang='grc' dir='ltr'>τοίνυν</span> <span class='ocrx_word' id='word_1_295' title='bbox 943 2267 1006 2319; x_wconf 87' lang='grc' dir='ltr'>τὸ</span> <span class='ocrx_word' id='word_1_296' title='bbox 1045 2265 1371 2336; x_wconf 83' lang='grc' dir='ltr'>Ἀλκοράνον</span> <span class='ocrx_word' id='word_1_297' title='bbox 1410 2264 1613 2318; x_wconf 82' lang='grc' dir='ltr'>κωλύει</span> <span class='ocrx_word' id='word_1_298' title='bbox 1639 2265 1924 2330; x_wconf 81' lang='grc' dir='ltr'>παντελῶς</span> 
     </span>
    </p>
   </div>
   <div class='ocr_carea' id='block_1_41' title="bbox 347 2356 1926 2429">
    <p class='ocr_par' dir='ltr' id='par_1_41' title="bbox 347 2356 1926 2429">
     <span class='ocr_line' id='line_1_41' title="bbox 347 2356 1926 2429; baseline 0.001 -19"><span class='ocrx_word' id='word_1_299' title='bbox 347 2359 553 2429; x_wconf 83' lang='grc' dir='ltr'>ταύτην</span> <span class='ocrx_word' id='word_1_300' title='bbox 580 2356 674 2411; x_wconf 88' lang='grc' dir='ltr'><strong>τοῦ</strong></span> <span class='ocrx_word' id='word_1_301' title='bbox 702 2357 1080 2427; x_wconf 75' lang='grc' dir='ltr'>βαπτίσματος</span> <span class='ocrx_word' id='word_1_302' title='bbox 1109 2359 1209 2425; x_wconf 80' lang='grc' dir='ltr'>τὴν</span> <span class='ocrx_word' id='word_1_303' title='bbox 1242 2358 1628 2427; x_wconf 83' lang='grc' dir='ltr'>ἀναγέννησιν,</span> <span class='ocrx_word' id='word_1_304' title='bbox 1652 2357 1755 2412; x_wconf 82' lang='grc' dir='ltr'>οὐκ</span> <span class='ocrx_word' id='word_1_305' title='bbox 1779 2357 1926 2412; x_wconf 89' lang='grc' dir='ltr'>ἀνοί-</span> 
     </span>
    </p>
   </div>
   <div class='ocr_carea' id='block_1_42' title="bbox 348 2447 1924 2522">
    <p class='ocr_par' dir='ltr' id='par_1_42' title="bbox 348 2447 1924 2522">
     <span class='ocr_line' id='line_1_42' title="bbox 348 2447 1924 2522; baseline 0.001 -21"><span class='ocrx_word' id='word_1_306' title='bbox 348 2466 457 2517; x_wconf 83' lang='grc' dir='ltr'>γει,</span> <span class='ocrx_word' id='word_1_307' title='bbox 488 2448 624 2503; x_wconf 84' lang='grc' dir='ltr'><strong>ἀλλά</strong></span> <span class='ocrx_word' id='word_1_308' title='bbox 654 2449 855 2522; x_wconf 76' lang='grc' dir='ltr'>μᾶλλον</span> <span class='ocrx_word' id='word_1_309' title='bbox 879 2448 1053 2503; x_wconf 81' lang='grc' dir='ltr'>κλείει</span> <span class='ocrx_word' id='word_1_310' title='bbox 1081 2449 1181 2520; x_wconf 76' lang='grc' dir='ltr'><strong>τὴν</strong></span> <span class='ocrx_word' id='word_1_311' title='bbox 1212 2447 1498 2519; x_wconf 86' lang='grc' dir='ltr'>βασιλείαν</span> <span class='ocrx_word' id='word_1_312' title='bbox 1524 2447 1619 2502; x_wconf 90' lang='grc' dir='ltr'><strong>τοῦ</strong></span> <span class='ocrx_word' id='word_1_313' title='bbox 1647 2448 1783 2502; x_wconf 83' lang='grc' dir='ltr'>Θεοῦ</span> <span class='ocrx_word' id='word_1_314' title='bbox 1810 2450 1924 2515; x_wconf 85' lang='grc' dir='ltr'>τοῖς</span> 
     </span>
    </p>
   </div>
   <div class='ocr_carea' id='block_1_43' title="bbox 350 2537 1926 2610">
    <p class='ocr_par' dir='ltr' id='par_1_43' title="bbox 350 2537 1926 2610">
     <span class='ocr_line' id='line_1_43' title="bbox 350 2537 1926 2610; baseline -0.001 -17"><span class='ocrx_word' id='word_1_315' title='bbox 350 2538 742 2594; x_wconf 84' lang='grc' dir='ltr'>ἀκολουθοῦσιν</span> <span class='ocrx_word' id='word_1_316' title='bbox 790 2537 968 2610; x_wconf 83' lang='grc' dir='ltr'>αὐτῷ.</span> <span class='ocrx_word' id='word_1_317' title='bbox 1015 2537 1256 2609; x_wconf 80' lang='grc' dir='ltr'>’Δνάγκη</span> <span class='ocrx_word' id='word_1_318' title='bbox 1286 2537 1468 2593; x_wconf 86' lang='grc' dir='ltr'>τοίνυν</span> <span class='ocrx_word' id='word_1_319' title='bbox 1505 2537 1655 2593; x_wconf 66' lang='grc' dir='ltr'>ἐστὶν</span> <span class='ocrx_word' id='word_1_320' title='bbox 1697 2537 1789 2593; x_wconf 85' lang='grc' dir='ltr'>τδν</span> <span class='ocrx_word' id='word_1_321' title='bbox 1837 2538 1926 2592; x_wconf 78' lang='grc' dir='ltr'><strong>θέ-</strong></span> 
     </span>
    </p>
   </div>
   <div class='ocr_carea' id='block_1_44' title="bbox 350 2628 1922 2700">
    <p class='ocr_par' dir='ltr' id='par_1_44' title="bbox 350 2628 1922 2700">
     <span class='ocr_line' id='line_1_44' title="bbox 350 2628 1922 2700; baseline -0.001 -18"><span class='ocrx_word' id='word_1_322' title='bbox 350 2631 508 2683; x_wconf 83' lang='grc' dir='ltr'>λοντα</span> <span class='ocrx_word' id='word_1_323' title='bbox 545 2629 783 2700; x_wconf 83' lang='grc' dir='ltr'>σωθῆναι</span> <span class='ocrx_word' id='word_1_324' title='bbox 831 2630 927 2684; x_wconf 80' lang='grc' dir='ltr'><strong>καί</strong></span> <span class='ocrx_word' id='word_1_325' title='bbox 951 2629 1212 2683; x_wconf 73' lang='grc' dir='ltr'>εἰσελθεῖν</span> <span class='ocrx_word' id='word_1_326' title='bbox 1267 2631 1350 2691; x_wconf 90' lang='grc' dir='ltr'><strong>εἰς</strong></span> <span class='ocrx_word' id='word_1_327' title='bbox 1379 2628 1478 2698; x_wconf 81' lang='grc' dir='ltr'>τὴν</span> <span class='ocrx_word' id='word_1_328' title='bbox 1508 2628 1787 2699; x_wconf 81' lang='grc' dir='ltr'>βασιλείαν</span> <span class='ocrx_word' id='word_1_329' title='bbox 1826 2628 1922 2681; x_wconf 88' lang='grc' dir='ltr'><strong>τοῦ</strong></span> 
     </span>
    </p>
   </div>
   <div class='ocr_carea' id='block_1_45' title="bbox 350 2717 1926 2790">
    <p class='ocr_par' dir='ltr' id='par_1_45' title="bbox 350 2717 1926 2790">
     <span class='ocr_line' id='line_1_45' title="bbox 350 2717 1926 2790; baseline 0 -19"><span class='ocrx_word' id='word_1_330' title='bbox 350 2718 512 2785; x_wconf 82' lang='grc' dir='ltr'>Θεοῦ,</span> <span class='ocrx_word' id='word_1_331' title='bbox 546 2719 804 2772; x_wconf 71' lang='grc' dir='ltr'>ἐπέκεινα</span> <span class='ocrx_word' id='word_1_332' title='bbox 829 2720 925 2790; x_wconf 87' lang='grc' dir='ltr'>τῆς</span> <span class='ocrx_word' id='word_1_333' title='bbox 955 2718 1126 2788; x_wconf 79' lang='grc' dir='ltr'>ὀρθῆς</span> <span class='ocrx_word' id='word_1_334' title='bbox 1156 2717 1251 2773; x_wconf 62' lang='grc' dir='ltr'><strong>καὶΙ</strong></span> <span class='ocrx_word' id='word_1_335' title='bbox 1279 2717 1563 2787; x_wconf 81' lang='grc' dir='ltr'>ὀρθοδόξου</span> <span class='ocrx_word' id='word_1_336' title='bbox 1602 2719 1842 2780; x_wconf 85' lang='grc' dir='ltr'>πίστεως</span> <span class='ocrx_word' id='word_1_337' title='bbox 1867 2718 1926 2771; x_wconf 79' lang='grc' dir='ltr'>ὲν</span> 
     </span>
    </p>
   </div>
   <div class='ocr_carea' id='block_1_46' title="bbox 348 2808 1923 2881">
    <p class='ocr_par' dir='ltr' id='par_1_46' title="bbox 348 2808 1923 2881">
     <span class='ocr_line' id='line_1_46' title="bbox 348 2808 1923 2881; baseline 0 -19"><span class='ocrx_word' id='word_1_338' title='bbox 348 2810 429 2879; x_wconf 84' lang='grc' dir='ltr'>τῷ</span> <span class='ocrx_word' id='word_1_339' title='bbox 469 2810 697 2880; x_wconf 82' lang='grc' dir='ltr'>ὀνόματι</span> <span class='ocrx_word' id='word_1_340' title='bbox 753 2812 852 2881; x_wconf 86' lang='grc' dir='ltr'>τῆς</span> <span class='ocrx_word' id='word_1_341' title='bbox 914 2812 1192 2879; x_wconf 78' lang='grc' dir='ltr'>παναγίας</span> <span class='ocrx_word' id='word_1_342' title='bbox 1248 2810 1499 2881; x_wconf 84' lang='grc' dir='ltr'>Τριὰδος,</span> <span class='ocrx_word' id='word_1_343' title='bbox 1533 2808 1776 2880; x_wconf 83' lang='grc' dir='ltr'>δηλονότι</span> <span class='ocrx_word' id='word_1_344' title='bbox 1826 2808 1923 2862; x_wconf 87' lang='grc' dir='ltr'><strong>τοῦ</strong></span> 
     </span>
    </p>
   </div>
   <div class='ocr_carea' id='block_1_47' title="bbox 351 2899 1922 2971">
    <p class='ocr_par' dir='ltr' id='par_1_47' title="bbox 351 2899 1922 2971">
     <span class='ocr_line' id='line_1_47' title="bbox 351 2899 1922 2971; baseline 0 -18"><span class='ocrx_word' id='word_1_345' title='bbox 351 2900 586 2971; x_wconf 85' lang='grc' dir='ltr'>Πατρὸς,</span> <span class='ocrx_word' id='word_1_346' title='bbox 637 2903 735 2957; x_wconf 82' lang='grc' dir='ltr'>καὶ</span> <span class='ocrx_word' id='word_1_347' title='bbox 767 2901 860 2954; x_wconf 85' lang='grc' dir='ltr'><strong>τοῦ</strong></span> <span class='ocrx_word' id='word_1_348' title='bbox 897 2902 1052 2966; x_wconf 85' lang='grc' dir='ltr'>Υἰοῦ,</span> <span class='ocrx_word' id='word_1_349' title='bbox 1089 2902 1184 2955; x_wconf 79' lang='grc' dir='ltr'>καὶ</span> <span class='ocrx_word' id='word_1_350' title='bbox 1229 2899 1324 2953; x_wconf 86' lang='grc' dir='ltr'><strong>τοῦ</strong></span> <span class='ocrx_word' id='word_1_351' title='bbox 1367 2902 1527 2969; x_wconf 89' lang='grc' dir='ltr'>άγίου</span> <span class='ocrx_word' id='word_1_352' title='bbox 1578 2899 1922 2970; x_wconf 85' lang='grc' dir='ltr'>Πνεύματος,</span> 
     </span>
    </p>
   </div>
   <div class='ocr_carea' id='block_1_48' title="bbox 348 2990 1916 3064">
    <p class='ocr_par' dir='ltr' id='par_1_48' title="bbox 348 2990 1916 3064">
     <span class='ocr_line' id='line_1_48' title="bbox 348 2990 1916 3064; baseline -0.001 -20"><span class='ocrx_word' id='word_1_353' title='bbox 348 2990 739 3064; x_wconf 86' lang='grc' dir='ltr'>βαπτισθῆναι,</span> <span class='ocrx_word' id='word_1_354' title='bbox 774 2993 972 3063; x_wconf 70' lang='grc' dir='ltr'>ἑφεξῆς</span> <span class='ocrx_word' id='word_1_355' title='bbox 1000 2992 1279 3063; x_wconf 77' lang='grc' dir='ltr'>τραφῆναι</span> <span class='ocrx_word' id='word_1_356' title='bbox 1329 2994 1396 3062; x_wconf 82' lang='grc' dir='ltr'>τῇ</span> <span class='ocrx_word' id='word_1_357' title='bbox 1426 2990 1668 3063; x_wconf 81' lang='grc' dir='ltr'>οὐρανίῳ</span> <span class='ocrx_word' id='word_1_358' title='bbox 1711 2992 1916 3061; x_wconf 78' lang='grc' dir='ltr'>τροφῇ,</span> 
     </span>
    </p>
   </div>
   <div class='ocr_carea' id='block_1_49' title="bbox 344 3081 1920 3154">
    <p class='ocr_par' dir='ltr' id='par_1_49' title="bbox 344 3081 1920 3154">
     <span class='ocr_line' id='line_1_49' title="bbox 344 3081 1920 3154; baseline -0.002 -19"><span class='ocrx_word' id='word_1_359' title='bbox 344 3082 591 3151; x_wconf 83' lang='grc' dir='ltr'>δηλονότι</span> <span class='ocrx_word' id='word_1_360' title='bbox 639 3084 717 3153; x_wconf 83' lang='grc' dir='ltr'><strong>τῷ</strong></span> <span class='ocrx_word' id='word_1_361' title='bbox 773 3083 988 3153; x_wconf 88' lang='grc' dir='ltr'>σώματι</span> <span class='ocrx_word' id='word_1_362' title='bbox 1043 3082 1161 3137; x_wconf 72' lang='grc' dir='ltr'><strong>καί</strong></span> <span class='ocrx_word' id='word_1_363' title='bbox 1196 3082 1273 3152; x_wconf 80' lang='grc' dir='ltr'>τῷ</span> <span class='ocrx_word' id='word_1_364' title='bbox 1311 3082 1507 3154; x_wconf 87' lang='grc' dir='ltr'>αῖματι</span> <span class='ocrx_word' id='word_1_365' title='bbox 1560 3082 1656 3136; x_wconf 86' lang='grc' dir='ltr'><strong>τοῦ</strong></span> <span class='ocrx_word' id='word_1_366' title='bbox 1713 3081 1920 3150; x_wconf 79' lang='grc' dir='ltr'>Κυρίου</span> 
     </span>
    </p>
   </div>
   <div class='ocr_carea' id='block_1_50' title="bbox 2023 1902 3598 1981">
    <p class='ocr_par' dir='ltr' id='par_1_50' title="bbox 2023 1902 3598 1981">
     <span class='ocr_line' id='line_1_50' title="bbox 2023 1902 3598 1981; baseline 0 -24"><span class='ocrx_word' id='word_1_367' title='bbox 2023 1902 2290 1973; x_wconf 73' lang='lat' dir='ltr'><strong>nisi‘quis</strong></span> <span class='ocrx_word' id='word_1_368' title='bbox 2331 1916 2554 1960; x_wconf 88' lang='lat' dir='ltr'><strong>renatus</strong></span> <span class='ocrx_word' id='word_1_369' title='bbox 2581 1905 2748 1961; x_wconf 85' lang='lat' dir='ltr'><strong>fuerit</strong></span> <span class='ocrx_word' id='word_1_370' title='bbox 2773 1922 2842 1962; x_wconf 77' lang='lat' dir='ltr'><strong>ex</strong></span> <span class='ocrx_word' id='word_1_371' title='bbox 2869 1922 3032 1978; x_wconf 88' lang='lat' dir='ltr'><strong>aqua.</strong></span> <span class='ocrx_word' id='word_1_372' title='bbox 3063 1916 3119 1963; x_wconf 87' lang='lat' dir='ltr'><strong>et</strong></span> <span class='ocrx_word' id='word_1_373' title='bbox 3149 1906 3356 1978; x_wconf 86' lang='lat' dir='ltr'><strong>Spiritu</strong></span> <span class='ocrx_word' id='word_1_374' title='bbox 3386 1918 3598 1981; x_wconf 71' lang='lat' dir='ltr'><strong>sancto,</strong></span> 
     </span>
    </p>
   </div>
   <div class='ocr_carea' id='block_1_51' title="bbox 2024 1997 3603 2070">
    <p class='ocr_par' dir='ltr' id='par_1_51' title="bbox 2024 1997 3603 2070">
     <span class='ocr_line' id='line_1_51' title="bbox 2024 1997 3603 2070; baseline 0.004 -22"><span class='ocrx_word' id='word_1_375' title='bbox 2024 2010 2136 2049; x_wconf 90' lang='lat' dir='ltr'><strong>non</strong></span> <span class='ocrx_word' id='word_1_376' title='bbox 2171 2004 2353 2065; x_wconf 87' lang='lat' dir='ltr'><strong>potest</strong></span> <span class='ocrx_word' id='word_1_377' title='bbox 2380 1997 2614 2053; x_wconf 84' lang='lat' dir='ltr'><strong>introire</strong></span> <span class='ocrx_word' id='word_1_378' title='bbox 2654 1998 2708 2052; x_wconf 92' lang='lat' dir='ltr'><strong>in</strong></span> <span class='ocrx_word' id='word_1_379' title='bbox 2739 2012 2964 2069; x_wconf 79' lang='lat' dir='ltr'><strong>regnum</strong></span> <span class='ocrx_word' id='word_1_380' title='bbox 2994 1997 3112 2054; x_wconf 73' lang='lat' dir='ltr'><strong>Dei.</strong></span> <span class='ocrx_word' id='word_1_381' title='bbox 3145 2000 3281 2056; x_wconf 75' lang='lat' dir='ltr'><strong>Cum</strong></span> <span class='ocrx_word' id='word_1_382' title='bbox 3312 1999 3478 2070; x_wconf 80' lang='lat' dir='ltr'><strong>igitur</strong></span> <span class='ocrx_word' id='word_1_383' title='bbox 3509 1999 3603 2054; x_wconf 84' lang='lat' dir='ltr'><strong>Al—</strong></span> 
     </span>
    </p>
   </div>
   <div class='ocr_carea' id='block_1_52' title="bbox 2025 2084 3603 2161">
    <p class='ocr_par' dir='ltr' id='par_1_52' title="bbox 2025 2084 3603 2161">
     <span class='ocr_line' id='line_1_52' title="bbox 2025 2084 3603 2161; baseline 0.003 -21"><span class='ocrx_word' id='word_1_384' title='bbox 2025 2100 2267 2142; x_wconf 87' lang='lat' dir='ltr'><strong>coranus</strong></span> <span class='ocrx_word' id='word_1_385' title='bbox 2312 2088 2604 2158; x_wconf 87' lang='lat' dir='ltr'><strong>prohibeat</strong></span> <span class='ocrx_word' id='word_1_386' title='bbox 2630 2089 2858 2145; x_wconf 90' lang='lat' dir='ltr'><strong>omnino</strong></span> <span class='ocrx_word' id='word_1_387' title='bbox 2902 2090 3046 2145; x_wconf 87' lang='lat' dir='ltr'><strong>hanc</strong></span> <span class='ocrx_word' id='word_1_388' title='bbox 3078 2084 3603 2161; x_wconf 62' lang='lat' dir='ltr'><strong>baptizati‘regene-</strong></span> 
     </span>
    </p>
   </div>
   <div class='ocr_carea' id='block_1_53' title="bbox 2027 2178 3598 2251">
    <p class='ocr_par' dir='ltr' id='par_1_53' title="bbox 2027 2178 3598 2251">
     <span class='ocr_line' id='line_1_53' title="bbox 2027 2178 3598 2251; baseline 0.003 -21"><span class='ocrx_word' id='word_1_389' title='bbox 2027 2178 2319 2244; x_wconf 89' lang='lat' dir='ltr'><strong>rationem,</strong></span> <span class='ocrx_word' id='word_1_390' title='bbox 2372 2194 2484 2234; x_wconf 89' lang='lat' dir='ltr'><strong>non</strong></span> <span class='ocrx_word' id='word_1_391' title='bbox 2530 2180 2726 2249; x_wconf 88' lang='lat' dir='ltr'><strong>aperit,</strong></span> <span class='ocrx_word' id='word_1_392' title='bbox 2756 2181 2849 2236; x_wconf 86' lang='lat' dir='ltr'><strong>sed</strong></span> <span class='ocrx_word' id='word_1_393' title='bbox 2898 2180 3081 2251; x_wconf 85' lang='lat' dir='ltr'><strong>potius</strong></span> <span class='ocrx_word' id='word_1_394' title='bbox 3125 2180 3334 2237; x_wconf 79' lang='lat' dir='ltr'><strong>claudit</strong></span> <span class='ocrx_word' id='word_1_395' title='bbox 3367 2195 3598 2251; x_wconf 84' lang='lat' dir='ltr'><strong>regnum</strong></span> 
     </span>
    </p>
   </div>
   <div class='ocr_carea' id='block_1_54' title="bbox 2024 2269 3601 2343">
    <p class='ocr_par' dir='ltr' id='par_1_54' title="bbox 2024 2269 3601 2343">
     <span class='ocr_line' id='line_1_54' title="bbox 2024 2269 3601 2343; baseline 0.001 -18"><span class='ocrx_word' id='word_1_396' title='bbox 2024 2269 2121 2325; x_wconf 87' lang='lat' dir='ltr'><strong>Dei</strong></span> <span class='ocrx_word' id='word_1_397' title='bbox 2152 2270 2237 2324; x_wconf 87' lang='lat' dir='ltr'><strong>his</strong></span> <span class='ocrx_word' id='word_1_398' title='bbox 2269 2272 2361 2339; x_wconf 85' lang='lat' dir='ltr'><strong>qui</strong></span> <span class='ocrx_word' id='word_1_399' title='bbox 2389 2285 2518 2325; x_wconf 91' lang='lat' dir='ltr'><strong>eum</strong></span> <span class='ocrx_word' id='word_1_400' title='bbox 2551 2281 2883 2341; x_wconf 87' lang='lat' dir='ltr'><strong>sequuntur.</strong></span> <span class='ocrx_word' id='word_1_401' title='bbox 2935 2271 3172 2328; x_wconf 79' lang='lat' dir='ltr'><strong>Necesse</strong></span> <span class='ocrx_word' id='word_1_402' title='bbox 3213 2284 3298 2326; x_wconf 86' lang='lat' dir='ltr'><strong>est</strong></span> <span class='ocrx_word' id='word_1_403' title='bbox 3338 2286 3490 2343; x_wconf 89' lang='lat' dir='ltr'><strong>ergo,</strong></span> <span class='ocrx_word' id='word_1_404' title='bbox 3539 2280 3601 2326; x_wconf 90' lang='lat' dir='ltr'><strong>ut</strong></span> 
     </span>
    </p>
   </div>
   <div class='ocr_carea' id='block_1_55' title="bbox 2025 2354 3597 2434">
    <p class='ocr_par' dir='ltr' id='par_1_55' title="bbox 2025 2354 3597 2434">
     <span class='ocr_line' id='line_1_55' title="bbox 2025 2354 3597 2434; baseline -0.003 -19"><span class='ocrx_word' id='word_1_405' title='bbox 2025 2359 2121 2431; x_wconf 89' lang='lat' dir='ltr'><strong>qui</strong></span> <span class='ocrx_word' id='word_1_406' title='bbox 2156 2361 2275 2415; x_wconf 82' lang='lat' dir='ltr'><strong>vult</strong></span> <span class='ocrx_word' id='word_1_407' title='bbox 2312 2360 2495 2416; x_wconf 87' lang='lat' dir='ltr'><strong>salvus</strong></span> <span class='ocrx_word' id='word_1_408' title='bbox 2543 2376 2689 2429; x_wconf 87' lang='lat' dir='ltr'><strong>esse,</strong></span> <span class='ocrx_word' id='word_1_409' title='bbox 2733 2371 2789 2416; x_wconf 90' lang='lat' dir='ltr'><strong>et</strong></span> <span class='ocrx_word' id='word_1_410' title='bbox 2840 2362 3070 2418; x_wconf 89' lang='lat' dir='ltr'><strong>introire</strong></span> <span class='ocrx_word' id='word_1_411' title='bbox 3114 2363 3169 2416; x_wconf 92' lang='lat' dir='ltr'><strong>in</strong></span> <span class='ocrx_word' id='word_1_412' title='bbox 3219 2378 3445 2434; x_wconf 78' lang='lat' dir='ltr'><strong>regnum</strong></span> <span class='ocrx_word' id='word_1_413' title='bbox 3482 2354 3597 2433; x_wconf 71' lang='lat' dir='ltr'><strong>Dei,</strong></span> 
     </span>
    </p>
   </div>
   <div class='ocr_carea' id='block_1_56' title="bbox 2024 2442 3599 2517">
    <p class='ocr_par' dir='ltr' id='par_1_56' title="bbox 2024 2442 3599 2517">
     <span class='ocr_line' id='line_1_56' title="bbox 2024 2442 3599 2517; baseline -0.001 -10"><span class='ocrx_word' id='word_1_414' title='bbox 2024 2452 2167 2509; x_wconf 90' lang='lat' dir='ltr'><strong>ultra</strong></span> <span class='ocrx_word' id='word_1_415' title='bbox 2224 2451 2385 2506; x_wconf 81' lang='lat' dir='ltr'><strong>iidem</strong></span> <span class='ocrx_word' id='word_1_416' title='bbox 2455 2461 2660 2507; x_wconf 89' lang='lat' dir='ltr'><strong>rectam</strong></span> <span class='ocrx_word' id='word_1_417' title='bbox 2713 2463 2769 2509; x_wconf 91' lang='lat' dir='ltr'><strong>et</strong></span> <span class='ocrx_word' id='word_1_418' title='bbox 2823 2453 3211 2517; x_wconf 77' lang='lat' dir='ltr'><strong>orthodoxam,</strong></span> <span class='ocrx_word' id='word_1_419' title='bbox 3264 2454 3323 2509; x_wconf 89' lang='lat' dir='ltr'><strong>in</strong></span> <span class='ocrx_word' id='word_1_420' title='bbox 3356 2442 3599 2506; x_wconf 83' lang='lat' dir='ltr'><strong>nomine</strong></span> 
     </span>
    </p>
   </div>
   <div class='ocr_carea' id='block_1_57' title="bbox 2026 2544 3602 2612">
    <p class='ocr_par' dir='ltr' id='par_1_57' title="bbox 2026 2544 3602 2612">
     <span class='ocr_line' id='line_1_57' title="bbox 2026 2544 3602 2612; baseline 0.002 -13"><span class='ocrx_word' id='word_1_421' title='bbox 2026 2545 2390 2601; x_wconf 82' lang='lat' dir='ltr'><strong>sanctissimae</strong></span> <span class='ocrx_word' id='word_1_422' title='bbox 2417 2544 2728 2610; x_wconf 78' lang='lat' dir='ltr'><strong>Trinitatis,</strong></span> <span class='ocrx_word' id='word_1_423' title='bbox 2754 2545 2968 2600; x_wconf 86' lang='lat' dir='ltr'><strong>scilicet</strong></span> <span class='ocrx_word' id='word_1_424' title='bbox 3000 2546 3203 2608; x_wconf 87' lang='lat' dir='ltr'><strong>Patris,</strong></span> <span class='ocrx_word' id='word_1_425' title='bbox 3250 2555 3305 2599; x_wconf 85' lang='lat' dir='ltr'><strong>et</strong></span> <span class='ocrx_word' id='word_1_426' title='bbox 3351 2544 3499 2612; x_wconf 85' lang='lat' dir='ltr'><strong>Filii,</strong></span> <span class='ocrx_word' id='word_1_427' title='bbox 3544 2554 3602 2602; x_wconf 79' lang='lat' dir='ltr'><strong>et</strong></span> 
     </span>
    </p>
   </div>
   <div class='ocr_carea' id='block_1_58' title="bbox 2026 2629 3603 2702">
    <p class='ocr_par' dir='ltr' id='par_1_58' title="bbox 2026 2629 3603 2702">
     <span class='ocr_line' id='line_1_58' title="bbox 2026 2629 3603 2702; baseline 0.002 -16"><span class='ocrx_word' id='word_1_428' title='bbox 2026 2629 2267 2701; x_wconf 88' lang='lat' dir='ltr'><strong>Spiritus</strong></span> <span class='ocrx_word' id='word_1_429' title='bbox 2295 2634 2469 2687; x_wconf 83' lang='lat' dir='ltr'><strong>saneti</strong></span> <span class='ocrx_word' id='word_1_430' title='bbox 2499 2633 2840 2702; x_wconf 86' lang='lat' dir='ltr'><strong>baptizetur;</strong></span> <span class='ocrx_word' id='word_1_431' title='bbox 2866 2634 3067 2689; x_wconf 87' lang='lat' dir='ltr'><strong>deinde</strong></span> <span class='ocrx_word' id='word_1_432' title='bbox 3095 2635 3313 2689; x_wconf 73' lang='lat' dir='ltr'><strong>Cibt’llll‘</strong></span> <span class='ocrx_word' id='word_1_433' title='bbox 3341 2633 3466 2688; x_wconf 89' lang='lat' dir='ltr'><strong>cibo</strong></span> <span class='ocrx_word' id='word_1_434' title='bbox 3493 2649 3603 2688; x_wconf 72' lang='lat' dir='ltr'><strong>cm-</strong></span> 
     </span>
    </p>
   </div>
   <div class='ocr_carea' id='block_1_59' title="bbox 2026 2722 3601 2796">
    <p class='ocr_par' dir='ltr' id='par_1_59' title="bbox 2026 2722 3601 2796">
     <span class='ocr_line' id='line_1_59' title="bbox 2026 2722 3601 2796; baseline 0.003 -20"><span class='ocrx_word' id='word_1_435' title='bbox 2026 2722 2174 2785; x_wconf 87' lang='lat' dir='ltr'><strong>lesti,</strong></span> <span class='ocrx_word' id='word_1_436' title='bbox 2223 2724 2430 2778; x_wconf 88' lang='lat' dir='ltr'><strong>scilicet</strong></span> <span class='ocrx_word' id='word_1_437' title='bbox 2474 2738 2705 2794; x_wconf 86' lang='lat' dir='ltr'><strong>corpore</strong></span> <span class='ocrx_word' id='word_1_438' title='bbox 2746 2734 2803 2779; x_wconf 90' lang='lat' dir='ltr'><strong>et</strong></span> <span class='ocrx_word' id='word_1_439' title='bbox 2849 2726 3116 2796; x_wconf 75' lang='lat' dir='ltr'><strong>sanguine</strong></span> <span class='ocrx_word' id='word_1_440' title='bbox 3165 2724 3377 2780; x_wconf 89' lang='lat' dir='ltr'><strong>Domini</strong></span> <span class='ocrx_word' id='word_1_441' title='bbox 3428 2727 3601 2781; x_wconf 74' lang='lat' dir='ltr'><strong>uestri</strong></span> 
     </span>
    </p>
   </div>
   <div class='ocr_carea' id='block_1_60' title="bbox 2025 2812 3602 2886">
    <p class='ocr_par' dir='ltr' id='par_1_60' title="bbox 2025 2812 3602 2886">
     <span class='ocr_line' id='line_1_60' title="bbox 2025 2812 3602 2886; baseline 0.002 -18"><span class='ocrx_word' id='word_1_442' title='bbox 2025 2813 2158 2868; x_wconf 76' lang='lat' dir='ltr'><strong>Jesu</strong></span> <span class='ocrx_word' id='word_1_443' title='bbox 2191 2812 2417 2877; x_wconf 85' lang='lat' dir='ltr'><strong>Christi,</strong></span> <span class='ocrx_word' id='word_1_444' title='bbox 2447 2813 2565 2884; x_wconf 81' lang='lat' dir='ltr'><strong>ipso</strong></span> <span class='ocrx_word' id='word_1_445' title='bbox 2596 2814 2813 2870; x_wconf 87' lang='lat' dir='ltr'><strong>dicente</strong></span> <span class='ocrx_word' id='word_1_446' title='bbox 2845 2816 2897 2869; x_wconf 90' lang='lat' dir='ltr'><strong>in</strong></span> <span class='ocrx_word' id='word_1_447' title='bbox 2927 2816 3224 2886; x_wconf 75' lang='lat' dir='ltr'><strong>Evangelia</strong></span> <span class='ocrx_word' id='word_1_448' title='bbox 3250 2834 3262 2869; x_wconf 90' lang='lat'><strong>:</strong></span> <span class='ocrx_word' id='word_1_449' title='bbox 3309 2836 3329 2867; x_wconf 78' lang='grc' dir='ltr'><strong>ι</strong></span> <span class='ocrx_word' id='word_1_450' title='bbox 3358 2817 3459 2881; x_wconf 80' lang='lat' dir='ltr'><strong>Qui</strong></span> <span class='ocrx_word' id='word_1_451' title='bbox 3492 2832 3602 2871; x_wconf 87' lang='lat' dir='ltr'><strong>non</strong></span> 
     </span>
    </p>
   </div>
   <div class='ocr_carea' id='block_1_61' title="bbox 2024 2902 3612 2982">
    <p class='ocr_par' dir='ltr' id='par_1_61' title="bbox 2024 2902 3612 2982">
     <span class='ocr_line' id='line_1_61' title="bbox 2024 2902 3612 2982; baseline 0.002 -26"><span class='ocrx_word' id='word_1_452' title='bbox 2024 2902 2325 2956; x_wconf 76' lang='lat' dir='ltr'><strong>manducet</strong></span> <span class='ocrx_word' id='word_1_453' title='bbox 2357 2918 2532 2957; x_wconf 91' lang='lat' dir='ltr'><strong>meam</strong></span> <span class='ocrx_word' id='word_1_454' title='bbox 2571 2919 2819 2982; x_wconf 80' lang='lat' dir='ltr'><strong>carnem,</strong></span> <span class='ocrx_word' id='word_1_455' title='bbox 2848 2915 2904 2959; x_wconf 87' lang='lat' dir='ltr'><strong>et</strong></span> <span class='ocrx_word' id='word_1_456' title='bbox 2941 2920 3050 2959; x_wconf 88' lang='lat' dir='ltr'><strong>non</strong></span> <span class='ocrx_word' id='word_1_457' title='bbox 3085 2905 3229 2959; x_wconf 87' lang='lat' dir='ltr'><strong>bibit</strong></span> <span class='ocrx_word' id='word_1_458' title='bbox 3263 2921 3444 2961; x_wconf 88' lang='lat' dir='ltr'><strong>meum</strong></span> <span class='ocrx_word' id='word_1_459' title='bbox 3478 2920 3612 2977; x_wconf 37' lang='lat' dir='ltr'><strong>san:</strong></span> 
     </span>
    </p>
   </div>
   <div class='ocr_carea' id='block_1_62' title="bbox 2024 2991 3603 3064">
    <p class='ocr_par' dir='ltr' id='par_1_62' title="bbox 2024 2991 3603 3064">
     <span class='ocr_line' id='line_1_62' title="bbox 2024 2991 3603 3064; baseline 0.002 -17"><span class='ocrx_word' id='word_1_460' title='bbox 2024 2991 2271 3059; x_wconf 79' lang='lat' dir='ltr'><strong>guinem,</strong></span> <span class='ocrx_word' id='word_1_461' title='bbox 2306 3007 2414 3046; x_wconf 90' lang='lat' dir='ltr'><strong>non</strong></span> <span class='ocrx_word' id='word_1_462' title='bbox 2460 2992 2627 3048; x_wconf 83' lang='lat' dir='ltr'><strong>habet</strong></span> <span class='ocrx_word' id='word_1_463' title='bbox 2672 2993 2839 3047; x_wconf 87' lang='lat' dir='ltr'><strong>vitam</strong></span> <span class='ocrx_word' id='word_1_464' title='bbox 2887 3004 3147 3048; x_wconf 65' lang='lat' dir='ltr'><strong>aeternam</strong></span> <span class='ocrx_word' id='word_1_465' title='bbox 3191 2994 3272 3060; x_wconf 69' lang='lat'><strong>‘7;</strong></span> <span class='ocrx_word' id='word_1_466' title='bbox 3304 3015 3321 3046; x_wconf 74' lang='grc' dir='ltr'><strong>ι</strong></span> <span class='ocrx_word' id='word_1_467' title='bbox 3368 2994 3603 3064; x_wconf 71' lang='lat' dir='ltr'><strong>aliisque</strong></span> 
     </span>
    </p>
   </div>
   <div class='ocr_carea' id='block_1_63' title="bbox 2027 3082 3602 3154">
    <p class='ocr_par' dir='ltr' id='par_1_63' title="bbox 2027 3082 3602 3154">
     <span class='ocr_line' id='line_1_63' title="bbox 2027 3082 3602 3154; baseline 0.003 -17"><span class='ocrx_word' id='word_1_468' title='bbox 2027 3084 2183 3152; x_wconf 78' lang='lat' dir='ltr'><strong>juxta</strong></span> <span class='ocrx_word' id='word_1_469' title='bbox 2234 3083 2566 3154; x_wconf 83' lang='lat' dir='ltr'><strong>exigentiam</strong></span> <span class='ocrx_word' id='word_1_470' title='bbox 2625 3085 2907 3141; x_wconf 77' lang='lat' dir='ltr'><strong>imbuatur</strong></span> <span class='ocrx_word' id='word_1_471' title='bbox 2958 3082 3349 3142; x_wconf 68' lang='lat' dir='ltr'><strong>ecclesiasticis</strong></span> <span class='ocrx_word' id='word_1_472' title='bbox 3415 3102 3602 3142; x_wconf 82' lang='lat' dir='ltr'><strong>sacra-</strong></span> 
     </span>
    </p>
   </div>
   <div class='ocr_carea' id='block_1_64' title="bbox 348 3168 2251 3248">
    <p class='ocr_par' dir='ltr' id='par_1_64' title="bbox 348 3168 2251 3248">
     <span class='ocr_line' id='line_1_64' title="bbox 348 3168 2251 3248; baseline 0.001 -18"><span class='ocrx_word' id='word_1_473' title='bbox 348 3177 505 3248; x_wconf 81' lang='grc' dir='ltr'>ἠμῶν</span> <span class='ocrx_word' id='word_1_474' title='bbox 543 3177 716 3248; x_wconf 81' lang='grc' dir='ltr'>Ἰησοῦ</span> <span class='ocrx_word' id='word_1_475' title='bbox 747 3177 1009 3248; x_wconf 85' lang='grc' dir='ltr'>Χριστοῦ,</span> <span class='ocrx_word' id='word_1_476' title='bbox 1071 3176 1236 3232; x_wconf 85' lang='grc' dir='ltr'>αὑτοῦ</span> <span class='ocrx_word' id='word_1_477' title='bbox 1267 3178 1525 3244; x_wconf 77' lang='grc' dir='ltr'>λέγοντος</span> <span class='ocrx_word' id='word_1_478' title='bbox 1549 3178 1609 3229; x_wconf 68' lang='grc' dir='ltr'><strong>εν</strong></span> <span class='ocrx_word' id='word_1_479' title='bbox 1653 3174 1732 3247; x_wconf 82' lang='grc' dir='ltr'><strong>τῷ</strong></span> <span class='ocrx_word' id='word_1_480' title='bbox 1750 3175 1928 3244; x_wconf 76' lang='grc' dir='ltr'>Εὐαγο</span> <span class='ocrx_word' id='word_1_481' title='bbox 1954 3168 1997 3226; x_wconf 83' lang='lat' dir='ltr'><strong><em>C</em></strong></span> <span class='ocrx_word' id='word_1_482' title='bbox 2031 3177 2251 3231; x_wconf 86' lang='lat' dir='ltr'><strong>mentis.</strong></span> 
     </span>
    </p>
   </div>
   <div class='ocr_carea' id='block_1_65' title="bbox 346 3268 3599 3349">
    <p class='ocr_par' dir='ltr' id='par_1_65' title="bbox 346 3268 3599 3349">
     <span class='ocr_line' id='line_1_65' title="bbox 346 3268 3599 3349; baseline 0.001 -21"><span class='ocrx_word' id='word_1_483' title='bbox 346 3274 533 3346; x_wconf 84' lang='grc' dir='ltr'>γελίῳ,</span> <span class='ocrx_word' id='word_1_484' title='bbox 568 3291 587 3325; x_wconf 84' lang='grc' dir='ltr'><strong>ι</strong></span> <span class='ocrx_word' id='word_1_485' title='bbox 635 3273 699 3330; x_wconf 87' lang='lat'><strong>&#39;0</strong></span> <span class='ocrx_word' id='word_1_486' title='bbox 755 3274 831 3345; x_wconf 83' lang='grc' dir='ltr'>μὴ</span> <span class='ocrx_word' id='word_1_487' title='bbox 876 3274 1104 3346; x_wconf 81' lang='grc' dir='ltr'>τρώγων</span> <span class='ocrx_word' id='word_1_488' title='bbox 1137 3290 1239 3345; x_wconf 90' lang='grc' dir='ltr'><strong>μου</strong></span> <span class='ocrx_word' id='word_1_489' title='bbox 1288 3272 1387 3344; x_wconf 84' lang='grc' dir='ltr'>τὴν</span> <span class='ocrx_word' id='word_1_490' title='bbox 1434 3273 1634 3340; x_wconf 81' lang='grc' dir='ltr'>σάρκα,</span> <span class='ocrx_word' id='word_1_491' title='bbox 1692 3273 1787 3327; x_wconf 79' lang='grc' dir='ltr'>καὶ</span> <span class='ocrx_word' id='word_1_492' title='bbox 1829 3273 1903 3343; x_wconf 84' lang='grc' dir='ltr'>μὴ</span> <span class='ocrx_word' id='word_1_493' title='bbox 1942 3273 2114 3327; x_wconf 86' lang='grc' dir='ltr'>πίνων</span> <span class='ocrx_word' id='word_1_494' title='bbox 2173 3290 2275 3344; x_wconf 90' lang='grc' dir='ltr'><strong>μου</strong></span> <span class='ocrx_word' id='word_1_495' title='bbox 2298 3273 2360 3328; x_wconf 80' lang='grc' dir='ltr'>τὸ</span> <span class='ocrx_word' id='word_1_496' title='bbox 2387 3268 2548 3347; x_wconf 72' lang='grc' dir='ltr'>αἷμα,</span> <span class='ocrx_word' id='word_1_497' title='bbox 2570 3275 2672 3330; x_wconf 81' lang='grc' dir='ltr'>οὐκ</span> <span class='ocrx_word' id='word_1_498' title='bbox 2696 3273 2810 3347; x_wconf 72' lang='grc' dir='ltr'>ἔχει</span> <span class='ocrx_word' id='word_1_499' title='bbox 2840 3276 2987 3349; x_wconf 72' lang='grc' dir='ltr'>ζωὴν</span> <span class='ocrx_word' id='word_1_500' title='bbox 3012 3275 3236 3347; x_wconf 81' lang='grc' dir='ltr'>αἰώνιον</span> <span class='ocrx_word' id='word_1_501' title='bbox 3260 3290 3274 3305; x_wconf 77' lang='grc'><strong><em>⁸</em></strong></span> <span class='ocrx_word' id='word_1_502' title='bbox 3311 3295 3332 3330; x_wconf 66' lang='grc' dir='ltr'><strong>ι</strong></span> <span class='ocrx_word' id='word_1_503' title='bbox 3363 3277 3459 3333; x_wconf 84' lang='grc' dir='ltr'><strong>καί</strong></span> <span class='ocrx_word' id='word_1_504' title='bbox 3487 3275 3599 3331; x_wconf 83' lang='grc' dir='ltr'><strong>τῶν</strong></span> 
     </span>
    </p>
   </div>
   <div class='ocr_carea' id='block_1_66' title="bbox 346 3366 2505 3440">
    <p class='ocr_par' dir='ltr' id='par_1_66' title="bbox 346 3366 2505 3440">
     <span class='ocr_line' id='line_1_66' title="bbox 346 3366 2505 3440; baseline 0.002 -19"><span class='ocrx_word' id='word_1_505' title='bbox 346 3372 524 3428; x_wconf 73' lang='grc' dir='ltr'>ἄλλων</span> <span class='ocrx_word' id='word_1_506' title='bbox 561 3370 761 3440; x_wconf 55' lang='grc' dir='ltr'>ὁμοίως</span> <span class='ocrx_word' id='word_1_507' title='bbox 803 3370 924 3424; x_wconf 76' lang='grc' dir='ltr'>κατ’</span> <span class='ocrx_word' id='word_1_508' title='bbox 955 3368 1280 3423; x_wconf 82' lang='grc' dir='ltr'>ἀκολουθίαν</span> <span class='ocrx_word' id='word_1_509' title='bbox 1307 3367 1617 3422; x_wconf 78' lang='grc' dir='ltr'>ἀπολαῦσαι</span> <span class='ocrx_word' id='word_1_510' title='bbox 1658 3369 1757 3438; x_wconf 77' lang='grc' dir='ltr'>τῆς</span> <span class='ocrx_word' id='word_1_511' title='bbox 1793 3366 2123 3439; x_wconf 80' lang='grc' dir='ltr'>Ἐκκλησίας</span> <span class='ocrx_word' id='word_1_512' title='bbox 2161 3369 2505 3440; x_wconf 86' lang='grc' dir='ltr'>μυστηρίων.</span> 
     </span>
    </p>
   </div>
   <div class='ocr_carea' id='block_1_67' title="bbox 427 3460 1921 3532">
    <p class='ocr_par' dir='ltr' id='par_1_67' title="bbox 427 3460 1921 3532">
     <span class='ocr_line' id='line_1_67' title="bbox 427 3460 1921 3532; baseline -0.003 -14"><span class='ocrx_word' id='word_1_513' title='bbox 427 3464 721 3518; x_wconf 76' lang='grc' dir='ltr'>Ἐπιπλέον</span> <span class='ocrx_word' id='word_1_514' title='bbox 753 3462 833 3529; x_wconf 73' lang='grc' dir='ltr'><strong>δι,</strong></span> <span class='ocrx_word' id='word_1_515' title='bbox 883 3461 1074 3532; x_wconf 64' lang='grc' dir='ltr'>ἐπειδὴ</span> <span class='ocrx_word' id='word_1_516' title='bbox 1124 3461 1306 3532; x_wconf 83' lang='grc' dir='ltr'>μάτην</span> <span class='ocrx_word' id='word_1_517' title='bbox 1346 3460 1496 3514; x_wconf 69' lang='grc' dir='ltr'>ἐστὶν</span> <span class='ocrx_word' id='word_1_518' title='bbox 1523 3460 1651 3514; x_wconf 77' lang='grc' dir='ltr'>ὅσον</span> <span class='ocrx_word' id='word_1_519' title='bbox 1693 3460 1832 3528; x_wconf 73' lang='grc' dir='ltr'>πρὸς</span> <span class='ocrx_word' id='word_1_520' title='bbox 1860 3460 1921 3513; x_wconf 79' lang='grc' dir='ltr'>τὸ</span> 
     </span>
    </p>
   </div>
   <div class='ocr_carea' id='block_1_68' title="bbox 348 3548 1921 3625">
    <p class='ocr_par' dir='ltr' id='par_1_68' title="bbox 348 3548 1921 3625">
     <span class='ocr_line' id='line_1_68' title="bbox 348 3548 1921 3625; baseline -0.004 -15"><span class='ocrx_word' id='word_1_521' title='bbox 348 3555 589 3625; x_wconf 76' lang='grc' dir='ltr'>σωθῆναι</span> <span class='ocrx_word' id='word_1_522' title='bbox 627 3554 687 3607; x_wconf 83' lang='grc' dir='ltr'>τδ</span> <span class='ocrx_word' id='word_1_523' title='bbox 722 3548 863 3609; x_wconf 69' lang='grc' dir='ltr'>εἶναι</span> <span class='ocrx_word' id='word_1_524' title='bbox 903 3554 998 3608; x_wconf 72' lang='grc' dir='ltr'>καὶ</span> <span class='ocrx_word' id='word_1_525' title='bbox 1027 3551 1288 3622; x_wconf 72' lang='grc' dir='ltr'>γενέσθαι</span> <span class='ocrx_word' id='word_1_526' title='bbox 1318 3550 1648 3622; x_wconf 76' lang='grc' dir='ltr'>Χριστιανὸν</span> <span class='ocrx_word' id='word_1_527' title='bbox 1674 3551 1921 3621; x_wconf 83' lang='grc' dir='ltr'>ὀνόματι,</span> 
     </span>
    </p>
   </div>
   <div class='ocr_carea' id='block_1_69' title="bbox 347 3639 1924 3716">
    <p class='ocr_par' dir='ltr' id='par_1_69' title="bbox 347 3639 1924 3716">
     <span class='ocr_line' id='line_1_69' title="bbox 347 3639 1924 3716; baseline -0.003 -17"><span class='ocrx_word' id='word_1_528' title='bbox 347 3646 445 3700; x_wconf 75' lang='grc' dir='ltr'>καὶ</span> <span class='ocrx_word' id='word_1_529' title='bbox 479 3644 554 3716; x_wconf 75' lang='grc' dir='ltr'>μὴ</span> <span class='ocrx_word' id='word_1_530' title='bbox 583 3642 767 3715; x_wconf 70' lang='grc' dir='ltr'>ἔργοις</span> <span class='ocrx_word' id='word_1_531' title='bbox 807 3641 1058 3696; x_wconf 72' lang='grc' dir='ltr'>ἵστασθαι</span> <span class='ocrx_word' id='word_1_532' title='bbox 1103 3658 1165 3695; x_wconf 82' lang='grc' dir='ltr'><strong>τε</strong></span> <span class='ocrx_word' id='word_1_533' title='bbox 1195 3643 1256 3699; x_wconf 67' lang='grc' dir='ltr'>ἐν</span> <span class='ocrx_word' id='word_1_534' title='bbox 1286 3644 1353 3712; x_wconf 74' lang='grc' dir='ltr'>τῇ</span> <span class='ocrx_word' id='word_1_535' title='bbox 1385 3640 1515 3711; x_wconf 79' lang='grc' dir='ltr'>ὀδῷ,</span> <span class='ocrx_word' id='word_1_536' title='bbox 1556 3640 1653 3697; x_wconf 74' lang='grc' dir='ltr'>καὶ</span> <span class='ocrx_word' id='word_1_537' title='bbox 1682 3639 1760 3711; x_wconf 80' lang='grc' dir='ltr'>μὴ</span> <span class='ocrx_word' id='word_1_538' title='bbox 1786 3657 1924 3694; x_wconf 89' lang='grc' dir='ltr'>κατ-</span> 
     </span>
    </p>
   </div>
   <div class='ocr_carea' id='block_1_70' title="bbox 347 3732 1925 3807">
    <p class='ocr_par' dir='ltr' id='par_1_70' title="bbox 347 3732 1925 3807">
     <span class='ocr_line' id='line_1_70' title="bbox 347 3732 1925 3807; baseline -0.003 -15"><span class='ocrx_word' id='word_1_539' title='bbox 347 3738 594 3795; x_wconf 82' lang='grc' dir='ltr'>ευθύνειν</span> <span class='ocrx_word' id='word_1_540' title='bbox 613 3737 683 3792; x_wconf 76' lang='grc' dir='ltr'><strong>τὰ</strong></span> <span class='ocrx_word' id='word_1_541' title='bbox 721 3738 830 3793; x_wconf 85' lang='grc' dir='ltr'>ῐδια</span> <span class='ocrx_word' id='word_1_542' title='bbox 859 3737 1174 3807; x_wconf 77' lang='grc' dir='ltr'>διαδήματα</span> <span class='ocrx_word' id='word_1_543' title='bbox 1209 3735 1290 3801; x_wconf 83' lang='grc' dir='ltr'><strong>εἰς</strong></span> <span class='ocrx_word' id='word_1_544' title='bbox 1316 3735 1378 3790; x_wconf 82' lang='grc' dir='ltr'>τδ</span> <span class='ocrx_word' id='word_1_545' title='bbox 1410 3734 1615 3806; x_wconf 78' lang='grc' dir='ltr'>πέρας,</span> <span class='ocrx_word' id='word_1_546' title='bbox 1646 3734 1736 3789; x_wconf 80' lang='grc' dir='ltr'><strong>διὰ</strong></span> <span class='ocrx_word' id='word_1_547' title='bbox 1763 3732 1925 3788; x_wconf 87' lang='grc' dir='ltr'>τοῦτο</span> 
     </span>
    </p>
   </div>
   <div class='ocr_carea' id='block_1_71' title="bbox 343 3826 1925 3897">
    <p class='ocr_par' dir='ltr' id='par_1_71' title="bbox 343 3826 1925 3897">
     <span class='ocr_line' id='line_1_71' title="bbox 343 3826 1925 3897; baseline -0.003 -15"><span class='ocrx_word' id='word_1_548' title='bbox 343 3831 424 3893; x_wconf 83' lang='grc' dir='ltr'>ὡς</span> <span class='ocrx_word' id='word_1_549' title='bbox 450 3830 792 3892; x_wconf 78' lang='grc' dir='ltr'>τελειότατος</span> <span class='ocrx_word' id='word_1_550' title='bbox 821 3830 985 3897; x_wconf 89' lang='grc' dir='ltr'>νόμος</span> <span class='ocrx_word' id='word_1_551' title='bbox 1004 3828 1078 3882; x_wconf 84' lang='grc' dir='ltr'><strong>’τὸ</strong></span> <span class='ocrx_word' id='word_1_552' title='bbox 1112 3826 1270 3897; x_wconf 66' lang='grc' dir='ltr'>ἅγιον</span> <span class='ocrx_word' id='word_1_553' title='bbox 1302 3826 1639 3896; x_wconf 68' lang='grc' dir='ltr'>Εὑαγγὲλιον</span> <span class='ocrx_word' id='word_1_554' title='bbox 1670 3826 1729 3879; x_wconf 84' lang='grc' dir='ltr'><strong>ού</strong></span> <span class='ocrx_word' id='word_1_555' title='bbox 1762 3826 1925 3894; x_wconf 84' lang='grc' dir='ltr'>μόνον</span> 
     </span>
    </p>
   </div>
   <div class='ocr_carea' id='block_1_72' title="bbox 345 3919 1926 3992">
    <p class='ocr_par' dir='ltr' id='par_1_72' title="bbox 345 3919 1926 3992">
     <span class='ocr_line' id='line_1_72' title="bbox 345 3919 1926 3992; baseline -0.001 -17"><span class='ocrx_word' id='word_1_556' title='bbox 345 3922 616 3976; x_wconf 82' lang='grc' dir='ltr'>δείκνυσιν</span> <span class='ocrx_word' id='word_1_557' title='bbox 639 3923 773 3992; x_wconf 80' lang='grc' dir='ltr'>ἡμῖν</span> <span class='ocrx_word' id='word_1_558' title='bbox 802 3921 902 3992; x_wconf 76' lang='grc' dir='ltr'>τὴν</span> <span class='ocrx_word' id='word_1_559' title='bbox 925 3921 1043 3975; x_wconf 81' lang='grc' dir='ltr'><strong>ὁδὸν</strong></span> <span class='ocrx_word' id='word_1_560' title='bbox 1072 3921 1161 3975; x_wconf 80' lang='grc' dir='ltr'><strong>διὰ</strong></span> <span class='ocrx_word' id='word_1_561' title='bbox 1182 3921 1283 3990; x_wconf 87' lang='grc' dir='ltr'>τῆς</span> <span class='ocrx_word' id='word_1_562' title='bbox 1308 3921 1565 3982; x_wconf 82' lang='grc' dir='ltr'>πίστεως,</span> <span class='ocrx_word' id='word_1_563' title='bbox 1595 3919 1691 3973; x_wconf 69' lang='grc' dir='ltr'>καὶ</span> <span class='ocrx_word' id='word_1_564' title='bbox 1712 3919 1926 3989; x_wconf 85' lang='grc' dir='ltr'>τίθησιν</span> 
     </span>
    </p>
   </div>
   <div class='ocr_carea' id='block_1_73' title="bbox 346 4009 1926 4083">
    <p class='ocr_par' dir='ltr' id='par_1_73' title="bbox 346 4009 1926 4083">
     <span class='ocr_line' id='line_1_73' title="bbox 346 4009 1926 4083; baseline -0.006 -14"><span class='ocrx_word' id='word_1_565' title='bbox 346 4015 494 4083; x_wconf 78' lang='grc' dir='ltr'>ἡμᾶς</span> <span class='ocrx_word' id='word_1_566' title='bbox 529 4016 587 4067; x_wconf 72' lang='grc' dir='ltr'>ὲν</span> <span class='ocrx_word' id='word_1_567' title='bbox 635 4013 774 4081; x_wconf 81' lang='grc' dir='ltr'>αὐτῇ</span> <span class='ocrx_word' id='word_1_568' title='bbox 826 4012 918 4065; x_wconf 81' lang='grc' dir='ltr'><strong>διὰ</strong></span> <span class='ocrx_word' id='word_1_569' title='bbox 962 4011 1073 4065; x_wconf 86' lang='grc' dir='ltr'><strong>τῶν</strong></span> <span class='ocrx_word' id='word_1_570' title='bbox 1114 4012 1474 4083; x_wconf 86' lang='grc' dir='ltr'>μυστηρίων,</span> <span class='ocrx_word' id='word_1_571' title='bbox 1527 4010 1644 4065; x_wconf 87' lang='grc' dir='ltr'>ἀλλ’</span> <span class='ocrx_word' id='word_1_572' title='bbox 1694 4009 1776 4063; x_wconf 71' lang='grc' dir='ltr'>ἔτι</span> <span class='ocrx_word' id='word_1_573' title='bbox 1831 4009 1926 4063; x_wconf 75' lang='grc' dir='ltr'>καὶ</span> 
     </span>
    </p>
   </div>
   <div class='ocr_carea' id='block_1_74' title="bbox 347 4101 1924 4176">
    <p class='ocr_par' dir='ltr' id='par_1_74' title="bbox 347 4101 1924 4176">
     <span class='ocr_line' id='line_1_74' title="bbox 347 4101 1924 4176; baseline -0.004 -16"><span class='ocrx_word' id='word_1_574' title='bbox 347 4106 523 4176; x_wconf 80' lang='grc' dir='ltr'>ὀρθῶς</span> <span class='ocrx_word' id='word_1_575' title='bbox 576 4104 673 4161; x_wconf 71' lang='grc' dir='ltr'>καὶ</span> <span class='ocrx_word' id='word_1_576' title='bbox 732 4103 930 4175; x_wconf 71' lang='grc' dir='ltr'>ῥᾳδίως</span> <span class='ocrx_word' id='word_1_577' title='bbox 963 4104 1261 4157; x_wconf 80' lang='grc' dir='ltr'>ἀπευθύνει</span> <span class='ocrx_word' id='word_1_578' title='bbox 1309 4105 1459 4174; x_wconf 71' lang='grc' dir='ltr'>ἡμᾶς</span> <span class='ocrx_word' id='word_1_579' title='bbox 1497 4105 1578 4165; x_wconf 88' lang='grc' dir='ltr'><strong>εἰς</strong></span> <span class='ocrx_word' id='word_1_580' title='bbox 1614 4102 1675 4155; x_wconf 91' lang='grc' dir='ltr'>τδ</span> <span class='ocrx_word' id='word_1_581' title='bbox 1712 4101 1924 4170; x_wconf 71' lang='grc' dir='ltr'>πέρας,</span> 
     </span>
    </p>
   </div>
   <div class='ocr_carea' id='block_1_75' title="bbox 297 4193 1922 4267">
    <p class='ocr_par' dir='ltr' id='par_1_75' title="bbox 297 4193 1922 4267">
     <span class='ocr_line' id='line_1_75' title="bbox 297 4193 1922 4267; baseline -0.002 -20"><span class='ocrx_word' id='word_1_582' title='bbox 297 4259 309 4265; x_wconf 18' lang='grc' dir='ltr'>ᾗ</span> <span class='ocrx_word' id='word_1_583' title='bbox 346 4196 522 4261; x_wconf 73' lang='grc' dir='ltr'>ὀρθῶς</span> <span class='ocrx_word' id='word_1_584' title='bbox 555 4196 654 4267; x_wconf 72' lang='grc' dir='ltr'>μὲν</span> <span class='ocrx_word' id='word_1_585' title='bbox 682 4195 772 4248; x_wconf 76' lang='grc' dir='ltr'><strong>διὰ</strong></span> <span class='ocrx_word' id='word_1_586' title='bbox 796 4193 906 4246; x_wconf 89' lang='grc' dir='ltr'><strong>τῶν</strong></span> <span class='ocrx_word' id='word_1_587' title='bbox 926 4193 1155 4247; x_wconf 71' lang='grc' dir='ltr'>ἰντολῶν</span> <span class='ocrx_word' id='word_1_588' title='bbox 1183 4194 1277 4247; x_wconf 78' lang='grc' dir='ltr'>καὶ</span> <span class='ocrx_word' id='word_1_589' title='bbox 1307 4194 1413 4246; x_wconf 86' lang='grc' dir='ltr'><strong>τῶν</strong></span> <span class='ocrx_word' id='word_1_590' title='bbox 1448 4195 1686 4263; x_wconf 82' lang='grc' dir='ltr'>ἀρετων,</span> <span class='ocrx_word' id='word_1_591' title='bbox 1727 4193 1922 4263; x_wconf 71' lang='grc' dir='ltr'>ῥᾳδίως</span> 
     </span>
    </p>
   </div>
   <div class='ocr_carea' id='block_1_76' title="bbox 347 4281 1924 4355">
    <p class='ocr_par' dir='ltr' id='par_1_76' title="bbox 347 4281 1924 4355">
     <span class='ocr_line' id='line_1_76' title="bbox 347 4281 1924 4355; baseline -0.002 -15"><span class='ocrx_word' id='word_1_592' title='bbox 347 4286 405 4341; x_wconf 77' lang='grc' dir='ltr'><strong>δὲ</strong></span> <span class='ocrx_word' id='word_1_593' title='bbox 434 4287 525 4340; x_wconf 73' lang='grc' dir='ltr'><strong>διὰ</strong></span> <span class='ocrx_word' id='word_1_594' title='bbox 571 4287 683 4339; x_wconf 85' lang='grc' dir='ltr'><strong>τῶν</strong></span> <span class='ocrx_word' id='word_1_595' title='bbox 733 4283 1088 4355; x_wconf 77' lang='grc' dir='ltr'>συμὸουλῶνο</span> <span class='ocrx_word' id='word_1_596' title='bbox 1115 4282 1290 4345; x_wconf 69' lang='grc' dir='ltr'>οὐδεὶς</span> <span class='ocrx_word' id='word_1_597' title='bbox 1324 4283 1437 4353; x_wconf 76' lang='grc' dir='ltr'>γὰρ</span> <span class='ocrx_word' id='word_1_598' title='bbox 1482 4282 1646 4353; x_wconf 89' lang='grc' dir='ltr'>νόμος</span> <span class='ocrx_word' id='word_1_599' title='bbox 1695 4283 1844 4337; x_wconf 74' lang='grc' dir='ltr'>ἐστὶν</span> <span class='ocrx_word' id='word_1_600' title='bbox 1890 4281 1924 4353; x_wconf 80' lang='grc' dir='ltr'>ἢ</span> 
     </span>
    </p>
   </div>
   <div class='ocr_carea' id='block_1_77' title="bbox 347 4373 1927 4446">
    <p class='ocr_par' dir='ltr' id='par_1_77' title="bbox 347 4373 1927 4446">
     <span class='ocr_line' id='line_1_77' title="bbox 347 4373 1927 4446; baseline -0.001 -17"><span class='ocrx_word' id='word_1_601' title='bbox 347 4377 539 4446; x_wconf 70' lang='grc' dir='ltr'>γέγονέ</span> <span class='ocrx_word' id='word_1_602' title='bbox 588 4394 741 4441; x_wconf 81' lang='grc' dir='ltr'>ποτε,</span> <span class='ocrx_word' id='word_1_603' title='bbox 802 4378 949 4438; x_wconf 73' lang='grc' dir='ltr'>ὅστις</span> <span class='ocrx_word' id='word_1_604' title='bbox 981 4373 1125 4428; x_wconf 78' lang='grc' dir='ltr'>οὕτω</span> <span class='ocrx_word' id='word_1_605' title='bbox 1181 4373 1514 4446; x_wconf 75' lang='grc' dir='ltr'>προρρίζους</span> <span class='ocrx_word' id='word_1_606' title='bbox 1576 4375 1793 4445; x_wconf 76' lang='grc' dir='ltr'>ὲκριζοῖ</span> <span class='ocrx_word' id='word_1_607' title='bbox 1824 4374 1927 4438; x_wconf 79' lang='grc' dir='ltr'>τὰς</span> 
     </span>
    </p>
   </div>
   <div class='ocr_carea' id='block_1_78' title="bbox 347 4463 1927 4538">
    <p class='ocr_par' dir='ltr' id='par_1_78' title="bbox 347 4463 1927 4538">
     <span class='ocr_line' id='line_1_78' title="bbox 347 4463 1927 4538; baseline -0.001 -17"><span class='ocrx_word' id='word_1_608' title='bbox 347 4468 572 4532; x_wconf 82' lang='grc' dir='ltr'>κακίας,</span> <span class='ocrx_word' id='word_1_609' title='bbox 599 4465 744 4521; x_wconf 73' lang='grc' dir='ltr'>οὕτω</span> <span class='ocrx_word' id='word_1_610' title='bbox 776 4465 986 4538; x_wconf 77' lang='grc' dir='ltr'>βαθέως</span> <span class='ocrx_word' id='word_1_611' title='bbox 1015 4463 1360 4535; x_wconf 68' lang='grc' dir='ltr'>ἐγκεντρίξει</span> <span class='ocrx_word' id='word_1_612' title='bbox 1390 4465 1490 4528; x_wconf 71' lang='grc' dir='ltr'><strong>τὰς</strong></span> <span class='ocrx_word' id='word_1_613' title='bbox 1524 4465 1745 4536; x_wconf 81' lang='grc' dir='ltr'>ἀρετὰς,</span> <span class='ocrx_word' id='word_1_614' title='bbox 1781 4464 1927 4520; x_wconf 75' lang='grc' dir='ltr'>οὕτω</span> 
     </span>
    </p>
   </div>
   <div class='ocr_carea' id='block_1_79' title="bbox 347 4550 1926 4628">
    <p class='ocr_par' dir='ltr' id='par_1_79' title="bbox 347 4550 1926 4628">
     <span class='ocr_line' id='line_1_79' title="bbox 347 4550 1926 4628; baseline 0.001 -16"><span class='ocrx_word' id='word_1_615' title='bbox 347 4550 613 4626; x_wconf 77' lang='grc' dir='ltr'>γενναίως</span> <span class='ocrx_word' id='word_1_616' title='bbox 653 4559 755 4623; x_wconf 77' lang='grc' dir='ltr'>τὰς</span> <span class='ocrx_word' id='word_1_617' title='bbox 803 4558 956 4621; x_wconf 91' lang='grc' dir='ltr'>θείας</span> <span class='ocrx_word' id='word_1_618' title='bbox 999 4557 1431 4628; x_wconf 70' lang='grc' dir='ltr'>ὲπεξεργάζεται</span> <span class='ocrx_word' id='word_1_619' title='bbox 1475 4558 1719 4623; x_wconf 69' lang='grc' dir='ltr'>ἐντολὰς,</span> <span class='ocrx_word' id='word_1_620' title='bbox 1749 4558 1926 4621; x_wconf 78' lang='grc' dir='ltr'>οὕτως</span> 
     </span>
    </p>
   </div>
   <div class='ocr_carea' id='block_1_80' title="bbox 2091 3460 3601 3536">
    <p class='ocr_par' dir='ltr' id='par_1_80' title="bbox 2091 3460 3601 3536">
     <span class='ocr_line' id='line_1_80' title="bbox 2091 3460 3601 3536; baseline 0.004 -19"><span class='ocrx_word' id='word_1_621' title='bbox 2091 3460 2357 3524; x_wconf 88' lang='lat' dir='ltr'><strong>Ulterius.</strong></span> <span class='ocrx_word' id='word_1_622' title='bbox 2383 3465 2512 3533; x_wconf 89' lang='lat' dir='ltr'><strong>quia</strong></span> <span class='ocrx_word' id='word_1_623' title='bbox 2542 3463 2745 3520; x_wconf 75' lang='lat' dir='ltr'><strong>frustra</strong></span> <span class='ocrx_word' id='word_1_624' title='bbox 2776 3472 2881 3531; x_wconf 86' lang='lat' dir='ltr'><strong>est,</strong></span> <span class='ocrx_word' id='word_1_625' title='bbox 2936 3464 3117 3536; x_wconf 89' lang='lat' dir='ltr'><strong>quoad</strong></span> <span class='ocrx_word' id='word_1_626' title='bbox 3176 3465 3432 3534; x_wconf 78' lang='lat' dir='ltr'><strong>salutem,</strong></span> <span class='ocrx_word' id='word_1_627' title='bbox 3479 3465 3601 3524; x_wconf 77' lang='lat' dir='ltr'><strong>fieri</strong></span> 
     </span>
    </p>
   </div>
   <div class='ocr_carea' id='block_1_81' title="bbox 2027 3550 3599 3626">
    <p class='ocr_par' dir='ltr' id='par_1_81' title="bbox 2027 3550 3599 3626">
     <span class='ocr_line' id='line_1_81' title="bbox 2027 3550 3599 3626; baseline 0.005 -21"><span class='ocrx_word' id='word_1_628' title='bbox 2027 3558 2084 3606; x_wconf 90' lang='lat' dir='ltr'><strong>et</strong></span> <span class='ocrx_word' id='word_1_629' title='bbox 2112 3565 2236 3608; x_wconf 86' lang='lat' dir='ltr'><strong>esse</strong></span> <span class='ocrx_word' id='word_1_630' title='bbox 2252 3552 2629 3609; x_wconf 88' lang='lat' dir='ltr'><strong>Christianum</strong></span> <span class='ocrx_word' id='word_1_631' title='bbox 2664 3555 2912 3619; x_wconf 87' lang='lat' dir='ltr'><strong>nomine,</strong></span> <span class='ocrx_word' id='word_1_632' title='bbox 2951 3564 3011 3610; x_wconf 91' lang='lat' dir='ltr'><strong>et</strong></span> <span class='ocrx_word' id='word_1_633' title='bbox 3038 3550 3305 3626; x_wconf 81' lang='lat' dir='ltr'><strong>operibus</strong></span> <span class='ocrx_word' id='word_1_634' title='bbox 3357 3567 3500 3613; x_wconf 88' lang='lat' dir='ltr'><strong>stare</strong></span> <span class='ocrx_word' id='word_1_635' title='bbox 3542 3557 3599 3612; x_wconf 91' lang='lat' dir='ltr'><strong>in</strong></span> 
     </span>
    </p>
   </div>
   <div class='ocr_carea' id='block_1_82' title="bbox 2025 3642 3603 3718">
    <p class='ocr_par' dir='ltr' id='par_1_82' title="bbox 2025 3642 3603 3718">
     <span class='ocr_line' id='line_1_82' title="bbox 2025 3642 3603 3718; baseline 0.005 -20"><span class='ocrx_word' id='word_1_636' title='bbox 2025 3642 2132 3709; x_wconf 89' lang='lat' dir='ltr'><strong>via,</strong></span> <span class='ocrx_word' id='word_1_637' title='bbox 2151 3651 2209 3699; x_wconf 88' lang='lat' dir='ltr'><strong>et</strong></span> <span class='ocrx_word' id='word_1_638' title='bbox 2236 3659 2346 3700; x_wconf 88' lang='lat' dir='ltr'><strong>non</strong></span> <span class='ocrx_word' id='word_1_639' title='bbox 2366 3645 2601 3717; x_wconf 79' lang='lat' dir='ltr'><strong>dirigere</strong></span> <span class='ocrx_word' id='word_1_640' title='bbox 2622 3661 2752 3704; x_wconf 85' lang='lat' dir='ltr'><strong>suos</strong></span> <span class='ocrx_word' id='word_1_641' title='bbox 2776 3662 2994 3718; x_wconf 81' lang='lat' dir='ltr'><strong>gressus</strong></span> <span class='ocrx_word' id='word_1_642' title='bbox 3021 3647 3076 3703; x_wconf 91' lang='lat' dir='ltr'><strong>in</strong></span> <span class='ocrx_word' id='word_1_643' title='bbox 3098 3651 3390 3705; x_wconf 85' lang='lat' dir='ltr'><strong>terminum</strong></span> <span class='ocrx_word' id='word_1_644' title='bbox 3419 3649 3603 3718; x_wconf 76' lang='lat' dir='ltr'><strong>;ideo.</strong></span> 
     </span>
    </p>
   </div>
   <div class='ocr_carea' id='block_1_83' title="bbox 2024 3733 3598 3812">
    <p class='ocr_par' dir='ltr' id='par_1_83' title="bbox 2024 3733 3598 3812">
     <span class='ocr_line' id='line_1_83' title="bbox 2024 3733 3598 3812; baseline 0.004 -25"><span class='ocrx_word' id='word_1_645' title='bbox 2024 3740 2086 3787; x_wconf 87' lang='lat' dir='ltr'><strong>ut</strong></span> <span class='ocrx_word' id='word_1_646' title='bbox 2141 3733 2540 3803; x_wconf 81' lang='lat' dir='ltr'><strong>perfectissima</strong></span> <span class='ocrx_word' id='word_1_647' title='bbox 2601 3738 2711 3803; x_wconf 66' lang='grc' dir='ltr'><strong>ιω,</strong></span> <span class='ocrx_word' id='word_1_648' title='bbox 2762 3748 3011 3794; x_wconf 84' lang='lat' dir='ltr'><strong>sanctum</strong></span> <span class='ocrx_word' id='word_1_649' title='bbox 3060 3738 3441 3812; x_wconf 83' lang='lat' dir='ltr'><strong>Evangelium,</strong></span> <span class='ocrx_word' id='word_1_650' title='bbox 3486 3757 3598 3797; x_wconf 89' lang='lat' dir='ltr'><strong>non</strong></span> 
     </span>
    </p>
   </div>
   <div class='ocr_carea' id='block_1_84' title="bbox 2027 3827 3602 3902">
    <p class='ocr_par' dir='ltr' id='par_1_84' title="bbox 2027 3827 3602 3902">
     <span class='ocr_line' id='line_1_84' title="bbox 2027 3827 3602 3902; baseline 0.003 -20"><span class='ocrx_word' id='word_1_651' title='bbox 2027 3827 2203 3883; x_wconf 89' lang='lat' dir='ltr'><strong>solum</strong></span> <span class='ocrx_word' id='word_1_652' title='bbox 2229 3831 2472 3885; x_wconf 90' lang='lat' dir='ltr'><strong>ostendit</strong></span> <span class='ocrx_word' id='word_1_653' title='bbox 2499 3831 2657 3887; x_wconf 85' lang='lat' dir='ltr'><strong>nobis</strong></span> <span class='ocrx_word' id='word_1_654' title='bbox 2682 3832 2827 3887; x_wconf 87' lang='lat' dir='ltr'><strong>viam</strong></span> <span class='ocrx_word' id='word_1_655' title='bbox 2863 3847 2960 3900; x_wconf 85' lang='lat' dir='ltr'><strong>per</strong></span> <span class='ocrx_word' id='word_1_656' title='bbox 2995 3831 3177 3900; x_wconf 78' lang='lat' dir='ltr'><strong>ﬁdem,</strong></span> <span class='ocrx_word' id='word_1_657' title='bbox 3200 3835 3476 3902; x_wconf 17' lang='lat' dir='ltr'><strong>ponitque,</strong></span> <span class='ocrx_word' id='word_1_658' title='bbox 3496 3848 3602 3887; x_wconf 84' lang='lat' dir='ltr'><strong>nos</strong></span> 
     </span>
    </p>
   </div>
   <div class='ocr_carea' id='block_1_85' title="bbox 2028 3919 3602 3989">
    <p class='ocr_par' dir='ltr' id='par_1_85' title="bbox 2028 3919 3602 3989">
     <span class='ocr_line' id='line_1_85' title="bbox 2028 3919 3602 3989; baseline 0.001 -16"><span class='ocrx_word' id='word_1_659' title='bbox 2028 3919 2085 3975; x_wconf 92' lang='lat' dir='ltr'><strong>in</strong></span> <span class='ocrx_word' id='word_1_660' title='bbox 2111 3919 2305 3975; x_wconf 81' lang='lat' dir='ltr'><strong>eadem</strong></span> <span class='ocrx_word' id='word_1_661' title='bbox 2330 3936 2427 3989; x_wconf 88' lang='lat' dir='ltr'><strong>per</strong></span> <span class='ocrx_word' id='word_1_662' title='bbox 2454 3931 2822 3985; x_wconf 86' lang='lat' dir='ltr'><strong>sacramenta.</strong></span> <span class='ocrx_word' id='word_1_663' title='bbox 2859 3919 2953 3977; x_wconf 85' lang='lat' dir='ltr'><strong>sed</strong></span> <span class='ocrx_word' id='word_1_664' title='bbox 2986 3921 3154 3977; x_wconf 90' lang='lat' dir='ltr'><strong>etiam</strong></span> <span class='ocrx_word' id='word_1_665' title='bbox 3193 3933 3342 3977; x_wconf 84' lang='lat' dir='ltr'><strong>recte</strong></span> <span class='ocrx_word' id='word_1_666' title='bbox 3386 3933 3443 3977; x_wconf 86' lang='lat' dir='ltr'><strong>et</strong></span> <span class='ocrx_word' id='word_1_667' title='bbox 3467 3922 3602 3977; x_wconf 79' lang='lat' dir='ltr'><strong>faci-</strong></span> 
     </span>
    </p>
   </div>
   <div class='ocr_carea' id='block_1_86' title="bbox 2025 4010 3617 4091">
    <p class='ocr_par' dir='ltr' id='par_1_86' title="bbox 2025 4010 3617 4091">
     <span class='ocr_line' id='line_1_86' title="bbox 2025 4010 3617 4091; baseline -0.001 -26"><span class='ocrx_word' id='word_1_668' title='bbox 2025 4010 2154 4066; x_wconf 86' lang='lat' dir='ltr'><strong>liter</strong></span> <span class='ocrx_word' id='word_1_669' title='bbox 2184 4010 2370 4081; x_wconf 82' lang='lat' dir='ltr'><strong>dirigit</strong></span> <span class='ocrx_word' id='word_1_670' title='bbox 2419 4025 2520 4065; x_wconf 89' lang='lat' dir='ltr'><strong>nos</strong></span> <span class='ocrx_word' id='word_1_671' title='bbox 2560 4013 2615 4065; x_wconf 90' lang='lat' dir='ltr'><strong>in</strong></span> <span class='ocrx_word' id='word_1_672' title='bbox 2642 4012 2948 4066; x_wconf 77' lang='lat' dir='ltr'><strong>terminum</strong></span> <span class='ocrx_word' id='word_1_673' title='bbox 2994 4028 3009 4064; x_wconf 75' lang='grc' dir='ltr'>ε</span> <span class='ocrx_word' id='word_1_674' title='bbox 3042 4020 3192 4066; x_wconf 87' lang='lat' dir='ltr'><strong>recte</strong></span> <span class='ocrx_word' id='word_1_675' title='bbox 3220 4011 3467 4082; x_wconf 89' lang='lat' dir='ltr'><strong>quidem,</strong></span> <span class='ocrx_word' id='word_1_676' title='bbox 3500 4026 3617 4091; x_wconf 28' lang='lat' dir='ltr'><strong>per,</strong></span> 
     </span>
    </p>
   </div>
   <div class='ocr_carea' id='block_1_87' title="bbox 2028 4103 3602 4173">
    <p class='ocr_par' dir='ltr' id='par_1_87' title="bbox 2028 4103 3602 4173">
     <span class='ocr_line' id='line_1_87' title="bbox 2028 4103 3602 4173; baseline 0.001 -17"><span class='ocrx_word' id='word_1_677' title='bbox 2028 4111 2297 4170; x_wconf 73' lang='lat' dir='ltr'><strong>praecepta</strong></span> <span class='ocrx_word' id='word_1_678' title='bbox 2324 4111 2384 4156; x_wconf 89' lang='lat' dir='ltr'><strong>et</strong></span> <span class='ocrx_word' id='word_1_679' title='bbox 2426 4103 2661 4157; x_wconf 83' lang='lat' dir='ltr'><strong>virtutes</strong></span> <span class='ocrx_word' id='word_1_680' title='bbox 2691 4120 2707 4169; x_wconf 90' lang='lat'><strong>;</strong></span> <span class='ocrx_word' id='word_1_681' title='bbox 2740 4103 2978 4160; x_wconf 74' lang='lat' dir='ltr'><strong>faciliter</strong></span> <span class='ocrx_word' id='word_1_682' title='bbox 3033 4113 3241 4171; x_wconf 77' lang='lat' dir='ltr'><strong>autem,</strong></span> <span class='ocrx_word' id='word_1_683' title='bbox 3284 4119 3382 4173; x_wconf 89' lang='lat' dir='ltr'><strong>per</strong></span> <span class='ocrx_word' id='word_1_684' title='bbox 3414 4104 3602 4159; x_wconf 81' lang='lat' dir='ltr'><strong>consi-</strong></span> 
     </span>
    </p>
   </div>
   <div class='ocr_carea' id='block_1_88' title="bbox 2027 4191 3604 4265">
    <p class='ocr_par' dir='ltr' id='par_1_88' title="bbox 2027 4191 3604 4265">
     <span class='ocr_line' id='line_1_88' title="bbox 2027 4191 3604 4265; baseline 0.003 -19"><span class='ocrx_word' id='word_1_685' title='bbox 2027 4192 2135 4263; x_wconf 33' lang='lat' dir='ltr'><strong>lia”</strong></span> <span class='ocrx_word' id='word_1_686' title='bbox 2158 4192 2317 4248; x_wconf 88' lang='lat' dir='ltr'><strong>Nulla</strong></span> <span class='ocrx_word' id='word_1_687' title='bbox 2337 4193 2539 4247; x_wconf 87' lang='lat' dir='ltr'><strong>etenim</strong></span> <span class='ocrx_word' id='word_1_688' title='bbox 2567 4202 2671 4258; x_wconf 88' lang='lat' dir='ltr'><strong>est,</strong></span> <span class='ocrx_word' id='word_1_689' title='bbox 2692 4202 2791 4249; x_wconf 78' lang='lat' dir='ltr'><strong>aut</strong></span> <span class='ocrx_word' id='word_1_690' title='bbox 2819 4209 3059 4264; x_wconf 83' lang='lat' dir='ltr'><strong>unquam</strong></span> <span class='ocrx_word' id='word_1_691' title='bbox 3086 4191 3189 4250; x_wconf 88' lang='lat' dir='ltr'><strong>fuit</strong></span> <span class='ocrx_word' id='word_1_692' title='bbox 3212 4194 3321 4257; x_wconf 77' lang='lat' dir='ltr'><strong>lex,</strong></span> <span class='ocrx_word' id='word_1_693' title='bbox 3345 4208 3465 4265; x_wconf 71' lang='lat' dir='ltr'><strong>qua:</strong></span> <span class='ocrx_word' id='word_1_694' title='bbox 3488 4205 3604 4251; x_wconf 84' lang='lat' dir='ltr'><strong>tam</strong></span> 
     </span>
    </p>
   </div>
   <div class='ocr_carea' id='block_1_89' title="bbox 2030 4282 3605 4356">
    <p class='ocr_par' dir='ltr' id='par_1_89' title="bbox 2030 4282 3605 4356">
     <span class='ocr_line' id='line_1_89' title="bbox 2030 4282 3605 4356; baseline 0.001 -20"><span class='ocrx_word' id='word_1_695' title='bbox 2030 4282 2296 4339; x_wconf 83' lang='lat' dir='ltr'><strong>radicitus</strong></span> <span class='ocrx_word' id='word_1_696' title='bbox 2318 4284 2651 4354; x_wconf 80' lang='lat' dir='ltr'><strong>exstirparet</strong></span> <span class='ocrx_word' id='word_1_697' title='bbox 2680 4285 2840 4352; x_wconf 87' lang='lat' dir='ltr'><strong>vitia,</strong></span> <span class='ocrx_word' id='word_1_698' title='bbox 2871 4295 2981 4341; x_wconf 89' lang='lat' dir='ltr'><strong>tam</strong></span> <span class='ocrx_word' id='word_1_699' title='bbox 3033 4286 3307 4356; x_wconf 88' lang='lat' dir='ltr'><strong>profunde</strong></span> <span class='ocrx_word' id='word_1_700' title='bbox 3333 4286 3605 4341; x_wconf 85' lang='lat' dir='ltr'><strong>insereret</strong></span> 
     </span>
    </p>
   </div>
   <div class='ocr_carea' id='block_1_90' title="bbox 2028 4373 3602 4446">
    <p class='ocr_par' dir='ltr' id='par_1_90' title="bbox 2028 4373 3602 4446">
     <span class='ocr_line' id='line_1_90' title="bbox 2028 4373 3602 4446; baseline 0.001 -19"><span class='ocrx_word' id='word_1_701' title='bbox 2028 4373 2290 4436; x_wconf 80' lang='lat' dir='ltr'><strong>virtutes,</strong></span> <span class='ocrx_word' id='word_1_702' title='bbox 2329 4382 2442 4430; x_wconf 81' lang='lat' dir='ltr'><strong>tam</strong></span> <span class='ocrx_word' id='word_1_703' title='bbox 2471 4374 2643 4430; x_wconf 84' lang='lat' dir='ltr'><strong>ardue</strong></span> <span class='ocrx_word' id='word_1_704' title='bbox 2671 4374 2860 4431; x_wconf 86' lang='lat' dir='ltr'><strong>divina</strong></span> <span class='ocrx_word' id='word_1_705' title='bbox 2903 4385 3300 4446; x_wconf 74' lang='lat' dir='ltr'><strong>exsequeretur</strong></span> <span class='ocrx_word' id='word_1_706' title='bbox 3324 4375 3602 4442; x_wconf 84' lang='lat' dir='ltr'><strong>mandata,</strong></span> 
     </span>
    </p>
   </div>
   <div class='ocr_carea' id='block_1_91' title="bbox 2032 4463 3602 4539">
    <p class='ocr_par' dir='ltr' id='par_1_91' title="bbox 2032 4463 3602 4539">
     <span class='ocr_line' id='line_1_91' title="bbox 2032 4463 3602 4539; baseline 0.002 -21"><span class='ocrx_word' id='word_1_707' title='bbox 2032 4470 2142 4517; x_wconf 85' lang='lat' dir='ltr'><strong>tam</strong></span> <span class='ocrx_word' id='word_1_708' title='bbox 2166 4463 2411 4520; x_wconf 83' lang='lat' dir='ltr'><strong>suaviter</strong></span> <span class='ocrx_word' id='word_1_709' title='bbox 2453 4466 2521 4520; x_wconf 89' lang='lat' dir='ltr'><strong>ad</strong></span> <span class='ocrx_word' id='word_1_710' title='bbox 2557 4465 2897 4536; x_wconf 83' lang='lat' dir='ltr'><strong>implendum</strong></span> <span class='ocrx_word' id='word_1_711' title='bbox 2952 4465 3310 4539; x_wconf 81' lang='lat' dir='ltr'><strong>perfectionis</strong></span> <span class='ocrx_word' id='word_1_712' title='bbox 3370 4467 3602 4521; x_wconf 88' lang='lat' dir='ltr'><strong>consilia</strong></span> 
     </span>
    </p>
   </div>
   <div class='ocr_carea' id='block_1_92' title="bbox 2028 4553 3601 4629">
    <p class='ocr_par' dir='ltr' id='par_1_92' title="bbox 2028 4553 3601 4629">
     <span class='ocr_line' id='line_1_92' title="bbox 2028 4553 3601 4629; baseline 0.001 -21"><span class='ocrx_word' id='word_1_713' title='bbox 2028 4553 2391 4619; x_wconf 85' lang='lat' dir='ltr'><strong>demulceret,</strong></span> <span class='ocrx_word' id='word_1_714' title='bbox 2418 4555 2560 4610; x_wconf 87' lang='lat' dir='ltr'><strong>sicut</strong></span> <span class='ocrx_word' id='word_1_715' title='bbox 2585 4564 2669 4611; x_wconf 89' lang='lat' dir='ltr'><strong>est</strong></span> <span class='ocrx_word' id='word_1_716' title='bbox 2699 4556 3007 4629; x_wconf 78' lang='lat' dir='ltr'><strong>evangelica</strong></span> <span class='ocrx_word' id='word_1_717' title='bbox 3068 4556 3178 4622; x_wconf 78' lang='lat' dir='ltr'><strong>lex,</strong></span> <span class='ocrx_word' id='word_1_718' title='bbox 3206 4572 3330 4624; x_wconf 79' lang='lat' dir='ltr'><strong>quae</strong></span> <span class='ocrx_word' id='word_1_719' title='bbox 3381 4572 3601 4611; x_wconf 84' lang='lat' dir='ltr'><strong>omnem</strong></span> 
     </span>
    </p>
   </div>
   <div class='ocr_carea' id='block_1_93' title="bbox 348 4644 1921 4725">
    <p class='ocr_par' dir='ltr' id='par_1_93' title="bbox 348 4651 1921 4725">
     <span class='ocr_line' id='line_1_93' title="bbox 348 4651 1921 4725; baseline -0.001 -17"><span class='ocrx_word' id='word_1_720' title='bbox 348 4653 521 4724; x_wconf 77' lang='grc' dir='ltr'>ἡδέως</span> <span class='ocrx_word' id='word_1_721' title='bbox 552 4655 688 4725; x_wconf 77' lang='grc' dir='ltr'>πρὸς</span> <span class='ocrx_word' id='word_1_722' title='bbox 715 4653 816 4724; x_wconf 77' lang='grc' dir='ltr'>τὴν</span> <span class='ocrx_word' id='word_1_723' title='bbox 842 4654 1195 4725; x_wconf 74' lang='grc' dir='ltr'>ἐκπλήρωσιν</span> <span class='ocrx_word' id='word_1_724' title='bbox 1224 4655 1323 4722; x_wconf 88' lang='grc' dir='ltr'>τῆς</span> <span class='ocrx_word' id='word_1_725' title='bbox 1350 4651 1693 4723; x_wconf 86' lang='grc' dir='ltr'>τελειότητος</span> <span class='ocrx_word' id='word_1_726' title='bbox 1723 4654 1921 4722; x_wconf 79' lang='grc' dir='ltr'>εἰσφέ-</span> 
     </span>
    </p>
   </div>
   <div class='ocr_carea' id='block_1_94' title="bbox 2026 4644 3599 4725">
    <p class='ocr_par' dir='ltr' id='par_1_94' title="bbox 2031 4644 3599 4715">
     <span class='ocr_line' id='line_1_94' title="bbox 2031 4644 3599 4715; baseline 0.003 -16"><span class='ocrx_word' id='word_1_727' title='bbox 2031 4644 2551 4715; x_wconf 65' lang='grc' dir='ltr'>ριιινῖοειίοηὶεξνίεω</span> <span class='ocrx_word' id='word_1_728' title='bbox 2568 4650 2889 4713; x_wconf 88' lang='lat' dir='ltr'><strong>contiuet,et</strong></span> <span class='ocrx_word' id='word_1_729' title='bbox 2912 4648 3173 4704; x_wconf 86' lang='lat' dir='ltr'><strong>ostendit.</strong></span> <span class='ocrx_word' id='word_1_730' title='bbox 3190 4647 3321 4714; x_wconf 83' lang='lat' dir='ltr'><strong>Quae</strong></span> <span class='ocrx_word' id='word_1_731' title='bbox 3342 4648 3488 4702; x_wconf 89' lang='lat' dir='ltr'><strong>enim</strong></span> <span class='ocrx_word' id='word_1_732' title='bbox 3514 4649 3599 4703; x_wconf 76' lang='lat' dir='ltr'><strong>lex</strong></span> 
     </span>
    </p>
   </div>
   <div class='ocr_carea' id='block_1_95' title="bbox 352 4720 1921 4816">
    <p class='ocr_par' dir='ltr' id='par_1_95' title="bbox 352 4720 1920 4816">
     <span class='ocr_line' id='line_1_95' title="bbox 352 4720 1920 4816; baseline -0.001 -18"><span class='ocrx_word' id='word_1_733' title='bbox 352 4720 435 4813; x_wconf 74' lang='grc' dir='ltr'><strong>ρει</strong></span> <span class='ocrx_word' id='word_1_734' title='bbox 459 4750 559 4810; x_wconf 67' lang='grc' dir='ltr'><strong>τὰς</strong></span> <span class='ocrx_word' id='word_1_735' title='bbox 597 4720 929 4816; x_wconf 60' lang='grc' dir='ltr'>συμϐουλάς,</span> <span class='ocrx_word' id='word_1_736' title='bbox 961 4720 1153 4816; x_wconf 75' lang='grc' dir='ltr'>ὥσπερ</span> <span class='ocrx_word' id='word_1_737' title='bbox 1192 4720 1356 4809; x_wconf 80' lang='grc' dir='ltr'>αὐτὸς</span> <span class='ocrx_word' id='word_1_738' title='bbox 1377 4748 1404 4798; x_wconf 86' lang='grc' dir='ltr'>ὁ</span> <span class='ocrx_word' id='word_1_739' title='bbox 1431 4720 1789 4813; x_wconf 79' lang='grc' dir='ltr'>εὐαγγελικδς</span> <span class='ocrx_word' id='word_1_740' title='bbox 1826 4720 1920 4798; x_wconf 79' lang='grc' dir='ltr'>νό-</span> 
     </span>
    </p>
   </div>
   <div class='ocr_carea' id='block_1_96' title="bbox 2026 4720 3603 4816">
    <p class='ocr_par' dir='ltr' id='par_1_96' title="bbox 2026 4736 3603 4808">
     <span class='ocr_line' id='line_1_96' title="bbox 2026 4736 3603 4808; baseline 0.003 -18"><span class='ocrx_word' id='word_1_741' title='bbox 2026 4751 2267 4806; x_wconf 88' lang='lat' dir='ltr'><strong>unquam</strong></span> <span class='ocrx_word' id='word_1_742' title='bbox 2294 4736 2551 4806; x_wconf 76' lang='lat' dir='ltr'><strong>fuit,qu:e</strong></span> <span class='ocrx_word' id='word_1_743' title='bbox 2581 4746 2687 4793; x_wconf 88' lang='lat' dir='ltr'><strong>tam</strong></span> <span class='ocrx_word' id='word_1_744' title='bbox 2725 4740 2834 4808; x_wconf 90' lang='lat' dir='ltr'><strong>pie,</strong></span> <span class='ocrx_word' id='word_1_745' title='bbox 2864 4747 2971 4792; x_wconf 89' lang='lat' dir='ltr'><strong>tam</strong></span> <span class='ocrx_word' id='word_1_746' title='bbox 3006 4738 3225 4801; x_wconf 89' lang='lat' dir='ltr'><strong>devote,</strong></span> <span class='ocrx_word' id='word_1_747' title='bbox 3248 4746 3356 4792; x_wconf 86' lang='lat' dir='ltr'><strong>tam</strong></span> <span class='ocrx_word' id='word_1_748' title='bbox 3391 4741 3603 4808; x_wconf 83' lang='lat' dir='ltr'><strong>magni—</strong></span> 
     </span>
    </p>
   </div>
   <div class='ocr_carea' id='block_1_97' title="bbox 352 4834 1920 4907">
    <p class='ocr_par' dir='ltr' id='par_1_97' title="bbox 352 4834 1920 4907">
     <span class='ocr_line' id='line_1_97' title="bbox 352 4834 1920 4907; baseline -0.002 -17"><span class='ocrx_word' id='word_1_749' title='bbox 352 4852 471 4904; x_wconf 83' lang='grc' dir='ltr'>μος.</span> <span class='ocrx_word' id='word_1_750' title='bbox 505 4838 533 4888; x_wconf 87' lang='grc' dir='ltr'><strong>ὁ</strong></span> <span class='ocrx_word' id='word_1_751' title='bbox 563 4835 748 4888; x_wconf 80' lang='grc' dir='ltr'>πᾶσαν</span> <span class='ocrx_word' id='word_1_752' title='bbox 799 4836 1142 4907; x_wconf 81' lang='grc' dir='ltr'>τελειότητος</span> <span class='ocrx_word' id='word_1_753' title='bbox 1184 4834 1305 4886; x_wconf 73' lang='grc' dir='ltr'>ὁδὸν</span> <span class='ocrx_word' id='word_1_754' title='bbox 1340 4834 1614 4904; x_wconf 82' lang='grc' dir='ltr'>περιέχων</span> <span class='ocrx_word' id='word_1_755' title='bbox 1664 4834 1757 4887; x_wconf 74' lang='grc' dir='ltr'>καὶ</span> <span class='ocrx_word' id='word_1_756' title='bbox 1787 4834 1920 4888; x_wconf 79' lang='grc' dir='ltr'>ὐπο-</span> 
     </span>
    </p>
   </div>
   <div class='ocr_carea' id='block_1_98' title="bbox 346 4924 1920 4997">
    <p class='ocr_par' dir='ltr' id='par_1_98' title="bbox 346 4924 1920 4997">
     <span class='ocr_line' id='line_1_98' title="bbox 346 4924 1920 4997; baseline 0 -19"><span class='ocrx_word' id='word_1_757' title='bbox 346 4924 580 4989; x_wconf 84' lang='grc' dir='ltr'>δεικνύς.</span> <span class='ocrx_word' id='word_1_758' title='bbox 608 4926 653 4980; x_wconf 88' lang='grc' dir='ltr'>Τ</span> <span class='ocrx_word' id='word_1_759' title='bbox 658 4926 706 4986; x_wconf 79' lang='grc' dir='ltr'><strong>ίς</strong></span> <span class='ocrx_word' id='word_1_760' title='bbox 747 4927 858 4997; x_wconf 88' lang='grc' dir='ltr'><strong>γάρ</strong></span> <span class='ocrx_word' id='word_1_761' title='bbox 903 4944 1037 4981; x_wconf 86' lang='grc' dir='ltr'>ποτε</span> <span class='ocrx_word' id='word_1_762' title='bbox 1073 4928 1238 4997; x_wconf 88' lang='grc' dir='ltr'>νόμος</span> <span class='ocrx_word' id='word_1_763' title='bbox 1269 4926 1517 4994; x_wconf 79' lang='grc' dir='ltr'>γέγονεν,</span> <span class='ocrx_word' id='word_1_764' title='bbox 1554 4926 1702 4988; x_wconf 82' lang='grc' dir='ltr'>ὅστις</span> <span class='ocrx_word' id='word_1_765' title='bbox 1745 4924 1920 4989; x_wconf 78' lang='grc' dir='ltr'>οὕτως</span> 
     </span>
    </p>
   </div>
   <div class='ocr_carea' id='block_1_99' title="bbox 349 5015 1921 5089">
    <p class='ocr_par' dir='ltr' id='par_1_99' title="bbox 349 5015 1921 5089">
     <span class='ocr_line' id='line_1_99' title="bbox 349 5015 1921 5089; baseline 0 -20"><span class='ocrx_word' id='word_1_766' title='bbox 349 5017 611 5083; x_wconf 76' lang='grc' dir='ltr'>εὐσεϐῶς,</span> <span class='ocrx_word' id='word_1_767' title='bbox 654 5015 825 5081; x_wconf 78' lang='grc' dir='ltr'>οὕτως</span> <span class='ocrx_word' id='word_1_768' title='bbox 870 5017 1139 5083; x_wconf 74' lang='grc' dir='ltr'>εὐλαϐῶς,</span> <span class='ocrx_word' id='word_1_769' title='bbox 1178 5017 1321 5071; x_wconf 74' lang='grc' dir='ltr'>οὕτω</span> <span class='ocrx_word' id='word_1_770' title='bbox 1362 5016 1800 5089; x_wconf 72' lang='grc' dir='ltr'>μεγαλοπρεπῶς</span> <span class='ocrx_word' id='word_1_771' title='bbox 1827 5017 1921 5069; x_wconf 74' lang='grc' dir='ltr'>καὶ</span> 
     </span>
    </p>
   </div>
   <div class='ocr_carea' id='block_1_100' title="bbox 349 5105 1916 5179">
    <p class='ocr_par' dir='ltr' id='par_1_100' title="bbox 349 5105 1916 5179">
     <span class='ocr_line' id='line_1_100' title="bbox 349 5105 1916 5179; baseline -0.002 -16"><span class='ocrx_word' id='word_1_772' title='bbox 349 5109 660 5177; x_wconf 87' lang='grc' dir='ltr'>εἰλικρινῶς</span> <span class='ocrx_word' id='word_1_773' title='bbox 699 5109 791 5162; x_wconf 76' lang='grc' dir='ltr'>τὸν</span> <span class='ocrx_word' id='word_1_774' title='bbox 823 5109 956 5162; x_wconf 69' lang='grc' dir='ltr'>Θεὸν</span> <span class='ocrx_word' id='word_1_775' title='bbox 998 5109 1327 5179; x_wconf 81' lang='grc' dir='ltr'>θεραπεύειν</span> <span class='ocrx_word' id='word_1_776' title='bbox 1357 5107 1617 5172; x_wconf 77' lang='grc' dir='ltr'>ἐδίδαξεν,</span> <span class='ocrx_word' id='word_1_777' title='bbox 1648 5106 1710 5160; x_wconf 76' lang='grc' dir='ltr'>τὸ</span> <span class='ocrx_word' id='word_1_778' title='bbox 1742 5105 1916 5177; x_wconf 80' lang='grc' dir='ltr'>όνομα</span> 
     </span>
    </p>
   </div>
   <div class='ocr_carea' id='block_1_101' title="bbox 348 5196 1919 5269">
    <p class='ocr_par' dir='ltr' id='par_1_101' title="bbox 348 5196 1919 5269">
     <span class='ocr_line' id='line_1_101' title="bbox 348 5196 1919 5269; baseline -0.003 -17"><span class='ocrx_word' id='word_1_779' title='bbox 348 5198 517 5252; x_wconf 74' lang='grc' dir='ltr'>αὑτοῦ</span> <span class='ocrx_word' id='word_1_780' title='bbox 542 5199 730 5269; x_wconf 75' lang='grc' dir='ltr'>τιμᾷν,</span> <span class='ocrx_word' id='word_1_781' title='bbox 765 5198 833 5253; x_wconf 85' lang='grc' dir='ltr'>τὰ</span> <span class='ocrx_word' id='word_1_782' title='bbox 876 5198 1132 5254; x_wconf 75' lang='grc' dir='ltr'>Σάϐϐατα</span> <span class='ocrx_word' id='word_1_783' title='bbox 1162 5201 1258 5252; x_wconf 79' lang='grc' dir='ltr'>καὶ</span> <span class='ocrx_word' id='word_1_784' title='bbox 1289 5198 1385 5262; x_wconf 85' lang='grc' dir='ltr'><strong>τὰς</strong></span> <span class='ocrx_word' id='word_1_785' title='bbox 1421 5197 1617 5268; x_wconf 76' lang='grc' dir='ltr'>ἑορτὰς</span> <span class='ocrx_word' id='word_1_786' title='bbox 1649 5196 1919 5264; x_wconf 80' lang='grc' dir='ltr'>ἀγιάζειν,</span> 
     </span>
    </p>
   </div>
   <div class='ocr_carea' id='block_1_102' title="bbox 349 5284 1928 5360">
    <p class='ocr_par' dir='ltr' id='par_1_102' title="bbox 349 5284 1928 5360">
     <span class='ocr_line' id='line_1_102' title="bbox 349 5284 1928 5360; baseline -0.002 -19"><span class='ocrx_word' id='word_1_787' title='bbox 349 5287 479 5351; x_wconf 82' lang='grc' dir='ltr'>τοὺς</span> <span class='ocrx_word' id='word_1_788' title='bbox 512 5289 706 5358; x_wconf 74' lang='grc' dir='ltr'>γονέας</span> <span class='ocrx_word' id='word_1_789' title='bbox 737 5288 983 5360; x_wconf 75' lang='grc' dir='ltr'>ἀγαπᾷν,</span> <span class='ocrx_word' id='word_1_790' title='bbox 1009 5289 1133 5352; x_wconf 79' lang='grc' dir='ltr'>τοὺς</span> <span class='ocrx_word' id='word_1_791' title='bbox 1157 5288 1386 5357; x_wconf 89' lang='grc' dir='ltr'>πλησίον</span> <span class='ocrx_word' id='word_1_792' title='bbox 1420 5288 1616 5356; x_wconf 80' lang='grc' dir='ltr'>φιλεῖν,</span> <span class='ocrx_word' id='word_1_793' title='bbox 1643 5288 1769 5349; x_wconf 79' lang='grc' dir='ltr'>τοὺς</span> <span class='ocrx_word' id='word_1_794' title='bbox 1800 5284 1928 5339; x_wconf 83' lang='grc' dir='ltr'>κατ’</span> 
     </span>
    </p>
   </div>
   <div class='ocr_carea' id='block_1_103' title="bbox 350 5377 1929 5450">
    <p class='ocr_par' dir='ltr' id='par_1_103' title="bbox 350 5377 1929 5450">
     <span class='ocr_line' id='line_1_103' title="bbox 350 5377 1929 5450; baseline -0.003 -18"><span class='ocrx_word' id='word_1_795' title='bbox 350 5379 538 5434; x_wconf 85' lang='grc' dir='ltr'>εἰκόνα</span> <span class='ocrx_word' id='word_1_796' title='bbox 602 5380 740 5433; x_wconf 87' lang='grc' dir='ltr'>Θεοῦ</span> <span class='ocrx_word' id='word_1_797' title='bbox 796 5380 1127 5449; x_wconf 70' lang='grc' dir='ltr'>γενομένους</span> <span class='ocrx_word' id='word_1_798' title='bbox 1176 5378 1501 5450; x_wconf 80' lang='grc' dir='ltr'>ἀνθρώπους</span> <span class='ocrx_word' id='word_1_799' title='bbox 1562 5379 1638 5448; x_wconf 81' lang='grc' dir='ltr'>μὴ</span> <span class='ocrx_word' id='word_1_800' title='bbox 1674 5377 1929 5444; x_wconf 86' lang='grc' dir='ltr'>κτείνειν,</span> 
     </span>
    </p>
   </div>
   <div class='ocr_carea' id='block_1_104' title="bbox 350 5467 1927 5539">
    <p class='ocr_par' dir='ltr' id='par_1_104' title="bbox 350 5467 1927 5539">
     <span class='ocr_line' id='line_1_104' title="bbox 350 5467 1927 5539; baseline -0.003 -17"><span class='ocrx_word' id='word_1_801' title='bbox 350 5468 484 5522; x_wconf 73' lang='lat' dir='ltr'><strong>aide</strong></span> <span class='ocrx_word' id='word_1_802' title='bbox 524 5471 816 5538; x_wconf 85' lang='grc' dir='ltr'>φυλάττειν</span> <span class='ocrx_word' id='word_1_803' title='bbox 856 5474 914 5524; x_wconf 70' lang='grc' dir='ltr'><strong>εν</strong></span> <span class='ocrx_word' id='word_1_804' title='bbox 944 5469 1153 5523; x_wconf 79' lang='grc' dir='ltr'>ἀπασι’</span> <span class='ocrx_word' id='word_1_805' title='bbox 1200 5470 1276 5539; x_wconf 78' lang='grc' dir='ltr'>μὴ</span> <span class='ocrx_word' id='word_1_806' title='bbox 1316 5470 1480 5539; x_wconf 89' lang='grc' dir='ltr'>μόνον</span> <span class='ocrx_word' id='word_1_807' title='bbox 1514 5467 1590 5539; x_wconf 75' lang='grc' dir='ltr'>μὴ</span> <span class='ocrx_word' id='word_1_808' title='bbox 1627 5467 1927 5538; x_wconf 83' lang='grc' dir='ltr'>μοιχεύειν,</span> 
     </span>
    </p>
   </div>
   <div class='ocr_carea' id='block_1_105' title="bbox 348 5558 1917 5633">
    <p class='ocr_par' dir='ltr' id='par_1_105' title="bbox 348 5558 1917 5633">
     <span class='ocr_line' id='line_1_105' title="bbox 348 5558 1917 5633; baseline -0.001 -19"><span class='ocrx_word' id='word_1_809' title='bbox 348 5560 486 5614; x_wconf 76' lang='grc' dir='ltr'>ἀλλὰ</span> <span class='ocrx_word' id='word_1_810' title='bbox 512 5562 644 5633; x_wconf 72' lang='grc' dir='ltr'>μηδὲ</span> <span class='ocrx_word' id='word_1_811' title='bbox 672 5561 975 5631; x_wconf 79' lang='grc' dir='ltr'>πορνεύειν,</span> <span class='ocrx_word' id='word_1_812' title='bbox 1024 5561 1058 5631; x_wconf 82' lang='grc' dir='ltr'>ἢ</span> <span class='ocrx_word' id='word_1_813' title='bbox 1112 5560 1443 5630; x_wconf 82' lang='grc' dir='ltr'>μολύνεσθαι</span> <span class='ocrx_word' id='word_1_814' title='bbox 1481 5561 1628 5622; x_wconf 85' lang='grc' dir='ltr'>ὅπως</span> <span class='ocrx_word' id='word_1_815' title='bbox 1676 5558 1878 5631; x_wconf 83' lang='grc' dir='ltr'>δήποτε</span> <span class='ocrx_word' id='word_1_816' title='bbox 1901 5574 1917 5590; x_wconf 74' lang='grc' dir='ltr'><strong>ο</strong></span> 
     </span>
    </p>
   </div>
   <div class='ocr_carea' id='block_1_106' title="bbox 2029 4827 3605 4900">
    <p class='ocr_par' dir='ltr' id='par_1_106' title="bbox 2029 4827 3605 4900">
     <span class='ocr_line' id='line_1_106' title="bbox 2029 4827 3605 4900; baseline 0.003 -19"><span class='ocrx_word' id='word_1_817' title='bbox 2029 4827 2227 4890; x_wconf 85' lang='lat' dir='ltr'><strong>ﬁee,et</strong></span> <span class='ocrx_word' id='word_1_818' title='bbox 2258 4844 2391 4897; x_wconf 89' lang='lat' dir='ltr'><strong>pure</strong></span> <span class='ocrx_word' id='word_1_819' title='bbox 2417 4829 2586 4884; x_wconf 87' lang='lat' dir='ltr'><strong>Deum</strong></span> <span class='ocrx_word' id='word_1_820' title='bbox 2646 4832 2827 4885; x_wconf 91' lang='lat' dir='ltr'><strong>colere</strong></span> <span class='ocrx_word' id='word_1_821' title='bbox 2871 4830 3155 4885; x_wconf 74' lang='lat' dir='ltr'><strong>docuerit:</strong></span> <span class='ocrx_word' id='word_1_822' title='bbox 3183 4846 3383 4887; x_wconf 87' lang='lat' dir='ltr'><strong>nomen</strong></span> <span class='ocrx_word' id='word_1_823' title='bbox 3431 4831 3605 4900; x_wconf 85' lang='lat' dir='ltr'><strong>ipsius</strong></span> 
     </span>
    </p>
   </div>
   <div class='ocr_carea' id='block_1_107' title="bbox 2030 4919 3607 4992">
    <p class='ocr_par' dir='ltr' id='par_1_107' title="bbox 2030 4919 3607 4992">
     <span class='ocr_line' id='line_1_107' title="bbox 2030 4919 3607 4992; baseline 0.003 -20"><span class='ocrx_word' id='word_1_824' title='bbox 2030 4919 2555 4984; x_wconf 86' lang='lat' dir='ltr'><strong>honorare,sabbata</strong></span> <span class='ocrx_word' id='word_1_825' title='bbox 2578 4926 2633 4974; x_wconf 89' lang='lat' dir='ltr'><strong>et</strong></span> <span class='ocrx_word' id='word_1_826' title='bbox 2664 4919 2990 4975; x_wconf 76' lang='lat' dir='ltr'><strong>festivitates</strong></span> <span class='ocrx_word' id='word_1_827' title='bbox 3024 4921 3386 4985; x_wconf 83' lang='lat' dir='ltr'><strong>sanctificare,</strong></span> <span class='ocrx_word' id='word_1_828' title='bbox 3413 4936 3607 4992; x_wconf 81' lang='lat' dir='ltr'><strong>paten-</strong></span> 
     </span>
    </p>
   </div>
   <div class='ocr_carea' id='block_1_108' title="bbox 2032 5010 3604 5084">
    <p class='ocr_par' dir='ltr' id='par_1_108' title="bbox 2032 5010 3604 5084">
     <span class='ocr_line' id='line_1_108' title="bbox 2032 5010 3604 5084; baseline 0.001 -18"><span class='ocrx_word' id='word_1_829' title='bbox 2032 5018 2115 5066; x_wconf 84' lang='lat' dir='ltr'><strong>tes</strong></span> <span class='ocrx_word' id='word_1_830' title='bbox 2143 5011 2640 5079; x_wconf 78' lang='lat' dir='ltr'><strong>amare,proximos</strong></span> <span class='ocrx_word' id='word_1_831' title='bbox 2660 5010 2907 5084; x_wconf 81' lang='lat' dir='ltr'><strong>diligere,</strong></span> <span class='ocrx_word' id='word_1_832' title='bbox 2940 5011 3007 5069; x_wconf 87' lang='lat' dir='ltr'><strong>ad</strong></span> <span class='ocrx_word' id='word_1_833' title='bbox 3041 5012 3331 5083; x_wconf 79' lang='lat' dir='ltr'><strong>imaginem</strong></span> <span class='ocrx_word' id='word_1_834' title='bbox 3367 5013 3460 5067; x_wconf 89' lang='lat' dir='ltr'><strong>Dei</strong></span> <span class='ocrx_word' id='word_1_835' title='bbox 3499 5014 3604 5068; x_wconf 87' lang='lat' dir='ltr'><strong>ho-</strong></span> 
     </span>
    </p>
   </div>
   <div class='ocr_carea' id='block_1_109' title="bbox 2036 5100 3603 5174">
    <p class='ocr_par' dir='ltr' id='par_1_109' title="bbox 2036 5100 3603 5174">
     <span class='ocr_line' id='line_1_109' title="bbox 2036 5100 3603 5174; baseline 0.003 -20"><span class='ocrx_word' id='word_1_836' title='bbox 2036 5100 2215 5157; x_wconf 87' lang='lat' dir='ltr'><strong>mines</strong></span> <span class='ocrx_word' id='word_1_837' title='bbox 2246 5100 2419 5157; x_wconf 83' lang='lat' dir='ltr'><strong>factos</strong></span> <span class='ocrx_word' id='word_1_838' title='bbox 2440 5117 2550 5161; x_wconf 89' lang='lat' dir='ltr'><strong>non</strong></span> <span class='ocrx_word' id='word_1_839' title='bbox 2567 5102 2816 5158; x_wconf 82' lang='lat' dir='ltr'><strong>occidere</strong></span> <span class='ocrx_word' id='word_1_840' title='bbox 2844 5119 2859 5167; x_wconf 89' lang='lat'><strong>;</strong></span> <span class='ocrx_word' id='word_1_841' title='bbox 2888 5103 3153 5174; x_wconf 87' lang='lat' dir='ltr'><strong>pudicitia</strong></span> <span class='ocrx_word' id='word_1_842' title='bbox 3177 5113 3390 5159; x_wconf 86' lang='lat' dir='ltr'><strong>servata</strong></span> <span class='ocrx_word' id='word_1_843' title='bbox 3410 5103 3464 5158; x_wconf 86' lang='lat' dir='ltr'><strong>iu</strong></span> <span class='ocrx_word' id='word_1_844' title='bbox 3482 5119 3603 5159; x_wconf 89' lang='lat' dir='ltr'><strong>om-</strong></span> 
     </span>
    </p>
   </div>
   <div class='ocr_carea' id='block_1_110' title="bbox 2034 5193 3605 5261">
    <p class='ocr_par' dir='ltr' id='par_1_110' title="bbox 2034 5193 3605 5261">
     <span class='ocr_line' id='line_1_110' title="bbox 2034 5193 3605 5261; baseline -0.001 -12"><span class='ocrx_word' id='word_1_845' title='bbox 2034 5193 2238 5259; x_wconf 80' lang='lat' dir='ltr'><strong>nibus,</strong></span> <span class='ocrx_word' id='word_1_846' title='bbox 2276 5208 2388 5248; x_wconf 90' lang='lat' dir='ltr'><strong>non</strong></span> <span class='ocrx_word' id='word_1_847' title='bbox 2435 5194 2782 5251; x_wconf 85' lang='lat' dir='ltr'><strong>solummodo</strong></span> <span class='ocrx_word' id='word_1_848' title='bbox 2834 5211 2944 5250; x_wconf 90' lang='lat' dir='ltr'><strong>non</strong></span> <span class='ocrx_word' id='word_1_849' title='bbox 3001 5196 3291 5261; x_wconf 72' lang='lat' dir='ltr'><strong>tntechari,</strong></span> <span class='ocrx_word' id='word_1_850' title='bbox 3345 5194 3443 5250; x_wconf 68' lang='lat' dir='ltr'><strong>sed</strong></span> <span class='ocrx_word' id='word_1_851' title='bbox 3502 5208 3605 5250; x_wconf 84' lang='lat' dir='ltr'><strong>nec</strong></span> 
     </span>
    </p>
   </div>
   <div class='ocr_carea' id='block_1_111' title="bbox 2035 5273 3602 5356">
    <p class='ocr_par' dir='ltr' id='par_1_111' title="bbox 2035 5273 3602 5356">
     <span class='ocr_line' id='line_1_111' title="bbox 2035 5273 3602 5356; baseline -0.006 -13"><span class='ocrx_word' id='word_1_852' title='bbox 2035 5273 2331 5351; x_wconf 77' lang='lat' dir='ltr'><strong>fornicari,</strong></span> <span class='ocrx_word' id='word_1_853' title='bbox 2373 5296 2471 5341; x_wconf 88' lang='lat' dir='ltr'><strong>aut</strong></span> <span class='ocrx_word' id='word_1_854' title='bbox 2499 5286 2668 5355; x_wconf 88' lang='lat' dir='ltr'><strong>pollui</strong></span> <span class='ocrx_word' id='word_1_855' title='bbox 2719 5300 2942 5356; x_wconf 89' lang='lat' dir='ltr'><strong>quoquo</strong></span> <span class='ocrx_word' id='word_1_856' title='bbox 2974 5286 3177 5340; x_wconf 88' lang='lat' dir='ltr'><strong>modo:</strong></span> <span class='ocrx_word' id='word_1_857' title='bbox 3234 5299 3340 5339; x_wconf 88' lang='lat' dir='ltr'><strong>non</strong></span> <span class='ocrx_word' id='word_1_858' title='bbox 3394 5282 3602 5337; x_wconf 84' lang='lat' dir='ltr'><strong>furtum</strong></span> 
     </span>
    </p>
   </div>
   <div class='ocr_carea' id='block_1_112' title="bbox 2034 5374 3600 5447">
    <p class='ocr_par' dir='ltr' id='par_1_112' title="bbox 2034 5374 3600 5447">
     <span class='ocr_line' id='line_1_112' title="bbox 2034 5374 3600 5447; baseline -0.004 -17"><span class='ocrx_word' id='word_1_859' title='bbox 2034 5376 2236 5441; x_wconf 85' lang='lat' dir='ltr'><strong>facere,</strong></span> <span class='ocrx_word' id='word_1_860' title='bbox 2264 5392 2369 5432; x_wconf 87' lang='lat' dir='ltr'><strong>non</strong></span> <span class='ocrx_word' id='word_1_861' title='bbox 2407 5377 2741 5443; x_wconf 84' lang='lat' dir='ltr'><strong>latrocinari,</strong></span> <span class='ocrx_word' id='word_1_862' title='bbox 2769 5393 2880 5432; x_wconf 88' lang='lat' dir='ltr'><strong>non</strong></span> <span class='ocrx_word' id='word_1_863' title='bbox 2909 5376 3042 5433; x_wconf 86' lang='lat' dir='ltr'><strong>alias</strong></span> <span class='ocrx_word' id='word_1_864' title='bbox 3083 5376 3392 5447; x_wconf 86' lang='lat' dir='ltr'><strong>opprimere</strong></span> <span class='ocrx_word' id='word_1_865' title='bbox 3416 5374 3600 5444; x_wconf 82' lang='lat' dir='ltr'><strong>proxi-</strong></span> 
     </span>
    </p>
   </div>
   <div class='ocr_carea' id='block_1_113' title="bbox 2036 5464 3623 5538">
    <p class='ocr_par' dir='ltr' id='par_1_113' title="bbox 2036 5464 3623 5538">
     <span class='ocr_line' id='line_1_113' title="bbox 2036 5464 3623 5538; baseline -0.003 -17"><span class='ocrx_word' id='word_1_866' title='bbox 2036 5484 2208 5529; x_wconf 86' lang='lat' dir='ltr'><strong>mum,</strong></span> <span class='ocrx_word' id='word_1_867' title='bbox 2229 5481 2333 5522; x_wconf 89' lang='lat' dir='ltr'><strong>non</strong></span> <span class='ocrx_word' id='word_1_868' title='bbox 2355 5477 2548 5523; x_wconf 76' lang='lat' dir='ltr'><strong>contra</strong></span> <span class='ocrx_word' id='word_1_869' title='bbox 2565 5470 2741 5538; x_wconf 85' lang='lat' dir='ltr'><strong>ipsum</strong></span> <span class='ocrx_word' id='word_1_870' title='bbox 2766 5466 2963 5522; x_wconf 86' lang='lat' dir='ltr'><strong>falsum</strong></span> <span class='ocrx_word' id='word_1_871' title='bbox 2991 5466 3365 5521; x_wconf 89' lang='lat' dir='ltr'><strong>testimonium</strong></span> <span class='ocrx_word' id='word_1_872' title='bbox 3384 5464 3566 5517; x_wconf 78' lang='lat' dir='ltr'><strong>dicere</strong></span> <span class='ocrx_word' id='word_1_873' title='bbox 3585 5470 3623 5516; x_wconf 72' lang='grc' dir='ltr'>τ’</span> 
     </span>
    </p>
   </div>
   <div class='ocr_carea' id='block_1_114' title="bbox 2033 5556 3603 5629">
    <p class='ocr_par' dir='ltr' id='par_1_114' title="bbox 2033 5556 3603 5629">
     <span class='ocr_line' id='line_1_114' title="bbox 2033 5556 3603 5629; baseline -0.004 -15"><span class='ocrx_word' id='word_1_874' title='bbox 2033 5570 2089 5614; x_wconf 91' lang='lat' dir='ltr'><strong>et</strong></span> <span class='ocrx_word' id='word_1_875' title='bbox 2119 5560 2264 5629; x_wconf 88' lang='lat' dir='ltr'><strong>quod</strong></span> <span class='ocrx_word' id='word_1_876' title='bbox 2287 5560 2524 5629; x_wconf 90' lang='lat' dir='ltr'><strong>amplius</strong></span> <span class='ocrx_word' id='word_1_877' title='bbox 2555 5573 2661 5627; x_wconf 88' lang='lat' dir='ltr'><strong>est,</strong></span> <span class='ocrx_word' id='word_1_878' title='bbox 2689 5576 2795 5615; x_wconf 85' lang='lat' dir='ltr'><strong>non</strong></span> <span class='ocrx_word' id='word_1_879' title='bbox 2850 5558 3226 5614; x_wconf 81' lang='lat' dir='ltr'><strong>scandalizare</strong></span> <span class='ocrx_word' id='word_1_880' title='bbox 3273 5556 3477 5628; x_wconf 74' lang='lat' dir='ltr'><strong>ipsum,</strong></span> <span class='ocrx_word' id='word_1_881' title='bbox 3500 5566 3603 5608; x_wconf 82' lang='lat' dir='ltr'><strong>nec</strong></span> 
     </span>
    </p>
   </div>
   <div class='ocr_carea' id='block_1_115' title="bbox 423 5706 1921 5789">
    <p class='ocr_par' dir='ltr' id='par_1_115' title="bbox 423 5715 1921 5788">
     <span class='ocr_line' id='line_1_115' title="bbox 423 5715 1921 5788; baseline -0.001 -12"><span class='ocrx_word' id='word_1_882' title='bbox 423 5718 470 5752; x_wconf 78' lang='lat'><strong>“</strong></span> <span class='ocrx_word' id='word_1_883' title='bbox 503 5718 664 5779; x_wconf 77' lang='lat' dir='ltr'><strong>Joan.</strong></span> <span class='ocrx_word' id='word_1_884' title='bbox 706 5733 790 5784; x_wconf 86' lang='grc' dir='ltr'>ιιι,</span> <span class='ocrx_word' id='word_1_885' title='bbox 825 5718 882 5771; x_wconf 75' lang='grc' dir='ltr'><strong>ὅ.</strong></span> <span class='ocrx_word' id='word_1_886' title='bbox 956 5718 1004 5750; x_wconf 72' lang='grc'><strong>⁸⁸</strong></span> <span class='ocrx_word' id='word_1_887' title='bbox 1049 5715 1239 5773; x_wconf 82' lang='lat' dir='ltr'><strong>Matth.</strong></span> <span class='ocrx_word' id='word_1_888' title='bbox 1276 5735 1463 5788; x_wconf 73' lang='lat' dir='ltr'><strong>xxvm,</strong></span> <span class='ocrx_word' id='word_1_889' title='bbox 1503 5719 1586 5775; x_wconf 86' lang='lat' dir='ltr'><strong>l9.</strong></span> <span class='ocrx_word' id='word_1_890' title='bbox 1666 5720 1711 5753; x_wconf 71' lang='lat'><strong>“‘</strong></span> <span class='ocrx_word' id='word_1_891' title='bbox 1753 5720 1921 5787; x_wconf 83' lang='lat' dir='ltr'><strong>Marc,</strong></span> 
     </span>
    </p>
   </div>
   <div class='ocr_carea' id='block_1_116' title="bbox 2026 5706 2741 5789">
    <p class='ocr_par' dir='ltr' id='par_1_116' title="bbox 2026 5706 2741 5784">
     <span class='ocr_line' id='line_1_116' title="bbox 2026 5706 2741 5784; baseline -0.004 -10"><span class='ocrx_word' id='word_1_892' title='bbox 2026 5735 2062 5779; x_wconf 86' lang='lat' dir='ltr'><strong>t.</strong></span> <span class='ocrx_word' id='word_1_893' title='bbox 2100 5718 2187 5773; x_wconf 78' lang='lat'><strong>15.</strong></span> <span class='ocrx_word' id='word_1_894' title='bbox 2258 5706 2306 5751; x_wconf 51' lang='lat'><strong>‘7</strong></span> <span class='ocrx_word' id='word_1_895' title='bbox 2338 5718 2499 5774; x_wconf 84' lang='lat' dir='ltr'><strong>Joan.</strong></span> <span class='ocrx_word' id='word_1_896' title='bbox 2542 5733 2617 5784; x_wconf 86' lang='lat' dir='ltr'><strong>vt,</strong></span> <span class='ocrx_word' id='word_1_897' title='bbox 2652 5719 2741 5773; x_wconf 67' lang='grc'><strong>54.</strong></span> 
     </span>
    </p>
   </div>
   <div class='ocr_carea' id='block_1_117' title="bbox 707 5809 1373 5873">
    <p class='ocr_par' dir='ltr' id='par_1_117' title="bbox 707 5809 1373 5873">
     <span class='ocr_line' id='line_1_117' title="bbox 707 5809 1373 5873; baseline 0.002 -1"><span class='ocrx_word' id='word_1_898' title='bbox 707 5812 980 5872; x_wconf 66' lang='grc' dir='ltr'>Ρλτιιοι.</span> <span class='ocrx_word' id='word_1_899' title='bbox 1018 5812 1134 5872; x_wconf 77' lang='lat' dir='ltr'><strong>Gn.</strong></span> <span class='ocrx_word' id='word_1_900' title='bbox 1171 5809 1373 5873; x_wconf 83' lang='lat' dir='ltr'><strong>CLIV.</strong></span> 
     </span>
    </p>
   </div>
   <div class='ocr_carea' id='block_1_118' title="bbox 3175 5809 3252 5871">
    <p class='ocr_par' dir='ltr' id='par_1_118' title="bbox 3175 5809 3252 5871">
     <span class='ocr_line' id='line_1_118' title="bbox 3175 5809 3252 5871; baseline -0.013 0"><span class='ocrx_word' id='word_1_901' title='bbox 3175 5809 3252 5871; x_wconf 82' lang='lat'>37</span> 
     </span>
    </p>
   </div>
  </div>
