4070 6482
548 307 683 364 liii!)

1738 306 1977 365 CONTE‘.
1995 306 2032 360 εἰ
2099 304 2603 365 ΜΛΠΟΞᾹΕΤΕΜ.

3647 299 3784 364 1H6

548 415 796 484 καρπῶν.
831 415 929 469 οὐκ
958 421 1014 467 εν
1039 415 1194 468 πόσει
1229 416 1396 475 οίνου.
1439 415 1651 484 μέλιτος
1697 417 1788 466 καὶ
1819 415 2107 483 γάλακτος.

2231 412 2398 466 solum
2430 428 2618 465 verum
2655 411 2840 472 Deum,
2871 420 2923 464 et
2959 426 3119 480 quem
3157 409 3351 465 misisti
3408 409 3594 466 Jesum
3629 405 3792 464 Citri-

548 505 650 556 οὐκ
679 505 735 556 ἐν
775 502 1002 572 ἡδύτητι
1027 504 1161 574 ήχου
1193 505 1401 558 ὑδάτων
1439 505 1768 574 τρεχόντων,
1795 505 1998 572 ὀχετῶν
2022 503 2115 569 δη-

548 594 722 646 λονότι
753 593 848 646 καὶ
887 596 1102 663 πηγῶν,
1138 595 1240 648 οὐκ
1283 596 1342 647 ἐν
1386 595 1690 665 περιπλοκῇ
1727 595 1822 648 καὶ
1851 593 2119 664 ἀκολασίᾳ

551 685 786 752 σαρκικῇ
816 681 1167 753 ὡραιοτάτων
1213 684 1492 751 γυναικῶν
1533 685 1624 738 καὶ
1672 683 1979 754 παρθένων,
2013 686 2114 738 οὐκ

549 777 608 828 ὲν
664 774 866 839 ἄλλοις,
920 776 1060 846 πρὸς
1089 777 1309 848 ἆτιναή
1343 778 1582 850 σαρκική
1629 777 1901 848 ἐπιθυμία
1949 779 2044 832 καὶ
2079 782 2112 848 ή
2170 776 2179 783 ’

550 867 718 935 θνητὴ
775 865 876 935 ὕλη
913 867 1208 937 διεγείρειο
1273 871 1454 924 ὁποῖον
1518 869 1848 938 παράδεισον
1900 871 2028 939 ὑμῖν
2055 869 2116 921 τὺ

561 957 888 1028 Ἀλκοράνον
935 959 1089 1028 ὑμῶν
1125 961 1489 1031 ὑπισχνεῖται.
1527 962 1669 1014 Ἀλλ’
1713 963 1746 1033 ή
1801 961 2116 1030 εὐδαιμονία

549 1049 706 1118 ἡμῶν
736 1050 846 1102 τῶν
901 1049 1267 1120 Χριστιανῶν,
1308 1052 1374 1123 ἢν
1409 1053 1556 1122 ζωὴν
1604 1055 1829 1108 αἰωνίαν
1859 1053 2114 1124 λέγομεν,

551 1139 866 1194 συνίσταται
899 1141 1098 1204 οὒσίως
1129 1143 1230 1210 μὲν
1273 1143 1370 1195 καὶ
1415 1143 1790 1211 ὕπαρκτικῶς,
1834 1143 1957 1196 καθ’
1987 1146 2116 1197 ἑαυ-

548 1230 664 1301 τὴν,
700 1233 796 1286 καὶ
826 1233 995 1302 χωρίς
1033 1251 1180 1313 τινος
1216 1233 1438 1287 κτιστοῦ
1473 1237 1678 1304 ¹μέσου,
1712 1237 1772 1286 ἐν
1800 1239 1866 1306 τῇ
1915 1235 2115 1307 θεωρίᾳ

547 1323 720 1384 αὐτῆς
747 1324 842 1392 τῆς
873 1323 1024 1386 θείας
1052 1325 1240 1388 οὐσίας
1267 1327 1362 1379 καὶ
1388 1325 1622 1394 φύσεως.
1653 1326 1816 1380 Ὅθεν
1845 1327 1872 1376 6
1908 1327 2114 1398 Κύριος

547 1413 706 1484 ἡμῶν
758 1417 816 1466 ἐν
867 1415 946 1482 τῷ
984 1416 1306 1486 Εὐαγγελίῳ
1355 1418 1543 1486 φησὶν,
1601 1437 1620 1468 ι
1684 1416 1834 1488 Αὕτη
1887 1419 2033 1471 ἐστὶν
2078 1419 2110 1488 ή

547 1507 762 1566 α’ὡνιος
795 1504 930 1575 ζωὴ,
963 1506 1047 1558 ἶνα
1079 1523 1150 1574 για
1170 1507 1388 1561 ώσκωσι
1441 1507 1498 1562 σὲ
1530 1511 1620 1562 τὶν
1651 1511 1814 1576 μόνον
1859 1511 2113 1580 ἀληθινὸν

549 1597 702 1662 Θε³ιν,
741 1599 835 1650 καὶ
873 1597 930 1650 ὃν
970 1599 1307 1669 ,ἀπέστειλας
1351 1599 1556 1668 Ἰησοῦν
1607 1602 1866 1671 Χριστόν.
1929 1621 1948 1653 ι
2006 1603 2116 1656 Καὶ

549 1689 682 1742 διότι
709 1689 770 1743 τὸ
808 1689 1052 1742 τοιοῦτον
1086 1690 1362 1759 ὁρώμενον
1395 1691 1549 1744 ἔσται
1578 1693 1638 1746 ὲν
1686 1692 1762 1762 τῷ
1807 1691 2004 1763 ὁρῶντι
2044 1693 2112 1744 δι’

2221 515 2364 559 stum
2384 505 2450 558 δ’.
2495 525 2512 554 ι
2549 505 2614 558 Et
2667 505 2792 573 quia
2832 505 2937 558 tale
2981 506 3156 559 visum
3218 504 3325 560 erit
3372 501 3427 558 in
3451 505 3666 559 vidente
3699 523 3795 576 per

2220 609 2486 660 amorem,
2512 588 2991 663 qui'transformat
3043 605 3316 651 amantem
3350 597 3403 651 in
3432 609 3694 656 amatum.
3726 601 3792 651 ait

2219 687 2392 756 ipsam
2421 687 2684 741 visionem
2711 697 2972 755 sequetur
3005 688 3410 742 trausformatio
3443 692 3689 757 quaedam
3739 699 3797 742 et

2223 777 2424 840 lensio,
2455 792 2562 846 qua
2595 793 2783 831 amans
2807 778 3094 831 deil'ormis
3136 778 3422 844 efficietur,
3459 789 3516 834 et
3581 779 3794 834 tenebit

2219 876 2505 932 amatum;
2563 865 2674 920 imo
2703 875 2758 919 et
2816 881 2982 919 unum
3019 867 3126 919 erit
3164 869 3214 920 in
3276 867 3515 936 reliquo,
3574 867 3794 922 dicente

2218 956 2488 1011 Domino:
2525 976 2543 1009 ι
2569 959 2670 1025 Qui
2704 967 2882 1012 manvt
2917 959 2968 1012 in
3004 975 3108 1019 tne,
3129 969 3184 1013 et
3213 973 3315 1028 ego
3344 960 3400 1012 in
3431 973 3496 1012 eo
3513 959 3582 1022 ⁸ο,
3612 979 3631 1011 ι
3665 960 3793 1028 quia

2218 1047 2360 1103 Deus
2383 1048 2619 1103 charitas
2647 1058 2752 1114 est,
2773 1062 2828 1104 et
2859 1053 2951 1119 qui
2981 1061 3164 1105 manet
3197 1053 3250 1105 in
3275 1051 3562 1116 charitate,
3601 1052 3653 1105 iu
3684 1053 3792 1107 Deo

2217 1151 2418 1204 manet,
2449 1149 2505 1194 et
2545 1139 2687 1195 Deus
2712 1141 2767 1195 in
2803 1157 2905 1206 eo;
2941 1151 2996 1197 et
3028 1143 3152 1212 quia
3185 1143 3252 1197 ad
3298 1145 3558 1200 unionem
3581 1159 3793 1200 summe

2215 1231 2616 1294 convenientis,
2685 1234 2938 1302 sequitur
2995 1233 3216 1288 dilectio
3263 1250 3498 1300 summa,
3529 1238 3594 1290 ad
3645 1237 3790 1290 illam

2216 1321 2453 1375 divinam
2479 1333 2531 1376 et
2552 1333 2807 1376 aeternam
2835 1322 3098 1376 visionem
3128 1333 3391 1394 sequetur
3410 1324 3794 1380 inenarrabilis

2222 1410 2458 1466 dulcedo
2477 1421 2535 1466 et
2565 1413 2830 1476 suavitas,
2861 1429 3020 1482 quam
3052 1414 3274 1484 proprio
3321 1415 3544 1470 nomine
3576 1415 3794 1470 frnitio-

2215 1517 2339 1556 nem
2367 1502 2644 1570 dicimus;
2682 1513 2738 1558 et
2785 1505 2926 1568 talis,
2963 1505 3176 1575 qualem
3204 1521 3306 1561 nec
3336 1521 3492 1560 mens
3525 1506 3790 1578 cogitare.

2215 1608 2319 1647 nec
2345 1594 2527 1662 lingua
2559 1595 2703 1650 valet
2749 1598 3063 1664 exprimere
3118 1577 3455 1651 mortalium.
3488 1597 3660 1664 Quam
3703 1599 3796 1652 ad-

2215 1685 2422 1740 mirans
2451 1684 2615 1739 David
2637 1687 2898 1758 propheta
2928 1687 2982 1741 in
3014 1686 3222 1756 Spiritu
3257 1688 3545 1751 clamabat,
3577 1688 3789 1754 dicens,

551 1783 797 1852 ἀγάπης,
841 1782 962 1853 ἥτις
1014 1755 1485 1853 p51a66tli.et_16v
1523 1755 1855 1856 ὲρῶνταυείς
1881 1785 1941 1839 τδ
1978 1785 2114 1856 ἐρῶ·

2231 1797 2244 1828 ι
2282 1776 2504 1846 Oquam
2528 1791 2720 1847 magna
2738 1755 3372 1830 inultitudoduleediuis
3395 1786 3520 1838 tum,
3545 1775 3792 1839 Domine,

555 1891 736 1942 μενον.
765 1875 902 1944 αὐτῇ
937 1870 1000 1945 τῇ
1045 1874 1246 1946 θεωρίᾳ
1287 1876 1647 1946 ἀκολουθήσει
1689 1877 2116 1948 μεταμόρφωσίς

549 1983 632 2028 τις
665 1966 760 2018 καὶ
791 1965 1033 2032 ἔκτεισις,
1066 1961 1211 2040 ᾗτινι
1240 1971 1265 2021 6
1295 1959 1524 2036 ἀγαπῶν
1559 1969 1802 2038 θεοειδὴς
1831 1968 2119 2023 ἀποτελευ-

554 2059 801 2128 θήσεται,
835 2057 928 2112 καὶ
967 2063 1228 2130 κρατήσει
1278 2061 1344 2124 ,τὸ
1397 2061 1783 2132 ἀγαπώμενον.
1830 2061 1993 2116 Ἀλλά
2026 2063 2121 2115 καὶ

553 2150 612 2200 τὸ
639 2147 697 2201 ἓν
730 2148 881 2202 ἔσται
915 2151 972 2201 ὲν
999 2149 1076 2220 τῷ
1103 2149 1295 2221 λοιπῷ,
1343 2150 1507 2205 αὐτοῦ
1538 2152 1634 2204 τοῦ
1678 2152 1882 2222 Κυρίου
1929 2153 2118 2220 λέγον-

553 2261 667 2308 τος,
702 2262 720 2294 ι
760 2243 818 2296 'O
854 2243 1028 2314 μένων
1062 2245 1118 2297 ὲν
1145 2246 1290 2313 ἐμοὶ,
1325 2246 1418 2298 καὶ
1448 2243 1560 2313 ἐγὼ
1581 2249 1638 2298 ὲν
1666 2245 1816 2314 αὐτῴ
1837 2261 1850 2274 °
1883 2264 1902 2296 ι
1930 2244 2064 2298 διότι.
2095 2246 2123 2296 6

554 2337 686 2400 Θεὸς
717 2337 904 2408 ἀγάπη
935 2339 1075 2403 ἐστὶ,
1105 2338 1200 2392 καὶ
1231 2339 1257 2390 ὁ
1290 2339 1467 2408 μένων
1500 2339 1558 2390 ὲν
1601 2341 1668 2410 τῇ
1721 2337 1907 2410 ἀγάπῃ
1955 2339 2012 2391 ἐν
2045 2337 2124 2407 τῷ

558 2427 676 2496 Θεῷ
717 2427 892 2496 μένει,
920 2427 1015 2480 καὶ
1045 2429 1072 2482 ὁ
1114 2426 1244 2490 Θεὸς
1289 2429 1346 2480 ὲν
1373 2427 1522 2497 αὑτῷ
1563 2427 1822 2483 καὶ-διότι
1854 2428 1989 2500 πρὸς
2025 2429 2125 2496 τήν

555 2512 872 2571 ἕνωσιν’τοῦ
903 2518 1096 2588 ἄκροις
1124 2519 1520 2590 συνερχομένου
1553 2518 1746 2572 ἕπεται
1776 2521 1937 2589 ἡδονὴ
1957 2520 2124 2589 ἄκρα,

557 2610 692 2679 αὐτῇ
726 2612 792 2679 τῇ
829 2609 950 2678 θεία
971 2610 1065 2664 καὶ
1087 2609 1240 2680 ἀϊδίῳ
1263 2610 1464 2680 θεωρίᾳ
1489 2609 1850 2681 ἀκολουθήσει
1876 2611 2125 2680 ἀνεκδιή-

557 2721 721 2772 γητος
741 2702 1011 2772 γλυκῦτης
1033 2703 1127 2756 καὶ
1151 2703 1334 2774 ἡδονὴ,
1353 2702 1418 2769 ἢν
1447 2701 1560 2772 ίδίῳ
1585 2701 1811 2770 ὀνόματι
1833 2701 2130 2758 ἀπόλαυσιν

557 2795 810 2862 λέγομεν,
844 2796 938 2847 καὶ
970 2793 1218 2862 τοιαύτη,
1240 2792 1432 2847 ὁποίαν
1460 2792 1582 2846 οὔτε
1618 2792 1740 2854 νοῦς
1767 2793 1980 2864 νοῆσαι,
2008 2792 2131 2846 οὔτε

557 2886 771 2952 γλῶττα
799 2885 1035 2954 δηλῶσαι
1063 2882 1275 2955 θνητῶν
1289 2884 1594 2947 δυνήσεται.
1609 2884 1712 2938 Ἦν
1729 2883 2020 2952 θαυμάζων
2034 2885 2136 2938 Δει-

558 2979 643 3034 ιὶδ
675 2982 701 3032 6
732 2980 1016 3048 προφήτης
1042 2979 1098 3030 ὲν
1125 2977 1400 3045 Πνεῦματι
1429 2975 1560 3031 ἐϐόα
1590 2975 1788 3044 λέγων,
1819 2995 1838 3027 ‹
1887 2977 1975 3040 Ὡς
1999 2978 2133 3031 πολὺ

2221 1884 2383 1939 quam
2404 1869 2734 1924 abscondisti
2763 1869 3083 1923 timentibus
3134 1877 3186 1923 te
3219 1869 3262 1900 ⁸¹
3292 1871 3306 1923 ι
3357 1888 3374 1921 ι
3411 1868 3621 1924 Praeter
3653 1872 3790 1938 prae-

2223 1963 2425 2018 dictaut
2471 1963 2670 2018 divina:
2697 1963 2928 2017 visionis
2981 1961 3400 2027 beatitudinem,
3450 1978 3556 2032 qua
3611 1963 3796 2016 anima

2225 2033 2410 2108 nostra
2448 2068 2524 2108 ex
2561 2054 2773 2123 integro
2811 2053 3208 2118 ielieitabitur,
3243 2053 3572 2108 habebimus
3631 2065 3688 2108 et
3739 2057 3794 2107 in

2224 2161 2455 2215 corpore
2506 2146 2825 2201 felicitatem
2885 2161 2987 2200 suo
3051 2145 3234 2200 modo.
3290 2146 3506 2200 Etenim
3565 2159 3798 2214 corpora

2222 2238 2507 2294 beatorum
2565 2249 2730 2294 erunt
2780 2238 3131 2300 immortalia,
3219 2237 3682 2308 incorruptibilia,
3740 2249 3800 2290 ut

2224 2330 2449 2385 omnino
2499 2329 2877 2397 it'npassibilla,
2937 2329 3160 2383 subtilia
3237 2328 3476 2397 denique
3529 2338 3584 2383 et
3621 2327 3798 2398 agibi-

2229 2421 2318 2483 lia,
2383 2433 2436 2476 et
2487 2423 2608 2491 plus
2637 2437 2800 2490 quam
2849 2422 2930 2476 sol
3008 2421 3170 2476 modo
3227 2423 3320 2486 sit,
3374 2419 3680 2490 splendida,
3744 2428 3804 2473 et

2230 2511 2576 2582 refulgentia.
2627 2509 2746 2566 Non
2795 2511 3108 2574 comedent,
3143 2526 3320 2578 neque
3349 2511 3541 2565 bibent
3573 2510 3647 2563 ibi
3677 2524 3799 2564 cor-

2232 2603 2516 2671 poraliter,
2539 2601 2741 2657 divina:
2757 2603 2989 2658 visionis
3010 2603 3278 2657 ineiiabili
3301 2603 3554 2656 satietate
3582 2601 3801 2670 repleti.

2234 2693 2500 2748 Similiter
2517 2709 2697 2762 neque
2729 2694 2962 2758 nubent,
2987 2709 3165 2762 neque
3189 2693 3494 2754 nubentur,
3517 2693 3608 2747 sed
3633 2699 3806 2746 erunt

2237 2784 2382 2839 sicut
2438 2784 2616 2854 angeli
2679 2783 2796 2850 Dei,
2864 2784 3084 2838 dicente
3139 2783 3372 2840 Domino
3432 2792 3622 2840 nostro
3673 2782 3806 2839 Iesu

2234 2877 2454 2934 Christo
2479 2879 2530 2930 in
2549 2877 2837 2946 Evangelio
2865 2895 2884 2927 ι
2911 2895 2922 2930 :
2950 2877 3007 2931 in
3029 2891 3268 2932 resurret
3287 2877 3434 2931 tione
3455 2876 3600 2930 enim
3629 2889 3808 2944 neque

2237 2968 2467 3030 nubent,
2503 2951 2679 3035 neque
2708 2966 2854 3021 enim
2888 2965 3028 3020 ultra
3057 2966 3196 3020 mori
3230 2973 3508 3033 poterunt,
3541 2964 3635 3018 sed
3675 2973 3808 3017 sunt

557 3069 620 3120 τὸ
645 3066 848 3136 πλῆθος
899 3065 998 3135 τῆς
1029 3065 1374 3134 χριστότητό;
1410 3081 1524 3127 σου,
1559 3064 1753 3135 Κύριε,
1795 3065 1862 3134 ἣν
1889 3065 2129 3136 ἔκρυψας

2237 3061 2376 3114 sicut
2407 3057 2583 3128 angeli
2629 3059 2721 3112 Dei
2767 3057 2821 3110 in
2857 3058 3016 3122 catlo,
3042 3067 3099 3110 et
3137 3057 3230 3110 filii
3288 3069 3415 3110 sunt
3450 3055 3544 3112 Dei
3575 3058 3641 3109 ⁵³.
3676 3073 3695 3109 ι
3736 3055 3807 3112 Ει

557 3159 670 3220 τοῖς
708 3155 1065 3226 φοϐουμένοις
1114 3172 1195 3210 σε.
1227 3173 1243 3205 ι
1283 3155 1440 3223 Παρὰ
1483 3154 1538 3208 δὲ
1583 3157 1684 3222 τὴν
1716 3157 2126 3224 προειρημένην

557 3251 657 3318 τῆς
699 3249 850 3312 θείας
884 3248 1124 3317 θεωρίας
1165 3247 1570 3316 μακαριότητα,
1625 3241 1768 3318 ᾗτινι
1812 3248 1846 3316 ἡ
1884 3247 2127 3316 ἡμετέρα

559 3342 704 3413 ψυχὴ
741 3341 798 3408 ἐξ
845 3339 1108 3410 ἀκεραίου
1163 3339 1652 3409 μακαρισθήσεται,
1692 3337 1886 3407 ἕξομεν
1927 3339 2022 3392 καὶ
2071 3342 2130 3392 ὲν

559 3436 638 3505 τῷ
673 3435 886 3503 σώματι
935 3433 1034 3503 τὴν
1079 3431 1448 3499 εὐδαιμονίαν,
1483 3417 1626 3484 κατὰ
1655 3431 1745 3482 τὸν
1781 3430 1948 3484 αὐτοῦ
2000 3431 2128 3497 τρό-

561 3544 682 3580 πον.
715 3527 824 3580 Kal
870 3523 976 3593 γὰρ
1027 3521 1096 3575 τὰ
1136 3524 1367 3591 σώματα
1409 3520 1519 3573 τῶν
1575 3521 1865 3590 μακαρίων
1913 3521 2129 3576 ἔσονται

561 3619 824 3682 ἀθάνατα,
883 3617 1174 3686 ἄφθαρτα,
1211 3614 1305 3667 καὶ
1370 3615 1652 3676 παντελῶς
1699 3614 1909 3686 ἀπαθῆ,
1957 3615 2131 3670 λεπτὰ

561 3713 698 3782 πρὸς
725 3711 957 3774 τούτοις,
999 3709 1094 3763 καὶ
1137 3707 1342 3776 κοῦφα,
1391 3706 1488 3761 καὶ
1534 3707 1695 3760 πλέον
1741 3707 1882 3778 παρὸ
1924 3707 1951 3758 6
1979 3707 2133 3778 ἥλιος

563 3805 658 3858 νῦν
683 3808 823 3868 ἐστι,
858 3801 954 3854 καὶ
995 3798 1229 3872 λαμπρὰ
1259 3793 1352 3852 καὶ
1386 3799 1790 3868 ἀστράπτοντα.
1825 3799 1901 3854 Οὐ
1933 3798 2134 3869 φάγον-

562 3911 655 3947 ται
699 3893 836 3956 East,
874 3889 998 3943 οὐδὲ
1041 3890 1254 3943 πίονται
1287 3887 1636 3959 σωματικῶς,
1669 3887 1742 3956 τῷ
1791 3887 2016 3959 ἀρρήτῳ
2045 3905 2134 3942 κο-

567 3983 777 4056 ρακινῷ
837 3981 938 4050 τῆς
1000 3980 1150 4055 θείας
1209 3977 1445 4050 θεωρίας
1501 3977 1944 4048 πεπληρωμένοι.
1991 3976 2132 4031 Οὕτε

563 4077 834 4146 γαμοῦσιν
890 4072 1093 4142 ὁμοίοις
1162 4073 1278 4124 ὲκετ
1309 4109 1325 4134 ,
1375 4068 1500 4122 οὔτε
1547 4067 1963 4136 ἐκγαμίζονται,
2015 4069 2134 4123 ἀλλ’

563 4166 778 4220 ἔσονται
807 4163 882 4224 ὡς
917 4161 1140 4230 ἄγγελοι
1171 4159 1326 4226 Θεοῦ,
1357 4159 1610 4226 λέγοντος
1639 4157 1732 4211 τοῦ
1767 4157 2127 4226 Εὐαγγελίου,

570 4275 590 4310 t
631 4258 719 4309 Ἑν
749 4257 856 4324 γὰρ
881 4255 946 4324 τῇ
977 4251 1274 4305 ἀναστάσει
1301 4249 1422 4302 οὔτε
1453 4249 1744 4318 γαμοῦσιν,
1791 4248 1912 4302 οὔτε
1961 4251 2130 4316 ἐκγα-

571 4347 852 4418 μίζονται·
897 4341 1018 4396 οὐδὲ
1073 4339 1179 4408 γὰρ
1229 4337 1306 4392 ἔτι
1346 4337 1740 4406 ’ἀποθνήσκειν
1788 4336 2128 4404 δυνήσονται,

2235 3153 2469 3206 iterum:
2505 3169 2524 3200 ι
2567 3149 2722 3204 Tunc
2773 3147 3236 3218 fulgebuntjusti,
3263 3149 3406 3203 sicut
3434 3147 3515 3201 sol
3545 3147 3598 3202 in
3635 3163 3802 3216 regno

2233 3241 2408 3294 Patris
2436 3255 2628 3294 eorum
2652 3240 2720 3292 ⁸³.
2762 3257 2781 3288 ι
2821 3237 2888 3292 Ει
2936 3240 3082 3294 sicut
3109 3239 3176 3293 de
3229 3239 3510 3304 societate,
3540 3241 3612 3292 ita
3645 3251 3705 3293 et
3732 3239 3802 3292 de

2232 3333 2549 3386 conditione
2581 3333 2848 3400 ipsorum,
2884 3345 2994 3400 quo
3025 3330 3090 3385 ad
3138 3331 3450 3402 bujusmodi
3491 3321 3648 3387 ae'tus
3678 3345 3798 3386 cor-

2233 3436 2432 3492 poreos
2461 3422 2812 3492 gaudebunt;
2845 3423 2973 3490 quia
3004 3423 3215 3476 nullum
3243 3420 3351 3476 erit
3382 3421 3456 3474 ibi
3505 3421 3616 3476 cibi
3657 3420 3807 3477 desié

2233 3513 2472 3575 deriuu‘t,
2515 3514 2663 3568 nulla
2695 3514 2768 3568 ibi
2805 3512 3130 3568 exardescet
3161 3513 3348 3577 libido,
3381 3511 3545 3568 nulla:
3581 3511 3807 3580 reliqua:

2237 3609 2543 3678 passiones,
2575 3607 2764 3678 quales
2801 3607 2966 3662 modo
2999 3606 3238 3676 patimur
3272 3605 3542 3674 corporis.
3580 3605 3700 3660 Non
3733 3606 3812 3660 la-

2233 3714 2450 3768 crymze,
2483 3712 2592 3752 non
2621 3697 2824 3764 luctus,
2858 3713 2965 3753 non
2991 3696 3224 3762 clamor,
3255 3711 3364 3749 nun
3391 3695 3628 3764 denique
3665 3696 3814 3750 ullus

2234 3789 2413 3854 dolor,
2477 3803 2582 3842 non
2637 3787 3015 3857 aegritudines,
3067 3803 3178 3840 non
3239 3786 3665 3862 imbecillitates,
3697 3801 3804 3842 non

2235 3879 2572 3950 paupertatis
2598 3889 2795 3933 metus.
2826 3878 2996 3935 Nemo
3032 3877 3101 3932 ibi
3139 3877 3388 3939 lzedetur,
3421 3891 3582 3929 nemo
3604 3877 3804 3930 irasce-

2237 3982 2346 4037 tur,
2377 3987 2536 4026 nemo
2583 3969 2849 4024 invidebit
2883 3971 3152 4037 proximo.
3186 3969 3340 4024 Nulla
3370 3968 3606 4036 pulsabit
3637 3968 3812 4023 hono-

2236 4065 2331 4126 ris,
2360 4071 2455 4116 aut
2491 4063 2776 4130 potestatis
2811 4060 3056 4115 ambitio.
3090 4060 3246 4114 Nulla
3287 4060 3393 4114 erit
3423 4071 3554 4114 tunc
3595 4059 3808 4113 discor-

2235 4151 2346 4211 dia,
2381 4151 2474 4204 sed
2527 4162 2722 4204 cuncta
2757 4164 3024 4204 consona.
3088 4149 3283 4204 Nullus
3317 4150 3423 4204 erit
3479 4149 3552 4203 ibi
3603 4147 3808 4204 diaboli

2236 4254 2416 4297 metus
2445 4260 2459 4307 ;
2487 4241 2696 4295 insidia:
2736 4240 3046 4295 daemonum
3101 4241 3296 4295 nullae:
3332 4243 3494 4294 timor
3545 4240 3810 4311 gehenna:

2235 4334 2464 4403 procul:
2499 4334 2794 4402 tranquilla
2845 4341 3011 4387 erunt
3042 4333 3249 4395 omnia,
3313 4341 3368 4385 et
3419 4348 3544 4386 cum
3603 4343 3810 4386 aeterna

565 4439 678 4494 ἀλλ’
713 4439 852 4491 εἰσὶν
906 4433 980 4496 ὡς
1018 4433 1066 4486 oi
1103 4429 1328 4497 ἄγγελοι
1357 4429 1450 4481 τοῦ
1505 4428 1642 4482 Θεοῦ
1691 4429 1746 4482 ὲν
1789 4427 1865 4496 τῷ
1893 4425 2127 4496 οὐρανῷ,

2237 4427 2530 4482 securitate
2555 4425 2696 4496 jugis
2723 4424 3002 4492 splendor.
3034 4425 3174 4479 Vere
3207 4424 3533 4494 degenerat,
3564 4423 3658 4492 qui
3710 4423 3814 4476 hu~

567 4527 663 4580 καὶ
697 4523 801 4576 υἱοί
835 4521 942 4573 εἰσι
994 4518 1088 4572 τοῦ
1145 4517 1302 4570 Θεοῦ.
1338 4535 1355 4568 t
1397 4517 1504 4570 Καὶ
1536 4515 1719 4580 πάλιν,
1759 4535 1778 4566 ι
1814 4516 1950 4568 Τότε
1998 4515 2138 4582 λάμ-

565 4616 760 4678 ῲουσιν
813 4613 864 4664 oi
912 4610 1110 4664 δίκαιοι
1149 4607 1225 4667 ὡς
1270 4610 1298 4660 ό
1336 4607 1486 4676 ἣλιος
1531 4609 1589 4658 ἐν
1635 4609 1699 4676 τῇ
1749 4606 1995 4681 βασιλείᾳ
2041 4607 2134 4658 τοῦ

570 4703 783 4772 Πατρὸς
814 4698 1013 4752 αὐτῶν.
1063 4715 1082 4748 ι
1128 4695 1236 4748 Καὶ
1280 4693 1470 4750 ὥσπερ
1522 4695 1654 4764 περὶ
1691 4694 1792 4761 τῆς
1825 4694 2134 4758 κοινωνίας,

570 4795 712 4850 οὕτω
741 4795 837 4848 καὶ
880 4791 1008 4862 περὶ
1041 4789 1138 4858 τῆς
1178 4787 1567 4849 καταστάσεως
1599 4785 1802 4850 αὐτῶν,
1845 4787 1970 4840 ὅσον
2001 4788 2136 4857 πρὸς

569 4885 666 4950 τὰς
693 4883 948 4943 τοιαύτας
991 4879 1270 4950 ἐνεργείας
1321 4877 1412 4932 τοῦ
1458 4877 1712 4959 σώματος
1755 4879 2136 4948 χαιρήσουσιν.

572 4979 718 5033 Διότι
746 4977 847 5030 οὒκ
885 4973 1038 5026 ἔσται
1088 4973 1205 5026 ἐκεῖ
1237 4971 1525 5042 βρώματος
1575 4971 1866 5041 ἐπιθυμία,
1915 4970 2136 5039 οὐδεμία

571 5071 688 5123 εκεῖ
719 5065 1117 5134 ἐκκαυθήσεται
1153 5064 1444 5126 ἀκολασία,
1489 5061 1608 5114 οὐδὲ
1643 5062 1710 5114 τὰ
1758 5061 1922 5114 λοιπά
1958 5062 2134 5130 πάθη,

572 5163 730 5215 ὁποῖα
764 5159 858 5212 νῦν
891 5157 1172 5225 πάσχομεν
1210 5153 1304 5207 τοῦ
1349 5153 1637 5222 σώματος·
1691 5153 1750 5206 οῦ
1802 5151 2035 5222 δάκρυα,
2074 5152 2134 5203 οὐ

573 5252 791 5321 θρῆνος,
822 5253 882 5302 οὐ
934 5245 1186 5310 κοπετὸς,
1215 5247 1276 5298 οὐ
1313 5247 1474 5308 πόνος
1503 5245 1696 5309 οὐδεὶς,
1756 5245 1818 5296 οὐ
1870 5243 2135 5314 χαυνότης

571 5343 882 5406 ἀσθενείας,
923 5343 983 5394 οὐ
1017 5340 1180 5408 φόϐος
1209 5339 1505 5408 πτωχείας.
1543 5338 1730 5400 Οὐδεὶς
1763 5339 1878 5390 ἐκεῖ
1909 5336 2142 5406 βλάπτε-

573 5449 685 5495 ται,
741 5433 913 5493 οὐδεὶς
945 5431 1261 5502 ὀργίζεται,
1313 5430 1488 5492 οὐδεὶς
1543 5427 1730 5498 ῴθονεί
1769 5429 1845 5500 τῷ
1891 5431 2138 5498 πλησίον,

575 5523 814 5592 Οὸδεμία
837 5522 1021 5576 νύσσει
1051 5521 1216 5592 τιμῆς
1239 5522 1272 5592 ἢ
1293 5520 1571 5589 δυνάμεως
1589 5520 1888 5590 φιλοτιμία,
1915 5523 2139 5590 οὐδεμία

647 5655 692 5688 δ’
720 5659 875 5713 Joan.
909 5674 1036 5726 xvn,
1073 5657 1124 5712 5.
1199 5658 1246 5690 ⁸ο
1276 5655 1430 5712 Joan.
1467 5671 1538 5721 vi,
1575 5656 1662 5710 57.
1737 5657 1780 5688 "
1818 5657 1960 5726 P'sal.
1994 5673 2116 5724 xxx,
2143 5657 2236 5712 ‘20.

576 5740 673 5793 νιι,
709 5728 798 5782 ⁸24.
875 5733 920 5764 ⁸⁸
949 5729 1124 5784 Galat.
1155 5744 1214 5794 ιι,
1238 5729 1329 5781 20.
1408 5729 1454 5760 ⁵⁸
1480 5727 1714 5794 Pailipp.
1759 5742 1794 5791 ι,
1827 5729 1917 5781 ‘25.

2235 4520 2324 4589 jus
2352 4518 2474 4574 vitae
2505 4533 2691 4572 amore
2723 4533 2831 4570 non
2856 4517 3098 4586 capitur,
3129 4517 3180 4569 in
3217 4532 3324 4586 qua
3357 4516 3562 4570 divitiae
3597 4524 3652 4569 et
3674 4515 3812 4569 deli-

2240 4609 2338 4664 ciae.
2367 4617 2422 4662 et
2455 4607 2650 4677 gaudia
2677 4608 2755 4662 sic
2781 4607 3130 4671 inchoantur,
3164 4617 3222 4659 ut
3263 4607 3406 4662 (iniri
3441 4621 3549 4660 non
3574 4604 3804 4676 possint.

2241 4699 2408 4771 Cujus
2465 4701 2557 4770 qui
2623 4708 2834 4754 amator
2879 4714 3002 4754 esse
3057 4700 3314 4763 noluerit.
3369 4709 3426 4754 et
3483 4709 3806 4768 praesentem

2242 4792 2432 4862 perdet
2478 4791 2644 4844 vitam
2702 4790 3084 4858 temporalem,
3141 4799 3198 4845 et
3256 4791 3398 4844 hanc
3446 4801 3712 4846 aeternam
3743 4790 3812 4844 de

2244 4900 2351 4954 qua
2381 4884 2661 4954 loquimur
2693 4898 2800 4937 non
2829 4883 3094 4944 inveniet.
3129 4895 3294 4955 atque
3315 4903 3346 4942 a
3386 4900 3563 4947 morte
3608 4901 3812 4950 aeterna

2245 4978 2513 5047 capietur.
2549 4975 2724 5044 Hujus
2751 4986 2970 5031 aeternae
2999 4977 3146 5036 vitae.
3175 4987 3232 5032 et
3263 4989 3480 5036 teteruae
3509 4982 3810 5050 felicitatis,

2247 5067 2376 5121 olim
2409 5081 2636 5134 magnus
2665 5065 2866 5120 Paulus
2898 5073 3084 5120 noster
3131 5066 3259 5122 Jesu
3295 5067 3504 5124 Christi
3541 5072 3816 5128 desiderio

2248 5169 2476 5222 tractus,
2532 5157 2598 5211 de
2634 5157 2827 5210 exsilio
2858 5158 2983 5212 vitae
3027 5161 3312 5227 praesentis
3339 5177 3704 5231 conquerens,
3737 5167 3816 5221 sic

2247 5248 2516 5303 clamabat
2544 5267 2556 5302 :
2603 5266 2621 5298 ι
2661 5249 2704 5304 Ο
2746 5249 2932 5302 infeiix
2963 5249 3147 5316 homo,
3177 5251 3302 5320 quis
3332 5267 3417 5306 me
3460 5253 3719 5309 liberal'it
3747 5256 3816 5310 de

2249 5355 2476 5409 corpore
2525 5341 2714 5396 mortis
2771 5340 2932 5407 hujus
2961 5341 3142 5395 “?—-
3181 5342 3314 5397 Vivo
3364 5359 3486 5414 ego,
3539 5345 3652 5414 jam
3705 5361 3815 5400 nou

2247 5445 2370 5498 ego,
2406 5431 2540 5484 vivit
2570 5439 2750 5484 autem
2783 5432 2836 5486 in
2869 5445 2955 5489 me
2988 5430 3238 5486 Christus
3265 5433 3330 5484 ".
3359 5422 3432 5471 ’-
3483 5431 3660 5501 Cupio
3700 5420 3816 5489 dis-

2249 5521 2404 5587 solvi,
2453 5535 2506 5578 et
2541 5539 2662 5578 esse
2713 5539 2835 5578 cum
2886 5524 3104 5578 Christo
3129 5525 3192 5577 ⁸⁸.
3237 5525 3612 5580 iAbSCuudita
3665 5530 3815 5581 enim

2315 5657 2359 5690 "
2388 5658 2580 5712 Matth.
2611 5673 2740 5722 χχιι,
2773 5659 2860 5714 50.
2937 5656 2980 5690 ⁸³
3017 5655 3205 5712 Matth.
3245 5672 3362 5724 xm,
3407 5658 3493 5711 45.
3569 5659 3616 5692 ⁸⁸
3647 5657 3806 5714 lium.
