4070 6450
345 269 480 332 Ηόἷ

1539 263 1545 266 ’
1587 263 1970 324 DEMETRII
2005 263 2314 323 CYDONIl

3479 259 3617 321 1168

339 403 423 445 est
455 388 780 445 mortalibus
843 388 930 441 illa
965 387 1074 442 vita
1105 405 1117 454 ;
1148 386 1277 456 quia
1331 380 1574 454 quantliu
1632 399 1824 439 sumus
1865 383 1918 438 itt

2046 383 2191 435 ἔσται
2236 381 2355 432 τότε
2397 378 2653 447 διχόνοια.
2706 376 2839 430 ἀλλά
2881 376 3146 445 σύμφωνα
3199 376 3398 430 πάντα.
3444 381 3615 434 Οὐδὲν

342 484 567 542 mnmlo,
597 480 1014 551 peregrinamur
1042 495 1071 532 a
1101 478 1412 532 Domino".
1443 476 1548 531 Sed
1583 485 1712 531 tunc
1767 491 1925 530 reve-

341 577 570 631 labitur.
622 581 677 626 et
733 570 1198 634 manifestabitnr,
1265 584 1390 622 eum
1450 567 1714 622 Dominus
1765 568 1926 622 Jesns

340 666 576 736 cmperit
613 680 712 732 pro
746 665 984 718 terrenis
1035 661 1300 724 caelestia,
1370 675 1467 730 pro
1525 659 1925 728 temporalibus

342 759 705 828 sempiterna,
731 773 831 828 pro
868 755 1098 811 modicis
1129 769 1320 822 magna
1355 759 1635 823 praestare.
1659 759 1716 806 et
1747 749 1927 804 addu-

342 866 469 904 cere
496 865 684 904 secum
719 858 942 903 sanctos
975 846 1028 900 in
1066 845 1278 898 visione
1335 852 1575 913 paternae
1632 842 1840 912 gloriae,
1876 848 1932 896 et

341 943 528 997 facere
563 956 749 996 secum
776 941 828 993 in
874 938 1197 993 caelestibus
1254 936 1571 1000 considere,
1604 937 1800 1004 suique
1827 934 1929 988 im-

343 1033 735 1088 mortalitatem
760 1031 967 1101 largiri,
994 1031 1058 1084 ad
1083 1045 1246 1098 quam
1273 1029 1354 1082 sui
1377 1027 1659 1096 sanguinis
1688 1026 1932 1080 viviﬁca-

348 1127 502 1180 tione
533 1140 628 1179 eos
663 1123 960 1193 reparavit.
992 1141 1010 1172 ι
1046 1122 1090 1175 0
1120 1137 1287 1190 quam
1320 1119 1560 1188 gloriosa
1601 1117 1746 1171 dicta
1803 1123 1934 1169 sunt

343 1219 414 1273 de
441 1229 514 1280 te,
559 1217 753 1270 civitas
784 1215 937 1268 Dei"
965 1215 976 1266 l
1002 1211 1116 1268 -O
1133 1227 1296 1282 quam
1319 1212 1516 1266 dilecta
1556 1208 1936 1270 tabernacula,

349 1309 581 1363 Domine
641 1308 909 1360 virtutum
957 1306 969 1358 l
1019 1302 1363 1372 concupiscit
1397 1309 1453 1356 et
1508 1298 1694 1353 deﬁcit
1747 1299 1929 1352 anima

346 1417 467 1455 mea
505 1400 558 1454 in
596 1398 735 1470 atria
771 1396 984 1451 Domini
1012 1397 1081 1458 ⁸ο,
1107 1413 1125 1446 ι
1167 1393 1389 1448 dicebat
1434 1390 1738 1462 propheta;
1781 1408 1800 1440 ι
1836 1402 1934 1444 cor

345 1505 532 1546 meum
591 1499 644 1545 et
693 1502 824 1543 caro
882 1502 1003 1542 mea
1049 1484 1469 1540 exsultavcrunt
1518 1483 1572 1538 in
1626 1481 1796 1537 Deum
1854 1480 1936 1535 vi-

344 1600 474 1638 vum
503 1582 569 1636 ⁶⁰.
607 1601 626 1634 ι

2032 472 2187 525 ἔσται
2219 473 2337 523 ἐκεῖ
2369 470 2462 524 τοῦ
2487 469 2736 522 διαϐόλου
2765 469 2910 534 δέος,
2946 468 3135 538 ἐνέδρα
3166 469 3436 538 δαιμόνων
3462 472 3614 525 οὐδε-

2036 565 2159 633 μία,
2208 564 2372 632 φόϐος
2401 563 2503 633 τῆς
2549 563 2777 632 γεέννης
2827 563 3076 632 μακράν.
3129 563 3343 632 Γαληνὰ
3399 565 3614 618 ἔσονται

2036 656 2238 720 πάντα,
2273 654 2366 706 καὶ
2397 653 2496 706 σὺν
2523 653 2729 722 αἰωνίῳ
2759 653 3052 724 ἀσφαλείᾳ.
3094 654 3172 725 Τῇ
3201 655 3428 726 ἀληθεία
3456 660 3617 724 ἀγεν-

2037 747 2138 811 νής
2191 747 2366 810 ἐστιν,
2395 745 2544 807 ὅστις
2574 745 2674 815 οὐχ
2708 743 2997 798 ἁλίσκεται
3043 744 3120 816 τῷ
3154 745 3303 815 πόθῳ
3337 747 3432 815 τῆς
3466 748 3612 814 ζωῆς
3687 744 3690 745 ⁷

2037 835 2265 906 ταύτης,
2299 837 2358 888 ἐν
2403 830 2436 909 ᾗ
2481 835 2713 899 πλοῦτος
2747 835 2842 888 καὶ
2885 835 3090 904 τρυφαὶ
3147 840 3242 890 καὶ
3287 837 3615 907 εὐφροσύναι

2039 928 2215 992 οὕτως
2269 928 2554 998 ἄρχονται,
2629 928 2708 993 ὡς
2771 928 2846 1000 μὴ
2904 927 3165 983 δύνασθαι
3231 930 3606 998 τελειωθῆναι·

2039 1017 2260 1093 ἧστινος
2306 1021 2334 1076 ό
2387 1020 2462 1090 μὴ
2524 1019 2695 1073 θέλων
2769 1019 3026 1088 γενέσθαι
3099 1021 3332 1093 ἐραστὴς
3378 1022 3470 1075 καὶ
3519 1024 3617 1091 τήν

2037 1113 2321 1186 παροῦσαν
2357 1116 2452 1168 καὶ
2484 1115 2822 1184 πρόσκαιρον
2867 1114 3063 1167 ἀπολεῖ
3091 1114 3259 1185 ζωὴν,
3288 1117 3381 1169 καὶ
3407 1115 3614 1185 ταύτην

2036 1208 2136 1278 τὴν
2170 1207 2341 1260 ἀΐδιον
2368 1207 2499 1275 περὶ
2531 1200 2598 1277 ἦς
2623 1204 2992 1276 διαλεγόμεθα
3021 1207 3117 1276 οὐχ
3147 1208 3394 1277 εὑρήσει,
3421 1209 3509 1260 καὶ
3540 1208 3618 1278 τῷ

2039 1300 2246 1368 αἰωνίῳ
2296 1299 2516 1368 θανάτῳ
2547 1299 2976 1369 κρατηθήσεται.
3013 1301 3230 1372 Ταύτης
3277 1303 3374 1372 τῆς
3399 1304 3618 1356 αἰωνίου

2043 1391 2191 1460 ζωῆς
2219 1392 2317 1445 καὶ
2345 1392 2520 1446 ἀϊδίου
2562 1392 2916 1462 εὐδαιμονίας
2953 1394 3120 1449 πάλαι
3152 1398 3180 1448 ὁ
3213 1396 3383 1464 μέγας
3407 1395 3619 1459 Παῦλος

2045 1484 2226 1556 ήμῶν,
2258 1484 2286 1535 ὁ
2316 1483 2614 1546 ἀπόστολος
2647 1483 2743 1536 τοῦ
2788 1484 2962 1554 Ἰησοῦ
3010 1485 3285 1556 Χριστοῦ,
3328 1489 3394 1557 τῇ
3435 1488 3622 1540 ἐπιθυ-

1982 1579 1984 1581 ’
2047 1576 2147 1646 μία
2174 1576 2480 1642 ἑλκυσθεὶς,
2511 1577 2639 1646 περὶ
2663 1577 2763 1647 τῆς
2794 1576 3008 1648 ἐξορίας
3046 1579 3146 1648 τῆς
3169 1579 3450 1649 παρούσης
3473 1579 3620 1646 ζωῆς

343 1677 714 1746 λυπούμενος,
739 1674 916 1739 οὓτως
965 1674 1124 1728 ὲόόα’
1164 1693 1183 1726 ι
1223 1668 1296 1726 Ὦ
1331 1673 1602 1744 δυστυχὴς
1645 1671 1928 1742 ἄνθρωπε,
1971 1670 2055 1734 τίς
2097 1689 2165 1742 με
2234 1673 2459 1743 ῥύσεται
2492 1675 2557 1726 ὲκ
2619 1673 2715 1727 τοῦ
2763 1671 3020 1745 σώματος
3046 1675 3142 1728 τοῦ
3172 1675 3368 1745 θνητοῦ
3393 1676 3619 1734 soritae;

345 1772 434 1825 Ζῶ
466 1768 575 1839 ἐγὼ
600 1771 725 1840 ήδη,
765 1771 868 1822 οὐκ
897 1767 1032 1836 ἐγὼ,
1059 1768 1125 1837 ζῇ
1161 1766 1217 1820 δὲ
1249 1768 1306 1820 ἐν
1339 1768 1465 1836 ἐμοὶ
1498 1767 1756 1838 Χριστός.
1780 1797 1851 1807 -
1890 1766 2179 1837 Ἐπιθυμῶ
2207 1766 2496 1833 ἀναλῦσαι,
2525 1771 2620 1824 καὶ
2645 1769 2742 1821 σὺν
2768 1767 2992 1840 Χριστῷ
3021 1766 3214 1824 εἶναι.»
3267 1771 3621 1841 Ἀπεκρύφθη

345 1871 459 1938 γάρ
489 1869 600 1929 τοῖς
631 1865 856 1935 θνητοῖς
887 1864 1072 1934 ἐκείνη
1101 1865 1134 1934 ἡ
1167 1865 1300 1934 ζωή.
1332 1864 1479 1916 Διότι
1536 1865 1621 1932 ἐφ’
1660 1864 1785 1916 ὅσον
1809 1927 1822 1937 .
1844 1863 2014 1926 ἐσμὲν
2055 1865 2112 1916 ὲν
2139 1861 2217 1933 τῷ
2247 1865 2462 1934 κόσμῳ,
2503 1864 2895 1934 ἀποδημοῦμεν
2923 1864 3032 1919 ἀπὸ
3063 1864 3158 1918 τοῦ
3192 1866 3419 1934 Κυρίου.
3463 1866 3622 1919 Ἀλλὰ

347 1963 474 2015 τότε
504 1959 1028 2029 ἀποκαλυφθήσεται
1077 1960 1171 2012 καὶ
1203 1959 1682 2030 φανερωθήσεται,
1731 1959 1936 2012 ὁπόταν
1974 1964 2002 2012 ό
2035 1959 2240 2031 Κύριος
2283 1959 2496 2030 Ἰησοῦς
2556 1959 2788 2030 ἄρξηται
2845 1962 2968 2014 ἀντὶ
3002 1960 3107 2015 τῶν
3137 1961 3339 2030 γηΐνων
3368 1963 3436 2016 τά
3461 1963 3624 2033 οὐρά-

346 2077 462 2125 νια,
509 2058 631 2112 ἀντὶ
661 2057 768 2110 τῶν
811 2057 1170 2126 προσκαίρων
1207 2058 1275 2110 τὰ
1323 2056 1492 2120 ἀΐδια,
1542 2057 1664 2110 ἀντὶ
1713 2056 1820 2109 τῶν
1853 2057 2066 2128 μικρῶν
2092 2057 2158 2110 τὰ
2199 2059 2412 2128 μεγάλα
2439 2057 2660 2123 διδόναι,
2725 2059 2820 2112 καὶ
2882 2058 3258 2127 προσάγεσθαι
3327 2063 3423 2116 σὺν
3475 2062 3626 2133 αὐτῷ

348 2155 477 2215 τοὺς
509 2153 702 2220 ἁγίους
729 2153 788 2204 ἐν
819 2153 885 2222 τῇ
933 2149 1140 2222 θεωρίᾳ
1169 2151 1269 2220 τῆς
1301 2150 1575 2221 πατρικῆς
1615 2150 1808 2221 δόξηςσ
1843 2153 1937 2205 καὶ
1975 2153 2150 2206 ποιεῖν
2203 2155 2323 2220 μετ’
2375 2151 2542 2205 αὐτοῦ
2591 2153 2650 2205 ὲν
2715 2153 2830 2214 τοῖς
2874 2151 3151 2223 οὐρανίοις
3225 2155 3623 2224 συγκαθῆσθαι,

347 2248 449 2304 καὶ
475 2245 574 2315 τὴν
613 2246 919 2298 ἀθανασίαν
949 2243 1048 2315 τὴν
1090 2244 1231 2297 ίδίαν
1259 2243 1576 2315 δωρεῖσθαι,
1637 2245 1775 2314 πρὸς
1807 2244 1873 2315 ἣν
1920 2247 1988 2314 τῇ
2030 2244 2358 2315 ζωοποιήσει
2388 2247 2485 2299 τοῦ
2526 2245 2656 2298 ἰδίου
2696 2245 2927 2315 αἵματος
2966 2247 3165 2310 αὐτοὺς
3194 2249 3622 2320 παρεσκεύασεν.

357 2364 376 2394 ε
438 2342 525 2402 Ὠς
554 2336 921 2406 δεδοξασμένα
951 2337 1192 2407 ἐλαλήθη
1248 2337 1382 2408 περὶ
1414 2337 1531 2402 σοῦ,
1583 2339 1617 2406 ή
1656 2337 1813 2400 πόλις
1861 2337 1954 2390 τοῦ
1996 2337 2164 2391 Θεοῦί
2241 2338 2330 2401 Ὡς
2357 2339 2617 2408 ἀγαπητὰ
2663 2339 2732 2392 τά
2778 2334 3116 2410 σ’κηνώματά
3159 2357 3272 2406 σου,
3317 2342 3487 2412 Κύριε
3518 2346 3628 2397 τῶν

351 2441 673 2510 δυνάμεωνί
715 2438 1013 2508 Ἐπιθυμεῖ
1046 2439 1142 2490 καὶ
1182 2435 1425 2488 ἐκλείπει
1489 2436 1523 2503 ή
1574 2433 1721 2505 ψυχή
1776 2453 1877 2504 μου
1943 2437 2024 2497 εἰς
2060 2436 2158 2498 τάς
2193 2435 2365 2498 αὐλὰς
2405 2435 2502 2489 τοῦ
2547 2435 2777 2507 Κυρίου,
2804 2455 2821 2487 ι
2866 2436 3052 2505 ἔλεγεν
3102 2437 3131 2489 ό
3170 2439 3493 2508 προφήτης,
3528 2455 3546 2488 ι
3591 2439 3625 2507 ή

351 2534 552 2601 καρδία
597 2550 700 2600 μου
743 2533 838 2584 καὶ
883 2533 916 2600 ἡ
953 2529 1090 2599 σάρξ
1143 2546 1247 2598 μου
1283 2528 1654 2597 ἠγαλλιάσατο
1694 2528 1788 2581 ἐπὶ
1821 2527 1942 2597 Θεῷ
1981 2529 2164 2592 ζῶντι.
2201 2547 2219 2580 ι

424 2629 572 2684 Talis
604 2627 852 2697 profecto
889 2636 974 2681 est
1019 2626 1254 2680 felicitas
1282 2623 1726 2678 Christianorum
1755 2641 1771 2690 ;
1824 2626 1948 2681 talis
1981 2634 2021 2687 Β

353 2736 482 2789 spes
510 2732 730 2784 nostra;
757 2719 878 2772 talis
909 2717 1083 2772 sancti
1103 2717 1384 2786 Evangelii
1413 2717 1534 2770 linis
1564 2726 1619 2771 et
1643 2719 1935 2773 terminus.

352 2813 474 2866 Neu
516 2811 732 2881 qualem
769 2825 898 2866 caro
925 2820 978 2864 et
1031 2811 1256 2880 sanguis
1281 2811 1558 2879 promittit
1605 2809 1788 2876 nobis,
1841 2810 1938 2864 sed

354 2905 574 2973 qualem
624 2905 828 2959 habent
861 2904 1112 2959 caelestes
1163 2912 1219 2958 et
1269 2903 1502 2972 angelici
1540 2904 1788 2972 spiritus.
1833 2904 1938 2958 Pro

352 3016 466 3069 quo
505 2998 827 3058 obtinendo.
862 3012 968 3051 non
1003 2997 1203 3051 mirum
1236 2999 1278 3052 si
1307 2996 1521 3066 priores
1545 2997 1715 3051 nostri
1747 2997 1939 3052 Patres

355 3094 480 3161 igne
509 3089 795 3144 charitatis
827 3089 1068 3152 accensi,
1107 3087 1259 3141 varia
1314 3097 1370 3141 et
1403 3087 1694 3140 innumera
1745 3097 1939 3157 pertu-

357 3188 472 3238 lere
503 3184 760 3238 alacriter
790 3190 846 3236 et
877 3182 1184 3251 gaudenter
1246 3190 1519 3235 tormenta
1549 3199 1563 3245 ;
1617 3181 1662 3236 si
1697 3181 1941 3252 parenti.

353 3273 484 3336 bus,
541 3273 583 3327 si
633 3272 920 3335 uxoribus,
961 3272 1006 3326 si
1045 3270 1258 3333 liberis,
1314 3269 1358 3324 si
1416 3270 1655 3340 denique
1705 3270 1939 3336 divitiis,

349 3363 821 3418 delectationibus
884 3362 1086 3423 carnis,
1153 3360 1482 3430 eaeterisque
1549 3361 1714 3432 hujus
1752 3361 1943 3416 smculi

350 3456 520 3509 bonis
550 3464 745 3525 sponte
793 3454 1204 3518 renuntiabant,
1239 3463 1299 3506 ut
1328 3452 1395 3506 ad
1440 3453 1580 3507 hanc
1606 3462 1664 3508 et
1696 3454 1942 3509 velocius

351 3559 413 3602 ct
445 3547 700 3602 securius
731 3556 898 3615 atque
947 3545 1180 3600 liberius
1229 3546 1632 3616 pertingerent.
1691 3547 1759 3600 Et
1809 3547 1938 3616 quia

353 3640 602 3694 .charitas
666 3638 875 3691 Christi
923 3639 1066 3708 (qua:
1131 3646 1395 3706 quantum
1433 3639 1488 3692 in
1525 3653 1590 3692 ea
1657 3646 1763 3698 est.
1825 3641 1944 3692 vult

359 3745 556 3785 omnes
590 3729 844 3782 homines
863 3728 1046 3782 salvos
1075 3727 1213 3792 ﬁeri,
1247 3736 1303 3782 et
1331 3727 1397 3782 ad
1431 3728 1768 3797 agnitionem
1794 3729 1944 3782 veri-

361 3826 492 3880 tatis
516 3822 808 3893 pervenire
831 3822 899 3889 ")
927 3821 1110 3891 coegit
1140 3835 1258 3886 nos,
1295 3829 1354 3873 ut
1411 3819 1654 3874 dimissis
1682 3819 1943 3874 omnibus

359 3917 489 3971 vita:
519 3914 806 3985 praesentis
838 3913 1167 3976 commodis,
1224 3927 1254 3966 a
1307 3911 1631 3981 longinquis
1669 3911 1942 3980 partibus,

359 4018 419 4064 et
447 4022 570 4061 cum
601 4006 812 4076 magnis
839 4004 1126 4059 laboribus
1157 4017 1332 4072 usque
1363 4001 1430 4055 ad
1466 4016 1565 4055 vos
1605 4001 1944 4067 veniremus,

364 4100 884 4171 proﬁteremurque,
941 4107 998 4151 et
1026 4094 1489 4150 annuutiaremus
1545 4109 1667 4162 qua:
1707 4093 1942 4164 professi

365 4206 579 4258 sumus,
642 4199 699 4244 et
751 4187 1232 4249 annuntiavimus,
1270 4184 1397 4238 ideo
1459 4199 1713 4254 rogamus
1739 4199 1858 4247 vos,
1892 4193 1947 4238 et

365 4285 721 4341 obsecramus
748 4283 804 4337 in
838 4297 926 4346 eo,
949 4281 1044 4350 qui
1077 4294 1178 4333 nos
1195 4292 1389 4332 omnes
1416 4275 1484 4330 ad
1510 4277 1594 4332 sui
1620 4279 1940 4347 imaginem,

364 4375 666 4430 rationales
697 4383 752 4428 et
804 4368 1208 4428 intellectuales
1263 4367 1497 4431 creavit,
1555 4376 1616 4422 ut
1673 4369 1946 4438 patienter

370 4468 455 4521 his
486 4470 541 4520 in
567 4464 787 4534 scriptis
817 4459 1157 4529 suscipiatis,
1195 4473 1315 4528 qua:
1367 4459 1818 4512 annuntiavimus
1846 4475 1860 4511 :
1889 4470 1945 4512 et

369 4571 430 4612 ut
459 4557 773 4618 rationales,
804 4554 872 4609 ad
939 4551 1234 4620 imaginem
1286 4560 1342 4605 et
1390 4550 1811 4605 similitudinem
1849 4548 1941 4602 Dei

367 4655 558 4716 creati,
594 4651 798 4719 scripta
829 4655 1016 4702 nostra
1048 4659 1174 4699 cum
1233 4644 1444 4699 ratione
1513 4644 1843 4699 discutiatis.
1879 4643 1947 4697 Et

369 4747 413 4800 si
446 4745 575 4814 quid
611 4740 811 4797 rationi
837 4752 1143 4793 consonum
1175 4736 1487 4807 reperietis,
1524 4737 1657 4790 illud
1689 4747 1749 4791 ut
1774 4736 1946 4790 ratio-

371 4837 521 4889 nales
553 4833 836 4901 suscipite.
863 4829 924 4882 Si
962 4827 1097 4896 quid
1142 4841 1274 4881 vero
1306 4827 1472 4882 aliter
1505 4827 1664 4881 vobis
1696 4825 1948 4880 videntur

369 4941 489 4980 esse
527 4924 867 4985 nuntiatum,
905 4934 1034 4977 ecce
1077 4926 1298 4990 paratos
1329 4935 1430 4974 nos
1447 4919 1754 4985 efferimus,
1780 4919 1946 4974 etiam

372 5033 664 5086 quousque
698 5015 996 5070 reddamus
1025 5014 1282 5085 spiritum
1336 5013 1402 5068 ad
1434 5013 1628 5078 Deum,
1665 5013 1758 5084 qui
1819 5011 1949 5067 fet-it

375 5096 552 5170 illum,
579 5108 632 5159 in
652 5107 801 5160 illius
829 5104 1035 5159 auxilio
1059 5114 1112 5158 et
1131 5106 1360 5166 virtute.
1383 5103 1474 5173 qui
1496 5103 1635 5157 dixit
1654 5102 1824 5171 :,Dum
1841 5111 1950 5156 ste-

377 5201 555 5255 teritis
584 5209 710 5254 ante
742 5213 898 5268 reges
925 5207 980 5252 et
1014 5197 1296 5267 praesides,
1317 5197 1487 5253 nolite
1525 5199 1786 5267 cogitare,
1819 5210 1950 5264 quo-

2125 2624 2361 2689 Τοιαύτη
2410 2627 2488 2697 τῷ
2541 2626 2654 2679 ὐντι
2709 2626 2858 2678 ἐστὶν
2915 2627 2946 2697 ή
2994 2626 3304 2695 εὐδαιμονία
3349 2625 3454 2678 τῶν
3479 2625 3629 2695 Χρι-

2055 2717 2287 2770 πιανῶν
2313 2733 2326 2745 ·
2361 2718 2586 2786 τοιαύτη
2619 2719 2650 2785 ἡ
2702 2717 2855 2779 ἐλπὶς
2889 2718 2922 2788 ἡ
2951 2719 3191 2787 ἡμετέρα
3215 2734 3230 2750 ⁸
3264 2718 3495 2772 τοιοῦτον
3533 2720 3623 2772 τοῦ

2049 2810 2208 2876 ἁγίου
2232 2810 2565 2878 Εὐαγγελίου
2600 2810 2661 2862 τὸ
2687 2810 2838 2873 τέλος
2871 2813 2963 2864 καὶ
2991 2811 3051 2863 τὸ
3092 2811 3283 2882 πέρας.
3311 2814 3422 2884 Οὐχ
3450 2818 3625 2869 ὁποῖον

2054 2900 2192 2971 σὰρξ
2227 2901 2319 2954 καὶ
2347 2895 2487 2968 αἷμα
2517 2901 2860 2971 ὑπισχνεῖται
2901 2903 3049 2970 ὑμῖν,
3077 2904 3196 2956 ἀλλ’
3224 2906 3407 2957 ὁποῖον
3448 2907 3626 2976 ἔχουσι

2051 2992 2122 3046 τὰ
2189 2991 2414 3062 οὐράνια
2466 2992 2560 3044 καὶ
2595 2991 2861 3059 ἀγγελικὰ
2924 2992 3228 3063 πνεύματα.
3261 2996 3436 3067 Ὅπερ
3487 2999 3624 3051 ὥστε

2053 3085 2352 3152 κατασχεῖν
2381 3084 2474 3135 καὶ
2510 3082 2764 3151 φυλάξαι,
2798 3084 2948 3137 οὐδὲν
3005 3086 3334 3154 θαυμαστὸν,
3359 3091 3408 3142 εἰ
3437 3092 3485 3142 οἱ
3524 3093 3625 3160 πρὸ

2050 3177 2208 3247 ήμῶν
2240 3175 2508 3245 Πατερες,
2555 3175 2630 3242 τῷ
2671 3177 2807 3246 πυρὶ
2857 3176 2958 3244 τῆς
3017 3179 3238 3248 ἀγάπης
3285 3180 3623 3249 ἐξαφθέντες,

2053 3269 2273 3323 ποικίλα
2328 3270 2422 3321 καὶ
2489 3268 2840 3338 ἀναρίθμητα
2916 3269 3233 3339 ὐπήνεγκαν
3293 3274 3462 3344 ήδέως
3536 3285 3626 3328 καὶ

2051 3360 2397 3434 χαρμονικῶς
2445 3361 2799 3430 κολαστήρια,
2851 3361 2898 3414 εί
2932 3365 3130 3430 γονεῖς,
3192 3364 3240 3417 ει
3270 3369 3554 3432 γυναῖκας,
3579 3370 3625 3420 ει

2055 3454 2273 3521 παῖδας,
2308 3457 2356 3508 εί
2387 3455 2638 3520 πλοῦτον,
2691 3456 2894 3526 σαρκὸς
2955 3459 3165 3527 ἡδονὰς,
3226 3461 3318 3514 καὶ
3370 3462 3436 3514 τὰ
3494 3461 3626 3515 ἄλλα

2054 3548 2233 3601 πάντα
2260 3547 2357 3600 τοῦ
2391 3549 2584 3611 αἰῶνος
2637 3549 2819 3618 ἀγαθά
2868 3551 3131 3615 ἑκουσίως
3189 3553 3509 3622 ἠρνήσαντο,
3543 3557 3627 3608 ἵνα

2051 3641 2192 3710 πρὸς
2238 3642 2442 3710 ταύτην
2492 3641 2588 3694 καὶ
2635 3643 3046 3714 συντομώτερον
3090 3647 3181 3698 καὶ
3229 3647 3628 3718 ἀσφαλέστερον

2054 3729 2154 3782 καὶ
2191 3728 2624 3798 ἐλευθερῶ-τερον
2681 3728 3118 3796 φθάσωσιν.Καὶ
3173 3733 3307 3787 διότι
3366 3736 3401 3804 ή
3440 3737 3626 3802 ἀγάπη

2051 3815 2146 3871 τοῦ
2206 3819 2446 3886 Χριστοῦ
2501 3819 2657 3887 (ἣτις
2717 3819 2778 3872 τὸ
2833 3821 2954 3873 κατ’
3007 3821 3177 3892 αὐτὴν
3239 3823 3380 3876 θέλει
3426 3827 3628 3892 πάντας

2049 3909 2375 3982 ἀνθρώπους
2447 3911 2705 3979 σωθῆναι,
2765 3911 2858 3964 καὶ
2909 3910 2991 3975 είς
3050 3913 3342 3981 ἐπίγνωσιν
3380 3916 3630 3988 ἀληθείας

2050 4001 2604 4072 ὲλθεϊν)ήνάγκασεν
2658 4004 2827 4086 ἡμᾶς,
2881 4003 2968 4058 ῖνα
3018 4004 3248 4072 ἀφέντες
3303 4007 3478 4062 πάντα
3533 4017 3630 4079 τῆς

2050 4093 2333 4164 παρούσης
2399 4096 2544 4166 ζωῆς
2602 4094 2670 4148 τὰ
2739 4095 2869 4166 ἡδέα
2939 4097 3034 4149 καὶ
3101 4097 3466 4167 συμφέροντα,
3523 4101 3630 4153 ἀπὸ

2053 4186 2411 4256 μακροτέρων
2445 4186 2630 4257 μερῶν
2654 4187 2744 4239 καὶ
2779 4187 2918 4256 μετὰ
2981 4187 3234 4258 μεγάλων
3291 4189 3472 4242 κόπων
3525 4191 3630 4255 ἕως

2051 4278 2204 4346 ὑμῶν
2226 4279 2489 4347 ἔλθωμεν,
2523 4281 2617 4332 καὶ
2637 4280 3062 4350 ὁμολογήσωμεν
3083 4284 3177 4336 καὶ
3197 4283 3624 4352 ἁναγγείλωμεν,

2050 4373 2208 4428 ἅτινα
2239 4372 2678 4443 ὡμολογήσαμεν
2735 4378 2832 4426 καὶ
2869 4375 3272 4445 ἀνηγγείλαμεν
3295 4413 3310 4429 .
3338 4378 3435 4428 Διὰ
3475 4374 3631 4429 τοῦτο

2049 4460 2478 4530 παρακαλοῦμεν
2511 4461 2682 4529 ὑμᾶς,
2712 4463 2810 4514 καὶ
2866 4463 3180 4533 ἱκετεύομεν
3209 4466 3265 4518 ἐν
3294 4465 3372 4536 τῷ
3428 4466 3632 4528 πάντας

2048 4552 2218 4620 ἡμᾶς,
2275 4551 2397 4606 κατ’
2457 4551 2644 4604 είκόνα
2709 4552 2874 4605 αὐτοῦ
2931 4553 3207 4622 λογικοὺς,
3263 4556 3360 4608 καὶ
3415 4557 3631 4626 νοεροὺς

2048 4644 2532 4714 δημιουργήσαντι,
2579 4643 2664 4696 ἵνα
2691 4647 3056 4715 μακροθύμως
3081 4647 3305 4717 δέξησθε
3340 4651 3399 4703 ἐν
3426 4651 3631 4713 τούτοις

2051 4741 2162 4798 τοῖς
2218 4736 2630 4806 γεγραμμένοις
2682 4736 2827 4807 ἅπερ
2895 4739 3332 4809 ἀνηγγείλαμεν’
3398 4743 3490 4795 καὶ
3555 4743 3628 4805 ὡς

2051 4824 2267 4893 λογικοὶ
2290 4824 2413 4877 κατ’
2477 4825 2664 4880 εἰκόνα
2693 4827 2786 4880 καὶ
2823 4828 3080 4896 ὁμοίωσιν
3109 4829 3246 4882 Θεοῦ
3301 4829 3631 4906 δημιουργῃο

2052 4915 2256 4983 θέντες,
2279 4917 2348 4970 τὰ
2371 4917 2680 4988 γράμματα
2709 4919 2868 4990 ήμῶν
2899 4921 3036 4990 μετὰ
3066 4921 3226 4988 λόγου
3279 4923 3627 4992 ἐρευνήσηῖε.

2054 5007 2159 5062 Καὶ
2188 5008 2254 5062 ἄν
2285 5025 2336 5060 τι
2387 5009 2468 5077 τῷ
2519 5009 2660 5079 λόγῳ
2716 5010 3004 5080 σύμφωνον
3059 5011 3277 5084 εὐρητε,
3328 5016 3501 5066 ἐκεῖνο
3560 5012 3633 5072 ὡς

2049 5101 2261 5168 λογικοὶ
2290 5100 2538 5164 δέξασθε.
2574 5103 2671 5153 Ἂν
2709 5101 2766 5154 δέ
2796 5118 2847 5153 τι
2891 5102 3066 5166 ἄλλως
3113 5104 3241 5174 ὑμῖν
3295 5103 3420 5177 δόξῃ
3473 5105 3635 5170 ἀναγ-

2051 5191 2332 5260 γελθῆναι,
2370 5190 2478 5244 ίδοὺ
2515 5191 2766 5260 ἑτοίμους
2789 5192 2935 5261 ἡμᾶς
2971 5194 3378 5264 προσφέρομεν,
3422 5193 3524 5257 ἓως
3571 5186 3632 5246 οὗ

379 5293 544 5347 modo
575 5305 670 5347 aut
703 5293 836 5362 quid
866 5293 1170 5360 loquamini
1203 5307 1218 5357 ;
1261 5290 1484 5345 dabitur
1527 5289 1676 5343 enim
1709 5288 1867 5342 vobis
1894 5288 1941 5340 iu

2059 5283 2430 5353 ἁποδώσωμεν
2460 5285 2520 5337 τὸ
2552 5283 2768 5352 πνεῦμα
2798 5284 2876 5354 τῷ
2904 5286 3020 5356 Θεῷ
3059 5285 3134 5354 τῷ
3161 5287 3443 5356 ποιήσαντι
3502 5285 3632 5337 αὐτὸ

375 5383 465 5437 illa
530 5383 666 5438 hora
724 5383 853 5453 quid
909 5383 1213 5453 loquamini
1237 5383 1303 5436 θ’.
1340 5400 1358 5433 ι
1390 5381 1471 5436 Ad
1523 5379 1948 5445 ostendendum,

379 5474 524 5542 quod
554 5474 737 5529 omnia
773 5490 896 5545 quae
945 5475 1286 5546 scripsimus,
1345 5483 1534 5528 sancto
1567 5470 1862 5542 Evangelio
1896 5479 1951 5524 et

451 5624 514 5664 δτι
535 5623 580 5680 ιι
612 5623 737 5681 Cor.
770 5642 822 5696 ν,
858 5627 911 5684 6.

386 5626 514 5752 19:"
535 5626 580 5680 ιι
612 5626 737 5681 Cor.
770 5642 822 5696 ν,
858 5627 911 5684 6.
1012 5626 1059 5664 ⁵⁸
1108 5629 1252 5687 Psal.
1295 5643 1512 5697 Lxxxvt,
1546 5628 1601 5682 '5.

1713 5628 1756 5660 "
1791 5626 1936 5682 Psal.
1968 5640 2192 5694 LXXXIII,
2230 5626 2283 5682 5.

2060 5381 2116 5431 ἐν
2139 5379 2202 5447 τῇ
2233 5376 2455 5447 βοηθείᾳ
2478 5378 2570 5430 καὶ
2601 5378 2666 5447 τῇ
2701 5377 2929 5446 δυνάμει
2981 5378 3074 5432 τοῦ
3107 5379 3370 5443 εἰπόντος,
3424 5395 3442 5429 ι
3464 5377 3633 5430 Ὅταν

2062 5472 2295 5542 σταθῆτε
2347 5468 2614 5525 ’ἐνώπιον
2668 5469 2931 5542 βασιλέων
3025 5475 3117 5527 καὶ
3212 5474 3503 5544 ἀρχόντων,
3559 5467 3634 5541 μὴ

2359 5626 2433 5698 ;⁶⁶
2465 5624 2599 5681 ibid.
2677 5625 2756 5697 ﬁ“
2795 5623 2938 5681 Tim.
2979 5642 3060 5694 ut,
3113 5627 3167 5681 4.
3271 5627 3319 5659 θί
3353 5622 3542 5680 Matth.
3577 5638 3630 5692 ι,
