4070 6496
470 436 607 502 ιιυο
1562 436 1662 497 DE
1705 434 2276 497 CONTEMNENDA
2318 433 2604 495 monre.
3576 434 3719 499 mo

466 550 770 619 λογίζεσθε,
795 550 913 615 πῶς
942 551 976 622 ἢ
1008 548 1062 604 τί
1106 548 1371 621 λαλήσετε
1396 566 1410 582 ⁸
1445 550 1731 622 δοθήσεται
1762 550 1870 624 γὰρ
1906 551 2036 619 ὑμῖν
2062 595 2073 611 ι

2106 548 2337 609 .rationi
2381 560 2511 603 sunt
2546 562 2808 603 consona.
2852 545 2908 601 Si
2941 556 3122 604 autem
3166 561 3269 603 nec
3303 546 3558 618 praedicta
3588 562 3713 600 cum

467 644 527 695 ὲν
569 641 756 713 ἐκείνῃ
784 644 849 713 τῇ
893 641 1013 713 ὥρᾳ
1056 641 1107 696 τί
1154 641 1419 713 λαλήσετε
1445 658 1459 672 ο
1515 661 1535 694 ι
1580 643 1717 713 πρὸς
1751 641 1813 695 τὸ
1847 641 2037 707 δεῖξαι,

2150 634 2364 693 ratione
2393 638 2687 702 discutere,
2724 652 2833 693 nec
2865 653 2967 692 nos
3001 636 3230 693 ulterius
3271 637 3481 702 audire,
3522 636 3717 691 ordine

466 736 550 789 ὅτι
580 728 759 789 πάντα
790 735 894 789 ὅσα
923 733 1273 807 ἐγράψαμεν,
1306 733 1383 805 τῷ
1426 733 1569 805 ἁγίῳ
1596 734 1915 803 Εὐαγγελίῳ
1943 732 2040 786 καὶ

2148 740 2202 787 et
2230 730 2663 786 circumstantiis
2688 729 2921 785 servatis
2946 727 3168 794 debitis,
3199 727 3483 785 volueritis
3514 744 3528 793 ;
3554 740 3719 781 excu-

465 820 546 893 τῷ
575 822 719 892 λόγῳ
741 823 851 876 etot
881 823 1170 894 σύμφωνα.
1205 823 1271 877 Εί
1296 821 1353 875 δὲ
1384 823 1522 892 μήτε
1554 821 1622 875 τὰ
1659 820 2067 891 προειρημένα

2145 838 2331 879 samus
2353 839 2453 879 nos
2478 838 2664 878 coram
2697 821 2807 877 Deo
2829 831 2884 878 et
2916 823 3177 877 omnibus
3197 822 3408 891 angelis
3434 828 3489 873 et
3516 822 3718 876 sanctis

471 918 570 969 σὺν
594 916 742 987 λόγῳ
768 916 1084 985 ἐρευνῆσαι,
1109 914 1236 970 οὔτε
1269 915 1429 985 ἡμῶν
1459 912 1628 967 πλέον
1658 912 1917 975 ἀκοῦσαι,
1944 911 2044 980 τῆς

2145 917 2283 981 suis,
2312 922 2369 971 et
2400 914 2718 971 invocamus
2756 915 2812 970 in
2861 923 3026 970 testes
3065 915 3264 970 caelum
3299 922 3354 968 et
3400 922 3630 975 terram,
3666 921 3722 966 ct

470 1007 679 1074 τάξεως
721 1008 818 1060 καὶ
868 1007 978 1061 τῶν
1019 1006 1396 1078 περιστάσεων
1453 1005 1877 1075 φυλαττομένων
1937 1002 2048 1056 τῶν

2173 1021 2366 1061 ιιηηοῑη
2393 1013 2724 1071 creaturam,
2751 1006 2898 1075 quod
2933 1006 3087 1075 juxta
3124 1021 3283 1075 posse
3312 1005 3457 1061 circa
3491 1005 3722 1059 salutem
3778 992 3780 995 ’

470 1098 841 1168 ὀφειλομένων
864 1140 879 1165 ,
914 1099 1171 1171 θελήσετε
1192 1114 1207 1128 ·
1246 1096 1613 1168 ὲξαιτιώμεθα
1649 1097 1798 1167 ἡμᾶς
1856 1094 2052 1158 αὐτοὺς

2148 1110 2386 1157 vestram
2420 1100 2672 1167 fecimus,
2716 1102 2861 1169 quod
2892 1100 3076 1154 facere
3116 1099 3425 1168 potuimus;
3459 1106 3723 1167 ponentes

472 1187 706 1243 ἐνώπιον
725 1189 822 1243 τοῦ
842 1189 977 1243 Θεοῦ
999 1190 1096 1243 καὶ
1120 1190 1341 1244 πάντων
1373 1189 1483 1243 τῶν
1514 1189 1786 1259 ἀγγέλων,
1807 1189 1907 1243 καὶ
1933 1189 2044 1242 τῶν

2150 1192 2362 1247 animas
2408 1201 2621 1247 nostras
2664 1198 2772 1262 pro
2838 1201 3017 1267 vestra
3075 1191 3273 1256 salute,
3326 1200 3382 1246 et
3436 1192 3722 1254 charitate,

472 1281 648 1349 ἁγίων
696 1281 886 1348 αὐτοῦ,
930 1283 1025 1336 καὶ
1064 1282 1481 1354 ὲπικαλούμεθα
1514 1284 1799 1353 μάρτυρας
1827 1284 1921 1337 τὸν
1960 1283 2052 1335 οὐ-

2150 1285 2301 1356 juxta
2344 1283 2716 1354 Evangelium,
2743 1284 2890 1355 quod
2922 1284 3053 1339 dicit
3088 1303 3101 1338 :
3141 1300 3164 1336 ι
3192 1281 3452 1353 Maiorem
3491 1283 3726 1338 charita«

478 1375 640 1444 ρανὸν
664 1375 760 1430 καὶ
796 1375 898 1446 τὴν
928 1377 1035 1444 γῆν
1065 1377 1159 1428 καὶ
1202 1376 1383 1429 πᾶσαν
1423 1374 1526 1444 τὴν
1553 1374 1753 1438 κτίσιν,
1793 1375 1876 1428 ὅτι
1906 1376 2048 1429 κατὰ

2156 1386 2264 1431 tem
2306 1391 2472 1430 nemo
2508 1377 2692 1443 habet,
2754 1392 2918 1446 quam
2972 1386 3032 1430 ut
3075 1377 3315 1430 animam
3355 1391 3509 1430 suam
3561 1380 3729 1444 ponat

474 1465 711 1535 δύναμιν
752 1466 881 1535 περὶ
913 1465 1015 1537 τὴν
1050 1465 1328 1535 σωτηρίαν
1349 1464 1449 1534 τὴν
1474 1462 1760 1533 ’ὑμετέραν
1786 1462 2050 1531 ἐποιήσα-

2154 1467 2279 1537 quis
2307 1484 2404 1536 pro
2437 1468 2630 1523 amicis
2658 1468 2773 1524 suis
2802 1469 2866 1535 ⁸³,
2899 1487 2920 1521 ι
2964 1479 3018 1524 et
3055 1484 3153 1538 pro
3197 1468 3359 1523 laude
3385 1467 3601 1523 Domini
3631 1482 3731 1521 no-

480 1575 602 1630 μεν,
632 1560 770 1629 ὅπερ
799 1558 1081 1612 ποιεῖσθαι
1112 1558 1483 1630 ἠδυνήθημεν,
1538 1556 1778 1618 τιθέντες
1824 1557 1921 1619 τὰς
1941 1557 2051 1625 tim-

2155 1560 2254 1615 stri
2286 1559 2414 1615 .lesu
2450 1559 2678 1629 Christi,
2732 1560 2824 1631 qui
2874 1568 2962 1616 est
3007 1558 3150 1617 Deus
3190 1559 3514 1616 benedictus
3544 1559 3596 1613 in
3628 1573 3730 1613 sae-

476 1652 577 1722 χὰς
604 1650 765 1722 ἡμῶν
790 1651 935 1722 ὑπὲρ
958 1652 1058 1721 τῆς
1084 1651 1357 1722 σωτηρίας
1381 1644 1535 1720 ὑμῶν
1562 1648 1656 1702 καὶ
1679 1649 1782 1715 τῆς
1806 1649 2048 1719 ἀγάπης,
2155 1651 2301 1708 cuia.
2330 1652 2523 1710 Amen.

481 1747 625 1802 κατὰ
644 1749 705 1801 τὸ
738 1748 1072 1819 Εὑαγγέλιον
1091 1764 1105 1782 ⁶
1130 1749 1159 1802 ὅ
1182 1763 1370 1818 φησιν,
1396 1747 1480 1801 ὅτι
1515 1764 1532 1798 ι
1560 1746 1806 1812 Μείζονα
1838 1747 2062 1819 ἀγάπην
2089 1747 2265 1811 οὐδεὶς
2291 1748 2426 1818 ἔχει,
2455 1747 2490 1819 ἢ
2530 1749 2618 1802 ἵνα
2642 1748 2744 1821 τὴν
2778 1747 2957 1819 ψυχὴν
3003 1748 3172 1803 αὐτοῦ
3200 1750 3266 1820 θῇ
3317 1767 3401 1812 τις
3434 1751 3576 1819 ὑπὲρ
3616 1749 3729 1801 τῶν

481 1839 657 1912 φίλων
681 1842 847 1897 αὐτοῦ
869 1857 884 1873 ο
925 1860 946 1895 ι
987 1845 1080 1897 καὶ
1111 1841 1257 1913 ὑπὲρ
1295 1839 1397 1910 τῆς
1422 1839 1582 1911 δόξης
1615 1839 1714 1893 τοῦ
1753 1840 1960 1912 Κυρίου
2000 1841 2162 1912 ἡμῶν
2188 1841 2367 1913 Ἰησοῦ
2399 1841 2663 1920 Χριστοῦ,
2692 1842 2751 1906 ὃς
2774 1841 2893 1895 ἔστι
2916 1839 3048 1905 Θεὸς
3071 1840 3442 1913 εὐλογημένος
3482 1843 3560 1904 εἰς
3595 1838 3724 1903 τοὺς
3811 1871 3814 1875 ~

481 1937 707 2000 αἰῶνας.
740 1937 939 2009 Ἀμήν.

557 2085 604 2119 ⁸³
633 2085 791 2142 Joan.
830 2102 924 2154 xv,
952 2087 1040 2143 1⁸5.

513 2229 602 2249 ..ιο

854 2382 1858 2543 ΔΗΜΗΤΡΙοΥ
1988 2388 2336 2521 ΤΟΥ
2466 2292 3341 2524 ΚΥΔΩΝΙΟΥ

980 2628 1243 2717 ΠΕΡΙ
1299 2630 1527 2718 ΤΟΥ
1582 2629 2371 2717 ΚΑΤΑΦΡΟΝΕΙΝ
2427 2631 2654 2718 TON
2711 2627 3247 2720 ΘΑΝΑΤΟΝ

1802 2819 2334 2941 ΛΟΓΟΣ
2395 2813 2471 2932 ’⁸.
2534 2937 2544 2946 .

1182 3214 2130 3370 DEMETRII
2245 3210 3059 3367 GYDONII

994 3501 1143 3581 DE
1236 3496 2160 3580 CONTEMNENDA
2264 3495 2679 3575 MORTE
2775 3497 3262 3580 ORATIO.

2079 3690 2155 3702 .—

1819 3818 1980 3883 ARG
1994 3817 2463 3897 UMENTUMJ

578 3959 902 4022 Demetrius,
945 3965 1003 4011 ut
1033 3956 1237 4020 doceat,
1270 3959 1489 4008 mortem
1516 3964 1620 4005 non
1668 3947 2021 4014 metuendam,
2045 3947 2136 4001 sed
2171 3951 2608 4025 contemnendam
2633 3943 3096 4017 negligendumque
3133 3959 3264 4011 esse,
3320 3945 3423 3998 tria
3485 3943 3756 3997 hominum

510 4065 730 4114 mortem
768 4054 1065 4109 timentium
1101 4051 1298 4121 profert
1351 4060 1543 4119 genera
1570 4060 1590 4099 :
1621 4044 1794 4114 primo
1848 4058 1934 4097 eos
1992 4042 2082 4114 qui
2123 4051 2343 4096 mortem
2389 4050 2610 4112 prapter
2657 4040 2989 4111 voluptatum
3034 4040 3309 4108 jacturam
3387 4040 3764 4093 abominentur

511 4151 587 4225 (ο.
620 4150 746 4206 2-
771 4147 862 4218 6);
897 4143 1083 4199 deinde
1125 4158 1214 4197 eos
1250 4140 1339 4210 qui
1372 4151 1537 4194 morte
1581 4137 1746 4215 deleri
1763 4136 1940 4190 omnia
1969 4142 2151 4206 putent
2182 4134 2254 4206 (ο.
2291 4164 2359 4176 -
2390 4134 2483 4204 20)
2503 4152 2518 4198 ;
2561 4134 2781 4204 denique
2802 4150 2887 4189 eos
2935 4134 3026 4204 qui
3052 4141 3262 4202 propter
3302 4147 3484 4202 poenas
3535 4144 3760 4190 (eterna:

515 4254 737 4299 mortem
756 4240 989 4296 omnium
1018 4237 1283 4292 malorum
1306 4234 1602 4289 maximum
1657 4231 2123 4303 gravissimumque
2177 4246 2287 4286 esse
2320 4231 2646 4286 arbitrentur
2685 4232 2755 4302 (c.
2785 4232 2816 4286 7
2841 4254 2911 4270 —-
2938 4229 3168 4300 20-25):
3195 4232 3272 4285 ita
3300 4240 3354 4284 ut
3392 4229 3682 4300 patefaciet
3710 4240 3763 4286 et

518 4340 833 4403 demonstret
864 4331 1153 4396 vanitatem
1179 4326 1384 4383 timoris
1404 4322 1733 4396 singulorum
1761 4322 1978 4393 eiusque
2002 4338 2213 4403 causas.

1114 4598 1367 4654 ΚΕΦΔΛ.
1411 4596 1486 4652 A'.
2119 4597 2172 4659 Β

2119 4597 2172 4659 Β
2826 4589 3057 4650 CAPUT
3096 4594 3138 4647 ι.

592 4697 699 4754 Τὸν
724 4696 824 4766 τῆς
848 4693 1028 4765 ψυχῆς
1057 4690 1163 4744 ἀπὸ
1192 4688 1286 4743 τοῦ
1327 4686 1577 4761 σώματος
1607 4685 1907 4759 χωρισμὸν,
1938 4685 1996 4739 δν
2025 4684 2091 4756 δὴ

2267 4685 2449 4741 Animi
2477 4700 2507 4740 a
2535 4700 2763 4758 corpore
2784 4686 3109 4752 discessum,
3145 4698 3309 4755 quem
3332 4691 3563 4740 mortem
3591 4685 3771 4741 nomi-

522 4790 756 4846 θάνατον
786 4785 1062 4854 εἰώθαμεν
1086 4780 1397 4850 ὀνομάζειν,
1425 4779 1628 4841 πάντες
1657 4776 1757 4847 μὲν
1783 4775 2092 4847 φρίττουσι,

2196 4792 2330 4832 nare
2360 4778 2621 4844 solemus,
2661 4792 2854 4835 omnes
2908 4778 3353 4848 perhorrescunt,
3420 4794 3613 4835 omnes
3638 4781 3774 4836 ode-

528 4883 729 4944 πάντες
756 4879 820 4932 δὲ
853 4876 1094 4948 μισοῦσι,
1140 4874 1341 4937 πάντες
1384 4871 1441 4924 δὲ
1484 4870 1704 4926 πάντων
1750 4867 1940 4923 κακῶν
1988 4866 2101 4937 χεί-

2200 4876 2350 4934 runt,
2403 4883 2594 4924 omnes
2633 4867 2881 4924 omnium
2944 4871 3217 4927 malorum
3248 4873 3774 4943 perniciosissimum

527 4990 709 5046 ριστον
733 4972 962 5024 οἴονται.
994 4969 1093 5021 Ἂν
1117 4966 1176 5020 δέ
1215 4983 1300 5027 τις
1328 4963 1523 5026 αὐτοὺς
1557 4961 1771 5034 ἔρηται,
1808 4959 1862 5013 τί
1890 4959 1952 5013 τδ
1978 4959 2099 5012 πεῖ-

2206 4962 2433 5019 ducuut.
2468 4958 2511 5014 E
2538 4959 2740 5030 quibus
2762 4960 2811 5017 si
2856 4977 3092 5032 quaeras,
3133 4979 3239 5035 qua
3295 4966 3508 5023 ratione
3534 4966 3773 5033 adducti,

527 5068 618 5123 θον
638 5064 812 5127 οὕτως
835 5062 995 5116 αὐτὸν
1010 5056 1388 5130 δυσχεραίνειν
1407 5071 1424 5089 ⁶
1451 5054 1670 5109 δοκοῦσι
1693 5052 1791 5124 μέν
1816 5068 1871 5107 τι
1893 5050 2096 5121 λέγειν,

2206 5071 2329 5111 eam
2378 5064 2663 5126 tantopere
2739 5064 3081 5124 aversentur,
3145 5072 3364 5114 causam
3429 5059 3629 5115 habere
3675 5059 3780 5115 sibi

527 5160 624 5216 xui.
657 5154 909 5211 πείθουσί
937 5171 999 5221 γε
1044 5150 1244 5223 ῥᾳδίως
1271 5149 1401 5213 τοὺς
1431 5148 1617 5208 αὐτοῖς
1664 5144 1864 5216 ὁμοίως
1893 5141 2100 5197 διακει-

2207 5152 2487 5216 videntur,
2511 5157 2566 5206 et
2599 5150 2687 5216 iis,
2721 5149 2814 5219 qui
2842 5150 3035 5206 eodem
3065 5150 3229 5206 modo
3257 5158 3388 5207 sunt
3413 5150 3612 5215 atfccti,
3641 5150 3778 5206 citra

533 5254 751 5328 μένους,
789 5249 977 5318 ὥσπερ
1027 5245 1190 5300 κακοὶ
1237 5242 1445 5304 δειλοὺς
1493 5239 1749 5309 πολέμων
1797 5233 2101 5307 ἀπέχεσθαι

2209 5240 2489 5315 negotium
2518 5240 2871 5311 persuadent,
2901 5240 3358 5310 quemadmodum
3413 5240 3615 5311 ignavi,
3655 5255 3780 5295 cum

535 5341 968 5415 παραινοῦντες’
1011 5337 1185 5409 ῥᾷστα
1235 5335 1347 5405 γὰρ
1389 5330 1455 5386 ἂν
1502 5330 1644 5384 οὕτω
1693 5328 1965 5395 πείσαιεν,
2002 5328 2102 5397 τῆς

2214 5332 2437 5388 timidos
2474 5347 2507 5386 a
2561 5330 2725 5387 bellis
2770 5331 3072 5386 deterrent.
3125 5330 3259 5386 Nam
3304 5348 3428 5386 cum
3482 5331 3784 5386 aﬂ'ectionis

533 5416 629 5490 τοίῦ
650 5435 854 5494 πάθους
879 5429 1194 5500 ὁμοιότητος
1217 5426 1477 5487 πιθανοὺς
1497 5423 1692 5485 αὐτοὺς
1715 5422 1825 5485 τοίς
1845 5419 2103 5474 ἀκούουσι

2216 5420 2519 5476 similitudo
2548 5421 2707 5475 iidem
2742 5421 2808 5475 iis
2845 5421 3122 5483 conciliet,
3188 5420 3445 5475 lacillime
3505 5420 3786 5497 auditores

536 5526 800 5593 ποιούσης
825 5518 1161 5592 συμὸούλους
1187 5532 1203 5548 ·
1230 5515 1296 5570 ἂν
1318 5516 1375 5568 δὲ
1405 5516 1538 5584 πρὸς
1560 5512 1756 5583 ἄνδρας
1782 5507 2107 5580 ἐπιχειρῶσι

2217 5511 2272 5565 iu
2321 5525 2477 5566 suam
2539 5510 2865 5566 sententiam
2899 5510 3192 5565 adducunt.
3228 5510 3336 5564 Sed
3382 5509 3429 5562 si
3461 5511 3604 5579 apud
3642 5510 3786 5565 viros

536 5617 887 5688 κατηγορεῖν,
925 5613 1077 5665 οὐδὲν
1128 5607 1354 5678 εὔλογον
1403 5606 1543 5677 ὑπὲρ
1589 5607 1690 5675 τῆς
1733 5604 1914 5659 αὐτῶν
1949 5601 2108 5671 δόξης

2214 5603 2464 5658 eamdem
2500 5602 2936 5657 criminationem
2970 5601 3278 5665 instituant,
3314 5602 3520 5655 nullam
3571 5601 3785 5670 opinio-

538 5709 724 5782 ιχουσι
757 5707 958 5776 λέγειν,
1003 5702 1181 5776 ψυχῆς
1226 5701 1285 5755 δὲ
1335 5701 1494 5770 μόνον
1539 5699 1760 5768 ἄγνοιαν
1807 5696 1904 5750 καὶ
1938 5694 2110 5766 μαλα-

2218 5694 2303 5750 nis
2325 5710 2438 5750 sua:
2484 5694 2752 5750 rationem
2814 5696 3149 5765 probabilem
3214 5695 3445 5750 reddere
3500 5703 3781 5766 possunt:

601 5849 628 5875 "
650 5850 721 5902 Et
747 5847 1041 5898 recensione
1065 5848 1246 5899 Christ.
1277 5842 1544 5906 Theophili
1569 5841 1802 5894 Kuinoel.
1831 5839 2008 5903 Lipsiae
2037 5838 2174 5890 1786.
2210 5839 2329 5891 Cum
2365 5840 2792 5902 interpretatione
2830 5840 3091 5902 Raphaelis
3124 5843 3328 5900 Seileri,
3367 5841 3659 5902 Augustam.
