4070 6496
432 424 569 493 ll'il
1706 412 2083 475 DEMETRII
2122 410 2437 475 CYDONII
3550 414 3674 481 me

420 537 671 593 morbum
696 535 963 589 duntaxat
1014 530 1184 586 animi
1225 530 1336 597 sui,
1385 527 1602 582 inscitia
1654 537 1711 582 et
1773 526 2001 582 mollitie

2122 528 2232 582 ιίαν
2260 527 2548 590 νοσοῦντες
2579 526 2922 598 ἐλέγχονται,
2942 522 3047 598 ,ὗᾷ
3076 521 3149 582 ὧν
3177 528 3240 580 τὰ
3276 527 3411 582 ἀδεᾶ
3438 527 3673 597 δεδιέναι,

419 628 739 691 laborantis,
806 624 1110 680 indicantes
1154 641 1166 677 :
1197 622 1397 692 quibus
1428 620 1796 681 adducuntur.
1846 626 1909 671 ut
1942 631 2004 671 ea

420 736 544 792 qua:
570 717 812 776 timenda
844 732 953 772 non
1009 724 1155 793 sunt,
1212 715 1460 777 timeant,
1516 721 1569 766 et
1601 712 1669 767 iis
1706 726 1825 781 quae
1865 710 2006 766 nihil

425 824 649 879 uocent,
684 810 1073 882 percellantur.
1109 808 1219 877 Age
1255 821 1385 860 vero
1440 805 1745 871 videamus,
1805 802 2006 873 quibus

338 887 343 891 ’
422 903 717 957 de-causis
765 908 998 956 mortem
1064 897 1245 951 omnia
1278 895 1419 949 mala
1485 908 1749 963 superare
1786 899 2004 961 putent.

427 994 494 1049 Ut
522 1003 704 1048 autem
732 990 1026 1062 proverbio
1064 988 1290 1049 dicitur,
1331 985 1622 1039 Trilariam
1671 984 1853 1038 omnia
1883 996 2007 1037 esse

424 1088 596 1142 divisa
624 1102 639 1151 ;
671 1086 741 1139 ita
770 1086 846 1149 lit,
886 1093 945 1137 ut
965 1096 1154 1137 eorum
1190 1080 1376 1145 etiam,
1405 1078 1496 1145 qui
1528 1086 1758 1131 mortem
1794 1075 2007 1145 vitupe—

430 1190 569 1246 rant,
614 1179 715 1234 tria
749 1179 859 1232 sint
885 1189 1106 1243 genera.
1157 1172 1292 1225 Nam
1329 1168 1723 1241 promptissimi
1781 1168 2008 1237 quique,

426 1290 489 1327 ac
517 1272 700 1343 potius
726 1266 1080 1329 veracissimi,
1135 1265 1226 1334 qui
1259 1279 1359 1318 sua
1414 1263 1613 1332 probra
1669 1260 1852 1314 velare
1911 1274 2010 1313 ne-

427 1364 628 1428 sciunt,
664 1358 843 1414 omnis
902 1357 1119 1429 generis
1148 1355 1485 1424 voluptatum
1536 1352 1895 1423 privationem
1929 1350 2008 1404 la—

429 1438 782 1508 menlantur:
822 1459 875 1503 et
907 1448 959 1503 id
996 1446 1141 1518 quod
1174 1462 1267 1501 eas
1303 1442 1472 1507 delet,
1525 1444 1771 1498 omnium
1814 1443 2011 1497 merito

426 1555 479 1600 et
509 1543 982 1603 molestissimum.
1046 1549 1099 1595 et
1130 1539 1366 1592 maxime
1423 1535 1774 1591 formidabile
1817 1534 2010 1589 existi—

429 1645 597 1692 mant.
640 1635 975 1691 Urbaniores
998 1643 1202 1697 autem,
1231 1639 1286 1684 et
1308 1644 1446 1699 quos
1478 1628 1642 1698 pudet
1683 1628 1802 1681 sine
1847 1640 2013 1680 causa

354 1741 361 1749 '
427 1745 521 1789 aut
548 1747 733 1804 agere,
774 1738 871 1785 aut
920 1730 1211 1784 admittere
1259 1727 1580 1797 quidquam,
1638 1723 1689 1778 id
1749 1739 1777 1776 a
1818 1732 2016 1777 natura

430 1827 643 1891 cunctis
677 1822 903 1879 insitum
937 1823 1114 1886 aiunt,
1153 1830 1213 1875 ut
1245 1835 1303 1875 se
1340 1829 1396 1873 et
1420 1833 1543 1873 esse
1588 1827 1644 1873 et
1681 1816 1863 1871 vivere
1917 1828 2016 1868 cu—

2109 620 2205 674 ml.
2264 619 2671 693 κατεπτηχέναι
2727 621 2795 674 τὰ
2853 621 2929 692 μὴ
2985 620 3326 691 βλάπτοντα,
3389 620 3674 678 πείθονται.

2108 711 2247 782 Φέρε
2280 711 2390 783 γὰρ
2428 711 2651 781 ἴδωμεν,
2683 713 2746 766 ἐκ
2782 712 2952 765 ποίων
2976 711 3250 780 λογισμῶν
3288 713 3459 765 κακοῦ
3491 715 3676 776 παντὸς

2111 806 2374 860 ὶπέκεινα
2404 807 2497 858 τὸν
2533 806 2766 860 θάνατον
2809 805 3032 859 οἴονται.
3072 804 3304 869 Οὐκοῦν,
3346 806 3502 859 τοῦτο
3536 806 3595 877 δὴ
3622 810 3678 861 τὸ

2111 897 2426 967 λεγόμενον,
2457 896 2655 967 τριχθὰ
2692 896 2874 950 πάντα
2903 896 3175 960 δέδασται,
3211 901 3375 967 τριχῆ
3408 898 3677 966 συμΰαίνει

2112 991 2207 1041 καὶ
2237 990 2362 1052 τοὺς
2388 989 2479 1041 τὸν
2503 989 2736 1042 θάνατον
2768 989 3095 1053 κακίζοντας
3124 989 3477 1058 διαιρεῖσθαι.
3506 991 3568 1043 Οἱ
3590 993 3678 1061 μὲν

2112 1081 2222 1150 γὰρ
2253 1081 2689 1150 προχειρότεροι,
2740 1081 2945 1148 μᾶλλον
2983 1082 3039 1136 δὲ
3071 1081 3457 1152 ἀληθέστεροι,
3503 1088 3593 1136 καὶ
3619 1087 3680 1137 τὰ

2114 1173 2324 1226 ἑαυτῶν
2354 1174 2456 1225 οὐκ
2500 1175 2857 1237 ἐπιστάμενοι
2901 1173 3308 1242 συγκαλύπτειν
3361 1177 3555 1246 ὀνείδη,
3588 1175 3679 1246 τὴν

2114 1267 2225 1319 τῶν
2261 1266 2620 1321 παντοδαπῶν
2647 1267 2851 1337 ἡδονῶν
2876 1267 3162 1337 ὀδύρονται
3190 1270 3472 1339 στέρησιν,
3502 1272 3591 1322 καὶ
3626 1270 3681 1320 τὸ

2115 1358 2321 1420 ταύτας
2377 1358 2641 1425 ἀφανίζον
2693 1360 2916 1412 πάντων
2978 1361 3204 1424 είκότως
3256 1360 3580 1430 ἀηδέστερόν
3626 1377 3680 1415 τε

2118 1451 2210 1504 καὶ
2240 1448 2623 1519 φοῆερῶτατον
2678 1450 2914 1518 ἥγηνται
2943 1467 2959 1482 ⁸
3015 1452 3064 1504 oi
3109 1451 3165 1504 δὲ
3218 1430 3568 1522 κομψότεροι,
3599 1454 3683 1504 καὶ

2117 1541 2263 1602 ὅσοις
2293 1539 2504 1605 ἀλόγως
2532 1555 2585 1592 τι
2638 1542 2835 1604 ποιεῖν,
2874 1540 2908 1610 ἢ
2952 1542 3208 1611 πάσχειν,
3250 1544 3485 1612 αἰσχύνη
3505 1566 3531 1607 ,-
3564 1543 3707 1622 πᾶσίι

2119 1648 2252 1700 φασι
2275 1632 2368 1685 τοῦ
2397 1628 2562 1695 εἶναι,
2602 1632 2826 1704 καὶτῆς
2872 1634 3063 1697 οὐσίας
3115 1634 3305 1702 ἔφεσιν
3344 1636 3485 1689 κατὰ
3536 1636 3683 1702 φύσιν

2120 1725 2425 1796 ἐγκεῖσθαι.
2468 1724 2542 1777 Τὸ
2591 1725 2773 1783 τοίνυν
2830 1726 2891 1778 τὺ
2929 1728 3098 1799 πᾶσιν
3143 1727 3374 1797 ὀρεκτὸν
3422 1727 3681 1799 ἀναιροῦν,

2121 1821 2219 1873 καὶ
2251 1819 2310 1873 τὸ
2345 1822 2446 1890 μὲν
2484 1816 2626 1874 εἶναι
2670 1823 2778 1874 τῶν
2823 1822 2997 1876 ὄντων
3042 1822 3291 1889 ὲλαῦνον,
3336 1823 3607 1879 ἀπώλειαν
3632 1823 3683 1875 δὲ

431 1886 757 1989 ρίαηιξιιιιιη
786 1930 921 1973 vero
960 1880 1111 1985 quod
1136 1913 1187 1968 id
1220 1906 1418 1973 aufert.
1452 1909 1596 1981 quod
1658 1907 1727 1963 ab
1761 1906 2017 1962 omnibus

2123 1880 2358 1980 ἐπάγον,
2380 1913 2475 1965 καὶ
2515 1914 2615 1984 τὴν
2649 1915 2712 1967 ὲκ
2736 1916 2836 1984 τῆς
2870 1914 3078 1986 φθορᾶς
3116 1880 3404 1986 ἀμορίρίαν
3437 1917 3684 1987 καταχίον

429 2008 728 2080 appetitur,
753 2017 914 2076 atque
945 2003 1131 2066 edicit,
1170 2011 1228 2056 ut
1258 1992 1321 2055 ea
1350 2016 1473 2070 qua:
1507 2008 1657 2063 sunt,
1712 2013 1821 2053 non
1883 1996 2015 2059 sint,

430 2105 610 2172 iisque
640 2100 941 2171 perniciem
974 2096 1156 2159 adert,
1186 2104 1240 2149 et
1298 2094 1460 2161 rebus
1516 2100 1667 2146 tanta
1717 2088 2019 2159 pulchritu-

430 2194 560 2249 dine
595 2208 627 2247 a
684 2188 1076 2261 natura‘factis
1115 2186 1402 2256 ealigincm
1459 2199 1525 2238 ex
1558 2181 1784 2237 interitu
1842 2177 2021 2234 oil'un-

431 2288 533 2350 dit,
558 2282 684 2356 quis
725 2299 837 2339 non
869 2281 1126 2337 horreat?
1162 2280 1284 2349 quis
1314 2293 1422 2331 non
1442 2274 1817 2344 oderit?quis,
1852 2272 1901 2328 si
1936 2270 2021 2324 vel

428 2381 705 2446 nomines,
739 2389 1001 2448 tanquam
1049 2385 1261 2429 naturae
1314 2373 1595 2426 inimicum
1626 2383 1740 2423 non
1800 2378 2021 2421 averse-

430 2475 557 2530 tur?
581 2472 769 2541 Neque
795 2485 924 2524 vero
948 2477 1155 2523 naturae
1190 2456 1413 2531 solum,
1445 2478 1661 2527 verum,
1728 2474 1791 2513 ac
1850 2457 2021 2512 multo

430 2564 626 2635 magis,
682 2561 850 2616 etiam
902 2558 1016 2613 Deo
1054 2572 1068 2610 :
1100 2570 1213 2610 non
1252 2569 1320 2609 eo
1378 2562 1612 2617 tantum,
1670 2550 1815 2619 quod
1872 2548 2022 2603 solus

431 2650 893 2711 absolutissimam
946 2643 1419 2701 immortalitatem
1473 2643 1702 2694 sortitus
1758 2648 1843 2692 est
1884 2636 2021 2691 :sed

432 2743 581 2815 quod
625 2742 748 2810 ejus
778 2737 1034 2792 instituto
1085 2733 1332 2789 omnium
1381 2733 1618 2785 maxime
1654 2724 1972 2784 adversatur
2005 2743 2020 2781 :

433 2833 706 2905 siquidem
746 2844 869 2900 quae
899 2828 1018 2898 ipse
1043 2839 1333 2897 procreare
1360 2832 1416 2877 et
1455 2834 1783 2876 conservare
1816 2817 2021 2884 studet,

432 2943 497 2982 ea
524 2936 674 2982 mors
717 2919 1016 2990 exstinguit
1061 2925 1117 2971 et
1170 2917 1430 2986 dissipat.
1485 2912 1610 2967 Haec
1638 2912 2020 2975 modestiores,

434 3019 637 3088 quique
668 3024 923 3070 naturam
971 3018 1305 3079 sequuntur,
1332 3007 1400 3062 ad
1428 3007 1562 3076 justi
1621 3006 1729 3059 odii
1766 3018 2023 3078 compro‘

436 3111 735 3167 litationem.
758 3103 974 3175 Reliqui
1005 3114 1188 3156 autem
1246 3108 1301 3153 et
1348 3099 1516 3162 tertii,
1559 3112 1683 3151 cum
1745 3095 2024 3166 graviores

2119 2004 2229 2058 τῶν
2260 2004 2404 2057 οὕτω
2433 2004 2699 2058 κάλλιστα
2730 2006 2883 2076 παρὰ
2916 2006 3016 2076 τῆς
3050 2006 3269 2074 φύσεως
3301 2007 3683 2077 εἰργασμένων,

2120 2097 2205 2161 τίς
2229 2098 2328 2150 οὐκ
2366 2097 2433 2151 ἂν
2469 2098 2680 2168 φρίξειε
2709 2119 2723 2165 ;
2757 2098 2838 2162 τίς
2866 2099 2924 2153 δὲ
2952 2099 3052 2152 οὐκ
3092 2097 3159 2153 ἂν
3193 2076 3447 2169 μισήσειε
3474 2115 3490 2166 ;
3530 2098 3605 2162 τίς
3634 2076 3683 2151 δέ

2121 2188 2223 2241 οὐκ
2254 2187 2320 2251 ἂν
2350 2190 2448 2244 καὶ
2481 2189 2647 2257 μόνον
2678 2189 2995 2260 λεγόμενον,
3027 2190 3105 2253 ὡς
3135 2191 3203 2260 τῇ
3238 2190 3404 2261 φύσει
3446 2190 3685 2259 πολέμιον

2122 2279 2549 2349 ἁποπέμψαιτο;
2582 2280 2643 2334 οὐ
2676 2283 2742 2352 τῇ
2790 2281 2951 2350 φύσει
3003 2282 3060 2335 δὲ
3100 2282 3287 2349 μόνον,
3336 2281 3473 2335 ἀλλά
3523 2279 3684 2350 πολλῷ

2123 2373 2392 2443 πρότερον
2419 2374 2510 2425 καὶ
2539 2372 2686 2443 Θεῷ·
2724 2374 2784 2426 οὐ
2816 2373 2978 2443 μόνον
3006 2376 3083 2438 ὼς
3115 2375 3268 2445 μόνῳ
3309 2375 3408 2443 τὴν
3439 2373 3684 2426 τελεωτάαο

2123 2480 2223 2533 την
2263 2466 2564 2519 ἀθανασίαν
2586 2464 3015 2537 κεκληρωμένῳ,
3046 2466 3163 2521 ἀλλ’
3191 2469 3279 2521 ὅτι
3305 2468 3401 2521 καὶ
3423 2469 3486 2536 τῇ
3511 2465 3682 2518 τούτου

2126 2560 2446 2627 προαιρέσει
2501 2561 2723 2613 πάντων
2763 2560 3183 2626 ὲναντιώτατον;
3234 2561 3401 2631 εἴπερ
3443 2560 3479 2614 ἃ
3531 2557 3686 2625 παρά-

2125 2668 2246 2718 γειν
2276 2652 2484 2714 ἐκεῖνος
2516 2651 2610 2705 καὶ
2642 2653 2928 2723 συντηρεῖν
2967 2653 3359 2724 προθυμεῖται,
3388 2651 3538 2706 ταῦτ’
3561 2651 3685 2702 έκεῖ-

2127 2760 2216 2806 νος
2253 2744 2468 2814 φθείρει
2495 2743 2587 2797 καὶ
2612 2743 2836 2799 διαλύει.
2871 2743 3055 2798 Ταῦτά
3079 2762 3143 2813 γε
3172 2747 3221 2799 oi
3249 2745 3680 2816 σωφρονέστεροι,

2118 2836 2220 2923 ,καὶ
2269 2838 2337 2905 τῇ
2390 2834 2551 2904 φύσει
2609 2835 2963 2906 κεχρημένοι,
3016 2836 3154 2907 πρὸς
3196 2836 3299 2909 τὴν
3349 2834 3445 2888 τοῦ
3494 2833 3679 2888 δικαίου

2129 2928 2323 2996 μίσους
2357 2925 2654 2991 ἀπόδειξιν.
2698 2927 2763 2979 Ui
2810 2926 2868 2979 δὲ
2913 2928 3092 2980 λοιποὶ
3137 2928 3233 2981 καὶ
3269 2927 3461 2998 τρίτοι,
3507 2922 3681 2994 σεμνό⁸

2124 3017 2276 3087 τεροί
2314 3033 2459 3079 τινες
2507 3017 2695 3081 ὄντες.
2748 3020 2844 3072 καὶ
2901 3019 3309 3090 εὐλαϐέστεροι,
3353 3017 3447 3070 καί
3489 3033 3539 3069 τι
3587 3012 3680 3066 τῶν

2129 3107 2308 3162 ἄλλων
2365 3108 2673 3178 σοφώτερον
2727 3110 3006 3174 ἀξιοῦντες
3065 3109 3419 3173 διανοεῖσθαι,
3475 3105 3566 3174 οὐχ
3616 3098 3681 3155 ὧν

438 3203 551 3257 sint
603 3209 660 3255 et
703 3193 1153 3258 verecundiores,
1206 3200 1262 3245 et
1300 3190 1425 3244 aliis
1444 3187 1649 3257 aliquid
1692 3185 2017 3256 prudentius

2128 3197 2342 3268 ἔφημεν
2372 3198 2555 3252 εἵνεκα
2578 3197 2671 3250 τδν
2693 3197 2923 3252 θάνατον
2948 3196 3157 3263 ἀξιοῦσι
3187 3196 3457 3260 κακίζειν,
3481 3192 3588 3247 ἀλλ’
3608 3193 3680 3244 ὅτι

436 3292 635 3356 aﬂerre
681 3288 855 3345 velint
886 3303 901 3341 :
945 3300 1056 3341 non
1106 3282 1177 3337 ob
1205 3294 1269 3337 ea
1297 3297 1418 3351 quae
1445 3277 2017 3341 commemoravimus,

436 3393 668 3439 mortem
700 3382 756 3435 in
791 3379 1001 3434 crimen
1064 3374 1365 3430 vocandam
1413 3376 1644 3428 censent
1678 3389 1693 3425 :
1724 3368 1820 3426 sed
1875 3369 2020 3440 quod

435 3486 560 3547 post
590 3489 733 3536 eam,
797 3468 1085 3525 confestim
1117 3467 1241 3520 vitae
1270 3476 1405 3519 acta:
1455 3465 1721 3517 rationem
1774 3462 2020 3523 reddere,

438 3578 497 3623 ιιι
521 3563 908 3621 acerbissimas
938 3574 1002 3614 ac
1057 3557 1403 3613 tristissimas
1469 3571 1659 3626 poenas
1714 3555 1768 3609 in
1822 3568 2023 3624 perpe-

436 3672 595 3714 tuum
624 3658 758 3711 dare
783 3666 1042 3723 cogamur
1075 3667 1089 3703 :
1120 3664 1349 3719 quarum
1381 3657 1635 3718 expertes
1673 3647 1841 3702 futuri
1874 3661 2023 3700 esse-

438 3766 584 3818 mus,
611 3750 716 3803 nisi
753 3761 904 3801 mors
932 3745 1148 3799 animos
1188 3759 1218 3797 a
1252 3742 1578 3812 corporibus
1637 3740 1919 3802 aveheret,
1967 3748 2024 3792 et

436 3843 505 3898 ad
546 3842 694 3896 illius
726 3837 831 3893 loci
853 3837 1000 3907 leges
1031 3850 1095 3889 ac
1127 3832 1460 3903 qumstiones
1486 3832 1750 3885 mitteret.
1800 3827 1896 3882 His
1921 3829 2021 3899 igi-

439 3947 530 3988 tur
561 3932 745 3988 verbis
769 3929 993 4000 qnidam
1029 3934 1085 3981 et
1114 3925 1219 3979 sibi
1251 3934 1307 3978 et
1344 3922 1684 3978 auditoribus
1711 3920 1904 3974 timore
1939 3921 2023 3975 in—

434 4030 607 4096 jecto,
641 4034 756 4079 tum
797 4020 899 4090 ipsi
934 4018 1128 4074 mortis
1187 4017 1411 4072 nomine
1465 4010 1859 4085 percelluntur,
1910 4022 2022 4068 tum

437 4115 581 4194 aliis,
617 4125 676 4169 ut
706 4114 819 4168 sint
852 4120 1028 4166 metus
1053 4109 1212 4177 socii,
1238 4106 1591 4179 persuadent.

1032 4239 1266 4297 CAPUT
1288 4238 1353 4294 11.

513 4372 806 4436 Videamus
833 4394 984 4450 ergo,
1016 4386 1199 4432 utrum
1239 4374 1443 4444 aliquid
1475 4374 1712 4439 gdicant,
1745 4385 1800 4430 et
1859 4376 2025 4432 hone-

438 4483 581 4528 stum
614 4473 706 4538 sit,
736 4471 831 4542 qui
863 4471 1041 4525 virum
1078 4485 1136 4524 se
1163 4469 1309 4521 dicat
1359 4482 1502 4535 esse,
1546 4482 1671 4523 eum
1710 4468 2022 4537 hujusmodi

2132 3286 2249 3356 μετ’
2277 3289 2482 3340 ἐκεῖνον
2515 3287 2674 3349 εὐθὺς
2700 3286 3123 3355 ἀναγκαζόμεθα
3167 3286 3329 3355 λόγον
3371 3284 3477 3337 τῶν
3504 3280 3682 3352 βεϐιωο

2130 3379 2310 3448 μένων
2342 3380 2591 3449 ὑπέχειν,
2625 3379 2717 3433 καὶ
2749 3379 2846 3443 τὰς
2894 3378 3297 3450 ὀδυνηροτάτας
3334 3377 3426 3430 καὶ
3466 3376 3683 3443 ἀλγεινο-

2126 3474 2297 3535 τάτας
2347 3472 2417 3525 δι’
2448 3473 2645 3535 αἰῶνος
2685 3473 2840 3535 δίκας
2878 3471 3100 3538 διδόναι,
3136 3463 3209 3523 ὧν
3239 3472 3341 3524 οὐκ
3374 3469 3438 3522 ἂν
3468 3463 3681 3535 ὲλαμσάο

2130 3581 2295 3633 νομεν
2332 3569 2549 3635 πεῖραν,
2608 3565 2683 3635 μὴ
2730 3564 2825 3617 τοῦ
2867 3562 3100 3619 Θανάτου
3147 3563 3258 3617 τῶν
3307 3560 3561 3629 σωμάτων
3595 3555 3678 3615 τὰς

2126 3655 2306 3725 ψυχὰς
2337 3654 2698 3726 διαιροῦντος,
2731 3656 2825 3709 καὶ
2860 3652 2995 3723 πρὸς
3028 3656 3151 3716 τοὺς
3200 3656 3324 3708 ὲκετ
3362 3653 3551 3723 νόμους
3595 3647 3677 3697 καί⁹

2127 3736 2459 3818 ἐξετασμοὺς
2502 3748 2983 3817 παραπέμποντος.
3039 3748 3261 3811 Τούτοις
3317 3746 3413 3817 μὲν
3447 3743 3535 3798 οὖν
3581 3742 3679 3800 τοῖς

2124 3841 2307 3903 λόγοις
2337 3841 2485 3906 τινὲς
2525 3843 2621 3895 καὶ
2670 3842 2919 3905 ἑαυτοὺς,
2957 3840 3052 3894 καὶ
3099 3839 3226 3903 τοὺς
3265 3838 3573 3899 ἀκούοντας,
3604 3832 3677 3884 55-

2125 3933 2453 4003 διττόμενοι,
2492 3933 2647 3986 αὐτοί
2686 3950 2747 3985 τε
2778 3934 2871 3986 καὶ
2897 3934 3032 4003 πρὸς
3077 3931 3318 4002 τοῦνομα
3350 3928 3440 3984 τοῦ
3470 3925 3676 3982 θανάτου

2127 4026 2509 4097 ταράττονται,
2559 4027 2654 4080 καὶ
2702 4028 2827 4090 τοὺς
2875 4026 3072 4090 ἄλλους
3125 4025 3372 4097 πείθουσι
3408 4020 3498 4076 τοῦ
3542 4016 3678 4076 δέους

2130 4116 2315 4179 αὐτοῖς
2350 4117 2648 4171 κοινωνεῖν.

2740 4254 2997 4317 ΚΕΦΛΛ.
3033 4253 3106 4307 B'.

2203 4385 2481 4440 Σκεπτέον
2511 4382 2822 4455 τοιγαροῦν,
2858 4383 2910 4434 εί
2950 4400 3003 4436 τι
3046 4383 3166 4463 μετ’
3196 4380 3450 4451 ἀληθείας
3482 4374 3675 4463 λέγεται

2133 4480 2266 4549 παρ’
2306 4476 2510 4541 αὐτῶν,
2550 4478 2645 4529 καὶ
2694 4478 2745 4529 εἰ
2796 4473 2982 4537 καλὸν,
3029 4458 3198 4542 ἄνδρα
3251 4474 3520 4542 φάσκοντα
3554 4458 3675 4549 εἶναι

440 4568 788 4622 sermonibus
823 4579 883 4620 se
910 4564 1133 4619 dedere.
1175 4560 1393 4615 Primos
1443 4560 1627 4630 itaque
1679 4569 1739 4614 ut
1793 4562 2017 4615 nimium

2132 4566 2393 4629 τοιούτοις
2426 4565 2619 4618 ἑαυτὸν
2653 4564 2833 4632 λόγοις
2873 4563 3251 4632 παραδιδόναι.
3299 4563 3435 4621 Τοὺς
3465 4556 3557 4625 μὲν
3593 4546 3674 4602 οὖν

441 4657 778 4728 voluptarius
823 4667 880 4710 et
932 4653 1145 4715 molles,
1200 4648 1433 4720 ideoque
1471 4647 1708 4706 virilium
1756 4652 2023 4707 bellorum

439 4731 951 4819 imperitos,parva:
972 4758 1152 4815 operae
1182 4751 1266 4797 est
1302 4742 1368 4795 ad
1404 4744 1734 4798 deditionem
1786 4744 2028 4813 compel—

442 4840 555 4893 lere
586 4856 601 4893 :
631 4836 887 4909 quamvis
939 4844 995 4890 et
1029 4834 1229 4888 multos
1266 4832 1445 4888 socios
1498 4834 1751 4897 habeant,
1799 4840 1850 4886 et
1899 4848 2023 4887 cum

440 4931 630 4985 multis
683 4936 784 4984 nos
854 4925 1137 4981 invadant.
1203 4922 1407 4979 Omnes
1462 4924 1604 4979 enim
1640 4924 1733 4993 qui
1787 4924 2025 4994 Epicuro

443 5022 664 5078 nomina
693 5020 987 5082 dederunt,
1020 5032 1243 5072 suavem
1281 5017 1442 5074 vitam
1475 5029 1532 5073 et
1579 5018 1782 5073 doloris
1827 5033 2024 5089 exper-

442 5127 549 5168 tem
612 5116 870 5168 humanm
900 5110 1176 5165 felicitatis
1204 5109 1365 5165 ﬁnem
1409 5110 1758 5177 existimant;
1806 5110 2023 5165 etdilli-

439 5207 598 5269 cilem
650 5206 796 5258 inter
823 5202 1074 5257 homines
1123 5202 1291 5256 ullum
1351 5203 1630 5257 inventum
1683 5217 1803 5256 esse
1846 5203 2020 5269 aiunt,

438 5297 534 5363 qui
568 5307 791 5365 prorsus
818 5293 1025 5362 absque
1050 5294 1329 5363 voluptate
1348 5295 1533 5349 vivere
1563 5294 1713 5359 velit,
1763 5293 1868 5347 nisi
1898 5293 2023 5363 quis

438 5389 512 5441 ob
567 5397 850 5455 stuporem
901 5400 932 5438 a
983 5386 1439 5440 rommunissimo
1498 5389 1643 5441 bono
1703 5386 2019 5441 abhorreat.

439 5476 647 5532 Tamen
679 5485 849 5555 recte.
877 5476 945 5531 iis
968 5478 1150 5533 dicere
1176 5478 1449 5548 possimus
1484 5492 1498 5529 :
1530 5476 1574 5532 Ο
1607 5477 1731 5544 viri,
1777 5480 1821 5533 si
1859 5480 2022 5534 modo

438 5569 545 5625 huc
565 5569 787 5623 nomine
815 5571 1122 5640 appellandi
1158 5571 1310 5637 estis,
1342 5569 1433 5640 qni
1481 5571 1616 5624 adeo
1658 5571 1906 5625 dissoluti
1969 5582 2021 5627 et

439 5659 708 5723 cnervati,
740 5662 1027 5732 stolidique
1067 5662 1295 5718 omnino
1326 5662 1468 5727 sitis,
1506 5656 1818 5717 utiiimium
1882 5678 2021 5733 pne.

440 5751 615 5837 uiliter
650 5754 703 5808 in
730 5770 795 5810 eo
827 5756 1022 5825 facitis,
1048 5773 1174 5813 cum
1202 5756 1577 5825 voluptatibus
1605 5763 1840 5820 tanttun,
1892 5753 2017 5809 boni

435 5840 698 5907 iudiciuin
722 5852 1073 5919 permittitis;
1107 5850 1150 5905 si
1212 5849 1344 5920 quid
1388 5855 1569 5903 autem
1604 5862 1727 5902 cum
1772 5846 2015 5902 molestia

2130 4655 2383 4727 πρώτους
2417 4654 2493 4719 ὡς
2544 4653 2662 4706 λίαν
2711 4649 2874 4717 ὄντας
2923 4653 3243 4721 φιληδόνους
3277 4651 3367 4706 καὶ
3396 4642 3670 4719 μαλακοὺς,

2127 4749 2222 4802 καὶ
2252 4746 2338 4801 διὰ
2375 4747 2532 4800 τοῦτο
2563 4745 2835 4817 ἀνδρικῶν
2865 4746 3117 4817 πολέμων
3142 4746 3423 4815 ἀπείρους,
3447 4737 3504 4792 οὗ
3534 4732 3673 4805 χαλε-

2128 4839 2229 4893 πὸν
2281 4838 2761 4911 παραστήσασθαι,
2814 4824 2997 4892 καίτοι
3053 4843 3148 4892 καὶ
3204 4829 3671 4903 πολλοὺς,ἔχοντας

2128 4908 2475 5000 συμμάχους,
2511 4926 2603 4981 καὶ
2632 4908 2771 4997 μετὰ
2798 4928 3011 4981 πολλῶν
3035 4925 3165 4998 ἡμῖν
3189 4925 3458 4984 ἐπιόντας.
3485 4916 3670 4970 Πάντες

2125 5024 2235 5093 γὰρ
2268 5023 2317 5075 οῖ
2353 5020 2474 5091 μετ’
2502 5018 2827 5091 Ἑπικούρου
2863 5020 3285 5090 στρατευόμενοι
3317 5017 3405 5070 τὸν
3444 5011 3564 5080 ἡδὺν
3588 5000 3671 5057 καὶ

2127 5113 2431 5183 ἀνάλγητον
2461 5111 2575 5182 βίον
2606 5108 2952 5184 ἀνθρωπίνης
2988 5109 3331 5182 εὐδαιμονίας
3364 5109 3550 5160 οίονται
3580 5097 3666 5147 πέ-

2129 5224 2250 5277 ρας.
2282 5206 2379 5261 καὶ
2426 5206 2662 5275 χαλεπόν
2705 5223 2874 5274 φασιν
2927 5205 2985 5258 ὲν
3033 5203 3342 5277 ἀνθρώποις
3388 5197 3555 5266 εὑρεῖν
3587 5187 3667 5277 τὸν

2125 5300 2253 5352 ἄνευ
2289 5297 2482 5369 ὴδλνῆς
2513 5298 2836 5369 αἱρούμενον
2884 5297 2983 5370 ζῇν
3018 5276 3275 5368 ἀτεχνῶς,
3319 5295 3365 5347 εί
3397 5294 3468 5363 μή
3500 5302 3575 5345 τις
3609 5276 3665 5331 δι’

2127 5393 2488 5463 ἀναισθησίαν
2514 5388 2693 5458 ἀηδῶς
2720 5390 2833 5462 ἔχει
2862 5392 2999 5462 πρὸς
3043 5390 3103 5445 τὸ
3133 5389 3431 5445 κοινότατον
3459 5373 3659 5446 ἀγαθόν.

2128 5482 2319 5552 Ὅμως
2348 5482 2574 5545 εἰκότως
2604 5483 2671 5537 ἂν
2697 5483 2880 5543 αὐτοῖς
2909 5483 3166 5551 λέγοιμεν
3187 5499 3201 5512 ·
3230 5479 3295 5534 Ὠ
3333 5472 3530 5545 ἄνδρες.
3560 5463 3659 5530 εἴτε

2123 5575 2282 5628 τοῦτο
2330 5576 2435 5646 χρὴ
2487 5576 2674 5629 καλεῖν
2726 5576 2871 5645 ὑμᾶς
2919 5573 3092 5638 οὕτως
3140 5571 3541 5641 ἐκλελυμένους,
3579 5554 3660 5609 καὶ

2124 5645 2664 5738 ἐκνενευρισμένους,
2695 5667 2788 5718 καὶ
2806 5654 3180 5737 ’βλακεύοντας
3204 5660 3449 5733 ἀτεχνῶς,
3466 5654 3534 5715 ὡς
3555 5645 3657 5699 λίαν

2125 5754 2282 5829 ὑμῶν
2314 5759 2568 5811 παιδικὸν
2625 5760 2686 5812 τὸ
2718 5762 2839 5820 ταῖς
2880 5757 3095 5828 ἡδοναῖς
3170 5758 3326 5828 μόνον
3359 5751 3448 5821 τὴν
3498 5741 3654 5829 χρίειν

2124 5827 2447 5921 ἐπιτρέπειν
2472 5850 2567 5905 τοῦ
2609 5849 2818 5920 ἀγαθοῦ
2846 5867 2860 5885 ο
2902 5827 2952 5903 εί
2987 5851 3045 5905 δέ
3083 5868 3135 5905 τι
3174 5827 3275 5903 καὶ
3319 5840 3449 5917 μετὰ
3490 5827 3654 5902 ἀηδίας
