4070 6460
401 356 537 419 “73

1524 354 1623 414 DE
1671 351 2240 415 CONTEMNENDA
2282 351 2563 415 MORTE.

3518 347 3657 413 ῙῙἹᾶ

394 438 626 536 ὀλφελείν
655 464 892 528 δύναιτο,
926 462 1085 517 τοῦτο
1126 462 1397 529 κακίζειν,
1429 464 1524 516 καὶ
1560 465 1739 519 πάντα
1770 466 1974 535 τρόπον

2090 464 2346 533 prodesse
2375 471 2557 533 queat,
2604 462 2658 519 id
2691 463 3036 534 vituperatis,
3074 471 3129 518 et
3153 463 3349 532 quovis
3380 463 3543 517 modo
3571 466 3654 543 et-

399 558 625 627 φεύγειν
654 556 982 629 πειρᾶσθαιο
1016 556 1147 609 ἄλλο
1192 556 1292 626 μὲν
1334 555 1488 610 οὐδὲν
1530 556 1783 623 ἐγκαλεῖν
1826 556 1975 626 ἕχον-

394 668 518 716 τας,
561 651 647 703 ὅτι
686 651 742 703 δὲ
778 650 940 718 μόνον
977 649 1036 701 οῦ
1082 648 1257 702 σαίνει
1306 648 1405 718 τὴν
1446 648 1718 716 αἴσθησιν.
1754 648 1819 700 Τί
1864 648 1974 717 γὰρ

383 742 619 811 κωλύει,
653 741 748 794 καὶ
783 742 909 804 τοὺς
957 741 1175 808 ίατροὺς
1205 741 1318 803 τοῖς
1352 739 1536 806 λόγοις
1576 739 1785 801 τούτοις
1817 740 1967 792 κακί-

397 834 534 900 ζειν,
568 832 618 886 οἳ
640 836 752 895 τοῖς
782 832 1030 901 σώμασιν
1050 831 1150 885 οὐκ
1174 831 1345 895 ἄλλως
1374 828 1783 900 ἐπικουροῦσιν.
1808 830 1840 900 ἢ
1870 831 1977 882 τῶν

394 927 597 991 ἀηδῶν,
636 924 731 978 καὶ
769 924 996 990 ἐσθίειν,
1045 925 1137 976 καὶ
1179 924 1377 986 πίνειν,
1427 926 1524 977 καὶ
1554 922 1845 985 ἅπτεσθαι,
1883 922 1978 974 καὶ

396 1014 573 1067 πάντα
599 1013 802 1081 τρόπον
818 1013 1056 1083 χρῆσθαι
1073 1012 1201 1075 τοὺς
1225 1007 1530 1081 κάμνοντας
1552 1007 1976 1079 ἀναγκάζοντες,

396 1099 478 1168 οτς
501 1104 601 1156 τοῦ
624 1100 815 1156 τοῦτον
844 1103 935 1156 τὸν
965 1104 1164 1173 τρόπον
1195 1103 1343 1171 ἡμᾶς
1376 1103 1566 1154 λυπεῖν
1625 1102 1719 1155 καὶ⁵
1751 1102 1980 1171 μισθοὺς

400 1193 676 1263 μεγάλους
716 1192 1002 1263 τελοῦμεν,
1060 1195 1156 1246 καὶ
1205 1194 1529 1263 εὐεργεσίας
1576 1194 1730 1246 αὐτοί
1770 1211 1848 1256 τε,
1884 1196 1978 1247 καὶ

396 1279 478 1348 οἷς
499 1284 608 1338 τῶν
643 1285 927 1356 ἡμετέρων
960 1284 1134 1354 μέλει,
1167 1284 1580 1354 ὁμολογοῦμεν;
1621 1280 1723 1340 Ὧν
1763 1290 1811 1338 εί
1842 1286 1978 1355 πρὸς

402 1376 572 1445 μόνην
615 1376 714 1445 τὴν
763 1375 958 1447 ἡδονὴν
1007 1377 1114 1428 ἔδει
1166 1377 1341 1429 πάντα
1399 1376 1642 1445 ἀνάγειν,
1705 1377 1859 1441 τίνας
1913 1378 1979 1431 ἂν

399 1463 615 1532 ἐχθίους
666 1464 878 1535 ὑπῆρξε
930 1466 1159 1531 καλεῖν;
1211 1465 1350 1517 Ἀλλ’
1393 1461 1549 1534 οἶμαι
1597 1466 1836 1534 τάγαθὸν
1885 1470 1979 1520 καὶ

397 1554 571 1607 κακὸν
600 1555 661 1608 οὐ
693 1556 840 1626 λύπῃ
872 1557 968 1609 καὶ
999 1557 1183 1627 ἡδονῇ,
1218 1557 1297 1627 τῷ
1330 1557 1387 1608 δὲ
1418 1557 1682 1628 ὠφελίμῳ
1715 1562 1810 1611 καὶ
1844 1558 1979 1628 βλα-

398 1646 547 1716 ϐερῷ
576 1646 859 1717 κρίνεσθαι
883 1648 1050 1702 δοκεῖ.
1093 1648 1155 1700 El
1187 1648 1244 1701 δὲ
1281 1650 1416 1718 πρὸς
1444 1651 1543 1718 τὴν
1572 1651 1766 1720 ἡδονὴν
1796 1651 1978 1704 πάντα

398 1738 707 1806 ἀνοίσομεν,
741 1738 933 1806 κακὸν,
967 1739 1157 1808 ῶσπερ
1186 1740 1345 1810 ἔφην,
1391 1743 1450 1795 ἐν
1496 1740 1709 1811 σώματι
1757 1740 1856 1811 μὲν
1901 1742 1981 1796 ία-

2078 554 2264 623 fugere
2295 555 2544 619 studetis,
2571 554 2786 610 tametsi
2822 557 2958 610 nihil
2993 555 3137 609 aliud
3190 555 3436 610 habeatis
3467 568 3645 625 repre-

2079 648 2450 711 hendendum,
2499 648 2602 701 nisi
2654 648 2784 703 illud
2821 649 3022 712 solum,
3064 647 3209 717 quod
3265 661 3489 701 sensum
3545 661 3655 700 non

2078 738 2399 796 demulceat.
2432 739 2569 806 Quid
2586 740 2741 793 enim
2764 749 2930 804 vetat,
2963 740 3204 793 medicos
3223 754 3437 808 quoque
3466 738 3655 791 iisdem

2078 830 2386 883 rationibus
2442 830 2746 896 criminari,
2800 831 2891 899 qui
2948 830 3275 899 corporibus
3334 844 3442 883 non
3502 831 3659 882 aliter

2080 934 2407 976 succurrunt
2434 938 2597 991 quam
2656 923 2917 993 cogendis
2944 922 3184 993 argrotis,
3242 932 3302 976 ut
3341 922 3431 976 res
3471 922 3658 974 insua-

2081 1028 2184 1072 ves
2221 1016 2591 1070 ctcomedant
2632 1024 2687 1069 et
2721 1015 2932 1078 bibant,
2991 1024 3048 1068 et
3098 1022 3344 1085 tangant,
3393 1024 3449 1067 et
3482 1016 3661 1067 modis

2080 1110 2337 1165 omnibus
2390 1106 2671 1161 tractent?
2727 1106 2936 1171 Quibus
2993 1120 3061 1159 eo
3117 1105 3265 1174 quod
3324 1107 3428 1159 hoc
3496 1107 3660 1158 modo

2083 1198 2298 1253 moleSti
2330 1197 2487 1251 nobis
2509 1196 2640 1258 sint,
2666 1205 2720 1250 et
2747 1210 2969 1266 magnas
3006 1196 3288 1251 mercedes
3332 1190 3658 1264 pendimus,

2081 1303 2135 1345 et
2165 1291 2365 1345 debere
2388 1290 2513 1351 illis,
2544 1299 2657 1342 tum
2700 1304 2801 1343 nos
2835 1290 2960 1358 ipsi,
3024 1297 3136 1343 tum
3165 1290 3198 1342 ii
3250 1289 3463 1358 ‘quibus
3515 1304 3659 1343 CUM!

2082 1391 2291 1442 sumus,
2326 1378 2705 1447 praedicamus.
2735 1377 2969 1442 Quibus,
3006 1380 3049 1430 si
3091 1380 3156 1432 ad
3187 1379 3358 1433 solam
3414 1380 3664 1446 volupta-

2085 1482 2192 1525 tem
2227 1473 2408 1525 omnia
2452 1470 2649 1524 referri
2682 1478 2982 1538 epor'teret,
3049 1472 3274 1540 quinam
3328 1473 3665 1527 inimiciores

2086 1556 2343 1627 appellari
2374 1557 2673 1612 deberent?
2722 1556 2926 1611 Verum
2953 1554 3084 1611 'mea
3115 1560 3339 1627 quidem
3389 1562 3664 1615 sententia

2083 1667 2172 1706 res
2195 1652 2353 1706 bonae
2385 1661 2440 1705 et
2478 1650 2634 1704 malae
2687 1666 2795 1703 non
2850 1651 3038 1705 dolore
3086 1660 3142 1705 et
3204 1652 3502 1721 voluptate,
3571 1657 3667 1708 sed

2087 1743 2321 1797 utilitate
2350 1752 2405 1797 et
2429 1758 2570 1796 noxa
2595 1742 2903 1811 iudicanda:
2931 1752 3081 1797 sunt.
3100 1743 3157 1797 Si
3176 1760 3301 1798 vero
3329 1748 3394 1798 ad
3415 1746 3671 1815 volupta-

399 1828 548 1899 τρδςο
589 1831 864 1898 χείριστον
906 1830 964 1882 δὲ
996 1832 1066 1901 ἐν
1097 1808 1243 1902 ψυχῇ
1279 1808 1467 1900 ννόμοι,
1521 1808 1614 1885 καὶ
1668 1808 1973 1896 παιδευταὶ,

2090 1838 2192 1881 tem
2219 1836 2414 1881 cuncta
2444 1808 2771 1887 referemus,
2803 1827 3232 1881 ineommodabit
3260 1828 3333 1899 (id
3356 1830 3497 1899 quod
3532 1808 3673 1900 dixi)

401 1922 727 2003 xal'yovslg,
779 1923 876 1974 καὶ
913 1922 1051 1985 ὅλως
1094 1924 1163 1974 τὰ
1205 1924 1513 1992 τιμιώτατα
1546 1926 1642 1977 καὶ¹
1688 1924 1978 1994 ὠφελιμώ-

403 2029 558 2067 τατα.
587 2009 749 2066 Οὗτοι
777 2013 886 2083 γάρ
915 2015 1115 2077 πάντες
1153 2016 1219 2069 ἂν
1267 2016 1343 2085 μὴ
1380 2017 1629 2081 πείθωσι,
1666 2017 1734 2070 τὰ
1767 2020 1977 2087 προσή-

405 2121 570 2157 κοντα
596 2104 1014 2174 παραινοῦντες,
1041 2106 1370 2176 ἀηδέστατον
1400 2090 1639 2175 γίνονται
1678 2108 1750 2177 μὴ
1797 2109 1979 2160 πειθο-

405 2195 627 2265 μένοις,
680 2197 1050 2266 ἀτιμοῦντες,
1110 2199 1206 2252 καὶ
1265 2200 1581 2270 εἴργοντες,
1638 2200 1734 2254 καὶ
1791 2200 1981 2270 μακρᾷ

402 2287 627 2342 κολάσει
659 2287 1071 2357 παραδιδόντες,
1102 2281 1177 2343 ὧν
1222 2290 1374 2343 οὐδὲν
1423 2290 1491 2344 ἂν
1524 2293 1660 2361 ἡμῖν
1690 2289 1881 2360 ὄφελος
1916 2293 1981 2342 ἐκ

403 2377 603 2439 παντὸς
621 2378 824 2448 τρόπου
847 2378 946 2449 τὴν
962 2379 1146 2433 ἄνεσιν
1164 2380 1475 2449 προτιμῶσι
1501 2381 1604 2453 (l).
1630 2381 1868 2451 Πόρνους
1895 2381 1975 2445 δὲ,

403 2471 499 2523 καὶ
530 2473 915 2541 προαγωγέας,
941 2471 1038 2524 καὶ
1065 2471 1326 2538 κόλακας,
1357 2474 1453 2525 καὶ
1475 2474 1589 2526 ὅσοι
1611 2474 1680 2526 τὰ
1703 2472 1977 2543 αἴσχιστα,

403 2564 556 2618 αὐτοί
589 2581 650 2616 τε
678 2565 1080 2634 ἐπιτηδεύουσι,
1117 2564 1216 2619 καὶ
1241 2567 1353 2627 τοῖς
1382 2565 1565 2629 ἄλλοις
1591 2566 1692 2627 τὰς
1723 2566 1832 2620 ἀπὸ
1862 2564 1983 2617 τού-

401 2673 512 2711 των
548 2657 740 2725 ἡδονὰς
777 2657 1154 2727 προξενοῦσιν,
1210 2656 1551 2727 ἐπιτηδείους
1594 2658 1726 2726 ἡμῖν
1775 2656 1979 2720 αὐτοῖς,

402 2749 480 2813 ὡς
504 2749 668 2819 ἔοικε,
706 2750 1031 2821 νομιοῦμεν,
1070 2750 1136 2804 ἂν
1167 2750 1238 2804 τὰ
1265 2749 1372 2804 τῶν
1401 2748 1603 2819 ἡδονῶν
1628 2751 1804 2820 κρατῇ
1843 2766 1985 2803 παν·

404 2841 601 2915 ταχοῦ.
1842 2842 1847 2845 ί

1021 2936 1274 2992 ΚΕΦΔᾹ.
1308 2934 1382 2992 I'.

475 3027 702 3098 Πρῶτον
743 3028 845 3098 μὶν
878 3027 973 3082 οὖν
1001 3030 1161 3082 τοῦτο
1205 3030 1302 3082 καὶ
1331 3030 1665 3099 κουφότητος
1696 3033 1986 3102 νομιστέον

2079 1917 2303 1987 corpori
2334 1916 2603 1979 medicus,
2623 1924 2678 1969 et
2709 1917 2943 1971 maxime
2984 1917 3260 1970 nocebunt
3290 1922 3473 1971 animo
3496 1920 3673 1988 leges,

2078 2013 2134 2060 et
2164 2007 2530 2070 institutores,
2554 2016 2609 2060 et
2635 2017 2912 2074 parentes,
2929 2007 3165 2075 denique
3192 2009 3589 2077 pretiosissima
3608 2016 3673 2065 οι·

2080 2096 2372 2151 utilissima
2387 2111 2638 2165 quaque.
2661 2096 2701 2150 li
2719 2097 3093 2160 enimomnes,
3115 2112 3240 2152 cum
3278 2099 3478 2152 frustra
3503 2100 3668 2159 cilicii

2066 2198 2448 2253 commonent,
2480 2188 2903 2244 contumacibus
2922 2189 3293 2245 molestissimi
3330 2187 3665 2261 ﬂutnt,ig’ne-

2081 2275 2247 2329 minia
2285 2276 2705 2341 mulctando,et
2747 2278 2804 2330 in
2848 2291 3127 2332 carcerem
3166 2279 3321 2347 conjl
3365 2281 3579 2346 ciendo,
3612 2290 3672 2335 et

2081 2367 2352 2422 diuturnis
2380 2368 2667 2437 snppliciis
2698 2367 3023 2423 alliciendo:
3049 2384 3281 2438 quorum
3317 2371 3523 2424 nullum
3568 2387 3670 2426 no-

2082 2458 2168 2513 bis
2211 2468 2358 2514 esset
2386 2459 2764 2524 commodum,
2793 2460 2838 2514 si
2887 2462 3085 2529 quovis
3121 2464 3284 2516 modo
3322 2466 3494 2519 otium
3532 2466 3679 2519 illud'

2083 2550 2562 2625 amplecteremur.
2604 2550 2712 2605 Sed
2740 2551 3000 2615 cinaedos,
3045 2553 3292 2618 lenones,
3332 2558 3664 2622 adulatores,
3704 2584 3707 2589 -

2084 2640 2289 2710 quique
2312 2640 2515 2710 ﬂagitia
2537 2648 2649 2696 tum
2682 2642 2786 2712 ipsi
2814 2654 3095 2708 exercent,
3135 2655 3250 2700 tum
3282 2647 3403 2702 aliis
3434 2649 3559 2703 inde
3580 2664 3677 2704 vo-

2086 2734 2321 2804 luptates
2344 2735 2670 2801 conciliant,
2703 2745 3042 2806 opportunos
3095 2740 3303 2798 scilicet
3345 2743 3505 2798 nobis
3542 2743 3677 2814 ipsis

2083 2826 2472 2897 iudicabimus,
2507 2829 2553 2883 si
2584 2829 2789 2899 ubique
2829 2831 3140 2900 voluptates
3195 2833 3572 2891 dominentur.

2682 2934 2913 2990 CAPUT
2972 2936 3053 2995 Ill.

2160 3022 2405 3080 Primum
2445 3025 2611 3094 igitur
2641 3023 2774 3078 illud
2803 3025 3041 3080 levitatis
3075 3028 3377 3096 putandum
3424 3039 3530 3094 est,
3570 3032 3668 3086 de.

409 3120 601 3193 κλᾴειν
633 3122 743 3173 τῶν
772 3121 981 3190 ἡδονῶν
1008 3122 1428 3191 στερουμένους,
1459 3124 1647 3195 ῶσπερ
1677 3126 1744 3178 τὰ
1771 3126 1983 3191 παιδία,

2095 3120 2310 3189 plorare
2366 3118 2705 3188 voluptatum
2772 3119 3180 3187 privationem:
3218 3122 3391 3176 instar
3466 3138 3669 3192 puero-

410 3210 540 3265 ὅταν
564 3212 744 3265 αὐτῶν
771 3212 821 3265 ol
872 3211 1209 3279 παιδαγωγοὶ
1260 3211 1386 3273 τοὺς
1435 3213 1836 3282 ἀστραγάλους,
1867 3216 1900 3283 ἡ
1934 3231 1987 3267 τι

413 3304 521 3357 τῶν
566 3303 669 3374 τῆς
716 3304 958 3368 παιδιᾶς,
1000 3304 1367 3374 ἀφαιρῶνται.
1399 3303 1613 3357 Ἐπειτ’
1643 3303 1986 3369 ἐξεταστέον,

410 3395 689 3458 καὶτίνας
718 3396 826 3448 τῶν
857 3395 1060 3463 ἡδονῶν
1112 3398 1139 3447 ὁ
1191 3394 1423 3457 θάνατος
1473 3395 1773 3464 ἀφανίζων,
1816 3395 1989 3457 οὕτως

413 3488 531 3541 ἐστὶ
571 3490 837 3556 λυπηρῦς.
873 3487 1079 3540 Οὐκοῦν
1110 3491 1204 3539 καὶ
1240 3486 1446 3539 τούτων
1494 3488 1573 3549 είς
1612 3488 1758 3555 τρεῖς
1796 3468 1991 3554 μοίρας

411 3580 835 3650 διαιρουμένων,
869 3581 967 3651 τὴν
1004 3581 1103 3650 μὲν
1135 3580 1263 3649 μίαν
1296 3581 1391 3632 καὶ⁹
1438 3578 1684 3649 πρώτην,
1721 3581 1815 3631 καὶ
1849 3580 1993 3631 θειο-

413 3672 607 3741 τάτην,
637 3672 728 3724 κα)⁸
772 3673 806 3742 ἢ
841 3672 975 3742 μόνη
1022 3672 1281 3741 καθαρῶς
1332 3674 1483 3725 ἐστιν
1534 3658 1851 3742 ἀνθρώπου,
1895 3672 1993 3723 καὶ

416 3764 539 3817 καθ’
558 3761 762 3834 ἑαυτὴν
791 3764 986 3833 αἱρετὴ
1007 3779 1020 3793 ·
1050 3764 1193 3830 λέγω
1220 3763 1283 3833 δὴ
1309 3764 1409 3833 τὴν
1434 3763 1562 3832 περὶ
1583 3764 1683 3834 τὴν
1709 3763 1991 3832 ἀλήθειαν,

416 3855 513 3907 καὶ
558 3856 650 3909 τὸν
703 3853 848 3919 νοῦν,
907 3854 1002 3907 καὶ
1053 3854 1154 3924 ὅση
1211 3853 1402 3907 τούτου
1456 3855 1690 3923 γένους’
1739 3854 1994 3908 τοσοῦτον

415 3947 611 4017 ἀπέχει
639 3945 883 4016 φθείρειν
906 3949 934 3999 ό
966 3946 1218 4012 Θάνατος,
1245 3946 1414 4016 ἡγουν
1440 3945 1501 4000 τὸ
1526 3947 1690 4017 τυχὸν
1712 3947 1989 4012 ἐλαττοῦν,

416 4039 559 4092 ὥστε
593 4039 687 4092 καὶ
732 4039 842 4091 τῶν
883 4039 1162 4101 παντελῶς
1201 4038 1493 4104 ἀδυνάτων,
1529 4040 1579 4090 εί
1622 4038 1696 4108 μὴ
1731 4040 1869 4108 μετὰ
1900 4038 1994 4092 θά-

416 4148 595 4198 νατον,
631 4130 891 4201 καθαρῶς
933 4146 994 4182 τε
1040 4132 1137 4182 καὶ
1187 4131 1448 4198 ἀσφαλῶς
1500 4132 1717 4194 ἐκείνας
1758 4132 1991 4200 ἡσθῆναι

415 4225 514 4287 τὰς
542 4223 754 4295 ἡδονάς.
791 4224 901 4275 Καὶ
945 4220 1088 4274 τοῦτ’
1126 4220 1358 4275 ἄπιστον
1404 4221 1507 4295 μὲν
1543 4222 1672 4284 ἴσως
1709 4223 1850 4285 δόξει
1880 4225 1991 4285 τοῖς

325 4308 328 4312 λ
418 4317 493 4382 ὡς
522 4317 681 4386 ἔτυχε
716 4316 884 4379 ζῶσι·
918 4314 1119 4377 παντὸς
1146 4315 1202 4366 δὲ
1231 4315 1433 4383 μᾶλλόν
1464 4317 1613 4369 ἐστιν
1655 4315 1853 4385 ἀληθὲς
1878 4316 1992 4377 τοῖς

418 4410 519 4463 οὐκ
559 4408 937 4469 ἀϐασανίστως
970 4406 1097 4475 περὶ
1141 4405 1249 4458 τῶν
1297 4408 1638 4477 πραγμάτων
1685 4406 1997 4476 ψηφιζομέ-
2040 4458 2041 4461 η

2098 3227 2240 3275 rum,
2270 3211 2470 3279 quibus
2504 3210 2743 3280 magistri
2775 3211 2933 3273 talos,
2961 3222 3054 3264 aut
3087 3212 3231 3265 aliud
3265 3213 3544 3283 quippiam
3589 3217 3672 3271 lu-

2097 3303 2611 3371 dicrum,eripiunt.
2645 3301 2852 3356 Deinde
2874 3304 3248 3371 quaerendum,
3300 3306 3498 3375 quibus
3552 3308 3671 3363 adi-

2097 3393 2307 3448 mendis
2327 3393 2716 3463 voluptatibus,
2780 3408 2930 3449 mors
2954 3404 3061 3448 tam
3119 3397 3323 3466 gravis.
3358 3398 3480 3452 sit?
3528 3398 3669 3454 Cum

2098 3495 2279 3541 autem
2314 3487 2396 3542 ha:
2434 3500 2652 3556 quoque
2692 3486 2747 3539 in
2786 3496 2896 3541 tres
2928 3496 3110 3557 partes
3141 3488 3476 3555 dividantur,
3504 3507 3668 3547 unam

2097 3580 2315 3649 quidem
2344 3586 2399 3633 et
2423 3578 2661 3633 maxime
2693 3578 2954 3644 divinam,
2990 3587 3046 3635 et
3093 3595 3212 3649 qme
3267 3582 3389 3635 sola-
3433 3584 3674 3642 hominis

2099 3681 2203 3735 est,
2235 3678 2291 3725 et
2315 3679 2539 3740 propter
2567 3670 2914 3740 semetipsum
2938 3671 3240 3740 expetenda
3295 3672 3435 3743 [eam
3488 3687 3669 3732 autem

2099 3764 2244 3826 dico,
2274 3777 2397 3832 quae
2447 3762 2505 3816 in
2538 3762 2768 3817 veritate
2824 3762 3125 3833 indaganda
3172 3773 3440 3828 versatur,
3502 3774 3556 3820 et
3617 3768 3670 3819 in

2099 3859 2478 3922 mente'posita
2517 3863 2624 3916 est,
2691 3863 2747 3907 et
2803 3869 2923 3920 quae
2970 3863 3099 3908 sunt
3154 3856 3397 3923 ejusdem
3433 3860 3675 3931 generis]

2103 3953 2312 4000 tantum
2355 3946 2510 4001 abest
2538 3955 2598 3999 ut
2626 3960 2771 3999 mors
2792 3945 3004 4014 perdat,
3031 3946 3113 3999 vel
3147 3947 3369 4001 minima
3423 3965 3501 4002 cr
3524 3960 3678 4018 parte

2100 4038 2389 4102 diminuat,
2426 4038 2658 4091 utnullo
2684 4038 2848 4092 modo
2890 4038 3006 4091 ﬁeri
3064 4041 3233 4108 possit
3289 4051 3345 4094 ut
3373 4041 3481 4095 illis
3513 4044 3672 4097 volu-

2100 4127 2341 4195 pratibus
2359 4141 2493 4193 pure
2522 4135 2578 4180 et
2603 4140 2797 4180 secure
2813 4127 3185 4196 perfruamur.
3212 4129 3331 4183 nisi"
3361 4140 3483 4199 post
3525 4146 3676 4187 mor-

2102 4228 2231 4272 tem.
2259 4218 2329 4271 At
2358 4219 2460 4272 hoc
2492 4218 2807 4273 incredibile
2836 4220 3087 4274 fortassis
3109 4219 3382 4275 videbitur
3436 4224 3674 4280 homini-

2101 4314 2201 4366 bus
2234 4320 2440 4365 temere
2467 4312 2803 4377 viventibus,
2847 4327 2972 4366 cum
3019 4313 3262 4366 omnium
3320 4315 3672 4370 verissimum

2100 4404 2184 4457 sit'
2213 4404 2280 4457 iis
2301 4404 2523 4472 quinon
2551 4404 2657 4457 nisi
2701 4403 2949 4458 adhibita
3003 4404 3377 4472 exploratione
3410 4406 3477 4462 de
3514 4410 3676 4464 rebus

419 4520 551 4566 νοις.
585 4501 697 4555 Καὶ
739 4501 870 4569 παρ’
910 4498 1067 4569 ἡμῶν
1096 4498 1152 4551 δέ
1196 4514 1280 4561 τις
1337 4500 1491 4553 οὐδὲν
1536 4496 1699 4571 ἦττον
1741 4499 1893 4551 ἔσται
1924 4500 1986 4569 τῇ

2098 4498 2420 4552 decernunt.
2475 4497 2543 4550 Et
2570 4511 2598 4550 a
2625 4496 2783 4551 nobis
2824 4496 2988 4550 etiam
3044 4496 3175 4566 ipsis
3206 4500 3564 4566 patrocinium
3594 4503 3676 4557 ni«

418 4597 547 4669 δόξῃ
596 4595 769 4668 ταύτῃ
824 4591 1157 4664 συνηγορία,
1208 4594 1336 4647 ὅταν
1391 4595 1563 4663 αὐτὴν
1624 4593 1987 4663 ἐξετάζωμεν.

419 4689 681 4744 Δείπεται
720 4689 775 4741 δὲ
825 4690 924 4760 τὴν
971 4688 1173 4759 ζημίαν
1221 4686 1362 4741 εἶναι
1409 4690 1523 4752 τοϊς
1555 4686 1993 4758 ἀποθνήσκουσιν

416 4783 496 4845 εἰς
527 4782 626 4844 τὰς
652 4779 745 4835 τοῦ
776 4780 1023 4850 σώματος
1045 4780 1257 4850 ἡδονάς.
1298 4779 1459 4833 Ἀλλὰ
1481 4780 1576 4833 καὶ
1602 4778 1828 4839 ταύταις
1857 4781 1993 4834 πολὺ

416 4874 536 4928 τόδε
574 4873 853 4942 διάφορον.
882 4873 947 4926 Ai
985 4875 1082 4942 μὲν
1124 4873 1235 4943 γὰρ
1266 4871 1480 4941 φύσεώς
1522 4872 1579 4925 τέ
1624 4875 1763 4925 είσιν
1806 4873 1991 4943 ἔργον,

419 4967 515 5021 καὶ
544 4965 694 5033 παρὰ
727 4964 861 5018 Θεοῦ
910 4966 1380 5036 συγκεχώρηνται,
1435 4965 1467 5036 ἢ
1509 4966 1579 5019 τά
1631 4966 1774 5019 κατὰ
1831 4967 1999 5037 μέρος

419 5059 486 5129 δι’
518 5058 700 5111 αὐτῶν
732 5057 1148 5127 συντηροῦντος,
1179 5057 1212 5128 ἡ
1259 5060 1371 5120 τοῖς
1407 5060 1606 5119 κοινοῖ;
1645 5059 1843 5111 εἴδεσιν
1895 5075 2000 5129 μη-

420 5151 733 5220 χανωμένου
763 5151 822 5202 τὸ
862 5149 1080 5220 διαρκές
1109 5167 1170 5203 τε
1202 5153 1294 5204 καὶ
1328 5152 1575 5221 μόνιμον,
1618 5151 1716 5203 καὶ
1760 5154 1825 5221 τῇ
1876 5152 1995 5205 δια-

419 5241 547 5311 δοχῇ
586 5242 697 5303 τοῖς
724 5242 778 5291 ἐν
808 5239 1023 5307 γενέσει
1062 5240 1157 5293 καὶ
1199 5240 1377 5312 φθορᾷ
1420 5240 1825 5311 ἐπισκευαστὴν
1856 5240 1995 5292 ἀθα-

420 5332 619 5386 νασίαν
672 5333 1101 5403 ἐπινοήσαντος,
1162 5332 1237 5394 ὡς
1299 5334 1460 5402 μέχρι
1511 5331 1605 5385 τοῦ
1653 5320 1850 5385 πολλοῦ
1898 5332 1994 5385 τοῦ

423 5423 680 5477 συνθέτου
714 5424 899 5494 μένειν
942 5425 1003 5476 οὑ
1042 5423 1363 5495 δυναμένου.
1393 5416 1560 5477 Αὗται
1594 5423 1649 5477 δέ
1682 5426 1844 5490 εἰσιν,
1870 5427 1993 5479 ὅσαι

419 5514 488 5581 τῇ
517 5515 730 5581 γενέσει
760 5513 1156 5578 λυσιτελοῦσιν,
1210 5515 1304 5567 ἐπὶ
1350 5512 1602 5585 διαδοχὴν
1627 5514 1695 5565 τὰ
1730 5513 1844 5576 ζῶα
1873 5517 1995 5576 ταῖς

422 5603 634 5674 ἡδοναῖς
665 5606 1130 5676 προκαλούμεναι,
1165 5606 1259 5659 καὶ
1296 5606 1417 5659 ὅσαι
1445 5606 1545 5677 τὴν
1574 5606 1755 5675 ὄρεξιν
1797 5604 2000 5675 θήγου-

2101 4590 2398 4644 hilominus
2424 4589 2798 4655 adhibebitur,
2840 4603 2964 4643 cum
3032 4590 3085 4643 in
3132 4605 3251 4645 eam
3308 4592 3673 4661 inquiremus.

2099 4682 2394 4752 Reliquum
2427 4696 2564 4749 ergo
2587 4692 2694 4745 est,
2720 4681 3017 4735 morientes
3065 4697 3456 4752 corporearum
3520 4687 3676 4741 volu-

2099 4783 2306 4861 ptatum
2339 4775 2602 4844 iacturam
2636 4774 2835 4827 facere.
2865 4771 2970 4827 Sed
2997 4774 3186 4828 barum
3210 4776 3373 4830 etiam
3416 4793 3673 4849 magnum

2101 4877 2186 4920 est
2210 4866 2527 4920 discrimen.
2579 4861 2714 4917 Nam
2738 4865 2857 4918 aliae
2881 4874 2935 4919 et
2962 4876 3173 4921 natura:
3199 4882 3338 4936 opus
3368 4879 3517 4934 sunt,
3563 4882 3611 4923 et
3645 4887 3674 4926 ιι

2100 4959 2212 5012 Ι)οο
2239 4971 2536 5022 concessae,
2586 4956 2672 5010 vel
2725 4955 2966 5026 singulas
2998 4961 3102 5011 res
3146 4973 3243 5027 per
3303 4973 3397 5012 cas
3450 4975 3678 5016 conser-

2100 5057 2283 5112 vante,
2320 5048 2405 5102 vel
2436 5050 2489 5101 id
2524 5048 2906 5101 communibus
2936 5047 3128 5102 formis
3197 5049 3568 5116 machinante,
3615 5064 3677 5107 ut

2100 5143 2302 5198 durent
2331 5150 2387 5196 et
2416 5149 2695 5202 maneant,
2750 5148 2914 5209 atque
2940 5139 2991 5193 id
3019 5141 3359 5209 prepositum
3418 5134 3691 5212 liabentef

2100 5245 2158 5289 ut
2185 5234 2282 5304 per
2310 5233 2714 5288 successionem
2741 5231 2814 5285 iis
2840 5246 2961 5300 quae
2988 5234 3243 5287 oriuntur
3285 5243 3340 5287 et
3372 5235 3691 5294 intereunt.’

2102 5326 2567 5381 immortalitatem
2637 5324 3035 5378 instauratione
3107 5325 3416 5378 conciliet:
3473 5325 3677 5394 quippe

2100 5435 2224 5475 eum
2252 5434 2317 5473 ea
2347 5432 2469 5488 quae
2520 5417 2817 5486 composita
2863 5427 3020 5481 sunt,
3075 5418 3234 5487 longe
3278 5425 3523 5486 tempore
3573 5421 3675 5472 du-

2100 5528 2222 5566 rare
2267 5518 2564 5579 nequeant.
2607 5509 2703 5563 lla:
2751 5516 2932 5562 autem
2973 5517 3119 5573 sunt,
3172 5525 3293 5577 qua:
3323 5510 3388 5563 ad
3440 5526 3674 5578 genera-

2104 5605 2306 5659 tionem
2339 5613 2593 5674 prosunt,
2617 5614 2672 5659 et
2715 5604 2781 5658 ad
2817 5604 3019 5658 sobolis
3058 5602 3497 5673 propagationem
3549 5608 3677 5658 ani-

487 5738 559 5806 _(l)
580 5741 698 5806 Cod.
724 5741 847 5805 Reg.
874 5743 1013 5805 1215,
1041 5743 1400 5806 προτιμώντων,
1423 5743 1556 5804 quod
1595 5743 1895 5805 exquisitius
1935 5744 1982 5793 vi

2090 5756 2163 5802 η’,
2192 5740 2414 5805 genitivo
2462 5741 2687 5791 absolute
2718 5740 2904 5802 posito,
2929 5746 2979 5789 et
3015 5749 3119 5802 post
3161 5741 3325 5803 esse;
3352 5739 3472 5790 facta
3501 5742 3679 5792 distin-

423 5803 611 5853 ctione.
648 5803 784 5854 Eutr.
