4070 6520
462 376 606 444 1175

1714 369 1869 430 DEM
1879 365 2090 428 ETRII
2129 362 2440 426 CYDONII

3601 367 3734 434 1176

457 494 663 553 mantia
694 489 809 548 suis
854 487 1129 544 illecebris
1181 496 1520 559 provocant:
1553 501 1784 557 qumque
1855 485 2035 539 victus

2156 496 2232 532 ται
2262 479 2402 550 πρὸς
2434 477 2536 550 τὴν
2571 475 2780 549 τροφὴν
2815 478 2958 533 κινεῖ
2987 477 3055 534 τὰ
3095 477 3379 549 δυνάμενα
3407 478 3734 550 τρέφεσθαι,

456 583 848 656 appetitionem
879 589 1166 641 acuentes,
1193 593 1257 632 ea
1281 591 1404 648 quae
1459 575 1657 630 nutriri
1683 582 1936 643 possunt,
1969 573 2039 627 ad

457 676 773 736 alimoniam
805 682 1066 729 movent:
1104 679 1158 727 et
1180 671 1262 726 sic
1318 669 1464 739 quod
1525 670 1582 724 in
1631 669 1751 725 dies
1796 668 2037 734 decedit,

459 770 737 840 supplent,
781 780 844 820 ac
882 764 1070 828 vitam,
1103 763 1230 817 dum
1287 763 1435 824 licet,
1473 767 1798 832 propagant.
1863 759 2038 814 Nemo

460 860 609 916 enim
633 857 718 912 vel
747 857 814 911 ad
867 869 1110 910 mensam
1156 853 1500 917 accessisset,
1553 852 1636 905 vel
1684 851 2041 922 procreandis

462 950 638 1005 soboli
674 949 918 1004 animum
948 946 1259 1015 adjecisset.
1295 946 1341 1000 si
1377 946 1441 1000 ad
1463 960 1558 999 eas
1612 959 1700 999 res
1729 959 1854 999 cum
1922 958 2042 999 mo-

461 1044 616 1100 lestia
648 1042 840 1098 fuisset
869 1039 1260 1096 accedendum.
1295 1039 1494 1094 Verum
1522 1045 1732 1092 natum
1759 1036 2039 1100 stimulus,

462 1135 795 1189 intrinsecus
852 1131 1158 1202 impellens,
1192 1145 1303 1186 non
1372 1131 1502 1186 sinit
1549 1140 1760 1185 natura:
1817 1143 2039 1184 cursum

464 1221 752 1292 praeteriri.
797 1218 892 1275 Ha;
929 1235 1081 1291 ergo,
1133 1227 1194 1274 ut
1249 1218 1388 1282 dixi,
1445 1218 1780 1289 voluptates,
1837 1216 1932 1272 Dei
1986 1223 2042 1270 et

465 1324 676 1368 natura:
729 1311 954 1366 sancitre
974 1310 1210 1380 legibus,
1243 1310 1444 1364 nullam
1471 1309 1598 1380 jure
1652 1309 2044 1378 reprehensio-

466 1421 586 1458 nem
615 1404 922 1464 incurrunt,
947 1401 1111 1456 modo
1143 1402 1352 1457 ratione
1383 1410 1643 1470 aptentur
1669 1417 1686 1455 :
1716 1415 1819 1456 nec
1848 1401 2044 1456 ordine

424 1493 823 1565 ‘perturbato,
892 1492 1038 1547 illius
1101 1491 1290 1547 frenos
1371 1503 1722 1563 respuentes,
1795 1493 2040 1562 aurigam

465 1583 830 1655 praecipitent,
895 1590 1061 1654 atque
1112 1581 1532 1638 in’belluarum
1615 1596 1801 1638 mores
1857 1581 2046 1651 depri-

464 1687 636 1732 utaut.

1061 1767 1293 1823 CAPUT
1341 1767 1430 1822 IV.

534 1860 603 1914 At
631 1875 763 1914 vero
792 1859 940 1914 aliud
973 1860 1141 1914 etiam
1181 1860 1236 1914 in
1300 1858 1460 1913 nobis
1498 1859 1840 1926 voluptatum
1891 1857 2041 1913 exsio
2077 1843 2116 1896 Β

466 1951 784 2018 stitgeuus,
836 1964 938 2004 nec
979 1947 1112 2013 Deo,
1170 1963 1273 2004 nec
1331 1957 1540 2003 natura
1595 1949 2040 2013 adscribendum,

465 2055 588 2095 cum
629 2040 700 2095 sit
743 2039 886 2095 ultro
918 2039 974 2094 in
1020 2039 1180 2095 nobis
1245 2049 1424 2094 ortum
1453 2040 1951 2109 :quemadmodum
2007 2039 2044 2092 ii

466 2132 560 2203 qui
587 2147 652 2188 ex
685 2132 817 2188 satis
841 2132 1116 2202 serpentis
1147 2131 1408 2186 dentibus
1422 2131 1752 2186 exstiterunt
1777 2146 1792 2183 :
1826 2138 2047 2184 nostra-

465 2239 576 2294 que
601 2225 819 2280 inscitia
852 2232 907 2279 et
935 2222 1190 2278 socordia
1215 2223 1523 2288 excolatur,
1559 2224 1686 2278 dum
1713 2233 1910 2277 natura
1933 2236 2045 2276 non

465 2321 529 2368 ut
556 2315 716 2369 decet
749 2313 978 2368 utimur.
1008 2311 1167 2378 Quod
1198 2311 1314 2378 ubi,
1376 2320 1561 2382 spreta
1588 2314 1819 2377 ratione,
1864 2311 2046 2367 domi-

464 2417 655 2462 natum
680 2406 785 2462 sibi
808 2405 1128 2471 vindicarit,
1155 2412 1215 2460 et
1248 2405 1488 2460 divinam
1515 2419 1581 2460 ac
1620 2405 1901 2474 sapientiae
1931 2414 2048 2460 stu-

465 2499 673 2573 dicaam
700 2496 868 2552 animi
908 2506 1119 2566 partem
1175 2497 1354 2553 solum
1391 2508 1609 2554 mutare
1665 2499 1954 2566 coegerit:
1993 2504 2075 2552 et-

465 2590 635 2646 animi
656 2604 858 2653 arcem,
893 2599 1149 2658 tanquam
1177 2605 1351 2646 saevus
1386 2591 1583 2660 aliquis
1623 2600 1909 2661 tyrannus,
1957 2605 2050 2644 oc-

467 2682 720 2751 cuparit:
751 2681 1028 2736 hominem
1065 2695 1123 2736 et
1143 2682 1540 2754 rempublicam
1583 2684 1720 2754 ejus,
1776 2683 1972 2737 exsilio
1995 2690 2051 2738 et

466 2775 740 2831 seditione
765 2781 845 2830 get
903 2772 1224 2829 confusione
1299 2775 1509 2845 implet,
1578 2791 1759 2844 neque
1817 2777 2051 2845 amplius

468 2882 619 2928 eum,
669 2865 724 2919 in
761 2879 920 2934 quem
955 2865 1302 2936 tyrannidem
1348 2877 1570 2922 exercet
1622 2869 1900 2923 hominem
1928 2883 2050 2923 esse

469 2959 677 3028 patitur
716 2977 729 3011 :
762 2958 855 3012 sed
901 2958 958 3012 in
1016 2959 1252 3016 belluam
1301 2961 1592 3030 quamdam
1635 2963 2047 3027 multiformem,

471 3061 530 3109 et
565 3060 930 3107 monstrosam
965 3054 1237 3108 convertit
1276 3071 1292 3108 :
1331 3053 1504 3110 donec
1553 3065 1608 3111 et
1667 3056 1782 3111 Deo
1836 3068 1890 3111 et
1945 3056 2050 3110 sibi

2141 572 2239 626 καὶ
2295 571 2470 643 ταύτῃ
2525 571 2587 625 τδ
2641 571 2970 642 καθημέραν
3031 573 3304 644 ἀπορρέον
3376 573 3487 643 τῆς
3549 573 3735 637 οὐσίας

2141 662 2542 733 ἀναπληροῦσι,
2571 663 2668 716 καὶ
2693 662 2952 734 βοηθοῦσι
2981 664 3114 734 πρὸς
3136 663 3196 717 τὸ
3225 664 3329 734 ζῇν
3357 663 3472 748 ἕως
3500 664 3734 728 ἔξεστιν.

2143 756 2332 818 Οὐδεὶς
2367 757 2476 825 γὰρ
2528 754 2638 808 οὔτ’
2677 756 2744 808 ἂν
2788 757 2882 809 ἐπὶ
2911 754 3192 824 τράπεζαν
3238 753 3438 826 ἦλθεν,
3481 755 3610 810 οὔτε
3643 773 3732 825 γε-

2144 848 2343 908 νέσεως
2381 847 2579 916 ἥψατο,
2613 845 2826 914 μέλλων
2871 847 3052 916 ἀηδῶς
3089 847 3174 900 ἐπ’
3205 849 3352 901 αὐτὰ
3407 848 3733 917 βαδιεῖσθαι,

2144 939 2284 992 ἀλλά
2332 940 2390 990 τὸ
2445 938 2548 1008 τῆς
2605 938 2819 1009 φύσεως
2873 940 3097 1010 κὲντρρν
3145 940 3366 994 ἔνδοθεν
3417 939 3625 1006 ὠθοῦν,
3677 941 3735 993 οὐ

2146 1031 2422 1099 συγχωρεῖ
2450 1030 2892 1099 παραμελεῖσθαι
2940 1031 3031 1084 τὸν
3069 1030 3168 1101 τῆς
3198 1032 3484 1100 γενέσεως
3515 1031 3734 1102 δρόμον.

2143 1117 2316 1176 Αὗται
2354 1121 2456 1190 μὲν
2491 1120 2603 1184 οὖν,
2639 1123 2777 1191 ὅπερ
2805 1122 2963 1192 ἔφην,
2995 1124 3053 1175 αἱ
3083 1123 3290 1192 ἡδοναὶ,
3329 1122 3476 1176 Θεὸν
3511 1123 3609 1177 καὶ
3636 1122 3736 1192 φύ-

2146 1231 2231 1267 σιν
2276 1214 2499 1284 ἔχουσαι
2528 1213 2852 1285 νομοθέτην,
2895 1215 3156 1284 οὐδεμίαν
3185 1216 3251 1268 ἂν
3290 1215 3537 1277 εἰκότως
3567 1215 3740 1266 ἐπιδί-

2145 1322 2326 1376 χοιντο
2355 1304 2585 1374 μέμψιν,
2617 1307 2668 1358 εί
2697 1307 2860 1374 μόνον
2891 1305 2997 1358 ὑπὸ
3023 1305 3117 1358 τοῦ
3152 1305 3314 1373 λόγου
3362 1304 3736 1373 ρυθμίζοιντο,

2144 1397 2346 1466 καὶμὴ
2386 1397 2456 1450 δι’
2499 1395 2729 1473 ἀταξίαν
2774 1398 2865 1450 τὸν
2904 1397 3037 1468 παρ’
3085 1398 3320 1454 ἐκείνου¹
3348 1397 3577 1467 χαλινὸν
3609 1399 3734 1448 ἀπο-

2147 1486 2441 1549 πτύουσαι,
2474 1487 2832 1557 κρημνῐζοιεν
2876 1489 2969 1542 τὸν
3003 1491 3218 1559 ἡνίοχον
3264 1492 3350 1552 είς
3378 1491 3452 1543 τὰ
3480 1489 3590 1541 τῶν
3622 1488 3738 1540 ἁλό-

2146 1596 2261 1647 γων
2289 1580 2394 1650 ἤθη
2425 1581 2522 1633 καὶ
2549 1581 2638 1632 τὸν
2671 1581 2785 1650 βίον
2815 1581 2996 1635 αὐτῶν
3029 1581 3474 1652 κατασύρουσαι.

2758 1763 3015 1818 ΚΕΦΔΛ.
3057 1762 3130 1817 Δ’.

2227 1853 2388 1907 Ἀλλά
2418 1854 2511 1906 καὶ
2551 1854 2738 1924 ἓτερον
2773 1856 2832 1906 ὲν
2870 1856 3002 1926 ἡμῖν
3050 1853 3256 1922 ἡδονῶν
3301 1856 3478 1924 γένος
3506 1857 3730 1928 ἀνίσχει,

2143 1939 2204 1997 οὗ
2239 1947 2378 2014 μήτε
2419 1946 2551 1999 Οεὸν
2586 1947 2726 2015 μήτε
2769 1945 2932 2015 φύσιν
2976 1946 3124 2000 ἐστιν
3155 1945 3468 2016 αίτιᾶσθαι,
3503 1950 3730 2018 αὐτόμα-

2142 2053 2238 2092 τον
2267 2039 2325 2090 δὲ
2360 2039 2630 2107 φυόμενον
2665 2040 2727 2091 ἐν
2759 2040 2914 2108 ἡμῖν,
2961 2038 3155 2112 ὥσπερ
3199 2042 3260 2093 τὸ
3315 2043 3436 2095 τῶν
3486 2044 3730 2112 σπαρτῶν

2145 2130 2324 2198 γένος,
2351 2131 2446 2184 καὶ
2473 2131 2578 2184 ὑπὸ
2603 2131 2703 2202 τῆς
2735 2131 3009 2200 ἡμετέρας
3037 2132 3473 2204 γεωργούμενον
3503 2136 3726 2203 ἀμαθίας

2144 2222 2178 2292 ἢ
2231 2222 2526 2294 ῥᾳθυμίας.
2567 2223 2686 2294 οὐχ,
2730 2224 2808 2288 ὡς
2855 2223 3046 2294 ὲχρῆν.
3102 2226 3414 2295 χρωμένων
3445 2227 3516 2297 τῇ
3564 2227 3717 2296 φύσει,

2147 2318 2243 2371 καὶ
2279 2317 2422 2369 κατά
2458 2315 2618 2384 λόγον
2663 2317 3118 2381 ὲνδυναστεῦσαν,
3167 2317 3262 2372 καὶ
3311 2319 3446 2373 ὅσον
3497 2320 3638 2374 θεῖον
3677 2319 3722 2370 ὲν

2147 2408 2280 2476 ἡμῖν
2315 2409 2414 2460 καὶ
2441 2408 2737 2477 φιλόσοφον
2775 2411 2873 2480 τῆς
2909 2409 3151 2474 διανοίας
3192 2411 3620 2483 ὲξοστρακίσαν,
3647 2410 3725 2464 καὶ

2148 2501 2249 2569 τὴν
2291 2503 2394 2571 τῆς
2445 2501 2628 2571 ψυχῆς
2687 2503 3017 2572 ἀκρόπολιν,
3080 2501 3271 2572 ὥσπερ
3331 2519 3423 2566 τις
3481 2503 3723 2572 τύραννος

2149 2591 2363 2662 ἄγριος,
2395 2594 2689 2663 κατασχὸν,
2745 2594 2836 2648 τὸν
2865 2594 3152 2666 ἄνθρωπον
3199 2597 3296 2648 καὶ
3355 2595 3462 2665 τὴν
3509 2598 3567 2649 ὲν
3595 2594 3725 2664 αὐτῷ

2151 2686 2426 2740 πολιτείαν
2472 2687 2677 2756 φυγῆς,
2711 2687 2809 2740 καὶ
2839 2687 3103 2750 στάσεως,
3153 2689 3249 2740 καὶ
3297 2687 3534 2752 ἀταξίας
3578 2685 3723 2754 ἐμπί-

2152 2779 2375 2849 πλησιν,
2433 2779 2534 2832 οῦκ
2587 2779 2668 2832 ἔτι
2729 2779 3048 2850 συγχωροῦν
3099 2780 3396 2851 ἄνθρωπον
3448 2779 3589 2833 εἶναι
3644 2779 3723 2830 τὸν

2151 2870 2614 2940 τυραννούμενον,
2652 2871 2791 2924 ἀλλά
2827 2889 2878 2924 τι
2909 2871 3094 2939 θηρίον
3133 2871 3492 2942 πολύμορφον
3528 2869 3618 2925 καὶ
3642 2868 3724 2922 ἀλ-

2153 2957 2392 3022 λόκοτον,
2423 2959 2615 3028 μέχρις
2649 2957 2716 3011 ἂν
2762 2960 2856 3012 καὶ
2901 2958 3040 3028 Θεῷ,
3096 2963 3188 3013 καὶ
3234 2959 3442 3029 ἐαυτῷ,
3492 2961 3583 3012 καὶ
3628 2957 3723 3018 τοῖς

2151 3053 2478 3122 χρωμένοις,
2515 3053 2788 3123 ἄχρηστον
2819 3052 3082 3122 ἀποδείξῃ
3111 3054 3202 3107 τὸν
3233 3052 3385 3120 ἀπαξ
3415 3053 3607 3106 ἁλόντα
3639 3050 3723 3122 τῆς

472 3145 578 3217 ipsi
608 3153 663 3200 et
685 3143 1014 3199 necessariis
1041 3145 1290 3200 inutilem
1326 3146 1572 3201 efi‘ecerit
1623 3162 1772 3214 eum,
1821 3147 1913 3217 qui
1963 3161 2051 3201 se-

2156 3145 2266 3199 τῶν
2295 3145 2496 3215 ήδονὼν
2530 3145 2738 3215 φιλίας,
2774 3145 3110 3217 ἀποδόμενον
3136 3145 3234 3216 μὲν
3269 3146 3373 3217 τὴν
3401 3145 3721 3217 ἐλευθερίαν,

471 3237 579 3291 mel
607 3245 803 3306 captus
825 3235 1167 3304 voluptatum
1205 3235 1481 3291 illecebris
1510 3235 1678 3291 fuerit
1709 3253 1724 3290 :
1763 3244 1822 3289 ut
1855 3237 1947 3306 qui
1999 3247 2055 3290 et

2162 3235 2249 3289 διὰ
2279 3237 2395 3307 βίου
2429 3237 2472 3290 δ’
2499 3239 2689 3300 αὑταῖς
2717 3239 2989 3292 δουλεύειν
3024 3239 3468 3309 ὁμολογήσαντα.
3503 3239 3609 3300 Τὰς
3635 3235 3723 3306 μὲν

472 3327 786 3383 libertatem
821 3328 1040 3392 vendat,
1063 3336 1119 3381 et
1139 3341 1202 3382 se
1234 3342 1333 3397 per
1389 3341 1612 3383 onmem
1663 3336 1879 3383 aetatem
1947 3327 2056 3382 illis

471 3423 801 3476 serviturum
829 3421 1167 3492 profiteatur.
1202 3420 1281 3474 Ac
1311 3419 1506 3474 harum
1537 3421 1875 3491 voluptatum
1910 3422 2059 3492 prio-

471 3528 562 3569 res
590 3514 934 3569 necessarias
959 3527 1081 3567 esse
1109 3511 1362 3566 homines
1411 3514 1642 3568 modesti
1661 3520 2056 3584 pronuntiant:

473 3609 721 3663 ciborum
752 3608 1056 3678 praesertim
1088 3615 1138 3660 et
1171 3605 1450 3675 potionum
1478 3647 1493 3673 ,
1518 3609 1715 3675 quibus
1736 3624 1937 3678 corpus
1966 3611 2060 3664 ali-

476 3711 651 3768 tur,et
676 3701 797 3755 sine
818 3701 1014 3770 quibus
1029 3701 1330 3754 consistere
1348 3715 1456 3754 non
1481 3710 1677 3769 potest.
1699 3703 1872 3770 Atque
1890 3703 2058 3756 etiam

474 3809 568 3847 eas
601 3808 723 3862 qua:
775 3793 831 3845 in
875 3789 1302 3846 conuuiscendis
1361 3792 1686 3860 corporibus
1745 3801 2056 3860 versantur,

476 3896 737 3956 tauquam
767 3898 887 3955 qua:
929 3885 996 3938 ad
1046 3884 1267 3953 generis
1316 3884 1796 3938 conservationem
1833 3884 2054 3950 faciant,

475 3995 708 4050 quaeque
763 3978 919 4043 solae,
980 3977 1234 4031 htunauae
1308 3985 1518 4031 naturae
1573 3976 1626 4030 id
1661 3985 1917 4044 praestent
1953 3994 1968 4033 :
2003 3987 2062 4033 ut

478 4086 695 4142 semper
717 4080 772 4126 et
798 4084 906 4124 uno
933 4068 1237 4138 eodemque
1273 4068 1437 4123 modo
1460 4083 1520 4122 se
1555 4067 1770 4133 habeat,
1809 4069 1863 4122 in
1897 4069 2062 4140 hujus

483 4161 832 4218 necessitatis
885 4160 1203 4216 societatem
1235 4159 1577 4214 admiserunt
1610 4176 1624 4213 :
1658 4159 2056 4229 existimantes,

480 4258 625 4326 quod
658 4255 889 4326 singulis
917 4255 1092 4308 victus
1130 4262 1236 4318 est,
1265 4253 1370 4318 hoc
1423 4252 1567 4306 idem
1599 4254 1696 4308 has
1754 4255 2060 4326 voluptates

480 4359 768 4418 praestare,
814 4354 1070 4415 respectu
1109 4342 1376 4409 universi,
1426 4342 1666 4412 reliquas
1713 4354 1893 4399 autem
1947 4357 2064 4400 tur-

479 4458 577 4513 pes
602 4449 660 4498 et
687 4441 930 4510 impurus
945 4447 999 4492 et
1018 4436 1309 4520 belluiuas.
1333 4431 1526 4490 Nonne
1545 4451 1676 4492 vero
1692 4453 1785 4493 eas
1815 4440 2065 4509 turpissi-

2161 3327 2254 3382 οῦν
2286 3329 2560 3400 προτέρας
2583 3330 2692 3384 τῶν
2723 3330 2930 3401 ἡδονῶν
2959 3332 3166 3386 τούτων
3204 3331 3516 3400 ἀναγκαίας
3547 3330 3724 3400 ἡδονὰς

2161 3421 2210 3472 οί
2249 3419 2659 3489 σωφρονοῦντες
2697 3422 2854 3491 φασὶ,
2886 3422 3120 3492 μάλιστα
3151 3423 3249 3492 μὲν
3283 3425 3391 3486 τὰς
3418 3424 3527 3475 τῶν
3555 3418 3722 3471 σιτίων

2162 3514 2259 3564 καὶ
2292 3511 2492 3577 ποτῶν,
2527 3513 2626 3566 καὶ
2671 3514 2825 3576 ὅσαις
2857 3515 2922 3566 τὸ
2959 3514 3117 3586 σῶμα
3146 3515 3506 3585 τρεφόμενον,
3537 3509 3722 3563 τούτων

2163 3605 2296 3657 ἄνευ
2328 3606 2584 3660 ἀδυνατεῖ
2625 3610 2955 3662 συνεστάναι
2978 3623 2993 3639 ⁶
3018 3608 3156 3664 ἀλλὰ
3201 3609 3293 3660 καὶ
3335 3610 3458 3670 ταῖς
3489 3603 3612 3676 περὶ
3636 3600 3722 3670 τήν

2165 3697 2335 3766 μίξιν.
2376 3697 2452 3761 ὡς
2500 3697 2907 3764 λυσιτελούσαις
2943 3698 3024 3771 τῷ
3060 3700 3242 3768 γένει,
3277 3701 3380 3754 καὶ
3426 3699 3492 3751 δι’
3519 3693 3722 3748 ἐκείνων

2167 3794 2345 3860 μόνων
2368 3791 2463 3846 τοῦ
2499 3794 2585 3845 ἀεὶ
2616 3793 2711 3844 καὶ
2739 3791 3026 3871 ὡσαύτως,
3061 3793 3160 3862 τὴν
3197 3792 3545 3862 ἀνθρωπίνην
3579 3789 3724 3854 φύσιν

2162 3883 2542 3950 τυγχάνουσαν
2570 3881 2671 3952 τῆς
2716 3881 2963 3950 ἀνάγκης
2992 3883 3197 3951 ταύτης
3247 3883 3536 3953 μετέδοσαν
3555 3895 3568 3909 ·
3599 3879 3722 3942 ὅπερ

2164 3976 2199 4046 ή
2231 3973 2412 4045 τροφὴ
2443 3973 2525 4044 τῷ
2564 3972 3118 4051 καθέκαστον,ίτοῦτο
3152 3977 3245 4027 καὶ
3277 3975 3482 4036 ταύτας
3508 3971 3720 4042 οίόμενοι

2164 4068 2413 4136 γίνεσθαι
2441 4068 2520 4139 τῷ
2555 4070 2740 4133 παντὶ,
2765 4069 2866 4132 τὰς
2888 4069 2946 4122 δὲ
2973 4069 3165 4134 λοιπάς
3193 4071 3449 4142 αίσχράς,
3480 4069 3572 4121 καὶ
3601 4068 3721 4118 ἀκα-

2165 4156 2420 4226 θάρτους,
2453 4160 2546 4211 καὶ
2589 4157 2902 4227 θηριώδεις.
2939 4158 3052 4211 Καὶ
3094 4158 3148 4212 τί
3177 4158 3285 4229 γὰρ
3329 4159 3392 4212 οὑ
3429 4158 3535 4210 τῶν
3558 4150 3720 4221 αἰσχί-

2165 4264 2309 4304 στων
2341 4252 2540 4314 πάντες
2574 4249 2853 4314 καλοῦσιν,
2900 4249 2988 4317 ἐφ’
3021 4248 3109 4314 αἷς
3142 4252 3237 4305 καὶ
3280 4253 3408 4315 τοὺς
3436 4249 3651 4307 ἁλόντας
3674 4241 3719 4294 οἱ

2164 4344 2320 4412 νόμοι
2353 4342 2666 4409 κολάζουσι,
2692 4346 2790 4399 καὶ
2819 4345 2930 4408 τοῖς
2951 4345 3131 4400 αὐτῶν
3155 4346 3483 4416 ἡττωμένοις
3507 4335 3714 4408 αἰσχύνη

2164 4437 2261 4488 καὶ
2289 4434 2465 4506 ὀνείδη
2500 4437 2652 4507 παρά
2677 4437 2896 4492 πάντων
2923 4437 3247 4504 ἀκολουθεῖς
3290 4437 3528 4508 Ποτέρας
3555 4430 3716 4485 τοίνυν

481 4549 600 4589 mas
631 4535 919 4588 nominaut
973 4543 1190 4593 omnes,
1245 4526 1302 4580 iu
1337 4527 1538 4597 quibus
1561 4529 1958 4599 deprehensos,
2006 4542 2055 4588 et

2166 4530 2276 4582 τῶν
2305 4529 2510 4600 ἡδονῶν
2552 4528 2885 4600 ἀναιροῦντα
2913 4532 3006 4584 τὸν
3043 4531 3297 4596 θάνατον,
3345 4531 3543 4589 πάντες
3573 4523 3716 4577 αὑτὸν

481 4629 634 4698 leges
654 4625 942 4690 mulctaiit,
965 4629 1022 4676 et
1053 4634 1150 4675 cos
1178 4618 1270 4689 qui
1292 4618 1362 4673 iis
1391 4622 1776 4690 succumbunt,
1795 4624 2058 4693 dedecus,

483 4718 776 4788 omniaque
805 4717 1006 4787 probra
1038 4713 1412 4768 comitantur?
1458 4713 1540 4769 0b
1597 4725 1844 4772 utrarum
1895 4719 2064 4788 igitur

480 4811 825 4881 voluptatum
845 4808 1206 4874 ablationem,
1231 4809 1480 4862 omnium
1515 4808 1910 4877 molestiarum,
1941 4827 2064 4880 qua:

483 4902 800 4958 hominibus
826 4901 1104 4962 accidunt,
1136 4907 1370 4958 mortem
1403 4901 1786 4972 gravissimam
1831 4904 2065 4972 putant?

484 4994 760 5064 Numquid
812 4993 885 5048 ob
920 4992 1262 5061 posteriores
1302 5009 1448 5050 mors
1498 4995 1622 5065 jure
1672 4995 2066 5051 accusabitur?

482 5090 596 5143 Cur
622 5088 792 5143 vero?
835 5100 958 5140 cum
997 5083 1293 5139 humanam
1348 5086 1516 5141 vitam
1555 5096 1706 5143 tanta
1751 5090 2062 5159 corruptela

484 5181 700 5246 liberet,
732 5189 788 5234 et
814 5186 1026 5232 natura
1061 5177 1254 5232 rationi
1290 5180 1530 5249 prxdita:
1561 5182 1874 5250 auxilietur,
1910 5199 2067 5238 eant-

485 5289 595 5343 que
642 5273 933 5328 brutorum
987 5269 1348 5328 similitudine
1423 5274 1820 5329 contumeliose
1876 5275 2064 5332 vexari

484 5381 596 5420 non
631 5363 814 5420 sinat?
858 5362 1001 5430 Quid
1038 5364 1184 5418 enim
1226 5365 1462 5435 turpius,
1497 5375 1592 5420 aut
1620 5369 1791 5439 magis
1815 5367 2064 5434 brutum,

482 5456 710 5513 homine
742 5458 808 5512 ad
840 5457 1011 5526 solam
1043 5458 1370 5527 voluptatem
1403 5462 1723 5531 propenso?
1771 5470 1938 5532 atque
1975 5478 2066 5519 re-

485 5563 610 5604 rum
664 5552 1015 5604 honestarum
1077 5561 1132 5606 et
1163 5554 1526 5622 pretiosarum
1583 5555 1803 5621 penitus
1852 5555 2070 5610 oblito?

486 5642 581 5709 qui
621 5656 688 5696 ne
721 5641 883 5697 homo
912 5645 1128 5714 quidem
1175 5643 1435 5714 deinceps
1499 5646 1680 5699 vocari
1726 5646 1908 5710 debet,
1973 5647 2069 5700 sed-

485 5744 798 5800 porteutosa
831 5735 1022 5805 bestia,
1071 5738 1262 5808 quales
1310 5738 1361 5791 in
1405 5736 1603 5792 fabulis
1635 5738 2062 5793 describuntur:

485 5830 581 5896 qui
613 5843 834 5904 aspectu
863 5835 1126 5892 duntaxat
1183 5835 1372 5894 falsam
1433 5833 1671 5888 hominis
1701 5851 1808 5904 prae
1838 5849 1895 5892 se
1931 5835 2069 5892 ferat

2165 4622 2386 4676 πάντων
2423 4622 2534 4675 τῶν
2582 4625 2639 4677 ὲν
2681 4623 2991 4694 ἀνθρώποις
3043 4623 3322 4694 δυσχερῶν
3356 4618 3714 4694 χαλεπώτατον

2164 4717 2407 4782 οῖον-ταις
2454 4711 2578 4786 'Ap‘
2629 4715 2721 4770 οῦν
2772 4719 2880 4773 τῶν
2920 4718 3146 4787 ὕστερον
3191 4719 3354 4772 ἕνεκα
3404 4717 3478 4785 τῷ
3522 4708 3712 4773 θανάτῳ

2165 4811 2377 4865 δίκαιον
2410 4813 2668 4881 ἐγκαλεῖν
2695 4830 2709 4880 ;
2745 4815 2840 4868 καὶ
2872 4815 3009 4881 πῶς,
3035 4817 3126 4868 τόν
3147 4832 3212 4884 γε
3240 4815 3504 4881 τοσαύτης
3529 4801 3710 4874 φθορίῖ

2164 4890 2583 4962 ἀπαλλάττοντά
2612 4909 2706 4962 τὸν
2734 4908 3078 4980 ἀνθρώπινον
3128 4911 3244 4980 βίον
3301 4914 3394 4967 καὶ
3432 4913 3494 4979 τῇ
3539 4900 3706 4972 λογικῇ

2168 5000 2679 5070 συναγωνιζόμενον
2725 4985 2914 5072 φύσει,
2965 5004 3062 5057 καὶ
3094 5005 3303 5074 ταύτην
3343 5005 3441 5058 οὐκ
3473 5001 3630 5052 ἐῶντα
3651 4991 3707 5058 τῇ

2164 5095 2276 5150 τῶν
2321 5096 2534 5164 ἀλόγων
2587 5097 2870 5169 ὁμοιότητι
2913 5097 3382 5169 καθυϐρίζεσθαι;
3425 5091 3486 5146 Τί
3513 5089 3612 5159 γὰρ
3639 5081 3710 5135 ατ-

2169 5205 2318 5260 σχιον
2354 5189 2386 5260 ἢ
2415 5191 2760 5263 ἀλογώτερον
2789 5191 3080 5262 ἀνθρώπου
3129 5192 3266 5263 πρὸς
3307 5191 3468 5260 μόνην
3496 5183 3585 5250 τὴν
3606 5176 3708 5246 ἠδ⁰⁶

2165 5283 2265 5354 νην
2290 5285 2628 5348 νενευκότος,
2663 5284 2772 5338 τῶν
2804 5284 2860 5338 δὲ
2892 5283 3075 5340 καλῶν
3109 5287 3203 5340 καὶ
3241 5284 3435 5355 τιμίων
3459 5267 3707 5355 παντελῶς
3735 5266 3743 5284 ’

2168 5353 2567 5445 ἐπιλαϐομένου
2594 5391 2609 5441 ;
2641 5375 2700 5428 ὃν
2739 5390 2803 5443 γε
2839 5375 2948 5428 οὐδ’
2978 5375 3265 5447 ἄνθρωπον
3301 5353 3402 5447 χρὴ
3432 5367 3599 5424 καλεῖν
3622 5353 3703 5410 τοῦ

2167 5464 2381 5530 λοιποῦ,
2417 5466 2554 5520 ἀλλά
2585 5466 2772 5535 θηρίον
2794 5466 3104 5534 ἀλλόκοτον,
3135 5461 3224 5521 οἷα
3247 5468 3312 5521 τά
3338 5471 3398 5520 ὲκ
3423 5462 3524 5516 τῶν
3543 5452 3704 5526 μύθων

2170 5562 2364 5631 μέχρις
2397 5559 2573 5627 δψεως
2611 5561 2773 5628 μόνον
2805 5559 3152 5630 ἀνθρωπείαν
3189 5561 3350 5628 φύσιν
3379 5545 3700 5620 imm“?

2167 5669 2278 5705 νον.
2306 5645 2384 5724 ’ᾞ
2428 5653 2538 5722 γὰρ
2574 5652 2881 5722 ἄνθρωπον,
2913 5653 3123 5707 δίκαιον
3163 5653 3443 5724 ὀνομάζειν
3473 5646 3570 5706 τὸν,
3603 5637 3627 5687 ὃ
3653 5647 3698 5683 τι

2170 5745 2271 5813 μὲν
2301 5745 2535 5814 φάγεται
2571 5748 2662 5798 καὶ
2699 5746 2904 5811 πίεται,
2953 5747 3114 5816 μόνον
3145 5747 3506 5817 φροντίζοντα,
3533 5736 3558 5788 ὅ
3581 5746 3624 5782 τι
3651 5724 3698 5776 δὲ

2167 5837 2432 5906 λογιεῖται
2468 5839 2563 5893 καὶ
2605 5840 2812 5892 εἴσεται
2848 5841 3130 5905 παντελῶς
3168 5841 3502 5911 apale-ivra;
3529 5823 3702 5880 Τοῦτον
