4070 6492
361 398 495 462 1177

1486 406 1585 466 DE
1625 407 1932 470 CONTEM
1941 410 2094 471 NEN
2105 411 2199 472 DA
2239 409 2524 471 MORTE.

3502 403 3638 468 1178

355 515 470 583 γὰρ
503 512 617 576 τοῖς
667 511 874 582 χοίροις
919 508 1260 582 δικαιότερον
1307 513 1691 582 παρεικάζειν,
1739 513 1835 577 οὒς
1871 516 1938 583 τῇ

2075 516 2303 587 peciem.
2345 515 2478 569 Nam
2535 527 2641 584 qua
2692 512 2927 578 ratione,
2979 509 3128 580 iure,
3179 509 3343 564 homo
3399 508 3642 590 dicetur,

357 606 459 673 τῆς
487 605 695 675 τροφῆς
741 603 976 676 ἀφθονίᾳ
1027 604 1333 668 πιαίνοντες
1369 604 1574 674 θύομεν
1601 621 1615 636 ο
1653 605 1855 675 μᾶλλον
1883 607 1942 660 δὲ

361 701 456 752 καὶ
483 698 592 751 τῶν
620 697 822 772 χοίαων
850 694 1292 768 ἀχρηστοτέρους
1319 696 1542 761 τούτους
1575 698 1940 767 ὑποληπτέον.

364 788 486 844 Τῶν
523 793 622 861 μὲν
665 791 776 860 γὰρ
807 789 922 843 ἔστι
957 789 1218 854 πολλάκις
1262 792 1362 862 τῆς
1407 792 1776 863 πολυσαρκίας
1807 791 1944 845 ἀπό-

363 884 582 948 νασθαι,
617 883 813 952 ἀνδρὸς
873 883 930 936 δὲ
986 883 1185 937 ἑαυτὸν
1245 885 1731 953 κατασαρκοῦντος
1793 884 1944 936 οὐδὲν

361 975 597 1044 δφελοςο
651 975 798 1045 πλὴν
845 974 898 1027 εί
939 990 1024 1036 τις
1082 975 1209 1040 τοὺς
1255 975 1450 1038 ἀλλους
1511 973 1946 1044 σωφρονίζεσθαι

365 1067 713 1139 βουλόμενος,
746 1067 916 1134 λέγοι,
953 1068 1010 1120 ὲν
1050 1065 1198 1135 αὑτῷ
1231 1065 1328 1137 τὴν
1369 1066 1470 1137 τῆς
1504 1068 1717 1136 τρυφῆς
1756 1067 1949 1136 αἰσχύ-

364 1177 463 1229 νην
491 1159 921 1229 διδασκομένους
946 1176 960 1191 ⁶
987 1159 1176 1230 ὥσπερ
1202 1160 1336 1229 φασὶ
1361 1161 1456 1213 καὶ
1483 1159 1946 1229 Λακεδαιμονίους

365 1254 434 1324 τῇ
462 1253 569 1306 τῶν
603 1251 858 1304 Εἱλώτων
902 1251 1043 1322 μέθῃ
1089 1256 1202 1314 τοῖς
1235 1253 1425 1305 παισὶν
1469 1252 1848 1306 ὑποδεικνύναι
1889 1252 1950 1305 τὸ

364 1344 468 1414 τῆς
495 1344 710 1414 νήψεως
738 1345 964 1411 ἀγαθόν.
1014 1345 1080 1399 Τί
1117 1345 1162 1397 δ’
1200 1345 1266 1399 ἀν
1309 1345 1458 1398 είποι
1491 1363 1572 1408 τις
1622 1344 1683 1397 τὸ
1715 1344 1814 1414 τῆς
1847 1361 1952 1414 μα-

365 1436 682 1496 ταιοπονίας
731 1434 936 1504 ταύτης
974 1435 1308 1506 ἀπέραντον,
1365 1436 1460 1488 καὶ
1519 1435 1580 1487 τὸ
1629 1433 1952 1503 καθημέραν

366 1529 446 1589 είς
483 1527 575 1579 τὸν
623 1528 962 1596 τετρημένον
1001 1526 1411 1594 ἀνα-βιάζεσθαι
1458 1527 1612 1580 πίθον
1651 1527 1886 1587 ἀντλεῖν,
1925 1527 1952 1578 ὃ

366 1635 420 1670 τι
447 1620 599 1680 τινάς
635 1619 802 1687 φησὶν
839 1621 866 1671 ὁ
916 1619 1084 1688 μῦθος
1118 1620 1542 1690 κατακριθῆναι,
1573 1622 1674 1672 οὐκ
1715 1617 1816 1672 οἷδ’
1845 1620 1872 1671 ὃ
1901 1635 1955 1672 τι

367 1708 498 1776 περὶ
537 1709 664 1770 τοὺς
722 1709 934 1762 ἑαυτῶν
969 1709 1125 1772 θεοὺς
1163 1711 1548 1782 ἀμαρτύνταςς
1604 1711 1726 1764 Ἔτι
1771 1711 1953 1764 τοίνυν

365 1798 446 1869 τῷ
485 1801 701 1871 Θανάτῳ
739 1801 1020 1870 μεμπτέον
1065 1802 1242 1872 φάγον
1277 1803 1567 1872 ἄνθρωπον
1614 1802 1954 1873 ἀναιροῦντι,

2051 608 2137 662 cui
2165 608 2343 663 solum
2374 605 2504 676 quid
2530 606 2716 670 edere,
2745 605 2876 674 quid
2910 602 3099 658 bibere
3137 600 3293 667 velit,
3325 616 3475 656 cura;
3503 613 3587 656 est
3623 619 3638 656 :

2053 700 2122 755 de
2151 699 2528 754 ratiocinando
2563 706 2769 761 autem,
2803 705 2863 750 et
2904 694 3134 750 sciendo
3165 693 3324 763 plane
3371 694 3443 747 sit
3481 709 3634 746 secu-

2055 807 2148 846 rus
2162 793 2185 844 ἲ
2201 792 2333 846 Nam
2361 793 2406 846 is
2427 791 2605 860 porcis
2624 791 2825 844 rectius
2845 786 3270 857 comparabitur,
3293 801 3430 854 quos
3449 785 3647 854 pabulo

2055 884 2258 938 all'atim
2291 882 2583 952 praebendo
2611 882 2947 950 saginantes,
2976 889 3299 933 mactemus.
3329 877 3442 931 [mo
3464 877 3646 946 porcis

2055 976 2366 1030 inutiliores
2391 976 2552 1032 etiam
2574 972 2917 1026 existimandi
2934 981 3080 1024 sunt.
3101 970 3256 1040 Saepe
3274 969 3418 1023 enim
3451 983 3649 1038 porco-

2060 1084 2180 1123 rum
2217 1068 2404 1135 sagina
2459 1065 2561 1119 I'rui
2595 1065 2742 1118 licet.
2793 1062 2902 1118 Viri
2940 1071 3122 1115 autem
3155 1075 3278 1115 sese
3311 1076 3478 1115 carne
3509 1077 3646 1115 one-

2057 1161 2230 1216 rantis
2265 1158 2448 1213 nullus
2485 1171 2619 1212 usus
2666 1164 2796 1208 est:
2840 1153 2944 1208 nisi
2981 1152 3118 1208 alios
3163 1153 3436 1222 quispiam
3483 1153 3650 1207 casti-

2058 1268 2184 1324 gare
2215 1251 2425 1312 volens,
2459 1249 2527 1303 de
2560 1263 2628 1303 eo
2653 1247 2819 1302 verba
2859 1247 3040 1310 faciat,
3079 1256 3244 1314 atque
3306 1247 3360 1298 in
3396 1260 3462 1299 eo
3489 1245 3649 1300 luxu.

2057 1345 2154 1400 riae
2180 1343 2414 1398 dedecus
2436 1346 2711 1396 ostendat.
2745 1339 3219 1405 Quemadmodum
3246 1337 3646 1392 Lacetlazmonii

2059 1436 2330 1493 feruntur.
2374 1449 2471 1500 per
2504 1431 2753 1486 llclotum
2785 1431 2886 1502 [sic
2917 1430 3064 1485 enim
3101 1431 3178 1483 illi
3223 1446 3319 1483 sua
3371 1431 3646 1500 mancipia

2057 1525 2346 1598 vocabant]
2383 1526 2726 1586 ebrietatem,
2765 1525 2969 1590 liberis,
3023 1525 3338 1578 sobrietatis
3372 1535 3644 1592 praestan-

2061 1620 2190 1674 tiam
2241 1619 2669 1673 demonstrasse.
2734 1616 2874 1682 Quid
2908 1631 3039 1671 vero
3085 1616 3153 1668 de
3202 1615 3382 1668 inanis
3447 1615 3650 1669 laboris

2061 1712 2221 1766 istius
2250 1710 2516 1764 inﬁnitate
2546 1710 2793 1764 dicemus
2815 1750 2830 1774 ,
2862 1716 2914 1763 et
2950 1706 3020 1762 de
3087 1709 3414 1762 necessitate
3471 1708 3654 1776 quoti-

2063 1805 2154 1859 die
2230 1802 2491 1872 implendi
2555 1800 2815 1871 perforati
2869 1799 3001 1853 dolii
3051 1799 3074 1852 ?
3128 1815 3233 1869 qua
3298 1813 3458 1868 pmna
3505 1800 3650 1853 mul-

369 1894 463 1946 καὶ
486 1893 744 1963 τοιαύτης
769 1894 1073 1964 ἀχρηστίας
1112 1894 1205 1948 τὸν
1229 1896 1346 1964 βίον
1374 1893 1774 1967 ἐλευθεροῦντι,
1807 1896 1866 1948 ὃν
1894 1909 1957 1962 γε

2068 1907 2205 1952 tatas
2266 1910 2388 1951 csse
2451 1894 2743 1964 quasdam,
2796 1893 2985 1948 nescio
3047 1892 3119 1947 ob
3175 1892 3318 1959 quod
3372 1891 3554 1946 scelus
3593 1891 3649 1944 in

372 1986 465 2038 καὶ
510 1985 776 2040 δοκοῦντα
807 1987 926 2056 ζῇν,
969 1987 1339 2058 εὐλογώτερον
1373 1987 1439 2042 ἀν
1487 2005 1572 2051 τις
1606 1986 1753 2041 εἴποι
1784 1987 1966 2053 πάλαι

371 2077 648 2143 τεθνάναι,
671 2076 816 2131 οὕτω
842 2079 981 2150 πρὸς
1011 2081 1103 2134 τὸν
1136 2080 1356 2150 λογικὸν
1385 2081 1500 2150 βίον
1526 2080 1786 2150 ἀκίνητον
1811 2079 1962 2145 ὅντα,

375 2170 470 2222 καὶ
503 2171 570 2239 τῇ
615 2169 833 2242 συνεχεῖ
873 2172 1014 2244 μέθῃ
1069 2173 1206 2244 πρὸς
1255 2174 1435 2228 πάντα
1483 2172 1965 2241 ἀναισθητοῦντα;

383 2261 525 2315 Ἀλλ’
551 2263 600 2315 εί
633 2264 866 2333 μηδενὸς
888 2265 1074 2327 ἀλλου,
1106 2265 1301 2320 τούτου
1333 2283 1395 2333 γε
1422 2264 1594 2319 ἕνεκα
1618 2265 1708 2318 τὸν
1735 2262 1968 2318 θάνατον

369 2355 542 2425 ἐχρῆν
579 2356 879 2428 εὐεργέτην
927 2357 1138 2425 καλεῖν,
1190 2357 1440 2411 ἐκποδὼν
1489 2357 1838 2424 ποιούμενον,
1870 2354 1966 2417 οὓς

370 2450 472 2514 τὴν
502 2449 679 2520 ἀρχὴν
734 2450 844 2503 ἔδει
895 2451 1034 2522 μηδὲ
1087 2452 1366 2521 γενέσθαι.
1409 2447 1582 2521 Οἶμαι
1629 2450 1710 2516 δὲ,
1746 2448 1869 2519 μηδ’
1898 2447 1966 2501 ἂν

372 2541 865 2608 αὐτοὺςνὲκείνους,
899 2545 951 2596 εί
975 2561 1038 2612 γε
1075 2545 1396 2616 ὲκνήψαιεν,
1424 2544 1568 2613 ὑπὲρ
1608 2543 1822 2596 ἑαυτῶν
1857 2558 1960 2594 κα-

372 2631 526 2686 κίσαι
575 2633 666 2686 τὸν
706 2635 962 2699 θάνατον,
1024 2637 1180 2706 μηδὲ,
1243 2638 1318 2700 ὡς
1374 2637 1714 2701 ἀδικοῦνται,
1774 2635 1965 2702 φάναι,

375 2721 449 2791 μὴ
483 2723 940 2794 συγχωρούμενοι
975 2727 1235 2795 τοιαύτην
1265 2727 1613 2796 ἀκαθαρσίαν
1642 2729 1852 2779 ἀσκεῖν.

2064 1989 2291 2043 maritos
2316 2002 2445 2042 suos
2475 1985 2850 2050 commissum,
2884 1983 3082 2038 fabulae
3118 1983 3431 2052 perhibent.
3479 1980 3651 2035 Num-

2063 2080 2194 2152 quid
2227 2094 2399 2144 mors,
2425 2079 2732 2135 accusanda
2790 2085 2894 2141 est,
2934 2091 3061 2131 cum
3097 2089 3353 2130 voracem
3411 2075 3649 2146 aliquem

2066 2171 2348 2227 hominem
2375 2169 2536 2235 tollit,
2567 2177 2624 2225 et
2671 2169 2835 2222 vitam
2870 2178 2978 2222 tam
3009 2167 3191 2222 inutili
3229 2166 3473 2238 pondere
3517 2167 3656 2221 libe-

2068 2273 2152 2320 rat
2187 2282 2201 2319 :
2234 2278 2396 2334 quem
2453 2263 2617 2318 etiam
2665 2262 2793 2316 dum
2846 2260 3032 2315 vivere
3095 2259 3399 2324 videretur,
3447 2259 3654 2314 rectius

2065 2359 2178 2428 jam
2211 2358 2339 2411 olim
2364 2363 2640 2410 mortuum
2673 2352 2949 2408 dixisses?
2981 2361 3042 2406 ut
3070 2352 3162 2421 qui
3199 2351 3266 2405 ad
3294 2352 3484 2418 vitam,
3532 2367 3654 2421 quae

2068 2446 2298 2501 rationis
2348 2445 2622 2515 particeps
2650 2454 2755 2508 est,
2805 2441 2956 2496 nulla
3014 2441 3225 2497 ratione
3277 2443 3502 2512 perduci
3550 2457 3654 2512 po-

2068 2539 2332 2603 tuerit,et
2359 2536 2506 2590 omni
2542 2551 2724 2590 rerum
2751 2550 2938 2599 sensu,
2991 2534 3061 2588 ob
3111 2542 3429 2603 perpetuam
3472 2533 3655 2589 ebrie-

2068 2641 2234 2684 tatem
2263 2630 2523 2694 caruerit,
2558 2644 2620 2682 ac
2642 2645 2750 2683 non
2785 2628 2986 2697 potius,
3015 2629 3061 2681 si
3099 2643 3210 2680 non
3247 2627 3316 2680 ob
3351 2626 3520 2690 aliud,
3555 2626 3658 2680 hac
3759 2661 3766 2672 -

2068 2724 2260 2778 saltent
2296 2724 2463 2793 gratia
2489 2723 2650 2776 morti
2686 2721 2909 2794 agenda:
2939 2721 3124 2792 gratiae
3157 2729 3366 2784 essent,
3403 2735 3524 2788 quae
3557 2719 3658 2774 hos

369 2833 403 2872 e
451 2821 634 2874 medio
680 2823 857 2884 tollat,
916 2833 1068 2893 quos
1116 2839 1344 2893 prorsus
1393 2840 1464 2878 ne
1527 2824 1673 2878 nasci
1735 2825 1958 2893 quidem
2000 2821 2331 2891 Oportebat?
2387 2821 2457 2872 At
2499 2836 2566 2873 ne
2638 2820 2758 2873 illos
2814 2820 2966 2888 ipsos
3039 2815 3284 2886 quidem,
3346 2817 3388 2871 si
3441 2818 3662 2886 quando

370 2919 652 2988 crapulam
705 2919 1148 2987 edormivissent,
1211 2923 1280 2978 de
1364 2929 1543 2976 morte
1597 2928 1997 2989 conquesturos
2037 2933 2160 2971 esse
2195 2925 2369 2986 puto,
2401 2929 2505 2968 nec
2538 2913 2735 2985 injuria
2805 2928 2864 2967 se
2916 2911 3056 2968 allici
3098 2911 3364 2976 dicturos,
3411 2927 3535 2966 cum
3586 2911 3657 2973 iis

371 3026 485 3067 non
514 3011 872 3084 concedatur,
909 3015 962 3067 in
996 3015 1100 3069 hoe
1127 3016 1419 3070 libidinum
1448 3031 1610 3071 cceno
1642 3014 1898 3069 volutari.

987 3108 1240 3161 ΚΕΦΛΛ.
1271 3107 1346 3163 E'.

445 3201 510 3254 Τί
539 3199 584 3254 δ’
610 3199 677 3254 ἄν
705 3201 884 3262 εἴποις
920 3200 1018 3263 τὰς
1047 3199 1234 3266 ἄλλας,
1266 3204 1364 3264 τὰς
1395 3200 1584 3273 ὥσπερ
1614 3201 1719 3256 ἀπὸ
1751 3201 1956 3272 μητρός

370 3308 519 3353 τινος
569 3291 671 3360 τῆς
729 3291 943 3361 τρυφῆς
995 3292 1326 3363 τικτομένας
1383 3294 1622 3357 κακίας·
1675 3295 1810 3348 πᾶσι
1857 3294 1964 3362 γὰρ

373 3381 566 3452 σχεδὸν
591 3383 705 3445 τοῖς
731 3383 978 3452 αἰσχροῖς
1020 3383 1174 3452 παρά
1215 3384 1418 3455 ταύτης
1451 3387 1505 3437 αἱ
1540 3384 1825 3456 ἀφορμαίο
1870 3388 1964 3438 καὶ

371 3490 434 3526 το
471 3476 599 3537 τοὺς
632 3475 910 3538 παγέντας
935 3477 1069 3546 ἡμῖν
1092 3457 1196 3530 ὑπὸ
1224 3478 1322 3546 τῆς
1346 3479 1560 3547 φύσεως
1584 3481 1766 3549 ὅρους,
1797 3479 1967 3547 ὑπερ-

374 3567 664 3629 ϐαίνοντας
703 3568 830 3629 τοὺς
861 3568 1185 3637 ἀνθρώπους
1228 3571 1307 3632 εἰς
1329 3569 1440 3633 ,τὸν
1474 3571 1584 3623 τῶν
1631 3570 1964 3640 ἀκαθάρτων

375 3657 582 3726 ἡδονῶν
621 3656 922 3726 ἐμπίπτειν
970 3659 1242 3728 κρημνὸν,
1287 3654 1362 3713 ὧν
1409 3661 1519 3722 τοῖς
1553 3654 1960 3730 κατηγοροῦσιν

371 3747 531 3818 οἶμαι
564 3751 659 3804 καὶ
687 3750 860 3820 μόνην
888 3749 989 3822 τὴν
1021 3752 1247 3822 μνήμην
1277 3752 1546 3822 αἰσχύνην
1579 3753 1647 3806 ἂν
1677 3753 1961 3820 ὲνεγκείν;

373 3841 834 3914 Δυσχερανοῦμεν
864 3838 981 3906 οὖν,
1034 3845 1084 3897 εί
1138 3843 1215 3916 μὴ
1265 3845 1362 3898 καὶ
1394 3845 1665 3910 ἀθάνατος
1697 3846 1726 3898 δ
1755 3847 1963 3916 μοιχδς,

375 3937 472 3990 καὶ
493 3933 574 4004 τῷ
601 3935 943 4006 παιδεραστῇ
987 3936 1356 4006 συνευξόμεθα
1401 3938 1502 4007 τὴν
1530 3939 1683 3992 νόσον
1713 3939 1794 4001 είς
1825 3936 1967 3992 ἀπέ-

377 4043 575 4100 ραντον
612 4026 1042 4096 παρατείνεσθαι
1067 4041 1085 4059 ⁶
1113 4027 1146 4098 ἦ
1183 4030 1278 4081 καὶ
1305 4027 1406 4092 τὰς
1434 4027 1577 4099 ὑπὲρ
1603 4029 1716 4081 τῶν
1740 4028 1968 4099 χρημά-

375 4119 487 4173 τῶν
513 4118 830 4185 ἐπιϐουλὰς,
871 4119 966 4173 καὶ
1015 4119 1375 4187 φιλονεικίας,
1434 4122 1529 4175 καὶ
1581 4122 1834 4190 φθόνους,
1869 4121 1968 4176 καὶ

375 4211 506 4275 τοὺς
535 4211 676 4281 ὑπὲρ
703 4211 804 4281 τῆς
827 4209 1183 4281 παντοδαπῆς
1207 4211 1522 4276 πλεονεξίας
1547 4212 1840 4282 πολέμους,
1869 4211 1966 4276 οὓς

376 4304 614 4376 φανερὸν
641 4303 752 4358 τῶν
793 4303 999 4374 ἡδονῶν
1043 4304 1226 4357 εἵνεκα
1255 4307 1386 4369 τοὺς
1433 4304 1758 4376 ἀνθρώπους
1789 4307 1966 4377 αἱρεῖ-

378 4396 531 4463 σθαι,
578 4395 788 4460 ἀϊδίους
841 4391 982 4463 εἶναι
1038 4394 1382 4465 θελήσομεν;
1440 4395 1632 4466 ὥσπερ
1693 4396 1790 4450 τοῦ
1845 4396 1964 4468 βίου

380 4490 554 4562 μηδὲν
582 4489 776 4560 ὄφελος
829 4488 911 4555 ὃν,
960 4489 1029 4543 ἂν
1065 4489 1142 4559 μὴ
1192 4490 1438 4559 συνεχῶς
1469 4490 1686 4558 μεγάλα
1717 4489 1864 4544 κακά
1898 4489 1966 4543 τὰ

382 4583 484 4652 μὲν
512 4581 780 4652 ποιῶμεν,
807 4579 877 4635 τά
917 4581 975 4635 δὲ
1004 4583 1328 4651 πάσχωμεν,
1371 4579 1469 4634 καὶ
1513 4583 1578 4652 τῇ
1626 4580 1966 4650 πολυμόρφῳ

380 4673 556 4746 κακίᾳ
583 4674 654 4727 τά
683 4675 936 4745 ἡμέτερα
967 4675 1148 4728 αὐτῶν
1179 4674 1585 4743 επιτρέψωμεν.
1615 4672 1781 4724 Ἀλλὰ
1813 4672 1974 4725 τοῦτο

379 4766 432 4821 τί
465 4765 588 4819 ποτ’
621 4767 773 4820 ἐστὶν
802 4765 1014 4835 ἕτερον,
1051 4765 1084 4837 ἢ
1124 4765 1185 4818 τὸ
1215 4765 1313 4835 μὲν
1341 4764 1514 4818 κακὸν
1553 4763 1971 4834 συμϐουλεύειν,

381 4859 444 4912 τδ
486 4858 545 4911 δὲ
583 4859 790 4926 ἀγαθὸν
843 4860 1022 4928 φυγῆς
1073 4857 1170 4911 καὶ
1213 4857 1442 4928 ἀτιμίας
1477 4857 1860 4927 τιμήσασθαι;
1901 4857 1972 4910 Ἦ

381 4950 564 5003 τοίνυν
589 4949 817 5019 ἀναίδην
848 4949 1052 5003 οὑτωσὶ
1077 4951 1178 5019 τὴν
1210 4948 1407 5018 ἡδονὴν
1434 4943 1576 5001 εἶναι
1611 4949 1814 5018 φατέον
1843 4947 1974 5000 τάν-

384 5041 659 5112 θρώπινον
695 5042 922 5110 ἀγαθὸν,
955 5041 1157 5114 ἀρετὴν
1197 5043 1279 5108 δὲ,
1308 5043 1405 5096 καὶ⁵
1451 5044 1666 5110 σοφίαν,
1707 5042 1804 5095 καὶ
1845 5043 1972 5094 ἐπι-

384 5135 625 5205 στήμην,
652 5135 816 5202 λόγου
837 5134 1001 5204 χάριν
1022 5135 1118 5203 καὶ
1147 5134 1486 5205 εὐπρεπείας
1513 5133 1674 5204 μόνον
1695 5133 1972 5203 εἰρῆσθαι,

390 5230 487 5281 καὶ
508 5229 634 5281 τότε
664 5230 762 5283 καὶ
792 5228 872 5298 τῷ
900 5227 1120 5298 θανάτῳ
1169 5228 1453 5297 μεμπτέον
1482 5225 1551 5280 τὰ
1589 5226 1853 5280 κάλλιστα
1879 5225 1976 5278 καὶ

288 5352 296 5359 -
384 5322 700 5392 τιμιώτατα
751 5321 914 5392 ἡμῶν
968 5321 1338 5393 ἀφαιροῦντι;
1397 5324 1429 5392 ἢ
1489 5321 1814 5393 νομίζοντας
1865 5318 1976 5371 τῶν

387 5414 594 5483 ἡδονῶν
632 5414 736 5476 τὰς
778 5413 878 5484 μὲν
933 5417 1000 5486 τῇ
1049 5413 1198 5485 ψυχῇ
1258 5415 1442 5485 λώϐην
1497 5415 1760 5485 ἄντικρυς
1809 5409 1972 5478 εἶναι,

385 5504 484 5559 καὶ
526 5509 592 5576 τῇ
643 5509 799 5576 κοινῇ
852 5506 963 5560 τῶν
1016 5506 1323 5574 ἀνθρώπων
1381 5507 1630 5578 πολιτείᾳ
1689 5506 1975 5570 παντελῶς

386 5599 814 5662 ἐναντιωτάτας,
845 5601 944 5664 τὰς
981 5601 1036 5654 δὲ
1073 5602 1166 5654 καὶ
1212 5603 1382 5664 αὑτὰς
1420 5602 1573 5653 οὐδὲν
1623 5596 1788 5671 ἦττον
1843 5601 1975 5671 βλά-

381 5708 548 5744 πτειν
584 5694 909 5762 δυναμένας,
943 5694 1007 5748 ἂν
1037 5695 1096 5748 τὸ
1144 5697 1298 5765 παρὰ
1326 5695 1420 5748 τοῦ
1469 5695 1630 5763 λόγου
1665 5697 1864 5766 μέτρον
1899 5695 1974 5767 μὴ

385 5785 823 5855 καταδέχωνται,
863 5787 986 5838 οὐδὲ
1029 5788 1120 5840 τὸν
1166 5788 1396 5841 θάνατον
1437 5789 1720 5852 παντελῶς
1771 5793 1974 5860 ἀτιμα-

387 5876 574 5944 στέον,
629 5879 739 5932 οὐδ’
785 5877 857 5941 ῶς
917 5896 971 5932 τι
1024 5881 1132 5936 τῶν
1184 5881 1463 5953 βλαϐερῶν
1515 5887 1813 5953 φευκτέον·
1859 5883 1975 5939 ἀλλ’

2675 3104 2905 3162 CAPUT
2980 3105 3044 3162 V.

2145 3199 2437 3267 Quidvero
2463 3200 2530 3254 de
2553 3197 2780 3268 reliquis
2809 3201 2958 3256 vitiis
2992 3201 3162 3265 dicas,
3191 3218 3311 3272 quae
3360 3218 3388 3256 a
3421 3201 3660 3267 deliciis,

2072 3291 2240 3344 veluti
2292 3299 2463 3345 matre
2499 3292 2772 3351 oriuntur,
2822 3293 3079 3347 omnibus
3139 3294 3282 3348 enim
3337 3292 3450 3348 fere
3506 3293 3658 3366 ﬂagi-

2071 3387 2162 3441 tiis
2202 3401 2388 3439 ansam
2422 3386 2534 3440 hac
2569 3387 2836 3456 praebent,
2877 3395 2971 3440 aut
3025 3387 3092 3440 de
3126 3401 3190 3442 eo
3223 3387 3366 3455 quod
3407 3387 3659 3441 homines

2076 3477 2233 3530 nobis
2256 3493 2284 3531 a
2311 3489 2503 3531 natura
2525 3479 2773 3548 praeﬁxos
2801 3478 3003 3533 limites
3038 3480 3434 3546 transilientcs,
3475 3480 3527 3532 in
3562 3479 3664 3532 im-

2074 3586 2335 3640 purarum
2371 3570 2712 3638 voluptatum
2754 3572 3117 3641 praecipitium
3154 3573 3444 3626 incidunt?
3504 3590 3660 3640 quas,

2075 3676 2134 3718 ut
2181 3665 2432 3728 arbitror,
2484 3667 2572 3733 qui
2623 3666 3057 3734 reprehendunt.
3115 3665 3196 3720 vel
3263 3667 3376 3720 sola
3435 3663 3654 3720 illarum

2075 3756 2596 3810 commemoratione
2654 3758 3004 3810 erubescunt.
3062 3757 3202 3826 Ergo
3244 3759 3470 3812 moleste
3514 3757 3662 3813 fere-

2076 3863 2222 3911 mus,
2254 3848 2298 3902 si
2351 3849 2564 3902 adulter
2609 3865 2716 3901 non
2769 3852 2838 3901 sit
2873 3849 3232 3904 inmortalis?
3285 3859 3339 3903 et
3370 3867 3473 3903 una
3535 3865 3662 3903 cum

2076 3955 2371 4009 puerorum
2402 3949 2645 3994 amatore
2691 3948 2812 3993 vota
2843 3940 3128 4002 faciemus.
3184 3949 3242 3993 ut
3273 3941 3498 3993 morbus
3544 3941 3662 4010 ejus

2076 4031 2133 4084 in
2167 4031 2438 4084 infinitum
2482 4027 2858 4099 producatur?
2905 4038 2998 4084 aut
3031 4031 3193 4083 etiam
3225 4029 3476 4095 insidias,
3541 4043 3665 4099 quae

2075 4125 2324 4194 pecunia:
2355 4124 2675 4191 tenduntur,
2704 4135 2760 4177 et
2778 4123 3186 4186 contentiones,
3206 4131 3260 4177 et
3293 4123 3549 4188 invidias,
3608 4130 3666 4177 et

2077 4217 2330 4280 bella,ob
2361 4216 2515 4271 varia
2575 4216 2762 4286 iniqua
2794 4217 2942 4272 lucra
2991 4216 3195 4286 suscipi
3257 4216 3417 4272 solita
3488 4217 3664 4286 (lucra

2075 4323 2207 4364 vero
2237 4317 2461 4379 propter
2499 4308 2806 4379 voluptates
2836 4309 2904 4364 ab
2937 4305 3257 4364 hominibus
3308 4309 3496 4379 appeti
3524 4323 3665 4363 con-

2077 4402 2209 4470 stat)
2246 4409 2448 4456 πίει-ηε
2470 4415 2595 4456 esse
2631 4401 2906 4455 velimus?
2949 4401 3104 4471 quasi
3167 4416 3297 4456 vero
3347 4401 3470 4455 vita:
3513 4400 3665 4455 nulla

2079 4493 2153 4549 sit
2180 4493 2406 4558 utilitas,
2435 4493 2544 4547 nisi
2573 4494 2922 4547 continenter
2951 4508 3146 4563 magna
3197 4493 3339 4547 mala
3373 4493 3507 4550 alias
3563 4493 3665 4547 de-

1997 4607 2050 4668 Ι)
2076 4602 2218 4648 mus,
2247 4587 2382 4640 alias
2416 4585 2679 4649 feramus,
2714 4595 2768 4640 et
2816 4603 2904 4641 res
2964 4597 3184 4640 nostras
3231 4586 3285 4640 in
3343 4587 3667 4656 multiplicis

2077 4679 2393 4733 vitiositatis
2460 4687 2786 4748 potestatem
2851 4680 3251 4747 permittamus.
3317 4677 3518 4733 Verum
3557 4678 3664 4733 hoc

2077 4773 2206 4844 quid
2227 4773 2442 4828 tandem
2476 4782 2560 4829 cst
2591 4773 2756 4833 aliud,
2781 4789 2939 4842 quam
2969 4774 3108 4826 malo
3128 4775 3457 4827 senatoriam
3485 4783 3673 4827 aucto-

2078 4869 2294 4921 ritatem
2320 4866 2584 4928 tribuere,
2617 4867 2820 4919 bonum
2853 4875 3036 4918 autem
3064 4865 3260 4920 exsilio
3315 4875 3372 4919 et
3424 4865 3664 4935 ignomi-

2075 4961 2169 5015 nia
2203 4960 2476 5015 multare?
2530 4960 2637 5014 Aut
2668 4951 2832 5030 igitur
2879 4967 3069 5029 aperte
3123 4959 3263 5014 adeo
3295 4959 3666 5029 pronuntian-

2079 5055 2212 5110 dum
2241 5062 2346 5120 est,
2379 5055 2710 5124 voluptatem
2737 5053 2975 5108 hominis
3035 5067 3157 5108 esse
3216 5053 3422 5108 bonum
3454 5069 3468 5106 :
3499 5053 3668 5107 virtu-

2081 5154 2190 5200 tem
2252 5155 2436 5200 autem
2495 5153 2550 5198 et
2602 5145 2954 5214 sapientiam,
2999 5152 3054 5199 et
3137 5144 3448 5207 scientiam,
3508 5144 3664 5198 verbi

2078 5245 2294 5293 tantum
2349 5237 2545 5308 gratia,
2594 5246 2650 5293 et
2699 5248 2923 5306 propter
2968 5237 3206 5307 Speciem
3262 5236 3555 5298 nominari,
3608 5245 3664 5288 et

2081 5335 2212 5381 tunc
2233 5327 2397 5380 morti
2423 5327 2834 5397 exprobandum
2872 5339 2975 5393 est,
3015 5344 3137 5398 quae
3165 5344 3249 5396 ea,
3300 5345 3420 5398 quze
3454 5336 3510 5382 et
3542 5328 3662 5396 pul-

2079 5418 2356 5474 cherrima
2388 5428 2441 5473 et
2473 5419 2871 5489 pretiosissima
2905 5421 3218 5486 habeamus,
3247 5422 3472 5474 adimat.
3527 5419 3658 5484 Aut,

2079 5512 2126 5567 si
2151 5511 2414 5581 quasdam
2467 5513 2778 5582 voluptates
2816 5512 3125 5566 evidentem
3193 5515 3502 5566 animorum
3538 5526 3661 5566 esse

2077 5605 2400 5675 perniciem,
2460 5607 2859 5674 existimemus,
2923 5617 2976 5662 et
3035 5609 3312 5660 communi
3375 5606 3661 5659 hominum

2080 5700 2204 5753 vita:
2226 5700 2294 5754 ab
2346 5699 2498 5753 omni
2524 5711 2678 5769 parte
2727 5701 3145 5756 adversissimas
3185 5702 3365 5756 :alias
3416 5709 3468 5754 et
3515 5699 3663 5769 ipsas

2081 5790 2438 5846 nihilominus
2497 5793 2689 5846 obesse
2730 5808 2910 5862 posse,
2959 5793 3062 5846 nisi
3103 5805 3265 5848 recta:
3300 5793 3525 5847 rationis
3577 5809 3665 5846 re-

2081 5884 2198 5956 gula
2224 5883 2547 5939 adhibeatur
2583 5901 2596 5938 :
2637 5900 2812 5954 neque
2840 5900 2984 5940 mors
3021 5886 3242 5955 penitus
3307 5886 3526 5942 infamia
3558 5902 3657 5940 no-
