4070 6460
572 364 706 426 im

562 483 727 539 tanda
750 491 855 550 est,
912 499 1091 558 neque
1120 495 1182 540 ut
1220 502 1308 542 res
1344 490 1652 559 perniciosa
1708 491 1986 564 fugienda.
2036 494 2143 548 Sed

560 573 811 630 homines
839 585 893 629 et
926 592 987 631 ex
1015 578 1118 632 hac
1147 579 1385 647 aliquam
1440 584 1729 639 utilitatem
1776 600 1975 655 capere
2035 602 2145 656 pu-

561 665 788 719 tandum
824 684 838 719 :
869 683 992 721 cum
1017 669 1237 738 quidem
1262 674 1467 741 optima
1495 676 1587 739 sit,
1621 677 1663 730 si
1694 677 1819 746 quis
1855 678 2022 732 vitam
2054 679 2148 733 de-

559 758 807 811 lictorum
839 771 1115 828 expertem
1143 773 1196 817 ct
1222 779 1346 816 cum
1396 766 1599 821 virtute
1650 773 1897 838 exegerit
1930 786 1943 818 :
1978 786 2042 824 ac
2076 786 2146 825 ne

560 850 693 905 illud
722 853 940 919 quidem
970 856 1115 907 omni
1151 872 1371 924 prorsus
1402 860 1636 914 utilitate
1662 872 1871 925 careat,
1937 863 2148 917 meritis

557 959 681 997 eum
715 944 853 999 allici
895 949 1196 1016 suppliciis.
1228 951 1317 1018 qui
1350 954 1532 1005 sanari
1561 968 1669 1006 non
1702 965 1898 1020 pctest.
1968 955 2141 1021 Quam

560 1037 627 1090 ad
663 1053 776 1091 rem
809 1040 1182 1095 universitatis
1216 1042 1452 1111 principi
1476 1053 1530 1097 et
1576 1046 1780 1113 epitiei.
1838 1062 1987 1101 mors
2022 1049 2145 1116 p|u~

562 1128 756 1183 rimum
790 1131 1026 1195 confert,
1066 1149 1166 1200 pro
1196 1150 1294 1188 sua
1334 1135 1548 1201 justitia
1598 1140 1883 1193 hominum
1946 1141 2144 1208 nequi—

556 1218 683 1273 tiam
711 1222 959 1290 punienti
994 1239 1135 1279 :nec
1161 1225 1386 1289 sinenti,
1422 1237 1480 1282 ut
1516 1230 1753 1285 mundus
1799 1246 1828 1284 a
1859 1246 1918 1285 se
1963 1230 2147 1285 fabre-

557 1311 755 1375 factus,
794 1325 998 1370 temere
1021 1326 1074 1370 et
1100 1319 1416 1386 perturbate
1448 1321 1677 1387 feratur,
1734 1324 1826 1376 sed
1876 1324 2142 1376 immensa

554 1402 821 1468 bonitate,
856 1418 1099 1475 nostram
1156 1425 1376 1480 quoque
1440 1413 1846 1482 improbitatem
1894 1416 1949 1468 in
1999 1416 2148 1469 ordi-

556 1513 678 1551 nem
706 1513 802 1568 per
831 1514 1048 1569 poenam
1104 1503 1370 1572 redigenti
1406 1521 1418 1556 :
1462 1506 1635 1560 instar
1654 1509 1872 1573 medici,
1933 1509 2024 1578 qui
2053 1525 2146 1564 se-

552 1589 826 1643 ctionibus
852 1598 908 1644 et
938 1593 1248 1647 ustionibus
1310 1611 1410 1664 per
1448 1605 1623 1651 totum
1671 1614 1873 1668 corpus
1938 1601 2143 1653 malum

554 1679 757 1736 ﬂtlxum
811 1682 963 1737 fundi
1033 1685 1310 1754 prohibet.
1353 1688 1609 1758 Ejusdem
1674 1691 1844 1761 igitur
1889 1701 1996 1757 est,
2054 1695 2147 1764 jus

554 1774 974 1844 aequitatemque
1005 1776 1339 1847 vituperare,
1391 1789 1446 1834 et
1481 1792 1733 1847 mortem,
1791 1786 2142 1852 (manualem

554 1872 787 1939 grassari
824 1888 933 1927 non
954 1875 1182 1943 patitur,
1207 1891 1489 1937 accusare.
1533 1877 1692 1944 Quod
1749 1882 1793 1933 si
1832 1881 1924 1949 qui
1987 1882 2144 1935 volu-

554 1964 800 2033 ptatibus
829 1968 1102 2031 serviunt,
1143 1983 1321 2039 neque
1356 1970 1476 2026 sine
1518 1970 1638 2027 'hac
1675 1973 1944 2027 servitute
1977 1974 2144 2027 vitam

542 2058 916 2126 expetendam
965 2059 1198 2124 ducunt,
1254 2063 1497 2118 rationes
1578 2064 1679 2118 bas
1711 2079 1819 2119 non
1880 2066 2152 2135 approba-

554 2149 666 2201 rint
699 2166 713 2201 :
747 2149 843 2203 sed
876 2149 1141 2219 quidquid
1178 2152 1280 2207 bas
1310 2152 1546 2209 illisnou
1571 2138 1882 2224 comparat,
1944 2156 2147 2211 malum

552 2242 961 2296 existimarint:
995 2258 1100 2298 nec
1162 2243 1358 2297 hormn
1394 2246 1660 2313 iudicium
1714 2247 1927 2302 veritati
1983 2248 2152 2302 detri-

553 2342 797 2386 mentum
868 2332 1062 2388 all‘eret
1120 2337 1322 2403 (neque
1379 2337 1526 2391 enim
1574 2353 1764 2393 eorum
1818 2341 2146 2394 sententiam

551 2427 878 2483 confirmare
913 2445 1062 2484 nunc
1089 2430 1248 2486 nobis
1304 2434 1647 2503 propositum
1711 2444 1817 2501 est,
1856 2439 1950 2492 sed
2008 2437 2150 2493 veri-

552 2529 742 2585 tatem,
773 2534 831 2575 ut
857 2538 953 2591 per
985 2537 1044 2578 se
1093 2525 1225 2593 est),
1260 2541 1442 2595 neque
1470 2536 1554 2582 est
1585 2529 1896 2598 quisquam,
1933 2531 2023 2600 qui
2054 2539 2148 2585 aut

550 2630 649 2684 pro
679 2630 894 2669 reorum
918 2619 1188 2672 sententia
1220 2619 1539 2690 suﬁ‘ra’gium
1566 2621 1730 2689 ferre,
1757 2633 1850 2676 aut
1870 2623 2147 2692 projusti-

477 2700 483 2706 ’
553 2709 624 2761 tia
653 2717 845 2763 contra
885 2725 999 2777 eos,
1055 2711 1201 2780 quod
1235 2712 1565 2782 supplicium
1604 2716 1685 2769 eis
1725 2717 1797 2768 sit
1858 2716 2142 2783 luendum,

549 2797 904 2854 considerare
931 2799 1059 2854 velit
1098 2817 1111 2852 :
1145 2800 1240 2856 sed
1277 2803 1413 2857 satis
1458 2802 1646 2868 fuerit,
1695 2806 1968 2875 judicium
2026 2823 2148 2863 esse

550 2891 878 2961 legitimum.
915 2891 994 2947 Ne
1031 2893 1199 2965 igitur
1228 2910 1350 2960 nos,
1383 2897 1532 2951 velut
1589 2898 1640 2951 in
1694 2899 1940 2968 judieiis,
1989 2902 2145 2955 volu—

549 2983 853 3051 ptariorum
914 2985 1400 3043 lamentationibus
1461 3006 1826 3059 moveamur;
1887 2994 1980 3064 qui
2031 2995 2146 3049 suis

547 3075 1009 3144 appetitionibus,
1050 3091 1153 3132 ceu
1196 3079 1465 3137 uxoribus
1517 3091 1572 3136 et
1600 3083 1789 3139 liberis
1837 3087 2142 3156 productis,

442 3213 451 3221 ,
547 3180 610 3219 ra
642 3168 964 3238 rationejus
994 3168 1260 3239 perverti,
1287 3174 1617 3244 veniamque
1645 3174 1749 3230 sibi
1804 3177 1921 3231 dari
1956 3189 2144 3248 postu-

548 3260 685 3314 lant.
729 3261 833 3316 Sed
852 3277 1143 3333 quousque
1176 3273 1272 3333 aut
1297 3267 1608 3325 antedictas
1644 3270 1981 3341 voluptates,
2038 3272 2142 3327 bo-

550 3370 703 3417 num,
746 3363 839 3408 aut
875 3354 927 3408 id
961 3355 1105 3425 quod
1136 3357 1276 3412 mala
1306 3360 1588 3428 prohibet,
1657 3364 1860 3418 malum
1890 3379 2011 3419 esse
2041 3364 2142 3419 de-

553 3457 861 3501 monstrare
898 3463 1006 3501 non
1057 3462 1359 3517 poterunt:
1403 3454 1575 3509 nihilo
1623 3456 1804 3510 secius
1863 3458 2142 3526 prioribus

552 3540 831 3612 suffragiis
863 3540 1228 3598 insistendum
1252 3547 1353 3601 erit
1383 3564 1396 3601 :
1440 3564 1561 3618 qua:
1590 3550 1640 3603 id
1669 3551 1795 3605 vitae
1826 3550 2143 3605 institutum

551 3632 815 3704 anrplexis
848 3643 1076 3690 mortem
1114 3640 1374 3709 expedire
1422 3642 1890 3700 demonstrarunt.
1923 3680 1930 3686 -

1165 3732 1395 3789 CAPUT
1461 3733 1548 3788 VI.

623 3825 704 3882 0b
737 3829 1131 3898 procreationis
1170 3840 1360 3884 autem
1405 3829 1738 3898 voluptates,
1774 3844 1899 3899 quae
1955 3837 2145 3903 turpes

552 3938 660 3976 non
694 3931 843 3988 sunt,
871 3922 916 3977 si
940 3921 1115 3999 morti
1148 3921 1270 3991 quis
1314 3921 1628 3985 maledicat,
1686 3930 1903 4001 utqure
1951 3933 2010 3978 et
2053 3938 2147 3980 eas

552 4013 805 4070 funditus
848 3996 999 4068 tollat
1029 4031 1042 4069 :
1076 4013 1124 4068 ei
1173 4020 1230 4068 et
1280 4012 1401 4082 ipse
1447 3996 1918 4082 essentiam-illas
1954 4015 2146 4083 flaccu-

554 4107 758 4161 sandas
790 4122 900 4161 non
925 4120 1066 4161 esse.
1124 4104 1259 4159 Nam
1300 4114 1358 4158 et
1386 4113 1581 4159 natura
1610 4106 1771 4163 nobis
1820 4108 1890 4164 ab
1942 4108 2148 4180 .opitice

554 4198 667 4253 Deo
706 4209 833 4256 sunt
862 4201 1217 4278 ingeneratw,
1250 4208 1303 4254 et
1356 4200 1409 4253 in
1440 4214 1605 4255 causa
1636 4211 1766 4256 sunt
1806 4218 1925 4273 cur
1970 4204 2150 4259 homi-

553 4310 687 4347 num
726 4308 900 4364 genus
926 4293 1237 4348 immortale
1266 4290 1357 4345 sit.
1415 4290 1601 4362 itaque
1653 4293 1748 4363 qui
1776 4304 2148 4365 temperanter

555 4398 613 4440 et
642 4385 894 4440 modeste
914 4386 1022 4439 illis
1055 4393 1310 4447 utuntur,
1355 4396 1450 4439 eos
1479 4400 1644 4440 nemo
1673 4403 1913 4457 unquam
1963 4404 2149 4457 repre-

558 4478 886 4534 hensionem
920 4476 1119 4532 mereri
1168 4475 1465 4546 judicavit,
1495 4492 1599 4532 nec
1653 4480 1816 4533 morti
1885 4489 2143 4552 tanquam

555 4573 800 4627 carniﬁci
851 4572 922 4626 ob
973 4571 1187 4624 illarum
1246 4570 1607 4640 petulantiam
1671 4573 1964 4641 tradendos
2026 4590 2149 4631 esse

557 4665 955 4734 pronuntiavit.
1002 4662 1203 4718 Verum
1241 4664 1706 4733 quemadmodum
1739 4683 1847 4722 non
1887 4668 2143 4734 dixerim,

558 4768 787 4812 mortem
823 4757 928 4811 illis
962 4756 1163 4810 bonam
1201 4771 1345 4823 esse,
1375 4773 1498 4812 cum
1533 4760 1664 4813 nihil
1687 4760 1759 4814 sit
1810 4759 1868 4813 in
1894 4775 2005 4829 quo
2032 4756 2148 4828 Idc-

555 4851 829 4922 linquant,
854 4859 909 4904 et
949 4849 1020 4904 ob
1049 4849 1196 4921 quod
1247 4859 1398 4905 recte
1444 4852 1512 4905 ab
1537 4866 1597 4929 ea
1631 4852 1984 4921 punirentur,
2036 4868 2147 4923 quo

557 4943 757 4999 ﬁerent
808 4942 1065 4997 meliores
1114 4946 1245 4997 :sic
1308 4943 1517 4999 aiiirmo
1545 4945 1687 5001 hanc
1749 4960 1821 5000 ne
1887 4948 2147 5001 damnum

552 5040 779 5107 quidem
818 5037 899 5091 eis
959 5037 1109 5102 dare,
1156 5038 1410 5093 tollendis
1461 5055 1561 5110 per
1605 5040 1816 5095 obitum
1865 5040 2150 5094 concessis

551 5132 945 5202 voluptatibus.
980 5129 1114 5185 Nam
1144 5129 1227 5187 liae
1261 5149 1367 5187 non
1401 5142 1661 5203 tanquam
1726 5132 2004 5205 peculiare
2052 5133 2150 5187 bo-

553 5238 684 5277 nmn
762 5223 1349 5280 bominibusanatura
1408 5226 1751 5291 insitaesunt,
1810 5242 1994 5295 neque
2027 5242 2150 5295 pro-

552 5328 674 5381 pter
715 5318 890 5386 ipsos,
952 5326 1007 5369 ut
1041 5318 1106 5372 iis
1168 5328 1426 5387 tanquam
1482 5319 1587 5375 line
1621 5320 1763 5373 intra
1814 5322 2148 5390 semetipsos

556 5405 921 5465 fruerentur:
957 5411 1048 5465 sed
1096 5428 1286 5467 eorum
1364 5413 1456 5483 qui
1511 5422 1874 5468 nascerentur
1935 5415 2150 5469 ratiOne

558 5500 767 5563 habita,
804 5502 971 5556 easin
1004 5506 1324 5570 parentibus
1352 5505 1709 5575 exeogitavit,
1754 5515 1810 5559 ut
1846 5506 2148 5561 liberorum

560 5596 840 5649 successio
873 5595 1084 5672 facibus
1125 5602 1192 5652 ab
1227 5598 1559 5677 hominibus
1587 5600 1946 5669 perﬁceretur
1975 5615 1987 5650 :
2022 5615 2146 5653 cum

558 5690 809 5758 voluptas
834 5690 1161 5747 oblivionem
1220 5693 1621 5752 molestiarum,
1678 5707 1797 5760 qua:
1848 5695 2151 5762 generatim

562 5793 688 5836 nem
720 5796 1159 5855 consequuntur,
1197 5785 1445 5840 inducat.
1474 5783 1947 5851 Quemadmodum
1981 5800 2010 5837 a
2037 5800 2151 5839 me-

555 5873 697 5933 dicis
725 5876 893 5933 etiam
938 5879 1098 5951 :rgris
1156 5876 1338 5933 fucum
1375 5877 1492 5934 lieri
1534 5877 1816 5947 videmus,
1881 5889 1934 5932 et
1971 5878 2149 5934 dulcia

1827 381 2213 442 DEMETRII
2249 382 2562 445 CYDONI!

3673 393 3782 458 1180

2174 500 2220 556 Α
2251 498 2507 568 ἡγητέον,
2539 497 2681 553 εἶναί
2716 519 2836 555 τινα
2862 503 2956 556 καὶ
2997 503 3187 557 τούτου
3212 503 3319 567 τοῖς
3352 503 3640 574 ἀνθρώποις
3665 509 3777 575 diae.

2254 591 2428 657 λειαν,
2461 593 2554 659 τοῦ
2590 594 2692 664 μὲν
2735 595 2966 664 ἀρίστου
3003 597 3176 662 ὄντος,
3207 597 3261 651 εί
3300 613 3378 660 τις
3427 596 3515 650 τὸν
3543 598 3646 667 βίον
3672 601 3780 657 ἁνα-

2258 687 2538 756 μάρτητον
2569 688 2666 741 καί
2704 689 2822 758 μετ’
2854 689 3059 759 ἀρετῆς
3104 689 3312 755 διεξίοι,
3360 691 3420 742 οὐ
3451 691 3552 761 μὴν
3593 691 3699 745 οὐδὲ
3734 695 3782 746 τὺ

2253 779 2346 831 τὸν
2375 781 2568 841 ἀνίατα
2600 781 2863 835 νοσοῦντα
2897 784 3018 845 ταῖς
3070 781 3471 853 προσηκούσαις
3517 784 3779 850 ὑπάγεσθαι

2253 870 2451 935 δίκαις,
2486 873 2767 944 ἀχρήστου
2803 876 3120 928 παντάπασι
3175 876 3479 945 γινομένου,
3526 878 3646 946 πρὸς
3671 878 3782 945 ὅπερ

2253 964 2280 1015 ὁ
2316 963 2547 1027 θάνατος
2582 964 2660 1035 τῷ
2706 965 2801 1018 τοῦ
2854 968 3055 1031 παντὸς
3101 967 3326 1038 ἡγεμόνι
3384 969 3477 1021 καὶ
3513 967 3784 1039 δημιουργῷ

2253 1060 2510 1112 πλεῖστον
2558 1061 2956 1129 συμϐάλλεται,
3008 1064 3076 1132 τῇ
3130 1062 3322 1116 ἑαυτοῦ
3377 1062 3668 1133 δικαιοσύνῃ
3706 1063 3784 1133 τὴν

2252 1151 2361 1203 τῶν
2414 1150 2721 1221 ἀνθρώπων
2755 1143 2978 1206 ’κακίαν
3028 1153 3333 1218 κολάζοντι,
3381 1154 3473 1207 καὶ
3520 1153 3610 1206 οὐκ
3654 1153 3784 1205 ἐῶντι

2254 1245 2597 1314 πλημμελῶς
2652 1246 2746 1298 καὶ
2794 1247 3047 1310 ἀτάκτως
3087 1245 3350 1317 φέρεσθαι
3400 1246 3489 1300 τὸν
3529 1247 3613 1298 ὑπ’
3649 1244 3782 1299 αὐτοῦ

2254 1340 2549 1406 γενόμενον
2575 1342 2803 1407 κόσμον,
2837 1340 2977 1394 ἀλλά
3006 1344 3069 1411 τῇ
3113 1342 3407 1412 περιουσίᾳ
3434 1341 3529 1412 τῆς
3557 1340 3786 1409 ἀγαθότηο

2252 1449 2363 1498 τος,
2397 1434 2492 1485 καὶ
2524 1431 2623 1502 τὴν
2660 1434 2938 1503 ἡμετέραν
2969 1434 3167 1487 κακίαν
3195 1436 3275 1496 είς
3307 1432 3462 1497 τάξιν
3505 1433 3785 1485 καθιστῶντι

2253 1527 2317 1594 τῇ
2356 1532 2599 1596 τιμωρίᾳ
2625 1542 2639 1556 ·
2686 1524 2877 1597 ὥσπερ
2922 1525 3107 1597 ίατρδς
3150 1528 3346 1595 τομαῖς
3400 1525 3492 1578 καὶ
3532 1523 3785 1593 καυτῆρσιν

2252 1618 2351 1669 οὐκ
2382 1619 2488 1670 ἐῶν
2522 1619 2617 1670 ἐπὶ
2647 1620 2755 1671 πᾶν
2793 1619 2854 1671 τὸ
2887 1619 3051 1687 σῶμα
3082 1618 3145 1672 rb
3184 1618 3424 1690 πονηρδν
3454 1617 3619 1688 ῥεῦμα
3649 1614 3786 1684 χυθῆ-

2252 1728 2364 1764 ναι.
2413 1710 2520 1764 Τοῦ
2558 1712 2719 1764 αὐτοῦ
2767 1713 2946 1764 τοίνυν
2986 1711 3183 1781 ἀνδρὸς
3211 1713 3335 1764 τότε
3374 1711 3577 1764 δίκαιον
3600 1709 3683 1761 καὶ
3706 1707 3786 1773 τὴν

2250 1803 2409 1874 δίκην
2443 1805 2713 1870 κακίζειν,
2760 1806 2856 1858 καὶ
2905 1803 3000 1858 τοῦ
3057 1804 3291 1860 θανάτου
3337 1804 3666 1873 κατηγορεῖν,
3709 1799 3783 1853 τοῦ

2178 1872 2221 1928 Β
2250 1872 2528 1966 ὁρίζοντος
2561 1898 2623 1950 τὶν
2651 1900 2843 1952 κακόν.
2887 1899 2951 1951 Εί
2981 1898 3039 1952 δὲ
3083 1900 3131 1950 οἱ
3163 1900 3280 1961 ταῖς
3310 1897 3524 1968 ἡδοναῖς
3551 1872 3782 1948 δουλείον·

2250 2005 2362 2054 τες,
2395 1989 2489 2042 καὶ
2521 1988 2726 2056 ταύτης
2751 1990 2852 2043 οὐκ
2887 1990 3017 2044 ἄνευ
3045 1988 3146 2059 τῆς
3171 1988 3419 2050 δουλείας
3442 1985 3669 2051 ἑλόμενοι
3690 1983 3780 2051 ζῇν.

2230 2082 2379 2149 ,τοὺς
2418 2082 2611 2151 λόγους
2656 2086 2731 2154 μὴ
2780 2084 3152 2154 ἀποδέχοιντο,
3197 2082 3338 2135 ἀλλά
3374 2081 3583 2155 φαῦλον
3612 2078 3781 2149 ἡγοῖντο

2252 2177 2385 2238 πᾶν,
2421 2175 2449 2228 ὂ
2482 2175 2793 2245 μὴταύτας
2824 2175 3012 2237 αὐτοῖς
3063 2174 3318 2244 προξενεῖ
3344 2190 3357 2205 ·
3390 2172 3541 2226 οὐδὲν
3567 2173 3599 2241 ἠ
3624 2168 3773 2223 τούτων

2254 2269 2438 2339 κρίσις
2463 2267 2523 2321 τό
2548 2282 2611 2336 γε
2658 2266 2859 2338 ἀληθὲς
2908 2265 3261 2337 παρασλάψει
3288 2279 3302 2294 ·
3336 2267 3399 2318 οὐ
3436 2264 3542 2334 γὰρ
3567 2262 3657 2333 τὴν
3678 2257 3768 2314 Exti-

2252 2378 2359 2415 νων
2406 2361 2637 2433 γνώμην
2665 2360 2872 2430 κυροῦν
2903 2359 3000 2412 νῦν
3034 2361 3170 2429 ἡμῖν
3216 2358 3528 2427 πρνῖκειται,
3561 2353 3684 2408 ἀλλά
3709 2352 3773 2418 τὴν

2250 2451 2531 2525 ἀλήθειαν,
2573 2452 2723 2516 ὅπως
2754 2452 2842 2520 ἐφ’
2874 2452 3071 2522 ἑαυτῆς
3118 2450 3232 2520 ἔχει
3259 2465 3273 2480 °
3302 2449 3386 2529 τίς
3420 2448 3526 2519 γὰρ
3564 2446 3661 2499 τῶν
3693 2458 3776 2511 xpl-

2251 2547 2497 2616 νομένων
2523 2543 2753 2615 γνώμης
2786 2544 2887 2613 τὴν
2914 2543 3097 2614 ψῆφον
3129 2543 3296 2595 ἕλοιτ’
3322 2541 3389 2594 ἂν
3429 2539 3675 2606 ἐνεγκεῖν,
3693 2532 3778 2587 οὖδέ

2251 2636 2373 2692 κατ’
2412 2636 2593 2691 αὐτῶν
2622 2636 2764 2706 ὑπὲρ
2797 2635 2897 2704 τῆς
2930 2635 3108 2703 δίκης,
3134 2634 3333 2703 ἥντινα
3359 2632 3440 2684 δεῖ
3472 2628 3673 2688 τούτους
3695 2620 3782 2677 δοῦ·

2250 2748 2339 2783 ναι
2368 2730 2594 2782 σκοπεῖν
2617 2745 2631 2794 ;
2665 2727 2725 2782 ἀ)
2736 2726 2784 2780 λ’
2803 2727 3045 2798 ἀρκείτω
3067 2725 3129 2778 τὸ
3148 2726 3248 2794 τὴν
3270 2725 3421 2790 ἀπόφ
3433 2739 3573 2775 τνσιν
3597 2719 3781 2788 νόμιμον

2251 2818 2416 2877 εἶναι.
2447 2822 2542 2893 Μὴ
2596 2821 2800 2884 τοίνυν,
2831 2820 2955 2890 μηδ’
2977 2820 3344 2889 ήμεῖςίιῖισπε
3355 2837 3387 2885 ρ
3408 2821 3462 2871 ἐν
3492 2818 3603 2877 ταῖς
3625 2813 3780 2871 δίκαις,

2249 2914 2363 2975 τοῖς
2398 2912 2508 2964 τῶν
2559 2911 2863 2982 φιληδόνων
2915 2913 3276 2981 προσέχωμεν
3328 2912 3595 2981 ὀδυρμοῖς,
3636 2906 3823 2969 ὥσπερ“

2250 3007 2543 3073 γυναῖκας,
2577 3005 2609 3077 ἢ
2639 3004 2855 3064 παιδία.
2886 3003 2983 3067 τὰς
3025 3004 3241 3057 ἑαυτῶν
3269 3005 3479 3074 ὀρέξεις
3508 2996 3784 3058 ἀναϐιϐαζο-

2254 3102 2453 3170 μένων,
2483 3101 2580 3153 καὶ
2624 3100 2796 3169 ταύτῃ
2829 3097 3158 3168 διάστροφον
3196 3097 3298 3167 τὴν
3328 3095 3485 3163 δίκην
3521 3087 3784 3157 ἐξαιτουμέ-

2170 3215 2216 3277 C
2250 3213 2358 3248 νων
2387 3193 2517 3262 περὶ
2545 3192 2729 3245 αὐτῶν
2760 3191 3075 3277 ἐνεχθῆναι,
3109 3188 3227 3242 ἀλλ’
3265 3189 3375 3253 ἕως
3402 3187 3467 3241 ἂν
3494 3186 3524 3256 ἢ
3554 3185 3640 3247 τὰς
3664 3184 3784 3277 εἰρη-

2254 3288 2419 3356 μένας
2451 3287 2647 3356 ήδονάς
2683 3270 2910 3353 ἀγαθὸν,
2944 3288 2977 3357 ἢ
3010 3285 3073 3338 τὸ
3110 3287 3177 3339 τά
3207 3283 3392 3354 φαῦλα
3426 3282 3627 3339 κωλύον
3650 3276 3785 3333 κακὸν

2248 3375 2414 3441 εἶναι,
2462 3379 2637 3444 δεῖξαι
2681 3378 2755 3449 μὴ
2801 3377 3092 3442 δύνωνται,
3135 3377 3292 3431 οὐδὲν
3342 3371 3503 3448 ἦττον
3541 3375 3661 3443 ἡμῖν
3691 3368 3786 3427 ταῖς

2251 3474 2551 3542 προτέραις
2606 3470 2813 3540 ψήφοις
2866 3470 3222 3540 ἐμμενετέον,
3275 3469 3335 3524 αἳ
3396 3472 3507 3532 τοῖς
3546 3461 3787 3530 οὕτω’ζῇν

2248 3563 2549 3637 ᾑρημένοις
2586 3562 2796 3632 ἀγαθὸν
2818 3563 2913 3625 τὸν,
2939 3563 3176 3619 θάνατον
3209 3564 3615 3618 ἀπεδείκνυσαν.

2650 3798 2659 3803 .
2853 3748 3111 3804 ΚΕΦᾹΛ.
3152 3750 3245 3816 (τ’.

2319 3840 2422 3896 Διά
2449 3841 2507 3896 δὲ
2546 3840 2646 3906 τὰς
2677 3842 2809 3913 περὶ
2846 3843 2950 3913 τὴν
2984 3843 3200 3911 γένεσιν
3242 3842 3458 3913 ἡδονὰς,
3492 3839 3586 3893 οὐκ
3613 3838 3790 3890 ἐπονει-

2248 3931 2466 3996 δίστους
2493 3929 2685 3999 οὔσας,
2715 3934 2771 3987 εί
2808 3950 2895 3996 τις
2936 3932 3123 3995 κακῶς
3170 3933 3262 3985 τὸν
3298 3933 3530 3985 θάνατον
3553 3932 3707 3996 λέγοι,
3730 3923 3789 3981 ὡς

2249 4027 2424 4101 ἄρδην
2452 4026 2549 4081 καὶ
2583 4026 2755 4090 αὐτὰς
2788 4024 3140 4094 ἀναιροῦντα,
3164 4025 3225 4077 τὸ
3257 4026 3359 4095 μὲν
3399 4024 3473 4085 ὡς
3508 4023 3565 4076 οὑ
3594 4021 3687 4092 χρὴ
3714 4030 3791 4067 καί

2249 4121 2509 4192 τηγορεῖν
2563 4120 2814 4182 ἐκείνων,
2858 4118 3007 4187 φημὶ
3054 4118 3147 4171 καὶ
3185 4117 3370 4180 αὑτός.
3420 4116 3578 4207 Φύσει
3620 4127 3673 4164 τε
3702 4106 3790 4207 γᾴρ

2250 4213 2384 4283 ἡμῖν
2421 4210 2703 4278 ἐγκεινται
2733 4210 2886 4279 παρά
2923 4207 3020 4262 τοῦ
3068 4208 3431 4280 δημιουργοῦ,
3473 4206 3562 4261 καὶ
3597 4210 3666 4270 τῷ
3703 4206 3790 4251 τιῐιν

2249 4302 2556 4373 ἀνθρώπων
2616 4302 2762 4369 γένει
2825 4302 2928 4370 τῆς
2987 4302 3292 4371 ἀῖδιὸτητος
3347 4301 3516 4353 αἴτιαι
3567 4297 3787 4364 γίνονται.

2252 4398 2418 4451 Ὥστε
2446 4397 2683 4458 καὶτοὺς
2708 4395 3002 4466 σωφρόνως
3027 4395 3122 4447 καὶ
3151 4394 3387 4464 μετρίως
3414 4392 3597 4451 αὑταῖς
3620 4399 3791 4453 κεχρηο

2256 4491 2455 4560 μένους
2485 4488 2663 4552 οὐδεὶς
2697 4487 2906 4541 πώποτ’
2943 4490 3316 4558 ἐπιτιμήσεως
3352 4486 3534 4551 ἀξίους
3564 4483 3787 4553 ἡγήσατο.

2185 4576 2224 4630 Ι)
2251 4583 2362 4637 οὐδ’
2392 4584 2736 4652 ἀπεφήνατο,
2790 4583 2904 4636 δεῖν
2955 4582 3156 4644 αὐτοὺς
3207 4581 3285 4651 τῷ
3338 4580 3551 4649 θανάτῳ
3590 4573 3670 4627 διὰ
3712 4567 3790 4634 τὴν

2254 4671 2436 4741 ὓϐριν,
2488 4668 2680 4739 ὥσπερ
2737 4670 2847 4723 τινὶ
2897 4668 3163 4741 κολαστῇ,
3219 4666 3621 4738 παραδίδοσθαι.
3670 4656 3789 4722 Πλὴν

2250 4764 2446 4835 ὥσπερ
2479 4766 2581 4818 οὐκ
2609 4762 2818 4833 ἀγαθὸν
2862 4762 3049 4827 αὐτοῖς
3090 4762 3302 4830 εἴποιμ’
3332 4760 3402 4814 ἂν
3436 4754 3573 4811 εἶναι
3604 4754 3685 4807 τὶν
3710 4749 3787 4800 θά-

2251 4876 2437 4925 νατον,
2467 4857 2685 4921 οὐδενὸς
2722 4855 2897 4922 ὄντος,
2938 4855 2967 4908 ὃ
3011 4853 3470 4925 παραϐαίνοντες,
3516 4849 3717 4913 εἰκότως
3738 4839 3789 4891 δν

2252 4953 2345 5006 ὑπ’
2399 4951 2568 5006 αὐτοῦ
2628 4940 2877 5020 βελτίοῦς
2923 4950 3172 5016 γένοιντο
3224 4947 3605 5015 κολαζόμενον
3650 4934 3790 4991 οὕτως

2252 5042 2377 5098 οὐδὲ
2424 5043 2633 5112 ζημίας
2681 5040 2869 5103 αὐτοῖς
2913 5038 3088 5093 αἴτιον
3143 5036 3330 5092 τοῦτον
3372 5032 3515 5088 εἷναί
3557 5023 3785 5112 φημινντῇ

2252 5136 2477 5205 τελευτῇ
2505 5111 2615 5198 τὰς
2673 5133 2970 5203 ἐφειμένοις
3014 5132 3209 5202 ἡδονὰς
3265 5127 3624 5199 ἀναιροῦνταο
3661 5111 3789 5174 αὗται

2253 5234 2366 5300 γὰρ
2404 5232 2515 5291 τοῖς
2561 5228 2894 5298 ἀνθρώποις,
2941 5226 3039 5296 οὐχ
3076 5224 3154 5288 ὡς
3204 5225 3336 5277 ἴδιον
3380 5220 3556 5275 αὐτῶν
3604 5210 3788 5282 ἀγαθὸνν

2252 5324 2363 5377 οὐδ’
2392 5322 2570 5376 αὐτῶν
2606 5322 2794 5374 εἵνεκα
2830 5321 2981 5389 ποιρά
3016 5320 3116 5388 τῆς
3160 5317 3376 5385 φύσεως
3414 5313 3616 5371 τούτοις
3656 5310 3791 5372 ἐγκα-

2254 5418 2628 5487 τῳκίσθησαν,
2664 5415 2750 5468 ἵνα
2793 5414 2855 5484 δὴ
2894 5413 3121 5475 τούτων,
3157 5412 3343 5480 ὥσπερ
3378 5408 3578 5487 τέλους,
3616 5403 3666 5453 ἒν
3690 5397 3789 5449 Em”

2255 5515 2373 5575 τοῖς
2401 5509 2760 5565 ἀπολαύοιεν*
2800 5508 2940 5562 ἀλλὰ
2994 5507 3101 5560 τῶν
3146 5503 3528 5575 γενησομένων
3562 5503 3788 5594 προνοῗφ

2260 5608 2423 5677 μένην
2467 5604 2676 5664 ταύτας
2723 5603 2783 5655 ἐν
2825 5603 2942 5665 τοῖς
2991 5598 3244 5668 γονεῦσιν
3288 5592 3679 5667 ἐμηχανήσατο,
3719 5592 3786 5682 ira

2259 5699 2390 5768 ῥᾷον
2434 5698 2548 5759 τοῖς
2602 5694 2915 5763 ἀνθρώποις
2966 5693 3040 5747 ’τὰ
3101 5692 3230 5761 περὶ
3268 5690 3365 5761 τὴν
3423 5683 3657 5752 διαδοχὴν
3700 5684 3786 5772 tu”

2255 5791 2466 5841 τέκνων
2496 5787 2753 5857 ἀνύηται.
2792 5785 2894 5856 τῆς
2927 5785 3124 5855 ἡδονῆς
3155 5782 3326 5852 λήθην
3356 5774 3675 5866 ἐμποιούσης

2259 5867 2658 5950 παρεπομένων
2688 5876 2973 5949 δυσχερῶν
2997 5879 3063 5947 τῇ
3091 5875 3300 5943 γενέσει
3325 5888 3337 5903 '
3367 5870 3550 5938 ὥσπερ
3577 5861 3657 5917 καὶ
3685 5864 3785 5913 $004
